4116 6386
316 361 472 428 1229

1273 358 1372 422 De
1419 357 1724 422 SANCTA
1767 347 2194 421 TRINITATE
2240 353 2633 422 DIALOGUS
2678 355 2783 422 In.

3585 363 3746 426 1230

312 495 485 550 πάντα
544 492 826 570 ἄνθρωπον
886 501 1000 549 κατ’
1060 493 1239 548 εἰκόνα
1293 490 1458 567 λέγῳ.
1522 493 1672 566 Ὀρθ.
1732 491 1967 562 Αυνάμει

2083 491 2492 562 cooperatione
2547 508 2696 548 esse.
2727 493 2926 548 Maced.
2972 493 3089 566 Ego
3149 510 3382 550 omnem
3442 495 3743 553 hominem

312 583 516 660 λὲγεις,
548 586 582 653 ἢ
618 583 860 659 ἐνεργείᾳ
891 603 902 652 ;
938 581 1142 642 Μακεδ.
1178 582 1278 640 Καὶ
1311 581 1361 636 τί
1408 579 1546 635 ἐστιν
1583 577 1803 652 δυνάμει
1832 598 1845 647 ;
1879 579 1968 633 καὶ

309 673 362 728 τί
426 672 569 727 ἐστιν
625 672 905 748 ἑνεργείᾳ;
949 673 1095 746 Ὀρθ.
1159 669 1389 744 Δυνάμει
1450 669 1612 739 ist-iv,
1666 670 1694 723 ὃ
1750 666 1967 724 δύναται

309 763 554 836 γενέσθαι
589 781 600 792 ·
664 760 908 837 ἐνεργείᾳ
965 758 1021 814 δὲ
1077 761 1105 813 6
1165 759 1395 834 ἐνεργῶν
1455 759 1521 812 τὰ
1593 765 1692 826 τῆς
1764 757 1969 819 εἰκόνος

309 850 519 922 κάλλη.
552 854 756 926 ’Ὠσπερ
787 852 848 905 τὸ
883 851 1078 926 βρέφος
1125 847 1349 921 δυνάμει
1401 847 1512 902 ἐστὶ
1565 851 1700 916 ζῶον
1751 845 1969 922 λογικὸν

306 940 526 1012 Θνητόν·
585 938 822 1014 ἐνεργείᾳ
879 937 936 993 δὲ
992 938 1193 1014 γίνεται
1226 937 1472 1009 αὐξηθὶν,
1523 937 1550 990 ὃ
1611 935 1716 1010 πρὸ
1772 934 1968 989 τούτου

303 1033 371 1103 τῇ
433 1027 677 1101 δυνάμει·
714 1028 856 1082 οὕτω
915 1028 1003 1082 καὶ
1054 1029 1170 1082 κατ’
1221 1026 1402 1081 εἰκόνα
1453 1029 1586 1080 Θεοῦ
1637 1023 1777 1079 ἐστιν
1833 1020 1964 1078 ἕκα-

307 1140 431 1180 στος
492 1116 738 1191 δυνάμει.
775 1118 899 1173 Ἐἀν
963 1115 1020 1171 δὲ
1081 1114 1443 1186 ἀπεκδῦσηται
1493 1115 1592 1183 τὴν
1646 1113 1965 1188 νεκρότητα,

304 1210 364 1277 ἣν
425 1205 751 1262 ἐπενδῦσατο
806 1204 895 1260 διά
964 1213 1064 1276 τῆς
1124 1201 1478 1281 παραϐάσεως
1539 1204 1565 1257 6
1626 1201 1823 1275 Ἀδὰμ,
1876 1203 1966 1257 καὶ

305 1295 593 1367 ἐνδῦσηται
647 1297 738 1351 τὸν
797 1297 979 1350 καινὸν
1042 1299 1326 1371 ἄνθρωπον
1380 1297 1478 1362 τῆς
1534 1292 1854 1370 ἀῖδθαρσίαίν
1904 1292 1962 1347 ὃν

307 1383 672 1457 ἐκδυσάμενος
729 1381 925 1457 Ἀδὰμ,
987 1384 1191 1459 γυμνὸς
1250 1382 1454 1458 ηὑρέθη
1492 1399 1505 1414 ⁸
1566 1381 1688 1436 τότε
1763 1381 1964 1457 γίνεται

310 1474 546 1550 ἐνεργείᾳ
577 1476 692 1548 (26)
722 1475 838 1528 κατ’
872 1475 1052 1527 εἰκόνα
1079 1478 1175 1528 τοῦ
1223 1472 1524 1538 κτίσαντος,
1558 1472 1664 1525 οἷοι
1715 1469 1962 1546 ἐγένοντο

315 1565 367 1618 οἱ
402 1562 806 1629 ἁπόστολοι,ὧν
831 1565 865 1632 ἡ
901 1563 1024 1617 σκιά
1055 1559 1308 1636 δυνάμεις
1343 1557 1961 1636 ἀπετέλει.Μακεδ.Πρὸ

307 1653 500 1708 τούτου
536 1651 626 1707 οὖν
662 1652 762 1707 ουκ
790 1654 924 1722 ἦσαν
971 1653 1085 1706 κατ’
1119 1652 1299 1706 εἰκόνα
1343 1651 1394 1706 οἱ
1442 1647 1773 1718 ἀπόστολοι;
1808 1650 1960 1724 Ὀρθ.

305 1744 402 1810 Μὴ
436 1743 526 1797 τὸν
562 1741 662 1812 ἔξω
716 1743 1022 1816 ἄνθρωπον,
1055 1742 1112 1796 ὃν
1149 1739 1544 1819 διαφθείρεσθαι
1593 1740 1734 1794 εἶπεν
1764 1740 1790 1792 6
1824 1743 1962 1793 Παῦ-

305 1829 622 1907 λος,λὲγεις
652 1831 744 1885 τὸν
772 1833 888 1885 κατ’
917 1829 1262 1904 εἰκόνα,οὖχῖ
1287 1827 1343 1883 δὲ
1363 1828 1454 1882 τὸν
1491 1825 1594 1882 ἔσω
1623 1827 1714 1882 τὸν
1749 1828 1961 1881 ἀνακαι-

300 1921 566 1993 νούμενον
593 1939 606 1989 ;
645 1917 845 1978 Μακεδ.
877 1920 975 1974 Τὸν
1013 1918 1116 1974 ἔσω
1149 1918 1317 1992 λέγω,
1346 1919 1436 1973 τὸν
1480 1916 1958 1989 ἀνακαινούμενον·

303 2007 430 2064 οὐδὲ
487 2010 589 2086 γὰρ
650 2009 1116 2087 ἀνθρωπόμορφον
1170 2008 1318 2084 λέγω
1364 2007 1457 2063 τὸν
1503 2007 1649 2062 Θεόν.
1705 2008 1854 2082 Ὀρθ.
1902 2007 1959 2060 Ὀ

303 2101 454 2168 Θεὸς,
509 2100 570 2153 οὗ
639 2098 778 2153 ἐστιν
847 2099 1003 2152 εἰκὼν
1063 2100 1089 2152 ὁ
1152 2099 1458 2173 ἄνθρωπος,
1509 2095 1737 2170 ἀόρατός
1783 2095 1959 2165 iam);

303 2186 509 2244 Μακεδ.
566 2190 730 2245 Πάνυ.
763 2190 904 2262 ’Θρθ.
940 2190 1179 2262 Ἀνάγκη
1243 2186 1334 2242 οὖν
1391 2191 1486 2241 τοῦ
1543 2185 1776 2260 ἀοράτου
1827 2188 1962 2240 Θεοῦ

301 2279 532 2354 ἀόρατον
567 2279 700 2332 εἶναι
731 2279 819 2331 καὶ
845 2279 944 2346 τὴν
980 2277 1182 2350 εἰκόνα,
1215 2276 1302 2332 καὶ
1335 2283 1434 2346 τῆς
1475 2275 1706 2352 ἀοράτου
1754 2274 1959 2336 εῗ¹κὸνος

304 2368 532 2444 ἀόρατον
564 2367 656 2422 τὸν
688 2368 804 2421 κατ’
838 2365 1018 2421 εἰκόνα
1051 2364 1354 2442 ἄνθρωπον.
1391 2362 1596 2422 Μακεδ.
1635 2363 1758 2420 Ἐἀν
1797 2360 1961 2436 δέξω-

309 2479 426 2530 μαι,
459 2455 542 2512 δτι
577 2457 603 2510 6
635 2457 750 2511 κατ’
783 2455 963 2511 εἷκόνα
993 2457 1230 2532 γεγονὼς
1265 2453 1545 2530 ἅνθρωπος
1579 2454 1606 2508 ὁ
1639 2452 1688 2506 ἐν
1728 2456 1802 2523 τῷ
1831 2473 1959 2527 κρυ-

301 2551 423 2619 πτῷ
455 2545 761 2616 ἐστιν,ἀλλ’
795 2545 856 2599 οὐ
889 2543 1035 2620 λέγω
1065 2546 1126 2599 τὸ
1158 2546 1380 2617 ΙΙνεῦμα
1399 2545 1460 2598 τὸ
1493 2545 1646 2618 ἅγιον
1670 2541 1962 2611 πεποιηκὲ-

300 2658 387 2690 ναι
419 2635 916 2711 αὐτόν.ὈρΘ.Τίί)ῃ
947 2633 1004 2689 δὲ
1036 2633 1304 2703 ὅλως,ὅτι
1328 2635 1354 2688 6
1389 2630 1570 2706 Ἀδὲιμ
1600 2631 1650 2686 ἐν
1683 2636 1762 2704 τῷ
1793 2651 1962 2706 παραυ

302 2723 464 2799 δείσῳ
511 2727 662 2800 ἅγιος
711 2724 777 2793 ἦν
809 2753 820 2792 ;
854 2721 1054 2780 Μακεδ.
1089 2723 1209 2779 Ναί.
1245 2725 1390 2798 ὈρΟ.
1424 2722 1578 2777 Οὕτω
1631 2720 1890 2792 κτισοεὶς,
1923 2721 1957 2790 ἢ

301 2813 352 2884 ἐξ
385 2814 581 2890 ἀρετῆς
613 2812 899 2888 γενόμενος
928 2817 1174 2874 τοιοῦτος
1201 2832 1214 2884 ;
1249 2808 1454 2869 Μακεδ.
1490 2811 1647 2868 Οὕτω
1699 2808 1954 2870 κτισθείς.

2082 579 2210 635 dico
2241 597 2369 636 esse
2401 581 2727 637 secundum
2758 581 3076 654 imaginem
3111 584 3226 639 Dei.
3258 584 3414 640 Orth.
3445 584 3741 641 Potestate

2079 667 2247 736 dicis,
2283 685 2355 724 an
2389 668 2769 740 operatione?
2813 669 3011 726 Maced.
3048 671 3118 725 Et
3163 671 3446 742 quidnam
3496 678 3586 730 est
3635 691 3744 745 po-

2079 760 2308 825 testate,
2333 758 2612 830 quidnam
2655 759 3040 831 operatione?
3071 759 3222 816 Orth.
3259 761 3544 818 Potestate
3590 762 3736 818 illud

2079 853 2187 915 est,
2235 848 2390 919 quod
2440 847 2563 902 ﬁeri
2621 852 2810 918 potest
2844 866 2856 904 :
2891 849 3230 920 Operatione
3259 867 3391 906 vero
3441 857 3548 918 est,
3582 853 3738 922 quod

2072 935 2350 1010 imaginis
2368 936 2867 1008 pulchritudinem
2897 944 3192 1009 operatur.
3221 939 3732 1003 Quemadmodum

2077 1025 2257 1097 igitur
2289 1042 2436 1097 puer
2465 1029 2555 1081 est
2587 1024 2805 1080 animal
2832 1030 3117 1096 potestate
3148 1026 3492 1084 rationabile
3511 1038 3567 1084 et
3587 1045 3742 1084 mor-

2076 1113 2191 1170 tale
2247 1131 2258 1170 :
2315 1114 2418 1169 ubi
2473 1119 2667 1170 autem
2728 1116 2998 1183 excrevit,
3053 1115 3389 1188 operatione
3449 1118 3512 1171 ﬁt
3566 1116 3736 1188 illud,

2077 1203 2230 1275 quod
2266 1207 2387 1259 erat
2434 1207 2607 1259 antea
2636 1206 2948 1276 potestate,
2985 1204 3062 1259 ita
3093 1205 3273 1260 etiam
3326 1206 3740 1278 unusquisque

2075 1297 2166 1348 est
2224 1297 2510 1365 potestate
2558 1293 2886 1348 secundum
2944 1293 3266 1365 imaginem
3331 1294 3448 1350 Dei.
3483 1296 3645 1360 Quod
3689 1295 3740 1351 si

2074 1382 2302 1437 exuerit
2334 1382 2773 1448 mortalitatem,
2807 1398 2924 1452 qua
2954 1381 3208 1437 amictus
3240 1382 3352 1437 fuit
3381 1384 3567 1438 Adam
3601 1401 3740 1455 pro-

2074 1477 2206 1542 pter
2267 1472 2531 1527 mandati
2588 1470 3144 1542 transgressionem,
3179 1476 3236 1526 et
3295 1489 3507 1527 novum
3567 1472 3740 1528 illum

2073 1560 2375 1616 hominem
2446 1559 2907 1632 incorruptionis
2975 1559 3266 1626 induerit,
3321 1577 3437 1631 quo
3495 1567 3738 1618 exactus

2071 1650 2257 1706 Adam
2307 1649 2504 1705 nudus
2554 1653 2892 1721 compertus
2924 1654 3059 1704 est:
3094 1653 3235 1704 tunc
3288 1649 3351 1705 ﬁt
3398 1650 3592 1722 reipsa
3642 1667 3736 1707 se-

2072 1740 2334 1795 cundum
2368 1739 2687 1812 imaginem
2723 1739 3070 1808 conditoris,
3107 1737 3310 1811 quales
3341 1739 3590 1812 apostoli
3620 1742 3740 1796 fue-

2075 1835 2238 1896 runt,
2267 1848 2518 1902 quorum
2553 1831 2764 1887 umbra
2793 1830 3041 1886 virtutes
3073 1831 3300 1886 edebat.
3325 1830 3526 1886 Maced.
3551 1833 3738 1886 Antea

2071 1920 2253 1992 igitur
2285 1937 2400 1976 non
2460 1925 2626 1976 erant
2675 1920 2923 1992 apostoli
2982 1919 3310 1974 secundum
3360 1919 3735 1992 imaginem?

2075 2009 2227 2065 Orth.
2261 2010 2415 2065 Num
2465 2009 2813 2066 exteriorem
2863 2007 3032 2064 illum
3084 2009 3607 2081 hominem,quem
3639 2009 3736 2064 in—

2073 2099 2201 2170 quit
2241 2098 2558 2171 Apostolus
2603 2098 2921 2170 corrumpi,
2949 2098 3098 2154 dicis
3147 2099 3471 2154 secundum
3524 2099 3733 2171 imagi-

2073 2205 2207 2242 nem
2266 2205 2414 2255 esse,
2467 2204 2532 2242 ac
2589 2205 2704 2243 non
2765 2187 2961 2259 potius
3016 2187 3352 2243 interiorem
3407 2187 3596 2253 illum,
3631 2189 3732 2260 qui

2073 2276 2424 2332 renovatur?
2454 2276 2661 2332 Maced.
2693 2276 3033 2332 Interiorem
3066 2275 3232 2331 illum
3257 2277 3406 2345 dico,
3431 2277 3528 2348 qui
3565 2294 3734 2332 reno-

2069 2371 2286 2422 vatur:
2322 2383 2425 2422 nec
2474 2366 2631 2422 enim
2664 2366 2780 2421 Deo
2831 2365 3154 2420 humanam
3213 2366 3462 2420 formam
3514 2366 3732 2422 tribuo.

2070 2455 2230 2513 Orth.
2266 2455 2444 2521 Deus,
2476 2456 2647 2525 cujus
2679 2455 2875 2527 imago
2919 2458 3009 2510 est
3060 2453 3260 2520 homo,
3293 2470 3488 2510 nonne
3519 2459 3608 2510 est
3638 2456 3732 2510 iu-

2069 2543 2320 2601 visibilis
2343 2543 2371 2599 ?
2417 2543 2614 2599 Maced.
2653 2544 2922 2599 Maxime.
2957 2544 3110 2599 Orth.
3146 2547 3381 2616 Oportet
3433 2543 3614 2616 igitur
3646 2545 3735 2600 in-

2070 2633 2322 2689 visibilis
2355 2633 2453 2688 Dei
2494 2632 2851 2688 invisibilem
2901 2649 3134 2704 quoque
3183 2649 3310 2689 esse
3360 2632 3680 2706 imaginem
3717 2651 3730 2691 :

2070 2727 2128 2777 et
2159 2739 2294 2777 cum
2328 2721 2644 2777 invisibilis
2670 2722 2749 2777 sit
2778 2721 3356 2794 imago,invisibilem
3387 2739 3515 2778 esse
3548 2723 3734 2778 homi-

2071 2827 2227 2877 nem,
2263 2809 2361 2880 qui
2394 2809 2720 2865 secundum
2754 2809 3062 2881 imaginem
3095 2809 3191 2864 sit.
3224 2809 3422 2865 Maced.
3451 2808 3511 2865 Si
3543 2811 3730 2865 admi-

301 2922 429 2961 sero
463 2904 788 2971 hominem,
814 2905 914 2975 qui
947 2905 1270 2960 secundum
1304 2903 1619 2974 imaginem
1651 2901 1726 2956 sit
1756 2901 1963 2967 Iactus,
1995 2915 2124 2954 esse
2155 2898 2452 2954 occultum
2486 2897 2654 2952 illum
2687 2900 2836 2955 451
2874 2903 2931 2954 et
2961 2897 3262 2968 latentem,
3286 2902 3345 2954 at
3376 2916 3490 2954 non
3524 2905 3722 2956 tamen

301 2996 428 3050 dico
464 2995 680 3049 factum
741 3010 870 3049 esse
919 3010 950 3048 a
1000 2993 1220 3064 Spiritu
1279 2999 1505 3048 sancto.
1541 2991 1694 3047 Arth.
1729 2993 1936 3046 Annon
1984 3004 2116 3043 vero
2166 3003 2408 3058 prorsus
2455 2987 2747 3052 concedis,
2780 2989 3072 3042 Adamum
3114 2988 3172 3042 in
3204 2988 3478 3058 paradiso
3541 2988 3724 3044 fuisse

302 3085 623 3143 sanctum?
670 3084 871 3140 .‘llaced.
907 3085 1118 3140 Etiam.
1152 3084 1305 3140 Arth.
1351 3087 1436 3138 An
1485 3082 1760 3154 quoniam
1815 3080 1950 3137 talis
2002 3084 2252 3146 creatus,
2288 3095 2362 3134 an
2393 3078 2549 3148 quod
2583 3094 2690 3134 sua
2720 3078 2931 3133 virtute
2985 3076 3119 3134 talis
3169 3078 3462 3134 evaserit?
3517 3079 3722 3136 Maced.

303 3175 467 3240 Quod
499 3175 634 3229 talis
666 3178 819 3230 esset
849 3178 1098 3229 creatus.

378 3265 465 3320 48.
499 3263 648 3338 Ὀρο.
688 3260 1001 3316 Συνέκτισεν
1061 3263 1160 3338 ἄρα
1208 3265 1288 3332 τῷ
1346 3260 1515 3335 Πατρὶ
1567 3259 1655 3315 καὶ
1712 3263 1792 3331 τῷ
1850 3258 2035 3330 hac

305 3353 372 3406 τὸ
404 3357 617 3424 Πνεῦμα
646 3352 708 3405 τὸ
761 3353 914 3426 ἅγιον
959 3351 1048 3405 τὸν
1103 3352 1409 3424 ἄνθρωπον.
1443 3346 1652 3407 Μακεδ.
1685 3348 1794 3403 Οὔκ
1841 3345 1956 3402 ἐδύ-

307 3459 436 3493 νατο
469 3439 566 3513 γάρ
598 3438 756 3493 αὐτὸν
791 3440 818 3493 6
851 3440 973 3501 Υἱὸς
1006 3441 1156 3515 ἅγιον
1213 3438 1389 3493 κτίσαι
1417 3457 1430 3507 ;
1463 3439 1611 3514 Ὀρθ.
1647 3439 1744 3492 Καὶ
1795 3440 1952 3492 πάνυ.

304 3524 512 3587 Μακεδ.
548 3527 611 3586 Τί
665 3525 754 3582 οὖν
810 3525 1014 3603 λέγεις,
1065 3527 1147 3583 ὅτι
1189 3528 1252 3582 τὸ
1305 3529 1525 3599 Πνεῦμα
1553 3529 1614 3582 τὸ
1663 3527 1816 3602 ἅγιον
1860 3525 1957 3580 αὖ-

300 3617 394 3672 τὸν
447 3616 740 3686 ἐποίησεν;
775 3617 921 3691 Ὀρθ.
955 3619 1155 3691 Ὥσπερ
1203 3617 1230 3670 ὁ
1264 3616 1470 3688 Πατὴρ,
1505 3612 1800 3687 δυνάμενος
1844 3611 1957 3669 κτί-

303 3727 392 3761 σαι
423 3707 517 3761 τὸν
547 3702 856 3779 ἄνθρωπον,
893 3705 1026 3777 μετά
1071 3710 1168 3759 τοῦ
1219 3705 1346 3759 Υἱοῦ
1397 3704 1588 3776 κτίζει,
1615 3702 1706 3758 ⁶ίνα
1764 3700 1958 3779 δειχθῇ

299 3795 366 3851 τὸ
424 3795 618 3850 ταυτὸν
668 3801 768 3864 τῆς
821 3795 1050 3872 φύσεως·
1087 3793 1229 3849 οὕτω
1277 3793 1366 3848 καὶ
1417 3795 1445 3848 6
1487 3794 1631 3861 Υἱὸς,
1666 3790 1960 3865 δυνάμενος

303 3886 484 3940 κτίσαι
519 3885 669 3960 ἅγιον
698 3885 790 3939 τὸν
826 3884 1132 3960 ἄνθρωπον,
1169 3883 1302 3956 μετά
1345 3887 1439 3938 τοῦ
1494 3883 1802 3956 ίΙνεῦματος
1850 3880 1962 3936 κτί-

311 3981 411 4045 ζει,
438 3971 532 4028 ’ίνα
573 3971 766 4048 δειχθῇ
813 3974 875 4028 τὸ
918 3974 1142 4050 γεγονὸς
1194 3970 1350 4048 ἔργον
1402 3971 1633 4046 Πατρὸς,
1665 3969 1754 4024 καὶ
1817 3971 1966 4035 Υἱοῧ,

307 4064 401 4119 καὶ
461 4062 617 4138 ἁγίου
673 4064 1008 4135 Πνεύματος.
1060 4061 1247 4122 Οὕτως
1307 4065 1436 4136 γοῦν
1495 4058 1585 4113 καὶ
1644 4057 1968 4113 πεπτωκότα

306 4153 402 4208 τὸν
452 4151 760 4228 ἄνθρωπον,
813 4151 900 4205 καὶ
952 4145 1372 4225 παραϐληθέντα
1415 4154 1535 4209 τοῖς
1586 4149 1800 4217 κτήνεσι
1850 4151 1968 4207 τοῖς

309 4243 590 4312 ἀνοήτοις,
624 4242 748 4294 ἄνευ
796 4244 894 4294 τοῦ
943 4237 1257 4311 Πνεῦματος
1306 4237 1403 4292 οὐκ
1448 4237 1792 4292 ἀνεκαίνισεν·
1829 4233 1971 4290 ἀλλά

313 4328 499 4392 καθὼς
534 4329 562 4381 6
595 4329 891 4406 Προφήτης
925 4325 1094 4402 λέγει’
1138 4350 1158 4379 ι
1196 4324 1609 4397 Ἐξαπόστειλον
1651 4325 1713 4378 τὸ
1757 4322 1974 4394 Πνεῦμά

311 4438 435 4485 σου,
468 4417 557 4472 καὶ
615 4418 1019 4487 κτισθήσονται,
1053 4417 1143 4470 καὶ
1195 4417 1522 4477 ἀνακαινιεῖς
1570 4415 1632 4468 τὸ
1677 4413 1969 4485 πρόσωπον

309 4513 416 4576 τῆς
465 4507 588 4583 γῆς.
625 4530 652 4557 ››
688 4503 896 4563 Μακεδ.
949 4505 1048 4559 Καὶ
1101 4505 1264 4578 ἡμεῖς
1325 4503 1578 4580 Λέγομεν,
1612 4501 1696 4556 ὅτι
1753 4501 1972 4556 ἀνακαι-

2145 3256 2231 3312 18.
2265 3255 2416 3312 ΟνιΙι.
2449 3257 2650 3328 Itaque
2675 3255 2931 3328 Spiritus
2962 3259 3223 3323 sanctus,
3246 3273 3366 3312 una
3395 3273 3527 3312 cum
3555 3257 3723 3314 Patre

2068 3349 2124 3402 et
2155 3345 2298 3400 Filio
2337 3345 2634 3401 hominem
2682 3343 2914 3400 creavit.
2943 3346 3142 3400 Maced.
3176 3345 3479 3401 Enimvero
3525 3363 3719 3402 annon

2066 3437 2294 3507 poterat
2350 3434 2531 3490 Filius
2600 3434 2725 3504 ipse
2781 3438 3052 3490 sanctum
3120 3435 3419 3490 hominem
3481 3439 3726 3492 creare?

2071 3524 2224 3582 Orth.
2284 3523 2436 3580 Sane
2493 3540 2646 3580 vero.
2708 3523 2905 3578 Μαί-σά.
2966 3524 3257 3589 Quorsum
3316 3524 3496 3596 igitur
3552 3525 3726 3595 dicis,

2071 3617 2339 3668 creatum
2382 3613 2566 3668 fuisse
2595 3630 2629 3668 a
2679 3612 2901 3684 Spiritu
2950 3612 3198 3668 sancto?
3246 3613 3396 3668 Orth.
3433 3612 3727 3676 Quemad-

2073 3703 2317 3758 modum
2350 3703 2542 3770 Pater,
2573 3719 2706 3756 cum
2750 3706 2946 3773 posset
2995 3701 3297 3757 hominem
3347 3717 3562 3772 creare,
3596 3719 3731 3758 cum

2072 3791 2217 3846 Filio
2249 3791 2490 3858 creavit,
2525 3797 2589 3846 ut
2618 3796 2841 3846 natura:
2874 3791 3155 3848 identitas
3185 3792 3628 3848 ostenderetur:
3657 3791 3740 3846 ita

2077 3887 2134 3937 et
2167 3881 2368 3948 Filius,
2405 3896 2538 3935 cum
2594 3886 2792 3951 posset
2845 3879 3144 3936 hominem
3198 3885 3466 3936 sanctum
3518 3896 3736 3947 creare,

2078 3987 2212 4025 cum
2250 3970 2470 4042 Spiritu
2517 3970 2752 4035 creavit,
2786 3975 2848 4024 ut
2879 3970 3033 4041 quod
3085 3971 3305 4025 factum
3357 3974 3468 4037 est,
3503 3974 3737 4027 consta-

2077 4064 2168 4113 ret
2213 4075 2342 4114 esse
2391 4057 2603 4124 Patris,
2637 4064 2695 4113 et
2746 4057 2897 4125 Filii,
2931 4064 2988 4112 et
3038 4059 3225 4114 sancti
3277 4059 3534 4130 Spiritus
3567 4077 3736 4133 opus.

2080 4148 2175 4203 Sic
2225 4147 2406 4218 igitur
2463 4146 2761 4202 hominem
2815 4147 2989 4202 etiam
3045 4147 3303 4219 lapsum,
3345 4153 3401 4203 et
3449 4149 3743 4218 jumentis

2082 4237 2328 4291 rationis
2359 4235 2696 4306 expertibus
2751 4234 3006 4291 similem
3059 4237 3303 4306 factum,
3339 4254 3455 4292 non
3507 4242 3748 4292 renovat

2084 4327 2308 4396 absque
2339 4324 2600 4396 Spiritu:
2629 4325 2752 4392 sed,
2781 4331 2843 4379 ut
2875 4324 3068 4395 inquit
3115 4326 3444 4397 Propheta:
3471 4349 3497 4376 «
3532 4327 3748 4382 Emitte

2086 4414 2372 4488 Spiritum
2408 4419 2597 4482 tuum,
2631 4418 2686 4470 et
2716 4415 3093 4482 creabuntur,
3123 4418 3180 4469 et
3211 4415 3518 4471 renovabis
3550 4415 3754 4471 faciem

2085 4504 2338 4560 terras”.
2373 4525 2400 4554 »
2448 4502 2650 4560 Maced.
2713 4502 2977 4559 Dicimus
3033 4507 3092 4559 et
3145 4519 3250 4558 nos
3313 4505 3751 4560 renovationem

315 4596 512 4670 νισμὸς
546 4596 706 4670 ἡμῶν
741 4593 829 4649 διά
858 4598 956 4650 τοῦ
989 4593 1299 4667 Πνεύματος
1353 4593 1572 4668 γίνεται·
1609 4594 1830 4664 Πνεῦμα
1877 4590 1969 4666 γὰρ

2092 4592 2276 4649 nostri
2311 4607 2412 4663 per
2443 4591 2726 4664 Spiritum
2776 4591 2928 4647 efﬁci
2963 4608 2976 4647 :
3012 4597 3102 4648 est
3129 4592 3285 4648 enim
3317 4592 3569 4664 Spiritus
3616 4610 3752 4648 san-

325 4685 642 4760 ἀγιωσλόνης
705 4684 865 4740 ἐστίν.
930 4684 1079 4759 Ὀρθ.
1135 4708 1160 4733 ‹‹
1215 4683 1392 4736 Πάντα
1450 4683 1544 4753 μὲν
1604 4681 1812 4756 καθαρὰ
1865 4685 1984 4741 τοῖς

321 4779 604 4848 καθαροῖς.
657 4798 685 4826 ››
730 4769 954 4842 Ἐπειδὴ
1008 4770 1064 4826 δὲ
1115 4771 1214 4825 οιῖκ
1258 4769 1308 4824 ἐν
1359 4770 1628 4840 ἁπλότητι
1671 4771 1850 4839 εἴπας,
1899 4766 1988 4823 διὰ

320 4867 423 4917 τοῦ
475 4861 816 4935 Πνεῦματος,
848 4861 1149 4935 ἀναγκαίως
1197 4859 1259 4914 οὐ
1307 4863 1669 4935 παρασιωπῶ.
1709 4858 1842 4914 Εἰπὲ
1893 4856 1984 4912 οὖν

328 4974 449 5026 μοι,
483 4953 510 5006 6
544 4953 931 5024 ἀνακαινισμὸς
979 4951 1139 5024 ἡμῶν
1188 4948 1254 5003 οὗ
1304 4946 1392 5003 διά
1442 4947 1677 5022 λουτροῦ
1722 4954 1822 5016 τῆς
1882 4968 1988 5002 πα·-

327 5040 667 5117 λιγγενεσίας
733 5041 977 5118 γίνεται;
1024 5037 1232 5097 Μακεδ.
1299 5036 1419 5094 Ναί.
1491 5037 1639 5113 Ὀρο.
1706 5041 1828 5097 Πῶς
1896 5034 1986 5090 οὖν

2097 4681 2489 4738 ctiﬁcationis.
2526 4681 2677 4736 Orth.
2714 4703 2740 4730 «
2777 4679 2987 4736 Omnia
3035 4681 3274 4752 quidem
3326 4682 3551 4736 munda
3583 4699 3753 4737 mun-

2098 4773 2189 4827 dis
2215 4772 2275 4825 ”.
2303 4795 2328 4820 ››
2363 4770 2651 4834 Quoniam
2702 4774 2900 4825 autem
2952 4769 3118 4835 illud,
3154 4787 3257 4841 por
3307 4769 3592 4843 Spiritum
3621 4788 3761 4827 san-

2097 4866 2280 4927 ctum,
2316 4878 2430 4915 non
2472 4860 2699 4915 sincere
2731 4859 3046 4931 protulisti,
3076 4862 3407 4916 necessario
3439 4877 3615 4932 cogor
3663 4861 3757 4916 in-

2100 4954 2258 5005 terea
2290 4965 2404 5003 non
2438 4947 2630 5004 silere.
2663 4947 2761 5003 hic
2794 4948 2975 5020 igitur
3006 4947 3192 5003 mihi:
3226 4949 3538 5004 Renovatio
3572 4948 3758 5004 nostri

2101 5053 2295 5094 nonne
2347 5037 2409 5091 fit
2467 5054 2569 5108 per
2628 5036 2920 5092 lavacrum
2985 5037 3486 5108 regenerationis?
3535 5037 3757 5094 Maced.

2102 5128 2312 5182 Etiam.
2347 5125 2498 5182 Orth.
2533 5128 2836 5191 Quomodo
2868 5142 3000 5194 ergo
3032 5127 3446 5198 baptizamur?
3479 5127 3536 5182 in
3571 5126 3760 5182 Patris

332 5130 755 5206 βαπτιζόμεθα;
821 5131 896 5192 είς
951 5130 1012 5184 τὸ
1073 5124 1248 5202 ὄνομα
1301 5132 1399 5182 τοῦ
1462 5127 1691 5202 Πατρὸς,
1747 5125 1836 5180 καὶ
1893 5129 1990 5179 τοῦ

329 5221 488 5289 Υἱοῦ,
519 5219 608 5274 καὶ
657 5223 754 5274 τοῦ
803 5220 956 5296 ἁγίου
1010 5216 1321 5291 Πνεύματος
1370 5218 1521 5290 (27);
1553 5210 1756 5270 Μακεδ.
1791 5213 1882 5275 Εἰς
1927 5215 1992 5268 τὸ

329 5305 511 5382 ὄνομα
538 5313 635 5363 τοῦ
667 5308 898 5383 Πατρὸς,
931 5307 1021 5362 καὶ
1052 5311 1149 5362 τοῦ
1180 5305 1330 5378 Υῖοῦ,
1363 5304 1451 5360 καὶ
1481 5309 1580 5360 τοὺ
1612 5302 1771 5378 ἁγίου
1830 5301 1995 5357 Πνεύ-

337 5417 534 5473 ματος.
568 5398 721 5474 Ὀρθ.
774 5396 836 5452 Τί
895 5393 984 5452 οὖν
1045 5393 1221 5472 λὲγεις
1261 5394 1354 5450 τὸν
1386 5393 1772 5466 ἀνακαινισμὸν
1827 5393 1990 5468 ἡμῶν

411 5515 457 5551 ¹⁰
484 5514 638 5572 Psal.
671 5531 791 5588 cm,
822 5515 913 5572 30.
991 5515 1033 5550 ¹¹
1065 5513 1174 5569 Tit.
1208 5528 1254 5582 ι,
1286 5512 1373 5568 15.

563 5629 842 5706 Ἐνεργείᾳ
869 5631 1107 5706 abest_a_
1130 5627 1314 5706 Palat.

439 5631 510 5687 26
563 5631 842 5706 Ἐνεργείᾳ
869 5631 1036 5689 abest
1066 5646 1100 5686 a
1130 5631 1314 5686 Palat.

417 5631 533 5779 l273
561 5706 653 5762 Sic
685 5703 869 5764 Palat.
899 5705 973 5763 At
1015 5700 1166 5762 Felc.
1197 5705 1257 5761 et
1303 5697 1467 5772 editi,
1498 5695 1533 5770 ἦ
1565 5694 1656 5755 καί
1701 5700 1801 5756 τοῦ
1849 5697 2004 5781 ἁγίου

2103 5225 2160 5274 et
2192 5215 2342 5283 Filii,
2377 5234 2448 5272 an
2482 5234 2615 5272 vero
2645 5217 2822 5272 etiam
2875 5219 2930 5272 in
2963 5216 3218 5287 Spiritus
3257 5218 3445 5273 sancti
3477 5218 3764 5274 nomine?

2103 5306 2302 5364 Maced.
2341 5315 2402 5362 tn
2435 5306 2672 5361 nomine
2703 5306 2984 5374 l‘atris,et
3012 5308 3239 5376 Filii,et
3266 5307 3517 5380 Spiritus
3551 5308 3767 5366 sancti.

2104 5397 2264 5457 Orth.
2289 5395 2580 5461 Quorsum
2613 5412 2751 5468 ergo
2792 5395 2941 5452 dicis
2973 5396 3162 5454 nostri
3194 5396 3628 5455 renovationem
3669 5413 3775 5472 per

2114 5627 2457 5762 ἕθῖὐὲιατος.
2513 5628 2668 5702 Mox,
2726 5627 3052 5687 Macedonii
3109 5645 3460 5704 responsum
3518 5631 3683 5690 abest
3737 5648 3772 5693 α

2161 5721 2195 5762 a
2220 5719 2253 5761 a
2285 5741 2298 5760 .

2161 5719 2298 5762 ωαι.
