4116 6390
385 419 533 480 1231

1550 418 1610 476 S.
1659 416 1811 476 ΑἸἮ
1827 408 2181 477 ANASIUS.
2209 447 2285 457 —
2316 408 2631 478 SPUttlA.

3658 411 3813 479 i239

384 553 667 625 Spiritum
715 555 985 607 sanctum
1042 549 1188 621 fieri,
1229 566 1343 605 non
1395 552 1589 605 autem
1636 565 1706 604 ex
1758 552 1945 615 Patre,
1979 552 2019 602 e1

2149 542 2238 599 διὰ
2284 544 2599 620 Ηνεῦματος
2656 542 2812 623 ἃγίου
2867 543 3144 622 γίνεσθαι;
3179 544 3309 623 οὗχὶ
3371 542 3427 602 δὲ
3479 543 3539 602 ἐκ
3596 547 3810 622 Πατρὸς

384 641 550 710 Filio,
586 645 644 697 et
694 640 913 713 Spiritu
966 644 1167 695 sancto
1192 639 1220 693 ?
1261 638 1470 697 Maced.
1505 638 1709 693 Nonne
1755 637 2041 708 scriptum

383 735 472 785 est
504 747 552 784 :u
587 730 694 795 Qui
727 746 794 785 ex
834 728 1022 784 multa
1071 745 1181 782 sua
1235 727 1637 783 misericordia
1685 724 2044 798 regeneravit

382 835 510 884 nos,
544 833 648 890 per
677 817 971 873 lavacrum
1006 816 1487 890 regenerationis,
1520 820 1577 870 et
1607 814 2037 870 renovationem

382 906 639 980 Spiritus
697 907 884 962 sancti
913 906 998 960 "‘I
1041 929 1067 955 ››
1123 906 1276 961 Orlh.
1328 906 1501 959 Prius
1559 904 1705 969 dixi,
1753 926 1780 953 ‹‹
1841 903 2041 959 omnia

381 998 606 1052 munda
636 995 895 1051 mundis.
922 1018 950 1044 ››
984 994 1288 1050 Enimvero
1325 995 1477 1067 apud
1528 1010 1633 1048 nos
1678 994 1849 1063 juxta
1878 993 2036 1047 Scri-

380 1089 567 1156 ptum
621 1100 889 1156 scopum,
929 1107 949 1132 α
1003 1100 1106 1155 per
1164 1099 1363 1155 quem,
1400 1104 1427 1131 »
1477 1082 1630 1137 idem
1693 1087 1783 1137 est
1837 1084 2036 1153 atque,

380 1196 408 1223 ‹‹
445 1190 513 1230 ex
554 1189 693 1245 quo.
718 1196 745 1224 ››
781 1174 932 1229 Sane
980 1171 1124 1228 dicit
1171 1176 1414 1227 sanctus
1464 1169 1686 1227 Paulus
1720 1186 1732 1226 :
1764 1190 1789 1223 α
1820 1169 2037 1226 Fidelis

379 1268 553 1332 Deus,
602 1279 706 1335 per
753 1278 930 1334 quem
990 1261 1179 1317 vocati
1240 1260 1405 1329 estis,
1437 1261 1495 1315 in
1557 1259 2034 1315 communionem

375 1351 504 1407 Filii
551 1351 742 1424 ipsius
770 1352 836 1421 1³,
858 1375 884 1401 ››
919 1366 1131 1422 nempe
1173 1349 1266 1406 hic
1297 1364 1551 1422 quoque,
1585 1371 1613 1398 «
1649 1365 1751 1421 per
1780 1363 1978 1420 quem,
2008 1370 2027 1397 ι

375 1442 618 1513 ponitur
664 1457 768 1513 pro
800 1460 830 1491 «
863 1456 930 1495 ex
962 1456 1099 1512 quo.
1135 1460 1164 1490 »
1199 1440 1399 1495 Fatere
1448 1439 1630 1510 igitur
1677 1437 2030 1493 creationem

374 1536 639 1586 nostram
693 1530 877 1585 fuisse
926 1546 959 1584 a
1007 1529 1196 1598 Patre,
1234 1528 1395 1595 Filio,
1427 1534 1485 1583 et
1532 1527 1755 1599 Spiritu
1806 1531 2027 1582 sancto.

373 1612 493 1675 Nec
548 1619 703 1675 enim
763 1619 913 1674 alius
962 1619 1197 1680 creavit.
1245 1623 1301 1673 et
1348 1617 1502 1672 alius
1550 1616 1891 1672 renovavit:
1927 1617 2026 1672 sed

374 1709 528 1765 Deus
559 1708 610 1764 is
640 1712 750 1774 est,
783 1709 883 1780 qui
928 1706 1143 1763 creavit
1174 1723 1305 1762 cum
1341 1705 1504 1774 Filio,
1539 1710 1596 1761 et
1642 1705 1859 1777 Spiritu
1890 1722 2031 1762 san-

370 1803 484 1854 cto.
542 1798 672 1853 Ideo
731 1797 901 1853 initio
953 1796 1143 1851 dixit:
1181 1817 1208 1847 «
1242 1795 1554 1850 Faciamus
1603 1794 1903 1850 hominem
1956 1794 2023 1851 ad

370 1888 690 1960 imaginem
751 1890 809 1941 et
867 1884 1318 1941 similitudinem
1376 1889 1641 1940 nostram
1664 1886 1732 1954 υ,
1766 1907 1792 1934 ››
1847 1888 1911 1939 ut
1960 1900 2029 1939 ex

371 1977 780 2049 cooperatione
808 1974 1169 2031 indicaretur
1199 1979 1421 2029 natura:
1450 1972 1752 2028 identitas.

446 2156 531 2210 19.
565 2153 765 2211 Macati.
816 2153 1160 2208 Demonstra
1208 2150 1353 2207 mihi
1404 2151 1687 2224 apertius,
1738 2150 2027 2223 Spiritum

370 2250 638 2302 sanctum
671 2258 887 2298 creare.
914 2242 1065 2298 0rlh.
1091 2240 1405 2296 Sufﬁciunt
1428 2240 1663 2313 quidem
1690 2257 1847 2294 sanzP
1871 2256 2031 2294 men-

366 2336 443 2390 tis
475 2332 697 2389 homini
730 2349 854 2404 quae
884 2332 1057 2387 modo
1087 2330 1367 2399 diximus,
1391 2330 1462 2385 ad
1497 2333 1758 2402 apertam
1787 2328 2027 2384 demon-

365 2423 712 2480 strationem
732 2438 746 2477 :
768 2420 1049 2492 quoniam
1073 2424 1270 2474 tamen
1291 2417 1767 2475 testimoniorum
1792 2434 2025 2489 quoque

364 2511 751 2568 multitudine
776 2510 948 2565 ﬁdem
982 2506 1088 2564 tibi
1113 2508 1234 2564 fieri
1262 2508 1371 2573 vis,
1394 2507 1528 2563 audi
1561 2508 1667 2562 Job
1691 2508 1981 2562 dicentem
2009 2524 2022 2562 :

365 2624 393 2652 «
425 2600 679 2674 Spiritus
730 2599 965 2655 divinus
1021 2598 1074 2653 is
1129 2603 1235 2664 est,
1264 2597 1365 2669 qui
1426 2614 1516 2651 me
1574 2596 1730 2659 fecit,
1762 2600 1819 2651 et
1850 2596 2026 2652 ﬂatus

363 2687 783 2761 omnipotentis
842 2686 1040 2743 docuit
1105 2702 1197 2741 me
1228 2686 1294 2741 ¹⁶.
1343 2708 1370 2735 ››
1415 2684 1618 2741 Maced.
1682 2684 1843 2740 Elius
1902 2685 2023 2741 haec

362 2779 527 2846 dicit,
558 2793 748 2850 neque
795 2775 1142 2848 simpliciter
1188 2775 1289 2831 ait.
1324 2796 1352 2825 ‹‹
1386 2776 1494 2839 Qui
1533 2772 1670 2830 fecit
1718 2791 1831 2843 me,
1860 2797 1886 2822 ››
1918 2774 2020 2830 sed

360 2871 444 2927 ita
472 2870 616 2926 dicit
644 2886 658 2926 :
688 2892 715 2919 ‹‹
751 2873 970 2923 Purum
1004 2872 1094 2924 est
1121 2866 1315 2922 verbis
1355 2882 1454 2921 cor
1493 2881 1713 2936 meum,
1748 2871 1805 2920 et
1834 2864 2017 2921 labio-

360 2977 493 3017 rum
526 2976 792 3015 meorum
843 2955 1237 3030 intelligentia
1286 2972 1433 3027 pura
1482 2960 1572 3011 est
1619 2955 2015 3027 cogitatione:

359 3049 616 3122 Spiritus
646 3046 882 3103 divinus
931 3046 983 3103 is
1016 3051 1124 3111 est,
1158 3046 1258 3117 qui
1292 3061 1383 3100 me
1415 3045 1551 3099 fecit
1598 3060 1747 3117 pura
1794 3043 2015 3116 cogita-

357 3156 419 3195 re
440 3140 482 3176 ¹⁶
505 3139 765 3211 (inquit).
825 3141 1026 3209 Itaque
1079 3135 1337 3208 Spiritus
1385 3139 1627 3191 sanctus
1679 3135 1811 3191 fecit
1861 3150 1954 3189 me
1988 3157 2015 3185 ››

2059 1927 2107 1991 Β

2151 634 2241 689 καὶ
2295 635 2442 704 Υἱοῦ,
2490 634 2580 691 καὶ
2628 633 2784 712 ἁγίου
2834 635 3191 711 Πνεῦματος;
3225 633 3428 693 Μακεδ.
3477 636 3557 695 Οὑ
3608 636 3813 713 γεγρα-

2150 743 2302 795 πται,
2360 722 2443 779 ὅτι
2500 724 2636 781 κατὰ
2690 723 2754 781 16
2809 722 2955 781 πολὺ
3013 720 3168 789 ἔλεος
3221 723 3387 781 αὐτοῦ
3442 724 3813 801 ἀναγεννήσας

2153 812 2300 884 ἡμᾶς
2354 808 2443 866 διὰ
2499 810 2735 890 λουτροῦ
2800 811 3240 890 παλιγγενεσίας,
3296 813 3386 870 καὶ
3417 814 3812 878 ἀνακαινισεως

2148 898 2466 975 Πνεῦματος
2524 901 2730 978 ἁγίους
2796 926 2823 955 ››
2880 903 3052 979 Ὀρθ.
3116 898 3420 981 ΙῙρολαϐὼν
3478 903 3663 975 εἷπον,
3726 903 3812 960 ὅτι

2152 1012 2178 1039 ‹‹
2212 996 2325 1053 τοῖς
2383 992 2638 1067 καθαροῖς
2698 991 2871 1049 πάντα
2924 990 3153 1070 καθαρά.
3217 1017 3245 1044 ››
3307 994 3441 1067 Παρ⁹
3496 996 3633 1068 ἡμῖν

2145 1078 2272 1155 γὰρ,
2308 1081 2444 1135 κατὰ
2486 1080 2577 1135 τὸν
2628 1081 2828 1137 σκοπὸν
2862 1088 2959 1153 τῆς
2992 1088 3235 1160 Γραφῆς,
3264 1082 3329 1137 τὸ
3360 1106 3387 1133 α
3424 1078 3497 1136 δι’
3524 1082 3586 1137 οὗ
3621 1106 3649 1135 ››
3677 1104 3807 1138 ταυ-

2143 1166 2236 1222 τόν
2296 1168 2408 1224 ἐστι
2462 1174 2542 1243 τῷ
2573 1194 2602 1222 ‹‹
2635 1169 2686 1245 ἐξ
2719 1171 2804 1227 οὗ.
2839 1194 2867 1222 ››
2898 1170 3128 1246 Ἀμέλει
3179 1175 3310 1248 γοῦν
3366 1169 3512 1247 λέγει
3571 1171 3600 1225 6
3648 1172 3805 1247 ἅγιος

2146 1261 2389 1321 Παῦλος·
2432 1284 2451 1310 ι
2488 1260 2683 1323 Πιστὸς
2717 1261 2744 1314 ὁ
2778 1262 2934 1331 Θεὸς,
2967 1257 3037 1315 δι’
3069 1260 3131 1316 οὗ
3161 1258 3435 1333 ἐκλήθητε
3484 1260 3559 1323 εἷς
3608 1281 3799 1316 κοινω-

2142 1345 2259 1401 νίαν
2312 1351 2409 1403 τοῦ
2459 1349 2589 1403 rio?)
2636 1349 2836 1409 αὐτοῦ.
2891 1374 2919 1402 ››
2969 1349 3070 1405 Καὶ
3115 1348 3343 1406 ἐνταῦθα
3394 1349 3500 1427 γὰρ
3547 1349 3609 1404 τὸ
3659 1374 3688 1402 ‹‹
3728 1346 3803 1405 δι’

2143 1436 2206 1491 οὗ
2239 1462 2266 1490 ››
2300 1436 2417 1493 ἀντὶ
2469 1443 2568 1495 τοῦ
2617 1464 2645 1491 α
2696 1438 2748 1510 ἐξ
2799 1439 2861 1494 οὗ
2908 1464 2936 1491 ››
2986 1444 3180 1496 κεῖται.
3214 1437 3509 1516 Ὀμολόγει
3560 1436 3677 1511 οῦν,
3718 1437 3801 1494 ὅτι

2141 1527 2177 1595 ἠ
2229 1525 2403 1590 κτίσις
2451 1529 2612 1601 ἡμῶν
2668 1528 2813 1605 παρὰ
2852 1529 3084 1606 Πατρὸς,
3143 1529 3233 1583 καὶ
3303 1529 3445 1600 ficii,
3495 1527 3585 1583 καὶ
3644 1527 3805 1603 ἁγίου

2140 1615 2456 1689 Πνεύματος
2489 1615 2724 1692 ἐγένετο.
2759 1616 2836 1674 Οὐ
2867 1618 2973 1694 γὰρ
3004 1616 3176 1680 ἄλλος
3227 1613 3452 1687 ἔκτισεν,
3482 1616 3573 1673 καὶ
3628 1614 3803 1681 ἄλλος

2140 1703 2487 1761 ἀνεκαίνισενθ
2539 1705 2665 1762 ἀλλ’
2698 1707 2726 1761 6
2778 1706 2965 1769 κτίσας
3013 1706 3141 1769 Θεὸς
3192 1707 3329 1780 μετὰ
3369 1712 3467 1762 τοῦ
3523 1707 3655 1763 Υἱοῦ
3711 1705 3805 1762 καὶ

2140 1794 2454 1868 Πνεῦματος
2512 1795 2668 1872 ἁγίου
2703 1839 2716 1853 .
2779 1797 2877 1851 Καὶ
2935 1793 3023 1851 διὰ
3079 1800 3239 1852 τοῦτο
3298 1794 3349 1851 ἐν
3411 1796 3561 1874 ἀρχῇ
3617 1796 3799 1852 εἶπενο

2140 1907 2169 1935 ‹‹
2224 1885 2545 1957 Ποιήσωμεν
2610 1882 2895 1961 ἄνθρωπον
2969 1887 3090 1941 κατ’
3137 1884 3319 1941 εἰκόνα
3375 1887 3647 1962 ἡμετέραν
3706 1885 3799 1941 καὶ

2139 1972 2258 2034 καθ’
2309 1971 2598 2045 ὁμοίωσιν,
2630 1996 2659 2026 ››
2697 1971 2791 2029 ἵνα
2846 1973 2906 2029 ἐκ
2964 1982 3066 2047 τῆς
3126 1973 3433 2053 συνεργείας
3487 1974 3551 2030 τὸ
3607 1974 3802 2030 ταυτὸν

2138 2067 2237 2129 τῆς
2271 2061 2481 2139 φύσεως
2509 2059 2669 2137 δείξῃ.

2213 2153 2298 2207 19.
2332 2148 2531 2208 Μακεδ.
2569 2152 2955 2229 Φανερώτερόν
2994 2174 3089 2227 μοι
3121 2150 3316 2226 δεῖξον,
3349 2152 3432 2208 ὅτι
3480 2152 3544 2209 τὸ
3578 2154 3802 2227 Πνεῦμα

2137 2239 2198 2293 τὸ
2256 2241 2405 2315 ἅγιον
2458 2239 2647 2309 κτίζει.
2700 2242 2844 2317 Ὀρθ.
2899 2244 3086 2320 ’Δρκεῖ
3136 2243 3231 2315 μὲν
3276 2242 3369 2298 καὶ
3417 2242 3483 2298 τὰ
3530 2262 3798 2320 προειρη-

2141 2327 2272 2401 μένα
2301 2328 2380 2401 τῷ
2410 2333 2534 2383 νοῦν
2579 2325 2764 2405 1ἔχοντι
2816 2332 2951 2407 πρὸς
2995 2331 3225 2410 φανερὰν
3276 2328 3575 2403 ἀπόδειξιν
3608 2328 3800 2402 ἐπειδὴ

2137 2414 2195 2471 δὲ
2224 2416 2313 2471 καὶ
2346 2416 2405 2472 ἐκ
2435 2422 2531 2472 τοῦ
2563 2417 2814 2490 πλήθους
2841 2421 2949 2475 τῶν
2987 2424 3300 2498 μαρτυριῶν
3331 2427 3672 2490 πιστωθῆναι
3706 2419 3797 2476 θέ-

2137 2504 2271 2573 λεις,
2307 2503 2533 2560 ἄκουσον
2561 2510 2658 2562 τοῦ
2692 2502 2816 2564 Ἰὼϐ
2860 2507 3137 2585 λὲγοντος·
3176 2534 3196 2559 ιι
3231 2511 3591 2585 Πνεῦμα
3623 2511 3793 2580 θεῖον,

2131 2594 2195 2649 τὸ
2253 2595 2487 2666 ποιῆσάν
2547 2595 2655 2670 μέο
2719 2598 2857 2667 πνοὴ
2934 2595 2992 2653 δὲ
3064 2598 3502 2675 παντοκράτορος
3558 2601 3594 2670 ἡ
3647 2597 3799 2655 διδά-

2134 2685 2334 2738 σκουσά
2366 2705 2450 2756 με.
2489 2708 2517 2737 ››
2558 2681 2759 2741 Μακεδ.
2794 2682 3017 2743 Ἐλιούδ
3067 2686 3207 2742 ἐστιν
3257 2688 3286 2743 6
3336 2686 3531 2765 λέγων,
3561 2688 3651 2743 καὶ
3698 2689 3802 2745 οὐκ

2131 2773 2271 2827 εἶπεν
2332 2771 2546 2843 ἁπλῶς,
2583 2797 2610 2824 (ι
2637 2774 2708 2830 Τὸ
2757 2775 2987 2845 ποιῆσαν
3042 2798 3130 2850 με,
3167 2801 3195 2828 »
3225 2774 3371 2831 ἀλλὰ
3420 2775 3565 2852 λέγει
3627 2776 3795 2834 οὕτω·

2132 2885 2161 2914 ι(
2220 2863 2440 2937 ΚαΟαρά
2502 2884 2606 2936 μου
2663 2865 2697 2934 ἡ
2758 2861 2954 2937 καρδία
3012 2863 3275 2940 ῥήμασιν,
3336 2864 3541 2929 σύνεσις
3589 2863 3646 2921 δὲ
3691 2886 3796 2943 χε-

2130 2949 2269 3006 λέων
2314 2972 2418 3024 μου
2465 2953 2674 3027 καθαρᾶ
2720 2955 2925 3025 νοήσει·
2982 2959 3201 3027 Πνεῦμα
3251 2957 3394 3011 Θεῖον
3444 2956 3508 3011 16
3553 2961 3789 3027 ποιῆσαν

2132 3061 2199 3113 με
2226 3041 2434 3117 καθαρὰ
2458 3043 2664 3111 νοήσει.
2688 3067 2796 3093 ››-
2822 3067 2849 3094 ‹‹
2872 3047 3093 3117 Πνεῦμα
3125 3050 3269 3108 θεῖον
3290 3046 3353 3100 τὸ
3386 3045 3615 3115 ποιῆσάν
3650 3066 3738 3120 με.
3760 3070 3788 3099 ››

2125 3128 2390 3199 τουτέστι,
2422 3131 2484 3185 τὸ
2514 3130 2747 3202 ποιῆσαν
2805 3153 2873 3205 με
2917 3134 3126 3211 καθαρὰ
3171 3140 3384 3205 νοῆσαι.
3434 3135 3581 3211 Ὀρθ.
3612 3136 3782 3209 Ὁμο-

355 3245 567 3302 nempe
607 3228 742 3284 fecit
795 3243 886 3283 me
936 3242 1082 3296 pura
1128 3225 1403 3297 cogitare.
1437 3224 1591 3281 Orth.
1627 3226 1700 3279 At
1747 3229 1808 3279 tu
1864 3229 2017 3280 certe

2133 3215 2313 3294 λογεῖς
2364 3217 2421 3275 δὲ
2467 3219 2615 3283 ὅλως
2666 3223 2810 3276 Θεῖον
2849 3222 2913 3276 τὸ
2945 3224 3183 3297 Πνεῦμα.
3219 3220 3433 3282 Μακεδ.
3476 3224 3566 3294 Μή
3617 3225 3722 3301 γὰρ
3756 3225 3786 3280 6

353 3300 594 3375 omnino
628 3317 848 3385 fateris,
872 3314 1136 3371 divinum
1165 3331 1293 3371 esse
1333 3314 1640 3387 Spiritum.
1668 3314 1867 3370 Μαι·εά.
1891 3314 2014 3369 Imo

2133 3303 2251 3365 Ἰὼϐ
2284 3307 2412 3364 αὐτὸ
2443 3311 2608 3366 εἶπεν
2646 3308 2772 3365 ἀλλ’
2805 3312 2833 3365 6
2866 3309 3111 3386 Ἐλιοὺδ,
3143 3312 3201 3368 ὃν
3250 3313 3535 3389 ἐμέμψατο
3569 3314 3597 3368 6
3629 3300 3785 3378 Θεός.

348 3408 458 3464 Job
506 3407 618 3463 hoc
666 3422 783 3462 non
815 3405 979 3471 dixit,
1016 3406 1118 3460 sed
1170 3403 1360 3469 Eliud,
1388 3420 1560 3475 quem
1610 3403 1765 3459 Deus
1814 3417 2008 3475 repre-

348 3496 575 3553 hendit.
613 3496 767 3552 Orth.
790 3498 862 3550 At
892 3511 1008 3550 non
1038 3493 1237 3566 ipsum
1259 3493 1318 3549 in
1343 3509 1410 3550 eo
1432 3492 1831 3565 reprehendit,
1851 3493 2005 3564 quod

350 3585 644 3658 Spiritum
694 3584 960 3639 divinum
1018 3582 1311 3639 dixisset?
1361 3581 1558 3637 Maced.
1607 3583 1756 3637 Deus
1808 3584 2006 3636 tamen

353 3690 489 3730 eum
524 3672 916 3746 reprehendit.
961 3671 1111 3727 Orth.
1136 3672 1283 3738 Quid
1317 3672 1364 3725 si
1398 3671 1578 3743 igitur
1604 3671 1799 3742 ipsum
1830 3669 2005 3726 etiam

347 3763 461 3820 Job
491 3763 699 3818 audias
729 3762 1057 3816 dicentem:
1089 3782 1119 3809 «
1147 3759 1304 3816 Vivit
1333 3760 1639 3823 Dominus,
1665 3758 1763 3830 qui
1798 3759 1881 3814 sic
1914 3776 2007 3815 me

342 3851 652 3924 judicavit,
684 3854 742 3906 et
778 3849 1187 3921 Omnipotens,
1221 3849 1325 3921 qui
1371 3848 1766 3904 amaritudine
1813 3846 2008 3903 aifecit

348 3941 608 3998 animam
642 3955 855 3995 meam.
887 3937 1050 3994 Certe
1079 3939 1263 3994 donec
1292 3937 1534 3993 habitus
1567 3936 1711 3991 mihi
1743 3937 1919 4005 inest,
1949 3940 2006 3992 et

348 4028 601 4102 Spiritus
623 4028 859 4084 divinus
880 4032 1149 4099 superest
1180 4026 1321 4081 mihi
1355 4027 1414 4081 in
1447 4025 1689 4081 naribus
1710 4026 1775 4081 ¹⁷.
1800 4047 1827 4077 »
1854 4024 2002 4089 Quid

346 4119 529 4174 habes
553 4118 705 4190 quod
751 4118 1032 4173 adversus
1069 4116 1262 4187 ipsum
1297 4115 1473 4170 etiam
1505 4114 1615 4170 Job
1646 4114 1851 4171 dicas?
1883 4119 2000 4172 Ma-

344 4207 461 4263 ced.
485 4207 640 4263 Voco
677 4205 855 4262 etiam
905 4221 1011 4277 ego
1062 4205 1345 4276 Spiritum
1378 4205 1533 4261 452
1564 4204 1851 4269 divinum,
1884 4221 1998 4260 non

344 4296 742 4363 Deum..0rth.
773 4298 845 4351 At
893 4295 1146 4367 Spiritus
1196 4294 1432 4351 divinus
1488 4294 1628 4366 quid
1682 4293 1837 4350 aliud
1889 4298 2000 4361 est,

342 4402 518 4458 quam
557 4387 743 4442 Deus?
765 4383 963 4441 Naced.
986 4382 1183 4439 Absit!
1217 4382 1369 4439 Orth.
1400 4383 1496 4438 Dic
1529 4382 1732 4455 igitur,
1754 4399 2001 4454 ecquam

342 4475 678 4531 divinarum
722 4477 1077 4547 potestatum
1128 4471 1425 4545 Scriptura
1457 4472 1713 4527 divinam
1748 4471 1958 4526 dixerit
1988 4487 2003 4525 :

341 4563 577 4637 perlege
602 4564 785 4618 Vetus
816 4568 874 4618 et
901 4562 1124 4617 Novum
1158 4563 1604 4617 Testamentum
1638 4559 2001 4626 universum,

2120 3398 2251 3474 Ὀρθ
2285 3441 2298 3454 .
2358 3400 2448 3469 Μὴ
2526 3399 2630 3478 γὰρ
2689 3400 2975 3477 ἐμέμψατο
3044 3399 3204 3457 αὐτὸν
3240 3445 3255 3473 ,
3318 3399 3462 3458 διατί
3519 3403 3662 3459 εἶπεν
3720 3404 3785 3461 16

2118 3488 2338 3562 Πνεῦμα
2394 3490 2578 3558 θεῖον;
2630 3488 2851 3547 Μακεδ,
2911 3494 3103 3566 Ὅμως
3176 3490 3460 3566 ἐμέμψατο
3532 3491 3689 3548 αὐτὸν
3754 3494 3783 3548 6

2118 3576 2271 3639 Θεὸς.
2306 3578 2448 3654 Ὀρθ.
2484 3577 2606 3634 Ἐὰν
2639 3577 2730 3634 οὖν
2760 3578 2993 3655 ἀκούσῃς
3047 3580 3138 3636 καὶ
3186 3585 3285 3637 τοῦ
3316 3576 3443 3640 Ἰὼϐ
3502 3579 3779 3659 λέγοντος·

2117 3689 2147 3717 ‹‹
2181 3669 2257 3740 Ζῇ
2289 3667 2507 3742 Κύριος,
2544 3667 2604 3729 ὃς
2642 3666 2786 3723 οὕτω
2821 3690 2887 3742 με
2916 3668 3155 3745 κίκρινεν
3187 3671 3326 3746 (29),
3358 3673 3448 3726 καὶ
3502 3672 3530 3726 6
3579 3693 3778 3728 παντο-

2115 3756 2332 3831 κράτωρ
2363 3756 2391 3809 ὁ
2422 3757 2682 3832 πικράνας
2746 3779 2851 3831 μου
2894 3758 2994 3829 τήν
3041 3761 3251 3837 ψυχήν.
3283 3765 3354 3815 Ἦ
3388 3760 3495 3834 μὴν
3544 3758 3620 3816 ἔτι
3676 3767 3780 3833 τῆς

2113 3846 2286 3913 πνοῆς
2339 3865 2435 3919 μοι
2484 3842 2731 3917 ἐνούσης·
2765 3845 2984 3922 Πνεῦμα
3031 3845 3089 3903 δὲ
3138 3855 3282 3913 θεῖον
3326 3848 3389 3904 τὸ
3434 3844 3621 3925 περιὸν
3674 3872 3775 3926 μοι

2114 3932 2169 3988 ἐν
2202 3931 2361 4010 ῥισίν,
2397 3958 2424 3986 ››
2456 3933 2509 3989 τί
2541 3932 2686 4010 ἔχεις
2721 3933 2889 3991 εἰπεῖν
2926 3935 3016 3991 καὶ
3064 3936 3188 4013 περὶ
3238 3942 3336 3993 τοῦ
3365 3933 3491 3993 Ἰώϐ
3519 3957 3533 4009 ;
3565 3937 3773 3999 Μακεδ.

2113 4023 2213 4077 Καὶ
2263 4021 2410 4099 λέγω
2471 4028 2612 4088 θεῖον
2661 4024 2725 4079 τὸ
2778 4029 3018 4099 Πνεῦμα,
3052 4026 3115 4082 οὐ
3169 4027 3278 4100 μὴν
3324 4025 3477 4085 Θιόν.
3517 4028 3668 4103 Ὀρθ.
3700 4030 3776 4085 Τὸ

2114 4108 2171 4166 δὲ
2229 4112 2371 4167 θεῖον
2423 4116 2639 4185 Πνεῦμα
2683 4111 2737 4167 τί
2782 4110 2923 4169 ἄλλο
2980 4112 3122 4169 ἰστῖν
3154 4115 3190 4185 ἦ
3224 4116 3395 4185 Θεός;
3430 4113 3639 4174 Μακεδ.
3676 4118 3771 4188 Μὴ

2112 4202 2356 4275 γένοιτοί
2388 4202 2537 4278 Ὀρθ.
2591 4199 2801 4260 Οὐκοῦν
2848 4202 2985 4276 εἷ’πὶ,
3034 4199 3088 4259 εἷ’
3132 4225 3253 4259 τινα
3302 4205 3412 4260 τῶν
3466 4206 3636 4281 ἁγίων
3689 4202 3777 4262 δυ-

2111 4291 2327 4363 νάμεων
2386 4297 2529 4354 θεῖον
2592 4292 2734 4346 εἶπεν
2798 4294 2833 4362 ἡ
2893 4294 3104 4371 Γραφή.
3156 4292 3459 4371 Ἀνάγνωθι
3513 4296 3614 4365 τὴν
3664 4302 3774 4351 Πα-

2114 4378 2272 4434 λαιὰν
2304 4386 2476 4434 πᾶσαν
2509 4382 2783 4451 Διαθήκην
2816 4380 2907 4435 καὶ
2952 4383 3053 4451 τήν
3097 4383 3323 4453 Καινὴν,
3355 4382 3401 4437 εί
3452 4382 3644 4459 εὑρέθη
3692 4406 3781 4450 τις

2110 4473 2218 4522 τῶν
2254 4468 2416 4544 ἁγίων
2447 4467 2698 4544 ἀγγέλων
2754 4475 2896 4534 θεῖον
2952 4469 3250 4547 λεγόμενος
3300 4476 3541 4546 Πνεῦμα.
3573 4471 3780 4532 Μακεδ.

2114 4554 2282 4613 Οὐδὲν
2357 4557 2459 4634 γὰρ
2531 4562 2640 4613 τῶν
2715 4558 2902 4615 ἄλλων
2980 4560 3303 4635 πνευμάτων
3379 4562 3597 4619 τοιοῦτό
3670 4562 3782 4620 ἐστι

338 4653 389 4709 si
421 4652 558 4724 quis
588 4656 929 4707 sanctorum
964 4650 1306 4723 angelorum
1342 4653 1609 4720 repertus
1641 4653 1752 4711 est,
1781 4647 1879 4718 qui
1915 4648 1999 4701 di-

2133 4649 2372 4736 ]:aeiigza'
2437 4644 2727 4718 μοναδικὸν
2796 4647 2901 4725 γάρ
2961 4648 3097 4707 ἔστι.
3159 4652 3329 4726 Ὀρθ.
3388 4651 3780 4730 Ὁμολογεῖται

336 4741 512 4796 vinus
542 4740 797 4812 Spiritus
829 4740 907 4795 sit
936 4739 1150 4794 dictus.
1182 4739 1379 4794 Maced.
1416 4736 1628 4794 Nullus
1659 4736 1815 4791 enim
1852 4736 2004 4793 alius

2133 4732 2212 4788 >ῦν
2244 4737 2334 4789 καὶ
2366 4736 2513 4809 παρὰ
2543 4741 2661 4806 σοῦ,
2700 4738 2774 4811 μὴ
2828 4738 2961 4793 εἶναι
3009 4738 3061 4793 ἐν
3110 4744 3226 4801 τοῖς
3268 4739 3527 4813 κτίσμασι
3561 4740 3781 4816 Πνεῦμα

335 4828 580 4901 spiritus
603 4833 690 4885 est
710 4828 1072 4885 istiusmodi.
1099 4828 1202 4883 Est
1224 4827 1382 4882 enim
1413 4825 1641 4880 unicus.
1672 4823 1835 4879 Orth.
1857 4826 2005 4897 Ergo

2133 4821 2368 4879 τοιοῦτο.
2429 4821 2647 4881 Μακεδ.
2709 4824 3123 4902 Ὀμολογεῖται.
3180 4829 3326 4905 Ὀρθ.
3383 4825 3619 4904 ’Ίδωμεν
3688 4828 3781 4886 οὖν

331 4923 390 4974 et
422 4923 482 4975 tu
516 4918 744 4989 fateris,
767 4917 1000 4973 nullum
1031 4933 1161 4972 esse
1192 4915 1367 4971 talem
1394 4915 1701 4986 Spiritum,
1729 4914 1879 4968 inter
1910 4930 2001 4969 res

2133 4913 2330 4985 \om6v,
2366 4913 2411 4967 εἱ
2469 4912 2568 4968 οὐκ
2623 4910 2742 4989 ἔχει
2804 4915 2938 4989 μετὰ
2996 4916 3207 4993 Πατρὸς
3234 4915 3325 4972 καὶ
3361 4917 3487 4973 ficii
3515 4920 3615 4988 τήν
3643 4919 3779 4975 κατὰ

332 5013 579 5064 creatas.
612 5007 813 5063 Maced.
864 5007 1089 5062 Fateor.
1125 5005 1280 5061 Orth.
1320 5005 1524 5059 Restat
1574 5002 1756 5075 igitur
1804 5007 1868 5057 ut
1914 5002 2001 5057 vi-

2133 5001 2267 5080 ρῦσιν
2325 5003 2631 5060 κοινωνίαν.
2680 5001 2886 5061 Μακεδ.
2920 5010 3092 5061 Τοῦτο
3139 5005 3227 5061 ἐὰν
3281 5004 3502 5083 δειχθῇ,
3550 5006 3771 5085 ἐδείχθη

330 5098 578 5153 doamus
608 5113 801 5152 annon
838 5100 1051 5150 natura
1097 5093 1578 5149 communionem
1621 5092 1831 5147 habeat
1862 5108 1995 5148 cum

2133 5091 2198 5146 ιαὶ
2248 5091 2398 5153 Θεός.
2433 5092 2581 5167 Ὀρθ.
2614 5092 2762 5154 Τέως
2821 5094 3044 5167 Πνεῦμα
3092 5100 3234 5158 θεῖον
3284 5090 3526 5171 ἐδείχθη.
3563 5092 3769 5152 Μακεδ.

329 5188 501 5242 Patre
531 5191 590 5242 et
620 5185 790 5242 Filio.
817 5184 1028 5239 Mared.
1058 5183 1173 5239 Hoc
1202 5182 1252 5237 si
1299 5181 1473 5237 fuerit
1507 5183 1996 5248 demonstratum,

2133 5178 2271 5236 Αλλ²
2317 5179 2378 5234 οὗ
2431 5180 2595 5241 Θεός.
2649 5181 2815 5256 Ὀρθ.
2869 5183 2991 5237 Ἐὰν
3040 5183 3363 5258 ἀκούσωμεν
3410 5181 3627 5240 Παύλου
3675 5185 3773 5238 τοῦ

331 5279 484 5333 Deus
515 5277 693 5332 etiam
727 5290 857 5331 esse
904 5275 1345 5329 demonstratus
1394 5271 1591 5326 fuerit.
1625 5271 1777 5326 Arth.
1811 5277 1997 5327 Antea

2133 5267 2420 5325 ιποστόλου
2453 5267 2841 5345 λέγοντος,τὸν
2866 5271 2996 5329 Θεὸν
3024 5270 3195 5347 μηδὲν
3220 5272 3362 5331 ἄλλο
3394 5271 3525 5327 εἶναι
3547 5271 3584 5344 ἢ
3606 5273 3751 5329 θεῖον

330 5367 805 5423 demonstratum
852 5367 971 5432 est,
1002 5377 1132 5418 esse
1162 5360 1451 5415 divinum.
1483 5358 1684 5415 Maced.
1717 5358 1827 5415 Sed
1877 5377 1994 5416 non

2133 5359 2311 5436 ενάγκη
2373 5335 2654 5424 συνθέσθαι
2709 5335 2773 5415 16
2832 5362 2975 5419 θεῖον
3024 5335 3168 5419 ἐἶναι
3225 5363 3378 5421 Θεόν.
3430 5335 3641 5422 Mane-8.
3691 5335 3783 5422 O6

402 5537 448 5575 ι’
478 5535 593 5592 Tit.
625 5551 712 5604 ιιι,
742 5535 799 5590 5.
878 5534 923 5569 ¹³
956 5534 975 5589 Ι
1006 5532 1135 5589 Cor.
1169 5548 1210 5600 ι,
1240 5533 1295 5587 9.
1374 5531 1417 5569 ιδ
1446 5531 1589 5588 Gen.
1622 5548 1662 5600 ι,
1692 5530 1785 5587 26.
1861 5531 1905 5568 ¹⁵
1932 5532 2019 5590 Jol

2133 5549 2274 5603 1x111,
2306 5533 2358 5588 4.
2436 5532 2480 5568 ¹⁶
2509 5531 2659 5588 Ibid.
2692 5531 2747 5603 3,
2779 5533 2834 5590 4.
2913 5535 2958 5572 ¹¹¹
2985 5534 3120 5593 Job.
3151 5550 3333 5607 xxvu,
3362 5535 3420 5607 2,
3450 5537 3507 5597 3.

2113 5702 2348 5775 Έλιούς,
2379 5708 2437 5762 et
2467 5700 2620 5762 infra
2648 5704 2939 5764 similiter.

424 5704 517 5774 28)
550 5703 645 5758 Sic
677 5703 860 5759 Palat.
899 5705 1076 5758 recte.
1109 5701 1264 5758 Editi
1297 5718 1451 5771 vero,
1485 5701 1611 5774 παρ’
1644 5700 1795 5773 ὑμὶν.

401 5704 515 5859 ξ29)
547 5773 875 5846 Palatinus,
896 5775 1123 5851 Πνεῦμα
1150 5773 1297 5832 θεοῦ.
1318 5772 1500 5832 Paulo
1530 5779 1663 5850 post
1689 5790 1795 5832 mai

2173 5778 2308 5854 (29')
2337 5776 2516 5852 Editi,
2543 5777 2804 5856 κεκρινεν.
2834 5779 2998 5840 Εῡιτ.

425 5772 515 5849 29)
547 5773 875 5846 Palatinus,
896 5775 1123 5851 Πνεῦμα
1150 5773 1297 5832 θεοῦ.
1318 5772 1500 5832 Paulo
1530 5772 1663 5850 post
1683 5772 1988 5833 ’manuscr.
