4116 6388
364 410 523 472 1233

1328 408 1430 468 DE
1476 408 1784 469 SANCTA
1829 405 2252 466 'l‘RlNITATE
2302 407 2686 469 DIALOGUS
2737 407 2839 467 ΙΙΙ.

3637 409 3795 470 1234

361 545 598 606 πάντως.
658 540 798 602 Οὐδὲ
855 541 958 618 γὰρ
1019 537 1206 610 ἐπειδὴ
1256 541 1283 595 6
1332 541 1461 603 Θεὸς
1515 542 1758 611 Πνεῦμα,
1810 536 1898 593 καὶ
1956 538 2004 592 τὶ

2135 543 2223 595 est
2258 541 2426 596 Deus.
2464 543 2620 598 Orth.
2655 544 2708 598 Si
2740 561 2806 599 ex
2856 544 3036 599 Paulo
3086 543 3349 616 apostolo
3403 545 3789 613 audierimus,

361 635 505 688 Θεῖον
557 635 780 707 Πνεῦμα
829 634 939 704 (30)
993 629 1143 693 Θεὸς.
1197 632 1309 688 Ποῦ
1353 628 1410 685 δὶ
1457 631 1781 706 γέγραπται,
1833 629 1860 682 6
1892 627 2021 689 Θεὸς

361 724 548 792 θεῖον;
598 724 747 800 Ὀρθ.
802 723 886 777 Ἐν
936 726 1054 782 ταῖς
1101 721 1326 796 Πράξεσι
1376 725 1482 775 τῶν
1517 718 1836 774 ἀποστόλων
1870 717 2018 791 λέγει

360 811 580 875 Παῦλος
638 813 832 873 οὕτως·
897 835 924 861 ‹‹
981 809 1134 871 Γένος
1189 808 1279 863 οὖν
1334 810 1669 884 ὑπάρχοντες
1731 812 1830 861 τοῦ
1859 810 2014 879 Θεοῦ,

357 901 459 956 οὐκ
506 901 800 980 ὀφείλομεν
847 898 1090 973 νομίζειν
1137 903 1328 975 χρυσῴ
1357 899 1392 968 ἢ
1427 898 1665 975 ἀργύρῳ,
1699 895 2013 973 χαράγματι

353 992 560 1068 τέχνης
618 991 707 1046 καὶ
767 989 1114 1063 ἐνθυμήσεως
1171 989 1495 1063 ἀνθρώπων,
1552 989 1614 1042 τὸ
1675 989 1816 1042 θεῖον
1880 987 2011 1039 εἶναι

355 1081 578 1155 ὅμοιον.
613 1104 641 1132 »

2132 629 2317 685 Deum
2351 631 2497 686 nihil
2529 632 2689 688 aliud
2713 651 2862 702 esse,
2889 651 3062 706 quam
3091 635 3382 705 divinum,
3407 653 3643 691 necesse
3676 636 3792 690 fue-

2133 719 2204 773 rit
2237 721 2570 789 concedere,
2629 723 2710 789 id,
2769 725 2922 794 quod
2981 724 3243 778 divinum
3279 730 3386 794 est,
3426 730 3604 781 Deum
3637 741 3785 781 esse.

2130 807 2326 863 Maced.
2362 810 2485 866 Non
2521 828 2780 883 prorsus.
2816 813 3014 884 Neque
3045 814 3200 867 enim
3251 814 3480 869 etiamsi
3525 820 3669 870 Deus
3701 818 3791 871 est

2127 897 2402 968 Spiritus,
2438 899 2655 958 idcirco
2689 901 2921 957 divinus
2956 918 3186 974 quoque
3210 902 3466 973 Spiritus
3500 911 3588 958 est
3610 904 3785 960 Deus.

2125 985 2374 1042 Ubinam
2426 1005 2558 1044 vero
2617 991 2906 1063 scriptum
2948 997 3037 1046 est
3067 991 3250 1046 Deum
3299 1009 3426 1048 esse
3475 993 3789 1048 divinum?

2125 1076 2287 1131 Orth.
2326 1079 2384 1131 in
2421 1079 2577 1134 Actis
2611 1080 3014 1151 apostolorum
3065 1081 3148 1136 sic
3198 1080 3463 1153 loquitur
3516 1082 3734 1138 Paulus
3768 1099 3780 1136 :

355 1193 385 1224 (ι
418 1172 616 1228 Genus
649 1186 785 1242 ergo
817 1186 952 1224 cum
986 1169 1174 1224 simus
1205 1168 1326 1238 Dei,
1362 1185 1477 1223 non
1511 1168 1793 1222 debemus
1822 1163 2112 1220 mstimare
2141 1180 2282 1220 auro
2313 1170 2413 1220 aut
2445 1172 2704 1239 argento,
2747 1169 3062 1233 SCUlDtUI‘IB
3110 1169 3252 1225 artis
3301 1175 3356 1224 et
3413 1169 3786 1242 cogitationis

357 1261 695 1330 hominum,
731 1259 998 1314 divinum
1030 1273 1160 1314 esse
1190 1257 1382 1313 simile
1413 1257 1476 1313 η.
1514 1279 1541 1306 υ

425 1368 518 1424 20.
552 1363 761 1423 Μακεδ.
815 1365 1032 1427 Φθὰσας
1083 1362 1256 1431 εἷπον,
1309 1365 1391 1416 δτι
1444 1360 1540 1415 κᾶν
1575 1363 1673 1429 θῶ,
1709 1357 1789 1414 ὅτι
1823 1359 1850 1411 ὁ
1883 1358 2010 1418 Θεὸς

357 1455 578 1528 Πνεῦμὰ
623 1453 784 1524 ἐστιν,
839 1452 900 1506 οὐ
948 1453 1165 1513 πάντως
1215 1451 1303 1506 καὶ
1335 1452 1397 1504 τὸ
1432 1452 1572 1505 θεῖον
1605 1451 1825 1522 Πνεῦμα
1855 1446 2007 1508 Θεὸς.

361 1544 507 1619 Ὀρθ.
556 1542 617 1598 Εἴ
665 1541 818 1597 οὐδὲν
873 1545 980 1596 τῶν
1033 1541 1344 1612 κτισμάτων
1392 1543 1610 1611 Πνεῦμα
1656 1539 1821 1606 θεῖον,
1856 1533 2008 1591 οὐδὲν

356 1637 574 1705 Πνεῦμα
651 1630 984 1708 ἁγιωσύνης,
1061 1631 1213 1685 κοινὰ
1289 1626 1346 1683 δὲ
1411 1633 1576 1683 ταῦτα
1639 1627 1869 1700 Πατρὸς,
1921 1625 2010 1679 καὶ

354 1723 506 1789 ι’ἱοῦ,
549 1720 639 1775 καὶ
695 1720 851 1796 ἁγίου
905 1717 1238 1792 Ηνεύματος·
1290 1725 1390 1788 τῆς
1440 1716 1605 1786 αὐτῆς
1646 1713 1747 1792 ἄρα
1801 1713 2008 1794 φύσεως

349 1812 562 1882 Πατὴρ,
613 1811 701 1864 καί
749 1811 894 1871 Υἱὸς.
945 1809 1036 1863 καὶ
1087 1808 1241 1883 ἅγιον
1297 1811 1531 1879 Πνεῦμα.
1588 1803 1794 1863 Μακεδ.
1829 1804 2006 1874 Δεῖξον

2191 1361 2279 1414 20.
2315 1363 2518 1418 Maced.
2550 1363 2683 1419 Jam
2728 1365 2893 1435 prius
2942 1365 3223 1435 dixeram,
3268 1364 3499 1420 etiamsi
3531 1382 3780 1437 posuero

2121 1448 2305 1504 Deum
2340 1467 2468 1508 esse
2497 1453 2810 1525 Spiritum,
2845 1471 2957 1508 non
2991 1455 3256 1526 protinus
3289 1454 3480 1526 sequi,
3516 1453 3780 1510 divinum

2121 1538 2295 1594 etiam
2329 1541 2613 1613 Spiritum
2645 1560 2774 1598 esse
2808 1547 3010 1600 Deum.
3043 1544 3200 1602 Orth.
3240 1544 3296 1600 Si
3331 1560 3523 1599 rerum
3555 1549 3780 1600 creata-

2121 1645 2252 1683 rum
2289 1630 2447 1686 nulla
2479 1637 2566 1687 est
2596 1632 2852 1704 Spiritus
2885 1633 3143 1704 divinus,
3177 1633 3339 1688 nulla
3388 1638 3476 1689 est
3526 1633 3780 1705 Spiritus

2122 1720 2628 1778 sanctificationis:
2663 1722 2784 1777 hazc
2818 1725 3010 1778 autem
3045 1723 3383 1779 communia
3413 1727 3554 1778 sunt
3598 1723 3775 1792 Patri,

2123 1806 2284 1874 Filio,
2319 1813 2374 1863 et
2414 1809 2660 1881 Spiritui
2703 1814 2929 1880 sancto,
2976 1828 3186 1883 nempe
3235 1811 3501 1882 ejusdem
3551 1817 3772 1866 natura:

351 1898 468 1972 οὖν,
521 1896 626 1968 ὅτι,
689 1897 868 1975 ὥσπερ
917 1900 945 1954 6
994 1899 1178 1972 Πατὴρ
1229 1896 1425 1972 ἐγείρει
1468 1895 1595 1958 τοὺς
1648 1895 1867 1972 νεκροὺς
1915 1894 2003 1948 καὶ

2118 1894 2334 1951 fuerint
2369 1898 2558 1969 Pater,
2611 1899 2817 1967 Filius,
2849 1903 2907 1955 et
2955 1900 3208 1972 Spiritus
3257 1905 3517 1956 sanctus.
3569 1900 3772 1955 Maced.

354 1994 639 2059 ζωοποιεῖ,
691 1987 901 2061 ὁμοίιος
950 1985 1008 2042 δὲ
1047 1985 1138 2041 καὶ
1171 1987 1198 2041 6
1233 1986 1374 2054 Υἱὸς,
1410 1984 1551 2039 οὕτω
1578 1983 1665 2038 καὶ
1698 1984 1758 2038 τὸ
1792 1987 2005 2054 Πνεῦμα

355 2084 635 2148 ζωοποιεῖ.
697 2078 846 2154 Ὀρθ.
899 2076 1055 2152 Λέγει
1115 2073 1353 2137 Παῦλος·
1409 2099 1436 2126 ‹‹
1498 2075 1680 2146 Ὑμεῖς
1728 2071 1784 2126 δὲ
1832 2071 2005 2126 οὐκέτ’

352 2167 472 2224 ἐστὲ
521 2169 572 2222 ἐν
626 2167 804 2242 σαρκὶ,
856 2164 1005 2241 εἶ’περ
1061 2169 1280 2238 Πνεῦμα
1308 2169 1405 2220 τοῦ
1437 2169 1570 2219 Θεοῦ
1603 2163 1740 2217 οἰκεῖ
1768 2162 1820 2217 ἐν
1854 2163 2003 2234 ὑμῖν.

352 2257 416 2316 Εἰ
464 2255 522 2312 δέ
567 2279 650 2320 τις
707 2261 923 2330 Πνεῦμα
981 2257 1217 2330 Χριστοῦ
1248 2254 1345 2309 οὐκ
1377 2252 1516 2330 ἔχει,
1543 2252 1704 2314 οὗτος
1735 2251 1834 2307 οὐκ
1864 2249 2004 2306 ἔστιν

349 2350 464 2421 (31)
499 2345 684 2402 αὐτοῦ.
741 2346 803 2400 Εἰ
857 2343 913 2400 δὲ
959 2345 1187 2422 Χριστὸς
1237 2344 1287 2399 ἐν
1324 2345 1469 2417 ὑμῖν,
1507 2344 1569 2397 τὸ
1605 2344 1698 2416 μὲν
1734 2346 1892 2415 σῶμα
1921 2363 2006 2395 νε-

348 2437 480 2512 κρὸν
512 2433 581 2490 δι’
631 2435 918 2512 ἁμαρτίαν,
967 2435 1031 2489 τὸ
1083 2432 1140 2489 δὲ
1185 2435 1407 2505 Πνεῦμα
1460 2434 1572 2502 ζωὴ
1615 2429 1703 2486 διὰ
1735 2429 2007 2486 δικαιοσῦ-

348 2547 470 2596 νην.
505 2526 570 2582 Εἰ
604 2523 749 2580 δὲτὸ
782 2529 1000 2597 Πνεῦμα
1034 2529 1129 2578 τοῦ
1162 2523 1468 2599 ἐγείραντος
1526 2524 1736 2592 Ἰησοῦν
1779 2521 2003 2596 Χριστὸν

347 2615 512 2670 οἰκεῖν
547 2614 602 2669 ἐν
639 2615 789 2688 ὑμῖν,
826 2615 853 2668 ὁ
887 2612 1094 2689 ἐγείρας
1129 2614 1352 2689 Χριστὸν
1389 2611 1439 2666 ἐν
1472 2615 1673 2686 νεκρῶν
1730 2612 2004 2680 ζωοποιή-

347 2725 428 2759 σει
476 2704 566 2759 καὶ
610 2705 678 2758 τὰ
723 2703 892 2774 Θνητὰ
943 2703 1168 2776 σώματα
1213 2703 1365 2775 ὑμῶν
1416 2701 1505 2756 διὰ
1540 2705 1638 2754 τοῦ
1670 2700 2008 2760 ἐνοικοῦντος

349 2793 517 2848 αὐτοῦ
577 2791 892 2866 Πνεύματος
937 2792 986 2847 ἐν
1037 2793 1187 2864 ὑμῖν.
1243 2815 1270 2842 »
1323 2787 1528 2848 Μακεδ.
1586 2790 1770 2851 Οὕτως
1822 2789 1883 2844 οὐ
1915 2788 2006 2864 γέ-

351 2903 610 2960 γραπται,
667 2880 756 2936 διὰ
809 2886 907 2937 τοῦ
968 2881 1326 2950 ἐνοικοῦντος,
1388 2879 1533 2936 ἀλλὰ
1605 2879 1666 2934 τὸ
1741 2879 2004 2935 ἐνοικοῦν.

351 2973 505 3047 Ὀρθ.
567 2971 689 3027 Ἐὰν
740 2969 956 3047 δειχθῇ,
1008 2970 1092 3025 ὅτι
1142 2995 1169 3022 ‹‹
1223 2969 1311 3025 διὰ
1346 2973 1443 3024 τοῦ
1475 2968 1808 3030 ἐνοικοῦντος
1872 2993 1896 3018 ››
1929 2967 2009 3044 γὲ-

352 3082 589 3139 γραπται
668 3060 854 3136 πείθῃ,
932 3059 1014 3115 ὅτι
1089 3067 1188 3129 τῆς
1269 3059 1434 3128 αὐτῆς
1512 3058 1623 3114 ἐστι
1680 3057 1888 3136 φύσεως
1948 3058 2008 3111 τὸ

354 3153 580 3224 Πνεῦμα
622 3149 798 3225 Πατρὶ
845 3147 935 3204 καὶ
984 3151 1129 3220 Titi);
1185 3145 1390 3205 Μακεδ.
1451 3147 1571 3204 Ἐὰν
1617 3144 1707 3201 οῦν
1750 3168 1854 3200 που
1883 3143 1936 3200 ἓν

2117 1983 2367 2042 Ostende
2400 1988 2597 2060 igitur,
2631 1989 2784 2045 sicut
2814 1993 2985 2045 Pater
3015 1989 3224 2045 excitat
3273 2002 3558 2059 mortuos,
3594 1994 3651 2044 et
3686 1990 3770 2044 vi-

2116 2073 2332 2147 viﬁcat,
2367 2082 2424 2132 et
2455 2077 2636 2133 Filius
2668 2095 2924 2150 quoque,
2955 2079 3035 2134 ita
3078 2078 3256 2134 etiam
3303 2079 3582 2151 Spiritum
3633 2096 3772 2135 san-

2118 2167 2274 2220 ctum
2309 2166 2620 2222 viviﬁcare.
2653 2168 2811 2226 ΟνιΙι.
2866 2167 3012 2223 Dicit
3060 2167 3278 2223 Paulus
3313 2185 3326 2222 :
3367 2189 3395 2222 ι
3422 2167 3540 2224 Vos
3573 2172 3770 2224 autem

2107 2253 2231 2324 jam
2263 2272 2377 2310 non
2409 2256 2550 2311 estis
2576 2256 2634 2311 in
2656 2257 2916 2325 carne,si
2948 2260 3143 2314 tamen
3172 2257 3424 2330 Spiritus
3458 2257 3559 2314 Dei
3596 2257 3772 2313 babi-

2120 2346 2202 2398 tat
2225 2342 2282 2398 in
2301 2345 2559 2400 vobis.Si
2585 2346 2717 2417 quis
2748 2347 2846 2419 qui
2880 2351 3076 2402 autem
3107 2347 3388 2419 Spiritum
3411 2346 3622 2402 Christi
3657 2365 3774 2402 non

2117 2432 2315 2502 habet,
2343 2434 2392 2488 is
2424 2452 2534 2489 non
2569 2440 2658 2490 est
2686 2436 2832 2506 ejus.
2868 2435 2921 2489 Si
2958 2440 3153 2490 autem
3184 2435 3451 2492 Christus
3493 2437 3552 2490 in
3612 2438 3778 2491 vobis

2118 2527 2206 2576 est
2236 2541 2446 2594 corpus
2480 2525 2716 2596 quidem
2745 2531 3040 2580 mortuum
3063 2530 3152 2581 est
3179 2531 3414 2597 prOpter
3447 2531 3776 2598 peccatum,

2117 2612 2369 2684 Spiritus
2401 2631 2530 2670 vero
2571 2614 2686 2670 vita
2716 2619 2801 2669 est
2861 2618 3100 2686 propter
3141 2615 3458 2687 justitiam.
3510 2615 3674 2680 Quod
3726 2615 3778 2669 si

2118 2702 2369 2775 Spiritus
2401 2703 2656 2775 ejus,qui
2679 2705 3206 2760 suscitavitJesum
3231 2705 3530 2761 Christum
3558 2723 3592 2760 ο.
3614 2722 3775 2760 mor-

2119 2792 2260 2856 tuis,
2301 2792 2528 2848 habitat
2567 2794 2624 2849 in
2667 2793 2852 2861 vobis,
2905 2793 3002 2865 qui
3054 2795 3358 2850 suscitavit
3409 2794 3704 2850 Christum
3739 2811 3774 2849 a

2120 2881 2369 2936 mortuis
2404 2881 2716 2938 vivilicabit
2745 2899 2973 2954 quoque
3007 2883 3279 2939 mortalia
3308 2901 3551 2956 corpora
3579 2888 3774 2939 vestra

2120 2986 2221 3041 per
2249 2970 2674 3027 inhabitantem
2709 2971 2992 3044 Spiritum
3024 2974 3152 3045 ejus
3183 2973 3240 3027 in
3279 2973 3440 3028 vobis
3487 2974 3549 3028 ¹⁹.
3592 2996 3611 3020 ι
3665 2974 3774 3027 Μα-

2117 3060 2229 3116 cad.
2263 3065 2387 3115 Non
2418 3060 2498 3115 ita
2531 3060 2813 3133 scriptum
2848 3065 2955 3127 est,
2982 3085 3002 3111 ι
3030 3079 3131 3134 per
3164 3061 3653 3130 inhabitantem,»
3668 3062 3769 3116 sed

2126 3169 2146 3198 α
2166 3154 2400 3222 propter
2421 3149 3142 3209 inhabitantem.»0rlh.Si
3171 3152 3478 3207 ostendero
3498 3151 3771 3223 scriptum

355 3236 604 3315 δεύτερον
653 3237 979 3316 ἀντίγραφον
1033 3237 1223 3311 εὑρεθῇ
1275 3233 1616 3312 ἐσφαλμένον
1675 3235 2000 3336 παρ’κὺμῖν,

2119 3256 2266 3308 esse,
2293 3262 2318 3289 ‹‹
2346 3256 2448 3309 per
2473 3239 2922 3306 inhabitantem,
2948 3264 2976 3290 ››
3001 3257 3142 3295 num
3164 3240 3265 3295 tibi
3285 3257 3635 3311 persuasum
3656 3241 3773 3298 fue-

357 3327 416 3382 ἐκ
469 3327 666 3382 τούτου
726 3323 874 3403 ἔχεις
938 3347 1004 3400 με
1053 3331 1272 3395 πεῖσαι;
1326 3326 1470 3399 Ὀρθ.
1517 3330 1762 3399 ’Έχομεν
1813 3320 1998 3394 δεῖξαι.

354 3417 438 3472 ὃτι
488 3415 536 3472 ἐν
585 3416 740 3479 ὅλοις
789 3421 903 3477 τοῖς
954 3416 1209 3491 ἀρχαίοις
1260 3415 1603 3491 ἀντιγράφοις
1635 3413 1778 3468 οὕτω
1809 3412 2003 3488 γέγρα-

348 3527 498 3564 πται.
563 3506 710 3561 Ἐπεὶ
763 3503 820 3560 δὶ
866 3503 1110 3578 νομίζεις
1165 3508 1326 3559 τοῦτο
1379 3499 1793 3579 ἀντιλεγόμενον
1845 3502 1999 3575 εἶναι,

344 3594 809 3674 πληροφορήθητι
862 3594 950 3649 καὶ
1005 3594 1056 3665 ἐξ
1106 3591 1285 3662 ἄλλης
1332 3599 1600 3672 γραφικῆς
1655 3590 1999 3662 ἀποδείξεως.

347 3681 557 3742 Μακεδ.
617 3683 769 3740 Εἷπέ·
825 3688 986 3738 τοῦτο
1044 3688 1144 3758 γὰρ
1195 3681 1548 3756 ἀντιλέγεται.
1585 3682 1728 3755 Ὀρθ.
1762 3679 1915 3757 Λέγει
1973 3681 2001 3735 6

345 3774 511 3835 αὐτὸς
559 3774 587 3827 6
637 3773 792 3847 ἅγιος
846 3770 1090 3834 Παῦλος·
1145 3797 1171 3822 ‹‹
1221 3771 1339 3847 Οὐχ
1386 3771 1470 3826 ὅτι
1517 3769 1694 3826 ἱκανοί
1722 3769 1880 3843 ἐσμεν
1913 3769 2002 3848 ἀφ’

350 3864 552 3918 ἒαΛτῶν
588 3861 902 3937 λογίσασθαί
930 3883 1004 3934 τι,
1038 3863 1112 3923 ὡς
1147 3861 1197 3931 ἐξ
1229 3861 1454 3930 ἑαυτῶν,
1486 3860 1612 3916 ἀλλ’
1661 3863 1694 3930 ἡ
1746 3859 2002 3931 ἱκανότης

348 3956 512 4026 ἡμῶν
565 3952 624 4006 ἐκ
664 3957 759 4006 τοῦ
807 3956 961 4007 Θεοῦ·
1012 3949 1069 4012 ὅς
1122 3950 1212 4004 καὶ
1250 3949 1510 4005 ἱκάνωσεν
1543 3952 1689 4022 ἡμᾶς
1721 3945 2004 4011 διακόνους

351 4042 551 4107 Καινῆς
602 4041 903 4110 Διαθήκης,
955 4039 1016 4094 οὐ
1066 4037 1416 4114 γράμματος,
1469 4035 1615 4093 ἀλλὰ
1661 4037 2000 4110 Πνεύματος.

348 4129 419 4184 Τὸ
447 4129 548 4204 γὰρ
579 4128 811 4204 γράμμα
843 4127 1170 4198 ἀποκτείνει,
1203 4127 1264 4182 τὸ
1297 4125 1355 4181 δὲ
1387 4131 1610 4200 Πνεῦμα
1661 4131 1938 4195 ζωοποιεῖ.
1975 4151 1996 4180 ι

352 4215 556 4275 Μακεδ.
609 4223 907 4272 Ζωοποιεῖν
962 4215 1173 4292 λέγεται
1217 4216 1278 4270 τὸ
1330 4217 1435 4270 ἀπὸ
1497 4217 1774 4291 ἁμαρτιῶν
1855 4217 2004 4290 ἄγειν

351 4307 428 4368 εἰς
458 4303 828 4375 δικαιοσύνην.
881 4306 958 4363 Οὐ
1014 4307 1119 4378 μὴν
1172 4305 1369 4380 ἐγείρει
1419 4304 1661 4380 νεκροὺς,
1706 4304 1782 4367 ὡς
1814 4307 1841 4359 6
1875 4311 2003 4381 Χρι-

349 4398 471 4458 στὸς
519 4393 759 4471 ἤγειρεν·
815 4396 965 4470 Ὀρθ.
1013 4395 1232 4456 Παῦλος
1285 4396 1311 4448 ὁ
1351 4393 1658 4457 ἀπόστολος
1691 4392 1881 4470 ἤγειρε
1909 4395 2000 4448 τὸν

349 4482 598 4561 Εὔτυχον
653 4480 1014 4553 ἀποθανὸντα,
1067 4485 1101 4552 ἢ
1156 4481 1256 4552 aii;
1319 4481 1527 4541 Μακεδ.
1594 4482 1746 4540 Ἀλλ’
1795 4483 1894 4538 οὐκ
1937 4484 2004 4552 ἦν

350 4573 568 4636 Παῦλος
600 4575 627 4628 ὁ
660 4575 978 4644 ἀναστήσας,
1011 4571 1138 4628 ἀλλ’
1185 4574 1212 4627 ὁ
1243 4572 1292 4626 ἐν
1325 4571 1533 4644 Παύλῳ
1575 4571 1820 4643 λαλήσας
1872 4579 2002 4648 Χρι-

2117 3329 2211 3396 rit,
2246 3329 2511 3398 ejusdem
2545 3345 2673 3384 esse
2705 3333 2946 3397 naturae,
2991 3329 3274 3402 Spiritum
3325 3335 3500 3400 atque
3540 3330 3770 3385 Patrem

2111 3421 2165 3474 et
2199 3417 2457 3472 Filium?
2489 3418 2706 3472 Macati.
2743 3420 2826 3472 An
2877 3434 3029 3487 vero,
3073 3422 3122 3474 si
3178 3435 3360 3473 unum
3413 3424 3470 3474 et
3522 3418 3770 3475 alterum

2113 3508 2463 3562 mendosum
2513 3506 2811 3578 exemplar
2857 3508 3010 3578 apud
3065 3525 3164 3563 vos
3214 3509 3563 3578 inveniatur,
3635 3508 3773 3564 inde

2113 3596 2257 3651 illud
2292 3595 2434 3651 mihi
2467 3596 2831 3668 persuaseris
2860 3600 2882 3651 ?
2909 3599 3068 3655 Orth.
3111 3597 3433 3653 Possumus
3464 3599 3771 3654 ostendere

2113 3686 2196 3741 ita
2227 3686 2284 3741 in
2318 3686 2544 3741 cunctis
2577 3686 2824 3741 vetustis
2841 3686 3275 3758 exemplaribus
3299 3687 3586 3759 scriptum
3619 3704 3767 3744 esse.

2114 3776 2399 3842 Quoniam
2433 3779 2628 3830 tamen
2661 3776 2732 3830 de
2763 3775 2869 3831 hoc
2899 3777 3247 3832 controverti
3282 3777 3606 3842 existimas,
3640 3777 3770 3833 aliis

2115 3864 2312 3936 petitis
2343 3882 2411 3920 ex
2444 3865 2745 3936 Scriptura
2770 3865 3374 3922 demonstrationibus
3399 3865 3611 3921 certior
3640 3867 3767 3922 fias.

2111 3954 2308 4009 Μαεειι.
2343 3954 2460 4008 Has
2494 3953 2671 4023 igitur
2701 3953 2912 4024 profer,
2945 3971 3082 4009 nam
3113 3954 3348 4010 illud-in
3380 3955 3771 4011 controversia

2113 4049 2223 4097 est.
2256 4044 2415 4100 Orth.
2445 4042 2605 4097 Idem
2640 4042 2854 4098 Paulus
2888 4043 3029 4098 dicit
3059 4062 3077 4099 :
3104 4066 3123 4092 α
3160 4045 3282 4098 Non
3319 4044 3472 4114 quod
3505 4061 3568 4099 ex
3598 4044 3768 4100 nobis

2114 4131 2257 4202 ipsis
2295 4130 2483 4186 idonei
2518 4131 2704 4186 simus
2740 4131 2999 4203 cogitare
3035 4131 3258 4203 aliquid
3291 4149 3358 4188 ex
3385 4133 3576 4202 nobis,
3599 4134 3769 4205 quasi

2113 4238 2181 4276 ex
2209 4219 2504 4288 nobis,sed
2537 4220 2690 4291 quod
2715 4219 2910 4274 idonei
2931 4237 3162 4288 sumus,
3197 4221 3252 4276 id
3279 4238 3346 4276 ex
3369 4221 3486 4276 Deo
3506 4228 3595 4276 est
3621 4238 3633 4277 :
3668 4223 3767 4293 qui

2111 4309 2289 4365 etiam
2324 4308 2457 4364 fecit
2491 4314 2552 4363 ut
2583 4308 2776 4363 idonei
2813 4309 3066 4364 ministri
3097 4325 3365 4364 essemus
3392 4310 3532 4365 Novi
3563 4311 3769 4366 Testa-

2116 4399 2291 4453 menti
2306 4414 2441 4464 ,non
2467 4397 2797 4463 litteree,sed
2833 4397 3106 4467 Spiritus.
3122 4399 3340 4452 Littera
3359 4398 3515 4453 enim
3535 4397 3768 4466 occidit,

2113 4487 2366 4558 Spiritus
2399 4490 2591 4540 autem
2626 4486 2880 4540 viviﬁcat
2911 4486 2974 4540 π’.
3000 4509 3020 4537 ι
3060 4487 3258 4541 Maced.
3288 4485 3592 4541 Viviticare
3624 4487 3767 4541 dici-

2114 4583 2210 4632 tur
2241 4594 2273 4630 a
2296 4581 2529 4647 peccato
2557 4575 2942 4645 adjustitiam
2972 4577 3294 4630 traducere.
3321 4580 3394 4628 At
3417 4591 3530 4630 non
3555 4577 3770 4632 excitat

353 4664 499 4726 στός.
533 4668 678 4739 Ὀρθ.
713 4639 974 4738 Καίτοιγε
1005 4662 1227 4724 Παῦλος
1261 4661 1430 4738 λέγει,
1463 4639 1543 4716 ὅτι
1597 4686 1624 4713 ‹‹
1676 4639 1929 4736 Χριστὸς.
1951 4661 2000 4717 ἐν

2118 4639 2398 4730 mortuos,
2459 4663 2610 4717 sicut
2644 4639 2937 4717 “Christus
2996 4661 3286 4716 excitavit.
3350 4661 3514 4717 Orth.
3549 4661 3768 4718 Paulus

355 4752 578 4826 δυνάμει
630 4753 952 4825 ΙΙνεύματος
1002 4751 1158 4826 ἁγίου
1206 4751 1498 4820 πεποίηκεν
1546 4749 1596 4804 ἐν
1644 4749 1768 4824 ἐμοὶ
1810 4753 1876 4806 τὰ
1907 4774 2004 4822 ση-

357 4848 501 4916 μεῖα.
541 4868 560 4894 ιι
599 4842 755 4918 Λέγει
785 4842 888 4917 γὰρ
920 4840 1112 4910 οὕτως,
1147 4840 1228 4894 ὅτι
1262 4864 1290 4891 κ
1325 4838 1401 4896 Οὐ
1430 4838 1625 4912 τολμῶ
1654 4861 1704 4894 τι
1750 4840 1859 4915 ἐγὼ
1909 4839 2003 4896 λέ-

349 4952 460 5006 γειν
511 4932 584 4986 ὢν
633 4931 694 4985 οὐ
744 4929 1131 5006 κατειργάσατο
1171 4929 1400 5002 Χριστὸς
1433 4925 1502 4982 δι’
1534 4926 1669 5000 ἐμοῦ
1702 4928 1856 5004 λόγῳ
1915 4931 2002 4985 καὶ

351 5017 519 5096 ἔργῳ,
568 5020 643 5082 εἰς
691 5020 935 5088 ὑπακοὴν
998 5018 1186 5090 ἐθνῶν,
1231 5017 1281 5072 ἐν
1342 5014 1564 5089 δυνάμει
1610 5017 1851 5090 σημείων
1912 5019 2002 5074 καὶ

349 5109 612 5184 τεράτων,
668 5107 718 5163 ἐν
781 5106 1004 5182 δυνάμει
1063 5107 1381 5180 ΙΙνεῦματος
1448 5105 1624 5182 ἁγίου.
1689 5132 1707 5157 ι
1793 5107 1999 5164 Μακεδ.

351 5198 461 5253 Οὐκ
510 5196 731 5254 ἐδύνατο
782 5198 886 5274 γὰρ
934 5198 962 5251 ὁ
995 5197 1224 5272 Χριστὸς
1275 5194 1398 5251 ἄνευ
1429 5199 1524 5250 τοῦ
1557 5195 1875 5268 Πνεῦματος
1905 5202 2002 5252 τοῦ

351 5288 507 5364 ἁγίου
557 5295 783 5358 ποιῆσαι
825 5287 894 5342 τὰ
947 5292 1150 5360 σημεῖα
1192 5285 1280 5340 καὶ
1309 5286 1376 5340 τὰ
1401 5284 1633 5361 ripam;
1690 5287 1836 5362 Ὀρθ.
1894 5288 2004 5343 Οὐκ

2111 4755 2422 4825 Apostolus
2458 4753 2780 4823 Eutychum
2831 4756 3131 4806 mortuum
3181 4752 3471 4816 excitavit,
3517 4768 3711 4806 annon
3740 4751 3768 4806 ‘I

2113 4843 2324 4898 Maced.
2358 4845 2427 4896 At
2460 4859 2576 4896 non
2631 4841 2681 4896 is
2713 4845 2802 4895 est
2860 4839 3096 4904 Paulus,
3130 4840 3227 4909 qui
3279 4839 3443 4895 illum
3476 4840 3764 4910 excitavit,

2113 4935 2214 4989 sed
2247 4933 2347 5004 qui
2380 4931 2610 4987 loeutus
2639 4936 2728 4984 est
2760 4931 2817 4984 in
2851 4929 3027 4984 Paulo
3060 4929 3346 4985 Christus.
3385 4930 3534 4986 0rlh.
3569 4929 3764 5001 Atqui,

2113 5022 2304 5094 inquit
2327 5021 2582 5075 Paulus:
2614 5043 2639 5069 ‹‹
2671 5019 2940 5074 Christus
2972 5020 3027 5073 in
3062 5020 3274 5073 virtute
3295 5019 3550 5089 Spiritus
3580 5019 3766 5072 sancti

2112 5113 2248 5168 fecit
2278 5113 2338 5165 in
2374 5126 2465 5164 me
2495 5110 2684 5191 signa.
2724 5131 2748 5156 ››
2782 5108 2874 5162 Sic
2905 5107 3059 5162 enim
3096 5106 3173 5161 ait
3208 5123 3219 5160 :
3257 5128 3282 5156 ‹‹
3316 5107 3437 5162 Non
3472 5107 3631 5162 enim
3663 5123 3767 5162 au-

2111 5203 2218 5257 deo
2243 5199 2567 5270 quidquam
2596 5197 2755 5268 loqui
2779 5197 2932 5267 quod
2957 5213 3072 5251 non
3103 5194 3355 5251 effecerit
3377 5195 3642 5251 Christus
3665 5211 3768 5266 per

2114 5307 2226 5358 me,
2261 5288 2438 5344 verbo
2470 5293 2527 5342 et
2559 5288 2710 5341 facto
2743 5287 2812 5340 ad
2847 5285 3236 5340 obedientiam
3271 5285 3556 5356 gentium,
3581 5285 3640 5339 in
3659 5284 3769 5338 vir-

423 5485 470 5524 ιδ
499 5488 626 5542 Act.
657 5502 799 5554 xvn,
827 5485 919 5540 29.
998 5484 1041 5519 ¹⁹
1071 5482 1239 5538 Rom.
1273 5497 1394 5551 vm,
1424 5482 1581 5541 9-11.
1659 5482 1707 5520 ²⁰
1737 5483 1785 5541 ΙΙ
1816 5484 1949 5544 Cor.
1981 5502 2067 5560 ιιι,
2099 5485 2155 5556 5,
2185 5486 2238 5542 6.

424 5673 670 5759 (ᾷρλΚαὶ
699 5673 762 5759 Et?
795 5676 946 5759 ρεῖον.
983 5674 1213 5758 Πνεῦμα
1264 5671 1495 5759 abest‘a
1531 5672 1979 5747 manuscriptis.

354 5741 673 5805 Et'ibidem
707 5741 764 5802 δέ
793 5746 955 5806 deest
982 5743 1043 5803 in
1084 5741 1526 5816 manuscriptis.

2184 5673 2297 5744 (31)
2337 5671 2542 5739 Palat,
2575 5667 2746 5723 οὐκέτ’
2778 5665 2876 5722 οὐκ
2904 5664 3069 5724 ἔστιν.
