4116 6382
347 452 501 513 1235

1520 450 1586 510 S.
1632 441 2159 508 ATHANASIUS.
2183 476 2259 487 —
2283 443 2590 506 SPURIA.
2630 446 2635 451 ’

3620 445 3778 507 1236

342 587 468 640 tute
499 583 804 657 signorum
852 586 909 640 et
951 582 1374 657 prodigiorum,
1406 581 1468 639 in
1498 580 1715 636 virtute
1744 577 2000 652 Spiritus

2133 571 2336 631 ιδύνατο
2384 574 2484 653 γὰρ
2544 577 2573 632 6
2631 576 2822 650 Πατήρ
2882 573 3004 635 ἄνευ
3060 575 3163 635 τοῦ
3238 580 3370 635 Υἱοῦ
3428 579 3657 649 ποιῆσαι
3709 579 3777 635 τὰ

348 673 532 730 sancti
562 675 629 728 ἰ.
660 695 691 725 ››
723 673 924 731 Maced.
974 679 1063 728 An
1110 689 1247 729 vero
1295 688 1411 728 non
1460 674 1689 744 poterat
1737 667 2007 723 Christus

346 763 571 834 absque
621 763 840 835 Spiritu
890 768 1093 818 sancto
1139 763 1311 818 edere
1358 760 1529 833 signa
1575 763 1631 814 et
1685 756 2008 830 prodigia?

348 852 499 909 Orth.
525 851 731 908 Nonne
758 851 962 907 itidem
995 855 1224 923 poterat
1248 855 1418 905 Pater
1438 848 1660 920 absque
1682 845 1828 903 Filio
1851 846 2005 902 458

346 943 597 998 condere
629 941 876 997 omnia?
908 940 1105 997 Maced.
1140 941 1328 997 Etiam
1358 957 1369 996 :
1397 940 1494 996 sed
1531 940 1548 1010 (
1584 937 1762 994 «ideo
1792 953 1895 1009 per
1911 936 2006 990 Fi-

348 1029 496 1086 lium
530 1032 840 1086 condidit»
873 1034 894 1099 )
924 1036 991 1086 ut
1020 1030 1231 1087 Filium
1263 1045 1495 1102 quoque
1540 1031 1847 1100 appareret
1877 1041 2007 1082 esse

2114 663 2319 735 πάντα;
2372 664 2581 724 Μακεδ.
2633 665 2752 722 Ναί·
2804 665 2930 724 ἀλλ’
2977 666 3071 723 ’ἶνα
3123 668 3212 724 καὶ
3260 670 3385 732 Υἱὸς
3434 666 3775 744 δημιουργὸς

2116 751 2336 830 δειχθῇ.
2389 756 2535 829 Ὀρθ.
2590 759 2686 828 Τῷ
2735 756 2882 829 αὖτῷ
2926 755 3099 834 λόγῳ,
3134 755 3432 832 δυνάμενος
3464 758 3557 814 καὶ
3588 760 3618 813 6
3651 758 3777 822 Υἱὸς

2115 851 2341 914 ποιῆσαι
2397 845 2465 900 τὰ
2510 851 2714 919 σημεῖα
2760 846 2850 901 καὶ
2894 845 2963 900 τὰ
3006 845 3202 922 τέρατα
3249 850 3384 921 (32),
3435 852 3586 904 ποιεῖ
3614 846 3667 902 ἐν
3694 851 3777 920 τῷ

2116 933 2414 1006 Πνεύματι,
2442 930 2533 988 ’ίνα
2561 932 2756 1009 δειχθῇ
2788 938 2876 990 καὶ
2903 935 2966 990 τὸ
2996 937 3223 1011 Πνεῦμα
3252 937 3313 993 τὸ
3345 939 3498 1014 ἅγιον
3528 936 3598 993 τὰ
3636 934 3775 993 αὖτὰ

2116 1026 2306 1077 ποιοῦν
2342 1027 2422 1096 τῷ
2456 1022 2629 1100 Πατρὶ
2659 1022 2748 1078 καὶ
2778 1028 2856 1096 τῷ
2885 1024 3015 1096 Υἱῷ.

353 1119 739 1175 conditorem.
774 1120 932 1175 Orth.
967 1120 1176 1176 Eadem
1209 1119 1453 1175 ratione.
1488 1116 1670 1173 Filius
1714 1132 1849 1171 cum
1898 1117 2101 1187 posset
2148 1114 2320 1170 edere
2367 1114 2538 1187 signa
2587 1119 2645 1171 et
2692 1115 2979 1189 prodigia,
3032 1116 3216 1172 edidit
3247 1133 3310 1173 ea
3343 1117 3399 1172 in
3431 1118 3677 1191 Spiritu,
3712 1123 3780 1174 ut

347 1209 684 1264 ostenderet
711 1208 993 1280 Spiritum
1024 1213 1292 1264 sanctum
1325 1208 1525 1263 eadem
1561 1206 1749 1262 facere
1780 1221 1907 1276 quas
1942 1208 2112 1260 Pater
2144 1207 2200 1258 et
2231 1202 2432 1258 Filius.
3131 1204 3138 1210 '

417 1299 509 1352 21.
547 1297 747 1354 Maced.
777 1297 894 1354 Nos
924 1297 1209 1370 Spiritum
1242 1302 1513 1353 sanctum
1540 1312 1657 1351 non
1690 1310 2013 1368 possumus

348 1391 533 1443 Deum
567 1387 780 1443 dicere.
812 1388 967 1446 Orth.
1004 1387 1103 1443 Ais
1152 1386 1383 1443 divinas
1432 1386 1770 1457 Scripturas
1803 1401 1836 1439 a
1878 1383 2014 1455 Spi-

348 1476 467 1530 ritu
516 1480 720 1531 sancto
770 1476 1105 1532 enuntiatae
1151 1492 1254 1548 per
1300 1474 1619 1548 prophetas
1669 1477 1727 1528 et
1777 1476 2016 1545 aposto-

349 1564 460 1632 los,
497 1566 741 1621 annon?
767 1565 974 1622 Maced.
1025 1566 1150 1622 Aio.
1197 1565 1356 1625 Orth.
1408 1564 1556 1637 Ergo
1609 1562 1865 1635 Spiritus
1914 1555 2018 1633 qui

348 1671 449 1711 eos
480 1655 699 1710 afflavit
731 1656 881 1712 Deus
911 1659 1019 1711 est.
1065 1655 1265 1711 Maced.
1313 1654 1479 1710 Absit
1506 1657 1573 1709 ut
1618 1653 1728 1708 hoc
1778 1652 1970 1707 dicam
2001 1648 2014 1704 !

351 1745 508 1803 Orth.
542 1745 599 1800 Si
631 1744 946 1817 Scripturas
978 1745 1051 1800 ab
1081 1745 1210 1818 ipso
1248 1744 1571 1817 inspirata,
1621 1745 1762 1798 sunt
1811 1759 1843 1796 a
1904 1745 2017 1795 Deo

350 1832 675 1906 inspirata},
724 1833 865 1905 quid
916 1832 1077 1889 aliud
1135 1833 1394 1905 Spiritus
1450 1830 1549 1887 ille
1605 1829 1782 1886 fuerit
1837 1844 2016 1901 quam

353 1925 552 1978 Deus?
605 1922 805 1979 Maced.
857 1922 1117 1995 Spiritus
1171 1920 1272 1978 ille
1318 1921 1489 1978 nobis
1545 1917 2098 2002 subministravitB

359 2012 461 2069 Dei
495 2011 846 2083 doctrinam,
868 2028 996 2086 quae
1025 2010 1242 2067 idcirco
1269 2010 1488 2067 dicitur
1510 2027 1544 2065 a
1564 2014 1676 2065 Deo
1705 2007 2013 2080 inspirata.

357 2101 521 2160 Orfh.
553 2103 640 2156 An
670 2117 832 2168 vero,
863 2099 1140 2173 quoniam
1184 2098 1570 2156 sanctiﬁcatio
1599 2114 1716 2170 qua
1744 2113 1852 2153 nos
1882 2095 2019 2168 Spi-

359 2189 512 2245 ritus
542 2190 717 2245 etiam
743 2189 1090 2258 sanctiﬁcat,
1112 2194 1201 2245 est
1234 2188 1328 2245 Dei
1361 2186 1768 2254 sanctiﬁcatio,
1801 2185 2018 2241 idcirco

362 2295 480 2335 non
513 2282 604 2334 est
633 2279 706 2334 ab
735 2280 865 2351 ipso
886 2278 1139 2350 Spiritus
1163 2277 1550 2334 sanctiﬁcatio
1575 2276 1604 2331 ?
1635 2276 1841 2331 Μαρια.
1869 2279 2020 2330 Sane

363 2372 455 2424 est
483 2367 660 2423 etiam
693 2367 764 2423 ab
795 2368 925 2439 ipso
971 2367 1189 2440 Spiritu
1223 2365 1635 2423 sanctificatio.
1671 2366 1826 2422 Orth.
1857 2364 2022 2419 Sicut

365 2473 505 2530 ergo
533 2456 919 2513 sanctiﬁcatio
948 2461 1039 2513 est
1068 2474 1100 2512 a
1129 2456 1318 2524 Patre,
1356 2455 1519 2522 Filio,
1552 2460 1611 2511 et
1629 2454 1854 2528 Spiritu
1889 2470 2023 2511 san-

370 2550 462 2602 cto
487 2563 502 2613 ;
535 2546 618 2601 ita
647 2549 705 2601 et
733 2561 901 2602 sacra
928 2545 1244 2617 Scriptura.
1280 2545 1553 2600 Doctrina
1580 2544 1761 2617 igitur
1788 2546 1879 2599 est
1918 2542 2021 2598 Pa-

367 2634 499 2703 tris,
536 2633 686 2702 Filii,
720 2639 778 2690 et
807 2634 1060 2708 Spiritus
1091 2634 1296 2690 sancti.
1343 2636 1413 2689 At
1441 2634 1800 2706 Scripturam
1846 2631 2021 2705 profi-

373 2727 533 2779 tetur
559 2727 803 2780 sanctus
834 2724 1050 2780 Paulus
1079 2740 1207 2780 esse
1238 2740 1272 2778 θ.
1291 2723 1408 2779 Deo
1436 2722 1786 2794 inspiratam
1822 2736 1834 2775 :
1868 2721 2024 2776 Deus

371 2815 461 2868 est
480 2812 663 2885 igitur
684 2812 873 2880 Pater,
896 2811 1079 2869 Filius
1099 2817 1158 2869 et
1178 2813 1430 2885 Spiritus
1448 2816 1709 2868 sanctus.
1728 2810 2022 2875 Quamob-

368 2915 490 2956 rem
523 2901 696 2956 etiam
730 2901 957 2957 dictum
988 2906 1077 2957 est
1105 2902 1260 2974 apud
1294 2900 1608 2973 prophetas
1642 2916 1653 2955 :
1693 2922 1720 2949 «
1754 2899 1821 2955 Et
1853 2900 2026 2954 erunt
2068 2937 2076 2945 .

365 3005 572 3046 omnes
601 2989 756 3046 docti
789 3006 822 3046 a
860 2991 976 3046 Deo
1025 2990 1093 3046 9’.
1147 3012 1176 3042 «
1208 2989 1404 3046 Maced.
1438 2988 1714 3060 Quisquis
1744 2988 1963 3043 dicitur
1993 3003 2027 3043 a

366 3081 560 3149 Patre,
589 3082 833 3134 vocatur
862 3080 1070 3135 doctus
1100 3096 1134 3135 a
1166 3079 1304 3134 Deo.
1357 3079 1514 3136 Orth.
1563 3079 1727 3134 Sicut
1755 3078 1854 3150 qui
1886 3093 2024 3132 san-

365 3166 657 3222 ctiﬁcatur
686 3185 720 3222 a
751 3167 918 3223 Patre
949 3172 1005 3223 et
1034 3167 1196 3238 Filio,
1240 3168 1646 3224 sanetiﬂcatur
1682 3183 1911 3239 quoque
1943 3166 2026 3221 si-

2195 1293 2285 1346 21.
2336 1288 2536 1347 Μακεδ.
2597 1292 2785 1363 Ἡμεῖς
2854 1292 2915 1347 οὔ
2988 1290 3260 1367 δυνάμεθα
3314 1295 3482 1349 εἱπεῖν
3538 1295 3665 1350 Θεὸν
3708 1295 3771 1350 τὸ

2128 1383 2365 1452 Πνεῦμα.
2426 1381 2576 1456 Ὀρθ.
2636 1382 2820 1455 Λέγεις
2875 1385 2987 1457 (33)
3040 1384 3135 1445 τὰς
3194 1382 3335 1447 θείας
3396 1385 3613 1462 Γραφὰς
3670 1384 3772 1439 ὑπὸ

2123 1472 2220 1523 τοῦ
2275 1468 2588 1543 Πνεύματος
2636 1474 2734 1525 τοῦ
2789 1469 2945 1546 ἁγίου
2994 1471 3240 1548 εἰρῆσθαι
3286 1469 3376 1527 διὰ
3414 1477 3523 1527 τῶν
3557 1493 3777 1551 προφη-

2124 1561 2234 1612 τῶν
2289 1557 2377 1613 καὶ
2433 1564 2542 1614 τῶν
2603 1554 2945 1632 ἀποστόλων,
3003 1563 3038 1630 ἣ
3082 1557 3185 1630 οῦ;
3233 1559 3435 1617 Μακεδ.
3471 1561 3590 1618 Ναί.
3628 1563 3779 1634 Ὀρθ.

2126 1646 2255 1709 Θεὸς
2298 1644 2401 1723 ἄρα
2441 1648 2504 1702 τὸ
2553 1646 2853 1721 ἐμπνεῦσαν
2902 1645 3095 1712 αὖτοὺς
3141 1655 3385 1725 Πνεῦμα.
3437 1649 3645 1707 Μακεδ.
3680 1653 3781 1720 Μὴ

2125 1735 2335 1813 γένοιτο
2413 1738 2621 1794 εἱπεῖνί
2698 1738 2848 1814 Ὀρθ.
2926 1738 2991 1793 El
3046 1739 3099 1793 αἱ
3177 1741 3519 1795 πνευσθεῖσαι
3572 1739 3786 1819 Γραφαὶ

2126 1829 2256 1902 παρ’
2308 1825 2474 1882 αὐτοῦ
2532 1825 2877 1883 θεόπνευστοί
2937 1828 3093 1897 εἰσιν,
3143 1828 3194 1882 τί
3250 1827 3308 1882 ἂν
3370 1826 3511 1884 ἄλλο
3573 1826 3657 1899 εἴη
3721 1829 3787 1885 τὸ

2130 1915 2352 1988 Πνεῦμα
2398 1916 2432 1985 ἣ
2489 1915 2657 1986 Θεός;
2711 1913 2910 1973 Μακεδ.
2961 1917 3070 1985 Τὴν
3115 1921 3214 1972 τοῦ
3261 1922 3396 1973 Θεοῦ
3428 1914 3783 1973 διδασκαλίαν

2127 2001 2450 2074 διηκόνησεν
2507 2006 2667 2078 ἡμῖν,
2725 2004 2815 2059 καὶ
2864 2003 2953 2060 διὰ
2997 2009 3160 2061 τοῦτο
3212 2006 3347 2075 αὐτὴ
3389 2009 3424 2077 ἡ
3460 2004 3790 2063 διδασκαλία

2126 2092 2475 2155 θεόπνευστος
2527 2091 2762 2169 λέγεται.
2814 2094 2962 2172 Ὀρθ.
3016 2092 3237 2164 Ἐπειδή
3283 2094 3377 2150 καὶ
3426 2096 3454 2150 6
3485 2095 3785 2170 ἁγιασμὸς,

2128 2180 2186 2238 ὅν
2218 2181 2428 2258 ἁγιάζει
2485 2180 2573 2237 καί
2619 2185 2768 2256 ἡμᾶς
2814 2185 2878 2239 τὸ
2941 2185 3183 2257 Πνεῦμα,
3243 2188 3378 2240 Θεοῦ
3435 2183 3574 2239 ἐστιν
3630 2184 3762 2258 ἀγια

2129 2272 2289 2346 σμὸς,
2350 2270 2449 2327 οὐκ
2493 2270 2633 2328 ἔστιν
2686 2271 2850 2328 αὐτοῦ
2896 2277 2994 2329 τοῦ
3046 2273 3365 2347 ΙΙνεῦματος
3417 2275 3446 2330 6
3479 2273 3788 2351 ἅγιασμός;

2128 2358 2331 2418 Μακεδ.
2378 2361 2502 2435 Ναὶ,
2553 2361 2643 2417 καὶ
2693 2361 2856 2419 αὐτοῦ
2897 2367 2995 2418 τοῦ
3044 2363 3366 2436 ΙΙνεόματός
3396 2362 3538 2419 ἐστιν
3567 2364 3595 2418 6
3629 2365 3787 2439 ἁγια-

2131 2450 2287 2525 σμός.
2348 2455 2496 2526 Ὀρθ.
2567 2454 2771 2528 ’Ὠσπερ
2825 2450 2916 2507 οῦν
2979 2451 3007 2506 6
3065 2453 3334 2528 ἁγιασμὸς
3391 2453 3630 2529 Πατρὸς,
3688 2453 3785 2507 καὶ

2128 2543 2281 2608 Υἱοῦ,
2310 2540 2399 2596 καὶ
2458 2540 2614 2618 ἁγίου
2661 2539 2979 2614 Πνεῦματός
3026 2540 3188 2614 ἐστιν,
3240 2540 3413 2604 οὕτως
3459 2541 3550 2597 καὶ
3598 2544 3633 2611 ἡ
3667 2541 3789 2597 Θεία

2129 2634 2341 2708 Γραφή.
2389 2631 2452 2687 Ἡ
2500 2628 2678 2685 τοίνυν
2729 2627 3053 2686 διδασκαλία
3101 2631 3337 2706 Πατρὸς,
3384 2630 3474 2685 καὶ
3505 2631 3657 2698 Υἱοῦ,
3690 2631 3789 2686 καὶ

2133 2718 2284 2794 ἁγίου
2315 2717 2621 2793 Πνεόματός
2669 2718 2831 2775 ἐστιν.
2874 2718 3234 2781 Θεόπνευστος
3273 2717 3331 2775 δὲ
3359 2721 3394 2790 ἠ
3427 2720 3614 2798 Γραφὴ
3650 2720 3795 2793 ὁμο-

2134 2804 2379 2882 λογεῖται
2446 2806 2593 2881 παρᾶ
2636 2807 2716 2878 τῷ
2766 2806 2903 2881 ἁγίῳ
2954 2804 3179 2880 Παύλῳ·
3230 2807 3361 2869 Θεὸς
3413 2804 3516 2883 ἄρα
3572 2809 3794 2882 Πατὴρ,

2132 2895 2221 2951 καὶ
2280 2895 2423 2966 Υἱὸς,
2483 2895 2573 2950 καὶ
2621 2896 2775 2971 ἅγιον
2821 2898 3061 2969 Πνεῦμα.
3116 2896 3208 2951 Διὸ
3253 2897 3344 2951 καὶ
3398 2894 3610 2973 εἷ’ρηται
3642 2898 3794 2973 παρᾶ

2132 2988 2248 3044 τοῖς
2277 2985 2604 3061 προφήταις·
2640 3007 2668 3035 cr
2702 2983 2801 3038 Καὶ
2833 2980 3042 3039 ἔσονται
3076 2985 3270 3048 πάντες
3303 2982 3546 3040 διδακτοὶ
3574 2990 3729 3042 Θεοῦ.
3762 3010 3791 3037 ››

2139 3070 2346 3129 Mante-.8.
2409 3077 2520 3134 Πᾶς
2577 3073 2605 3126 6
2669 3073 2853 3144 μαθὼν
2917 3072 3063 3149 παρᾶ
3116 3077 3215 3128 τοῦ
3264 3073 3478 3151 Πατρὸς
3537 3070 3795 3137 διδακτὸς

2136 3167 2270 3218 Θεοῦ
2318 3160 2521 3219 ἀκούει.
2584 3163 2735 3235 Ὀρθ.
2784 3163 2986 3240 Ὥσπερ
3037 3164 3065 3218 6
3096 3159 3454 3239 ἀγιαζὸμενος
3507 3164 3654 3241 παρὰ
3688 3168 3792 3219 τοῦ

366 3254 588 3311 militer
617 3272 651 3311 a
677 3255 899 3328 Spiritu
936 3260 1142 3312 sancto
1176 3255 1298 3312 :ita
1328 3255 1428 3328 qui
1462 3255 1668 3311 didicit
1698 3273 1729 3311 a
1760 3260 1952 3320 Patre,
1994 3271 2020 3310 ο

2138 3250 2357 3327 ΙΙατρὸς
2433 3249 2524 3305 γαὶ
2608 3248 2759 3322 Υἱοῦ,
2837 3251 3109 3327 ἁγιάζεται
3180 3251 3388 3324 ὁμοίως
3485 3253 3576 3308 καὶ
3650 3254 3804 3329 παρὰ

366 3341 510 3399 Filio
543 3358 778 3416 quoque
808 3343 1002 3414 discit,
1040 3346 1098 3398 et
1129 3360 1163 3398 a
1189 3342 1407 3415 Spiritu
1441 3347 1643 3397 sancto
1677 3358 1691 3396 :
1727 3342 2021 3413 siquidem

363 3447 497 3487 eum
544 3432 759 3488 dixerit
806 3432 1079 3488 Christus
1120 3448 1133 3487 :
1169 3453 1199 3481 «
1230 3432 1354 3487 Non
1387 3448 1490 3487 vos
1516 3431 1660 3486 estis
1690 3432 1793 3502 qui
1828 3429 2023 3503 loqui-

369 3521 536 3588 mini,
555 3522 659 3577 sed
688 3520 945 3593 Spiritus
972 3520 1162 3577 Patris
1191 3520 1393 3586 vestri,
1421 3520 1524 3592 qui
1552 3519 1814 3591 loquitur
1843 3521 1901 3574 in
1924 3535 2023 3574 vo-

368 3609 461 3665 bis
491 3610 556 3666 ”.
586 3631 614 3661 η
650 3610 902 3665 Sanctus
933 3610 1149 3666 Paulus
1180 3609 1325 3665 dicit
1352 3625 1366 3663 :
1392 3631 1420 3659 ‹‹
1442 3611 1524 3663 An
1558 3608 2022 3681 experimentum

369 3696 631 3771 quaeritis
661 3699 793 3769 ejus
825 3698 925 3771 qui
957 3691 1219 3769 loquitur
1246 3699 1304 3752 in
1339 3713 1433 3753 me
1469 3697 1684 3753 Christi
1716 3696 1804 3751 9‘?
1832 3717 1861 3748 »
1914 3702 2029 3751 Au-

371 3788 466 3844 dis
497 3786 712 3843 Cbristi
744 3787 1070 3843 doctrinam
1104 3802 1233 3842 esse
1270 3803 1338 3843 ea
1371 3803 1500 3857 quae
1540 3785 1803 3857 loquitur
1838 3786 2025 3858 Spiri-

367 3879 467 3930 tus
501 3891 514 3928 :
548 3880 607 3930 et
638 3875 828 3932 Patris
859 3876 1189 3931 doctrinam
1222 3890 1374 3943 esse,
1405 3891 1473 3930 ea
1515 3890 1645 3946 quas
1672 3874 1941 3930 Christus
1971 3878 2029 3929 et

373 3964 631 4037 Spiritus
664 3964 1008 4037 loquuntur.
1041 3965 1203 4030 Quod
1236 3964 1284 4019 si
1329 3966 1411 4019 ita
1453 3968 1564 4032 est,
1596 3980 1722 4035 quas
1765 3963 2028 4035 loquitur

370 4053 555 4123 Pater,
586 4057 643 4109 et
674 4052 877 4126 Filius,
906 4058 964 4109 et
992 4053 1244 4126 Spiritus
1274 4058 1536 4121 sanctus,
1558 4056 1697 4109 sunt
1726 4053 2027 4125 Scriptura

369 4158 404 4197 a
431 4141 549 4197 Deo
579 4140 889 4213 inspirata.

438 4320 529 4376 22.
561 4320 771 4376 Maced.
822 4322 966 4378 Cum
1016 4336 1153 4394 ergo
1206 4320 1350 4377 dicit
1397 4321 1585 4387 Pater,
1627 4342 1655 4371 «
1687 4320 1791 4377 Hie
1821 4325 1911 4377 est
1943 4322 2029 4377 Fi-

371 4408 490 4465 lius
512 4425 679 4466 meus
702 4409 970 4474 dilectus,
995 4411 1055 4465 in
1081 4427 1197 4483 quo
1221 4410 1367 4466 mihi
1391 4411 1543 4466 bene
1563 4410 1889 4482 complacui
1913 4411 1978 4476 π,
2000 4432 2029 4462 ››

372 4498 482 4554 hoc
512 4498 657 4554 dicit
684 4498 874 4568 Pater,
907 4499 1115 4567 Filius,
1145 4504 1203 4555 et
1245 4498 1504 4572 Spiritus
1551 4503 1815 4555 sanctus.
1868 4499 2025 4556 Orth.

372 4587 646 4651 Quasdam
678 4593 819 4643 sunt
836 4605 1005 4645 voces
1026 4589 1271 4659 proprias
1301 4588 1578 4659 Patris,et
1605 4588 1871 4660 quaedam
1896 4604 2027 4659 pro-

2201 3339 2230 3352 υ

2134 3340 2232 3397 τοῦ
2283 3340 2621 3414 Πνεῦματος·
2687 3341 2860 3404 οὕτως
2908 3343 2937 3396 6
2988 3344 3170 3416 μαθὼν
3228 3342 3375 3415 παρᾶ
3434 3344 3647 3418 Πατρὸς
3704 3345 3802 3399 καὶ

2135 3431 2288 3503 Υἱοῦ,
2344 3430 2436 3486 καὶ
2499 3433 2661 3506 ἁγίου
2714 3431 3030 3504 Πνεύματος
3111 3432 3387 3504 μανθάνει·
3449 3432 3644 3504 ἀμέλει
3699 3438 3804 3489 τοῦ

2133 3521 2369 3595 Χριστοῦ
2425 3519 2732 3593 εἰρηκότος,
2775 3519 2857 3575 ὅτι
2912 3543 2940 3573 ‹‹
2966 3520 3081 3578 Οὐκ
3112 3519 3230 3575 ἐστὶ
3262 3521 3418 3593 ὑμεῖς
3471 3523 3522 3577 o't
3554 3519 3798 3577 λαλοῦν-

2131 3629 2242 3677 τες,
2277 3607 2425 3664 ἀλλᾶ
2451 3609 2514 3663 τὸ
2545 3611 2768 3682 Πνεῦμα
2795 3613 2892 3663 τοῦ
2941 3610 3154 3684 Πατρὸς
3199 3608 3352 3682 ὐμῶν
3403 3611 3467 3665 τὸ
3499 3606 3704 3667 λαλοῦν
3740 3610 3796 3667 ἒν

2137 3698 2287 3770 ὑμῖν,
2348 3720 2377 3748 ››
2424 3698 2452 3752 6
2507 3700 2661 3772 ἅγιος
2707 3696 2925 3759 Παῦλος
2972 3696 3140 3775 λέγει·
3191 3722 3221 3751 ‹‹
3270 3699 3344 3755 Ἢ
3393 3696 3629 3773 δοκιμὴν
3675 3702 3795 3775 (34)

2138 3791 2348 3857 ζητεῖτε
2372 3790 2470 3841 τοῦ
2502 3785 2555 3842 ἐν
2590 3783 2713 3860 ἐμοὶ
2753 3785 3055 3849 λαλοῦντος
3103 3789 3380 3863 Χριστοῦ;
3432 3812 3461 3841 ››
3521 3788 3794 3861 Ἀκούεις,

2135 3873 2218 3930 ὅτι
2277 3873 2502 3930 ἂλαλεῖ
2553 3876 2617 3930 τὸ
2667 3879 2913 3949 Πνεῦμα,
2964 3876 3200 3949 Χριστοῦ
3259 3873 3584 3933 διδασκαλία
3627 3875 3794 3933 ἐστίν·

2133 3964 2225 4020 καὶ
2285 3963 2318 4019 ἂ
2365 3961 2526 4019 λαλεῖ
2574 3965 2806 4040 Χριστὸς
2856 3964 2949 4020 καὶ
2993 3965 3059 4020 τὸ
3111 3969 3356 4039 Πνεῦμα,
3400 3967 3611 4041 Πατρὸς
3642 3963 3797 4022 διδα-

2134 4051 2334 4110 σκαλία
2388 4052 2547 4109 ἐστίν.
2600 4054 2667 4111 E't
2725 4051 2785 4109 δὲ
2837 4057 3022 4121 τοῦτο,
3079 4054 3184 4129 ἄρα
3234 4054 3267 4109 ἃ
3298 4052 3518 4111 λαλεῖό
3579 4056 3792 4130 Πατὴρ,

2134 4142 2224 4199 καὶ
2284 4143 2313 4198 6
2372 4142 2518 4212 Υἱὸς,
2595 4142 2682 4198 καὶ
2744 4143 2808 4198 τὸ
2873 4143 3115 4217 Πνεῦμα,
3188 4142 3536 4206 θεόπνευστος
3604 4147 3792 4223 Γραφή

2135 4232 2305 4289 ἐστιν.
2732 4282 2744 4298 ,

2205 4324 2298 4378 22.
2341 4318 2548 4379 Μακεδ.
2603 4322 2765 4376 Ὅταν
2821 4319 2913 4376 οὖν
2979 4320 3116 4397 λέγῃ
3175 4322 3205 4377 6
3257 4322 3472 4397 Πατήρ·
3534 4346 3564 4376 ct
3620 4321 3799 4388 Οὗτός

2137 4410 2279 4467 ἐστιν
2312 4411 2340 4466 6
2370 4410 2496 4473 Υἱός
2531 4431 2636 4483 μου
2666 4411 2694 4464 6
2726 4409 3095 4486 ἀγαπητὸς,ἐν
3127 4411 3174 4484 ᾧ
3204 4409 3546 4483 ηὐδόκησα·»
3579 4414 3801 4490 Πατὴρ,

2137 4500 2227 4555 καὶ
2273 4500 2420 4567 Υἱὸς,
2463 4498 2555 4554 καὶ
2603 4500 2753 4574 ἅγιον
2807 4504 3028 4573 Πνεῦμα
3074 4505 3237 4556 τοῦτο
3270 4499 3440 4576 λέγει.
3493 4508 3640 4577 Ὀρθ.
3672 4504 3799 4561 Elei

2140 4588 2313 4667 φωναὶ
2375 4584 2508 4643 ἴδιαι
2563 4592 2660 4643 τοῦ
2718 4589 2952 4666 Ιῐατρὸς,
3008 4589 3098 4644 καὶ
3145 4591 3248 4646 εἱσὶ
3299 4591 3473 4661 φωναὶ
3503 4589 3642 4648 ἴδιαι
3698 4598 3798 4648 τοῦ

375 4675 514 4748 prias
542 4692 712 4732 voces
735 4676 953 4742 Filii,et
978 4678 1244 4749 quasdam
1262 4694 1434 4733 voces
1455 4676 1713 4749 Spiritus
1741 4678 1989 4749 propriae
2015 4695 2020 4733 :

2139 4679 2290 4745 Υἱοῦ,
2348 4677 2439 4732 καὶ
2499 4677 2600 4733 εἶσὶ
2658 4678 2831 4756 φωναὶ
2880 4675 3015 4733 ἴδιαι
3062 4683 3162 4735 τοῦ
3195 4680 3534 4754 Πνεύματος·
3568 4682 3658 4737 καὶ
3691 4681 3795 4737 εἰσί

373 4768 517 4820 sunt
547 4768 605 4819 et
632 4766 903 4836 quaedam
938 4766 1120 4834 Patri,
1156 4772 1213 4822 et
1245 4766 1408 4833 Filio,
1440 4771 1500 4821 et
1526 4765 1769 4838 Spiritui
1827 4771 2031 4821 sancto

2137 4766 2315 4822 κοιναὶ
2377 4767 2612 4842 Πατρὸς,
2668 4768 2819 4839 Υἱοῦ,
2866 4767 2957 4823 καὶ
3017 4768 3174 4842 ἁγίου
3234 4768 3577 4841 ῐῐνεῦματος.
3627 4772 3797 4829 ’Όταν

380 4869 749 4910 communes.
782 4855 924 4910 Cum
959 4855 1159 4925 igitur,
1192 4860 1261 4910 ut
1303 4860 1366 4911 tu
1414 4856 1580 4928 prius
1610 4855 1829 4926 dixisti,
1866 4855 2020 4911 Pater

2140 4855 2230 4912 οὖν
2266 4856 2399 4931 λέγῃ
2431 4858 2549 4927 (35)
2584 4857 2612 4911 6
2644 4858 2857 4932 Πατὴρ,
2892 4857 2966 4919 ὡς
2997 4852 3295 4932 προλαϐὼν
3343 4855 3585 4934 ενρηκας,
3621 4883 3650 4911 ‹‹
3683 4860 3795 4917 05-

372 4941 585 5015 inquit,
611 4964 639 4993 «
664 4942 769 4998 Hic
799 4949 890 4998 est
931 4943 1114 4999 Filius
1146 4960 1314 5000 meus
1343 4944 1613 5011 dilectus,
1646 4945 1703 4999 in
1736 4960 1852 5016 quo
1885 4945 2025 5001 mihi

370 5032 519 5088 bene
549 5032 901 5105 complacui,
940 5054 967 5082 »
1001 5032 1120 5088 haec
1169 5039 1260 5090 est
1288 5034 1478 5107 ipsius
1509 5034 1698 5091 Patris
1728 5051 1851 5089 vox.
1885 5034 2027 5090 [tem

369 5137 505 5177 cum
540 5121 756 5195 inquit,
817 5144 845 5171 α
905 5126 1048 5179 Ecce
1105 5139 1252 5195 puer
1302 5139 1472 5180 meus
1513 5124 1786 5191 dilectus,
1817 5123 1875 5177 in
1910 5139 2027 5194 quo

368 5211 730 5284 complacuit
776 5211 974 5268 anima
1018 5228 1195 5268 mea:
1245 5228 1461 5284 ponam
1509 5211 1790 5285 Spiritum
1827 5227 2023 5267 meum

2134 4945 2230 5007 τός
2269 4944 2409 5000 ἐστιν
2462 4947 2490 5001 ὁ
2537 4946 2662 5008 Υἱός
2713 4968 2818 5021 μου
2850 4947 2878 5001 6
2911 4946 3211 5022 ἀγαπητὸς,
3246 4946 3298 5001 ἐν
3330 4948 3376 5020 ᾧ
3423 4945 3727 5019 ηὐδόκησα.
3763 4973 3793 5001 n

2136 5033 2301 5090 αὐτοῦ
2348 5039 2445 5089 τοῦ
2476 5035 2688 5109 Πατρός
2733 5034 2844 5091 ἐστι
2892 5038 3071 5114 φωνή.
3104 5036 3205 5091 Καὶ
3235 5037 3444 5110 ὁμοίως
3473 5036 3602 5092 ὅταν
3636 5036 3788 5113 λέγῃ,

2136 5148 2165 5176 ι(
2199 5120 2340 5179 Ἰδοὺ
2398 5124 2427 5178 6
2487 5126 2621 5187 Παῖς
2673 5145 2777 5197 μου
2824 5126 2853 5180 6
2891 5125 3172 5200 ἀγαπητὸς
3216 5125 3268 5181 ἐν
3318 5126 3363 5199 ᾧ
3408 5123 3694 5195 εὐδόκησεν
3750 5127 3782 5193 ἡ

2134 5214 2288 5286 ψυχή
2353 5229 2478 5284 μου·
2540 5213 2692 5282 θήσω
2741 5213 2804 5267 τὸ
2859 5214 3083 5287 Πνεῦμά
3132 5235 3238 5287 μου
3288 5214 3371 5270 ἐπ’
3408 5211 3587 5269 αὐτόν·
3634 5238 3662 5265 υ
3695 5211 3788 5268 καὶ

438 5396 482 5435 ²¹
515 5396 683 5456 Rom.
714 5413 807 5464 xv,
841 5396 930 5467 18,
960 5398 1049 5454 19.
1123 5397 1172 5434 ἐ
1202 5398 1314 5456 Isa.
1346 5413 1460 5467 LIV,
1492 5398 1579 5454 15.
1655 5397 1699 5434 ³³
1731 5396 1932 5455 Matth.
1968 5414 2020 5467 x,

2134 5438 2146 5452 .
2223 5398 2270 5433 ³⁸
2299 5397 2347 5455 ΙΙ
2376 5402 2501 5457 Cor.
2534 5414 2662 5469 xm,
2693 5399 2747 5455 3.
2822 5400 2867 5437 ³⁸
2895 5399 3099 5459 Matth.
3133 5418 3217 5475 ιιι,
3252 5402 3338 5458 17.

444 5572 551 5643 (32)
584 5570 947 5650 Pos_t_1:épat_a
977 5573 1037 5630 in
1086 5573 1261 5650 editis
1303 5571 1521 5647 legitur
1552 5568 1691 5650 dives
1719 5577 1817 5629 τοῦ
1848 5572 2021 5630 Πνεύ-

385 5664 574 5715 ματος.
609 5647 707 5701 sed
739 5645 861 5701 haec
890 5647 1105 5705 desunt
1134 5647 1191 5701 in
1228 5645 1701 5702 mssfomnibus.

446 5716 559 5794 (ἓὲ)
593 5716 927 5794 Ρεξι-νηόρρ·
975 5716 1178 5794 ιὲἑγεές.
1210 5735 1303 5794 ῖοες
1350 5715 1772 5794 “harpasta
1799 5716 1965 5794 ,Λέγει
1997 5717 2026 5771 δ

388 5780 609 5843 Παῦλος
639 5785 673 5853 ἢ
703 5781 763 5839 οὔ
788 5802 802 5853 ;
836 5780 1036 5842 Μακεδ.
1061 5780 1199 5843 Ναί.
1232 5788 1383 5862 Ὀρθ.
1412 5780 1625 5851 Ταύτας
1662 5780 1729 5843 ’δὲ
1756 5788 1850 5850 τὰς
1880 5780 2024 5850 ὁείας

2134 5573 2349 5653 Γραφᾶς
2382 5574 2768 5640 θεοπνεύστους
2809 5574 2955 5657 λέγει
2986 5579 3207 5645 Παῦλος
3235 5582 3269 5651 ἣ
3299 5577 3362 5637 οῦ
3390 5600 3403 5653 ;
3436 5579 3641 5640 Μακεδ.
3674 5581 3796 5640 Ναί.

2136 5649 2269 5701 Οοθ.
2304 5646 2433 5701 Θεὸς
2464 5645 2588 5701 ἄρα-
2620 5654 2731 5701 etc.

2136 5649 2270 5721 Ορθξ
2304 5649 2433 5708 Θεὸς
2464 5649 2588 5724 ἀρα,
2620 5654 2731 5706 etc.
2887 5649 2898 5657 ’
3260 5649 3266 5651 ’
3391 5649 3399 5653 ⁷

2352 5718 2558 5802 Palat,
2596 5720 2688 5802 _El_
2723 5718 2982 5802 δοκιμήν.
3034 5725 3185 5784 Editi
3241 5742 3402 5799 vero,
3447 5726 3518 5785 "H
3550 5721 3789 5802 δοκιμήν

2228 5720 2317 5785 34)
2352 5720 2558 5790 Palat.,
2616 5720 2679 5774 El
2728 5720 2982 5795 δοκιμνίν.

2207 5720 2322 5864 les)
2355 5791 2558 5864 Palat.,
2595 5792 2693 5848 Καὶ
2718 5792 2840 5851 ὅταν
2877 5760 3030 5873 λέγῃ.
