4116 6372
341 481 496 543 £237

1295 476 1397 537 DE
1439 475 1743 536 SANC'I‘A
1784 477 2212 537 TRINITATE
2260 477 2647 539 DIALOGUS
2693 476 2801 537 ΠΙ.

3605 476 3761 540 1238

340 633 427 667 σαι
481 612 752 680 τοιαῦται,
809 609 976 664 αὐτοῦ
1030 610 1127 663 τοῦ
1182 605 1393 684 Πατρός
1455 607 1584 662 εἰσιν
1635 604 1791 665 ἴδιαι.
1823 609 1975 664 Ὀτακ

2104 625 2283 682 super
2311 610 2506 682 ipsum
2539 611 2603 678 9°,
2641 633 2668 659 ››
2700 614 2759 667 et
2787 609 3011 666 similes
3043 609 3168 665 alite
3199 624 3385 677 voces,
3417 608 3607 681 ipsius
3649 609 3751 664 Pa-

339 701 396 758 δὲ
427 700 562 777 λέγῃ
594 703 705 775 (36)
738 703 765 754 ὁ
797 701 944 773 Υἱὸς,
981 725 1007 751 ‹‹
1040 699 1266 775 ’Ώρυξαν
1300 699 1490 774 χεῖράς
1538 720 1640 770 μου
1684 697 1773 753 καὶ
1823 695 1992 760 πόδας

341 813 469 866 μου,
504 790 653 845 »καὶ
709 789 826 844 ὅσαι
881 793 1150 858 τοιαῦται,
1211 793 1304 842 τοῦ
1365 791 1600 863 Χριστοῦ
1635 788 1735 842 εἱσι
1794 786 1990 864 φωναί.

336 879 496 940 Οὕτω
552 879 642 934 καὶ
699 884 796 934 τοῦ
855 879 1172 951 ΙΙνεύματος
1203 875 1336 932 ἴδιαί
1371 877 1470 931 εἱσι
1505 899 1570 955 φη
1594 877 1696 931 ναί’
1733 878 1806 939 ὡς
1862 875 1986 931 ὅταν

336 971 474 1045 λέγῃ
531 969 558 1024 ὀ
606 964 872 1045 Ἄγαϐος·
921 993 948 1020 ‹‹
996 965 1132 1023 Τάδε
1175 965 1319 1043 λέγει
1368 968 1430 1021 τὸ
1472 971 1691 1038 Πνεῦμα
1720 967 1782 1022 τὸ
1815 968 1986 1041 ἅγιον·

330 1061 432 1115 Τὸν
484 1057 652 1132 ἄνδρα
706 1063 919 1128 τοῦτον,
982 1057 1043 1112 οὗ
1096 1058 1236 1112 ἐστιν
1296 1060 1331 1126 ἡ
1404 1058 1546 1126 ζώνη
1609 1056 1766 1125 αὕτη,
1814 1055 1986 1118 οὕτως

333 1147 614 1220 δήσουσιν.
671 1173 698 1200 ››
757 1153 930 1204 Πᾶσαι
982 1144 1039 1202 δε
1096 1145 1270 1216 αὗται,
1324 1147 1668 1210 θεόπνευστοι
1710 1145 1984 1220 λέγονται,

333 1237 423 1294 διὰ
479 1239 544 1293 τὸ
595 1237 683 1292 καὶ
732 1238 826 1299 τὰς
878 1240 974 1292 τοῦ
1023 1237 1233 1310 Πατρὸς
1285 1241 1419 1291 Θεοῦ
1451 1238 1582 1291 εἶναι
1633 1236 1838 1313 φωνὰς,
1896 1236 1986 1290 καὶ

331 1330 428 1390 τὰς
476 1332 574 1382 τοῦ
622 1327 752 1382 Υἶοῦ
802 1331 935 1381 Θεοῦ
989 1326 1122 1380 εἶναι
1174 1325 1378 1404 φωνὰς,
1426 1326 1518 1380 καὶ
1566 1328 1659 1380 τὰς
1691 1330 1788 1380 τοῦ
1826 1325 1986 1381 Πνεῦ-

341 1439 504 1492 ματος
564 1421 698 1472 Θεοῦ
751 1415 879 1471 εἶναι
931 1415 1132 1494 φωνάς.
1187 1413 1385 1470 Mam-:3.
1432 1416 1520 1484 Μὴ
1551 1415 1797 1490 γένοιτοέ
1834 1416 1983 1490 Ὀρθ.

338 1507 542 1564 Οὐκοῦν
601 1505 718 1560 εἷπὶ
935 1504 1028 1566 τὰς
1085 1505 1180 1577 μὲν
1239 1506 1371 1559 εἶναι
1433 1504 1818 1565 θεοπνεύστους
1869 1502 1984 1576 (τὰς

337 1594 393 1650 δὲ
425 1592 528 1669 οῦ)·
573 1594 665 1649 καὶ
731 1593 942 1668 μέμψαι
991 1598 1068 1665 τῷ
1116 1593 1253 1669 ἁγίῳ
1315 1593 1519 1666 Παύλῳ
1560 1595 1820 1668 γράψαντι
1872 1604 1986 1656 θεο-

326 1684 624 1746 πνεύστους
659 1684 750 1747 τὰς
785 1684 956 1746 πάσας
998 1685 1233 1761 Γραφάς.
1284 1680 1488 1741 Μακεδ.
1524 1686 1592 1736 Ἦ
1623 1683 1738 1750 οῦν,
1794 1679 1980 1750 ἐπειδή

322 1795 449 1830 τινα
509 1773 730 1851 ῥήματα
782 1777 891 1828 τῶν
946 1772 1114 1848 ἁγίων
1176 1772 1307 1827 εἲσὶν
1367 1771 1416 1825 ἐν
1496 1770 1680 1834 αὐταῖς
1737 1771 1824 1826 καὶ
1872 1776 1979 1826 τῶν

325 1859 538 1920 ἀσεϐῶν
570 1863 658 1918 καὶ
711 1861 1053 1937 ἁμαρτωλῶν
1100 1863 1418 1937 ἀνθρώπων,
1463 1860 1551 1916 διὰ
1589 1865 1750 1916 τοῦτο
1807 1861 1895 1915 καὶ
1930 1863 1982 1916 οἱ

2101 699 2210 755 tris
2261 704 2402 755 sunt
2427 699 2690 772 propriae.
2715 703 2786 754 At
2825 717 2957 755 cum
2990 699 3132 754 dicit
3161 698 3362 766 Filius,
3395 722 3423 748 «
3459 699 3753 754 Foderunt

2102 805 2311 844 manus
2345 805 2506 844 meas
2538 794 2594 844 et
2621 791 2796 861 pedes
2828 806 2987 844 meos
3019 791 3199 856 9",»et
3229 789 3278 844 si
3311 805 3438 859 quae
3470 793 3609 843 sunt
3626 788 3752 844 alia:

2101 877 2345 949 similes,
2369 879 2582 935 Christi
2615 884 2752 934 sunt
2782 892 2972 934 voces.
2999 879 3083 933 Ita
3113 879 3286 933 etiam
3318 879 3581 947 quaedam
3615 882 3751 934 sunt

2100 967 2355 1038 Spiritus
2419 968 2661 1040 propriae
2731 985 2920 1035 voces,
2980 973 3044 1023 ut
3099 984 3233 1022 cum
3273 967 3414 1022 dicit
3465 968 3747 1038 Agabus:

2105 1056 2261 1111 chec
2295 1057 2434 1112 dicit
2461 1057 2710 1129 Spiritus
2737 1062 2981 1113 sanctus
3017 1075 3028 1112 :
3064 1057 3228 1111 Hunc
3258 1056 3642 1127 virum,cujus
3663 1062 3750 1112 est

2098 1145 2216 1201 haec
2249 1165 2416 1218 zona,
2452 1148 2533 1202 sic
2567 1147 2894 1219 alligabunt
2939 1149 3002 1201 ³⁸.
3043 1169 3063 1195 ι
3101 1147 3314 1202 Omnes
3370 1150 3564 1202 autem
3621 1146 3747 1202 istze

2096 1252 2264 1291 voces
2323 1237 2604 1291 dicuntur
2661 1254 2695 1291 a
2732 1242 2839 1290 Deo
2871 1237 3190 1308 inspirata),
3225 1237 3499 1306 quoniam
3534 1239 3590 1289 et
3621 1252 3749 1307 quas

2098 1324 2284 1380 Patris
2316 1331 2473 1391 sunt,
2506 1326 2605 1380 Dei
2639 1331 2777 1381 sunt
2805 1343 2974 1381 voces
3007 1343 3020 1382 :
3054 1330 3111 1380 et
3139 1342 3267 1396 qure
3301 1323 3427 1380 Filii
3461 1328 3620 1388 sunt,
3646 1324 3748 1380 Dei

2098 1420 2236 1469 sunt
2267 1431 2430 1470 voces
2466 1432 2479 1471 :
2511 1420 2566 1470 et
2599 1433 2723 1486 quae
2755 1415 3010 1487 Spiritus
3039 1418 3197 1480 sunt,
3231 1414 3329 1468 Dei
3361 1417 3501 1468 sunt
3554 1430 3745 1472 voces.

2096 1504 2295 1560 Mared.
2331 1505 2526 1560 Absit!
2561 1505 2715 1563 Orlh.
2756 1505 2852 1560 Dic
2883 1504 3063 1576 igitur
3094 1503 3378 1575 quasdam
3411 1502 3745 1575 Scripturas

2095 1607 2224 1647 esse
2269 1609 2301 1646 a
2331 1593 2446 1647 Deo
2479 1594 2813 1665 inspiratas,
2847 1594 3132 1664 quasdam
3162 1608 3297 1647 vero
3320 1608 3434 1646 non
3465 1590 3604 1646 item
3643 1609 3654 1646 :
3689 1597 3747 1647 et

2094 1681 2341 1737 Paulum
2372 1682 2712 1755 incusa,qui
2746 1683 3076 1754 Scripturas
3107 1683 3412 1737 universas
3443 1697 3476 1736 a
3506 1679 3623 1736 Deo
3653 1681 3743 1736 in-

2091 1771 2344 1843 spiratas
2372 1787 2500 1828 esse
2530 1771 3228 1844 scripserit.Maced.Num
3259 1771 3441 1842 igitur
3461 1768 3740 1841 quoniam

2091 1860 2150 1915 in
2181 1862 2496 1932 Scripturis
2525 1867 2664 1918 sunt
2695 1863 2961 1935 quaedam
2997 1864 3334 1917 sanctorum
3354 1860 3547 1928 verba,
3583 1876 3736 1930 quaa-

321 1949 540 2015 ἀσεϐεῖς
574 1953 662 2007 καὶ
696 1950 1016 2028 ἁμαρτωλοὶ
1061 1951 1172 2015 θεοί
1221 1950 1392 2019 siam;
1461 1952 1607 2026 Ὀρθ.
1658 1948 1839 2006 Ἀλλὰ
1889 1949 1975 2004 καὶ

2091 1951 2222 2006 dam
2255 1952 2430 2008 etiam
2459 1953 2773 2025 impiorum
2795 1957 2851 2008 et
2867 1952 3281 2008 sceleratorum
3300 1950 3739 2019 hominum,im-

317 2045 423 2104 τὰς
478 2047 576 2098 τοῦ
623 2043 831 2119 Πατρὸς
873 2043 1053 2119 φωνὰς
1105 2041 1192 2096 καὶ
1221 2041 1316 2102 τὰς
1345 2045 1443 2095 τοῦ
1474 2042 1601 2094 Υἳοῦ
1629 2041 1719 2095 καὶ
1751 2042 1844 2102 τὰς
1872 2045 1975 2095 τῶν

2090 2040 2214 2111 pios
2247 2059 2478 2113 quoque
2508 2047 2563 2097 et
2593 2042 2906 2099 sceleratos
2936 2043 3154 2096 idcirco
3186 2041 3402 2097 dixeris
3422 2057 3550 2096 esse
3571 2040 3738 2096 deos?

318 2131 517 2208 ἁγίων,
552 2132 639 2187 καὶ
668 2132 763 2194 τὰς
791 2135 898 2186 τῶν
933 2125 1140 2186 ἀσεϐῶν
1171 2130 1260 2185 καὶ
1294 2128 1656 2205 ἁμαρτωλῶν,
1705 2131 1768 2184 τὸ
1820 2127 1980 2184 Πνεῦ-

321 2243 406 2296 μα
436 2220 525 2276 διὰ
552 2225 663 2276 τῶν
694 2225 990 2298 προφητῶν
1021 2220 1110 2274 καὶ
1144 2218 1466 2274 ἀποστόλων
1502 2214 1746 2295 ἔγραψεν.
1777 2218 1850 2273 Οὐ
1873 2219 1975 2293 γὰρ

315 2314 463 2380 ἦσαν
496 2310 647 2366 αὐτοὶ
681 2311 732 2366 οἱ
763 2309 1078 2379 λαλοῦντες,
1110 2307 1258 2364 ἀλλὰ
1281 2309 1342 2362 τὸ
1379 2312 1595 2380 Πνεῦμα
1624 2312 1720 2362 τοῦ
1742 2307 1975 2384 Πατρός.

319 2396 536 2458 Μακεδ.
572 2399 750 2469 Δεῖξόν
789 2419 902 2472 μοι,
935 2401 1041 2453 ποῦ
1073 2401 1313 2476 φανερῶς
1337 2397 1464 2459 Θεὸς
1498 2395 1687 2472 εἷ’ρητα
1716 2398 1778 2451 τὸ
1810 2401 1978 2451 Πνεῦ-

325 2511 408 2563 μα
443 2489 507 2544 τὸ
541 2488 714 2563 ἅγιον.

400 2580 490 2634 23.
554 2579 704 2652 Ὀρθ.
762 2573 1086 2652 Ὁμολυγεῖς
1158 2577 1288 2637 ναὸς
1360 2575 1494 2629 εἶναι
1569 2580 1666 2629 τοῦ
1725 2581 1879 2642 Θεοῦ,
1941 2578 1974 2646 ἢ

323 2663 394 2722 οῦ
425 2669 575 2739 (38);
610 2663 811 2721 Μακεδ.
859 2665 980 2724 Ναί.
1017 2665 1115 2719 Καὶ
1145 2665 1243 2739 γὰρ
1291 2662 1499 2739 ενρηται
1526 2666 1672 2738 παρὰ
1699 2670 1794 2720 τοῦ
1827 2665 1978 2742 ἁγίου

324 2755 572 2814 Παύλουο
643 2779 668 2810 α
717 2755 832 2812 Οὐκ
879 2752 1085 2822 οἷ’δατε,
1145 2753 1228 2808 ὅτι
1275 2756 1340 2808 τὰ
1395 2755 1621 2826 σώματα
1674 2756 1823 2827 ὑμῶν
1855 2756 1978 2818 ναὸς

321 2849 424 2900 τοῦ
483 2844 535 2900 ἐν
589 2845 714 2916 ὑμῖν
773 2843 926 2918 ἀγίου
988 2842 1302 2916 ΙΙνεύματός
1351 2842 1510 2913 ἐστιν,
1562 2841 1625 2898 οὗ
1666 2840 1819 2920 ἔχετε
1874 2845 1979 2899 ἀπὸ

321 2938 500 3003 Θεοῦ;
558 2933 708 3005 Ὀρθ.
764 2938 872 2994 Πᾶς
917 2929 975 2986 δὲ
1019 2933 1169 3004 ναὸς,
1219 2936 1353 2987 Θεοῦ
1397 2931 1524 2994 ναός
1553 2932 1682 2987 ἐστι·
1718 2935 1846 2996 Θεὸς
1882 2937 1981 3009 ἄρα

319 3022 388 3077 τὸ
442 3025 676 3095 Πνεῦμα.
725 3018 927 3078 Μακεδ.
975 3019 1047 3074 Οὐ
1094 3018 1238 3097 λέγω
1287 3021 1414 3076 Θεὸν
1458 3021 1520 3076 τὸ
1555 3026 1788 3094 Πνεῦμα.
1822 3025 1976 3095 Ὀρθ.

323 3110 538 3169 Οὐκοῦν
599 3108 725 3166 οὐδὲ
781 3109 844 3164 σὺ
892 3109 1033 3171 ναός.
1075 3107 1282 3167 Μακεδ.
1331 3112 1443 3166 Τοῦ
1491 3115 1624 3166 Θεοῦ
1672 3111 1796 3173 ναός
1841 3110 1975 3185 εἷ’μι.

326 3202 478 3276 Ὀρθ.
555 3203 663 3254 Τοῦ
725 3199 1040 3273 Πνεύματος
1117 3196 1217 3267 οῦ;
1297 3196 1498 3255 Μακεδ.
1573 3199 1676 3256 Na?
1735 3200 1822 3254 καὶ
1881 3205 1978 3254 τοῦ

328 3289 662 3362 Πνεῦματος.
741 3289 889 3365 Ὀρθ.
956 3293 1098 3364 ’Ἄρα
1169 3289 1258 3343 καὶ
1336 3292 1557 3362 Πνεῦμα
1635 3292 1746 3361 (39)
1823 3289 1974 3352 Θεός.

2087 2131 2362 2188 0rth.Sed
2396 2136 2452 2187 et
2481 2133 2754 2202 Patris,et
2786 2131 3007 2204 Filii,et
3038 2131 3738 2206 sanctorum,itidemque

2086 2219 2403 2292 impiorum
2437 2224 2493 2276 et
2521 2221 2933 2276 sceleratorum
2956 2238 3124 2278 voces
3154 2221 3463 2293 descripsit
3491 2223 3740 2296 Spiritus

2089 2325 2192 2380 per
2222 2310 2536 2382 prophetas
2567 2314 2623 2365 et
2655 2310 2969 2380 apostolos.
3000 2311 3125 2365 Non
3156 2311 3312 2367 enim
3367 2311 3542 2367 locuti
3602 2317 3742 2369 sunt

2087 2398 2222 2470 ipsi,
2267 2399 2365 2453 sed
2397 2398 2650 2470 Spiritus
2682 2399 2890 2453 Patris.
2926 2399 3124 2454 Maced.
3158 2400 3409 2456 Ostende
3441 2401 3606 2472 mihi,
3638 2403 3738 2462 ubi

2088 2487 2342 2559 Spiritus
2373 2491 2614 2543 sanctus
2646 2487 2953 2543 manifeste
2983 2488 3214 2544 dicatur
3242 2489 3418 2546 Deus.

2161 2577 2318 2633 454
2345 2577 2432 2630 23.
2467 2576 2623 2634 Orth.
2660 2577 2881 2632 Fateris
2910 2581 2965 2632 te
2995 2594 3122 2632 esse
3155 2578 3248 2633 Dei
3283 2578 3590 2651 templum,
3637 2597 3744 2635 nn-

2093 2666 2253 2720 non‘?
2283 2666 2904 2721 MacedSaneDictum
2938 2671 3026 2721 est
3056 2667 3214 2722 enim
3247 2685 3279 2722 a
3310 2673 3510 2723 sancto
3541 2668 3740 2725 Paulo:

2091 2777 2120 2804 «
2151 2757 2235 2810 An
2275 2754 2489 2810 nesciis
2520 2770 2765 2826 corpora
2794 2759 2986 2810 vestra
3016 2773 3142 2812 csse
3171 2757 3457 2828 templum
3493 2758 3743 2830 Spiritus

2091 2843 2424 2916 sancti:qui
2453 2844 2510 2898 in
2545 2845 2706 2898 vobis
2737 2847 2903 2910 est,et
2929 2861 3101 2916 quem
3135 2862 3167 2900 a
3201 2846 3315 2901 Deo
3348 2847 3576 2903 habetis
3605 2849 3739 2902 ἐἴη

2088 2935 2242 2992 Orth.
2274 2933 2450 3004 Atqui
2481 2949 2652 2989 omne
2685 2933 2970 3005 templum
2996 2938 3085 2989 est
3110 2935 3207 2990 Dei
3239 2936 3551 3007 templum,
3605 2953 3742 3011 ergo

2089 3023 2344 3095 Spiritus
2370 3027 2608 3078 sanctus
2641 3027 2729 3078 est
2759 3023 2932 3079 Deus.
2975 3023 3177 3079 Maced.
3241 3024 3395 3097 Nego
3455 3025 3738 3097 Spiritum

2089 3129 2211 3168 esse
2244 3103 2632 3170 Deum.'0rth.
2658 3113 2828 3184 Ergo,
2854 3127 2925 3166 ne
2954 3117 3016 3167 tu
3051 3113 3286 3184 quidem
3321 3131 3382 3168 es
3411 3114 3742 3186 templum?

2086 3202 2286 3256 Marc/1.
2324 3202 2463 3255 Sum
2501 3200 2600 3256 Dei
2631 3200 2940 3273 templum.
2976 3202 3133 3258 Orth.
3165 3206 3372 3258 Annon
3404 3219 3540 3260 vero
3567 3204 3743 3276 Spiri-

2085 3293 2184 3346 tus
2215 3290 2546 3363 templum?
2587 3291 2782 3345 Maced.
2846 3291 2987 3345 Sum
3048 3295 3200 3346 certe
3255 3291 3504 3363 Spiritus
3560 3293 3740 3349 etiam

326 3375 529 3434 Μακεδ.
585 3361 814 3446 Ἐπειδὴ⁷
857 3377 946 3432 καὶ
999 3361 1217 3452 ἄγγελοι
1261 3361 1491 3449 ᾤκησαν
1525 3376 1576 3432 ἐν
1626 3383 1741 3440 τοῖς
1773 3378 1975 3453 ἀγίοις,

2089 3361 2400 3453 templum.
2459 3381 2617 3439 Orth.
2651 3381 2800 3452 Ergo
2831 3385 2887 3434 et
2917 3379 3171 3452 Spiritus
3203 3361 3495 3438 est—Deus.
3531 3384 3739 3441 Maced.

325 3465 509 3542 ὣσπερ
552 3468 581 3523 6
629 3469 919 3546 προφήτης
967 3465 1132 3543 λέγει.
1187 3491 1216 3520 ‹‹
1260 3465 1394 3522 Τάδε
1435 3465 1581 3544 λέγει
1624 3468 1650 3521 6
1684 3466 1917 3543 ἅγγελος
1948 3469 1976 3523 6

325 3554 512 3612 λαλῶν
562 3555 612 3611 ἐν
665 3554 808 3629 ἐμοί’
865 3580 894 3607 ››
938 3553 1026 3610 διὰ
1053 3560 1215 3612 τοῦτο
1244 3554 1333 3611 καί
1361 3555 1487 3619 τοὺς
1521 3555 1788 3633 ἀγγέλους
1823 3557 1978 3622 θεοὺς

323 3643 518 3721 λὲγω;
574 3648 726 3723 Ὀρθ.
784 3644 894 3700 Οὐκ
940 3645 1088 3722 ἔχεις
1142 3647 1235 3719 μὶν
1293 3644 1481 3718 δεῖξαι,
1533 3645 1614 3701 ὅτι
1667 3647 1739 3708 εἷς
1769 3647 1835 3716 ἦν
1867 3651 1974 3702 τῶν

318 3739 572 3810 γενητῶν
625 3735 875 3812 ἀγγέλων
929 3737 956 3791 6
1001 3733 1187 3790 λαλῶν
1222 3735 1272 3789 ἐν
1303 3740 1380 3808 τῷ
1409 3737 1680 3813 προφήτῃ.
1718 3738 1972 3812 ΙΙροαπο-

315 3823 594 3881 δὲδοικται
641 3825 767 3901 γὰρ,
813 3826 898 3880 ὃτι
947 3826 1038 3879 καὶ
1084 3826 1112 3880 6
1156 3825 1280 3886 Υἱὸς
1306 3822 1559 3900 ἄγγελος,
1591 3825 1679 3879 καὶ
1708 3825 1769 3880 τὸ
1804 3829 1973 3883 Πνεῦ-

317 3936 420 3987 μα.
456 3915 559 3969 Κᾶν
601 3911 736 3988 δοθῇ
787 3936 872 3968 σοι
920 3911 1010 3968 ἕνα
1055 3919 1163 3968 τῶν
1213 3918 1453 3988 γενητῶν
1496 3913 1748 3987 ἀγγέλων
1782 3912 1970 3970 λαλεῖν

313 4004 373 4059 ἐν
403 4007 483 4076 τῷ
513 4006 769 4081 προφήτῃ
821 4005 956 4078 (40),
1007 4001 1134 4058 ἀλλ’
1179 4002 1306 4078 οὐχὶ
1337 4003 1425 4057 καὶ
1457 4003 1581 4064 ναὸς
1611 4008 1707 4056 τοῦ
1739 4001 1972 4078 ἀγγέλου

311 4095 346 4148 ὁ
380 4095 694 4168 προφήτης.
731 4098 844 4154 Πᾶς
873 4092 976 4168 γὰρ
1029 4092 1178 4162 ναὸς,
1213 4096 1345 4147 Θεοῦ
1394 4091 1540 4152 ναός.
1577 4089 1798 4162 Ἐπειδή
1832 4092 1970 4160 εἰπὲ,

310 4186 426 4236 ποῦ
454 4189 556 4252 τῆς
618 4188 834 4259 Γραφῆς
891 4180 1104 4257 εἷ’ρηται
1151 4181 1276 4242 ναὸς
1324 4182 1351 4236 ὁ
1400 4183 1688 4259 προφήτης
1718 4182 1752 4250 ἢ
1783 4182 1810 4236 ὁ
1841 4181 1972 4237 ἀπό-

312 4270 536 4340 στολος,
584 4272 619 4340 ἢ
659 4269 898 4326 καθόλου
947 4267 1252 4344 ἅνθρωπος,
1298 4268 1556 4345 ἀγγέλου,
1590 4271 1624 4339 ἦ
1655 4291 1801 4332 τινος
1850 4269 1969 4325 κτί-

313 4381 544 4433 σματος.
608 4357 810 4418 Μακεδ.
872 4360 1000 4422 Θεὸς
1060 4360 1151 4414 οὗν
1207 4361 1270 4415 τὸ
1328 4362 1586 4432 Πνεῦμα;
1642 4359 1794 4434 Ὀρθ.
1848 4360 1966 4415 Ἐὰν

310 4447 477 4523 θέλῃς
532 4451 668 4522 (41),
718 4447 814 4503 κᾶν
866 4450 941 4520 μή
999 4448 1185 4522 θέλῃς.
1245 4445 1448 4504 Μακεδ,
1507 4453 1660 4522 Τρεῖς
1710 4446 1801 4501 οῦν
1835 4448 1966 4505 θεοί.

308 4540 468 4614 Ὀρθ.
529 4537 658 4599 Θεὸς
719 4539 747 4592 6
800 4538 1029 4612 Πατήρ;
1099 4534 1306 4593 Μακεδ.
1385 4537 1507 4594 Ναί.
1578 4537 1720 4611 Ὀρθ.
1782 4538 1882 4594 Καὶ
1939 4539 1970 4594 6

315 4627 445 4689 Υἱὸς
476 4645 490 4697 ;
549 4623 758 4683 Μακεὸ.
816 4624 938 4682 Ναί.
980 4627 1129 4701 Ὀρθ.
1163 4626 1268 4681 Δύο
1301 4624 1391 4679 οὖν
1423 4625 1571 4694 θεοί;
1635 4623 1839 4683 Μακεδ.
1873 4627 1968 4698 Οῦ,

2088 3471 2238 3527 Num
2263 3487 2393 3525 vero
2426 3470 2697 3540 quoniam
2731 3468 2921 3542 angeli
2953 3470 3127 3526 etiam
3161 3469 3501 3526 habitarunt
3530 3472 3586 3526 in
3613 3489 3741 3527 san-

2087 3561 2216 3631 ctis,
2251 3561 2403 3615 sicut
2430 3561 2623 3631 inquit
2665 3559 2950 3632 propheta
2985 3577 2996 3613 :
3029 3581 3055 3610 ‹‹
3118 3559 3247 3614 Haec
3298 3560 3439 3615 dicit
3495 3561 3742 3634 angelus

2087 3650 2186 3721 qui
2255 3649 2309 3703 in
2374 3667 2463 3704 me
2524 3648 2777 3720 loquitur
2823 3649 2888 3719 ιο,
2922 3670 2949 3698 »
2981 3648 3197 3706 idcirco
3238 3649 3476 3721 angelos
3507 3667 3742 3723 quoque

2087 3739 2333 3794 dixerim
2365 3753 2495 3793 esse
2525 3737 2708 3794 deos?
2736 3739 2891 3795 Orth.
2924 3736 3048 3793 Non
3073 3738 3263 3810 possis
3288 3739 3592 3794 ostendere
3635 3757 3740 3795 an-

2085 3828 2280 3900 gelam
2318 3829 2654 3898 loquentem
2689 3827 2748 3881 in
2777 3827 3060 3898 propheta
3092 3828 3272 3882 fuisse
3303 3844 3488 3882 unum
3522 3845 3590 3885 ex
3618 3828 3738 3885 illis

2083 3917 2488 3973 conditis.Jam
2521 3917 2673 3971 enim
2707 3922 2879 3971 antea
2911 3917 3380 3972 demonstratum
3409 3923 3498 3972 est
3527 3917 3738 3975 Filium

2082 4022 2311 4076 quoque
2344 4011 2402 4060 et
2431 4006 2717 4076 Spiritum
2750 4020 2878 4060 esse
2908 4005 3204 4076 angelum.
3238 4006 3308 4060 Et
3343 4011 3405 4060 ut
3430 4006 3535 4061 tibi
3595 4024 3736 4063 con-

2082 4096 2343 4163 cedatur,
2399 4110 2583 4148 unum
2619 4093 2799 4148 fuisse
2829 4110 2897 4148 ex
2930 4093 3180 4149 conditis
3211 4094 3435 4166 angelis
3468 4111 3601 4151 cum
3635 4096 3736 4167 qui

2079 4183 2432 4254 loquebatur
2462 4184 2520 4237 in
2556 4182 2858 4254 propheta,
2892 4198 3007 4236 non
3039 4187 3162 4237 erat
3208 4187 3402 4238 tamen
3431 4184 3740 4256 lpropheta

2080 4271 2365 4344 templum
2401 4271 2803 4344 angeli.0mue
2831 4271 3121 4341 templum
3153 4270 3308 4325 enim
3342 4277 3433 4325 est
3463 4272 3556 4328 Dei
3589 4276 3737 4328 tem-

2080 4361 2278 4433 plum:
2302 4361 2515 4432 alioqui
2553 4362 2730 4414 dicito
2764 4359 2860 4413 ubi
2891 4360 3129 4414 tandem
3165 4359 3224 4413 in
3251 4359 3554 4430 Scriptura
3582 4361 3738 4418 dica-

2078 4455 2177 4505 tur
2207 4451 2512 4522 propheta,
2549 4449 2631 4505 vel
2665 4447 2987 4519 apostolus,
3036 4447 3122 4503 vel
3181 4447 3356 4503 homo
3418 4450 3735 4521 quispiam,

2078 4540 2365 4610 templum
2399 4538 2591 4610 angeli
2625 4537 2709 4592 vel
2738 4538 2816 4592 rei
2848 4536 3026 4591 ullius
3051 4541 3276 4591 creatae.
3312 4539 3524 4593 Μαι-ϐἀ.
3549 4539 3736 4611 Spiri-

2084 4632 2179 4683 tus
2205 4629 2386 4700 igitur
2417 4628 2568 4683 Deus
2602 4627 2734 4683 est?
2765 4626 2926 4684 Orth.
2961 4627 3078 4691 Est,
3117 4625 3304 4694 nobis,
3338 4626 3498 4681 velis.
3532 4628 3730 4683 Maced.

313 4717 465 4792 Ὀρθ.
522 4715 712 4778 Οὕτως
761 4714 887 4770 οὐδὲ
943 4720 1126 4790 τρεῖς;
1177 4711 1384 4771 Μακεδ.
1441 4713 1597 4770 Ἀλλ’
1629 4715 1703 4776 εἷς
1749 4716 1838 4770 καὶ
1871 4717 1968 4778 εἷς.

2089 4717 2219 4772 I‘res
2250 4735 2383 4772 vero
2416 4717 2494 4771 dii
2528 4721 2686 4771 sunt.
2722 4715 2876 4772 Orth.
2914 4715 3081 4770 Pater
3103 4721 3268 4770 estne
3299 4714 3495 4770 Deus?
3525 4715 3728 4772 Maced.

315 4805 464 4880 Ὀρθ.
500 4804 566 4861 Ei’
594 4805 656 4859 τὸ
689 4804 762 4866 εἷς
791 4803 880 4858 καὶ
913 4804 986 4865 εἶς
1007 4802 1105 4857 οὐκ
1133 4801 1233 4857 εἶσὶ
1267 4800 1383 4869 δύο,
1416 4799 1541 4856 οὐδὲ
1572 4803 1631 4857 τὸ
1663 4805 1738 4865 εἷς
1769 4804 1858 4858 καὶ
1889 4805 1964 4867 εἷς

311 4893 404 4948 καὶ
439 4892 532 4966 εἶς,
562 4898 730 4966 τρεῖς.
768 4889 974 4949 Μακεδ.
1008 4891 1118 4945 Οὐκ
1145 4888 1284 4946 ἔστιν
1327 4891 1418 4945 οῦν
1464 4896 1540 4952 εῖς
1591 4892 1741 4963 Θεὸς,
1793 4891 1843 4962 ἐξ
1903 4892 1966 4947 οὗ

309 4982 378 5036 τὰ
409 4982 603 5051 πάντα,
635 4982 726 5036 καὶ
759 4983 834 5044 εἷς
868 4981 1086 5058 Κύριος,
1123 4977 1190 5034 δι’
1221 4978 1284 5034 οὗ
1313 4979 1379 5034 τὰ
1408 4979 1582 5034 πάντα
1607 5007 1620 5048 ς
1647 4982 1796 5056 Ὀρθ.
1833 4980 1966 5036 Ei'it‘s

384 5071 398 5090 ἴ
432 5067 456 5090 θ’
658 5074 682 5085 ὐ
843 5072 850 5081 ⁵
1043 5069 1056 5088 Ἰ
1153 5069 1182 5088 *Γ
1290 5070 1303 5086 \
1420 5067 1430 5087 Ι
1936 5075 1961 5086 ~

308 5091 401 5126 και
435 5091 485 5125 εν
544 5072 769 5143 Ιῐνευμα
818 5073 991 5146 ἅγιον,
1040 5089 1090 5122 εν
1143 5090 1188 5140 ῳ
1246 5090 1311 5123 τα
1363 5089 1554 5125 παντα.
1611 5067 1815 5126 Μακεδ.
1850 5076 1965 5125 Που

310 5163 474 5215 τοῦτο
506 5159 808 5236 γέγραπται
835 5185 849 5227 ς
910 5160 1054 5232 Ὀρθ.
1108 5159 1263 5231 Παρά
1289 5163 1370 5231 τῷ
1403 5153 1590 5213 Δαϐίδ·
1627 5183 1654 5210 (ι
1683 5163 1770 5231 Τῷ
1805 5158 1966 5235 Λόγῳ

312 5248 520 5324 Κυρίου
575 5250 627 5304 οἳ
673 5247 888 5324 οὐρανοὶ
942 5247 1361 5324 ἐστερεώθησαν,
1411 5249 1500 5302 καὶ
1554 5251 1634 5320 τῷ
1693 5247 1964 5321 Πνεύματι

389 5426 436 5461 ²⁶
465 5426 578 5482 lsa.
611 5442 746 5493 xui,
783 5427 834 5483 1.
912 5427 956 5461 ⁸⁷
988 5426 1140 5481 Psal.
1171 5443 1287 5495 xxn,
1323 5427 1408 5481 17.
1487 5426 1528 5460 ³⁸
1559 5431 1686 5482 Act.
1713 5444 1830 5498 χχι,
1865 5428 1953 5483 11.

389 5604 498 5680 (se)
530 5605 737 5680 rgias,
771 5605 1062 5680 similiter,
1094 5603 1352 5680 autem
1387 5603 1537 5680 λέγῃ,

386 5673 496 5749 (37)
531 5673 914 5749 Manuscrip.,
968 5673 1137 5735 εἶπον.
1199 5679 1331 5734 Mox
1375 5673 1579 5739 τὰς’δὲ
1610 5673 1672 5732 οῦ
1713 5680 1876 5736 deest
1906 5679 1965 5736 in

316 5748 511 5822 editis,
546 5754 605 5822 et
635 5748 872 5822 notatur
923 5751 1112 5808 solum
1157 5751 1228 5807 ad
1260 5750 1586 5822 marginem
1617 5750 1809 5809 Felck.
1840 5751 1963 5810 sic:

316 5815 504 5895 Deest,
519 5821 612 5884 τὰς
644 5817 702 5877 δὶ
733 5815 818 5880 οῦ.

2076 4808 2286 4862 Etiam.
2323 4807 2470 4862 Orth.
2508 4807 2577 4861 Et
2608 4805 2786 4860 Filius
2818 4822 3051 4877 quoque
3086 4805 3482 4862 [)eus‘IMaced.
3516 4807 3727 4863 Etiam.

2080 4898 2242 4953 Orth.
2277 4897 2426 4950 Num
2465 4895 2641 4966 igitur
2669 4896 2783 4950 duo
2815 4901 2955 4950 sunt
2986 4895 3112 4950 dii?
3139 4893 3343 4950 Maced.
3389 4895 3537 4961 Non,
3573 4895 3726 4951 Orth.

2077 4987 2161 5041 Ita
2211 4985 2392 5056 igitur
2450 5001 2520 5039 ne
2572 4991 2691 5039 tres
2744 4984 2978 5053 quidem
3010 4987 3168 5038 sunt.
3205 4983 3408 5038 Maced.
3441 4984 3547 5038 Sed
3572 5001 3728 5040 unus

2077 5081 2167 5130 est.
2197 5080 2254 5129 et
2285 5090 2458 5128 unus.
2494 5074 2645 5128 Orth.
2679 5074 2737 5128 Si
2772 5090 2925 5127 unus
2954 5083 3012 5127 et
3044 5089 3198 5126 unus
3245 5089 3360 5127 non
3393 5077 3534 5127 sunt
3589 5073 3729 5141 duo,

2078 5178 2214 5234 ergo
2248 5180 2352 5217 nec
2379 5179 2533 5217 unus
2564 5168 2620 5216 et
2647 5179 2800 5217 unus
2830 5167 2886 5216 et
2917 5178 3070 5216 unus
3101 5167 3220 5216 tres
3252 5165 3408 5216 sunt.
3437 5161 3729 5218 Maced.An

2079 5268 2190 5306 non
2230 5251 2410 5323 igitur
2441 5267 2595 5306 unus
2627 5255 2718 5306 est
2747 5249 2926 5318 Deus,
2958 5266 3026 5306 ex
3056 5267 3173 5322 quo
3203 5249 3424 5317 omnia,
3460 5255 3516 5306 et
3573 5267 3733 5307 unus

2031 5427 2078 5463 ²⁹
2108 5429 2129 5483 Ι
2161 5431 2290 5485 Cor.
2325 5445 2399 5496 v1,
2437 5429 2524 5484 19.
2604 5430 2649 5463 ³ο
2676 5429 2846 5484 Zach.
2880 5445 2919 5497 ι,
2950 5429 3004 5484 9.

2148 5611 2256 5678 (38)
2283 5615 2443 5680 Mss.,
2479 5608 2611 5662 εἶναι
2640 5605 2737 5680 τοῦ
2770 5605 3106 5678 ΙΙνεύματος,
3141 5610 3174 5676 ἣ
3204 5606 3286 5664 οῦ.

2148 5683 2263 5753 (39)
2299 5683 2464 5754 Mss,
2496 5681 2636 5754 'Apa
2665 5679 2725 5754 τὸ
2753 5681 2991 5754 Πνεῦμα.

2147 5749 2262 5826 (40)
2292 5753 2501 5826 Patet,
2537 5749 2779 5826 ὁζλαλῷν
2814 5751 2864 5807 ἐν
2897 5749 2975 5823 τῷ
3008 5771 3101 5826 πρ.

2146 5821 2258 5898 (41)
2290 5821 2500 5900 Palat,
2531 5821 2629 5879 κᾶν
2657 5823 2836 5900 θέλῃς.
