4116 6358
391 449 547 512 1239

1553 450 1614 510 S.
1667 449 2189 512 ATHANASlUS.
2219 482 2296 494 —
2327 449 2636 512 SPUllIA.

3573 442 3580 448 ’
3659 457 3806 518 1240

390 584 672 640 Dominus
701 599 799 654 per
833 599 1006 654 quem
1040 582 1279 639 omnia?
1306 584 1468 642 Orth.
1494 583 1616 654 Dic,
1642 590 1697 640 et
1729 602 1884 641 unus
1913 583 2046 656 Spi-

2160 586 2257 636 τοῦ
2290 581 2558 656 πόματος
2591 582 2756 639 αὐτοῦ
2787 589 2930 639 πᾶσα
2962 585 2996 655 ἡ
3036 581 3264 659 δύναμις
3295 583 3494 641 αὐτῶν.
3530 609 3557 638 ››
3607 587 3798 645 Μακεδ-

388 672 539 728 ritus
571 672 627 726 in
660 689 775 743 quo
807 671 1025 727 omnia.
1058 672 1258 728 Maced.
1295 673 1402 729 Ubi
1437 675 1544 730 hoc
1576 675 1861 747 scriptum
1909 673 2045 729 est?

393 761 547 818 Orth.
582 761 747 831 Apud
783 761 1052 816 ltavidem
1091 779 1104 822 ς
1137 785 1163 811 ‹‹
1195 762 1383 817 Verbo
1412 763 1638 818 Domini
1673 762 1799 818 caeli
1835 763 2049 818 ﬁrmati

391 856 552 920 sunt,
603 856 661 906 et
686 850 910 922 Spiritu
941 851 1060 907 oris
1087 851 1214 922 ejus
1243 853 1436 908 omnis
1468 853 1653 909 virtus
1683 869 1884 907 eorum
1916 853 1980 905 δι.
2019 874 2046 901 ››

390 940 589 996 Maced.
623 941 731 995 Sed
765 939 1019 1012 Spiritus
1065 940 1182 996 oris
1243 941 1430 1012 ipsius
1481 959 1594 997 non
1649 948 1734 997 est
1793 941 2048 1013 Spiritus

387 1033 648 1086 sanctus.
686 1028 844 1084 Orth.
878 1029 1022 1100 Ergo
1056 1047 1127 1084 nc
1159 1030 1416 1085 Verbum
1451 1031 1689 1102 quidem
1723 1036 1812 1086 est
1844 1030 2044 1085 Filius.

385 1119 585 1175 Maced.
616 1118 743 1174 Non
778 1119 1076 1189 signiﬁcat
1105 1136 1170 1174 eo
1202 1118 1327 1174 loco
1373 1121 1631 1176 Verbum
1687 1121 2044 1188 subsistens,

388 1225 495 1264 nec
525 1208 808 1280 Spiritum
840 1208 1280 1264 subsistentem.
1304 1212 1459 1268 Orth.
1483 1210 1555 1266 Ut
1585 1211 1689 1268 tibi
1725 1210 1864 1265 illud
1901 1228 2046 1282 quo-

387 1314 500 1370 que
531 1298 904 1363 concedatur,
936 1297 1090 1368 quod
1123 1297 1279 1354 Deus
1307 1299 1518 1354 habeat
1553 1300 1803 1356 Verbum
1848 1298 2046 1372 prola-

386 1388 609 1457 titium,
643 1387 739 1442 dic
770 1387 962 1457 nobis,
997 1387 1327 1444 Verbumne
1359 1389 1718 1458 subsistens,
1751 1393 1841 1444 est
1889 1388 2044 1460 quod

385 1475 562 1532 cmlos
616 1476 890 1545 ﬁrmavit,
949 1493 1022 1531 an
1083 1477 1498 1549 prolatitium?
1545 1479 1752 1534 Maced.
1784 1477 2044 1534 Verbum

388 1565 755 1638 prolatitium
787 1565 1018 1637 appello
1050 1567 1394 1623 mandatum
1428 1569 1636 1641 ipsius.
1660 1590 1680 1617 α
1702 1569 1855 1624 Dixit
1888 1567 2043 1624 enim

2157 669 2332 728 Ἀλλὰ
2376 673 2438 726 τὸ
2500 676 2724 746 Πνεῦμα
2771 679 2869 729 τοῦ
2929 673 3198 747 στόματος
3252 675 3350 729 οὑκ
3409 671 3520 730 ἔστι
3572 676 3630 732 16
3660 679 3798 754 ἀγιον

2162 766 2405 834 Πνεῦμα.
2463 763 2606 836 Ὀρθ.
2669 763 2872 819 Οὐκοῦν
2926 761 3051 818 οὖδέ
3105 765 3132 818 6
3189 763 3361 840 Λόγος
3425 765 3570 828 Υἱός.
3612 767 3802 826 Μακεδ.

2161 853 2422 915 Ἐνταῦθα
2478 851 2539 906 οὐ
2583 851 2674 907 τόν
2731 850 3084 909 ἐνυπόστατον
3137 853 3310 930 Λόγον
3365 853 3540 930 λέγει,
3588 853 3708 911 οὐδὲ
3748 860 3805 914 τὸ

2161 938 2513 996 ἐνυπόστατον
2580 945 2820 1016 Πνεῦμα.
2873 944 3021 1018 Ὀρθ⁸
3081 946 3195 998 Ἵνα
3252 965 3336 998 σοι
3387 943 3478 999 καὶ
3528 942 3658 1019 δοοῇ
3714 945 3802 1002 λό-

2159 1051 2252 1106 γον
2287 1026 2430 1106 ἔχειν
2488 1033 2822 1110 προφορικὸν
2869 1033 2958 1087 τὸν
3021 1032 3173 1103 Θεὸν,
3229 1032 3344 1088 εἶ’πὲ
3375 1036 3540 1106 ἡμῖν,
3574 1035 3602 1088 6
3634 1033 3807 1090 ἐνυπό-

2161 1141 2351 1182 στατος
2411 1120 2584 1197 Λόγος
2652 1119 2790 1176 ἐστὶν
2850 1124 2878 1176 6
2924 1122 3014 1176 τὸ]
3061 1122 3289 1198 οὖρανὸν
3336 1123 3660 1196 στερεώσας,
3719 1127 3806 1194 ἢὸ

2160 1209 2539 1284 προφορικός;
2601 1207 2810 1269 Μακεδ.
2857 1211 2953 1266 Τὸν
3015 1213 3348 1290 προφορικὸν
3406 1210 3584 1286 λέγω,
3617 1214 3709 1281 τήν
3737 1213 3806 1268 ἐν-

2158 1296 2328 1366 τολὴν
2389 1298 2573 1353 αὐτοῦ’
2635 1326 2662 1352 ‹‹
2721 1300 2894 1362 Αὐτὸς
2952 1302 3056 1376 γὰρ
3116 1301 3252 1370 εἶπε,
3317 1301 3409 1356 καὶ
3467 1301 3800 1376 ἐγενήθησαν

2161 1385 2320 1448 αὐτὸς
2379 1386 2706 1457 ἐνετείλατο,
2754 1388 2843 1444 καὶ
2893 1387 3227 1460 ἐκτίσθησαν.
3267 1413 3295 1442 ››
3329 1391 3470 1444 Εἷπε
3503 1387 3561 1444 δὲ
3591 1393 3699 1464 (42)
3727 1392 3806 1445 καὶ

2161 1474 2456 1532 ἐνετείλατο
2513 1483 2593 1550 τῷ
2650 1479 2782 1551 Υἱῴ,
2813 1478 3158 1553 ἐνυποστάτῳ
3189 1480 3372 1556 Λόγῳ⁶
3408 1481 3437 1535 6
3471 1477 3529 1534 δὲ
3547 1483 3646 1550 τὴν
3677 1478 3812 1535 ἔντο-

2161 1565 2265 1634 λήν
2299 1561 2482 1620 λαϐὼν
2518 1568 2642 1630 Υἱὸς
2680 1565 2902 1627 ἔκτισεν.

391 1661 448 1712 et
479 1656 625 1711 facta
653 1661 811 1726 sunt,
844 1655 969 1727 ipse
1001 1658 1301 1713 mandavit
1333 1663 1391 1714 et
1422 1665 1618 1716 creata
1646 1663 1787 1715 sunt
1816 1659 1884 1714 39.
1922 1681 1948 1707 ››
1981 1656 2135 1713 Dixit
2165 1663 2360 1714 autem
2391 1663 2448 1714 et
2477 1661 2781 1716 mandavit
2811 1660 2977 1730 Filio,
3012 1662 3201 1717 Verbo
3259 1661 3536 1718 videlicet
3596 1660 3816 1718 subsis—

387 1745 530 1802 tenti
567 1763 580 1800 :
614 1745 797 1800 Filius
825 1763 960 1801 vero
990 1751 1225 1818 accepto
1258 1750 1537 1805 mandato
1565 1749 1802 1806 creavit.

454 1835 545 1889 24.
577 1834 736 1893 Orth.
769 1835 896 1890 Non
925 1835 1141 1892 fuerint
1169 1837 1349 1908 igitur
1405 1838 1534 1895 caeli
1595 1838 1812 1894 ﬁrmati
1868 1838 2041 1893 verbo

2221 1837 2311 1891 24.
2345 1837 2479 1910 Ορθ.
2533 1835 2726 1892 Οὐκέτι
2778 1837 2869 1893 οῦν
2922 1843 2999 1910 τῷ
3050 1836 3205 1913 λόγῳ
3264 1837 3433 1893 αὐτοῦ
3483 1838 3814 1913 ἐστερεώθη-

385 1925 597 1998 ipsius,
647 1925 750 1980 sed
799 1924 929 1980 Filii
959 1927 1311 1997 operatione.
1344 1929 1620 2000 Adeoque
1652 1927 1864 1984 falsum
1899 1927 2041 1981 illud

386 2013 499 2070 erit
531 2031 545 2069 :
573 2037 600 2063 ‹‹
635 2013 828 2090 Verbo
855 2014 1090 2069 Domini
1121 2015 1244 2070 cteli
1280 2017 1492 2072 ﬁrmati
1525 2022 1683 2075 sunt.
1711 2040 1739 2068 »
1761 2020 1906 2075 Cum
1939 2017 2046 2073 hoc

388 2101 645 2159 Verbum
679 2119 796 2158 non
825 2103 1098 2160 habuerit
1127 2121 1256 2160 eam
1281 2107 1551 2162 virtutem
1587 2124 1713 2179 quas
1745 2122 2049 2162 concurre-

387 2195 497 2260 ret,
530 2192 631 2247 sed
669 2191 796 2247 Filii
828 2192 1116 2248 actionem
1149 2196 1530 2265 exspectarit:
1553 2213 1741 2268 neque
1771 2196 2051 2268 intelligis

392 2281 450 2336 in
483 2297 660 2351 quam
691 2280 1116 2337 absurditatem
1148 2287 1251 2338 tua
1280 2283 1399 2339 haec
1459 2285 1644 2340 oratio
1705 2285 2054 2340 delabatur?

397 2371 499 2426 Dic
537 2369 695 2426 enim
730 2370 920 2439 nobis,
955 2371 1265 2439 multiscie,
1303 2379 1499 2428 utrum
1532 2374 1708 2430 Filius
1741 2379 2053 2447 postquam

403 2459 627 2516 audivit
656 2477 690 2515 a
717 2459 908 2528 Patre,
927 2478 1036 2517 sua
1061 2461 1249 2534 ipsius
1275 2463 1628 2530 substantia,
1651 2474 1772 2520 arte
1802 2465 2052 2535 quadam

404 2553 462 2604 et
493 2549 767 2604 methodo
825 2555 1141 2618 commota,
1199 2551 1407 2606 coelum
1468 2552 1743 2620 ﬁrmavit,
1795 2570 1867 2608 an
1920 2569 2054 2608 vero

407 2654 679 2694 sermone
725 2638 861 2694 fecit
908 2643 974 2693 ut
1002 2640 1349 2695 exsisteret?
1379 2641 1579 2697 Maced.
1611 2641 1785 2697 Verbi
1817 2643 2052 2712 quidem

403 2727 648 2782 verbum
677 2733 1122 2784 concurrentem
1147 2728 1352 2786 habuit
1380 2730 1653 2787 virtutem
1689 2748 1702 2786 :
1737 2732 1925 2787 Patris
1953 2749 2054 2786 au-

399 2821 518 2874 tem
541 2817 808 2886 verbum,
847 2817 1061 2873 Christi
1119 2821 1364 2875 verbum
1413 2821 1787 2892 exspectavit.
1846 2823 2054 2876 Annon

396 2906 552 2963 enim
586 2911 755 2962 Pater
781 2905 831 2962 ei
859 2908 1136 2979 precepit
1164 2914 1230 2963 ut
1257 2911 1456 2965 omnia
1487 2911 1734 2966 faceret?
1759 2910 1907 2965 Orth.
1938 2911 2055 2966 Hoc

395 2996 684 3069 scriptum
715 3011 830 3051 non
862 3000 973 3065 est,
1007 2999 1107 3053 sed
1144 2999 1309 3055 Verbi
1343 2999 1572 3056 Patrem
1598 3000 1799 3055 omnia
1852 3000 2052 3055 condi-

395 3082 574 3138 disse.
604 3083 804 3138 Maccd.
837 3083 895 3138 Si
931 3084 1097 3140 Pater
1129 3085 1281 3152 fecit,
1327 3088 1624 3158 quomodo
1679 3104 1781 3160 per
1843 3087 2050 3142 Filium

2160 1943 2275 1991 σαν,
2310 1921 2455 1978 ἀλλὰ
2495 1929 2563 1998 τῇ
2614 1929 2710 1980 τοῦ
2769 1927 2900 1980 Υἱοῦ
2949 1925 3204 2003 ἐνεργείᾳ.
3246 1926 3350 1982 Καὶ
3384 1923 3587 1999 ψεῦδος
3643 1926 3705 1980 τὸ
3736 1923 3816 1980 λέ-

2159 2031 2294 2085 γειν.
2334 2034 2358 2065 α
2407 2017 2493 2085 Τῷ
2525 2013 2688 2088 Λόγῳ
2727 2013 2925 2089 Κυρίου
2977 2015 3026 2068 οἱ
3076 2014 3295 2089 οὐρανοὶ
3328 2012 3754 2085 ἐπεόεώθησαν.
3789 2039 3814 2065 ››

2161 2103 2274 2172 (43)
2305 2101 2381 2159 Οὐ
2413 2102 2512 2177 γὰρ
2566 2101 2722 2178 ἔσχεν
2775 2104 2802 2158 6
2863 2101 3032 2179 Λόγος
3064 2101 3366 2178 σύνδρομον
3399 2104 3500 2172 τῆν
3563 2099 3810 2176 δύναμιν,

2161 2187 2288 2245 ἀλλ’
2320 2189 2581 2264 ἐνέμεινεν
2631 2193 2732 2261 τὴν
2778 2196 2876 2246 τοῦ
2925 2193 3054 2246 Υἱοῦ
3103 2190 3399 2268 ἐνέργειαν.
3444 2192 3544 2246 Καὶ
3579 2190 3654 2252 εἷς
3686 2191 3810 2261 ὅσην

2164 2279 2388 2334 ἀτοπίαν
2449 2279 2694 2336 ἐκπίπτει
2753 2303 2848 2336 σου
2909 2283 2936 2336 6
2992 2279 3178 2358 λόγος,
3225 2282 3481 2357 ἀγνοεῖςς
3537 2281 3672 2336 Εἰπὲ
3716 2280 3810 2356 γὰρ

2163 2373 2322 2442 ἡμῖν,
2357 2368 2674 2444 πολυμαθὲς
2740 2374 2869 2446 (44),
2917 2373 3018 2446 ἆρα
3062 2373 3088 2426 6
3121 2372 3245 2434 Υἱὸς
3279 2371 3518 2433 ἀκούσας
3550 2373 3695 2446 παρὰ
3724 2373 3812 2424 τοῦ

2167 2459 2401 2532 ῙΙατρὸς,
2459 2462 2683 2530 κινήσας
2734 2458 2924 2515 ἑαυτοῦ
2962 2461 3063 2530 τὴν
3119 2459 3302 2515 οὐσίαν
3335 2462 3512 2537 τέχνῃ
3571 2459 3674 2515 τινὶ
3729 2457 3813 2513 καὶ

2170 2547 2385 2620 μεθόδῳ
2430 2548 2720 2626 ἒστερέωσε
2765 2551 2855 2604 τὸν
2908 2548 3158 2625 οὐρανὸν,
3207 2550 3240 2618 ἢ
3283 2548 3442 2626 λόγῳ
3498 2549 3657 2605 αὐτὸν
3719 2549 3812 2603 ὑπ-

2165 2639 2464 2709 εστήσατος
2525 2636 2730 2696 Μακεδ.
2764 2640 2824 2696 Ὀ
2859 2639 2952 2712 μὲν
2997 2643 3094 2693 τοῦ
3143 2633 3318 2715 Λόγου
3377 2637 3546 2714 λόγος
3593 2635 3808 2711 συνδρο-

2170 2747 2268 2798 μον
2303 2725 2428 2803 ἔσχε
2455 2729 2555 2796 τήν
2589 2725 2838 2800 δύναμιν
2897 2728 2923 2781 6
2957 2724 3013 2782 δὲ
3050 2731 3151 2782 τοῦ
3209 2727 3423 2802 Ματρὸς
3455 2727 3622 2804 λόγος
3656 2722 3814 2797 ἐξεδε-

2164 2817 2287 2887 ξατο
2321 2818 2428 2889 (45)
2488 2817 2576 2871 τὸν
2631 2822 2726 2871 τοῦ
2784 2818 3018 2890 Χριστοῦ
3076 2811 3259 2893 λόγον.
3320 2816 3441 2874 Οὐκ
3487 2815 3635 2889 αὐτῷ
3666 2815 3752 2869 οὗν
3785 2815 3811 2868 6

2165 2906 2356 2980 Πατὴρ
2388 2904 2688 2960 ἐνετείλατο
2736 2913 2962 2975 ποιῆσαι
3002 2906 3068 2960 τὰ
3111 2906 3319 2974 πάντα;
3371 2906 3524 2980 Ὀρθ.
3556 2908 3721 2958 Τοῦτο
3753 2900 3808 2957 οὗ

2163 2993 2479 3069 γέγραπται,
2513 2993 2639 3050 ἀλλ’
2671 2993 2753 3049 ὅτι
2787 2996 2814 3049 6
2846 2995 3030 3072 Πατὴρ
3059 3000 3156 3049 τοῦ
3189 2989 3363 3070 Λόγου
3418 2991 3590 3055 ὄντως
3645 2993 3810 3047 ’πάνυι

2165 3082 2439 3154 ἐποίησεν.
2474 3081 2681 3141 Μακεδ.
2714 3083 2776 3139 Εἰ
2809 3086 3000 3157 ΙΙατὴρ
3034 3083 3228 3157 ἐποίει,
3259 3089 3378 3147 πῶς
3407 3082 3500 3140 διὰ
3543 3088 3640 3139 τοῦ
3687 3083 3806 3137 Υἱοῦ

390 3171 572 3227 fecit?
605 3172 762 3228 Orth.
796 3172 956 3229 Sicut
989 3172 1088 3228 lux
1119 3191 1221 3246 per
1252 3175 1620 3246 splendorem
1657 3176 1934 3244 illustrat,
1969 3177 2047 3232 ita

2161 3178 2347 3244 ποιεῖ;
2401 3175 2550 3250 Ὀρθ.
2597 3175 2684 3236 Ὠς
2707 3175 2769 3229 τὸ
2801 3177 2914 3251 φῶς
2946 3171 3035 3228 διὰ
3080 3178 3180 3228 τοῦ
3225 3173 3650 3249 ἀπαυγάσματος
3699 3192 3804 3250 φω-

393 3262 562 3318 Pater
591 3279 694 3332 per
723 3261 931 3317 Filium
967 3269 1124 3318 creat
1155 3281 1166 3318 :
1202 3269 1262 3320 et
1289 3264 1468 3320 veluti
1502 3283 1667 3322 mens
1699 3283 1802 3337 per
1833 3282 2051 3322 sermo-

388 3367 520 3405 nem
551 3351 736 3416 docet,
769 3350 845 3405 ita
879 3352 1055 3407 etiam
1093 3352 1263 3407 Pater
1292 3369 1395 3426 per
1425 3353 1636 3410 Filium
1678 3361 1852 3410 creat.
1926 3361 2047 3412 Ma-

391 3439 503 3495 ced.
539 3444 750 3495 Annon
786 3456 890 3512 per
920 3441 1249 3512 Spiritum?
1283 3443 1560 3500 Orth.Per
1577 3444 1836 3500 Verbum
1870 3450 2048 3514 creat,

393 3531 451 3583 et
481 3545 584 3600 per
613 3529 896 3601 Spiritum
959 3531 1306 3587 sanctiﬁcat.
1363 3533 1562 3588 Maced.
1614 3533 1732 3588 Hoc
1777 3535 2046 3589 admitto.

397 3616 548 3673 0rlh.
577 3619 689 3672 [loc
717 3618 859 3673 illud
895 3623 984 3674 est
1014 3620 1226 3692 igitur:
1254 3644 1280 3671 ‹‹
1313 3621 1503 3676 Verbo
1539 3622 1767 3678 Domini
1798 3623 1924 3677 ιτα)ιὶ
1951 3625 2048 3678 ﬁr-

394 3706 539 3760 mati
573 3710 791 3777 sunt,et
809 3707 1030 3779 Spiritu
1063 3708 1180 3764 oris
1225 3709 1353 3780 ejus
1371 3710 1563 3766 omnis
1582 3711 1765 3766 virtus
1786 3727 2048 3766 eorum.»

395 3794 596 3850 Maced.
631 3795 743 3850 Sed
775 3795 957 3851 Filius
985 3798 1222 3868 quidem
1257 3803 1435 3868 creat,
1469 3799 1722 3871 Spiritus
1745 3817 1878 3856 vero
1913 3819 2049 3856 san-

393 3884 631 3951 ctiﬁcat,
664 3886 764 3940 sed
798 3903 913 3940 non
944 3891 1087 3942 erat.
1123 3886 1274 3943 Orth.
1318 3888 1518 3954 Quivis
1577 3889 1835 3961 prudens
1895 3891 2043 3947 455

393 3973 629 4028 auditor
688 3973 848 4028 novit
907 3975 1396 4032 sanctiﬁcationis
1428 3977 1666 4033 nomine
1695 3980 2045 4035 creationem

391 4077 626 4134 quoque
656 4061 1083 4135 intelligi.Cum
1113 4065 1410 4134 audimus,
1433 4065 1580 4122 «Cor
1612 4069 1898 4124 mundum
1917 4086 2050 4124 crea

392 4152 453 4207 in
489 4168 601 4216 me,
637 4152 785 4208 Deus
818 4153 883 4223 ³³,
919 4175 947 4201 ››
988 4152 1126 4225 quid
1185 4153 1342 4210 aliud
1405 4160 1598 4213 mente
1657 4157 2047 4230 concipimus,

394 4257 593 4314 quam,
625 4242 736 4298 Cor
765 4259 980 4314 purum
1012 4243 1070 4298 in
1107 4259 1197 4298 me
1230 4246 1553 4314 sanctiﬁca,
1578 4248 1760 4304 Deus?
1775 4249 2046 4314 Quando-

388 4331 624 4403 quidem
658 4336 854 4387 autem
886 4333 972 4388 vis
1005 4333 1528 4391 sanctiﬁcationem
1561 4335 1735 4392 simul
1769 4355 1903 4393 cum
1935 4355 2046 4394 cae-

387 4419 463 4475 lis
484 4419 764 4476 exsistere
796 4423 1066 4493 cmpisse,
1098 4421 1190 4478 dic
1221 4423 1360 4496 quid
1396 4427 1589 4497 majus
1623 4426 1700 4481 sit
1729 4443 1923 4482 creare
1974 4445 2048 4482 an

390 4509 775 4565 sanctiﬁcare.
837 4511 1047 4567 Maced.
1082 4512 1288 4569 Creare
1318 4519 1406 4570 est
1435 4514 1531 4570 Dei
1559 4531 1727 4588 opus.
1762 4516 1915 4571 Orth.
1953 4517 2050 4572 Dei

2158 3263 2323 3333 τίζει,
2399 3263 2572 3326 οὕτως
2633 3265 2660 3319 6
2711 3265 2906 3337 Πατὴρ
2963 3261 3053 3318 διὰ
3099 3267 3196 3318 τοῦ
3228 3265 3355 3319 Υἱοῦ
3385 3264 3585 3333 κτίζει·
3619 3262 3708 3318 καὶ
3737 3260 3806 3321 ὡς

2158 3358 2284 3416 νοῦς
2318 3351 2406 3408 διὰ
2432 3357 2530 3407 τοῦ
2581 3351 2754 3428 λόγου
2810 3350 3072 3425 διδάσκει,
3114 3351 3286 3415 οὕτως
3319 3353 3410 3406 καὶ
3444 3353 3473 3408 6
3508 3353 3695 3428 Ιῐατὴρ
3726 3347 3809 3405 διὰ

2157 3447 2255 3497 τοῦ
2316 3443 2452 3496 Υἱοῦ
2503 3442 2691 3512 κτίζει.
2753 3439 2956 3497 Μακεδ.
3013 3443 3101 3510 Μὴ
3164 3439 3252 3496 διὰ
3307 3446 3405 3496 τοῦ
3459 3440 3805 3513 [Ινεόματος;

2162 3532 2309 3607 Ὀρθ.
2367 3531 2463 3584 Διᾶ
2519 3535 2615 3585 τοῦ
2666 3529 2846 3605 Λόγου
2890 3528 3083 3599 κτίζει,
3131 3530 3220 3585 καὶ
3254 3528 3343 3584 διὰ
3370 3535 3472 3586 τοῦ
3505 3529 3807 3602 Πνεῦμα-ξος

2159 3620 2385 3695 ἁγιάζει.
2423 3615 2624 3674 Μακεδ.
2653 3623 2822 3672 Τοῦτο
2856 3616 3112 3693 δέχομαι.
3147 3619 3293 3694 Ὀρθ.
3324 3623 3498 3674 Τοῦτο
3544 3616 3634 3673 οὖν
3681 3616 3803 3672 ἐστι·

2161 3733 2187 3760 ‹‹
2239 3713 2326 3780 Τῷ
2385 3703 2547 3782 Λόγῳ
2605 3706 2807 3782 Κυρίου
2865 3709 2916 3762 οὶ
2967 3707 3188 3784 οὐρανοὶ
3239 3707 3666 3783 ἐστερεώθησαν,
3721 3703 3804 3760 καὶ

2157 3802 2238 3870 τῷ
2295 3796 2567 3869 Ιῐνεῦματι
2626 3801 2722 3850 τοῦ
2781 3796 3054 3870 στόματος
3114 3796 3280 3851 αὐτοῦ
3328 3802 3476 3852 πᾶσα
3523 3801 3559 3867 ἡ
3593 3794 3806 3867 δόναμις

2159 3885 2356 3941 αὐτῶν.
2418 3909 2446 3936 ››
2509 3882 2712 3942 Μακεδ.
2769 3883 2926 3942 Ἀλλ’
2981 3886 3008 3940 6
3062 3885 3156 3958 μὲν
3216 3886 3340 3941 Υἱὸς
3387 3886 3585 3956 κτίζει,
3639 3885 3700 3939 τὸ
3757 3879 3810 3936 δὶ

2160 3979 2385 4048 Πνεῦμα
2441 3975 2669 4050 ἁγιάζει,
2748 3975 2839 4029 καὶ
2897 3974 2959 4029 οὐ
3016 3973 3207 4043 κτίζει.
3271 3977 3417 4052 Ὀρθ.
3485 3977 3542 4034 'O
3600 3973 3806 4032 συνετὸς

2158 4063 2368 4118 ἀκούων
2428 4061 2591 4133 οἶδεν,
2671 4062 2753 4118 ὅτι
2823 4063 2912 4118 καὶ
2978 4065 3041 4118 τὸ
3103 4059 3341 4138 ἁγιάζειν
3401 4065 3604 4134 κτίζειν
3654 4060 3803 4117 ἐστίν.

2155 4155 2316 4212 *Οταν
2346 4153 2686 4226 ἀκούσωμεν,
2719 4177 2748 4206 α
2783 4149 3015 4227 Καρδίαν
3059 4153 3296 4228 καθαρὰν
3329 4152 3517 4208 κτίσον
3566 4152 3616 4207 ἐν
3666 4149 3804 4225 ἐμοὶ,

2159 4245 2187 4298 6
2220 4245 2369 4313 Θεὸς,
2401 4268 2427 4294 ››
2484 4243 2536 4298 τί
2589 4241 2729 4299 ἄλλο
2787 4246 3017 4316 νοοῦμεν
3077 4243 3110 4311 ἢ
3164 4242 3247 4314 τὸ,
3299 4239 3536 4318 Καρδίαν
3577 4239 3803 4316 καθαρὰν

2158 4332 2376 4408 ἁγίασον
2409 4332 2462 4387 έν
2502 4332 2648 4405 ἐμοὶ,
2701 4334 2729 4388 6
2760 4331 2931 4400 Θεός;
2983 4328 3202 4399 Ἐπειδή
3245 4329 3303 4386 δὲ
3351 4330 3414 4386 σὺ
3478 4331 3665 4408 βούλει
3693 4349 3804 4383 συν-

2160 4424 2439 4476 ουσιᾶσθαι
2493 4423 2584 4476 τὸν
2644 4421 2906 4497 ἁγιασμὸν
2963 4425 3080 4482 τοῖς
3133 4420 3402 4495 οὐρανοῖς,
3431 4420 3570 4491 εἰπὲ,
3601 4420 3652 4474 τί
3686 4420 3799 4490 μεῖ-

2164 4509 2249 4579 ζόν
2301 4510 2434 4576 ἐστι,
2483 4509 2678 4578 κτίζειν
2721 4511 2755 4578 ἢ
2785 4508 3059 4582 ἁγιάζεινς
3092 4505 3297 4566 Μακεδ.
3332 4509 3410 4565 Τὸ
3441 4508 3659 4579 κτίζειν,
3720 4502 3804 4580 ἔρ-

392 4598 629 4670 quidem
664 4615 812 4671 opus
843 4605 933 4656 est
963 4616 1181 4668 creare,
1217 4607 1277 4658 at
1306 4619 1421 4658 non
1451 4605 1647 4675 majus
1673 4622 1846 4676 quam
1910 4622 2045 4660 san-

2160 4575 2256 4673 ¹γον
2290 4602 2424 4653 Θεοῦ
2456 4575 2617 4654 ἐστιν.
2653 4575 2800 4673 Ὀρ-θ.
2832 4575 3026 4674 ζἘργον
3049 4575 3159 4670 ⁷μὲν
3201 4601 3336 4652 Θεοῦ
3383 4595 3494 4653 ἐστι
3523 4575 3586 4653 τὸ
3613 4575 3800 4662 κτίζειν

393 4687 668 4744 ctiﬁcare.
702 4688 845 4744 Nam
880 4693 937 4745 et
968 4691 1097 4762 ipsa
1125 4692 1537 4758 sanctiﬁcatio,
1571 4697 1661 4748 est
1720 4694 1814 4748 Dei
1873 4711 2042 4765 opus.

392 4777 688 4848 Scriptum
741 4781 830 4832 est
861 4777 1014 4833 enim
1051 4796 1064 4833 :
1105 4801 1132 4828 ‹‹
1164 4782 1334 4834 Pater
1363 4786 1582 4853 sancte,
1617 4781 1916 4838 sanctiﬁca
1946 4800 2046 4839 eos

389 4864 450 4920 in
483 4864 725 4920 veritate
755 4869 856 4921 tua
885 4868 951 4920 3b.
987 4888 1013 4915 »
1041 4867 1414 4924 Sanctiﬁcare
1443 4885 1578 4924 vero
1628 4871 1823 4942 majus
1873 4872 2043 4944 quid-

388 4954 525 5009 dam
588 4969 717 5009 esse
779 4971 956 5026 quam
989 4972 1202 5023 creare,
1231 4973 1518 5029 cognosce
1549 4975 1617 5013 ex
1649 4959 1778 5031 ipso
1809 4966 2042 5031 eventu,

387 5059 518 5097 cum
553 5042 687 5114 quis
717 5044 1240 5100 sanctiﬁcationem
1271 5045 1743 5103 amiserit.Audit
1773 5049 1926 5104 enim
1961 5051 2044 5105 in-

382 5131 519 5187 felix
549 5130 647 5187 ille
675 5132 865 5188 Judas
900 5149 912 5189 ε
947 5156 974 5182 ‹‹
1014 5134 1232 5189 Bonum
1265 5141 1421 5190 esset
1452 5123 1674 5190 homini
1709 5136 1816 5209 illi,
1857 5138 1905 5194 si
1940 5157 2041 5194 na-

380 5223 475 5275 tus
544 5238 659 5276 non
719 5221 925 5278 fuisset
970 5223 1036 5277 ³³.
1091 5245 1119 5272 ››
1172 5223 1382 5280 Maced.
1445 5225 1670 5281 Bonum
1729 5227 1910 5299 igitur
1958 5227 2040 5284 illi

382 5310 612 5384 fuisset,
647 5310 697 5367 si
731 5316 907 5368 natus
938 5328 1054 5369 non
1091 5312 1300 5370 fuisset
1334 5329 1346 5369 :
1380 5313 1482 5370 sed
1516 5318 1668 5371 Deus
1699 5315 1862 5373 solus
1884 5317 1935 5374 is
1956 5322 2045 5375 est

2157 4687 2218 4741 οὐ
2255 4688 2360 4760 μὴν
2398 4692 2580 4759 μεῖζον
2608 4691 2704 4742 τοῦ
2742 4686 2976 4762 ἁγιάζειν
3013 4686 3176 4744 ἐστίν.
3211 4686 3308 4740 Καὶ
3341 4687 3444 4761 γὰρ
3475 4686 3565 4742 καὶ
3597 4683 3722 4740 αὐτὸ
3740 4679 3798 4735 τὸ

2157 4776 2412 4851 ἁγιάζειν,
2447 4775 2598 4853 ἔργον
2630 4781 2764 4832 Θεοῦ
2796 4775 2953 4831 ἐστιν.
3011 4777 3314 4850 Γέγραπται
3359 4773 3482 4852 γάρ’
3551 4798 3577 4830 α
3634 4771 3797 4842 Πάτερ

2156 4869 2292 4945 ἅγιε,
2327 4869 2543 4943 ἁγίασον
2579 4866 2772 4928 αὐτοὺς
2803 4865 2853 4920 ἐν
2885 4869 2952 4940 τῇ
2985 4863 3216 4936 ἀληθείᾳ
3247 4887 3364 4924 σου.
3415 4889 3443 4918 ››
3486 4867 3606 4924 ’Ὁτι
3655 4858 3709 4915 δὶ
3735 4858 3795 4912 τὸ

2156 4959 2389 5035 ἁγιάζειν
2446 4958 2628 5031 μεῖζόν
2689 4956 2800 5012 ἐστι
2831 4960 2927 5010 τοῦ
2962 4955 3183 5024 κτίζειν,
3219 4954 3277 5010 ἐκ
3305 4960 3402 5011 τοῦ
3433 4951 3794 5019 ἀποτελέσμαο

2153 5069 2244 5109 τος
2276 5049 2469 5121 γνῶθι,
2528 5046 2652 5100 ὅταν
2712 5066 2793 5106 τις
2854 5042 3094 5118 ἀπολέσῃ
3143 5046 3234 5099 τὸν
3269 5045 3553 5120 ἁγιασμόν.
3587 5035 3786 5095 Ἀκούει

2154 5140 2182 5192 6
2235 5137 2426 5201 ἅθλιος
2461 5134 2688 5198 Ἰούδας
2727 5161 2754 5188 ‹‹
2789 5134 2964 5191 Καλὸνν
3001 5135 3068 5203 ἦν
3101 5135 3274 5207 αὐτῷ,
3322 5136 3367 5191 εἰ
3400 5135 3496 5192 οὐκ
3542 5127 3783 5206 ἐγεννήθη

2155 5229 2182 5283 6
2214 5227 2499 5303 ἅνθρωπος
2551 5225 2776 5286 ἐκεῖνος.
2814 5249 2841 5276 ››
2894 5221 3099 5280 Μακεδ.
3135 5223 3311 5281 Καλὸν
3347 5227 3443 5300 μὲν
3469 5227 3532 5294 ἦν
3553 5219 3712 5288 αὐτῷ.
3743 5211 3786 5266 εί·

2153 5317 2253 5373 οὐκ
2309 5316 2566 5394 ἐγεννήθη
2628 5317 2655 5371 6
2705 5317 2990 5390 ἄνθρωπος
3041 5313 3265 5380 ἐκεῖνος.
3315 5315 3471 5374 Ἀλλ’
3525 5313 3551 5369 6
3604 5304 3789 5374 κτίζων

460 5506 504 5543 ³¹
535 5507 690 5564 Psal.
723 5523 899 5578 χχιιι,
931 5511 986 5566 6.
1063 5510 1109 5545 ⁸³
1141 5509 1294 5568 Psal.
1325 5527 1561 5580 CXLVIII,
1591 5513 1647 5570 5.
1724 5514 1768 5549 ³³
1799 5513 1953 5572 Psal.
1986 5533 2035 5572 ι..

2160 5527 2183 5575 ἱ.
2259 5517 2304 5553 ⁸⁸
2331 5491 2500 5574 Joan.
2536 5530 2674 5582 xvn,
2707 5515 2793 5571 17.
2869 5514 2914 5550 ⁸³
2942 5515 3144 5572 Matth.
3177 5531 3329 5586 xxvr,
3358 5516 3450 5569 24.

467 5701 580 5840 ἳίιὲ)
613 5699 678 5753 At
707 5701 872 5758 deest
902 5705 962 5760 in
994 5705 1276 5762 Palatino.

497 5771 586 5840 43)
616 5771 710 5827 Sic
743 5789 886 5830 mss.
922 5775 982 5831 in
1014 5777 1186 5833 editis
1209 5793 1272 5834 ve

497 5771 586 5840 43)
616 5771 710 5827 Sic
743 5789 886 5830 mss.
922 5775 982 5831 in
1014 5777 1186 5833 editis
1209 5793 1339 5834 vero
1363 5778 1604 5840 deerant
1635 5781 1926 5853 quaedam.

2226 5713 2335 5783 (44)
2367 5711 2688 5781 Palatinus,
2720 5707 3017 5783 πολυμαθῆ
3030 5752 3042 5764 .

2218 5779 2330 5857 (⁷45)
2363 5779 2686 5856 Palatinus,
2717 5779 2950 5854 ἐδέξατο.
