4116 6370
395 428 547 490 1241

1348 422 1448 482 DE
1495 417 1798 480 SANCTA
1847 417 2276 478 TRINITATE
2323 417 2710 482 DIAL-OGUS
2757 417 2865 479 lli.

3661 426 3818 484 1242

391 559 482 615 καὶ
517 555 868 632 δημιουργῶν
900 552 966 609 τὰ
1000 553 1075 627 μή
1111 547 1238 608 ὅντα
1269 553 1342 614 ὡς
1373 549 1518 622 ὄντα,
1554 551 1718 624 μόνος
1753 548 1863 604 ἐστὶ
1897 547 2028 609 Θεός

2165 549 2266 623 qui
2298 555 2455 606 creat
2485 555 2542 607 et
2557 551 2736 606 efﬁcit
2754 567 2884 624 quae
2914 568 3030 608 non
3065 556 3505 626 sunttanquam
3533 555 3578 612 si
3599 562 3816 612 essent.

461 652 550 705 25.
589 648 738 722 Ὀρθ.
792 642 1067 700 Δέδεικται
1122 644 1236 716 μὲν,
1271 641 1354 696 ὅτι
1402 643 1484 710 τὸ,
1519 665 1546 692 ‹‹
1592 642 1920 712 Ποιήσωμεν
1956 637 2046 692 ἅν-

397 749 640 814 θρωπον,
675 759 702 786 ››
733 734 822 790 ἐπὶ
873 734 1088 807 Πατρὸς
1135 731 1225 786 καὶ
1255 731 1381 784 Υἱοῦ
1407 730 1495 784 καὶ
1528 729 1682 804 ἁγίου
1729 727 2044 800 ῙΙνεῦματος

390 825 666 882 λέλεκται”
702 824 789 879 καὶ
819 823 902 892 τὸ,
941 847 966 871 ‹‹
1001 822 1330 892 Ποιήσωμεν
1365 820 1512 891 αὐτῷ
1549 818 1747 894 βοηθὸν
1798 817 1913 870 κατ’
1954 816 2045 870 αὖ·

389 917 506 986 τὸν,
544 940 570 965 ⁷³
603 913 811 986 ὁμοίως
864 912 949 966 ἐπὶ
1005 911 1212 986 Πατρὸς
1244 909 1333 964 καὶ
1385 909 1518 963 Υἱοῦ
1567 908 1655 962 καὶ
1689 905 1845 981 ἁγίου
1878 905 2044 962 Πνεῦ-

391 1025 560 1079 ματος
595 1001 827 1078 εἶ’ρηται.
858 1004 974 1059 Ἵνα
1006 998 1062 1055 δὲ
1099 1001 1174 1072 μὴ
1222 998 1575 1075 περιὲλκηται
1610 999 1636 1051 6
1669 996 1854 1072 λόγος,
1889 991 2045 1048 ἄκου-

391 1116 481 1149 σον
514 1098 612 1149 τοῦ
659 1090 987 1168 Εὖαγγελίου
1029 1088 1312 1166 λὲγοντος,
1363 1088 1445 1143 ὅτι
1494 1089 1585 1144 τὸν
1634 1087 1760 1141 ναὸν
1805 1089 1902 1141 τοῦ
1944 1085 2045 1139 00')-

389 1205 561 1257 ματος
618 1187 715 1238 τοῦ
766 1184 998 1256 Χριστοῦ
1036 1223 1049 1248 ,
1105 1180 1167 1234 τὸ
1224 1181 1445 1250 Πνεῦμα
1501 1178 1562 1231 τὸ
1635 1179 1782 1252 ἅγιον
1844 1172 2038 1231 ἔκτισε.

385 1271 588 1331 Μακεδ.
626 1271 761 1330 Εἰπὲ
809 1275 913 1325 ποῦ
951 1289 963 1340 ;
999 1270 1146 1345 Ὀρθ.
1183 1293 1212 1320 ›ι
1241 1272 1344 1322 Τοῦ
1392 1271 1572 1338 Ἰησοῦ
1604 1269 1637 1332 ἡ
1673 1266 1877 1340 γένεσις
1927 1266 2040 1338 (46)

387 1362 559 1418 οὕτως
592 1362 682 1431 ἦν·
718 1358 1142 1434 μνηστευθείσης
1187 1361 1286 1422 τῆς
1347 1357 1554 1432 μητρὸς
1606 1351 1772 1409 αὐτοῦ
1824 1351 2041 1429 Μαρίας

390 1457 468 1524 τῷ
525 1451 750 1518 Ἰωσὴφ.
811 1450 936 1524 πρὶν
997 1449 1030 1517 ἦ
1101 1445 1373 1511 συνελθεῖν
1434 1444 1626 1506 αὐτοὺς
1663 1489 1676 1513 ,
1738 1442 1925 1518 εὐρέοη
1986 1441 2036 1496 ἐν

392 1540 576 1616 γαστρὶ
611 1539 817 1615 ἔχουσα
863 1538 922 1593 ἐκ
972 1535 1286 1611 Ιῐνεῦματος
1337 1534 1510 1610 ἁγίου.
1551 1559 1569 1585 ι
1599 1530 1798 1588 Μακεδ.
1821 1535 1880 1589 Ὀ
1907 1532 2035 1594 Υἱὸς

387 1628 478 1684 οὖν
511 1628 650 1684 ἐστιν
681 1629 709 1683 6
743 1630 954 1698 Ἰησοῦς
1003 1631 1099 1681 τοῦ
1147 1625 1484 1698 Πνεύματος.
1520 1626 1670 1700 ὈρΟ.
1722 1623 1783 1677 Ἡ
1813 1622 2036 1696 γένεσις,

383 1719 546 1787 εἶπεν,
577 1718 705 1794 οὐχὶ
739 1720 772 1787 ἡ
805 1719 1072 1793 γέννησιςο
1104 1715 1160 1770 ἓν
1195 1713 1336 1789 λέγει
1372 1717 1507 1787 (47),
1540 1713 1666 1788 οὐχὶ
1700 1708 2034 1768 ὃ·3ο.Μακεδ.

381 1809 392 1826 ς
530 1809 540 1828 ,
581 1809 592 1822 .
641 1808 662 1822 ν.
949 1808 971 1824 γ
1155 1811 1164 1823 ,
1203 1805 1215 1820 ε
1314 1805 1326 1820 η
1424 1803 1437 1822 ν
1563 1801 1576 1820 9
1627 1806 1651 1816 η.
1889 1801 1904 1818 ς

401 1806 520 1862 Δλλ
573 1827 601 1862 0
636 1805 868 1883 αγγελος
923 1825 1058 1860 ειπε’
1095 1830 1120 1854 ‹‹
1166 1811 1226 1858 Γο
1265 1825 1368 1880 γαρ
1419 1825 1472 1858 εν
1520 1823 1654 1866 αυτη
1696 1812 1944 1876 γεννηθεν
1979 1800 2039 1854 ἐκ

379 1894 698 1968 ῙΙνεύματός
748 1894 886 1948 ἐστιν
924 1893 1099 1968 ἁγίου.
1132 1916 1160 1944 ››
1194 1893 1344 1967 Ὀρθ.
1383 1895 1608 1966 Πρῶτον
1641 1891 1838 1966 γένεσιν
1869 1889 2036 1943 ἄκου-
2069 1925 2115 1990 Β

383 2007 474 2039 σον
535 1989 632 2039 τοῦ
692 1988 843 2051 ναοῦ,
901 1981 990 2036 καὶ
1048 1981 1172 2037 τότε
1225 1982 1492 2057 γέννησιν.
1553 1979 1654 2035 Καὶ
1713 1979 1816 2054 γὰρ
1865 1977 2036 2032 κοιὶοὶ

388 2071 666 2149 ἅνθρωποι
721 2077 935 2148 πρῶτον
988 2070 1280 2147 γιγνόμεθα
1332 2067 1767 2144 δημιουργικῶς,
1800 2068 1894 2123 εἶθ’
1947 2067 2037 2121 οὕ-

387 2185 495 2225 τως
525 2165 842 2238 γεννώμεθα
873 2164 1350 2236 καταχρηστικῶς
1391 2185 1411 2210 ιι
1449 2158 1608 2219 Υἱοὺς
1646 2183 1671 2209 ››
1703 2160 1804 2234 γὰρ
1837 2182 1865 2208 ‹‹
1902 2156 2039 2231 ἐγεν-

385 2274 545 2323 νησα,
593 2253 683 2306 καὶ
738 2251 947 2325 ὕψωσα,
985 2251 1366 2326 ››γέγραπται,
1423 2248 1484 2302 οὐ
1543 2251 1780 2325 φυσικῶς
1842 2244 2037 2316 δηλον-

386 2341 494 2412 ότι,
539 2340 686 2396 ἀλλδι
732 2343 1210 2416 καταχρηστικῶς.
1272 2335 1475 2394 Μακεδ.
1529 2339 1656 2398 Πῶς
1688 2336 1829 2391 εἶπεν
1865 2336 1892 2389 6
1926 2343 2036 2390 Σο-

383 2429 595 2504 λομών·
637 2453 664 2486 α
707 2431 770 2485 ἸΙ
820 2429 993 2506 Σοφία
1041 2425 1396 2502 ᾠκυδόμησεν
1450 2427 1613 2500 ἑαυτῇ
1663 2425 1810 2480 οἶκον
1844 2427 2030 2500 ;Ὀρο.

378 2524 551 2576 Τοῦτο
610 2519 710 2596 γάρ
771 2519 909 2574 ἐστιν
970 2520 998 2573 ’ὁ
1057 2517 1226 2593 λέγω,
1286 2516 1370 2572 ὅτι
1427 2516 1599 2571 πάντα
1655 2515 1720 2570 τὰ
1766 2513 1894 2591 ἔργα
1936 2520 2032 2569 τοῦ

379 2609 610 2686 Πατρὸς,
661 2609 751 2663 καὶ
806 2613 904 2664 τοῦ
971 2609 1145 2674 Υὶοῦ,
1204 2606 1292 2662 καὶ
1351 2610 1446 2661 τοῦ
1506 2605 1658 2681 ἁγίου
1718 2603 2030 2677 [Ινεόματός

378 2697 508 2753 ἐστι’
561 2698 652 2753 καὶ
703 2695 790 2752 διὰ
840 2702 1001 2752 τοῦτο
1051 2696 1185 2751 ποτὶ
1232 2701 1327 2750 τοῦ
1377 2693 1588 2770 Πατρὸς
1631 2691 1869 2769 λέγεται,
1900 2695 2033 2749 ποτὲ

375 2792 470 2843 τοῦ
531 2789 684 2858 Υἱοῦ,
716 2787 849 2842 ποτὶ
903 2787 1000 2841 τοῦ
1048 2785 1204 2860 ἁγίου
1239 2784 1576 2856 Πνεόματος.
1611 2781 1830 2856 Ἀμέλει
1885 2780 2030 2859 λέγει

379 2876 658 2939 Παῦλοςὸ
717 2878 872 2952 ἅγιος
932 2873 1260 2937 ἀπόστολος”
1326 2877 1509 2930 «ι”Οτε
1558 2870 1614 2928 δὲ
1672 2870 2029 2943 ηὐδόκησενὸ

377 2966 529 3036 Θεὸς,
560 2966 588 3019 ὁ
632 2964 890 3043 ἀφορίσας
938 2986 1004 3037 με
1053 2963 1110 3018 ἐκ
1151 2963 1367 3024 κοιλίας
1404 2961 1610 3037 μητρός
1662 2983 1786 3034 μου,
1823 2960 2029 3015 ἀποκα-

377 3053 545 3128 λύψαι
573 3053 665 3108 τὸν
713 3054 837 3108 Υἱὸν
891 3051 1053 3108 αὐτοῦ
1111 3052 1163 3108 ἐν
1215 3052 1337 3125 ἐμοί
1397 3078 1416 3104 ι
1453 3052 1540 3106 καὶ
1589 3051 1753 3106 πάλιν
1789 3051 1816 3105 6
1865 3049 2025 3113 αὐτός

376 3142 544 3218 λέγει·
581 3168 609 3195 ‹‹
646 3143 864 3205 Παῦλος
895 3140 1093 3205 δοῦλος
1125 3143 1306 3212 Ἰησοῦ
1336 3143 1594 3218 Χριστοῦ,
1626 3139 1824 3207 κλητὸς
1861 3139 2024 3197 Ἀπό-

374 3233 588 3301 στολος,
637 3233 1018 3310 ἀφωρισμένος
1066 3231 1138 3294 εἷς
1189 3230 1518 3307 Εὐαγγὲλιον
1570 3235 1721 3286 Θεοῦ.
1759 3255 1786 3281 ››
1820 3227 2018 3286 Μακεδ.

474 3288 503 3290 η
554 3288 588 3301 ,,
687 3288 696 3310 ι
765 3288 774 3307 ,
860 3288 870 3306 ,
1006 3288 1016 3294 ,
1126 3288 1137 3294 ,
1313 3288 1360 3307 Η

373 3322 432 3376 Τί
460 3328 618 3377 τοῦτο
650 3328 801 3377 ποιεῖ
835 3341 848 3390 ;
884 3323 1033 3397 Ὀρθ.
1071 3320 1348 3394 Βούλομαί
1397 3342 1480 3375 σοι
1522 3317 1710 3391 δεῖξαι,
1761 3319 1841 3375 ὅτι
1891 3322 2024 3375 ποτὶ
2053 3288 2097 3355 C

375 3412 555 3466 ἑαυτὸν
603 3411 884 3489 ἀφόρισμα
935 3411 1078 3487 λέγει
1127 3415 1221 3465 τοῦ
1267 3411 1501 3483 Πατρὸς,
1554 3411 1684 3464 ποτὶ
1732 3414 1830 3463 τοῦ
1870 3410 2018 3465 Υἳοῦ.

371 3499 595 3563 Μακεδ,
657 3503 746 3570 Μὴ
795 3523 884 3556 και
940 3504 1035 3555 τοῦ
1077 3501 1388 3574 ἰΙνεῦματος
1424 3520 1437 3569 ;
1474 3501 1615 3575 Ὀρθ.
1678 3498 1829 3563 Maiae
1883 3497 1973 3554 οῦν
2007 3543 2021 3568 ,

367 3589 453 3645 ὅτι
501 3592 590 3645 καὶ
648 3591 710 3646 τὸ
764 3593 984 3662 Πνεῦμα
1042 3590 1199 3644 αὐτὸν
1257 3591 1549 3668 ἀφώρισεν,
1599 3589 1672 3650 ὡς
1721 3586 1830 3658 ἤδη
1883 3609 2022 3663 προ-

367 3678 602 3753 είρηται.
663 3679 964 3755 Γέγραπται
1025 3677 1083 3734 δὲ
1134 3679 1305 3740 οὕτως
1369 3679 1420 3734 ἐν
1469 3684 1586 3741 ταῖς
1640 3679 1867 3753 Πράξεσι
1914 3683 2019 3733 τῶν

364 3767 712 3825 ἀποστόλων·
750 3793 778 3820 ‹‹
814 3768 947 3825 Eine
999 3765 1056 3823 δὲ
1101 3768 1164 3823 τὸ
1214 3771 1434 3840 Πνεῦμα
1472 3767 1674 3829 αὐτοῖς’
1709 3766 2024 3844 Ἀφορίσατέ

373 3879 468 3930 μοι
497 3859 592 3912 τὸν
628 3851 893 3932 βαρνάϐαν
939 3857 1028 3912 καὶ
1061 3857 1150 3911 τὸν
1184 3855 1395 3911 Σαῦλον
1429 3859 1540 3929 (48)
1573 3856 1648 3918 εἰς
1692 3856 1753 3910 τὸ
1785 3855 1962 3932 ἔργον,
1994 3856 2023 3910 ’ὸ

366 3945 788 4023 προσκέκλημαι
847 3944 1060 4007 αὐτούς.
1126 3969 1153 3996 ››
1217 3943 1417 4000 Μακεδ.
1482 3944 1640 4020 Κάγὼ
1700 3943 1868 4019 λέγω,
1929 3944 2022 4007 οὓς

368 4033 585 4090 καλεῖὸ
648 4036 860 4111 ΙΙατήρ,
894 4033 1120 4096 τούτους
1180 4032 1340 4088 καλεῖ
1395 4033 1483 4088 καὶ
1542 4034 1570 4087 6
1625 4033 1748 4095 Υἱὸς
1813 4033 1903 4087 καὶ
1959 4033 2022 4088 τὸ

370 4125 594 4197 Πνεῦμα
623 4144 636 4156 ⁸
670 4124 761 4178 καὶ
810 4123 901 4186 οὓς
960 4124 1168 4198 ἁγιάζει
1224 4124 1252 4177 6
1284 4123 1473 4197 Πατὴρ
1514 4169 1528 4190 ,
1557 4123 1784 4184 τούτους
1816 4123 2020 4198 ἁγιάζει

369 4213 548 4268 καὶτὸ
582 4216 826 4285 Πνεῦμα,
877 4211 1003 4268 ἀλλ’
1058 4213 1120 4265 οὐ
1169 4212 1336 4280 κτίζει
1376 4212 1438 4266 τὸ
1474 4213 1715 4283 Πνεῦμα.
1751 4212 1898 4284 Ὀρθ.
1934 4212 2022 4265 Δέ-

370 4299 596 4371 δεικται,
647 4301 729 4357 ὅτι
779 4301 945 4371 κτίζει
1002 4302 1064 4356 τὸ
1125 4303 1364 4374 Πνεῦμα.
1417 4301 1630 4376 Ηὺρὲθη
1665 4301 1767 4376 γὰρ
1822 4303 1857 4370 ἡ
1900 4300 2022 4376 ἁγία

369 4392 549 4467 Μαρία
578 4391 628 4446 ἐν
661 4391 849 4467 γαστρὶ
905 4389 1108 4466 ἔχουσα
1137 4389 1196 4446 ἐκ
1244 4389 1558 4463 ΙΙνεόματος
1602 4390 1782 4464 ἁγίου.
1816 4387 2018 4447 Μακεδ.

369 4480 482 4538 Οὐκ
525 4480 693 4549 εἶπεν,
745 4479 798 4535 ἐν
853 4480 1041 4556 γαστρὶ
1094 4476 1300 4555 ἔχουσα
1353 4479 1632 4540 κτίσαντος
1689 4483 1786 4533 τοῦ
1844 4478 2021 4537 Πνεῦ-

370 4590 537 4643 ματος
579 4574 678 4625 τοῦ
729 4569 903 4646 ἁγίου’
951 4568 1076 4624 ἀλλ’
1121 4567 1308 4630 ἁπλῶς
1360 4567 1594 4641 εἷ’ρηται·
1644 4594 1670 4619 ‹‹
1721 4568 1932 4644 Ηόρὲθη
1967 4569 2018 4622 ἐν

2228 641 2317 696 25.
2356 641 2509 698 Orth.
2545 641 2862 696 Ostensum
2917 642 3151 713 quidem
3207 647 3292 698 est
3325 643 3469 698 illud
3509 661 3520 699 :
3555 667 3581 694 ιι
3617 645 3819 701 Facia-

2157 746 2292 787 mus
2337 731 2638 785 hominem
2669 731 2733 799 ³⁸,
2770 753 2795 778 ››
2831 731 2902 786 de
2943 733 3140 796 Patre,
3186 736 3241 787 et
3287 732 3450 804 Filio,
3493 737 3550 788 et
3593 737 3816 807 Spiritu

2157 833 2360 875 sancto
2392 821 2611 875 dictum
2645 835 2811 886 esse;
2846 826 2902 874 et
2931 819 3078 874 illud
3113 837 3124 874 :
3161 843 3188 870 «
3224 821 3529 878 Faciamus
3562 823 3611 877 ei
3646 825 3814 896 adju-

2156 909 2372 963 torium
2425 908 2537 980 ipsi
2593 908 2945 964 conveniens
2975 909 3039 977 3",
3079 930 3104 956 »
3151 909 3355 964 itidem
3410 911 3481 966 de
3535 911 3726 979 Patre,
3761 920 3818 968 et

2157 997 2320 1066 Filio,
2355 1003 2409 1051 et
2441 998 2659 1069 Spiritu
2713 1003 2914 1053 sancto
2946 997 3164 1052 dictum
3216 1015 3364 1054 esse.
3396 999 3527 1054 Jam
3576 1018 3709 1055 vero
3744 1019 3814 1058 ne

2153 1087 2388 1159 longius
2409 1086 2785 1157 protrahatur
2803 1087 3151 1150 oratio,audi
3177 1086 3554 1158 Evangelium
3587 1090 3811 1158 dicens,

2153 1175 2439 1247 templum
2492 1175 2748 1247 corporis
2799 1174 3008 1230 Christi
3059 1176 3238 1230 fuisse
3271 1194 3304 1232 a
3335 1177 3554 1250 Spiritu
3608 1186 3811 1235 sancto

2152 1265 2474 1320 conditum.
2513 1264 2708 1319 Macati.
2744 1265 3042 1320 Ubinam?
3075 1265 3229 1321 Orth.
3268 1289 3294 1315 ‹‹
3326 1267 3468 1322 Jesu
3518 1273 3682 1324 ortus
3726 1271 3810 1324 sic

2150 1354 2277 1410 fuit:
2296 1371 2428 1410 cum
2455 1359 2608 1410 esset
2630 1354 2984 1426 desponsata
3006 1359 3193 1409 mater
3215 1355 3342 1427 ejus
3366 1357 3544 1412 Maria
3563 1358 3801 1430 Joseph,

2151 1448 2465 1515 antequam
2499 1443 2895 1509 convenirent,
2917 1444 3154 1500 inventa
3185 1449 3274 1500 est
3302 1447 3526 1501 habens
3549 1447 3606 1502 in
3641 1453 3805 1504 utero

2150 1550 2216 1588 ex
2249 1534 2467 1606 Spiritu
2501 1538 2704 1588 sancto
2737 1534 2800 1589 ⁵⁸.
2840 1556 2864 1583 ιι
2898 1535 3096 1589 Maced.
3125 1539 3298 1590 Jesus
3347 1551 3482 1607 ergo
3513 1543 3600 1592 est
3630 1537 3808 1609 Spiri-

2148 1627 2244 1678 tus
2272 1622 2458 1678 sancti
2511 1622 2711 1678 Filius.
2764 1624 2925 1682 Orth.
2976 1621 3184 1684 Γὲνεσις
3231 1625 3310 1693 [id
3361 1628 3449 1680 est
3496 1646 3524 1674 «
3556 1630 3724 1682 ortus
3755 1629 3806 1699 ι]

2149 1711 2433 1779 dixit,non
2467 1708 2715 1785 γέννησις
2747 1713 2868 1786 [seu
2893 1713 3208 1785 generatio]
3233 1731 3246 1782 ;
3271 1730 3455 1769 unum
3492 1714 3653 1782 dicit,
3688 1733 3805 1772 non

2148 1802 2286 1856 duo.
2316 1802 2526 1857 Maced.
2558 1802 2667 1857 Sed
2701 1801 2947 1874 angelus
2980 1802 3164 1858 dixit:
3205 1825 3224 1852 ε
3262 1804 3422 1869 Quod
3457 1804 3611 1859 enim
3645 1805 3704 1859 in
3739 1822 3809 1862 ea

2148 1895 2350 1946 natum
2387 1893 2570 1957 est,ex
2600 1890 2820 1963 Spiritu
2854 1896 3056 1947 sancto
3089 1895 3176 1946 est
3207 1893 3271 1946 3°.
3295 1915 3322 1941 »
3355 1891 3506 1947 Orth.
3539 1893 3804 1950 Primum

2151 1978 2286 2035 audi
2318 1984 2513 2036 ortum
2546 1979 2835 2051 templi,et
2851 1987 3054 2053 postea
3071 1981 3309 2036 demum
3339 1983 3800 2054 generationem.

2149 2070 2296 2125 Nam
2330 2075 2387 2125 et
2416 2087 2523 2125 nos
2555 2069 2824 2125 homines
2856 2070 3112 2142 primum
3145 2071 3434 2126 efﬁcimur
3463 2077 3529 2128 ut
3576 2073 3647 2127 ab
3679 2073 3803 2144 opi-

2150 2159 2255 2214 fice
2285 2164 2342 2215 et
2382 2160 2701 2223 conditore,
2737 2160 2948 2215 deinde
2996 2160 3081 2215 sic
3109 2161 3411 2233 gignimur
3458 2163 3801 2234 improprie.

2149 2248 2295 2304 Illud
2329 2250 2508 2320 enim,
2536 2271 2562 2304 ιι
2594 2249 2769 2305 Filios
2797 2248 3054 2320 genui,et
3077 2249 3323 2305 exaltavi
3354 2251 3456 2318 ‘0,»
3478 2256 3634 2306 certe
3657 2253 3802 2307 scri-

2147 2341 2311 2410 ptum
2345 2343 2453 2408 est,
2489 2355 2602 2394 non
2657 2339 3024 2405 naturaliter,
3057 2339 3156 2394 sed
3213 2339 3550 2412 improprie.
3597 2341 3798 2396 Maced.

2143 2429 2445 2492 Quomodo
2497 2428 2641 2483 dixit
2687 2427 2960 2483 Salomon
3011 2445 3022 2482 :
3079 2450 3108 2477 ‹‹
3141 2429 3442 2500 Sapientia
3491 2431 3801 2488 aedificavit

2145 2517 2256 2573 sibi
2288 2519 2529 2573 domum
2562 2517 2834 2576 t"anrth.
2867 2517 3172 2573 Enimvero
3205 2517 3312 2573 hoc
3343 2517 3484 2574 illud
3520 2522 3605 2574 est
3639 2522 3796 2592 quod

2144 2606 2294 2676 dico,
2345 2607 2545 2662 omnia
2591 2606 2861 2662 videlicet
2909 2623 3087 2679 opera
3134 2622 3263 2662 esse
3315 2607 3522 2677 Patris,
3564 2608 3690 2663 Filii
3742 2615 3800 2665 et

2144 2695 2396 2768 Spiritus
2451 2695 2659 2766 sancti,
2697 2695 2943 2768 ideoque
2991 2696 3164 2751 modo
3215 2696 3402 2752 Patris
3449 2697 3584 2767 dici,
3619 2700 3793 2754 modo

2145 2784 2290 2853 Filii,
2328 2787 2498 2840 modo
2549 2785 2800 2856 Spiritus
2831 2785 3038 2840 sancti.
3073 2785 3374 2857 Siquidem
3427 2786 3646 2844 Paulus
3694 2787 3792 2844 ille

2141 2880 2381 2930 sanctus
2433 2875 2755 2948 apostolus,
2805 2875 2999 2947 inquit
3031 2891 3044 2928 ε
3080 2897 3108 2924 ‹‹
3141 2875 3285 2930 Cum
3320 2881 3514 2930 autem
3567 2876 3793 2948 placuit

2139 2965 2276 3035 Deo,
2309 2963 2407 3037 qui
2441 2981 2532 3020 me
2579 2964 2906 3036 segregavit
2943 2981 3012 3019 ex
3062 2968 3225 3020 utero
3280 2964 3484 3020 matris
3532 2981 3692 3032 mem,
3729 2969 3794 3021 ut

2137 3053 2413 3126 revelarct
2442 3053 2650 3109 Filium
2671 3070 2845 3110 suum
2869 3053 2925 3108 in
2951 3070 3044 3110 me
3067 3054 3136 3121 ⁴²ς
3159 3075 3187 3102 ››
3209 3057 3265 3109 et
3283 3053 3408 3126 ipse
3425 3071 3664 3110 rursum
3696 3055 3784 3109 di-

2135 3125 2215 3198 cit
2249 3160 2259 3197 :
2296 3166 2322 3192 ‹‹
2359 3142 2577 3198 Paulus
2607 3158 2811 3198 servus
2839 3143 2978 3198 Jesu
3010 3125 3505 3210 Christi,vocatus
3536 3145 3785 3216 Aposto-

2135 3232 2596 3303 lus,segregatus
2629 3232 2687 3286 in
2719 3230 3100 3304 Evangelium
3137 3233 3231 3286 Dei
3266 3233 3366 3286 ".n
3399 3233 3601 3289 Maced.
3636 3233 3786 3297 Quid

2134 3339 2201 3376 ex
2259 3321 2368 3378 hoc
2425 3321 2724 3376 efficitur?
2775 3324 2932 3380 Orth.
2992 3321 3135 3376 Volo
3195 3321 3299 3376 tibi
3358 3323 3783 3391 demonstrare,

2133 3411 2378 3467 Paulum
2412 3411 2602 3467 dicere
2624 3427 2684 3467 se
2707 3411 2988 3484 quiddam
3011 3427 3139 3467 esse
3165 3417 3533 3484 segregatum
3559 3413 3730 3468 modo
3755 3430 3788 3468 a

2134 3500 2319 3567 Patre,
2377 3501 2548 3556 modo
2574 3518 2602 3556 a
2639 3500 2800 3556 Filio.
2836 3500 3048 3557 Maced.
3096 3501 3246 3556 Num
3297 3501 3471 3557 etiam
3506 3519 3538 3557 a
3568 3501 3786 3574 Spiritu

2134 3595 2335 3646 sancto
2365 3594 2390 3644 .9
2435 3592 2586 3649 Orth.
2648 3591 2813 3645 Disce
2867 3591 3046 3661 igitur
3094 3591 3245 3661 quod
3304 3591 3481 3647 etiam
3531 3591 3786 3663 Spiritus

2133 3684 2376 3735 sanctus
2405 3679 2602 3752 ipsum
2636 3680 3047 3753 segregarit,ut
3070 3681 3195 3750 jam
3225 3687 3397 3735 antea
3419 3681 3641 3736 dictum
3674 3687 3780 3737 est.

2133 3769 2226 3825 Sic
2254 3769 2407 3825 enim
2436 3770 2719 3842 scriptum
2745 3775 2834 3824 est
2861 3769 2915 3824 in
2943 3771 3099 3824 Actis
3124 3769 3520 3840 apostolorum
3550 3789 3606 3826 τι
3638 3771 3788 3826 Dixit

2131 3863 2324 3913 autem
2357 3859 2441 3913 eis
2473 3859 2729 3929 Spiritus
2766 3876 2778 3915 :
2813 3858 3128 3931 Segregate
3179 3858 3319 3913 mibi
3369 3859 3694 3916 Barnabam
3728 3867 3786 3916 et

2131 3948 2371 4002 Saulum
2423 3947 2494 4002 ad
2529 3963 2677 4020 Opus
2708 3948 2779 4002 ad
2827 3948 2976 4018 quod
3010 3948 3170 4019 ipsos
3214 3948 3485 4005 advocavi
3514 3950 3577 4004 “.
3615 3973 3641 3999 ››
3673 3949 3782 4004 Μα-

2130 4037 2243 4092 ced.
2282 4036 2412 4091 Dico
2460 4036 2633 4090 etiam
2685 4052 2813 4108 ego,
2847 4053 2993 4108 quos
3038 4043 3204 4094 vocat
3256 4041 3442 4109 Pater,
3476 4055 3574 4095 eos
3622 4042 3788 4093 vocat

2132 4124 2334 4190 Filius,
2367 4129 2422 4180 et
2448 4125 2696 4196 Spiritus
2729 4130 2967 4180 sanctus
3001 4141 3014 4180 :
3050 4131 3108 4182 et
3140 4143 3288 4198 quos
3319 4125 3647 4182 sanctificat
3678 4132 3782 4183 Pa-

2131 4217 2237 4280 ter,
2271 4230 2370 4268 eos
2415 4213 2741 4268 sanctificat
2773 4215 2946 4268 etiam
3003 4214 3280 4285 Spiritus,
3313 4217 3409 4269 sed
3463 4232 3578 4270 non
3629 4219 3788 4271 creat

2131 4302 2406 4374 Spiritus.
2443 4303 2608 4359 Orth.
2642 4301 3120 4357 Demonstratum
3167 4309 3253 4358 est
3304 4303 3587 4375 Spiritum
3638 4321 3783 4376 quo-

2132 4408 2244 4463 que
2303 4408 2518 4447 creare.
2555 4392 2793 4445 Inventa
2845 4396 2934 4446 est
2990 4392 3146 4446 enim
3209 4391 3392 4447 Maria
3448 4391 3672 4447 habens
3725 4394 3784 4448 in

2131 4485 2295 4536 utero
2328 4483 2396 4536 de
2428 4481 2647 4552 Spiritu
2682 4484 2904 4535 sancto.
2941 4480 3136 4536 Maced.
3170 4479 3293 4535 Non
3329 4481 3494 4549 dixit,
3529 4482 3586 4537 in
3622 4487 3784 4539 utero

2130 4570 2376 4639 habens,
2423 4575 2656 4625 creante
2705 4569 2920 4640 Spiritu
2976 4573 3226 4626 sancto:
3284 4571 3383 4626 sed
3435 4571 3784 4643 simpliciter

362 4659 552 4736 γαστρὶ
604 4657 808 4734 ἔχουσα
854 4657 916 4713 ἐκ
967 4658 1279 4730 Πνεόματος
1331 4657 1510 4733 ἁγίου.
1547 4683 1574 4711 »
1611 4660 1757 4731 Ὀρθ.
1797 4659 1866 4712 Τὸ
1899 4657 2012 4727 οῦν,

2143 4659 2344 4715 lictum
2374 4665 2463 4714 est
2487 4677 2534 4714 :u
2563 4660 2796 4715 Inventa
2821 4665 2911 4714 est
2933 4659 3155 4715 habens
3182 4659 3240 4714 in
3265 4665 3428 4716 utero
3461 4660 3532 4716 de
3555 4661 3777 4732 Spiritu

366 4774 392 4800 ‹‹
425 4749 484 4803 ἐκ
510 4749 828 4820 ΙΙνεύματος
880 4746 1058 4823 ἁγίου,
1095 4771 1122 4798 ››
1152 4747 1204 4801 τί
1235 4745 1374 4802 ἄλλο
1424 4749 1532 4822 ἡγῇ
1587 4746 1732 4815 πλὴν
1777 4752 1872 4802 τοῦ
1903 4747 2015 4802 κτί-

363 4857 499 4906 σαι;
551 4835 754 4894 Μακεδ.
805 4838 942 4911 Ἐγὼ
986 4837 1084 4905 τὴν
1139 4835 1452 4908 οἰκονομίαν
1507 4835 1648 4910 λέγω
1709 4841 1804 4890 τοῦ
1854 4836 2021 4894 lived-

367 4948 534 5000 ματος
595 4925 816 4982 ἐνταῦθα
848 4926 1204 4999 σημαίνεσθαι
1243 4969 1254 4982 .
1318 4926 1479 4999 Ὀρθ.
1543 4927 1631 4993 Μὴ
1695 4925 1785 4979 οὗν
1844 4924 2018 4988 θέλεις

363 5017 530 5071 εἰπεῖν
585 5016 648 5071 τὸ
708 5015 972 5092 Κυριακὸν
1023 5019 1183 5087 σῶμα
1231 5013 1480 5087 κτίσμα;
1534 5011 1756 5070 Μακεδ.
1808 5013 2019 5088 Κτίσμα

363 5106 457 5178 μὲν
492 5105 640 5181 λέγω
670 5106 732 5160 τὸ
763 5106 942 5176 σῶμα,
979 5103 1102 5159 ἀλλ’
1138 5102 1200 5159 οὐ
1229 5108 1324 5158 τοῦ
1355 5103 1669 5176 Πνεῦματος
1701 5102 1830 5158 αὐτὸ
1875 5102 2018 5178 λέγω

357 5194 580 5267 κτίσμα,
639 5192 786 5249 ἀλλά
841 5197 940 5247 τοῦ
990 5194 1267 5269 Χριστοῦ.
1333 5194 1476 5267 Ὀρθ.
1521 5190 1681 5248 Ἀλλ’
1732 5195 1767 5261 ἡ
1827 5193 2015 5270 Γραφὴ

423 5409 468 5444 ³⁸
498 5408 643 5466 Gen.
679 5425 718 5480 1,
743 5409 834 5464 26.

359 5482 405 5517 ‘3
436 5481 604 5538 Rom.
639 5497 680 5550 1,
714 5480 766 5536 1.
845 5480 891 5515 “
914 5481 1040 5536 Act.
1071 5496 1196 5550 x111,
1227 5480 1280 5536 2.
1360 5480 1406 5516 ⁴⁶
1435 5480 1643 5537 Matth.
1676 5498 1716 5547 1,
1753 5482 1838 5537 18.

431 5693 545 5766 (46)
580 5691 1199 5766 Ραῖαιὶῐιμε,χέννησις,

437 5695 526 5764 (46
580 5693 898 5766 Palatinus,
929 5693 1199 5766 γέννησις.

437 5693 551 5840 (Πὲ
585 5765 766 5826 Palat.
795 5761 851 5820 ἓν
912 5761 1079 5844 λέγει,
1140 5762 1267 5840 οὗχῖ
1325 5760 1374 5818 δ.
1436 5764 1613 5840 Editi_
1636 5765 1807 5838 male,
1848 5763 2012 5822 ἐννόει

2126 4750 2464 4804 εοιιοῑο⁴⁵.ι›
2495 4749 2657 4806 Orth.
2695 4749 2850 4804 Istud
2886 4765 3021 4821 ergo
3057 4764 3120 4802 τι(
3154 4753 3229 4804 De
3260 4748 3478 4821 Spiritu
3515 4755 3780 4813 sancto,»

2131 4839 2266 4910 quid
2303 4837 2460 4893 aliud
2518 4855 2645 4893 esse
2697 4844 2885 4910 putas,
2919 4855 3094 4910 quam
3146 4838 3338 4910 ipsum
3396 4839 3782 4895 condidisse?

2129 4926 2326 4983 Maced.
2361 4927 2499 4982 Dico
2540 4927 2795 4998 Spiritus
2838 4928 3022 4982 sancti
3057 4928 3440 4983 oeconomiam
3475 4928 3566 4983 his
3599 4928 3782 5001 signi-

2131 5016 2312 5071 ﬁcari.
2344 5017 2506 5074 Orlh.
2537 5015 2660 5071 Non
2710 5018 2798 5071 vis
2850 5017 3032 5087 igitur
3072 5017 3239 5071 fateri
3295 5017 3516 5073 Domini
3569 5033 3781 5096 corpus

2129 5121 2257 5160 esse
2305 5110 2562 5160 creatum
2585 5105 2612 5158 ?
2643 5105 2852 5160 Maced.
2907 5105 3110 5160 Fateor
3139 5105 3372 5175 quidem
3415 5123 3624 5177 corpus
3653 5124 3781 5164 esse

2128 5198 2408 5264 creatum,
2434 5211 2550 5251 non
2583 5199 2777 5251 tamen
2812 5212 2845 5249 a
2875 5194 3093 5266 Spiritu
3127 5199 3330 5250 sancto
3362 5199 3618 5250 creatum
3651 5212 3780 5254 esse

909 5407 954 5500 3:
986 5408 1126 5500 (Eon.
1160 5407 1709 5500 11,n18.u'_"lvia‘tth.
1743 5409 1903 5500 1,038.
1980 5408 2026 5444 3'

2143 5407 2196 5464 d.
2228 5409 2316 5464 20.
2397 5407 2442 5443 ιο
2472 5410 2584 5465 Isa.
2617 5425 2655 5480 1,
2687 5411 2740 5464 2.
2817 5407 2862 5446 δι
2887 5408 3050 5466 Prov.
3084 5423 3165 5479 lx,
3199 5409 3263 5500 1.¹
3325 5409 3370 5444 ⁴²
3398 5407 3585 5465 Galat.
3614 5425 3654 5481 1,
3686 5411 3772 5466 15.

2195 5695 2284 5766 (48
2316 5695 2482 5768 Μεε.,
2515 5691 2760 5763 Παῦλον,
2785 5693 2934 5751 ibid.
2968 5693 3177 5767 Palat.,
3201 5691 3278 5756 είς
3311 5690 3442 5768 ὅπερ
3473 5689 3772 5766 κέκλημαι.
