4116 6428
275 486 432 547 1243

1440 479 1502 540 S.
1553 481 2082 542 ATHANASIUS.
2112 512 2186 525 —-
2213 479 2523 544 SPURIA.

3537 485 3698 546 1244

277 617 429 686 dico,
464 616 566 673 sed
599 631 632 671 a
661 614 914 671 Christo.
947 615 1104 674 Orth.
1138 613 1309 686 Atqui
1357 612 1658 685 Scriptura
1687 611 1879 684 inquit
1911 629 1924 668 :

2064 609 2207 666 lmv‘
2271 636 2300 663 »
2362 613 2572 689 Ηὺρέθη
2634 613 2686 669 ἐν
2741 617 2931 692 γαστρὶ
2991 614 3194 694 ἔχουσα
3261 615 3320 671 ἐκ
3383 613 3701 689 Πνεῦματος

281 730 308 760 (ι
350 708 587 763 inventa
615 709 703 760 est
737 704 792 759 in
831 709 992 760 utero
1025 703 1248 758 habens
1295 703 1365 758 de
1394 701 1614 775 Spiritu
1647 706 1867 758 sancto.
1903 722 1931 752 ››

350 797 442 851 26.
477 795 678 850 Maccd.
715 794 812 848 Dic
847 793 991 848 mihi
1035 793 1130 848 ubi
1162 792 1450 864 Scriptum
1500 792 1595 860 sit,
1630 790 1933 863 quidpiam

283 904 315 943 a
343 884 563 958 Spiritu
597 887 801 939 sancto
859 883 1041 938 fuisse
1075 882 1397 936 conditum.
1431 881 1589 940 Orth.
1623 880 1938 935 Sufﬁciunt

283 975 521 1048 quidem
545 991 611 1030 ea
635 973 788 1029 456
820 988 946 1042 quae
965 971 1220 1026 diximus
1245 970 1608 1026 auditoribus
1637 970 1934 1037 omnibus,

284 1063 384 1137 qui
417 1063 643 1119 sincere
693 1062 774 1117 rei
809 1061 1223 1132 cognoscenda:
1277 1060 1541 1114 studium
1585 1057 1888 1113 attulerint
1921 1076 1931 1112 :

285 1153 564 1225 quoniam
600 1155 794 1206 autem
831 1150 998 1204 nobis
1049 1149 1410 1220 propositum
1443 1155 1531 1204 est
1561 1165 1731 1204 secus
1764 1149 1936 1203 etiam

286 1241 510 1300 atfectis
531 1241 806 1312 prodesse
833 1257 845 1294 :
872 1238 1007 1293 audi
1047 1238 1220 1293 etiam
1256 1238 1542 1309 Spiritum
1575 1238 1659 1294 sic
1694 1237 1937 1309 loquen-

291 1338 409 1387 tem
442 1348 454 1386 :
491 1352 518 1381 ι(
550 1330 794 1384 Paratus
822 1332 966 1394 esto,
1000 1327 1197 1394 Israel,
1231 1329 1302 1383 ad
1338 1327 1725 1384 invocandum
1760 1333 1939 1382 Deum

291 1427 484 1477 tuum.
519 1419 661 1474 Ecce
708 1418 864 1473 enim
898 1435 1026 1489 ego,
1059 1417 1157 1490 qui
1208 1417 1376 1472 ﬁrmo
1429 1417 1668 1484 tonitru,
1702 1421 1759 1472 et
1810 1433 1940 1470 creo

295 1510 658 1582 spiritum,et
678 1507 1015 1576 hominibus
1039 1509 1323 1564 annuntio
1346 1507 1644 1564 Christum
1676 1511 1804 1579 ejus
1825 1509 1888 1565 ⁵⁵.
1912 1530 1940 1557 ››

293 1599 496 1656 Maced.
551 1599 716 1655 Pater
759 1597 809 1653 is
861 1601 967 1666 est,
1020 1597 1121 1670 qui
1168 1597 1447 1670 loquitur.
1499 1597 1649 1653 Orth.
1685 1597 1743 1653 Si
1775 1598 1946 1654 Pater

293 1689 656 1762 loqueretur,
690 1686 1001 1742 dicendum
1035 1685 1087 1741 ei
1125 1686 1350 1758 fuisset,
1385 1687 1490 1752 Qui
1522 1687 1808 1743 annuntio
1841 1687 1942 1744 ho-

291 1777 555 1834 minibus
586 1776 882 1831 Christum
934 1792 1170 1844 meum;
1226 1793 1414 1848 neque
1468 1776 1729 1844 dixisset,
1781 1776 1942 1832 Chri-

289 1871 448 1923 stum
479 1867 630 1936 ejus.
668 1865 767 1921 Dic
788 1865 946 1920 enim
978 1865 1122 1920 mihi
1149 1883 1222 1919 an
1245 1867 1317 1920 ab
1342 1864 1454 1920 alio
1485 1865 1601 1920 Deo
1629 1883 1805 1936 quam
1840 1865 1944 1920 Pa-

2045 701 2219 776 ἁγίου.
2260 727 2281 752 ι

2115 793 2210 849 26.
2271 790 2472 849 Μακεδ.
2520 793 2670 868 Δύτῇ
2714 799 2782 869 τῇ
2835 791 2975 866 λέξει
3027 795 3143 850 εἰπὲ
3191 817 3306 868 μοι,
3352 800 3459 850 ποῦ
3502 795 3702 873 γέγρα-

2045 900 2195 947 πται,
2228 880 2309 936 ὅτι
2338 904 2390 936 τι
2423 880 2596 937 ἔκτισε
2636 885 2698 938 τὸ
2748 889 2986 958 Πνεῦμα.
3041 886 3190 960 Ὀρθ.
3226 886 3414 961 Ἀρκεῖ
3463 886 3557 958 μὶν
3587 891 3704 947 τοῖς

2047 968 2407 1044 εὐγνωμόνως
2455 971 2712 1028 ἀκούουσι
2770 974 2860 1029 καὶ
2921 975 2987 1029 τὰ
3044 975 3454 1052 προειρημένα·
3509 972 3700 1044 ἐπειδὴ

2049 1055 2106 1112 δὲ
2137 1059 2337 1122 σκοπὸς
2368 1063 2502 1134 ἡμῖν
2551 1061 2692 1117 ἐστιν
2747 1064 3031 1142 ὠφελῆσαι
3081 1067 3194 1139 (49)
3243 1065 3333 1120 καὶ
3372 1063 3499 1126 τοὺς
3530 1065 3705 1140 ἀγνώ-

2053 1169 2244 1220 μονας,
2280 1146 2440 1206 ἄκουε
2486 1153 2576 1207 καὶ
2623 1158 2719 1208 τοῦ
2771 1153 3085 1226 Πνειῦματος
3133 1153 3411 1229 λὲγοντος
3447 1180 3474 1206 ι(
3527 1155 3702 1211 Ἑτοι-

2054 1235 2226 1310 μαζου
2279 1244 2377 1293 τοῦ
2433 1239 2806 1306 ἐπικαλεῖσθαι
2862 1243 2954 1297 τὸν
3006 1243 3134 1298 Θεὸν
3193 1265 3289 1298 σου
3321 1242 3570 1318 Ἰσραὴλ,
3617 1243 3696 1297 ὅτι

2054 1323 2172 1380 ἰδοὺ
2224 1327 2334 1402 ἐγὼ
2382 1336 2611 1404 στερεῶν
2669 1332 2922 1406 βροντὴν,
2976 1332 3064 1386 καὶ
3096 1333 3292 1401 κτίζων
3346 1336 3582 1405 πνεῦμα,
3612 1332 3698 1386 καὶ

2052 1415 2416 1492 ἀπαγγέλλων
2474 1419 2549 1480 εἷς
2606 1419 2923 1496 ἀνθρώπους
2990 1422 3080 1476 τὸν
3138 1422 3369 1497 Χριστὸν
3426 1421 3614 1478 αὐτοῦ.
3681 1445 3701 1471 ι

2052 1503 2259 1563 Μακεδ.
2293 1507 2348 1566 Ὀ
2406 1510 2592 1582 Πατήρ
2645 1508 2784 1564 ἐστιν
2838 1512 2865 1565 ὁ
2915 1509 3108 1586 λέγων.
3143 1511 3288 1586 Ὀρθ.
3342 1509 3402 1566 Εἰ
3454 1511 3482 1566 6
3521 1511 3709 1586 Πατὴρ

2055 1592 2257 1672 ἔλεγεν,
2311 1597 2454 1671 εἶχεν
2505 1597 2564 1652 ἂν
2599 1598 2787 1669 εἰπεῖν,
2839 1597 3238 1675 Ἀπαγγέλλων
3273 1598 3349 1662 εἷς
3383 1600 3710 1675 ἀνθρώπους

2051 1685 2141 1740 τὸν
2178 1685 2408 1761 Χριστόν
2443 1705 2566 1759 μου·
2601 1688 2691 1742 καὶ
2723 1687 2825 1742 οὐκ
2855 1687 2912 1744 ἂν
2948 1689 3112 1760 εἶπεν,
3136 1689 3225 1744 τὸν
3263 1689 3492 1763 Χριστὸν
3521 1687 3710 1744 αὐτοῦ.

2055 1775 2066 1796 ἱ
2189 1773 2202 1792 \
2363 1774 2372 1796 Ι
2644 1776 2657 1797 9
2726 1775 2750 1794 ν
3058 1782 3084 1792 ε’
3141 1777 3154 1798 Ἰ
3419 1777 3432 1795 \
3511 1778 3526 1796 \

2076 1777 2205 1831 Επει
2263 1775 2380 1830 εἷπε
2440 1798 2554 1848 μοι,
2615 1799 2660 1831 ιι
2721 1774 2895 1832 αλλου
2955 1785 3088 1833 Θεου
3137 1799 3246 1832 εστι
3298 1798 3444 1851 παρα
3471 1799 3563 1833 τον
3598 1785 3711 1833 Πα-

2053 1866 2182 1940 τέρα
2213 1865 2240 1920 ὁ
2273 1866 2522 1940 Χριστός.
2574 1863 2775 1924 Μακεδ.
2830 1864 3038 1930 ’Ἀλλος
3092 1868 3184 1939 μὲν
3240 1867 3366 1929 Θεὸς
3416 1868 3564 1943 παρά
3617 1867 3709 1921 τὸν

286 1960 375 2011 tre
423 1955 500 2010 sit
528 1953 820 2010 Christus.
856 1953 1054 2008 Maced.
1092 1953 1256 2008 Alius
1309 1953 1542 2025 quidem
1593 1971 1782 2026 neque
1815 1954 1942 2021 fuit,

2064 1957 2290 2028 Χριστοῦ
2334 1954 2545 2031 Πατὲρα
2593 1953 2715 2010 οὔτε
2760 1956 2850 2026 ἦν,
2902 1954 3025 2012 οὕτε
3077 1956 3243 2025 ἐστὶν,
3291 1952 3412 2012 οὕτε
3463 1953 3608 2011 ἔσται
3637 1975 3648 1986 ·
3683 1957 3711 2009 6

2229 2044 2239 2056 .
2401 2039 2444 2056 λ,
2503 2043 2517 2056 .
2696 2045 2708 2056 .
2769 2042 2822 2056 ..
3080 2046 3135 2056 ._
3521 2049 3547 2056 _
3602 2044 3616 2056 .

291 2059 400 2100 nec
431 2046 538 2108 est,
572 2058 676 2098 nec
707 2041 814 2097 erit
846 2043 1000 2097 Deus
1033 2048 1241 2113 praeter
1279 2040 1492 2097 Christi
1526 2042 1757 2098 Patrem
1793 2060 1804 2098 :
1838 2044 1943 2099 sed

292 2132 582 2206 pr0pheta
611 2131 662 2188 is
691 2132 907 2202 est,qui
941 2131 1116 2186 dicit:
1155 2154 1179 2181 ‹‹
1211 2131 1457 2186 Paratus
1487 2136 1633 2200 esto,
1669 2131 1945 2199 Israel,ad

293 2221 690 2278 invocandum
736 2220 919 2276 Deum
969 2225 1177 2276 tuum:
1231 2244 1258 2272 »
1297 2238 1485 2293 neque
1515 2221 1802 2294 scriptum
1833 2227 1944 2293 est,

295 2333 326 2363 «
359 2312 505 2368 Ecce
543 2327 670 2383 ego,
707 2333 734 2360 ››
785 2311 887 2366 sed
919 2327 932 2366 :
970 2333 997 2362 ‹‹
1030 2310 1174 2366 Ecce
1225 2311 1323 2382 qui
1376 2312 1572 2367 ﬁrmat
1618 2312 1859 2380 tonitru,
1891 2317 1948 2368 et

293 2405 452 2457 creat
480 2399 780 2473 spiritum,
815 2404 872 2455 et
902 2400 1213 2456 annuntiat
1260 2401 1601 2457 hominibus
1647 2401 1945 2458 Christum

291 2491 424 2560 ejus
457 2507 469 2544 :
508 2515 530 2542 ι
569 2488 695 2561 ipse
745 2488 1016 2546 videlicet
1046 2489 1219 2546 Deus.
1274 2489 1428 2546 Orth.
1463 2490 1675 2546 Omnia
1706 2491 1946 2564 quidem

292 2579 459 2635 vobis
479 2578 680 2647 licent,
715 2580 818 2634 sed
853 2596 966 2635 non
989 2579 1186 2634 omnia
1211 2580 1547 2651 expediunt.
1582 2580 1693 2636 Vos
1725 2580 1878 2636 enim
1909 2581 1948 2635 ii

295 2668 440 2725 estis
471 2667 569 2740 qui
602 2668 788 2724 sancti
839 2667 1000 2722 Pauli
1033 2668 1105 2722 ad
1137 2668 1407 2725 Hebraeos
1455 2668 1776 2741 Epistolam
1809 2668 1946 2740 reji-

298 2757 456 2825 citis,
484 2760 542 2811 et
573 2755 840 2828 Epistolas
873 2757 942 2811 ad
977 2756 1272 2812 Romanos
1303 2763 1634 2813 contextum
1669 2758 1948 2830 deprava-

301 2845 432 2917 stis,
452 2862 584 2901 cum
618 2843 816 2900 dicitis
848 2845 1137 2918 scriptum
1167 2864 1279 2902 non
1311 2864 1439 2902 esse
1461 2866 1508 2903 :u
1536 2851 1643 2902 Per
1665 2846 1948 2919 Spiritum

302 2937 432 3008 ejus
464 2933 890 2990 inhabitantem
922 2933 978 2990 in
1015 2935 1176 2992 vobis
1201 2953 1213 3002 ;
1241 2959 1268 2986 ››
1291 2936 1416 3002 sed,
1440 2959 1466 2986 ‹‹
1501 2941 1738 3009 propter
1766 2936 1950 3008 Spiri-

301 3030 429 3080 tum
461 3024 590 3094 ejus
613 3023 1033 3080 inhabitantcm
1058 3026 1158 3080 ‘7.»
1184 3025 1331 3088 Quin
1357 3025 1531 3080 etiam
1555 3043 1686 3081 ecce
1707 3025 1953 3098 prophe-

299 3116 370 3168 tae
403 3129 630 3185 quoque
653 3113 826 3168 verba
848 3113 1078 3169 conaris
1119 3114 1454 3186 depravare.
1495 3115 1604 3170 Sed
1650 3113 1758 3170 hoc
1782 3132 1952 3172 nemo

299 3201 408 3256 tibi
431 3201 726 3257 concedet.
762 3203 983 3273 Itaque,
1017 3203 1064 3258 si
1089 3203 1493 3274 prOpheticum
1526 3202 1669 3258 illud
1700 3203 1953 3274 protule-

299 3290 573 3358 rimus,et
594 3290 1025 3347 ostenderimus
1048 3292 1335 3364 scriptum
1361 3308 1490 3348 esse
1515 3309 1527 3349 :
1553 3317 1579 3343 ‹‹
1607 3293 1749 3348 Ecce
1773 3310 1900 3366 ego,
1928 3316 1947 3342 ι»

2055 2044 2345 2116 προφήτης
2396 2039 2453 2097 δὲ
2501 2043 2640 2098 ἐστιν
2689 2045 2716 2097 ὁ
2769 2042 2967 2120 λέγων·
3005 2069 3032 2095 ‹‹
3080 2043 3406 2118 Ἑτοιμάζου
3452 2049 3551 2098 τοῦ
3599 2044 3715 2100 ἐπι-

2053 2128 2335 2196 καλεῖσθαι
2385 2132 2474 2186 τὸν
2523 2133 2651 2188 Θεόν
2713 2155 2831 2202 σου,
2883 2132 3122 2210 Ἰσραήλ·
3162 2158 3183 2185 ι
3221 2133 3282 2187 οὐ
3331 2139 3506 2189 κεῖται
3540 2131 3598 2188 δὲ
3625 2134 3711 2204 τὸ,

2056 2245 2084 2274 ‹‹
2117 2219 2258 2278 Ἰδοὺ
2291 2220 2466 2296 ἐγὼ,››
2492 2221 2616 2277 ἀλλ’
2643 2247 2670 2275 ι(
2695 2220 2838 2278 Ἰδοὺ
2864 2228 3091 2300 στερεῶν
3121 2223 3378 2299 βροντὴν,
3396 2222 3486 2278 καὶ
3508 2223 3709 2292 κτίζων

2055 2313 2293 2384 πνεῦμα,
2326 2310 2688 2386 ἀπαγγέλλων
2742 2311 2817 2374 εἷς
2866 2310 3188 2387 ἀνθρώπους
3217 2313 3309 2367 τὸν
3356 2311 3582 2387 Χριστὸν
3615 2313 3712 2366 αὐ-

2054 2403 2170 2453 τοῦ’
2208 2424 2234 2451 ››
2269 2399 2427 2462 αὐτὸς
2462 2401 2489 2454 ὁ
2521 2399 2669 2463 Θεός.
2705 2402 2855 2475 Ὀρθ.
2909 2403 3090 2457 Πάντα
3145 2401 3272 2474 ὑμῖν
3319 2395 3541 2473 ἔξεστιν,
3587 2399 3714 2456 ἀλλ’

2059 2488 2120 2543 οὐ
2177 2490 2347 2544 πάντα
2405 2490 2665 2568 συμφέρει
2702 2533 2714 2545 .
2772 2491 2954 2562 Ὑμεῖς
3009 2491 3110 2566 γάρ
3181 2489 3299 2545 ἐστε
3358 2489 3411 2545 οἳ
3467 2491 3557 2544 καὶ
3611 2491 3712 2559 τὴν

2057 2578 2195 2652 πρὸς
2225 2572 2512 2652 Ἐϐραίους
2563 2583 2658 2632 τοῦ
2719 2580 2877 2653 ἁγίου
2936 2578 3159 2634 Παῦλου
3206 2579 3717 2656 παραγραψάμενοι,

2057 2666 2148 2722 καὶ
2204 2667 2303 2736 τήν
2364 2668 2502 2742 πρὸς
2557 2668 2859 2740 Ῥωμαίους
2920 2669 3466 2744 παραχαράττοντες,
3527 2665 3578 2722 ἐν
3639 2672 3718 2739 τῷ

2060 2753 2264 2830 λέγειν,
2312 2755 2372 2811 οὖ
2426 2757 2744 2833 γέγραπται,
2777 2782 2804 2809 ‹‹
2859 2759 2956 2812 Διὰ
2998 2761 3096 2811 τοῦ
3153 2757 3496 2818 ἐνοικοῦντος
3557 2755 3719 2811 Πνεῦ-

2064 2866 2232 2918 ματος
2281 2845 2330 2900 ἐν
2363 2847 2488 2919 ὑμῖν
2539 2847 2674 2920 (50),
2711 2870 2738 2897 ››
2771 2846 2939 2916 ἀλλὰ,
2974 2871 3000 2897 ‹‹
3034 2843 3123 2900 ’διά
3170 2846 3230 2900 τὸ
3273 2844 3519 2900 ἐνοικοῦν
3551 2843 3715 2898 αὐτοῦ

2063 2939 2300 3008 Πνεῦμα,
2335 2960 2362 2987 ››
2399 2932 2538 2992 Ἰδοὺ
2570 2933 2636 3004 δὴ
2673 2935 2762 2990 καὶ
2810 2935 2899 2990 τὸν
2950 2936 3238 3013 προφήτην
3283 2932 3581 3010 ἐπιχειρεῖς
3612 2953 3713 2987 πα-

2063 3025 2442 3101 ραχαράττειν.
2492 3023 2650 3079 Ἀλλ’
2706 3021 2882 3086 οὐδεὶς
2942 3045 3024 3078 σοι
3079 3029 3382 3099 συγχωρεῖ.
3445 3023 3568 3079 Ἐὰν
3621 3021 3713 3076 οῦν

2060 3113 2486 3188 προκομίσωμεν
2534 3112 2598 3168 τὸ
2646 3112 3009 3190 προφητικὸν,
3057 3111 3146 3166 καὶ
3198 3109 3479 3184 δείξωμεν,
3531 3109 3615 3165 ὅτι
3653 3110 3716 3164 τὸ

2064 3229 2093 3257 (ι
2122 3200 2260 3260 Ἰδοὺ
2295 3202 2404 3279 ἐγὼ
2437 3228 2464 3254 υ
2495 3202 2818 3278 γέγραπται,
2869 3201 3056 3277 πείθῃ,
3089 3200 3171 3256 ὅτι
3219 3200 3387 3270 κτίζει
3438 3201 3499 3255 τὸ
3547 3203 3718 3257 Πνεῦ-

2070 3314 2144 3366 μα
2175 3311 2189 3362 ;
2223 3290 2424 3350 Μακεδ.
2459 3289 2612 3362 Οἶδα,
2646 3290 2728 3346 ὅτι
2781 3291 2831 3346 ἐν
2882 3289 3043 3354 ἐνίοις
3091 3294 3200 3345 τῶν
3252 3287 3594 3367 ἀντιγράφων
3626 3288 3717 3365 γέ-

305 3395 380 3436 an
412 3377 517 3433 tibi
548 3380 890 3451 persuaderi
920 3381 1077 3436 sines
1100 3386 1421 3437 creatorem
1456 3398 1584 3437 esse
1622 3382 1949 3454 Spiritum?

2065 3356 2297 3459 γραπται
2319 3382 2403 3454 τὸ,
2441 3406 2462 3434 αι
2501 3356 2643 3438 Ἰδοὺ
2675 3380 2804 3457 ἐγώ.
2846 3405 2873 3433 ››
2905 3378 3057 3438 Ἀλλ’
3086 3379 3196 3455 ἐγὼ
3228 3356 3722 3456 λέγωὲσιραλμένα

309 3468 509 3525 Maced.
542 3468 668 3524 Scio
717 3469 777 3524 in
829 3469 1131 3526 nonnullis
1184 3470 1619 3544 exemplaribus
1667 3473 1954 3544 scriptum

306 3573 436 3614 esse
470 3575 482 3612 :
524 3580 544 3607 α
580 3557 721 3614 Ecce
753 3575 916 3632 ego.»
946 3559 1057 3615 Sed
1089 3559 1148 3613 in
1179 3558 1615 3630 exemplaribus
1645 3558 1761 3616 illis
1792 3577 1955 3616 erra-

305 3652 434 3703 tum
476 3665 605 3705 esse
657 3649 805 3706 dico.
839 3649 952 3706 Nec
1005 3649 1161 3706 enim
1212 3663 1668 3708 consentaneum
1717 3657 1774 3708 et
1818 3669 1953 3708 con-

303 3753 525 3809 gruens
555 3742 646 3794 est
693 3739 907 3807 dicere,
940 3738 1226 3812 Sipritum
1278 3757 1410 3798 eum
1441 3758 1570 3798 esse
1599 3743 1701 3814 qui
1750 3741 1906 3797 dicat
1938 3758 1951 3797 :

299 3846 320 3876 ι
360 3825 503 3882 Ecce
535 3843 640 3899 ego
692 3827 793 3899 qui
827 3829 996 3884 firmo
1045 3829 1287 3901 tonitru,
1319 3835 1377 3886 et
1409 3847 1540 3887 creo
1589 3831 1887 3903 spiritum.
1925 3851 1949 3881 ι

303 3914 455 3971 ΟνιΙι.
487 3916 609 3971 Imo
657 3916 778 3972 haec
811 3917 1067 3974 maxima
1096 3922 1186 3974 est
1235 3919 1445 3975 horum
1475 3920 1785 3976 verborum
1819 3937 1954 3976 con-

301 4004 590 4078 gruentia,
625 4009 825 4078 utpote
877 4024 1004 4078 qua
1037 4007 1207 4063 aliter
1253 4025 1431 4080 quam
1464 4010 1571 4064 hoc
1617 4010 1788 4065 modo
1819 4025 1954 4064 con-

307 4100 581 4168 gruenter
628 4097 888 4153 construi
942 4116 1056 4154 non
1101 4099 1344 4170 possint.
1390 4100 1642 4172 Spiritus
1697 4100 1856 4156 enim
1906 4102 1955 4156 is

309 4189 416 4252 est,
451 4185 551 4258 qui
580 4185 722 4242 dicit
753 4204 766 4243 :
801 4209 830 4238 «
861 4191 1110 4245 Paratus
1140 4195 1284 4256 esto,
1331 4189 1530 4258 Israel,
1564 4192 1637 4246 ad
1684 4191 1955 4246 invocan-

310 4274 453 4329 dum
484 4275 664 4331 Deum
698 4281 889 4333 tuum.
922 4279 1066 4334 Ecce
1095 4279 1254 4335 enim
1284 4296 1389 4353 ego
1424 4303 1451 4331 »
1484 4280 1759 4352 (Spiritus
1800 4280 1957 4336 vide-

310 4361 464 4436 licet)
499 4386 526 4415 «
556 4365 656 4436 qui
699 4366 869 4422 firmo
902 4368 1144 4437 tonitru,
1179 4375 1235 4424 et
1273 4386 1402 4425 creo
1435 4369 1732 4442 spiritum,
1763 4374 1820 4425 et
1849 4387 1958 4424 an-

311 4453 518 4509 nuntio
551 4453 894 4513 hominihus
943 4457 1241 4514 Christum
1287 4459 1437 4530 ejus,
1473 4481 1501 4508 »
1532 4459 1802 4515 videlicet
1833 4458 1956 4514 Dei.

306 4542 507 4598 Maced.
561 4544 744 4610 Quem
805 4545 1080 4618 spiritum
1139 4547 1344 4602 creat?
1389 4545 1541 4602 0rth.
1591 4546 1648 4602 Si
1699 4546 1956 4602 litteram

306 4631 545 4703 quidem
568 4639 624 4688 et
646 4634 820 4689 verba
843 4635 972 4707 ipsa
1001 4641 1250 4708 spectes,
1277 4636 1550 4708 spiritum
1573 4653 1674 4691 seu
1697 4641 1959 4706 ventum,

2064 3475 2200 3528 εἶναι
2251 3473 2318 3527 τὰ
2363 3470 2674 3549 ἀντίγραφα.
2727 3470 2803 3528 Οὐ
2852 3469 2951 3546 γὰρ
2985 3467 3102 3544 ἔχει
3151 3467 3475 3532 ἀκολουθίαν
3521 3467 3720 3545 λέγειν,

2062 3560 2124 3615 τὸ
2176 3559 2397 3633 ΙΙνεῦμά
2446 3559 2556 3615 ἐστι
2604 3561 2666 3614 τὸ
2717 3559 2904 3634 λέγον,
2959 3556 3042 3612 ὅτι
3075 3582 3104 3610 (ι
3141 3553 3281 3612 Ἰδοὺ
3332 3556 3442 3632 ἐγὼ
3491 3560 3721 3632 στερεῶν

2069 3650 2326 3724 βροντὴν,
2385 3648 2473 3702 καὶ
2533 3647 2730 3718 κτίζων
2791 3651 3024 3719 πνεῦμα.
3086 3669 3114 3698 ››
3160 3647 3308 3722 Ὀρθ.
3373 3645 3628 3721 Καίτοιγε
3687 3647 3722 3715 ἡ

2069 3736 2291 3813 μεγίστη
2341 3735 2640 3802 ἀκολουθία
2685 3741 2784 3792 τοῦ
2832 3736 3000 3812 ῥητοῦ
3051 3734 3212 3806 αὕτη,
3266 3733 3356 3790 καὶ
3406 3732 3592 3795 ἄλλως
3639 3731 3720 3804 ἐξ·

2067 3827 2430 3900 ομαλισθῆναι
2463 3826 2524 3882 οὐ
2560 3823 2778 3881 δύναται
2811 3825 2845 3893 ἢ
2881 3821 3074 3886 οὕτως.
3106 3823 3177 3878 Τὸ
3223 3822 3323 3900 γὰρ
3358 3821 3583 3895 Πνεῦμά
3610 3821 3722 3877 ἐστι

2064 3917 2126 3971 τὸ
2159 3915 2343 3991 λέγον·
2377 3940 2405 3968 ‹‹
2438 3914 2763 3989 Ἑτοιμάζου
2794 3917 2890 3969 τοῦ
2918 3909 3289 3968 ἐπικαλεῖσθαι
3317 3913 3408 3967 τὸν
3441 3911 3569 3967 Θεόν
3602 3932 3722 3977 σου,

2065 4005 2306 4078 Ἰσραήλ.
2322 4007 2445 4062 Ὃτι
2469 4002 2587 4059 ἰδοὺ
2611 4003 2720 4078 ἐγὼ
2740 4003 2802 4058 τὸ
2827 4005 3064 4075 Πνεῦμα,
3087 4005 3315 4075 στερεῶν
3347 4001 3600 4077 βροντήν,
3631 3999 3724 4055 καὶ

2066 4093 2263 4164 κτίζων
2297 4097 2406 4168 (51)
2439 4093 2671 4166 πνεῦμα,
2723 4091 2816 4147 καὶ
2871 4088 3235 4166 ἀπαγγέλλων
3283 4089 3358 4152 εἷς
3402 4089 3724 4165 ἀνθρώπους

2064 4183 2154 4238 τὸν
2186 4184 2416 4260 Χριστὸν
2446 4181 2634 4251 αὐτοῦ,
2663 4208 2685 4235 n
2724 4179 2984 4250 δηλονότι
3015 4182 3113 4233 τοῦ
3144 4175 3517 4236 Θεοῦ.Μακιδ.
3552 4179 3722 4235 ΙῙοῖον

2067 4277 2279 4346 πνεῦμα
2308 4272 2476 4342 κτίζει
2511 4299 2525 4342 ;
2557 4272 2707 4348 Ὀρθ.
2743 4269 2806 4327 Εἰ
2841 4270 2933 4342 μὲν
2966 4268 3102 4324 κατὰ
3131 4266 3191 4322 τὸ
3222 4267 3477 4346 ῥητὸν,τὸ
3519 4267 3726 4341 ἑπόμε-

2066 4384 2156 4417 νον
2185 4365 2254 4436 τῇ
2291 4363 2514 4438 βροντῇο
2549 4359 2597 4415 εἴ
2632 4357 2691 4415 δὲ
2739 4359 2875 4414 κατά
2925 4355 3187 4428 διάνοιαν,
3239 4357 3268 4412 ὃ
3315 4358 3459 4412 εἶπεν
3494 4357 3522 4412 6
3569 4357 3724 4432 ἅγιος

2071 4450 2293 4513 Παῦλος
2328 4476 2355 4503 (ί
2387 4455 2696 4525 τηρηθῆναι
2746 4449 3032 4521 ἄμεμπτον
3090 4445 3225 4519 μετὰ
3263 4452 3364 4516 τῆς
3394 4448 3601 4522 ψυχῆς,
3636 4446 3726 4501 καὶ

2067 4546 2165 4597 τοῦ
2196 4541 2472 4613 σώματος,
2507 4537 2557 4593 ἐν
2589 4542 2657 4613 τῇ
2689 4536 2956 4614 παρουσίᾳ
2982 4541 3080 4590 τοῦ
3111 4534 3312 4611 Κυρίου
3353 4538 3511 4608 ἡμῶν
3547 4536 3727 4604 Ἰησοῦ

2071 4631 2329 4705 Χριστοῦ.
2390 4651 2417 4679 ››
2475 4627 2579 4684 Καὶ
2623 4627 2726 4702 γὰρ
2773 4627 2871 4694 τὴν
2927 4623 3328 4697 ἑστερεωμὲνην
3383 4624 3614 4699 βροντὴν
3663 4625 3727 4679 τὸ

311 4721 408 4792 qui
441 4721 659 4777 tonitru
685 4725 1093 4794 consequitur:
1137 4727 1226 4779 sin
1251 4742 1384 4781 vero
1401 4725 1754 4781 sententiam
1775 4725 1949 4797 ipsan

2081 4717 2363 4797 βάπτισμα
2420 4714 2503 4772 δεῖ
2557 4721 2694 4771 νοεῖν
2727 4759 2742 4786 ,
2800 4714 3062 4792 πρότερον
3121 4714 3191 4789 ’ὀν-
3244 4713 3385 4790 παρά
3440 4710 3724 4776 Ἰουδαίοις

313 4809 670 4876 consideres,
703 4827 837 4866 eum
871 4813 1170 4884 spiritum,
1205 4831 1380 4884 quem
1414 4814 1494 4869 ait
1524 4818 1764 4870 sanctus
1813 4818 1962 4870 Pau-

313 4897 448 4953 lus:
484 4922 510 4948 ‹‹
539 4898 827 4955 Custodiri
851 4900 1215 4972 inculpatum
1240 4919 1371 4956 cum
1398 4902 1596 4958 anima
1614 4907 1672 4958 et
1701 4920 1962 4975 corpore,

315 4988 386 5044 ad
425 4987 656 5044 Domini
687 4990 870 5046 nostri
900 4989 1042 5045 Jesu
1079 4989 1292 5046 Christi
1322 4993 1636 5047 adventum
1667 4992 1730 5047 ⁸⁸.
1757 5015 1785 5041 ››
1816 4993 1963 5048 Nam

310 5093 413 5147 per
446 5099 473 5127 «
496 5076 871 5134 obfirmatum
903 5079 1174 5136 tonitru»
1203 5079 1624 5153 intelligendus
1655 5086 1745 5138 est
1773 5082 1963 5154 bapti-

309 5182 475 5222 smus
506 5165 602 5222 ille
634 5167 791 5240 prior
819 5169 975 5240 apud
1008 5168 1246 5226 Judaeos
1278 5174 1623 5242 usurpatus,
1658 5187 1878 5226 vacuus
1909 5173 1966 5225 et

307 5271 532 5327 aqueus
564 5273 577 5311 :
613 5257 756 5313 adeo
791 5261 857 5313 ut
899 5258 1111 5313 dixerit
1156 5264 1396 5314 sanctus
1447 5259 1703 5315 Joannes
1737 5277 1750 5313 :
1786 5282 1812 5309 «
1848 5260 1964 5330 Ego

309 5346 548 5417 quidem
600 5347 831 5420 baptizo
863 5363 964 5404 vos
1018 5364 1172 5420 aqua
1199 5349 1271 5404 ad
1321 5349 1725 5420 paenitentiam
1761 5365 1774 5403 :
1808 5348 1966 5404 venit

2073 4813 2276 4885 χαῦνον
2308 4806 2397 4862 καὶ
2447 4802 2736 4866 ὑδατῶδες⁵
2783 4802 2922 4858 ὥστε
2969 4801 3148 4878 λέγειν
3198 4802 3290 4858 τὸν
3340 4801 3492 4879 ἅγιον
3539 4800 3725 4858 Ἰωάν-

2071 4918 2192 4970 νην·
2229 4923 2257 4950 ‹‹
2292 4897 2437 4973 Ἐγὼ
2490 4896 2584 4969 μὶν
2641 4893 2884 4971 βαπτίζω
2934 4892 3074 4966 ὑμᾶς
3125 4891 3178 4947 ἐν
3226 4888 3380 4946 ὕδατι
3432 4891 3510 4955 εἷς
3564 4893 3723 4966 μετά-

2071 5005 2242 5043 νοιαν·
2301 4985 2519 5063 ἔρχεται
2555 4982 2611 5040 δὲ
2664 4985 2692 5038 ὁ
2735 4982 3086 5060 ἰσχυρότερός
3145 5002 3272 5054 μου,
3330 4981 3388 5044 ’ὃς
3436 4981 3578 5055 ὑμᾶς
3631 4983 3726 5058 βαιι

2072 5077 2248 5134 πτίσει
2308 5077 2359 5131 ἐν
2421 5076 2696 5148 ΙΙνεύματι
2755 5073 2898 5149 ἁγίῳ
2954 5071 3044 5127 καὶ
3093 5069 3246 5145 πυρί.
3299 5094 3326 5123 ››
3362 5068 3582 5141 Ἐπειδὴ
3633 5069 3720 5124 οῦν

2073 5167 2202 5223 αὐτὸ
2244 5167 2307 5222 τὸ
2360 5167 2638 5242 βάπτισμα
2683 5166 2752 5237 τῇ
2799 5165 2897 5217 τοῦ
2947 5160 3263 5234 ΙΙνεύματος
3311 5159 3578 5236 παρουσίᾳ
3606 5179 3718 5212 στε-

2077 5261 2314 5334 ρεοῦται,
2365 5253 2549 5316 καλῶς
2601 5250 2834 5329 εἷ’ρηται,
2867 5249 2950 5306 ὅτι
2985 5274 3013 5302 )›
3044 5246 3185 5307 Ἰδοὺ
3213 5248 3319 5326 ἐγὼ
3355 5272 3384 5301 ››
3413 5249 3476 5305 τὸ
3507 5251 3725 5321 Πνεῦμα

2081 5370 2102 5400 ι
2164 5347 2393 5419 στερεῶν
2452 5342 2702 5419 βροντὴν,
2761 5339 2851 5397 καὶ
2905 5338 3102 5409 κτίζων
3162 5341 3408 5411 πνεῦμα,
3469 5363 3498 5392 ›)
3557 5337 3619 5393 τὸ
3676 5335 3725 5391 ἐν

385 5517 430 5550 ⁸⁸
460 5522 643 5572 Amos
674 5534 746 5586 ιν,
783 5511 868 5582 12,
903 5519 987 5573 13.
1064 5518 1106 5552 ⁴⁷
1138 5518 1306 5574 Rom.
1336 5533 1459 5587 vm,
1489 5517 1544 5573 9.
1619 5517 1664 5553 ἰθ
1693 5522 1714 5572 I
1745 5518 1952 5575 Thess.
1981 5533 2038 5588 ν,
2067 5517 2159 5574 23.

384 5675 497 5817 ξίιῡ)
528 5675 730 5743 Palat.,
765 5675 1070 5748 ὠφελῆσαι,
1103 5675 1226 5730 ἰδοὺ
1258 5674 1365 5748 ἐγὼ
1399 5679 1626 5768 στερεῶν
1660 5676 1746 5757 βρἶ

384 5747 500 5817 >50)
530 5746 739 5811 Palat,
770 5744 862 5804 διὰ
888 5753 983 5802 τοῦ
1034 5747 1350 5817 Ιῐνεύματος
1389 5746 1439 5801 ἐν
1495 5767 1643 5817 υμιν.
1673 5751 1746 5806 Ἀ.

408 5747 500 5815 50)
530 5746 739 5811 Palat,
770 5744 862 5804 διᾶ
888 5744 983 5802 τοῦ
1034 5744 1350 5819 Ιῐνεύματὸς
1389 5746 1439 5801 ἐν
1493 5744 1830 5819 ῦμῖν.”Ᾱλλ’
1879 5746 1967 5802 οὖα

317 5810 428 5876 δεῖς
462 5810 557 5869 σου
586 5810 750 5891 συγχ.

2151 5676 2263 5749 (51)
2296 5674 2503 5744 Palat.,
2533 5670 2735 5743 κτίζον,
2768 5671 2862 5729 hic
2895 5674 2950 5728 et
3002 5670 3174 5729 infra.
3205 5672 3332 5727 Mox
3362 5669 3452 5725 καί
3501 5671 3670 5728 abest
3700 5687 3732 5728 a

2078 5765 2220 5806 IDES.
