4116 6376
372 459 528 519 1245

1314 461 1416 521 DE
1461 461 1772 522 SANCTA
1814 462 2237 524 'l‘lilNlTATE
2284 463 2667 526 DIALOGUS
2713 465 2818 526 IIl.

3642 468 3799 528 1246

372 591 582 663 έκάστῳ
614 591 796 663 ἡμῶν,
835 590 864 646 ’ὀ
898 588 988 645 καὶ
1017 588 1239 665 καρδίαν
1270 589 1515 647 ἐκάλεσεν
1550 593 1576 646 6
1611 587 1798 660 Δαϐὶδ,
1823 591 2023 667 λέγων·

2151 599 2362 664 autem,
2395 597 2490 668 qui
2541 596 2746 653 fortior
2789 615 2882 653 me
2929 602 3038 664 est,
3072 598 3174 670 qui
3222 615 3322 655 vos
3372 599 3692 671 baptizabit
3739 600 3796 654 in

373 705 402 731 ‹‹
440 677 671 753 Καρδίαν
702 681 937 755 καθαρὰν
970 680 1150 735 κτίσον
1186 679 1236 735 ἐν
1270 679 1424 753 ἐμοὶ,
1457 683 1484 735 6
1517 680 1668 743 Θεός.
1707 705 1732 732 ››

2144 685 2364 756 Spiritu
2410 691 2614 742 sancto
2664 692 2721 743 et
2781 687 2912 759 igne
2944 689 3062 742 ‘9.»
3095 687 3379 751 Quoniam
3437 687 3619 760 igitur
3675 689 3800 760 ipse

377 771 710 844 baptismus
744 772 1012 828 ﬁrmatur
1049 771 1300 844 Spiritus
1351 773 1684 844 praesentia,
1718 775 1870 827 recte
1902 772 2125 828 dictum
2157 778 2245 829 est
2278 791 2290 831 :
2325 798 2352 824 «
2388 776 2530 831 Ecce
2561 792 2666 848 ego
2701 800 2720 825 η
2758 776 3039 849 (Spiritus
3088 777 3396 844 videlicet),
3433 799 3460 827 α
3494 778 3592 849 qui
3629 778 3795 833 firmo

375 860 619 927 tonitru,
654 863 714 914 et
744 875 873 915 creo
905 859 1201 932 spiritum,
1237 881 1264 909 n
1302 860 1466 915 illum
1496 859 1763 915 videlicet
1802 859 1902 932 qui
1953 861 2205 934 singulis
2237 864 2406 920 nobis
2435 863 2608 935 inest,
2642 881 2816 934 quem
2851 865 3025 920 etiam
3059 882 3158 920 cor
3187 864 3442 938 appellat
3471 865 3668 934 David,
3701 864 3794 920 in-

377 949 586 1021 quiens
619 965 632 1004 :
671 969 698 998 «
729 953 836 1004 Cor
868 950 1154 1004 mundum
1186 965 1318 1004 erea
1347 949 1406 1003 in
1440 965 1554 1017 me,
1587 949 1744 1004 Deus
1771 949 1834 1004 ⁸ο.
1873 971 1900 997 ››

446 1039 536 1092 27.
592 1033 799 1092 Μακεδ.
879 1035 976 1090 Καὶ
1055 1037 1285 1113 βροντὴν
1365 1033 1545 1111 λέγεις
1603 1037 1667 1091 τὸ
1732 1037 2030 1111 βάπτισμα.

378 1131 523 1205 Ὀρϐ.
593 1124 959 1201 Συμϐολικῶς
1007 1129 1095 1183 καὶ
1149 1128 1307 1184 πάνυ.
1368 1135 1451 1190 Ὡς
1508 1128 1613 1206 γὰρ
1664 1127 1787 1183 ὅταν
1829 1127 2031 1198 ἀκούω,

376 1244 405 1271 ‹‹
459 1216 732 1291 Ἀμπελον
791 1217 842 1288 ἐξ
891 1218 1170 1292 Αῗ“γύπτου
1223 1225 1484 1295 μετῆρας,
1547 1244 1568 1271 ι
1633 1218 1731 1273 οῦκ
1787 1218 2030 1292 ἄμπελον

379 1309 697 1381 σωματικὴν
757 1303 1185 1384 περιϐλέπομαι.
1235 1307 1381 1364 ἀλλά
1418 1309 1509 1363 τὸν
1545 1309 1666 1363 ναὸν
1700 1313 1826 1362 νοῶ·
1859 1307 2036 1371 οὕτως

379 1398 468 1452 καὶ
505 1398 738 1473 βροντὴν
765 1398 826 1452 τὸ
861 1399 1140 1472 βάπτισμα
1169 1403 1297 1454 νοῶ.
1335 1398 1432 1453 Καὶ
1460 1400 1558 1474 γαρ
1610 1398 1736 1460 τοὺς
1792 1399 2034 1472 μαθητὰς

385 1487 543 1542 αὐτοῦ
595 1485 747 1548 υἱοὺς
810 1487 1038 1563 βροντῆς
1099 1486 1346 1542 ἐκάλεσεν
1408 1487 1435 1540 ὁ
1485 1487 1743 1563 Χριστὸς,
1789 1486 2036 1543 τουτέστι

391 1573 761 1653 βαπτίσματος
814 1575 985 1638 υἱούς.
1021 1574 1242 1646 Ἐπειδὴ
1271 1577 1373 1652 γὰρ
1405 1579 1440 1646 ἡ
1479 1578 1680 1652 βροντή
1733 1577 2034 1632 συνίσταται

384 1665 433 1738 ἐξ
461 1661 650 1727 ὕδατος
707 1665 798 1720 καὶ
840 1665 1166 1739 πνεύματος,
1216 1671 1376 1721 τοῦτο
1411 1663 1469 1721 δέ
1503 1665 1642 1722 ἐστιν
1743 1671 1838 1720 τοῦ
1880 1665 2035 1742 ἁγίου

387 1754 761 1828 βαπτίσματος
796 1755 1166 1831 μυσταγωγία,
1219 1750 1574 1829 συμϐολικῶς
1631 1756 1691 1810 τὸ
1756 1754 2036 1831 βάπτισμα

385 1843 687 1918 βαπτιστήν
747 1840 907 1898 καλεῖ
963 1842 1362 1920 ἐπερεωμένην
1418 1845 1520 1899 ὑπὸ
1578 1849 1676 1899 τοῦ
1718 1844 1874 1918 ἁγίου
1925 1847 2035 1918 (52)

382 1931 725 2005 Ιῐνεύματος.
788 1931 1012 2005 Ἀμέλει
1061 1933 1088 1987 ὁ
1141 1932 1499 2006 Ἀπόστολος,
1551 1935 1626 1996 ὡς
1661 1933 1711 1988 έν
1743 1938 1860 1996 ταῖς
1894 1933 2042 2008 Πρά-

384 2023 526 2094 ξεσιν
562 2019 796 2097 εἶ’ρηται,
847 2020 1019 2086 ἐλθὼν
1078 2022 1168 2076 καὶ
1221 2017 1405 2093 εὑρών⁸
1445 2044 1593 2085 τινας
1629 2023 2038 2098 βαπτισθέντας,

381 2111 668 2185 ἠρώτησεν
701 2110 896 2173 αὐτοὺς
929 2109 1128 2186 λέγων’
1170 2135 1195 2166 α
1229 2111 1292 2166 Εἰ
1329 2116 1554 2184 Πνεῦμα
1605 2110 1757 2187 ἅγιον
1819 2107 2043 2168 ἐλάϐετε

377 2198 762 2262 πιστεύσαντες
795 2220 808 2267 ;
846 2223 875 2251 ››
908 2200 1158 2255 Ἐκείνων
1195 2198 1252 2254 δὲ
1283 2197 1604 2274 εἰρηκότων,
1643 2225 1665 2254 ι
1712 2200 1871 2256 Ἀλλ’
1918 2198 2043 2256 οὐδὲ

381 2286 429 2340 εἴ
461 2289 688 2360 Πνεῦμα
745 2286 898 2361 ἅγιόν
959 2285 1102 2342 ἐστιν
1160 2285 1496 2360 ἠκούσαμεν,
1564 2312 1582 2336 ο
1638 2287 1808 2342 εἶπεν·
1847 2288 1943 2349 Εἲς
1991 2286 2043 2341 τί

385 2373 477 2431 οὖν
531 2370 923 2446 ἐϐαπτίσθηνε;
986 2377 1059 2438 ὡς
1133 2381 1231 2432 τοῦ
1307 2377 1682 2452 στεριώματος
1743 2375 1842 2432 οὐκ
1887 2371 2039 2438 ὄντος

388 2467 440 2522 ἐν
500 2471 579 2538 τῷ
637 2465 991 2541 βαπτίσματι,
1055 2467 1129 2539 μὴ
1198 2465 1465 2540 παρόντος
1541 2470 1642 2520 τοῦ
1702 2465 2039 2538 ΙΙνεύματος.

391 2559 616 2628 Στερεοῖ
674 2553 764 2609 οῦν
827 2556 1057 2629 βροντὴν
1113 2555 1174 2610 τὸ
1255 2556 1554 2631 βάπτισμα,
1614 2554 1703 2609 καὶ
1759 2554 1925 2624 κτίζει
1978 2553 2040 2610 τὸ

392 2648 627 2716 πνεῦμα,
684 2644 929 2700 τουτέστι
988 2643 1080 2706 τὰς
1127 2642 1348 2720 καρδίας
1395 2647 1580 2717 ἡμῶν,
1640 2643 1769 2699 αὐτὸ
1797 2644 1858 2698 τὸ
1893 2645 2043 2720 ἅγιον

391 2735 618 2806 Πνεῦμα
643 2732 706 2787 τὸ
737 2732 891 2807 λεγον
925 2731 1013 2788 διδ.
1036 2731 1131 2788 τοῦ
1178 2735 1484 2810 προφήτου·
1540 2758 1560 2785 ιι
1587 2735 1910 2807 Ἐτοιμάζου
1939 2737 2042 2788 τοῦ

390 2820 759 2877 ἐπικαλεῖσθαι
816 2822 907 2876 τὸν
956 2822 1084 2878 Θεὸν
1135 2844 1251 2891 σου,
1305 2822 1543 2896 Ἰσραήλ·
1597 2820 1734 2877 διότι
1787 2820 1905 2877 ἰδοὺ
1937 2821 2041 2899 ἐγὼ

388 2916 616 2988 στερεῶν
681 2913 934 2988 βροντὴν,
985 2911 1075 2967 καί
1124 2913 1320 2982 κτίζων
1371 2918 1584 2985 πνεῦμα
1631 2913 1720 2968 καὶ
1764 2911 2042 2988 ἀπαγγέλ-

387 2999 498 3055 λων
528 3001 607 3062 si;
653 3000 970 3075 ἀνθρώπους
1019 3002 1129 3072 (53)
1169 3001 1262 3056 τὸν
1295 3001 1522 3075 Χριστὸν
1555 3003 1742 3060 αὐτοῦ.
1775 3025 1803 3052 ››
1835 2999 2036 3058 Μακεδ.

385 3089 487 3145 Καὶ
563 3090 626 3144 τὸ
702 3090 823 3160 ἑξῆς
900 3091 1252 3165 έρμήνευσον,
1320 3091 1411 3144 καὶ
1465 3090 1636 3154 οὕτως
1696 3089 2036 3164 ἐξομάλισον.

387 3179 541 3254 Ὀρθ.
579 3204 606 3230 ‹‹
643 3182 824 3235 Ιῐοιῶν
855 3175 1048 3255 ὄρθρον
1081 3179 1169 3234 καὶ
1202 3177 1472 3255 ὀμίχλην,
1506 3175 1794 3234 ἐπιϐαίνων
1829 3179 1915 3235 ἐπὶ
1971 3181 2040 3234 τὰ

2212 1043 2300 1095 27.
2335 1041 2532 1097 Μαοειί.
2560 1044 2706 1114 Ergo
2742 1043 3110 1115 baptismum
3146 1059 3318 1098 vocas
3348 1042 3594 1099 tonitru.
3629 1043 3794 1099 Orlh.

2143 1136 2291 1186 Sane
2315 1132 2550 1202 quidem
2579 1131 2919 1205 symbolice.
2939 1133 3447 1198 Quemadmodum
3479 1133 3637 1187 enim
3661 1149 3794 1187 cum

2145 1219 2286 1275 illud
2321 1222 2514 1276 audio.
2540 1245 2566 1270 ‹‹
2602 1221 2846 1276 Vineam
2889 1223 2959 1277 de
3002 1226 3243 1294 Egypto
3294 1220 3648 1276 transtulisti
3675 1221 3741 1286 ⁵1,
3769 1244 3797 1270 n

2146 1327 2261 1365 non
2289 1310 2595 1366 considero
2618 1310 2793 1367 vitem
2820 1310 2999 1367 ullam
3023 1327 3361 1382 corpoream
3389 1310 3490 1366 sed
3515 1311 3797 1382 templum

2145 1397 2437 1470 intelligo:
2457 1399 2538 1454 ita
2560 1401 2737 1454 etiam
2761 1416 2862 1471 per
2885 1400 3103 1455 tonitru
3128 1397 3392 1470 intelligo
3416 1397 3800 1469 baptismum.

2145 1486 2293 1542 Nam
2326 1504 2465 1543 suos
2497 1488 2672 1543 etiam
2722 1488 3044 1560 discipulos
3075 1487 3344 1544 Christus
3395 1485 3623 1542 vocavit
3651 1485 3803 1542 ﬁlios

2145 1575 2411 1644 tonitrui,
2445 1578 2501 1632 id
2551 1583 2646 1634 est
2693 1577 2992 1650 baptismi.
3027 1577 3315 1642 Quoniam
3365 1575 3522 1632 enim
3577 1576 3801 1631 tonitru

2146 1669 2375 1720 constat
2405 1682 2473 1721 ex
2505 1684 2658 1738 aqua
2689 1671 2744 1723 et
2783 1665 3018 1738 spiritu,
3044 1683 3147 1721 seu
3178 1669 3368 1735 vento,
3395 1664 3451 1719 id
3485 1668 3682 1720 autem
3715 1668 3806 1720 est

2149 1753 2390 1824 mystica
2420 1754 2688 1824 quzedam
2732 1754 2918 1809 sancti
2951 1753 3226 1826 baptismi
3275 1752 3668 1821 adumbratio,
3694 1754 3800 1808 ba-

2149 1841 2436 1913 ptismum
2477 1841 2793 1915 symbolice
2825 1848 2987 1899 vocat
3028 1842 3249 1897 tonitru
3281 1842 3581 1896 ﬁrmatum
3614 1858 3647 1896 a
3675 1841 3800 1913 Spi-

2150 1931 2263 1986 ritu
2297 1936 2517 1988 sancto.
2554 1932 2860 2004 Siquidem
2889 1930 3205 2004 Apostolus
3235 1931 3323 2002 (ut
3370 1931 3428 1985 in
3473 1929 3634 1986 Actis
3662 1929 3805 1985 dici-

2151 2023 2266 2092 tur)
2299 2038 2432 2076 cum
2466 2022 2709 2079 veniens
2748 2021 3070 2078 invenisset
3117 2019 3434 2076 nonnullos
3483 2018 3808 2092 baptizatos

2152 2109 2532 2183 interrogavit
2561 2128 2660 2167 eos
2701 2111 2903 2167 dicens
2939 2129 3002 2166 :«
3033 2115 3118 2165 An
3169 2107 3477 2181 accepistis
3523 2108 3806 2180 Spiritum

2152 2204 2424 2255 sanctum
2474 2200 2872 2256 credentes?»
2900 2200 3044 2256 Cum
3103 2203 3298 2254 autem
3359 2197 3440 2252 illi
3497 2198 3805 2253 dixissent.

2159 2310 2178 2337 ιι
2207 2289 2334 2359 Sed,
2361 2305 2550 2360 neque
2581 2290 2628 2344 si
2660 2289 2914 2361 Spiritus
2961 2291 3202 2344 sanctus
3248 2290 3338 2343 est
3385 2287 3744 2356 audivimus,
3774 2305 3804 2334 »

2152 2377 2236 2433 ait
2259 2395 2308 2432 ;‹‹
2340 2378 2400 2434 In
2434 2393 2546 2447 quo
2577 2395 2714 2449 ergo
2736 2377 3012 2450 baptizati
3035 2377 3178 2433 estis
3199 2377 3244 2412 ⁶²
3265 2376 3293 2431 ?
3317 2399 3344 2425 »
3367 2375 3542 2440 Quasi
3565 2379 3807 2430 absente

2153 2466 2396 2538 Spiritu,
2430 2466 2593 2522 nulla
2621 2466 2699 2522 sit
2729 2467 2788 2522 in
2820 2467 3109 2539 baptismo
3142 2465 3415 2521 ﬁrmitas.
3449 2463 3668 2520 Firmat
3696 2463 3807 2535 igi-

2153 2560 2250 2610 tur
2279 2555 2523 2626 tonitru,
2555 2555 2612 2612 id
2646 2561 2736 2612 est
2780 2556 3165 2628 baptismum,
3190 2560 3247 2611 et
3295 2559 3453 2610 creat
3483 2553 3631 2610 457
3688 2551 3808 2624 spi-

2152 2645 2356 2714 ritum,
2389 2645 2497 2701 hoe
2527 2650 2616 2702 est
2648 2647 2826 2702 corda
2872 2649 3094 2714 nostra,
3124 2644 3251 2717 ipse
3281 2643 3536 2716 Spiritus
3566 2646 3810 2698 sanctus

2151 2735 2252 2803 qui
2301 2735 2442 2790 dicit
2490 2752 2592 2807 per
2639 2733 2985 2808 prophetam
3021 2751 3032 2788 :
3065 2757 3088 2785 «
3133 2733 3377 2789 Paratus
3425 2736 3570 2799 esto,
3605 2729 3803 2801 israel,

2151 2825 2221 2879 ad
2262 2823 2654 2880 invocandum
2703 2824 2886 2879 Deum
2939 2828 3128 2878 tuum.
3167 2824 3309 2877 Ecce
3337 2820 3491 2877 enim
3543 2837 3649 2892 ego
3699 2819 3802 2891 qui

2153 2913 2321 2970 ﬁrmo
2351 2913 2593 2984 tonitru,
2619 2918 2677 2970 et
2707 2930 2836 2968 creo
2883 2913 3180 2984 spiritum,
3203 2916 3261 2967 et
3289 2909 3574 2966 annuntio
3605 2909 3798 2965 homi-

2151 3003 2326 3060 nibus
2357 3003 2658 3058 Christum
2708 3004 2856 3074 ejus.
2886 3025 2911 3052 ››
2945 3001 3144 3058 Maced.
3179 3001 3566 3072 Interpretare
3617 2998 3794 3054 etiam

2149 3094 2303 3165 quod
2335 3092 2737 3164 consequitur,
2768 3097 2825 3148 et
2871 3091 2984 3148 ista
3028 3091 3180 3146 inter
3207 3106 3270 3146 se
3303 3093 3368 3146 ut
3413 3087 3798 3160 congruentia

2149 3199 2423 3238 connexe.
2451 3182 2602 3238 Orth.
2628 3204 2655 3232 ‹‹
2682 3181 2789 3246 Qui
2835 3180 3020 3237 efﬁcio
3052 3178 3378 3236 diluculum
3409 3181 3466 3234 et
3496 3175 3794 3246 nebulam,

389 3267 574 3340 ὑψηλὰ
625 3274 726 3336 τῆς
774 3274 898 3342 γῆς.
951 3292 979 3318 υ
1027 3265 1229 3324 Μακεδ.
1264 3268 1332 3325 Τί
1373 3267 1465 3323 οὗν
1498 3267 1670 3344 λέγεις
1699 3269 1790 3324 τὸν
1817 3265 2034 3345 ὄρθρον,

2151 3276 2204 3328 et
2259 3271 2464 3327 incedo
2513 3287 2691 3343 super
2747 3269 2974 3327 excelsa
3030 3274 3195 3326 terra:
3227 3269 3342 3322 ⁵³.»
3376 3266 3593 3324 Maced.
3647 3265 3795 3332 Quid

391 3355 477 3408 καὶ
506 3357 604 3424 τὴν
645 3355 915 3431 ὀμίχλην,
949 3355 1036 3410 καὶ
1065 3356 1133 3410 τὰ
1165 3355 1351 3430 ὑψηλᾶ
1372 3363 1472 3426 τῆς
1502 3361 1633 3432 γῆςς
1691 3359 1842 3435 Ὀρθ.
1894 3359 2038 3412 Κατὶ

393 3441 623 3500 διάνοιαν
657 3439 851 3521 ὄρθρον
885 3443 1032 3520 λέγω
1060 3445 1161 3513 τὴν
1213 3444 1521 3502 ἀνάστασιν.
1567 3451 1673 3502 Τοῦ
1719 3447 1820 3523 γὰρ
1874 3445 2037 3517 ἡλίου

387 3539 489 3602 τῆς
539 3531 886 3602 δικαιοσύνης
932 3533 1196 3602 ἀνατολὴ,
1246 3539 1446 3589 νοεῖται
1477 3537 1512 3604 ἡ
1543 3534 1844 3598 ἀνάστασις,
1879 3536 2036 3609 Ὀμί-

388 3619 505 3697 χλη
540 3619 596 3677 δὲ
625 3624 660 3691 ἡ
697 3622 774 3694 μή
807 3620 1171 3698 συγχωροῦσα
1200 3629 1329 3677 πᾶσι
1361 3623 1657 3699 τηλαυγῶς
1697 3623 1854 3680 αὐτὸν
1884 3626 2036 3699 ὁρᾷν.

387 3711 602 3787 Ηὺρέθη
661 3711 762 3786 γὰρ
820 3711 873 3765 έν
931 3712 1125 3785 γαστρὶ
1175 3707 1378 3787 ἔχουσα
1424 3711 1483 3767 ἐκ
1515 3711 1828 3786 Πνεύματος
1860 3714 2036 3789 ἁγίου.

385 3801 460 3854 Τὰ
491 3797 548 3855 δὲ
578 3799 765 3872 ὑψηλὰ
811 3803 910 3865 τῆς
961 3801 1067 3875 γῆς
1113 3801 1165 3855 οἱ
1215 3799 1301 3855 ἐπὶ
1348 3803 1449 3876 γῆς
1480 3808 1917 3876 περιπατοῦντες,
1950 3803 2038 3858 καὶ

386 3889 437 3944 ἐν
473 3889 726 3964 οὐρανοῖς
782 3889 844 3943 τὸ
873 3887 1185 3962 πολίτευμα
1242 3887 1484 3966 ἔχοντες.
1537 3892 1657 3948 Ἑπί
1682 3893 1782 3967 γὰρ
1813 3892 2038 3955 τούτους

388 3973 650 4034 ἐπιϐαίνει
683 3979 718 4046 ἡ
749 3981 846 4032 τοῦ
883 3977 1199 4051 Ιῐνεύματος
1231 3979 1414 4053 χάρις.

453 4247 546 4302 28.
580 4242 780 4301 Μακεδ.
830 4245 906 4302 Τὸ
954 4250 1173 4317 Πνευμα
1218 4241 1308 4320 οῦν
1360 4244 1422 4298 τὸ
1476 4244 1630 4319 ἅγιον
1679 4241 1894 4321 ἤγειρεν
1944 4246 2034 4300 τὸν

386 4333 658 4410 Χριστόν;
693 4335 842 4408 Ὀρθ.
874 4337 1050 4388 Ταῦτα
1087 4335 1263 4407 Λέγειν
1317 4333 1441 4406 ἐμοὶ
1492 4335 1586 4407 μὲν
1637 4333 1734 4389 οὐκ
1783 4333 2037 4408 ὀκνηρὸν,

388 4424 515 4496 ὑμῖν
551 4421 607 4478 δὲ
639 4422 898 4500 ἀσφαλές.
948 4425 1150 4495 Ὥσπερ
1199 4423 1300 4498 γὰρ
1347 4424 1410 4478 τὸ
1459 4427 1616 4495 σῶμα
1662 4423 1724 4478 τὸ
1769 4425 2035 4500 Κυριακὸν

389 4511 599 4588 λέγεται
691 4510 1045 4582 πεποιηκέναι
1126 4513 1154 4566 ὁ
1246 4513 1433 4589 Πατὴρ
1517 4513 1841 4588 (γέγραπται
1913 4513 2035 4590 γάρ-

2146 3360 2328 3433 igitur
2355 3377 2527 3422 vocas
2559 3359 2910 3426 diluculum,
2943 3363 2998 3414 et
3039 3355 3312 3413 nebulam
3343 3360 3401 3412 et
3427 3353 3656 3411 excelsa
3687 3356 3800 3408 ter-

2145 3451 2452 3508 rae70rth.
2504 3451 2585 3505 Ex
2633 3447 3111 3522 interpretatione
3158 3451 3216 3503 et
3265 3444 3558 3502 sententia
3613 3442 3803 3515 ipsius

2147 3539 2308 3608 dicti,
2343 3539 2672 3596 diluculum
2721 3539 2850 3595 dico
2902 3536 3408 3594 resurrectionem.
3461 3534 3608 3590 Nam
3658 3530 3802 3588 solis

2139 3630 2390 3701 justitiae
2420 3633 2585 3686 ortus
2615 3627 2966 3700 intelligitur
3003 3642 3130 3682 esse
3177 3625 3546 3681 resurrectio.
3579 3621 3804 3678 Nebula

2150 3726 2344 3774 autem
2378 3736 2442 3774 ea
2476 3718 2606 3789 fuit,
2631 3735 2761 3790 quae
2808 3733 2921 3771 non
2955 3715 3090 3770 sivit
3134 3721 3198 3769 ut
3250 3729 3454 3770 omnes
3505 3727 3639 3767 eum
3673 3726 3801 3782 per-

2148 3808 2351 3880 spicue
2381 3812 2704 3863 cernerent.
2730 3806 2967 3861 inventa
2995 3810 3085 3860 est
3113 3803 3270 3858 enim
3300 3802 3359 3856 in
3387 3805 3549 3856 utero
3579 3799 3803 3854 habens

2149 3897 2222 3951 de
2253 3896 2471 3968 Spiritu
2506 3901 2729 3952 sancto.
2754 3893 2992 3950 Excelsa
3021 3899 3187 3948 terrae
3218 3907 3350 3947 vero
3382 3894 3525 3946 sunt
3553 3887 3653 3962 qui
3683 3904 3805 3942 am-

2149 3985 2357 4040 bulant
2405 3984 2643 4056 quidem
2703 3983 2762 4038 in
2819 3983 3013 4051 terris,
3045 3979 3546 4038 conversationem
3603 3981 3803 4033 autem

2148 4072 2368 4128 habent
2398 4073 2457 4128 in
2491 4072 2675 4139 ccelis,
2709 4072 3050 4128 Istiusmodi
3085 4070 3241 4128 enim
3273 4067 3543 4125 homines
3574 4067 3803 4123 inscen-

2148 4161 2234 4218 dit
2261 4162 2516 4235 Spiritus
2546 4160 2755 4234 gratia.

2217 4253 2306 4308 28.
2343 4251 2537 4306 Maced.
2572 4250 2720 4305 Num
2755 4250 2934 4323 igitur
2963 4248 3220 4321 Spiritus
3249 4249 3490 4302 sanctus
3521 4243 3793 4300 excitavit

2147 4341 2446 4396 Christum
2475 4357 2510 4395 a
2543 4339 2834 4395 mortuis?
2864 4339 3014 4394 Orth.
3041 4338 3156 4408 Ego
3187 4337 3424 4407 quidem
3466 4335 3575 4388 hoc
3608 4333 3802 4388 dicere

2148 4446 2264 4485 non
2297 4429 2585 4498 dubitem,
2608 4445 2709 4484 vos
2734 4432 2930 4482 autem
2953 4431 3080 4482 tuto
3106 4423 3390 4480 dixeritis.
3409 4422 3803 4487 Quemadmo-

2146 4519 2288 4574 dum
2311 4519 2466 4574 enim
2492 4517 2705 4572 dicitur
2726 4517 2897 4572 Pater
2919 4515 3122 4571 fecisse
3143 4531 3358 4587 corpus
3383 4511 3608 4569 Domini
3632 4510 3802 4582 (scri-

392 4627 419 4656 ‹‹
454 4603 564 4677 Πρὸ
621 4607 716 4656 τοῦ
771 4622 837 4674 με
880 4599 1081 4656 πλάσαι
1144 4622 1200 4655 σε
1250 4601 1302 4656 ἐν
1357 4600 1564 4672 κοιΛίᾷ,
1619 4601 1908 4675 ἐπίσταμαί
1958 4623 2034 4658 σε’

461 4691 475 4709 \
591 4691 604 4709 ἱ
709 4695 735 4705 ~
900 4689 946 4709 ’ν
981 4689 1045 4709 ἻΛ
1079 4694 1100 4705 ε’
1181 4690 1195 4709 Ἰ
1350 4693 1362 4709 Ι
1549 4693 1562 4709 Q
1621 4689 1632 4709 1
1721 4690 1731 4709 Ι
2026 4693 2037 4709 \

2151 4612 2314 4680 ptum
2345 4612 2434 4663 est
2464 4607 2619 4662 enim
2657 4625 2668 4662 :
2699 4628 2725 4657 ‹‹
2759 4611 3087 4677 Antequam
3121 4608 3178 4660 te
3208 4603 3517 4658 formarem
3550 4601 3608 4654 in
3641 4603 3804 4655 utero

389 4691 477 4747 καὶ
507 4691 613 4766 πρὸ
643 4695 739 4746 τοῦ
791 4711 848 4744 σε
897 4689 1126 4760 ἐξελθεῖν
1178 4690 1237 4744 ἐκ
1289 4693 1499 4766 μήτρας
1539 4689 1738 4766 ἡγίακά
1769 4711 1844 4746 σε·
1891 4693 2042 4748 »καὶ

386 4785 548 4835 τοῦτο
607 4779 737 4834 αὐτὸ
793 4779 855 4833 τὸ
908 4783 1065 4851 σῶμα
1114 4780 1141 4832 6
1195 4778 1468 4852 Σολομὼν
1520 4779 1665 4855 λέγει
1713 4781 1811 4848 τήν
1857 4781 2042 4859 σοφίαν

388 4867 826 4942 ᾠκοδομηκέναι·
880 4893 903 4923 ι
960 4867 1108 4942 λέγει
1159 4867 1279 4944 γάρ·
1334 4893 1362 4920 ‹‹
1393 4870 1454 4925 Ἠ
1488 4869 1651 4944 σοφία
1681 4867 2038 4942 ᾠκοδόμησεν

387 4960 551 5033 ἑαυτῇ
603 4958 775 5028 οἷκον,
824 4957 911 5012 καὶ
965 4958 1026 5012 τὸ
1080 4957 1408 5033 Εὐαγγέλιω
1461 4955 1608 5032 λέγει
1642 4957 1700 5012 ἐκ
1732 4958 2038 5030 Πνεύματος

385 5047 539 5124 ἁγίου
568 5046 699 5102 αὐτὸ
733 5047 912 5119 εἶναι),
966 5045 1110 5101 οὕτω
1153 5047 1241 5100 καὶ
1291 5048 1388 5115 τήν
1433 5045 1716 5100 ἀνάστασιν
1749 5047 1911 5102 αὐτοῦ
1941 5053 2038 5103 τοῦ

384 5139 637 5212 σώματος
691 5137 786 5209 μὶν
834 5136 861 5190 6
911 5136 1032 5197 Υἱὸς
1082 5135 1250 5211 λέγει·
1306 5161 1326 5187 ε
1383 5135 1588 5191 Λύσατε
1629 5136 1720 5191 τὸν
1753 5136 1876 5191 ναὸν
1907 5141 2038 5192 τοῦ-

381 5247 498 5300 τον,
551 5227 642 5280 καὶ
691 5225 797 5300 ἐγὼ
847 5225 898 5280 ἐν
949 5225 1124 5295 τρισὶν
1182 5220 1417 5302 ἡμέραις
1468 5225 1639 5302 ἐγερῶ
1695 5224 1872 5280 αὐτόν·
1928 5248 1955 5277 ιι
2008 5227 2036 5281 6

387 5313 444 5372 δὲ
496 5314 853 5385 Ἀπόστολος,
901 5314 987 5369 ὃτι
1019 5339 1046 5366 ‹‹
1100 5316 1163 5371 Ὁ
1215 5317 1344 5378 Θεὸς
1393 5314 1552 5370 αὐτὸν
1592 5312 1834 5390 ἤγειρεν,
1869 5314 2034 5379 λύσας

357 5403 478 5468 ’τὰς
509 5403 707 5467 ὠδῖνας
735 5408 835 5459 τοῦ
867 5405 1118 5469 θανάτου*
1154 5427 1184 5456 ››
1218 5403 1444 5470 ἐνταῦθα
1474 5401 1552 5474 δὲ,
1585 5403 1668 5461 ὅτι
1694 5405 1756 5460 τὸ
1789 5410 2028 5480 Πνεῦμα.

460 5578 505 5612 ‘9
537 5576 719 5631 Marc.
753 5593 793 5642 1,
823 5575 878 5632 7.
983 5575 1027 5611 ³⁰
1053 5574 1208 5632 Psal.
1241 5593 1290 5647 L,
1324 5577 1410 5632 12.
1513 5577 1556 5612 ⁶¹
1592 5576 1743 5633 Psal.
1780 5595 1964 5646 Lxxxx,
1994 5579 2048 5633 9.

391 5650 435 5683 ⁸⁸
466 5649 632 5705 Prov.
665 5665 742 5716 1x,
780 5649 828 5703 1.
906 5648 949 5683 ⁸⁸
975 5647 1143 5704 Joan.
1178 5665 1241 5718 ιι,
1276 5649 1363 5703 19.
1438 5649 1481 5683 ⁸⁷
1509 5651 1634 5705 Act.
1670 5666 1731 5719 ιι,
1764 5651 1852 5704 24.

468 5808 583 5883 (52)
612 5812 746 5867 Mss.
757 5851 773 5880 ,
806 5805 910 5864 ἀπό
941 5806 1038 5864 τοῦ
1069 5807 1154 5885 ἀγ.
1188 5808 1319 5868 Mox
1348 5809 1422 5872 ὡς
1455 5810 1620 5870 abest
1647 5828 1681 5869 a
1711 5809 1896 5870 Palat.

2153 4696 2282 4752 novi
2316 4702 2372 4752 te
2406 4701 2500 4752 :et
2529 4700 2842 4766 antequam
2879 4711 2944 4749 ex
2982 4699 3145 4748 utero
3180 4690 3557 4765 egredereris,
3579 4688 3803 4744 sancti-

2152 4787 2316 4841 ﬁcavi
2350 4790 2405 4840 te
2426 4785 2507 4838 5‘:
2540 4806 2566 4833 »
2598 4790 2655 4838 et
2686 4783 2794 4838 hoc
2826 4783 3019 4854 ipsum
3053 4798 3265 4853 corpus
3295 4778 3640 4852 sapientiam
3673 4776 3808 4831 tedi-

2151 4877 2381 4942 ﬁcasse,
2417 4874 2499 4930 ait
2552 4873 2852 4935 Salomon,
2902 4889 3038 4927 nam
3091 4887 3163 4925 τα
3199 4868 3544 4932 fEdiﬁcavit,
3593 4865 3802 4936 inquit,

2151 4965 2394 5020 domum
2451 4963 2564 5018 sibi
2621 4961 3003 5033 sapientia“;
3051 4982 3077 5010 ››
3125 4965 3182 5015 et
3234 4955 3611 5029 Evangelium
3668 4954 3809 5009 dicit

2149 5053 2346 5126 ipsum
2378 5069 2509 5108 esse
2538 5069 2572 5106 a
2604 5051 2824 5123 Spiritu
2859 5051 3112 5118 saneto);
3149 5049 3229 5104 ita
3257 5047 3432 5104 etiam
3457 5046 3526 5101 de
3547 5041 3807 5114 corporis

2149 5142 2577 5198 resurrectione
2598 5139 2725 5212 ipse
2743 5139 2978 5211 quidem
3003 5137 3183 5193 Filius
3201 5136 3341 5191 dicit
3362 5153 3408 5189 :u
3430 5133 3642 5189 Solvite
3663 5136 3806 5188 tem-

2149 5234 2312 5302 plum
2348 5231 2474 5298 hoc,
2507 5234 2564 5284 et
2593 5245 2700 5301 ego
2745 5229 2933 5284 tribus
2965 5227 3173 5284 diebus
3202 5224 3464 5282 excitabo
3497 5221 3646 5276 illud
3666 5221 3710 5256 ⁵⁸
3735 5238 3747 5276 :
3777 5242 3804 5268 ››

2144 5319 2460 5393 Apostolus
2491 5334 2627 5374 vero
2661 5335 2672 5374 :
2703 5339 2731 5368 «
2765 5321 2916 5373 Deus
2965 5315 3236 5373 excitavit
3267 5330 3424 5378 eum,
3457 5309 3668 5368 solutis
3698 5309 3806 5364 do-

2145 5409 2374 5466 toribus
2431 5409 2639 5464 mortis
2683 5408 2726 5443 ⁵⁷
2761 5423 2826 5461 z»
2870 5405 2966 5462 hic
3023 5410 3217 5462 autem
3278 5403 3494 5459 dicitur
3548 5397 3805 5470 Spiritus

3355 5572 3398 5606 ⁵⁵
3427 5569 3640 5628 Jerem.
3673 5583 3714 5633 ι,
3744 5566 3799 5620 5.

2148 5579 2194 5614 ⁵⁵
2223 5582 2348 5636 Act.
2381 5595 2498 5645 x1x,
2528 5579 2583 5644 2,
2615 5578 2668 5632 3.
2772 5576 2815 5610 ⁵³
2841 5575 3021 5630 Amos
3052 5591 3128 5643 ιν,
3165 5574 3252 5630 13.

2219 5813 2328 5886 (53)
2361 5812 2526 5882 Mss.,
2558 5806 2783 5880 Πνεῦμα
2813 5800 3159 5880 ἀπαγγέλλον
3191 5802 3267 5866 εἰς
3303 5802 3417 5857 ἄνθ.
