4116 6398
309 391 468 452 1247

1480 393 1545 454 S.
1591 389 2119 453 ATHANASIUS.
2146 423 2225 435 -—
2254 389 2562 454 SPUBIA.

3585 341 3742 456 I268

308 524 508 596 ipsum
541 525 843 582 excitasse.
873 528 1015 584 Cum
1050 528 1223 584 audio
1253 527 1432 595 enim,
1459 549 1488 577 «
1520 526 1624 591 Qui
1659 525 1839 581 efﬁcit
1875 523 1964 578 di-

2090 547 2110 575 ι(
2145 527 2324 580 Ποιῶν
2359 550 2386 577 ‹‹
2420 526 2523 601 γὰρ
2579 548 2602 577 α
2659 521 2874 601 ὄρθρον,
2912 549 2939 578 ››
2981 525 3066 581 ἐὰν
3103 525 3339 598 ἀκούσω,
3366 527 3466 596 τήν
3503 523 3736 580 ἀνάστα-

310 614 598 683 luculum,
628 639 656 666 ν
697 619 1181 673 resurrectionem
1231 623 1427 674 mente
1480 617 1765 689 concipio.
1821 619 1967 670 Nam

313 721 441 777 quas
474 705 609 760 facit
635 707 822 772 Pater,
845 725 911 762 ea
950 707 1081 780 ipsa
1131 709 1270 763 facit
1317 709 1492 762 etiam
1525 706 1727 776 Filius,
1753 708 1808 760 et
1837 721 1968 776 quas

312 793 450 850 facit
482 795 650 850 Pater
677 799 729 850 et
756 796 956 863 Filius,
982 813 1049 851 ea
1080 797 1209 869 ipsa
1239 797 1377 852 facit
1397 797 1670 868 Spiritus,
1695 799 1760 849 ut
1789 809 1969 866 supra

308 899 544 954 quoque
593 885 1149 942 demonstravimus.
1191 886 1389 942 Maced.
1425 888 1508 940 An
1560 901 1693 939 vero
1725 888 1785 937 tu
1821 882 1967 936 mihi

309 972 658 1041 ostenderis,
707 975 1006 1030 Christum
1057 977 1373 1030 excitatum
1429 975 1609 1029 fuisse
1659 991 1690 1028 a
1743 971 1966 1044 Spiritu

311 1061 557 1118 sancto?
585 1065 748 1121 Oth.
780 1064 904 1118 Non
953 1067 1084 1119 dico
1117 1066 1314 1136 ipsum
1347 1064 1647 1119 Christum
1683 1080 1715 1116 a
1746 1061 1965 1131 Spiritu

310 1152 593 1222 tanquam
654 1151 972 1220 potentiore
1031 1151 1212 1207 fuisse
1270 1151 1612 1211 excitatum.
1658 1149 1757 1204 sed
1811 1147 1969 1218 quod

311 1239 600 1311 templum
633 1239 896 1311 corporis
939 1240 1272 1295 excitaverit
1316 1240 1500 1308 Pater,
1538 1237 1719 1294 Filius
1751 1241 1808 1292 et
1837 1236 1968 1307 Spi-

317 1328 467 1383 ritus
501 1334 762 1384 sanctus.
789 1329 988 1384 Maced.
1018 1331 1073 1384 Id
1109 1335 1302 1384 autem
1337 1329 1629 1400 quomodo
1662 1327 1804 1382 mihi
1838 1341 1967 1396 per-

313 1418 617 1473 suaseris?
647 1435 719 1473 an
753 1420 973 1474 auxilio
1004 1421 1208 1491 egebat
1240 1419 1444 1487 Filius,
1471 1436 1500 1473 a
1534 1434 1649 1490 quo
1679 1415 1968 1488 templum

311 1506 502 1578 ipsius
557 1506 955 1563 excitaretur?
1014 1508 1171 1563 Orth.
1233 1507 1539 1563 Enimvero
1613 1523 1756 1561 num
1813 1505 1968 1577 quod

313 1596 528 1652 auxilio
569 1601 762 1668 egeret
813 1596 1094 1669 impletus
1143 1602 1234 1654 est
1281 1598 1408 1671 ipso
1461 1595 1728 1669 Spiritu?
1761 1594 1966 1653 Maced.

314 1686 419 1744 Ubi
452 1686 737 1758 scriptum
791 1691 882 1743 est
933 1687 1240 1760 impletum
1295 1687 1477 1742 fuisse
1508 1685 1774 1758 Spiritu?
1818 1684 1967 1739 Orth.

309 1775 692 1848 Evangelium
734 1778 1058 1833 secundum
1110 1778 1346 1846 Lucam,
1379 1781 1444 1832 ut
1488 1775 1771 1839 audias,«
1799 1773 1971 1830 Jesus

311 1864 494 1937 igitur
524 1866 733 1938 plenus
761 1867 979 1939 Spiritu
1013 1875 1234 1931 sanclo,
1262 1882 1528 1921 reversus
1559 1869 1647 1920 est
1684 1863 1744 1918 in
1775 1865 1971 1919 deser-

314 1960 438 2008 tum
462 1954 527 2009 ⁸⁸.
559 1977 586 2003 ››
620 1955 742 2011 1ωο
788 1956 943 2027 quod
992 1957 1208 2010 mirum
1243 1960 1356 2025 est,
1389 1953 1676 2026 scriptum
1724 1957 1813 2008 est
1857 1969 1974 2007 non

318 2044 492 2097 modo
521 2041 964 2116 impletum,sed
979 2044 1155 2100 etiam
1187 2045 1426 2100 ductum
1464 2043 1645 2098 fuisse
1677 2041 1974 2114 aSpiritu.

315 2131 624 2201 Caeterum,
658 2133 811 2189 sicut
854 2133 1135 2206 impletus
1177 2138 1287 2201 est,
1321 2139 1378 2189 et
1417 2134 1650 2201 ductus,
1685 2132 1765 2188 ita
1797 2131 1975 2186 etiam

317 2222 654 2277 resurrexit.
696 2224 766 2278 Et
822 2227 888 2278 ut
942 2223 1103 2279 neris
1165 2223 1310 2278 nihil
1370 2223 1602 2278 obstare
1657 2220 1977 2293 quominus

316 2312 488 2366 Patre
516 2311 714 2384 ipsum
746 2312 1054 2382 excitante,
1087 2312 1344 2385 Spiritus
1373 2311 1548 2367 etiam
1588 2327 1723 2366 eum
1763 2308 1975 2365 excita-

321 2401 416 2470 rit,
451 2401 608 2468 audi,
640 2401 811 2457 Patre
868 2401 1044 2457 etiam
1107 2400 1166 2456 in
1221 2401 1348 2474 ipso
1406 2404 1701 2466 manente,
1736 2398 1889 2454 sicut
1916 2397 1977 2453 in

325 2489 655 2563 Evangeliis
684 2491 829 2546 dicit
857 2491 981 2564 ipse
1011 2491 1193 2547 Filius
1224 2509 1237 2547 :
1263 2514 1292 2541 ‹‹
1316 2491 1484 2546 Pater
1511 2490 1573 2546 in
1605 2505 1698 2545 me
1730 2504 1978 2544 manens

321 2580 447 2652 ipse
478 2581 615 2636 facit
642 2597 819 2653 opera
838 2582 900 2652 '9,
925 2603 952 2630 »
991 2597 1225 2636 manere
1256 2580 1431 2635 etiam
1463 2579 1521 2634 in
1556 2596 1621 2635 eo
1649 2578 1932 2651 Spiritum
1962 2594 1975 2632 :

321 2691 350 2719 «
385 2669 701 2725 Descendit
730 2691 757 2719 »
789 2671 944 2725 enim
980 2692 1008 2719 ‹‹
1042 2668 1297 2742 Spiritus
1343 2667 1628 2742 corporali
1676 2667 1867 2739 specie
1897 2665 1981 2722 si-

320 2762 426 2813 cut
455 2757 756 2826 columba;
791 2765 846 2814 et
879 2760 1094 2816 mansit
1139 2776 1317 2832 super
1345 2775 1478 2814 eum
1508 2759 1610 2812 ⁸ο.»
1631 2759 1795 2812 Sicut
1841 2772 1979 2828 ergo

322 2846 469 2902 nihil
501 2851 654 2903 vetat
685 2849 848 2922 quin,
875 2853 1147 2904 manente
1174 2853 1363 2920 Patre,
1387 2851 1625 2903 maneat
1650 2849 1824 2903 etiam
1857 2844 1982 2918 Spi-

326 2937 476 2993 ritus
513 2953 524 2992 :
561 2937 641 2992 ita
697 2937 841 2992 nihil
893 2938 1164 3011 prohibet
1195 2937 1535 3010 quominus,
1564 2941 1735 2992 Patre
1782 2937 1980 3008 ipsum

324 3026 635 3096 excitante,
661 3027 915 3099 Spiritus
944 3045 1178 3100 quoque
1207 3026 1488 3096 excitarit,
1515 3031 1571 3082 et
1593 3027 1701 3081 hoc
1721 3025 1867 3080 illud
1894 3027 1984 3080 est

327 3116 482 3187 quod
518 3115 732 3171 dicitur
755 3133 806 3171 ;‹‹
837 3117 1108 3173 Efﬁciens
1141 3116 1546 3185 diluculum,»
1580 3115 1637 3170 id
1678 3118 1768 3170 est
1795 3131 1984 3170 resur-

325 3205 667 3267 rectionem.
694 3228 720 3254 ‹‹
755 3211 810 3261 et
871 3205 1166 3275 nebulam,
1196 3234 1219 3256 ››
1256 3207 1313 3262 id
1373 3210 1462 3261 est
1513 3222 1745 3278 corpus.
1783 3203 1980 3259 Maced.

327 3254 667 3267 _---.-.--_..
758 3254 809 3261 --
871 3254 1214 3275 ..-ηηηηη
1376 3254 1461 3261 η-
1516 3254 1745 3278 HT---

327 3293 638 3351 Enimvero
670 3312 864 3350 annon
915 3298 1042 3368 ipse
1087 3296 1276 3369 potuit
1323 3311 1451 3352 sese
1481 3295 1778 3351 excitare?
1826 3294 1981 3349 Orlh.
2014 3254 2058 3322 ε

327 3383 451 3439 Imo
481 3400 550 3440 ex
582 3385 712 3440 istis
744 3385 1184 3442 demonstratur
1211 3390 1436 3441 naturae
1465 3385 1770 3453 identitas;
1804 3383 1984 3455 siqui-

330 3473 464 3529 dem
495 3491 623 3546 quae
658 3475 791 3530 facit
819 3476 1005 3544 Pater,
1031 3474 1168 3532 facit
1190 3475 1364 3532 etiam
1389 3473 1592 3542 Filius,
1619 3479 1674 3530 et
1699 3490 1826 3545 quae
1849 3473 1990 3530 facit

330 3563 535 3636 Filius,
558 3563 835 3621 similiter
884 3565 1024 3621 facit
1059 3565 1334 3638 Spiritus.
1369 3564 1570 3621 Μαι·οά.
1595 3564 1895 3628 Quomodo
1926 3563 1984 3617 id

330 3655 456 3711 ﬁeri
487 3656 722 3728 potest?
753 3656 910 3712 Orth.
946 3658 1033 3712 Ita
1079 3661 1142 3712 ut
1181 3661 1485 3713 ostensum
1517 3659 1624 3712 est.
1652 3655 1849 3710 Maced.
1880 3654 1988 3710 Ubi

329 3761 468 3800 vero
501 3750 807 3801 ostensum
839 3745 971 3801 cst?
1000 3745 1150 3802 Orlh.
1183 3745 1329 3812 Quia
1356 3749 1420 3800 ut
1439 3745 1610 3800 Pater
1638 3744 1988 3810 sanctificat,

333 3835 415 3890 ita
445 3838 502 3890 et
527 3833 734 3901 Filius,
768 3835 923 3890 sicut
965 3835 1143 3891 etiam
1179 3835 1461 3910 scriptum
1512 3838 1602 3890 est
1651 3834 1802 3906 apud
1837 3839 1989 3906 Apo-

334 3922 556 3980 stolum
593 3942 606 3980 :
638 3947 664 3975 ‹‹
696 3925 803 3979 Sed
867 3923 1052 3980 abluti
1109 3924 1268 3992 estis,
1306 3924 1405 3980 sed
1455 3924 1763 3995 justificati
1822 3923 1989 3994 estis,

336 4014 439 4069 sed
470 4013 818 4070 sanctiﬁcati
853 4013 996 4070 estis
1029 4015 1084 4069 in
1118 4014 1355 4070 nomine
1377 4013 1607 4070 Domini
1641 4013 1824 4069 nostri
1854 4013 1992 4070 Jesu

340 4103 578 4171 Christi,
611 4108 668 4160 et
697 4103 757 4160 in
787 4103 1005 4176 Spiritu
1039 4104 1139 4159 Dei
1173 4105 1356 4160 nostri
1377 4105 1440 4158 δι.
1468 4127 1495 4154 ››

414 4193 569 4251 458
590 4194 677 4249 29.
705 4193 904 4249 Maced.
938 4192 1276 4249 Imbecillus
1329 4209 1434 4266 ego
1482 4209 1613 4249 sum
1651 4211 1663 4248 :
1697 4191 1992 4248 inveniam

342 4287 540 4339 autem
567 4283 667 4355 qui
699 4283 769 4337 ad
799 4283 920 4338 haec
941 4282 1329 4353 habeatquod
1357 4283 1530 4338 dicat.
1553 4282 1681 4338 Haec
1704 4284 1995 4354 persuade

342 4372 682 4428 doctoribus
713 4373 881 4441 meis,
917 4376 971 4427 et
1019 4388 1340 4444 persuasus
1392 4371 1570 4428 fuero.
1607 4371 1756 4428 Orth.
1789 4372 1847 4427 Si
1878 4377 1992 4427 tute

342 4460 647 4518 sententia:
683 4462 885 4518 fuisset
922 4463 1134 4517 beatus
1173 4461 1268 4517 ille
1299 4465 1356 4517 et
1385 4465 1626 4518 sanctus
1655 4460 1992 4534 Apostolus,

343 4569 475 4606 cum
502 4550 662 4606 visus
694 4555 785 4606 est
814 4552 864 4606 ei
887 4549 1472 4618 Christus,dixisset:
1500 4551 1706 4606 Adduc
1737 4550 1903 4622 prius
1932 4550 1992 4605 in

2079 634 2159 668 σιν
2215 619 2338 671 νοῶ.
2398 617 2471 671 *Ἀ
2528 615 2629 691 γὰρ
2678 620 2826 671 ποιεῖ
2877 617 2904 672 6
2959 617 3170 693 Πατὴρ,
3208 621 3376 672 ταῦτα
3421 616 3510 671 καὶ
3547 615 3731 678 ὁΥἱὸς

2077 709 2244 758 ποιεῖ·
2295 705 2383 759 καὶ
2441 703 2471 759 ἃ
2517 709 2665 760 ποιεῖ
2715 706 2742 759 6
2793 707 2980 782 Πατὴρ
3030 706 3120 761 καὶ
3154 707 3356 776 ὁΥἱὸς,
3387 704 3556 761 ταυτᾶ
3585 710 3739 759 ποιεῖ

2075 794 2138 848 τὸ
2209 798 2448 866 Πνεῦμα,
2527 795 2601 856 ὡς
2673 794 2762 849 καὶ
2845 793 2896 849 ἐν
2953 801 3070 859 τοῖς
3133 795 3388 870 ἀνωτέρω
3443 791 3732 850 δέδεικται.

2078 882 2280 940 Μακεδ.
2334 886 2431 939 Καὶ
2478 881 2623 962 ἔχεις
2676 908 2768 958 μοι
2817 883 3006 959 δεῖξαι,
3058 885 3238 942 ὅτιτὸ
3273 890 3490 959 Πνεῦμα
3516 883 3735 962 ἤγειρεν

2077 975 2166 1030 τὸν
2225 975 2499 1052 Χριστόν;
2562 977 2708 1052 Ὀρθ.
2771 975 2842 1030 Οὐ
2904 974 3069 1052 λέγω,
3139 975 3328 1032 ὅτιτὸ
3378 980 3599 1049 Πνεῦμα
3658 975 3733 1037 ὡς

2080 1059 2441 1140 δυνατώτερον
2492 1064 2589 1118 τοῦ
2640 1065 2896 1138 Χριστοῦ,
2942 1061 3157 1140 ἤγειρεν
3189 1063 3348 1118 αὐτὸν
3379 1063 3471 1118 τὸν
3505 1063 3736 1139 Χριστὸν

2080 1151 2207 1207 ἀλλ’
2254 1150 2336 1206 ὅτι
2388 1151 2546 1207 αὐτὸν
2597 1152 2689 1207 τὸν
2738 1153 2863 1206 ναὸν
2893 1157 2990 1206 τοῦ
3022 1153 3274 1225 σώματος
3303 1150 3521 1227 ἤγειρεν
3557 1151 3585 1205 6
3616 1152 3732 1207 Πα-

2076 1242 2202 1316 τήρ,
2262 1239 2352 1295 καὶ
2413 1242 2440 1295 6
2486 1241 2631 1309 Υἱὸς,
2679 1240 2769 1295 καὶ
2816 1238 2877 1296 τὸ
2918 1245 3137 1314 Πνεῦμα
3181 1240 3244 1296 τὸ
3295 1241 3470 1314 ἅγιον.
3525 1236 3722 1293 Μακεδ.

2077 1329 2177 1384 Καὶ
2229 1333 2347 1392 πῶς
2409 1350 2475 1402 με
2522 1327 2668 1405 ἔχεις
2710 1334 2913 1399 πεῖσαι,
2968 1332 3069 1406 ἂρα
3125 1327 3384 1405 βοηθείας
3441 1327 3670 1404 ἔχρῃζεν
3704 1329 3731 1382 6

2079 1418 2223 1491 Υἱὸς,
2249 1416 2339 1474 ’ἕνα
2368 1418 2460 1474 τὸν
2491 1420 2616 1474 ναὸν
2648 1419 2812 1474 αὐτοῦ
2863 1419 3046 1494 ἐγείρῃ
3073 1438 3086 1489 ;
3142 1420 3290 1494 Ὀρθ.
3341 1417 3608 1488 Βοηθείας
3635 1417 3734 1493 γὰρ

2080 1506 2305 1584 χρῄζων
2359 1507 2670 1584 ἐπληροῦτο
2704 1507 2849 1582 αὐτῷ
2879 1513 2959 1581 τῷ
2991 1508 3265 1582 Πνεῦματι
3311 1510 3418 1581 (54)
3446 1525 3460 1575 ;
3521 1504 3736 1564 Mam?“

2081 1602 2192 1653 Ποῦ
2222 1596 2537 1673 γέγραπται,
2583 1596 2666 1653 ὅτι
2716 1596 3028 1674 ἐπληροῦτο
3078 1602 3157 1670 τῷ
3207 1596 3521 1670 Πνεῦματη
3581 1598 3737 1670 Ὀρθ.

2079 1685 2377 1764 Ἀνάγνωθι
2407 1688 2471 1742 τὸ
2502 1687 2636 1741 κατὰ
2678 1693 2888 1742 Λουκᾶν
2941 1685 3298 1764 Εὗαγγέλιον,
3337 1684 3430 1740 ’ίνα
3477 1684 3737 1760 ἀκούσῃς·

2083 1802 2110 1829 υ
2143 1778 2199 1830 Ὀ
2230 1777 2322 1831 οῦν
2369 1780 2579 1847 Ἰησοῦς
2624 1776 2849 1848 πλήρης
2895 1781 2993 1832 τοῦ
3042 1775 3381 1849 ΙΙνεύματος,
3423 1775 3581 1852 ἁγίου
3638 1776 3736 1829 ὑπ⁹

2004 1894 2052 1960 Β
2084 1865 2332 1942 ἔστρεψεν
2368 1865 2444 1928 εἷς
2476 1867 2574 1935 τὴν
2606 1862 2699 1941 ἕρη
2713 1887 2834 1940 μον.
2868 1890 2896 1920 ι)
2931 1866 3034 1923 Καὶ
3083 1867 3144 1920 τὸ
3175 1863 3503 1942 παράδοξον,
3553 1864 3638 1920 ὅτι
3672 1864 3732 1919 οὐ

2089 1955 2248 2029 μόνον
2297 1954 2632 2032 ἐπληροῦτο,
2691 1955 2836 2030 ἀλλᾶ
2869 1955 2956 2011 καὶ
3011 1952 3176 2032 ἤγετο
3222 1954 3275 2010 ἐν
3324 1959 3405 2026 τῷ
3439 1953 3738 2027 Πνεῦματι,

2084 2045 2419 2122 γέγραπται.
2479 2049 2681 2121 Ὥσπερ
2741 2042 2799 2100 δὲ
2857 2043 3167 2122 ἐπληροῦτο
3224 2044 3314 2099 καὶ
3371 2041 3536 2120 ἤγετο
3595 2042 3739 2098 οὕτω

2084 2135 2172 2190 καὶ
2214 2133 2430 2205 ἀνέστη.
2490 2135 2589 2189 Καὶ
2624 2135 2735 2198 ,ἳνα
2790 2139 2956 2211 γνῷς,
3007 2134 3090 2190 ὅτι
3153 2130 3306 2189 οὐδὲν
3361 2131 3590 2200 κωλύει,
3642 2136 3738 2187 τοῦ

2088 2224 2298 2300 Πατρὸς
2358 2223 2516 2279 αὐτὸν
2579 2223 2894 2301 ἐγείροντος,
2943 2223 3035 2279 καὶ
3090 2225 3154 2279 τὸ
3209 2227 3432 2296 Πνεῦμα
3491 2221 3739 2296 ἐγείρειν,

2087 2314 2338 2382 ἄκουσον,
2411 2313 2494 2368 ὅτι
2569 2312 2658 2367 καὶ
2715 2317 2812 2368 τοῦ
2870 2315 3079 2390 Πατρὸς
3138 2312 3189 2368 ἐν
3251 2311 3398 2385 αὖτῷ
3459 2313 3740 2385 μένοντος,

2087 2404 2162 2465 ὡς
2197 2402 2246 2458 ἐν
2297 2407 2412 2464 τοῖς
2462 2401 2807 2477 Εὐαγγελίοις
2858 2402 3015 2466 αὐτὸς
3065 2403 3093 2457 6
3140 2402 3264 2463 Υἱὸς
3310 2401 3477 2478 λέγει·
3514 2399 3596 2456 ὅτι
3625 2426 3654 2452 ‹‹
3686 2402 3743 2454 '0

2087 2493 2275 2568 Πατὴρ
2325 2493 2354 2546 6
2402 2491 2454 2546 ἐν
2511 2491 2634 2566 ἐμοὶ
2690 2493 2862 2565 μένων
2895 2499 3042 2548 ποιεῖ
3069 2492 3137 2547 τὰ
3155 2489 3290 2566 ἔργα
3319 2490 3501 2553 αὐτός·
3537 2514 3564 2542 ››
3598 2489 3745 2545 οὕτω

2087 2582 2177 2637 καὶ
2206 2582 2268 2636 τὸ
2298 2583 2523 2655 Πνεῦμα
2553 2581 2699 2654 μένει
2731 2580 2782 2636 ἐν
2833 2581 2996 2654 αὐτῷ·
3033 2604 3063 2634 ‹‹
3108 2579 3360 2650 Κατῆλθε
3413 2604 3439 2630 ι)
3486 2579 3588 2656 γὰρ
3627 2605 3647 2630 ι
3682 2580 3745 2635 τδ

2090 2676 2309 2745 Πνεῦμα
2340 2675 2636 2745 σωματικῷ
2683 2667 2811 2726 εἴδει
2862 2671 2988 2726 ὡσεὶ
3039 2671 3346 2746 περιστερὰ,
3400 2672 3493 2724 καὶ
3541 2666 3748 2742 ἔμεινεν

2089 2762 2140 2816 ἐν
2176 2761 2392 2818 αὐτόν.»
2425 2764 2628 2839 ’Ὠσπερ
2662 2758 2753 2817 οὖν
2783 2759 2938 2817 οὐδὲν
2970 2759 3298 2828 κωλ·3ει,τοῦ
3322 2761 3530 2835 Πατρὸς
3555 2757 3744 2833 μένον-

2089 2872 2201 2922 τος,
2233 2852 2321 2905 καὶ
2350 2853 2410 2906 τὸ
2444 2853 2665 2924 Πνεῦμα
2697 2852 2896 2923 μένειν·
2931 2849 3104 2913 οὕτως
3137 2847 3289 2906 οὖδὶν
3324 2848 3487 2904 αὐτὸν
3515 2847 3745 2917 κωλύει,

2091 2945 2188 2996 τοῦ
2263 2943 2473 3016 Πατρὸς
2545 2941 2868 3018 ἐγείροντος,
2945 2939 3034 2995 καὶ
3100 2940 3161 2995 τὸ
3220 2943 3440 3012 Πνεῦμα
3499 2937 3745 3015 ἐγείρειν·

2091 3030 2180 3085 καὶ
2237 3030 2399 3085 τοῦτό
2449 3029 2558 3086 ἐστι
2605 3032 2668 3086 τὸ
2713 3029 3018 3106 εἰρημένον·
3067 3055 3086 3080 ιι
3125 3033 3304 3084 Ποιῶν
3336 3025 3554 3104 ὄρθρον,
3595 3052 3620 3078 ››
3649 3027 3749 3094 τὴν

2092 3117 2395 3176 ἀνάστασιν·
2455 3119 2544 3175 καὶ
2601 3143 2630 3172 ‹‹
2680 3117 2949 3196 ὀμίχλην,
3001 3143 3022 3170 ι
3073 3118 3136 3174 τὸ
3184 3121 3362 3192 σῶμα.
3398 3114 3606 3175 Μακεδ.
3641 3114 3751 3170 Οὐκ

2095 3207 2314 3266 ἐδύνατο
2375 3209 2477 3288 γὰρ
2537 3210 2721 3266 ἑαυτὸν
2783 3208 3027 3286 ἐγεῖραι;
3088 3209 3231 3284 Ὀρθ.
3297 3206 3452 3264 Ἀλλ’
3510 3205 3569 3262 ἐκ
3623 3203 3751 3261 τούς

2093 3301 2201 3357 τῶν
2237 3301 2344 3374 (55)
2394 3297 2661 3356 δείκνυται
2712 3300 2774 3354 τὸ
2803 3299 2997 3354 ταυτὸν
3030 3305 3128 3368 τῆς
3162 3296 3394 3376 φύσεως·
3430 3296 3462 3351 ἃ
3491 3296 3594 3373 γὰρ
3629 3293 3688 3349 ἂν
3722 3295 3751 3349 ὁ

2095 3391 2286 3465 ῙΙατ-ὴρ
2346 3393 2502 3464 ποιῇ,
2550 3394 2717 3445 ταῦτα
2762 3387 2853 3444 καὶ
2906 3390 2933 3443 ὁ
2983 3386 3128 3450 Υἱός·
3180 3385 3273 3442 καὶ
3307 3386 3516 3441 ἂποιεῖ
3544 3387 3572 3439 6
3606 3385 3752 3458 Υἱὸς,

2093 3479 2184 3535 καὶ
2214 3479 2276 3534 τὸ
2326 3481 2552 3553 Πνεῦμα
2601 3477 2808 3552 ὁμοίως
2847 3481 3015 3532 ταῦτα
3045 3480 3211 3533 ποιεῖ.
3265 3472 3468 3532 Μακεδ.
3500 3474 3602 3529 Καὶ
3633 3476 3752 3537 πῶς

2098 3567 2362 3637 δυνατόν,
2421 3569 2566 3643 Ὀρθ.
2621 3569 2707 3630 Ὡς
2759 3563 3042 3623 δέδεικται,
3095 3561 3303 3624 Μακεδ.
3356 3565 3459 3622 Καὶ
3511 3568 3618 3619 ποῦ
3669 3561 3755 3618 δέ-

2099 3655 2336 3727 δεικταις
2397 3657 2548 3732 Ὀρθ.
2598 3658 2716 3710 Ὅτι
2768 3654 2978 3730 ἁγιάζει
3029 3655 3103 3718 ὡς
3155 3655 3184 3709 6
3236 3655 3427 3729 [Ῑατήρ
3603 3653 3692 3708 καὶ
3725 3652 3754 3706 6

2097 3746 2248 3814 Υἱὸς,
2281 3746 2355 3808 ὡς
2388 3745 2477 3799 καὶ
2508 3743 2804 3820 γέγραπται
2835 3745 2980 3820 παρᾶ
3007 3748 3086 3816 τῷ
3116 3741 3458 3816 Ἀποστολῳ·
3491 3768 3519 3793 σι
3578 3740 3760 3797 Ἀλλὰ

2099 3833 2495 3908 ἀπελούσασθε,
2545 3833 2692 3890 ἀλλᾶ
2743 3831 3120 3904 ἐδικαιώθητε,
3179 3830 3305 3888 ἀλλ’
3362 3832 3662 3908 ἡγιάσθητε
3706 3829 3760 3885 ἐν

2098 3929 2178 3997 τῷ
2229 3923 2456 3998 ὀνόματι
2512 3928 2609 3979 τοῦ
2660 3923 2858 4001 Κυρίου
2907 3925 3070 3995 ἡμῶν
3117 3923 3300 3993 Ἰησοῦ
3349 3918 3607 3998 Χριστοῦ,
3667 3918 3758 3974 καὶ

2101 4015 2153 4070 ἐν
2189 4014 2464 4088 Ιῐνεύματι
2494 4017 2592 4069 τοῦ
2619 4017 2752 4070 Θεοῦ
2783 4015 2818 4084 ἡ
2830 4017 2965 4088 μῶν.
3003 4036 3031 4063 ››

2170 4195 2260 4249 29.
2296 4187 2503 4250 Μακεδ.
2563 4189 2781 4266 Ὀλίγος
2831 4187 2964 4262 εἶμί·
3013 4186 3244 4263 εὑρίσκω
3296 4183 3354 4243 δὲ
3401 4188 3491 4243 τὸν
3527 4184 3762 4261 δυνάμε-

2101 4303 2189 4338 νον
2220 4281 2354 4357 πρὸς
2385 4284 2552 4336 ταῦτα
2583 4279 2774 4336 εἰπεῖν.
2815 4281 3010 4336 ΙΙεῖσον
3041 4277 3170 4340 τοὺς
3204 4275 3566 4340 διδασκάλους
3632 4299 3762 4351 μου,

2103 4371 2190 4428 καὶ
2249 4370 2530 4442 πείθομαι.
2591 4370 2738 4444 Ὀρθ.
2788 4367 2931 4423 Κατᾶ
2981 4369 3082 4437 τὴν
3142 4367 3240 4436 σὴν
3283 4367 3514 4442 γνώμην
3558 4367 3602 4422 εἷ
3635 4370 3701 4437 ἦν
3737 4367 3765 4421 ὁ

2109 4461 2372 4536 μακάριος
2409 4458 2498 4513 καὶ
2531 4458 2688 4534 ἅγιος
2719 4455 3077 4523 Ἀπόστολος,
3111 4457 3201 4512 ὅτε
3231 4455 3378 4529 αὖτῷ
3423 4453 3579 4535 ὤφθη
3642 4462 3771 4532 Χρι-

2106 4551 2252 4619 στὸς,
2288 4549 2428 4603 εἶπεν
2486 4546 2567 4601 ἂν·
2631 4549 2829 4604 Ιῐεῖσον
2869 4545 2997 4608 τοὺς
3043 4547 3320 4622 ἀρχιερεῖς
3373 4545 3465 4600 καὶ
3505 4566 3766 4622 γραμμα-

344 4646 509 4696 tuam
544 4640 893 4696 sententiam
929 4640 1234 4711 pontiﬁces
1265 4645 1320 4696 et
1350 4641 1605 4705 Scribas,
1636 4644 1692 4694 et
1720 4643 1861 4694 tunc
1893 4639 1978 4694 des

2104 4643 2214 4700 τεῖς
2243 4641 2484 4713 πρῶτον,
2517 4636 2605 4692 καὶ
2634 4637 2758 4692 τότε
2790 4635 3048 4708 πείθομαί
3088 4656 3194 4690 σοι.
3250 4631 3458 4691 Μακεδ.
3509 4640 3766 4715 Ξενοφω-

347 4746 511 4784 mum
545 4729 652 4784 tibi
677 4730 968 4800 obsequar
1009 4729 1206 4784 Maced.
1231 4729 1404 4785 Novis
1430 4733 1489 4784 et
1511 4727 1978 4783 insolentibusis

2108 4732 2302 4801 νοῦμαι
2363 4725 2413 4781 ἐν
2458 4725 2693 4786 τούτοις.
2750 4725 2812 4780 Οἱ
2869 4726 3096 4801 πατέρες
3147 4725 3307 4798 ἡμῶν
3342 4721 3604 4781 οὐδέποτε
3631 4728 3766 4799 ἡμῖν

342 4821 420 4875 tis
452 4819 694 4874 vocibus
727 4819 1036 4875 deterreor.
1060 4819 1261 4875 Patres
1290 4819 1474 4875 nostri
1509 4835 1813 4890 nunquam
1846 4835 1978 4890 aput

2111 4818 2457 4894 ἡρμήνευσαν
2519 4814 2715 4878 οὕτως.
2764 4816 3002 4891 Ἀνάγκη
3065 4811 3156 4869 οῦν
3213 4815 3362 4887 ἡμᾶς
3413 4812 3503 4869 ἐπὶ
3555 4816 3772 4877 ὀὖτοις

345 4927 455 4966 nos
484 4909 613 4966 istis
644 4909 1230 4980 interpretationibus
1254 4909 1347 4966 usi
1375 4914 1534 4965 sunt.
1554 4907 1800 4964 Necesse
1822 4914 1912 4963 est
1943 4926 1978 4964 u

2115 4907 2426 4982 σκέψασθαι,
2489 4903 2726 4979 μάλιστα
2781 4903 2862 4959 ὅτι
2923 4904 3067 4974 ξενον
3125 4900 3336 4972 ἥκουσα
3382 4903 3445 4959 τὸ
3492 4902 3773 4981 βάπτισμα

348 5017 458 5056 nos
491 4998 615 5055 haec
646 4997 1107 5066 consideremus,
1129 5015 1196 5054 ac
1229 4997 1550 5072 prasertim
1597 5013 1814 5053 novum
1861 4997 1978 5053 illui

2123 4997 2378 5073 βροντήν.
2434 4995 2584 5071 Ὀρθ.
2643 4991 3004 5070 Ὀμολογεῖς,
3065 4988 3147 5048 ὅτι
3208 4993 3260 5047 οἱ
3305 4993 3602 5050 ἀπόστολοι
3661 4993 3769 5048 υἱοὶ

351 5091 576 5146 dictum
611 5089 767 5163 quod
798 5088 1393 5160 audivi,baptismum
1423 5086 1692 5143 videlicet
1714 5104 1843 5144 esse
1869 5088 1978 5144 toni

2124 5087 2356 5161 βροντῆς
2391 5082 2698 5155 ἐκλήθησαν
2732 5084 2877 5160 παρᾶ
2916 5087 3018 5137 τοῦ
3051 5084 3332 5157 Σωτῆρος,
3364 5082 3398 5152 ἦ
3433 5080 3533 5154 οῦ;
3566 5079 3765 5138 Μακεδ.

350 5185 466 5234 tru.
501 5180 659 5237 Orth.
686 5177 910 5235 Fateris
939 5177 1237 5250 apostolos
1259 5180 1495 5232 vocatos
1529 5176 1711 5232 fuisse
1740 5177 1893 5233 ﬁlios
1925 5181 1978 5233 to

2123 5177 2190 5233 Oi
2249 5172 2344 5230 δύο
2398 5169 2556 5248 μὸνοι
2612 5171 2858 5244 ἀδελφοί.
2912 5173 3063 5249 Ὀρθ.
3112 5172 3303 5246 Ἡμεῖς
3351 5171 3382 5226 ὅ
3427 5171 3521 5227 κᾶν
3551 5171 3625 5225 ἐνὶ
3656 5172 3769 5242 (57)

351 5272 504 5324 nitru
539 5286 572 5323 a
601 5268 917 5340 Salvatore,
970 5269 1208 5322 annon?
1254 5266 1458 5323 Maced.
1492 5265 1588 5322 Sic
1639 5267 1823 5324 vocati
1876 5284 1978 5323 sun

2126 5261 2362 5342 εἶ’ρηται,
2393 5269 2523 5319 πᾶσι
2551 5261 2797 5338 λέγωμεν
2832 5261 3088 5337 ἁρμόζειν
3114 5265 3233 5323 τοῖς
3262 5261 3324 5316 τὸ
3370 5261 3498 5318 αὐτὸ
3552 5261 3777 5333 Πνεῦμα

354 5359 462 5417 soli
495 5357 580 5415 illi
611 5359 728 5414 duo
758 5357 991 5412 fratres.
1018 5353 1176 5410 Orth.
1201 5353 1318 5410 Nos
1351 5353 1506 5424 quod
1537 5353 1626 5409 vel
1659 5353 1759 5410 uni
1793 5353 1978 5410 dictu:

2127 5350 2370 5430 ἔχουσιν.
2429 5352 2530 5409 Καὶ
2579 5352 2682 5428 γὰρ
2732 5350 2953 5414 Παῦλος
3009 5352 3037 5406 6
3094 5353 3251 5428 ἅγιος
3295 5349 3605 5415 ἀπόστολος
3645 5350 3783 5414 εἷπε,

424 5487 468 5521 ³⁸
497 5487 634 5542 Luc.
670 5501 750 5553 ιν,
783 5485 833 5539 1.
911 5483 956 5517 ⁶⁹
983 5480 1152 5537 Joan.
1188 5497 1304 5552 xxv,
1341 5481 1425 5536 10.
1501 5479 1547 5516 ⁶⁰
1575 5481 1745 5538 Joan.
1778 5499 1818 5551 1,
1851 5482 1938 5538 32.

2093 5483 2114 5538 Ι
2146 5484 2276 5539 Cor.
2310 5499 2387 5554 v1,
2423 5481 2509 5536 11.

577 5617 741 5706 ἔξειμι,
775 5615 834 5706 ἐν
861 5614 1009 5706 αὐτῷ
1037 5614 1117 5686 τῷ
1150 5615 1252 5671 ΙΙν.
2125 5615 2499 5706 Πατέρᾊᾼᾼ
2583 5688 2613 5701 κ

457 5634 547 5688 :34)
580 5634 741 5687 mss,
775 5634 828 5670 εν
861 5635 1009 5706 αυτιρ
1037 5636 1117 5686 τῳ
1150 5634 1252 5671 ιιν.
2125 5634 2278 5684 nam
2325 5657 2338 5670 .
2583 5688 2613 5701 κ

455 5690 545 5762 ξιξ)
577 5687 784 5762 Palat,
817 5686 1164 5762 ἐκτουτουτη
1254 5757 1267 5762 _
1311 5761 1354 5762 ἡ
1449 5757 1459 5762 _
1575 5759 1612 5762 _
1648 5757 1662 5762 _
1703 5758 1718 5762 _
1898 5756 1913 5762 _
1994 5757 2006 5762 Α
2196 5634 2316 5762 (57S3
2339 5685 2546 5758 Palat.,
2579 5706 2625 5758 ῳ
2655 5683 2750 5740 κᾶν
2784 5681 2884 5740 ὶνί.

435 5756 547 5829 (56)
583 5757 793 5829 Palat,
831 5759 955 5816 Ὅτι
1008 5757 1215 5834 ἁγιάζει
1248 5757 1275 5812 6
1306 5757 1520 5834 Πατήρ,
1575 5757 1850 5833 Felckm.,
1881 5756 1955 5823 ὠς
1985 5757 2015 5814 6
