4116 6372
291 4869 315 4890 ,
382 4826 698 4901 οἰκονομίας
733 4847 746 4896 ;

370 407 530 472 1249

1322 403 1424 468 DE
1468 400 1775 468 SANCTA
1817 402 2241 469 TRINITATE
2288 404 2678 473 DlALOGUS
2724 408 2824 472 IV.

3627 420 3786 482 i250

365 571 394 596 (ι
431 542 633 598 Λοιπὸν
682 537 960 596 ἀπόκειταί
1015 561 1106 613 μοι
1141 540 1168 594 ὁ
1196 547 1294 609 τῆς
1344 537 1690 610 δικαιοσύνης
1722 538 2007 617 στέφανος·

2142 544 2522 610 ssl,omnibus
2555 550 2882 615 competere
2914 547 3167 604 dicimus
3187 551 3389 606 eodem
3413 552 3630 624 Spiritu
3647 571 3787 626 pra:-

366 633 466 688 οὐκ
498 631 622 704 ἐμοὶ
657 628 714 686 δὲ
748 630 919 703 μόνῳ,
954 628 1100 685 ἀλλὰ
1147 628 1235 683 καὶ
1281 635 1408 684 πᾶσι
1442 633 1553 689 τοῖς
1584 628 1896 704 ἠγαπηκόσι
1925 629 2022 698 τὴν

365 722 678 800 ἐπιφάνειαν
727 725 825 776 τοῦ
874 719 1070 792 Κυρίου
1101 721 1261 790 ἡμῶν
1297 719 1476 789 Ἰησοῦ
1511 722 1768 793 Χριστοῦ.
1805 742 1834 768 ››
1859 717 2028 784 ΙΙείθη

367 810 484 884 οὖν,
516 810 597 865 ὅτι
631 809 782 871 υἱοὺς
819 811 1052 884 βροντῆς
1087 806 1306 863 ἐκάλεσε
1335 807 1462 869 τοὺς
1504 806 1844 869 ἀποστόλους
1879 826 1893 875 ;
1929 806 2025 862 Καὶ

368 902 597 976 πότερον
660 899 859 975 βροντὴ
942 895 1135 959 αὐτοὺς
1198 896 1525 971 ἐγέννησεν,
1586 896 1620 964 ἢ
1679 894 1951 971 ἅνθρωποι
2012 915 2026 962 ;

371 987 575 1046 Mazaca.
611 988 898 1060 ιΙείθομαι⁹
950 985 1098 1048 υἱοὺς
1153 987 1385 1061 βροντῆς
1439 985 1630 1047 αὐτοὺς
1671 987 1814 1039 εἶπεν
1849 982 1937 1038 διὰ
1964 984 2026 1038 τὸ

380 1077 592 1154 ὑψηλὸν
624 1079 882 1153 κήρυγμα
910 1083 1008 1145 τῆς
1038 1075 1294 1138 πίστεως.
1323 1077 1477 1151 Ὀρθ.
1509 1075 1567 1128 Τί
1599 1071 1656 1129 δὲ
1690 1071 2024 1148 ὑψηλότερον

371 1173 472 1225 τοῦ
507 1167 922 1243 βαπτίσματος;
958 1164 1245 1235 Σκόπησον
1301 1162 1367 1233 δὴ
1426 1164 1561 1237 μετὰ
1591 1159 1762 1240 φόϐου
1794 1167 1948 1230 Θεοῦ,
1983 1162 2027 1217 εἰ

375 1259 452 1330 μὴ
483 1260 768 1332 πανταχοῦ
812 1254 862 1310 ἐν
911 1259 980 1328 τῇ
1032 1253 1373 1326 θεοπνεύστῳ
1426 1257 1612 1330 Γραφῇ
1645 1251 1934 1306 αἰνίττεται
1965 1252 2028 1306 τὸ

378 1348 659 1423 βάπτισμα
710 1346 979 1421 βροντήν.
1032 1343 1128 1398 Καὶ
1179 1345 1284 1419 γὰρ
1332 1337 1499 1396 Δαϐἷδ
1551 1341 1716 1418 λέγει.
1775 1365 1803 1394 ‹‹
1858 1342 2024 1410 Φωνὴ

374 1443 471 1507 τῆς
507 1437 740 1511 βροντῆς
771 1454 868 1488 σου
898 1432 948 1487 ἐν
997 1437 1076 1505 τῷ
1121 1437 1330 1508 τροχῷ
1382 1429 1574 1509 ἔφαναν
1609 1434 1720 1504 (58)
1751 1432 1804 1484 αἱ
1839 1431 2029 1504 ἀστρα-

377 1525 469 1580 παί
497 1545 592 1580 σου
648 1527 718 1598 τῇ
777 1521 1094 1596 οἱκουμὲνῃ.
1141 1518 1295 1579 Εἴδεν
1347 1521 1437 1575 καὶ
1487 1519 1750 1590 ἐσαλεύθη
1784 1521 1818 1589 ἠ
1864 1527 1960 1594 γῆ.
1999 1544 2026 1570 ››

375 1614 434 1668 Τί
459 1613 596 1670 ἄλλο
629 1614 664 1682 ἦ
691 1613 754 1668 τὸ
784 1612 1066 1688 βάπτισμα
1096 1609 1245 1686 λέγει
1280 1611 1510 1686 βροντήν
1548 1629 1560 1679 ;
1592 1611 1684 1665 τὸν
1719 1607 1776 1664 δὲ
1822 1609 2024 1684 τροχὸν

371 1703 462 1758 τὸν
497 1702 700 1758 κύκλον
746 1699 842 1756 τοῦ
895 1700 1016 1776 βίου
1064 1699 1262 1755 τούτου
1299 1720 1312 1770 ;
1344 1699 1432 1754 καὶ
1478 1699 1574 1761 τὰς
1605 1698 1876 1772 ἀστραπὰς
1902 1697 2026 1758 τοὺς

373 1791 564 1868 ἁγίους
600 1789 967 1858 ἀποστόλους,
1006 1788 1132 1850 τοὺς
1183 1789 1271 1843 καὶ
1317 1788 1577 1866 φάναντας
1626 1791 1695 1861 τῇ
1728 1785 2024 1861 οἰκουμένῃ

369 1866 434 1937 rei
465 1885 582 1959 φῶς
612 1866 711 1949 τῆς
773 1880 1005 1955 βροντῆς
1042 1897 1054 1948 ;
1091 1877 1260 1933 Αὐτοὶ
1307 1878 1408 1953 γὰρ
1441 1877 1570 1930 εἶσιν
1606 1877 1656 1930 οἱ
1686 1875 2024 1936 ἀκούσαντες·

379 1996 401 2023 ο
437 1973 620 2044 Ὑμεῖς
653 1967 768 2024 ἐστε
795 1969 858 2023 τὸ
903 1973 1019 2037 φῶς
1068 1971 1167 2022 τοῦ
1211 1968 1443 2040 κόσμου.
1479 1991 1507 2017 ››
1537 1971 1596 2021 Ἡ
1627 1963 1683 2020 δὲ
1713 1962 2032 2028 σαλευθεῖσα

373 2067 444 2136 γῆ
477 2059 552 2121 εἰς
580 2057 847 2134 γεωργίαν
882 2057 940 2111 ἐκ
988 2061 1086 2122 τῆς
1141 2058 1395 2131 βροντῆς,
1424 2055 1512 2110 καὶ
1544 2054 1603 2109 ἐκ.
1648 2057 1746 2123 τῆς
1788 2054 2032 2131 ψαύσεως

371 2153 480 2204 τῶν
515 2146 723 2225 ἄστρων
767 2148 832 2202 τὰ
883 2146 1008 2217 ἔθνη
1063 2145 1168 2200 ἀπὸ
1217 2153 1315 2216 τῆς
1365 2144 1626 2222 ἀγνωσίας
1675 2143 1750 2206 εἷς
1783 2145 1882 2214 τὴν
1916 2142 2031 2198 ἐπί-

371 2259 611 2316 γνωσιν.
673 2234 854 2293 Μακεδ
890 2280 902 2292 .
964 2237 1132 2291 Εἶπον
1169 2282 1182 2308 ,
1243 2234 1324 2289 ὅτι
1403 2234 1810 2311 ξενοφωνοῦμαι
1867 2281 1881 2302 ,
1937 2234 2030 2288 καὶ

373 2327 583 2403 ἀνάγκη
621 2349 688 2400 με
738 2324 1148 2400 ἐπισκέψασθαι.
1206 2327 1357 2401 Ὀρθ.
1414 2321 1637 2393 Ἐπειδὴ
1688 2323 2028 2399 πανταχόθεν

374 2438 433 2472 σε
463 2415 608 2480 θὲλω
666 2417 966 2487 πεισθῆναι,
1031 2416 1187 2488 μάθε,
1247 2413 1330 2468 δτι
1384 2413 1474 2468 καὶ
1523 2412 1575 2467 ἐν
1627 2413 1792 2487 ἒτέρῳ
1824 2411 2031 2486 ψαλμῷ

376 2507 404 2561 ὁ
437 2501 602 2560 Δαϐὶδ
633 2506 695 2560 τὸ
740 2504 1017 2580 βάπτισμα
1065 2504 1295 2580 βροντὴν
1349 2501 1527 2572 καλεῖ,
1565 2501 1754 2578 λέγων·
1799 2525 1828 2553 ‹‹
1864 2503 2030 2570 Φωνὴ

376 2594 578 2672 Κυρίου
623 2593 709 2650 ἐπὶ
761 2600 867 2649 τῶν
925 2591 1154 2649 ὑδάτων.
1190 2618 1217 2645 ››
1255 2593 1350 2647 Καὶ
1395 2592 1461 2648 τὰ
1519 2592 1664 2663 ἑξῆς·
1725 2618 1744 2643 ι
1803 2592 1863 2649 Ὀ
1903 2592 2034 2653 Θεὸς

377 2689 476 2755 τῆς
519 2682 679 2754 δόξης
723 2678 1037 2760 ἐϐρόντησε,
1090 2681 1284 2759 Κύριος
1334 2681 1422 2737 ἐπὶ
1473 2680 1677 2736 ὑδάτων
1724 2679 1972 2737 πολλῶν.
2003 2705 2031 2732 ››

377 2771 581 2830 Mam-:3.
613 2776 823 2848 Ἕγνων
859 2773 1074 2844 λοιπὸν,
1107 2770 1160 2826 τί
1205 2770 1345 2826 ἐστιν
1370 2771 1398 2825 ὃ
1439 2771 1612 2832 θὲλεις
1641 2769 2030 2825 κατασκευάσαι

377 2864 466 2919 καὶ
501 2868 844 2939 συναγαγεῖν.
892 2859 1029 2918 Ἀλλ
1084 2863 1259 2933 εἷπον,
1309 2859 1418 2935 ἐγὼ
1470 2858 1657 2936 ὀλίγος
1707 2859 1840 2932 εἷ’μί·
1883 2857 2030 2921 ἔνδος

382 2976 473 3027 μοι
506 2953 913 3027 ἐπισκέψασθαι.
966 2953 1114 3027 Ὀρθ.
1168 2952 1292 3024 Δῲη
1331 2971 1415 3004 σοι
1465 2952 1492 3005 ὁ
1524 2949 1648 3011 Θεὸς
1681 2948 1914 3022 σύνεσιν,
1940 2947 2033 3004 ’ίνα

377 3041 751 3119 ἐπιγιῷς-περὶ
785 3043 858 3095 ὧν
891 3042 1216 3116 κατηχήθης
1249 3037 1449 3115 λόγων.

2136 631 2298 686 ditis.
2345 631 2500 688 Dixit
2542 634 2698 688 enim
2748 640 2989 690 sanctus
3039 638 3256 693 Paulus
3309 657 3322 695 :
3379 661 3406 692 ιι
3449 640 3511 696 In
3559 643 3784 713 reliquo

2136 721 2392 792 reposita
2422 727 2509 776 est
2534 721 2675 777 mihi
2708 739 2925 779 corona
2947 727 3336 794 justitiae,non
3371 730 3565 786 solum
3589 739 3784 788 autem

2139 810 2306 876 mihi,
2340 811 2439 865 sed
2482 812 2656 866 etiam
2702 813 2978 869 omnibus
3027 816 3126 886 qui
3173 815 3427 887 diligunt
3471 821 3783 875 adventum

2137 897 2372 954 Domini
2406 899 2591 954 nostri
2621 902 2755 956 .Iesu
2788 903 3003 957 Christi
3027 904 3093 957 ⁶².
3130 927 3157 954 ››
3187 909 3273 960 An
3306 907 3487 977 igitur
3515 910 3620 964 tibi
3654 927 3787 980 per—

2138 1005 2382 1043 suasum
2416 995 2505 1045 est
2531 990 2828 1046 Christum
2863 1009 3098 1048 vocasse
3125 1000 3422 1064 apostolos
3454 998 3606 1054 iilios
3636 1001 3789 1055 toni-

2137 1081 2229 1132 tru
2252 1078 2278 1132 ?
2313 1095 2452 1132 num
2486 1096 2618 1134 vero
2652 1081 2870 1136 tonitru
2904 1081 3064 1152 ipsos
3094 1084 3322 1155 genuit,
3353 1103 3426 1140 an
3451 1089 3648 1157 potius
3683 1091 3782 1145 ho-

2139 1167 2330 1222 mines
2359 1167 2384 1221 ?
2415 1168 2612 1225 Maced.
2647 1169 2834 1240 Ipsos,
2869 1173 3311 1237 credo,vocavit
3334 1175 3486 1230 filios
3517 1178 3785 1245 tonitrui,

2138 1260 2210 1310 ob
2243 1256 2557 1312 sublimem
2596 1256 2755 1314 illam
2788 1259 2922 1316 ﬁdei
2957 1262 3447 1332 praedicationem.
3496 1267 3652 1323 Orlh.
3687 1267 3791 1322 Ec-

2138 1345 2484 1416 quidautem
2503 1348 2797 1418 baptismo
2821 1349 3138 1405 sublimius
3159 1351 3185 1405 ‘l
3218 1351 3516 1424 Perpende
3533 1371 3666 1410 cum
3689 1357 3792 1413 Dei

2135 1434 2368 1503 timore,
2399 1453 2594 1491 annon
2628 1438 2843 1507 ubique
2867 1439 2924 1492 in
2957 1439 3260 1509 Scriptura
3289 1442 3574 1499 divinitus
3607 1444 3791 1516 inspi-

2138 1529 2263 1580 rata
2296 1524 2515 1580 tonitru
2545 1526 2906 1596 baptismum
2938 1527 3195 1583 innuat?
3226 1530 3378 1585 Dicit
3395 1533 3552 1588 enim
3575 1533 3792 1590 David:

2138 1636 2166 1663 ‹‹
2201 1617 2324 1668 Vox
2353 1614 2593 1670 tonitrui
2619 1616 2703 1671 tui
2735 1615 2792 1671 in
2813 1623 2940 1673 rota
2967 1635 2977 1672 :
3015 1618 3337 1675 [lluxerunt
3358 1625 3794 1682 coruscationes

2136 1707 2248 1758 tuae
2281 1703 2404 1758 orbi
2439 1709 2625 1759 terrae.
2679 1705 2838 1760 Vidit
2886 1712 2942 1761 et
2990 1714 3284 1764 commota
3331 1715 3420 1764 est
3469 1718 3625 1767 terra
3654 1713 3723 1769 ⁸³.
3761 1736 3790 1764 ››

2136 1792 2285 1857 Quid
2319 1790 2477 1846 aliud
2502 1799 2667 1848 vocat
2696 1795 2915 1849 tonitru
2937 1811 3114 1865 quam
3142 1798 3500 1868 baptismum
3523 1801 3551 1854 ?
3582 1808 3790 1869 rotam,

2138 1879 2320 1951 hujus
2350 1881 2475 1936 vitae
2517 1882 2856 1937 circulum?
2889 1883 3123 1956 fulgura
3171 1903 3324 1954 vero,
3373 1897 3610 1946 sanctos
3653 1909 3792 1963 apo-

2142 1968 2345 2036 stolos,
2377 1974 2477 2041 qui
2509 1969 2700 2026 lucem
2734 1972 2974 2027 tonitrui
3005 1974 3130 2028 orbi
3177 1981 3468 2032 terrarum
3503 1979 3789 2050 patefece-

2141 2058 2322 2114 runt?
2355 2059 2423 2114 Hi
2457 2065 2596 2116 sunt
2625 2061 2785 2116 enim
2816 2063 2914 2133 qui
2948 2063 3263 2120 audierunt
3296 2083 3306 2120 :
3337 2090 3359 2116 .‹
3394 2069 3510 2123 Vos
3531 2070 3675 2124 estis
3696 2069 3796 2126 lux

2141 2148 2447 2202 mundi“.
2483 2169 2512 2197 ››
2565 2149 2872 2204 Commota
2929 2157 3019 2206 est
3048 2157 3246 2207 autem
3297 2155 3370 2209 ab
3419 2156 3527 2211 hoc
3574 2158 3795 2215 tonitru

2138 2243 2294 2294 terra
2324 2238 2396 2293 ad
2424 2237 2809 2306 culturam,et
2831 2245 3034 2310 gentes
3066 2241 3504 2300 collustratione
3534 2246 3795 2302 siderum

2140 2328 2213 2382 ab
2245 2327 2577 2399 ignorantia
2602 2327 2673 2382 ad
2705 2327 2806 2382 Dei
2839 2329 3232 2400 cognitionem
3271 2333 3794 2392 traductaeJIaced.

2140 2415 2269 2471 Dixi
2303 2432 2452 2471 nova
2481 2415 2604 2470 haec
2627 2421 2684 2471 et
2715 2417 3022 2488 peregrina
3055 2419 3793 2495 mihiincidere.Ampliore

2139 2504 2604 2560 consideratione
2644 2504 2790 2559 mihi
2839 2522 2987 2578 opus
3037 2513 3150 2562 est.
3203 2508 3353 2564 0rlh.
3410 2513 3697 2578 Quoniam
3742 2520 3798 2570 te

2140 2592 2312 2666 cupio
2346 2594 2535 2649 modis
2566 2594 2843 2650 omnibus
2867 2595 2939 2651 ad
2968 2595 3076 2652 hoc
3099 2599 3454 2655 credendum
3483 2602 3795 2673 perducere

2141 2683 2301 2738 disce
2333 2683 2389 2738 in
2421 2682 2534 2738 alio
2565 2684 2738 2739 etiam
2762 2684 2992 2756 psalmo
3016 2686 3428 2758 baptismuma
3460 2692 3669 2747 Davide
3689 2710 3792 2748 vo—

2141 2772 2260 2828 cari
2301 2772 2544 2841 tonitru,
2597 2790 2730 2828 cum
2784 2774 2978 2844 inquit
3019 2791 3032 2830 :
3088 2799 3115 2824 ιι
3170 2775 3290 2832 Vox
3339 2780 3566 2835 Domini
3617 2799 3797 2854 super

2141 2879 2347 2934 aquae.
2385 2884 2412 2911 ››
2442 2865 2510 2916 Et
2543 2880 2672 2918 mox
2711 2879 2724 2917 :
2759 2885 2786 2912 «
2821 2862 2976 2918 Deus
3013 2865 3342 2934 majestatis
3373 2871 3794 2936 tonuit,Domi-

2140 2968 2253 3007 nus
2284 2966 2461 3022 super
2490 2967 2675 3021 aquas
2707 2950 2924 3007 multas
2954 2952 3053 3006 ⁸⁵.»
3088 2954 3437 3011 Maced.Novi
3463 2959 3601 3028 quid
3632 2959 3797 3016 dein-

2140 3057 2278 3111 ceps
2302 3041 2531 3095 efﬁcere
2554 3044 2611 3094 et
2631 3039 2905 3111 colligere
2935 3041 3285 3098 institueris.
3309 3045 3420 3100 Sed
3446 3048 3602 3117 quod
3628 3054 3800 3105 antea

375 3134 513 3201 dixi,
547 3133 754 3206 exiguo
785 3150 916 3188 sum
950 3132 1206 3205 ingenio,
1238 3131 1490 3186 concede
1522 3133 1586 3185 ut
1617 3130 1688 3185 de
1717 3129 2132 3203 istis,amplius
2165 3129 2498 3200 dispiciam.
2531 3129 2687 3186 Orth.
2723 3129 2960 3186 Utinam
2992 3132 3090 3187 det
3119 3131 3222 3188 tibi
3265 3134 3548 3192 Dominus
3579 3137 3797 3192 intelli-

376 3223 659 3296 gentiam,
694 3227 758 3279 ut
788 3239 914 3294 quae
945 3221 1222 3279 audivisti
1253 3237 1560 3294 agnoscas.

1553 3444 1683 3500 ΤΟΥ
1721 3448 1810 3497 EN
1850 3443 2071 3500 ΑΓΙΟΙΣ
2112 3444 2384 3500 ΠΑΤΡΟΣ
2426 3448 2619 3499 ΗΜΘΝ

1723 3593 2456 3691 ΑΘΑΝΑΣΙΟΥ

685 3768 818 3843 Περὶ
848 3775 947 3839 τῆς
980 3766 1130 3844 ἁγίας
1161 3763 1396 3843 Τριάδος
1430 3764 1698 3842 Διάλογος
1733 3767 1805 3837 Δ’,
1837 3764 1889 3821 ἐν
1923 3767 1968 3839 ᾧ
2001 3762 2326 3843 Ὀρθοδόξου
2358 3766 2496 3840 πρὸς
2519 3765 3045 3844 Ἀπολλιναριαστὴν
3081 3767 3315 3844 διάλεξις
3347 3776 3480 3848 (59).

1461 4048 1554 4142 S.
1633 4048 1743 4142 P.
1819 4046 1938 4140 N.
2015 4045 2730 4141 ATHANASII

741 4219 813 4271 De
840 4217 1031 4272 sancta
1065 4215 1331 4270 Trinitale
1357 4213 1619 4284 Dialogus
1647 4228 1726 4282 ιν,
1755 4212 1817 4265 in
1847 4225 1950 4282 quo
1983 4208 2314 4278 Orthodoxi,
2346 4225 2474 4266 cum
2502 4211 2848 4283 Apollinarii
2876 4218 3140 4270 sectator:
3165 4217 3442 4289 dialogus.

979 4472 1417 4530 ΟΡΘΟΔΟΞΟΣ.

448 4563 496 4617 1.
562 4564 737 4634 Σῶμα
807 4559 1146 4636 ἀνθρώπινον
1208 4554 1364 4636 ἔσχεν
1425 4561 1454 4614 ὁ
1513 4557 1768 4633 Χριστὸς⁹
1826 4555 1860 4625 ἢ
1916 4551 2034 4626 Dii;

372 4650 1104 4709 ’AIIOAAINAPIAZTHZ.
1168 4648 1268 4706 Οὕ.
1330 4649 1482 4723 Ὀρθ.
1545 4643 1705 4702 ἈΛλ’
1763 4647 1954 4701 ὁποῖον
2021 4670 2036 4714 ;

377 4735 858 4796 Ἀπολλ.Θεῖκόν.
924 4739 1075 4812 Ὀρθ.
1129 4739 1206 4810 Τῇ
1263 4736 1438 4813 φύσει,
1496 4734 1531 4804 ἢ
1591 4739 1659 4808 τῇ
1718 4732 2034 4804 ἐνώσειτῆς

803 4825 1018 4884 Ἀπολλ
1056 4870 1068 4883 .
1130 4830 1206 4891 Τῆ
1268 4825 1453 4880 ἐνώσει
1512 4830 1613 4892 τῆς
1675 4823 2035 4896 οἰκονομίας,

383 4917 532 4991 Ὀρθ.
591 4917 802 4974 Οὐκοῦν
830 4918 900 4988 τῇ
929 4915 1082 4995 φύσει
1141 4915 1503 4988 ἀνθρώπινον,
1547 4916 1616 4986 τῇ
1650 4909 1707 4966 δὲ
1745 4912 2038 4985 οῗκονομίᾳ

386 5005 585 5069 θεϊκόν.
646 5005 901 5062 Ἀπολλ.
958 5004 1078 5063 Ναί.
1132 5006 1279 5080 Ὀρθ.
1338 5003 1434 5057 Καὶ
1494 5000 1786 5076 ὁμοοόσιον
1847 5003 2033 5074 ἡμῖν;

381 5093 591 5151 Ἀπολλ
629 5137 641 5150 .
694 5093 770 5150 Τὸ
827 5093 888 5149 ἐκ
941 5091 1152 5168 Μαρίας
1210 5091 1426 5168 σαρκίον
1486 5090 1778 5162 ὁμοούσιον
1845 5091 1982 5162 ἡμῖν
2019 5134 2033 5149 .

380 5186 532 5258 Ὀρθ.
568 5182 864 5262 Σύμφωνοι
899 5180 991 5238 οὖν
1026 5185 1162 5256 ἡμῖν
1195 5181 1312 5238 ἐστε
1341 5181 1392 5236 ἐν
1425 5180 1639 5243 τούτοις
1677 5200 1690 5252 ;
1725 5177 2036 5236 Ἀπολλ.Εί

379 5267 578 5343 οὕτως,
635 5270 758 5328 ναί.
819 5273 970 5347 Ὀρθ.
1031 5268 1262 5344 ’Ίδωμεν
1320 5267 1412 5325 οὖν
1470 5267 1558 5324 καί
1618 5266 1742 5344 περὶ
1800 5270 2032 5342 ψυχῆς.

377 5356 614 5417 Ἀπολ).
665 5361 919 5434 Ἴδεωμεν.
979 5360 1130 5434 Ὀρθ.
1184 5362 1476 5434 Ἕμψυχον
1527 5359 1592 5432 ᾖν
1641 5356 1704 5413 τὸ
1753 5359 1934 5430 σῶμα,
1993 5357 2029 5427 ἢ

2713 4468 3224 4530 ORTHODOXUS.

2220 4557 2270 4611 1.
2331 4555 2546 4613 Habuit
2597 4557 2922 4614 humanum
2985 4577 3200 4634 corpus
3230 4561 3519 4636 Christus,
3555 4568 3800 4625 annon?

2143 4646 2736 4703 APOLLINARISTA.
2791 4648 2913 4703 Non
2967 4649 3191 4707 habuit.
3245 4653 3398 4710 Orlh.
3453 4654 3800 4726 Cujusmodi

2145 4749 2284 4808 ergo
2315 4736 2474 4791 aliud
2495 4736 2523 4790 ?
2552 4737 2763 4808 Appoll.
2798 4736 3090 4794 Divinum.
3127 4740 3277 4796 Orlh.
3306 4741 3623 4814 Natura,an
3649 4762 3800 4802 oeco-

2147 4824 2356 4880 nomiae
2384 4825 2656 4880 unione?
2704 4826 2884 4895 Apoll.
2934 4827 3297 4887 OEconomiaa
3343 4832 3580 4889 unione.
3637 4834 3796 4893 Orth.

2146 4913 2264 4986 Ego
2324 4918 2534 4969 natura
2584 4915 2935 4981 humanum,
2980 4920 3303 4974 aeconomia
3348 4936 3480 4976 vero
3527 4922 3793 4980 divinum

2145 5003 2326 5073 Apoll.
2363 5003 2566 5058 Etiam.
2604 5004 2754 5059 Orth.
2794 5009 2860 5060 Et
2893 5005 3059 5062 nobis
3091 5010 3799 5084 consubstantiale.Apoll.

2147 5089 2290 5146 Caro
2321 5107 2495 5162 quam
2529 5108 2597 5148 ex
2629 5092 2811 5148 Maria
2840 5094 3118 5166 sumpsit,
3167 5097 3693 5155 consubstantialis
3715 5107 3806 5157 est

2147 5180 2338 5235 nobis.
2373 5180 2596 5237 0rlh.In
2628 5182 2758 5237 istis
2790 5182 2972 5254 igitur
3001 5183 3232 5239 sentitis
3259 5183 3570 5242 nobiscum
3592 5185 3798 5262 ?Apoll.

2145 5269 2354 5337 Etiam,
2389 5271 2436 5325 si
2479 5270 2718 5342 quidem
2760 5271 2842 5326 ita
2889 5271 3143 5328 sentitis.
3195 5273 3351 5329 Orlh.
3407 5275 3799 5346 Dispiciamus

2144 5357 2327 5431 igitur
2356 5357 2532 5414 etiam
2565 5360 2635 5416 de
2666 5359 2884 5416 anima.
2945 5361 3119 5432 Apoll.
3172 5361 3586 5434 Dispiciamus.
3639 5365 3795 5427 Orth.

443 5531 492 5568 θ’
525 5531 574 5589 II
602 5531 753 5590 Tim.
786 5548 867 5602 xv,
893 5533 949 5589 8.
1026 5533 1072 5570 ⁸³
1102 5530 1252 5589 Psal.
1285 5547 1478 5600 Lxxw,
1513 5530 1597 5587 19.
1673 5530 1720 5567 ⁸⁸
1747 5529 1957 5588 Matth.
1987 5544 2025 5583 ν

2151 5569 2165 5584 .
2241 5527 2286 5563 ⁸⁵
2306 5526 2462 5586 Psal.
2493 5545 2691 5599 xxvm,
2725 5529 2778 5584 3.

473 5673 544 5728 58
591 5673 688 5731 Sic
718 5690 861 5732 mss.
889 5674 1044 5731 Εάίιί
1071 5691 1234 5741 vero,
1263 5671 1553 5750 ἐφάνησαν.

449 5673 564 5822 2593
618 5745 761 5821 Reg.
792 5751 852 5806 et
875 5746 1049 5819 Felc.,
1081 5750 1182 5803 Τοῦ
1211 5745 1366 5822 ἁγίου
1399 5745 1553 5805 Ἀθαν

618 5745 761 5821 Reg.
792 5751 852 5806 et
875 5746 1049 5819 Felc.,
1081 5750 1182 5803 Τοῦ
1211 5735 1366 5825 ἇγίὸυ
1399 5735 1715 5805 Ἀθανασίου
1746 5741 1884 5821 πρὸς
1916 5743 2029 5802 Ἀπι

2142 5738 2342 5824 ινάριον
2376 5735 2634 5817 διάλεξις.
