4116 6420
297 351 451 414 1251

291 485 516 556 Corpus
546 480 699 535 illud
735 484 938 535 eratne
967 477 1399 545 animatum,an
1436 472 1750 531 exanime?
1781 472 1961 544 Apoll.
1994 481 2051 547 Α
2080 469 2291 556 ἄψυχον

301 567 834 629 Animatum.0rlh.
873 572 1099 638 Nempe
1132 567 1285 625 459
1329 565 1484 637 quod
1532 563 1734 618 anima
1762 561 1969 633 praedi-

302 666 427 717 tum
454 657 658 716 esset?
689 658 864 730 Apoll.
887 656 1296 728 Nequaquam.
1332 651 1809 719 Orthouomodo
1835 664 1968 707 vero

298 750 477 807 fuerit
511 748 1026 817 animatum,quorl
1062 762 1175 799 non
1214 743 1390 800 fuerit
1421 743 1624 798 anima
1654 740 1968 813 praditum

300 839 482 912 Apoll.
538 836 753 893 Divina
799 834 1160 890 animatione
1224 833 1338 888 fuit
1402 832 1754 887 animatum.
1815 828 1967 886 Orth.

303 928 614 985 Enimvero
649 941 722 981 an
754 928 816 980 tu
851 939 937 991 es,
975 925 1085 979 Deo
1121 940 1231 978 non
1267 920 1707 982 interveniente.
1743 918 1970 975 anima-

309 1023 404 1074 tus
427 1017 456 1072 ?
484 1014 665 1088 Apoll.
694 1012 1054 1069 Naturaliter
1082 1027 1213 1068 sum
1247 1009 1567 1066 animatus.
1604 1009 1763 1064 Orlh.
1818 1007 1972 1061 Num

307 1110 532 1177 absque
562 1104 661 1160 Dei
696 1101 957 1175 potentia
983 1100 1011 1155 ?
1041 1101 1217 1172 Apoll.
1274 1105 1348 1155 At
1392 1100 1475 1155 ita
1514 1097 1820 1154 Dominus.
1858 1094 1961 1150 Hic

311 1194 472 1254 enim
506 1194 705 1249 anima
736 1190 985 1247 rationis
1017 1188 1567 1263 particeps,corpori
1597 1204 1664 1242 ex
1695 1185 1796 1241 Dei
1820 1201 1977 1239 man-

314 1286 452 1340 dato
486 1283 671 1349 unita,
704 1280 1003 1336 hominem
1043 1279 1380 1334 constituit.
1432 1278 1493 1332 In
1552 1274 1792 1330 Domino
1838 1288 1976 1329 vero

317 1388 435 1429 non
467 1371 551 1426 ita
580 1374 688 1439 est,
724 1369 825 1424 sed
863 1370 1011 1424 Deus
1044 1367 1299 1423 Verbum
1332 1365 1494 1422 carni
1528 1364 1758 1420 unitum
1790 1362 1978 1418 homi-

316 1476 456 1519 nem
487 1456 795 1516 constituit
827 1462 1029 1512 Deum.
1066 1455 1219 1513 Orth.
1244 1455 1497 1511 Hoccine
1525 1458 1615 1510 est
1643 1452 1797 1524 quod
1831 1450 1978 1507 divi-

312 1564 452 1606 nam
485 1546 901 1603 animationem
935 1543 1148 1601 vocas?
1179 1544 1518 1616 Apoll.Sane
1549 1539 1975 1614 quidem.0rlh.

314 1637 574 1695 Verbum
607 1635 791 1708 igitur
822 1634 997 1690 tuerit
1026 1633 1235 1689 animae
1255 1633 1398 1690 vice.
1424 1628 1978 1704 Apoll.etiam.0rfh.

312 1730 595 1796 Quisnam
625 1725 804 1798 igitur
834 1724 987 1780 dixit
1021 1741 1033 1779 :
1071 1723 1290 1781 «Nemo
1312 1721 1466 1778 tollit
1496 1721 1754 1777 animam
1787 1735 1975 1776 meam

294 1833 350 1873 ra
379 1833 494 1883 me,
527 1830 664 1871 cum
694 1812 823 1869 volo
854 1828 1005 1884 pono
1037 1828 1189 1877 eam,
1215 1816 1273 1868 et
1308 1827 1443 1867 cum
1476 1810 1606 1866 volo
1635 1825 1810 1866 sumo
1848 1808 1974 1864 “:p
1999 1852 2048 1918 Β

577 1903 625 1918 ..
699 1902 712 1918 .
822 1901 893 1918 ,..
1143 1900 1215 1918 η
1260 1900 1274 1918 ι
1346 1917 1381 1918 η
1457 1901 1491 1918 η
1534 1900 1571 1918 ..
1615 1901 1791 1918 ηηφ-
1829 1897 1967 1918 ,τε-ει

308 1922 444 1963 caro
473 1921 549 1962 an
577 1902 841 1959 Verbum
864 1901 893 1956 ‘I
925 1901 1111 1969 Apoll.
1143 1900 1419 1957 Verbum.
1451 1900 1796 1966 0rth.Quam
1821 1897 1971 1954 dixit

309 1994 575 2051 animam
603 1995 626 2049 Ρ
655 2007 832 2064 quam
867 1990 1130 2059 haberet,
1161 1988 1250 2045 vel
1302 2006 1480 2061 quam
1523 2005 1638 2045 non
1688 1987 1932 2043 haberet
1953 1989 1978 2041 Ρ

306 2081 505 2155 Apoll.
535 2081 729 2136 Vitam
755 2080 1079 2135 humanam
1102 2077 1472 2151 significavit.
1504 2077 1738 2135 0rlh.At
1775 2076 1977 2131 ﬁerine

312 2175 506 2245 potest
535 2174 600 2226 ut
626 2169 891 2242 quaedam
924 2168 1003 2224 sit
1035 2168 1299 2224 humana
1326 2168 1467 2237 vita,
1488 2168 1537 2224 si
1571 2184 1690 2223 non
1725 2164 1978 2221 adfuerit

313 2260 514 2318 anima
542 2259 763 2332 PApoll.
797 2259 1068 2315 Maxime.
1107 2280 1128 2308 ι
1166 2262 1319 2313 Deus
1349 2258 1505 2313 enim
1541 2257 1601 2312 in
1628 2261 1785 2312 terra
1812 2255 1976 2311 visus

311 2353 422 2419 est,
456 2353 515 2405 et
542 2363 675 2405 cum
707 2346 1053 2403 hominibus
1080 2351 1463 2403 conversatus
1495 2350 1586 2402 est
1612 2347 1677 2401 ⁸⁷.
1710 2367 1738 2395 ››

381 2459 434 2513 2.
470 2456 629 2514 Orth.
663 2455 965 2522 Quomodo
995 2470 1131 2511 vero
1177 2455 1337 2511 visus
1387 2458 1477 2511 est
1519 2454 1580 2510 in
1631 2453 1973 2524 natura,in-

317 2544 699 2621 aspectabilis
728 2562 862 2601 cum
887 2544 1011 2601 sit?
1040 2544 1428 2617 Apoll.Carne.
1465 2543 1618 2601 Orth.
1653 2544 1818 2600 Sicut
1836 2557 1975 2613 ergo

312 2636 508 2694 carnis
530 2638 621 2692 est
636 2635 1022 2708 conspicuum
1038 2651 1189 2697 esse;
1212 2634 1363 2691 itaet
1396 2634 1490 2689 ani
1500 2651 1606 2689 mae
1619 2638 1708 2689 est
1733 2646 1974 2687 conver-

313 2725 612 2783 sari.Fieri
646 2740 780 2779 vero
798 2740 912 2780 non
949 2727 1140 2796 potest
1158 2728 1221 2777 ut
1251 2722 1350 2796 qui
1385 2728 1599 2779 natura
1627 2727 1715 2778 est
1738 2721 1974 2793 inaspe-

313 2813 538 2879 ctabili,
569 2818 863 2882 cernatur,
897 2812 1012 2867 nisi
1041 2812 1273 2885 corpori
1329 2812 1572 2869 uniatur
1602 2812 1758 2883 quod
1791 2808 1974 2866 videri

314 2903 505 2977 possit
533 2920 547 2959 :
581 2907 639 2958 et
668 2901 792 2957 fieri
826 2917 944 2957 non
976 2905 1186 2974 potest,
1221 2907 1285 2956 ut
1316 2900 1415 2974 qui
1449 2905 1661 2957 natura
1681 2898 1974 2974 passionis

314 3008 523 3066 expers
554 2989 929 3063 est,patiatur
957 2995 1014 3045 et
1046 3007 1163 3045 una
1193 3007 1327 3046 cum
1363 2990 1703 3045 hominibus
1735 3004 1973 3045 conver-

312 3088 492 3151 setur,
527 3079 641 3137 nisi
671 3080 750 3136 sit
777 3080 1015 3153 corpori
1045 3080 1306 3135 animato
1335 3081 1557 3145 unitus,
1578 3079 1734 3151 quod
1766 3083 1975 3150 sponte

314 3172 436 3244 pati
470 3175 528 3227 et
563 3187 678 3226 una
709 3185 842 3226 cum
876 3168 1227 3226 hominibus
1255 3169 1472 3224 versari
1507 3168 1713 3241 possit.
1738 3167 1974 3223 Anima-

315 3230 443 3317 tum
466 3263 661 3316 autem
688 3274 980 3331 corpuseo
1002 3257 1131 3330 ipso
1153 3259 1306 3329 quod
1334 3230 1530 3314 anima
1552 3257 1974 3329 sitprzeditum,
2006 3230 2049 3295 (λ

320 3349 648 3406 animatum
674 3352 783 3415 est,
815 3346 1550 3419 velis.nolis.Apoll.Homo
1580 3346 1761 3419 igitur
1782 3346 1977 3402 nudus

321 3455 565 3512 passum
598 3440 687 3494 est
716 3454 823 3510 pro
855 3436 1044 3492 nobis.
1080 3436 1232 3493 Orth.
1271 3436 1467 3492 Absit!
1504 3438 1614 3492 Sed
1665 3442 1815 3492 Deus
1843 3452 1978 3491 cum

323 3527 499 3584 vellet
543 3527 828 3598 conspici,
871 3525 1058 3580 univit
1102 3524 1213 3581 sibi
1263 3542 1477 3597 corpus
1535 3526 1688 3598 quod
1721 3521 1982 3595 conspici

328 3622 526 3689 posset
562 3633 575 3672 :
610 3619 666 3671 et
699 3614 819 3688 pati
851 3612 1071 3681 volens,
1120 3614 1310 3669 univit
1362 3613 1472 3669 sibi
1523 3630 1731 3686 corpus
1762 3612 1984 3670 anima.

326 3710 456 3761 tum
490 3704 645 3775 quod
679 3706 890 3775 sponte
921 3703 1042 3774 pati
1076 3707 1299 3775 posset,
1335 3718 1519 3773 neque
1553 3704 1706 3775 quod
1742 3702 1979 3774 quidem

326 3795 493 3867 prius
519 3791 827 3857 exstiterit,
859 3796 1059 3863 postea
1086 3808 1224 3847 vero
1253 3791 1402 3846 virtu
1415 3798 1468 3847 te
1501 3792 1731 3847 unitum
1766 3790 1939 3847 fuerit
1967 3808 1980 3846 :

325 3898 514 3954 neque
547 3879 895 3954 simpliciter
920 3897 989 3937 ex
1015 3879 1253 3935 homine
1287 3878 1492 3951 Maria,
1535 3880 1633 3936 sed
1669 3880 1798 3952 ipsa
1820 3879 1985 3953 prius

327 3972 791 4041 sanctificata,ut
820 3971 973 4026 Deus
992 3971 1250 4027 Verbum
1285 3970 1655 4042 desumptam
1689 3987 1757 4026 ex
1787 3988 1852 4026 ea
1876 3970 1982 4026 hu-

328 4061 832 4130 manitatem,tum
864 4059 1100 4115 demum
1137 4058 1584 4132 participans,et
1611 4059 1723 4116 sibi
1748 4059 1857 4132 ipsi
1885 4076 1987 4132 per

329 4148 715 4206 oeconomiam
740 4147 954 4203 uniens
977 4164 1189 4218 corpus
1219 4146 1732 4217 animatum,unus
1754 4154 1809 4204 et
1830 4149 1985 4224 idem

332 4244 491 4296 esset
520 4239 744 4295 Deuset
772 4237 971 4295 homo.
1006 4237 1181 4309 Apoll.
1207 4236 1752 4293 Nonneanimatum
1776 4254 1987 4310 corpus

331 4328 509 4386 homo
539 4332 630 4385 est
663 4330 687 4383 Ρ
716 4325 1003 4385 0rlh.Non
1035 4326 1284 4398 quodvis
1312 4325 1639 4382 animatum
1672 4344 1885 4399 corpus
1901 4331 1991 4385 est

332 4418 530 4485 homo,
564 4417 666 4473 sed
698 4416 1028 4473 humanum
1061 4431 1274 4487 corpus
1306 4414 1634 4472 animatum
1667 4421 1758 4473 est
1789 4415 1986 4473 homo.

333 4507 704 4580 Apoll.Homo
736 4508 845 4562 iste
874 4521 1069 4561 annon
1092 4507 1183 4560 est
1211 4505 1387 4561 Jssus
1413 4507 1436 4560 Ρ
1465 4504 1837 4562 0rth.Unitus
1860 4505 1993 4562 Ver-

333 4599 431 4655 bo.
463 4595 655 4669 Appoll
707 4594 882 4651 Jesus
913 4593 1095 4666 igitur
1124 4610 1317 4650 annon
1352 4599 1443 4650 est
1492 4595 1713 4650 homo?
1745 4594 1896 4650 Orth.
1918 4595 1981 4649 Νι

2108 4596 2347 4655 Ἀπολλ.
2407 4597 2523 4655 Οὑκ
2580 4593 2723 4652 ἔστιν
2779 4595 2869 4652 οῦν
2931 4593 3142 4668 Ἰησοῦς
3199 4597 3484 4671 ἄνθρωπος
3544 4615 3559 4665 ;

335 4685 641 4742 hominem
675 4684 913 4757 quidem
948 4684 1145 4755 ipsum
1180 4682 1402 4754 absque
1432 4682 1620 4738 Verbo
1660 4683 1998 4740 substitisse

346 4789 626 4846 agnosco.
661 4773 850 4845 Ipsius
881 4772 1036 4828 enim
1072 4771 1447 4828 existentiam
1479 4771 1537 4827 in
1578 4773 1704 4844 ipsa
1740 4772 2001 4831 unitione

338 4861 517 4918 Verbi
550 4861 815 4933 designo.
850 4858 1034 4931 Apoll.
1068 4860 1190 4915 Non
1227 4860 1335 4916 fuit
1364 4859 1546 4932 igitur
1598 4861 1844 4917 Verbum
1879 4862 2002 4919 vice

342 4952 527 5024 partis
561 4949 868 5006 rationalis
899 4953 921 5005 Ρ
950 4949 1105 5006 Oth.
1138 4948 1286 5015 Non,
1322 4950 1421 5006 sed
1457 4950 1513 5004 in
1544 4957 1710 5022 parte
1734 4951 2003 5008 rationali

340 5039 451 5096 fuit
478 5037 880 5106 Verbum,sibi
918 5038 1026 5111 ipsi
1053 5054 1158 5110 per
1188 5037 1350 5092 illam
1378 5038 1585 5093 uniens
1619 5043 2003 5112 spontaneum

345 5128 605 5202 patiendi
652 5126 1012 5185 facultatem.
1066 5127 1243 5199 Apoll.
1296 5126 1505 5183 Habuit
1537 5126 1718 5200 igitur
1749 5135 2005 5187 mentem

342 5217 603 5275 hominis
635 5216 907 5275 Christus
940 5220 964 5273 Ρ
993 5216 1147 5273 Orth.
1181 5215 1328 5272 Cave
1369 5215 1455 5272 sic
1498 5215 1661 5273 dicas
1708 5217 2005 5277 Christum

417 5396 637 5455 “Joan.
660 5413 719 5468 κ,
753 5397 842 5453 18.
919 5394 963 5432 ⁸⁷
987 5395 1240 5451 Baruch.
1273 5412 1360 5467 III,
1391 5393 1482 5451 38.

429 5591 543 5664 (60)
575 5590 786 5673 gelat,
814 5589 907 5654 Τίς
936 5610 1028 5647 ουν
1061 5588 1090 5646 ὁ
1120 5587 1236 5666 λεγ.
1265 5591 1441 5650 Paulo
1485 5595 1621 5666 post
1647 5591 1832 5666 idem,
1866 5592 2011 5673 λαμ-

360 5653 537 5718 ϐάνειν
566 5661 733 5734 αὐτήν
747 5704 760 5720 .

1468 340 1532 406 S.
1577 337 2099 404 ATHANASIUS.
2131 372 2209 385 —
2238 336 2552 403 SPURIA.

3621 326 3783 393 1252

2354 488 2367 538 ἓ
2427 467 2661 526 Ἀπολλο
2720 470 3041 547 Ἕμψυχον.
3103 467 3225 544 Ὀρθ
3265 511 3281 525 .
3348 464 3574 538 Ψυχὴν
3640 456 3780 536 ἕχον

2075 555 2335 628 δηλονότι
2370 577 2383 627 ;
2419 556 2652 616 ’Δπολλ.
2687 556 2786 617 Οῦ.
2821 559 2966 635 Ὀρθ.
2999 557 3098 614 Καὶ
3131 560 3248 619 πῶς
3283 551 3565 629 ἔμψυχον
3599 551 3668 606 τὸ
3704 551 3782 623 μή

2075 642 2206 722 ἕχον
2263 649 2448 723 ψυχήν
2482 666 2496 717 ;
2531 647 2782 704 Ἀπολλ.
2842 647 2967 720 Θείᾳ
3024 650 3093 717 ἦν
3155 643 3422 721 ἐμψυχίᾳ
3483 639 3780 715 ψυχωθὲν.

2079 737 2232 813 Ὀρθ·
2292 736 2368 791 Σὺ
2421 736 2524 813 γὰρ
2578 737 2720 801 ἀθεεὶ
2779 736 3121 813 ἐψυχὼθηςς
3183 731 3444 791 Ἀπολλ.
3512 732 3782 791 Φυσικῶς

2079 824 2398 901 ἐψυχώθην.
2466 826 2616 898 Ὀρθ.
2678 829 2839 883 "Aves
2894 833 2994 896 τῆς
3050 822 3146 880 τοῦ
3195 827 3341 880 Θεοῦ
3410 817 3718 892 δυνάμεως
3765 835 3779 884 ;

2080 914 2319 973 ’Λπολλ.
2355 913 2510 972 Ἀλλ’
2567 914 2675 992 οὐχ
2731 915 2907 978 οὕτως
2963 917 2991 971 ὁ
3038 914 3255 991 Κύριος.
3322 907 3618 969 Ἐνταῦθα
3672 906 3781 983 γὰρ

2082 1005 2236 1080 ψυχὴ
2287 1003 2506 1081 λογική,
2557 1005 2769 1078 σώματι
2827 1005 3083 1078 ἡνωμὲνη
3143 1002 3551 1079 προστάγματι
3617 1000 3784 1068 Θεοῦ,

2083 1090 2365 1171 ἄνθρωπον
2416 1093 2689 1151 ἀποτελεῖ.
2722 1094 2845 1152 Ἐπὶ
2896 1092 2953 1149 δὲ
2994 1098 3093 1150 τοῦ
3141 1091 3352 1168 Κυρίου
3413 1088 3536 1165 οὐχ
3577 1085 3779 1148 οὕτως’

2084 1182 2231 1239 ἀλλᾶ
2259 1183 2387 1246 Θεὸς
2429 1185 2605 1259 Λόγος
2635 1185 2791 1257 σαρκὶ
2838 1184 3052 1249 ὶνωθιὶς
3102 1180 3401 1260 ἄνθρωπον
3443 1174 3778 1234 ἀπετέλεσεν

2084 1273 2231 1330 Θεόν.
2270 1275 2417 1351 Ὀρθ.
2451 1276 2628 1330 Τοῦτο
2653 1274 2749 1329 οῦν
2780 1272 2957 1352 λὲγεις
2988 1272 3130 1329 θείαν
3153 1270 3453 1347 ἐμψυχίαν
3480 1288 3495 1340 ;
3536 1264 3777 1325 Ἀπολλ·

2084 1364 2184 1419 Καὶ
2214 1365 2374 1421 πάνυ.
2431 1365 2576 1441 Ὀρθ.
2630 1362 2777 1420 Ἀντῖ
2824 1367 3010 1441 ψυχῆς
3061 1362 3151 1420 οῦν
3185 1365 3214 1418 ὁ
3247 1363 3439 1439 Λόγος
3480 1379 3495 1430 ;
3536 1355 3779 1415 Ἀπολλ.

2085 1453 2209 1510 Ναί.
2267 1455 2417 1531 Ὀρθ.
2449 1454 2540 1516 Τίς
2597 1453 2687 1509 οῦν
2717 1457 2782 1523 ἦν
2835 1455 2863 1510 ὁ
2914 1452 3092 1531 λέγων
3156 1453 3289 1529 (60)·
3328 1476 3360 1505 ‹‹
3396 1450 3519 1519 Τὴν
3588 1446 3783 1522 ψυχήν

2091 1564 2195 1617 μου
2228 1540 2407 1605 οὐδεὶς
2436 1540 2575 1618 αἶ’ρει
2625 1544 2717 1598 απ’
2764 1541 2921 1598 ἐμοῦ·
2952 1541 3042 1599 ὅτε
3089 1541 3254 1612 θέλω,
3307 1539 3531 1613 τίθημι
3584 1534 3784 1605 αὐτὴν,

2086 1633 2177 1689 καὶ
2207 1631 2297 1688 ὅτε
2325 1630 2489 1705 θέλω,
2523 1626 2789 1705 λαμϐάνω
2838 1630 3024 1703 αὐτήν·
3071 1656 3092 1684 ιι
3129 1633 3164 1702 ἡ
3206 1630 3363 1707 σὰρξ,
3399 1627 3440 1698 ἧ
3477 1629 3511 1683 ὁ
3546 1625 3735 1700 Λόγος
3768 1641 3783 1693 ;

2089 1720 2325 1779 Ἀπολλ.
2380 1727 2436 1776 Ὁ
2484 1720 2678 1796 Λόγος.
2737 1722 2889 1797 Ὀρθ.
2939 1720 3109 1779 Ποίαν
3165 1716 3353 1797 ἔλεγεν
3407 1717 3668 1794 ψυχήν;
3721 1714 3784 1782 ἣν

2089 1810 2254 1888 εἶχεν,
2405 1811 2465 1881 ἣν
2525 1810 2626 1866 οὐκ
2678 1810 2822 1887 εἶχεν
2860 1830 2873 1881 ;
2912 1809 3159 1868 Ἀπολλ.
3224 1810 3336 1879 Τὴν
3404 1802 3779 1883 ἀνθρωπίνην

2085 1896 2263 1975 ἔλεγεν
2322 1902 2488 1971 ζωήν.
2524 1901 2674 1974 Ὀρθ.
2733 1900 2965 1955 Δυνατὸν
3022 1900 3127 1975 γὰρ
3185 1895 3560 1972 ἀνθρωπίνην
3628 1892 3780 1963 ζωὴν

2086 1991 2242 2061 εἶναι,
2306 1992 2382 2063 μὴ
2442 1989 2722 2066 παρούσης
2780 1993 2969 2066 ψυχῆς
3012 1986 3274 2061 ;Ἀπολλ
3310 2031 3322 2046 .
3392 1986 3502 2042 Καὶ
3569 1985 3714 2039 πάνυ
3757 2024 3769 2039 .

2087 2103 2116 2133 ‹‹
2149 2080 2210 2138 Ὀ
2237 2080 2340 2157 γὰρ
2372 2079 2499 2142 Θεὸς
2532 2079 2619 2134 ἐπὶ
2648 2086 2750 2149 τῆς
2792 2082 2891 2153 γῆς
2942 2073 3125 2157 ὤφθη,
3158 2078 3248 2135 καὶ
3298 2076 3353 2133 ἐν
3389 2080 3523 2139 τοῖς
3562 2070 3780 2147 ἀνθρώ-

2085 2191 2210 2233 ποις
2242 2167 2659 2247 συνανεστράφη.
2700 2193 2728 2221 ››

2153 2459 2207 2514 2.
2268 2457 2445 2530 Ὀρθ.
2506 2456 2682 2532 ’Όφθη
2743 2451 2801 2509 δὲ
2858 2453 2885 2509 ὁ
2943 2456 3012 2528 τῇ
3072 2452 3223 2532 φύσει
3287 2451 3539 2531 ἀόρατος
3604 2459 3776 2525 πῶςς

2086 2543 2345 2603 Ἀπολλ.
2408 2543 2577 2621 Σαρκί
2613 2587 2626 2601 .
2679 2544 2806 2619 Ὀρθ
2842 2585 2855 2599 .
2916 2543 3120 2619 Ὠσπερ
3199 2539 3291 2596 οῦν
3369 2541 3593 2619 σαρκός
3661 2542 3779 2597 ἐστι

2082 2635 2144 2690 τὸ
2204 2634 2521 2713 φαίνεσθαι,
2581 2632 2723 2688 οὕτω
2778 2632 2867 2687 καὶ
2921 2636 3109 2709 ψυχῆς
3168 2633 3722 2710 συναναστρέφεσθαι
3759 2674 3773 2687 .

2085 2721 2377 2781 Ἀδύνατον
2439 2720 2497 2778 δὲ
2552 2722 2642 2777 τὸν
2699 2724 2768 2796 τῇ
2828 2720 2980 2800 φύσει
3042 2720 3271 2797 ἀόρατον
3321 2721 3633 2795 ὁραθῆναι,
3694 2721 3773 2794 μὴ

2084 2811 2349 2877 ἒνωθὲντα
2390 2813 2606 2886 σώματι
2645 2815 2723 2883 τῷ
2772 2808 3056 2884 δυναμένῳ
3107 2810 3368 2888 ὁραθίναι
3404 2831 3418 2843 ·
3483 2810 3581 2867 καὶ
3637 2806 3774 2864 ἀδύ-

2081 2924 2237 2958 νατον
2293 2902 2385 2957 τὸν
2443 2904 2512 2969 τῇ
2565 2899 2717 2979 φύσει
2767 2899 2945 2970 ἀπαθῆ
3001 2901 3189 2954 παθεῖν
3241 2898 3329 2955 καὶ
3380 2920 3769 2973 συναναστρα-

2083 2997 2247 3069 φῆναι
2278 2990 2611 3067 ἀνθρώποις,
2665 2990 2740 3062 μή
2784 2989 3047 3053 ὲνωθὲντα
3096 2990 3308 3061 σώματι
3362 2986 3649 3065 ἐμψύχῳ,
3690 2991 3771 3059 τῷ

2083 3076 2364 3154 δυναμένῳ
2412 3084 2600 3143 παθεῖν
2654 3077 2916 3141 ἑκουσίως
2964 3077 3055 3133 καὶ
3113 3080 3631 3157 συναναστραφῆναι
3679 3078 3774 3132 ἀν-

2088 3167 2352 3245 θρώποις.
2400 3172 2573 3241 Σῶμα
2622 3164 2680 3222 δὲ
2723 3162 2974 3243 ἔμψυχον
3003 3210 3018 3236 ,
3049 3168 3235 3243 ψυχὴν
3282 3165 3441 3243 ἔχον,
3499 3164 3765 3243 ἔμψυχόν

2087 3259 2219 3331 ἐστι,
2251 3257 2347 3313 κᾶν
2380 3256 2562 3332 θὲλῃς,
2612 3255 2710 3312 κᾶν
2768 3258 2843 3330 μή
2898 3254 3096 3332 θέλῃς.
3129 3254 3367 3313 Ἀπολλ.
3425 3258 3772 3332 Ἀνθρωπος

2088 3346 2179 3403 οὖν
2240 3346 2403 3424 ψιλὸς
2462 3350 2578 3422 (61)
2636 3345 2826 3411 ἔπαθεν
2890 3346 3020 3421 ὑπὲρ
3077 3348 3258 3421 ἡμῶν.
3320 3348 3482 3421 Ὀρθ.
3537 3347 3631 3415 Μὴ
3685 3346 3773 3423 γέ-

2087 3439 2276 3494 veno!
2310 3434 2487 3493 ’Δλλᾶ
2517 3437 2668 3506 Θεὸς,
2705 3434 2997 3512 βουληθεὶς
3032 3435 3288 3515 ὀφθῆναι,
3320 3436 3538 3505 ἥνωσεν
3591 3435 3770 3506 ἑαυτῷ

2089 3531 2252 3600 σῶμα
2293 3526 2356 3580 τὸ
2414 3522 2707 3597 δυνάμενον
2760 3523 3013 3600 ὄφθῆναν
3047 3523 3137 3579 καὶ
3191 3521 3491 3600 βουληθεὶς
3544 3528 3763 3595 παθεῖν,

2090 3614 2297 3685 ἥνωσεν
2330 3615 2506 3687 ἑαυτῷ
2562 3618 2722 3686 σῶμα
2778 3611 3029 3689 ἔμψυχον
3086 3613 3150 3668 τὸ
3210 3609 3513 3686 δυνάμενον
3566 3617 3762 3677 παθεῖν

2093 3704 2378 3775 ἑκουσίως,
2429 3703 2491 3758 οὗ
2531 3702 2798 3781 πρότερον
2846 3702 3103 3777 ὑπάρξαν,
3147 3703 3237 3758 ναὶ
3286 3701 3412 3758 τότε
3454 3705 3579 3759 κατ’
3632 3703 3760 3777 ἀρε-

2090 3796 2191 3864 τὴν
2239 3793 2430 3848 ἓνωθὲν
2509 3789 2631 3848 οὔτε
2686 3790 2738 3863 ἐξ
2795 3791 3081 3868 ἀνθρώπου
3131 3789 3323 3855 ἁπλῶς
3369 3799 3474 3863 τῆς
3518 3790 3759 3868 Μαρίας,

2092 3881 2241 3939 ἀλλὰ
2295 3881 2559 3960 πρότερον
2601 3881 2769 3952 αὐτῆς
2819 3880 3198 3959 ἁγιασθείσης,
3244 3882 3335 3937 καὶ
3381 3881 3511 3938 τότε
3562 3882 3615 3952 ἐξ
3666 3878 3763 3935 αὖ·

2092 3980 2192 4043 τῆς
2227 3973 2592 4048 μετασχόντος
2622 3975 2718 4027 τοῦ
2769 3974 2902 4027 Θεοῦ
2944 3972 3122 4048 Λόγου
3150 3972 3251 4040 τῆς
3300 3970 3762 4047 ἀνθρωπότητος,

2093 4061 2183 4118 καὶ
2216 4060 2511 4125 ἐνώσλντος
2543 4061 2716 4133 ἑαυτῷ
2759 4065 2873 4115 κατ’
2922 4058 3237 4132 οἰκονομίαν
3286 4058 3544 4136 ἔμψυχον
3581 4062 3765 4131 σῶμα,

2095 4151 2169 4214 ὡς
2227 4149 2358 4206 εἶναι
2406 4145 2501 4205 ἕνα
2540 4149 2634 4205 τὸν
2678 4149 2838 4204 αὐτὸν
2875 4148 3004 4205 Θεὸν
3034 4148 3124 4205 καὶ
3170 4147 3482 4224 ἄνθρωπον.
3518 4142 3760 4205 Ἀπολλ.

2093 4240 2166 4296 Τὸ
2198 4237 2446 4316 ἔμψυχον
2481 4243 2642 4313 σῶμα
2673 4236 2960 4315 ἅνθρωπός
2991 4237 3131 4293 ἐστιν
3168 4258 3181 4310 ;
3218 4238 3369 4314 Ὀρθ.
3404 4237 3534 4314 Οὐχ
3577 4233 3771 4295 ἁπλῶς

2093 4329 2158 4387 τὸ
2189 4327 2440 4405 ἔμψυχον
2491 4334 2652 4403 σῶμα
2703 4327 2988 4404 ἄνθρωπός
3036 4326 3194 4400 ἐστιν,
3250 4325 3398 4382 ἀλλὰ
3444 4329 3510 4383 τὸ
3562 4324 3770 4402 ἀνθρώ-

2098 4441 2253 4477 πινον
2308 4424 2469 4493 σῶμα
2516 4417 2766 4495 ἔμψυχον
2815 4417 3096 4496 ἅνθρωπός
3144 4417 3309 4474 ἐστιν.
3360 4416 3601 4476 Ἀπολλ.
3646 4418 3768 4470 "Av-

2103 4521 2322 4583 θρωπος
2374 4509 2532 4570 οὗτος
2581 4509 2790 4577 Ἰησοῦς
2843 4507 3034 4578 ἐστιν;
3077 4509 3223 4585 Ὀρθ.
3274 4506 3526 4569 Ἑνωθεῖς
3578 4503 3763 4577 Λόγῳ.

3619 4591 3766 4664 Ὀρθ.

2107 4689 2264 4743 ’Λνευ
2293 4691 2391 4742 τοῦ
2421 4686 2597 4764 Λόγου
2628 4683 2753 4742 οὕτε
2780 4683 3065 4763 ἄνθρωπον
3088 4686 3247 4742 αὐτὸν
3283 4682 3406 4740 οῖδα
3438 4682 3763 4740 ὑποστάντα.

2110 4776 2226 4845 Τὴν
2256 4775 2357 4852 γὰρ
2389 4774 2612 4849 ὕπαρξιν
2647 4776 2812 4831 αὐτοῦ
2860 4775 2911 4831 ἐν
2957 4778 3025 4851 τῇ
3073 4774 3260 4831 ὲνώσει
3301 4779 3397 4830 τοῦ
3427 4774 3609 4851 Λόγου
3638 4788 3769 4847 γνω-

2114 4843 2684 4941 ρίζωίἋποΛλίΟὐκ
2715 4863 2805 4920 οὖν
2838 4864 2953 4920 ἀντὶ
3001 4843 3099 4920 τοῦ
3150 4863 3383 4941 λογικοῦ
3412 4863 3479 4939 ᾖν
3574 4843 3765 4933 Λόγος,
3841 4843 3861 4867 ⁸

2115 4956 2266 5032 Ὀρθ.
2326 4952 2425 5012 Οὔ·
2484 4953 2611 5011 ἀλλ’
2665 4954 2717 5009 ἐν
2772 4958 2851 5027 τῷ
2911 4952 3119 5029 λογικῴ
3168 4952 3232 5028 ᾖν
3264 4954 3292 5008 ὁ
3324 4953 3522 5029 Λόγος,
3570 4948 3765 5005 ἑνώσας
3844 4968 3856 4979 ’

2115 5044 2274 5107 αὐτὰς
2332 5045 2505 5117 ἑαυτῷ
2563 5040 2653 5098 διὰ
2707 5046 2802 5098 τοῦ
2866 5041 3093 5119 λογικοῦ
3151 5042 3212 5097 τὸ
3271 5042 3520 5098 ἒκούσιον
3579 5036 3760 5093 πάθος-

2118 5135 2354 5193 ’Δπολλ.
2384 5140 2525 5190 Νοῦν
2577 5134 2870 5209 ἀνθρώπου
2920 5117 3065 5209 εἶχεν
3100 5135 3127 5189 ὁ
3179 5132 3419 5209 Χριστός
3454 5153 3467 5204 ;
3500 5133 3639 5202 Ὀρθ-
3674 5117 3757 5185 Μὴ

2119 5223 2262 5303 λέγε,
2298 5227 2325 5281 ὁ
2355 5224 2618 5297 Χριστὸς,
2672 5218 2915 5299 διαιρῶν,
2937 5226 3063 5278 νοῦν
3112 5222 3276 5299 εἶὲχε.
3309 5223 3381 5278 Τὸ
3429 5222 3530 5299 γὰρ
3560 5229 3754 5283 συναμ-

2192 5600 2307 5678 (61)
2336 5595 2523 5664 Ψιλός
2551 5598 2719 5658 deest
2747 5598 2808 5656 in
2836 5582 2982 5658 mss.
