4116 6398
138 271 152 308 ί

322 311 474 376 1353

1278 305 1382 373 DE
1427 309 1732 374 SANCTA
1781 311 2202 374 TRINl'l‘ATE
2252 314 2634 378 DlAl.OGUS
2683 311 2781 377 IV.

3585 321 3742 387 1254

317 449 566 522 φότερον,
623 449 762 507 Νοῦς
804 445 894 499 καὶ
947 438 1136 518 Λόγος,
1188 440 1398 518 λέγεται
1439 442 1466 496 6
1516 442 1767 518 Χριστός.
1816 442 1974 497 Οὕτω

2091 444 2369 500 habuisse
2401 452 2675 516 mentem,
2704 454 2766 502 ut
2791 464 2923 504 eum
2959 451 3206 508 dividas.
3235 451 3559 526 Utrumque
3580 457 3738 512 enim

312 534 369 592 δὲ
397 540 522 590 νοῦν
556 534 893 611 ἀνθρώπινον
928 532 1070 609 λέγω
1101 532 1152 586 ἐν
1187 533 1233 604 ᾧ
1263 534 1327 600 ἦν
1361 533 1388 586 6
1423 532 1619 606 Λόγος,
1671 532 1744 594 ὡς
1795 529 1844 585 ἐν
1896 535 1968 605 τῇ

314 626 464 702 ἀρχῇ
496 629 592 679 τοῦ
626 623 800 699 λόγου
841 622 1064 696 εἷ’πομεν
1117 626 1276 695 σῶμα
1307 619 1642 696 ἀνθρώπινον
1693 625 1762 694 τῇ
1796 620 1971 698 φύσει,

306 718 378 789 τῇ
433 711 489 769 δὲ
519 711 813 786 οἷκονομίᾳ
843 716 997 768 Θεοῦ.
1032 711 1190 768 Οὕτω
1236 710 1324 766 καὶ
1367 713 1554 786 ψυχήν
1593 714 1661 784 τῇ
1695 709 1847 788 φύσει
1878 710 1972 764 ἀν-

309 802 590 879 θρωπίνην
624 807 759 875 (62),
818 805 884 876 τῇ
937 799 993 856 δὲ
1041 798 1332 872 οἰκονομίᾳ
1382 803 1535 854 Θεοῦ·
1588 799 1676 853 καὶ
1725 804 1848 854 νοῦν
1882 801 1972 855 ἀν-

307 896 580 970 θρωπινον
621 896 691 956 τῇ
739 890 914 969 φύσει,
959 895 1027 962 τῇ
1062 888 1119 945 δὲ
1150 888 1436 962 οἰκονομίᾳ
1465 889 1618 944 Θεοῦ.
1657 889 1755 946 Καὶ
1790 888 1970 966 ὥσπερ

306 986 341 1053 ἠ
397 984 524 1058 σάρξ
586 979 749 1037 αὐτοῦ
808 981 906 1035 οὐκ
991 977 1096 1034 εἶδε
1157 977 1471 1057 διαφθοράν,
1535 978 1706 1038 οὕτως
1761 976 1886 1032 οὐδὲ
1942 981 1970 1033 6

304 1077 428 1135 νοῦς
491 1071 656 1126 αὐτοῦ
714 1069 966 1140 ἐποίησεν
1019 1069 1308 1143 ἁμαρτίαν,
1369 1068 1466 1121 Καὶ
1518 1061 1700 1142 ὥσπερ
1759 1068 1965 1140 ἀνάγκη

302 1163 365 1217 τὸ
396 1164 468 1233 τῇ
523 1159 676 1240 φύσει
736 1160 1076 1234 ἀνθρώπινον
1136 1162 1316 1230 σῶμα,
1377 1157 1466 1211 καὶ
1525 1156 1586 1211 ἐκ
1631 1161 1726 1211 τοῦ
1772 1155 1968 1230 Ἀδὰμ,

305 1251 367 1306 ἐκ
425 1251 622 1326 σαρκὸς
676 1247 764 1304 καὶ
826 1245 1056 1320 α’ίματος
1124 1243 1269 1322 ἔχειν
1325 1248 1424 1314 τὴν
1465 1245 1734 1299 σύστασιψ
1796 1245 1970 1308 οὕτως

299 1339 508 1414 ἀνάγκη
568 1339 668 1406 τήν
721 1335 1066 1411 ἀνθρωπίνην
1126 1335 1311 1410 ψυχὴν
1375 1333 1607 1408 λογικὴν
1652 1333 1806 1390 εἶναι.
1868 1333 1967 1388 Καὶ

302 1427 468 1483 πάλιν
531 1425 622 1481 οῦν
686 1425 849 1502 λέγω·
910 1427 1115 1499 Ὥσπερ
1171 1423 1234 1477 τὸ
1285 1425 1444 1496 σῶμα
1492 1421 1648 1490 φύσει
1698 1422 1790 1495 μὲν
1826 1423 1964 1479 ἐστιν

306 1517 665 1590 ἀνθρώπινον,
698 1518 768 1588 τῇ
802 1511 860 1570 δὶ
883 1513 1074 1568 ὲνώσει
1107 1519 1206 1582 τῆς
1241 1511 1565 1584 οἰκονομίας
1610 1512 1816 1566 θεϊκόν·
1875 1510 1965 1566 οῦ-

310 1626 420 1668 τως
450 1607 476 1660 ὁ
515 1609 640 1667 νοῦς
688 1604 843 1682 φύσει
893 1604 987 1677 μὲν
1046 1602 1411 1677 ἀνθρώπινος,
1460 1605 1527 1674 τῇ
1561 1598 1618 1655 δὲ
1649 1601 1832 1655 ὲνώσει
1867 1608 1969 1671 τῆς

311 1693 634 1767 οἰκονομίας
665 1696 798 1749 Θεοῦ
829 1696 972 1753 νοῦς.

2087 533 2262 588 simul
2299 538 2355 588 et
2385 536 2741 605 conjunctim
2773 539 3228 606 consideratum,
3262 543 3425 597 Mens
3477 543 3741 600 videlicet

2086 627 2144 677 et
2173 623 2440 692 Verbum,
2465 624 2680 679 dicitur
2709 626 2997 683 Christus.
3021 629 3113 684 Sic
3136 635 3329 686 autem
3357 639 3609 688 mentem
3647 634 3741 688 cui

2082 711 2304 769 inesset
2334 715 2614 783 Verbum,
2641 714 2960 772 humanam
2987 718 3135 787 dico,
3160 726 3221 774 ut
3255 721 3419 775 initio
3452 723 3741 778 sermonis

2082 801 2338 858 diximus
2371 820 2583 874 corpus
2612 809 2821 859 natura
2853 805 3202 873 humanum,
3235 809 3326 864 Dei
3363 826 3494 866 vero
3525 829 3738 883 corpus

2081 891 2283 958 fuisse,
2317 892 2363 947 si
2419 894 2803 948 oeconomiam
2850 901 3098 966 spectes.
3148 897 3241 952 Sic
3274 899 3445 953 etiam
3481 900 3734 954 animam

2081 981 2211 1034 dico
2244 986 2460 1036 natura
2509 981 2852 1047 humanam,
2892 985 2983 1039 Dei
3019 1002 3150 1040 vero
3183 986 3440 1042 animam
3474 992 3626 1060 quod
3663 991 3732 1043 ad

2080 1071 2460 1125 mconomiam
2496 1072 2699 1126 attinet
2733 1091 2744 1125 :
2781 1079 2836 1127 et
2870 1079 3121 1129 mentem
3152 1082 3361 1131 natura
3395 1079 3734 1149 humanam,

2085 1159 2179 1214 Dei
2212 1177 2344 1215 vero
2376 1166 2631 1216 mentem
2670 1178 2770 1232 per
2799 1164 3205 1220 mconomiam.
3245 1167 3383 1220 Item
3422 1168 3573 1222 sicut
3604 1185 3737 1223 caro

2079 1249 2208 1318 ejus
2241 1265 2353 1302 non
2375 1247 3088 1328 vidit-corruptionemjta
3111 1270 3342 1325 quoque
3368 1271 3531 1312 mens
3555 1256 3740 1326 ipsius

2081 1353 2194 1392 non
2227 1337 2524 1392 commisit
2573 1345 2897 1408 peccatum.
2934 1341 3002 1394 Et
3031 1341 3180 1396 sicut
3215 1358 3454 1400 necesse
3493 1349 3582 1400 est
3613 1362 3737 1400 cor-

2081 1443 2211 1497 pus,
2240 1426 2394 1498 quod
2431 1426 2756 1482 humanum
2792 1429 2888 1492 sit,
2938 1435 2992 1483 ct
3024 1447 3091 1484 ex
3125 1432 3346 1487 Adamo
3390 1435 3738 1504 profectum,

2078 1532 2146 1570 ex
2179 1530 2351 1570 carne
2382 1519 2438 1570 et
2467 1516 2756 1588 sanguine
2788 1519 3088 1584 constitui,
3119 1521 3197 1573 ita
3229 1537 3464 1576 necesse
3496 1526 3584 1578 est
3615 1523 3737 1578 ani-

2077 1621 2232 1660 mam
2267 1605 2584 1660 humanam
2636 1622 2764 1662 esse
2796 1606 3223 1663 rationabilem.
3263 1610 3521 1666 Rursum
3554 1611 3739 1684 igitur

2079 1695 2208 1749 dico
2243 1711 2254 1748 :
2290 1693 2452 1748 Sicut
2483 1711 2696 1766 corpus
2728 1699 2938 1751 natura
2969 1696 3203 1768 quidem
3260 1704 3349 1754 est
3381 1699 3742 1764 humanum,

313 1785 536 1842 unione
584 1801 716 1841 vero
764 1782 1097 1840 mconomia:
1146 1783 1410 1837 divinum
1448 1798 1460 1837 :
1496 1781 1575 1837 ita
1620 1787 1678 1837 et
1730 1799 1898 1838 mens
1945 1787 2158 1840 natura
2207 1783 2445 1856 quidem
2497 1789 2586 1838 est
2634 1783 2915 1853 humana,
2947 1787 3162 1840 unione
3209 1805 3342 1843 vero
3372 1790 3736 1858 ceconomias,

313 1891 490 1931 mens
524 1874 648 1930 Dei.

382 1983 436 2038 3.
498 1978 733 2037 Ἀπολλ.
794 1977 901 2034 Δύο
962 1979 1054 2033 οὗν
1111 1977 1313 2036 τὲλεικ.
1377 1980 1528 2053 Ὀρθ.
1595 1976 1698 2032 Δύο
1773 1977 1971 2033 οὐσιῶν

2153 1980 2205 2036 3.
2240 1979 2415 2052 Apoll.
2445 1982 2564 2037 Duo
2587 1985 2728 2037 sunt
2761 1981 2938 2054 igitur
2969 1984 3241 2056 perfecta.
3267 1985 3419 2042 Orlh.
3449 1985 3570 2043 lmo
3593 1988 3742 2045 dua-

299 2067 534 2126 τελείων
581 2067 796 2132 ἓνωσις.
853 2067 1086 2124 ’Δπολλ.
1147 2067 1250 2122 Δύο
1299 2065 1522 2122 τελείων
1553 2065 1607 2121 ’έν
1639 2066 1854 2122 τὲλειον
1907 2067 1969 2122 οὐ

302 2158 535 2234 γίνεται.
596 2160 742 2233 Ὀρθ.
813 2159 946 2232 Παρ⁹
1010 2158 1320 2233 ἀνθρώποις
1383 2153 1512 2218 ἴσως
1567 2153 1830 2211 ἀδύνατον
1888 2178 1970 2232 γε-

301 2249 512 2317 νέσθαι,
565 2249 709 2324 παρά
758 2245 816 2301 δὲ
864 2251 980 2319 Θεῷ
1028 2244 1273 2302 δυνατόν.
1324 2245 1558 2302 ’Δπολλ.
1615 2251 1738 2302 ΙΙῶς
1768 2265 1781 2315 ;
1817 2247 1962 2320 Ὀρθ.

299 2340 398 2400 ⁶Ως
439 2339 502 2393 τὸ
551 2337 823 2412 Παρθένον
879 2343 1153 2411 γεννῆσαι,
1199 2336 1274 2398 ὡς
1323 2335 1384 2390 τὸ
1435 2341 1608 2412 θυρῶν
1659 2333 1968 2408 κεκλεισμὲ-

301 2450 417 2482 νων
486 2431 643 2501 σῶμα
720 2426 1034 2502 παχυμερὲς
1102 2425 1382 2492 είσελθεῖν,
1464 2423 1523 2479 ix
1601 2429 1812 2498 σαρκῶν
1877 2423 1968 2479 καὶ

304 2517 511 2572 ὀστὲων
545 2517 844 2589 συμπαγὲν,
905 2514 978 2576 ὡς
1027 2514 1089 2569 τὸ
1139 2520 1499 2590 περιπατῆσαι
1552 2513 1639 2568 ἐπῗ
1671 2513 1966 2584 θαλάσσης.

305 2607 403 2667 Ὠς
433 2606 538 2681 γὰρ
601 2609 771 2659 ταῦτα
831 2601 1029 2657 δυνατὰ
1081 2605 1225 2678 παιρά
1273 2607 1409 2675 Θεῷ,
1441 2601 1676 2658 κάκεῖνο.
1732 2601 1967 2660 ’Δπολλ.

310 2696 636 2768 Ἄνθρωπον
671 2691 761 2747 οῦν
795 2691 1069 2768 ἐγέννησεν
1124 2691 1342 2767 Μαρίας
1399 2693 1548 2765 Ὀρθ.
1597 2691 1773 2747 Ψιλὸν
1834 2695 1968 2766 (63),

307 2781 398 2840 οῦο
435 2782 580 2838 ἀλλὰ
628 2782 754 2838 Θεὸν
808 2780 1313 2857 ἐνανθρωπγςσαντα.
1377 2785 1598 2858 Πρῶτον
1627 2781 1728 2857 γὰρ
1772 2781 1800 2835 6
1862 2781 1965 2835 Κύ-

309 2894 433 2949 ριος
480 2878 593 2944 μετ’
619 2871 787 2940 αὐτῆς
843 2873 1062 2940 θεϊκῶς,
1111 2870 1200 2925 καὶ
1249 2870 1370 2926 τότε
1418 2869 1467 2943 ἐξ
1501 2869 1666 2934 αὐτῆς
1698 2869 1972 2943 οἰκονομι-

311 2966 427 3022 κῶς
487 2957 726 3015 παιδίον·
791 2958 876 3014 διὸ
933 2960 1021 3014 καὶ
1069 2959 1330 3022 Θεοτόκος
1388 2962 1423 3030 ἡ
1485 2960 1681 3035 Μαρία.
1733 2959 1968 3018 Ἀπολλ.

313 3052 646 3126 ἈΑθρωπος
678 3047 768 3104 οὖν
824 3048 1137 3125 ἐσταυρώθη
1193 3050 1323 3126 ὑπὲρ
1354 3051 1554 3122 ἡμῶν;
1591 3050 1733 3124 Ὀρθ.
1770 3048 1974 3122 Ψιλὸς,

314 3137 401 3195 οῦο
444 3137 592 3194 ἀλλὰ
630 3138 755 3200 Θεὸς
788 3138 860 3193 ὣν
893 3140 922 3194 6
964 3143 1060 3194 τοῦ
1091 3143 1224 3193 Θεοῦ
1275 3139 1420 3207 Υἱὸς,
1484 3137 1772 3214 βουληθεὶς
1823 3159 1974 3194 σταυ-

319 3236 566 3304 ρωθῆναι
601 3229 731 3302 ὑπὲρ
759 3231 944 3302 ἡμῶν,
965 3226 1176 3297 ἥνωσεν
1209 3228 1380 3301 ἑαυτῷ
1413 3233 1573 3299 σῶμα
1602 3223 1851 3304 ἔμψυχον
1887 3227 1977 3284 λο-

2081 2088 2211 2127 rum
2246 2072 2636 2144 perfectarum
2688 2073 3156 2130 substantiarum
3208 2076 3394 2133 unitio
3447 2078 3622 2150 Apoll.
3657 2079 3738 2135 Ex

2080 2162 2310 2218 duobus
2356 2163 2630 2235 perfectis
2691 2180 2870 2218 unum
2922 2165 3242 2236 perfectum
3295 2183 3408 2221 non
3459 2167 3737 2224 efficitur.

2081 2251 2232 2306 Orlh.
2280 2252 2452 2324 Apud
2505 2251 2774 2308 homines
2822 2253 2976 2308 460
3027 2253 3293 2310 fortassis
3342 2254 3397 2309 id
3451 2255 3570 2312 ﬁeri
3624 2274 3739 2312 non

2080 2341 2294 2409 potest,
2326 2339 2424 2394 sed
2461 2339 2615 2411 apud
2650 2338 2832 2394 Deum
2864 2339 2982 2395 ﬁeri
3028 2345 3236 2412 potest.
3272 2342 3444 2413 Apoll.
3479 2344 3740 2410 Quomo-

2079 2425 2199 2480 do?
2230 2425 2385 2482 Orlk.
2438 2427 2509 2482 Ut
2540 2429 2694 2499 quod
2728 2429 2904 2500 Virgo
2936 2429 3222 2501 genuerit,
3260 2436 3323 2486 ut
3353 2432 3506 2505 quod
3531 2433 3739 2505 januis

2079 2513 2290 2571 clausis
2323 2533 2538 2588 corpus
2587 2515 2864 2585 solidum,
2900 2522 2957 2574 et
2989 2535 3056 2574 ex
3110 2519 3386 2576 carnibus
3419 2524 3476 2577 et
3507 2523 3741 2579 ossibus

2079 2609 2476 2676 compactum,
2504 2605 2816 2676 introierit,
2851 2610 2914 2661 ut
2945 2608 3099 2678 quod
3135 2623 3313 2680 sopra
3345 2626 3504 2666 mare
3537 2611 3739 2666 ambu-

2077 2692 2232 2748 larit.
2268 2693 2410 2748 Nam
2449 2697 2513 2748 ut
2543 2693 2662 2749 haec
2715 2695 3016 2766 possibilia
3050 2697 3205 2769 apud
3238 2697 3442 2764 Deum,
3478 2699 3556 2755 ita
3585 2703 3640 2755 et
3670 2699 3739 2756 il-

2081 2782 2200 2837 Iud.
2236 2783 2409 2854 Apoll.
2464 2782 2769 2840 Hominem
2821 2785 3000 2857 igitur
3046 2787 3249 2859 genuit
3297 2787 3529 2844 Maria?
3575 2791 3734 2848 Orth.

2081 2871 2316 2928 Nudum
2332 2871 3732 2950 etduntaxathominem,nequaquam,sedDeum,

2083 2961 2380 3016 hominem
2413 2961 2650 3017 factum.
2680 2963 2937 3018 Primum
2962 2963 3118 3020 enim
3145 2964 3427 3022 Dominus
3459 2966 3568 3021 fuit
3599 2985 3734 3024 cum

2082 3066 2150 3106 ea
2181 3050 2395 3114 divine,
2429 3057 2485 3105 et
2517 3056 2640 3106 tum
2674 3051 2912 3106 demum
2949 3052 3274 3108 infantulus
3306 3070 3374 3108 ex
3412 3070 3478 3110 ea
3507 3072 3734 3112 mcono-

2086 3139 2234 3194 mice
2269 3157 2281 3196 :
2315 3141 2696 3210 quamobrem
2731 3141 2902 3195 etiam
2941 3141 3182 3213 Deipara
3215 3148 3299 3197 est
3332 3141 3533 3198 Maria.
3561 3145 3737 3216 Apoll.

2086 3229 2268 3284 Homo
2301 3229 2480 3301 igitur
2510 3229 2822 3286 cruciﬁxus
2849 3234 2937 3285 est
2970 3248 3071 3302 pro
3107 3231 3324 3288 nobis?
3353 3233 3504 3288 Orlh.
3535 3233 3740 3290 Nudus

324 3318 506 3393 γικὸν,
537 3318 600 3373 τὸ
647 3315 939 3390 δυνάμενον
992 3318 1366 3391 σταυρωθῆναι
1405 3317 1538 3389 μετὰ
1569 3316 1815 3370 ἑκουσίου
1871 3318 1974 3372 πά-

339 3419 350 3421 _
515 3409 556 3421 ..
655 3404 712 3421 ης
825 3415 833 3421 .
887 3407 898 3421 .
999 3405 1010 3421 .
1055 3405 1108 3421 ς.
1523 3412 1582 3421 -..
1821 3407 1833 3421 .
1936 3405 1944 3418 .

2089 3319 2374 3373 duntaxat
2421 3319 2617 3387 homo,
2653 3336 3024 3392 nequaquam
3061 3338 3074 3376 ;
3108 3321 3207 3376 sed
3245 3320 3338 3376 Dei
3390 3321 3571 3378 Filius
3602 3339 3738 3378 cum

331 3419 482 3470 θους.
513 3404 748 3462 ’Δπολλ.
812 3407 909 3461 Διά
957 3405 1010 3461 τί
1055 3405 1257 3481 λὲγεις,
1299 3412 1674 3481 σταυρωθῆναι
1712 3407 1844 3479 μετά
1873 3405 1974 3461 πάι

329 3507 499 3564 θους;
536 3494 708 3552 Ἀλλο
767 3494 878 3550 ἐστὶ
939 3496 1240 3570 σταύρωσις
1297 3497 1430 3568 (64),
1471 3494 1560 3549 καὶ
1592 3493 1733 3550 ἄλλο
1763 3496 1933 3559 πάθος
1963 3515 1976 3566 ;

328 3587 478 3661 Ὀρθ.
515 3584 792 3639 Ἐκούσιον
825 3585 914 3638 καὶ
947 3585 1108 3640 πάνυ.
1140 3581 1372 3640 Ἀπολλ.
1426 3587 1584 3653 Πῶς;
1647 3584 1794 3659 Ὀρθ.
1854 3587 1978 3643 ’Ότι

323 3679 492 3746 σῶμα
522 3670 770 3749 ἔμψυχον
800 3674 1175 3748 σταυρωθῆναι
1210 3671 1450 3744 δύναται,
1500 3675 1686 3729 παθεῖν
1732 3671 1788 3729 δὲ
1832 3675 1981 3729 ὶκου-

327 3763 463 3824 σίως
494 3761 555 3817 οὐ
588 3759 829 3835 δύναται,
862 3763 938 3836 μὴ
971 3761 1028 3816 ὃν
1074 3758 1322 3838 ἔμψυχον
1360 3761 1602 3839 λογικόν.
1665 3765 1762 3818 Καὶ
1819 3765 1979 3820 τοῦτό

325 3851 442 3908 ἔστι
470 3853 533 3907 τὸ
564 3846 815 3925 ἀσέϐημα
842 3853 948 3906 τῶν
980 3850 1275 3926 λέγοντων,
1307 3852 1390 3906 ’ὁτι
1433 3853 1618 3927 ψυχὴν
1666 3852 1765 3907 οὐκ
1812 3853 1978 3928 εἶχεν.

325 3947 435 3997 Τοῦ
464 3943 564 4018 γάρ
597 3942 849 4013 σώματος
881 3942 956 4013 μὴ
1018 3938 1318 4013 δυναμένου
1368 3940 1688 4012 αἰσθηθῆναι
1735 3942 1981 3998 ἑκουσίου

325 4033 535 4092 πάθους
594 4028 716 4084 ἄνευ
765 4033 972 4106 ψυχῆς,
1023 4030 1224 4106 ἀνάγκη
1277 4031 1365 4084 τὸν
1416 4030 1586 4106 Λόγον
1629 4031 1743 4086 ἀντὶ
1794 4034 1980 4108 ψυχῆς

328 4116 462 4175 ὄντα
517 4120 726 4189 παθεῖν,
784 4120 819 4188 ἢ
883 4116 1012 4192 μηδ’
1069 4117 1216 4181 ὅλως
1275 4118 1408 4173 εἶναι
1471 4117 1719 4191 αἴσθησιν
1779 4119 1984 4184 πάθους

330 4208 600 4266 ἑκουσίου.

2089 3408 2243 3464 Deus
2289 3413 2464 3478 esset,
2517 3408 2802 3480 velletque
2850 3409 3110 3482 cruciﬁgi
3164 3427 3268 3482 pro
3318 3411 3508 3481 nobis,
3559 3411 3745 3468 univit

2090 3497 2202 3552 sibi
2235 3496 2345 3569 ipsi
2379 3514 2591 3569 corpus
2614 3498 2939 3553 animatum
2974 3498 3216 3554 rationis
3249 3499 3560 3572 particeps,
3585 3501 3738 3572 quod

2090 3591 2290 3658 posset
2321 3587 2581 3658 cruciﬁgi
2605 3604 2736 3643 cum
2769 3587 3096 3644 voluntaria
3119 3589 3407 3660 passione.
3433 3589 3605 3663 Apoll.
3632 3593 3746 3645 Cur

2090 3675 2238 3732 dicis
2277 3676 2614 3732 crucifixum
2671 3677 2850 3732 fuisse
2881 3694 3013 3731 cum
3049 3677 3367 3748 passione?
3397 3678 3548 3734 Num
3583 3679 3740 3734 aliud

2090 3771 2182 3820 est
2230 3766 2551 3836 cruciﬁxio,
2601 3782 2778 3838 quam
2827 3766 3072 3838 passio?
3121 3766 3270 3822 Orth.
3321 3767 3472 3823 Sane
3521 3784 3652 3823 vero
3694 3767 3745 3823 si

2090 3853 2418 3910 voluntaria
2470 3855 2565 3910 sit.
2624 3856 2798 3924 Apoll.
2852 3856 3199 3920 Quomodo?
3246 3857 3399 3914 Orth.
3457 3857 3744 3923 Quoniam

2090 3960 2304 4015 corpus
2334 3943 2660 4000 animatum
2682 3948 2870 4014 potest
2895 3945 3179 4016 crucitigi,
3198 3945 3526 4001 voluntarie
3547 3951 3744 4001 autem

2092 4032 2214 4105 pati
2245 4049 2358 4088 non
2395 4038 2586 4104 potest
2617 4049 2828 4103 corpus
2877 4034 3031 4104 quod
3067 4051 3180 4089 non
3213 4035 3388 4089 fuerit
3417 4035 3745 4091 animatum

2093 4121 2268 4177 simul
2305 4126 2360 4176 et
2391 4122 2635 4176 rationis
2668 4121 2977 4192 particeps.
3003 4122 3070 4176 Et
3095 4122 3215 4178 haec
3247 4122 3346 4177 illa
3363 4124 3750 4196 estimpietas

2091 4227 2292 4267 eorum
2313 4210 2411 4282 qui
2437 4210 2734 4264 Christum
2756 4216 2972 4282 negant
2989 4211 3187 4266 anima
3208 4212 3517 4283 praeditum
3542 4213 3747 4270 fuisse.

329 4302 477 4357 Cum
511 4301 667 4357 enim
700 4316 914 4372 corpus
945 4299 1166 4372 absque
1197 4299 1398 4356 anima
1426 4317 1542 4356 non
1575 4301 1827 4372 potuerit
1849 4300 2235 4358 voluntariam
2271 4300 2600 4372 passionem
2635 4299 2869 4368 sentire,
2897 4315 3133 4356 necesse
3163 4305 3251 4356 est
3279 4300 3556 4374 Verbum,
3591 4303 3749 4375 quod

330 4390 541 4446 animae
574 4388 700 4446 loco
732 4389 926 4458 fuerit,
960 4405 1198 4461 passum
1232 4405 1361 4446 esse
1391 4395 1492 4445 aut
1523 4389 1753 4446 nullum
1787 4407 2029 4464 prorsus
2064 4389 2244 4444 fuisse
2272 4387 2614 4444 voluntaria:
2648 4387 2938 4459 passionis
2970 4405 3233 4444 sensum.

403 4498 456 4552 4.
492 4493 730 4552 Ἀπολλ.
790 4493 905 4554 Οὐκ
960 4492 1149 4550 ἔπαθεν
1200 4493 1291 4550 οῦν
1340 4499 1376 4570 ῇ
1433 4495 1639 4572 Λόγος;
1691 4498 1835 4572 Ὀρθ.
1869 4502 1980 4551 Φυ-
2011 4503 2058 4567 ι)

330 4587 500 4646 σικῶς
555 4585 630 4658 μὴ
689 4584 944 4659 γὲνοιτοῐ
1010 4581 1242 4642 Ἀπολλ.
1311 4583 1496 4648 ’Όλως
1558 4582 1767 4644 ἔπαθεν.
1829 4588 1979 4663 Ὀρθ.

325 4675 566 4735 Ἑνώσας
601 4674 774 4746 ἑαυτῷ
803 4677 962 4745 σῶμα
1008 4673 1072 4728 τὸ
1118 4671 1410 4746 δυνάμενον
1459 4677 1668 4730 παθεῖν·
1722 4677 1795 4738 ὡς
1854 4677 1983 4731 εἶναι

324 4761 389 4818 τὸ
443 4761 611 4827 πάθος
666 4769 766 4832 τῆς
824 4761 1167 4834 οἰκονομίας,
1218 4761 1308 4816 καὶ
1339 4763 1468 4839 οὐχὶ
1496 4766 1595 4833 τῆς
1627 4767 1836 4842 φύσεως
1886 4769 1983 4820 τοῦ

330 4850 535 4926 Λόγου.
587 4852 674 4914 Ὠς
731 4852 832 4926 γὰρ
880 4850 1160 4905 ἐκοπίασεν
1197 4849 1255 4905 ἐκ
1285 4858 1384 4920 τῆς
1417 4849 1754 4928 ὁδοιπορίας,
1789 4854 1852 4907 οὑ
1884 4853 1984 4931 φύ-

328 4962 411 4996 σει
441 4941 721 5012 θεότητος,
754 4938 880 4996 ἀλλ’
912 4941 1152 5002 ἓνώσεως
1183 4939 1494 5014 οἰκονομίᾳ⁹
1548 4941 1720 5003 οὕτως
1766 4939 1981 5012 ἔπαθεν,

329 5030 399 5085 οὗ
432 5029 582 5108 φύσει
633 5031 912 5101 θεότητος,
973 5029 1103 5085 ἀλλ’
1162 5031 1405 5092 ὲνώσεως
1454 5029 1760 5103 οἰκονομίᾳ.
1811 5030 1879 5088 Εἴ
1926 5027 1984 5085 δὲ

333 5120 436 5193 μὴ,
486 5122 514 5174 6
560 5122 795 5190 ποιήσας
839 5119 930 5174 τὸν
965 5118 1188 5192 οὐρανὸν
1223 5119 1312 5174 καὶ
1343 5121 1440 5188 τὴν
1473 5126 1576 5195 γῆν
1633 5118 1755 5174 ἄνευ
1785 5118 1981 5191 κόπου,

329 5209 421 5264 καὶ
479 5210 852 5285 περιπατήσας
912 5209 1044 5284 ὑπὲρ
1101 5208 1380 5286 πτερύγιον
1447 5209 1684 5282 ἀνέμων,
1743 5213 1862 5272 πῶς
1921 5208 1980 5264 ἂν

329 5295 634 5368 ὶγοπίασιν,
669 5297 715 5353 εἰ
749 5298 827 5372 μὴ
859 5295 1066 5367 ἥνωσεν
1101 5297 1272 5372 ἑαυτῷ
1325 5299 1386 5354 τὸ
1439 5296 1729 5373 δυνάμενον
1787 5297 1981 5353 κοπιά-

331 5407 458 5458 σαι;
494 5392 668 5462 Σῶμα
699 5385 756 5444 δὲ
785 5388 998 5463 ἄψυχον
1031 5386 1093 5443 οὗ
1124 5391 1311 5460 κοπιᾷ,
1343 5385 1470 5444 οὐδὲ
1498 5387 1780 5460 Mendici
1801 5386 1983 5464 ὥσπερ

545 5587 753 5665 Palat.,
786 5584 1154 5665 ἀνθρωπίνην,
1183 5585 1273 5642 καὶ
1301 5591 1427 5644 νοῦν
1459 5587 1700 5665 ἀνθρώπ.

423 5590 512 5659 62)
545 5590 753 5661 Palat,
786 5590 1154 5664 ἀνθρωπίνην,
1183 5590 1273 5642 καὶ
1301 5613 1302 5616 η

404 5590 520 5740 ί63)
550 5661 757 5744 Palat.,
787 5658 964 5716 Ψιλὸν
996 5659 1302 5739 ἄνθρωπον.

2162 4497 2214 4552 4.
2242 4496 2418 4567 Apoll.
2456 4496 2604 4567 Ergo
2628 4511 2740 4550 non
2774 4511 3010 4566 passum
3048 4495 3222 4551 fuerit
3255 4497 3506 4552 Verbum
3531 4498 3559 4552 ?
3589 4497 3748 4556 Orlh.

2093 4586 2279 4655 Absit,
2316 4592 2378 4640 ut
2409 4583 2755 4640 naturaliter
2779 4601 3013 4652 passum
3039 4583 3248 4639 fuerit!
3286 4585 3456 4656 Apoll.
3494 4585 3749 4644 Omnino

2093 4679 2288 4731 tamen
2323 4690 2564 4746 passum
2599 4677 2705 4729 est.
2740 4674 2893 4731 Orlh.
2927 4673 3146 4744 Nempe
3176 4675 3341 4729 unito
3371 4675 3480 4730 sibi
3508 4691 3750 4748 corpore

2094 4765 2250 4837 quod
2303 4764 2420 4835 pati
2476 4766 2720 4833 posset:
2763 4769 2827 4816 ut
2879 4763 3071 4834 passio
3119 4762 3196 4817 sit
3245 4764 3598 4836 meonomiae,
3633 4781 3748 4821 non

2095 4857 2287 4908 autem
2321 4853 2509 4924 ipsius
2541 4857 2761 4906 naturae
2800 4850 2994 4906 Verbi.
3029 4851 3192 4906 Sicut
3224 4853 3377 4908 enim
3413 4851 3606 4910 lassus
3639 4853 3751 4910 luit

2094 4943 2165 4997 de
2196 4942 2306 5006 via,
2343 4959 2454 4996 non
2497 4942 2554 4996 in
2606 4942 2736 5012 ipsa
2766 4940 3001 4995 deitatis
3051 4946 3280 5004 natura,
3314 4943 3412 4997 sed
3464 4942 3749 5000 unitionis

2093 5031 2415 5087 mconomia
2449 5047 2461 5085 :
2497 5031 2579 5086 ita
2611 5047 2822 5101 passus
2853 5033 2961 5098 est,
2996 5045 3111 5085 non
3146 5029 3203 5083 in
3236 5029 3364 5101 ipsa
3385 5031 3618 5086 deitatis
3649 5049 3750 5088 na-

2092 5126 2246 5187 tura,
2263 5122 2360 5175 sed
2389 5119 2669 5175 unitionis
2695 5117 3037 5174 oeconomia.
3058 5117 3622 5191 Alioqui,quomodo
3644 5121 3748 5192 qui

2094 5209 2314 5281 absque
2345 5207 2543 5264 labore
2593 5207 2727 5262 fecit
2764 5206 2974 5262 coelum
3028 5209 3086 5262 et
3114 5210 3351 5274 terram,
3382 5212 3441 5263 et
3486 5207 3753 5264 ambulat

2094 5315 2272 5371 super
2302 5315 2523 5371 pennas
2569 5301 2898 5362 ventorum,
2931 5295 3197 5351 defessus
3231 5297 3458 5367 fuisset,
3489 5297 3601 5353 nisi
3637 5298 3752 5353 sibi

2093 5388 2206 5461 ipsi
2238 5386 2523 5444 univisset
2560 5387 2716 5458 quod
2766 5385 2996 5457 fatigari
3029 5385 3280 5458 posset?
3307 5385 3592 5444 (laterum
3621 5403 3752 5446 cor-

2160 5587 2270 5661 (64)
2305 5590 2468 5657 Mss,
2502 5580 2756 5663 σταυρός.
