4116 6392
404 347 565 411 {Q55

1577 343 1643 406 S.
1689 334 2217 404 A'I‘HANASIUS.
2236 367 2314 384 --
2343 336 2654 402 SPURIA.

3677 345 3701 404 1
3713 344 3833 407 256

402 501 511 555 pus
537 498 651 538 non
682 482 1006 536 animatum
1044 492 1230 549 neque
1258 474 1506 547 laborat,
1528 490 1721 547 neque
1752 475 1869 530 det.
1894 475 2029 531 Sicu

2173 467 2337 523 αὐτοῦ
2392 467 2551 541 σῶμά
2609 468 2770 537 ἐστιν,
2832 465 2863 523 ὅ
2893 466 3100 539 ἥνωσεν
3131 465 3305 544 ἑαυτῴ
3336 468 3587 549 ἔμψυχον
3644 480 3830 548 σῶμα,

400 577 597 629 autem
637 585 851 641 corpus
880 565 1027 621 illud
1069 566 1419 634 animatum,
1452 564 1607 636 quod
1659 564 1911 620 Verbum
1945 565 2058 621 sibi

400 656 908 729 univit,estipsius
931 672 1144 726 corpus
1169 671 1282 711 non
1304 659 1531 717 natura,
1561 654 1662 709 sed
1692 654 2053 723 oeconomia;

394 750 477 805 ita
507 749 672 804 labor
691 753 781 802 est
802 745 990 816 ipsius
1022 744 1203 813 labor,
1234 760 1345 797 non
1382 747 1610 811 natura,
1637 743 1735 798 sed
1773 743 2055 800 unitionis

397 835 721 895 oeconomia
753 852 766 890 :
799 840 857 891 et
886 832 1082 906 passio
1107 837 1198 888 est
1228 833 1415 904 ipsius
1440 831 1655 904 passio,
1683 849 1795 888 non
1823 836 2051 905 natura,

398 934 613 985 natura
642 925 800 983 enim
831 923 1004 979 Verbi
1039 921 1331 994 passionis
1362 937 1588 992 expers,
1623 921 1721 977 sed
1773 921 2054 978 unitionis

398 1015 743 1075 oeconomia.
767 1014 914 1070 Nam
946 1016 1003 1068 et
1025 1017 1088 1067 ut
1116 1014 1414 1083 pateretur
1435 1009 1635 1065 unitus
1658 1015 1767 1075 est,
1792 1014 1848 1066 et
1864 1015 1927 1066 ut
1946 1028 2052 1067 nos

396 1110 674 1173 servaret,
708 1119 919 1177 passus
968 1105 1076 1158 est.
1120 1098 1335 1157 Volens
1365 1099 1523 1155 enim
1556 1116 1805 1166 servare,
1838 1117 2052 1173 passus

396 1204 524 1267 est;
557 1203 615 1252 et
646 1194 844 1251 volens
875 1192 1019 1264 pati,
1059 1190 1245 1246 univit
1276 1188 1383 1245 sibi
1419 1189 1572 1262 quod
1609 1189 1788 1245 semel
1822 1189 2049 1246 unitum

396 1302 704 1359 nunquam
718 1282 962 1339 dimisit.
992 1280 1131 1336 «Sic
1152 1280 1308 1335 enim
1332 1278 2050 1351 veniet,quemadmodum

396 1376 631 1433 vidistis
653 1390 786 1431 eum
818 1375 1056 1429 euntem
1087 1370 1146 1424 in
1179 1368 1388 1425 coelum
1409 1368 1489 1425 6l’:
1528 1390 1555 1418 ››
1588 1374 1665 1440 et,
1699 1392 1725 1420 ‹‹
1760 1367 2056 1427 Videbunt

395 1483 533 1523 eum
563 1464 623 1520 in
671 1478 846 1536 quem
897 1460 1322 1516 transﬁxerunt
1344 1459 1411 1515 δ’.
1445 1480 1473 1507 ››
1523 1458 1701 1530 Apoll.
1747 1458 2050 1517 Enimvero

394 1571 590 1610 annon
643 1552 813 1608 aliter
840 1551 1065 1622 poterat
1111 1564 1219 1602 nos
1250 1547 1442 1603 salvos
1492 1546 1721 1604 facere?
1752 1548 1904 1605 Orth.
1937 1549 2047 1606 Sed

390 1644 475 1699 ita
495 1659 724 1700 servare
744 1639 927 1696 voluit
949 1655 1051 1710 per
1066 1635 1377 1694 stultitiam
1401 1636 1852 1709 praedicationis.
1872 1638 2047 1711 Apoll.

392 1732 453 1789 Si
498 1735 754 1787 mentem
787 1727 1045 1784 heminis
1093 1725 1321 1793 habuit,
1358 1725 1549 1797 potuit
1580 1725 1753 1781 etiam
1783 1743 2046 1798 peccare.

392 1819 544 1878 Orth.
577 1820 750 1889 Sane,
800 1816 915 1872 nisi
962 1816 1085 1871 haec
1134 1812 1564 1907 mensdl‘u‘isset
1582 1813 1810 1907 Ade-itati
1860 1817 2046 1907 unita.
2077 1842 2126 1907 B

388 1911 564 1982 Apoll.
613 1905 916 1964 Mutabilis
965 1920 1102 1976 ergo
1138 1903 1245 1958 fuit
1292 1899 1607 1958 Christus?
1655 1902 1806 1959 Orlh.
1841 1904 2045 1960 Absit!

386 1999 566 2071 Apoll.
600 1997 662 2054 Si
714 1995 903 2068 potuit
934 2009 1192 2066 peccare,
1225 1990 1527 2047 mutabilis
1557 1997 1697 2048 erat.
1732 1993 1887 2050 Orth.
1929 1994 2046 2050 Me-

391 2086 636 2144 mineris
693 2100 895 2142 eorum
953 2099 1081 2154 quae
1139 2080 1416 2137 diximus.
1474 2080 1599 2137 Dixi
1653 2082 1810 2139 enim
1862 2101 1875 2139 :
1921 2082 2046 2140 Nisi

388 2177 599 2233 {uisset
640 2172 845 2231 deitati
896 2172 1117 2228 unitus.
1167 2172 1338 2226 Jesus
1386 2170 1652 2227 Christus
1701 2177 1897 2228 autem
1932 2190 2044 2229 non

385 2263 740 2337 intelligitur
769 2261 897 2318 sine
927 2260 1193 2317 unitione
1221 2263 1395 2316 Jesus
1428 2260 1720 2326 Christus,
1755 2262 1855 2317 sed
1889 2261 2044 2318 Deus

382 2354 665 2421 Verbum,
691 2351 870 2407 Filius
897 2350 992 2406 Dei
1018 2350 1369 2406 subsistens.
1393 2349 1448 2404 Si
1473 2366 1687 2422 corpus
1711 2351 2040 2407 animatum

384 2448 550 2517 potes
571 2442 794 2513 absque
817 2438 1080 2495 unitione
1101 2437 1381 2507 invenire,
1400 2436 1787 2494 mutationem
1808 2439 2000 2511 cogita
2024 2455 2037 2496 :

384 2533 476 2591 sin
509 2536 703 2589 autem
738 2527 918 2586 simul
964 2527 1074 2583 fuit
1106 2543 1341 2599 corpus,
1374 2531 1432 2583 et
1468 2527 1561 2582 Dei
1593 2526 1768 2583 Verbi
1802 2543 2038 2603 corpus,

382 2628 441 2677 et
471 2618 650 2678 simul
696 2619 805 2675 fuit
845 2617 1167 2674 animatum
1215 2616 1460 2672 rationis
1509 2617 1823 2689 particeps,
1859 2617 2038 2674 simul

382 2711 486 2768 Dei
517 2710 690 2768 Verbi
724 2725 937 2781 corpus
964 2708 1317 2775 animatum,
1352 2722 1418 2761 ac
1447 2706 1690 2762 rationis
1723 2707 2037 2780 particeps,

379 2800 670 2874 quaerisne
702 2796 1137 2854 mutationem?
1186 2797 1357 2864 Apoll.
1391 2796 1449 2851 Si
1485 2799 1737 2851 mentem
1780 2795 2038 2853 hominis

382 2891 588 2947 habuit
606 2890 896 2958 Christus,
918 2886 1026 2941 fuit
1049 2901 1283 2959 quoque
1309 2883 1585 2941 oblivioni
1608 2890 1664 2939 et
1694 2884 2036 2957 ignorantia:

378 2978 688 3046 obnoxius,
722 2982 781 3033 et
827 2993 1068 3049 peccare
1116 2974 1327 3048 potuit.
1365 2973 1516 3029 Orth.
1550 2973 1721 3040 Sane,
1763 2974 1875 3030 nisi
1909 2974 2035 3031 dei-

2172 557 2233 613 οὗ
2263 561 2332 633 τῇ
2366 558 2541 635 φύσει,
2576 556 2715 613 ἀλκὰ
2745 561 2813 633 τῇ
2854 557 3162 633 οἰκονομίᾳο
3218 560 3392 624 οὕτως
3439 561 3604 617 αὐτοῦ
3654 565 3830 629 κόπος

2170 649 2197 702 ὁ
2230 646 2398 709 κόπος
2435 647 2497 701 οὗ
2528 651 2595 722 τῇ
2629 647 2804 726 φύσει,
2829 646 2975 704 ἀλλὰ
3004 652 3072 723 τῇ
3106 649 3395 724 οἰκονομίᾳ
3422 658 3522 721 τῆς
3558 653 3827 717 ὲνώσεως·

2168 738 2258 791 καὶ
2292 736 2454 792 αὐτοῦ
2484 736 2657 799 πάθος
2684 738 2747 792 τὸ
2779 736 2951 799 πάθος
2983 737 3043 793 οὐ
3076 743 3143 813 τῇ
3185 739 3339 816 φύσει
3392 743 3507 815 (65)
3570 741 3828 814 (ἀπαθὴς,

2167 826 2269 903 γὰρ
2299 829 2333 895 ἡ
2366 826 2567 905 φύσις),
2601 824 2747 882 ἅλλὰ
2793 831 2861 901 τῇ
2914 826 3202 902 οἰκονομίᾳ
3245 836 3347 900 τῆς
3409 831 3676 894 ἒνωσεως.
3730 834 3829 889 Διὰ

2167 917 2268 992 γὰρ
2296 917 2359 971 τὸ
2388 916 2555 977 πάθος
2585 915 2673 970 καὶ
2705 919 2739 986 ἡ
2771 912 2987 979 ἓνωσις’
3019 917 3112 972 καὶ
3145 915 3234 973 διὰ
3281 921 3382 989 τήν
3434 923 3710 998 σωτηριᾶν
3763 925 3828 978 τὸ

2167 1007 2360 1069 πάθος.
2395 1010 2575 1060 Σῶσαι
2632 1006 2736 1082 γὰρ
2790 1006 2985 1077 θέλων,
3046 1003 3259 1073 ἔπαθεν·
3311 1011 3498 1065 παθεῖν
3538 1008 3597 1066 δὶ
3629 1009 3827 1084 θέλων,

2165 1094 2395 1169 ἥνωσεν,
2427 1096 2458 1151 ὅ
2487 1096 2689 1159 ἒνώσας
2740 1094 2838 1152 οὐκ
2866 1095 3093 1176 ἀφῆκεν.
3151 1122 3178 1150 ι(
3238 1098 3398 1156 Οὕτω
3454 1100 3558 1177 γὰρ
3616 1099 3827 1158 ἐλεύσε-

2164 1206 2276 1256 ται,
2310 1184 2368 1240 ὅν
2398 1186 2599 1262 τρόπον
2661 1184 2940 1242 ἐθεάσασθε
2999 1186 3158 1242 αὐτὸν
3208 1188 3580 1265 πορευόμενον
3631 1190 3707 1254 εἰς
3732 1193 3824 1247 τὸν

2167 1274 2415 1352 οὐρανόν
2452 1298 2480 1327 ››
2511 1274 2623 1349 καὶ,
2657 1299 2686 1328 ‹‹
2726 1276 2982 1351 Ὄψονται
3014 1278 3130 1352 (66)
3161 1276 3239 1340 εἷς
3288 1276 3345 1332 όν
3398 1277 3755 1352 ἐξεκέντησαν.
3793 1305 3820 1333 ››

2164 1363 2398 1422 Ἀπολλ.
2431 1363 2655 1427 ’Ἄλλως
2703 1365 2806 1442 γὰρ
2837 1364 2937 1420 οὐκ
2966 1363 3188 1422 ἐδύνατο
3221 1371 3425 1438 σῶσαι;
3480 1368 3631 1445 Ὀρθ.
3666 1368 3819 1427 ’Δλλ’

2164 1453 2337 1518 οὕτως
2366 1453 2608 1527 ῆθὲλησε
2636 1459 2805 1510 σῶσαι
2837 1453 2926 1510 διὰ
2954 1460 3052 1521 τῆς
3116 1456 3326 1533 μωρίας
3382 1461 3481 1513 τοῦ
3529 1458 3818 1535 κηρύγμα-

2159 1566 2274 1608 τος.
2309 1544 2544 1604 ’Δπολλ.
2578 1545 2641 1600 El
2697 1549 2823 1600 νοῦν
2875 1546 3163 1622 ἀνθρώπου
3223 1548 3338 1622 (67)
3393 1547 3563 1625 εἶχεν,
3594 1545 3822 1604 ἐδύνατο

2161 1633 2253 1689 καὶ
2314 1636 2645 1710 άμαρτῆσαι.
2709 1636 2857 1711 Ὀρθ,
2917 1635 2989 1690 El
3044 1636 3121 1709 μὴ
3172 1635 3351 1706 ἥνωτο
3401 1641 3470 1712 τῇ
3519 1637 3739 1708 θεότητι
3790 1640 3819 1694 6

2161 1728 2305 1795 νοῦς,
2336 1723 2444 1782 ναί.
2477 1722 2714 1781 Ἀπολλ.
2746 1726 2981 1801 Τρεπτὸς
3015 1723 3106 1779 οῦν
3154 1727 3219 1795 ἦν
3271 1727 3298 1781 ὁ
3343 1726 3618 1802 Χριστός;
3665 1729 3820 1803 Ὀρθ.

2160 1814 2248 1883 Μὴ
2281 1815 2536 1890 γὲνοιτοῖ
2573 1812 2812 1872 ἈπολΛ.
2842 1814 2909 1869 Εἴ
2939 1810 3157 1871 ἔδόνατο
3203 1816 3534 1889 άμαρτῆσαι,
3584 1818 3819 1894 τρεπτὸς

2306 1904 2453 1976 Ὀρθ.
2515 1902 2839 1975 Μνημόνευε
2893 1908 3001 1959 τῶν
3067 1903 3394 1980 εἰρημένων.
3458 1907 3626 1962 Εἶπον
3683 1909 3809 1985 γάρ’

2157 1991 2222 2048 Εἴ
2256 1991 2330 2065 μή
2380 1990 2584 2064 ἥνωτο,
2628 1991 2734 2048 ναί.
2789 1992 3001 2061 Ἰησοῦς
3056 1990 3114 2048 δὲ
3145 1994 3378 2070 Χριστὸς
3411 1993 3535 2050 ἄνευ
3567 1996 3815 2062 ἑνώσεως

2155 2078 2216 2135 οὗ
2246 2084 2448 2135 νοεῖται
2505 2081 2735 2157 Χριστὸς
2794 2081 3029 2152 Ἰησοῦς,
3090 2080 3236 2138 ἀλλὰ
3287 2085 3418 2147 Θεὸς
3449 2084 3652 2162 Λόγος,
3686 2088 3815 2150 Υἱὸς

2153 2173 2288 2224 Θεοῦ
2321 2167 2701 2232 ἐνυπόστατος.
2736 2170 2797 2227 El
2831 2168 2958 2244 δόνῃ
3000 2171 3173 2247 εὑρεῖν
3221 2172 3286 2227 τὸ
3338 2171 3590 2251 ἔμψυχον
3652 2181 3817 2249 σῶμα

2153 2259 2276 2315 ἄνευ
2326 2259 2588 2333 ἱνώσεως,
2636 2258 2800 2315 ἐννόει
2858 2263 3087 2337 τροπήν·
3138 2261 3183 2317 εἰ
3216 2258 3273 2339 δὲ
3304 2262 3418 2337 ἅμα
3451 2267 3633 2339 σῶμα,
3695 2268 3815 2339 ἅμα

2152 2352 2287 2404 Θεοῦ
2314 2347 2493 2425 Λόγου
2546 2353 2725 2423 σῶμα,
2783 2349 2874 2405 καὶ
2932 2349 3045 2423 ἅμα
3099 2347 3350 2428 ἔμψυχον
3384 2352 3629 2430 λογικὸν,
3690 2357 3808 2428 ἅμα

2152 2442 2286 2494 Θεοῦ
2318 2433 2497 2515 Λόγου
2528 2440 2639 2515 (68)
2674 2444 2832 2512 σῶμα
2864 2437 3114 2515 ἔμψυχον
3149 2439 3393 2518 λογικὸν,
3448 2447 3631 2514 ζητεῖς
3679 2464 3811 2520 τρο-

2149 2529 2258 2598 τήν
2286 2548 2299 2600 ;
2335 2526 2570 2584 Ἀπολλ.
2609 2528 2671 2582 El
2701 2532 2827 2583 νοῦν
2857 2529 3144 2605 ἀνθρώπου
3173 2531 3319 2607 εἶχεν
3352 2532 3379 2586 6
3422 2534 3682 2609 Χριστὸς,
3716 2535 3812 2589 καὶ

2150 2616 2324 2688 λήθην
2384 2618 2475 2672 καὶ
2536 2617 2755 2692 ἄγνοιαν
2815 2618 2983 2694 εἶχεν,
3035 2620 3122 2674 καὶ
3183 2621 3510 2697 ἁμαρτάνειν
3557 2619 3805 2680 ἐδύνατο.

2149 2709 2295 2784 Ὀρθ.
2328 2706 2395 2761 Εἰ
2459 2708 2533 2780 μὴ
2591 2704 2776 2777 ἤνωτο
2821 2710 2890 2781 τῇ
2922 2708 3160 2779 θεότητι,
3189 2709 3297 2766 ναί.
3334 2710 3431 2764 Καὶ
3466 2710 3723 2789 μὴλέγε,
3758 2712 3817 2767 εἷ’

2144 2800 2269 2851 νοῦν
2320 2797 2629 2873 ἀνθρώπουο
2665 2794 2726 2851 οὗ
2755 2796 2857 2873 γὰρ
2889 2794 3065 2853 ἄλλου
3085 2798 3230 2860 τινὸς
3264 2796 3322 2853 ἂν
3358 2800 3476 2876 εἶχε
3503 2804 3629 2855 νοῦν
3663 2804 3801 2874 (69)⁶

2145 2884 2291 2955 ἀλλ’,
2326 2886 2392 2942 El
2424 2883 2544 2958 ἄρα,
2580 2884 2719 2953 εἶ’πὲ,
2753 2882 3089 2960 ἅνθρωπίνου
3125 2891 3223 2942 νοῦ
3257 2893 3506 2967 μετεῖχεν
3542 2892 3570 2946 ὁ
3602 2890 3801 2965 Λόγος,

2145 2975 2219 3037 ὡς
2250 2975 2594 3051 ἄνθρωπίνης
2624 2975 2844 3052 σαρκός.

381 3071 481 3128 tati
510 3069 721 3126 fuisset
750 3067 972 3124 unitus.
1023 3065 1105 3121 Ne
1134 3081 1265 3121 vero
1295 3063 1492 3135 dicito,
1524 3063 1573 3119 si
1624 3068 1879 3120 mentem
1916 3064 2210 3134 hominis;
2257 3067 2479 3122 nullius
2526 3065 2683 3122 enim
2723 3066 2968 3123 alterius
3017 3073 3274 3125 mentem
3323 3069 3536 3127 habere
3568 3072 3798 3144 potuit;

370 3159 474 3216 sed
505 3158 704 3230 dicito,
736 3158 796 3214 Si
828 3154 1041 3212 mentis
1071 3154 1343 3211 humana
1374 3153 1669 3226 particeps
1701 3154 1919 3209 factum
1955 3153 2065 3211 fuit
2091 3155 2372 3228 Verbum,
2406 3156 2561 3212 sicut
2591 3154 2865 3212 humanae
2899 3157 3115 3214 carnis.

441 3249 590 3305 461
646 3248 700 3303 5.
736 3246 909 3320 Apoll.
959 3244 1261 3311 Quomodo
1310 3247 1502 3316 potest
1550 3259 1714 3299 mens
1762 3242 2027 3301 humana

2210 3246 2265 3302 5.
2291 3244 2529 3301 ἈπολΑ.
2567 3247 2688 3306 Πῶς
2718 3241 2935 3300 δύναται
2969 3245 3308 3320 ἀνθρωπινος
3354 3251 3481 3310 νοῦς
3541 3249 3619 3321 μὴ
3665 3249 3798 3326 τρέ-

368 3356 486 3395 non
538 3335 801 3395 mutari?
852 3334 1007 3392 ΟνιΙι.
1060 3336 1364 3402 Quomodo
1415 3331 1658 3388 mortale
1710 3333 1865 3388 istud
1915 3333 2030 3389 im-

365 3426 724 3485 mortalitate
784 3424 1058 3481 indutum
1117 3440 1233 3479 non
1292 3421 1564 3493 moritur,
1622 3425 1680 3477 et
1735 3422 2029 3494 corrupti-

2139 3334 2366 3404 πεσθαι;
2401 3334 2546 3410 Ὀρθ.
2584 3338 2706 3396 Πῶς
2734 3333 2798 3389 τὸ
2830 3335 3024 3405 θνητὸν
3057 3333 3460 3403 τοῦτο,ὲνδυθὲν
3482 3336 3798 3411 ἀθανασίαν,

2138 3421 2325 3479 οὗκὲτν
2381 3424 2730 3494 ἀποθνήσκει,
2786 3423 2876 3479 καὶ
2929 3424 2992 3479 τὸ
3049 3425 3284 3502 φθαρτὸν
3338 3431 3521 3497 τοῦτο,
3581 3425 3799 3483 ἑνδυθὶν

362 3515 478 3574 bile
506 3514 640 3585 hoc,
670 3510 1225 3586 incorruptibilitate
1264 3511 1566 3581 indutum,
1621 3528 1736 3566 non
1770 3510 2027 3582 amplius

2149 3511 2456 3590 ὶφθαρσίαν,
2491 3511 2669 3568 οὐκέτι
2700 3513 2988 3592 φθείρεταυ
3041 3514 3222 3578 οὕτως
3280 3516 3309 3570 ὁ
3368 3519 3515 3583 νοῦς,
3571 3517 3800 3582 θεωθεὶς

363 3605 768 3678 corrumpitur
799 3622 812 3660 :
845 3602 928 3658 ita
956 3607 1013 3659 et
1044 3617 1215 3656 mens
1247 3616 1350 3673 per
1381 3600 1705 3656 unitionem
1734 3600 1873 3656 'cum
1906 3601 2025 3658 Deo

2149 3600 2321 3656 ἑνώσει
2353 3605 2486 3657 Θεοῦ
2523 3600 2725 3677 Λόγου,
2757 3600 2818 3656 οὐ
2840 3600 3112 3674 τρέπεται.
3147 3602 3384 3660 Ἀπολλ.
3439 3604 3647 3662 Οὐκοῦν
3698 3608 3796 3662 καὶ

359 3693 552 3751 Verbo
583 3693 855 3750 deiﬁcata
885 3707 1000 3747 non
1034 3694 1317 3746 mutatur.
1349 3689 1525 3760 Apoll.
1559 3688 1707 3761 Ergo
1736 3693 1793 3744 et
1831 3690 2019 3745 sancti

2149 3691 2185 3744 ιὶ
2209 3691 2351 3765 ἅγιοι
2384 3691 2643 3765 ἄτρεπτον
2677 3692 2828 3765 εἶχον
2861 3695 3024 3761 νοῦν;
3075 3693 3224 3769 Ὀρθ.
3258 3693 3357 3750 Oti.
3411 3692 3650 3750 Ἀπολλ.
3689 3696 3794 3751 Διὰ

358 3788 616 3841 mentem
636 3783 973 3839 habuerunt
990 3777 1425 3835 immutabilem
1442 3778 1471 3832 ?
1491 3778 1645 3834 Orlh.
1670 3778 1818 3835 Non.
1839 3780 2017 3851 Apoll.

2127 3779 2180 3834 τί
2210 3798 2224 3850 ;
2258 3779 2356 3835 οὐκ
2382 3782 2448 3848 ἦν
2479 3779 2567 3835 καὶ
2602 3779 2653 3834 ἐν
2685 3778 2866 3843 αὐτοῖς
2900 3781 2927 3835 ὁ
2959 3781 3132 3856 Λόγος
3154 3775 3172 3851 ;’
3203 3783 3352 3857 Ὀρθ.
3389 3782 3550 3839 ἈΛλ’
3582 3782 3634 3838 ἐν
3665 3790 3789 3849 τοῖς

357 3873 776 3941 Quamobrem,
808 3886 1003 3927 nonne
1034 3869 1090 3924 in
1144 3866 1264 3924 illis
1311 3883 1546 3940 quoque
1577 3867 1686 3923 fuit
1715 3867 2021 3924 Verbum?

2149 3868 2302 3943 ἱγίοις
2332 3868 2394 3924 οὖ
2419 3870 2537 3934 καθ’
2565 3866 2756 3925 ἕνωσιν
2795 3870 2875 3939 ἦν,
2922 3867 3068 3925 ἀλλὰ
3121 3873 3258 3927 κατὰ
3315 3874 3415 3943 τήν
3466 3877 3565 3928 τοῦ
3616 3874 3790 3931 Ilvati-

358 3965 516 4019 (mh.
549 3962 662 4018 Sed
718 3961 831 4016 l‘uit
882 3960 943 4017 in
992 3957 1212 4015 sanctis
1265 3975 1378 4013 non
1428 3956 1714 4029 unitione,
1760 3961 1857 4014 sed
1911 3975 2016 4031 pro

353 4051 545 4124 gratia
569 4050 848 4123 Spiritus,
867 4048 1095 4105 diverse
1114 4047 1170 4102 in
1191 4045 1336 4119 ipsis
1370 4045 1667 4119 operantis
1692 4063 1705 4102 :
1734 4046 1827 4102 hic
1857 4063 2013 4121 vero,

352 4138 413 4198 id
461 4145 551 4197 est
598 4141 655 4197 in
707 4140 824 4196 Deo
870 4137 1082 4209 Verbo,
1137 4135 1251 4192 fuit
1299 4134 1492 4191 omnis
1550 4135 1852 4208 plenitudo
1892 4136 2013 4193 dei-

352 4231 513 4287 tatis.
575 4228 791 4286 Deinde
848 4227 1037 4285 sancti
1095 4226 1335 4298 quidem
1405 4224 1639 4281 fuerunt
1699 4225 2013 4298 participes

350 4319 544 4387 Verbi,
577 4318 672 4375 hic
702 4334 835 4375 vero
869 4316 1121 4373 Verbum
1155 4313 1527 4388 participavit
1560 4314 1878 4371 humanam
1911 4333 2012 4373 na-

351 4413 567 4465 turam.
619 4407 796 4479 Apoll.
846 4406 967 4477 Dic,
999 4419 1233 4461 carnem
1282 4406 1339 4458 et
1368 4402 1738 4476 sanguinem,
1774 4409 1839 4460 ut
1871 4404 2015 4460 scri-

2131 3979 2300 4031 ματος
2330 3961 2515 4036 χάριν,
2571 3956 2846 4037 διαφόρως
2898 3958 2951 4013 ἐν
3013 3959 3202 4024 αὑτοῖς
3258 3959 3629 4037 ἐνεργοῦντος·
3696 3962 3788 4019 ἐν·

2123 4051 2293 4112 ταῦθα
2323 4047 2381 4104 δὲ
2410 4055 2513 4103 πᾶν
2546 4049 2608 4104 τὸ
2653 4048 2937 4124 πλήρωμα
2984 4056 3085 4118 τῆς
3129 4049 3409 4121 θεότητος.
3445 4050 3543 4107 Καὶ
3571 4052 3623 4106 οἱ
3683 4054 3779 4124 μὲι

2124 4137 2272 4212 ἅγιοι
2310 4138 2538 4215 μέτοχοι
2568 4142 2666 4192 τοῦ
2728 4137 2902 4214 Λόγου
2957 4140 3112 4207 ἦσαν·
3174 4138 3419 4219 ἐνταῦθα,
3449 4139 3507 4196 δὶ
3549 4142 3577 4195 ὁ
3608 4140 3783 4216 Λόγος

2128 4227 2358 4302 μετέσχε
2382 4233 2484 4296 τῆς
2534 4225 2982 4301 ἂνθρωπότητος,
3044 4225 3282 4285 Ἀπολλ.
3346 4227 3502 4299 Eine,
3552 4228 3786 4302 αἵματος

2122 4315 2212 4370 καὶ
2263 4316 2482 4391 σαρκὸς,
2533 4315 2608 4378 ὡς
2665 4315 2989 4392 γέγραπται.
3045 4317 3195 4392 Ὀρθ.
3251 4318 3415 4379 Ἕθος
3472 4321 3540 4393 τῇ
3597 4323 3787 4397 Γραφῇ

2123 4403 2215 4459 τὸν
2248 4402 2377 4460 ὅλον
2412 4401 2694 4479 ἄνθρωπον
2756 4406 2927 4481 σάρκα
2984 4404 3074 4460 καὶ
3131 4407 3269 4480 αἷμα
3307 4403 3517 4476 καλεῖν,
3551 4408 3626 4469 ὡς
3656 4407 3791 4464 ὅταν

346 4503 515 4571 ptum
547 4501 657 4552 est.
692 4494 847 4553 Orth.
878 4495 1193 4567 Scriptura:
1219 4509 1349 4549 mos
1374 4497 1462 4549 est
1492 4497 1684 4548 totum
1714 4490 2014 4550 hominem

2149 4493 2286 4568 ιὲγῃο
2321 4516 2349 4544 ‹‹
2408 4492 2486 4549 Οὐ
2511 4494 2926 4568 προσανεθέμην
2987 4494 3146 4571 σαρκὶ
3204 4494 3295 4551 καὶ
3355 4492 3567 4570 αἷ¹ματιο
3606 4498 3783 4570 niui,

348 4603 559 4643 vocare
589 4601 822 4642 carnem
856 4589 913 4641 et
942 4582 1311 4656 sanguinem,
1348 4587 1412 4637 ut
1439 4598 1574 4637 cum
1604 4581 1748 4636 dicit
1780 4598 1792 4637 :
1826 4604 1853 4631 ι(
1887 4581 2013 4637 Non

2149 4605 2155 4632 π
2190 4583 2277 4638 Ἐν
2303 4586 2422 4643 ταῖς
2453 4581 2706 4657 ἐσχάταις
2737 4582 2972 4658 ἡμέραις
2999 4582 3177 4659 ἐκχεῶ
3229 4583 3336 4639 ἀπὸ
3387 4589 3485 4640 τοῦ
3540 4586 3791 4661 Πνεῦμα-

349 4676 504 4733 ultra
536 4673 796 4748 acquievi
841 4673 1001 4729 carni
1034 4678 1092 4728 et
1138 4672 1413 4743 sanguini
1437 4670 1500 4726 7°.
1538 4692 1564 4720 ››
1598 4669 1668 4725 Et
1701 4685 1713 4725 :
1750 4693 1777 4720 «
1811 4674 1873 4724 In
1907 4687 2011 4726 no-

2119 4668 2213 4731 τός
2247 4690 2354 4742 μου
2387 4669 2474 4724 ἐπὶ
2505 4676 2680 4726 πᾶσαν
2712 4672 2903 4747 σάρκα·
2930 4695 2958 4723 »
2988 4673 3077 4726 καὶ
3108 4670 3297 4728 πάλιν·
3334 4696 3362 4726 ‹‹
3395 4673 3474 4731 Οὐ
3508 4675 3585 4747 μὴ
3615 4696 3781 4730 κοιτα-

345 4765 604 4822 vissimis
662 4763 870 4819 diebus
920 4762 1217 4818 ell‘undam
1269 4761 1340 4816 de
1383 4759 1602 4832 Spiritu
1655 4775 1784 4815 meo
1832 4775 2011 4831 super

2149 4757 2277 4832 ιείνῃ
2308 4758 2372 4812 τὸ
2402 4757 2625 4832 Πνεῦμά
2654 4780 2758 4833 μου
2788 4759 2875 4815 ἐπὶ
2907 4760 3034 4823 τοὺς
3065 4760 3408 4838 ἀνθρώπους,
3459 4760 3549 4818 διὰ
3592 4763 3658 4818 τὸ
3712 4764 3786 4819 εἴ.

344 4869 579 4912 omnem
613 4869 848 4910 carnem
870 4853 937 4906 τί.
974 4874 1001 4902 ››
1051 4851 1119 4906 Et
1150 4866 1387 4906 rursum
1424 4865 1436 4903 :
1473 4872 1498 4899 ‹‹
1531 4848 1655 4904 Non
1701 4862 2005 4919 permane-

2117 4868 2202 4901 ναι
2236 4845 2430 4909 αὐτοὺς
2486 4847 2676 4924 σάρκα’

2741 4873 2768 4900 ›)
2807 4850 2897 4904 καὶ
2956 4849 3055 4906 ὅσα
3105 4855 3349 4906 τοιαῦτα.
3411 4852 3650 4909 ’Δπολλ.
3711 4842 3780 4911 Τί

344 4942 433 5000 bit
478 4942 734 5017 Spiritus
785 4958 952 4998 meus
997 4940 1055 4996 in
1106 4939 1450 4997 hominibus
1500 4937 1653 5008 istis,
1686 4937 1825 5010 quia
1872 4954 2006 4995 caro

2149 4957 2281 5005 στιν,
2317 4938 2384 4995 Οἱ
2416 4939 2558 5012 ἅγιοι
2596 4938 2879 5015 μετέσχον,
2924 4939 3014 4994 καὶ
3048 4941 3075 4994 ὁ
3108 4941 3237 5003 Θεὸς
3292 4941 3469 5017 Λόγος
3502 4941 3776 5017 μετὲσχες

344 5033 570 5091 sunt”.
627 5055 647 5081 ο
699 5033 769 5089 Et
816 5045 1182 5104 quacunque
1230 5032 1370 5084 sunt
1418 5027 1778 5097 huiusmodi.
1823 5028 2001 5101 Apoll.

2112 5027 2196 5090 τίς
2227 5029 2263 5097 ἡ
2296 5024 2569 5102 Sumpsi;
2603 5028 2753 5102 Ὀρθ.
2782 5030 2907 5085 ’Ότι
2939 5030 2990 5083 οἱ
3023 5029 3167 5105 ἅγιοι
3201 5030 3467 5107 πρότερον
3511 5031 3768 5102 ὑπῆρξαν,

341 5123 488 5188 Quid
512 5121 659 5179 illud
678 5127 788 5190 est,
810 5120 1012 5178 Sancti
1036 5118 1485 5192 participarunt,
1502 5122 1558 5172 et
1574 5116 1726 5173 Deus
1742 5116 2000 5173 Verbum

2149 5117 2201 5171 αἱ
2230 5116 2355 5172 τότε
2389 5117 2653 5192 μετέσχον
2682 5121 2816 5173 Θεοῦ
2846 5117 3045 5194 Λόγου·
3081 5118 3305 5175 ἐνταῦθα
3336 5117 3397 5176 δὲ
3431 5119 3535 5194 οὐχ
3566 5117 3761 5190 οὕτως,

340 5210 746 5285 participavit?
758 5208 1053 5281 quodnam
1065 5211 1155 5263 est
1170 5205 1279 5262 hoc
1295 5203 1653 5262 discrimen?
1666 5204 1822 5262 Orlh.
1837 5205 1999 5270 Quod

2149 5202 2253 5263 λλὸ
2285 5207 2314 5261 6
2346 5205 2419 5261 ὥν
2451 5207 2558 5281 πρὸ
2587 5210 2694 5261 τῶν
2728 5207 2938 5263 αἶ’ώνων
2967 5208 3097 5270 Θεὸς
3126 5208 3321 5284 Λόγος,
3358 5205 3643 5286 βουληθεὶς
3676 5203 3765 5260 ἐν-

408 5384 455 5421 ⁶⁸
484 5387 612 5442 Act.
647 5398 686 5453 ι,
724 5383 808 5439 tt.
883 5380 930 5417 ⁸⁸
956 5379 1126 5437 Joan.
1156 5393 1274 5446 xu,
1305 5377 1395 5433 37.
1470 5377 1516 5412 ⁷ο
1547 5374 1735 5434 Galat.
1768 5393 1809 5449 ι,
1843 5376 1929 5432 16.
2007 5378 2036 5413 ἰτ

2149 5378 2209 5435 ιο1
2237 5395 2301 5449 ιι,
2330 5380 2423 5435 28.
2498 5380 2546 5415 ’³⁸
2574 5382 2717 5438 Gen.
2748 5398 2827 5452 γι,
2859 5382 2914 5438 3.

432 5621 527 5682 66)
554 5621 819 5682 Ὅψοντὰι
852 5625 1019 5681 abest
1046 5640 1082 5679 ιι
1113 5621 1291 5679 Palat.

556 5552 732 5630 961$
764 5549 918 5630 φύσει
950 5550 1205 5630 deest_in
1233 5548 1415 5630 Palat.

434 5557 528 5624 65)
556 5557 634 5612 Οὔ
662 5557 732 5627 τῇ
764 5557 918 5630 φύσει
950 5557 1116 5609 deest
1145 5557 1205 5606 in
1234 5557 1306 5607 Pa

411 5557 527 5773 (66)
554 5626 819 5755 "(moveat
852 5625 1019 5708 abest
1046 5640 1082 5679 ιι
1103 5621 1291 5713 Ῥοιοῖ.

433 5698 501 5752 67
557 5696 599 5754 Ρ
664 5701 768 5769 at.,
796 5714 919 5752 νουν
946 5695 1306 5770 ἂνθρωπινον.

2169 5550 2288 5698 (68)
2320 5549 2497 5627 Λόγου
2530 5552 2695 5611 deest
2719 5552 2781 5611 in
2811 5552 2996 5613 Palat.

2190 5623 2282 5697 69)
2303 5620 2458 5685 Τίνος
2487 5622 2773 5698 ἀνθρώπου
2804 5624 2923 5698 εἶχε
2951 5645 2996 5681 νι

2190 5623 2282 5697 69)
2303 5620 2458 5685 Τίνος
2487 5622 2773 5703 ἀνθρώπου
2804 5624 2923 5704 εἶχε
2951 5626 3074 5681 νοῦν
3107 5642 3252 5686 mss.
