4116 6370
448 426 603 488 i259
1626 420 1691 485 S.
1737 418 2079 484 ATllANAE

2197 422 2257 478 S.
2298 452 2370 465 —-
2404 415 2714 483 SI’UlllA.
3688 426 3825 494 1260

446 568 555 619 cst.
591 562 744 620 Orth.
776 563 949 630 Sane,
983 562 1032 617 si
1062 558 1533 618 consideraretur
1564 560 1809 615 seorsim
1870 575 1904 613 a
1962 558 2073 611 Ver

2214 553 2275 608 οῦ
2304 554 2371 608 τὰ
2401 554 2592 612 πάντα.
2627 558 2777 630 Ὀρθ.
2812 557 2874 614 Ὀ
2904 554 3183 634 γεννηθεὶς
3224 553 3284 611 lx
3326 555 3535 633 Μαρίας
3584 560 3642 614 οὗ
3690 565 3827 628 κενὸς

444 655 535 708 bo.
571 652 731 717 Quod
766 653 815 707 si
848 667 1152 723 nunquam
1189 655 1250 707 ut
1282 650 1523 705 aVerbo
1558 649 1887 720 sejunctum
1919 646 2075 700 consi

2213 643 2474 718 ἐγεννήθη
2505 645 2594 699 καὶ
2628 646 3001 722 σεσαρωμένος
3038 649 3147 720 (74)
3178 644 3323 703 ἀλλὰ
3373 648 3504 720 μετᾶ
3554 654 3644 705 τοῦ
3688 656 3823 709 ναοῖν

443 743 700 807 σιοτοῑυτ,
733 756 944 813 nempe
975 758 1088 797 non
1124 745 1213 795 est
1243 740 1416 795 homo
1449 739 1662 802 nudus,
1697 738 1795 792 sed
1842 736 1996 790 Deus
2027 734 2099 789 ob

442 830 613 886 Verbi
649 829 995 886 unitionem.
1030 828 1210 901 Apoll.
1244 827 1551 900 Templum
1584 842 1652 880 ex
1696 825 1876 880 Maria
1933 822 2098 895 geni-

442 926 591 991 tum,
625 926 715 976 est
741 920 935 990 Jesus,
961 935 1062 992 per
1087 934 1260 990 quem
1294 916 1512 973 omnia.
1549 915 1701 972 Orth.
1728 914 1835 980 Qui
1866 912 2099 985 genitus

444 1013 534 1065 est
565 1025 633 1064 ex
666 1008 873 1075 Maria,
904 1024 1017 1063 non
1052 1012 1142 1062 est
1198 1005 1431 1077 genitus
1476 1021 1696 1059 vacuus
1754 1020 1855 1057 seu
1906 1001 2100 1073 scopis

449 1098 787 1164 mundatus,
810 1098 911 1153 sed
947 1113 1063 1152 una
1094 1113 1227 1151 curn
1261 1093 1503 1167 templo,
1522 1093 1769 1164 ideoque
1787 1095 1877 1147 est
1903 1090 2098 1154 Jesus,

443 1203 547 1260 per
578 1202 752 1259 quem
785 1186 999 1243 omnia.
1033 1186 1229 1257 Neque
1258 1200 1393 1239 vero
1422 1181 1709 1255 templum
1730 1197 1869 1238 voco
1890 1180 2093 1236 Jesum

443 1278 667 1349 absque
688 1276 899 1347 Verbo,
932 1292 1122 1348 neque
1151 1274 1409 1331 Verbum
1439 1288 1581 1329 voco
1608 1272 1639 1328 J
1648 1286 1813 1327 esum
1875 1270 2098 1341 absque

441 1366 662 1439 templo
695 1383 708 1421 :
746 1366 843 1422 sed
879 1382 944 1421 ex
976 1381 1041 1421 eo
1067 1369 1326 1437 tempore
1345 1361 1601 1419 Verbum
1635 1359 1858 1433 accepit
1882 1373 2094 1414 nomen

437 1460 600 1523 Jesu,
632 1473 702 1513 ex
729 1473 841 1527 quo
874 1454 1099 1511 sanavit
1128 1452 1507 1509 contritiones
1538 1450 1737 1525 populi
1785 1448 1898 1506 sui.
1932 1449 2097 1504 Tune

440 1550 638 1603 autem
670 1545 919 1611 sanavit,
954 1543 1187 1617 quando
1215 1542 1493 1615 dignatus
1524 1544 1610 1595 est
1641 1539 1791 1595 servi
1843 1539 2092 1593 formam

2212 730 2296 787 διὸ
2325 734 2414 788 καὶ
2444 734 2605 797 αὑτός
2637 734 2776 789 ἐστιν
2811 736 3038 802 Ἰησοῦς,
3073 733 3141 790 δι’
3202 733 3264 791 οὗ
3312 736 3378 792 τὰ
3407 738 3591 794 πάντα.
3623 740 3748 798 Οῧτε
3777 743 3827 798 δέ

2208 822 2298 876 τὸν
2330 823 2457 877 ναὸν
2505 821 2659 878 καλῶ
2717 825 2925 895 Ἰησοῦν
2974 824 3151 900 χωρὶς
3200 829 3295 880 τοῦ
3345 829 3540 903 Λόγου,
3590 824 3700 884 οὔτε
3743 831 3822 885 τὸν

2210 910 2387 986 Λόγον
2417 911 2592 987 χωρὶς
2637 916 2733 967 τοῦ
2763 918 2894 967 ναοῦ
2948 914 3178 984 Ἰησοῦν·
3214 913 3342 970 ἀλλ’
3370 913 3551 971 ἔκτοτε
3577 917 3772 987 Ἰησοῦς
3801 920 3826 974 6

2209 1000 2385 1074 Λόγος
2433 1002 2716 1071 κέκληται,
2772 1000 2823 1072 ἐξ
2882 1000 2945 1056 οὗ
3001 1002 3090 1057 καὶ
3146 1002 3330 1057 ἰάσατο
3374 1004 3441 1058 τά
3482 1004 3826 1080 συντρίμματα

2206 1093 2303 1144 τοῦ
2335 1087 2471 1145 λαοῦ
2500 1089 2683 1147 αὐτοῦ.
2715 1089 2847 1146 Τότε
2877 1087 2935 1145 δὲ
2968 1090 3174 1166 ἰάσατο,
3230 1091 3321 1147 ὃτι
3366 1092 3660 1164 κατηξίωσε
3707 1115 3822 1172 μορ-

2207 1179 2311 1255 φὴν
2346 1176 2548 1234 δούλου
2579 1175 2786 1237 λαϐεῖν.
2819 1180 2991 1243 Οὗτος
3022 1183 3135 1257 (75)
3168 1179 3257 1237 οῦν
3291 1182 3319 1236 6
3354 1180 3551 1258 Λόγος,
3583 1182 3708 1238 ὁνῦν
3729 1185 3821 1254 ἰη-

2208 1273 2333 1331 σοῦς
2358 1266 2446 1324 διᾶ
2475 1271 2574 1339 τὴν
2610 1269 2921 1344 οἰκονομίαν
2954 1269 3201 1341 κληθεῖς,
3251 1271 3415 1335 αὐτός
3460 1270 3623 1343 ἐστιν,
3668 1269 3726 1327 δι’
3767 1271 3821 1328 οὗ

2203 1358 2272 1413 τὰ
2328 1360 2517 1414 πάντα·
2564 1359 2654 1414 καὶ
2698 1354 2879 1434 ὥσπερ
2927 1361 3019 1416 τὸν
3069 1367 3315 1437 καυτῆρα
3363 1365 3470 1439 πῦρ
3511 1361 3599 1417 καὶ
3630 1359 3823 1438 σίδηρον

2204 1452 2337 1517 νοῶ,
2397 1446 2569 1511 οὕτως
2621 1448 2833 1519 Ἰησοῦν
2894 1451 3021 1505 Θεὸν
3100 1446 3275 1526 Λόγον
3351 1450 3831 1527 ένανθρωπήσαντα.

2207 1535 2444 1593 ἈποΛλ.
2503 1538 2566 1594 Ὁ
2613 1536 2764 1608 ναὸς,
2816 1535 2889 1617 ὃς
2935 1536 2998 1593 οῦ
3042 1540 3110 1595 τὰ
3158 1540 3353 1610 πάντα,
3394 1542 3435 1610 ἦ
3464 1540 3493 1595 6
3521 1538 3573 1594 έν
3599 1543 3675 1613 τῷ
3702 1538 3833 1612 ναῷ;

438 1634 719 1707 accipere.
775 1638 894 1689 Hoc
952 1632 1134 1706 igitur
1179 1631 1449 1702 Verbum,
1484 1630 1638 1703 quod
1674 1645 1829 1684 nunc
1861 1630 2079 1700 proptel

2202 1626 2356 1700 Ὀρθ.
2418 1626 2505 1696 Μὴ
2568 1623 2760 1701 διαίρει
2812 1628 2897 1682 τὸν
2948 1628 3075 1683 ναὸν
3106 1632 3204 1684 τοῦ
3231 1628 3595 1691 ἐνοικοῦντος.
3654 1627 3714 1685 Εἴ
3740 1627 3836 1703 γὰρ

438 1722 822 1781 ωοοιιοιῐιὶοιη
854 1723 1074 1777 dictum
1109 1725 1197 1777 est
1223 1720 1421 1789 Jesus,
1465 1719 1517 1775 is
1577 1727 1682 1786 est,
1755 1733 1858 1790 per
1918 1732 2079 1789 quem

2210 1735 2239 1770 ιι
2267 1716 2295 1769 6
2325 1713 2681 1789 κολλώμενος
2710 1714 2790 1790 τῷ
2838 1716 3027 1794 Κυρίῳ
3053 1714 3107 1773 ἓν
3141 1720 3355 1793 πνεῦμά
3398 1717 3532 1791 ἐστι,
3583 1741 3612 1770 ››
3654 1714 3837 1790 πολλῷ

437 1813 638 1870 omnia
672 1830 684 1868 :
718 1818 775 1868 et
808 1811 1309 1884 quemadmodum
1342 1808 1663 1865 cauterium
1697 1807 2079 1862 animadverte

2205 1804 2420 1874 πλεῖον,
2498 1803 2621 1860 ὅταν
2701 1808 2728 1861 6
2803 1806 3002 1881 Κόριος
3072 1806 3297 1884 λέγηται
3373 1809 3465 1864 καὶ
3539 1804 3836 1878 πιστιύηται

437 1902 634 1975 ignem
668 1900 845 1959 simul
876 1905 935 1954 et
969 1901 1183 1956 ferrum
1217 1899 1460 1967 esse;ila
1490 1898 1664 1954 etiam
1695 1901 1896 1951 Jesum
1922 1894 2079 1950 intel-

2204 1896 2444 1964 ἡνῶσθαι
2497 1899 2682 1973 μορφῇ
2716 1892 2938 1968 δούλου,
2974 1897 3047 1959 εἷς
3081 1896 3221 1952 ἐστιν
3251 1898 3411 1961 αὐτὸς
3462 1897 3592 1959 Θεὸς
3634 1896 3719 1951 καὶ
3761 1896 3838 1950 ἄν·

439 1942 634 1975 ,δηνιμ
668 1942 845 1959 μω...
970 1942 1183 1956 “me...
1217 1942 1460 1967 ww“...
1491 1942 1664 1954 νυν...
1695 1942 1896 1951 πη...
1925 1942 2062 1950 .--μ
2211 1942 2444 1964 -.-πνυω
2497 1942 2599 1968 Γ--
2671 1942 2682 1961 ,
2720 1942 2915 1951 ---πη
2974 1942 3046 1959 -..,
3081 1942 3217 1952 --.η
3251 1942 3265 1953 .

438 1990 553 2062 ligo
584 2007 713 2046 esse
743 1989 928 2045 Deum
958 1989 1238 2057 Verbum,
1282 1987 1576 2044 hominem
1612 1986 1851 2041 factum.
1912 1983 2093 2056 Apoll.
2129 1942 2175 2006 Β
2206 1986 2444 2058 Operm-0:.
2574 1942 2667 1973 ,Ἠ
2924 1942 2938 1968 ³
3258 2000 3265 2005 ·

439 2082 716 2153 lpsumne
771 2078 1083 2152 templum,
1142 2096 1215 2133 an
1276 2077 1373 2149 qui
1429 2076 1491 2133 in
1547 2074 1766 2147 templo
1823 2079 1933 2143 cst,
1975 2074 2025 2128 is
2054 2078 2162 2143 est,
2196 2090 2300 2147 per
2330 2093 2502 2148 quem
2536 2076 2774 2133 omnia?
2806 2078 2959 2134 Orlh.
2992 2077 3074 2135 Ne
3104 2094 3312 2152 separa
3341 2077 3631 2151 templum
3663 2077 3732 2132 ab
3758 2091 3838 2142 eo,

437 2171 629 2244 quiin
660 2170 879 2243 templo
910 2170 1155 2225 habitat.
1221 2167 1369 2223 Nam
1399 2166 1445 2223 si
1483 2166 1879 2238 «quicunque
1944 2163 2345 2236 agglutinatus
2412 2171 2501 2222 est
2566 2166 2833 2240 Domino,
2902 2185 3059 2225 unus
3119 2191 3148 2219 »
3206 2186 3343 2225 cum
3404 2184 3472 2225 eo
3528 2190 3556 2221 »
3616 2165 3845 2239 spiritus

433 2264 524 2317 est
550 2261 618 2330 ⁷⁵,
653 2282 679 2311 ιι
716 2259 906 2316 multo
940 2260 1125 2332 magis
1157 2275 1291 2313 cum
1324 2258 1543 2312 dicitur
1572 2260 1629 2311 et
1660 2256 1917 2310 creditur
1950 2254 2233 2311 Dominus
2263 2256 2465 2311 unitus
2496 2274 2624 2313 esse
2656 2257 2852 2313 formae
2884 2258 3057 2327 servi,
3088 2276 3244 2315 unus
3275 2262 3365 2315 est
3418 2258 3544 2332 ipse
3594 2255 3744 2313 Deus
3791 2259 3844 2311 et

430 2350 764 2512 ῙἸΟεξπιῖροῑι.
802 2440 980 2493 Homo
1012 2437 1194 2509 igitur
1226 2452 1339 2491 non
1376 2438 1482 2505 est,
1519 2434 1617 2507 qui
1649 2449 1717 2488 ex
1748 2432 1930 2488 Maria
1987 2448 2087 2505 εον

426 2530 588 2586 nitus
644 2528 775 2585 est?
832 2527 989 2583 Orth.
1052 2524 1432 2582 Solummodo
1491 2523 1729 2595 quidem
1763 2522 1957 2589 homo,
1993 2538 2089 2577 ne-

428 2604 771 2692 quaquamf
807 2617 982 2689 Apoll.
1042 2615 1150 2672 Sed
1200 2615 1485 2687 quidnam
1546 2611 1873 2685 praeterea?
1924 2613 2082 2671 Orth.

425 2708 538 2765 Sed
572 2708 749 2764 etiam
782 2706 1123 2763 Deus.Sicut
1155 2704 1311 2760 enim
1347 2705 1508 2759 Isaac
1538 2704 1773 2775 genitus
1802 2718 1871 2757 ex
1901 2702 2085 2757 Abra-

428 2799 744 2865 hamo,nec
774 2795 927 2853 alius
959 2795 1275 2868 quisquam
1306 2792 1634 2856 hominum,
1661 2795 1748 2848 est
1774 2808 1907 2848 caro
1939 2791 2083 2847 dun-

424 2889 603 2955 taxat,
639 2885 738 2941 sed
774 2885 1182 2958 unusquisque
1215 2886 1483 2939 nostrum
1513 2882 1747 2955 genitus
1773 2884 1862 2937 est
1904 2879 2079 2936 homo

422 2992 490 3032 ex
524 2975 783 3041 homine,
832 2992 947 3031 non
1007 2974 1161 3047 quod
1222 2973 1420 3029 anima
1475 2970 1777 3028 rationalis
1833 2969 2073 3025 alterum

424 3065 681 3121 animam
740 3062 1086 3141 rationalem
1146 3062 1444 3135 genuerit;
1500 3059 1767 3133 quamvis
1800 3059 1971 3115 homo
2002 3057 2079 3114 sit

420 3166 491 3208 ex
520 3152 715 3209 anima
745 3151 1009 3208 rationali
1041 3155 1098 3207 et
1124 3166 1362 3223 corpore
1410 3148 1804 3222 compositus;
1865 3148 1946 3204 ita
1999 3148 2074 3203 il-

419 3238 671 3313 lum,qui
704 3257 772 3298 ex
803 3241 987 3296 Maria
1014 3241 1251 3313 genitus
1281 3239 1625 3313 est,appello
1656 3238 2074 3309 Deum,animm

415 3329 685 3387 videlicet
711 3335 767 3387 et
793 3329 1019 3403 corpori
1054 3330 1305 3385 unitum.
1358 3328 1864 3395 Quemadmodum
1915 3326 2072 3382 enim

415 3419 467 3476 si
521 3420 720 3476 anima
775 3418 1002 3492 corpori
1055 3418 1222 3474 unita
1250 3418 1445 3486 fuerit,
1478 3417 1741 3491 gignitur
1772 3417 1943 3472 homo
1970 3433 2074 3488 per

2270 2435 2324 2490 6.
2361 2431 2596 2489 Ἀπολλ.
2631 2433 2835 2488 Οὐκοῦν
2869 2433 2967 2489 οὐκ
2991 2430 3131 2491 ἔστιν
3183 2432 3472 2512 ἄνθρωπος
3525 2435 3554 2490 6
3608 2451 3835 2508 γεγεννησ

2203 2517 2362 2593 μένος
2395 2521 2454 2577 ἐκ
2487 2521 2740 2600 Μαρίας;
2774 2524 2923 2595 Ὀρθ.
2954 2524 3135 2581 Μόνον
3162 2522 3472 2601 ἅνθρωπος,
3496 2520 3579 2581 οὔ.
3612 2517 3839 2578 Ἄπολλ.

2198 2608 2377 2665 Ἀλλά
2404 2611 2493 2666 καὶ
2523 2611 2574 2666 τί
2601 2631 2613 2681 ;
2647 2612 2795 2688 Ὀρθ.
2832 2612 3007 2669 Ἀλλὰ
3037 2614 3125 2668 καὶ
3157 2614 3306 2677 Θεός’
3341 2616 3421 2678 ὡς
3451 2613 3552 2692 γὰρ
3594 2609 3690 2667 οὐκ
3736 2607 3837 2664 ἔστι

2200 2698 2363 2772 μόνον
2427 2701 2553 2776 σὰρξ
2613 2702 2784 2756 Ἰσαὰν
2842 2704 3232 2780 γεγεννημένος
3281 2703 3339 2759 έκ
3424 2707 3527 2759 τοῦ
3579 2695 3834 2777 Ἀϐραὰμ,

2192 2785 2318 2843 οὐδὲ
2376 2786 2545 2852 ἄλλος
2600 2812 2681 2853 τις
2736 2796 2843 2846 τῶν
2889 2791 3211 2868 ἀνθρώπων,
3260 2792 3411 2850 ἀλλᾶ
3457 2789 3735 2868 ἅνθρωπος
3788 2785 3833 2857 ἐξ

2190 2876 2474 2954 ἀνθρώπου
2532 2878 2844 2956 γεγέννηται
2901 2877 3126 2944 ἕκαστος
3175 2885 3359 2954 ἡμῶν,
3396 2884 3460 2937 οὖ
3498 2878 3831 2956 γεννωμένης

2188 2969 2374 3043 ψυχῆς
2407 2968 2635 3045 λογικῆς
2669 2969 2727 3023 ἐκ
2764 2972 2952 3045 ψυχῆς
3001 2968 3256 3046 λογικῆς·
3301 2971 3550 3047 καίτοιγε
3603 2972 3699 3025 τοῦ
3753 2965 3833 3020 ἆν-

2186 3057 2409 3133 6ρώπου
2444 3057 2504 3113 ἐκ
2532 3061 2714 3135 ψυχῆς
2745 3057 2976 3133 λογικῆς
3021 3060 3110 3114 καὶ
3161 3060 3417 3135 σώματος
3461 3057 3821 3137 συγκειμένου·

2186 3146 2325 3202 οὕνω
2357 3148 2484 3204 Θεὸν
2516 3146 2662 3224 λέγω
2705 3149 2797 3203 τὸν
2844 3146 2904 3204 ἐκ
2948 3148 3160 3223 Μαρίας
3208 3150 3632 3227 γεγεννημένον,
3680 3146 3824 3222 ψυχῇ

2183 3236 2271 3292 καὶ
2332 3237 2543 3311 σώματι
2604 3238 2884 3295 ἑνωθέντα.
2935 3238 3179 3313 Καθάπερ
3228 3240 3331 3317 γὰρ
3364 3240 3626 3305 ἑνωθεῖσα
3678 3234 3823 3311 ψυχὴ

2183 3328 2418 3401 σώματι,
2452 3333 2701 3403 γεννᾶται
2733 3324 3013 3401 ἄνθρωπος
3045 3325 3132 3384 διὰ
3162 3329 3442 3405 γυναικὸς,
3500 3328 3671 3390 οὕτως
3702 3326 3826 3381 ἒνω·

2181 3416 2290 3479 θεὶς
2330 3417 2458 3479 Θεὸς
2515 3417 2694 3492 Λόγος
2752 3420 2907 3493 ψυχῇ
2968 3417 3057 3473 καὶ
3117 3418 3354 3492 σώματι,
3411 3419 3670 3496 ἆγεννήθη
3703 3414 3825 3475 Θεὸς

415 3509 747 3575 mulierem,
779 3508 860 3563 ita
893 3512 1043 3563 Deus
1066 3506 1445 3575 Verbum,ubi
1478 3506 1707 3561 unitum
1742 3509 1832 3561 est
1862 3505 2071 3561 animae

2194 3504 2273 3559 mi
2324 3502 2606 3583 ἄνθρωπος
2654 3505 2742 3560 διὰ
2790 3505 3064 3581 γυναικός.
3116 3505 3350 3564 Ἀπολλ.
3399 3507 3651 3583 Καίτοιγε
3710 3528 3731 3557 ι
3776 3500 3831 3557 ἐκ

416 3603 477 3655 et
506 3597 995 3671 corpori,genilus
1018 3603 1106 3653 est
1135 3597 1291 3653 Deus
1320 3601 1377 3652 et
1407 3596 1581 3652 homo
1613 3613 1716 3669 per
1746 3594 2074 3651 mulierem.

417 3688 593 3761 Apoll.
626 3687 796 3759 Atqui
831 3708 859 3739 α
889 3704 957 3743 ex
989 3686 1234 3742 muliere
1267 3708 1293 3733 »
1328 3686 1610 3757 scriptum
1646 3689 1735 3741 est
1780 3685 1845 3740 ⁷⁸.
1911 3685 2072 3741 Orlh.

417 3776 501 3833 Ex
540 3774 804 3849 muliere,
833 3775 1158 3832 secundum
1188 3791 1426 3843 parnem
1461 3790 1474 3828 :
1511 3790 1614 3846 per
1645 3773 1951 3829 mulierem
1985 3791 2073 3829 se-

418 3867 678 3924 cundum
713 3865 1021 3939 Spiritum.
1059 3863 1250 3937 Apoll.
1288 3863 1565 3936 Proprius
1598 3862 1693 3918 ille
1729 3864 1821 3918 Dei
1870 3863 2072 3934 Filius,

420 3974 594 4031 quem
655 3974 757 4029 pro
812 3954 979 4012 nobis
1037 3953 1298 4021 tradidit,
1349 3952 1621 4025 quisnam
1652 3960 1757 4019 esl,
1788 3952 2073 4021 Verbum,

422 4065 494 4105 an
533 4046 746 4104 homo?
777 4044 927 4102 Orth.
963 4042 1237 4116 Proprius
1268 4041 1367 4097 Dei
1428 4041 1607 4097 Filius
1657 4040 1752 4096 ille
1810 4047 1918 4113 est,
1971 4042 2073 4113 qui

421 4160 452 4190 ‹‹
520 4133 854 4191 humiliavit
912 4134 1322 4204 semetipsum,
1389 4130 1635 4186 formam
1703 4131 1851 4185 servi
1920 4131 2071 4186 acci-

417 4226 586 4300 piens
641 4225 707 4294 ⁷⁷,
770 4247 792 4274 ι
854 4227 913 4280 et
957 4222 1017 4279 in
1074 4221 1178 4277 illa
1236 4217 1429 4277 servili
1465 4221 1647 4275 forma
1677 4219 1930 4274 traditus
1961 4225 2070 4275 est.

416 4316 592 4390 Apoll.
625 4314 751 4370 Non
782 4313 964 4387 igitur
989 4311 1164 4368 Jesus
1196 4327 1265 4367 ex
1296 4308 1479 4365 Maria
1508 4309 1768 4382 genitus,
1818 4310 1917 4365 sed
1972 4327 2075 4381 per

416 4423 545 4463 eam
576 4404 841 4479 genitum
874 4401 1150 4467 Verbum,
1184 4400 1234 4456 is
1265 4403 1375 4467 est,
1409 4400 1507 4471 qui
1542 4397 1926 4470 semetipsum
1964 4399 2070 4453 hu-

416 4495 665 4553 miliavit
697 4508 885 4566 usque
914 4491 985 4547 ad
1018 4494 1288 4546 mortem.
1325 4489 1484 4546 Orlh.
1517 4487 1598 4543 Ne
1646 4504 1853 4559 separa
1900 4487 2071 4542 unio—

415 4601 555 4642 nam
583 4583 764 4640 semel
796 4581 1045 4637 unitam.
1081 4579 1198 4635 Dixi
1234 4577 1412 4648 enim,
1444 4594 1575 4632 eum
1611 4592 1739 4632 esse
1771 4577 2069 4648 proprium

416 4672 654 4741 Filium,
686 4672 784 4744 qui
812 4687 879 4726 ex
907 4686 975 4725 ea
1019 4668 1095 4724 sit
1152 4667 1474 4724 secundum
1532 4681 1791 4729 carnem,
1855 4668 1913 4719 et
1971 4682 2074 4737 per

415 4780 545 4820 eam
598 4759 923 4817 secundum
956 4757 1259 4831 Spiritum.
1295 4755 1470 4826 Apoll.
1505 4755 1653 4825 Ergo
1684 4752 1938 4808 Verbum
1970 4770 2074 4824 per

415 4869 545 4909 eam
568 4849 831 4924 genitum
855 4845 1191 4903 humiliavit
1215 4844 1597 4915 semetipsum
1624 4858 1809 4913 usque
1831 4843 1898 4897 ad
1924 4859 2071 4898 mor-

413 4947 556 5001 tem.
589 4940 747 5000 Orth.
784 4942 932 4993 Deus
962 4935 1217 4991 Verbum
1254 4933 1437 5005 igitur
1494 4949 1595 5004 per
1649 4929 1839 5002 ipsam
1901 4933 2065 5005 geni—

410 5036 560 5103 tum,
585 5048 717 5088 cum
752 5045 864 5085 non
899 5030 1099 5100 posset
1127 5026 1184 5080 in
1216 5024 1346 5096 ipsa
1377 5022 1607 5077 deitatis
1640 5027 1848 5078 natura
1880 5022 2069 5078 humi-

2183 3596 2438 3668 γυναικὸς
2516 3618 2545 3645 ››
2610 3593 2925 3671 γέγραπται.
3001 3596 3151 3670 Ὀρθ.
3224 3597 3317 3652 Ἐκ
3388 3596 3643 3675 γυναικὸς
3704 3590 3830 3648 κατᾶ

2186 3684 2375 3760 σάρκα,
2436 3679 2526 3738 διὰ
2580 3689 2679 3753 τῆς
2740 3684 2992 3759 γυναικὸς
3050 3685 3186 3741 κατὰ
3231 3689 3465 3760 πνεῦμα.
3518 3681 3747 3745 Ἀπολλ.
3777 3681 3829 3735 Ὁ

2188 3769 2324 3835 ἴδιος
2384 3773 2505 3836 Υἱὸς
2565 3778 2661 3829 τοῦ
2718 3778 2873 3847 Θεοῦ,
2935 3774 2992 3829 ὅν
3059 3771 3369 3850 παρέδωκεν
3451 3776 3586 3852 ὑπὲρ
3653 3775 3828 3845 ἡμῶν,

2183 3862 2266 3924 τίς
2301 3861 2484 3933 ἐστιν;
2548 3863 2575 3918 ὁ
2640 3862 2836 3939 Λόγος,
2895 3864 2929 3933 ἢ
2983 3862 3011 3917 6
3045 3861 3363 3941 ἅνθρωπος
3425 3870 3577 3942 Ὀρθ.
3609 3864 3668 3921 Ὀ
3700 3856 3829 3920 ἴδιος

2186 3951 2309 4015 Υἱὸς
2333 3957 2430 4008 τοῦ
2486 3957 2641 4026 Θεοῦ,
2704 3953 2863 4016 αὐτός
2916 3953 3053 4009 ἐστιν
3110 3979 3132 4005 ιι
3188 3953 3587 4018 ὀταπεινώσας
3622 3950 3823 4015 ἑαυτὸν,

2188 4048 2402 4120 μορφήν
2430 4040 2635 4097 δούλου
2659 4037 2867 4111 λαϐὼν,
2895 4066 2921 4094 ››
2947 4044 3036 4098 καὶ
3056 4042 3107 4098 έν
3125 4042 3260 4118 αὐτῇ
3290 4047 3359 4119 τῇ
3393 4042 3624 4118 δουλικῇ
3652 4040 3824 4117 μορφῇ

2183 4129 2522 4208 παραδοθείς.
2581 4131 2813 4190 ’Δπολλ.
2861 4132 2984 4208 Οὐχ
3034 4131 3061 4186 ὀ
3099 4132 3374 4209 γεννηθεὶς
3406 4134 3500 4189 οῦν
3530 4133 3591 4189 ἐκ
3622 4128 3824 4206 Μαρίας

2185 4223 2414 4292 Ἰησοῦς,
2450 4219 2576 4277 ἀλλ’
2619 4221 2646 4275 ὀ
2680 4222 2959 4298 γεννηθεὶς
2991 4218 3061 4275 δι’
3091 4220 3256 4291 αὐτῆς
3294 4222 3487 4299 Λόγος,
3520 4221 3677 4283 αὐτὸς
3710 4220 3824 4273 ἑαυ-

2180 4311 2272 4365 τὸν
2306 4310 2628 4365 ὲταπείνωσε
2681 4311 2847 4386 μέχρι
2899 4310 3146 4375 θανάτου,
3201 4312 3345 4385 Ὀρθ,
3406 4313 3501 4382 Μή
3535 4309 3705 4385 δίαιρε
3732 4305 3823 4373 τὴν

2184 4400 2321 4470 ἅπαξ
2364 4398 2649 4463 ἐνωθεῖσαν
2698 4395 2908 4455 ἕνωσιν.
2964 4399 3128 4457 Εἶπον
3160 4400 3286 4477 γὰρ,
3319 4400 3401 4455 ὅτι
3434 4399 3599 4462 αὐτός
3628 4397 3763 4454 ἐστιν
3798 4390 3823 4447 ὅ

2177 4485 2322 4551 ’ίδιος
2358 4489 2500 4555 Υἱὸς,
2532 4487 2559 4541 ὀ
2594 4487 2642 4557 ἐξ
2672 4487 2840 4569 αρτἦς
2872 4489 3007 4544 κατὰ
3056 4491 3247 4567 σάρκα,
3280 4489 3369 4545 καὶ
3401 4486 3471 4545 δι’
3503 4490 3670 4557 αὐτῆς
3700 4480 3826 4540 κατὰ

2183 4582 2412 4648 πνεῦμα.
2463 4574 2699 4633 Ἀπολλ.
2746 4582 2801 4632 '0
2845 4575 2913 4632 δι’
2952 4578 3121 4648 αὐτῆς
3153 4578 3244 4633 οῦν
3275 4577 3452 4655 Λόγος
3482 4573 3822 4634 ἐταπείνωσεν

2182 4666 2370 4721 ἑαυτὸν
2423 4666 2589 4742 μέχρι
2646 4665 2890 4721 θανάτου.
2957 4666 3103 4743 Ὀρθ.
3163 4669 3224 4725 Ὀ
3270 4664 3341 4722 δι’
3371 4667 3542 4739 αὐτῆς
3572 4666 3662 4723 οὗν
3702 4660 3822 4720 Θεὸς

2182 4754 2381 4830 Λόγος,
2417 4754 2479 4809 οὐ
2506 4753 2801 4829 δυνάμενος
2826 4760 2894 4830 τῇ
2928 4755 3080 4834 φύσει
3111 4763 3212 4825 τῆς
3262 4756 3520 4827 θεότητος
3567 4770 3814 4812 ταπεινω-

2183 4847 2337 4914 θῆναι
2372 4844 2537 4921 μέχρι
2581 4846 2828 4916 θανάτου,
2862 4840 3052 4901 ἔλαϐεν
3086 4845 3260 4918 ἑαυτῷ
3302 4844 3353 4917 ἐξ
3384 4846 3552 4918 αὐτῆς
3581 4841 3819 4917 ἔμψυχον

2181 4939 2358 5006 σῶμα,
2396 4934 2454 4989 τὸ
2490 4930 2785 5005 δυνάμενον
2834 4942 3235 5004 ταπεινωθῆναι
3290 4936 3456 5012 μέχρι
3499 4933 3738 5000 Θανάτου,
3789 4923 3819 4979 ὅ

2180 5022 2291 5077 ἐστι
2326 5024 2511 5101 μορφὴ
2543 5019 2767 5078 δούλου.

411 5121 555 5179 liare
585 5137 647 5178 se
680 5135 868 5192 usque
898 5118 968 5173 ad
1001 5118 1272 5182 mortem,
1306 5128 1518 5183 corpus
1548 5127 1615 5167 ex
1644 5128 1708 5167 ea
1742 5112 1853 5167 sibi
1880 5113 2217 5186 absumpsit
2245 5100 2596 5185 animatum,
2646 5114 2798 5185 quod
2850 5114 2921 5170 ad
2981 5119 3227 5171 mortem
3287 5131 3477 5189 usque
3529 5100 3808 5171 humiliari

408 5214 628 5283 posset,
659 5209 717 5264 id
750 5211 840 5263 est
868 5206 1117 5261 formam
1149 5200 1318 5258 servi.

477 5300 532 5355 7.
567 5298 739 5372 Apoll.
776 5295 929 5353 Deus
958 5310 1095 5367 ergo
1126 5308 1336 5365 passus
1371 5294 1458 5346 est
1490 5307 1591 5363 pro
1650 5289 1837 5345 nobis.
1896 5291 2063 5347 Orth.

406 5388 584 5463 Deus,
610 5386 772 5445 unito
805 5383 916 5443 sibi
947 5398 1186 5456 corpore
1219 5381 1415 5436 anima
1444 5378 1708 5452 praedito,
1728 5379 1882 5452 quod
1919 5380 2067 5437 mori

477 5583 522 5619 ⁷⁵
555 5583 577 5640 Ι
607 5586 735 5639 Cor.
765 5597 846 5649 vx,
881 5582 966 5635 17.
1043 5578 1087 5613 ⁷⁸
1116 5574 1303 5633 Galat.
1339 5592 1415 5645 ιν,
1449 5575 1501 5629 4.
1578 5574 1620 5610 ⁷⁷
1651 5573 1903 5648 Philipp.
1938 5590 2000 5642 ιι,
2031 5574 2086 5629 8.

477 5781 595 5857 (74)
625 5776 808 5834 Palat.
838 5770 1263 5851 σεσαρκωμὲνος,
1300 5772 1467 5830 male.

2249 5292 2303 5346 7.
2336 5286 2574 5345 Ἀπολλ.
2611 5289 2742 5352 Θεὸς
2774 5286 2864 5344 οῦν
2898 5285 3087 5353 ἔπαθεν
3125 5289 3258 5368 ὑπὶρ
3289 5292 3475 5364 ἡμῶν.
3516 5290 3659 5364 Ὀρθ.
3690 5277 3812 5339 θεὸς

2179 5379 2384 5441 ἓνώσας
2440 5379 2612 5450 ἑαυτῷ
2671 5379 2833 5453 σῶμα
2885 5376 3160 5455 ἔμψυχον,
3218 5379 3281 5435 τὸ
3340 5376 3633 5452 δυνάμενον
3690 5369 3815 5427 διποο

2213 5774 2325 5847 (75)
2356 5773 2445 5832 Sic
2478 5790 2624 5832 mss.
2657 5788 2883 5832 omnes.
2916 5773 3070 5832 Editi
3101 5790 3257 5847 vero,
3291 5772 3487 5840 οϐτως.
