4116 6378
284 443 430 510 ΗΘΙ

1240 448 1341 510 DE
1386 446 1684 512 SANCTA
1730 447 2153 512 TRINITATE
2203 448 2594 513 DIALOGUS
2639 452 2745 515 ιν.

3545 462 3701 524 1262

279 586 478 643 θανεῖν.
512 579 586 633 Οὐ
619 579 720 654 γὰρ
751 578 901 658 φύσει
955 580 1213 651 θεότητος
1272 581 1402 655 ὑπὲρ
1453 585 1612 654 ἡμῶν
1661 581 1934 653 απὲθανεν,

2049 589 2264 653 posset.
2301 584 2498 655 Neque
2531 586 2685 640 enim
2717 587 2773 640 in
2811 589 2939 659 ipsa
2970 591 3200 647 deitatis
3234 599 3443 650 natura
3475 613 3578 666 pro
3602 614 3696 652 no-

279 667 408 723 ἀλλ’
449 668 692 730 ἒνώσεως
743 668 1044 740 οἰκονομίᾳ.
1081 669 1315 724 ’Δπολλ.
1355 669 1413 724 Ι·ὶί
1465 671 1648 745 ψυχὴν
1707 669 1938 743 λογικὴν

279 757 400 832 εἶχε
430 757 492 810 τὸ
524 761 700 828 σῶμα,
737 755 844 831 οὐχ
873 757 900 810 6
931 757 1083 827 Θεὸς,
1115 755 1242 812 ἀλλ’
1273 759 1301 811 6
1334 754 1613 829 ἄνθρωπος
1657 757 1935 820 ἀπέθανεν.

281 847 433 918 Ὀρθ.
463 852 518 898 '0
565 845 672 898 ἀπὸ
718 849 816 900 τοῦ
866 846 1121 917 σώματος
1168 853 1266 915 τῆς
1300 849 1484 921 ψυχῆς
1517 847 1806 922 χωρισμὸς
1839 846 1937 900 θά-

279 956 442 996 νατος
494 933 734 1008 λέγεται,
764 935 799 1002 ἢ
834 931 936 1003 οὕ;
969 933 1204 990 Ἀπολλ.
1241 935 1362 992 Ναί.
1417 937 1557 1010 Ὀρθ.
1591 938 1792 1009 ’Ὠσπερ
1844 936 1935 989 οὗν

282 1024 387 1079 οὐκ
414 1021 652 1093 ἠδύνατο
685 1024 712 1076 ὁ
743 1023 871 1084 Θεὸς
903 1023 954 1078 ἐν
989 1026 1229 1096 μνήματι
1263 1024 1351 1077 καὶ
1385 1029 1434 1078 ὲν
1476 1027 1619 1102 ταφῇ
1668 1025 1936 1100 γενέσθαι,

279 1113 327 1166 εἰ
363 1113 440 1184 μὴ
474 1111 590 1187 εἶχε
615 1111 676 1166 τὸ
705 1113 986 1184 τιθέμενον
1029 1117 1210 1180 σῶμα,
1244 1112 1417 1173 οὕτως
1469 1111 1568 1166 οὐκ
1625 1112 1682 1166 ἂν
1736 1111 1938 1188 ἐλὲχθη

274 1201 609 1276 κεχωρίσθαι
643 1204 737 1254 τοῦ
769 1201 1046 1272 σώματος,
1079 1205 1357 1276 πανταχοῦ
1391 1197 1487 1266 ὢν,
1520 1200 1609 1254 καὶ
1659 1201 1726 1255 τά
1766 1200 1939 1255 πάντα

279 1291 582 1365 περιέχων,
642 1289 688 1344 εἰ
763 1290 838 1362 μὴ
921 1291 1035 1365 εἶχε
1103 1291 1202 1358 τὴν
1284 1289 1668 1364 χωριζομένην
1731 1291 1936 1365 ψυχὴν,

291 1381 408 1451 μεθ’
437 1381 504 1446 ἧς
536 1379 625 1432 καὶ
652 1383 768 1440 τοῖς
800 1378 853 1433 ἐν
887 1373 1018 1447 ᾅδου
1051 1377 1460 1454 εὐηγγελίσατο.
1497 1379 1594 1433 Διά
1637 1379 1738 1454 γὰρ
1770 1378 1935 1446 αὐτὴν

288 1468 378 1522 καὶ
410 1469 711 1542 ἀναχωρεῖν
743 1471 840 1521 τοῦ
872 1468 1124 1539 σώματος
1176 1466 1414 1542 λέγεται,
1443 1469 1532 1522 καὶ
1580 1467 1632 1522 ἐν
1665 1463 1796 1536 ᾅδου
1845 1488 1938 1541 γε-

287 1557 557 1630 γενῆσθαι.
591 1557 687 1609 Καὶ
729 1554 890 1609 τοῦτό
941 1554 1048 1609 ἐστι
1099 1555 1160 1610 τὸ
1209 1555 1341 1630 ὑπὲρ
1391 1558 1553 1627 ἡμῶν
1587 1554 1637 1608 ἐν
1673 1550 1802 1624 ᾅδου
1849 1576 1937 1630 γε·

285 1644 464 1707 νὲσθαι
499 1642 588 1697 διὰ
617 1644 716 1711 τήν
751 1645 963 1718 ψυχὴν,
995 1645 1086 1698 καὶ
1118 1643 1168 1698 ἐν
1203 1645 1448 1716 μνήματι
1476 1646 1692 1712 τεθῆναι
1743 1641 1830 1698 διὰ
1876 1643 1939 1698 τὸ

284 1738 460 1805 σῶμα.
498 1718 735 1787 ἈπὸλΛ.
772 1733 911 1809 Ἐγὼ
942 1732 1292 1804 πεπίστευκα,
1327 1731 1408 1786 ὅτι
1440 1733 1468 1786 6
1499 1733 1628 1793 Θεὸς
1664 1732 1838 1806 Λόγος
1869 1735 1936 1804 τῇ

284 1822 478 1876 ἑαυτοῦ
533 1820 804 1895 παρουσίᾳ
851 1821 1096 1897 ἐμψυχοῖ
1142 1821 1202 1874 τὸ
1248 1824 1425 1893 σῶμα,
1472 1822 1560 1875 καὶ
1608 1821 1794 1896 χρείαν
1843 1819 1940 1874 οὐκ

286 1913 403 1984 εἶχε
431 1915 640 1984 ψυχῆς.
678 1911 827 1985 Ὀρθ.
860 1911 946 1971 Ὡς
979 1910 1055 1971 είς
1087 1910 1148 1964 τὸ
1179 1911 1510 1984 κρατηθῆναι
1552 1909 1640 1964 καὶ
1693 1929 1934 1982 σταυρω-

289 2007 468 2068 θῆναι,
502 2000 591 2053 καὶ
620 2006 880 2076 ταφῆναι,
905 1997 997 2052 ’ίνα
1049 1999 1124 2070 μή
1179 1996 1398 2068 δοκήσει
1441 1999 1469 2052 6
1513 1998 1737 2074 σταυρὸς
1775 1996 1933 2073 γένη-

282 2110 393 2157 ται,
426 2087 554 2142 ἀλλ’
585 2085 836 2158 ἀληθείᾳ·
872 2088 1044 2148 οὕτως
1071 2086 1162 2141 καὶ
1194 2087 1268 2148 εἶς
1301 2087 1363 2142 τὸ
1394 2086 1704 2159 ἀποθανεῖν,
1744 2086 1833 2140 καὶ
1883 2084 1934 2141 ἐν

285 2173 416 2246 ᾅδου
470 2177 736 2251 γενέσθαι,
789 2175 978 2252 χρείαν
1033 2175 1149 2250 εἶχε
1197 2178 1404 2251 ψυχῆς.
1461 2175 1589 2250 Περὶ
1635 2175 1783 2236 τίνος
1832 2177 1936 2250 γάρ

287 2266 516 2340 εἴρηται.
555 2260 641 2320 ὅτι
676 2289 704 2316 ‹‹
737 2262 938 2340 ἤρξατο
970 2263 1254 2328 λυπεῖσθαι
1286 2264 1375 2318 καὶ
1419 2264 1650 2340 ἀγωνιᾷν
1699 2261 1802 2324 ἕως
1846 2276 1940 2327 θαο

281 2357 481 2424 νάτου;
519 2379 546 2406 ››
597 2354 723 2430 Περὶ
771 2359 868 2408 τοῦ
915 2355 1168 2426 σώματος
1211 2358 1309 2408 τοῦ
1359 2353 1710 2423 ἀναισθήτοο,
1759 2354 1793 2421 ἢ
1842 2350 1940 2407 τοῦ

288 2450 428 2501 Θεοῦ
478 2444 693 2519 Λόγου;
729 2441 963 2499 Ἀπολλ.
999 2443 1096 2497 Καὶ
1128 2445 1290 2513 ἡμεῖς
1343 2441 1598 2517 λέγομεν,
1630 2441 1711 2496 ὅτι
1747 2440 1934 2511 αἶ’σθη-

287 2556 369 2589 σιν
401 2537 520 2610 εἶχε
549 2536 610 2589 τὸ
643 2539 823 2604 σῶμα,
856 2531 906 2585 ἐν
1005 2532 1093 2586 καὶ
1142 2528 1338 2605 ᾔσθετο
1385 2535 1482 2586 τοῦ
1529 2532 1754 2592 πάθους.
1789 2531 1940 2604 Ὀρθ,

290 2628 458 2697 Σῶμα
489 2621 547 2678 δὲ
577 2620 825 2692 αἴσθησιν
863 2618 989 2696 ἕχον
1034 2615 1285 2694 ἔμψυχόν
1335 2619 1499 2674 ἐστιν.
1531 2620 1602 2672 Τὸ
1650 2620 1754 2694 γὰρ
1804 2617 1941 2692 ἄψυ-

289 2734 389 2788 χον
421 2712 511 2767 καὶ
553 2709 872 2781 ἀναίσθητόν
919 2709 1082 2767 ἐστιν.
1117 2713 1277 2763 ’Ώστε
1311 2709 1338 2762 6
1368 2707 1706 2769 ταπεινώσας
1753 2708 1939 2762 ἑαυτὸν

292 2803 459 2878 μέχρι
518 2800 747 2856 θανάτου
795 2799 883 2853 καὶ
933 2798 1240 2865 ἀποθανὼν,
1287 2797 1422 2859 Θεός
1472 2796 1634 2866 ἐστιν,
1676 2796 1737 2851 οὗ
1789 2795 1940 2874 φύσει

287 2892 543 2961 θεότητος
593 2889 966 2957 ἀποθνήσκων,
1017 2885 1143 2942 ἀλλ’
1187 2887 1424 2947 ὲνώσεως
1477 2885 1781 2957 οἰκονομίᾳ.
1832 2892 1942 2954 Τῆς

288 2981 392 3055 γάρ
425 2977 848 3054 ἀνθρωπότητος
893 2977 960 3030 τὰ
1009 2974 1154 3044 πάθη
1209 2977 1399 3029 ἑαυτοῦ
1449 2974 1591 3044 πάθη
1646 2973 1938 3048 ἐλογίζετο.

288 3069 385 3123 Καὶ
439 3068 619 3144 ὥσπερ
669 3063 928 3120 ἀδύνατον
980 3065 1040 3133 ἦν
1091 3061 1520 3138 προσηλωθῆναι
1575 3068 1809 3139 σταυρῷ,
1853 3062 1940 3116 καὶ

282 3161 517 3227 ταφῆναι
550 3153 775 3223 σινδόνι,
808 3154 898 3208 καὶ
929 3155 1147 3222 τεθῆναι
1181 3153 1234 3208 ἐν
1288 3155 1530 3225 μνήματι
1586 3149 1705 3206 ἄνευ
1751 3153 1942 3224 σώμα-

286 3223 401 3308 τος·
437 3245 610 3306 οὕτως
645 3241 902 3298 ἀδύνατον
952 3242 1020 3310 ἦν
1070 3241 1229 3296 αὐτὸν
1283 3241 1575 3318 ἀγωνιᾶσαι
1605 3239 1728 3295 ἄνευ
1759 3243 1943 3315 ψυχῆς

1967 1955 2015 2020 Β

2050 673 2136 726 bis
2171 678 2436 728 mortuus
2486 679 2596 739 est,
2645 676 2744 730 sed
2797 679 3078 734 unitionis
3126 683 3467 739 ceconomia.
3521 685 3696 756 Apoll.

2047 759 2107 814 Si
2138 762 2395 816 animam
2430 763 2672 816 rationis
2701 767 3042 836 participem
3081 768 3282 824 habuit
3312 786 3547 842 corpus,
3582 790 3698 829 non

2048 849 2339 913 Deus,sed
2374 850 2550 905 homo
2584 859 2852 908 mortuus
2881 861 2990 910 est.
3025 855 3177 912 Orlh.
3211 858 3510 918 Diciturne
3540 878 3699 919 mors

2048 939 2342 1007 separatio
2391 940 2600 993 animae
2631 958 2663 994 a
2693 958 2950 1012 corpore,
2989 961 3177 1000 annon
3199 945 3226 1000 ?
3260 949 3435 1018 Apoll.
3488 950 3695 1006 Etiam.

2050 1022 2208 1077 Orth.
2257 1024 2418 1078 Sicut
2447 1040 2582 1096 ergo
2616 1043 2730 1082 non
2784 1031 2974 1099 potuit
3018 1029 3173 1086 Deus
3206 1033 3264 1088 in
3315 1041 3699 1093 monumento

2047 1113 2104 1164 et
2133 1109 2438 1179 sepultura
2465 1113 2707 1182 versari,
2742 1114 2854 1169 nisi
2887 1116 3220 1188 depositum
3257 1136 3323 1175 eo
3353 1137 3564 1194 corpus
3592 1123 3697 1179 ha-

2048 1197 2273 1252 buisset
2305 1213 2318 1252 :
2356 1199 2438 1253 ita
2484 1199 2660 1254 etiam
2697 1219 2812 1257 non
2847 1205 3140 1262 diceretur
3168 1214 3476 1282 separatus
3515 1211 3700 1269 fuisse

2048 1301 2082 1340 a
2130 1302 2390 1357 corpore,
2423 1287 2523 1359 qui
2555 1289 2633 1344 sit
2681 1290 2898 1362 ubique
2928 1297 2986 1348 et
3014 1298 3214 1352 omnia
3253 1298 3697 1372 complectatur,

2050 1374 2161 1429 nisi
2194 1374 2500 1431 habuisset
2528 1384 2858 1448 separatam
2888 1385 3170 1451 animam,
3205 1403 3337 1441 cum
3373 1405 3491 1460 qua
3520 1389 3696 1445 etiam

2048 1463 2246 1532 iis,qui
2279 1466 2432 1535 apud
2466 1466 2683 1521 inferos
2713 1475 2900 1534 erant,
2934 1472 3312 1544 Evangelium
3348 1477 3698 1547 praedicavit.

2049 1555 2294 1622 Propter
2338 1552 2487 1607 hanc
2538 1556 2692 1610 enim
2745 1561 2800 1610 et
2850 1558 3194 1618 discessisse
3243 1579 3311 1619 ex
3353 1581 3615 1637 corpore,
3643 1570 3702 1622 et

2047 1642 2200 1711 apud
2237 1641 2456 1696 inferos
2489 1643 2671 1698 fuisse
2698 1646 2852 1700 408
2887 1649 3248 1716 perhibetur.
3283 1655 3399 1708 Hoc
3429 1653 3575 1710 illud
3609 1660 3701 1711 et

2050 1729 2248 1799 igitur,
2283 1746 2387 1802 pro
2419 1731 2589 1786 nobis
2641 1733 2820 1790 fuisse
2853 1737 3006 1806 apud
3058 1737 3277 1796 inferos
3310 1745 3545 1813 propter
3570 1743 3697 1798 ani-

2049 1833 2229 1886 mam,
2271 1824 2329 1873 et
2377 1819 2434 1873 in
2486 1828 2868 1878 monumento
2919 1825 3122 1894 fuisse,
3173 1834 3412 1899 propter
3461 1845 3694 1903 corpus.

2047 1907 2226 1974 Apoll.
2252 1907 2434 1962 Credo
2465 1923 2572 1980 ego
2598 1910 2774 1964 Deum
2811 1911 3067 1969 Verbum
3101 1931 3208 1970 sua
3234 1920 3539 1984 prasentia
3569 1936 3696 1975 cor-

2047 2013 2157 2068 pus
2206 1997 2350 2052 illud
2402 1999 2717 2063 animasse.
2764 2017 2869 2056 nec
2921 2019 3068 2074 opus
3117 2005 3201 2059 illi
3251 2005 3430 2064 fuisse
3477 2009 3696 2066 anima.

2048 2085 2198 2141 Orlh.
2249 2086 2414 2140 Sicut
2442 2087 2512 2140 ad
2551 2087 2658 2143 hoc
2689 2094 2752 2144 ut
2781 2097 3106 2163 caperetur,
3139 2099 3198 2150 et
3236 2096 3696 2169 cruciﬁgeretur,

2047 2179 2102 2228 et
2134 2174 2494 2245 sepeliretur,
2529 2192 2634 2232 nec
2663 2179 2936 2248 opinione
2985 2186 3239 2254 tantum,
3273 2186 3372 2240 sed
3406 2190 3472 2241 ut
3502 2202 3699 2243 revera

2047 2279 2188 2317 crux
2219 2269 2411 2325 esset;
2447 2265 2530 2319 ita
2559 2282 2793 2338 quoque
2824 2270 2894 2323 ad
2929 2269 3037 2326 hoc
3072 2278 3135 2326 ut
3165 2278 3508 2339 moreretur,
3535 2280 3593 2330 et
3621 2276 3692 2331 ad

2047 2349 2264 2406 inferos
2294 2353 2534 2414 veniret.
2570 2370 2715 2423 Opus
2757 2356 2840 2411 illi
2875 2357 2983 2412 fuit
3013 2361 3229 2416 anima.
3266 2367 3341 2416 De
3390 2379 3506 2434 quo
3537 2363 3692 2419 enim

2048 2441 2269 2495 dictum
2301 2449 2386 2495 est
2414 2459 2425 2495 :
2463 2463 2490 2492 «
2521 2444 2700 2513 Cmpit
2730 2447 3082 2516 contristari,
3116 2455 3173 2504 et
3213 2450 3268 2504 in
3303 2466 3518 2522 angore
3566 2468 3697 2509 esse

2051 2546 2238 2600 usque
2267 2531 2336 2583 ad
2377 2535 2619 2586 mortem
2654 2533 2697 2566 ⁷⁸
2718 2532 2786 2586 ?»
2817 2533 2896 2589 De
2926 2551 3166 2606 corpore
3195 2555 3410 2594 sensus
3439 2544 3696 2612 experte,

2050 2636 2120 2672 an
2173 2619 2243 2673 de
2292 2619 2408 2674 Deo
2458 2619 2698 2676 Verbo?
2745 2623 2918 2693 Apoll.
2971 2623 3086 2679 Nos
3136 2642 3367 2697 quoque
3418 2628 3698 2696 dicimus,

2051 2723 2262 2778 corpus
2314 2707 2458 2762 illud
2512 2709 2690 2764 fuisse
2739 2725 2913 2766 sensu
2963 2714 3296 2783 praeditum,
3356 2733 3472 2787 quo
3520 2717 3695 2773 etiam

2053 2795 2378 2868 passionem
2432 2797 2697 2852 senserit.
2745 2800 2900 2856 Orth.
2952 2802 3127 2874 Atqui
3179 2819 3390 2875 corpus
3439 2806 3701 2862 sentiens

2050 2889 2140 2939 est
2169 2885 2685 2949 animatum.0uod
2711 2887 2865 2942 enim
2897 2893 2988 2944 est
3018 2890 3433 2960 inanimatum,
3464 2894 3518 2948 id
3553 2911 3700 2964 quo-

2052 2990 2164 3044 que
2195 2973 2337 3028 nihil
2373 2976 2567 3029 sentit.
2593 2976 2790 3048 Itaque
2814 2977 2966 3034 Deus
2989 2986 3096 3044 est,
3132 2981 3230 3051 qui
3265 2997 3394 3038 sese
3424 2982 3702 3040 humilia-

2052 3064 2132 3116 vit
2166 3079 2350 3134 usque
2383 3063 2450 3118 ad
2507 3070 2752 3119 mortem
2787 3071 2842 3120 et
2892 3073 3161 3123 mortuus
3192 3075 3298 3134 est,
3334 3088 3448 3126 non
3500 3077 3698 3129 tamen

2053 3153 2504 3223 mortuus,quod
2541 3153 2609 3208 ad
2645 3158 2915 3211 naturam
2948 3157 3182 3213 deitatis
3215 3158 3443 3230 attinet,
3476 3163 3574 3216 sed
3609 3176 3702 3218 se-

2052 3241 2304 3296 cundum
2342 3241 2624 3298 unitionis
2654 3245 3060 3300 oeconomiam.
3095 3246 3490 3303 Humanitatis
3544 3249 3701 3306 enim

293 3335 545 3408 λογικῆς·
598 3333 798 3408 ἄλογος
842 3331 943 3407 γὰρ
993 3331 1146 3406 ψυχὴ
1215 3329 1318 3384 οὐκ
1385 3330 1605 3406 ἀγωνιᾷ,
1659 3331 1936 3404 προγινώ·

2056 3330 2380 3402 passiones,
2415 3347 2552 3385 suas
2599 3348 2727 3386 esse
2759 3333 2941 3387 duxit.
2977 3334 3044 3387 Et
3086 3335 3238 3389 sicut
3277 3335 3398 3390 ﬁeri
3450 3353 3565 3393 non
3603 3355 3701 3410 po-

293 3444 490 3477 o'xcuoa
533 3424 774 3477 θάνατον·
828 3418 956 3476 ἀλλ’
987 3420 1060 3481 ὡς
1111 3420 1246 3495 βοῦς
1295 3417 1380 3473 ἐπὶ
1432 3421 1638 3496 σφαγήν
1672 3419 1876 3494 ἄγεται,
1903 3419 1937 3486 ἢ

289 3512 381 3566 καὶ
413 3511 485 3573 ὡς
514 3506 694 3586 ἕτερόν
726 3531 778 3564 τι
809 3513 915 3563 τῶν
945 3503 1187 3582 ἀλόγων.

2053 3420 2186 3483 tuit,
2223 3423 2286 3473 ut
2315 3420 2470 3474 cruci
2507 3419 2860 3492 afﬂgeretur,
2892 3426 2948 3476 et
2978 3422 3226 3478 sindone
3275 3424 3575 3482 involutus
3607 3441 3699 3482 se-

2053 3508 2352 3580 peliretur,
2387 3525 2452 3563 ac
2500 3509 2556 3562 in
2609 3524 2990 3566 monumento
3039 3511 3419 3569 collocaretur
3476 3515 3700 3588 absque

273 3619 560 3674 corpore;
595 3603 674 3656 ita
707 3599 831 3656 fieri
865 3615 982 3654 non
1016 3599 1225 3671 potuit,
1259 3604 1323 3653 ut
1353 3598 1576 3669 absque
1627 3597 1824 3653 anima
1856 3596 2123 3652 rationali
2157 3597 2217 3652 in
2267 3614 2482 3668 angore
2521 3605 2870 3654 versaretur.
2906 3599 3049 3656 Nam
3105 3601 3302 3657 anima
3332 3603 3577 3659 rationis
3607 3621 3703 3662 ex-

274 3709 432 3764 pers,
469 3707 581 3746 non
617 3691 854 3761 angitur
886 3693 1072 3744 morte
1103 3689 1386 3760 praevisa;
1420 3688 1518 3742 sed
1553 3692 1617 3740 ut
1649 3687 1772 3755 bos,
1808 3691 1909 3740 aut
1939 3685 2096 3740 aliud
2129 3687 2376 3758 quodvis
2410 3686 2646 3742 brutum
2681 3689 2751 3743 ad
2781 3690 3191 3746 mactationem
3223 3691 3474 3748 ducitur.

344 3797 399 3851 3.
453 3791 688 3848 ’Δπολλ.
741 3790 949 3848 Οὐκοῦν
1001 3789 1100 3845 οὐκ
1147 3792 1259 3864 (76)
1310 3788 1519 3864 ἐγένετο
1568 3788 1852 3860 ἄνθρωπος
1904 3789 1932 3842 6

285 3884 412 3945 Θὶὸς
471 3887 567 3936 τοῦ
611 3879 758 3946 1⁶εοῦ,
795 3879 922 3936 ἀλλ’
973 3879 1023 3934 ἐν
1074 3879 1366 3954 ἀνθρώπῳ.
1403 3876 1693 3933 Ἀδύνατον
1741 3875 1798 3932 δὲ
1843 3877 1934 3932 τὸν

278 3972 328 4027 ἐν
361 3973 632 4044 ἀνθρώπῳ
679 3969 990 4045 γενόμενον,
1021 3972 1211 4023 τοῦτον
1264 3972 1394 4022 εἶναι
1445 3965 1750 4042 ἄνθρωπον.
1783 3967 1931 4038 Ὀρθ.

278 4059 464 4138 Λὲγεις
517 4059 789 4136 γεγονέναι
837 4059 929 4113 τὸν
984 4056 1160 4131 Λόγον
1214 4056 1406 4132 σάρκα,
1458 4055 1492 4125 ἢ
1543 4052 1642 4124 οὕ;
1697 4053 1930 4111 Ἀπολλ.

279 4176 308 4203 ι(
359 4152 418 4208 Ὀ
470 4149 646 4224 Λόγος
697 4149 822 4221 σὰρξ
873 4147 1100 4222 ἐγένετο,
1153 4171 1181 4197 ››
1231 4145 1548 4222 γέγραπται.
1602 4146 1748 4218 Ὀρθ.
1799 4149 1932 4218 Τραα

281 4240 402 4301 πεὶς
453 4239 528 4301 εἷς
574 4239 763 4314 σάρκα,
795 4239 829 4306 ἢ
874 4235 925 4290 ἐν
975 4235 1131 4312 σαρκὶ
1176 4234 1508 4309 γενόμενος;
1557 4231 1791 4290 Ἀπολλ.
1844 4235 1930 4287 Ἐν

283 4329 439 4404 σαρκὶ
496 4328 810 4404 γενόμενος.
868 4327 1019 4402 Ὀρθ.
1083 4325 1148 4382 Ei‘
1200 4321 1458 4379 ἀδύνατον
1517 4325 1581 4392 ἦν
1636 4323 1794 4377 αὐτὸν
1841 4319 1932 4376 ἄν-

282 4428 500 4492 θρωπον
552 4415 821 4492 γενέσθαι,
856 4414 1147 4490 γενόμενον
1204 4413 1253 4467 ἐν
1308 4413 1600 4489 ἀνθρώπῳο
1660 4412 1749 4467 καὶ
1801 4408 1932 4466 ἀδό-

278 4527 435 4561 νατον
497 4509 564 4574 ἦν
623 4504 780 4560 αὐτὸν
839 4503 1008 4578 σάρκα
1060 4501 1645 4579 γενέσθαι,γενόμενον
1674 4500 1723 4556 ἐν
1757 4499 1932 4577 σαρκί.

282 4594 350 4649 Ei
382 4591 460 4663 δὲ,
493 4593 544 4649 ἐν
606 4593 761 4667 σαρκὶ
814 4591 1127 4669 γενόμενος,
1163 4590 1448 4665 ἅνθρωπος
1507 4589 1724 4666 λ’ἑγεται
1785 4611 1933 4666 γεγε-

277 4685 493 4756 νῆσθαι,
519 4683 580 4739 οὗ
609 4683 834 4758 τραπεὶς
867 4681 943 4744 είς
976 4678 1634 4756 ἄνθρωπον.Ἀπολλ.Τίς
1664 4683 1728 4749 ἦν
1763 4680 1790 4734 6
1822 4681 1936 4754 (77)

280 4771 476 4849 λέγων’
517 4796 537 4824 ι
588 4770 683 4827 Θεέ
717 4793 843 4845 μου,
877 4771 972 4826 Θεέ
1007 4791 1132 4844 μου,
1155 4767 1246 4824 ἵνα
1269 4768 1320 4823 τί
1371 4789 1437 4841 με
1483 4767 1867 4844 ἐγκατέλιπες;
1906 4794 1932 4819 ››

2115 3791 2168 3844 8.
2198 3789 2389 3861 Apoll.
2425 3791 2574 3862 Ergo
2610 3791 2792 3848 Filius
2846 3793 2939 3849 Dei
2973 3811 3087 3850 non
3131 3795 3319 3852 factus
3366 3800 3456 3872 est
3501 3795 3703 3866 homo,

2046 3879 2145 3933 sed
2180 3879 2237 3933 in
2263 3879 2518 3936 homine.
2553 3879 2701 3935 Fieri
2731 3897 2866 3937 vero
2899 3899 3013 3938 non
3047 3887 3262 3955 potest,
3295 3889 3358 3939 ut
3390 3885 3465 3940 sit
3498 3883 3698 3958 homo,

2045 3967 2144 4038 qui
2179 3967 2243 4022 ﬁt
2275 3968 2330 4023 in
2365 3967 2623 4025 homine.
2659 3969 2808 4026 Orth.
2842 3971 2940 4026 Ais
2963 3971 3216 4028 Verbum
3261 3973 3480 4029 factum
3517 3974 3701 4031 fuisse

2043 4073 2302 4126 carnem,
2357 4057 2601 4112 annon?
2640 4059 2813 4129 Apoll.
2864 4059 3159 4132 Scriptum
3209 4066 3299 4117 est
3332 4079 3344 4117 :
3384 4085 3404 4110 ι
3441 4061 3698 4119 Verbum

2043 4162 2176 4200 caro
2227 4147 2444 4201 factum
2485 4153 2573 4201 est
2601 4147 2666 4202 τ’.
2702 4169 2729 4197 ››
2763 4149 2925 4204 0rlh.
2970 4149 3130 4213 Quod
3183 4151 3261 4206 sit
3311 4155 3603 4228 mutatum
3636 4153 3696 4209 in

2044 4250 2300 4302 carnem,
2335 4252 2408 4289 an
2457 4236 2612 4307 quod
2648 4236 2703 4290 in
2736 4253 2909 4292 carne
2958 4237 3381 4311 fuerit7Apoll.
3427 4239 3590 4304 Quod
3634 4241 3694 4297 in

2044 4338 2217 4378 carne
2275 4322 2468 4378 fuerit.
2521 4322 2672 4379 Orlh.
2719 4324 2776 4380 Si
2839 4325 2960 4379 fieri
3021 4343 3134 4383 non
3195 4327 3406 4398 potuit,
3439 4333 3506 4384 ut
3557 4345 3693 4386 cum

2047 4412 2207 4466 ﬁeret
2240 4411 2297 4466 in
2333 4411 2587 4479 homine,
2621 4411 2786 4468 fieret
2813 4413 3026 4477 homo;
3063 4414 3147 4470 ita
3177 4415 3300 4472 ﬁeri
3333 4432 3446 4472 non
3479 4417 3693 4489 potuit,

2047 4506 2110 4556 ut
2141 4517 2272 4557 cum
2308 4501 2470 4556 ﬁeret
2499 4501 2556 4556 in
2609 4519 2803 4572 carne,
2837 4503 2999 4558 fleret
3034 4519 3189 4559 caro.
3225 4505 3299 4560 At
3345 4504 3394 4560 si
3428 4521 3494 4560 eo
3535 4506 3692 4578 quod

2044 4589 2264 4645 factum
2295 4594 2385 4644 est
2412 4590 2472 4645 in
2503 4607 2696 4655 carne,
2731 4591 2944 4646 dicitur
2974 4592 3190 4648 factum
3223 4592 3422 4662 homo,
3451 4609 3568 4650 non
3599 4594 3688 4649 di-

2045 4678 2198 4734 citur
2228 4678 2285 4733 in
2318 4695 2551 4735 carnem
2582 4696 2950 4736 conversum.
2986 4681 3308 4753 Apoll.0uis
3335 4698 3474 4755 ergo
3503 4682 3648 4738 dixit
3673 4698 3688 4739 :

2047 4790 2074 4818 ‹‹
2111 4769 2260 4823 Deus
2317 4784 2504 4835 meus,
2562 4769 2710 4825 Deus
2768 4784 2956 4838 meus,
3010 4773 3076 4826 ut
3133 4771 3274 4842 quid
3337 4787 3430 4828 me
3487 4771 3694 4828 dereli-

278 4863 306 4916 6
357 4861 484 4924 Θεὸς
526 4856 700 4937 Λόγος
749 4862 783 4930 ἢ
829 4861 858 4913 6
905 4855 1234 4935 ἅνθρωπος;
1283 4859 1427 4933 Ὀρθ.
1477 4858 1564 4918 Ὠς
1611 4858 1709 4926 τήν
1759 4859 1934 4936 ταφὴν

2049 4857 2223 4929 quisti
2253 4858 2297 4891 ⁸ο
2324 4857 2352 4912 ?
2386 4880 2413 4906 »
2455 4857 2608 4913 Deus
2657 4857 2906 4914 Verbum
2953 4875 3025 4915 an
3071 4858 3295 4916 homo?
3325 4859 3481 4917 0rlh.
3533 4861 3699 4918 Sicut

275 4954 375 5006 τοῦ
407 4950 660 5024 σώματος
688 4950 778 5004 καὶ
807 4951 874 5004 τὰ
904 4947 1174 5022 ἐνδύματα
1205 4946 1370 5001 αὖτοῦ
1403 4948 1515 5020 (78)
1534 4945 1678 5021 λέγω
1707 4951 1803 5000 τοῦ
1837 4946 1935 5001 Λό-

279 5061 404 5114 γου,
455 5040 517 5094 οὐ
579 5039 732 5118 φύσει
793 5038 1074 5109 θεότητος,
1135 5034 1262 5092 ἀλλ’
1320 5036 1562 5096 ὲνώσεως
1622 5033 1931 5106 οἰκονομίᾳ·

318 5128 346 5150 τ’
533 5127 635 5148 κε
833 5127 972 5146 κε
1229 5120 1936 5177 “ρ“ὰάθ“-

282 5148 426 5184 ουτω
457 5149 547 5183 και
579 5148 674 5189 τας
702 5147 884 5205 φωνας
913 5147 1008 5187 τας
1040 5128 1279 5200 ψυχικα..
1328 5144 1474 5178 καιτ
1540 5143 1579 5177 π
1650 5144 1682 5192 η
1727 5142 1790 5176 τα
1835 5125 1907 5195 ψυ

276 5218 416 5294 χικᾶ
447 5219 709 5294 ἀγωνιᾷν,
729 5215 818 5270 καὶ
851 5214 949 5270 ὅσα
973 5219 1198 5270 τοιαῦτα
1228 5216 1340 5288 (79)
1374 5211 1583 5287 λέγεται
1615 5212 1737 5286 περὶ
1769 5209 1938 5265 αὐτοῦ

2047 4947 2306 5019 corporis
2339 4945 2698 5019 sepulturam
2731 4963 2798 5003 ac
2852 4947 3197 5004 indumenta
3226 4950 3356 5005 dico
3399 4949 3579 5006 fuisse
3610 4951 3698 5022 ip-

2046 5035 2172 5091 sius
2209 5035 2392 5102 Verbi,
2431 5053 2542 5091 non
2575 5035 2702 5108 ipsa
2751 5036 2986 5092 deitatis
3018 5042 3246 5106 natura,
3275 5039 3378 5094 sed
3411 5037 3699 5096 unitionis

2047 5123 2406 5191 ceconomia;
2444 5123 2523 5178 ita
2575 5123 2751 5179 etiam
2782 5141 2950 5180 voces
3003 5125 3213 5179 animos
3261 5124 3696 5196 convenientes,

2048 5217 2103 5267 et
2135 5211 2344 5266 animae
2393 5211 2700 5283 passiones
2748 5229 2965 5284 angore
3017 5212 3189 5276 afﬁci,
3223 5220 3281 5268 et
3323 5228 3694 5288 quacunque

348 5422 392 5458 ⁷⁸
426 5421 629 5481 Matth.
661 5436 816 5493 xxvr,
847 5421 935 5479 37.
1013 5421 1060 5456 τ’
1087 5420 1255 5477 Joan.
1289 5436 1330 5487 ι,
1362 5419 1450 5475 14.
1523 5419 1571 5454 ⁸ο
1599 5417 1807 5475 Matth.
1839 5431 2021 5487 xxvu,
2050 5416 2141 5472 46.

347 5625 458 5699 (76)
493 5625 609 5699 Οὐκ
653 5627 820 5699 abest
867 5641 902 5681 a
958 5623 1160 5699 Palat.
1211 5622 1386 5699 Paulo
1444 5626 1578 5696 post
1635 5637 1934 5679 manuscr.

281 5693 516 5762 omnes,
547 5697 638 5750 τὸν
663 5695 975 5771 γενόμενον.
1010 5693 1303 5771 Είίἱὶἱὲτὸ.

351 5771 464 5848 (77)
501 5761 585 5826 Ita
617 5761 758 5827 mss.
794 5761 942 5826 Editi
976 5783 1132 5842 vero,
1165 5761 1258 5829 Τίς
1291 5761 1384 5820 οὖν
1416 5764 1464 5822 6.

2117 5617 2232 5688 (78)
2261 5615 2438 5676 Αὐτοῦ
2465 5618 2632 5676 abest
2660 5637 2694 5676 a
2723 5617 2908 5677 Palat.

2120 5619 2212 5688 (78
2261 5619 2438 5676 Αὐτοῦ
2465 5619 2632 5676 abest
2660 5637 2694 5676 a
2723 5619 2908 5677 Palat.

2120 5619 2232 5764 (79;
2259 5693 2489 5746 Τοιαῦτα
2517 5692 2683 5749 deest
2714 5693 2769 5747 in
2803 5706 2947 5751 mss.
