  <div class='ocr_page' id='page_1' title='image "/cluster/home/n/w/nwhite01/storage/ocr_20150623/28:no.4/coo.31924054873090/645.png"; bbox 0 0 4116 6360; ppageno 0'>
   <div class='ocr_carea' id='block_1_1' title="bbox 478 437 634 498">
    <p class='ocr_par' dir='ltr' id='par_1_1' title="bbox 478 437 634 498">
     <span class='ocr_line' id='line_1_1' title="bbox 478 437 634 498; baseline -0.006 0"><span class='ocrx_word' id='word_1_1' title='bbox 478 437 634 498; x_wconf 72' lang='grc'><strong>1263</strong></span> 
     </span>
    </p>
   </div>
   <div class='ocr_carea' id='block_1_2' title="bbox 1638 424 2717 493">
    <p class='ocr_par' dir='ltr' id='par_1_2' title="bbox 1638 424 2717 493">
     <span class='ocr_line' id='line_1_2' title="bbox 1638 424 2717 493; baseline -0.012 -1"><span class='ocrx_word' id='word_1_2' title='bbox 1638 432 1705 493; x_wconf 91' lang='lat' dir='ltr'><strong>S.</strong></span> <span class='ocrx_word' id='word_1_3' title='bbox 1749 424 2268 490; x_wconf 78' lang='lat' dir='ltr'><strong>ATHANASIUS.</strong></span> <span class='ocrx_word' id='word_1_4' title='bbox 2302 458 2378 471; x_wconf 82' lang='lat'><strong>-—</strong></span> <span class='ocrx_word' id='word_1_5' title='bbox 2413 425 2717 486; x_wconf 78' lang='lat' dir='ltr'><strong>SPUlllA.</strong></span> 
     </span>
    </p>
   </div>
   <div class='ocr_carea' id='block_1_3' title="bbox 3718 433 3855 495">
    <p class='ocr_par' dir='ltr' id='par_1_3' title="bbox 3718 433 3855 495">
     <span class='ocr_line' id='line_1_3' title="bbox 3718 433 3855 495; baseline 0.029 -4"><span class='ocrx_word' id='word_1_6' title='bbox 3718 433 3855 495; x_wconf 61' lang='grc'><strong>1264</strong></span> 
     </span>
    </p>
   </div>
   <div class='ocr_carea' id='block_1_4' title="bbox 475 554 2125 642">
    <p class='ocr_par' dir='ltr' id='par_1_4' title="bbox 475 561 2123 642">
     <span class='ocr_line' id='line_1_4' title="bbox 475 561 2123 642; baseline -0.008 -16"><span class='ocrx_word' id='word_1_7' title='bbox 475 568 818 642; x_wconf 85' lang='lat' dir='ltr'><strong>hujusmodi</strong></span> <span class='ocrx_word' id='word_1_8' title='bbox 866 568 928 624; x_wconf 91' lang='lat' dir='ltr'><strong>in</strong></span> <span class='ocrx_word' id='word_1_9' title='bbox 982 566 1313 639; x_wconf 82' lang='lat' dir='ltr'><strong>Evangeliis</strong></span> <span class='ocrx_word' id='word_1_10' title='bbox 1356 566 1429 620; x_wconf 90' lang='lat' dir='ltr'><strong>de</strong></span> <span class='ocrx_word' id='word_1_11' title='bbox 1477 581 1543 621; x_wconf 88' lang='lat' dir='ltr'><strong>eo</strong></span> <span class='ocrx_word' id='word_1_12' title='bbox 1593 564 1895 628; x_wconf 88' lang='lat' dir='ltr'><strong>dicuntur,</strong></span> <span class='ocrx_word' id='word_1_13' title='bbox 1929 561 2123 615; x_wconf 86' lang='lat' dir='ltr'><strong>tribuo</strong></span> 
     </span>
    </p>
   </div>
   <div class='ocr_carea' id='block_1_5' title="bbox 2236 554 3860 642">
    <p class='ocr_par' dir='ltr' id='par_1_5' title="bbox 2238 554 3860 637">
     <span class='ocr_line' id='line_1_5' title="bbox 2238 554 3860 637; baseline 0.006 -26"><span class='ocrx_word' id='word_1_14' title='bbox 2238 555 2288 611; x_wconf 82' lang='grc' dir='ltr'><strong>έν</strong></span> <span class='ocrx_word' id='word_1_15' title='bbox 2322 554 2698 631; x_wconf 80' lang='grc' dir='ltr'>Εὑαγγελίοις,</span> <span class='ocrx_word' id='word_1_16' title='bbox 2730 560 2828 610; x_wconf 87' lang='grc' dir='ltr'><strong>τοῦ</strong></span> <span class='ocrx_word' id='word_1_17' title='bbox 2858 562 2991 611; x_wconf 84' lang='grc' dir='ltr'>Θεοῦ</span> <span class='ocrx_word' id='word_1_18' title='bbox 3024 558 3201 634; x_wconf 85' lang='grc' dir='ltr'>Λόγου</span> <span class='ocrx_word' id='word_1_19' title='bbox 3250 556 3420 635; x_wconf 84' lang='grc' dir='ltr'>λέγω,</span> <span class='ocrx_word' id='word_1_20' title='bbox 3454 557 3516 614; x_wconf 79' lang='grc' dir='ltr'><strong>οὐ</strong></span> <span class='ocrx_word' id='word_1_21' title='bbox 3565 559 3711 637; x_wconf 73' lang='grc' dir='ltr'>φύσει</span> <span class='ocrx_word' id='word_1_22' title='bbox 3758 564 3860 627; x_wconf 83' lang='grc' dir='ltr'>θεό-</span> 
     </span>
    </p>
   </div>
   <div class='ocr_carea' id='block_1_6' title="bbox 473 648 2126 723">
    <p class='ocr_par' dir='ltr' id='par_1_6' title="bbox 473 648 2126 723">
     <span class='ocr_line' id='line_1_6' title="bbox 473 648 2126 723; baseline -0.008 -7"><span class='ocrx_word' id='word_1_23' title='bbox 473 660 589 716; x_wconf 90' lang='lat' dir='ltr'><strong>Deo</strong></span> <span class='ocrx_word' id='word_1_24' title='bbox 645 658 859 723; x_wconf 90' lang='lat' dir='ltr'><strong>Verbo,</strong></span> <span class='ocrx_word' id='word_1_25' title='bbox 892 674 1007 713; x_wconf 91' lang='lat' dir='ltr'><strong>non</strong></span> <span class='ocrx_word' id='word_1_26' title='bbox 1069 662 1283 711; x_wconf 88' lang='lat' dir='ltr'><strong>natura</strong></span> <span class='ocrx_word' id='word_1_27' title='bbox 1338 653 1595 720; x_wconf 87' lang='lat' dir='ltr'><strong>deitatis,</strong></span> <span class='ocrx_word' id='word_1_28' title='bbox 1642 654 1742 707; x_wconf 90' lang='lat' dir='ltr'><strong>sed</strong></span> <span class='ocrx_word' id='word_1_29' title='bbox 1802 648 2126 706; x_wconf 70' lang='lat' dir='ltr'><strong>oeconomia</strong></span> 
     </span>
    </p>
   </div>
   <div class='ocr_carea' id='block_1_7' title="bbox 475 736 2123 817">
    <p class='ocr_par' dir='ltr' id='par_1_7' title="bbox 475 736 2123 817">
     <span class='ocr_line' id='line_1_7' title="bbox 475 736 2123 817; baseline -0.008 -12"><span class='ocrx_word' id='word_1_30' title='bbox 475 748 780 805; x_wconf 89' lang='lat' dir='ltr'><strong>unitionis.</strong></span> <span class='ocrx_word' id='word_1_31' title='bbox 816 748 979 803; x_wconf 84' lang='lat' dir='ltr'><strong>Sicut</strong></span> <span class='ocrx_word' id='word_1_32' title='bbox 1027 762 1165 817; x_wconf 91' lang='lat' dir='ltr'><strong>ergo</strong></span> <span class='ocrx_word' id='word_1_33' title='bbox 1201 746 1502 817; x_wconf 88' lang='lat' dir='ltr'><strong>proprium</strong></span> <span class='ocrx_word' id='word_1_34' title='bbox 1554 742 1667 797; x_wconf 86' lang='lat' dir='ltr'><strong>sibi</strong></span> <span class='ocrx_word' id='word_1_35' title='bbox 1718 756 1929 811; x_wconf 88' lang='lat' dir='ltr'><strong>corpus</strong></span> <span class='ocrx_word' id='word_1_36' title='bbox 1976 736 2123 791; x_wconf 79' lang='lat' dir='ltr'><strong>illud</strong></span> 
     </span>
    </p>
   </div>
   <div class='ocr_carea' id='block_1_8' title="bbox 472 828 2126 906">
    <p class='ocr_par' dir='ltr' id='par_1_8' title="bbox 472 828 2126 906">
     <span class='ocr_line' id='line_1_8' title="bbox 472 828 2126 906; baseline -0.008 -13"><span class='ocrx_word' id='word_1_37' title='bbox 472 836 755 904; x_wconf 90' lang='lat' dir='ltr'><strong>vindicat,</strong></span> <span class='ocrx_word' id='word_1_38' title='bbox 805 851 940 891; x_wconf 92' lang='lat' dir='ltr'><strong>cum</strong></span> <span class='ocrx_word' id='word_1_39' title='bbox 990 834 1204 906; x_wconf 90' lang='lat' dir='ltr'><strong>inquit,</strong></span> <span class='ocrx_word' id='word_1_40' title='bbox 1248 855 1276 882; x_wconf 87' lang='grc'>‹‹</span> <span class='ocrx_word' id='word_1_41' title='bbox 1319 831 1449 887; x_wconf 84' lang='lat' dir='ltr'>Nisi</span> <span class='ocrx_word' id='word_1_42' title='bbox 1497 828 1866 885; x_wconf 86' lang='lat' dir='ltr'><strong>comederitis</strong></span> <span class='ocrx_word' id='word_1_43' title='bbox 1913 840 2126 896; x_wconf 88' lang='lat' dir='ltr'><strong>corpus</strong></span> 
     </span>
    </p>
   </div>
   <div class='ocr_carea' id='block_1_9' title="bbox 478 914 2127 995">
    <p class='ocr_par' dir='ltr' id='par_1_9' title="bbox 478 914 2127 995">
     <span class='ocr_line' id='line_1_9' title="bbox 478 914 2127 995; baseline -0.009 -13"><span class='ocrx_word' id='word_1_44' title='bbox 478 942 676 982; x_wconf 90' lang='lat' dir='ltr'><strong>meum</strong></span> <span class='ocrx_word' id='word_1_45' title='bbox 707 925 772 995; x_wconf 75' lang='grc' dir='ltr'><strong>δι,</strong></span> <span class='ocrx_word' id='word_1_46' title='bbox 797 945 827 975; x_wconf 84' lang='grc'><strong>››</strong></span> <span class='ocrx_word' id='word_1_47' title='bbox 857 925 943 979; x_wconf 90' lang='lat' dir='ltr'><strong>ita</strong></span> <span class='ocrx_word' id='word_1_48' title='bbox 971 938 1205 995; x_wconf 89' lang='lat' dir='ltr'><strong>quoque</strong></span> <span class='ocrx_word' id='word_1_49' title='bbox 1236 919 1533 993; x_wconf 84' lang='lat' dir='ltr'><strong>propriam</strong></span> <span class='ocrx_word' id='word_1_50' title='bbox 1567 919 1827 973; x_wconf 90' lang='lat' dir='ltr'><strong>animam</strong></span> <span class='ocrx_word' id='word_1_51' title='bbox 1860 914 1969 971; x_wconf 91' lang='lat' dir='ltr'><strong>sibi</strong></span> <span class='ocrx_word' id='word_1_52' title='bbox 2003 915 2127 968; x_wconf 90' lang='lat' dir='ltr'><strong>vin-</strong></span> 
     </span>
    </p>
   </div>
   <div class='ocr_carea' id='block_1_10' title="bbox 477 1002 2128 1083">
    <p class='ocr_par' dir='ltr' id='par_1_10' title="bbox 477 1002 2128 1083">
     <span class='ocr_line' id='line_1_10' title="bbox 477 1002 2128 1083; baseline -0.008 -13"><span class='ocrx_word' id='word_1_53' title='bbox 477 1016 657 1081; x_wconf 88' lang='lat' dir='ltr'><strong>dicat,</strong></span> <span class='ocrx_word' id='word_1_54' title='bbox 673 1030 808 1070; x_wconf 86' lang='lat' dir='ltr'><strong>cum</strong></span> <span class='ocrx_word' id='word_1_55' title='bbox 840 1013 1031 1083; x_wconf 88' lang='lat' dir='ltr'>inquit</span> <span class='ocrx_word' id='word_1_56' title='bbox 1062 1028 1074 1066; x_wconf 89' lang='lat'><strong>:</strong></span> <span class='ocrx_word' id='word_1_57' title='bbox 1117 1032 1145 1063; x_wconf 75' lang='grc' dir='ltr'><strong>α</strong></span> <span class='ocrx_word' id='word_1_58' title='bbox 1177 1010 1452 1064; x_wconf 82' lang='lat' dir='ltr'><strong>Animam</strong></span> <span class='ocrx_word' id='word_1_59' title='bbox 1484 1023 1673 1063; x_wconf 86' lang='lat' dir='ltr'><strong>meam</strong></span> <span class='ocrx_word' id='word_1_60' title='bbox 1708 1020 1880 1060; x_wconf 90' lang='lat' dir='ltr'><strong>nemo</strong></span> <span class='ocrx_word' id='word_1_61' title='bbox 1909 1002 2063 1059; x_wconf 88' lang='lat' dir='ltr'><strong>tollit</strong></span> <span class='ocrx_word' id='word_1_62' title='bbox 2093 1020 2128 1057; x_wconf 88' lang='lat' dir='ltr'><strong>a</strong></span> 
     </span>
    </p>
   </div>
   <div class='ocr_carea' id='block_1_11' title="bbox 481 1092 2129 1167">
    <p class='ocr_par' dir='ltr' id='par_1_11' title="bbox 481 1092 2129 1167">
     <span class='ocr_line' id='line_1_11' title="bbox 481 1092 2129 1167; baseline -0.008 -8"><span class='ocrx_word' id='word_1_63' title='bbox 481 1120 574 1159; x_wconf 90' lang='lat' dir='ltr'><strong>me</strong></span> <span class='ocrx_word' id='word_1_64' title='bbox 603 1104 672 1156; x_wconf 71' lang='grc'><strong>⁸³.</strong></span> <span class='ocrx_word' id='word_1_65' title='bbox 707 1124 735 1153; x_wconf 88' lang='grc'><strong>››</strong></span> <span class='ocrx_word' id='word_1_66' title='bbox 767 1100 974 1155; x_wconf 82' lang='lat' dir='ltr'><strong>Itidem</strong></span> <span class='ocrx_word' id='word_1_67' title='bbox 1022 1100 1197 1154; x_wconf 87' lang='lat' dir='ltr'><strong>etiam</strong></span> <span class='ocrx_word' id='word_1_68' title='bbox 1248 1097 1559 1167; x_wconf 87' lang='lat' dir='ltr'><strong>utriusque</strong></span> <span class='ocrx_word' id='word_1_69' title='bbox 1605 1094 1784 1151; x_wconf 84' lang='lat' dir='ltr'><strong>simul</strong></span> <span class='ocrx_word' id='word_1_70' title='bbox 1831 1092 2129 1164; x_wconf 80' lang='lat' dir='ltr'><strong>conjuncti</strong></span> 
     </span>
    </p>
   </div>
   <div class='ocr_carea' id='block_1_12' title="bbox 476 1180 2124 1264">
    <p class='ocr_par' dir='ltr' id='par_1_12' title="bbox 476 1180 2124 1264">
     <span class='ocr_line' id='line_1_12' title="bbox 476 1180 2124 1264; baseline -0.008 -17"><span class='ocrx_word' id='word_1_71' title='bbox 476 1191 786 1264; x_wconf 82' lang='lat' dir='ltr'><strong>passiones</strong></span> <span class='ocrx_word' id='word_1_72' title='bbox 834 1188 947 1244; x_wconf 84' lang='lat' dir='ltr'>sibi</span> <span class='ocrx_word' id='word_1_73' title='bbox 979 1186 1245 1259; x_wconf 89' lang='lat' dir='ltr'><strong>proprias</strong></span> <span class='ocrx_word' id='word_1_74' title='bbox 1296 1184 1492 1241; x_wconf 84' lang='lat' dir='ltr'><strong>efﬁcit.</strong></span> <span class='ocrx_word' id='word_1_75' title='bbox 1526 1185 1689 1240; x_wconf 87' lang='lat' dir='ltr'>Sicut</span> <span class='ocrx_word' id='word_1_76' title='bbox 1727 1182 1884 1239; x_wconf 90' lang='lat' dir='ltr'><strong>enim</strong></span> <span class='ocrx_word' id='word_1_77' title='bbox 1917 1180 2124 1251; x_wconf 89' lang='lat' dir='ltr'><strong>ipsius,</strong></span> 
     </span>
    </p>
   </div>
   <div class='ocr_carea' id='block_1_13' title="bbox 475 1269 2125 1349">
    <p class='ocr_par' dir='ltr' id='par_1_13' title="bbox 475 1269 2125 1349">
     <span class='ocr_line' id='line_1_13' title="bbox 475 1269 2125 1349; baseline -0.007 -14"><span class='ocrx_word' id='word_1_78' title='bbox 475 1280 653 1335; x_wconf 82' lang='lat' dir='ltr'>Verbi</span> <span class='ocrx_word' id='word_1_79' title='bbox 681 1282 774 1335; x_wconf 88' lang='lat' dir='ltr'><strong>est</strong></span> <span class='ocrx_word' id='word_1_80' title='bbox 815 1293 1027 1349; x_wconf 88' lang='lat' dir='ltr'><strong>corpus</strong></span> <span class='ocrx_word' id='word_1_81' title='bbox 1075 1274 1451 1343; x_wconf 73' lang='lat' dir='ltr'><strong>mconomice,</strong></span> <span class='ocrx_word' id='word_1_82' title='bbox 1484 1274 1567 1329; x_wconf 90' lang='lat' dir='ltr'><strong>ita</strong></span> <span class='ocrx_word' id='word_1_83' title='bbox 1615 1271 1878 1344; x_wconf 88' lang='lat' dir='ltr'><strong>corporis</strong></span> <span class='ocrx_word' id='word_1_84' title='bbox 1925 1269 2125 1341; x_wconf 89' lang='lat' dir='ltr'><strong>sepul-</strong></span> 
     </span>
    </p>
   </div>
   <div class='ocr_carea' id='block_1_14' title="bbox 475 1358 2130 1439">
    <p class='ocr_par' dir='ltr' id='par_1_14' title="bbox 475 1358 2130 1439">
     <span class='ocr_line' id='line_1_14' title="bbox 475 1358 2130 1439; baseline -0.008 -14"><span class='ocrx_word' id='word_1_85' title='bbox 475 1374 634 1436; x_wconf 88' lang='lat' dir='ltr'><strong>tura,</strong></span> <span class='ocrx_word' id='word_1_86' title='bbox 662 1371 752 1424; x_wconf 88' lang='lat' dir='ltr'><strong>est</strong></span> <span class='ocrx_word' id='word_1_87' title='bbox 776 1366 965 1439; x_wconf 87' lang='lat' dir='ltr'><strong>ipsius</strong></span> <span class='ocrx_word' id='word_1_88' title='bbox 1019 1366 1185 1421; x_wconf 84' lang='lat' dir='ltr'>Verbi</span> <span class='ocrx_word' id='word_1_89' title='bbox 1233 1363 1562 1437; x_wconf 79' lang='lat' dir='ltr'><strong>sepultura.</strong></span> <span class='ocrx_word' id='word_1_90' title='bbox 1594 1362 1662 1417; x_wconf 88' lang='lat' dir='ltr'><strong>Et</strong></span> <span class='ocrx_word' id='word_1_91' title='bbox 1707 1364 1773 1416; x_wconf 91' lang='lat' dir='ltr'><strong>ut</strong></span> <span class='ocrx_word' id='word_1_92' title='bbox 1816 1358 2008 1432; x_wconf 84' lang='lat' dir='ltr'><strong>ipsius</strong></span> <span class='ocrx_word' id='word_1_93' title='bbox 2038 1361 2130 1413; x_wconf 91' lang='lat' dir='ltr'><strong>est</strong></span> 
     </span>
    </p>
   </div>
   <div class='ocr_carea' id='block_1_15' title="bbox 473 1450 2126 1526">
    <p class='ocr_par' dir='ltr' id='par_1_15' title="bbox 473 1450 2126 1526">
     <span class='ocr_line' id='line_1_15' title="bbox 473 1450 2126 1526; baseline -0.007 -11"><span class='ocrx_word' id='word_1_94' title='bbox 473 1461 674 1515; x_wconf 87' lang='lat' dir='ltr'><strong>anima</strong></span> <span class='ocrx_word' id='word_1_95' title='bbox 721 1456 1097 1522; x_wconf 71' lang='lat' dir='ltr'><strong>mconomice,</strong></span> <span class='ocrx_word' id='word_1_96' title='bbox 1129 1456 1213 1511; x_wconf 85' lang='lat' dir='ltr'><strong>ita</strong></span> <span class='ocrx_word' id='word_1_97' title='bbox 1258 1460 1315 1511; x_wconf 89' lang='lat' dir='ltr'><strong>et</strong></span> <span class='ocrx_word' id='word_1_98' title='bbox 1352 1470 1462 1510; x_wconf 82' lang='lat' dir='ltr'>vox</span> <span class='ocrx_word' id='word_1_99' title='bbox 1516 1453 1707 1526; x_wconf 83' lang='lat' dir='ltr'><strong>ipsius</strong></span> <span class='ocrx_word' id='word_1_100' title='bbox 1753 1467 1863 1507; x_wconf 95' lang='lat' dir='ltr'>vox</span> <span class='ocrx_word' id='word_1_101' title='bbox 1913 1450 2126 1506; x_wconf 72' lang='lat' dir='ltr'><strong>animae</strong></span> 
     </span>
    </p>
   </div>
   <div class='ocr_carea' id='block_1_16' title="bbox 470 1539 2125 1617">
    <p class='ocr_par' dir='ltr' id='par_1_16' title="bbox 470 1539 2125 1617">
     <span class='ocr_line' id='line_1_16' title="bbox 470 1539 2125 1617; baseline -0.007 -13"><span class='ocrx_word' id='word_1_102' title='bbox 470 1553 606 1604; x_wconf 89' lang='lat' dir='ltr'><strong>est:</strong></span> <span class='ocrx_word' id='word_1_103' title='bbox 658 1552 725 1602; x_wconf 91' lang='lat' dir='ltr'><strong>ut</strong></span> <span class='ocrx_word' id='word_1_104' title='bbox 779 1551 838 1601; x_wconf 89' lang='lat' dir='ltr'><strong>et</strong></span> <span class='ocrx_word' id='word_1_105' title='bbox 879 1544 1068 1617; x_wconf 86' lang='lat' dir='ltr'><strong>ipsius</strong></span> <span class='ocrx_word' id='word_1_106' title='bbox 1121 1544 1384 1616; x_wconf 89' lang='lat' dir='ltr'><strong>corporis</strong></span> <span class='ocrx_word' id='word_1_107' title='bbox 1434 1541 1759 1615; x_wconf 81' lang='lat' dir='ltr'><strong>sepultura,</strong></span> <span class='ocrx_word' id='word_1_108' title='bbox 1813 1541 1890 1596; x_wconf 88' lang='lat' dir='ltr'><strong>sit</strong></span> <span class='ocrx_word' id='word_1_109' title='bbox 1936 1539 2125 1612; x_wconf 85' lang='lat' dir='ltr'><strong>ipsius</strong></span> 
     </span>
    </p>
   </div>
   <div class='ocr_carea' id='block_1_17' title="bbox 2232 642 3860 726">
    <p class='ocr_par' dir='ltr' id='par_1_17' title="bbox 2232 642 3860 726">
     <span class='ocr_line' id='line_1_17' title="bbox 2232 642 3860 726; baseline 0.005 -27"><span class='ocrx_word' id='word_1_110' title='bbox 2232 664 2417 717; x_wconf 71' lang='grc' dir='ltr'>τητος,</span> <span class='ocrx_word' id='word_1_111' title='bbox 2453 642 2581 699; x_wconf 84' lang='grc' dir='ltr'>ἀλλ’</span> <span class='ocrx_word' id='word_1_112' title='bbox 2612 645 2854 708; x_wconf 80' lang='grc' dir='ltr'>ένώσεως</span> <span class='ocrx_word' id='word_1_113' title='bbox 2886 646 3194 719; x_wconf 79' lang='grc' dir='ltr'>οἰκονομίᾳ.</span> <span class='ocrx_word' id='word_1_114' title='bbox 3226 650 3430 723; x_wconf 82' lang='grc' dir='ltr'>’Ὠσπερ</span> <span class='ocrx_word' id='word_1_115' title='bbox 3475 646 3564 703; x_wconf 78' lang='grc' dir='ltr'><strong>οῦν</strong></span> <span class='ocrx_word' id='word_1_116' title='bbox 3611 651 3671 705; x_wconf 89' lang='grc' dir='ltr'><strong>τὸ</strong></span> <span class='ocrx_word' id='word_1_117' title='bbox 3716 656 3860 726; x_wconf 81' lang='grc' dir='ltr'>σῶμα</span> 
     </span>
    </p>
   </div>
   <div class='ocr_carea' id='block_1_18' title="bbox 2236 731 3861 813">
    <p class='ocr_par' dir='ltr' id='par_1_18' title="bbox 2236 731 3861 813">
     <span class='ocr_line' id='line_1_18' title="bbox 2236 731 3861 813; baseline 0.003 -26"><span class='ocrx_word' id='word_1_118' title='bbox 2236 731 2603 803; x_wconf 80' lang='grc' dir='ltr'>ἶδιοποιεῖται,</span> <span class='ocrx_word' id='word_1_119' title='bbox 2638 732 2837 808; x_wconf 82' lang='grc' dir='ltr'>λέγων,</span> <span class='ocrx_word' id='word_1_120' title='bbox 2859 758 2886 787; x_wconf 80' lang='grc' dir='ltr'>ι(</span> <span class='ocrx_word' id='word_1_121' title='bbox 2921 736 3042 792; x_wconf 73' lang='grc' dir='ltr'><strong>Ἐὰν</strong></span> <span class='ocrx_word' id='word_1_122' title='bbox 3077 737 3152 809; x_wconf 78' lang='grc' dir='ltr'>μὴ</span> <span class='ocrx_word' id='word_1_123' title='bbox 3186 737 3397 812; x_wconf 77' lang='grc' dir='ltr'>φάγητέ</span> <span class='ocrx_word' id='word_1_124' title='bbox 3432 758 3537 811; x_wconf 84' lang='grc' dir='ltr'><strong>μου</strong></span> <span class='ocrx_word' id='word_1_125' title='bbox 3564 739 3626 794; x_wconf 87' lang='grc' dir='ltr'><strong>τὸ</strong></span> <span class='ocrx_word' id='word_1_126' title='bbox 3655 744 3820 813; x_wconf 85' lang='grc' dir='ltr'>σῶμα,</span> <span class='ocrx_word' id='word_1_127' title='bbox 3835 767 3861 795; x_wconf 75' lang='grc'><strong>››</strong></span> 
     </span>
    </p>
   </div>
   <div class='ocr_carea' id='block_1_19' title="bbox 2235 820 3863 904">
    <p class='ocr_par' dir='ltr' id='par_1_19' title="bbox 2235 820 3863 904">
     <span class='ocr_line' id='line_1_19' title="bbox 2235 820 3863 904; baseline 0.005 -27"><span class='ocrx_word' id='word_1_128' title='bbox 2235 822 2378 877; x_wconf 76' lang='grc' dir='ltr'>οὕτω</span> <span class='ocrx_word' id='word_1_129' title='bbox 2420 823 2508 877; x_wconf 84' lang='grc' dir='ltr'><strong>καὶ</strong></span> <span class='ocrx_word' id='word_1_130' title='bbox 2559 824 2743 899; x_wconf 71' lang='grc' dir='ltr'>ψυχὴν</span> <span class='ocrx_word' id='word_1_131' title='bbox 2796 820 3165 896; x_wconf 77' lang='grc' dir='ltr'>ἷδιοποιεῖται,</span> <span class='ocrx_word' id='word_1_132' title='bbox 3217 823 3415 901; x_wconf 78' lang='grc' dir='ltr'>λέγων’</span> <span class='ocrx_word' id='word_1_133' title='bbox 3473 851 3501 877; x_wconf 88' lang='grc'><strong>‹‹</strong></span> <span class='ocrx_word' id='word_1_134' title='bbox 3550 829 3652 895; x_wconf 75' lang='grc' dir='ltr'>Τὴν</span> <span class='ocrx_word' id='word_1_135' title='bbox 3697 832 3863 904; x_wconf 77' lang='grc' dir='ltr'>ψυχήν</span> 
     </span>
    </p>
   </div>
   <div class='ocr_carea' id='block_1_20' title="bbox 2240 909 3863 987">
    <p class='ocr_par' dir='ltr' id='par_1_20' title="bbox 2240 909 3863 987">
     <span class='ocr_line' id='line_1_20' title="bbox 2240 909 3863 987; baseline 0.005 -21"><span class='ocrx_word' id='word_1_136' title='bbox 2240 932 2343 984; x_wconf 91' lang='grc' dir='ltr'><strong>μου</strong></span> <span class='ocrx_word' id='word_1_137' title='bbox 2386 909 2562 973; x_wconf 77' lang='grc' dir='ltr'>οὐδεὶς</span> <span class='ocrx_word' id='word_1_138' title='bbox 2608 912 2747 985; x_wconf 67' lang='grc' dir='ltr'>αἴρει</span> <span class='ocrx_word' id='word_1_139' title='bbox 2804 912 2893 967; x_wconf 85' lang='grc' dir='ltr'>ἀπ’</span> <span class='ocrx_word' id='word_1_140' title='bbox 2922 912 3079 986; x_wconf 79' lang='grc' dir='ltr'>ἐμοῦ.</span> <span class='ocrx_word' id='word_1_141' title='bbox 3118 938 3145 965; x_wconf 81' lang='grc'><strong>››</strong></span> <span class='ocrx_word' id='word_1_142' title='bbox 3175 914 3336 971; x_wconf 76' lang='grc' dir='ltr'>Οὕτω</span> <span class='ocrx_word' id='word_1_143' title='bbox 3361 915 3451 970; x_wconf 79' lang='grc' dir='ltr'><strong>καὶ</strong></span> <span class='ocrx_word' id='word_1_144' title='bbox 3482 917 3549 970; x_wconf 70' lang='grc' dir='ltr'>τὰ</span> <span class='ocrx_word' id='word_1_145' title='bbox 3593 918 3732 987; x_wconf 80' lang='grc' dir='ltr'>πάθη</span> <span class='ocrx_word' id='word_1_146' title='bbox 3777 924 3863 974; x_wconf 86' lang='grc' dir='ltr'><strong>τοῦ</strong></span> 
     </span>
    </p>
   </div>
   <div class='ocr_carea' id='block_1_21' title="bbox 2235 999 3860 1079">
    <p class='ocr_par' dir='ltr' id='par_1_21' title="bbox 2235 999 3860 1079">
     <span class='ocr_line' id='line_1_21' title="bbox 2235 999 3860 1079; baseline 0.004 -25"><span class='ocrx_word' id='word_1_147' title='bbox 2235 999 2643 1077; x_wconf 68' lang='grc' dir='ltr'><strong>συναμφοτέρου</strong></span> <span class='ocrx_word' id='word_1_148' title='bbox 2673 1000 2987 1057; x_wconf 81' lang='grc' dir='ltr'><strong>οἰκειοῦται.</strong></span> <span class='ocrx_word' id='word_1_149' title='bbox 3022 1003 3107 1063; x_wconf 79' lang='grc' dir='ltr'>Ὠς</span> <span class='ocrx_word' id='word_1_150' title='bbox 3135 1002 3239 1079; x_wconf 80' lang='grc' dir='ltr'>γὰρ</span> <span class='ocrx_word' id='word_1_151' title='bbox 3269 1002 3437 1058; x_wconf 83' lang='grc' dir='ltr'>αὐτοῦ</span> <span class='ocrx_word' id='word_1_152' title='bbox 3467 1008 3626 1076; x_wconf 89' lang='grc' dir='ltr'>σῶμα</span> <span class='ocrx_word' id='word_1_153' title='bbox 3669 1004 3860 1063; x_wconf 79' lang='grc' dir='ltr'>οἰκονο-</span> 
     </span>
    </p>
   </div>
   <div class='ocr_carea' id='block_1_22' title="bbox 2238 1088 3862 1171">
    <p class='ocr_par' dir='ltr' id='par_1_22' title="bbox 2238 1088 3862 1171">
     <span class='ocr_line' id='line_1_22' title="bbox 2238 1088 3862 1171; baseline 0.005 -29"><span class='ocrx_word' id='word_1_154' title='bbox 2238 1093 2433 1162; x_wconf 85' lang='grc' dir='ltr'>μικῶς,</span> <span class='ocrx_word' id='word_1_155' title='bbox 2465 1088 2638 1151; x_wconf 77' lang='grc' dir='ltr'>οὕτως</span> <span class='ocrx_word' id='word_1_156' title='bbox 2684 1089 2850 1145; x_wconf 82' lang='grc' dir='ltr'>αὐτοῦ</span> <span class='ocrx_word' id='word_1_157' title='bbox 2894 1092 3038 1165; x_wconf 82' lang='grc' dir='ltr'><strong>ταφή</strong></span> <span class='ocrx_word' id='word_1_158' title='bbox 3070 1093 3105 1160; x_wconf 79' lang='grc' dir='ltr'>ἡ</span> <span class='ocrx_word' id='word_1_159' title='bbox 3135 1092 3280 1171; x_wconf 79' lang='grc' dir='ltr'>ταφὴ</span> <span class='ocrx_word' id='word_1_160' title='bbox 3316 1097 3414 1148; x_wconf 88' lang='grc' dir='ltr'><strong>τοῦ</strong></span> <span class='ocrx_word' id='word_1_161' title='bbox 3465 1094 3730 1167; x_wconf 85' lang='grc' dir='ltr'>σώματος.</span> <span class='ocrx_word' id='word_1_162' title='bbox 3767 1097 3862 1152; x_wconf 85' lang='grc' dir='ltr'><strong>Καὶ</strong></span> 
     </span>
    </p>
   </div>
   <div class='ocr_carea' id='block_1_23' title="bbox 2235 1177 3860 1261">
    <p class='ocr_par' dir='ltr' id='par_1_23' title="bbox 2235 1177 3860 1261">
     <span class='ocr_line' id='line_1_23' title="bbox 2235 1177 3860 1261; baseline 0.006 -30"><span class='ocrx_word' id='word_1_163' title='bbox 2235 1178 2309 1239; x_wconf 84' lang='grc' dir='ltr'>ὡς</span> <span class='ocrx_word' id='word_1_164' title='bbox 2338 1177 2503 1232; x_wconf 81' lang='grc' dir='ltr'>αὐτοῦ</span> <span class='ocrx_word' id='word_1_165' title='bbox 2551 1179 2703 1255; x_wconf 83' lang='grc' dir='ltr'><strong>ψυχή</strong></span> <span class='ocrx_word' id='word_1_166' title='bbox 2761 1178 3152 1253; x_wconf 68' lang='grc' dir='ltr'>οἰκονομικῶς,</span> <span class='ocrx_word' id='word_1_167' title='bbox 3186 1180 3359 1244; x_wconf 76' lang='grc' dir='ltr'>οὕτως</span> <span class='ocrx_word' id='word_1_168' title='bbox 3390 1180 3558 1237; x_wconf 75' lang='grc' dir='ltr'>αὐτοῦ</span> <span class='ocrx_word' id='word_1_169' title='bbox 3588 1184 3732 1261; x_wconf 72' lang='grc' dir='ltr'>φωνὴ</span> <span class='ocrx_word' id='word_1_170' title='bbox 3764 1186 3860 1258; x_wconf 81' lang='grc'><strong>(80)</strong></span> 
     </span>
    </p>
   </div>
   <div class='ocr_carea' id='block_1_24' title="bbox 2234 1266 3858 1347">
    <p class='ocr_par' dir='ltr' id='par_1_24' title="bbox 2234 1266 3858 1347">
     <span class='ocr_line' id='line_1_24' title="bbox 2234 1266 3858 1347; baseline 0.006 -27"><span class='ocrx_word' id='word_1_171' title='bbox 2234 1269 2269 1337; x_wconf 79' lang='grc' dir='ltr'><strong>ἡ</strong></span> <span class='ocrx_word' id='word_1_172' title='bbox 2302 1268 2452 1344; x_wconf 77' lang='grc' dir='ltr'>φωνὴ</span> <span class='ocrx_word' id='word_1_173' title='bbox 2503 1274 2603 1337; x_wconf 85' lang='grc' dir='ltr'>τῆς</span> <span class='ocrx_word' id='word_1_174' title='bbox 2652 1271 2859 1343; x_wconf 79' lang='grc' dir='ltr'>ψυχῆς·</span> <span class='ocrx_word' id='word_1_175' title='bbox 2890 1266 2983 1323; x_wconf 82' lang='grc' dir='ltr'>’ἱνα</span> <span class='ocrx_word' id='word_1_176' title='bbox 3076 1270 3167 1324; x_wconf 85' lang='grc' dir='ltr'><strong>καὶ</strong></span> <span class='ocrx_word' id='word_1_177' title='bbox 3218 1272 3253 1339; x_wconf 80' lang='grc' dir='ltr'>ἡ</span> <span class='ocrx_word' id='word_1_178' title='bbox 3293 1271 3439 1347; x_wconf 80' lang='grc' dir='ltr'><strong>ταφή</strong></span> <span class='ocrx_word' id='word_1_179' title='bbox 3488 1276 3585 1327; x_wconf 87' lang='grc' dir='ltr'><strong>τοῦ</strong></span> <span class='ocrx_word' id='word_1_180' title='bbox 3633 1274 3858 1346; x_wconf 84' lang='grc' dir='ltr'>σώματος</span> 
     </span>
    </p>
   </div>
   <div class='ocr_carea' id='block_1_25' title="bbox 2234 1354 3855 1440">
    <p class='ocr_par' dir='ltr' id='par_1_25' title="bbox 2234 1354 3855 1440">
     <span class='ocr_line' id='line_1_25' title="bbox 2234 1354 3855 1440; baseline 0.004 -30"><span class='ocrx_word' id='word_1_181' title='bbox 2234 1354 2399 1411; x_wconf 78' lang='grc' dir='ltr'>αὐτοῦ</span> <span class='ocrx_word' id='word_1_182' title='bbox 2445 1360 2544 1412; x_wconf 90' lang='grc' dir='ltr'><strong>τοῦ</strong></span> <span class='ocrx_word' id='word_1_183' title='bbox 2591 1356 2775 1433; x_wconf 82' lang='grc' dir='ltr'>Λόγου</span> <span class='ocrx_word' id='word_1_184' title='bbox 2813 1357 3204 1433; x_wconf 81' lang='grc' dir='ltr'>οἰκονομικῶς,</span> <span class='ocrx_word' id='word_1_185' title='bbox 3233 1359 3324 1415; x_wconf 78' lang='grc' dir='ltr'><strong>καὶ</strong></span> <span class='ocrx_word' id='word_1_186' title='bbox 3356 1362 3392 1431; x_wconf 79' lang='grc' dir='ltr'><strong>ἡ</strong></span> <span class='ocrx_word' id='word_1_187' title='bbox 3443 1363 3599 1440; x_wconf 79' lang='grc' dir='ltr'>φωνὴ</span> <span class='ocrx_word' id='word_1_188' title='bbox 3647 1364 3738 1431; x_wconf 76' lang='grc' dir='ltr'>τῆς</span> <span class='ocrx_word' id='word_1_189' title='bbox 3772 1365 3855 1437; x_wconf 53' lang='grc' dir='ltr'>ψυ.</span> 
     </span>
    </p>
   </div>
   <div class='ocr_carea' id='block_1_26' title="bbox 2235 1445 3860 1527">
    <p class='ocr_par' dir='ltr' id='par_1_26' title="bbox 2235 1445 3860 1527">
     <span class='ocr_line' id='line_1_26' title="bbox 2235 1445 3860 1527; baseline 0.004 -28"><span class='ocrx_word' id='word_1_190' title='bbox 2235 1452 2346 1523; x_wconf 83' lang='grc' dir='ltr'>χῆς</span> <span class='ocrx_word' id='word_1_191' title='bbox 2376 1445 2541 1501; x_wconf 80' lang='grc' dir='ltr'>αὐτοῦ</span> <span class='ocrx_word' id='word_1_192' title='bbox 2569 1450 2666 1501; x_wconf 87' lang='grc' dir='ltr'><strong>τοῦ</strong></span> <span class='ocrx_word' id='word_1_193' title='bbox 2696 1446 2883 1523; x_wconf 88' lang='grc' dir='ltr'>Λόγου</span> <span class='ocrx_word' id='word_1_194' title='bbox 2932 1450 3087 1526; x_wconf 77' lang='grc' dir='ltr'><strong>φωνή</strong></span> <span class='ocrx_word' id='word_1_195' title='bbox 3139 1448 3529 1523; x_wconf 76' lang='grc' dir='ltr'>οἰκονομικῶς.</span> <span class='ocrx_word' id='word_1_196' title='bbox 3557 1449 3726 1514; x_wconf 79' lang='grc' dir='ltr'>Αὐτὸς</span> <span class='ocrx_word' id='word_1_197' title='bbox 3771 1450 3860 1527; x_wconf 74' lang='grc' dir='ltr'>γὰρ</span> 
     </span>
    </p>
   </div>
   <div class='ocr_carea' id='block_1_27' title="bbox 2235 1534 3398 1615">
    <p class='ocr_par' dir='ltr' id='par_1_27' title="bbox 2235 1534 3398 1615">
     <span class='ocr_line' id='line_1_27' title="bbox 2235 1534 3398 1615; baseline 0.007 -26"><span class='ocrx_word' id='word_1_198' title='bbox 2235 1538 2299 1604; x_wconf 71' lang='grc' dir='ltr'><strong>ἦν</strong></span> <span class='ocrx_word' id='word_1_199' title='bbox 2332 1536 2360 1589; x_wconf 98' lang='lat'><strong>6</strong></span> <span class='ocrx_word' id='word_1_200' title='bbox 2392 1534 2571 1611; x_wconf 83' lang='grc' dir='ltr'>Λόγος</span> <span class='ocrx_word' id='word_1_201' title='bbox 2602 1540 2794 1614; x_wconf 78' lang='grc' dir='ltr'>φωνῶν</span> <span class='ocrx_word' id='word_1_202' title='bbox 2824 1536 2892 1591; x_wconf 77' lang='grc' dir='ltr'>τὰ</span> <span class='ocrx_word' id='word_1_203' title='bbox 2915 1544 3017 1608; x_wconf 78' lang='grc' dir='ltr'>τῆς</span> <span class='ocrx_word' id='word_1_204' title='bbox 3048 1542 3234 1615; x_wconf 85' lang='grc' dir='ltr'>ψυχῆς</span> <span class='ocrx_word' id='word_1_205' title='bbox 3266 1536 3398 1597; x_wconf 71' lang='grc' dir='ltr'>ἴδια.</span> 
     </span>
    </p>
   </div>
   <div class='ocr_carea' id='block_1_28' title="bbox 470 1626 3868 1723">
    <p class='ocr_par' dir='ltr' id='par_1_28' title="bbox 470 1626 3868 1723">
     <span class='ocr_line' id='line_1_28' title="bbox 470 1626 3868 1723; baseline -0.001 -33"><span class='ocrx_word' id='word_1_206' title='bbox 470 1635 642 1692; x_wconf 88' lang='lat' dir='ltr'>Verbi</span> <span class='ocrx_word' id='word_1_207' title='bbox 676 1633 984 1707; x_wconf 85' lang='lat' dir='ltr'><strong>sepultura</strong></span> <span class='ocrx_word' id='word_1_208' title='bbox 1034 1632 1410 1701; x_wconf 73' lang='lat' dir='ltr'><strong>oaconomice,</strong></span> <span class='ocrx_word' id='word_1_209' title='bbox 1442 1636 1502 1687; x_wconf 91' lang='lat' dir='ltr'><strong>et</strong></span> <span class='ocrx_word' id='word_1_210' title='bbox 1530 1648 1638 1687; x_wconf 87' lang='lat' dir='ltr'>vox</span> <span class='ocrx_word' id='word_1_211' title='bbox 1687 1630 1898 1687; x_wconf 83' lang='lat' dir='ltr'><strong>animae</strong></span> <span class='ocrx_word' id='word_1_212' title='bbox 1947 1630 2097 1700; x_wconf 86' lang='lat' dir='ltr'><strong>ejus,</strong></span> <span class='ocrx_word' id='word_1_213' title='bbox 2128 1627 2303 1682; x_wconf 85' lang='lat' dir='ltr'>Verbi</span> <span class='ocrx_word' id='word_1_214' title='bbox 2332 1643 2438 1683; x_wconf 89' lang='lat' dir='ltr'>vox</span> <span class='ocrx_word' id='word_1_215' title='bbox 2467 1626 2545 1683; x_wconf 90' lang='lat' dir='ltr'><strong>sit</strong></span> <span class='ocrx_word' id='word_1_216' title='bbox 2596 1628 2970 1685; x_wconf 87' lang='lat' dir='ltr'><strong>oeconomice.</strong></span> <span class='ocrx_word' id='word_1_217' title='bbox 3004 1629 3257 1687; x_wconf 78' lang='lat' dir='ltr'><strong>Verbum</strong></span> <span class='ocrx_word' id='word_1_218' title='bbox 3304 1631 3464 1688; x_wconf 88' lang='lat' dir='ltr'><strong>enim</strong></span> <span class='ocrx_word' id='word_1_219' title='bbox 3515 1631 3709 1723; x_wconf 87' lang='lat' dir='ltr'><strong>ipsum</strong></span> <span class='ocrx_word' id='word_1_220' title='bbox 3738 1635 3868 1705; x_wconf 83' lang='lat' dir='ltr'><strong>erat,</strong></span> 
     </span>
    </p>
   </div>
   <div class='ocr_carea' id='block_1_29' title="bbox 471 1718 2110 1798">
    <p class='ocr_par' dir='ltr' id='par_1_29' title="bbox 471 1718 2110 1798">
     <span class='ocr_line' id='line_1_29' title="bbox 471 1718 2110 1798; baseline -0.005 -16"><span class='ocrx_word' id='word_1_221' title='bbox 471 1725 627 1798; x_wconf 89' lang='lat' dir='ltr'><strong>quod</strong></span> <span class='ocrx_word' id='word_1_222' title='bbox 657 1724 1033 1796; x_wconf 86' lang='lat' dir='ltr'><strong>loquebatur,</strong></span> <span class='ocrx_word' id='word_1_223' title='bbox 1063 1739 1192 1795; x_wconf 75' lang='lat' dir='ltr'><strong>quas</strong></span> <span class='ocrx_word' id='word_1_224' title='bbox 1224 1722 1433 1777; x_wconf 81' lang='lat' dir='ltr'><strong>animae</strong></span> <span class='ocrx_word' id='word_1_225' title='bbox 1464 1721 1699 1793; x_wconf 86' lang='lat' dir='ltr'><strong>proprie</strong></span> <span class='ocrx_word' id='word_1_226' title='bbox 1729 1718 2110 1776; x_wconf 90' lang='lat' dir='ltr'><strong>conveniunt.</strong></span> 
     </span>
    </p>
   </div>
   <div class='ocr_carea' id='block_1_30' title="bbox 539 1801 2125 1885">
    <p class='ocr_par' dir='ltr' id='par_1_30' title="bbox 539 1807 2122 1885">
     <span class='ocr_line' id='line_1_30' title="bbox 539 1807 2122 1885; baseline -0.004 -17"><span class='ocrx_word' id='word_1_227' title='bbox 539 1814 596 1868; x_wconf 88' lang='lat'><strong>9.</strong></span> <span class='ocrx_word' id='word_1_228' title='bbox 630 1813 803 1885; x_wconf 82' lang='lat' dir='ltr'><strong>Apoll.</strong></span> <span class='ocrx_word' id='word_1_229' title='bbox 835 1812 952 1868; x_wconf 93' lang='lat' dir='ltr'><strong>Nos</strong></span> <span class='ocrx_word' id='word_1_230' title='bbox 1000 1811 1253 1866; x_wconf 87' lang='lat' dir='ltr'><strong>dicimus</strong></span> <span class='ocrx_word' id='word_1_231' title='bbox 1299 1810 1402 1865; x_wconf 89' lang='lat' dir='ltr'><strong>Dei</strong></span> <span class='ocrx_word' id='word_1_232' title='bbox 1446 1808 1706 1865; x_wconf 85' lang='lat' dir='ltr'><strong>Verbum</strong></span> <span class='ocrx_word' id='word_1_233' title='bbox 1755 1824 1962 1863; x_wconf 89' lang='lat' dir='ltr'><strong>amans</strong></span> <span class='ocrx_word' id='word_1_234' title='bbox 2014 1807 2122 1862; x_wconf 90' lang='lat' dir='ltr'><strong>ho-</strong></span> 
     </span>
    </p>
   </div>
   <div class='ocr_carea' id='block_1_31' title="bbox 2236 1801 3876 1885">
    <p class='ocr_par' dir='ltr' id='par_1_31' title="bbox 2299 1801 3876 1885">
     <span class='ocr_line' id='line_1_31' title="bbox 2299 1801 3876 1885; baseline 0.003 -26"><span class='ocrx_word' id='word_1_235' title='bbox 2299 1805 2358 1859; x_wconf 88' lang='lat'><strong>9.</strong></span> <span class='ocrx_word' id='word_1_236' title='bbox 2391 1801 2625 1862; x_wconf 86' lang='grc' dir='ltr'>Ἀπολλ.</span> <span class='ocrx_word' id='word_1_237' title='bbox 2656 1806 2848 1876; x_wconf 87' lang='grc' dir='ltr'>Ἡμεῖς</span> <span class='ocrx_word' id='word_1_238' title='bbox 2881 1803 3140 1880; x_wconf 83' lang='grc' dir='ltr'>λέγομεν,</span> <span class='ocrx_word' id='word_1_239' title='bbox 3171 1802 3255 1861; x_wconf 78' lang='grc' dir='ltr'>ὅτι</span> <span class='ocrx_word' id='word_1_240' title='bbox 3288 1807 3317 1861; x_wconf 89' lang='grc' dir='ltr'><strong>ὁ</strong></span> <span class='ocrx_word' id='word_1_241' title='bbox 3350 1805 3742 1885; x_wconf 78' lang='grc' dir='ltr'>φιλάνθρωπος</span> <span class='ocrx_word' id='word_1_242' title='bbox 3788 1811 3876 1865; x_wconf 87' lang='grc' dir='ltr'><strong>τοῦ</strong></span> 
     </span>
    </p>
   </div>
   <div class='ocr_carea' id='block_1_32' title="bbox 474 1897 2131 1973">
    <p class='ocr_par' dir='ltr' id='par_1_32' title="bbox 474 1897 2131 1973">
     <span class='ocr_line' id='line_1_32' title="bbox 474 1897 2131 1973; baseline -0.005 -14"><span class='ocrx_word' id='word_1_243' title='bbox 474 1903 655 1961; x_wconf 89' lang='lat' dir='ltr'><strong>minis</strong></span> <span class='ocrx_word' id='word_1_244' title='bbox 684 1903 990 1973; x_wconf 89' lang='lat' dir='ltr'><strong>dignatum</strong></span> <span class='ocrx_word' id='word_1_245' title='bbox 1021 1916 1151 1956; x_wconf 89' lang='lat' dir='ltr'><strong>esse</strong></span> <span class='ocrx_word' id='word_1_246' title='bbox 1182 1899 1476 1955; x_wconf 86' lang='lat' dir='ltr'><strong>hominem</strong></span> <span class='ocrx_word' id='word_1_247' title='bbox 1513 1897 1661 1965; x_wconf 87' lang='lat' dir='ltr'><strong>ﬁeri,</strong></span> <span class='ocrx_word' id='word_1_248' title='bbox 1689 1900 1927 1969; x_wconf 89' lang='lat' dir='ltr'><strong>accepta</strong></span> <span class='ocrx_word' id='word_1_249' title='bbox 1956 1911 2131 1952; x_wconf 88' lang='lat' dir='ltr'><strong>carne</strong></span> 
     </span>
    </p>
   </div>
   <div class='ocr_carea' id='block_1_33' title="bbox 473 1986 2129 2061">
    <p class='ocr_par' dir='ltr' id='par_1_33' title="bbox 473 1986 2129 2061">
     <span class='ocr_line' id='line_1_33' title="bbox 473 1986 2129 2061; baseline -0.007 -11"><span class='ocrx_word' id='word_1_250' title='bbox 473 2010 544 2050; x_wconf 87' lang='lat' dir='ltr'><strong>ex</strong></span> <span class='ocrx_word' id='word_1_251' title='bbox 572 1994 777 2049; x_wconf 91' lang='lat' dir='ltr'><strong>sancta</strong></span> <span class='ocrx_word' id='word_1_252' title='bbox 822 1989 1046 2061; x_wconf 84' lang='lat' dir='ltr'><strong>virgine</strong></span> <span class='ocrx_word' id='word_1_253' title='bbox 1075 1988 1277 2055; x_wconf 85' lang='lat' dir='ltr'><strong>Maria,</strong></span> <span class='ocrx_word' id='word_1_254' title='bbox 1311 1992 1372 2042; x_wconf 83' lang='lat' dir='ltr'><strong>et</strong></span> <span class='ocrx_word' id='word_1_255' title='bbox 1414 1986 1599 2042; x_wconf 83' lang='lat' dir='ltr'><strong>fuisse</strong></span> <span class='ocrx_word' id='word_1_256' title='bbox 1628 1986 1812 2041; x_wconf 92' lang='lat' dir='ltr'><strong>Deum</strong></span> <span class='ocrx_word' id='word_1_257' title='bbox 1859 1986 2129 2040; x_wconf 84' lang='lat' dir='ltr'><strong>incarna-</strong></span> 
     </span>
    </p>
   </div>
   <div class='ocr_carea' id='block_1_34' title="bbox 473 2074 2131 2149">
    <p class='ocr_par' dir='ltr' id='par_1_34' title="bbox 473 2074 2131 2149">
     <span class='ocr_line' id='line_1_34' title="bbox 473 2074 2131 2149; baseline -0.005 -12"><span class='ocrx_word' id='word_1_258' title='bbox 473 2087 625 2148; x_wconf 87' lang='lat' dir='ltr'><strong>tum,</strong></span> <span class='ocrx_word' id='word_1_259' title='bbox 676 2095 743 2136; x_wconf 90' lang='lat' dir='ltr'><strong>eo</strong></span> <span class='ocrx_word' id='word_1_260' title='bbox 793 2078 947 2149; x_wconf 89' lang='lat' dir='ltr'><strong>quod</strong></span> <span class='ocrx_word' id='word_1_261' title='bbox 1000 2078 1303 2133; x_wconf 88' lang='lat' dir='ltr'><strong>inventum</strong></span> <span class='ocrx_word' id='word_1_262' title='bbox 1355 2077 1433 2132; x_wconf 85' lang='lat' dir='ltr'><strong>sit</strong></span> <span class='ocrx_word' id='word_1_263' title='bbox 1483 2079 1549 2131; x_wconf 91' lang='lat' dir='ltr'><strong>ut</strong></span> <span class='ocrx_word' id='word_1_264' title='bbox 1596 2075 1792 2131; x_wconf 92' lang='lat' dir='ltr'><strong>homo.</strong></span> <span class='ocrx_word' id='word_1_265' title='bbox 1847 2074 2002 2130; x_wconf 85' lang='lat' dir='ltr'><strong>0rlh.</strong></span> <span class='ocrx_word' id='word_1_266' title='bbox 2048 2074 2131 2129; x_wconf 93' lang='lat' dir='ltr'><strong>Ne</strong></span> 
     </span>
    </p>
   </div>
   <div class='ocr_carea' id='block_1_35' title="bbox 472 2162 2130 2235">
    <p class='ocr_par' dir='ltr' id='par_1_35' title="bbox 472 2162 2130 2235">
     <span class='ocr_line' id='line_1_35' title="bbox 472 2162 2130 2235; baseline -0.004 -11"><span class='ocrx_word' id='word_1_267' title='bbox 472 2170 653 2226; x_wconf 87' lang='lat' dir='ltr'><strong>dicito</strong></span> <span class='ocrx_word' id='word_1_268' title='bbox 689 2169 786 2225; x_wconf 90' lang='lat' dir='ltr'><strong>Dei</strong></span> <span class='ocrx_word' id='word_1_269' title='bbox 816 2167 1076 2223; x_wconf 90' lang='lat' dir='ltr'><strong>Verbum</strong></span> <span class='ocrx_word' id='word_1_270' title='bbox 1133 2182 1340 2221; x_wconf 84' lang='lat' dir='ltr'><strong>amans</strong></span> <span class='ocrx_word' id='word_1_271' title='bbox 1371 2164 1649 2231; x_wconf 83' lang='lat' dir='ltr'><strong>hominis,</strong></span> <span class='ocrx_word' id='word_1_272' title='bbox 1683 2164 1784 2219; x_wconf 90' lang='lat' dir='ltr'><strong>sed</strong></span> <span class='ocrx_word' id='word_1_273' title='bbox 1815 2163 1908 2218; x_wconf 92' lang='lat' dir='ltr'><strong>dic</strong></span> <span class='ocrx_word' id='word_1_274' title='bbox 1937 2162 2130 2235; x_wconf 85' lang='lat' dir='ltr'><strong>potius</strong></span> 
     </span>
    </p>
   </div>
   <div class='ocr_carea' id='block_1_36' title="bbox 470 2251 2130 2326">
    <p class='ocr_par' dir='ltr' id='par_1_36' title="bbox 470 2251 2130 2326">
     <span class='ocr_line' id='line_1_36' title="bbox 470 2251 2130 2326; baseline -0.005 -12"><span class='ocrx_word' id='word_1_275' title='bbox 470 2276 681 2316; x_wconf 88' lang='lat' dir='ltr'><strong>amans</strong></span> <span class='ocrx_word' id='word_1_276' title='bbox 735 2256 950 2313; x_wconf 86' lang='lat' dir='ltr'><strong>carnis.</strong></span> <span class='ocrx_word' id='word_1_277' title='bbox 992 2256 1135 2311; x_wconf 88' lang='lat' dir='ltr'><strong>Nam</strong></span> <span class='ocrx_word' id='word_1_278' title='bbox 1190 2255 1240 2311; x_wconf 90' lang='lat' dir='ltr'><strong>si</strong></span> <span class='ocrx_word' id='word_1_279' title='bbox 1270 2271 1386 2311; x_wconf 90' lang='lat' dir='ltr'><strong>non</strong></span> <span class='ocrx_word' id='word_1_280' title='bbox 1418 2254 1727 2326; x_wconf 89' lang='lat' dir='ltr'><strong>dignatum</strong></span> <span class='ocrx_word' id='word_1_281' title='bbox 1775 2258 1865 2308; x_wconf 89' lang='lat' dir='ltr'><strong>est</strong></span> <span class='ocrx_word' id='word_1_282' title='bbox 1908 2251 2130 2325; x_wconf 67' lang='lat' dir='ltr'><strong>homini</strong></span> 
     </span>
    </p>
   </div>
   <div class='ocr_carea' id='block_1_37' title="bbox 473 2340 2134 2419">
    <p class='ocr_par' dir='ltr' id='par_1_37' title="bbox 473 2340 2134 2419">
     <span class='ocr_line' id='line_1_37' title="bbox 473 2340 2134 2419; baseline -0.005 -14"><span class='ocrx_word' id='word_1_283' title='bbox 473 2348 651 2418; x_wconf 90' lang='lat' dir='ltr'><strong>uniri,</strong></span> <span class='ocrx_word' id='word_1_284' title='bbox 686 2346 982 2419; x_wconf 90' lang='lat' dir='ltr'><strong>quomodo</strong></span> <span class='ocrx_word' id='word_1_285' title='bbox 1015 2344 1271 2400; x_wconf 87' lang='lat' dir='ltr'><strong>hominis</strong></span> <span class='ocrx_word' id='word_1_286' title='bbox 1302 2348 1392 2399; x_wconf 87' lang='lat' dir='ltr'><strong>est</strong></span> <span class='ocrx_word' id='word_1_287' title='bbox 1416 2359 1625 2398; x_wconf 87' lang='lat' dir='ltr'><strong>amans</strong></span> <span class='ocrx_word' id='word_1_288' title='bbox 1647 2342 1676 2398; x_wconf 77' lang='lat' dir='ltr'><strong>‘I</strong></span> <span class='ocrx_word' id='word_1_289' title='bbox 1701 2340 1884 2413; x_wconf 81' lang='lat' dir='ltr'><strong>Apoll.</strong></span> <span class='ocrx_word' id='word_1_290' title='bbox 1920 2348 2134 2397; x_wconf 90' lang='lat' dir='ltr'><strong>Amore</strong></span> 
     </span>
    </p>
   </div>
   <div class='ocr_carea' id='block_1_38' title="bbox 470 2430 2133 2500">
    <p class='ocr_par' dir='ltr' id='par_1_38' title="bbox 470 2430 2133 2500">
     <span class='ocr_line' id='line_1_38' title="bbox 470 2430 2133 2500; baseline -0.004 -7"><span class='ocrx_word' id='word_1_291' title='bbox 470 2435 733 2493; x_wconf 89' lang='lat' dir='ltr'><strong>hominis</strong></span> <span class='ocrx_word' id='word_1_292' title='bbox 764 2435 993 2489; x_wconf 90' lang='lat' dir='ltr'><strong>unitum</strong></span> <span class='ocrx_word' id='word_1_293' title='bbox 1028 2438 1120 2488; x_wconf 86' lang='lat' dir='ltr'><strong>est</strong></span> <span class='ocrx_word' id='word_1_294' title='bbox 1149 2432 1423 2487; x_wconf 68' lang='lat' dir='ltr'><strong>humanae</strong></span> <span class='ocrx_word' id='word_1_295' title='bbox 1474 2430 1657 2500; x_wconf 86' lang='lat' dir='ltr'><strong>carni,</strong></span> <span class='ocrx_word' id='word_1_296' title='bbox 1693 2436 1759 2485; x_wconf 91' lang='lat' dir='ltr'><strong>ut</strong></span> <span class='ocrx_word' id='word_1_297' title='bbox 1790 2430 1946 2485; x_wconf 91' lang='lat' dir='ltr'><strong>idem</strong></span> <span class='ocrx_word' id='word_1_298' title='bbox 1977 2434 2133 2487; x_wconf 86' lang='lat' dir='ltr'><strong>esset</strong></span> 
     </span>
    </p>
   </div>
   <div class='ocr_carea' id='block_1_39' title="bbox 473 2519 2132 2591">
    <p class='ocr_par' dir='ltr' id='par_1_39' title="bbox 473 2519 2132 2591">
     <span class='ocr_line' id='line_1_39' title="bbox 473 2519 2132 2591; baseline -0.005 -8"><span class='ocrx_word' id='word_1_299' title='bbox 473 2527 630 2583; x_wconf 87' lang='lat' dir='ltr'><strong>Deus</strong></span> <span class='ocrx_word' id='word_1_300' title='bbox 660 2530 718 2580; x_wconf 90' lang='lat' dir='ltr'><strong>et</strong></span> <span class='ocrx_word' id='word_1_301' title='bbox 746 2523 944 2580; x_wconf 90' lang='lat' dir='ltr'><strong>homo.</strong></span> <span class='ocrx_word' id='word_1_302' title='bbox 964 2521 1124 2580; x_wconf 85' lang='lat' dir='ltr'><strong>Orth.</strong></span> <span class='ocrx_word' id='word_1_303' title='bbox 1159 2521 1284 2576; x_wconf 90' lang='lat' dir='ltr'><strong>Non</strong></span> <span class='ocrx_word' id='word_1_304' title='bbox 1311 2524 1400 2576; x_wconf 90' lang='lat' dir='ltr'><strong>est</strong></span> <span class='ocrx_word' id='word_1_305' title='bbox 1428 2525 1582 2575; x_wconf 89' lang='lat' dir='ltr'><strong>Deus</strong></span> <span class='ocrx_word' id='word_1_306' title='bbox 1611 2523 1670 2575; x_wconf 87' lang='lat' dir='ltr'><strong>et</strong></span> <span class='ocrx_word' id='word_1_307' title='bbox 1699 2519 1907 2575; x_wconf 91' lang='lat' dir='ltr'><strong>homo:</strong></span> <span class='ocrx_word' id='word_1_308' title='bbox 1942 2536 2132 2591; x_wconf 89' lang='lat' dir='ltr'><strong>neque</strong></span> 
     </span>
    </p>
   </div>
   <div class='ocr_carea' id='block_1_40' title="bbox 472 2608 2129 2682">
    <p class='ocr_par' dir='ltr' id='par_1_40' title="bbox 472 2608 2129 2682">
     <span class='ocr_line' id='line_1_40' title="bbox 472 2608 2129 2682; baseline -0.005 -11"><span class='ocrx_word' id='word_1_309' title='bbox 472 2630 612 2671; x_wconf 88' lang='lat' dir='ltr'><strong>caro</strong></span> <span class='ocrx_word' id='word_1_310' title='bbox 641 2618 734 2670; x_wconf 88' lang='lat' dir='ltr'><strong>est</strong></span> <span class='ocrx_word' id='word_1_311' title='bbox 761 2612 1043 2678; x_wconf 89' lang='lat' dir='ltr'><strong>humana,</strong></span> <span class='ocrx_word' id='word_1_312' title='bbox 1068 2627 1199 2682; x_wconf 64' lang='lat' dir='ltr'><strong>qua:</strong></span> <span class='ocrx_word' id='word_1_313' title='bbox 1230 2626 1347 2665; x_wconf 90' lang='lat' dir='ltr'><strong>non</strong></span> <span class='ocrx_word' id='word_1_314' title='bbox 1378 2609 1457 2664; x_wconf 86' lang='lat' dir='ltr'><strong>sit</strong></span> <span class='ocrx_word' id='word_1_315' title='bbox 1484 2608 1685 2663; x_wconf 88' lang='lat' dir='ltr'><strong>anima</strong></span> <span class='ocrx_word' id='word_1_316' title='bbox 1714 2608 1963 2665; x_wconf 85' lang='lat' dir='ltr'><strong>rationis</strong></span> <span class='ocrx_word' id='word_1_317' title='bbox 1991 2625 2129 2681; x_wconf 88' lang='lat' dir='ltr'><strong>par-</strong></span> 
     </span>
    </p>
   </div>
   <div class='ocr_carea' id='block_1_41' title="bbox 480 2697 2131 2775">
    <p class='ocr_par' dir='ltr' id='par_1_41' title="bbox 480 2697 2131 2775">
     <span class='ocr_line' id='line_1_41' title="bbox 480 2697 2131 2775; baseline -0.003 -16"><span class='ocrx_word' id='word_1_318' title='bbox 480 2704 656 2775; x_wconf 89' lang='lat' dir='ltr'><strong>ticipe</strong></span> <span class='ocrx_word' id='word_1_319' title='bbox 709 2701 971 2774; x_wconf 66' lang='lat' dir='ltr'><strong>praedita.</strong></span> <span class='ocrx_word' id='word_1_320' title='bbox 1004 2699 1304 2765; x_wconf 86' lang='lat' dir='ltr'><strong>Quomodo</strong></span> <span class='ocrx_word' id='word_1_321' title='bbox 1355 2697 1513 2753; x_wconf 87' lang='lat' dir='ltr'><strong>enim</strong></span> <span class='ocrx_word' id='word_1_322' title='bbox 1573 2713 1707 2752; x_wconf 89' lang='lat' dir='ltr'><strong>caro</strong></span> <span class='ocrx_word' id='word_1_323' title='bbox 1757 2698 1946 2769; x_wconf 84' lang='lat' dir='ltr'><strong>possit</strong></span> <span class='ocrx_word' id='word_1_324' title='bbox 2001 2714 2131 2754; x_wconf 87' lang='lat' dir='ltr'><strong>esse</strong></span> 
     </span>
    </p>
   </div>
   <div class='ocr_carea' id='block_1_42' title="bbox 484 2786 2127 2862">
    <p class='ocr_par' dir='ltr' id='par_1_42' title="bbox 484 2786 2127 2862">
     <span class='ocr_line' id='line_1_42' title="bbox 484 2786 2127 2862; baseline -0.004 -13"><span class='ocrx_word' id='word_1_325' title='bbox 484 2794 766 2862; x_wconf 89' lang='lat' dir='ltr'><strong>humana,</strong></span> <span class='ocrx_word' id='word_1_326' title='bbox 799 2806 975 2862; x_wconf 89' lang='lat' dir='ltr'><strong>quam</strong></span> <span class='ocrx_word' id='word_1_327' title='bbox 1030 2789 1228 2845; x_wconf 90' lang='lat' dir='ltr'><strong>anima</strong></span> <span class='ocrx_word' id='word_1_328' title='bbox 1257 2787 1501 2844; x_wconf 89' lang='lat' dir='ltr'><strong>rationis</strong></span> <span class='ocrx_word' id='word_1_329' title='bbox 1530 2786 1822 2860; x_wconf 87' lang='lat' dir='ltr'><strong>particeps</strong></span> <span class='ocrx_word' id='word_1_330' title='bbox 1856 2803 1969 2842; x_wconf 88' lang='lat' dir='ltr'><strong>non</strong></span> <span class='ocrx_word' id='word_1_331' title='bbox 2004 2788 2127 2843; x_wconf 86' lang='lat' dir='ltr'><strong>ani-</strong></span> 
     </span>
    </p>
   </div>
   <div class='ocr_carea' id='block_1_43' title="bbox 485 2876 2127 2945">
    <p class='ocr_par' dir='ltr' id='par_1_43' title="bbox 485 2876 2127 2945">
     <span class='ocr_line' id='line_1_43' title="bbox 485 2876 2127 2945; baseline -0.002 -8"><span class='ocrx_word' id='word_1_332' title='bbox 485 2879 775 2938; x_wconf 80' lang='lat' dir='ltr'><strong>maverit?</strong></span> <span class='ocrx_word' id='word_1_333' title='bbox 804 2877 951 2934; x_wconf 89' lang='lat' dir='ltr'><strong>Nam</strong></span> <span class='ocrx_word' id='word_1_334' title='bbox 981 2893 1115 2933; x_wconf 90' lang='lat' dir='ltr'><strong>caro</strong></span> <span class='ocrx_word' id='word_1_335' title='bbox 1164 2881 1254 2933; x_wconf 86' lang='lat' dir='ltr'><strong>est</strong></span> <span class='ocrx_word' id='word_1_336' title='bbox 1281 2893 1435 2945; x_wconf 90' lang='lat' dir='ltr'><strong>caro,</strong></span> <span class='ocrx_word' id='word_1_337' title='bbox 1468 2881 1524 2932; x_wconf 91' lang='lat' dir='ltr'><strong>et</strong></span> <span class='ocrx_word' id='word_1_338' title='bbox 1552 2876 1752 2932; x_wconf 90' lang='lat' dir='ltr'><strong>anima</strong></span> <span class='ocrx_word' id='word_1_339' title='bbox 1780 2880 1869 2932; x_wconf 88' lang='lat' dir='ltr'><strong>est</strong></span> <span class='ocrx_word' id='word_1_340' title='bbox 1908 2876 2127 2933; x_wconf 89' lang='lat' dir='ltr'><strong>anima.</strong></span> 
     </span>
    </p>
   </div>
   <div class='ocr_carea' id='block_1_44' title="bbox 482 2966 2129 3037">
    <p class='ocr_par' dir='ltr' id='par_1_44' title="bbox 482 2966 2129 3037">
     <span class='ocr_line' id='line_1_44' title="bbox 482 2966 2129 3037; baseline -0.003 -10"><span class='ocrx_word' id='word_1_341' title='bbox 482 2972 650 3027; x_wconf 91' lang='lat' dir='ltr'><strong>Tunc</strong></span> <span class='ocrx_word' id='word_1_342' title='bbox 677 2984 812 3026; x_wconf 91' lang='lat' dir='ltr'><strong>vero</strong></span> <span class='ocrx_word' id='word_1_343' title='bbox 861 2966 1076 3024; x_wconf 90' lang='lat' dir='ltr'><strong>dicitur</strong></span> <span class='ocrx_word' id='word_1_344' title='bbox 1120 2966 1277 3022; x_wconf 71' lang='lat'><strong>404</strong></span> <span class='ocrx_word' id='word_1_345' title='bbox 1308 2966 1501 3037; x_wconf 91' lang='lat' dir='ltr'><strong>homo,</strong></span> <span class='ocrx_word' id='word_1_346' title='bbox 1534 2982 1666 3021; x_wconf 91' lang='lat' dir='ltr'><strong>cum</strong></span> <span class='ocrx_word' id='word_1_347' title='bbox 1720 2966 1920 3021; x_wconf 90' lang='lat' dir='ltr'><strong>anima</strong></span> <span class='ocrx_word' id='word_1_348' title='bbox 1949 2967 2129 3023; x_wconf 88' lang='lat' dir='ltr'><strong>ratio-</strong></span> 
     </span>
    </p>
   </div>
   <div class='ocr_carea' id='block_1_45' title="bbox 482 3055 2133 3130">
    <p class='ocr_par' dir='ltr' id='par_1_45' title="bbox 482 3055 2133 3130">
     <span class='ocr_line' id='line_1_45' title="bbox 482 3055 2133 3130; baseline -0.002 -14"><span class='ocrx_word' id='word_1_349' title='bbox 482 3060 635 3116; x_wconf 87' lang='lat' dir='ltr'><strong>nalis</strong></span> <span class='ocrx_word' id='word_1_350' title='bbox 664 3059 1093 3130; x_wconf 85' lang='lat' dir='ltr'><strong>incorporatur,</strong></span> <span class='ocrx_word' id='word_1_351' title='bbox 1126 3060 1183 3111; x_wconf 90' lang='lat' dir='ltr'><strong>et</strong></span> <span class='ocrx_word' id='word_1_352' title='bbox 1227 3071 1440 3128; x_wconf 88' lang='lat' dir='ltr'><strong>corpus</strong></span> <span class='ocrx_word' id='word_1_353' title='bbox 1470 3055 1783 3111; x_wconf 80' lang='lat' dir='ltr'><strong>animatur.</strong></span> <span class='ocrx_word' id='word_1_354' title='bbox 1818 3055 1899 3110; x_wconf 89' lang='lat' dir='ltr'><strong>Ea</strong></span> <span class='ocrx_word' id='word_1_355' title='bbox 1949 3056 2133 3127; x_wconf 83' lang='lat' dir='ltr'><strong>igitur</strong></span> 
     </span>
    </p>
   </div>
   <div class='ocr_carea' id='block_1_46' title="bbox 2238 1889 3879 1975">
    <p class='ocr_par' dir='ltr' id='par_1_46' title="bbox 2238 1889 3879 1975">
     <span class='ocr_line' id='line_1_46' title="bbox 2238 1889 3879 1975; baseline 0.006 -30"><span class='ocrx_word' id='word_1_356' title='bbox 2238 1889 2372 1946; x_wconf 78' lang='grc' dir='ltr'>Θεοῦ</span> <span class='ocrx_word' id='word_1_357' title='bbox 2429 1892 2606 1967; x_wconf 89' lang='grc' dir='ltr'>Λόγος</span> <span class='ocrx_word' id='word_1_358' title='bbox 2682 1891 2969 1969; x_wconf 75' lang='grc' dir='ltr'>ἄνθρωπος</span> <span class='ocrx_word' id='word_1_359' title='bbox 3023 1894 3268 1969; x_wconf 87' lang='grc' dir='ltr'>γενέσθαι</span> <span class='ocrx_word' id='word_1_360' title='bbox 3347 1897 3672 1969; x_wconf 81' lang='grc' dir='ltr'>κατηξίωσε,</span> <span class='ocrx_word' id='word_1_361' title='bbox 3725 1897 3879 1975; x_wconf 81' lang='grc' dir='ltr'>σάρκα</span> 
     </span>
    </p>
   </div>
   <div class='ocr_carea' id='block_1_47' title="bbox 2240 1977 3880 2060">
    <p class='ocr_par' dir='ltr' id='par_1_47' title="bbox 2240 1977 3880 2060">
     <span class='ocr_line' id='line_1_47' title="bbox 2240 1977 3880 2060; baseline 0.005 -25"><span class='ocrx_word' id='word_1_362' title='bbox 2240 1977 2425 2035; x_wconf 89' lang='grc' dir='ltr'>λαϐὼν</span> <span class='ocrx_word' id='word_1_363' title='bbox 2474 1979 2536 2035; x_wconf 78' lang='grc' dir='ltr'>ἐκ</span> <span class='ocrx_word' id='word_1_364' title='bbox 2582 1983 2680 2050; x_wconf 73' lang='grc' dir='ltr'>τῆς</span> <span class='ocrx_word' id='word_1_365' title='bbox 2730 1980 2879 2057; x_wconf 81' lang='grc' dir='ltr'>ἁγίας</span> <span class='ocrx_word' id='word_1_366' title='bbox 2932 1983 3205 2057; x_wconf 74' lang='grc' dir='ltr'>Παρθένου</span> <span class='ocrx_word' id='word_1_367' title='bbox 3244 1983 3482 2060; x_wconf 80' lang='grc' dir='ltr'>Μαρίας·</span> <span class='ocrx_word' id='word_1_368' title='bbox 3514 1985 3605 2041; x_wconf 78' lang='grc' dir='ltr'><strong>καὶ</strong></span> <span class='ocrx_word' id='word_1_369' title='bbox 3653 1987 3717 2057; x_wconf 80' lang='grc' dir='ltr'>ἦν</span> <span class='ocrx_word' id='word_1_370' title='bbox 3763 1987 3880 2050; x_wconf 86' lang='grc' dir='ltr'>Θεὸς</span> 
     </span>
    </p>
   </div>
   <div class='ocr_carea' id='block_1_48' title="bbox 2239 2067 3879 2152">
    <p class='ocr_par' dir='ltr' id='par_1_48' title="bbox 2239 2067 3879 2152">
     <span class='ocr_line' id='line_1_48' title="bbox 2239 2067 3879 2152; baseline 0.007 -30"><span class='ocrx_word' id='word_1_371' title='bbox 2239 2069 2557 2145; x_wconf 80' lang='grc' dir='ltr'>σαρκωθείς,</span> <span class='ocrx_word' id='word_1_372' title='bbox 2602 2070 2676 2132; x_wconf 85' lang='grc' dir='ltr'>ὡς</span> <span class='ocrx_word' id='word_1_373' title='bbox 2736 2067 3014 2147; x_wconf 79' lang='grc' dir='ltr'>ἄνθρωκος</span> <span class='ocrx_word' id='word_1_374' title='bbox 3075 2072 3333 2149; x_wconf 84' lang='grc' dir='ltr'>εὑρεθείς.</span> <span class='ocrx_word' id='word_1_375' title='bbox 3387 2075 3542 2151; x_wconf 84' lang='grc' dir='ltr'><strong>Ὀρθ.</strong></span> <span class='ocrx_word' id='word_1_376' title='bbox 3595 2076 3684 2146; x_wconf 76' lang='grc' dir='ltr'><strong>Μὴ</strong></span> <span class='ocrx_word' id='word_1_377' title='bbox 3742 2075 3879 2152; x_wconf 86' lang='grc' dir='ltr'>λέγε,</span> 
     </span>
    </p>
   </div>
   <div class='ocr_carea' id='block_1_49' title="bbox 2240 2155 3880 2237">
    <p class='ocr_par' dir='ltr' id='par_1_49' title="bbox 2240 2155 3880 2237">
     <span class='ocr_line' id='line_1_49' title="bbox 2240 2155 3880 2237; baseline 0.004 -24"><span class='ocrx_word' id='word_1_378' title='bbox 2240 2159 2268 2213; x_wconf 93' lang='lat'><strong>6</strong></span> <span class='ocrx_word' id='word_1_379' title='bbox 2300 2155 2686 2235; x_wconf 78' lang='grc' dir='ltr'>φιλάνθρωπος</span> <span class='ocrx_word' id='word_1_380' title='bbox 2716 2163 2812 2214; x_wconf 90' lang='grc' dir='ltr'><strong>τοῦ</strong></span> <span class='ocrx_word' id='word_1_381' title='bbox 2842 2164 2976 2215; x_wconf 89' lang='grc' dir='ltr'>Θεοῦ</span> <span class='ocrx_word' id='word_1_382' title='bbox 3007 2159 3203 2237; x_wconf 82' lang='grc' dir='ltr'>Λόγος,</span> <span class='ocrx_word' id='word_1_383' title='bbox 3237 2161 3386 2218; x_wconf 85' lang='grc' dir='ltr'>ἀλλᾶ</span> <span class='ocrx_word' id='word_1_384' title='bbox 3439 2163 3657 2237; x_wconf 78' lang='grc' dir='ltr'>μᾶλλον</span> <span class='ocrx_word' id='word_1_385' title='bbox 3697 2164 3824 2236; x_wconf 77' lang='grc' dir='ltr'>εἰπέ,</span> <span class='ocrx_word' id='word_1_386' title='bbox 3854 2165 3880 2220; x_wconf 81' lang='grc' dir='ltr'><strong>ὁ</strong></span> 
     </span>
    </p>
   </div>
   <div class='ocr_carea' id='block_1_50' title="bbox 2239 2246 3879 2325">
    <p class='ocr_par' dir='ltr' id='par_1_50' title="bbox 2239 2246 3879 2325">
     <span class='ocr_line' id='line_1_50' title="bbox 2239 2246 3879 2325; baseline 0.005 -25"><span class='ocrx_word' id='word_1_387' title='bbox 2239 2246 2593 2324; x_wconf 78' lang='grc' dir='ltr'>φιλόσαρκος·</span> <span class='ocrx_word' id='word_1_388' title='bbox 2657 2248 2703 2303; x_wconf 78' lang='grc' dir='ltr'>εἰ</span> <span class='ocrx_word' id='word_1_389' title='bbox 2773 2249 2876 2323; x_wconf 75' lang='grc' dir='ltr'>γὰρ</span> <span class='ocrx_word' id='word_1_390' title='bbox 2944 2247 3008 2303; x_wconf 79' lang='grc' dir='ltr'><strong>οὐ</strong></span> <span class='ocrx_word' id='word_1_391' title='bbox 3076 2251 3414 2322; x_wconf 77' lang='grc' dir='ltr'>κατηξίωσεν</span> <span class='ocrx_word' id='word_1_392' title='bbox 3482 2254 3747 2325; x_wconf 80' lang='grc' dir='ltr'>ένωθῆναι</span> <span class='ocrx_word' id='word_1_393' title='bbox 3797 2254 3879 2309; x_wconf 85' lang='grc' dir='ltr'>ἀν-</span> 
     </span>
    </p>
   </div>
   <div class='ocr_carea' id='block_1_51' title="bbox 2241 2335 3879 2415">
    <p class='ocr_par' dir='ltr' id='par_1_51' title="bbox 2241 2335 3879 2415">
     <span class='ocr_line' id='line_1_51' title="bbox 2241 2335 3879 2415; baseline 0.006 -26"><span class='ocrx_word' id='word_1_394' title='bbox 2241 2337 2469 2412; x_wconf 84' lang='grc' dir='ltr'>θρώπῳ,</span> <span class='ocrx_word' id='word_1_395' title='bbox 2500 2341 2616 2399; x_wconf 87' lang='grc' dir='ltr'><strong>πῶς</strong></span> <span class='ocrx_word' id='word_1_396' title='bbox 2662 2335 3082 2415; x_wconf 48' lang='grc' dir='ltr'>φιλάνθρωπος</span> <span class='ocrx_word' id='word_1_397' title='bbox 3128 2339 3367 2400; x_wconf 85' lang='grc' dir='ltr'>Ἀπολλ.</span> <span class='ocrx_word' id='word_1_398' title='bbox 3416 2340 3604 2398; x_wconf 83' lang='grc' dir='ltr'>Φιλῶν</span> <span class='ocrx_word' id='word_1_399' title='bbox 3657 2344 3746 2399; x_wconf 87' lang='grc' dir='ltr'><strong>τὸν</strong></span> <span class='ocrx_word' id='word_1_400' title='bbox 3794 2342 3879 2399; x_wconf 78' lang='grc' dir='ltr'><strong>ἄν·</strong></span> 
     </span>
    </p>
   </div>
   <div class='ocr_carea' id='block_1_52' title="bbox 2238 2426 3879 2508">
    <p class='ocr_par' dir='ltr' id='par_1_52' title="bbox 2238 2426 3879 2508">
     <span class='ocr_line' id='line_1_52' title="bbox 2238 2426 3879 2508; baseline 0.006 -28"><span class='ocrx_word' id='word_1_401' title='bbox 2238 2427 2454 2503; x_wconf 83' lang='grc' dir='ltr'>θρωπον</span> <span class='ocrx_word' id='word_1_402' title='bbox 2511 2431 2581 2501; x_wconf 78' lang='grc' dir='ltr'>τῇ</span> <span class='ocrx_word' id='word_1_403' title='bbox 2629 2426 2942 2502; x_wconf 76' lang='grc' dir='ltr'><strong>ἀνθρωπίνῃ</strong></span> <span class='ocrx_word' id='word_1_404' title='bbox 2991 2430 3149 2505; x_wconf 80' lang='grc' dir='ltr'>σαρκὶ</span> <span class='ocrx_word' id='word_1_405' title='bbox 3194 2429 3403 2500; x_wconf 76' lang='grc' dir='ltr'>ἥνωτο,</span> <span class='ocrx_word' id='word_1_406' title='bbox 3432 2430 3525 2488; x_wconf 70' lang='grc' dir='ltr'>’ίνα</span> <span class='ocrx_word' id='word_1_407' title='bbox 3571 2432 3609 2508; x_wconf 68' lang='grc' dir='ltr'><strong><em>ᾖ</em></strong></span> <span class='ocrx_word' id='word_1_408' title='bbox 3658 2433 3687 2488; x_wconf 92' lang='lat'><strong>6</strong></span> <span class='ocrx_word' id='word_1_409' title='bbox 3734 2432 3879 2495; x_wconf 77' lang='grc' dir='ltr'>αὐτὸς</span> 
     </span>
    </p>
   </div>
   <div class='ocr_carea' id='block_1_53' title="bbox 2237 2514 3879 2597">
    <p class='ocr_par' dir='ltr' id='par_1_53' title="bbox 2237 2514 3879 2597">
     <span class='ocr_line' id='line_1_53' title="bbox 2237 2514 3879 2597; baseline 0.005 -26"><span class='ocrx_word' id='word_1_410' title='bbox 2237 2516 2363 2578; x_wconf 86' lang='grc' dir='ltr'>Θεὸς</span> <span class='ocrx_word' id='word_1_411' title='bbox 2392 2517 2481 2572; x_wconf 85' lang='grc' dir='ltr'><strong>καὶ</strong></span> <span class='ocrx_word' id='word_1_412' title='bbox 2513 2514 2819 2593; x_wconf 80' lang='grc' dir='ltr'>ἅνθρωπος.</span> <span class='ocrx_word' id='word_1_413' title='bbox 2856 2519 3005 2593; x_wconf 87' lang='grc' dir='ltr'>Ὀρθ.</span> <span class='ocrx_word' id='word_1_414' title='bbox 3040 2518 3152 2574; x_wconf 78' lang='grc' dir='ltr'>Οὐκ</span> <span class='ocrx_word' id='word_1_415' title='bbox 3196 2515 3307 2576; x_wconf 79' lang='grc' dir='ltr'>ἔστι</span> <span class='ocrx_word' id='word_1_416' title='bbox 3360 2524 3494 2585; x_wconf 84' lang='grc' dir='ltr'>Θεὸς</span> <span class='ocrx_word' id='word_1_417' title='bbox 3544 2522 3635 2578; x_wconf 86' lang='grc' dir='ltr'><strong>καὶ</strong></span> <span class='ocrx_word' id='word_1_418' title='bbox 3684 2521 3879 2597; x_wconf 78' lang='grc' dir='ltr'>ἄνθρω-</span> 
     </span>
    </p>
   </div>
   <div class='ocr_carea' id='block_1_54' title="bbox 2237 2603 3881 2686">
    <p class='ocr_par' dir='ltr' id='par_1_54' title="bbox 2237 2603 3881 2686">
     <span class='ocr_line' id='line_1_54' title="bbox 2237 2603 3881 2686; baseline 0.005 -26"><span class='ocrx_word' id='word_1_419' title='bbox 2237 2626 2362 2668; x_wconf 88' lang='grc' dir='ltr'>πος·</span> <span class='ocrx_word' id='word_1_420' title='bbox 2398 2603 2523 2661; x_wconf 82' lang='grc' dir='ltr'>οὐδὲ</span> <span class='ocrx_word' id='word_1_421' title='bbox 2567 2607 2882 2683; x_wconf 82' lang='grc' dir='ltr'><strong>ἀνθρωπίνη</strong></span> <span class='ocrx_word' id='word_1_422' title='bbox 2932 2608 3059 2682; x_wconf 80' lang='grc' dir='ltr'>σάρξ</span> <span class='ocrx_word' id='word_1_423' title='bbox 3092 2610 3207 2684; x_wconf 89' lang='grc'>(81)</span> <span class='ocrx_word' id='word_1_424' title='bbox 3237 2609 3378 2665; x_wconf 83' lang='grc' dir='ltr'>ἐστιν</span> <span class='ocrx_word' id='word_1_425' title='bbox 3413 2614 3449 2682; x_wconf 84' lang='grc' dir='ltr'><strong>ή</strong></span> <span class='ocrx_word' id='word_1_426' title='bbox 3485 2614 3563 2685; x_wconf 76' lang='grc' dir='ltr'>μὴ</span> <span class='ocrx_word' id='word_1_427' title='bbox 3615 2611 3746 2668; x_wconf 83' lang='grc' dir='ltr'>οῦσα</span> <span class='ocrx_word' id='word_1_428' title='bbox 3791 2609 3881 2686; x_wconf 75' lang='grc' dir='ltr'><strong>ἔμ-</strong></span> 
     </span>
    </p>
   </div>
   <div class='ocr_carea' id='block_1_55' title="bbox 2238 2693 3878 2779">
    <p class='ocr_par' dir='ltr' id='par_1_55' title="bbox 2238 2693 3878 2779">
     <span class='ocr_line' id='line_1_55' title="bbox 2238 2693 3878 2779; baseline 0.007 -31"><span class='ocrx_word' id='word_1_429' title='bbox 2238 2698 2416 2771; x_wconf 75' lang='grc' dir='ltr'>ψυχος</span> <span class='ocrx_word' id='word_1_430' title='bbox 2448 2693 2666 2771; x_wconf 85' lang='grc' dir='ltr'>λογική.</span> <span class='ocrx_word' id='word_1_431' title='bbox 2693 2701 2816 2759; x_wconf 85' lang='grc' dir='ltr'>Πῶς</span> <span class='ocrx_word' id='word_1_432' title='bbox 2847 2698 2952 2773; x_wconf 73' lang='grc' dir='ltr'>γὰρ</span> <span class='ocrx_word' id='word_1_433' title='bbox 2972 2699 3008 2767; x_wconf 82' lang='grc' dir='ltr'><strong>ἡ</strong></span> <span class='ocrx_word' id='word_1_434' title='bbox 3045 2699 3121 2771; x_wconf 82' lang='grc' dir='ltr'>μὴ</span> <span class='ocrx_word' id='word_1_435' title='bbox 3154 2702 3481 2775; x_wconf 79' lang='grc' dir='ltr'>ψυχωθεῖσα</span> <span class='ocrx_word' id='word_1_436' title='bbox 3509 2705 3665 2779; x_wconf 79' lang='grc' dir='ltr'>ψυχῇ</span> <span class='ocrx_word' id='word_1_437' title='bbox 3693 2701 3878 2778; x_wconf 81' lang='grc' dir='ltr'>λογικῇ</span> 
     </span>
    </p>
   </div>
   <div class='ocr_carea' id='block_1_56' title="bbox 2241 2783 3880 2867">
    <p class='ocr_par' dir='ltr' id='par_1_56' title="bbox 2241 2783 3880 2867">
     <span class='ocr_line' id='line_1_56' title="bbox 2241 2783 3880 2867; baseline 0.005 -29"><span class='ocrx_word' id='word_1_438' title='bbox 2241 2784 2367 2855; x_wconf 79' lang='grc' dir='ltr'>σὰρξ</span> <span class='ocrx_word' id='word_1_439' title='bbox 2433 2784 2748 2861; x_wconf 80' lang='grc' dir='ltr'>ἀνθρωπίνη</span> <span class='ocrx_word' id='word_1_440' title='bbox 2815 2783 3035 2842; x_wconf 81' lang='grc' dir='ltr'>δύναται</span> <span class='ocrx_word' id='word_1_441' title='bbox 3104 2789 3273 2858; x_wconf 84' lang='grc' dir='ltr'>εἴναι;</span> <span class='ocrx_word' id='word_1_442' title='bbox 3320 2790 3386 2845; x_wconf 90' lang='grc' dir='ltr'>Ἡ</span> <span class='ocrx_word' id='word_1_443' title='bbox 3437 2791 3543 2867; x_wconf 81' lang='grc' dir='ltr'>γὰρ</span> <span class='ocrx_word' id='word_1_444' title='bbox 3589 2792 3714 2867; x_wconf 75' lang='grc' dir='ltr'>σὰρξ</span> <span class='ocrx_word' id='word_1_445' title='bbox 3764 2791 3880 2867; x_wconf 80' lang='grc' dir='ltr'>σάρξ</span> 
     </span>
    </p>
   </div>
   <div class='ocr_carea' id='block_1_57' title="bbox 2239 2872 3883 2957">
    <p class='ocr_par' dir='ltr' id='par_1_57' title="bbox 2239 2872 3883 2957">
     <span class='ocr_line' id='line_1_57' title="bbox 2239 2872 3883 2957; baseline 0.005 -30"><span class='ocrx_word' id='word_1_446' title='bbox 2239 2872 2373 2946; x_wconf 70' lang='grc' dir='ltr'>ἐστι,</span> <span class='ocrx_word' id='word_1_447' title='bbox 2405 2874 2494 2928; x_wconf 87' lang='grc' dir='ltr'><strong>καὶ</strong></span> <span class='ocrx_word' id='word_1_448' title='bbox 2525 2876 2560 2944; x_wconf 84' lang='grc' dir='ltr'>ἡ</span> <span class='ocrx_word' id='word_1_449' title='bbox 2592 2877 2746 2949; x_wconf 82' lang='grc' dir='ltr'>ψυχὴ</span> <span class='ocrx_word' id='word_1_450' title='bbox 2778 2877 2931 2951; x_wconf 80' lang='grc' dir='ltr'>ψυχή</span> <span class='ocrx_word' id='word_1_451' title='bbox 2964 2874 3128 2935; x_wconf 75' lang='grc' dir='ltr'>ἐστιν.</span> <span class='ocrx_word' id='word_1_452' title='bbox 3160 2876 3290 2933; x_wconf 82' lang='grc' dir='ltr'>Τότε</span> <span class='ocrx_word' id='word_1_453' title='bbox 3319 2875 3378 2933; x_wconf 76' lang='grc' dir='ltr'><strong>δὲ</strong></span> <span class='ocrx_word' id='word_1_454' title='bbox 3418 2877 3707 2957; x_wconf 78' lang='grc' dir='ltr'>ἄνθρωπος</span> <span class='ocrx_word' id='word_1_455' title='bbox 3744 2880 3883 2956; x_wconf 81' lang='grc' dir='ltr'>λέγε-</span> 
     </span>
    </p>
   </div>
   <div class='ocr_carea' id='block_1_58' title="bbox 2237 2961 3879 3045">
    <p class='ocr_par' dir='ltr' id='par_1_58' title="bbox 2237 2961 3879 3045">
     <span class='ocr_line' id='line_1_58' title="bbox 2237 2961 3879 3045; baseline 0.004 -27"><span class='ocrx_word' id='word_1_456' title='bbox 2237 2984 2348 3037; x_wconf 81' lang='grc' dir='ltr'>ται,</span> <span class='ocrx_word' id='word_1_457' title='bbox 2380 2962 2469 3019; x_wconf 81' lang='grc' dir='ltr'>ὅτε</span> <span class='ocrx_word' id='word_1_458' title='bbox 2497 2966 2532 3033; x_wconf 79' lang='grc' dir='ltr'><strong>ἡ</strong></span> <span class='ocrx_word' id='word_1_459' title='bbox 2569 2961 2770 3039; x_wconf 83' lang='grc' dir='ltr'>λογική</span> <span class='ocrx_word' id='word_1_460' title='bbox 2801 2966 2954 3040; x_wconf 81' lang='grc' dir='ltr'>ψυχὴ</span> <span class='ocrx_word' id='word_1_461' title='bbox 2986 2971 3355 3039; x_wconf 88' lang='grc' dir='ltr'>σωματοῦται,</span> <span class='ocrx_word' id='word_1_462' title='bbox 3389 2970 3483 3025; x_wconf 87' lang='grc' dir='ltr'><strong>καὶ</strong></span> <span class='ocrx_word' id='word_1_463' title='bbox 3512 2969 3576 3026; x_wconf 77' lang='grc' dir='ltr'><strong>τό</strong></span> <span class='ocrx_word' id='word_1_464' title='bbox 3606 2975 3763 3045; x_wconf 87' lang='grc' dir='ltr'>σῶμα</span> <span class='ocrx_word' id='word_1_465' title='bbox 3790 2973 3879 3045; x_wconf 83' lang='grc' dir='ltr'><strong>ψυ-</strong></span> 
     </span>
    </p>
   </div>
   <div class='ocr_carea' id='block_1_59' title="bbox 2240 3051 3881 3131">
    <p class='ocr_par' dir='ltr' id='par_1_59' title="bbox 2240 3051 3881 3131">
     <span class='ocr_line' id='line_1_59' title="bbox 2240 3051 3881 3131; baseline 0.005 -23"><span class='ocrx_word' id='word_1_466' title='bbox 2240 3058 2457 3129; x_wconf 88' lang='grc' dir='ltr'>χοῦται.</span> <span class='ocrx_word' id='word_1_467' title='bbox 2489 3051 2600 3107; x_wconf 81' lang='grc' dir='ltr'>Οὐκ</span> <span class='ocrx_word' id='word_1_468' title='bbox 2629 3054 2730 3129; x_wconf 79' lang='grc' dir='ltr'><strong>ἄρα</strong></span> <span class='ocrx_word' id='word_1_469' title='bbox 2760 3054 3073 3130; x_wconf 81' lang='grc' dir='ltr'>ἀνθρωπίνη</span> <span class='ocrx_word' id='word_1_470' title='bbox 3118 3056 3245 3131; x_wconf 79' lang='grc' dir='ltr'>σὰρξ</span> <span class='ocrx_word' id='word_1_471' title='bbox 3298 3058 3333 3126; x_wconf 75' lang='grc' dir='ltr'><strong>ἡ</strong></span> <span class='ocrx_word' id='word_1_472' title='bbox 3391 3059 3472 3131; x_wconf 80' lang='grc' dir='ltr'>μὴ</span> <span class='ocrx_word' id='word_1_473' title='bbox 3521 3062 3881 3131; x_wconf 78' lang='grc' dir='ltr'>κοινωνήσασα</span> 
     </span>
    </p>
   </div>
   <div class='ocr_carea' id='block_1_60' title="bbox 479 3141 2125 3246">
    <p class='ocr_par' dir='ltr' id='par_1_60' title="bbox 479 3142 2125 3216">
     <span class='ocr_line' id='line_1_60' title="bbox 479 3142 2125 3216; baseline -0.002 -13"><span class='ocrx_word' id='word_1_474' title='bbox 479 3163 614 3205; x_wconf 85' lang='lat' dir='ltr'><strong>caro</strong></span> <span class='ocrx_word' id='word_1_475' title='bbox 646 3163 758 3203; x_wconf 91' lang='lat' dir='ltr'><strong>non</strong></span> <span class='ocrx_word' id='word_1_476' title='bbox 790 3150 881 3201; x_wconf 70' lang='lat' dir='ltr'><strong>est</strong></span> <span class='ocrx_word' id='word_1_477' title='bbox 916 3144 1199 3215; x_wconf 89' lang='lat' dir='ltr'><strong>humana,</strong></span> <span class='ocrx_word' id='word_1_478' title='bbox 1237 3159 1364 3216; x_wconf 74' lang='lat' dir='ltr'><strong>quae</strong></span> <span class='ocrx_word' id='word_1_479' title='bbox 1395 3142 1685 3215; x_wconf 86' lang='lat' dir='ltr'><strong>particeps</strong></span> <span class='ocrx_word' id='word_1_480' title='bbox 1730 3160 1844 3199; x_wconf 91' lang='lat' dir='ltr'><strong>non</strong></span> <span class='ocrx_word' id='word_1_481' title='bbox 1875 3148 1966 3200; x_wconf 89' lang='lat' dir='ltr'><strong>est</strong></span> <span class='ocrx_word' id='word_1_482' title='bbox 1997 3144 2125 3200; x_wconf 91' lang='lat' dir='ltr'><strong>ani—</strong></span> 
     </span>
    </p>
   </div>
   <div class='ocr_carea' id='block_1_61' title="bbox 2236 3141 3879 3246">
    <p class='ocr_par' dir='ltr' id='par_1_61' title="bbox 2239 3141 3879 3246">
     <span class='ocr_line' id='line_1_61' title="bbox 2239 3141 3879 3246; baseline 0.004 -49"><span class='ocrx_word' id='word_1_483' title='bbox 2239 3146 2393 3219; x_wconf 79' lang='grc' dir='ltr'>ψυχῇ</span> <span class='ocrx_word' id='word_1_484' title='bbox 2445 3141 2667 3246; x_wconf 52' lang='grc' dir='ltr'>λογὶκῇ.</span> <span class='ocrx_word' id='word_1_485' title='bbox 2709 3142 2963 3246; x_wconf 55' lang='grc' dir='ltr'>Ἀπολλῖ</span> <span class='ocrx_word' id='word_1_486' title='bbox 3014 3148 3129 3199; x_wconf 86' lang='grc' dir='ltr'><strong>Τῶν</strong></span> <span class='ocrx_word' id='word_1_487' title='bbox 3178 3143 3387 3221; x_wconf 79' lang='grc' dir='ltr'>γηΐνων</span> <span class='ocrx_word' id='word_1_488' title='bbox 3451 3148 3720 3217; x_wconf 83' lang='grc' dir='ltr'>σωμάτων</span> <span class='ocrx_word' id='word_1_489' title='bbox 3766 3147 3879 3204; x_wconf 78' lang='grc' dir='ltr'>ὅταν</span> 
     </span>
    </p>
   </div>
   <div class='ocr_carea' id='block_1_62' title="bbox 478 3233 2126 3305">
    <p class='ocr_par' dir='ltr' id='par_1_62' title="bbox 478 3233 2126 3305">
     <span class='ocr_line' id='line_1_62' title="bbox 478 3233 2126 3305; baseline -0.002 -13"><span class='ocrx_word' id='word_1_490' title='bbox 478 3253 586 3292; x_wconf 66' lang='lat' dir='ltr'><strong>mae</strong></span> <span class='ocrx_word' id='word_1_491' title='bbox 638 3233 964 3292; x_wconf 86' lang='lat' dir='ltr'><strong>rationalis.</strong></span> <span class='ocrx_word' id='word_1_492' title='bbox 996 3234 1177 3305; x_wconf 84' lang='lat' dir='ltr'><strong>Apoll.</strong></span> <span class='ocrx_word' id='word_1_493' title='bbox 1229 3236 1374 3289; x_wconf 90' lang='lat' dir='ltr'><strong>Cum</strong></span> <span class='ocrx_word' id='word_1_494' title='bbox 1399 3236 1696 3288; x_wconf 91' lang='lat' dir='ltr'><strong>terrenum</strong></span> <span class='ocrx_word' id='word_1_495' title='bbox 1728 3233 1965 3305; x_wconf 85' lang='lat' dir='ltr'><strong>aliquod</strong></span> <span class='ocrx_word' id='word_1_496' title='bbox 1999 3250 2126 3289; x_wconf 87' lang='lat' dir='ltr'><strong>cor-</strong></span> 
     </span>
    </p>
   </div>
   <div class='ocr_carea' id='block_1_63' title="bbox 475 3320 2125 3398">
    <p class='ocr_par' dir='ltr' id='par_1_63' title="bbox 475 3320 2125 3398">
     <span class='ocr_line' id='line_1_63' title="bbox 475 3320 2125 3398; baseline -0.001 -17"><span class='ocrx_word' id='word_1_497' title='bbox 475 3341 589 3398; x_wconf 84' lang='lat' dir='ltr'><strong>pus</strong></span> <span class='ocrx_word' id='word_1_498' title='bbox 638 3324 851 3397; x_wconf 88' lang='lat' dir='ltr'><strong>accipit</strong></span> <span class='ocrx_word' id='word_1_499' title='bbox 878 3324 1137 3379; x_wconf 91' lang='lat' dir='ltr'><strong>animam</strong></span> <span class='ocrx_word' id='word_1_500' title='bbox 1171 3320 1716 3390; x_wconf 83' lang='lat' dir='ltr'><strong>rationalem,homo</strong></span> <span class='ocrx_word' id='word_1_501' title='bbox 1736 3322 1956 3379; x_wconf 88' lang='lat' dir='ltr'><strong>dicitur</strong></span> <span class='ocrx_word' id='word_1_502' title='bbox 1985 3339 1998 3377; x_wconf 91' lang='lat'>:</span> <span class='ocrx_word' id='word_1_503' title='bbox 2032 3323 2125 3379; x_wconf 91' lang='lat' dir='ltr'><strong>sin</strong></span> 
     </span>
    </p>
   </div>
   <div class='ocr_carea' id='block_1_64' title="bbox 472 3410 2123 3483">
    <p class='ocr_par' dir='ltr' id='par_1_64' title="bbox 472 3410 2123 3483">
     <span class='ocr_line' id='line_1_64' title="bbox 472 3410 2123 3483; baseline 0 -15"><span class='ocrx_word' id='word_1_504' title='bbox 472 3430 608 3470; x_wconf 90' lang='lat' dir='ltr'><strong>vero</strong></span> <span class='ocrx_word' id='word_1_505' title='bbox 638 3417 907 3470; x_wconf 81' lang='lat' dir='ltr'><strong>assumat</strong></span> <span class='ocrx_word' id='word_1_506' title='bbox 935 3412 1194 3467; x_wconf 90' lang='lat' dir='ltr'><strong>animam</strong></span> <span class='ocrx_word' id='word_1_507' title='bbox 1226 3411 1475 3467; x_wconf 89' lang='lat' dir='ltr'><strong>rationis</strong></span> <span class='ocrx_word' id='word_1_508' title='bbox 1520 3416 1837 3483; x_wconf 86' lang='lat' dir='ltr'><strong>expertem,</strong></span> <span class='ocrx_word' id='word_1_509' title='bbox 1870 3412 1936 3467; x_wconf 86' lang='lat' dir='ltr'><strong>fit</strong></span> <span class='ocrx_word' id='word_1_510' title='bbox 1962 3410 2123 3468; x_wconf 88' lang='lat' dir='ltr'><strong>aliud</strong></span> 
     </span>
    </p>
   </div>
   <div class='ocr_carea' id='block_1_65' title="bbox 471 3499 2124 3575">
    <p class='ocr_par' dir='ltr' id='par_1_65' title="bbox 471 3499 2124 3575">
     <span class='ocr_line' id='line_1_65' title="bbox 471 3499 2124 3575; baseline -0.001 -16"><span class='ocrx_word' id='word_1_511' title='bbox 471 3502 717 3569; x_wconf 88' lang='lat' dir='ltr'><strong>animal,</strong></span> <span class='ocrx_word' id='word_1_512' title='bbox 750 3518 927 3575; x_wconf 91' lang='lat' dir='ltr'><strong>quam</strong></span> <span class='ocrx_word' id='word_1_513' title='bbox 980 3502 1173 3557; x_wconf 92' lang='lat' dir='ltr'><strong>homo.</strong></span> <span class='ocrx_word' id='word_1_514' title='bbox 1211 3499 1496 3556; x_wconf 71' lang='lat' dir='ltr'><strong>Caeterum</strong></span> <span class='ocrx_word' id='word_1_515' title='bbox 1545 3500 1831 3556; x_wconf 88' lang='lat' dir='ltr'><strong>Dominus</strong></span> <span class='ocrx_word' id='word_1_516' title='bbox 1884 3517 2124 3573; x_wconf 88' lang='lat' dir='ltr'><strong>corpore</strong></span> 
     </span>
    </p>
   </div>
   <div class='ocr_carea' id='block_1_66' title="bbox 469 3588 2124 3660">
    <p class='ocr_par' dir='ltr' id='par_1_66' title="bbox 469 3588 2124 3660">
     <span class='ocr_line' id='line_1_66' title="bbox 469 3588 2124 3660; baseline 0 -13"><span class='ocrx_word' id='word_1_517' title='bbox 469 3592 583 3647; x_wconf 90' lang='lat' dir='ltr'><strong>sibi</strong></span> <span class='ocrx_word' id='word_1_518' title='bbox 614 3608 681 3647; x_wconf 88' lang='lat' dir='ltr'><strong>ex</strong></span> <span class='ocrx_word' id='word_1_519' title='bbox 714 3591 824 3647; x_wconf 91' lang='lat' dir='ltr'><strong>hac</strong></span> <span class='ocrx_word' id='word_1_520' title='bbox 856 3589 1100 3645; x_wconf 86' lang='lat' dir='ltr'><strong>materia</strong></span> <span class='ocrx_word' id='word_1_521' title='bbox 1128 3588 1618 3660; x_wconf 82' lang='lat' dir='ltr'><strong>efﬁcto,illudque</strong></span> <span class='ocrx_word' id='word_1_522' title='bbox 1649 3605 1757 3644; x_wconf 66' lang='lat' dir='ltr'><strong>sua</strong></span> <span class='ocrx_word' id='word_1_523' title='bbox 1787 3589 2124 3647; x_wconf 88' lang='lat' dir='ltr'><strong>substantia</strong></span> 
     </span>
    </p>
   </div>
   <div class='ocr_carea' id='block_1_67' title="bbox 464 3678 2122 3751">
    <p class='ocr_par' dir='ltr' id='par_1_67' title="bbox 464 3678 2122 3751">
     <span class='ocr_line' id='line_1_67' title="bbox 464 3678 2122 3751; baseline 0.001 -17"><span class='ocrx_word' id='word_1_524' title='bbox 464 3680 765 3736; x_wconf 84' lang='lat' dir='ltr'><strong>vivificans</strong></span> <span class='ocrx_word' id='word_1_525' title='bbox 817 3679 992 3751; x_wconf 89' lang='lat' dir='ltr'><strong>(quod</strong></span> <span class='ocrx_word' id='word_1_526' title='bbox 1046 3678 1286 3749; x_wconf 88' lang='lat' dir='ltr'><strong>quidem</strong></span> <span class='ocrx_word' id='word_1_527' title='bbox 1342 3695 1452 3733; x_wconf 90' lang='lat' dir='ltr'><strong>sua</strong></span> <span class='ocrx_word' id='word_1_528' title='bbox 1504 3684 1715 3734; x_wconf 85' lang='lat' dir='ltr'><strong>natura</strong></span> <span class='ocrx_word' id='word_1_529' title='bbox 1760 3696 1891 3735; x_wconf 91' lang='lat' dir='ltr'><strong>cum</strong></span> <span class='ocrx_word' id='word_1_530' title='bbox 1946 3680 2122 3736; x_wconf 86' lang='lat' dir='ltr'><strong>habet</strong></span> 
     </span>
    </p>
   </div>
   <div class='ocr_carea' id='block_1_68' title="bbox 464 3766 2120 3839">
    <p class='ocr_par' dir='ltr' id='par_1_68' title="bbox 464 3766 2120 3839">
     <span class='ocr_line' id='line_1_68' title="bbox 464 3766 2120 3839; baseline 0 -13"><span class='ocrx_word' id='word_1_531' title='bbox 464 3769 748 3836; x_wconf 88' lang='lat' dir='ltr'><strong>animam,</strong></span> <span class='ocrx_word' id='word_1_532' title='bbox 780 3782 1097 3823; x_wconf 87' lang='lat' dir='ltr'><strong>commune</strong></span> <span class='ocrx_word' id='word_1_533' title='bbox 1145 3766 1399 3838; x_wconf 84' lang='lat' dir='ltr'><strong>complet</strong></span> <span class='ocrx_word' id='word_1_534' title='bbox 1445 3768 1709 3839; x_wconf 86' lang='lat' dir='ltr'><strong>animal),</strong></span> <span class='ocrx_word' id='word_1_535' title='bbox 1761 3774 1932 3839; x_wconf 84' lang='lat' dir='ltr'><strong>atque</strong></span> <span class='ocrx_word' id='word_1_536' title='bbox 1981 3769 2120 3827; x_wconf 91' lang='lat' dir='ltr'><strong>huic</strong></span> 
     </span>
    </p>
   </div>
   <div class='ocr_carea' id='block_1_69' title="bbox 461 3854 2089 3930">
    <p class='ocr_par' dir='ltr' id='par_1_69' title="bbox 461 3854 2089 3930">
     <span class='ocr_line' id='line_1_69' title="bbox 461 3854 2089 3930; baseline 0.001 -15"><span class='ocrx_word' id='word_1_537' title='bbox 461 3874 603 3915; x_wconf 85' lang='lat' dir='ltr'><strong>suas</strong></span> <span class='ocrx_word' id='word_1_538' title='bbox 632 3856 901 3930; x_wconf 89' lang='lat' dir='ltr'><strong>proprias</strong></span> <span class='ocrx_word' id='word_1_539' title='bbox 933 3855 1145 3928; x_wconf 81' lang='lat' dir='ltr'><strong>agendi</strong></span> <span class='ocrx_word' id='word_1_540' title='bbox 1172 3854 1479 3911; x_wconf 85' lang='lat' dir='ltr'><strong>facultates</strong></span> <span class='ocrx_word' id='word_1_541' title='bbox 1509 3856 1862 3929; x_wconf 85' lang='lat' dir='ltr'><strong>impertitus,</strong></span> <span class='ocrx_word' id='word_1_542' title='bbox 1891 3857 2026 3914; x_wconf 77' lang='lat' dir='ltr'><strong>fecit</strong></span> <span class='ocrx_word' id='word_1_543' title='bbox 2054 3877 2089 3916; x_wconf 90' lang='lat' dir='ltr'><strong>u</strong></span> 
     </span>
    </p>
   </div>
   <div class='ocr_carea' id='block_1_70' title="bbox 2234 3227 3879 3313">
    <p class='ocr_par' dir='ltr' id='par_1_70' title="bbox 2234 3227 3879 3313">
     <span class='ocr_line' id='line_1_70' title="bbox 2234 3227 3879 3313; baseline 0.002 -26"><span class='ocrx_word' id='word_1_544' title='bbox 2234 3254 2288 3287; x_wconf 90' lang='grc' dir='ltr'><strong>τι</strong></span> <span class='ocrx_word' id='word_1_545' title='bbox 2319 3227 2604 3307; x_wconf 87' lang='grc' dir='ltr'>προσλάϐῃ</span> <span class='ocrx_word' id='word_1_546' title='bbox 2647 3232 2832 3308; x_wconf 80' lang='grc' dir='ltr'>ψυχὴν</span> <span class='ocrx_word' id='word_1_547' title='bbox 2883 3230 3136 3309; x_wconf 77' lang='grc' dir='ltr'>λογικὴν,</span> <span class='ocrx_word' id='word_1_548' title='bbox 3188 3231 3476 3307; x_wconf 77' lang='grc' dir='ltr'>ἄνθρωπος</span> <span class='ocrx_word' id='word_1_549' title='bbox 3534 3238 3768 3313; x_wconf 84' lang='grc' dir='ltr'>λέγεται’</span> <span class='ocrx_word' id='word_1_550' title='bbox 3801 3236 3879 3292; x_wconf 74' lang='grc' dir='ltr'>ἐὰν</span> 
     </span>
    </p>
   </div>
   <div class='ocr_carea' id='block_1_71' title="bbox 2238 3317 3880 3403">
    <p class='ocr_par' dir='ltr' id='par_1_71' title="bbox 2238 3317 3880 3403">
     <span class='ocr_line' id='line_1_71' title="bbox 2238 3317 3880 3403; baseline 0.002 -27"><span class='ocrx_word' id='word_1_551' title='bbox 2238 3318 2297 3377; x_wconf 63' lang='grc' dir='ltr'><strong>δὲ</strong></span> <span class='ocrx_word' id='word_1_552' title='bbox 2350 3320 2549 3398; x_wconf 75' lang='grc' dir='ltr'>ἄλογον</span> <span class='ocrx_word' id='word_1_553' title='bbox 2595 3322 2780 3397; x_wconf 77' lang='grc' dir='ltr'>ψυχὴν</span> <span class='ocrx_word' id='word_1_554' title='bbox 2829 3317 3135 3397; x_wconf 83' lang='grc' dir='ltr'>προσλάϐῃ,</span> <span class='ocrx_word' id='word_1_555' title='bbox 3169 3327 3306 3393; x_wconf 88' lang='grc' dir='ltr'>ζῶον</span> <span class='ocrx_word' id='word_1_556' title='bbox 3356 3321 3547 3401; x_wconf 69' lang='grc' dir='ltr'>ἕτερον</span> <span class='ocrx_word' id='word_1_557' title='bbox 3599 3329 3745 3403; x_wconf 87' lang='grc' dir='ltr'><strong>παρὰ</strong></span> <span class='ocrx_word' id='word_1_558' title='bbox 3796 3327 3880 3381; x_wconf 91' lang='grc' dir='ltr'><strong>τὸν</strong></span> 
     </span>
    </p>
   </div>
   <div class='ocr_carea' id='block_1_72' title="bbox 2236 3408 3881 3488">
    <p class='ocr_par' dir='ltr' id='par_1_72' title="bbox 2236 3408 3881 3488">
     <span class='ocr_line' id='line_1_72' title="bbox 2236 3408 3881 3488; baseline 0.003 -23"><span class='ocrx_word' id='word_1_559' title='bbox 2236 3412 2519 3488; x_wconf 79' lang='grc' dir='ltr'>ἄνθρωπον</span> <span class='ocrx_word' id='word_1_560' title='bbox 2572 3410 2836 3488; x_wconf 86' lang='grc' dir='ltr'>γίγνεται.</span> <span class='ocrx_word' id='word_1_561' title='bbox 2870 3412 2965 3469; x_wconf 82' lang='grc' dir='ltr'>Ἐκ</span> <span class='ocrx_word' id='word_1_562' title='bbox 3021 3408 3080 3467; x_wconf 72' lang='grc' dir='ltr'><strong>δὲ</strong></span> <span class='ocrx_word' id='word_1_563' title='bbox 3132 3412 3336 3484; x_wconf 78' lang='grc' dir='ltr'>ταύτης</span> <span class='ocrx_word' id='word_1_564' title='bbox 3380 3421 3489 3485; x_wconf 86' lang='grc' dir='ltr'>τῆς</span> <span class='ocrx_word' id='word_1_565' title='bbox 3538 3414 3677 3487; x_wconf 79' lang='grc' dir='ltr'>ὕλης</span> <span class='ocrx_word' id='word_1_566' title='bbox 3713 3416 3742 3471; x_wconf 88' lang='lat'><strong>6</strong></span> <span class='ocrx_word' id='word_1_567' title='bbox 3787 3413 3881 3471; x_wconf 76' lang='grc' dir='ltr'><strong>Κό-</strong></span> 
     </span>
    </p>
   </div>
   <div class='ocr_carea' id='block_1_73' title="bbox 2234 3498 3877 3577">
    <p class='ocr_par' dir='ltr' id='par_1_73' title="bbox 2234 3498 3877 3577">
     <span class='ocr_line' id='line_1_73' title="bbox 2234 3498 3877 3577; baseline 0.002 -21"><span class='ocrx_word' id='word_1_568' title='bbox 2234 3521 2350 3576; x_wconf 91' lang='grc' dir='ltr'>ριος</span> <span class='ocrx_word' id='word_1_569' title='bbox 2382 3501 2557 3573; x_wconf 82' lang='grc' dir='ltr'>έαυτῷ</span> <span class='ocrx_word' id='word_1_570' title='bbox 2588 3498 3027 3574; x_wconf 86' lang='grc' dir='ltr'>διαπλασάμενος</span> <span class='ocrx_word' id='word_1_571' title='bbox 3059 3505 3238 3574; x_wconf 86' lang='grc' dir='ltr'>σῶμα,</span> <span class='ocrx_word' id='word_1_572' title='bbox 3259 3503 3537 3560; x_wconf 79' lang='grc' dir='ltr'>καὶτοῦτο</span> <span class='ocrx_word' id='word_1_573' title='bbox 3569 3505 3786 3575; x_wconf 83' lang='grc' dir='ltr'>ζωώσας</span> <span class='ocrx_word' id='word_1_574' title='bbox 3812 3505 3877 3577; x_wconf 75' lang='grc' dir='ltr'>τῇ</span> 
     </span>
    </p>
   </div>
   <div class='ocr_carea' id='block_1_74' title="bbox 2233 3588 3873 3668">
    <p class='ocr_par' dir='ltr' id='par_1_74' title="bbox 2233 3588 3873 3668">
     <span class='ocr_line' id='line_1_74' title="bbox 2233 3588 3873 3668; baseline 0.002 -23"><span class='ocrx_word' id='word_1_575' title='bbox 2233 3588 2343 3663; x_wconf 69' lang='grc' dir='ltr'>ἰδίᾳ</span> <span class='ocrx_word' id='word_1_576' title='bbox 2372 3590 2526 3662; x_wconf 82' lang='grc' dir='ltr'>οὐσίᾳ</span> <span class='ocrx_word' id='word_1_577' title='bbox 2548 3590 2704 3666; x_wconf 76' lang='grc' dir='ltr'>(ὅπερ</span> <span class='ocrx_word' id='word_1_578' title='bbox 2734 3590 2940 3667; x_wconf 78' lang='grc' dir='ltr'>πέφυκε</span> <span class='ocrx_word' id='word_1_579' title='bbox 2971 3590 3288 3667; x_wconf 76' lang='grc' dir='ltr'>μὲν,ψυχήν</span> <span class='ocrx_word' id='word_1_580' title='bbox 3320 3588 3671 3668; x_wconf 70' lang='grc' dir='ltr'>ἔλον,κοινὸν</span> <span class='ocrx_word' id='word_1_581' title='bbox 3696 3594 3873 3650; x_wconf 81' lang='grc' dir='ltr'>ἀποτε-</span> 
     </span>
    </p>
   </div>
   <div class='ocr_carea' id='block_1_75' title="bbox 2231 3676 3868 3759">
    <p class='ocr_par' dir='ltr' id='par_1_75' title="bbox 2231 3676 3868 3759">
     <span class='ocr_line' id='line_1_75' title="bbox 2231 3676 3868 3759; baseline 0.002 -25"><span class='ocrx_word' id='word_1_582' title='bbox 2231 3677 2345 3734; x_wconf 86' lang='grc' dir='ltr'>λεῖν</span> <span class='ocrx_word' id='word_1_583' title='bbox 2381 3682 2566 3752; x_wconf 82' lang='grc' dir='ltr'>ζῶον),</span> <span class='ocrx_word' id='word_1_584' title='bbox 2596 3679 2775 3751; x_wconf 73' lang='grc' dir='ltr'>τούτῳ</span> <span class='ocrx_word' id='word_1_585' title='bbox 2808 3676 2866 3733; x_wconf 77' lang='grc' dir='ltr'>δὲ</span> <span class='ocrx_word' id='word_1_586' title='bbox 2888 3678 2977 3734; x_wconf 84' lang='grc' dir='ltr'><strong>καὶ</strong></span> <span class='ocrx_word' id='word_1_587' title='bbox 3005 3680 3101 3742; x_wconf 80' lang='grc' dir='ltr'>τὰς</span> <span class='ocrx_word' id='word_1_588' title='bbox 3151 3678 3289 3743; x_wconf 78' lang='grc' dir='ltr'>ἰδίας</span> <span class='ocrx_word' id='word_1_589' title='bbox 3340 3680 3609 3759; x_wconf 75' lang='grc' dir='ltr'>ἐνεργείας</span> <span class='ocrx_word' id='word_1_590' title='bbox 3660 3680 3868 3757; x_wconf 81' lang='grc' dir='ltr'>μεταδε-</span> 
     </span>
    </p>
   </div>
   <div class='ocr_carea' id='block_1_76' title="bbox 2231 3766 3863 3843">
    <p class='ocr_par' dir='ltr' id='par_1_76' title="bbox 2231 3766 3863 3843">
     <span class='ocr_line' id='line_1_76' title="bbox 2231 3766 3863 3843; baseline 0.004 -19"><span class='ocrx_word' id='word_1_591' title='bbox 2231 3766 2445 3841; x_wconf 80' lang='grc' dir='ltr'>δωκὼς,</span> <span class='ocrx_word' id='word_1_592' title='bbox 2489 3768 2662 3825; x_wconf 72' lang='grc' dir='ltr'>ἐποίει</span> <span class='ocrx_word' id='word_1_593' title='bbox 2716 3773 2854 3838; x_wconf 86' lang='grc' dir='ltr'>ζῶον</span> <span class='ocrx_word' id='word_1_594' title='bbox 2901 3768 3053 3824; x_wconf 76' lang='grc' dir='ltr'>Θεόψ</span> <span class='ocrx_word' id='word_1_595' title='bbox 3093 3770 3221 3825; x_wconf 83' lang='grc' dir='ltr'>Θεὸν</span> <span class='ocrx_word' id='word_1_596' title='bbox 3285 3770 3404 3843; x_wconf 82' lang='grc' dir='ltr'>μὶν,</span> <span class='ocrx_word' id='word_1_597' title='bbox 3436 3773 3579 3828; x_wconf 84' lang='grc' dir='ltr'><strong>κατά</strong></span> <span class='ocrx_word' id='word_1_598' title='bbox 3627 3774 3689 3828; x_wconf 90' lang='grc' dir='ltr'><strong>τὸ</strong></span> <span class='ocrx_word' id='word_1_599' title='bbox 3717 3769 3863 3831; x_wconf 71' lang='grc' dir='ltr'>εἶδος·</span> 
     </span>
    </p>
   </div>
   <div class='ocr_carea' id='block_1_77' title="bbox 2227 3854 3866 3935">
    <p class='ocr_par' dir='ltr' id='par_1_77' title="bbox 2227 3854 3866 3935">
     <span class='ocr_line' id='line_1_77' title="bbox 2227 3854 3866 3935; baseline 0.001 -22"><span class='ocrx_word' id='word_1_600' title='bbox 2227 3857 2513 3935; x_wconf 76' lang='grc' dir='ltr'>ἄνθρωπον</span> <span class='ocrx_word' id='word_1_601' title='bbox 2559 3855 2618 3914; x_wconf 70' lang='grc' dir='ltr'><strong>δὲ</strong></span> <span class='ocrx_word' id='word_1_602' title='bbox 2653 3857 2790 3913; x_wconf 84' lang='grc' dir='ltr'>κατὰ</span> <span class='ocrx_word' id='word_1_603' title='bbox 2827 3858 2927 3927; x_wconf 77' lang='grc' dir='ltr'>τήν</span> <span class='ocrx_word' id='word_1_604' title='bbox 2977 3854 3138 3929; x_wconf 79' lang='grc' dir='ltr'>ὕλην.</span> <span class='ocrx_word' id='word_1_605' title='bbox 3171 3860 3320 3935; x_wconf 87' lang='grc' dir='ltr'>Ὀρθ.</span> <span class='ocrx_word' id='word_1_606' title='bbox 3351 3860 3422 3915; x_wconf 86' lang='grc' dir='ltr'>Τὸ</span> <span class='ocrx_word' id='word_1_607' title='bbox 3451 3862 3591 3917; x_wconf 84' lang='grc' dir='ltr'>κατᾶ</span> <span class='ocrx_word' id='word_1_608' title='bbox 3630 3862 3692 3917; x_wconf 88' lang='grc' dir='ltr'><strong>τὸ</strong></span> <span class='ocrx_word' id='word_1_609' title='bbox 3736 3858 3866 3921; x_wconf 77' lang='grc' dir='ltr'>εἶδος</span> 
     </span>
    </p>
   </div>
   <div class='ocr_carea' id='block_1_78' title="bbox 459 3943 2125 4022">
    <p class='ocr_par' dir='ltr' id='par_1_78' title="bbox 459 3943 2115 4016">
     <span class='ocr_line' id='line_1_78' title="bbox 459 3943 2115 4016; baseline 0.002 -13"><span class='ocrx_word' id='word_1_610' title='bbox 459 3952 617 4003; x_wconf 88' lang='lat' dir='ltr'><strong>Deus</strong></span> <span class='ocrx_word' id='word_1_611' title='bbox 647 3950 805 4002; x_wconf 83' lang='lat' dir='ltr'><strong>esset</strong></span> <span class='ocrx_word' id='word_1_612' title='bbox 833 3943 1240 4011; x_wconf 86' lang='lat' dir='ltr'><strong>animal,Deus</strong></span> <span class='ocrx_word' id='word_1_613' title='bbox 1270 3946 1508 4016; x_wconf 88' lang='lat' dir='ltr'><strong>quidem</strong></span> <span class='ocrx_word' id='word_1_614' title='bbox 1543 3948 1750 4014; x_wconf 87' lang='lat' dir='ltr'><strong>l&#39;orma,</strong></span> <span class='ocrx_word' id='word_1_615' title='bbox 1775 3947 1950 4003; x_wconf 91' lang='lat' dir='ltr'><strong>homo</strong></span> <span class='ocrx_word' id='word_1_616' title='bbox 1983 3964 2115 4006; x_wconf 87' lang='lat' dir='ltr'><strong>vero</strong></span> 
     </span>
    </p>
   </div>
   <div class='ocr_carea' id='block_1_79' title="bbox 2236 3943 3865 4022">
    <p class='ocr_par' dir='ltr' id='par_1_79' title="bbox 2236 3946 3865 4022">
     <span class='ocr_line' id='line_1_79' title="bbox 2236 3946 3865 4022; baseline 0 -19"><span class='ocrx_word' id='word_1_617' title='bbox 2236 3948 2288 4003; x_wconf 63' lang='grc' dir='ltr'><strong>οὗ</strong></span> <span class='ocrx_word' id='word_1_618' title='bbox 2336 3952 2464 4003; x_wconf 85' lang='grc' dir='ltr'>νοῶ·</span> <span class='ocrx_word' id='word_1_619' title='bbox 2497 3946 2673 4013; x_wconf 77' lang='grc' dir='ltr'>θέλεις</span> <span class='ocrx_word' id='word_1_620' title='bbox 2723 3946 2911 4019; x_wconf 73' lang='grc' dir='ltr'>εἰπεῖν,</span> <span class='ocrx_word' id='word_1_621' title='bbox 2944 3948 3079 4002; x_wconf 81' lang='grc' dir='ltr'>κατὰ</span> <span class='ocrx_word' id='word_1_622' title='bbox 3126 3948 3395 4019; x_wconf 86' lang='grc' dir='ltr'>θεότητα;</span> <span class='ocrx_word' id='word_1_623' title='bbox 3430 3949 3668 4007; x_wconf 87' lang='grc' dir='ltr'>’Δπολλ.</span> <span class='ocrx_word' id='word_1_624' title='bbox 3704 3955 3865 4022; x_wconf 80' lang='grc' dir='ltr'>Σῶμα</span> 
     </span>
    </p>
   </div>
   <div class='ocr_carea' id='block_1_80' title="bbox 458 4034 2125 4115">
    <p class='ocr_par' dir='ltr' id='par_1_80' title="bbox 458 4034 2111 4108">
     <span class='ocr_line' id='line_1_80' title="bbox 458 4034 2111 4108; baseline 0.001 -15"><span class='ocrx_word' id='word_1_625' title='bbox 458 4035 725 4093; x_wconf 85' lang='lat' dir='ltr'><strong>materia.</strong></span> <span class='ocrx_word' id='word_1_626' title='bbox 758 4035 909 4091; x_wconf 84' lang='lat' dir='ltr'><strong>Orth.</strong></span> <span class='ocrx_word' id='word_1_627' title='bbox 962 4034 1145 4104; x_wconf 89' lang='lat' dir='ltr'><strong>Istud,</strong></span> <span class='ocrx_word' id='word_1_628' title='bbox 1203 4034 1412 4103; x_wconf 83' lang='lat' dir='ltr'><strong>forma,</strong></span> <span class='ocrx_word' id='word_1_629' title='bbox 1463 4051 1576 4090; x_wconf 91' lang='lat' dir='ltr'>non</span> <span class='ocrx_word' id='word_1_630' title='bbox 1625 4034 1889 4108; x_wconf 88' lang='lat' dir='ltr'><strong>intelligo</strong></span> <span class='ocrx_word' id='word_1_631' title='bbox 1922 4053 1936 4092; x_wconf 74' lang='grc' dir='ltr'><strong>ι</strong></span> <span class='ocrx_word' id='word_1_632' title='bbox 1969 4054 2111 4094; x_wconf 87' lang='lat' dir='ltr'><strong>num</strong></span> 
     </span>
    </p>
   </div>
   <div class='ocr_carea' id='block_1_81' title="bbox 2236 4034 3858 4115">
    <p class='ocr_par' dir='ltr' id='par_1_81' title="bbox 2236 4037 3858 4115">
     <span class='ocr_line' id='line_1_81' title="bbox 2236 4037 3858 4115; baseline 0 -23"><span class='ocrx_word' id='word_1_633' title='bbox 2236 4037 2684 4115; x_wconf 67' lang='grc' dir='ltr'>αεμοριρωμένον,</span> <span class='ocrx_word' id='word_1_634' title='bbox 2734 4041 2851 4099; x_wconf 84' lang='grc' dir='ltr'>ταῖς</span> <span class='ocrx_word' id='word_1_635' title='bbox 2919 4041 3123 4100; x_wconf 84' lang='grc' dir='ltr'><strong>θεῖκαῖς</strong></span> <span class='ocrx_word' id='word_1_636' title='bbox 3183 4037 3682 4112; x_wconf 84' lang='grc' dir='ltr'>καταλαμπόμενον</span> <span class='ocrx_word' id='word_1_637' title='bbox 3729 4039 3858 4113; x_wconf 73' lang='grc' dir='ltr'>ἐνερ-</span> 
     </span>
    </p>
   </div>
   <div class='ocr_carea' id='block_1_82' title="bbox 454 4123 2125 4204">
    <p class='ocr_par' dir='ltr' id='par_1_82' title="bbox 454 4123 2110 4195">
     <span class='ocr_line' id='line_1_82' title="bbox 454 4123 2110 4195; baseline 0.001 -14"><span class='ocrx_word' id='word_1_638' title='bbox 454 4125 543 4181; x_wconf 89' lang='lat' dir='ltr'><strong>vis</strong></span> <span class='ocrx_word' id='word_1_639' title='bbox 570 4124 782 4192; x_wconf 89' lang='lat' dir='ltr'><strong>dicere,</strong></span> <span class='ocrx_word' id='word_1_640' title='bbox 814 4123 1027 4180; x_wconf 87' lang='lat' dir='ltr'><strong>deitate</strong></span> <span class='ocrx_word' id='word_1_641' title='bbox 1047 4123 1075 4179; x_wconf 88' lang='lat'><strong>?</strong></span> <span class='ocrx_word' id='word_1_642' title='bbox 1104 4123 1284 4195; x_wconf 84' lang='lat' dir='ltr'><strong>Apoll.</strong></span> <span class='ocrx_word' id='word_1_643' title='bbox 1334 4123 1557 4193; x_wconf 88' lang='lat' dir='ltr'><strong>Corpus</strong></span> <span class='ocrx_word' id='word_1_644' title='bbox 1586 4123 1967 4180; x_wconf 81' lang='lat' dir='ltr'><strong>informatum</strong></span> <span class='ocrx_word' id='word_1_645' title='bbox 2020 4127 2110 4182; x_wconf 85' lang='lat' dir='ltr'><strong>in-</strong></span> 
     </span>
    </p>
   </div>
   <div class='ocr_carea' id='block_1_83' title="bbox 2236 4123 3855 4204">
    <p class='ocr_par' dir='ltr' id='par_1_83' title="bbox 2236 4123 3855 4204">
     <span class='ocr_line' id='line_1_83' title="bbox 2236 4123 3855 4204; baseline 0.006 -26"><span class='ocrx_word' id='word_1_646' title='bbox 2236 4128 2410 4202; x_wconf 73' lang='grc' dir='ltr'>(είαις.</span> <span class='ocrx_word' id='word_1_647' title='bbox 2444 4129 2586 4203; x_wconf 83' lang='grc' dir='ltr'>Ὀρθ.</span> <span class='ocrx_word' id='word_1_648' title='bbox 2619 4128 2722 4188; x_wconf 81' lang='grc' dir='ltr'><strong>Τὰς</strong></span> <span class='ocrx_word' id='word_1_649' title='bbox 2780 4124 2964 4187; x_wconf 72' lang='grc' dir='ltr'>θεϊκᾶς</span> <span class='ocrx_word' id='word_1_650' title='bbox 3008 4123 3099 4180; x_wconf 80' lang='grc' dir='ltr'><strong>οὖν</strong></span> <span class='ocrx_word' id='word_1_651' title='bbox 3142 4124 3405 4204; x_wconf 74' lang='grc' dir='ltr'>ἐνεργείας</span> <span class='ocrx_word' id='word_1_652' title='bbox 3455 4126 3598 4192; x_wconf 76' lang='grc' dir='ltr'>εἶδος</span> <span class='ocrx_word' id='word_1_653' title='bbox 3659 4127 3855 4202; x_wconf 80' lang='grc' dir='ltr'>λέγεις;</span> 
     </span>
    </p>
   </div>
   <div class='ocr_carea' id='block_1_84' title="bbox 452 4212 2125 4291">
    <p class='ocr_par' dir='ltr' id='par_1_84' title="bbox 452 4212 2106 4287">
     <span class='ocr_line' id='line_1_84' title="bbox 452 4212 2106 4287; baseline 0.003 -18"><span class='ocrx_word' id='word_1_654' title='bbox 452 4212 673 4287; x_wconf 87' lang='lat' dir='ltr'><strong>telligo,</strong></span> <span class='ocrx_word' id='word_1_655' title='bbox 705 4213 922 4270; x_wconf 87' lang='lat' dir='ltr'><strong>divinis</strong></span> <span class='ocrx_word' id='word_1_656' title='bbox 941 4212 1152 4284; x_wconf 89' lang='lat' dir='ltr'><strong>agendi</strong></span> <span class='ocrx_word' id='word_1_657' title='bbox 1179 4212 1560 4269; x_wconf 88' lang='lat' dir='ltr'><strong>facultatibus</strong></span> <span class='ocrx_word' id='word_1_658' title='bbox 1583 4231 1918 4271; x_wconf 87' lang='lat' dir='ltr'><strong>coruscans.</strong></span> <span class='ocrx_word' id='word_1_659' title='bbox 1952 4217 2106 4274; x_wconf 83' lang='lat' dir='ltr'><strong>Orlh.</strong></span> 
     </span>
    </p>
   </div>
   <div class='ocr_carea' id='block_1_85' title="bbox 2236 4212 3857 4291">
    <p class='ocr_par' dir='ltr' id='par_1_85' title="bbox 2238 4214 3857 4291">
     <span class='ocr_line' id='line_1_85' title="bbox 2238 4214 3857 4291; baseline -0.002 -19"><span class='ocrx_word' id='word_1_660' title='bbox 2238 4216 2451 4273; x_wconf 80' lang='grc' dir='ltr'>Λπολλ.</span> <span class='ocrx_word' id='word_1_661' title='bbox 2487 4216 2608 4272; x_wconf 84' lang='grc' dir='ltr'>Ναί.</span> <span class='ocrx_word' id='word_1_662' title='bbox 2661 4217 2812 4289; x_wconf 83' lang='grc' dir='ltr'><strong>Ὀρθ.</strong></span> <span class='ocrx_word' id='word_1_663' title='bbox 2865 4214 2953 4284; x_wconf 83' lang='grc' dir='ltr'><strong>Εἰ,</strong></span> <span class='ocrx_word' id='word_1_664' title='bbox 2984 4214 3109 4271; x_wconf 77' lang='grc' dir='ltr'>ὅταν</span> <span class='ocrx_word' id='word_1_665' title='bbox 3157 4236 3209 4271; x_wconf 89' lang='grc' dir='ltr'><strong>τι</strong></span> <span class='ocrx_word' id='word_1_666' title='bbox 3255 4220 3364 4272; x_wconf 88' lang='grc' dir='ltr'><strong>τῶν</strong></span> <span class='ocrx_word' id='word_1_667' title='bbox 3415 4216 3626 4291; x_wconf 72' lang='grc' dir='ltr'>γηίνων</span> <span class='ocrx_word' id='word_1_668' title='bbox 3684 4216 3857 4288; x_wconf 82' lang='grc' dir='ltr'>σωμά-</span> 
     </span>
    </p>
   </div>
   <div class='ocr_carea' id='block_1_86' title="bbox 454 4300 2125 4382">
    <p class='ocr_par' dir='ltr' id='par_1_86' title="bbox 454 4301 2110 4376">
     <span class='ocr_line' id='line_1_86' title="bbox 454 4301 2110 4376; baseline 0.002 -17"><span class='ocrx_word' id='word_1_669' title='bbox 454 4304 724 4360; x_wconf 80' lang='lat' dir='ltr'><strong>Formam</strong></span> <span class='ocrx_word' id='word_1_670' title='bbox 784 4301 969 4375; x_wconf 89' lang='lat' dir='ltr'><strong>igitur</strong></span> <span class='ocrx_word' id='word_1_671' title='bbox 1011 4302 1160 4358; x_wconf 88' lang='lat' dir='ltr'><strong>dicis</strong></span> <span class='ocrx_word' id='word_1_672' title='bbox 1208 4302 1439 4358; x_wconf 90' lang='lat' dir='ltr'><strong>divinas</strong></span> <span class='ocrx_word' id='word_1_673' title='bbox 1494 4304 1702 4376; x_wconf 90' lang='lat' dir='ltr'><strong>agendi</strong></span> <span class='ocrx_word' id='word_1_674' title='bbox 1755 4304 2110 4363; x_wconf 81' lang='lat' dir='ltr'><strong>facultates?</strong></span> 
     </span>
    </p>
   </div>
   <div class='ocr_carea' id='block_1_87' title="bbox 2236 4300 3856 4382">
    <p class='ocr_par' dir='ltr' id='par_1_87' title="bbox 2236 4300 3856 4382">
     <span class='ocr_line' id='line_1_87' title="bbox 2236 4300 3856 4382; baseline -0.002 -23"><span class='ocrx_word' id='word_1_675' title='bbox 2236 4326 2322 4360; x_wconf 77' lang='grc' dir='ltr'>των</span> <span class='ocrx_word' id='word_1_676' title='bbox 2356 4300 2644 4382; x_wconf 80' lang='grc' dir='ltr'>προσλάϐῃ</span> <span class='ocrx_word' id='word_1_677' title='bbox 2676 4305 2860 4380; x_wconf 75' lang='grc' dir='ltr'>ψυχὴν</span> <span class='ocrx_word' id='word_1_678' title='bbox 2895 4302 3148 4378; x_wconf 79' lang='grc' dir='ltr'>λογικήν,</span> <span class='ocrx_word' id='word_1_679' title='bbox 3181 4302 3469 4381; x_wconf 79' lang='grc' dir='ltr'>ἄνθρωπος</span> <span class='ocrx_word' id='word_1_680' title='bbox 3501 4305 3721 4382; x_wconf 87' lang='grc' dir='ltr'>γίνεται,</span> <span class='ocrx_word' id='word_1_681' title='bbox 3743 4303 3856 4361; x_wconf 81' lang='grc' dir='ltr'>τότε</span> 
     </span>
    </p>
   </div>
   <div class='ocr_carea' id='block_1_88' title="bbox 447 4390 2125 4471">
    <p class='ocr_par' dir='ltr' id='par_1_88' title="bbox 447 4390 2103 4465">
     <span class='ocr_line' id='line_1_88' title="bbox 447 4390 2103 4465; baseline 0.002 -17"><span class='ocrx_word' id='word_1_682' title='bbox 447 4391 633 4465; x_wconf 80' lang='lat' dir='ltr'><strong>Apoll.</strong></span> <span class='ocrx_word' id='word_1_683' title='bbox 666 4391 873 4448; x_wconf 88' lang='lat' dir='ltr'><strong>Etiam.</strong></span> <span class='ocrx_word' id='word_1_684' title='bbox 910 4391 1064 4447; x_wconf 81' lang='lat' dir='ltr'><strong>Orlh.</strong></span> <span class='ocrx_word' id='word_1_685' title='bbox 1098 4390 1159 4445; x_wconf 91' lang='lat' dir='ltr'><strong>Si</strong></span> <span class='ocrx_word' id='word_1_686' title='bbox 1206 4396 1503 4447; x_wconf 87' lang='lat' dir='ltr'><strong>terrenum</strong></span> <span class='ocrx_word' id='word_1_687' title='bbox 1538 4408 1752 4464; x_wconf 91' lang='lat' dir='ltr'><strong>corpus</strong></span> <span class='ocrx_word' id='word_1_688' title='bbox 1782 4394 2103 4465; x_wconf 88' lang='lat' dir='ltr'><strong>quodpiam</strong></span> 
     </span>
    </p>
   </div>
   <div class='ocr_carea' id='block_1_89' title="bbox 2236 4390 3855 4471">
    <p class='ocr_par' dir='ltr' id='par_1_89' title="bbox 2236 4392 3855 4471">
     <span class='ocr_line' id='line_1_89' title="bbox 2236 4392 3855 4471; baseline -0.001 -23"><span class='ocrx_word' id='word_1_689' title='bbox 2236 4393 2305 4448; x_wconf 76' lang='grc' dir='ltr'><strong>ικὶ</strong></span> <span class='ocrx_word' id='word_1_690' title='bbox 2359 4394 2697 4469; x_wconf 85' lang='grc' dir='ltr'>ἀνθρώπινον</span> <span class='ocrx_word' id='word_1_691' title='bbox 2752 4398 2911 4466; x_wconf 88' lang='grc' dir='ltr'>σῶμα</span> <span class='ocrx_word' id='word_1_692' title='bbox 2957 4392 3139 4448; x_wconf 72' lang='grc' dir='ltr'>ἀκούει</span> <span class='ocrx_word' id='word_1_693' title='bbox 3190 4394 3282 4449; x_wconf 85' lang='grc' dir='ltr'><strong>καὶ</strong></span> <span class='ocrx_word' id='word_1_694' title='bbox 3329 4393 3558 4469; x_wconf 87' lang='grc' dir='ltr'>γίνεται·</span> <span class='ocrx_word' id='word_1_695' title='bbox 3596 4397 3671 4469; x_wconf 79' lang='grc' dir='ltr'>μὴ</span> <span class='ocrx_word' id='word_1_696' title='bbox 3699 4412 3855 4471; x_wconf 86' lang='grc' dir='ltr'>προσ-</span> 
     </span>
    </p>
   </div>
   <div class='ocr_carea' id='block_1_90' title="bbox 446 4477 2125 4558">
    <p class='ocr_par' dir='ltr' id='par_1_90' title="bbox 446 4481 2103 4553">
     <span class='ocr_line' id='line_1_90' title="bbox 446 4481 2103 4553; baseline 0.001 -14"><span class='ocrx_word' id='word_1_697' title='bbox 446 4488 591 4539; x_wconf 88' lang='lat' dir='ltr'><strong>tunc</strong></span> <span class='ocrx_word' id='word_1_698' title='bbox 617 4482 685 4537; x_wconf 85' lang='lat' dir='ltr'><strong>fit</strong></span> <span class='ocrx_word' id='word_1_699' title='bbox 712 4481 912 4546; x_wconf 87' lang='lat' dir='ltr'><strong>homo,</strong></span> <span class='ocrx_word' id='word_1_700' title='bbox 943 4496 1075 4535; x_wconf 90' lang='lat' dir='ltr'><strong>cum</strong></span> <span class='ocrx_word' id='word_1_701' title='bbox 1107 4481 1366 4536; x_wconf 87' lang='lat' dir='ltr'><strong>animam</strong></span> <span class='ocrx_word' id='word_1_702' title='bbox 1397 4481 1741 4538; x_wconf 85' lang='lat' dir='ltr'><strong>rationalem</strong></span> <span class='ocrx_word' id='word_1_703' title='bbox 1778 4482 2010 4553; x_wconf 85' lang='lat' dir='ltr'><strong>accipit,</strong></span> <span class='ocrx_word' id='word_1_704' title='bbox 2044 4488 2103 4540; x_wconf 90' lang='lat' dir='ltr'><strong>et</strong></span> 
     </span>
    </p>
   </div>
   <div class='ocr_carea' id='block_1_91' title="bbox 2236 4477 3852 4558">
    <p class='ocr_par' dir='ltr' id='par_1_91' title="bbox 2236 4477 3852 4558">
     <span class='ocr_line' id='line_1_91' title="bbox 2236 4477 3852 4558; baseline 0 -21"><span class='ocrx_word' id='word_1_705' title='bbox 2236 4477 2384 4538; x_wconf 73' lang='grc' dir='ltr'>ιαϐὸν</span> <span class='ocrx_word' id='word_1_706' title='bbox 2433 4483 2616 4558; x_wconf 75' lang='grc' dir='ltr'>ψυχὴν</span> <span class='ocrx_word' id='word_1_707' title='bbox 2668 4481 2921 4556; x_wconf 83' lang='grc' dir='ltr'>λογικὴν,</span> <span class='ocrx_word' id='word_1_708' title='bbox 2954 4479 3081 4537; x_wconf 72' lang='grc' dir='ltr'>οὐδὲ</span> <span class='ocrx_word' id='word_1_709' title='bbox 3131 4482 3472 4558; x_wconf 84' lang='grc' dir='ltr'>ἀνθρώπινόν</span> <span class='ocrx_word' id='word_1_710' title='bbox 3526 4485 3638 4542; x_wconf 80' lang='grc' dir='ltr'>ἐστι</span> <span class='ocrx_word' id='word_1_711' title='bbox 3685 4484 3852 4555; x_wconf 82' lang='grc' dir='ltr'>σῶμα.</span> 
     </span>
    </p>
   </div>
   <div class='ocr_carea' id='block_1_92' title="bbox 443 4552 2125 4648">
    <p class='ocr_par' dir='ltr' id='par_1_92' title="bbox 443 4552 2103 4644">
     <span class='ocr_line' id='line_1_92' title="bbox 443 4552 2103 4644; baseline -0.001 -17"><span class='ocrx_word' id='word_1_712' title='bbox 443 4587 658 4644; x_wconf 89' lang='lat' dir='ltr'><strong>corpus</strong></span> <span class='ocrx_word' id='word_1_713' title='bbox 689 4570 1014 4626; x_wconf 90' lang='lat' dir='ltr'><strong>humanum</strong></span> <span class='ocrx_word' id='word_1_714' title='bbox 1047 4574 1287 4624; x_wconf 82' lang='lat' dir='ltr'><strong>vocatur</strong></span> <span class='ocrx_word' id='word_1_715' title='bbox 1302 4575 1357 4626; x_wconf 85' lang='lat' dir='ltr'><strong>et</strong></span> <span class='ocrx_word' id='word_1_716' title='bbox 1378 4575 1470 4625; x_wconf 87' lang='lat' dir='ltr'><strong>est</strong></span> <span class='ocrx_word' id='word_1_717' title='bbox 1496 4586 1508 4624; x_wconf 93' lang='lat'><strong>:</strong></span> <span class='ocrx_word' id='word_1_718' title='bbox 1535 4587 1607 4626; x_wconf 90' lang='lat' dir='ltr'><strong>ne</strong></span> <span class='ocrx_word' id='word_1_719' title='bbox 1629 4552 1956 4625; x_wconf 86' lang='lat' dir='ltr'><strong>humanum</strong></span> <span class='ocrx_word' id='word_1_720' title='bbox 1976 4572 2103 4643; x_wconf 91' lang='lat' dir='ltr'><strong>qui-</strong></span> 
     </span>
    </p>
   </div>
   <div class='ocr_carea' id='block_1_93' title="bbox 2236 4552 3851 4648">
    <p class='ocr_par' dir='ltr' id='par_1_93' title="bbox 2236 4552 3851 4648">
     <span class='ocr_line' id='line_1_93' title="bbox 2236 4552 3851 4648; baseline 0.004 -22"><span class='ocrx_word' id='word_1_721' title='bbox 2236 4574 2277 4626; x_wconf 77' lang='grc' dir='ltr'>’ὸ</span> <span class='ocrx_word' id='word_1_722' title='bbox 2317 4569 2373 4626; x_wconf 76' lang='grc' dir='ltr'><strong>δὲ</strong></span> <span class='ocrx_word' id='word_1_723' title='bbox 2409 4552 2484 4645; x_wconf 64' lang='grc' dir='ltr'><strong>μη</strong></span> <span class='ocrx_word' id='word_1_724' title='bbox 2514 4552 2574 4627; x_wconf 58' lang='grc' dir='ltr'><strong>ὸν</strong></span> <span class='ocrx_word' id='word_1_725' title='bbox 2607 4552 2943 4647; x_wconf 63' lang='grc' dir='ltr'>ἀνθρώπινον</span> <span class='ocrx_word' id='word_1_726' title='bbox 2976 4576 3157 4645; x_wconf 83' lang='grc' dir='ltr'>σῶμα,</span> <span class='ocrx_word' id='word_1_727' title='bbox 3189 4552 3309 4637; x_wconf 86' lang='grc' dir='ltr'><strong>πῶς</strong></span> <span class='ocrx_word' id='word_1_728' title='bbox 3343 4574 3630 4648; x_wconf 79' lang='grc' dir='ltr'>ἄνθρωπον</span> <span class='ocrx_word' id='word_1_729' title='bbox 3682 4552 3851 4648; x_wconf 75' lang='grc' dir='ltr'>λέγεις</span> 
     </span>
    </p>
   </div>
   <div class='ocr_carea' id='block_1_94' title="bbox 440 4657 2125 4738">
    <p class='ocr_par' dir='ltr' id='par_1_94' title="bbox 440 4657 2092 4730">
     <span class='ocr_line' id='line_1_94' title="bbox 440 4657 2092 4730; baseline 0 -15"><span class='ocrx_word' id='word_1_730' title='bbox 440 4659 576 4715; x_wconf 91' lang='lat' dir='ltr'><strong>dem</strong></span> <span class='ocrx_word' id='word_1_731' title='bbox 607 4674 821 4730; x_wconf 90' lang='lat' dir='ltr'><strong>corpus</strong></span> <span class='ocrx_word' id='word_1_732' title='bbox 851 4658 1121 4729; x_wconf 90' lang='lat' dir='ltr'><strong>est,quod</strong></span> <span class='ocrx_word' id='word_1_733' title='bbox 1164 4660 1419 4713; x_wconf 80' lang='lat' dir='ltr'><strong>animam</strong></span> <span class='ocrx_word' id='word_1_734' title='bbox 1453 4657 1800 4713; x_wconf 86' lang='lat' dir='ltr'><strong>rationalem</strong></span> <span class='ocrx_word' id='word_1_735' title='bbox 1850 4674 1965 4714; x_wconf 91' lang='lat' dir='ltr'><strong>non</strong></span> <span class='ocrx_word' id='word_1_736' title='bbox 1999 4675 2092 4715; x_wconf 85' lang='lat' dir='ltr'><strong>ac-</strong></span> 
     </span>
    </p>
   </div>
   <div class='ocr_carea' id='block_1_95' title="bbox 2236 4657 3851 4738">
    <p class='ocr_par' dir='ltr' id='par_1_95' title="bbox 2237 4658 3851 4738">
     <span class='ocr_line' id='line_1_95' title="bbox 2237 4658 3851 4738; baseline -0.001 -23"><span class='ocrx_word' id='word_1_737' title='bbox 2237 4661 2338 4715; x_wconf 73' lang='grc' dir='ltr'>ατὰ</span> <span class='ocrx_word' id='word_1_738' title='bbox 2364 4661 2463 4729; x_wconf 83' lang='grc' dir='ltr'>τὴν</span> <span class='ocrx_word' id='word_1_739' title='bbox 2496 4658 2659 4731; x_wconf 81' lang='grc' dir='ltr'>ὕλην,</span> <span class='ocrx_word' id='word_1_740' title='bbox 2689 4667 2789 4730; x_wconf 86' lang='grc' dir='ltr'>τῆς</span> <span class='ocrx_word' id='word_1_741' title='bbox 2822 4660 2963 4731; x_wconf 76' lang='grc' dir='ltr'>ὕλης</span> <span class='ocrx_word' id='word_1_742' title='bbox 2991 4660 3114 4717; x_wconf 79' lang='grc' dir='ltr'>τότε</span> <span class='ocrx_word' id='word_1_743' title='bbox 3153 4662 3504 4738; x_wconf 84' lang='grc' dir='ltr'>ἀνθρωπίνης</span> <span class='ocrx_word' id='word_1_744' title='bbox 3556 4660 3735 4734; x_wconf 67' lang='grc' dir='ltr'>οὔσης,</span> <span class='ocrx_word' id='word_1_745' title='bbox 3767 4658 3851 4716; x_wconf 76' lang='grc' dir='ltr'>ὅτε</span> 
     </span>
    </p>
   </div>
   <div class='ocr_carea' id='block_1_96' title="bbox 438 4745 2125 4827">
    <p class='ocr_par' dir='ltr' id='par_1_96' title="bbox 438 4747 2092 4821">
     <span class='ocr_line' id='line_1_96' title="bbox 438 4747 2092 4821; baseline 0.001 -17"><span class='ocrx_word' id='word_1_746' title='bbox 438 4748 598 4821; x_wconf 87' lang='lat' dir='ltr'><strong>cipit.</strong></span> <span class='ocrx_word' id='word_1_747' title='bbox 615 4748 917 4815; x_wconf 88' lang='lat' dir='ltr'><strong>Quomodo</strong></span> <span class='ocrx_word' id='word_1_748' title='bbox 947 4747 1130 4820; x_wconf 89' lang='lat' dir='ltr'><strong>igitur</strong></span> <span class='ocrx_word' id='word_1_749' title='bbox 1158 4764 1392 4818; x_wconf 85' lang='lat' dir='ltr'><strong>corpus,</strong></span> <span class='ocrx_word' id='word_1_750' title='bbox 1427 4749 1579 4819; x_wconf 90' lang='lat' dir='ltr'><strong>quod</strong></span> <span class='ocrx_word' id='word_1_751' title='bbox 1616 4748 1941 4804; x_wconf 91' lang='lat' dir='ltr'><strong>humanum</strong></span> <span class='ocrx_word' id='word_1_752' title='bbox 1974 4766 2092 4806; x_wconf 89' lang='lat' dir='ltr'><strong>non</strong></span> 
     </span>
    </p>
   </div>
   <div class='ocr_carea' id='block_1_97' title="bbox 2236 4745 3845 4827">
    <p class='ocr_par' dir='ltr' id='par_1_97' title="bbox 2236 4745 3845 4827">
     <span class='ocr_line' id='line_1_97' title="bbox 2236 4745 3845 4827; baseline 0.001 -25"><span class='ocrx_word' id='word_1_753' title='bbox 2236 4756 2385 4825; x_wconf 70' lang='grc' dir='ltr'>ιυχῆς</span> <span class='ocrx_word' id='word_1_754' title='bbox 2421 4746 2655 4822; x_wconf 78' lang='grc' dir='ltr'>λογικῆς</span> <span class='ocrx_word' id='word_1_755' title='bbox 2698 4745 3153 4825; x_wconf 85' lang='grc' dir='ltr'>προσλαμϐάνει;</span> <span class='ocrx_word' id='word_1_756' title='bbox 3190 4751 3333 4827; x_wconf 85' lang='grc' dir='ltr'>Ἐγὼ</span> <span class='ocrx_word' id='word_1_757' title='bbox 3383 4748 3441 4807; x_wconf 81' lang='grc' dir='ltr'><strong>δὲ</strong></span> <span class='ocrx_word' id='word_1_758' title='bbox 3489 4751 3578 4808; x_wconf 81' lang='grc' dir='ltr'><strong>καὶ</strong></span> <span class='ocrx_word' id='word_1_759' title='bbox 3619 4751 3845 4824; x_wconf 83' lang='grc' dir='ltr'>ἀνέγνων</span> 
     </span>
    </p>
   </div>
   <div class='ocr_carea' id='block_1_98' title="bbox 437 4828 2125 4916">
    <p class='ocr_par' dir='ltr' id='par_1_98' title="bbox 437 4837 2091 4909">
     <span class='ocr_line' id='line_1_98' title="bbox 437 4837 2091 4909; baseline 0.001 -16"><span class='ocrx_word' id='word_1_760' title='bbox 437 4838 849 4909; x_wconf 88' lang='lat' dir='ltr'><strong>est,hominern</strong></span> <span class='ocrx_word' id='word_1_761' title='bbox 883 4837 1208 4892; x_wconf 82' lang='lat' dir='ltr'><strong>secundum</strong></span> <span class='ocrx_word' id='word_1_762' title='bbox 1242 4843 1549 4892; x_wconf 82' lang='lat' dir='ltr'><strong>materiam</strong></span> <span class='ocrx_word' id='word_1_763' title='bbox 1583 4853 1918 4902; x_wconf 89' lang='lat' dir='ltr'><strong>vocas,cum</strong></span> <span class='ocrx_word' id='word_1_764' title='bbox 1949 4843 2091 4895; x_wconf 92' lang='lat' dir='ltr'><strong>tunc</strong></span> 
     </span>
    </p>
   </div>
   <div class='ocr_carea' id='block_1_99' title="bbox 2236 4828 3847 4916">
    <p class='ocr_par' dir='ltr' id='par_1_99' title="bbox 2236 4828 3847 4916">
     <span class='ocr_line' id='line_1_99' title="bbox 2236 4828 3847 4916; baseline 0 -24"><span class='ocrx_word' id='word_1_765' title='bbox 2236 4842 2295 4892; x_wconf 86' lang='grc' dir='ltr'><strong>οῦ</strong></span> <span class='ocrx_word' id='word_1_766' title='bbox 2344 4836 2675 4894; x_wconf 80' lang='grc' dir='ltr'>διδασκάλου</span> <span class='ocrx_word' id='word_1_767' title='bbox 2726 4828 2877 4912; x_wconf 86' lang='grc' dir='ltr'>ὑμῶν</span> <span class='ocrx_word' id='word_1_768' title='bbox 2913 4839 3338 4916; x_wconf 88' lang='grc' dir='ltr'>Ἀπολλιναρίου</span> <span class='ocrx_word' id='word_1_769' title='bbox 3378 4839 3703 4916; x_wconf 85' lang='grc' dir='ltr'>ὁμολογίαν,</span> <span class='ocrx_word' id='word_1_770' title='bbox 3733 4837 3783 4893; x_wconf 78' lang='grc' dir='ltr'>ἐν</span> 
     </span>
    </p>
   </div>
   <div class='ocr_carea' id='block_1_100' title="bbox 433 4925 2125 5005">
    <p class='ocr_par' dir='ltr' id='par_1_100' title="bbox 433 4925 2086 4994">
     <span class='ocr_line' id='line_1_100' title="bbox 433 4925 2086 4994; baseline 0 -10"><span class='ocrx_word' id='word_1_771' title='bbox 433 4929 673 4985; x_wconf 88' lang='lat' dir='ltr'><strong>demum</strong></span> <span class='ocrx_word' id='word_1_772' title='bbox 723 4927 841 4982; x_wconf 59' lang='lat' dir='ltr'><strong>haec</strong></span> <span class='ocrx_word' id='word_1_773' title='bbox 890 4926 1139 4982; x_wconf 86' lang='lat' dir='ltr'><strong>materia</strong></span> <span class='ocrx_word' id='word_1_774' title='bbox 1190 4926 1268 4980; x_wconf 90' lang='lat' dir='ltr'><strong>sit</strong></span> <span class='ocrx_word' id='word_1_775' title='bbox 1312 4925 1593 4994; x_wconf 76' lang='lat' dir='ltr'><strong>humana,</strong></span> <span class='ocrx_word' id='word_1_776' title='bbox 1644 4942 1778 4980; x_wconf 89' lang='lat' dir='ltr'><strong>cum</strong></span> <span class='ocrx_word' id='word_1_777' title='bbox 1826 4928 2086 4984; x_wconf 91' lang='lat' dir='ltr'><strong>animam</strong></span> 
     </span>
    </p>
   </div>
   <div class='ocr_carea' id='block_1_101' title="bbox 2236 4925 3833 5005">
    <p class='ocr_par' dir='ltr' id='par_1_101' title="bbox 2236 4925 3833 5005">
     <span class='ocr_line' id='line_1_101' title="bbox 2236 4925 3833 5005; baseline -0.003 -23"><span class='ocrx_word' id='word_1_778' title='bbox 2236 4927 2491 5001; x_wconf 71' lang='grc' dir='ltr'>μοούσιον</span> <span class='ocrx_word' id='word_1_779' title='bbox 2527 4927 2671 5003; x_wconf 81' lang='grc' dir='ltr'>Λέγει</span> <span class='ocrx_word' id='word_1_780' title='bbox 2701 4929 2761 4983; x_wconf 89' lang='grc' dir='ltr'><strong>νὸ</strong></span> <span class='ocrx_word' id='word_1_781' title='bbox 2792 4933 2952 5001; x_wconf 89' lang='grc' dir='ltr'>σῶμα</span> <span class='ocrx_word' id='word_1_782' title='bbox 2980 4932 3075 4983; x_wconf 90' lang='grc' dir='ltr'><strong>τοῦ</strong></span> <span class='ocrx_word' id='word_1_783' title='bbox 3108 4928 3308 5005; x_wconf 78' lang='grc' dir='ltr'>Κυρίου</span> <span class='ocrx_word' id='word_1_784' title='bbox 3338 4932 3501 5003; x_wconf 84' lang='grc' dir='ltr'>ἡμῶν</span> <span class='ocrx_word' id='word_1_785' title='bbox 3542 4929 3611 5004; x_wconf 73' lang='grc' dir='ltr'>τῇ</span> <span class='ocrx_word' id='word_1_786' title='bbox 3649 4925 3833 5000; x_wconf 77' lang='grc' dir='ltr'>Μαρίᾳ.</span> 
     </span>
    </p>
   </div>
   <div class='ocr_carea' id='block_1_102' title="bbox 430 5011 2125 5092">
    <p class='ocr_par' dir='ltr' id='par_1_102' title="bbox 430 5012 2087 5087">
     <span class='ocr_line' id='line_1_102' title="bbox 430 5012 2087 5087; baseline -0.001 -15"><span class='ocrx_word' id='word_1_787' title='bbox 430 5015 677 5073; x_wconf 85' lang='lat' dir='ltr'><strong>rationis</strong></span> <span class='ocrx_word' id='word_1_788' title='bbox 707 5013 1048 5087; x_wconf 88' lang='lat' dir='ltr'><strong>participem</strong></span> <span class='ocrx_word' id='word_1_789' title='bbox 1081 5012 1338 5085; x_wconf 84' lang='lat' dir='ltr'><strong>accipit?</strong></span> <span class='ocrx_word' id='word_1_790' title='bbox 1372 5013 1505 5085; x_wconf 87' lang='lat' dir='ltr'><strong>Legi</strong></span> <span class='ocrx_word' id='word_1_791' title='bbox 1542 5019 1740 5070; x_wconf 87' lang='lat' dir='ltr'><strong>autem</strong></span> <span class='ocrx_word' id='word_1_792' title='bbox 1774 5031 1878 5086; x_wconf 89' lang='lat' dir='ltr'><strong>ego</strong></span> <span class='ocrx_word' id='word_1_793' title='bbox 1908 5017 2087 5073; x_wconf 88' lang='lat' dir='ltr'><strong>vestri</strong></span> 
     </span>
    </p>
   </div>
   <div class='ocr_carea' id='block_1_103' title="bbox 2236 5011 3831 5092">
    <p class='ocr_par' dir='ltr' id='par_1_103' title="bbox 2236 5011 3831 5092">
     <span class='ocr_line' id='line_1_103' title="bbox 2236 5011 3831 5092; baseline -0.002 -21"><span class='ocrx_word' id='word_1_794' title='bbox 2236 5017 2376 5092; x_wconf 85' lang='grc' dir='ltr'>[αρία</span> <span class='ocrx_word' id='word_1_795' title='bbox 2436 5014 2493 5072; x_wconf 75' lang='grc' dir='ltr'><strong>δὲ</strong></span> <span class='ocrx_word' id='word_1_796' title='bbox 2548 5020 2710 5090; x_wconf 83' lang='grc' dir='ltr'>ἡμῖν.</span> <span class='ocrx_word' id='word_1_797' title='bbox 2743 5018 2906 5090; x_wconf 86' lang='grc' dir='ltr'>Ἡμῖν</span> <span class='ocrx_word' id='word_1_798' title='bbox 2966 5015 3069 5091; x_wconf 79' lang='grc' dir='ltr'><strong>ἄρα</strong></span> <span class='ocrx_word' id='word_1_799' title='bbox 3127 5017 3423 5092; x_wconf 82' lang='grc' dir='ltr'>ὁμοοόσιον</span> <span class='ocrx_word' id='word_1_800' title='bbox 3479 5020 3543 5075; x_wconf 88' lang='grc' dir='ltr'><strong>τὸ</strong></span> <span class='ocrx_word' id='word_1_801' title='bbox 3587 5011 3831 5090; x_wconf 70' lang='grc' dir='ltr'>κυριακὸν</span> 
     </span>
    </p>
   </div>
   <div class='ocr_carea' id='block_1_104' title="bbox 432 5101 2125 5182">
    <p class='ocr_par' dir='ltr' id='par_1_104' title="bbox 432 5101 2087 5179">
     <span class='ocr_line' id='line_1_104' title="bbox 432 5101 2087 5179; baseline 0 -17"><span class='ocrx_word' id='word_1_802' title='bbox 432 5122 664 5179; x_wconf 89' lang='lat' dir='ltr'><strong>quoque</strong></span> <span class='ocrx_word' id='word_1_803' title='bbox 696 5103 964 5177; x_wconf 89' lang='lat' dir='ltr'><strong>magistri</strong></span> <span class='ocrx_word' id='word_1_804' title='bbox 993 5101 1350 5175; x_wconf 84' lang='lat' dir='ltr'><strong>Apollinaris</strong></span> <span class='ocrx_word' id='word_1_805' title='bbox 1390 5103 1842 5172; x_wconf 79' lang='lat' dir='ltr'><strong>confessionem,</strong></span> <span class='ocrx_word' id='word_1_806' title='bbox 1875 5106 1935 5160; x_wconf 90' lang='lat' dir='ltr'><strong>in</strong></span> <span class='ocrx_word' id='word_1_807' title='bbox 1969 5123 2087 5178; x_wconf 85' lang='lat' dir='ltr'><strong>qua</strong></span> 
     </span>
    </p>
   </div>
   <div class='ocr_carea' id='block_1_105' title="bbox 2236 5101 3112 5182">
    <p class='ocr_par' dir='ltr' id='par_1_105' title="bbox 2236 5103 3112 5182">
     <span class='ocr_line' id='line_1_105' title="bbox 2236 5103 3112 5182; baseline 0.001 -21"><span class='ocrx_word' id='word_1_808' title='bbox 2236 5111 2377 5179; x_wconf 85' lang='grc' dir='ltr'>ῶμα,</span> <span class='ocrx_word' id='word_1_809' title='bbox 2410 5103 2598 5175; x_wconf 74' lang='grc' dir='ltr'>ἐπειδή</span> <span class='ocrx_word' id='word_1_810' title='bbox 2632 5106 2722 5161; x_wconf 83' lang='grc' dir='ltr'><strong>καὶ</strong></span> <span class='ocrx_word' id='word_1_811' title='bbox 2753 5106 3112 5182; x_wconf 85' lang='grc' dir='ltr'>ἀνθρώπινον.</span> 
     </span>
    </p>
   </div>
   <div class='ocr_carea' id='block_1_106' title="bbox 426 5191 3828 5271">
    <p class='ocr_par' dir='ltr' id='par_1_106' title="bbox 426 5191 3828 5271">
     <span class='ocr_line' id='line_1_106' title="bbox 426 5191 3828 5271; baseline -0.002 -20"><span class='ocrx_word' id='word_1_812' title='bbox 426 5212 640 5268; x_wconf 86' lang='lat' dir='ltr'><strong>corpus</strong></span> <span class='ocrx_word' id='word_1_813' title='bbox 666 5192 898 5251; x_wconf 90' lang='lat' dir='ltr'><strong>Domini</strong></span> <span class='ocrx_word' id='word_1_814' title='bbox 933 5191 1117 5248; x_wconf 89' lang='lat' dir='ltr'><strong>nostri</strong></span> <span class='ocrx_word' id='word_1_815' title='bbox 1149 5191 1291 5246; x_wconf 80' lang='lat' dir='ltr'><strong>dicit</strong></span> <span class='ocrx_word' id='word_1_816' title='bbox 1320 5191 1821 5248; x_wconf 85' lang='lat' dir='ltr'><strong>consubstantiale</strong></span> <span class='ocrx_word' id='word_1_817' title='bbox 1851 5194 2068 5250; x_wconf 69' lang='lat' dir='ltr'><strong>Mariae.</strong></span> <span class='ocrx_word' id='word_1_818' title='bbox 2102 5200 2175 5252; x_wconf 83' lang='lat' dir='ltr'><strong>At</strong></span> <span class='ocrx_word' id='word_1_819' title='bbox 2205 5197 2388 5253; x_wconf 86' lang='lat' dir='ltr'><strong>Maria</strong></span> <span class='ocrx_word' id='word_1_820' title='bbox 2418 5197 2590 5253; x_wconf 91' lang='lat' dir='ltr'><strong>nobis</strong></span> <span class='ocrx_word' id='word_1_821' title='bbox 2620 5196 3166 5271; x_wconf 86' lang='lat' dir='ltr'><strong>consubstantialis.</strong></span> <span class='ocrx_word' id='word_1_822' title='bbox 3188 5198 3369 5256; x_wconf 87' lang='lat' dir='ltr'><strong>Nobis</strong></span> <span class='ocrx_word' id='word_1_823' title='bbox 3395 5202 3488 5256; x_wconf 87' lang='lat' dir='ltr'><strong>est</strong></span> <span class='ocrx_word' id='word_1_824' title='bbox 3504 5196 3676 5271; x_wconf 85' lang='lat' dir='ltr'><strong>igitur</strong></span> <span class='ocrx_word' id='word_1_825' title='bbox 3699 5205 3828 5247; x_wconf 84' lang='lat' dir='ltr'><strong>con-</strong></span> 
     </span>
    </p>
   </div>
   <div class='ocr_carea' id='block_1_107' title="bbox 425 5270 2699 5355">
    <p class='ocr_par' dir='ltr' id='par_1_107' title="bbox 425 5270 2699 5355">
     <span class='ocr_line' id='line_1_107' title="bbox 425 5270 2699 5355; baseline -0.001 -13"><span class='ocrx_word' id='word_1_826' title='bbox 425 5283 819 5342; x_wconf 82' lang='lat' dir='ltr'><strong>substantiale</strong></span> <span class='ocrx_word' id='word_1_827' title='bbox 846 5297 1060 5355; x_wconf 88' lang='lat' dir='ltr'><strong>corpus</strong></span> <span class='ocrx_word' id='word_1_828' title='bbox 1093 5279 1348 5347; x_wconf 88' lang='lat' dir='ltr'><strong>Domini,</strong></span> <span class='ocrx_word' id='word_1_829' title='bbox 1382 5281 1658 5352; x_wconf 89' lang='lat' dir='ltr'><strong>quoniam</strong></span> <span class='ocrx_word' id='word_1_830' title='bbox 1691 5286 1746 5338; x_wconf 89' lang='lat' dir='ltr'><strong>et</strong></span> <span class='ocrx_word' id='word_1_831' title='bbox 1777 5283 1971 5354; x_wconf 88' lang='lat' dir='ltr'><strong>ipsum</strong></span> <span class='ocrx_word' id='word_1_832' title='bbox 2007 5286 2331 5341; x_wconf 90' lang='lat' dir='ltr'><strong>humanum</strong></span> <span class='ocrx_word' id='word_1_833' title='bbox 2364 5290 2474 5342; x_wconf 90' lang='lat' dir='ltr'><strong>est.</strong></span> <span class='ocrx_word' id='word_1_834' title='bbox 2694 5270 2699 5273; x_wconf 53' lang='grc'><em>’</em></span> 
     </span>
    </p>
   </div>
   <div class='ocr_carea' id='block_1_108' title="bbox 495 5363 2125 5451">
    <p class='ocr_par' dir='ltr' id='par_1_108' title="bbox 495 5368 2078 5445">
     <span class='ocr_line' id='line_1_108' title="bbox 495 5368 2078 5445; baseline 0.001 -17"><span class='ocrx_word' id='word_1_835' title='bbox 495 5374 583 5428; x_wconf 89' lang='grc'><strong>10.</strong></span> <span class='ocrx_word' id='word_1_836' title='bbox 606 5371 797 5445; x_wconf 83' lang='lat' dir='ltr'><strong>Apoll.</strong></span> <span class='ocrx_word' id='word_1_837' title='bbox 823 5370 1125 5435; x_wconf 90' lang='lat' dir='ltr'><strong>Quomodo</strong></span> <span class='ocrx_word' id='word_1_838' title='bbox 1147 5385 1360 5440; x_wconf 90' lang='lat' dir='ltr'><strong>corpus</strong></span> <span class='ocrx_word' id='word_1_839' title='bbox 1383 5368 1615 5425; x_wconf 90' lang='lat' dir='ltr'><strong>Domini</strong></span> <span class='ocrx_word' id='word_1_840' title='bbox 1639 5370 1947 5437; x_wconf 90' lang='lat' dir='ltr'><strong>dicis,cum</strong></span> <span class='ocrx_word' id='word_1_841' title='bbox 1971 5372 2078 5429; x_wconf 90' lang='lat' dir='ltr'><strong>ho-</strong></span> 
     </span>
    </p>
   </div>
   <div class='ocr_carea' id='block_1_109' title="bbox 2236 5363 3833 5451">
    <p class='ocr_par' dir='ltr' id='par_1_109' title="bbox 2262 5363 3833 5451">
     <span class='ocr_line' id='line_1_109' title="bbox 2262 5363 3833 5451; baseline -0.006 -22"><span class='ocrx_word' id='word_1_842' title='bbox 2262 5374 2352 5429; x_wconf 79' lang='grc'><strong>40.</strong></span> <span class='ocrx_word' id='word_1_843' title='bbox 2388 5370 2624 5431; x_wconf 83' lang='grc' dir='ltr'>Ἀπολλ.</span> <span class='ocrx_word' id='word_1_844' title='bbox 2658 5377 2782 5430; x_wconf 80' lang='grc' dir='ltr'>Πῶς</span> <span class='ocrx_word' id='word_1_845' title='bbox 2817 5372 2995 5451; x_wconf 77' lang='grc' dir='ltr'>λέγεις</span> <span class='ocrx_word' id='word_1_846' title='bbox 3026 5374 3291 5451; x_wconf 85' lang='grc' dir='ltr'>Κυριακὸν</span> <span class='ocrx_word' id='word_1_847' title='bbox 3339 5377 3520 5448; x_wconf 85' lang='grc' dir='ltr'>σῶμα,</span> <span class='ocrx_word' id='word_1_848' title='bbox 3547 5369 3706 5426; x_wconf 82' lang='grc' dir='ltr'>ὁπότε</span> <span class='ocrx_word' id='word_1_849' title='bbox 3749 5363 3833 5422; x_wconf 79' lang='grc' dir='ltr'>ἀν-</span> 
     </span>
    </p>
   </div>
   <div class='ocr_carea' id='block_1_110' title="bbox 421 5456 2125 5537">
    <p class='ocr_par' dir='ltr' id='par_1_110' title="bbox 421 5456 2077 5535">
     <span class='ocr_line' id='line_1_110' title="bbox 421 5456 2077 5535; baseline 0.001 -17"><span class='ocrx_word' id='word_1_850' title='bbox 421 5459 601 5517; x_wconf 88' lang='lat' dir='ltr'><strong>miuis</strong></span> <span class='ocrx_word' id='word_1_851' title='bbox 648 5475 863 5533; x_wconf 87' lang='lat' dir='ltr'><strong>corpus</strong></span> <span class='ocrx_word' id='word_1_852' title='bbox 911 5473 1041 5515; x_wconf 86' lang='lat' dir='ltr'><strong>esse</strong></span> <span class='ocrx_word' id='word_1_853' title='bbox 1088 5456 1348 5530; x_wconf 84' lang='lat' dir='ltr'><strong>probes?</strong></span> <span class='ocrx_word' id='word_1_854' title='bbox 1380 5456 1537 5517; x_wconf 85' lang='lat' dir='ltr'><strong>Orlh.</strong></span> <span class='ocrx_word' id='word_1_855' title='bbox 1597 5462 1715 5531; x_wconf 87' lang='lat' dir='ltr'><strong>Ego</strong></span> <span class='ocrx_word' id='word_1_856' title='bbox 1761 5464 1819 5516; x_wconf 91' lang='lat' dir='ltr'><strong>et</strong></span> <span class='ocrx_word' id='word_1_857' title='bbox 1865 5477 2077 5535; x_wconf 89' lang='lat' dir='ltr'><strong>corpus</strong></span> 
     </span>
    </p>
   </div>
   <div class='ocr_carea' id='block_1_111' title="bbox 2236 5456 3836 5537">
    <p class='ocr_par' dir='ltr' id='par_1_111' title="bbox 2236 5459 3836 5537">
     <span class='ocr_line' id='line_1_111' title="bbox 2236 5459 3836 5537; baseline -0.004 -22"><span class='ocrx_word' id='word_1_858' title='bbox 2236 5460 2412 5516; x_wconf 63' lang='grc' dir='ltr'>οώπου</span> <span class='ocrx_word' id='word_1_859' title='bbox 2460 5461 2909 5533; x_wconf 83' lang='grc' dir='ltr'>κατασκευάζεις;</span> <span class='ocrx_word' id='word_1_860' title='bbox 2962 5462 3107 5537; x_wconf 81' lang='grc' dir='ltr'>Ὀρθ.</span> <span class='ocrx_word' id='word_1_861' title='bbox 3162 5461 3305 5537; x_wconf 86' lang='grc' dir='ltr'>Ἐγὼ</span> <span class='ocrx_word' id='word_1_862' title='bbox 3370 5461 3460 5517; x_wconf 88' lang='grc' dir='ltr'><strong>καὶ</strong></span> <span class='ocrx_word' id='word_1_863' title='bbox 3532 5461 3687 5531; x_wconf 89' lang='grc' dir='ltr'>σῶμα</span> <span class='ocrx_word' id='word_1_864' title='bbox 3740 5459 3836 5509; x_wconf 83' lang='grc' dir='ltr'><strong>Κυ-</strong></span> 
     </span>
    </p>
   </div>
   <div class='ocr_carea' id='block_1_112' title="bbox 491 5611 1489 5684">
    <p class='ocr_par' dir='ltr' id='par_1_112' title="bbox 491 5611 1489 5684">
     <span class='ocr_line' id='line_1_112' title="bbox 491 5611 1489 5684; baseline 0.001 -17"><span class='ocrx_word' id='word_1_865' title='bbox 491 5613 534 5648; x_wconf 77' lang='grc'>⁸¹</span> <span class='ocrx_word' id='word_1_866' title='bbox 567 5611 735 5669; x_wconf 87' lang='lat' dir='ltr'><strong>Joan.</strong></span> <span class='ocrx_word' id='word_1_867' title='bbox 767 5630 847 5684; x_wconf 71' lang='lat' dir='ltr'><strong>vr,</strong></span> <span class='ocrx_word' id='word_1_868' title='bbox 873 5613 964 5667; x_wconf 85' lang='grc'><strong>54.</strong></span> <span class='ocrx_word' id='word_1_869' title='bbox 1040 5614 1086 5648; x_wconf 82' lang='grc'><strong>⁸²</strong></span> <span class='ocrx_word' id='word_1_870' title='bbox 1115 5614 1280 5669; x_wconf 84' lang='lat' dir='ltr'><strong>Joan.</strong></span> <span class='ocrx_word' id='word_1_871' title='bbox 1311 5629 1369 5681; x_wconf 86' lang='lat' dir='ltr'><strong>x,</strong></span> <span class='ocrx_word' id='word_1_872' title='bbox 1403 5614 1489 5668; x_wconf 90' lang='grc'><strong>17.</strong></span> 
     </span>
    </p>
   </div>
   <div class='ocr_carea' id='block_1_113' title="bbox 491 5751 2125 5837">
    <p class='ocr_par' dir='ltr' id='par_1_113' title="bbox 491 5751 1494 5832">
     <span class='ocr_line' id='line_1_113' title="bbox 491 5751 1494 5832; baseline 0.006 -26"><span class='ocrx_word' id='word_1_873' title='bbox 491 5753 606 5825; x_wconf 86' lang='grc'><strong>(80)</strong></span> <span class='ocrx_word' id='word_1_874' title='bbox 637 5751 816 5808; x_wconf 74' lang='grc' dir='ltr'>Αὐτοῦ</span> <span class='ocrx_word' id='word_1_875' title='bbox 841 5754 994 5832; x_wconf 70' lang='grc' dir='ltr'>φωνή</span> <span class='ocrx_word' id='word_1_876' title='bbox 1030 5755 1195 5814; x_wconf 81' lang='lat' dir='ltr'><strong>deest</strong></span> <span class='ocrx_word' id='word_1_877' title='bbox 1221 5755 1282 5813; x_wconf 86' lang='lat' dir='ltr'><strong>in</strong></span> <span class='ocrx_word' id='word_1_878' title='bbox 1315 5755 1494 5814; x_wconf 87' lang='lat' dir='ltr'><strong>Palat.</strong></span> 
     </span>
    </p>
   </div>
   <div class='ocr_carea' id='block_1_114' title="bbox 2236 5751 3703 5837">
    <p class='ocr_par' dir='ltr' id='par_1_114' title="bbox 2250 5753 3703 5837">
     <span class='ocr_line' id='line_1_114' title="bbox 2250 5753 3703 5837; baseline -0.001 -22"><span class='ocrx_word' id='word_1_879' title='bbox 2250 5760 2363 5833; x_wconf 84' lang='grc'>(81)</span> <span class='ocrx_word' id='word_1_880' title='bbox 2393 5759 2535 5817; x_wconf 72' lang='lat' dir='ltr'><strong>MSS.</strong></span> <span class='ocrx_word' id='word_1_881' title='bbox 2570 5759 2723 5836; x_wconf 79' lang='grc' dir='ltr'><strong>Ὀρθ.</strong></span> <span class='ocrx_word' id='word_1_882' title='bbox 2755 5758 2948 5817; x_wconf 77' lang='grc' dir='ltr'>Οὐκέτι</span> <span class='ocrx_word' id='word_1_883' title='bbox 2984 5757 3109 5817; x_wconf 60' lang='grc' dir='ltr'>οὐδε</span> <span class='ocrx_word' id='word_1_884' title='bbox 3137 5759 3454 5837; x_wconf 84' lang='grc' dir='ltr'>ἀνθρωπίνη</span> <span class='ocrx_word' id='word_1_885' title='bbox 3488 5761 3525 5832; x_wconf 76' lang='grc' dir='ltr'><strong>ἠ</strong></span> <span class='ocrx_word' id='word_1_886' title='bbox 3556 5753 3703 5831; x_wconf 76' lang='grc' dir='ltr'>σάρξ.</span> 
     </span>
    </p>
   </div>
  </div>
