4116 6370
301 381 455 442 1265

1266 382 1364 442 DE
1408 382 1707 443 SANGTA
1751 385 2180 447 'l‘ltINlTATE
2226 388 2611 450 DlALOGUS
2654 388 2726 448 V.

3553 386 3708 446 1266

295 512 481 587 ριακὸν
517 510 689 585 λέγω,
739 511 828 566 καὶ
876 513 1060 587 ψυχήν
1118 513 1409 585 Κυριακὴν,
1439 511 1528 566 καὶ
1579 515 1716 584 αἷμα
1748 520 1937 588 Κυρια-

2065 517 2290 573 Domini
2323 535 2456 573 cum
2489 536 2649 585 voco,
2681 524 2738 575 et
2767 521 3024 576 animam
3060 518 3444 588 Dominicam,
3477 520 3536 572 et
3572 533 3705 573 san-

291 601 410 671 κὸν,
442 599 530 654 καὶ
561 601 736 676 ταφὴν
786 601 1082 676 Κυριακήν,
1115 602 1201 654 καὶ
1236 600 1514 676 ἄνθρωπον
1563 601 1800 664 καθόλου
1843 611 1942 656 Κυ-

297 690 509 766 ριακὸν,
542 689 726 744 ἒνώσει
771 688 867 743 τοῦ
912 694 1046 744 Θεοῦ
1095 689 1294 763 Λόγου·
1330 691 1500 751 οὕτως
1551 693 1623 752 ὡς
1674 693 1804 746 εἶναι
1855 693 1943 747 καὶ

290 779 383 833 τὸν
438 777 596 833 αὐτὸν
645 778 773 833 Θεὸν
819 779 907 832 καὶ
951 777 1254 852 ἄνθρωπον·
1298 780 1385 834 καὶ
1432 802 1562 834 ποτε
1612 779 1768 833 αὐτὸν
1813 780 1939 835 ὅλον

291 869 422 923 Θεὸν
454 867 544 921 καὶ
585 869 780 942 Κύριον
832 867 1068 939 ἀκούειν,
1127 868 1215 921 καί
1272 890 1401 922 ποτε
1452 869 1608 923 αὐτὸν
1662 868 1790 924 ὁλον
1851 869 1942 924 ἀν-

289 958 532 1031 Θρωπον.
575 956 750 1018 Αὐτὸς
803 957 901 1031 γὰρ
951 955 1095 1031 λέγει
1144 957 1264 1030 περὶ
1318 958 1529 1011 ἑαυτοῦ·
1565 983 1590 1007 ‹‹
1626 959 1684 1011 Τί
1740 981 1803 1030 με
1847 966 1940 1027 ζη-

288 1051 433 1101 τεῖτε
484 1044 798 1100 ἀποκτεῖναι
856 1044 1170 1121 ἄνθρωπον,
1232 1047 1288 1107 ὸς
1348 1048 1444 1113 τὴν
1499 1047 1756 1116 ἀληθειαν
1814 1049 1939 1118 ὑμῖν

289 1131 580 1203 λελάληκα
611 1153 624 1202 ;
660 1157 688 1184 ››
719 1133 806 1188 καὶ
860 1133 1096 1196 Παῦλος·
1131 1159 1159 1184 ‹‹
1194 1139 1513 1210 ’Ἄνθρωπος
1559 1138 1767 1205 Ἰησοῦς
1813 1143 1940 1212 Χρι-

288 1224 414 1284 στὸς
444 1223 575 1297 χθὲς
606 1222 694 1277 καὶ
728 1225 991 1297 σήμερον,
1023 1224 1050 1277 ὁ
1078 1225 1238 1284 αυτὸς
1269 1226 1355 1278 καὶ
1391 1225 1464 1286 εἷς
1495 1224 1622 1285 τοὺς
1655 1226 1874 1287 atem;
1911 1252 1938 1277 »

290 1311 389 1366 Καὶ
423 1312 580 1365 αὐτὸν
613 1316 800 1365 τοῦτον
835 1313 924 1365 τὸν
959 1311 1238 1388 ἄνθρωπον
1284 1313 1617 1390 ψηλαφησας
1657 1316 1684 1367 ὁ
1717 1322 1938 1386 Θωμᾶς,

291 1400 460 1474 λέγει·
491 1423 512 1450 ι
548 1402 576 1455 ὁ
599 1400 802 1475 Κύριός
831 1423 935 1473 μου
956 1403 1044 1456 καὶ
1069 1403 1095 1455 ὁ
1119 1403 1248 1463 Θεός
1274 1425 1397 1474 μου.
1427 1427 1452 1453 »ι
1485 1404 1723 1474 Ὀμοίως
1746 1405 1773 1456 ὁ
1803 1410 1938 1459 Ηαῦ-

292 1491 389 1551 λος
419 1493 548 1562 (82)·
584 1514 612 1541 ‹‹
663 1496 756 1544 Ὧν
804 1492 855 1545 οἱ
896 1491 1142 1567 πατέρες,
1177 1493 1263 1546 καὶ
1316 1493 1364 1561 ἐξ
1421 1495 1488 1547 ὧν
1525 1495 1552 1546 ὁ
1601 1495 1827 1568 Χριστὸς
1875 1496 1938 1549 τὸ

291 1581 430 1634 κατὰ
468 1580 658 1654 σάρκα,
710 1580 738 1633 ὁ
770 1577 841 1634 ὣν
900 1579 986 1634 ἐπὶ
1045 1583 1258 1634 πάντων
1319 1583 1446 1643 Θεὸς
1499 1581 1801 1656 εὐλογητὸς
1864 1585 1938 1645 εἰς

287 1666 418 1728 τοὺς
449 1667 646 1730 αἰῶνας
680 1711 694 1726 .
729 1695 757 1719 n
790 1669 921 1730 Θεὸς
967 1669 1056 1723 οὖν
1108 1671 1194 1722 καὶ
1230 1667 1506 1744 ἅνθρωπος
1555 1669 1685 1732 ὅλος
1720 1670 1806 1724 διὰ
1836 1674 1933 1740 την

285 1755 340 1827 ἐξ
371 1752 616 1819 εὐδοκίας
665 1754 877 1813 ἕνωσιν.
913 1756 978 1811 Εἴ
1029 1759 1128 1832 γὰρ
1157 1784 1186 1810 ‹‹
1219 1761 1246 1813 ὁ
1291 1758 1647 1831 κολλώμενος
1704 1766 1782 1830 τῷ
1833 1769 1933 1815 Κυ-

284 1843 390 1919 ρίῳ
435 1844 490 1899 Γἐν
541 1847 753 1918 πνεῦμά
797 1845 929 1919 ἐστι,
961 1868 987 1898 n
1025 1847 1222 1918 πολλῷ
1271 1847 1484 1915 πλεῖον,
1526 1848 1649 1902 ὅταν
1683 1851 1708 1903 ὁ
1744 1849 1935 1923 Κύριος

285 1930 514 2007 λέγηται
573 1936 662 1988 καὶ
710 1934 1028 2004 πιστεύηται
1089 1934 1369 2009 ἄνθρωπος
1426 1939 1778 2012 γεγενῆσθαι,
1841 1939 1939 1992 οὐκ

283 2019 558 2084 ἀπολέσας
605 2023 668 2077 τὸ
718 2023 846 2078 εἶναι
899 2026 1045 2093 Θεὸς,
1099 2024 1208 2078 ἔστι
1265 2026 1393 2087 Θεὸς
1446 2027 1534 2079 καὶ
1583 2027 1859 2100 ἀνθιείυπνς
1907 2029 1934 2080 ὁ

276 2110 464 2165 αὐτός’
498 2113 629 2174 Θεὸς
668 2113 761 2185 μὲν
794 2111 882 2167 διὰ
912 2115 1008 2181 τὴν
1067 2114 1245 2190 φύσιν,
1280 2114 1564 2188 ἄνθρωπος
1611 2116 1665 2169 δε
1717 2114 1804 2170 διὰ
1832 2117 1929 2185 τήν

275 2199 333 2269 ἐξ
364 2197 609 2262 εὐδοκίας
644 2203 888 2276 μετοχὴν
920 2206 1016 2271 τῆς
1056 2203 1499 2278 ἀνθρωπότητος.

2057 608 2293 677 guinem
2329 608 2717 670 Dominicum.
2753 614 2809 664 et
2840 609 3204 681 sepulturam
3235 606 3707 677 Dominicam,et

2057 697 2114 749 in
2153 700 2491 751 universum
2543 697 2670 750 dico
2721 697 3020 752 hominem
3067 696 3461 766 Dominicum,
3495 696 3568 750 ob
3605 694 3705 750 Dei

2053 785 2223 839 Verbi
2264 784 2583 840 unitioncm
2617 803 2630 845 :
2663 785 2743 840 ita
2776 791 2839 840 ut
2871 803 3024 841 unus
3059 791 3116 841 et
3163 786 3317 840 idem
3365 784 3442 839 sit
3469 788 3620 839 Deus
3649 789 3708 840 et

2055 872 2250 939 homo,
2283 879 2338 928 et
2371 876 2540 928 modo
2595 876 2832 944 quidem
2887 875 3012 946 ipse
3054 880 3209 930 totus
3240 874 3394 929 Deus
3423 877 3481 929 et
3510 872 3704 928 Domi-

2052 980 2186 1026 nus,
2235 963 2525 1017 intcrdum
2579 980 2710 1018 vero
2756 964 2879 1034 ipse
2924 969 3083 1019 totus
3121 961 3448 1035 appelletur
3502 961 3701 1016 homo.

2053 1051 2201 1105 Dicit
2231 1051 2386 1106 enim
2437 1052 2562 1122 ipse
2610 1053 2679 1106 de
2711 1069 2772 1107 se
2803 1075 2831 1101 «
2874 1052 3022 1118 Quid
3079 1067 3174 1106 me
3222 1050 3481 1124 quaeritis
3529 1050 3706 1106 inter-

2055 1141 2242 1210 ﬁcere,
2279 1141 2572 1195 hominem
2605 1141 2706 1211 qui
2739 1158 2871 1196 vera
2900 1141 3133 1196 locutus
3162 1155 3294 1196 sum
3343 1138 3509 1195 vobis
3530 1139 3575 1173 ³³
3596 1140 3624 1192 ?
3671 1159 3699 1189 »

2051 1230 2117 1282 Et
2153 1229 2364 1284 Paulus
2400 1248 2411 1283 :
2448 1251 2475 1278 «
2520 1231 2703 1284 Homo
2724 1231 2899 1284 Jesus
2946 1229 3212 1285 Christus
3238 1229 3363 1284 heri
3396 1231 3450 1283 et
3503 1226 3698 1293 hodie,

2048 1317 2173 1388 ipse
2205 1324 2260 1372 et.
2292 1319 2346 1371 in
2380 1319 2672 1373 saecula“.
2703 1342 2722 1367 η
2753 1320 2820 1374 Et
2843 1319 2998 1373 hunc
3021 1319 3217 1390 ipsum
3239 1317 3538 1372 hominem
3564 1332 3699 1370 cum

2047 1408 2300 1461 Thomas
2353 1412 2787 1473 contrectasset,
2840 1408 3076 1476 inquit:
3111 1429 3139 1457 «
3173 1407 3459 1462 Dominus
3509 1421 3700 1472 meus,

2049 1502 2103 1550 et
2135 1497 2287 1550 Deus
2324 1513 2488 1551 meus
2537 1497 2600 1550 ⁸⁵.
2656 1519 2675 1544 η
2727 1496 3011 1551 Similiter
3059 1496 3324 1550 Paulus:
3370 1517 3398 1544 ››
3438 1496 3696 1559 Quorum

2051 1592 2265 1655 patres,
2301 1591 2355 1638 et
2387 1601 2452 1639 ex
2485 1586 2703 1656 quibus
2747 1585 3013 1639 Christus
3061 1585 3388 1639 secundum
3435 1598 3694 1650 carnem,

2048 1675 2146 1744 qui
2181 1681 2270 1727 cst
2302 1691 2477 1744 super
2508 1675 2705 1728 omnia
2723 1673 2875 1728 Deus
2900 1673 3241 1728 benedictus
3265 1672 3324 1728 in
3357 1671 3568 1727 saecula
3591 1672 3696 1725 ⁸⁸.»

2047 1764 2228 1818 Totus
2260 1781 2392 1830 ergo
2434 1769 2668 1833 propter
2716 1762 3105 1818 voluntariam
3153 1761 3315 1817 illam
3369 1760 3696 1815 unitionem

2048 1853 2261 1905 dicitur
2292 1858 2347 1906 et
2378 1853 2550 1918 Deus,
2607 1857 2662 1907 et
2710 1852 2904 1921 homo,
2938 1853 3083 1905 Nam
3137 1851 3184 1906 si
3239 1873 3259 1899 ι
3296 1850 3396 1921 qui
3440 1850 3698 1905 adhaeret

2051 1940 2307 2006 Domino,
2363 1958 2516 1994 unus
2549 1940 2792 2012 spiritus
2838 1945 2949 2010 est,
2997 1941 3062 2008 ⁸⁷,
3097 1960 3125 1987 ››
3176 1938 3362 1994 multo
3412 1938 3601 2010 magis
3645 1936 3696 1992 si

2048 2030 2330 2084 Dominus
2362 2029 2580 2084 dicitur
2621 2035 2677 2084 et
2717 2030 2973 2084 creditur
3022 2029 3211 2084 factus
3271 2027 3452 2084 fuisse
3499 2027 3696 2092 homo,

2046 2137 2159 2172 non
2223 2119 2498 2172 amittens
2549 2120 2704 2189 quod
2750 2119 2902 2173 Deus
2953 2118 3051 2185 sit,
3111 2119 3264 2173 idem
3315 2122 3405 2173 est
3450 2119 3600 2172 Deus
3640 2123 3697 2171 et

2044 2208 2260 2262 homo:
2315 2207 2467 2262 Deus
2512 2207 2746 2277 quidem
2799 2211 3028 2274 natura,
3083 2207 3259 2262 homo
3314 2221 3470 2272 vero,
3532 2205 3688 2276 quod

277 2296 559 2347 naturam
593 2290 943 2362 humanam,
975 2295 1252 2365 quoniam
1286 2295 1334 2350 ei
1369 2295 1452 2350 sic
1484 2296 1722 2366 placuit,
1759 2297 2209 2368 participaverit.

1440 2598 1568 2653 ΤΟΥ
1606 2599 1694 2652 ΕΝ
1734 2599 1966 2652 ΑΙῚΟΞΣ
2012 2599 2282 2653 ΠΑΤΡΟΣ
2327 2599 2520 2652 HMth

1630 2773 2358 2869 ΑΘᾹΝΑΣΙΟΥ

633 2950 875 3022 Διάλεξις
906 2955 962 3023 ε’,
989 2952 1040 3007 ἐν
1134 2959 1230 3007 τοῦ
1256 2953 1419 3008 αὖτοῦ
1453 2953 1978 3030 Ἀπολλιναριαστοῦ
2009 2953 2370 3031 κεφαλαέώσις
2405 2955 2491 3009 καὶ
2523 2953 2829 3031 Γρηγορίου
2862 2952 3157 3008 ἐπισκόπου
3189 2956 3323 3027 (83).

1079 2956 1107 2972 ν

1409 3261 1498 3354 S.
1557 3263 1652 3353 P.
1717 3261 1827 3354 N.
1893 3262 2571 3354 ATHANASII

495 3443 782 3502 DIALOGUS
810 3463 864 3514 ν,
902 3446 957 3501 in
992 3463 1107 3518 quo
1141 3449 1554 3522 compendium
1587 3448 2031 3521 disceptationis
2059 3449 2322 3519 ejusdem
2357 3448 2784 3520 Apollinaristae
2815 3455 2865 3502 et
2890 3446 3151 3518 Gregorii
3182 3445 3460 3519 episcopi.

746 3755 1452 3808 ΑΙῙΟΛΜΝΔΡῙΛΣΤΗΣ.

353 3843 405 3897 1.
446 3845 581 3896 Θεοῦ
622 3839 1000 3917 ἐνεργήσαντος
1049 3841 1321 3915 ἀνθρώπῳ
1357 3885 1371 3908 ,
1406 3841 1749 3896 ἀποτελεῖται
1800 3862 1935 3915 προ-

275 3932 484 4009 φήτης,
543 3928 712 4006 ἤγουν
774 3930 1078 3993 ἀπόστολος
1141 3934 1275 4004 (84),
1334 3929 1394 3985 οὐ
1449 3933 1644 4005 Σωτὴρ
1702 3931 1933 4002 κόσμου’

276 4020 521 4094 Χριστὸς
582 4017 639 4075 δὲ
685 4022 878 4096 Σωτήρ
930 4021 1138 4093 κόσμου
1174 4041 1184 4053 ·
1222 4019 1319 4074 οὐκ
1350 4018 1450 4096 ἄρα
1485 4064 1497 4090 ,
1529 4024 1660 4074 Θεοῦ
1713 4019 1936 4093 ἐνεργή-

277 4130 469 4170 σαντος
503 4109 793 4185 ἀνθρώπῳ,
828 4109 1156 4180 ἀπετελέσθη
1191 4109 1418 4183 Χριστός
1453 4129 1465 4178 ;
1500 4111 1934 4166 ΟΡΘΟΔΟΞΟΣ.

278 4203 420 4254 Θεοῦ
477 4199 570 4271 μὲν
633 4197 1018 4273 ἐνεργγςσαντος
1076 4199 1184 4274 οὐχ
1242 4198 1470 4269 ἁπλῶς,
1530 4199 1602 4259 ὡς
1662 4197 1935 4270 ἐνόμισας,

280 4285 435 4342 ἀλλὰ
473 4288 827 4365 προφητείαν,
880 4287 1223 4342 ἀποτελεῖται
1258 4290 1568 4365 προφήτης,
1615 4284 1784 4362 ’ἤγουν
1827 4289 1939 4355 (85)

280 4375 622 4441 ἀπόστολος,
655 4377 743 4430 καὶ
795 4377 854 4430 οὐ
909 4379 1104 4450 Σωτὴρ
1154 4378 1385 4449 κόσμου.
1421 4377 1549 4437 Θεὸς
1601 4374 1678 4444 δὲ,
1725 4377 1939 4452 μορφήν

283 4464 493 4522 δούλου
539 4461 722 4521 λαϐὼν
762 4511 774 4533 ,
817 4466 1026 4540 ἐγένετο
1069 4468 1095 4520 ὁ
1146 4466 1303 4528 αὐτὸς
1354 4466 1442 4521 καὶ
1484 4467 1770 4543 προφήτης
1804 4513 1817 4530 ,
1850 4465 1936 4519 καὶ

280 4553 616 4622 ἀπόστολος,
651 4555 739 4609 καὶ
777 4555 1087 4630 ἀρχιερεὺς,
1135 4555 1223 4609 καί
1279 4555 1504 4627 μεσίτης
1550 4559 1682 4609 Θεοῦ
1721 4554 1809 4608 καὶ
1848 4554 1938 4607 ἀν-

281 4645 524 4717 θρώπων
561 4687 574 4712 ,
610 4645 806 4719 Σωτὴρ
838 4644 1069 4716 κόσμου⁷
1108 4646 1279 4717 μένων
1314 4646 1462 4716 Θεὸς,
1495 4646 1583 4699 καὶ
1617 4643 1676 4697 οὐ
1715 4643 1938 4718 τραπεὶς

283 4733 368 4795 εἷς
398 4739 464 4787 τὰ
495 4735 883 4808 προειρημένα.

362 4828 414 4879 2.
447 4820 660 4878 Ἀπολλ
697 4869 707 4880 .
745 4825 855 4885 Ili:
910 4821 1187 4897 ἅνθρωπος
1226 4824 1384 4897 μέρος
1437 4823 1647 4895 κόσμου
1681 4867 1693 4891 ,
1727 4821 1814 4876 καὶ
1849 4820 1938 4875 οὖ-

289 4911 378 4967 δὲν
440 4913 604 4985 μέρος
660 4912 868 4985 κόσμου
928 4911 1063 4987 α’ρει
1098 4915 1193 4982 τήν
1251 4912 1514 4988 ἁμαρτίαν
1550 4916 1645 4966 τοῦ
1675 4911 1888 4983 κόσμου
1923 4954 1936 4979 ,

293 5004 382 5081 ὑφ’
498 5003 585 5056 καὶ
647 5001 806 5064 αὐτὸς
865 5010 1060 5059 κεῖται.
1094 5003 1322 5078 Χριστὸς
1384 5000 1440 5056 δὲ
1488 5000 1648 5076 αἶ’ρει·
1684 5000 1781 5054 οὐκ
1840 5001 1939 5073 ἄρα

2527 3750 3242 3821 APPOLLINARISTES.)

2124 3844 2172 3899 l.
2207 3845 2425 3915 Agente
2460 3847 2570 3897 Deo
2602 3841 2657 3895 in
2693 3841 2948 3908 homine,
2985 3841 3049 3894 ﬁt
3087 3839 3379 3912 quispiam
3414 3839 3698 3911 prepheta

2047 3933 2131 3988 vel
2186 3932 2508 4004 apostolus,
2563 3935 2622 3985 at
2675 3947 2784 3984 non
2837 3929 3102 3986 Salvator
3144 3927 3369 3984 mundi.
3427 3927 3696 3983 Christus

2049 4027 2240 4077 autem
2275 4026 2362 4075 est
2409 4021 2673 4076 Salvator
2705 4018 2909 4074 mundi
2943 4037 2954 4074 :
2989 4035 3105 4073 non
3137 4018 3317 4091 igitur
3346 4018 3461 4072 Deo
3493 4020 3701 4088 agente

2049 4111 2108 4166 in
2160 4111 2420 4173 homine,
2471 4112 2657 4164 factus
2705 4113 2794 4163 est
2850 4108 3139 4163 Christus.
3191 4106 3694 4162 ORTHODOXUS.

2047 4200 2172 4254 Non
2206 4199 2570 4270 simpliciter,
2608 4202 2673 4252 ut
2703 4203 2762 4251 tu
2797 4196 3118 4266 existimas,
3170 4201 3374 4266 agente
3416 4196 3553 4262 Deo,
3593 4197 3694 4252 sed

2050 4288 2415 4360 prephctiam
2465 4287 2773 4353 efﬁciente,
2827 4287 2890 4339 ﬁt
2938 4284 3233 4356 quispiam
3279 4285 3562 4355 propheta
3610 4285 3698 4340 vel

2051 4377 2373 4449 apostolus,
2426 4383 2480 4429 at
2534 4392 2646 4430 non
2698 4373 2961 4429 Salvator
3009 4374 3230 4428 mundi.
3284 4374 3438 4428 Deus
3479 4377 3698 4442 autem,

2049 4471 2286 4537 accepta
2333 4466 2483 4521 485
2538 4464 2684 4518 servi
2722 4465 2906 4518 forma
2938 4463 3124 4518 factus
3156 4466 3242 4518 est
3273 4462 3427 4517 idem
3475 4467 3532 4517 et
3562 4479 3699 4534 pro-

2051 4557 2244 4628 pheta,
2280 4560 2335 4609 et
2365 4555 2688 4627 apostolus,
2724 4559 2777 4608 et
2811 4552 3086 4625 pontifex,
3106 4557 3163 4608 et
3194 4551 3480 4607 mediator
3510 4551 3609 4607 Dei
3643 4557 3702 4608 et

2051 4645 2382 4709 hominum,
2407 4642 2672 4698 Salvator
2702 4642 2930 4709 mundi,
2957 4642 3110 4696 Deus
3135 4640 3704 4714 permanensﬁeque

2050 4734 2106 4788 in
2142 4733 2463 4804 quidquam
2499 4733 2769 4801 istorum,
2805 4749 2932 4804 qua:
2965 4730 3245 4799 diximus,
3272 4733 3558 4786 mutatus.

2119 4824 2171 4876 2.
2208 4823 2382 4894 Apoll.
2418 4822 2621 4877 Omnis
2651 4821 2827 4876 homo
2862 4830 2946 4875 est
2982 4837 3114 4892 pars
3158 4817 3385 4891 mundi,
3436 4824 3493 4876 et
3543 4819 3705 4876 nulla

2051 4913 2255 4966 mundi
2292 4929 2423 4981 pars
2456 4910 2605 4966 tollit
2637 4913 2939 4980 peccatum
2973 4907 3200 4977 mundi,
3252 4907 3343 4963 cui
3376 4911 3610 4980 peccato
3649 4913 3706 4964 et

2051 5000 2177 5071 ipsa
2227 5003 2451 5055 subest.
2520 5003 2590 5054 At
2639 4999 2904 5054 Christus
2949 4997 3101 5053 tollit
3153 5015 3165 5052 :
3218 5014 3332 5052 non
3391 5001 3480 5052 est
3526 4997 3708 5068 igitur

291 5094 575 5167 ἅνθρωπος
633 5094 660 5147 ὁ
717 5093 961 5165 Χριστός.
1023 5095 1164 5167 Ὀρο.
1228 5093 1323 5146 Διῗι
1380 5092 1481 5166 γὰρ
1513 5095 1694 5158 τοῦτο,
1751 5087 1937 5157 ἐπειδὴ

2057 5091 2226 5146 homo
2261 5089 2549 5144 Christus.
2587 5091 2738 5144 0rlh.
2773 5088 3077 5143 Enimvero
3111 5087 3264 5158 quod
3305 5084 3467 5140 nulla
3498 5077 3706 5144 mundi

292 5180 448 5239 οὐδὲν
487 5182 646 5256 μέρος
686 5182 896 5254 κόσμου
928 5181 1065 5258 αἶ’ρει
1112 5183 1209 5250 τήν
1260 5182 1518 5256 ἁμαρτίαν
1569 5185 1664 5236 τοῦ
1712 5179 1940 5251 κόσμου,

294 5277 324 5330 ὁ
356 5273 693 5346 δημιουργὸς
724 5277 819 5327 τοῦ
865 5272 1075 5344 κόσμου
1128 5273 1344 5349 μορφὴν
1392 5265 1553 5326 ἔλαϐε
1602 5271 1800 5345 μέρους
1847 5268 1944 5322 κόο

368 5433 413 5468 ⁸³
443 5431 610 5488 Joan.
644 5448 766 5495 Vill,
801 5431 886 5485 40.
963 5431 1009 5464 3"
1042 5430 1213 5484 Hebr.
1246 5447 1370 5494 xm,
1400 5430 1452 5482 8.

377 5575 493 5644 (82)
526 5573 706 5628 Palat.
741 5570 948 5642 ὁμοίως
981 5570 1069 5625 καὶ
1101 5571 1129 5625 ὁ
1163 5569 1376 5644 Παυλος
1410 5569 1573 5644 λέγειἒ

524 5645 701 5718 Titul.
872 5661 1014 5699 mss.
1044 5647 1170 5718 Τοῖ’)-
1208 5642 1371 5718 αὐτοῦ
1421 5639 1951 5718 Ἀπολλέναριαστοῦ

307 5710 672 5796 κιῴαλάίωσις
703 5715 791 5770 καὶ
819 5715 1122 5792 Γρηγορίου
1154 5712 1451 5768 ἐπισκόπου
1496 5710 1807 5788 ὀρθοδόξου.

1531 5429 1575 5462 ⁸⁵
1605 5431 1771 5481 Joan.
1805 5443 1897 5493 xx,
1929 5425 2021 5480 28.

2056 5196 2191 5252 pars
2225 5178 2389 5233 tollat
2420 5177 2622 5232 mundi
2661 5181 2985 5248 peccatum,
3017 5175 3231 5231 idcirco
3282 5175 3485 5230 mundi
3517 5175 3708 5246 opifex

2057 5270 2302 5323 formam
2357 5267 2578 5338 accepit
2628 5266 2809 5337 partis
2864 5265 3090 5332 mundi,
3138 5268 3202 5319 ut
3250 5266 3542 5335 quatenus
3571 5282 3707 5337 pars

2096 5424 2140 5458 ⁸⁵
2173 5416 2339 5478 Rom.
2373 5441 2450 5487 1x,
2483 5423 2536 5476 5.
2615 5423 2656 5454 87
2690 5423 2702 5475 l
2736 5421 2863 5476 Cor.
2896 5437 2973 5485 v1,
3001 5419 3090 5474 17.

2133 5567 2242 5638 (84)
2277 5565 2482 5638 Palat,
2516 5565 2802 5638 προφήτης
2837 5562 2870 5630 ἢ
2903 5558 3226 5621 ἀπόστολος.
3249 5560 3464 5630 Felck.,
3496 5563 3709 5637 προφή-

2060 5657 2159 5704 της
2191 5633 2514 5696 ἀπόστολος.

2133 5710 2244 5780 (85)
2277 5710 2406 5764 Man
2417 5725 2569 5764 uscr.
2603 5703 2791 5773 ἤτουν.
