4116 6392
400 394 554 454 126⁸1
1564 389 1628 451 S.
1678 390 2067 451 A'l'HANASl

2183 424 2302 448 .-
2332 391 2641 453 SPUHIA.
3701 386 3856 450 1268

396 529 524 584 erat
554 522 783 590 mundi,
810 522 1039 580 occisus
1065 525 1348 595 tanquam
1381 539 1518 594 pars
1548 521 1778 590 mundi,
1823 521 2052 577 tolleret

2183 521 2448 593 πμου,“ίνπ
2488 527 2567 595 τῷ
2620 523 2769 599 μέρει
2826 526 2925 575 τοῦ
2973 521 3205 593 κόσμου,
3258 517 3503 597 σφαγεὶς
3557 517 3639 580 ὡς
3692 518 3858 593 μέρος

399 613 608 673 mundi
639 614 964 686 peccatum,
998 614 1062 667 ut
1091 611 1283 684 opifex
1313 611 1540 667 mundi.

2183 608 2390 682 ιόσμου,
2421 610 2525 686 ἄρῃ
2570 613 2669 680 τὴν
2716 610 2977 685 ἁμαρτίαν
3022 613 3120 664 τοῖ’)
3167 607 3418 682 κόσμου,
3452 607 3535 668 ὡς
3589 603 3860 683 δημιουρ-

2160 699 2257 768 γὸς
2287 704 2386 755 τοῦ
2414 700 2645 773 κόσμου.
3450 696 3451 699 “

467 794 522 849 2.
554 791 733 863 Apoll.
782 789 983 847 Omnis
1029 789 1206 845 homo
1238 788 1442 845 subest
1473 789 1644 845 morti
1681 805 1693 844 :
1743 792 1801 844 et
1831 786 2050 853 nullus,

403 880 505 956 qui
538 879 709 936 morti
739 879 952 949 subsit,
983 878 1177 935 abolet
1208 882 1479 934 mortem.
1524 880 1595 933 At
1633 877 1903 933 Christus
1951 877 2053 932 ab-

402 970 519 1028 olet
548 985 563 1026 :
596 985 714 1024 non
743 972 832 1024 est
861 968 1039 1041 igitur
1059 967 1235 1023 homo
1264 967 1552 1023 Christus.
1585 966 1736 1023 Orth.
1769 966 2054 1030 Quoniam

406 1058 609 1118 nullus
664 1056 998 1123 hominum,
1050 1061 1115 1111 ut
1161 1056 1260 1128 qui
1309 1055 1483 1112 morti
1549 1055 1765 1121 subsit,
1810 1058 2054 1111 mortem

408 1145 604 1205 abolet
645 1162 660 1213 ;
718 1144 934 1201 idcirco
983 1144 1333 1200 immortalis
1394 1143 1579 1200 Filius
1636 1143 1752 1201 Dei.
1800 1143 2057 1200 Verbum

409 1234 591 1293 simul
621 1240 679 1290 et
706 1234 882 1303 Deus,
914 1233 1029 1290 sibi
1055 1233 1165 1305 ipsi
1200 1233 1387 1289 univit
1416 1232 1475 1289 id
1526 1233 1680 1304 quod
1716 1232 1887 1288 morti
1918 1232 2056 1287 sub-

411 1329 520 1393 est,
558 1349 579 1374 ι
616 1328 681 1381 ut
712 1323 770 1379 in
802 1326 987 1379 morte
1027 1322 1285 1378 aboleret
1313 1339 1473 1389 eum,
1505 1321 1605 1393 qui
1637 1321 1843 1377 mortis
1875 1321 2060 1392 impe-

411 1414 565 1470 rium
591 1413 769 1469 habet
790 1412 855 1466 ⁸⁸.
889 1435 917 1462 ››
946 1411 1112 1468 Sicut
1142 1411 1299 1466 enim
1333 1408 1645 1467 invisibilis
1671 1427 1804 1466 cum
1836 1409 1933 1478 sit,
1979 1409 2061 1465 vi-

411 1503 535 1561 deri
567 1518 681 1558 non
714 1500 923 1574 potuit,
956 1499 1070 1556 nisi
1101 1516 1167 1557 eo
1187 1503 1514 1571 assumpto,
1538 1500 1693 1572 quod
1724 1497 1905 1555 videri
1936 1515 2063 1571 pos-

411 1596 501 1649 set
532 1607 546 1649 :
576 1591 661 1648 ita
689 1607 823 1647 cum
856 1588 937 1647 sit
965 1587 1337 1658 immortalis,
1362 1604 1481 1644 non
1527 1588 1719 1660 potuit
1777 1587 1946 1656 mori,
1978 1587 2064 1643 ni-

410 1681 462 1739 si
490 1697 558 1738 eo
585 1683 914 1752 assumpto,
948 1677 1103 1750 quod
1135 1681 1292 1733 esset
1322 1677 1588 1734 mortale.

481 1771 537 1826 4.
567 1767 750 1842 Αροιι.
779 1767 985 1824 Omnis
1014 1766 1190 1822 homo
1219 1770 1310 1822 est
1347 1770 1636 1821 terrenus.
1682 1770 1758 1821 At
1797 1765 2063 1822 Christus

2232 791 2286 845 3.
2316 787 2553 846 Ἀπολλ.
2589 795 2698 850 Πᾶς
2758 787 3042 865 ἄνθρωπος
3103 787 3207 842 ὑπὸ
3263 786 3553 841 θάνατον·
3620 785 3714 840 καὶ
3774 784 3861 839 οὗ·

2163 873 2293 947 δεῖς,
2327 877 2432 933 ὑπὸ
2476 878 2699 943 θάνατον
2747 875 2844 950 ὢν,
2875 881 3134 952 καταργεῖ
3180 875 3446 940 θάνατον.
3504 874 3750 949 Χριστὸς
3800 871 3857 931 δὲ

2162 971 2439 1041 καταργεῖο
2497 966 2597 1022 οὐκ
2651 966 2753 1042 ἄρα
2800 963 3085 1040 ἄνθρωπος
3137 966 3165 1019 ὁ
3210 963 3486 1040 Χριστός.
3553 964 3711 1036 Ὀρθ.
3758 966 3861 1018 Διὰ

2163 1055 2265 1130 γὰρ
2312 1059 2496 1125 τοῦτο,
2545 1052 2732 1125 ἐπειδή
2786 1052 2964 1117 οὐδεὶς
3016 1053 3317 1130 ἀνθρώπων
3371 1057 3660 1127 καταργεῖ
3706 1052 3860 1108 θάνα-

2166 1164 2281 1213 τον,
2310 1142 2413 1199 ὑπὸ
2445 1146 2666 1209 θάνατον
2712 1140 2807 1215 ὣν,
2857 1145 2886 1199 6
2915 1142 3171 1205 ἄθάνατος
3217 1147 3317 1198 τοῦ
3374 1145 3526 1198 Θεοῦ
3567 1142 3724 1213 Υἱὸς,
3755 1141 3860 1197 A6-

2165 1254 2260 1309 γος
2294 1230 2367 1287 ὢν
2398 1233 2487 1288 καὶ
2518 1233 2672 1305 Θεὸς,
2703 1230 2911 1302 ἥνωσεν
2945 1232 3118 1303 ἑαυτῷ
3146 1230 3210 1286 τὸ
3243 1231 3353 1286 ὑπὸ
3409 1229 3681 1299 θάνατον,
3713 1256 3739 1282 ‹‹
3770 1228 3858 1285 ἵνα

2168 1320 2221 1376 ἰν
2246 1326 2326 1395 τῷ
2352 1322 2564 1395 θανάτῳ
2592 1322 2684 1377 τὸν
2713 1321 2776 1376 τὸ
2805 1319 3002 1397 κράτος
3035 1317 3232 1396 ἔχοντα
3280 1323 3386 1374 τοῦ
3436 1320 3687 1383 θανάτου
3731 1339 3851 1375 κατ-

2169 1413 2409 1487 αργήσῃ,
2442 1432 2472 1464 η
2522 1412 2609 1473 Ὧς
2655 1410 2758 1487 γὰρ
2805 1410 2907 1465 οὐκ
2950 1407 3187 1479 ἠδύνατο
3236 1406 3483 1484 ἀόρατος
3531 1404 3612 1462 ὣν
3663 1407 3856 1484 ὁραθῆ-

2168 1521 2277 1571 ναι,
2313 1500 2389 1573 μὴ
2423 1493 2607 1555 λαϐὼν
2659 1496 2722 1553 τὰ
2772 1496 2986 1573 ὁρατόν·
3020 1497 3200 1560 οὕτως
3248 1493 3383 1552 οὐδὲ
3418 1493 3677 1566 ἠδύνατο
3728 1496 3856 1560 ἀθά-

2169 1609 2329 1652 νατος
2360 1585 2434 1644 ὢν
2467 1587 2774 1661 ἀποθανεῖν,
2811 1588 2889 1661 μή
2922 1581 3106 1646 λαϐὼν
3132 1586 3195 1642 τὸ
3225 1585 3459 1658 θνητόν.

2245 1770 2299 1823 4.
2333 1765 2568 1826 ’Δπολλ.
2614 1771 2724 1827 Πᾶς
2770 1766 3056 1841 ἄνθρωπος
3108 1762 3326 1839 χοϊκός.
3386 1763 3641 1839 Χριστὸς
3695 1759 3756 1817 δὲ
3805 1762 3864 1817 οὗ

410 1876 533 1931 non,
559 1861 650 1914 est
673 1862 963 1925 terrenus,
987 1855 1089 1911 sed
1111 1854 1385 1912 caelestis.
1407 1855 1531 1912 Non
1558 1859 1648 1910 est
1679 1854 1858 1926 igitur
1885 1854 2061 1909 homo

2183 1857 2393 1932 χοῖκὸς,
2423 1853 2548 1911 ἀλλ’
2593 1853 2943 1931 ἐπουράνιος’
2995 1853 3094 1909 οὐκ
3140 1850 3243 1929 ἄρα
3289 1853 3600 1951 ἄνθρωπος
3653 1852 3683 1906 6
3734 1852 3863 1926 Χρι-

409 1945 679 2004 Christus
709 1962 725 2003 :
759 1944 872 2001 nisi
903 1945 1078 2000 homo
1113 1944 1191 1999 sit
1223 1943 1332 1999 hoc
1380 1943 1574 2016 ipsum
1617 1943 1872 2001 nominis
1903 1959 2060 1998 com-

413 2035 695 2093 munione
722 2036 972 2090 tantum.
1006 2033 1164 2092 Orth.
1195 2030 1418 2087 Erratis
1467 2049 1481 2087 :
1533 2047 1640 2088 nec
1680 2031 1837 2087 enim
1868 2030 2062 2087 omnis

416 2124 596 2182 homo
624 2127 715 2179 est
743 2125 1034 2186 terrenus,
1066 2136 1200 2177 cum
1231 2120 1436 2177 doceat
1465 2136 1572 2175 nos
1600 2120 1924 2190 Scriptura,
1961 2120 2060 2175 ho-

415 2213 608 2272 mines
639 2210 815 2267 etiam
844 2208 1094 2281 aliquos,
1126 2208 1237 2265 etsi
1267 2225 1380 2265 non
1414 2212 1643 2275 natura,
1669 2211 1729 2263 at
1757 2215 1912 2264 certe
1945 2223 2063 2263 mo-

412 2301 582 2359 ribus
629 2298 862 2356 omleste
927 2312 1078 2367 esse,
1138 2296 1461 2369 inquiens:
1505 2319 1534 2347 «
1586 2295 1785 2364 Qualis
1825 2294 1919 2350 ille
1951 2311 2063 2351 cce-

412 2388 602 2460 lestis,
629 2386 778 2444 tales
825 2389 884 2442 et
924 2385 1191 2442 omlestes
1221 2386 1285 2441 ⁸ο.
1336 2408 1366 2437 ιο
1421 2388 1539 2441 Nos
1585 2401 1720 2441 vero
1763 2384 2060 2441 Christum

410 2477 656 2535 univoce
687 2475 986 2532 hominem
1019 2473 1276 2530 dicimus
1307 2473 1579 2530 humanae
1612 2477 1835 2529 natura;
1864 2490 2059 2546 respe-

411 2572 529 2625 ctu.
564 2568 709 2622 Item
752 2564 1252 2637 quemadmodum
1301 2580 1437 2620 eum
1487 2562 1712 2619 homini
1744 2563 2063 2618 tribuimus

413 2653 691 2713 animalis
722 2669 956 2719 nomen,
1005 2652 1210 2709 eadem
1256 2651 1479 2708 utimur
1517 2668 1674 2718 voce,
1707 2657 1882 2724 atque
1913 2652 1962 2707 si
1995 2650 2065 2708 de

414 2760 567 2817 equo
625 2741 713 2799 vel
761 2742 1038 2814 quopiam
1089 2740 1201 2797 alio
1251 2740 1493 2797 animali
1526 2757 1720 2798 sermo
1751 2746 1927 2809 esset,
1962 2757 2065 2796 nec

413 2838 607 2890 tamen
648 2829 915 2904 protinus
964 2829 1214 2902 quodvis
1264 2829 1482 2886 animal
1529 2834 1621 2887 est
1670 2829 1847 2885 etiam
1893 2828 2066 2885 ratio-

415 2920 548 2979 nale
580 2937 594 2977 :
628 2919 713 2977 ita
741 2919 918 2976 etiam
948 2919 1245 2975 Christum
1290 2919 1534 2975 univoce
1572 2918 1939 2991 appellamus
1971 2919 2069 2974 ho—

420 2997 662 3080 minem,
692 3025 805 3065 non
837 3012 1034 3064 tamen
1067 3007 1337 3080 protinus
1366 3008 1559 3078 quivis
1589 3007 1764 3063 homo
1795 3012 1884 3063 est
1911 3007 2070 3065 Chri-

419 3103 568 3156 stus.
593 3100 737 3155 ltem
770 3097 924 3154 sicut
953 3096 1235 3153 rationale
1260 3114 1394 3152 cum
1416 3096 1659 3153 animali
1688 3097 1818 3167 conj
1831 3100 2069 3153 unctum

415 3187 593 3244 homo
621 3185 871 3254 exsistit,
920 3202 1024 3241 nec
1079 3185 1325 3256 tollitur,
1356 3187 1512 3258 quod
1572 3187 1651 3242 sit
1691 3186 1910 3243 animal
1944 3204 1957 3242 :
1991 3186 2071 3241 ita

2172 1946 2316 2008 στός·
2370 1945 2414 2000 εἰ
2479 1945 2557 2017 μή
2633 1945 2944 2017 ὁμωνύμως
2998 1943 3062 1998 τὸ
3116 1942 3251 1998 αὑτὸ
3307 1945 3488 1997 τοῦτο
3540 1937 3858 2017 ἅνθρωπος.

2172 2035 2321 2109 Ὀρθ.
2357 2033 2661 2097 Πλανᾶσθε·
2696 2033 2758 2088 οὐ
2807 2032 2911 2108 γὰρ
2963 2038 3067 2094 πᾶς
3116 2029 3408 2106 ἄνθρωπος
3441 2030 3675 2107 χοϊκός.
3712 2027 3854 2086 Ἐδί-

2172 2122 2294 2194 δαξε
2321 2123 2425 2199 γὰρ
2472 2124 2622 2195 ἡμᾶς
2650 2124 2686 2192 ἡ
2717 2122 2903 2199 Γραφή
2953 2120 3044 2176 καὶ
3093 2120 3455 2195 ἐπουρανίους
3496 2119 3857 2197 ἀνθρώπους,

2172 2213 2218 2268 εἰ
2250 2213 2339 2267 καὶ
2375 2213 2448 2286 μή
2480 2215 2549 2287 τῇ
2581 2210 2757 2288 φύσει,
2806 2208 2953 2266 ἀλλὰ
2996 2214 3074 2282 τῷ
3101 2208 3312 2283 τρόπῳ,
3349 2207 3629 2284 λέγουσαο
3670 2232 3693 2260 ι
3729 2209 3858 2269 Oisc

2158 2302 2202 2357 ‘6
2231 2301 2572 2373 ἐπουράνιος,
2602 2304 2848 2355 τοιοῦτοι
2896 2300 2986 2354 καὶ
3033 2300 3086 2353 οἱ
3135 2297 3486 2375 ἐπουράνιοι,
3518 2320 3551 2350 »
3608 2295 3864 2351 Συνωνύ-

2177 2409 2293 2462 μως
2340 2385 2399 2444 δὲ
2443 2390 2608 2460 ἡμεῖς
2650 2387 2742 2443 τὸν
2793 2386 3020 2463 Χριστὸν
3068 2383 3361 2462 ἄνθρωπον
3418 2385 3673 2462 λὲγομεν
3729 2383 3864 2439 κατά

2168 2479 2269 2548 τὴν
2332 2476 2745 2553 ἂι-ιθρωπότητα.
2808 2475 2906 2530 Καὶ
2965 2474 3145 2550 ὥσπερ
3208 2479 3347 2544 ζῶον
3407 2476 3509 2531 τὸν
3566 2472 3860 2548 ἄνθρωπον

2174 2566 2447 2644 λέγοντες,
2480 2563 2809 2638 συνωνύμως
2856 2568 2936 2636 τῷ
2972 2563 3130 2637 ’ίππῳ
3160 2565 3194 2633 ἣ
3224 2564 3314 2619 καὶ
3369 2562 3553 2637 ἑτέρῳ
3594 2562 3706 2619 τινὶ
3758 2565 3864 2616 τῶν

2176 2656 2330 2725 ζώων
2363 2654 2615 2729 λὲγομεν,
2663 2654 2725 2708 οὐ
2774 2652 2989 2716 πάντως
3040 2651 3098 2708 δὲ
3144 2653 3232 2708 sai
3265 2652 3501 2729 λογικὸν
3536 2658 3648 2708 πᾶν
3700 2656 3856 2722 ζῶον·

2174 2743 2348 2806 οὕτως
2378 2742 2468 2799 καὶ
2516 2741 2603 2798 ἐὰν
2652 2739 2891 2816 εἶ’πωμεν
2941 2742 3274 2814 συνωνύμως
3321 2742 3421 2796 τὸν
3469 2740 3717 2817 Χριστὸν
3768 2735 3858 2793 ἄν·

2176 2835 2394 2908 θρωπον
2429 2875 2443 2900 ,
2505 2830 2568 2887 οὖ
2621 2832 2836 2893 πάντως
2890 2836 2995 2893 πᾶς
3053 2830 3338 2907 ἅνθρωπος
3397 2829 3647 2906 Χριστός
3683 2872 3697 2887 .
3756 2825 3856 2885 Καὶ

2179 2920 2359 2996 ὥσπερ
2416 2920 2477 2975 τὸ
2535 2919 2956 2993 συνταττόμενον
3017 2921 3133 2992 (86)
3182 2916 3410 2992 λογικὸν
3472 2923 3558 2991 τῷ
3614 2918 3744 2988 ζώῳ
3771 2914 3855 2969 ἄν·

2177 3009 2394 3085 θρωπός
2429 3008 2591 3079 ἐστιν,
2644 3009 2742 3064 οὐκ
2787 3010 3083 3083 ἀναιρεῖται
3136 3011 3274 3076 ζῶον
3308 3009 3473 3062 εἶναι·
3522 3006 3705 3068 οὕτως
3736 3024 3854 3059 συν-

2178 3099 2502 3172 ταττόμενος
2546 3100 2698 3169 Θεὸς,
2739 3097 2828 3152 καὶ
2878 3095 3382 3170 συμπιπευὸμενος
3436 3095 3658 3181 λοχικῷ
3710 3094 3851 3165 ζώῳ,

2185 3189 2412 3261 Χριστὸς
2463 3188 2823 3261 ὁμολογεῖται
2870 3186 2960 3241 καὶ
3009 3185 3354 3240 πιστεύεται·
3411 3185 3505 3240 καὶ
3559 3185 3664 3240 οὐκ
3710 3184 3851 3238 ἀναι-

412 3281 567 3333 Deus
614 3276 964 3346 eonjunctus
1008 3279 1065 3330 et
1114 3292 1232 3331 una
1261 3275 1522 3331 creditus
1553 3292 1685 3331 cum
1707 3275 1947 3332 animali
1982 3293 2068 3332 ra-

2185 3282 2355 3355 ρεῖται
2402 3276 2683 3350 ἄνθρωπος
2738 3275 2893 3343 εἶναι,
2942 3273 3068 3330 ἀλΛ’
3118 3271 3260 3328 ἔστιν
3308 3275 3335 3329 6
3388 3272 3562 3336 αὑτὸς
3608 3273 3740 3333 Θεὸς
3769 3268 3856 3324 καὶ

410 3363 612 3423 tionali
642 3363 983 3438 agnoscitur
1012 3368 1069 3419 et
1096 3363 1356 3421 creditur
1397 3380 1527 3421 esse
1559 3364 1845 3433 Christus,
1880 3382 2071 3438 neque

409 3453 657 3520 tollitur,
690 3452 845 3526 quod
871 3451 949 3510 sit
979 3452 1175 3523 homo,
1210 3453 1311 3509 sed
1347 3453 1498 3509 idem
1531 3458 1619 3510 est
1649 3455 1801 3510 Deus
1830 3461 1884 3511 et
1916 3455 2113 3512 homo.

482 3542 538 3597 5.
572 3541 748 3615 Apoll.
791 3542 900 3606 Qui
948 3541 1050 3596 dat
1079 3545 1425 3613 potestatem
1458 3546 1523 3598 ut
1563 3542 1695 3615 quis
1746 3544 1847 3598 ﬁat
1891 3545 2071 3601 Filius

416 3629 518 3687 Dei
551 3645 920 3701 nequaquam
954 3633 1011 3685 et
1040 3629 1167 3701 ipse
1197 3630 1389 3686 factus
1420 3636 1510 3687 est
1538 3634 1579 3684 Γ
1582 3629 1741 3687 ilius.
1776 3634 1843 3687 At
1870 3633 2074 3690 Chris-

414 3721 514 3775 tus
543 3718 666 3775 dat.
691 3717 818 3774 Non
849 3722 939 3774 est
967 3716 1150 3791 igitur
1179 3718 1371 3775 factus
1388 3718 1591 3787 Filius,
1616 3720 1717 3777 sed
1750 3725 1963 3778 natura
1989 3722 2074 3779 Fi-

416 3806 538 3862 lius
568 3808 675 3861 est.
711 3803 864 3861 Orth.
899 3805 1024 3862 Non
1057 3809 1147 3861 est
1171 3822 1314 3861 sane
1344 3804 1557 3876 tactus,
1587 3807 1686 3863 sed
1712 3811 1923 3864 natura
1952 3813 2078 3864 erat

417 3893 603 3952 Filius
630 3892 754 3950 Dei.
790 3893 1001 3949 Factus
1041 3896 1132 3950 est
1172 3897 1369 3949 autem
1414 3894 1596 3950 Filius
1651 3894 1909 3953 hominis
1962 3897 2079 3954 Neo

418 3983 579 4041 enim
609 3981 665 4039 id
698 3987 843 4051 erat,
881 3987 940 4039 et
969 3983 1160 4040 factus
1191 3987 1279 4039 est
1307 3984 1458 4055 quod
1517 4001 1632 4040 non
1687 3989 1832 4054 erat,
1864 3992 1930 4042 ut
1976 4004 2081 4061 per

418 4089 556 4131 eum
584 4071 643 4128 id
677 4071 1045 4130 efﬁceremur
1069 4072 1354 4143 moribus,
1376 4074 1529 4146 quod
1553 4074 1679 4147 ipse
1708 4080 1797 4132 est
1826 4081 2073 4133 natura:

421 4166 629 4234 estque
660 4160 817 4218 idem
852 4162 1002 4218 Deus
1031 4166 1087 4217 et
1119 4169 1315 4218 homo.

489 4252 545 4307 6.
585 4250 771 4322 Αροιι.
830 4248 1038 4307 Nullus
1096 4250 1270 4308 homo
1326 4253 1556 4311 exsistit
1612 4259 1745 4310 ante
1797 4271 1918 4325 eos,
1976 4254 2080 4328 qui

421 4344 590 4398 aetate
634 4341 828 4413 ipsum
879 4340 1218 4413 praecedunt
1252 4359 1264 4399 :
1296 4341 1564 4399 Christus
1612 4348 1809 4402 autem
1860 4344 2082 4402 exstitit

423 4434 559 4488 ante
588 4444 709 4501 eos,
728 4429 828 4502 qui
861 4430 1223 4487 seeounduin
1255 4447 1488 4489 carnem
1512 4431 1709 4506 ipsum
1740 4437 1909 4490 aetate
1938 4451 2081 4507 pra-

422 4522 748 4578 cesserunt.
789 4519 915 4575 Non
965 4524 1056 4575 est
1101 4519 1284 4594 igitur
1338 4521 1535 4591 homo,
1589 4523 1701 4579 nisi
1750 4525 2077 4579 secundum

2180 3366 2480 3443 ἅνθρωπος.

2250 3547 2304 3603 5.
2360 3541 2598 3602 Ἀπολλ.
2649 3545 2710 3602 Ὁ
2759 3540 2943 3604 διδοὺς
3003 3541 3241 3613 ἐξουσίαν
3301 3542 3465 3596 τέκνα
3503 3544 3662 3597 οΘεοῦ
3711 3534 3854 3614 γενέ·

2184 3645 2326 3703 σθαι,
2357 3633 2491 3708 οὗχὶ
2522 3632 2611 3688 καὶ
2637 3632 2796 3694 αὐτὸς
2838 3631 3045 3707 γέγονε.
3078 3630 3309 3705 Χριστὸς
3360 3626 3420 3684 δὲ
3473 3627 3725 3685 δίδωσιν·
3758 3624 3854 3679 οὐκ

2190 3718 2294 3797 ἄρα
2342 3719 2553 3797 γέγονεν
2614 3720 2762 3790 Υἱὸς,
2804 3717 2929 3775 ἀλλ’
2989 3718 3100 3775 ἔστι
3156 3722 3226 3793 τῇ
3283 3716 3463 3795 φύσει.
3526 3719 3677 3792 Ὀρθ.
3738 3712 3852 3772 Υἱὸς

2191 3812 2325 3864 Θεοῦ
2356 3808 2417 3863 οὐ
2447 3809 2685 3886 γέγονεν,
2716 3806 2844 3864 ἀλλ’
2890 3808 2957 3878 ἦν
3014 3811 3085 3881 τῇ
3134 3806 3310 3885 φύσει.
3360 3807 3489 3870 Υἱὸς
3543 3803 3603 3862 δὲ
3644 3800 3847 3879 ἀνθρώ-

2187 3919 2292 3953 που
2332 3899 2569 3975 γέγονεν.
2628 3899 2705 3956 Οὐ
2761 3897 2865 3975 γὰρ
2922 3898 3018 3967 ἦν,
3073 3897 3164 3952 καὶ
3223 3894 3458 3973 ἐγένετο,
3519 3896 3549 3951 ’ὀ
3608 3892 3709 3949 οὐκ
3762 3893 3846 3957 ἦν,

2180 3984 2274 4043 ἵνα
2320 3989 2471 4060 ἡμᾶς
2520 3991 2601 4059 τῷ
2654 3986 2844 4061 τρόπῳ
2899 3986 3109 4059 ποιήσῃ
3161 3984 3435 4060 γενέσθαι,
3482 3984 3514 4039 ’ὀ
3561 3980 3723 4041 αὐτὸς
3782 3977 3845 4043 ἦν

2187 4076 2278 4131 καὶ
2309 4071 2421 4131 ἔστι
2451 4079 2520 4149 τῇ
2583 4076 2756 4154 φύσει·
2809 4074 2899 4130 καὶ
2959 4071 3100 4129 ἔστιν
3135 4074 3163 4128 6
3212 4071 3374 4134 αὐτὸς
3435 4071 3570 4134 θεὸς
3617 4068 3708 4125 καὶ
3764 4065 3848 4119 ἄν·

2190 4176 2431 4238 θρωπος.
2503 4213 2509 4221 .

2257 4260 2312 4311 6.
2372 4252 2586 4311 Ἀπολλ
2622 4297 2635 4311 .
2695 4249 2886 4315 Οὐδεὶς
2944 4251 3244 4323 ἀνθρώπων
3317 4250 3670 4326 προϋπάρχει
3743 4245 3844 4298 τῶν

2188 4338 2566 4419 πρεσϐυτέριον
2630 4340 2796 4397 αὐτοῦ
2832 4359 2843 4371 ·
2898 4339 3128 4417 Χριστὸς
3208 4337 3266 4394 δὲ
3340 4336 3690 4415 προϋπάρχει
3744 4334 3842 4386 τῶν

2187 4417 2325 4488 κάτά
2373 4417 2545 4506 σάρκα
2591 4424 2971 4506 πρεσϐυτέρων
3009 4447 3021 4461 ·
3057 4427 3157 4483 οὐκ
3204 4425 3308 4504 ἄρα
3354 4424 3664 4504 ἅνθρωπος,
3694 4419 3738 4477 εἷ
3772 4417 3844 4490 μὴ

2187 4522 2323 4577 κατὰ
2379 4519 2567 4596 σάρκα.
2620 4520 2772 4594 Ὀρθ.
2833 4518 3063 4594 Χριστὸς
3116 4518 3253 4573 κατὰ
3304 4518 3405 4586 τήν
3458 4509 3844 4596 ἅνθρωπότητα

423 4624 681 4665 carnem.
714 4613 862 4664 arm.
889 4590 1181 4677 Christus,
1206 4609 1256 4664 si
1287 4590 1606 4667 humanam
1640 4616 1911 4667 naturam
1946 4628 2068 4684 spe-

2186 4610 2249 4666 οὐ
2298 4610 2644 4684 προϋπάρχει
2688 4612 2797 4662 τῶν
2842 4608 2979 4663 κατᾶ
3021 4608 3120 4676 τὴν
3168 4604 3566 4682 ἁνθρωπὸττ,τα
3614 4590 3841 4676 πρεσϐυ-

421 4699 568 4765 etes,
593 4713 708 4753 non
732 4695 963 4754 exsistit
981 4702 1115 4753 ante
1137 4714 1255 4767 eos,
1283 4699 1380 4770 qui
1404 4700 1729 4756 secundum
1754 4680 2068 4754 humanam

2186 4697 2357 4771 τὲρων
2410 4696 2606 4752 αὐτοῦ·
2670 4694 3016 4773 προϋπάρχει
3078 4692 3137 4750 δὲ
3189 4694 3325 4749 κατὰ
3380 4694 3478 4763 τήν
3533 4690 3753 4759 θεότητα
3781 4680 3837 4736 οὗ

423 4790 701 4843 naturam
733 4786 972 4843 fuerunt
1001 4786 1125 4857 ipso
1157 4787 1417 4845 seniores
1449 4806 1462 4845 :
1497 4788 1599 4845 sed
1631 4789 1785 4861 quod
1829 4789 1898 4843 ad
1953 4788 2073 4844 doi-

421 4879 604 4932 tatem
634 4875 863 4943 attinet,
916 4875 1137 4932 exstitit
1166 4893 1279 4931 non
1316 4879 1488 4934 modo
1517 4881 1654 4933 ante
1682 4893 1803 4943 eos,
1851 4876 1948 4949 qui
1979 4895 2073 4934 se-

422 4963 684 5022 cundum
746 4980 980 5020 carnem
1042 4965 1281 5020 fuerunt
1334 4965 1462 5038 ipso
1519 4964 1800 5033 seniores,
1847 4982 2077 5022 verum-

423 5053 602 5112 etiam
648 5058 786 5111 ante
830 5053 1030 5109 omnia
1061 5054 1287 5122 sacula,
1324 5058 1387 5111 ut
1410 5055 1507 5128 qui
1542 5053 1621 5111 sit
1648 5071 1851 5111 eorum
1901 5056 2076 5112 Deus.

424 5143 574 5218 Ergo
604 5161 719 5201 non
753 5143 865 5199 luit
892 5142 1161 5200 Christus
1192 5148 1327 5199 ante
1357 5143 1623 5213 Mariam,
1655 5145 1810 5217 quod
1842 5145 1913 5201 ad
1954 5162 2078 5202 car-

420 5249 557 5291 nem
587 5233 816 5291 attinet.
847 5232 1149 5299 Quomodo
1179 5232 1339 5288 onim
1369 5237 1503 5290 ante
1538 5233 1729 5306 ipsam
1773 5235 2080 5303 exstiterit,

493 5465 541 5502 ⁹⁸
571 5464 746 5523 Hebr.
779 5481 843 5536 ιι,
876 5464 964 5521 14.
1039 5464 1086 5500 δ’
1116 5467 1143 5518 Ι
1173 5462 1303 5521 Cor.
1332 5481 1427 5536 xv,
1459 5464 1548 5521 48.

500 5698 613 5769 (86)
644 5699 850 5767 Palat,
882 5696 944 5752 τὸ
974 5695 1155 5774 ὥσπερ
1186 5698 1632 5772 συνταττόμενον.

2185 4792 2295 4843 τῶν
2330 4787 2468 4843 κατά
2522 4771 3120 4862 σάρκαγπρεσϐυτέρων
3336 4783 3525 4856 μόνον,
3569 4775 3710 4836 ἀλλά
3757 4771 3837 4827 καὶ

2186 4877 2406 4933 πάντων
2459 4879 2570 4931 τῶν
2628 4874 2864 4947 αἰώνων,
2898 4875 3028 4936 Θεὸς
3078 4870 3151 4928 ὢν
3201 4871 3397 4929 αὐτῶν.
3425 4871 3536 4927 Οὐκ
3582 4865 3678 4943 ἄρα
3713 4863 3832 4947 Χρι-

2190 4968 2314 5029 στὸς
2375 4965 2512 5020 κατὰ
2570 4964 2740 5041 σάρκα
2794 4944 2900 5037 πρὸ
2946 4969 3046 5032 τῆς
3095 4962 3331 5037 Μαρίας.
3374 4966 3500 5024 Πῶς
3546 4957 3643 5034 γὰρ
3687 4947 3743 5041 τρ
3788 4944 3833 5041 ἐξ

2190 5055 2360 5124 αὐτῆς
2394 5054 2474 5125 ὃν,
2508 5053 2613 5127 πρὸ
2658 5052 2823 5123 αὐτῆς
2878 5051 3109 5127 ὑπάρχει
3137 5071 3150 5120 ;
3182 5050 3532 5127 προϋπάρχει
3580 5044 3632 5100 δὲ
3673 5038 3823 5127 αὐτῆς

2193 5146 2411 5213 θεῒκῶς,
2444 5144 2572 5205 Θεὸς
2624 5139 2698 5197 ὢν
2751 5142 2940 5211 αὐτῆς·
2973 5140 3063 5195 καὶ
3116 5138 3257 5196 ἔστιν
3308 5140 3338 5194 6
3388 5138 3568 5207 αὐτὸς,
3597 5132 3666 5189 ὡς
3709 5130 3824 5178 θεος

2194 5234 2592 5308 προϋπάρχων,
2626 5230 2714 5287 καὶ
2748 5230 2822 5294 ὡς
2848 5227 3132 5306 ἅνθρωπος
3159 5228 3212 5300 ἐξ
3242 5228 3434 5299 αὐτῆς.

2266 5703 2378 5777 (87)
2412 5694 2796 5778 Πρεσϐυτέρων
2829 5700 2996 5759 abest
3024 5717 3059 5759 a
3089 5717 3234 5758 mss.
