4116 6374
311 390 467 450 1269

1279 384 1378 444 DE
1423 383 1724 443 SANCTA
1767 382 2196 443 TBINITATE
2242 385 2627 448 DlALUGUS
2677 387 2746 448 ν.

3574 390 3726 447 12Ἰο

307 524 465 596 quod
497 540 566 578 ex
597 522 723 595 ipsa
754 521 886 577 est?
920 521 1030 576 Sed
1063 524 1356 592 quatenus
1388 521 1538 574 Deus
1568 521 1677 582 est,
1709 515 1934 570 exstitit
1968 525 2097 572 ante
2127 517 2337 589 ipsam,
2374 537 2506 575 cum
2540 521 2620 576 sit
2649 521 2837 593 ipsius
2883 526 3034 578 Deus
3069 540 3080 577 :
3114 525 3320 594 estque
3379 522 3531 577 idem
3591 527 3724 577 ante

305 613 497 684 ipsam
532 617 596 668 ut
627 612 801 676 Deus,
833 616 890 666 et
917 628 986 666 ex
1017 610 1164 680 ipsa,
1197 618 1260 664 ut
1286 609 1479 664 homo.

378 702 433 754 7.
497 696 735 754 Ἀπολλ.
815 695 1008 758 Οὐδεὶς
1068 696 1368 771 ἀνθρώπων
1421 693 1524 765 πρὸ
1584 699 1690 748 τῶν
1751 693 2041 761 αἰώνωνΑ

304 785 426 863 ἔχει
482 785 660 858 δόξαν.
728 787 959 862 Χριστὸς
1021 783 1077 839 δὲ
1137 783 1272 859 ἔχει·
1329 784 1427 837 οὐκ
1484 784 1583 856 ἀρα
1615 780 1895 857 ἄνθρωπος
1929 782 1955 835 6

303 877 562 953 Χριστός.
611 877 760 950 Ὀρθ.
811 872 1004 937 Οὐδεὶς
1054 875 1156 949 γὰρ
1206 873 1503 948 ἀνθρώπιον
1551 872 1653 945 πρὸ
1683 876 1788 924 τῶν
1824 871 1954 924 αἰώ-

301 988 408 1021 νων
443 965 606 1022 ἐστίν.
643 965 872 1040 Χριστὸς
906 961 963 1018 δὲ
993 963 1127 1018 κατὰ
1155 966 1254 1031 τὴν
1287 961 1515 1031 θεότητα
1549 962 1650 1033 πρὸ
1681 965 1786 1014 τῶν
1822 960 1953 1013 αἰώ-

300 1077 433 1110 νων.
467 1053 588 1115 Υἱὸς
641 1052 714 1107 ὤν
775 1053 860 1108 καὶ
921 1053 1050 1114 Θεὸς
1099 1052 1186 1106 καὶ
1238 1050 1533 1120 Δεσπότης,
1569 1046 1790 1110 εἰκότως
1846 1049 1951 1124 πρὸ

296 1149 406 1199 τῶν
460 1144 669 1197 αἰώνων
722 1141 837 1217 ἔχει
888 1140 1062 1211 δόξαν·
1119 1142 1310 1216 Κύριος
1362 1138 1521 1210 δόξης
1556 1137 1625 1192 ὣν
1661 1141 1794 1193 κατὰ
1853 1139 1951 1200 φύ-

299 1255 401 1298 σιν,
439 1232 668 1303 Χρεστὸς
697 1229 755 1286 δὲ
785 1231 1030 1300 κληθεὶς,
1073 1228 1161 1284 διὰ
1207 1231 1266 1284 τὸ
1314 1230 1528 1306 μορφὴν
1590 1226 1790 1282 δούλου
1852 1228 1948 1283 λα-

301 1319 440 1378 ϐεῖν.
474 1323 536 1378 Ὁ
566 1326 658 1374 νῦν
689 1321 778 1374 οὖν
812 1319 1037 1390 κληθεὶς
1069 1320 1321 1394 Χριστὸς,
1352 1325 1438 1373 καὶ
1474 1318 1650 1388 λίθος,
1682 1317 1768 1371 καὶ
1827 1339 1948 1370 ποι-

306 1413 438 1485 μὴν,
469 1411 558 1466 καὶ
588 1410 807 1478 κόκκος,
839 1409 927 1463 καὶ
959 1407 1120 1472 ἄνθος
1154 1405 1378 1484 ῥαϐδου,
1425 1409 1512 1461 καὶ
1566 1404 1943 1480 Ἐμμανουήλ,

303 1499 393 1554 καὶ
440 1500 672 1568 Ἰησοῦς,
722 1498 808 1551 καὶ
862 1495 1166 1572 ἄνθρωπος,
1199 1496 1285 1550 καὶ
1319 1501 1442 1556 παῖς
1472 1491 1825 1563 δωδεκαετὴς,
1858 1493 1946 1546 καὶ

303 1587 716 1663 τριακονταετής
751 1589 863 1659 (88)
887 1587 1123 1660 γεγονὼς
1158 1583 1246 1640 διὰ
1287 1586 1383 1652 τὴν
1444 1585 1579 1656 πρὸς
1633 1583 1946 1653 ἀνθρώπους

299 1676 638 1748 οἰκονομίαν,
687 1676 777 1730 καὶ
827 1675 932 1747 πρὸ
978 1679 1085 1728 τῶν
1129 1674 1339 1728 αἰώνων
1389 1674 1539 1744 Θεὸς,
1573 1673 1659 1726 καὶ
1691 1676 1779 1724 νῦν
1815 1671 1947 1744 μετᾶ

295 1765 358 1820 τὸ
386 1769 556 1820 ταῦτα
609 1763 854 1838 γενέσθαι
921 1762 1112 1836 μένων,
1173 1763 1201 1817 ὅ
1250 1766 1337 1831 ἦν,
1372 1762 1484 1836 ἔχει
1518 1759 1671 1830 δόξαν
1706 1761 1809 1835 πρὸ
1839 1761 1945 1816 τῶν

292 1854 532 1922 αἰώνων,
563 1854 691 1916 Θεὸς
724 1848 796 1907 ὤν
831 1853 890 1908 ἐκ
919 1857 1074 1909 Θεοῦ.

364 2034 418 2088 8.
456 2029 688 2089 Ἀπολλ.
723 2031 787 2086 Εἴ
817 2033 930 2103 (89)
963 2031 990 2085 6
1021 2030 1148 2093 Θεὸς
1192 2029 1242 2084 ἐν
1291 2031 1494 2099 Ἰησοῦ,
1545 2028 1606 2082 οὐ
1639 2025 1726 2124 ,δι’
1779 2027 1942 2124 οςότοῦ
1981 2062 2022 2124 Β

295 2122 362 2176 τὰ
412 2123 606 2192 πάντα,
664 2120 808 2176 ἀλλὰ
867 2118 956 2174 διὰ
997 2119 1086 2174 τὸν
1141 2119 1191 2174 ἐν
1243 2118 1406 2189 αὐτῷ.
1470 2119 1546 2171 Δι’
1595 2115 1758 2170 αὐτοῦ
1795 2113 1851 2170 δὲ
1880 2116 1944 2170 τὲ

295 2216 491 2265 πανταο
552 2210 652 2264 οὑκ
704 2209 807 2283 ἄρα
861 2211 990 2272 Θεὸς
1046 2208 1097 2262 ἐν
1151 2211 1349 2279 Ἰησοῦ,
1409 2205 1534 2262 ἀλλ’
1591 2205 1750 2266 αὐτὸς
1814 2204 1942 2265 Θεός

295 2299 461 2357 ἐστιν.
515 2301 660 2370 Ὀρθ.
723 2301 783 2356 Ὁ
841 2301 969 2361 Θεὸς
1031 2299 1222 2373 Λόγος,
1276 2297 1632 2358 ἐνυπόστατος
1686 2295 1756 2348 ὢν
1792 2295 1941 2365 Θεὸς,

299 2389 588 2464 μετασχὼν
643 2388 1084 2461 ἀνθρωπότητος,
1146 2390 1354 2456 Ἰησοῦς
1416 2385 1644 2455 ἐκλήθη.
1709 2386 1801 2451 Μὴ
1851 2385 1940 2437 οὖν

297 2475 446 2552 λίγε,
508 2478 636 2538 Θεὸς
693 2479 758 2545 ἦν
800 2475 849 2530 ἐν
912 2478 1112 2547 Ἰησοῦ,
1165 2473 1290 2530 ἀλλ’
1320 2475 1478 2536 αὐτὸς
1512 2474 1538 2529 6
1570 2474 1700 2534 Θεὸς
1732 2470 1941 2542 Ἰησοῦς

295 2564 523 2636 ἐκλήθη.
559 2566 653 2620 Διὸ
680 2565 771 2620 καὶ
797 2565 957 2626 αὐτός
989 2564 1127 2619 ἐστιν
1165 2567 1396 2635 Ἰησοῦς,
1431 2563 1497 2618 δι’
1529 2562 1589 2617 οῦ
1635 2563 1696 2616 τὰ
1749 2565 1940 2616 πάντα.

294 2655 354 2711 Ὁ
384 2656 487 2730 γὰρ
544 2660 634 2708 νῦν
679 2654 906 2725 κληθεὶς
967 2656 1173 2724 Ἰησοῦς
1237 2650 1324 2706 διὰ
1381 2654 1479 2720 τὴν
1525 2650 1941 2726 ἀνθρωπὸτητα.

295 2745 422 2806 Θεὸς
483 2741 540 2798 δὲ
595 2747 708 2815 (90)
766 2742 938 2819 Λόγος
1009 2740 1080 2796 ὢν
1138 2743 1227 2797 καὶ
1270 2742 1376 2813 πρὸ
1423 2748 1522 2810 τῆς
1550 2745 1646 2794 τοῦ
1678 2739 1944 2811 ὅνόματος

294 2830 572 2902 κλήσεως,
619 2832 707 2886 καὶ
745 2833 879 2904 μετά
931 2833 1029 2900 τὴν
1083 2837 1180 2885 τοῦ
1233 2831 1499 2902 ὀνόματος
1531 2829 1749 2899 κλῆσιν,
1782 2829 1941 2890 αὑτός

295 2919 436 2975 ἐστιν
487 2919 720 2991 Ἰησοῦς,
753 2919 821 2975 δι’
853 2921 914 2974 οὗ
945 2921 1010 2974 τὰ
1042 2922 1228 2987 πάντα,
1276 2921 1402 2981 Θεὸς
1435 2916 1507 2972 ὤν
1540 2921 1674 2973 κατὰ
1709 2923 1940 2989 Πνεῦμα,

296 3011 582 3086 ἅνθρωπος
640 3009 696 3066 ’δὲ
741 3008 829 3066 διὰ
857 3012 955 3079 τὴν
988 3016 1085 3065 τοῦ
1117 3007 1318 3065 δούλου
1354 3012 1588 3087 μορφήν·
1625 3007 1708 3063 διὸ
1738 3008 1825 3062 καὶ
1855 3009 1944 3062 αὐ-

296 3099 388 3162 τός
423 3099 564 3156 ἐστιν
600 3101 830 3171 Ἰησοῦς,
865 3097 933 3154 δι’
964 3100 1026 3154 οὗ
1054 3101 1118 3154 τὰ
1148 3099 1336 3156 πάντα.

365 3281 420 3334 9.
480 3277 713 3335 Ἀπολλ.
773 3280 834 3336 Ὀ
889 3277 940 3350 ἐξ
999 3279 1265 3354 ἁμαρτίας
1325 3280 1514 3348 σώζων
1569 3279 1699 3351 ὑπὶρ
1772 3280 1942 3352 ἁμαρ-

306 3366 421 3421 τίαν
453 3366 611 3436 ἔστίν,
659 3367 758 3422 Καὶ
789 3368 948 3436 σώζει
998 3367 1249 3440 Χριστός.
1300 3365 1491 3429 Οὐδεὶς
1541 3365 1598 3420 δὲ
1646 3367 1943 3441 ἀνθρώπων

2141 698 2193 752 7.
2229 697 2407 768 Apoll.
2443 699 2649 753 Nullus
2679 699 2852 754 homo
2900 700 3073 755 habet
3124 700 3370 771 gloriam
3431 705 3564 755 ante
3617 716 3721 755 saa-

2067 784 2196 840 cula
2229 803 2241 839 :
2279 786 2454 840 habet
2510 793 2707 841 autem
2741 788 3028 842 Christus.
3060 789 3185 843 Non
3217 793 3307 844 est
3338 789 3515 860 igitur
3544 788 3719 845 homo

2067 874 2357 930 Christus.
2383 876 2760 933 0rlh.Nullus
2783 878 2939 931 enim
2971 877 3146 932 homo
3177 877 3288 931 fuit
3321 883 3453 933 ante
3483 876 3716 932 saecula.

2065 963 2330 1019 Christus
2366 983 2518 1030 vero,
2553 967 2706 1036 quod
2742 967 2811 1020 ad
2847 966 3123 1021 deitatem
3157 966 3386 1031 attinet,
3445 982 3579 1021 cum
3637 966 3716 1022 sit

2063 1059 2197 1108 ante
2260 1057 2457 1108 omnia
2516 1054 2729 1110 saecula
2788 1055 2994 1124 Filius,
3025 1061 3083 1109 et
3112 1055 3288 1124 Deus,
3320 1059 3377 1110 et
3409 1056 3712 1123 Dominus,

2067 1142 2268 1197 merito
2301 1145 2544 1214 gloriam
2582 1145 2785 1198 habuit
2817 1149 2950 1199 ante
2981 1143 3194 1199 saecula
3228 1161 3240 1198 :
3274 1143 3557 1199 Dominus
3589 1143 3715 1216 glo-

2064 1231 2162 1286 riae
2194 1232 2472 1286 nimirum
2509 1243 2733 1302 natura,
2766 1232 3032 1289 Christus
3071 1238 3266 1288 autem
3331 1238 3588 1299 vocatus,
3646 1249 3712 1288 eo

2061 1321 2213 1389 quod
2257 1322 2406 1375 servi
2441 1322 2686 1375 formam
2720 1322 3025 1390 acceperit.
3059 1323 3263 1392 Itaque
3293 1321 3393 1392 qui
3428 1339 3584 1378 nunc
3615 1340 3712 1377 vo-

2060 1416 2224 1462 catur
2256 1409 2524 1464 Christus
2555 1417 2611 1464 et
2641 1410 2876 1480 lapis,et
2898 1415 3178 1480 pastor,et
3204 1411 3710 1482 granum,et400

2060 1499 2164 1552 llos
2198 1499 2453 1568 virgae,et
2485 1499 2920 1564 Emmanuel,et
2949 1500 3144 1566 Jesus,
3165 1505 3223 1554 et
3253 1498 3449 1566 homo,
3477 1504 3534 1555 et
3563 1501 3709 1556 duo-

2057 1587 2243 1641 decim
2276 1605 2563 1642 annorum
2599 1595 2833 1659 puer,et
2865 1589 3103 1660 triginta
3132 1605 3420 1644 annorum
3447 1587 3548 1643 illa
3579 1605 3708 1660 quin

2058 1676 2324 1732 homines
2357 1677 2592 1748 respicit
2649 1679 2972 1732 ceconomia
3027 1679 3236 1742 factus,
3297 1684 3387 1733 est
3441 1682 3499 1732 et
3553 1683 3708 1734 Deus

2056 1774 2188 1820 ante
2247 1767 2458 1821 saecula
2491 1785 2503 1822 :
2537 1772 2592 1820 et
2625 1783 2779 1820 nunc
2812 1775 3122 1838 postquam
3154 1766 3256 1822 illa
3283 1768 3484 1822 omnia
3513 1768 3705 1824 factus

2054 1862 2162 1922 est,
2198 1871 2549 1925 permanens
2583 1857 2636 1910 id
2672 1856 2824 1927 quod
2858 1861 3001 1925 erat,
3035 1855 3214 1912 habet
3269 1855 3515 1928 gloriam
3568 1862 3703 1912 ante

2053 1943 2366 2010 saecula,ut
2392 1951 2675 2015 poteDeus
2707 1961 2776 2000 ex
2808 1949 2940 1999 Deo.

2123 2033 2175 2083 8.
2213 2034 2392 2102 Apoll.
2427 2034 2482 2087 Si
2520 2040 2669 2088 Deus
2729 2039 2817 2088 est
2873 2033 2930 2087 in
2988 2035 3148 2098 Jesu,
3215 2050 3331 2090 non
3395 2039 3533 2090 sunt
3599 2051 3704 2107 per

2056 2121 2245 2190 ipsum
2303 2121 2520 2187 omnia,
2581 2125 2681 2177 sed
2742 2139 2843 2194 per
2900 2139 3060 2187 eum,
3103 2123 3202 2194 qui
3236 2123 3296 2177 in
3329 2124 3454 2195 ipso
3485 2128 3592 2179 est.
3626 2128 3703 2179 At

2054 2211 2254 2265 omnia
2309 2216 2448 2264 sunt
2501 2229 2603 2282 per
2655 2211 2848 2282 ipsum
2911 2229 2923 2266 :
2986 2228 3100 2267 non
3133 2213 3430 2284 estigitur
3461 2218 3612 2268 Deus
3644 2214 3704 2268 in

2053 2299 2214 2365 Jesu,
2249 2300 2349 2354 sed
2379 2304 2467 2355 est
2500 2301 2618 2370 ipse
2647 2301 2819 2355 Deus.
2847 2302 3004 2358 0rlh.
3038 2301 3193 2356 Deus
3224 2301 3480 2357 Verbum
3512 2301 3707 2374 reipsa

2055 2388 2384 2442 subsistens
2420 2389 2890 2460 Deus,particeps
2920 2390 3188 2445 humanas
3209 2395 3430 2445 natura;
3463 2391 3704 2457 factum,

2053 2483 2292 2532 vocatus
2323 2481 2412 2532 est
2440 2477 2632 2532 Jesus.
2669 2478 2747 2531 Ne
2779 2478 2961 2549 igitur
2990 2478 3192 2545 dicito,
3252 2479 3408 2534 Deus
3467 2485 3592 2534 erat
3645 2481 3705 2535 in

2051 2566 2209 2624 ἄορι),
2247 2566 2344 2620 sed
2378 2566 2500 2637 ipse
2534 2573 2680 2620 Deus
2712 2571 2955 2622 vocatus
2987 2572 3076 2622 est
3102 2566 3552 2639 Jesus,ideoque
3581 2568 3707 2639 ipse

2054 2661 2143 2710 est
2171 2659 2344 2710 Jesus
2377 2672 2478 2726 per
2508 2671 2680 2726 quem
2714 2655 2931 2710 omnia.
2965 2656 3112 2711 Nam
3161 2656 3262 2729 qui
3319 2673 3478 2712 nunc
3535 2657 3707 2713 Jesus

2055 2751 2289 2815 propter
2321 2746 2640 2799 humanam
2675 2749 2944 2800 naturam
2969 2750 3320 2816 vocatur,est
3338 2751 3533 2802 autem
3551 2747 3706 2803 Deus

2059 2834 2308 2888 Verbum
2342 2840 2400 2888 et
2431 2839 2565 2888 ante
2595 2839 2652 2888 et
2683 2840 2813 2904 post
2859 2833 3016 2890 istud
3076 2839 3554 2906 cognomentum,
3614 2840 3706 2892 est

2055 2923 2178 2995 ἱρερ
2230 2925 2401 2978 Jesus
2465 2941 2564 2995 per
2613 2941 2785 2994 quem
2821 2925 3052 2991 omnia;
3086 2929 3149 2978 ut
3179 2924 3278 2995 qui
3310 2924 3386 2981 sit
3415 2929 3472 2980 et
3500 2942 3706 2982 secun-

2054 3014 2192 3067 dum
2235 3013 2511 3082 Spiritum
2574 3013 2749 3080 Deus,
2817 3017 2875 3068 et
2940 3017 3176 3084 propter
3239 3015 3389 3069 servi
3457 3015 3701 3069 formam

2054 3103 2229 3158 homo
2251 3120 2264 3169 ;
2289 3103 2668 3173 quamobrem
2703 3104 2876 3156 etiam
2909 3102 3035 3173 ipse
3063 3107 3155 3158 est
3182 3102 3376 3171 Jesus,
3397 3119 3498 3174 per
3528 3120 3704 3176 quem

2054 3191 2270 3246 omnia.

2124 3281 2177 3333 9.
2211 3280 2383 3350 Apoll.
2419 3279 2520 3342 Qui
2557 3283 2754 3333 servat
2785 3297 2814 3333 a
2849 3283 3104 3351 peccato,
3143 3279 3410 3351 superior
3441 3283 3532 3336 est
3573 3297 3711 3352 pec-

2059 3370 2410 3423 cato.Servat
2440 3375 2634 3422 autem
2671 3369 2958 3435 Christus,
3010 3374 3067 3425 et
3095 3368 3296 3425 nullus
3329 3369 3502 3425 homo
3535 3386 3710 3442 supe-

299 3455 433 3529 ὖπὲρ
476 3457 758 3533 ἁμαρτίαν
811 3456 910 3511 οὐκ
958 3455 1060 3530 ἄρα
1114 3457 1397 3532 ἄνθρωπος
1449 3457 1476 3510 6
1505 3455 1755 3530 Χριστός.
1792 3458 1941 3530 Ὀρο.

2064 3459 2177 3512 rior
2206 3465 2295 3512 est
2327 3464 2579 3528 peccatu.
2615 3457 2738 3511 Non
2795 3465 2886 3512 est
2945 3430 3128 3530 igitur
3181 3458 3449 3514 Christus
3511 3430 3709 3516 homo.

294 3544 368 3600 Οὐ
399 3545 499 3620 γὰρ
531 3546 811 3618 ἅνθρωπος
842 3545 1004 3619 ψιλὸς
1038 3546 1064 3600 6
1097 3546 1341 3622 Χριστός’
1391 3543 1643 3621 οὐδὲγὰρ
1688 3546 1755 3613 ἦν
1811 3547 1942 3616 Χρι-

294 3636 423 3696 στὸς
479 3633 646 3709 αἶ’ρων
707 3637 806 3704 τὴν
864 3636 1126 3711 ἁμαρτίαν
1172 3640 1268 3690 τοῦ
1315 3634 1546 3708 κόσμου,
1589 3636 1632 3690 εἰ
1664 3634 1826 3709 ψιλὸς
1879 3638 1942 3703 ἦν

295 3721 602 3800 ἅνθρωπος.
663 3725 766 3779 Λιὰ
821 3723 878 3779 δὲ
931 3729 1092 3779 τοῦτο
1155 3724 1181 3778 6
1212 3722 1379 3801 α”ρων
1427 3727 1525 3794 τήν
1556 3725 1818 3798 ἁμαρτίαν
1850 3728 1946 3778 τοῦ

293 3813 506 3886 κόσμου
544 3815 800 3890 Χριστὸς,
833 3811 1018 3884 ἐπειδὴ
1055 3813 1082 3868 6
1132 3815 1258 3876 Θεὸς
1313 3814 1505 3890 Λόγος,
1559 3815 1771 3891 μορφὴν
1824 3811 1948 3867 δού-

297 3902 400 3958 λου
435 3899 640 3976 λαϐὼν,
673 3903 876 3980 ἐγένετο
909 3904 1139 3978 Χριστὸς
1182 3901 1484 3977 ἅνθρωπος.
1520 3905 1617 3957 Καὶ
1651 3900 1739 3957 διὰ
1787 3906 1947 3956 τοῦτο

299 3991 326 4046 6
385 3995 673 4070 προφήτης
735 3991 904 4066 λέγει.
967 4017 993 4042 ‹‹
1056 3992 1151 4046 καὶ
1212 3989 1496 4064 ἄνθρωπός
1555 3990 1686 4062 ἐστι,
1746 3991 1947 4051 καὶτις

295 4083 563 4157 γνώσεται
594 4081 752 4136 αὐτόν
777 4101 789 4150 ;
819 4106 844 4133 ’³
881 4082 967 4136 καὶ
1007 4081 1165 4143 αὑτὸς
1202 4081 1228 4134 ὀ
1264 4081 1510 4157 Χριστός
1549 4105 1573 4131 “
1628 4081 1690 4134 Τί
1748 4101 1813 4152 με
1855 4085 1948 4149 ζη-

295 4177 440 4226 τεῖτε
495 4171 832 4237 ἀποκτεῖναι,
894 4170 1175 4246 ἄνθρωπον
1233 4168 1290 4231 ὅς
1347 4171 1446 4238 τήν
1501 4169 1758 4239 ἀλήθειαν
1821 4169 1947 4242 ὑμῖν

299 4258 624 4328 λελάληκα;
668 4284 686 4308 ι
718 4257 808 4313 ἵνα
838 4262 1124 4332 νοήσωμεν
1157 4261 1248 4314 τὸν
1281 4258 1509 4334 Χριστὸν
1550 4260 1829 4332 ἄνθρωπον
1864 4255 1953 4310 διὰ

294 4351 394 4418 τὴν
448 4347 862 4425 ἀνθρωπότητα,
909 4350 995 4402 καὶ
1046 4351 1171 4404 Θεὸν
1211 4347 1299 4403 διὰ
1330 4349 1427 4417 τήν
1473 4348 1722 4418 θεότητα’
1759 4349 1832 4410 ὡς
1865 4352 1954 4404 τὸν

298 4437 584 4509 ἄνθρωπον
616 4442 846 4510 νοοῦμεν
881 4436 1100 4514 λογικὸν
1134 4435 1220 4492 8εᾶ
1250 4439 1310 4492 τὸ
1338 4437 1668 4514 λογιστικὸν,
1691 4439 1780 4492 καὶ
1816 4443 1951 4508 ζῶον

300 4525 391 4583 διὰ
419 4528 482 4582 τὸ
514 4526 763 4596 ζωτικόν,

374 4707 462 4762 10.
522 4701 760 4761 Ἀπολλ.
824 4710 931 4766 Πᾶς
991 4705 1273 4780 ἄνθρωπος
1324 4702 1597 4760 διάστασιν
1659 4704 1774 4782 ἔχει
1825 4727 1958 4783 σαρ-

2055 3547 2215 3604 Orlh.
2277 3547 2400 3601 Non
2467 3553 2554 3600 est
2621 3563 2759 3600 sane
2816 3546 3085 3603 Christus
3116 3548 3310 3602 nudus
3341 3553 3400 3602 et
3430 3549 3714 3604 duntaxat

2057 3637 2249 3690 homo.
2286 3635 2483 3707 Neque
2515 3634 2670 3690 enim
2704 3636 2752 3690 si
2787 3636 3067 3690 duntaxat
3097 3635 3271 3691 homo
3304 3635 3533 3703 fuisset,
3578 3653 3712 3692 sus-

2059 3725 2293 3781 tulisset
2341 3730 2640 3797 peccatum
2679 3724 2904 3778 mundi.
2944 3725 3044 3779 Per
3073 3724 3182 3779 hoc
3211 3729 3408 3780 autem
3440 3725 3712 3781 Christus

2059 3814 2301 3870 sustulit
2331 3814 2533 3868 mundi
2569 3813 3068 3886 peccatum,quod
3103 3817 3253 3870 Deus
3297 3815 3556 3870 Verbum
3619 3831 3713 3869 ac-

2060 3909 2226 3975 cepta
2285 3903 2432 3958 servi
2495 3903 2680 3958 forma
2724 3903 2912 3958 factus
2941 3902 3018 3958 sit
3045 3902 3313 3959 Christus
3347 3903 3539 3960 homo.
3576 3904 3712 3960 Ideo

2061 3992 2201 4046 dicit
2249 3993 2577 4063 propheta:
2617 4013 2644 4040 «
2675 3991 2858 4047 Etiam
2921 3992 3096 4047 homo
3154 3995 3262 4063 est,
3321 3998 3377 4047 et
3427 3992 3560 4065 quis
3618 4009 3714 4048 co-

2059 4085 2300 4152 gnoscet
2347 4079 2590 4150 ipsum?
2626 4102 2651 4127 η
2683 4080 2951 4136 Christus
2982 4082 3108 4154 ipse
3143 4099 3156 4136 :
3196 4102 3222 4133 α
3255 4081 3401 4146 Quid
3435 4098 3527 4136 me
3560 4099 3716 4153 qure-

2063 4170 2188 4224 ritis
2221 4169 2550 4224 interﬁcere
2580 4169 2878 4223 hominem
2915 4170 3015 4242 qui
3044 4171 3346 4225 veritatem
3407 4171 3571 4227 vobis
3627 4171 3716 4226 lo-

2061 4263 2230 4315 cutus
2287 4275 2421 4314 sum
2455 4258 2539 4312 9°?
2573 4281 2598 4306 ι)
2632 4263 2694 4312 ut
2725 4258 3018 4314 Christum
3051 4259 3386 4314 noverimus
3419 4259 3718 4315 hominem

2063 4353 2298 4421 prapter
2332 4349 2649 4403 humanam
2686 4352 2980 4415 naturam,
3013 4352 3067 4402 et
3101 4349 3277 4402 Deum
3315 4353 3548 4420 propter
3597 4350 3719 4404 dei-

2063 4444 2244 4495 tatem
2269 4457 2280 4494 :
2301 4439 2453 4494 sicut
2485 4437 2782 4492 hominem
2817 4437 3085 4492 novimus
3116 4436 3457 4494 rationalem
3482 4442 3723 4511 propter

2066 4529 2325 4584 animam
2359 4527 2825 4593 ratiocinantem,
2858 4531 2913 4582 et
2941 4526 3161 4583 animal
3206 4531 3442 4599 propter
3495 4526 3718 4584 anima-

2067 4618 2310 4674 litatem.

2142 4710 2228 4763 10.
2299 4708 2476 4776 Apoll.

2549 4707 2608 4762 In
2680 4706 2839 4762 omni
2908 4705 3146 4762 homine
3211 4705 3458 4762 dissidet
3489 4723 3723 4764 mensa

295 4795 393 4857 κὸς
442 4795 577 4870 πρὸς
627 4797 790 4852 νοῦν’,
825 4794 1052 4870 Χριστὸς
1102 4793 1157 4848 δὲ
1190 4793 1288 4848 οὐκ
1318 4791 1457 4869 ἔχει’
1488 4794 1584 4848 οὐκ
1612 4793 1710 4872 ἄρα
1743 4795 1946 4870 ἅνθρω-

2064 4814 2230 4854 carne
2267 4813 2279 4849 :
2316 4797 2372 4850 in
2404 4796 2632 4851 Christo
2662 4813 2794 4850 vero
2827 4813 2942 4851 non
2974 4795 3236 4850 dissidet.
3263 4795 3390 4851 Non
3421 4799 3509 4851 est
3542 4795 3724 4868 igitur

299 4905 403 4946 πος
467 4883 494 4937 6
549 4883 805 4960 Χριστός.
868 4886 1013 4959 Ὀρθ.
1076 4884 1136 4938 Εἰ
1194 4889 1298 4944 πᾶς
1359 4883 1642 4957 ἅνθρωπος
1675 4883 1946 4941 διάστασιν

1255 4969 1296 4988 \\

301 4967 420 5048 ἔχει
480 4973 673 5049 σαρκὸς
733 4974 869 5047 πρὸς
925 4977 1073 5040 νοῦν,
1125 4973 1200 5033 εἷς
1251 4969 1307 5026 δὲ
1354 4977 1461 5026 τῶν
1508 4973 1807 5045 ἀνθρώπων
1862 4977 1950 5029 καὶ

299 5061 489 5123 Ἠλίας
551 5061 578 5115 6
638 5059 978 5132 ἀναληθθεὶς,
1048 5063 1136 5117 καὶ
1196 5062 1582 5134 πιστευόμενος
1645 5065 1768 5139 παρ’
1821 5066 1956 5137 ἡμῖν

310 5152 476 5228 μέχρι
537 5156 634 5206 τοῦ
690 5152 955 5227 παρόντος
1008 5151 1060 5205 ἐν
1105 5152 1282 5226 σαρκέ,
1327 5150 1686 5206 διαστασιάσει
1719 5152 1864 5225 αὐτῷ
1921 5155 1956 5221 ἡ

379 5385 426 5422 ⁸ο
453 5385 622 5441 Joan.
655 5401 754 5451 vn,
784 5386 889 5455 20;
919 5401 1046 5456 νιιι,
1078 5386 1166 5441 40.

533 5637 958 5714 Τριακονταετής
989 5641 1080 5692 νῦν
1116 5659 1233 5714 γεγ.
1271 5658 1414 5698 mss.

410 5639 501 5698 88)
533 5639 958 5706 Τριακονταετής
989 5641 1061 5691 νῦε

388 5639 502 5784 i89)
534 5707 599 5766 Εἰ
631 5709 795 5770 deest
824 5709 886 5769 in
917 5726 1061 5770 mss.

2062 4888 2238 4943 homo
2270 4885 2558 4942 Christus.
2587 4887 2743 4942 Orth.
2779 4885 2839 4940 Si
2872 4887 2929 4940 in
2963 4884 3122 4940 omni
3182 4884 3420 4940 homine
3478 4884 3726 4942 dissidet

2067 4993 2235 5031 mens
2273 4994 2304 5030 a
2336 4993 2526 5046 carne:
2562 4993 2716 5031 unus
2747 4980 2942 5030 autem
2977 4975 3283 5031 hominum
3318 4979 3408 5030 est
3439 4974 3593 5030 Elias
3626 4974 3726 5030 ille

2069 5081 2305 5122 sursum
2341 5066 2642 5136 abreptus,
2679 5065 2775 5136 qui
2813 5083 2844 5120 a
2889 5065 3060 5120 nobis
3117 5063 3376 5119 creditur
3435 5065 3492 5118 in
3551 5080 3727 5120 carne

2073 5155 2359 5210 hactenus
2390 5154 2860 5222 esse,dissidebit
2890 5154 3064 5209 etiam
3099 5153 3156 5208 in
3186 5169 3253 5208 eo
3288 5167 3454 5208 mens
3477 5169 3511 5208 a
3531 5168 3726 5208 carne.

2146 5641 2256 5711 (90)
2291 5643 2356 5694 Δέ
2396 5643 2562 5698 abest
2593 5659 2626 5696 a
2659 5638 2838 5695 Palat.
