4116 6376
358 398 507 459 1271

360 530 527 598 Quod
556 529 608 587 si
639 529 699 586 in
731 529 832 586 illo
864 547 1032 588 mens
1062 548 1098 587 a
1126 547 1301 589 carne
1331 548 1447 589 non
1478 531 1729 588 dissidet
1787 547 1800 587 :

1528 400 1593 460 S.
1638 396 2155 460 ATHANASIUS.
2191 430 2265 443 --
2307 399 2613 460 SPURIA.

3630 391 3795 450 1272

1861 533 2015 585 certe
2046 530 2102 597 Α
2133 530 2259 604 σὰρξ
2312 529 2450 604 πρὸς
2506 530 2599 585 τὸν
2655 534 2800 585 νοῦν.
2865 530 2927 586 Ei
2975 526 3033 584 δὲ
3086 528 3161 602 μή
3211 524 3685 594 διαστασιάζειτῷ
3711 525 3795 594 νῷ

361 636 480 676 non
525 619 585 676 in
615 620 775 676 omni
805 619 1045 677 homine
1078 637 1245 677 mens
1277 638 1309 676 a
1339 637 1512 677 carne
1533 619 1802 676 dissidet.
1838 618 2022 675 Multo

2151 617 2297 673 ιῦτοῦ
2328 620 2363 688 ἡ
2423 619 2571 694 σὰρξ,
2635 618 2734 673 οὐκ
2764 617 2864 694 ἄρα
2894 626 2998 680 πᾶς
3050 618 3336 692 ἅνθρωπος
3358 612 3636 670 διάστασιν
3669 607 3792 688 ἔχει

363 708 556 781 magis
585 707 770 782 igitur
798 708 901 781 qui
948 713 1040 766 est
1093 708 1285 781 ipsius
1339 709 1481 765 Elite
1539 708 1847 777 Dominus,
1908 722 2023 763 non

2151 708 2329 781 παρκὸς
2358 708 2492 782 πρὸς
2537 709 2628 761 τὸν
2659 712 2807 763 νοῦν.
2858 705 3061 777 Πολλῷ
3093 706 3183 761 οὗν
3215 703 3392 761 πλείω
3423 703 3453 758 ὀ
3480 707 3580 758 τοῦ
3627 701 3794 757 Ἠλία

364 796 544 853 habet
599 796 816 854 mentis
866 802 924 853 et
980 797 1175 853 carnis
1228 797 1567 867 dissidium,
1628 798 1732 852 sed
1766 794 2022 852 nobisin

365 886 669 954 omnibus,
702 887 859 958 quod
889 887 960 943 ad
994 891 1266 943 naturam
1299 886 1618 942 humanam
1653 886 1883 953 attinet,
1930 901 2025 941 ex-

365 978 531 1047 cepto
562 979 820 1047 peccato,
853 974 1089 1047 similis,
1117 980 1175 1030 et
1205 974 1539 1031 misericors
1569 991 1637 1030 ac
1668 974 1859 1030 ﬁdelis
1889 989 2028 1046 pon-

356 1064 500 1121 tifex
526 1063 741 1135 factus,
773 1068 864 1121 est
890 1063 1047 1121 idem
1082 1080 1216 1121 vere
1253 1063 1407 1121 Deus
1436 1067 1495 1120 et
1522 1063 1720 1120 homo.

440 1244 529 1300 11.
561 1242 738 1316 Apoll.
798 1243 1005 1301 Omnis
1063 1244 1238 1301 homo
1296 1247 1362 1300 ut
1418 1243 1635 1300 virtute
1692 1242 2034 1315 perﬁciatur

374 1348 613 1389 carnem
645 1332 981 1389 mortificat.
1012 1334 1085 1389 At
1111 1333 1382 1390 Christus
1413 1349 1529 1388 non
1561 1331 2032 1388 mortiﬁcat.Non

373 1425 466 1479 est
490 1421 672 1493 igitur
700 1422 874 1478 homo
904 1421 1196 1479 Christus.
1232 1422 1384 1479 Orth.
1418 1421 1541 1486 Qua
1584 1420 2034 1478 mortiﬁcatione

373 1511 630 1567 Joannes
683 1527 916 1567 carnem
978 1528 1148 1568 suam
1209 1510 1585 1568 mortificavit
1625 1508 1944 1566 subsiliens
1974 1510 2035 1563 in

382 1602 575 1668 utero,
606 1602 665 1656 et
697 1600 990 1656 exsultare
1019 1600 1224 1657 visus?
1252 1600 1416 1666 Quod
1450 1600 1498 1656 si
1526 1600 1702 1656 etiam
1752 1599 2036 1656 concede-

382 1693 548 1745 retur
576 1705 810 1745 omnem
847 1688 1166 1758 hominem,
1199 1694 1266 1745 ut
1293 1690 1508 1745 virtute
1539 1688 1896 1762 perﬁciatur,
1920 1705 2039 1743 car-

380 1791 517 1834 nem
575 1793 745 1834 suam
805 1777 1179 1844 mortiﬁcare,
1222 1782 1282 1834 at
1299 1782 1454 1833 certe
1475 1778 1602 1849 jam
1637 1778 1947 1850 perfectus,
1980 1782 2040 1833 et

2137 795 2410 864 Δεσπότης
2455 795 2553 851 οὐκ.
2599 793 2713 872 ἔχει
2764 794 3244 865 διαστατιάζουσαν
3290 794 3392 862 τήν
3446 792 3617 864 σάρκα
3648 790 3792 866 πρὸς

2134 884 2226 939 τὸν
2258 889 2398 939 νοῦν’
2428 882 2573 940 ἀλλᾶ
2600 884 2652 940 ἐν
2686 890 2846 940 πᾶσιν
2906 887 3041 956 ἡμῖν
3073 884 3209 939 κατᾶ
3234 883 3337 953 τήν
3388 879 3795 958 ἀνθρωπότητα

2139 972 2429 1045 ὁμοιωθεῖς
2457 975 2635 1049 χωρὶς
2668 973 2956 1050 ἁμαρτίας,
2998 972 3252 1047 ἐλεήμων
3283 971 3372 1027 καὶ
3403 970 3595 1032 πιστὸς
3643 971 3793 1045 ἀρχ-

2143 1059 2312 1137 ιερεὺς
2367 1062 2683 1139 γενόμενος,
2742 1060 2884 1119 ἔστιν
2939 1060 3160 1134 ἀληθῶς
3216 1062 3245 1116 ὀ
3293 1060 3455 1123 αὐτὸς
3510 1059 3641 1122 Θεὸς
3698 1059 3791 1114 καὶ

2139 1153 2442 1228 ἄνθρωπος.

2212 1242 2301 1299 11.
2360 1238 2598 1298 ἈποΛλ.
2681 1246 2792 1304 Πᾶς
2856 1242 3141 1320 ἅνθρωπος
3200 1244 3387 1317 νεκροῖ
3447 1239 3550 1308 τὴν
3622 1238 3791 1315 σάρκα

2140 1329 2277 1406 πρὸς
2306 1331 2369 1386 τὸ
2393 1329 2751 1400 τελειωθῆναι
2782 1333 2898 1387 κατ’
2930 1332 3149 1408 ἀρετήν·
3176 1330 3408 1405 Χριστὸς
3451 1325 3512 1383 δὲ
3564 1324 3645 1383 οῦ·
3693 1326 3793 1383 οὐκ

2144 1421 2246 1493 ἄρα
2294 1421 2575 1497 ἅνθρωπος
2633 1420 2661 1475 ὀ
2712 1420 2969 1495 Χριστός.
3017 1422 3166 1497 Ὀρθ.
3219 1418 3358 1491 Ποίᾳ
3396 1419 3654 1492 νεκρώσει
3709 1417 3795 1471 ἒν-

2145 1509 2376 1584 ἑκρωσεν
2436 1509 2628 1564 ἑαυτοῦ
2680 1509 2780 1577 τήν
2833 1508 3003 1584 σάρκα
3053 1507 3083 1563 ὀ
3128 1509 3412 1577 Ἰωάννης,
3462 1508 3693 1581 σκιρτῶν
3744 1503 3800 1560 ἰν

2144 1595 2349 1669 κοιλίᾳ,
2398 1595 2488 1652 καὶ
2546 1595 2730 1674 ὀφθεὶς
2777 1596 2830 1652 ἐν
2872 1594 3230 1673 ἀγαλλιάσεις
3272 1594 3337 1650 Εἰ
3378 1591 3553 1650 δὲκαὶ
3585 1591 3802 1665 δοθείη,

2146 1681 2229 1741 ὅτι
2261 1692 2366 1749 πᾶς
2416 1687 2701 1763 ἅνθρωπος
2745 1691 2931 1760 νεκροῖ
2968 1686 3070 1755 τήν
3122 1686 3293 1761 σάρκα
3320 1684 3457 1759 πρὸς
3486 1684 3549 1739 τὸ
3572 1682 3803 1739 τελειω-

2148 1781 2307 1844 θῆναι
2362 1774 2499 1829 κατὰ
2540 1775 2760 1850 ἀρετ-ἦν,
2810 1773 2955 1830 ἀλλὰ
2999 1773 3331 1840 τελειωθεὶς,
3377 1772 3466 1828 καὶ
3496 1772 3549 1827 ἐν
3584 1772 3803 1847 οὐρανῷ

376 1866 440 1923 in
472 1865 634 1922 costis
661 1881 928 1934 versans,
958 1865 1072 1941 ipsi
1102 1865 1550 1923 viviﬁcationem
1584 1871 1752 1938 parat
1798 1883 1898 1938 per
1942 1866 2031 1922 in—

2151 1861 2456 1937 πολίτευμα
2488 1860 2656 1939 ἔχων,
2692 1866 3076 1934 ζωοποιεῖσθαι
3103 1862 3261 1918 αὐτὸν
3283 1861 3679 1937 παρασκευάζει
3709 1858 3802 1917 διά

374 1952 741 2011 habitantem
784 1953 845 2009 in
878 1953 1006 2026 ipso
1036 1954 1345 2027 Spiritum,
1380 1959 1444 2010 ut
1474 1959 1782 2026 postquam
1816 1954 2033 2011 virtute

2151 1957 2238 2008 τοῦ
2268 1951 2602 2016 ἐνοικοῦντος
2628 1952 2679 2008 ἐν
2712 1953 2859 2025 αὑτῷ
2894 1952 3223 2025 Πνεύματος,
3253 1952 3330 2014 ὡς
3360 1950 3413 2007 ἐν
3444 1951 3609 2027 ἀρετῇ
3639 1950 3802 2007 τελε-

374 2043 669 2115 perfectus
699 2043 894 2110 fuerit,
924 2043 1117 2099 dicat:
1149 2066 1177 2093 ‹‹
1212 2043 1461 2101 Cursum
1493 2043 1896 2100 consummavi
1930 2045 2033 2100 9'.»

375 2135 663 2188 Caterum
694 2130 969 2188 Christus
1000 2132 1293 2205 perfectus
1325 2149 1440 2188 non
1467 2134 1652 2188 evasit
1700 2131 1820 2188 ulla
1874 2148 2033 2188 exer-

377 2220 680 2288 citatione,
741 2221 844 2277 sed
904 2221 962 2276 in
1012 2221 1139 2294 ipso
1171 2227 1455 2293 conceptu
1488 2239 1557 2278 ex
1587 2222 1715 2295 ipsa
1747 2221 2034 2287 unitione,

375 2312 553 2366 natus
596 2310 963 2377 Emmanuel,
998 2310 1154 2367 Deus
1188 2315 1244 2367 et
1272 2310 1449 2367 homo
1478 2316 1568 2367 est
1601 2327 1612 2366 :
1649 2313 2032 2383 quamobrem

375 2397 556 2455 etiam
584 2396 833 2469 Deipara
861 2404 952 2454 est
980 2399 1181 2456 Maria.

452 2486 968 2559 12.Apou.Nullius
997 2487 1260 2545 hominis
1289 2505 1423 2545 caro
1451 2488 1608 2546 dicta
1636 2494 1727 2546 est
1753 2506 1786 2546 e
1841 2488 1985 2546 ccelo
2019 2507 2031 2545 :

379 2575 596 2633 Christi
624 2591 759 2632 vero
790 2592 924 2632 caro
957 2576 1111 2633 dicta
1138 2582 1231 2634 est
1260 2594 1292 2633 e
1321 2578 1464 2634 cmlo
1495 2595 1643 2634 esse.
1677 2579 1879 2651 Itaque
1918 2596 2034 2634 non

380 2668 475 2722 est
501 2664 771 2722 Christus
795 2665 973 2722 homo
1003 2667 1328 2723 secundum
1371 2668 1669 2739 deitatem,
1729 2684 1857 2739 quae
1915 2685 2037 2724 car-

382 2768 521 2810 nem
574 2756 981 2827 assumpseril.
1038 2756 1130 2811 Sic
1176 2772 1315 2828 ergo
1344 2757 1520 2812 etiam
1553 2772 1585 2812 e
1615 2757 1757 2812 coelo
1785 2773 1915 2813 esse
1943 2757 2036 2812 di-

377 2840 551 2911 citur,
580 2842 738 2915 quod
773 2843 934 2898 unita
966 2844 1041 2899 sit
1068 2845 1118 2900 ei
1152 2844 1251 2917 qui
1284 2849 1374 2901 est
1402 2861 1433 2901 e
1462 2843 1626 2901 cmlo.
1659 2847 1820 2905 Ονιιι.
1879 2845 2033 2901 Nihil

378 2931 571 3005 potuit
601 2930 790 3005 magis
822 2931 1134 2988 ridiculum
1165 2932 1457 2990 dici.Nam
1480 2934 1531 2989 si
1561 2949 1693 2990 caro
1729 2940 2036 3008 pmpterea

381 3018 834 3076 diciturecmlo
860 3035 1011 3089 esse,
1043 3021 1198 3093 quod
1251 3022 1414 3077 unita
1461 3021 1540 3077 sit
1593 3023 1646 3078 ei
1706 3024 1807 3095 qui
1859 3027 1949 3079 est
2003 3040 2034 3080 e

380 3108 550 3176 coalo,
582 3125 698 3166 non
727 3114 817 3166 est
843 3110 975 3182 ipsa
1005 3126 1035 3166 e
1065 3109 1223 3166 cmlo.
1258 3110 1423 3167 Sicut
1449 3126 1586 3183 ergo
1617 3129 1873 3181 carnem,
1907 3129 2032 3184 quae

380 3214 413 3254 e
469 3196 613 3255 caelo
669 3214 786 3255 non
829 3203 937 3266 est,
970 3199 1121 3255 dicis
1150 3216 1279 3257 esse
1308 3217 1339 3256 e
1367 3198 1532 3268 cmlo,
1563 3200 1643 3255 ita
1672 3201 1848 3258 etiam
1880 3204 2031 3259 Scri-

377 3290 513 3343 tura
541 3287 811 3345 homines
859 3282 1123 3344 caelestes
1171 3289 1317 3344 dicit
1369 3305 1401 3345 θ
1457 3288 1599 3346 coelo
1665 3306 1815 3362 esse,
1875 3294 2031 3364 quod

383 3375 645 3433 coalestia
701 3377 954 3450 sapiant.
1020 3379 1188 3447 Audi,
1239 3382 1297 3434 et
1326 3376 1520 3435 soluta
1548 3378 1722 3435 fuerit
1751 3385 1852 3436 tua
1882 3382 2031 3438 467

385 3465 732 3537 propositio,
763 3467 885 3523 sive
913 3466 1355 3539 compendiaria
1390 3472 1625 3524 tuorum
1659 3476 2038 3542 argumento-

383 3568 514 3611 rum
576 3555 914 3624 subductio,
974 3573 1091 3627 quo
1144 3556 1381 3613 nomine
1428 3559 1836 3614 tractationem
1865 3560 2039 3615 istam

393 3641 772 3716 inscripsisti.
803 3644 1087 3700 Ceterum
1118 3645 1389 3701 Christus
1412 3645 1603 3701 dictus
1625 3645 1799 3703 homo
1822 3664 1853 3704 e
1873 3650 2042 3715 coelo,

392 3747 509 3788 non
542 3731 735 3788 dictus
764 3735 874 3801 est,
907 3741 971 3789 ut
997 3750 1203 3790 omnes
1231 3733 1522 3803 homines,
1563 3735 1838 3802 caelestis,
1886 3739 2040 3809 quod

390 3821 647 3877 ccslestia
679 3827 929 3894 saperet,
986 3823 1089 3878 sed
1148 3824 1221 3879 ob
1275 3822 1530 3879 divinam
1590 3829 1650 3880 et
1681 3825 2039 3881 adorandam

389 3909 718 3967 unitionem
764 3909 863 3967 Dei
916 3926 1055 3967 eum
1105 3910 1254 3967 servi
1307 3911 1516 3982 forma,
1566 3917 1631 3967 ut
1659 3912 1814 3969 idem
1863 3915 1941 3971 sit
1987 3921 2045 3971 et

387 4001 543 4055 Deus
574 4003 631 4055 et
662 3998 856 4057 homo.

459 4087 547 4144 13.
576 4087 760 4160 Apoll.
792 4088 1004 4145 Nullus
1033 4089 1210 4145 homo
1242 4088 1492 4146 viviﬁcat
1525 4107 1538 4146 :
1573 4107 1679 4148 nec
1700 4092 1855 4149 enim
1882 4093 2042 4153 ullus

387 4175 564 4234 homo
594 4181 685 4234 est
711 4177 979 4235 Christus
1010 4194 1024 4234 :
1059 4184 1118 4235 at
1146 4179 1416 4237 Christus
1443 4181 1770 4240 viviﬁcavit.
1794 4188 1919 4242 Non
1950 4190 2043 4242 est

384 4264 569 4339 igitur
616 4266 791 4325 homo
838 4268 1127 4324 Christus.
1181 4268 1334 4324 Orth.
1381 4270 1453 4325 At
1493 4269 1760 4328 Christus
1821 4273 2040 4332 idcirco

385 4354 663 4427 viviﬁoat,
714 4356 855 4429 quia
905 4357 1055 4413 Deus
1094 4356 1351 4415 Verbum
1383 4363 1620 4432 accepta
1648 4360 1798 4417 servi
1826 4362 2035 4432 forma,

381 4447 623 4501 vocatus
651 4450 743 4502 est
771 4445 1061 4503 Christus.

455 4533 544 4588 14.
578 4534 754 4605 Apoll.
783 4533 940 4591 Nulli
974 4535 1283 4592 hominum
1308 4536 1580 4593 convenit
1610 4555 1821 4595 nomen
1879 4541 2035 4611 quod

2145 2040 2373 2106 ιωθὲντα
2393 2039 2594 2117 λέγειν·
2629 2066 2656 2094 ‹‹
2687 2042 2787 2096 Τὸν
2830 2039 3034 2115 δρόμον
3066 2039 3340 2097 τετέλεκα.
3372 2063 3401 2091 ››
3455 2040 3691 2115 Χριστὸς
3740 2037 3803 2096 δὲ

2143 2131 2244 2187 οὑκ
2273 2130 2325 2202 ἐξ
2356 2131 2634 2201 ἀσκήσεως
2672 2130 3040 2200 τετελείωται,
3072 2128 3200 2185 ἀλλ’
3225 2128 3277 2184 ἐν
3313 2129 3450 2203 αὑτῇ
3480 2131 3550 2202 τῇ
3585 2125 3799 2197 συλλή-

2143 2222 2230 2294 ψει
2261 2219 2312 2291 ἐξ
2344 2220 2587 2275 ὲνώσεως
2618 2219 2979 2293 Ἐμμανουήλ
3009 2217 3256 2295 τεχθεὶς,
3290 2217 3419 2280 Θεός
3450 2219 3562 2274 ἐστι
3593 2217 3684 2272 καὶ
3705 2218 3802 2272 ἅν-

2146 2321 2387 2387 θρωπος·
2423 2306 2507 2364 διὸ
2536 2309 2626 2364 καὶ
2650 2308 2912 2372 Θεοτόκος
2938 2311 2973 2379 ἡ
3006 2309 3206 2383 Μαρία.

2218 2489 2300 2546 12.
2335 2486 2578 2545 ’Δπολλ.
2638 2484 2871 2550 Οὐδενὸς
2921 2486 3211 2563 ἀνθρώπου
3268 2489 3305 2556 ἠ
3356 2486 3484 2563 σάρξ
3543 2485 3596 2557 ἐξ
3626 2487 3800 2562 οὖρα-

2142 2581 2239 2633 νοῦ
2295 2576 2567 2634 λέλεκται⁹
2632 2581 2867 2652 Χριστοῦ
2923 2573 2982 2632 δὲ
3037 2579 3072 2646 ἠ
3123 2577 3251 2653 σὰρξ
3292 2575 3344 2647 ἐξ
3384 2573 3617 2652 οὐρανοῦ
3648 2572 3804 2650 εἷ’ρη-

2141 2687 2251 2724 ται·
2285 2667 2384 2723 οὐκ
2413 2669 2514 2743 ἄρα
2569 2668 2850 2743 ἅνθρωπος
2904 2668 2932 2721 ὁ
2972 2666 3203 2743 Χριστὸς
3240 2666 3377 2721 κατὰ
3419 2666 3519 2733 τὴν
3567 2666 3806 2735 θεότητα

2141 2757 2241 2826 τὴν
2273 2751 2688 2830 προσλαϐοῦσαν
2718 2757 2818 2825 τὴν
2849 2754 3039 2830 σάρκα.
3074 2755 3265 2818 Οὕτως
3310 2753 3401 2810 οὖν
3451 2753 3543 2809 καὶ
3593 2753 3644 2825 ἐξ
3703 2755 3802 2809 οὑ-

2146 2843 2308 2923 ρανοῦ
2361 2844 2599 2920 λέγεται⁷
2647 2842 2736 2900 διὰ
2780 2843 2843 2899 τδ
2887 2846 3129 2914 ἡνῶσθαι
3160 2850 3238 2918 τῷ
3269 2842 3321 2915 ἐξ
3354 2844 3608 2918 οὐρανοῦ.
3642 2845 3799 2919 Ὀρθ.

2143 2932 2312 2993 Οὐδὲν
2360 2929 2724 3009 γελοιότερον.
2783 2933 2845 2990 Εἰ
2894 2934 2996 3009 γὰρ
3047 2931 3137 2988 διὰ
3172 2936 3333 2987 τοῦτο
3364 2932 3415 3003 ἐξ
3447 2932 3679 3007 οὐρανοῦ
3706 2930 3798 2987 λέ-

2142 3044 2294 3098 γεται
2343 3020 2433 3078 διὰ
2476 3023 2539 3078 τὸ
2582 3024 2821 3093 ἡνῶσθαι
2876 3027 2955 3094 τῷ
2986 3021 3036 3093 ἐξ
3067 3023 3322 3098 οὑρτθοῦ,
3357 3021 3457 3076 οὑκ
3484 3019 3535 3091 ἐξ
3566 3019 3798 3096 οὐρανοῦ

2141 3114 2176 3183 ἡ
2210 3111 2358 3187 σάρξ.
2408 3114 2611 3186 ’Ὠσπερ
2660 3109 2752 3165 οῦν
2796 3111 2896 3179 τὴν
2941 3111 3017 3182 μή
3046 3107 3206 3165 οὖσαν
3239 3109 3291 3180 ἐξ
3323 3110 3577 3185 οὑρανοῦ,
3612 3107 3795 3183 λὲγεις

2143 3200 2195 3272 ἐξ
2226 3202 2478 3277 οὐρανοῦ
2513 3199 2655 3254 οὕτω
2686 3201 2777 3255 καὶ
2805 3198 2931 3262 τοὺς
2956 3198 3275 3269 ἀνθρώπους
3293 3199 3421 3260 τοὺς
3444 3196 3801 3273 ἐπουρανίους

2143 3293 2179 3361 ἡ
2213 3293 2398 3369 Γραφή
2432 3287 2577 3366 λέγει
2610 3286 2700 3344 διὰ
2754 3288 2817 3344 τὸ
2865 3289 3113 3363 οὐράνιον
3165 3284 3425 3366 φρόνημα
3454 3286 3505 3358 ἐξ
3537 3287 3799 3364 οὖρανοῦ.

2147 3381 2368 3452 Ἄκουε,
2393 3379 2483 3434 καὶ
2515 3376 2739 3435 λέλυταί
2764 3399 2859 3433 σου
2890 3380 2926 3448 ἡ
2959 3378 3244 3450 πρότασις,
3273 3374 3450 3450 ἤγουν
3480 3378 3592 3449 (91)
3621 3376 3809 3432 ἀνακε-

2149 3467 2477 3549 φαλαίωσις,
2510 3469 2584 3530 ὡς
2608 3469 2768 3530 αὑτὸς
2798 3466 3086 3540 ὠνόμασας
3118 3465 3442 3542 ἐπιγράψας.
3467 3467 3698 3542 Χριστὸς
3719 3463 3804 3531 δὲ,

2151 3558 2203 3630 ἐξ
2248 3558 2480 3635 οὐρανοῦ
2529 3557 2822 3633 λεγόμενος
2874 3557 3178 3629 ἅνθρῶπος,
3232 3554 3293 3611 οὐ
3335 3552 3425 3611 διὰ
3451 3557 3515 3611 τὸ
3545 3556 3806 3633 φρόνημα

2151 3646 2388 3722 καθάπερ
2419 3646 2613 3709 πάντες
2646 3645 2944 3722 ἅνθρωποι,
2979 3644 3301 3721 ἐπουράνιος
3333 3643 3620 3716 κέκληται,
3653 3642 3803 3700 ἀλλά

2154 3734 2243 3792 διὰ
2291 3737 2388 3805 τὴν
2440 3734 2582 3790 θείαν
2632 3734 2723 3790 καὶ
2770 3735 3248 3811 προσκυνουμένην
3296 3729 3485 3790 ἕνωσιν
3533 3737 3632 3789 τοῦ
3662 3740 3802 3791 Θεοῦ

2154 3825 2330 3901 Λόγου
2360 3825 2496 3902 πρὸς
2525 3846 2624 3894 την
2651 3828 2749 3880 τοῦ
2778 3820 2981 3879 δούλου
3016 3825 3254 3903 μορφήν,
3289 3824 3363 3886 ὡς
3394 3826 3528 3879 εἶναι
3559 3823 3650 3879 τὸν
3703 3823 3802 3879 αὖ·

2149 3915 2241 3972 τὸν
2275 3915 2363 3970 καὶ
2393 3913 2523 3971 Θεόν
2554 3914 2647 3969 καῖ
2677 3914 2984 3991 ἄνθρωπον.

2225 4095 2291 4151 13
2344 4090 2581 4150 Ἀπολλ.
2640 4089 2833 4153 Οὐδεὶς
2885 4091 3183 4167 ἀνθρώπων
3233 4096 3509 4167 ζωογονεῖ’
3580 4091 3642 4147 οὐ
3698 4092 3803 4170 γάρ

2151 4182 2260 4239 ἐστι
2295 4182 2548 4259 Χριστός·
2600 4182 2830 4253 Χριστὸς
2880 4178 2939 4237 δὲ
2998 4185 3275 4257 ζωογονεῖ·
3330 4182 3430 4237 οὐκ
3458 4180 3562 4258 ἄρα
3591 4179 3800 4256 ἅνθρω-

2148 4294 2251 4336 πος
2282 4274 2310 4328 ὁ
2362 4271 2612 4348 Χριστός.
2663 4273 2798 4347 Ορθ.
2849 4270 3077 4347 Χριστὸς
3111 4268 3168 4325 δὲ
3199 4267 3290 4325 διὰ
3315 4275 3477 4327 τοῦτο
3510 4275 3801 4347 ζωογονεῖ,

2150 4360 2334 4432 ἐπειδὴ
2395 4362 2524 4424 Θεὸς
2568 4360 2761 4438 Λόγος,
2817 4361 3032 4439 μορφὴν
3086 4356 3289 4415 δούλου
3340 4355 3524 4416 λαϐὼν
3587 4358 3799 4431 ἐκλήθη

2147 4449 2398 4526 Χριστός.

2222 4542 2309 4597 14.
2344 4537 2575 4595 Ἀπολλ.
2638 4535 2831 4597 Οὖδενὶ
2878 4537 3176 4616 ἀνθρώπων
3227 4538 3454 4614 ἁρμόζει
3511 4534 3689 4612 ὄνομα
3737 4541 3804 4595 τὸ

380 4625 476 4677 est
534 4638 716 4695 supra
771 4639 944 4680 omne
1002 4640 1239 4693 nomen,
1279 4629 1334 4681 et
1364 4625 1551 4697 gloria
1580 4643 1706 4699 qute
1735 4627 1921 4684 solius
1952 4633 2034 4683 est

2151 4629 2280 4704 ὑπὲρ
2312 4634 2412 4682 πᾶν
2457 4623 2651 4701 ὄνομα,
2683 4628 2771 4683 καὶ
2802 4630 2837 4696 ἡ
2871 4625 2996 4699 δόξα
3027 4630 3062 4698 ἡ
3094 4632 3190 4682 τοῦ
3242 4627 3410 4702 μόνου
3455 4632 3611 4683 Θεοῦ·
3666 4631 3801 4703 Χριο

382 4708 510 4767 Dei.
543 4712 619 4766 At
657 4710 887 4769 Christo
952 4713 1265 4782 convenit;
1308 4730 1421 4769 non
1463 4720 1553 4770 est
1616 4714 1800 4787 igitur
1862 4715 2040 4774 homo

378 4798 668 4856 Christus.
722 4800 872 4857 Orth.
909 4799 1028 4857 Hoc
1056 4816 1290 4874 quoque
1319 4802 1536 4858 dixeris
1565 4802 1637 4859 de
1666 4803 1888 4877 virgine
1916 4806 2036 4862 Ma-

376 4885 649 4945 ria.Nulli
681 4888 992 4947 hominum
1023 4890 1312 4958 convenit,
1334 4895 1398 4947 ut
1428 4891 1599 4964 Virgo
1629 4891 1709 4948 sit
1738 4899 1795 4950 et
1825 4896 2032 4967 pariat.

377 4975 567 5033 Maria
594 4977 937 5052 vero,Virgo
967 4995 1098 5036 cum
1135 4985 1310 5045 esset,
1345 4980 1613 5052 peperit:
1648 4981 1829 5038 Maria
1856 4983 2037 5056 igitur

380 5082 499 5122 non
532 5071 624 5123 est
656 5066 853 5124 homo.
885 5067 994 5124 Sed
1025 5073 1083 5123 et
1113 5072 1277 5122 tuum
1312 5067 1619 5140 sophisma
1649 5071 1733 5126 sic
1793 5089 2035 5145 prorsus

376 5155 780 5228 redarguetur.
841 5155 995 5212 Nulli
1055 5157 1268 5227 quippe
1325 5155 1552 5213 homini
1601 5175 1732 5215 vere
1763 5165 2035 5219 convenit

375 5259 613 5311 nomen,
644 5244 799 5317 quod
831 5249 921 5301 est
949 5261 1126 5316 super
1155 5261 1325 5300 omne
1351 5262 1586 5318 nomen,
1609 5253 1668 5304 et
1691 5248 2031 5323 gloria,quze

371 5331 557 5392 solius
579 5339 670 5390 est
700 5334 794 5391 Dei
828 5351 841 5390 :
871 5334 1150 5406 quoniam
1187 5332 1385 5390 nullus
1416 5334 1724 5393 hominum
1757 5344 1847 5395 est
1874 5340 2029 5397 Chri-

371 5425 522 5491 stus,
554 5439 625 5480 ex
652 5422 942 5496 unitione,
974 5421 1075 5480 Dei
1103 5422 1273 5479 Verbi
1304 5427 1362 5480 et
1388 5424 1583 5482 servili
1613 5426 1822 5484 forma.

442 5576 485 5614 “
521 5577 568 5632 Il
599 5577 751 5632 Tim.
785 5592 861 5645 ιν,
888 5576 945 5629 7.

439 5727 554 5799 (91)
584 5727 749 5795 Mss.,
780 5726 967 5794 ἤτουν.

2151 4722 2260 4790 στῷ
2293 4714 2349 4772 δὲ
2380 4717 2627 4794 ἁρμόζει·
2663 4716 2761 4772 οὐκ
2792 4718 2893 4792 ἄρα
2924 4717 3210 4793 ἅνθρωπος
3256 4717 3286 4771 ὁ
3334 4717 3588 4794 Χριστός.
3642 4720 3797 4795 Ὀρθ.

2144 4811 2312 4862 Τοῦτο
2385 4805 2442 4861 ἂν
2510 4805 2684 4868 εἷ’ποις
2752 4806 2841 4861 καὶ
2895 4806 3018 4882 περὶ
3073 4813 3174 4877 τῆς
3231 4807 3500 4885 Παρθένου
3560 4807 3797 4882 Μαρίας.

2145 4893 2339 4953 Οὖδενὶ
2370 4897 2673 4967 ἀνθρώπων
2703 4895 2930 4972 ἁρμόζει
2961 4896 3024 4951 τὸ
3073 4888 3349 4972 παρθὲνωῖ
3388 4892 3552 4951 οὖσαν
3601 4902 3800 4951 τεκεῖν·

2145 4987 2416 5063 ΙΙαρθένος
2468 4983 2527 5040 δὲ
2568 4986 2699 5041 οὖσα
2732 4982 2904 5041 ἔτεκεν
2946 4987 2980 5054 ἡ
3009 4985 3207 5060 Μαρίαο
3243 4983 3347 5040 οὐκ
3378 4982 3481 5061 ἄρα
3511 4987 3800 5062 ἅνθρωπος

2142 5078 2176 5145 ἡ
2210 5075 2405 5152 Μαρία.
2439 5072 2625 5133 ’Ὁλως
2658 5072 2715 5130 δέ
2744 5094 2840 5129 σου
2870 5073 2959 5129 καὶ
2991 5072 3168 5136 οὕτως
3199 5073 3590 5151 ἐλεγχθήσεται
3619 5074 3678 5128 τὸ
3700 5073 3790 5126 σό-

2141 5186 2334 5243 φισμα.
2393 5161 2588 5222 υύδενί
2637 5164 2738 5240 γάρ
2790 5161 3011 5234 ἀληθῶς
3067 5162 3295 5240 ἁρμόζει
3346 5168 3453 5219 τῶν
3490 5163 3785 5238 ἀνθρώπων

2141 5250 2405 5328 ὄνοματὸ
2465 5253 2595 5328 ὑπὲρ
2646 5258 2749 5308 πᾶν
2799 5247 2995 5325 ὄνομα,
3044 5251 3134 5307 καὶ
3183 5254 3217 5322 ἡ
3253 5250 3381 5325 δόξα
3489 5258 3585 5309 τοῦ
3620 5250 3791 5325 μόνου

2139 5347 2294 5399 Θεοῦ·
2349 5338 2537 5410 ἐπειδὴ
2597 5339 2775 5404 οὐδεὶς
2829 5342 3129 5417 ἀνθρώπων
3179 5342 3413 5418 Χριστὸς
3466 5345 3518 5415 ἐξ
3550 5342 3794 5405 ὲνώσεως

2138 5435 2273 5488 Θεοῦ
2304 5431 2480 5507 Λόγου
2512 5428 2602 5486 καί
2628 5437 2843 5507 μορφῆς
2874 5427 3161 5501 δουλικῆς.
