4116 6364
367 388 521 456 {273

437 529 520 582 15.
554 521 792 580 Ἀπολλ.
830 524 890 580 Εἰ
923 525 950 578 6
982 523 1109 583 Θεὸς
1142 521 1190 576 ἐν
1227 520 1497 593 ἀνθρώπῳ
1544 516 1877 587 κατῴκησεν,
1911 513 2010 568 οὐκ
2042 517 2093 582 Α

368 616 628 684 ἐκενώοη·
667 613 902 682 ἐκενώοη
940 610 995 666 δὲ
1027 614 1054 666 ὁ
1088 612 1136 664 ἐν
1173 613 1356 686 μορφῇ
1391 611 1543 668 Θεοῦ,
1567 607 1780 682 μορφὴν
1817 601 2019 658 δούλου

443 699 512 728 ρρ
662 702 674 721 ν
778 704 798 714 -ι
933 701 945 718 9
1043 701 1055 716 ι»
1187 700 1198 719 ν
1482 696 1555 726 ν..
1622 715 1655 735 ς,
1740 700 1752 716 9
1992 692 2012 726 .’

367 703 574 759 λαοων⁹
621 724 721 756 ουκ
773 723 872 776 clpa
930 721 978 754 εν
1032 702 1302 774 ανθρωπῳ
1357 716 1694 766 κατῳκςση.
1757 696 1891 769 Ορθ.
1942 699 2019 749 Ο)

371 793 472 868 γὰρ
523 791 574 847 ἐν
609 792 881 866 ἀνθρώπῳ
942 787 1131 849 ἁπλῶς
1194 787 1510 858 κατῴκησεν
1566 785 1591 836 '3
1643 782 1776 842 Θεὸς
1828 781 2022 856 Λόγος,

373 883 515 937 ἀλλᾶ
556 882 646 935 καὶ
701 879 910 954 ἐγένετο
962 877 1263 947 ἅνθρωπος,
1315 873 1601 948 μετασχὼν
1654 869 1883 942 αἵματός
1933 871 2022 924 καὶ

373 972 588 1041 σαρκὸς,
647 969 918 1024 τοῦτέστιν
995 966 1456 1042 ἀνθρωπότητος’
1520 960 1607 1016 διὰ
1678 966 1838 1014 τοῦτο
1895 964 2023 1036 Χρι-

371 1059 496 1120 στὸς
561 1058 623 1112 οὐ
681 1057 843 1131 ψιλὸς
903 1054 1186 1132 ἅνθρωπος
1265 1051 1392 1108 ἀλλ’
1451 1053 1478 1105 ὁ
1536 1049 1692 1111 αὐτὸς
1749 1049 1876 1111 Θεὸς
1935 1049 2024 1104 καὶ

376 1146 684 1222 ἅνθρωπος.

444 1240 527 1294 16.
591 1234 822 1292 Ἀπολλ.
893 1235 1041 1303 Θεὸς,
1109 1233 1159 1288 ἐν
1242 1231 1515 1306 ἀνθρώπῳ
1572 1232 1864 1298 κατοικῶν,
1929 1227 2028 1281 οὐκ

372 1326 513 1382 ἔστιν
569 1325 888 1398 ἄνθρωπος·
944 1329 1159 1394 Πνεῦμα
1217 1319 1293 1391 δὲ,
1349 1319 1503 1394 σαρκὶ
1563 1319 1674 1390 (92)
1722 1316 2024 1388 ἡνωμένον,

376 1414 680 1489 ἅνθρωπος.
734 1413 984 1482 Χριστὸς,
1035 1413 1108 1473 ὡς
1157 1408 1390 1486 ενρηται,
1443 1407 1777 1480 ὁμωνύμως
1813 1411 2029 1478 Πνεῦμα

378 1505 476 1579 ἄρα
526 1502 666 1566 θεῖόν
716 1501 855 1556 ἐστιν
907 1499 1189 1572 ἡνωμένον
1249 1497 1424 1573 σαρκί.
1478 1498 1629 1571 Ὀρθ.
1685 1493 2027 1570 Ἠδολὲσχη-

381 1614 489 1654 σας.
524 1592 601 1648 Οὐ
634 1592 734 1668 γάρ
767 1595 985 1661 Πνεῦμα
1014 1589 1169 1664 σαρκὶ
1219 1588 1504 1659 ἡνωμένον
1558 1587 1774 1646 πάντως
1825 1585 2027 1660 ἅνθρω-

376 1681 477 1742 πός
511 1682 672 1736 ἐστιν·
711 1677 836 1734 ἀλλ’
870 1678 1110 1754 ἐγχωρεῖ
1138 1678 1227 1732 καὶ
1272 1678 1398 1752 βοῦν
1449 1677 1578 1730 εἶναι
1623 1675 1712 1728 καὶ
1764 1669 1907 1737 ὄνον,
1938 1673 2028 1727 καὶ

374 1775 476 1825 πᾶν
530 1767 582 1824 εἷ’
622 1767 674 1823 τί
721 1767 901 1842 ἓτερον
951 1767 1057 1821 τῶν
1123 1763 1390 1840 σαρκικῶν
1458 1763 1633 1832 ζώων.
1685 1763 1800 1816 Ἵνα
1849 1759 1904 1814 δέ
1943 1782 2026 1814 σοι

1334 387 1434 445 ΟΕ
1479 383 1773 442 SANCTA
1827 381 2253 440 TlllNl'l‘ATE
2310 379 2698 443 DlALDGUS
2746 384 2815 441 V.

3637 386 3789 444 1274

2199 515 2286 570 l5.
2323 516 2496 586 Apoll.
2534 516 2590 570 Si
2631 521 2779 572 Deus
2812 517 3098 573 habitavit
3143 519 3202 574 in
3236 519 3494 587 homine,
3529 536 3646 574 non
3678 519 3788 575 fuit

2133 606 2484 658 exinanitus.
2530 609 2600 659 At
2652 607 2988 660 exinanitus
3037 614 3145 670 est,
3179 609 3278 678 qui
3335 610 3391 662 in
3450 611 3635 664 forma
3683 609 3784 664 Dei

2135 695 2356 764 accepit
2388 694 2534 748 servi
2573 696 2840 749 formam.
2875 697 2998 751 Non
3047 696 3230 768 igitur
3259 697 3544 753 habitavit
3574 699 3630 752 in
3675 698 3786 754 ho-

2137 783 2466 838 mine.0rth.
2486 783 2703 855 Nempe
2732 786 2881 839 Deus
2900 785 3155 840 Verbum
3181 803 3294 841 non
3319 780 3664 858 simpliﬁter
3683 787 3787 842 ha-

2135 873 2340 926 bitavit
2369 873 2426 926 in
2457 873 2716 939 homine,
2744 874 2843 928 sed
2877 874 3047 928 etiam
3083 875 3270 929 factus
3303 881 3393 930 est
3424 876 3619 942 homo,
3655 894 3785 948 par-

2135 961 2317 1032 ticeps
2349 961 2657 1031 sanguinis
2689 967 2745 1016 et
2777 962 3054 1032 carnis,id
3090 968 3180 1018 est
3205 963 3477 1018 humanae
3512 969 3734 1020 natura)
3768 981 3781 1019 :

2136 1050 2382 1120 ideoque
2441 1050 2732 1120 Christus,
2777 1068 2891 1106 non
2952 1057 3042 1107 est
3091 1053 3376 1108 duntaxat
3428 1054 3624 1121 homo,
3683 1055 3783 1111 sed

2136 1138 2290 1193 idem
2331 1140 2478 1193 Deus
2513 1143 2569 1194 et
2600 1139 2795 1195 homo.

2211 1229 2295 1283 16.
2329 1229 2509 1295 Apoll.
2571 1229 2725 1285 Deus
2783 1229 3055 1286 habitans
3112 1231 3172 1286 in
3223 1231 3480 1297 homine,
3527 1249 3642 1287 non
3701 1236 3789 1288 est

2138 1316 2310 1371 homo
2345 1335 2356 1371 :
2392 1319 2489 1371 sed
2541 1318 2794 1388 Spiritus
2845 1319 3046 1373 unitus
3096 1321 3282 1387 carni,
3333 1327 3419 1374 est
3473 1321 3666 1376 homo.
3716 1323 3788 1376 At

2137 1405 2403 1460 Christus
2463 1410 2552 1460 est
2602 1406 2776 1461 homo
2835 1407 3149 1480 aquivoce,
3183 1409 3337 1463 sicut
3395 1409 3618 1464 dictum
3677 1415 3784 1466 est.

2138 1493 2381 1549 Divinus
2413 1511 2548 1564 ergo
2581 1495 2834 1565 Spiritus
2882 1500 2972 1550 est
3003 1496 3161 1551 carni
3209 1499 3431 1552 unitus.
3487 1499 3638 1554 Orth.
3671 1499 3787 1554 Nu-

2137 1585 2313 1656 garis.
2348 1583 2462 1639 Nec
2494 1585 2649 1638 enim
2683 1584 2732 1638 si
2762 1584 3014 1655 Spiritus
3045 1585 3204 1640 carni
3249 1586 3504 1654 uniatur,
3539 1591 3628 1644 est
3657 1604 3788 1660 pro-

2138 1672 2299 1726 tinus
2330 1671 2526 1737 hnmo,
2563 1672 2662 1727 sed
2707 1677 2897 1743 potest
2928 1673 3103 1728 etiam
3154 1690 3282 1729 esse
3331 1675 3434 1730 bos
3466 1680 3524 1730 et
3565 1677 3791 1742 asinus,

2139 1772 2198 1815 et
2249 1761 2498 1832 quodvis
2555 1759 2714 1814 aliud
2771 1778 3047 1816 cal-neum
3106 1763 3348 1820 animal.
3385 1764 3454 1819 Ut
3504 1782 3636 1821 vero
3686 1766 3790 1821 tibi

377 1855 510 1930 δοθῇ
545 1859 658 1930 (93)
687 1856 776 1910 καὶ
808 1856 870 1910 τὸ
904 1860 1045 1918 θεῖον
1075 1855 1204 1907 εἶναι
1250 1857 1468 1924 Πνεῦμα
1519 1850 1674 1926 σαρκὶ
1722 1851 2032 1922 ἡνωμένον,

2151 1853 2499 1906 concedatur
2523 1851 2786 1906 divinum
2814 1868 3047 1924 quoque
3063 1854 3344 1924 Spiritum
3372 1855 3598 1911 unitum
3616 1857 3795 1912 fuisse

381 1947 586 2022 ἀνάγκη
643 1951 808 2014 πᾶσα,
856 1943 1145 2018 γενόμενον
1200 1941 1484 2014 ἄνθρωπον
1537 1940 1596 1994 ἐκ
1647 1942 1895 2014 γυναικὸς
1941 1941 2031 1993 τὸν

384 2037 514 2092 Θεὸν
550 2034 744 2110 Λόγον,
781 2032 1054 2105 Πνεόματι
1107 2031 1262 2105 σαρκὶ
1315 2029 1586 2101 ἡνωμένῳ
1634 2029 1920 2099 ἒνωθῆναι,
1948 2027 2040 2082 ’ἕνα

377 2126 666 2200 ἄνθρωπος
691 2124 936 2198 γένηται.
978 2125 1103 2183 Πῶς
1135 2120 1238 2196 γὰρ
1271 2119 1363 2173 οὖν
1399 2116 1636 2188 ἠδύνατο
1694 2119 1768 2190 μὴ
1822 2118 2039 2179 ἑνωθεῖς

377 2210 1072 2289 ἀνθρώπῳςὋμωνύμως
1105 2207 1161 2264 δὲ
1210 2208 1310 2263 οὐκ
1358 2209 1416 2262 ἂν
1467 2207 1714 2279 εἷ’ποιμεν
1764 2207 1854 2261 τὸν
1905 2213 2038 2281 Χρι-

377 2304 500 2357 στὸν
543 2303 860 2374 ἄνθρωπον,
889 2299 979 2354 ’ἱνα
1013 2301 1089 2372 μή
1140 2299 1276 2353 κατὰ
1325 2296 1614 2376 φαντασίαν
1665 2297 1896 2369 νομισθῇ
1949 2294 2038 2349 ἅν-

376 2394 628 2469 θρωπος,
665 2389 829 2462 μόνον
854 2389 918 2444 τὸ
949 2382 1128 2461 ὄνομα
1159 2387 1340 2442 κοινὸν
1375 2384 1540 2461 ἔχων.

447 2571 535 2626 17.
575 2565 818 2625 Ἀπολλ.
873 2565 1194 2642 Ἀνθρώπου
1247 2565 1310 2618 τὸ
1358 2562 1648 2632 ἀναστῆναι
1708 2561 1767 2616 ἐκ
1812 2566 2040 2636 νεκρῶν,

381 2663 516 2715 Θεοῦ
562 2656 618 2712 δὲ
648 2656 710 2712 τὸ
744 2656 1057 2726 ἀναστῆσαι·
1095 2653 1318 2730 ἑκάτερα
1367 2651 1424 2708 δὲ
1473 2651 1726 2728 Χριστός
1761 2651 1889 2712 Θεὸς
1938 2651 2040 2726 ἄρα

377 2747 466 2804 καὶ
502 2744 785 2822 ἅνθρωπος
818 2745 846 2799 6
876 2743 1060 2806 αὐτός.
1097 2745 1244 2819 Ὀρθ.
1284 2767 1311 2795 ‹‹
1347 2742 1484 2812 Δόξα
1521 2742 1570 2796 ἐν
1618 2741 1859 2815 ὑψίστοις
1899 2740 2036 2812 Θεῷ,

377 2836 468 2892 καὶ
523 2835 610 2890 ἐπὶ
669 2841 773 2910 γῆς
837 2834 1053 2907 εἰρήνη,
1089 2858 1110 2886 ι
1147 2832 1229 2886 ὅτι
1276 2831 1364 2886 καὶ
1419 2829 1562 2885 ἄκων
1619 2831 1718 2898 τήν
1777 2829 2035 2900 ἀλήθειαν

381 2924 778 2999 ὡμολόγησας.
829 2920 972 2978 Ἔδει
1025 2922 1128 2998 γὰρ
1175 2923 1267 2976 τὸν
1334 2920 1690 2992 ἀνιστάμενον
1745 2922 1880 2974 εἶναι
1947 2918 2038 2974 καὶ

377 3013 471 3070 τὸν
518 3013 840 3068 ἆνιστῶντα.
876 3011 974 3066 Καὶ
1025 3009 1205 3086 ὥσπερ
1247 3009 1346 3064 οὐκ
1392 3010 1449 3063 ἂν
1505 3007 1588 3078 εἷή
1625 3009 1751 3069 Θεὸς
1791 3007 1877 3062 καὶ
1910 3007 2036 3084 σὰρξ

388 3103 465 3176 μή
533 3101 749 3164 ἓνωθεὶς
816 3100 992 3174 σαρκὶ,
1046 3096 1172 3154 οὐδὲ
1233 3099 1361 3162 Θεὸς
1440 3099 1526 3152 καὶ
1600 3097 1906 3171 ἄνθρωπος,
1960 3098 2035 3170 μὴ

387 3193 606 3256 ἑνωθεῖς
639 3189 933 3267 ἀνθρώπω.

461 3372 544 3427 18.
576 3367 818 3426 Ἀπολλ.
869 3367 928 3425 El
984 3367 1148 3440 μόνοι
1196 3368 1262 3436 ἦν
1316 3363 1603 3440 ἅνθρωπος
1659 3367 1684 3420 6
1729 3366 1974 3439 Χριστὸς,
2005 3365 2040 3433 ἢ

386 3458 433 3513 εἰ
481 3459 644 3531 μόνον
675 3458 828 3526 Θεὸς,
861 3456 960 3512 οὐκ
990 3457 1048 3511 ἃν
1078 3457 1144 3526 ἦν
1193 3457 1354 3529 μέσος
1405 3460 1539 3510 Θεοῦ
1585 3455 1672 3510 καὶ
1722 3454 2040 3526 ἀνθρώπων.

381 3553 510 3624 Ope.
555 3547 874 3622 Εὐλογητὸς
907 3548 934 3602 6
961 3545 1089 3607 Θεὸς
1121 3544 1172 3600 ἐν
1206 3551 1334 3600 πᾶσι
1376 3545 1614 3613 τούτοις,
1649 3543 1836 3619 ὅτιπερ
1884 3545 2038 3616 ὡμο-

380 3635 627 3711 λόγησας
694 3638 834 3708 μήτε
893 3634 1054 3706 μόνον
1107 3633 1392 3709 ἄνθρωπον
1443 3634 1535 3688 τὸν
1585 3635 1814 3706 Χριστὸν
1885 3633 2039 3690 εἶναι.

382 3728 521 3799 μήτε
571 3724 735 3797 μόνον
796 3724 946 3782 Θεόν.
994 3725 1050 3777 Ὀ
1099 3724 1204 3798 γὰρ
1256 3724 1384 3784 Θεὸς
1433 3721 1562 3783 Θεός
1631 3720 1762 3794 ἐστι,
1798 3722 1886 3776 καὶ
1944 3721 2042 3776 οὐκ

380 3811 524 3869 ἔστιν
583 3811 866 3889 ἅνθρωπος
919 3811 1101 3872 κοινός
1155 3813 1243 3866 καὶ
1305 3810 1586 3882 ἅνθρωπος
1635 3811 1663 3864 ὁ
1711 3812 1892 3872 κοινὸς
1953 3812 2041 3864 ἅν-

377 3902 597 3975 θρωπός
655 3901 817 3969 ἐστιν,
884 3901 975 3956 καὶ
1037 3901 1136 3955 οὐκ
1188 3899 1298 3956 ἔστι
1359 3899 1506 3960 Θεός.
1568 3901 1698 3961 Θεὸς
1771 3901 2042 3976 ἀνθρώπῳ

378 3992 598 4056 ξενωθεὶς
651 3991 879 4067 Χριστός
934 3990 1065 4060 ἐστι,
1106 3990 1328 4064 μεσίτης
1379 3993 1510 4044 Θεοῦ
1572 3987 1660 4042 καὶ
1713 3988 2036 4063 ἀνθρώπων,

380 4083 409 4136 6
439 4081 600 4142 αὐτὸς
634 4079 766 4142 Θεὸς
794 4079 883 4134 καὶ
920 4078 1230 4155 ἄνθρωπος.

449 4174 536 4228 19.
571 4169 802 4227 Ἀπολλ.
857 4169 920 4226 Εἰ
983 4168 1147 4242 μόνον
1209 4164 1491 4243 ἅνθρωπος
1549 4167 1576 4221 6
1629 4169 1882 4242 Χριστὸς,
1933 4168 2034 4223 οὐκ

378 4260 438 4314 ἂν
482 4257 651 4328 ἔσωζε
696 4258 785 4313 τὸν
840 4254 1068 4330 κόσμον
1098 4257 1186 4312 καὶ
1239 4256 1282 4311 εἷ
1331 4257 1494 4328 μόνον
1540 4257 1692 4326 Θεὸς,
1727 4257 1826 4312 οὐκ
1856 4257 1916 4312 ἂν
1949 4255 2039 4312 διὰ

380 4348 586 4409 πάθους
646 4345 860 4416 ἔσωζεν’
926 4346 1148 4419 ἑκάτερα
1207 4343 1265 4401 δὲ
1320 4345 1566 4420 Χριστός
1600 4347 1688 4402 καὶ
1747 4347 1875 4409 Θεὸς
1936 4346 2037 4423 ἄρα

388 4437 500 4492 ἐστὶ
553 4437 642 4492 καὶ
713 4434 1034 4510 ἄνθρωπος.
1091 4436 1260 4511 Ὀρθ.
1325 4435 1422 4490 Καὶ
1499 4440 1584 4491 νῦν
1649 4436 2033 4510 εὐγνωμόνως.

383 4527 620 4603 Ἀνάγκη
667 4525 768 4600 γὰρ
811 4525 891 4597 τῷ
941 4523 1098 4588 πάθει
1152 4523 1547 4600 ἀνθρωπότητα
1583 4526 1918 4596 ὑποκεῖσθαι,
1946 4527 2032 4580 καὶ

2147 1942 2326 2005 carni,
2362 1939 2600 1996 omnino
2649 1944 2843 1995 tamen
2879 1957 3117 1996 necesse
3151 1943 3260 1997 fuit
3306 1943 3486 1998 Deum
3517 1945 3794 2010 Verbum,

2146 2047 2279 2086 cum
2333 2030 2409 2084 sit
2458 2031 2645 2084 factus
2707 2029 2880 2085 homo
2935 2047 3002 2085 ex
3061 2030 3324 2099 muliere,
3357 2032 3599 2103 Spiritui
3639 2035 3799 2090 carni

2149 2121 2314 2175 unito
2350 2119 2525 2186 uniri,
2561 2123 2626 2174 ut
2676 2119 2848 2174 homo
2899 2120 3078 2176 ﬁeret.
3116 2121 3416 2184 Quomodo
3465 2122 3620 2179 enim
3678 2123 3798 2179 ﬁeri

2151 2210 2318 2264 homo
2345 2209 2632 2279 potuisset
2656 2224 2772 2264 non
2799 2209 2997 2263 unitus
3019 2208 3578 2267 homini?Christum
3607 2217 3802 2268 autem

2150 2314 2522 2368 nequaquam
2559 2297 2878 2353 dixerimus
2911 2297 3212 2354 hominem
3245 2315 3374 2356 esse
3405 2300 3805 2374 equivoceme

2150 2387 2339 2458 specie
2381 2392 2438 2442 et
2485 2385 2788 2442 communi
2838 2385 3074 2442 nomine
3124 2391 3296 2444 tenus
3335 2388 3512 2444 homo
3566 2405 3804 2447 censea-

2148 2481 2265 2532 tur.

2222 2567 2307 2622 17.
2341 2565 2519 2636 Apoll.
2555 2564 2821 2620 Hominis
2865 2569 2957 2622 est
2999 2582 3302 2639 resurgere
3333 2585 3366 2622 a
3394 2568 3662 2637 mortuis,
3696 2569 3799 2625 Dei

2148 2671 2282 2710 vero
2313 2655 2562 2709 excitare
2593 2670 2625 2709 ει
2655 2655 2925 2710 mortuis.
2962 2654 3286 2728 Utrumque
3335 2657 3606 2714 convenit
3637 2659 3798 2714 Chri-

2148 2750 2258 2800 sto.
2296 2745 2454 2798 ldem
2504 2759 2637 2812 ergo
2677 2747 2767 2798 est
2817 2742 2972 2800 Deus
3020 2749 3077 2800 et
3124 2744 3322 2813 homo,
3353 2747 3514 2806 Orth.
3549 2770 3578 2797 ‹‹
3611 2747 3805 2804 Gloria

2150 2836 2209 2890 in
2259 2833 2502 2889 excelsis
2551 2832 2688 2902 Deo,
2721 2832 2865 2888 etin
2911 2839 3068 2890 terra
3119 2853 3227 2908 pax
3256 2837 3319 2903 ⁸³,
3356 2859 3384 2886 ››
3417 2837 3571 2908 quod
3622 2840 3800 2895 etiam

2147 2924 2370 2980 invitus
2401 2922 2706 2977 veritatem
2739 2923 3040 2994 professus
3089 2924 3289 2981 fueris.
3327 2926 3600 2997 Oportuit
3641 2927 3797 2982 enim

2147 3011 2444 3066 Christum
2478 3027 2607 3066 esse
2637 3013 3041 3085 utrumque,id
3073 3018 3180 3084 est,
3214 3019 3270 3070 et
3299 3032 3431 3070 eum
3465 3016 3563 3088 qui
3598 3032 3796 3073 resur-

2147 3102 2409 3173 geret,‘_’et
2437 3117 2572 3156 eum
2606 3099 2707 3172 qui
2738 3100 3029 3157 excitaret.
3051 3103 3120 3158 Et
3149 3105 3648 3175 quemadmodum
3682 3123 3796 3161 non

2149 3194 2306 3245 esset
2340 3191 2487 3245 Deus
2518 3192 2574 3244 et
2605 3191 2886 3255 caro,uisi
2920 3189 3124 3248 unitus
3153 3197 3307 3248 esset
3337 3193 3498 3249 carni
3524 3212 3536 3263 ;
3571 3194 3652 3250 ita
3683 3211 3796 3252 non

2067 3255 2110 3323 C
2148 3283 2305 3335 esset
2330 3279 2483 3333 Deus
2515 3282 2572 3332 et
2602 3277 2798 3344 homo,
2832 3279 2945 3334 nisi
2977 3280 3178 3335 unitus
3209 3285 3366 3337 esset
3395 3255 3639 3338 homini.

2225 3367 2310 3421 18.
2345 3367 2517 3438 Apoll.
2566 3367 2624 3422 Si
2675 3367 2938 3424 Christus
2986 3373 3144 3424 esset
3189 3374 3417 3424 tantum
3469 3371 3665 3444 homo,
3711 3373 3800 3429 vel

2148 3460 2381 3511 tantum
2420 3457 2590 3525 Deus,
2623 3473 2736 3511 non
2768 3462 2923 3511 esset
2955 3459 3183 3513 medius
3213 3459 3363 3515 inter
3399 3462 3576 3516 Deum
3609 3467 3668 3517 et
3697 3461 3801 3517 ho-

2152 3545 2361 3601 mines.
2397 3547 2544 3602 0rllc.
2582 3545 2930 3601 Benedictus
2961 3547 3038 3602 sit
3085 3548 3368 3604 Dominus
3401 3549 3458 3603 in
3492 3550 3583 3606 his
3613 3551 3803 3607 omni-

2153 3636 2442 3706 bus,quod
2463 3634 2640 3689 etiam
2673 3634 2754 3688 sis
2785 3637 3092 3691 confessus
3115 3637 3549 3705 Christum,nec
3576 3644 3800 3696 tantum

2149 3741 2278 3779 esse
2309 3724 2516 3793 Deum,
2552 3740 2654 3778 nec
2686 3727 2914 3779 tantum
2947 3741 3074 3780 esse
3107 3725 3426 3783 hominem.
3461 3728 3614 3784 Deus
3644 3730 3799 3785 enim

2148 3818 2238 3868 est
2284 3814 2460 3879 Deus,
2511 3829 2698 3884 neque
2750 3813 2923 3869 homo
2972 3815 3306 3871 communis
3354 3823 3488 3873 est:
3523 3823 3579 3873 et
3630 3818 3802 3877 homo

2147 3903 2504 3968 communis,
2537 3907 2627 3957 est
2676 3901 2870 3972 homo,
2905 3908 2965 3958 at
3006 3921 3120 3959 non
3178 3904 3347 3962 Deus.
3386 3905 3597 3964 Unitus
3645 3909 3802 3964 Deus

2148 3991 2370 4047 homini
2421 3995 2510 4046 est
2557 3991 2845 4062 Christus,
2890 3993 3175 4048 mediator
3228 3995 3322 4049 Dei
3371 4001 3426 4051 et
3472 3997 3796 4066 hominum,

2146 4081 2273 4152 ipse
2303 4085 2360 4136 et
2390 4079 2543 4135 Deus
2575 4085 2633 4135 et
2663 4080 2858 4137 homo.

2220 4170 2305 4224 19.
2340 4169 2516 4237 Apoll.
2551 4170 2607 4224 Si
2638 4174 2867 4226 tantum
2899 4171 3076 4227 homo
3108 4172 3317 4229 fuisset
3359 4173 3651 4243 Christus,
3685 4195 3800 4234 non

2146 4264 2434 4315 servasset
2467 4260 2870 4315 mundum.At
2897 4261 2945 4316 si
2982 4266 3209 4316 tantum
3244 4263 3452 4319 fuisset
3487 4265 3658 4331 Deus,
3685 4283 3797 4321 non

2147 4353 2438 4406 servasset
2468 4365 2570 4422 per
2596 4349 2953 4422 passionem.
2989 4348 3312 4420 Utrumque
3341 4354 3612 4410 convenit
3638 4355 3802 4411 Chri-

2145 4445 2257 4496 sto.
2292 4440 2393 4495 Est
2424 4439 2603 4511 igitur
2632 4443 2688 4494 et
2715 4443 2867 4495 Deus
2899 4443 2956 4495 et
3000 4440 3191 4495 homo.
3227 4439 3376 4496 Orlh.
3412 4443 3481 4497 Et
3508 4443 3617 4498 hoc
3652 4460 3800 4515 quo-

2146 4545 2259 4602 que
2292 4529 2490 4601 probe.
2524 4528 2658 4584 Fuit
2688 4529 2844 4584 enim
2878 4544 3114 4585 necesse
3170 4529 3487 4587 humanam
3527 4537 3797 4589 naturam

376 4622 480 4684 τῆς
528 4621 671 4684 ζωῆς
721 4614 950 4684 θεότητα
997 4614 1264 4689 ἡγεῖσθαι.
1299 4610 1437 4670 Οὔτε
1485 4611 1576 4668 οὖν
1611 4613 1920 4684 ἐζωοποίει,
1958 4616 2032 4688 μὴ

2151 4619 2442 4675 substerni
2501 4618 2783 4690 passioni,
2827 4623 2881 4673 et
2940 4619 3217 4675 deitatem
3278 4620 3487 4676 ducem
3538 4638 3668 4677 esse
3726 4624 3798 4680 ad

375 4703 448 4759 ὢν
502 4705 657 4773 Θεὸς,
692 4701 816 4758 οὔτε
873 4699 1106 4777 ἔπασχεν
1170 4702 1432 4764 ἑκουσίως
1486 4705 1560 4774 μὴ
1613 4700 1684 4757 ὣν
1737 4704 2036 4780 ἄνθρωπος’

375 4795 662 4872 ἀμφότερα
707 4790 764 4848 δὲ
811 4791 1063 4866 Χριστὸς,
1093 4789 1182 4845 καὶ
1233 4785 1396 4845 ἔπαθε
1443 4792 1531 4846 καὶ
1566 4791 1872 4860 ἐζωοποίει·
1909 4796 2039 4857 Θεὸς

374 4885 476 4960 ἄρα
505 4883 614 4939 ἐστὶ
645 4881 740 4937 καὶ
777 4879 1085 4955 ἅνθρωπος.

440 5066 531 5119 20.
563 5057 797 5119 ’Δπολλ.
831 5058 895 5114 Εἰ
931 5057 1092 5132 μόνον
1127 5059 1410 5132 ἄνθρωπος
1450 5062 1514 5128 ἦν
1560 5060 1587 5114 ὁ
1639 5061 1897 5134 Χριστὸς,
1932 5061 2034 5116 οὐκ

375 5152 434 5207 ἃν
466 5149 754 5221 ἐζωοποίει
810 5147 939 5210 τοὺς
987 5148 1230 5224 νεκρούς·
1282 5148 1372 5203 καὶ
1426 5148 1470 5202 εἰ
1529 5148 1695 5222 μόνον
1751 5151 1900 5218 Θεὸς,
1934 5151 2034 5206 οὐκ

375 5242 434 5297 ἂν
487 5238 598 5311 ἰδίᾳ
646 5239 792 5311 παρᾶ
842 5239 928 5292 τὸν
983 5241 1193 5312 Πατέρα
1243 5236 1525 5306 ἐζωοποέει
1584 5241 1732 5301 tavit;
1791 5244 1900 5294 τῶν
1953 5262 2034 5295 νε-

367 5337 531 5409 κρῶν·
568 5331 791 5403 ἑκάτερα
847 5323 905 5382 δὲ
963 5326 1214 5403 Χριστός⁶
1252 5327 1384 5392 Θεὸς
1445 5329 1545 5404 ἄρα
1595 5329 1685 5383 καὶ
1737 5328 2028 5406 ἄνθρωπος

448 5489 491 5522 ⁹²
524 5486 662 5541 Luc.
699 5499 761 5549 ιι,
793 5482 882 5537 14.

449 5645 564 5716 (92)
597 5643 803 5717 Palati,
833 5640 1130 5717 ⁸ἡνωμένον
1159 5637 1297 5717 ἐστὶν
1331 5641 1612 5717 ἡνωμένον
1642 5643 1818 5717 σαρκί.

2150 4707 2350 4763 vitam.
2404 4712 2609 4779 Itaque
2640 4707 2752 4763 nisi
2799 4707 2950 4763 Deus
2996 4713 3171 4771 esset.
3209 4727 3323 4764 non
3375 4709 3712 4780 viviﬁcaret,
3747 4718 3802 4769 et

2147 4796 2259 4852 nisi
2292 4797 2499 4852 fuisset
2522 4797 2698 4853 homo
2723 4813 2834 4852 non
2862 4814 3076 4869 passus
3098 4798 3306 4853 fuisset
3328 4797 3799 4858 volens.Utrum-

2147 4905 2259 4959 que
2289 4905 2423 4943 vero
2455 4887 2687 4943 Christo
2721 4887 3008 4958 convenit,
3043 4904 3178 4943 nam
3212 4905 3425 4959 passus
3456 4896 3545 4945 cst
3574 4897 3632 4947 et
3661 4893 3802 4948 vivi-

2147 4976 2340 5032 ﬁcavit
2374 4993 2386 5032 :
2419 4981 2508 5032 est
2541 4977 2718 5046 igitur
2743 4980 2800 5032 et
2828 4976 2982 5033 Deus
3013 4981 3070 5032 et
3098 4976 3295 5034 homo.

2216 5065 2370 5121 468
2401 5067 2491 5120 20.
2523 5066 2698 5136 Apoll.
2734 5066 2794 5121 Si
2846 5065 3116 5122 Christus
3164 5066 3338 5123 homo
3374 5072 3602 5124 tantum
3653 5070 3798 5126 fuis-

2143 5161 2251 5222 set,
2281 5171 2397 5210 non
2445 5153 2796 5210 viviﬁcasset
2843 5161 3106 5211 mortuos
3141 5174 3153 5211 :
3186 5163 3243 5211 et
3272 5157 3318 5212 si
3364 5161 3594 5214 tantum
3642 5160 3798 5216 Deus

2143 5244 2374 5312 fuisset,
2438 5243 2632 5298 nullos
2693 5249 2958 5300 mortuos
3029 5246 3276 5302 seorsim
3335 5263 3367 5302 a
3422 5251 3590 5303 Patre
3659 5249 3798 5304 vivi-

2145 5335 2399 5391 ﬁcasset.
2433 5333 2756 5408 Utrumque
2785 5350 2917 5390 vero
2942 5333 3076 5390 fecit
3112 5334 3400 5394 Christus.
3435 5337 3594 5393 Idem
3617 5336 3795 5412 igitur

447 5709 557 5789 (93)
591 5719 724 5773 Mss.
760 5709 893 5786 δοθῇ
925 5709 1014 5766 καὶ
1045 5709 1380 5788 ἀνθρώπινον
1415 5709 1545 5769 εἶναι
1579 5709 1820 5790 Πνεῦμα,
1852 5719 1977 5790 sed,
2009 5738 2034 5772 κ

2151 5720 2282 5789 ϋεὸν,
2325 5723 2582 5779 secunda
2613 5738 2816 5778 manu.
