4116 6386
342 354 496 415 1275

1508 355 1573 413 S.
1624 350 2144 413 ATHANASIUS.
2173 382 2252 399 —-
2283 351 2591 413 SPURIA.

3618 352 3765 414 1276

342 491 434 542 est
469 486 627 544 Deus
678 491 739 543 et
793 485 992 544 homo.
1054 487 1204 545 Orth.
1268 486 1537 544 Christus
1595 486 1833 560 quidem
1880 501 1997 541 non

2123 479 2357 545 δαῦτός.
2391 483 2542 557 Ὀρθ.
2585 482 2664 540 O6
2726 483 2888 556 μόνον
2953 483 3046 555 μὶν
3109 480 3395 559 ἄνθρωπος
3436 485 3505 552 ἦν
3560 483 3588 539 6
3637 487 3765 560 Χρι-

345 580 579 632 tantum
606 576 716 631 fuit
737 577 1083 644 homo,Nam
1110 595 1182 633 ne
1200 577 1467 632 Christus
1495 577 1732 648 quidem
1769 576 1999 640 fuisset,

349 666 398 721 si
430 669 659 721 tantum
694 666 904 721 fuisset
934 666 1454 723 homo.Vivificans
1483 670 1679 720 tamen
1712 668 2000 729 mortuos,

348 754 591 810 minime
611 754 774 825 ipsos
791 755 1103 810 viviﬁcavit
1123 755 1368 810 seorsim
1403 771 1435 809 a
1466 759 1658 810 Patre.
1699 752 2000 818 Quomodo

346 843 503 899 enim
556 843 822 910 dixisset,
854 866 882 894 «
915 845 1084 899 Pater
1130 843 1189 898 in
1233 859 1327 899 me
1376 858 1646 913 manens,
1693 843 1820 913 ipse
1864 839 2002 896 facit

345 948 521 1002 opera
551 931 619 997 9’,
656 953 682 980 »
715 933 763 987 si
819 933 1064 988 seorsim
1100 950 1132 987 a
1167 933 1333 987 Patre
1374 933 1743 988 viviﬁcasset.
1799 932 2000 1001 Itaque

346 1021 577 1076 etiamsi
638 1022 814 1092 dicat,
859 1023 1079 1076 «Sicut
1136 1021 1306 1076 Pater
1355 1020 1566 1076 excitat
1624 1026 1887 1075 mortuos
1943 1022 2001 1075 et

344 1109 618 1177 viviﬁcat,
653 1110 734 1164 ita
764 1115 822 1165 et
853 1110 1054 1172 Filius,
1087 1126 1236 1181 quos
1266 1110 1391 1164 vult
1435 1109 1690 1164 vivificat
1718 1110 1784 1178 σι,
1821 1130 1848 1158 ››
1883 1125 1998 1163 non

345 1198 488 1255 dicit
519 1214 581 1255 se
631 1200 739 1254 hoc
770 1199 959 1253 facere
1011 1201 1286 1271 quapiam
1321 1198 1581 1254 efficacia
1615 1198 1930 1270 separatim
1966 1214 2001 1253 a

348 1292 536 1358 Patre,
569 1289 673 1343 sed
717 1288 798 1342 ita
840 1288 1120 1359 loquitur,
1154 1293 1216 1342 ut
1258 1305 1365 1343 nos
1419 1289 1618 1343 doceat
1651 1304 1769 1342 eme
1818 1286 1999 1360 hypo-

350 1380 575 1433 staseos
606 1378 1017 1449 perfectionem
1049 1378 1107 1433 in
1140 1394 1271 1433 sese
1309 1377 1661 1433 absolutam.
1698 1382 1810 1432 Nec
1842 1375 1999 1432 enim

351 1465 499 1522 alios
549 1467 785 1537 quidem
837 1471 1100 1524 mortuos
1146 1467 1358 1523 excitat
1402 1472 1458 1522 et
1503 1466 1756 1522 viviﬁcat
1812 1470 1998 1535 Pater,

349 1554 498 1610 alios
529 1572 659 1610 vero
692 1555 892 1610 Filius.

418 1644 508 1698 21.
542 1644 716 1713 Apoll.
751 1643 935 1700 Homo
984 1648 1149 1700 actus
1181 1661 1213 1700 a
1260 1649 1372 1701 Deo
1403 1661 1519 1700 non
1552 1649 1643 1699 est
1693 1649 1864 1709 Deus,
1898 1643 1998 1699 sed

347 1747 563 1804 corpus
609 1732 725 1788 Deo
759 1734 1141 1802 coniunctum
1183 1739 1273 1789 est
1302 1734 1476 1790 Deus.
1502 1735 1572 1789 At
1618 1733 1887 1789 Christus
1913 1735 2000 1788 est

350 1826 526 1877 Deus.
556 1825 680 1877 Non
715 1825 805 1877 est
832 1822 1014 1894 igitur
1041 1822 1218 1879 homo
1248 1829 1415 1879 actus
1447 1840 1480 1878 a
1513 1823 1753 1890 Deo,sed
1786 1838 1999 1894 corpus

349 1926 485 1966 cum
508 1909 626 1966 Deo
657 1912 1071 1982 compositum.
1107 1911 1257 1967 Orth.
1294 1912 1418 1969 Non
1450 1917 1541 1968 est
1570 1911 1807 1984 quidem
1840 1910 2001 1968 Chri-

350 2001 481 2055 stus
511 1997 683 2055 homo
712 2005 881 2055 actus
911 2016 943 2054 a
973 1999 1218 2066 Deo,sed
1251 2000 1405 2056 Deus
1437 2000 1756 2070 homini,ut
1779 2004 1842 2055 tu
1876 2000 2001 2072 ipse

349 2087 696 2158 nominasti,
729 2089 1101 2160 conjunctus.
1135 2088 1279 2145 Nam
1313 2091 1359 2146 si
1405 2095 1597 2161 potest
1643 2106 1857 2162 corpus
1890 2093 2001 2144 Deo

351 2176 852 2248 conjungi,potest
880 2177 1055 2232 etiam
1088 2183 1249 2235 totus
1281 2180 1457 2235 homo
1489 2180 1604 2235 Deo
1636 2178 2003 2251 conjungi,et

347 2264 504 2321 idem
535 2281 668 2321 esse
718 2267 867 2321 Deus
898 2270 955 2322 et
1002 2266 1196 2335 homo,
1231 2269 1382 2324 sicut
1432 2286 1567 2323 caro
1598 2272 1654 2323 et
1692 2268 1847 2324 Deus
1874 2267 2002 2339 ipse

348 2358 460 2410 est.
492 2354 640 2419 Quid
669 2371 839 2426 porro
868 2356 1061 2412 dicere
1081 2356 1316 2412 voluisti
1350 2374 1481 2412 cum
1505 2357 1751 2426 diceres,
1788 2370 2001 2428 corpus

350 2443 468 2498 Deo
498 2444 880 2514 conjunctum
916 2449 1086 2504 Deus.
1119 2445 1345 2518 ignoro.
1378 2448 1602 2518 Corpus
1626 2446 1781 2500 enim
1828 2461 2001 2501 vocas

350 2530 562 2596 Deum,
610 2533 860 2605 ideoque
898 2550 1111 2605 corpus
1142 2552 1257 2589 non
1289 2541 1420 2590 est:
1452 2534 1542 2591 vel
1577 2540 1753 2591 Deum
1787 2549 2002 2608 corpus

353 2635 532 2677 vocas
561 2621 745 2677 Deum
780 2627 1018 2694 propter
1044 2622 1210 2695 illud,
1245 2624 1399 2695 quod
1434 2629 1521 2679 est
1550 2625 2002 2695 eiconjunctum

355 2710 478 2767 sive
508 2712 923 2784 compositum.
956 2713 1258 2776 Quomodo
1289 2732 1421 2770 vero
1469 2715 1622 2771 Deus
1653 2715 1729 2771 sit
1772 2722 2003 2779 natura.

352 2799 452 2871 qui
499 2799 750 2871 alicujus
799 2818 979 2858 causa
1024 2802 1179 2858 Deus
1228 2803 1356 2860 sit?
1396 2804 1512 2859 Nos
1543 2820 1676 2860 vero
1705 2803 2002 2860 Christum

351 2904 469 2943 non
501 2888 754 2945 dicimus
783 2906 913 2946 esse
950 2892 1127 2947 Deum
1160 2893 1233 2947 ob
1264 2891 1424 2948 illam
1454 2909 1588 2949 cum
1621 2909 1861 2966 corpore
1883 2893 2005 2949 sive

351 2976 591 3034 homine
621 2980 1095 3051 conjunctionem
1132 2997 1145 3034 :
1180 2982 1278 3036 sed
1318 2987 1496 3037 Deum
1551 2988 1785 3054 propter
1832 2988 2004 3038 natu-

353 3082 503 3133 ram,
537 3083 711 3137 quam
745 3085 812 3124 ex
844 3069 1010 3124 Patre
1038 3070 1215 3125 habet
1242 3088 1255 3126 :
1289 3071 1587 3127 Christum
1612 3089 1745 3128 vero
1772 3078 2007 3145 prepter

355 3157 504 3212 servi
530 3158 801 3227 formam,
828 3159 1126 3231 unionem,
1151 3161 1271 3217 sive
1301 3162 1810 3235 compositionem,
1845 3166 1910 3218 ut
1938 3167 2004 3219 tu

354 3245 482 3318 ipse
513 3247 845 3320 appellasti.

423 3336 515 3391 22.
549 3336 723 3409 Apoll.
756 3336 815 3394 Si
852 3338 948 3394 Dei
983 3340 1269 3412 templum
1305 3344 1508 3396 natum
1550 3345 1638 3397 est
1683 3357 1752 3397 ex
1804 3341 2006 3413 Maria,

353 3440 786 3496 supervacanea
833 3432 923 3484 est
972 3445 1118 3485 nova
1165 3428 1268 3486 illa
1315 3430 1590 3486 nativitas
1634 3447 1703 3486 ex
1753 3430 2007 3503 Virgine,

355 3530 490 3570 cum
524 3516 749 3586 absque
795 3516 1083 3584 ejusmodi
1131 3517 1432 3574 nativitate
1475 3518 1746 3575 homines
1776 3535 2011 3591 quoque

362 3602 483 3658 sint
505 3603 603 3659 Dei
635 3604 1041 3678 templa.0rlh.
1075 3606 1359 3678 Oppugna
1392 3624 1560 3663 sacra
1589 3609 1923 3677 Evangelia,
1949 3612 2014 3664 ut

359 3692 569 3747 audias
604 3709 618 3748 :
659 3713 687 3744 ο
717 3693 939 3749 Durum
973 3699 1064 3749 est
1108 3696 1215 3751 tibi
1249 3700 1452 3751 contra
1497 3697 1804 3751 stimulum
1838 3696 2013 3751 calci-

359 3781 629 3836 trare“.»
662 3783 811 3836 Audi
842 3783 997 3838 enim
1034 3785 1345 3839 Dominum
1378 3784 1668 3841 dicentem
1699 3801 1712 3838 :
1750 3785 2017 3841 «Solvite

360 3870 651 3942 templum
676 3870 871 3937 hoc,et
892 3871 951 3927 in
983 3873 1175 3929 tribus
1205 3873 1411 3929 diebus
1442 3874 1705 3930 excitabo
1736 3874 1879 3930 illud
1913 3876 2016 3931 9°.»

360 3958 606 4015 Etiamsi
638 3977 773 4016 vero
804 3960 1068 4017 nonnulli
1092 3961 1363 4019 homines
1394 3963 1516 4020 sint
1544 3966 1907 4038 templa,non
1932 3970 2015 4021 ta-

363 4064 499 4104 men
530 4049 613 4104 ita
642 4053 782 4104 sunt
808 4051 1049 4123 templa,
1080 4055 1363 4124 tanquam
1397 4052 1570 4110 etiam
1614 4055 1829 4111 Christi
1864 4074 1877 4110 :
1912 4073 2019 4111 nec

361 4137 679 4210 quisquam
711 4155 911 4196 eorum
945 4144 1036 4197 est
1063 4140 1332 4197 Christus
1362 4144 1713 4215 conjunctus
1742 4162 1875 4200 cum
1900 4146 2015 4202 Deo

363 4227 593 4292 Verbo;
625 4228 758 4284 nolo
808 4230 964 4285 enim
997 4230 1293 4287 discedere
1322 4249 1357 4287 a
1386 4237 1486 4288 tuo
1528 4234 1830 4305 vocabulo,
1867 4240 1930 4290 ut
1961 4241 2019 4291 te

368 4333 438 4374 ex
464 4322 566 4374 tuo
596 4318 785 4389 ipsius
835 4336 932 4375 ore
962 4319 1021 4375 in
1073 4321 1427 4378 sententiam
1461 4339 1649 4379 meam
1702 4325 2014 4381 adducam.

367 4407 473 4464 Hic
502 4413 696 4463 autem
731 4408 1015 4481 templum
1064 4410 1445 4481 conjunctum
1475 4429 1610 4469 cum
1662 4413 1779 4470 Deo
1809 4413 2020 4483 Verbo,

368 4496 635 4554 Christus
665 4498 953 4564 videlicet,
987 4504 1191 4555 natum
1225 4504 1314 4557 est
1341 4519 1409 4557 ex
1456 4502 1693 4577 Virgine
1723 4520 1790 4560 eo
1821 4504 2017 4572 modo,

369 4587 472 4659 qui
504 4588 689 4642 Deum
721 4589 982 4643 decebat.

439 4677 530 4732 23.
563 4677 739 4747 Apoll.
775 4677 832 4732 Si
870 4676 1005 4732 talis
1044 4682 1133 4734 est
1176 4684 1389 4737 natura
1436 4680 1676 4751 Christi,
1726 4680 1920 4753 qualis
1970 4686 2028 4738 et

369 4769 575 4822 nostra
620 4771 710 4821 est
743 4782 756 4821 :
789 4770 951 4822 vetus
1004 4767 1179 4824 homo
1213 4774 1299 4824 est
1328 4769 1525 4825 anima
1564 4770 1786 4839 vivens,
1819 4775 1877 4826 et
1907 4787 2022 4827 non

371 4854 615 4927 spiritus
647 4854 969 4922 viviﬁcans,
1003 4873 1106 4911 nec
1137 4857 1234 4929 qui
1267 4859 1404 4914 talis
1445 4864 1553 4926 est,
1584 4858 1920 4915 vivificabit.
1953 4862 2026 4916 At

372 4943 635 5000 Christus
685 4944 957 5011 vivificat,
1010 4951 1216 5018 estque
1267 4946 1519 5018 Spiritus
1562 4948 1846 5005 viviﬁcus.
1897 4950 2023 5006 Non

374 5036 465 5086 est
496 5031 677 5105 igitur
720 5036 931 5088 nostras
986 5040 1231 5091 naturai.
1269 5035 1432 5092 Orlh.
1480 5036 1704 5101 Adhuc,
1756 5038 1894 5109 quid
1948 5040 2027 5094 sit

375 5119 647 5176 Christus
680 5122 940 5193 ignoras.
973 5122 1177 5179 Nescis
1208 5123 1362 5179 enim
1395 5125 1645 5181 duarum
1681 5132 2026 5184 naturarum

372 5226 502 5267 esse
530 5211 897 5278 unionem.et
927 5227 1116 5284 neque
1146 5211 1338 5269 solum
1373 5213 1582 5283 Deum,
1611 5232 1800 5291 neque
1833 5218 2025 5276 solum

2111 570 2255 634 στός·
2291 569 2415 626 οὐδὲ
2470 572 2572 648 γὰρ
2630 569 2690 626 ἃν
2741 572 2807 640 ἦν
2858 572 3112 648 Χριστὸς,
3143 571 3191 627 εἴ
3242 571 3409 644 μόνον
3458 574 3526 640 ἦν
3560 569 3763 648 ἄνθρω-

2109 680 2230 723 πος·
2282 665 2568 731 ζωοποιῶν
2618 659 2676 716 δὲ
2715 662 2844 723 τοὺς
2888 659 3131 738 νεκροὺς,
3165 660 3268 715 οὐκ
3315 658 3438 733 ἰδίᾳ
3486 660 3633 737 παρᾶ
3674 662 3763 716 τὸν

2111 749 2321 825 Πατέρα
2380 754 2658 820 ζωοποιεῖ.
2718 754 2841 811 Πῶς
2891 750 2993 826 γὰρ
3044 745 3250 825 ἔλεγεν,
3311 774 3340 802 α
3395 750 3461 807 Ὀ
3519 750 3765 826 Ηατὴρὸ

2112 838 2161 894 ἐν
2224 839 2349 912 ἐμοὶ
2411 838 2585 912 μενων
2644 843 2794 894 ποιεῖ
2847 838 2915 894 τὰ
2972 835 3103 914 ἔργα
3161 838 3346 910 αὐτὸς,
3386 863 3415 890 υ
3448 836 3603 914 εἷ’περ
3660 837 3767 912 ἲδέᾳ

2109 929 2254 1004 παρὰ
2329 930 2420 984 τὸν
2493 929 2704 1004 Πατέρα
2784 932 3043 998 ζωοποιεῖ
3092 946 3107 997 ;
3160 927 3255 983 κᾶν
3338 927 3528 983 τοίνυν
3613 927 3765 1005 λέγῃ,

2113 1042 2142 1071 ιι
2168 1022 2372 1093 ’Ὠσπερ
2399 1020 2427 1073 6
2461 1019 2647 1094 Πατὴρ
2680 1016 2872 1095 ἐγείρει
2903 1016 3032 1080 τοὺς
3071 1037 3292 1092 νεκρους
3342 1016 3437 1072 καὶ
3491 1022 3764 1089 ζωοποιεῖ,

2110 1106 2283 1169 οὕτως
2314 1108 2403 1163 καὶ
2437 1108 2464 1162 6
2514 1108 2660 1174 Υἱὸς,
2693 1105 2784 1169 οὓς
2836 1104 2980 1162 θέλει
3034 1111 3315 1180 ζωοποιεῖ,
3354 1129 3384 1159 »
3418 1105 3483 1161 οὗ
3532 1126 3764 1183 κεχωρι-

2110 1197 2324 1270 σμένως
2368 1198 2504 1271 (93⁵)
2542 1200 2638 1250 τοῦ
2670 1195 2880 1271 Πατρὸς
2910 1196 3027 1250 κατ’
3063 1194 3330 1272 ἐνέργειαν
3380 1200 3551 1251 τοῦτο
3599 1201 3761 1249 ποιεῖν

2110 1283 2277 1363 λέγει,
2310 1283 2457 1340 ἀλλὰ
2484 1285 2547 1340 τὸ
2575 1282 2860 1346 αὐτοτελὲς
2898 1284 2997 1353 τῆς
3046 1284 3239 1339 ἑαυτοῦ
3295 1281 3650 1345 ὑποστάσεως
3691 1280 3761 1338 δι-

2111 1373 2320 1430 δάσκων
2372 1376 2541 1447 ἡμᾶς.
2575 1373 2653 1432 O6
2702 1374 2805 1450 γὰρ
2856 1370 3062 1436 ἄλλους
3114 1372 3314 1450 ἐγείρει
3367 1374 3397 1429 6
3448 1373 3641 1449 Πατὴρ
3687 1393 3765 1428 νε-

2108 1465 2275 1542 κροὺς
2307 1464 2399 1519 καὶ
2432 1468 2711 1534 ζωοποιεῖ,
2745 1462 2835 1518 καὶ
2867 1460 3070 1525 ἄλλους
3106 1463 3134 1517 ὁ
3165 1462 3313 1525 Υἱός.

2180 1646 2271 1700 21.
2321 1640 2557 1698 ’Δπολλ.
2604 1643 2951 1717 Ἄνθρωπος,
2980 1636 3110 1696 ’ὑπὸ
3163 1644 3298 1697 Θεοῦ
3358 1639 3770 1717 ἐνεργούμενος,

2112 1732 2175 1787 o6
2206 1732 2353 1794 Θεός·
2388 1736 2547 1806 σῶμα
2578 1728 2635 1786 δὲ
2666 1732 2924 1809 συναφθὶν
2953 1735 3091 1803 Θεῷ,
3123 1728 3275 1793 Θεός·
3317 1729 3455 1793 Θεὸς
3492 1726 3552 1784 ὂὶ
3587 1730 3616 1783 6
3646 1734 3771 1803 Χρι-

2036 1821 2274 1922 Βστός’
2337 1819 2435 1876 οὐκ
2487 1818 2591 1891 ἄρα
2648 1821 2750 1876 ὑπὸ
2807 1824 2942 1877 Θεοῦ
2999 1818 3393 1896 ἐνεργούμενος
3456 1819 3767 1896 ἅνθρωπος,

2111 1909 2259 1967 ἀλλά
2290 1911 2450 1984 σῶμα
2478 1911 2614 1987 πρὸς
2646 1911 2774 1966 Θεὸν
2804 1910 3069 1974 συντεθὲν.
3116 1910 3266 1983 Ὀρθ.
3312 1907 3437 1965 Οὐκ
3485 1906 3771 1982 ἅνθρωπος

2116 2000 2212 2075 μὶν
2275 2000 2377 2055 ὑπὸ
2438 2004 2572 2056 Θεοῦ
2630 1998 3020 2076 ἐνεργούμενος
3063 1999 3092 2054 6
3143 1998 3401 2075 Χριστὸς,
3437 1996 3588 2054 ἀλλὰ
3645 1996 3773 2059 Θεὸς

2114 2089 2407 2166 ἀνθρώπῳ,
2455 2089 2528 2152 ὡς
2576 2089 2736 2152 αὐτὸς
2777 2088 3085 2161 ὠνόμασας,
3119 2086 3417 2156 συντεθεὶς,
3459 2084 3634 2163 ἤγουν
3665 2087 3773 2159 (94)

2113 2179 2350 2242 ἒνωθείς.
2385 2178 2449 2234 Εἰ
2480 2179 2583 2254 γὰρ
2634 2175 2853 2232 δύναται
2899 2181 3059 2250 σῶμα
3097 2180 3213 2249 Θεῷ
3273 2177 3575 2246 ἐνωθῆναι,
3607 2171 3772 2250 ἤγουν

2112 2270 2423 2336 συντεθῆναι
2480 2264 2720 2339 δύναται,
2781 2265 2867 2321 καὶ
2931 2263 3061 2328 ὅλος
3120 2262 3411 2342 ἄνθρωπος
3460 2265 3773 2332 συντεθῆναι

2110 2362 2248 2431 Θεῷ,
2282 2356 2368 2412 καὶ
2421 2355 2552 2411 εἶναι
2604 2356 2733 2417 Θεὸς
2783 2353 2873 2410 καὶ
2925 2351 3266 2431 ἅνθρωποςὸ
3315 2352 3507 2419 αὐτὸς,
3541 2353 3616 2416 ὡς
3646 2352 3771 2428 σὰρξ

2110 2447 2199 2519 καὶ
2231 2447 2358 2510 Θεὸς
2405 2447 2433 2501 6
2472 2444 2654 2507 αὐτός.
2686 2444 2745 2499 Τί
2797 2441 2854 2499 δὲ
2901 2443 2992 2499 καὶ
3044 2442 3219 2520 λέγειν
3271 2441 3581 2515 ἠθέλησας,
3616 2446 3772 2514 σῶμα

2112 2541 2230 2610 Θεῷ
2260 2535 2701 2612 συναφθὲνθεὸς,
2736 2532 2936 2609 λέγων,
2970 2532 3145 2610 ἀγνοῶ
3344 2529 3427 2590 Τό
3476 2533 3581 2609 γὰρ
3614 2534 3771 2604 σῶμα

2112 2626 2241 2683 Θεὸν
2275 2623 2472 2701 λὲγεις,
2501 2623 2589 2678 καῖ
2623 2622 2719 2679 οὐκ
2749 2620 2857 2678 ἔστι
2893 2626 3068 2696 σῶμα·
3102 2622 3138 2692 ἢ
3170 2621 3262 2676 τὸν
3304 2621 3436 2677 Θεὸν
3471 2617 3564 2676 διὰ
3610 2622 3768 2673 τοῦτο

2112 2717 2264 2785 Θεὸν,
2325 2713 2415 2770 διὰ
2466 2714 2530 2770 τὸ
2588 2713 2872 2792 συναφθὶν,
2928 2708 3100 2787 ἤγουν
3160 2713 3272 2787 (96)
3334 2711 3609 2769 συντεθὲν.
3674 2706 3772 2763 Καὶ

2114 2809 2228 2868 πῶς
2262 2805 2415 2884 φύσει
2448 2804 2599 2876 Θεὸς,
2633 2804 2661 2859 6
2693 2800 2781 2858 διά
2807 2824 2861 2857 τι
2893 2801 3061 2871 Θεός;
3094 2802 3285 2873 Ἡμεῖς
3317 2796 3376 2856 δὲ
3417 2798 3479 2854 o6
3529 2794 3618 2854 διὰ
3674 2795 3769 2863 τὴν

2113 2894 2248 2969 πρὸς
2292 2894 2356 2949 τὸ
2405 2897 2565 2966 σῶμα
2616 2890 2857 2947 σύνθεσιν
2905 2890 3033 2946 Θεὸν
3084 2887 3342 2967 λὲγομεν,
3378 2883 3505 2944 οῦτε
3554 2884 3647 2942 διὰ
3674 2884 3771 2953 τὴν

2114 2984 2253 3060 πρὸς
2311 2979 2793 3056 ἄνθρωπον,ἆλλᾶι
2851 2979 2981 3035 Θεὸν
3041 2976 3129 3034 διὰ
3182 2978 3278 3048 τήν
3342 2976 3502 3056 φύσιν
3556 2976 3657 3044 τὴν
3715 2971 3773 3028 ἐκ

2115 3072 2353 3147 Πατρός⁶
2403 3071 2632 3145 Χριστὸν
2689 3067 2747 3125 δὲ
2805 3066 2894 3124 διὰ
2944 3069 3043 3138 τήν
3102 3072 3204 3124 τοῦ
3259 3064 3466 3123 δούλου
3532 3065 3768 3142 μορφὴν,

2114 3159 2329 3235 ἕνωσιν,
2359 3158 2527 3238 ἤγουν
2563 3158 2823 3232 σύνθεσιν,
2855 3158 2928 3221 ὡς
2957 3157 3118 3221 αὐτὸς
3151 3156 3465 3231 ὠνόμασας.

2185 3342 2274 3396 22.
2309 3334 2549 3395 Ἀπολλ.
2582 3337 2647 3392 Εἰ
2695 3339 2830 3392 Θεοῦ
2887 3334 3012 3397 ναὸς
3072 3333 3329 3410 ἐγεννήθη
3394 3333 3459 3390 ἐκ
3513 3338 3614 3404 τῆς
3659 3335 3769 3387 Μα-

2121 3429 2257 3507 ρίας,
2289 3428 2514 3505 περιττή
2565 3428 2599 3496 ἠ
2651 3424 2910 3494 καινότης
2966 3430 3066 3494 τῆς
3125 3422 3187 3479 ἐκ
3244 3423 3522 3500 Παρθένου
3577 3420 3771 3499 γεννή-

2121 3538 2291 3581 σεως·
2346 3517 2465 3572 ναοὶ
2520 3516 2622 3593 γὰρ
2680 3519 2815 3571 Θεοῦ
2877 3512 2966 3569 καὶ
3026 3511 3149 3569 ἄνευ
3204 3511 3409 3584 ταύτης
3470 3513 3765 3587 ἄνθρωποι.

2118 3610 2262 3680 Ὀρθ.
2299 3609 2494 3683 Μάχου
2555 3610 2670 3668 τοῖς
2729 3604 2894 3668 θεῖοις
2956 3602 3335 3679 Ιιῖὖαγγελίοις,
3372 3601 3467 3658 ’ἱνα
3513 3599 3768 3674 ἀκούσῃς’

2125 3723 2154 3751 ‹‹
2188 3695 2438 3773 Σκληρόν
2496 3717 2579 3750 σοι
2632 3695 2765 3770 πρὸς
2820 3694 3013 3769 κέντρα
3049 3691 3345 3762 λακτίζειν.
3383 3713 3405 3740 ι
3442 3689 3549 3750 Καὶ
3620 3684 3775 3743 ἄκουε

2122 3790 2220 3843 τοῦ
2255 3784 2457 3860 Κυρίου
2490 3782 2765 3860 λέγοντος’
2801 3808 2827 3834 «ι
2880 3780 3084 3837 Λύσατε
3120 3780 3212 3835 τὸν
3261 3780 3388 3834 ναὸν
3440 3775 3657 3843 τοῦτον,
3687 3772 3773 3829 καὶ

2125 3876 2176 3931 ἐν
2207 3875 2379 3951 τρισὶν
2412 3874 2644 3949 ἡμέραις
2678 3872 2850 3949 ἐγερῶ
2882 3870 3061 3927 αὐτόν.
3098 3894 3125 3922 »
3160 3869 3224 3926 Εἰ
3277 3867 3335 3924 δέ
3391 3889 3536 3931 τινες
3568 3867 3773 3951 ἄνθρω-

2126 3987 2218 4022 ποι
2243 3949 2410 4031 -ναοῖ,
2441 3960 2569 4019 ἀλλ’
2598 3961 2707 4038 οὐχ
2746 3960 2917 4029 οὕτω,
2949 3961 3023 4022 ὡς
3072 3959 3162 4014 καὶ
3208 3958 3454 4036 Χριστοί·
3491 3953 3671 4016 οὐδεὶς
3721 3949 3775 4006 δὲ

2128 4056 2301 4113 αὐτῶν
2359 4051 2627 4115 συντεθεὶς
2684 4056 2765 4124 τῷ
2824 4054 2943 4123 Θεῷ
3001 4049 3165 4124 Λόγῳ
3220 4046 3476 4123 Χριστός’
3512 4046 3610 4102 οὐκ
3647 4043 3773 4098 ἁνα-

2126 4149 2299 4223 χωρῶ
2355 4144 2459 4220 γὰρ
2513 4149 2616 4212 τῆς
2674 4147 2773 4211 σῆς
2829 4135 3271 4213 ἀνομασίας,’ίνα
3327 4158 3386 4193 σε
3439 4135 3501 4192 ἐκ
3526 4138 3623 4191 τοῦ
3680 4131 3772 4186 σοῦ

2128 4235 2397 4308 στόματος
2460 4230 2632 4287 πείσω
2666 4250 2678 4263 ·
2740 4229 2965 4285 ἐνταῦθα
3026 4226 3084 4283 δὲ
3140 4226 3413 4292 συντεθεὶς
3474 4224 3598 4285 ναὸς
3665 4223 3774 4289 Θεῷ

2130 4325 2289 4402 Λόγῳ
2345 4324 2479 4398 (97),
2539 4321 2797 4396 ἐγεννήθη
2857 4319 3084 4393 Χριστὸς
3140 4320 3460 4393 θεοπρεπῶς
3518 4313 3578 4369 ἐκ
3632 4316 3771 4382 Παρ-

2129 4414 2305 4469 θὲνου.

2205 4682 2295 4737 23.
2331 4675 2566 4734 ’Δπολλ.
2598 4675 2660 4735 Εἰ
2715 4679 2750 4747 ἡ
2808 4675 2942 4745 αὖτή
3003 4674 3160 4754 φύσις
3194 4671 3454 4750 Χριστοῦ,
3487 4668 3573 4727 οἶα
3622 4663 3764 4754 καὶῇ

2133 4772 2319 4843 ἡμῶν,
2353 4770 2380 4824 6
2410 4766 2642 4829 παλαιός
2672 4765 2812 4823 ἐστιν
2841 4750 3124 4841 ἅνθρωπος
3170 4764 3325 4840 ψυχὴ
3385 4767 3551 4833 ζῶσα,
3580 4755 3665 4813 καὶ
3708 4750 3763 4806 οὗ

2132 4863 2365 4932 πνεῦμα,
2402 4860 2729 4929 ζωοποιοῦν·
2758 4855 2847 4912 καὶ
2879 4855 2907 4909 6
2936 4859 3184 4917 τοιοῦτος
3245 4850 3369 4909 οὐδὲ
3428 4846 3761 4923 ζωοποιήσει·

2138 4953 2397 5020 ζωοποιεῖ
2452 4944 2510 5002 δὲ
2565 4945 2819 5021 Χριστὸς,
2851 4944 2940 4999 καὶ
2980 4945 3202 5017 Πνεῦμα
3253 4945 3554 5012 ζωοποιοῦν
3611 4936 3757 5021 ἐστιν’

2138 5016 2236 5096 οὐκ
2286 5037 2387 5115 ἄρα
2432 5044 2531 5107 τῆς
2582 5016 2850 5111 ἡμετέρας
2906 5033 3017 5089 ἐστὶ
3081 5031 3308 5122 φύσεως.
3360 5028 3673 5122 Ὀρθ.λ’ςΕτι.
3703 5016 3756 5122 τὲ

2137 5130 2365 5206 Χριστὸς
2422 5126 2485 5182 o6
2550 5122 2938 5195 νενόηκας.οὐ
2994 5123 3094 5199 γὰρ
3153 5116 3345 5196 ἔγνως,
3375 5118 3459 5176 ὅτι
3519 5115 3605 5172 δύο
3656 5107 3750 5206 ἐριί

2139 5193 2355 5297 φῦσεων
2376 5214 2592 5287 ἐνωσις,
2621 5193 2712 5269 καῖ
2762 5209 2885 5268 οὔτε
2946 5193 3107 5285 μόνος
3156 5193 3201 5267 6-
3232 5210 3360 5272 Θεὸς
3404 5205 3626 5286 Χριστὸς
3675 5193 3754 5250 λέ“

444 5383 488 5419 ⁸³
517 5383 684 5455 Joan,
714 5398 831 5450 xxv,
866 5384 950 5438 10.
1030 5383 1073 5419 9‘
1100 5382 1272 5440 Joan.
1305 5402 1359 5451 v,
1389 5388 1481 5441 21.
1558 5388 1602 5423 9⁵
1630 5392 1760 5445 Act.
1795 5406 1876 5459 ιχ,
1904 5390 1957 5445 5.

2123 5392 2278 5449 loan.
2310 5407 2373 5459 ιι,
2408 5389 2493 5445 19.

595 5555 829 5631 _l?alat._,_
852 5554 1285 5631 κεχωρισμένος.

450 5627 557 5699 (94)
595 5627 760 5699 Msa,
792 5626 985 5699 ἤτουν,
1010 5626 1115 5686 hic
1145 5634 1199 5684 et
1233 5646 1385 5686 mox.

451 5673 565 5770 ὶὸὧ
596 5673 764 5768 ᾗίἒέζζ
796 5673 1113 5762 ὅὲδῖἱιὶὧξ
1136 5673 1336 5777 sua;

2214 5561 2327 5633 (96)
2357 5563 2520 5633 Msa,
2552 5554 2746 5633 ﬁrouy,
2776 5561 2835 5615 et
2861 5557 3014 5633 infra
3041 5555 3335 5613 similiter.

2214 5630 2324 5704 (97)
2352 5632 2516 5701 Msa,
2548 5634 2663 5703 Θεῷ
2693 5630 2932 5705 Χριστῷ.
