4116 6398
423 389 573 451 127⁸7

1388 393 1484 453 DE
1532 395 1834 454 SANCI‘A
1881 396 2302 456 TlthlTATE
2356 394 2737 456 DlALUGUS
2788 395 2858 454 ν.

3682 388 3837 448 12⁸78

419 544 585 597 γετοι,
647 520 771 578 οὔτε
832 523 993 595 μόνος
1055 525 1360 599 ἄνθρωπος.
1415 522 1478 580 Ei;
1524 524 1626 598 γὰρ
1658 529 1817 579 τοῦτο
1880 524 2036 600 ἕγνιῖις

2185 527 2480 582 hominem
2514 528 2626 582 dici
2657 526 2977 583 Christum.
3009 527 3150 580 Nam
3184 523 3232 580 si
3265 523 3372 578 hoc
3405 521 3606 590 scires,
3633 537 3836 577 nosses

419 615 730 688 ἐγίνωσκες,
781 612 862 668 ὅτι
915 615 1048 668 κατὰ
1095 615 1188 686 μὲν
1222 615 1320 682 τήν
1354 614 1743 685 ἀνθρωπότητα
1773 616 1871 682 τὴν
1902 615 2064 683 αὐτὴν

416 706 550 776 ἡμῖν
605 703 761 776 φύσιν
811 700 949 777 ἔχει,
998 704 1132 756 κατὰ
1175 700 1232 758 δὲ
1278 704 1376 770 τήν
1431 703 1659 772 θεότητα
1697 709 1776 776 τῷ
1807 709 1922 775 Θεῴ
1978 705 2066 758 καὶ

416 792 605 866 Πατρί·
640 791 728 846 καὶ
760 800 859 860 τῆς
893 793 1136 853 ἒνώσεως
1168 793 1484 866 γενομένης,
1535 793 1663 854 Θεὸς
1712 791 2063 868 ὁμολογεῖται

412 882 500 936 καὶ
553 879 850 950 δοξάζεταί,
900 884 989 934 καὶ
1047 879 1135 934 διὰ
1182 886 1342 935 τοῦτο
1397 887 1673 950 ζωοποιεῖ,
1725 882 1814 935 καὶ
1846 887 2065 954 Πνεῦμα

414 975 717 1038 ζωοποιοῦν
749 969 913 1035 ἐστιν,
943 974 1022 1040 τῷ
1055 977 1150 1038 τῆς
1185 971 1439 1039 θεότητος
1477 970 1648 1043 λόγῳ·
1687 967 1809 1024 οὔτε
1842 968 1897 1024 δὲ
1927 973 2059 1043 ἡμῖν

408 1060 545 1113 κατὰ.
572 1059 634 1114 τὸ
666 1059 1039 1134 συναμφότερο
1053 1081 1088 1115 θ.

479 1238 566 1290 24.
605 1233 842 1289 Ἀπολλ.
905 1236 1000 1288 Διὰ
1047 1237 1144 1302 τὴν
1201 1235 1392 1289 ἑαυτοῦ
1441 1235 1596 1312 φύσιν
1648 1240 1711 1307 ζῇ
1744 1238 1990 1308 Χριστὸς,
2022 1238 2056 1305 ἢ

412 1323 501 1379 διὰ
560 1324 721 1399 χάριν
783 1329 934 1381 Θεοῦ.
987 1325 1042 1378 Εἰ
1096 1326 1188 1396 μὲν
1227 1323 1313 1378 διὰ
1341 1325 1660 1392 τὴνὲαυτοῦ
1694 1325 1871 1403 φύσιν,
1929 1325 2056 1388 Θεός

407 1413 567 1469 ἐστιν·
604 1414 653 1469 εἶ’
708 1411 766 1468 δὲ
823 1412 912 1468 διὰ
954 1414 1114 1489 χάριν
1167 1419 1319 1478 Θεοῦ,
1381 1411 1503 1469 οὔτε
1553 1416 1681 1489 ὑπὲρ
1714 1417 1859 1486 ἡμᾶς
1893 1415 2055 1488 ἐστιν,

412 1500 528 1556 οὔτε
588 1504 917 1572 ζωοποιήσει
973 1505 1144 1574 ἡμᾶς.
1203 1505 1350 1578 Ὀρθ.
1412 1504 1638 1578 Χριστὸς
1679 1504 1729 1558 ἐν
1762 1505 2053 1577 πρόσωπόν

410 1611 544 1645 εστιν
605 1591 849 1654 συντεθὲν
906 1591 964 1646 ἐκ
1023 1596 1155 1647 Θεοῦ
1211 1593 1302 1646 καὶ
1361 1592 1782 1668 ἀνθρωπότητος
1833 1593 2056 1656 ὡς’πᾶς

404 1680 685 1754 ἅνθρωπος
719 1681 747 1734 ὁ
776 1681 956 1742 κοινὸς
986 1679 1045 1735 ἐκ
1077 1681 1220 1749 ζώου
1251 1681 1340 1735 καὶ
1372 1681 1620 1756 λογικοῦ.
1666 1683 1766 1737 Καὶ
1817 1679 1905 1737 διὰ
1952 1684 2050 1751 τήν

399 1769 460 1823 ἐκ
491 1770 699 1844 Πατρὸς
733 1769 886 1846 φύσιν
923 1772 1253 1840 ζωοποιήσει
1286 1771 1453 1842 ἡμᾶς,
1501 1768 1686 1840 ἄπειδή
1741 1775 1851 1841 ζωή
1910 1772 2049 1827 ἐστιν

401 1857 760 1920 ἑνυπόστατος
795 1861 1148 1936 μορφωθεῖσα
1177 1864 1244 1933 τῇ
1276 1864 1372 1914 τοῦ
1407 1858 1609 1915 δούλου
1644 1864 1849 1938 μορφῇ.

469 2129 558 2182 25.
596 2125 826 2182 Ἀπολλ.
857 2124 923 2180 Ei’
973 2126 1066 2198 μὲν
1119 2127 1192 2188 ὡς
1245 2130 1554 2200 προαιρέσει
1599 2126 1852 2196 κάλλιον,
1882 2133 2045 2184 τοῦτο

401 2211 688 2282 δεδύνηται
721 2219 875 2282 nam;
913 2216 1232 2291 Ιιροαίρεσις
1281 2217 1380 2290 γὰρ
1430 2216 1720 2290 ἀνθρώπου
1771 2215 2044 2272 δικαιοσύ-

395 2325 492 2373 νην
545 2303 810 2374 ἀληθινὴν
858 2304 919 2358 οὐ
967 2311 1246 2380 κατορθοῖ.
1303 2305 1362 2358 Εἰ
1417 2303 1474 2360 δὲ
1506 2307 1581 2367 ὡς
1622 2305 1775 2383 φύσει
1809 2305 2040 2377 δίκαιος,

390 2392 520 2454 Θεός
590 2392 752 2448 ἐστιν·
813 2393 858 2447 εἰ
915 2391 972 2448 δὲ
1029 2395 1102 2456 ὡς
1163 2394 1403 2469 ἐνεργείᾳ
1455 2391 1830 2468 δικαιούμενος
1882 2400 1950 2471 τῇ
1983 2397 2041 2452 ἐκ

387 2485 542 2546 Θεοῦ,
585 2480 744 2543 αὐτὸς
777 2479 834 2536 δὲ
865 2481 1234 2556 ἀνενὲργητος,
1266 2481 1527 2544 καλλίους
1571 2484 1622 2538 οἱ
1670 2483 2038 2559 ἐνεργοῦντες.

389 2571 536 2646 Ὀρθ.
601 2571 698 2624 Καὶ
768 2576 885 2632 πῶς
945 2570 1006 2624 ού
1063 2572 1425 2647 κατώρθωσαν
1467 2569 1810 2644 δικαιοσύνην
1843 2573 2038 2641 ἀληθι-

384 2660 482 2727 νήν
516 2661 628 2732 (98)
686 2661 737 2714 οἱ
795 2661 1145 2722 ἀκούσαντες·
1205 2687 1230 2712 ‹‹
1285 2661 1586 2725 Καθίσεσθε
1632 2664 1720 2716 καὶ
1763 2663 1917 2735 ὑμεῖς
1951 2664 2038 2719 ἐπὶ

388 2745 598 2803 δώδεκα
657 2751 903 2825 θρόνους,
973 2749 1238 2823 κρίνοντες
1287 2751 1382 2811 τὰς
1444 2748 1654 2806 δώδεκα
1710 2751 1882 2830 φυλὰς
1936 2757 2036 2808 τοῦ

389 2835 606 2910 Ἰσραήλ
635 2856 648 2905 ;
686 2861 711 2888 ››
742 2839 854 2904 καὶ,
886 2863 914 2889 ‹‹
947 2840 1124 2910 Ὑμεῖς
1161 2838 1274 2893 ἦστε
1303 2839 1363 2893 τὸ
1414 2844 1526 2916 φῶς
1565 2845 1662 2894 τοῦ
1721 2841 1930 2914 κόσμου
1958 2863 1971 2910 ;
2007 2864 2035 2893 ››

386 2927 484 2980 Καὶ
548 2926 595 2981 εἰ
652 2929 1010 3002 κατώρθωσαν
1064 2927 1120 2982 δὲ
1179 2926 1522 2998 δικαιοσύνην
1582 2930 1847 3000 ἀληθινὴν
1899 2934 2034 3003 (99),

393 3014 522 3070 ἀλλ’
573 3014 670 3070 οὐκ
727 3016 856 3070 εἰσὶν
918 3015 1389 3087 αὐτοδικαιοσύνη.
1449 3020 1508 3075 Ὁ
1568 3016 1624 3073 δὲ
1672 3021 1798 3082 Θεὸς
1833 3023 2030 3095 Λόγος,

384 3102 841 3176 αὖτοδικαιοσύνη
877 3104 972 3178 ὢν,
1010 3109 1224 3183 μορφὴν
1259 3105 1460 3163 δούλου
1487 3103 1692 3176 λαϐὼν,
1746 3133 1773 3162 ‹‹
1825 3109 2030 3184 ἐγένετο

383 3193 516 3265 ἡμῖν
564 3191 901 3268 δικαιοσύνη,
951 3196 1040 3250 καὶ
1090 3197 1376 3272 ἁγιασμὸς,
1428 3197 1515 3251 καὶ
1565 3195 1964 3272 ἀπολύτρωσις.
1999 3225 2026 3251 ››

2177 634 2334 680 eum,
2369 621 2661 687 quatenus
2695 615 2932 686 quidem
2966 614 3138 669 homo
3172 612 3485 678 est,eadem
3522 614 3698 681 atque
3725 627 3831 665 nos

2176 712 2404 773 natura,
2441 711 2732 776 quatenus
2761 709 2954 759 autem
3019 705 3168 757 Deus
3224 705 3330 767 est,
3389 701 3592 756 eadem
3653 701 3830 768 atque

2175 794 2358 849 Deum
2394 795 2620 850 Patrem
2657 798 2866 849 natura
2899 791 3206 864 prmditum
3231 795 3441 845 essezet
3467 792 3596 860 post
3615 788 3824 843 factam

2177 884 2500 939 unitionem
2535 884 2688 939 Deus
2719 882 3048 938 declaratur
3081 885 3135 935 et
3163 877 3544 952 gloriﬁcatur,
3578 876 3827 948 ideoque

2173 973 2483 1043 viviﬁcare,
2515 981 2573 1028 et
2629 973 2913 1044 Spiritum
2974 987 3102 1026 esse
3157 968 3569 1034 viviﬁcantem,
3626 965 3828 1020 habita

2171 1063 2405 1118 deitatis
2440 1063 2662 1117 ratione
2697 1079 2708 1118 :
2747 1078 2931 1133 neque
2963 1059 3132 1114 nobis
3164 1056 3416 1113 similem
3444 1071 3570 1111 esse
3604 1054 3823 1110 utrius-

2171 1167 2282 1220 que
2316 1159 2537 1206 natura:
2569 1149 2746 1206 simul
2782 1149 3161 1206 considerata:
3192 1148 3480 1216 respectu.

2240 1241 2327 1294 24.
2363 1241 2536 1311 Apoll.
2571 1245 2684 1295 Aut
2711 1256 2778 1294 ex
2811 1256 2919 1294 sua
2949 1235 3140 1310 ipsius
3196 1239 3406 1290 natura
3457 1231 3598 1286 vivit
3652 1231 3820 1286 Chri-

2168 1334 2316 1394 stus,
2377 1335 2477 1384 aut
2535 1347 2602 1384 ex
2660 1329 2758 1384 Dei
2791 1327 2997 1400 gratia.
3035 1325 3094 1381 Si
3129 1325 3364 1397 quidem
3401 1339 3466 1377 ex
3497 1339 3604 1378 sua
3633 1321 3820 1394 ipsius

2169 1423 2398 1487 natura,
2440 1421 2587 1474 Deus
2618 1423 2707 1473 est
2738 1435 2750 1473 :
2780 1419 2867 1472 sin
2919 1433 3047 1471 vero
3079 1431 3145 1470 ex
3201 1413 3300 1468 Dei
3360 1410 3571 1483 gratia,
3632 1427 3820 1480 neque

2166 1524 2344 1579 supra
2379 1525 2482 1563 nos
2513 1507 2750 1576 eminet,
2773 1522 2958 1577 neque
2990 1521 3094 1560 nos
3128 1501 3449 1558 vivificavit.
3476 1499 3639 1556 01th.
3658 1500 3820 1556 Chri-

2165 1602 2293 1652 stus
2326 1604 2415 1652 est
2447 1599 2620 1652 unica
2649 1613 2918 1665 persona,
2953 1595 3279 1665 composita
3308 1608 3376 1646 ex
3423 1595 3537 1646 Deo
3594 1593 3652 1644 et
3707 1589 3821 1643 hu-

2166 1702 2340 1740 mana
2371 1685 2764 1752 natura,sicut
2795 1683 2985 1755 quivis
3014 1683 3190 1738 homo
3220 1679 3556 1735 communis
3587 1681 3822 1733 constat

2162 1791 2231 1830 ex
2261 1773 2501 1829 animali
2533 1781 2588 1830 et
2616 1773 2905 1828 rationali.
2943 1773 3143 1842 Itaque
3176 1776 3412 1842 propter
3441 1785 3594 1837 eam,
3634 1783 3811 1840 quam

2081 1901 2128 1965 Β
2161 1881 2193 1917 a
2248 1863 2412 1919 Patre
2470 1863 2666 1931 habet,
2703 1867 2996 1928 naturam,
3027 1859 3342 1914 viviﬁcabit
3372 1874 3498 1923 nos,
3519 1855 3810 1958 quoniam

2161 1958 2250 2007 est
2269 1953 2388 2007 vita
2419 1953 2474 2006 in
2509 1969 2636 2008 sese
2666 1951 3154 2021 subsistens,quae
3179 1949 3363 2003 forma
3384 1946 3531 2002 servi
3555 1945 3811 2018 seipsam

2158 2040 2514 2096 informavit.

2228 2131 2380 2186 469
2411 2132 2500 2185 25.
2531 2131 2708 2202 Apoll.
2744 2127 2803 2185 Si
2834 2127 3072 2201 quidem
3104 2125 3155 2182 is
3186 2125 3434 2193 excellit,
3479 2124 3575 2195 qui
3623 2123 3809 2179 animi

2157 2221 2453 2292 proposito
2513 2226 2569 2275 et
2626 2218 2852 2274 delectu
2881 2219 3080 2288 justus
3109 2220 3220 2282 est,
3254 2213 3495 2286 quinam
3528 2212 3582 2266 id
3617 2212 3810 2284 potuit

2154 2305 2370 2362 homo?
2403 2309 2667 2363 Hominis
2689 2307 2905 2362 etenim
2956 2304 3323 2377 propositum
3381 2319 3572 2357 veram
3623 2301 3804 2373 justi-

2155 2401 2294 2455 tiam
2349 2401 2596 2470 perfecte
2627 2416 2739 2454 non
2775 2402 3030 2470 praestat.
3064 2396 3166 2451 Sin
3201 2412 3330 2450 vero
3366 2397 3573 2448 natura
3603 2393 3806 2463 justus

2151 2494 2260 2554 est,
2277 2494 2425 2544 Deus
2456 2493 2544 2544 est
2576 2506 2588 2544 :
2623 2487 2712 2544 sin
2747 2492 2940 2542 autem
2962 2485 3328 2557 justificatus
3357 2489 3444 2538 est
3474 2481 3673 2553 aliqua
3707 2482 3806 2538 Dei

2147 2579 2207 2634 in
2245 2579 2368 2649 ipso
2400 2578 2628 2650 agentis
2661 2575 3152 2648 elticacitate,ipse
3185 2573 3416 2628 interim
3437 2571 3799 2642 nihilagens,

2148 2667 2250 2739 qui
2283 2669 2519 2738 ipsimet
2549 2671 2750 2738 agunt,
2810 2671 2951 2722 sunt
3007 2682 3072 2720 eo
3128 2662 3582 2735 przsstantiores.
3639 2660 3800 2719 Orth.

2148 2756 2270 2812 Imo
2332 2757 2434 2828 qui
2483 2755 2780 2825 justitiam
2814 2771 3007 2810 veram
3041 2752 3078 2807 ii
3113 2771 3224 2808 non
3256 2750 3666 2822 impleverunt,
3701 2749 3801 2820 qui

2147 2847 2460 2900 audierunt
2494 2887 2504 2898 .
2541 2868 2567 2895 «
2604 2843 2895 2900 Sedebitis
2927 2847 2986 2898 et
3015 2859 3114 2897 vos
3147 2858 3323 2910 super
3356 2839 3527 2894 sedes
3579 2839 3799 2893 duode-

2146 2935 2256 2991 cim
2295 2935 2621 3004 iudicantes
2653 2933 2960 2989 duodecim
2993 2931 3182 2986 tribus
3213 2929 3386 2985 Israel
3421 2928 3464 2964 97
3491 2951 3516 2977 ››
3554 2932 3663 2998 θι,‹‹
3685 2925 3800 2982 Vos

2143 3024 2287 3079 estis
2320 3025 2417 3077 lux
2452 3023 2654 3078 mundi
2688 3022 2769 3077 9°?
2803 3045 2830 3071 η
2857 3020 3096 3077 Etiamsi
3127 3024 3324 3073 tamen
3355 3016 3451 3071 isti
3484 3031 3676 3072 veram
3699 3017 3798 3086 ju-

2143 3112 2363 3168 stitiam
2398 3111 2806 3182 impleverunt,
2842 3127 2956 3165 non
2985 3112 3120 3166 sunt
3154 3112 3350 3162 tamen
3385 3105 3514 3177 ipsa
3542 3103 3794 3176 justitia.

2143 3201 2297 3255 Deus
2328 3206 2525 3255 autem
2559 3200 2833 3266 Verbum,
2868 3199 2970 3270 qui
3004 3199 3130 3269 ipsa
3159 3195 3526 3267 estjustitia,
3564 3199 3802 3266 accepta

379 3282 442 3337 Ὁ
500 3279 573 3336 ὢν
625 3280 964 3355 δικαιοσύνη,
1017 3284 1225 3360 ἐγένετο
1284 3283 1598 3355 δικαιοσύνη
1641 3287 1776 3342 κατὰ
1804 3288 1892 3342 τὸν
1925 3295 2026 3358 τῆς

2154 3291 2290 3347 servi
2317 3291 2505 3346 forma
2538 3306 2551 3344 :
2587 3312 2612 3340 ‹‹
2647 3290 2858 3344 Factus
2889 3294 2979 3344 est
3011 3287 3177 3342 nobis
3221 3283 3478 3357 justitia,
3536 3282 3798 3339 sanctifi-

385 3369 805 3442 ἆνθρωπότητος
854 3372 1040 3449 λόγον,
1068 3373 1158 3428 τίνα
1188 3377 1334 3446 ἡμᾶς
1357 3375 1485 3436 τοὺς
1521 3376 1597 3446 μὴ
1632 3371 1786 3438 ὄντας
1820 3376 2024 3433 δικαιο-

380 3457 564 3528 σύνην,
618 3458 882 3535 δικαιώσῃ
929 3466 996 3535 τῇ
1034 3464 1224 3518 ἑαυτοῦ
1255 3465 1460 3538 χάριτι.
1500 3465 1601 3520 Καὶ
1636 3463 1774 3519 ἔστιν
1809 3467 1836 3520 ὁ
1863 3466 2023 3530 αὐτὸς

376 3546 504 3609 Θεὸς
532 3549 622 3602 καὶ
655 3550 935 3623 ἅνθρωπος
977 3556 1074 3626 (1)⁶
1108 3553 1181 3614 ὡς
1217 3553 1310 3624 μὲν
1356 3554 1507 3618 Θεὸς,
1565 3551 1876 3625 δικαιοσύνη
1926 3552 2022 3610 ὥν·

377 3637 450 3697 ὡς
483 3634 539 3691 δὲ
591 3638 896 3714 ἅνθρωπος,
941 3641 1226 3714 γινόμενος
1259 3639 1592 3714 δικαιοσύνη,
1636 3642 1723 3699 ’ἱνα
1751 3644 2023 3720 πληρωθῇ

372 3726 436 3779 τὸ
469 3725 777 3798 εἷ’ρημένον·
813 3753 840 3779 ‹‹
874 3731 1030 3786 ’Όθεν
1066 3727 1269 3808 ὤφειλε
1298 3733 1433 3787 κατὰ
1471 3734 1643 3788 πάντα
1689 3730 1804 3796 τοῖς
1865 3734 2025 3790 ἀδελ-

376 3819 503 3892 φοῖς
538 3817 901 3888 όμλιωθῆναι.
940 3842 967 3870 ››

439 4087 530 4140 26.
565 4083 802 4141 Ἀπολλ.
856 4087 918 4139 El
967 4087 1378 4158 συμπέπλεκται
1446 4095 1563 4162 Θεῷ
1616 4093 1922 4166 ἅνθρωπος,
1973 4091 2024 4146 ἐν

381 4171 606 4244 Χριστῷ
635 4173 794 4235 αὐτὸς
826 4174 914 4229 καὶ
948 4176 1036 4251 ἀφ’
1069 4177 1260 4230 ἑαυτοῦ
1289 4178 1619 4250 ἐνομοθέτει,
1652 4181 1685 4248 ἢ
1721 4178 1781 4234 οῦ
1808 4200 1820 4247 ;
1870 4179 2028 4234 Ἀλλ’

368 4257 415 4314 εἴ
449 4260 541 4332 μὲν
592 4260 680 4338 ἀφ’
731 4263 946 4330 ἑαυτοῦ,
995 4265 1148 4326 Θεός·
1197 4265 1243 4320 εἰ
1297 4264 1356 4321 δὲ
1399 4266 1497 4322 οὐκ
1552 4269 1640 4346 ἀφ’
1670 4270 1882 4342 ἑαυτοῦ,
1914 4273 2028 4331 πῶς

375 4348 474 4403 οὐκ
504 4348 676 4426 ἔλεγε,
715 4376 735 4400 α
772 4349 907 4406 Τάδε
939 4350 1081 4429 λέγει
1115 4353 1338 4429 Κύριος,
1374 4379 1401 4406 ι)
1433 4354 1558 4411 ἀλλ’
1610 4381 1638 4408 ‹‹
1691 4359 1826 4432 Ἐγὼ
1887 4356 2028 4433 λέγω

375 4438 502 4509 ὑμῖν
529 4458 542 4507 ;
577 4463 604 4491 n
638 4445 757 4502 πῶς
807 4437 865 4494 δὲ
914 4440 1013 4496 οὐκ
1041 4443 1108 4510 ἧν
1137 4444 1547 4519 κεχωρισμένος
1578 4451 1674 4500 τοῦ
1717 4444 1970 4523 λεγοντος
2001 4448 2028 4502 ὁ

380 4529 459 4599 μὴ
493 4526 707 4602 λέγων;
743 4531 885 4605 Ὀρθ.
919 4531 987 4585 Ei’
1017 4531 1111 4603 μὲν
1145 4531 1286 4587 ἄλλο
1313 4533 1608 4608 πρόσωπόν
1642 4535 1780 4590 ἐστιν
1834 4537 1861 4590 ὁ
1893 4538 2030 4612 Χρι-

2135 3380 2285 3435 catio
2318 3385 2375 3435 et
2405 3380 2729 3445 redemptio
2763 3379 2867 3432 9°.»
2903 3378 2978 3448 Is,
3013 3377 3277 3448 inquam,
3301 3373 3401 3446 qui
3424 3371 3657 3444 justitia
3687 3377 3798 3442 est,

2136 3475 2332 3524 Aactus
2361 3475 2470 3533 est,
2491 3467 2537 3523 si
2572 3467 2893 3522 humanam
2925 3472 3195 3521 naturam
3231 3461 3800 3534 respicias,justitia,

2151 3562 2219 3614 ut
2251 3575 2355 3614 nos
2387 3557 2483 3629 qui
2508 3557 2743 3628 justitia
2773 3573 2887 3610 non
2919 3569 3290 3618 eramus,sua
3318 3548 3804 3623 gratiajustiﬁca-

2136 3653 2240 3704 ret.
2277 3649 2492 3719 Estque
2527 3647 2683 3700 idem
2719 3645 2876 3701 Deus
2909 3649 2963 3698 et
2994 3643 3191 3707 homo,
3250 3642 3332 3696 ita
3390 3646 3452 3695 ut
3509 3644 3802 3712 quatenus

2136 3737 2374 3808 quidem
2433 3744 2520 3791 est
2581 3737 2754 3800 Deus,
2817 3733 2894 3788 sit
2941 3732 3194 3803 justitia,
3229 3735 3518 3803 quatenus
3549 3745 3680 3784 vero
3713 3732 3803 3784 est

2136 3826 2330 3894 homo,
2359 3825 2434 3881 sit
2467 3823 2934 3894 t‘actusjustitia,
2971 3826 3033 3877 ut
3083 3820 3440 3892 impleretur
3495 3818 3650 3891 quod
3710 3817 3798 3871 di-

2136 3922 2294 3970 ctum
2327 3919 2418 3969 est
2449 3931 2461 3968 :
2498 3938 2523 3964 α
2555 3913 2717 3970 Unde
2755 3929 2856 3984 per
2887 3912 3088 3968 omnia
3116 3909 3330 3966 similis
3363 3908 3641 3964 fratribus
3673 3905 3798 3962 ﬁeri

2137 4004 2340 4059 debuit
2375 4005 2414 4058 ί.
2449 4025 2476 4053 n

2207 4093 2294 4146 26.
2318 4091 2566 4162 Apoll.Si
2600 4091 2658 4146 in
2693 4090 2925 4146 Christo
2958 4087 3268 4160 copulatus
3301 4091 3422 4142 erat
3454 4086 3630 4141 homo
3662 4103 3796 4141 cum

2138 4181 2276 4248 Deo,
2306 4181 2463 4252 leges
2494 4180 2620 4251 ipse
2652 4179 2733 4234 vel
2769 4197 2836 4234 ex
2869 4195 2999 4234 sese
3031 4178 3254 4232 ferebat
3284 4176 3370 4231 vel
3405 4194 3518 4230 non
3553 4175 3793 4230 ferebat.

2140 4271 2301 4338 Quod
2335 4269 2385 4326 si
2416 4287 2482 4325 ex
2518 4285 2644 4324 sese
2679 4268 2920 4334 ferebat,
2945 4267 3100 4322 Deus
3124 4264 3381 4320 erat.Sin
3417 4281 3548 4319 vero
3581 4281 3695 4320 non
3729 4281 3796 4319 ex

2139 4375 2289 4426 sese,
2324 4357 2617 4430 quomodo
2651 4374 2767 4412 non
2801 4356 3016 4421 aiebat,
3053 4379 3078 4404 ιι
3110 4353 3239 4410 Haec
3270 4353 3411 4407 dicit
3443 4353 3743 4421 Dominus,
3767 4375 3793 4401 ››

2141 4449 2240 4505 sed
2260 4473 2285 4498 α
2310 4447 2423 4520 Ego
2454 4447 2584 4502 dico
2619 4446 2918 4514 vobis,»et
2949 4445 3242 4516 quomodo
3275 4442 3371 4514 qui
3406 4441 3524 4496 hinc
3557 4457 3672 4496 non
3705 4441 3795 4496 di-

2140 4539 2326 4605 cebat,
2362 4554 2476 4592 non
2512 4540 2635 4592 erat
2664 4537 2736 4590 ab
2767 4533 2968 4602 eo,qui
3000 4533 3232 4588 dicebat
3260 4530 3602 4602 sejunctas?
3625 4531 3791 4587 Orth.

376 4617 525 4686 στὸς,
561 4617 622 4672 ού
662 4618 1069 4690 συμπέπλεκται
1116 4626 1230 4692 Θεῷ
1283 4617 1577 4698 ἠρώτηκας
1625 4623 2028 4691 ἀνακολούοως·

2154 4628 2447 4699 Siquidem
2480 4626 2751 4682 Christus
2775 4623 2884 4680 alia
2915 4627 3002 4678 est
3035 4638 3303 4694 persona,
3337 4637 3450 4675 non
3483 4617 3796 4692 copulatur

369 4704 416 4758 εἷ’
445 4703 502 4760 δὲ
531 4706 690 4771 αὐτὸς
725 4710 752 4763 ὁ
799 4710 1028 4784 Χριστός
1076 4709 1185 4764 ἐστι
1238 4712 1367 4774 Θεὸς
1419 4713 1508 4766 καὶ
1543 4715 1848 4787 ἅνθρωπος,
1877 4715 1959 4778 τίς
1991 4718 2025 4786 ἠ

366 4797 643 4868 περισσεία
698 4802 796 4852 τοῦ
853 4800 1064 4874 μόχθου
1120 4806 1219 4868 τῆς
1250 4799 1608 4875 ἐρωτήσεως,
1644 4803 1814 4868 Πόθεν
1873 4805 2018 4860 δὲτὸ

366 4884 777 4956 συμπέπλεκται
812 4882 1019 4957 λαϐὼν,
1052 4888 1367 4961 ἠρώτησας,
1405 4887 1667 4962 μηδαμοῦ
1722 4900 1821 4962 τῆς
1880 4900 2020 4968 Γρα⁹

362 4977 470 5046 φῆς
503 4972 647 5028 οὕτω
681 4977 752 5048 (2)
777 4972 1076 5050 λεγοῧσης;
1114 4976 1218 5032 Κᾶν
1251 4998 1309 5032 τε
1341 4975 1417 5045 δὲ,
1453 4978 1904 5051 Συμπὲπλεκται,
1940 4980 2020 5036 0t-

364 5056 461 5132 λῃς
493 5059 696 5136 λέγειν,
727 5063 824 5118 κᾶν
855 5085 933 5132 τε,
968 5065 1042 5126 ὡς
1074 5067 1107 5134 ἠ
1145 5067 1328 5144 Γραφὴ
1353 5068 1521 5137 εἶπεν,
1541 5065 1795 5137 Ἔλαϐεν,
1819 5068 1914 5124 κᾶν
1937 5091 2014 5140 τε,

359 5149 620 5224 Ἐγένετο,
681 5154 810 5214 Θεός
867 5151 978 5207 ἐστι
1029 5154 1227 5228 Λόγος,
1285 5158 1499 5233 μορφὴν
1553 5154 1755 5212 δούλου
1806 5154 2012 5228 λαϐὼν,

359 5238 591 5312 Χριστός
654 5238 1088 5314 ὀνομαζόμενος,
1149 5244 1239 5298 καὶ
1299 5243 1398 5312 ὤν,
1457 5247 1547 5299 καί
1595 5247 2011 5321 πιστευόμενος’

430 5434 471 5469 ’τ
507 5436 710 5494 Matth.
744 5455 859 5508 xix,
889 5439 979 5495 28.
1057 5441 1100 5476 ³⁸
1131 5441 1332 5498 Matth.
1365 5459 1418 5515 v,
1455 5445 1541 5501 14.

577 5643 950 5721 Κατώρθωσαν
983 5645 1296 5721 προαίρεσιν
1332 5646 1620 5721 ἀληθινήν,
1654 5670 1798 5710 mss.

445 5712 556 5785 (99)
587 5713 654 5769 Δὶ
683 5712 996 5792 προαίρεσιν
1027 5712 1316 5790 ἆληθινήν,
1349 5712 1492 5779 mss.

1618 5445 1664 5482 9°
1692 5449 1717 5500 Ι
1747 5447 1875 5504 Cor.
1908 5465 1946 5518 ι,
1980 5447 2069 5505 30.

2140 4734 2274 4773 cum
2308 4718 2442 4786 Deo,
2478 4715 2584 4770 hoc
2615 4715 2810 4785 inepte
2848 4711 3187 4782 quaesivisti.
3250 4708 3347 4765 Sin
3411 4713 3606 4764 autem
3667 4708 3794 4780 ipse

2134 4805 2404 4862 Christus
2463 4810 2552 4860 est
2608 4804 2762 4858 Deus
2791 4807 2868 4872 ,et
2899 4801 3099 4868 homo,
3131 4815 3411 4870 quorsum
3447 4814 3789 4870 supervaca-

2133 4912 2281 4951 neus
2313 4895 2421 4950 iste
2453 4891 2929 4964 interrogationis
2960 4889 3167 4945 labor?
3201 4887 3361 4944 Unde
3422 4904 3549 4942 vero
3610 4887 3788 4950 istud,

2131 4981 2443 5054 copulatus
2500 4987 2608 5050 est,
2667 4979 2966 5051 usurpasti
3001 4976 3434 5050 interrogando,
3469 4992 3604 5030 cum
3635 4975 3786 5030 Scri-

2129 5078 2300 5145 ptura
2337 5071 2578 5127 minime
2609 5071 2692 5126 sic
2725 5067 3041 5141 loquatur?
3071 5067 3196 5122 Sive
3227 5069 3422 5120 autem
3457 5065 3637 5134 istud,
3691 5079 3786 5116 co-

2129 5161 2366 5233 pulatus
2398 5166 2507 5226 est,
2543 5175 2827 5232 usurpare
2860 5156 3066 5229 placet,
3092 5155 3234 5220 sive,
3267 5159 3331 5209 ut
3364 5153 3664 5225 Scriptura
3695 5152 3784 5206 in-

2125 5251 2276 5323 quit,
2304 5251 2496 5307 dicere
2526 5248 2718 5319 malis,
2779 5245 3139 5319 Assumpsit,
3197 5247 3317 5315 aut,
3379 5243 3618 5299 Factum
3673 5246 3781 5312 est,

2149 5451 2166 5486 ί
2207 5448 2382 5505 Hebr.
2417 5463 2481 5519 ιῐ,
2518 5447 2604 5502 17.

2197 5656 2274 5727 (1)
2306 5655 2516 5723 Palat.,
2547 5651 2635 5707 καὶ
2669 5651 2957 5726 ἅνθρωπος
2981 5647 3184 5726 ὤφειλε
3211 5648 3344 5702 κατὰ
3376 5647 3561 5704 πάντα.

2197 5729 2271 5798 (2)
2305 5727 2516 5797 Palat.,
2545 5727 2706 5780 τοῦτο
2739 5737 2791 5775 Α.
