4116 6360
387 361 546 420 H79

1554 364 1619 421 S.
1669 363 1873 422 ATHA
1891 361 2192 423 NASIUS.
2219 392 2298 406 -—
2327 361 2639 425 SPURlA.

3644 372 3664 426 i
3678 368 3785 431 280

387 493 543 549 Deus
569 493 823 551 Verbum
856 494 907 551 is
938 498 1028 551 est
1058 494 1159 566 qui
1191 494 1339 551 servi
1388 494 1639 550 formam
1698 491 2023 565 assumpsit

2156 488 2246 545 καὶ
2272 490 2571 566 χριόμενος
2601 493 2695 566 μὲν
2728 493 2802 555 ὡς
2836 491 3116 566 ἅνθρωπος
3135 496 3214 564 τῷ
3236 494 3512 565 Ιίνεὺματι
3532 498 3609 566 τῷ
3629 495 3781 570 ἁγίῳ,

388 581 491 655 qui
534 582 801 639 Christus
834 588 1233 656 nuncupatur,
1265 588 1374 651 est,
1406 586 1463 640 et
1490 582 1751 638 creditur
1781 600 1794 637 :
1831 586 2028 638 unctus

2155 581 2230 642 ὡς
2256 577 2313 635 δέ
2334 581 2752 658 Θεὸς,παρέχων
2782 582 2942 644 αὒτὸς
2961 588 3078 645 τοῖς
3105 581 3295 655 ἀξίοις.
3322 583 3483 640 Οὕτω
3502 584 3589 639 καὶ
3619 585 3645 638 6
3665 587 3783 650 Θεὸς

391 672 628 742 quidem
661 673 877 743 Spiritu
910 678 1133 742 sancto,
1168 677 1462 746 quatenus
1492 673 1669 728 homo
1718 676 1836 739 est;
1895 687 2038 742 qua-

2151 676 2455 743 νομοθετεῖ,
2502 671 2592 726 καὶ
2645 672 2720 733 ὡς
2771 672 3059 747 ἅνθρωπος
3109 672 3213 726 ὑπὸ
3242 672 3411 745 νόμον
3441 672 3658 748 γίνεται,
3704 676 3787 731 καὶ

391 767 567 817 tenus
616 765 814 818 autem
846 763 998 819 Deus
1029 768 1137 831 est,
1171 764 1442 819 eumdem
1475 762 1547 819 iis
1580 761 1677 835 qui
1711 759 1874 834 digni
1904 766 2028 815 sunt

2153 756 2243 813 διὰ
2288 763 2450 815 τοῦτο
2498 759 2559 816 οὐ
2608 760 2778 836 λέγει,
2830 758 2975 818 Τάδε
3021 758 3167 837 λέγει
3217 761 3436 835 Κύριος,
3486 759 3667 832 ἐπειδὴ
3697 763 3788 821 οὐκ

390 850 630 922 praebet.
666 852 751 905 ita
778 852 953 907 etiam
991 856 1141 907 Deus
1188 852 1346 925 leges
1394 851 1580 924 ponit,
1637 855 1695 907 et
1751 855 2042 921 quatenus

387 938 562 994 homo
595 944 684 996 est
714 941 777 995 fit
810 941 921 1014 legi
954 941 1261 997 obnoxius.
1293 942 1541 1012 Ideoque
1572 958 1684 996 non
1716 940 1878 1005 dicit,
1913 938 2041 993 Haec

389 1027 533 1083 dicit
562 1028 864 1099 Dominus,
898 1030 1173 1101 quoniam
1207 1031 1332 1102 ipse
1361 1047 1474 1085 non
1506 1034 1596 1085 est
1625 1030 1800 1084 homo
1860 1026 2039 1101 parti-

387 1132 525 1188 ceps
568 1117 827 1183 deitatis,
861 1119 960 1175 sed
992 1123 1144 1175 Deus
1175 1121 1465 1192 particeps
1489 1118 1684 1176 carnis
1713 1122 1769 1175 et
1799 1116 2038 1188 sangui-

387 1206 502 1277 nis,
534 1205 590 1260 id
624 1210 710 1262 est
743 1207 1012 1263 humana:
1044 1212 1284 1264 naturae.
1318 1209 1463 1263 Nam
1498 1208 1792 1280 scriptura
1846 1205 2037 1263 homi-

382 1310 518 1350 nem
549 1301 715 1351 vocat
744 1313 978 1352 carnem
1009 1301 1066 1352 et
1095 1297 1541 1371 sanguinem.ut
1562 1314 1695 1352 cum
1731 1296 1872 1352 dicit
1900 1298 2037 1353 Pau-

381 1382 478 1439 lus
512 1401 525 1440 :
565 1404 591 1437 α
620 1384 742 1441 Νοη
779 1385 997 1441 contuli
1029 1403 1163 1441 cum
1197 1403 1371 1442 carne
1401 1391 1459 1442 et
1486 1387 1773 1458 sanguine
1804 1389 1845 1440 9.
1879 1410 1908 1439 »
1967 1390 2037 1447 Et

380 1473 537 1530 sicut
567 1472 737 1529 homo
769 1491 834 1529 ex
865 1474 1103 1529 animali
1134 1478 1193 1530 et
1223 1474 1488 1531 rationali
1520 1476 2035 1547 compositus,una

375 1571 459 1618 est
489 1578 738 1633 persona
771 1580 785 1621 :
815 1563 899 1618 ita
920 1565 1097 1619 etiam
1131 1581 1248 1620 una
1278 1581 1525 1636 persona
1550 1582 1614 1620 ex
1642 1570 1755 1621 Deo
1772 1571 1829 1621 et
1846 1568 2034 1626 forma

371 1650 525 1707 servi
555 1650 783 1707 exsistit
816 1670 829 1708 :
863 1653 1110 1724 ideoque
1140 1670 1254 1708 non
1290 1653 1452 1722 dicit,
1492 1676 1511 1701 α
1544 1653 1675 1709 Haec
1721 1655 1865 1710 dicit
1922 1662 2030 1713 Do-

367 1738 590 1807 minus,
650 1762 680 1791 »
737 1742 837 1797 sed
872 1764 901 1792 «
932 1742 1051 1815 Ego
1082 1741 1211 1797 dico
1241 1742 1406 1797 vobis
1437 1744 1457 1777 ³
1494 1761 1506 1798 :
1544 1764 1570 1791 »
1601 1747 1658 1798 et
1690 1765 1718 1793 ‹‹
1748 1745 1866 1817 Ego
1896 1763 2028 1803 sum

365 1826 485 1883 vita
510 1834 569 1884 et
596 1829 811 1885 veritas
839 1831 879 1883 ι.
900 1834 1143 1902 ultaque
1170 1830 1352 1886 veluti
1385 1830 1432 1887 si
1466 1848 1602 1902 pars
1634 1833 1939 1891 rationalis
1969 1835 2029 1891 in

368 1916 541 1973 nobis
571 1917 747 1981 dicat,
781 1919 900 1991 Ego
931 1936 1063 1976 sum
1095 1920 1162 1975 ad
1200 1919 1518 1991 imaginem
1550 1920 1643 1977 Dei
1691 1922 1900 1991 factus,
1945 1924 2028 1980 ita

368 2010 767 2077 comparatus,
828 2011 895 2062 ut
945 2006 1183 2064 interire
1239 2026 1352 2064 non
1387 2009 1631 2080 possim,
1668 2028 2027 2086 rursumque

369 2111 507 2169 pars
538 2095 642 2152 illa
671 2095 975 2153 rationalis
1001 2096 1178 2165 dicat,
1214 2099 1325 2169 Ego
1355 2115 1486 2154 sum
1519 2103 1674 2155 terra
1730 2105 1787 2156 et
1841 2102 2024 2171 cinis;

369 2201 488 2241 non
538 2184 801 2257 loquitur
830 2187 1003 2243 modo
1035 2188 1276 2258 animal,
1308 2190 1482 2245 modo
1514 2188 1571 2246 id
1603 2190 1761 2262 quod
1793 2193 2027 2249 ratioci-

365 2277 575 2343 natur;
609 2274 710 2331 sed
744 2275 1002 2348 idipsum
1037 2276 1341 2349 rationale,
1376 2279 1551 2335 modo
1583 2296 1716 2351 qua:
1747 2279 1861 2336 sibi
1894 2297 2027 2354 pro-

364 2362 494 2437 pria
523 2367 683 2430 sunt,
716 2365 890 2421 modo
920 2382 1049 2438 quaa
1099 2366 1335 2423 animali
1394 2368 1769 2438 conveniunt,
1829 2368 2027 2442 loqui-

364 2455 464 2508 tur
511 2470 526 2509 :
578 2452 662 2509 ita
716 2452 892 2510 homo
941 2459 999 2511 et
1030 2455 1185 2512 Deus
1212 2456 1492 2526 Verbum,
1525 2457 1701 2514 unica
1729 2475 1833 2531 per
1856 2459 2026 2516 unio-

364 2557 500 2598 nem
532 2541 818 2600 exsislens
850 2559 1122 2617 persona,
1156 2561 1288 2601 cum
1325 2546 1425 2613 ait,
1459 2568 1489 2597 «
1537 2546 1647 2612 Qui
1704 2548 1851 2604 vidit
1907 2564 2022 2618 me,

362 2629 514 2686 vidit
542 2631 767 2687 Patrem
803 2656 824 2686 ι
861 2633 903 2702 ⁵,
927 2632 1223 2705 signiﬁcat
1251 2651 1372 2691 sua:
1403 2635 1640 2692 deitatis
1671 2637 2027 2711 contempla-

362 2718 608 2776 tionem.
643 2720 759 2778 Nec
788 2720 945 2777 enim
977 2722 1249 2795 quisquis
1275 2739 1511 2780 carnem
1569 2724 1731 2781 vidit.
1791 2729 2022 2782 Patrem

364 2807 510 2864 vidit
537 2826 550 2866 :
584 2809 675 2865 sin
708 2811 929 2879 minus,
949 2815 1007 2868 et
1039 2812 1376 2879 Pontius,et
1405 2813 1684 2881 Herodes,
1715 2817 1774 2872 et
1802 2815 1902 2888 qui
1932 2833 2024 2873 co-

364 2896 575 2970 laphos
604 2897 655 2953 ei
685 2899 1081 2973 impegerunt,
1113 2904 1173 2958 et
1202 2902 1302 2974 qui
1334 2902 1515 2959 clavis
1545 2904 1742 2976 ipsum
1775 2905 2023 2962 confixe-

364 2990 504 3043 runt
530 2987 858 3057 carnifices,
892 2991 1358 3064 comperirentur
1387 2992 1614 3049 Patrem
1655 2993 1894 3050 vidisse.
1953 2996 2024 3051 Et

363 3091 494 3131 cum
526 3075 740 3149 inquit,
761 3102 788 3127 α
812 3083 1054 3136 Dorsum
1091 3096 1287 3137 meum
1318 3082 1515 3155 ﬂagris
1545 3082 1766 3155 praebui
1794 3084 1836 3156 ο,
1858 3106 1886 3134 »
1905 3101 2022 3141 non

366 3162 661 3237 signiﬁcat
689 3167 922 3225 deitatis
952 3170 1193 3226 dorsum
1229 3188 1241 3226 :
1278 3187 1465 3243 neque
1495 3188 1629 3228 cum
1661 3172 1762 3241 ait,
1813 3195 1843 3224 «
1897 3173 2019 3230 Ali-

2154 848 2440 924 ἅνθρωπός
2473 848 2583 904 ἐστι
2620 848 2908 926 μετασχὼν
2942 849 3219 922 θεότητος,
3267 848 3415 905 ἀλλὰ
3462 850 3589 912 Θεὸς
3634 872 3784 926 μετα-

2152 938 2300 1011 σχὼν
2335 935 2571 1010 αἳματος
2599 935 2688 993 καί
2721 937 2944 1014 σαρκὸς,
2973 937 3245 994 τουτέστιν
3261 938 3703 1014 ἀνθρωπότητος.
3725 942 3784 1000 Ἡ

2150 1027 2336 1105 Γραφὴ
2384 1028 2486 1103 γὰρ
2533 1027 2624 1083 τὸν
2677 1029 2962 1105 ἄνθρωπον
3009 1026 3181 1102 σάρκα
3225 1028 3315 1083 καὶ
3348 1029 3486 1102 αἷμα
3511 1028 3687 1102 καλεῖ,
3715 1030 3785 1093 ὡς

2149 1113 2273 1169 ὅταν
2307 1115 2443 1191 λέγῃ
2478 1116 2718 1179 Παῦλος·
2754 1142 2782 1169 ‹‹
2816 1116 2893 1174 Οὐ
2924 1116 3331 1190 προσανεθέμην
3372 1119 3530 1194 σαρκὶ
3577 1119 3665 1173 καὶ
3708 1118 3784 1174 α’ἶ-

2151 1225 2301 1277 ματι·
2338 1229 2368 1257 »
2398 1205 2489 1260 καὶ
2521 1204 2702 1282 ὥσπερ
2730 1203 2787 1261 ἓν
2819 1204 2930 1261 ἐστι
2962 1206 3256 1281 πρόσωπον
3303 1207 3332 1261 6
3383 1205 3687 1281 ἅνθρωπος,
3732 1208 3783 1264 έκ

2149 1293 2292 1363 ζώου
2322 1293 2411 1349 καὶ
2444 1293 2670 1371 λογικοῦ
2700 1295 3063 1371 συγκείμενος·
3097 1295 3245 1351 οὕτω
3274 1295 3364 1350 καὶ
3393 1292 3452 1352 ἓν
3502 1296 3777 1373 πρόσωπον

2143 1383 2373 1457 Χριστὸς
2405 1383 2464 1438 ἐκ
2492 1388 2627 1439 Θεοῦ
2657 1384 2747 1439 καὶ
2801 1386 3019 1461 μορφῆς
3065 1381 3328 1447 δουλικὶς
3373 1384 3662 1462 ὑπάρχων,
3702 1386 3784 1441 καὶ

2144 1469 2234 1526 διὰ
2287 1476 2450 1528 τοῦτο
2508 1473 2571 1528 οὐ
2629 1471 2801 1549 λέγει,
2851 1498 2880 1526 ‹‹
2932 1471 3074 1531 Τάδε
3122 1472 3266 1551 λέγει
3326 1473 3550 1551 Κύριος,
3586 1499 3614 1526 ››
3644 1473 3784 1547 ἀλλ’,

2143 1583 2173 1613 «
2208 1561 2351 1636 Ἐγὼ
2382 1559 2526 1637 λέγω
2553 1562 2701 1635 ὑμῖν·
2730 1587 2757 1614 ››
2789 1562 2899 1629 καὶ,
2935 1563 3110 1637 ιιἸΞγώ
3133 1562 3247 1635 εἰμι
3269 1563 3303 1633 ἡ
3330 1563 3445 1632 ζωὴ
3467 1563 3558 1618 καὶ
3589 1565 3623 1633 ἠ
3657 1562 3789 1634 ἀλή-

2143 1660 2278 1713 θεια.
2342 1673 2372 1701 υ
2426 1656 2514 1712 Ὡς
2572 1647 2662 1705 οῦν
2858 1650 2945 1706 ἐὰν
2997 1644 3142 1726 λέγῃ
3181 1651 3245 1707 τὸ
3293 1651 3346 1707 ἐν
3378 1653 3517 1726 ἡμῖν
3550 1650 3786 1728 λογικόν·

2142 1738 2287 1813 Ἐγώ
2346 1738 2460 1813 εἶμι
2522 1740 2550 1794 ὁ
2607 1742 2723 1795 κατ’
2779 1740 2962 1796 εἰκόνα
3018 1745 3152 1797 Θεοῦ
3198 1741 3466 1817 γεγονὼς,
3527 1743 3789 1820 ἄφθαρτος

2138 1827 2651 1903 κατεσκευασμένος·
2709 1829 2800 1885 καὶ
2852 1829 3014 1885 πάλιν
3057 1830 3121 1884 τὸ
3170 1829 3302 1885 αὐτὸ
3361 1829 3612 1906 λογικόν.
3657 1830 3790 1907 Ἐγώ

2138 1915 2255 1989 εἶμι
2284 1924 2357 1993 γῆ
2389 1918 2481 1972 καὶ
2527 1915 2750 1981 σποδός·
2785 1918 2847 1973 οὗ
2878 1919 3011 1974 ποτὶ
3039 1919 3101 1974 τὸ
3133 1923 3270 1988 ζῶον
3305 1918 3490 1988 Ααλεῖ,
3546 1919 3636 1975 καὶ
3666 1919 3791 1974 ποτὲ

2133 2005 2198 2061 τὸ
2228 2003 2473 2082 λογικόν·
2505 2005 2631 2062 ἀλλ’
2662 2006 2792 2062 αὐτὸ
2822 2007 2886 2062 τὸ
2918 2004 3165 2083 λογικὸν,
3200 2007 3332 2063 ποτὶ
3358 2008 3430 2062 τὰ
3451 2008 3645 2063 ἑαυτοῦ
3684 2004 3790 2063 ἴδια

2138 2093 2287 2168 λέγει
2344 2095 2434 2150 καὶ
2492 2095 2626 2150 ποτέ
2675 2096 2741 2151 τὰ
2795 2099 2893 2151 τοῦ
2949 2097 3117 2166 ζώου·
3152 2095 3326 2158 οὕτως
3358 2094 3413 2167 ἐξ
3444 2095 3690 2158 ένώσεως
3736 2092 3788 2152 έν

2136 2182 2427 2257 πρόσωπον
2462 2184 2535 2239 ὥν
2571 2187 2599 2241 6
2630 2185 2914 2260 ἅνθρωπος
2942 2185 3032 2240 καὶ
3063 2185 3194 2248 Θεὸς
3225 2184 3424 2263 Λόγος,
3476 2184 3569 2242 ὅτε
3625 2183 3790 2262 λέγει,

2137 2298 2167 2326 ‹‹
2198 2275 2256 2325 Ὀ
2312 2274 2566 2349 ἑωρακὼς
2612 2274 2729 2347 ἐμὲ,
2785 2275 2993 2339 ἑώρακε
3045 2274 3139 2330 τὸν
3181 2275 3418 2349 Πατέρα,
3469 2299 3500 2327 ››
3528 2276 3630 2344 τήν
3659 2277 3792 2331 θεω-

2138 2363 2252 2441 ρίαν
2284 2370 2384 2434 τῆς
2415 2361 2555 2427 ἰδίας
2585 2364 2843 2435 θεότητος
2868 2362 3035 2441 λέγει.
3068 2363 3148 2423 Οὐ
3178 2364 3283 2440 γὰρ
3311 2365 3341 2420 ὁ
3391 2365 3652 2440 ἑωρακὼς
3697 2365 3793 2435 τήν

2136 2454 2328 2530 σάρκα,
2383 2453 2590 2528 ἑώρακε
2633 2453 2725 2509 τὸν
2788 2453 3026 2530 Πατέρα·
3094 2453 3144 2509 ei
3182 2450 3241 2509 δὶ
3276 2454 3376 2527 μὴ,
3418 2452 3511 2509 καὶ
3542 2454 3789 2525 Πόντιος,

2133 2541 2224 2598 καὶ
2253 2540 2528 2614 Ἡρώδης,
2562 2543 2652 2598 καὶ
2684 2544 2735 2598 οἱ
2768 2541 3108 2619 ῥαπίσαντες,
3153 2542 3243 2598 καὶ
3292 2544 3346 2598 οἱ
3388 2542 3788 2619 προσηλώσαν-

2131 2652 2220 2695 τες
2251 2629 2469 2705 δήμιοι,
2502 2632 2883 2707 εὑρεθήσονται
2913 2631 3213 2708 ἑωρακότες
3260 2632 3354 2687 τὸν
3389 2630 3632 2709 Πατέρα.
3691 2632 3789 2689 Καὶ

2133 2720 2257 2777 ὅταν
2291 2720 2440 2796 λέγῃ,
2475 2745 2505 2775 κ
2537 2721 2645 2780 Τὸν
2677 2721 2849 2777 νῶτόν
2882 2742 2986 2794 μου
3015 2718 3226 2777 δέδωκα
3256 2720 3333 2783 εἷς
3368 2723 3695 2799 μάστιγας»
3727 2719 3788 2776 οὐ

2128 2817 2231 2881 τῆς
2289 2810 2545 2882 θεότητος
2603 2808 2754 2886 λέγει
2810 2815 3004 2866 νῶτον·
3066 2807 3181 2866 οὐδ’
3238 2809 3363 2866 ὅταν
3425 2808 3583 2888 λέγῃ·
3664 2814 3785 2872 Πῶς

2129 2899 2232 2978 γὰρ
2277 2902 2377 2970 τῆς
2424 2899 2680 2971 θεότητος
2732 2896 2911 2975 ἤψατό
2959 2918 3079 2970 τιςς
3133 2897 3281 2955 ἀλλὰ
3319 2903 3421 2956 τοῦ
3469 2901 3725 2974 σώματος
3756 2900 3783 2954 6

2130 2991 2408 3065 ἁψάμενος
2474 2990 2610 3063 μετᾶ
2666 2989 2922 3062 πίστεως,
2970 2993 3068 3045 τοῦ
3111 2990 3528 3068 συναμφοτέρου
3581 2989 3778 3064 ἥψατο,

2128 3083 2198 3146 τῆ
2235 3080 2329 3154 μὲν
2357 3078 2505 3155 χειρὶ
2535 3081 2614 3153 (4)
2642 3082 2741 3134 τοῦ
2772 3078 3051 3152 σώματος,
3080 3082 3149 3153 τῇ
3181 3076 3240 3134 δὲ
3285 3079 3464 3134 πίστει
3512 3086 3615 3149 τῆς
3664 3078 3780 3133 θεό-

2127 3176 2317 3241 τητος,
2361 3164 2550 3238 ἐπειδὴ
2602 3167 2668 3224 τὸ
2716 3167 3114 3246 συναμφότερον
3168 3164 3223 3224 ἓν
3268 3166 3380 3224 ἐστι
3430 3167 3726 3245 πρόσωπον
3753 3167 3782 3222 6

367 3252 501 3325 quis
558 3270 652 3311 me
707 3256 903 3330 tetigit
949 3260 990 3328 ⁷,
1026 3281 1054 3310 ››
1082 3260 1321 3317 deitatis
1350 3241 1683 3317 contactum
1716 3262 1877 3321 dicit.
1910 3262 2019 3328 Qui

2137 3258 2380 3337 Χριστὸς,
2424 3281 2453 3310 α
2503 3258 2532 3312 6
2584 3257 2758 3313 πάντα
2803 3241 2935 3312 πᾶσι
2964 3241 3280 3333 γινόμενος,
3301 3254 3393 3312 ’ίνα
3420 3241 3555 3321 τοὺς
3585 3256 3782 3319 πάντας

365 3341 522 3399 enim
552 3344 828 3402 deitatem
854 3348 1163 3422 contigerit
1194 3349 1488 3422 quispiam
1509 3350 1537 3406 ‘I
1580 3350 1693 3407 Sed
1748 3352 1849 3419 qui
1907 3353 2022 3410 ﬁde

364 3432 646 3503 praeditus
704 3452 918 3510 corpus
968 3437 1114 3495 illud
1146 3439 1440 3513 tetigerat,
1474 3444 1788 3511 utrumque
1815 3442 2021 3515 tetige-

364 3518 661 3590 rat,manu
696 3526 938 3597 quidem
971 3529 1328 3601 corpus,ﬁde
1356 3546 1492 3586 vero
1524 3530 2022 3603 deitatem,quan-

364 3609 679 3681 doquidem
716 3620 1037 3689 utrumque
1066 3619 1240 3675 unica
1268 3623 1360 3676 est
1400 3635 1672 3692 persona,
1728 3620 2019 3689 Christus,

368 3699 634 3757 «Omnia
682 3703 871 3760 factus
929 3707 1228 3777 omnibus,
1287 3712 1355 3763 ut
1401 3708 1665 3764 omnium
1722 3710 2025 3766 miserere-

362 3794 462 3844 tur
490 3787 530 3844 ⁸.
564 3810 585 3839 ι
624 3790 826 3864 Itaque
861 3812 974 3849 non
1006 3795 1272 3868 loquitur
1302 3797 1596 3852 interdum
1633 3797 1807 3863 Deus,
1841 3798 2021 3854 inter-

2131 3348 2352 3423 ἐλεήσῃ.
2388 3370 2416 3400 ι)
2446 3349 2608 3402 Ὥστε
2664 3343 2726 3401 οὗ
2773 3346 2910 3402 ποτὶ
2960 3346 3054 3419 μὶν
3106 3346 3134 3401 6
3183 3347 3312 3409 Θεὸς
3345 3343 3530 3420 λαλεῖ,
3565 3347 3698 3403 ποτὶ
3727 3343 3782 3401 δὶ

2130 3437 2435 3512 ἄνθρωπος’
2486 3434 2803 3510 ἐπειδήπερ,
2859 3436 2937 3499 ὡς
2984 3434 3330 3511 προείρηται,
3363 3434 3493 3491 οὐδὲ
3523 3436 3656 3492 ποτὶ
3686 3437 3778 3509 μὶν

2126 3527 2191 3583 τὸ
2225 3532 2360 3597 ζῶον
2389 3523 2553 3582 λαλεῖ
2581 3522 2987 3602 κεχωρισμένον
3037 3529 3134 3580 τοῦ
3182 3523 3429 3600 λογικοῦ,
3471 3527 3607 3581 ποτὲ
3635 3523 3694 3582 δὲ
3719 3525 3781 3580 τὸ

2130 3614 2354 3692 λογικὸν
2386 3615 2796 3691 κεχωρισμένον
2825 3619 2923 3669 τοῦ
2956 3615 3119 3683 ζώου·
3155 3613 3302 3671 ἀλλὰ
3339 3615 3403 3670 τὸ
3452 3612 3681 3692 λογικὸν
3731 3614 3779 3670 έν

2127 3710 2207 3778 τῷ
2239 3705 2382 3778 ζώῳ,
2416 3703 2507 3759 καὶ
2540 3701 2630 3758 διὰ
2657 3707 2756 3758 τοῦ
2786 3704 2928 3772 ζώου
2960 3701 3141 3759 λαλεῖ·
3195 3702 3256 3759 ἐκ
3302 3701 3676 3780 παραλλήλου
3721 3702 3782 3758 τὸ

2129 3793 2259 3851 αὐτὸ
2292 3793 2462 3869 λέγω,
2488 3790 2583 3849 ’ἱνα
2610 3792 2954 3869 πανταχόθεν
2982 3796 3125 3868 γνῷς
3156 3792 3255 3861 τὴν
3284 3790 3504 3850 ἳνωσιν.

366 3872 509 3930 dum
540 3875 714 3933 homo
748 3896 761 3935 :
801 3897 956 3949 nam,
991 3887 1058 3938 ut
1086 3886 1256 3939 antea
1287 3883 1425 3954 dixi,
1460 3899 1531 3939 ne
1556 3883 1614 3939 id
1645 3883 1882 3956 quidem
1915 3883 2030 3940 dici
2063 3886 2271 3958 potest,
2306 3883 2479 3937 modo
2510 3880 2747 3954 quidem
2781 3878 2999 3937 animal
3031 3899 3063 3935 ιι
3094 3886 3255 3952 parte
3287 3880 3553 3937 rationali
3588 3882 3780 3951 sejun-

368 3967 555 4033 ctum,
614 3968 786 4023 modo
843 3986 976 4027 vero
1033 3973 1189 4028 470
1247 3977 1470 4045 partem
1533 3972 1877 4029 rationalem
1937 3974 2012 4030 ab
2056 3971 2293 4029 animali
2322 3976 2655 4043 separatam
2688 3969 2850 4043 loqui
2884 3986 2897 4026 :
2931 3969 3031 4025 sed
3064 3986 3200 4041 pars
3231 3967 3536 4027 rationalis
3568 3970 3623 4025 in
3656 3968 3781 4025 ani-

370 4052 512 4109 mali
543 4059 601 4111 et
634 4072 736 4128 per
764 4059 985 4116 animal
1016 4060 1296 4134 loquitur.
1331 4063 1489 4118 Idem
1521 4063 1696 4119 etiam
1728 4064 1856 4120 dico
1886 4064 1957 4120 de
1987 4079 2075 4135 eo,
2107 4063 2260 4135 quod
2291 4078 2425 4118 cum
2457 4062 2566 4117 hoc
2596 4059 2951 4133 comparavi,
3002 4064 3068 4114 ut
3117 4059 3510 4131 undequaque
3568 4057 3785 4114 unitio-

369 4158 504 4199 nem
537 4145 717 4203 noris.

437 4235 528 4289 27.
587 4238 764 4309 Apoll.
820 4239 1107 4298 Praeterea
1135 4259 1269 4299 vero
1298 4242 1385 4298 vel
1417 4243 1544 4317 ipse
1577 4244 1841 4318 prodigia
1897 4246 2026 4301 ede-

2203 4243 2294 4298 27.
2328 4239 2562 4297 Ἀπολλ.
2599 4243 2721 4298 Ἔτι
2755 4236 2813 4295 δὲ
2841 4239 2877 4309 ἢ
2909 4236 3069 4299 αὐτὸς
3111 4240 3189 4311 (5)
3218 4235 3391 4294 ἐτέλει
3421 4237 3487 4293 τὰ
3514 4237 3783 4315 τεράστια,

369 4322 488 4392 bat,
527 4330 630 4381 aut
662 4345 777 4383 non
811 4330 1040 4386 edebat.
1074 4331 1131 4387 Si
1160 4332 1388 4402 edebat,
1425 4350 1537 4391 non
1571 4337 1695 4389 erat
1722 4334 1894 4391 homo
1925 4351 1938 4391 :
1974 4334 2023 4390 si

2137 4326 2285 4400 ἢοῧ.
2336 4328 2495 4386 Ἀλλ’
2545 4330 2595 4384 εἶ’
2636 4329 2731 4402 μὲν
2769 4327 2962 4400 ἐτέλει,
3014 4327 3113 4383 οὐκ
3160 4328 3227 4397 ἧν
3275 4326 3584 4403 ἅνθρωπος·
3635 4327 3683 4382 εἴ
3730 4322 3785 4381 δὲ

371 4428 487 4468 non
519 4415 753 4483 edebat,
788 4421 1082 4491 quomodo
1114 4421 1257 4478 dicit
1286 4439 1347 4478 se
1377 4422 1590 4478 edere?
1619 4428 1678 4479 et
1733 4424 2025 4495 quomodo

372 4501 529 4558 idem
588 4522 718 4561 esse
751 4514 943 4579 potest
975 4515 1150 4581 atque
1180 4512 1230 4567 is
1262 4512 1361 4583 qui
1392 4512 1645 4569 edebat?
1675 4514 1834 4572 Orth.
1865 4513 2029 4568 Sicut

2140 4421 2239 4494 μὴ,
2272 4423 2389 4481 πῶς
2413 4417 2559 4495 λέγει
2585 4424 2763 4474 τελεῖν
2790 4437 2803 4488 ;
2846 4420 2880 4487 ἢ
2913 4422 3032 4478 πῶς
3077 4417 3106 4472 ὁ
3153 4415 3315 4479 αὐτὸς
3337 4422 3442 4489 ετῷ
3491 4416 3737 4473 τελοῦντι
3768 4433 3780 4483 ;

2137 4510 2284 4585 Ὀρθ.
2318 4511 2521 4583 ’Ὠσπερ
2550 4507 2613 4563 τὸ
2644 4506 2863 4584 λογικὸν
2896 4505 2950 4562 έν
2978 4505 3059 4579 τῷ
3091 4508 3217 4578 ζώῳ
3264 4503 3415 4561 τελεῖ
3458 4506 3529 4561 τὰ
3574 4507 3779 4572 ἑαυτοῦ,

373 4607 511 4664 pars
544 4594 848 4651 rationalis
879 4615 988 4653 sua
1018 4600 1205 4669 ipsius
1237 4617 1409 4672 opera
1435 4603 1519 4658 sic
1542 4601 1737 4656 editin
1762 4600 2025 4669 animali,

2137 4596 2198 4652 οὐ
2227 4597 2638 4672 κεχωρισμένυν
2670 4595 2733 4651 ὃν
2759 4599 2855 4650 τοῦ
2889 4594 3052 4664 ζώου·
3088 4594 3231 4649 οὕτω
3261 4594 3388 4656 Θεὸς
3427 4594 3625 4670 Λόγος,
3656 4594 3781 4648 ἑνω-

374 4685 443 4734 ut
472 4697 589 4736 non
620 4682 698 4738 sit
728 4691 997 4757 separata
1026 4686 1097 4743 ab
1158 4688 1399 4745 animali
1434 4706 1446 4744 :
1480 4690 1565 4744 ita
1616 4688 1718 4744 Dei
1768 4687 2026 4744 Verbum

370 4768 606 4825 unitum
640 4771 1008 4841 homini,edit
1040 4776 1306 4850 prodigia
1335 4777 1579 4833 minime
1609 4782 1975 4849 segregatum
1996 4794 2030 4834 a

365 4863 587 4916 natura
615 4861 901 4930 humana,
932 4866 1085 4936 quod
1120 4866 1172 4923 ei
1205 4883 1308 4940 pro
1339 4883 1448 4922 sua
1479 4866 1693 4939 pietate
1745 4865 2031 4938 placuerit

369 4946 488 5003 vim
547 4965 717 5007 suam
776 4953 1033 5010 divinam
1089 4971 1190 5028 per
1234 4972 1383 5023 eam,
1418 4959 1474 5011 et
1505 4955 1564 5010 in
1592 4970 1679 5024 ea,
1712 4960 1931 5012 etcum
1963 4973 2031 5012 ea

372 5038 623 5109 operari.
656 5040 727 5096 Et
755 5041 934 5099 veluti
971 5044 1016 5099 si
1076 5044 1212 5116 quis
1268 5043 1619 5116 cogitatione
1676 5046 2032 5102 concesserit

373 5125 872 5202 solem,magnum
906 5132 1063 5187 istud
1097 5131 1398 5204 sidus,per
1427 5132 1728 5189 lucernam
1762 5138 1819 5190 et
1846 5135 1907 5189 in
1939 5134 2028 5189 lu-

372 5230 549 5274 cerna
578 5234 747 5275 suam
779 5220 971 5277 lucem
1005 5221 1291 5291 emittere;
1318 5238 1553 5278 rursum
1586 5222 1742 5278 enim
1775 5223 1931 5279 idem
1963 5240 2032 5281 ex

2136 4686 2244 4749 θεὶς
2301 4687 2594 4760 ἀνθρώπῳ,
2653 4685 2803 4740 τελεῖ
2842 4684 2911 4739 τὰ
2938 4683 3209 4758 τεράστια,
3269 4681 3332 4738 οὐ
3380 4681 3777 4759 κεχωρισμένος

2135 4782 2235 4846 τῆς
2295 4774 2738 4852 ἀνθρωπότητος,
2789 4771 2859 4829 δι’
2906 4772 3094 4844 αὐτῆς,
3125 4772 3216 4827 καὶ
3248 4770 3301 4827 ἐν
3333 4771 3493 4847 αὐτῇ,
3524 4772 3614 4828 καὶ
3670 4771 3779 4843 μετ’

2137 4864 2327 4936 αὐτῆς,
2387 4861 2685 4934 εὐδοκήσας
2730 4864 2832 4932 τὴν
2868 4863 3059 4918 ἑαυτοῦ
3090 4860 3234 4917 θείαν
3267 4858 3497 4934 δύναμιν
3529 4860 3774 4935 ἐνεργεῖν·

2138 4954 2239 5010 Καὶ
2272 4954 2453 5029 ὥσπερ
2485 4954 2530 5008 εἰ
2562 4951 2684 5022 δοίη
2717 4974 2799 5015 τις
2829 4957 2908 5023 τῷ
2940 4950 3090 5027 λόγῳ
3119 4948 3306 5019 ἥλιον,
3335 4949 3428 5006 τὸν
3465 4949 3630 5025 μέγαν
3658 4952 3773 5003 τοῦ-

2137 5065 2227 5100 τον
2256 5043 2473 5118 ἀστέρα,
2535 5040 2625 5098 διὰ
2669 5041 2900 5118 λύχνου,
2950 5041 3039 5096 καὶ
3093 5039 3144 5096 έν
3178 5036 3374 5115 λύχνῳ
3404 5038 3690 5113 ἐκπέμπειν
3713 5034 3769 5089 τὸ

2140 5135 2334 5189 ἑαυτοῦ
2393 5136 2528 5211 φῶς·
2594 5132 2653 5187 ἐκ
2698 5128 3066 5207 παραλλήλου
3123 5132 3226 5206 γὰρ
3285 5128 3452 5186 πάλιν
3528 5129 3586 5184 τὸ
3652 5122 3769 5179 αὐτὸ

2142 5221 2323 5277 ἄκουε·
2355 5220 2417 5276 οὐ
2449 5218 2545 5276 δύο
2577 5221 2730 5299 φῶτά
2759 5219 2913 5276 εἰσιν.
2944 5219 3018 5274 Οὑ
3071 5220 3174 5295 γὰρ
3206 5218 3379 5296 φαίνει
3429 5215 3628 5295 λύχνος
3654 5232 3774 5269 κατ-

447 5384 470 5419 ’
491 5384 688 5460 gelat.
721 5405 764 5456 ι,
794 5388 885 5443 16.
963 5391 985 5425 ³
1017 5388 1223 5445 Matth.
1258 5405 1311 5458 v,
1342 5389 1432 5457 20,
1463 5389 1554 5445 22.
1630 5390 1652 5425 ’δ
1678 5389 1851 5447 Joan.
1900 5406 2016 5460 xw,

2177 5391 2198 5426 ⁵
2229 5390 2375 5446 Ibid.
2401 5389 2457 5444 9.
2532 5390 2554 5425 ⁶
2583 5393 2696 5444 Isa.
2748 5406 2799 5458 ιι,
2829 5389 2886 5459 6,
2960 5389 2980 5422 ⁷
3014 5388 3153 5443 Luc.
3205 5402 3329 5458 vm,
3379 5386 3473 5444 44.
3556 5388 3576 5424 ⁸
3608 5388 3628 5442 ι
3657 5384 3779 5441 Cor.

375 5471 453 5526 ιι,
484 5457 574 5511 22.

403 5686 414 5707 1
448 5624 530 5707 (3)
558 5623 666 5679 Οὗν
699 5627 868 5707 abest
895 5646 928 5683 a
988 5645 1131 5686 mss.
1184 5628 1360 5686 Paulo
1410 5634 1541 5701 post
1591 5647 1760 5698 mss.,
1792 5628 2025 5707 γεγονὼς

384 5689 670 5766 ἅνθρωπος
700 5691 993 5774 ἄφθαρτος,

2210 5629 2287 5704 (4)
2319 5633 2484 5704 ἔζεε-ν
2510 5630 2579 5704 ei
2614 5627 2715 5704 μὶ]
2736 5625 2946 5704 χάριτε-

2215 5629 2265 5702 [4
2319 5633 2484 5695 Μεεη
2510 5630 2579 5701 τῇ
2614 5629 2709 5700 μὶν
2736 5629 2946 5704 χάριτι.

2215 5629 2293 5774 (ῦέ
2326 5700 2491 5773 Mss.,
2521 5700 2639 5756 Ἐτι
2672 5696 2730 5755 δὶ
2759 5698 2848 5754 καὶ
2880 5697 2925 5753 εί
2954 5696 3139 5761 αὐτός.
