4116 6366
361 433 504 492 1281

351 564 518 616 έναντι
550 559 734 629 ἡλίου·
785 559 847 612 οὐ
891 557 994 633 γὰρ
1043 555 1312 612 κωλύεται
1367 559 1502 610 εἶναι
1551 555 1756 630 λύχνος
1793 573 1805 584 ⁹

358 652 497 723 μένει
541 648 633 721 μὲν
679 648 776 716 τήν
829 645 964 701 ἰδίαν
1016 645 1280 720 ἐνέργειαν
1327 646 1415 700 καὶ
1463 644 1673 713 κίνησιν
1728 642 1891 718 ἔχων·
1946 642 2007 696 οὐ

356 739 532 816 φαίνει
561 733 618 791 δὲ
646 741 742 790 τοῦ
774 735 939 806 ἡλίου
972 739 1047 808 (6)
1079 735 1129 789 ἐν
1181 735 1326 806 αὐτῷ
1375 734 1462 788 καὶ
1497 731 1566 786 δι’
1599 733 1760 786 αὖτοῦ
1791 731 2008 809 φαίνον-

357 848 470 894 τος,
503 825 592 880 καὶ
625 828 1089 898 κατακρατοῦντος
1139 821 1233 876 τοῦ
1268 821 1496 897 λύχνου,
1541 822 1630 875 καὶ
1665 819 2009 891 tamam“-

363 917 526 990 μένου
560 913 741 981 αὐτὸν,
777 913 850 974 ὡς
895 913 984 966 καὶ
1035 911 1239 987 λύχνον
1292 910 1630 986 χρηματίσαι
1681 912 1771 964 τὸν
1822 908 2006 978 ἤλιονσ

361 1004 504 1059 οὕτω
532 1003 662 1063 Θεὸς
720 1001 916 1076 Λόγος,
968 1000 1018 1054 ἐν
1073 1000 1282 1074 λογικῷ
1313 999 1400 1053 καὶ
1453 997 1541 1053 διὰ
1589 999 1815 1073 λογικοῦ
1869 998 2008 1066 ζώου

358 1093 457 1160 τὴν
497 1089 633 1145 ἰδίαν
686 1087 912 1162 δύναμιν
957 1087 1205 1163 ἐνεργῶν,
1239 1087 1325 1142 καί
1380 1089 1509 1164 ὑπὲρ
1557 1089 1655 1155 τὴν
1707 1087 1858 1164 φύσιν
1910 1088 2007 1155 τὴν

363 1178 506 1236 ’ἰδίαν
568 1177 827 1233 ἀποτελεῖ
882 1178 944 1232 τὸ
1003 1182 1136 1246 ζῶον
1171 1174 1389 1248 εὐδοκία
1444 1181 1511 1250 τῇ
1562 1178 1771 1244 ἑαυτοῦ,
1804 1177 1891 1230 καὶ
1948 1175 2010 1230 τὸ

367 1275 504 1338 ζῶον
541 1269 670 1322 εἶναι
710 1265 929 1342 λογικὸν
979 1266 1078 1320 οὐκ
1127 1265 1382 1321 ἐκώλυσε·
1419 1267 1505 1320 καὶ
1541 1267 1567 1320 ὸ
1600 1266 1757 1327 αὐτὸς
1812 1264 2012 1341 ἅνθρω-

364 1379 464 1419 πος
498 1355 860 1432 χρηματίζειν
917 1354 977 1409 οὐ
1027 1356 1348 1425 κατηξίωσε,
1399 1357 1487 1409 καὶ
1531 1353 1705 1410 τελῶν
1751 1356 1817 1409 τα
1853 1353 2012 1430 τερά-

368 1467 485 1502 στια
517 1445 578 1500 οὐ
608 1445 944 1521 κεχώρισται
993 1449 1087 1498 τοῦ
1136 1443 1445 1511 ἐνωθέντος,
1487 1442 1656 1519 ἤγουν
1713 1447 1790 1518 (7)
1839 1465 2012 1520 προσ-

371 1535 686 1613 ληφθέντος,
720 1532 847 1590 ἀλλ’
905 1534 980 1595 ὡς
1040 1531 1130 1588 οὖν
1188 1535 1250 1588 τὸ
1296 1533 1498 1588 ἐκείνου
1531 1534 1754 1609 γεγονὸς
1811 1532 2016 1608 ἐνεργεῖ

369 1625 433 1678 τὰ
464 1623 648 1678 πάνταο
683 1622 771 1677 καὶ
823 1619 912 1676 διὰ
961 1626 1145 1693 τοῦτο,
1180 1645 1207 1671 ‹‹
1240 1623 1295 1675 Ὀ
1328 1623 1498 1698 Λόγος
1546 1622 1672 1697 σὰρξ
1722 1621 1949 1696 ἐγένετο,
1984 1645 2010 1673 ι)

369 1711 597 1788 εἷ’ρηται,
632 1711 722 1765 καὶ
770 1710 869 1765 οὐκ
918 1709 968 1766 ἐν
1021 1711 1198 1787 σαρκὶ,
1225 1710 1316 1766 ’ἱνα
1363 1717 1574 1786 γνῶμεν
1608 1713 1705 1780 τήν
1761 1712 1810 1781 ἐξ
1863 1709 2013 1764 εὐδο-

365 1802 482 1864 κίας
513 1800 724 1870 ἕνωσιν,
770 1801 858 1855 καὶ
905 1805 1065 1855 τοῦτο
1117 1797 1461 1875 διδαχθέντες
1510 1801 1736 1876 Χριστὸν
1787 1798 1878 1854 ἕνα
1926 1799 2014 1854 καὶ

363 1891 456 1946 τὸν
485 1889 644 1945 αὐτὸν
673 1890 1022 1965 γνωρίζωμεν
1054 1889 1178 1943 Θεὸν
1212 1889 1298 1943 καὶ
1334 1888 1640 1964 ἄνθρωπον.

1326 425 1428 488 DE
1473 423 1778 488 SANCTA
1821 421 2251 486 TBINITATE
2294 419 2683 483 DIALOGUS
2729 423 2805 483 V.

1860 553 2003 609 ἀλλὰ
2035 557 2083 622 Α
2119 552 2234 608 alia
2265 551 2698 623 comparatione
2730 555 2936 608 audias
2971 557 3170 624 velim;
3206 574 3317 611 non
3351 561 3489 612 sunt
3518 558 3647 611 dua:
3678 556 3766 611 lu-

3616 424 3772 484 I282

2121 658 2236 697 ces.
2271 641 2386 696 Nec
2416 642 2572 696 enim
2604 641 2843 697 lucerna
2886 643 2994 698 soli
3043 645 3310 717 opposita
3341 645 3628 717 splendet,
3664 662 3771 700 nec

2119 739 2316 785 tamen
2351 734 2541 785 cessat
2590 748 2718 785 esse
2752 731 3023 800 lucerna;
3059 736 3158 787 sed
3210 735 3267 788 in
3314 752 3422 790 sua
3471 740 3774 807 permanet

2118 819 2378 874 efﬁcacia
2410 825 2585 890 atque
2609 825 2768 875 motu
2803 836 2816 874 :
2851 827 2908 874 at
2942 827 3079 877 nonl
3105 823 3370 894 splendet
3403 824 3522 878 sole
3557 824 3611 878 in
3645 825 3775 896 ipsa

2119 912 2175 962 et
2205 925 2309 978 per
2330 907 2515 978 ipsam
2544 907 2975 978 splendente.ct
2999 911 3106 981 ipsi
3139 912 3386 966 lucernae.
3410 913 3770 981 dominante,

2118 1014 2366 1069 eamque
2399 1004 2462 1052 ut
2493 998 2604 1052 sibi
2651 1001 2943 1068 propriam
2995 1001 3346 1068 vindie‘ante,
3380 1004 3521 1057 adeo
3573 1010 3637 1057 ut
3684 1004 3771 1060 sol

2120 1086 2294 1140 etiam
2321 1087 2569 1156 accipiat
2599 1087 2785 1156 ipsius
2809 1088 3058 1144 lucernae
3083 1107 3292 1145 nomen
3320 1108 3330 1145 :
3357 1092 3436 1144 ita
3459 1091 3608 1147 Deus
3630 1092 3772 1147 Ver-

2119 1177 2259 1231 bum
2287 1176 2400 1229 vim
2425 1192 2592 1230 suam
2617 1175 2674 1230 in
2704 1178 2996 1242 rationali,
3025 1184 3081 1232 et
3117 1197 3217 1250 per
3246 1180 3525 1235 rationale
3557 1181 3774 1237 animal

2121 1281 2416 1331 exercens,
2454 1266 2588 1319 facit
2622 1283 2722 1336 pro
2764 1285 2870 1321 sua
2917 1269 3067 1322 bona
3095 1267 3394 1324 voluntate
3424 1270 3640 1325 animal
3674 1288 3774 1326 su-

2123 1372 2225 1425 pra
2258 1371 2432 1425 quam
2473 1355 2616 1409 ferat
2649 1357 2884 1426 propria
2933 1357 3277 1413 animalium
3331 1365 3541 1414 natura
3587 1361 3772 1431 perfe-

2123 1449 2300 1507 ctum,
2332 1460 2518 1513 neque
2553 1449 2741 1498 tamen
2787 1445 3056 1514 prohibet
3099 1447 3416 1516 quominus
3450 1448 3525 1503 sit
3554 1448 3773 1504 animal

2122 1533 2346 1587 ratione
2405 1532 2712 1603 praeditum
2748 1551 2760 1588 :
2795 1533 3068 1606 idemque
3118 1553 3228 1590 non
3283 1537 3632 1608 dedignatus
3685 1543 3776 1594 est

2125 1621 2298 1676 homo
2319 1621 2530 1687 vocari,
2554 1638 2740 1692 neque
2769 1622 2906 1677 dum
2939 1625 3136 1679 ederet
3169 1626 3772 1696 prodigia,scjunctus

2127 1709 2237 1764 fuit
2267 1710 2338 1763 ab
2369 1725 2456 1780 eo,
2482 1710 2722 1782 quicum
2773 1716 2859 1766 est
2907 1713 3129 1781 unitus,
3164 1715 3284 1769 sive
3315 1731 3490 1785 quem
3540 1732 3777 1771 assum-

2127 1798 2263 1870 psit,
2293 1799 2394 1853 sed
2426 1799 2598 1852 homo
2635 1801 2823 1855 factus
2863 1802 3061 1855 omnia
3093 1803 3270 1857 ef'licit
3305 1819 3316 1858 ε
3352 1803 3599 1875 ideoque
3629 1805 3778 1860 dici-

2131 1895 2224 1944 tur
2258 1906 2271 1943 :
2301 1912 2324 1935 α
2356 1887 2608 1943 Verbum
2659 1906 2791 1944 caro
2844 1891 3056 1945 factum
3093 1895 3242 1960 est“,
3272 1917 3297 1941 »
3333 1912 3446 1949 non
3487 1901 3684 1951 autem
3717 1897 3780 1952 in

367 1999 560 2047 carne,
598 1987 661 2036 ut
690 1998 1115 2053 cognoscamus
1151 1982 1425 2036 unionem
1459 1999 1584 2053 qua:
1608 1998 1677 2036 ex
1710 1980 2071 2052 beneplacito
2107 1979 2256 2034 facta
2285 1983 2394 2045 est,
2417 1983 2474 2034 et
2499 1979 2583 2033 sic
2612 1980 2822 2045 edocti,
2849 1998 3031 2036 unum
3061 1983 3452 2055 eumdemqne
3482 1986 3780 2041 Christum

368 2078 436 2126 ut
465 2071 647 2126 Deum
681 2075 736 2125 et
768 2070 1062 2124 hominem
1099 2087 1508 2138 agnoscamus.

442 2161 531 2214 28.
567 2155 801 2214 Ἀπολλ.
857 2163 1240 2231 Προσκυνεῖται
1297 2158 1398 2212 ὑπὸ
1447 2156 1697 2233 ἀγγέλων
1746 2158 1772 2211 ὁ
1817 2155 2017 2231 ἄνθρω-

2198 2156 2288 2210 28.
2324 2157 2498 2224 Apoll.
2531 2157 2615 2210 Ab
2665 2159 2888 2227 angelis
2919 2161 3001 2214 vel
3036 2160 3331 2230 ndoratur,
3366 2161 3449 2217 vel
3497 2181 3605 2217 non
3641 2164 3784 2220 ado-

371 2268 498 2313 πος,
532 2247 566 2316 ἢ
602 2244 683 2301 οὗ.
732 2245 887 2301 Ἀλλ’
918 2245 963 2300 εἰ
1002 2246 1096 2318 μὶν
1150 2246 1210 2300 οὐ
1261 2253 1660 2320 προσκυνεῖται,
1709 2252 1824 2309 πῶς
1874 2245 2019 2315 -ἶξνω-

371 2357 482 2403 ται,
515 2336 602 2390 καὶ
651 2333 976 2390 ἀποστέλλει
1010 2336 1036 2390 ὁ
1069 2335 1190 2396 Υἱὸς
1237 2336 1364 2390 τοὺς
1413 2335 1678 2411 ἀγγέλους
1731 2337 1894 2390 αὐτοῦ
1929 2355 1942 2404 ;
1977 2336 2024 2390 εἷ’

373 2424 432 2480 δὲ
461 2430 839 2497 προσκυνεῖται
877 2421 964 2478 διὰ
992 2427 1054 2478 τὸ
1086 2425 1137 2478 ἐν
1171 2424 1316 2496 αὖτῷ
1361 2426 1500 2488 θείαν
1557 2425 1830 2495 ἐνοικῆσαι
1866 2423 2020 2479 δύνα-

375 2536 490 2588 μιν,
523 2519 640 2576 πῶς
674 2514 775 2567 ὑπὸ
823 2518 929 2568 τῶν
986 2512 1065 2568 ἀεὶ
1113 2513 1256 2576 θείαν
1309 2513 1547 2589 ἐχόντων
1598 2513 1822 2587 δύναμιν
1878 2515 2024 2569 ἐνοι-

367 2601 564 2657 κοῦσαν
601 2623 614 2673 ;
649 2602 746 2657 Καὶ
778 2605 941 2675 ἡμεῖς
976 2598 1034 2656 δὲ
1082 2605 1530 2678 προσκυνήσομεν
1567 2606 1645 2677 (8)
1677 2605 1765 2658 τὸν
1818 2604 2022 2679 ἅνθρω-

372 2712 472 2748 πον
573 2690 824 2749 οὕ.’Δλλ³
855 2691 898 2745 εί
935 2691 1028 2764 μὲν
1065 2691 1127 2746 οὗ
1158 2694 1752 2767 προσκυνήσομεν,πῶς
1785 2695 2027 2762 ἡνῶσθαι

372 2786 674 2855 νομιοῦμεν
703 2780 887 2848 αὐτὸν,
917 2781 1005 2834 καὶ
1057 2785 1172 2842 πῶς
1204 2781 1277 2844 εἷς
1329 2782 1420 2835 τὸν
1472 2781 1694 2845 θάιατον
1729 2782 1893 2836 αὖτοῦ
1929 2783 2028 2858 βα-

378 2869 679 2943 πτιζόμεθα
711 2889 725 2938 ;
762 2868 810 2924 εἷ
855 2866 911 2924 δὲ
959 2873 1436 2946 προσκυνήσομεν,
1492 2871 1672 2948 ὥσπερ
1721 2873 1810 2926 τὸν
1876 2872 2027 2942 Θεὸν,

382 2961 526 3016 οὕτω
573 2959 662 3015 καὶ
706 2960 796 3014 τὸν
850 2959 1156 3036 ἄνθρωπον,
1210 2956 1545 3034 ἀσεϐήσομεν
1595 2961 1794 3034 κτίσμα
1842 2961 2028 3036 κτίστῃ

386 3051 439 3106 ἐν
474 3047 575 3122 ῗίσῳ
606 3051 864 3110 τιθέντες.
913 3049 1009 3104 Καὶ
1043 3049 1087 3104 εἰ
1132 3052 1320 3124 κριτὴν
1371 3049 1761 3124 προσδοκῶμεν
1809 3052 1900 3106 τὸν
1953 3053 2034 3106 ἄν·

387 3154 604 3211 θρωπον
670 3140 804 3211 μετὰ
858 3142 955 3192 τοῦ
1014 3143 1148 3193 Θεοῦ
1207 3140 1508 3216 φωτίζοντα
1561 3142 1628 3195 τὰ
1676 3143 1886 3216 κρυπτᾶ
1938 3146 2034 3195 τοῦ

383 3228 634 3289 σκότους,
666 3229 764 3296 τὴν
796 3231 894 3282 τοῦ
946 3231 1079 3282 Θεοῦ
1135 3229 1306 3303 κρίσιν
1359 3229 1699 3302 ἀναθήσομεν
1744 3231 2030 3306 ἀνθρώπῳ·

395 3315 441 3369 εἷ
472 3314 526 3370 δὲ
559 3318 659 3388 μή,
688 3320 806 3376 πῶς
839 3341 866 3366 ‹‹
901 3312 1096 3370 ἔδωκεν
1131 3315 1276 3388 αὐτῷ
1309 3319 1336 3371 ὁ
1371 3320 1556 3394 [Ιατήρ
1591 3319 1828 3389 ἐξουσίαν
1859 3318 2034 3395 κρίσιν

395 3411 587 3459 ποιεῖν’
623 3405 704 3459 ὅτι
766 3405 888 3466 Υἱὸς
946 3404 1235 3478 ἀνθρώπου
1287 3405 1395 3460 ἐστί
1431 3427 1444 3475 ;
1484 3432 1510 3457 ››
1539 3407 1626 3462 καὶ
1682 3413 1799 3470 πῶς
1830 3409 2038 3478 ἢνωται

396 3493 475 3566 τῷ
523 3493 760 3570 κρίνοντι
793 3514 806 3564 ;
841 3495 985 3570 Ὀρθ.
1039 3494 1136 3549 Διά
1189 3495 1288 3572 γὰρ
1338 3500 1497 3550 τοῦτο
1547 3492 1710 3552 ἔλαϐε
1751 3501 1894 3573 παρὰ
1940 3502 2037 3553 τοῦ
2071 3533 2113 3598 C

394 3588 526 3638 Θεοῦ
585 3583 828 3654 ἐξουσίαν
887 3583 1060 3657 κρίσιν
1120 3590 1320 3650 ποιεῖν,
1381 3585 1575 3662 Κύριος
1625 3583 1698 3640 ὢν
1747 3595 1846 3658 τῆς
1880 3585 2038 3659 δόξης

391 3673 484 3727 καὶ
515 3675 691 3742 πάσης
726 3671 989 3742 ἐξουσίας,
1042 3671 1250 3742 ἐπειδὴ,
1300 3674 1428 3736 Θεὸς
1477 3675 1651 3751 Λόγος
1705 3675 1800 3747 ὣν,
1835 3675 2040 3754 ἐγένετο

394 3762 698 3837 ἄνθρωπος,
747 3761 886 3832 δλητ
939 3763 1333 3839 ἅνθρωπότητα
1383 3759 1588 3823 λαϐών,
1625 3767 1683 3820 Ἠ
1711 3766 1811 3843 γὰρ
1857 3768 2039 3844 μορφή

389 3855 494 3905 τοῦ
527 3848 729 3906 δοῦλου
759 3849 864 3921 ὅλη
916 3851 1054 3906 ἐστὶν
1102 3852 1478 3928 ἀνθρωπότης,
1522 3854 1594 3916 ὡς
1642 3857 1676 3924 ἡ
1713 3858 1896 3932 μορφή
1947 3860 2043 3910 τοῦ

394 3945 528 3995 Θεοῦ
562 3939 666 4012 ὅλη
701 3939 917 4010 θεότης.
956 3941 1052 3994 Καὶ
1085 3942 1248 4014 ἡμεῖς
1296 3941 1387 3995 καὶ
1441 3940 1662 4018 ἄγγελοι
1713 3950 2042 4020 προσκυνοῦ-

398 4050 494 4104 μεν
519 4029 664 4101 αὖτῷ
695 4034 774 4084 τῶ
806 4034 920 4102 Θεῷ
951 4030 1134 4105 Λόγω,
1171 4031 1389 4108 μορφὴν
1427 4028 1626 4086 δούλου
1674 4029 1918 4088 λαϐόντι·
1953 4033 2040 4088 καὶ

395 4119 496 4174 οὐκ
527 4119 578 4174 ἐν
645 4117 794 4195 μέρει
849 4118 939 4173 τὸν
974 4120 1101 4174 Θεὸν
1161 4124 1595 4193 προσκυνοῦμεν,
1656 4121 1745 4176 καὶ
1803 4121 1852 4176 ἐν
1890 4125 2043 4199 μὲρει

393 4209 482 4263 τὸν
521 4207 820 4281 ἄνθρωπον·
857 4205 982 4262 οὐδὲ
1010 4208 1208 4280 κτίσμα
1238 4208 1326 4263 καὶ
1379 4209 1597 4279 κτίστην
1645 4210 1695 4265 ἐν
1752 4209 1851 4284 ἴσῳ
1899 4211 2040 4266 τιΟέ-

402 4309 555 4372 μεθα·
590 4296 715 4353 ἀλλ’
748 4296 928 4372 ὥσπερ
959 4296 1043 4364 σὺ,
1078 4294 1130 4350 εἷ’
1152 4319 1210 4371 γε
1241 4297 1535 4374 ὁμολογεῖς
1566 4299 1660 4354 κᾶν
1693 4305 1820 4376 γοῦν
1875 4300 2043 4376 σάρκα

396 4387 692 4460 ὁμοούσιον
747 4389 883 4460 ἡμῖν
938 4385 1096 4441 αὐτὸν
1161 4382 1397 4442 λαϐόντα
1448 4387 1507 4442 ἐκ
1561 4396 1659 4458 τῆς
1722 4391 1992 4465 Παρθένου
2026 4437 2040 4462 ,

395 4482 716 4550 προσκυνεῖς
766 4475 924 4530 αὑτὸν
981 4474 1322 4551 σαρκωθέντα
1371 4477 1505 4549 μετὰ
1551 4484 1649 4547 τῆς
1699 4481 1914 4553 σαρκὸς,
1947 4479 2045 4533 οὐκ

397 4563 448 4618 ἐν
485 4562 585 4638 ζ’σῳ
609 4566 775 4628 τιθεὶς
805 4565 903 4632 τήν
939 4564 1105 4639 σάρκα
1157 4565 1245 4619 καὶ
1297 4567 1392 4634 τήν
1428 4565 1674 4638 θεότητα,
1712 4565 1834 4623 οὐδέ
1866 4569 2043 4645 χωρί-

397 4659 502 4723 ζων
560 4655 660 4722 τήν
721 4652 927 4726 σάρκα,
987 4653 1075 4708 καὶ
1153 4651 1204 4707 ἐν
1272 4653 1420 4730 μέρει
1481 4661 1798 4730 προσκυνῶν
1852 4657 2042 4727 αὐτ-ἠν,

396 4740 544 4796 ἀλλᾶ
611 4743 710 4811 τὴν
787 4741 1016 4812 θεότητα
1077 4741 1210 4813 μετᾶ
1266 4750 1364 4812 τῆς
1423 4745 1616 4817 σαρκὸς
1673 4753 1994 4821 προσκυνεῖς
2027 4766 2040 4778 °

394 4830 538 4884 οὕτω
585 4829 671 4884 καῖ
722 4831 886 4902 ἡμεῖς
927 4829 1024 4898 τήν
1083 4829 1311 4898 θεότητα
1360 4829 1844 4906 ἐνανθρωπήσασαν
1874 4855 2042 4910 προσ-

2135 2249 2296 2298 ratur
2327 2247 2520 2298 homo.
2556 2249 2625 2299 At
2670 2247 2714 2299 si
2771 2265 2880 2300 non
2938 2250 3231 2316 adoratur,
3259 2253 3549 2320 quomodo
3585 2254 3786 2308 imitus

2136 2332 2330 2398 fuerit,
2355 2338 2411 2387 et
2443 2333 2621 2387 mittit
2651 2335 2890 2406 angelos
2922 2354 3058 2391 suos
3097 2338 3315 2394 l-‘ilius?
3353 2341 3454 2394 Sin
3488 2358 3616 2395 vero
3646 2343 3784 2397 ado-

2136 2426 2299 2476 ratur
2323 2427 2558 2493 prepter
2582 2421 2834 2477 divinam
2860 2425 3135 2479 virtutem
3162 2427 3218 2480 in
3241 2427 3370 2499 ipso
3394 2428 3784 2498 habitantem,

2137 2511 2430 2581 quomodo
2454 2512 2731 2566 adoratur
2751 2512 2917 2568 abiis
2941 2515 3038 2586 qui
3063 2515 3332 2571 virtutem
3356 2517 3608 2572 divinam
3635 2535 3788 2574 sem-

2137 2615 2240 2670 per
2264 2598 2480 2654 habent
2504 2600 2558 2654 in
2584 2616 2711 2655 sese
2736 2601 3136 2658 habitantem?
3160 2605 3266 2659 Sed
3299 2611 3356 2661 et
3389 2623 3494 2662 nos
3526 2608 3793 2663 adorabi-

2139 2705 2271 2742 mus
2303 2688 2738 2757 hominem,vel
2792 2708 2903 2746 non
2957 2693 3357 2750 adorabimus.
3382 2695 3544 2758 Quod
3585 2699 3633 2752 si
3676 2713 3792 2753 non

2140 2777 2847 2849 adorabimus,quomodo
2879 2779 3072 2850 ipsum
3111 2783 3336 2838 unitum
3370 2801 3498 2839 esse
3529 2787 3791 2841 censebi—

2142 2871 2360 2935 mus,et
2381 2867 2672 2936 quomodo
2693 2867 2749 2922 in
2775 2869 2962 2940 ipsius
2987 2877 3231 2926 mortem
3259 2873 3668 2945 baptizantur‘?
3689 2875 3790 2931 Sin

2140 2971 2273 3008 vero
2305 2955 2388 3008 sic
2411 2954 2709 3010 hominem
2738 2958 3051 3014 adoremus
3087 2967 3147 3015 ut
3183 2966 3380 3030 Deum,
3406 2963 3583 3034 impie
3616 2965 3791 3021 iacie-

2143 3060 2298 3107 mus,
2315 3060 2434 3098 rem
2465 3050 2719 3099 creatam
2743 3054 3118 3118 exaequantcs
3142 3049 3416 3106 Creatori.
3439 3052 3722 3109 Praeterea
3745 3055 3794 3109 si

2144 3131 2442 3186 hominem
2465 3140 2870 3204 exspectemus
2891 3138 3250 3206 utjudicem,
3272 3141 3370 3209 qui
3393 3142 3659 3209 adiutore
3680 3143 3797 3200 Deo

2145 3219 2438 3276 illuminat
2453 3222 2704 3276 abscond
2719 3225 2794 3278 ita
2809 3226 3683 3302 tenebrarum,judieium,qu0d
3702 3232 3800 3288 Dei

2147 3314 2255 3368 est.
2278 3308 2497 3364 homini
2519 3311 2868 3367 tribuemus.
2888 3314 2983 3368 Sin
3012 3315 3205 3370 minus
3233 3334 3244 3372 :
3270 3322 3564 3389 quomodo
3587 3344 3613 3370 «
3639 3321 3802 3378 dedit

2149 3398 2200 3452 ei
2233 3397 2399 3452 Pater
2422 3402 2997 3472 potestatemjudicii
3027 3405 3272 3460 faciendi
3300 3423 3311 3462 :
3339 3407 3477 3480 quia
3501 3409 3681 3465 Filius
3707 3411 3803 3466 bo-

2153 3485 2331 3542 minis
2373 3493 2460 3542 est
2489 3487 2569 3541 1°‘?
2593 3510 2612 3537 ι
2653 3493 2708 3544 et
2740 3493 3033 3560 quomodo
3066 3498 3154 3548 est
3184 3494 3294 3566 ipsi
3335 3496 3522 3566 judici
3554 3498 3804 3555 unitus?

2155 3575 2310 3631 Orth.
2337 3577 2443 3643 Qui
2478 3579 2760 3633 Dominus
2791 3586 2880 3635 est
2905 3580 3100 3652 gloria:
3134 3584 3443 3658 omnisque
3473 3589 3800 3659 potestatis,

2154 3667 2368 3722 idcirco
2400 3670 2623 3739 accepit
2645 3669 2850 3738 judieii
2894 3674 3196 3727 exercendi
3239 3679 3606 3746 potestatem,
3641 3679 3800 3750 quod

2153 3773 2286 3812 cum
2338 3757 2482 3810 Deus
2529 3758 2988 3826 eatetVorbum,
3026 3761 3210 3816 factus
3261 3765 3337 3818 sit
3388 3764 3582 3833 homo,
3616 3772 3800 3824 totam

2155 3851 2426 3900 naturam
2473 3863 2782 3902 assumens
2831 3848 3173 3906 humanam.
3212 3852 3418 3908 Forma
3462 3854 3620 3911 enim
3653 3857 3804 3913 servi

2155 3939 2244 3990 est
2272 3940 2388 3990 tota
2421 3935 2683 3990 humana
2711 3944 2943 4008 natura,
2979 3946 3034 3994 ut
3073 3941 3258 3996 l'orma
3293 3944 3387 3997 Dei
3421 3949 3511 3999 est
3539 3950 3656 4000 tota
3685 3947 3805 4002 dei-

2153 4027 2264 4078 tas.
2299 4024 2368 4078 Et
2398 4040 2524 4088 nos,
2559 4030 2615 4078 et
2641 4025 2831 4096 angeli
2865 4027 3056 4098 ipsum
3094 4029 3278 4084 Deum
3313 4033 3569 4088 Verbum
3603 4034 3810 4091 adora-

2155 4128 2310 4178 mus,
2345 4111 2444 4182 qui
2479 4113 2729 4167 formam
2770 4115 2918 4168 servi
2972 4119 3297 4189 assumpsit
3327 4136 3339 4174 :
3379 4136 3565 4193 neque
3595 4124 3807 4195 partim

2154 4200 2358 4266 Deum,
2382 4201 2592 4271 partim
2614 4201 2912 4257 hominem
2938 4205 3278 4272 adoramus,
3298 4226 3484 4281 neque
3507 4227 3629 4266 rem
3653 4229 3810 4269 erea-

2153 4293 2273 4344 tam
2298 4291 2553 4344 Creatori
2582 4291 3014 4361 zequiparamus
3043 4309 3054 4349 :
3082 4296 3181 4349 sed
3219 4301 3284 4350 ut.
3315 4302 3375 4351 tu
3411 4298 3556 4369 ipse,
3584 4299 3634 4355 si
3667 4302 3804 4372 qui-

2154 4378 2285 4433 dem
2319 4395 2452 4433 eum
2503 4380 2799 4434 conﬁteris
2844 4398 3078 4436 carnem
3113 4384 3320 4440 saltem
3355 4388 3522 4443 nobis
3554 4392 3805 4446 consub-

2155 4465 2488 4523 stantialem
2523 4483 2590 4521 ex
2621 4468 2859 4540 Virgine
2891 4472 3210 4543 accepisse,
3243 4475 3453 4530 adoras
3483 4475 3679 4549 ipsum
3713 4480 3806 4534 in-

2155 4561 2461 4611 carnatum
2495 4573 2628 4611 cum
2664 4574 2855 4625 carne,
2884 4577 3073 4630 neque
3111 4567 3304 4617 tamen
3338 4580 3570 4621 carnem
3603 4567 3808 4624 deitati

2156 4662 2443 4717 exaequas,
2479 4662 2663 4716 neque
2705 4663 2938 4702 carnem
2997 4667 3291 4724 segreges,
3321 4659 3378 4708 et
3408 4661 3631 4725 partem
3666 4657 3808 4713 ado-

2156 4752 2274 4802 ras,
2307 4735 2408 4789 sed
2440 4735 2716 4790 deitatem
2768 4753 2900 4791 cum
2955 4755 3127 4794 carne
3173 4741 3382 4801 adoras
3418 4759 3431 4798 :
3463 4745 3544 4800 ita
3595 4752 3652 4801 et
3703 4764 3811 4803 nos

2157 4824 2458 4892 deitatem,
2491 4840 2617 4894 quas
2650 4825 2901 4896 seipsam
2956 4827 3180 4883 homini
3233 4831 3436 4901 univit,
3470 4833 3810 4906 adoramus,

399 4919 686 4995 βυνοῦμεν,
740 4918 801 4972 οὐ
852 4917 1181 4994 χωρίζοντες
1230 4917 1395 4984 αὐτὴν
1445 4926 1544 4988 τῆς
1596 4919 2028 4994 ἁνθρωπότητοςη

2154 4928 2257 4965 nec
2288 4927 2415 4966 eam
2449 4911 2520 4965 ab
2553 4911 2812 4967 humana
2857 4920 3067 4969 natura
3115 4918 3507 4989 sejungimus.
3542 4905 3810 4981 Christus

394 5008 496 5065 Καὶ
528 5007 750 5085 φωτίζει
797 5007 864 5062 τὰ
904 5006 1115 5082 κρυπτᾶ
1160 5012 1255 5061 τοῦ
1305 5007 1528 5070 σκότους
1579 5010 1828 5084 Χριστὸς,
1861 5017 1937 5073 εἷς
1969 5009 2042 5068 ὣν

393 5098 422 5151 ὁ
450 5097 608 5159 αὐτὸς
654 5097 785 5159 Θεὸς
832 5096 920 5151 καὶ
972 5095 1277 5170 ἄνθρωπος,
1311 5097 1386 5158 ὡς
1416 5095 1522 5172 πῦρ
1554 5097 1606 5151 ἐν
1640 5096 1744 5172 ὕλῃ
1785 5100 2038 5178 φωτίζων

388 5186 516 5248 τοὺς
549 5185 874 5260 προσιόντας
905 5184 1067 5239 αὐτοῦ
1111 5189 1188 5257 τῷ
1237 5185 1395 5263 φωτὶ,
1430 5183 1492 5238 οὐ
1536 5187 1911 5262 χωριζόμενον
1941 5196 2040 5258 τῆς

393 5275 683 5345 ἱνωθείσης
713 5272 876 5344 ὕλης,
921 5271 1047 5329 οὐδὲ
1097 5272 1532 5348 ἀναλισκομένης
1578 5281 1678 5344 τῆς
1722 5275 1886 5348 ὕλης,
1915 5289 2042 5343 καθ-

393 5363 528 5438 άπερ
561 5361 688 5419 οὐδὲ
718 5365 754 5434 ἡ
786 5363 932 5438 παρὰ
952 5365 1123 5436 Μωσῇ
1159 5361 1342 5448 βᾴτος.

463 5553 485 5588 ⁸
512 5551 680 5609 Joan.
717 5567 757 5618 ι,
792 5551 878 5607 14.
958 5551 1003 5589 ¹⁰
1031 5550 1198 5607 Joan.
1230 5567 1286 5620 ν,
1317 5551 1407 5606 27.

462 5669 664 5750 ςϐὶβὶο
696 5685 840 5750 mss.
873 5667 1025 5750 E'iiti
1058 5684 1214 5750 vero,
1245 5665 1522 5723 κατέναντι
1555 5667 1742 5739 ἡλίου·
1777 5670 1950 5750 φαίνει
1983 5670 2041 5728 δὲ

462 5671 519 5741 (6
570 5671 664 5726 Sic
696 5685 840 5726 mss.
873 5671 1025 5725 Editi
1058 5685 1164 5726 veri

386 5743 486 5795 τοῦ
515 5671 638 5817 ὲλη
671 5740 876 5798 multis
907 5739 1164 5798 omissis.

2157 5016 2327 5071 porro
2376 4999 2676 5056 illuminat
2725 5002 3070 5059 abscondita
3117 5007 3695 5081 tenebrarum,quod
3730 5013 3810 5068 sit

2152 5090 2276 5157 ipse
2303 5088 2454 5144 Deus
2475 5093 2532 5143 et
2553 5088 2750 5158 homo,
2775 5094 3273 5161 quemadmodum
3298 5096 3451 5167 ignis
3476 5099 3535 5153 in
3561 5102 3808 5158 materia

2150 5177 2339 5232 lucem
2392 5178 2659 5248 praebens
2689 5178 2761 5234 iis
2793 5181 2941 5235 471
2981 5182 3082 5252 qui
3131 5183 3202 5238 ad
3253 5183 3443 5241 lucem
3493 5191 3803 5261 accedunt,

2151 5265 2232 5320 ita
2264 5271 2327 5319 ut
2373 5281 2562 5336 neque
2593 5283 2627 5321 a
2656 5269 2900 5323 materia
2941 5275 3300 5342 segregetur,
3335 5276 3427 5329 cui
3462 5276 3664 5333 unitus
3695 5287 3806 5350 est,

2150 5369 2256 5409 nec
2287 5354 2536 5410 materia
2565 5355 2692 5425 ipsa
2720 5364 3123 5428 consumatur,
3149 5360 3302 5418 sicut
3333 5380 3440 5420 nec
3472 5367 3656 5424 rubus
3687 5367 3808 5437 ille,

2150 5443 2321 5514 cujus
2347 5447 2438 5500 est
2467 5445 2622 5516 apud
2658 5444 2894 5518 Moysen
2927 5447 3168 5505 mentio.

2224 5675 2300 5743 (7)
2337 5675 2500 5743 Msa,
2533 5671 2723 5743 ἤτουν.

2224 5675 2274 5742 (7
2337 5675 2500 5743 Msa,
2533 5675 2723 5743 ἤτουν.

2219 5675 2300 5820 (8ί
2332 5747 2538 5815 Palat.,
2568 5749 2661 5804 hic
2692 5752 2748 5804 et
2778 5747 2956 5820 infra,
2985 5754 3467 5828 προσκυνήσωμεν.
