4104 6390
394 458 550 527 1983

457 604 548 657 29.
585 600 757 672 Apoll.
790 596 847 657 Si
881 597 1057 656 homo
1105 601 1423 672 adjunctus
1471 606 1561 656 est
1613 604 1743 669 Deo,
1772 598 1923 653 alius
1955 600 2044 652 est
2074 599 2121 665 Α

387 708 566 763 quam
596 689 775 756 Deus,
798 689 846 745 si
874 693 999 745 tum
1044 694 1241 746 motus
1272 689 1559 746 animales
1590 686 1889 760 respicias,
1916 690 2043 741 tum

386 779 789 845 rationabiles,
820 783 946 835 tum
986 779 1290 852 patibiles;
1341 786 1400 835 et
1448 779 1699 850 patiens,
1734 776 1954 848 patitur
1985 777 2050 829 ut

386 868 562 935 aiiue,
588 873 646 925 et
694 868 995 937 adoratus,
1029 870 1309 925 adorator
1343 873 1403 924 ut
1434 867 1607 923 alius.
1644 871 1710 921 At
1745 865 1837 919 Dei
1891 880 2046 930 caro,

385 958 515 1015 vitae
547 961 636 1014 est
683 957 1141 1013 instrumentum
1176 957 1257 1012 ita
1292 955 1667 1029 pnssiombus
1718 954 1842 1010 suis
1890 968 2047 1008 com~

385 1048 666 1123 positum,
700 1051 765 1104 ut
793 1046 1007 1104 divinis
1056 1046 1318 1103 consiliis
1350 1047 1619 1119 quadret,
1659 1061 1849 1116 neque
1890 1041 2048 1114 cogi-

379 1140 630 1195 tationes
664 1136 881 1193 fuerint
925 1137 1123 1193 carnis
1184 1135 1449 1209 propriae,
1506 1151 1693 1206 neque
1745 1133 2046 1206 actiones;

380 1231 438 1285 et
495 1244 629 1284 caro
687 1226 817 1299 ipsa
872 1225 1251 1299 passionibus
1320 1229 1495 1297 prout
1551 1225 1710 1281 carni
1775 1221 2050 1279 convenit

380 1316 669 1390 subjecta,
723 1315 838 1373 illis
888 1315 1159 1388 superior
1212 1315 1430 1384 evadit,
1465 1314 1743 1387 quoniam
1806 1318 1895 1368 est
1947 1310 2047 1367 Dei

380 1423 536 1479 caro,
562 1406 704 1463 adeo
733 1409 796 1462 ut
827 1405 883 1461 in
917 1406 1262 1478 corporibus
1310 1423 1426 1462 non
1478 1403 1753 1460 similiter
1783 1403 2048 1485 quidem,

377 1500 440 1555 at
468 1495 826 1554 animalibus
856 1499 1078 1564 tamen,
1108 1496 1185 1552 sit
1233 1493 1698 1568 impatibilitatis
1749 1497 1952 1548 auctor
1983 1509 2048 1547 ac

376 1585 775 1659 principium:
810 1590 867 1640 et
894 1585 1174 1641 adoratur
1205 1589 1271 1641 ut
1305 1584 1403 1641 Dei
1433 1601 1589 1650 caro,
1622 1583 1901 1655 quoniam
1934 1581 2046 1637 hac

374 1675 600 1733 ratione
643 1675 693 1730 is
738 1674 838 1747 qui
873 1675 1158 1730 adorator
1219 1682 1303 1731 cst
1360 1673 1541 1741 Deus,
1573 1676 1630 1729 et
1688 1672 1856 1727 nobis
1904 1687 2040 1726 con-

361 1765 735 1838 junctionem
783 1782 916 1819 cum
950 1781 1016 1819 eo
1058 1764 1294 1835 prazbet,
1328 1764 1501 1834 cujus
1550 1768 1638 1818 est
1689 1779 1900 1835 corpus
1935 1777 1949 1816 :
1983 1765 2042 1817 et

369 1855 669 1920 adoretur,
700 1870 816 1908 non
848 1858 1047 1907 tamen
1083 1856 1147 1907 ut
1188 1870 1282 1909 res
1329 1857 1544 1918 creata,
1579 1851 1857 1924 quoniam
1890 1850 2037 1905 nihil

1572 464 1636 526 S.
1685 454 2297 525 ATHANASIUS.—
2333 460 2641 527 SPURIA.

3641 472 3779 543 1284

2228 600 2318 686 29.
2353 597 2588 656 Ἀπολλ.
2640 602 2971 676 Ἄνθρωπος
3020 605 3136 675 Θεῷ
3178 607 3584 683 παραζευχθεὶς,
3612 608 3776 686 ἕτερος

2161 685 2303 758 παρά
2331 685 2421 740 τὸν
2455 686 2583 743 Θεόν
2634 686 2744 744 ἐστι
2783 695 2905 753 ταῖς
2954 696 3207 761 ζωτικαῖς
3252 696 3513 764 κινήσεσι,
3561 685 3776 773 λογιστι-

2158 777 2279 836 καῖς
2332 795 2389 829 τε
2446 776 2534 830 καὶ
2591 779 2915 847 παθητικαῖς
2952 800 2963 811 ·
3026 781 3114 836 καὶ
3171 782 3434 858 πάσχων,
3492 785 3562 847 ὡς
3611 784 3775 864 ἕτερος

2158 863 2378 939 πάσχει,
2419 860 2507 919 καὶ
2557 871 3026 942 προσκυνούμενος
3055 915 3067 937 ,
3127 871 3202 932 ὡς
3258 867 3438 947 ἕτερος
3495 860 3776 948 προσκυνεῖ-

2156 971 2267 1008 ται.
2320 953 2458 1029 Σᾶρξ
2506 952 2563 1009 δὲ
2607 960 2740 1010 Θεοῦ
2797 961 2942 1026 ζωῆς
2988 955 3214 1034 ὄργανον
3270 962 3629 1036 ἁρμοζόμενον
3672 972 3777 1029 τοῖς

2158 1039 2347 1095 πάθεσι
2404 1044 2541 1118 πρὸς
2596 1044 2693 1107 τὰς
2753 1045 2896 1109 θείας
2963 1047 3187 1122 βουλὰς,
3232 1051 3321 1104 καὶ
3370 1053 3445 1125 (9)
3476 1048 3593 1107 οὔτε
3633 1051 3775 1128 λόγοι

2160 1131 2354 1206 σαρκὸς
2411 1129 2565 1204 ἴδιοι,
2630 1131 2753 1189 οὔτε
2801 1136 3043 1209 πράξεις,
3104 1138 3191 1192 καὶ
3239 1143 3356 1201 τοῖς
3400 1142 3613 1204 πάθεσιν
3662 1143 3775 1198 ὐπο-

2160 1214 2503 1295 ϐαλλομένη·
2552 1226 2688 1279 κατὰ
2743 1226 2805 1281 τὸ
2866 1227 3022 1304 σαρκὶ
3081 1231 3377 1305 προσῆκον,
3437 1228 3610 1308 ΐσχύει
3661 1234 3776 1288 κατὰ

2158 1314 2266 1364 τῶν
2295 1313 2506 1377 παθῶν,
2567 1310 2655 1368 διὰ
2682 1314 2744 1370 τὸ
2775 1320 2908 1371 Θεοῦ
2966 1321 3100 1372 εῖναι
3160 1319 3311 1393 σὰρξ,
3345 1318 3482 1374 ὥστε
3530 1321 3614 1375 καῖ
3671 1343 3772 1377 κατ-

2159 1396 2310 1474 άρξαι
2340 1407 2439 1470 τῆς
2476 1402 2730 1465 ἀπαθείας
2786 1408 2905 1467 τοῖς
2946 1405 3052 1482 οὐχ
3108 1406 3317 1479 ὁμοίως
3378 1409 3497 1480 μὲν,
3529 1408 3778 1482 ὀμοζώοις

2159 1483 2217 1542 δὶ
2275 1490 2487 1563 σώμασι
2547 1494 2696 1566 (1Ο)’
2747 1492 2835 1547 καὶ
2891 1501 3269 1570 προσκυνεῖται
3328 1496 3404 1559 ὡς
3459 1502 3591 1555 Θεοῦ
3648 1499 3780 1575 σὰρξ,

2156 1581 2289 1633 Θεοῦ
2322 1575 2477 1642 ὄντος
2509 1579 2652 1635 οὕτω
2694 1586 2790 1637 τοῦ
2840 1585 3347 1659 προσκυνουμένουι
3382 1587 3471 1642 καὶ
3518 1588 3782 1667 συνάφειαν

2152 1668 2287 1739 ἡμῖν
2321 1665 2540 1724 δίδωσιν
2573 1714 2586 1739 ,
2622 1670 2684 1725 οὗ
2716 1671 2823 1726 ἐστι
2875 1676 3032 1745 σῶμα
3068 1693 3079 1704 ·
3113 1674 3203 1728 καὶ
3234 1681 3613 1751 προσκυνεῖται
3646 1665 3666 1746 ,-
3688 1677 3784 1755 οὐχ

2152 1756 2224 1817 ὡς
2250 1756 2470 1831 κτίσμα,
2532 1758 2614 1812 ὅτι
2678 1758 2848 1832 μηδὲν
2905 1761 3107 1835 κτίσμα
3165 1764 3331 1836 μέρος
3390 1767 3642 1822 Θεοῦ.οἱ
3691 1767 3781 1842 ἄρα

2149 1844 2320 1921 σάρκα
2359 1841 2544 1902 λαϐεῖν
2590 1848 2680 1903 τὸν
2723 1849 2851 1904 Θεὸν
2902 1850 3276 1915 πιστεύσαντες
3312 1897 3327 1924 ,
3355 1854 3447 1909 καὶ
3492 1857 3599 1909 τῶν
3650 1841 3781 1929 εὐερ-

367 1944 524 2016 quod
557 1946 821 1998 creatum
856 1941 936 1996 sit
976 1947 1065 1996 est
1094 1941 1194 1998 Dei
1238 1941 1453 2014 portio,
1491 1943 1691 2013 itaque
1723 1941 1818 2012 qui
1850 1940 2018 1996 Deun

2144 1940 2334 2010 γεσιῶν
2384 1936 2714 2013 τυγχάνουσι
2747 1984 2760 2009 ,
2793 1939 2882 1993 καὶ
2924 1940 3022 1995 οὐκ
3080 1940 3155 2003 εἰς
3212 1938 3395 2018 ἕτερον
3434 1944 3775 2017 μεταπίπτουν

367 2032 619 2089 credunt
675 2029 1077 2102 assumpsisse
1137 2046 1392 2097 carnem,
1427 2029 1557 2101 ejus
1619 2029 2033 2086 beneﬁciorum

369 2121 521 2177 ﬁunt
546 2124 871 2191 compotes,
898 2135 1003 2174 nee
1032 2134 1099 2174 eo
1128 2117 1504 2187 delabuntur,
1529 2122 1594 2174 ut
1623 2117 1800 2174 alium
1836 2118 2031 2191 ipsum

365 2209 610 2266 dicant:
659 2206 1024 2265 contrarium
1073 2225 1211 2264 vero
1270 2208 1344 2265 iis
1401 2210 1613 2277 evenit,
1676 2208 1775 2281 qui
1825 2207 2030 2264 volunt

364 2298 668 2356 hominem
721 2297 902 2353 fuisse
961 2296 1078 2353 Deo
1135 2298 1543 2368 conjunctum.
1596 2297 1748 2354 Orth.
1807 2298 2029 2355 Disces-

364 2387 495 2446 sisti
542 2406 577 2443 a
627 2386 928 2459 Scriptura
987 2386 1271 2443 divinitus
1324 2386 1632 2459 inspirata,
1693 2388 1937 2460 ideoque
1997 2405 2028 2443 a

364 2476 554 2551 gratia
615 2475 907 2548 excidisti,
972 2484 1033 2531 ut
1092 2477 1188 2548 qui
1252 2492 1386 2532 cum
1444 2477 1749 2549 Scriptura
1806 2478 2021 2533 dicat:

367 2588 394 2622 α
430 2566 820 2636 desumpsit,»
843 2573 901 2621 et
938 2588 965 2616 «
996 2566 1230 2621 Factum
1265 2569 1376 2633 est,
1400 2590 1426 2616 ››
1463 2566 1643 2633 istud,
1679 2568 2024 2639 adiunctum

362 2661 476 2725 est,
506 2656 634 2728 ipse
678 2655 780 2711 tibi
817 2654 985 2727 quasi
1036 2655 1350 2710 cisternam
1401 2655 1754 2711 confractarn
1817 2657 2025 2738 fecisti,

363 2762 490 2818 quae
541 2762 654 2801 non
716 2743 903 2816 possit
948 2761 1131 2815 aquas
1185 2744 1502 2799 continere.
1538 2745 1840 2808 Quomodo
1891 2762 2023 2801 vero

361 2851 478 2892 non
509 2834 598 2890 vis
625 2832 883 2889 Verbum
917 2834 988 2889 ab
1020 2832 1285 2888 humana
1335 2840 1545 2888 natura
1579 2834 1702 2889 suis
1751 2834 2021 2890 animali-

360 2922 493 2994 bus,
528 2919 983 2978 rationabilibus
1015 2925 1071 2975 et
1112 2919 1457 2991 patibilibus
1486 2922 1744 2975 motibus
1776 2938 1888 2975 non
1925 2938 2019 2977 se-

356 3011 561 3069 cerni?
593 3011 746 3067 Num
779 3009 937 3067 enim
969 3009 1167 3064 divino
1205 3009 1460 3080 quodam
1514 3017 1674 3064 motu
1725 3026 2019 3093 crescens,

354 3118 388 3158 a
416 3107 646 3157 statura
675 3100 747 3157 ad
781 3104 1068 3156 staturam
1098 3098 1292 3154 divine
1322 3097 1613 3154 excrevit?
1642 3103 1697 3153 et
1729 3099 2018 3171 sapientia

354 3189 687 3263 proﬁciens,
722 3188 969 3262 profecit
1020 3192 1084 3242 ut
1134 3187 1333 3244 Deus?
1381 3192 1437 3243 et
1480 3204 1610 3242 cum
1663 3187 1904 3243 tristitia
1959 3194 2015 3244 et

354 3296 571 3353 angore
629 3278 811 3335 animi
871 3276 1224 3346 afﬁceretur,
1267 3293 1398 3332 cum
1456 3278 1815 3347 turbaretur,
1867 3295 2005 3333 num

351 3368 589 3425 tristitia
618 3372 677 3425 et
716 3383 933 3440 angore
974 3366 1361 3430 afficiebatur,
1394 3370 1451 3421 et
1481 3366 1830 3421 turbabatur
1874 3370 2002 3422 tan-

352 3474 531 3530 quam
561 3457 718 3514 Deus
749 3461 806 3512 et
836 3456 1138 3513 laborabat
1169 3461 1224 3511 et
1253 3454 1626 3528 patiebatur?
1663 3456 1848 3511 Absit.
1885 3458 2008 3511 Imo

352 3546 506 3602 sicut
548 3563 765 3618 corpus
796 3551 854 3600 et
885 3543 1065 3600 Maria
1114 3544 1518 3616 desumptum,
1564 3543 1718 3599 Deus
1748 3543 2004 3600 Verbum

351 3650 525 3691 suum
559 3649 689 3690 esse
719 3649 932 3704 corpus
963 3630 1126 3698 dixit,
1151 3632 1305 3704 quod
1351 3636 1548 3687 tamen
1582 3648 1694 3687 non
1728 3637 1819 3688 est
1848 3634 2007 3703 ejus-

349 3723 483 3778 dem
515 3726 691 3794 atque
721 3721 909 3777 deitas
942 3721 1068 3793 ipsa
1090 3724 1310 3776 natura:
1338 3737 1351 3775 :
1381 3721 1461 3776 ita
1486 3722 1661 3777 etiam
1697 3738 1837 3777 suas
1869 3722 2010 3777 dicit

346 3810 751 3882 passiones,et
786 3815 909 3865 tum
958 3808 1253 3874 animalis,
1291 3814 1412 3864 tum
1464 3808 1653 3881 ipsius
1704 3810 2008 3866 rationalis

344 3897 648 3965 facultatis
678 3896 1130 3968 incrementum,
1156 3914 1518 3969 quaecunque
1550 3903 1771 3953 natura:
1803 3899 2008 3955 huma-

342 4005 432 4043 na:
464 3992 605 4044 sunt
637 3992 701 4043 ut
729 3986 839 4044 sibi
875 3986 1113 4060 propria
1135 3986 1461 4054 vindicans,
1488 4004 1591 4058 pro
1620 3988 1776 4044 bona
1805 3991 2004 4061 gratia:

340 4094 459 4133 suis
495 4076 810 4133 voluntate.
844 4077 937 4132 Sic
988 4076 1147 4161 enim
1183 4092 1351 4131 suam
1388 4075 1528 4131 dicit
1580 4094 1838 4148 carnem,
1874 4079 2005 4136 vitae

337 4166 827 4237 instrumentum,
856 4165 1158 4236 idoneum,
1191 4169 1252 4221 ut
1283 4164 1497 4221 divinis
1529 4166 1796 4223 consiliis
1827 4185 2001 4241 coap-

338 4259 514 4311 tetur.
551 4255 700 4312 Nam
732 4260 795 4311 ut
839 4260 1096 4328 spueret,
1131 4272 1275 4312 usus
1325 4260 1414 4310 est
1462 4257 1721 4329 corporis
1777 4258 1997 4314 instru-

336 4350 560 4411 mento,
604 4345 928 4417 itidemque
986 4361 1248 4416 corpore,
1298 4349 1361 4400 ut
1420 4345 1787 4417 sepeliretur,
1821 4351 1873 4403 et
1935 4353 1998 4406 ut

333 4434 662 4491 voluntarie
714 4439 959 4491 mortem
994 4432 1247 4495 subiret;
1279 4450 1346 4490 ac
1395 4438 1456 4489 ut
1505 4435 1722 4491 inferos
1772 4437 1995 4508 praeda-

332 4528 514 4593 retur,
549 4524 809 4580 animam
851 4523 1143 4590 adhibuit,
1175 4540 1351 4595 quam
1386 4538 1516 4580 sese
1556 4524 1703 4579 dixit
1733 4540 1836 4595 pro
1868 4527 1993 4581 suis

332 4611 538 4669 ovibus
582 4613 892 4684 deponere.
927 4611 1126 4685 Neque
1174 4629 1476 4669 sermones
1533 4617 1673 4668 sunt
1730 4612 1990 4671 hominis

2144 2045 2243 2078 σιν·
2278 2025 2350 2079 ὧν
2382 2025 2447 2080 τὰ
2477 2025 2686 2081 ἐναντία
2733 2024 2950 2104 ἔχουσιν
3005 2030 3056 2083 οἱ
3105 2032 3388 2105 ἄνθρωπον
3432 2035 3779 2110 παρεζεῦχθαι

2145 2111 2393 2191 λέγοντες
2450 2120 2565 2188 Θεῷ
2623 2118 2734 2193 (11)
2773 2163 2784 2175 ,
2845 2119 3010 2195 Ὀρο.
3071 2121 3464 2197 ’Λνεχώρησας
3521 2125 3617 2192 τῆς
3673 2125 3780 2178 θεο-

2142 2202 2401 2258 πνεύστου
2433 2210 2670 2284 Γραφῆς,
2711 2206 2800 2260 καὶ
2835 2204 2923 2263 διὰ
2969 2212 3130 2264 τοῦτο
3183 2217 3283 2280 τῆς
3330 2213 3563 2289 χάριτος
3610 2211 3778 2282 ἐξέπε-

2142 2313 2249 2365 σες,
2280 2300 2379 2363 τῆς
2413 2300 2629 2372 Γραφῆς
2662 2294 2930 2371 λεγούσης
2960 2298 3043 2371 τὸ,
3069 2324 3094 2349 ‹‹
3131 2294 3356 2373 Ἔλαϐε,
3394 2324 3423 2353 »
3453 2302 3565 2371 καὶ,
3590 2326 3617 2353 ‹‹
3637 2300 3782 2377 Ἐγὲ-

2137 2401 2275 2436 νετοο
2309 2406 2336 2435 υ
2371 2383 2433 2438 τὸ
2478 2388 2844 2460 παρεζεῦχθαι
2895 2391 3074 2459 σαυτῷ
3126 2383 3333 2465 ὤρυξας
3385 2389 3622 2466 καθάπερ
3655 2389 3780 2446 λάκ-

2136 2490 2231 2525 κον
2291 2473 2770 2548 συντετριμμένον,
2837 2475 2911 2547 μὴ
2971 2473 3262 2550 δυνάμενον
3323 2474 3473 2555 ὕδωρ
3527 2479 3778 2555 συνέχειν.

2139 2564 2258 2622 Πῶς
2293 2558 2350 2615 δὲ
2398 2560 2459 2615 οὐ
2510 2561 2688 2625 Θέλεις
2734 2568 2854 2626 ταῖς
2906 2568 3159 2633 ζωτικαῖς
3189 2565 3277 2620 καὶ
3330 2565 3669 2643 λογιστικαῖς
3698 2567 3781 2622 καὶ

2133 2655 2460 2719 παθητικαῖς
2509 2653 2751 2721 κινήσεσι
2800 2651 3126 2727 χωρίζεσθαι
3179 2654 3270 2709 τὸν
3323 2655 3495 2732 Λόγον
3546 2662 3643 2726 τῆς
3690 2655 3780 2710 ἀν·-

2135 2737 2489 2813 θρωπότητος
2519 2757 2532 2809 ;
2566 2742 2704 2816 Ἀρα
2753 2740 2853 2817 γὰρ
2910 2741 2997 2796 καῖ
3060 2741 3322 2817 αὐξάνων,
3374 2749 3529 2821 θείκῇ
3577 2747 3778 2815 κινήσει

2132 2825 2237 2880 ἀπὸ
2268 2824 2489 2897 ἡλικίας
2541 2827 2614 2890 εἷς
2645 2826 2861 2897 ἠλικίαν
2923 2832 3118 2894 θεϊκῶς
3161 2831 3383 2903 ηὔξανεν
3425 2853 3438 2903 ;
3473 2833 3576 2891 Καὶ
3626 2833 3777 2912 σοφίᾳ

2130 2912 2504 2990 προκόπτων,
2553 2919 2747 2981 θεϊκῶς
2807 2921 3226 2995 προσὲκοπτεν;
3278 2922 3375 2977 Καὶ
3436 2922 3772 2996 λυπούμενος

2127 3004 2217 3057 καὶ
2247 3004 2521 3080 ἀγωνιῶν,
2550 3006 2640 3061 καὶ
2686 3007 3109 3083 ταραττόμενος,
3161 3012 3351 3074 θεϊκῶς
3406 3010 3658 3069 ἐλυπεῖτο
3689 3011 3772 3067 καὶ

2126 3093 2357 3168 ἠγωνία,
2390 3095 2478 3150 καὶ
2512 3095 2845 3171 ἐταράττετο,
2887 3098 2973 3153 καῖ
3009 3097 3199 3155 ἐκοπία
3242 3100 3329 3156 καὶ
3367 3099 3602 3179 ἔπασχεν
3638 3121 3652 3171 ;
3686 3101 3773 3169 Μὴ

2124 3183 2338 3259 γένοιτο
2365 3186 2377 3240 ί
2414 3183 2568 3241 Ἀλλ’
2598 3184 2779 3262 ὥσπερ
2808 3186 2871 3241 τὸ
2904 3192 3062 3261 σῶμα
3089 3190 3152 3245 τὸ
3202 3188 3262 3245 ἐκ
3311 3191 3545 3268 Μαρίας,
3588 3193 3772 3247 ἑαυτοῦ

2124 3270 2281 3346 σῶμα
2313 3271 2491 3350 ἔλεγεν
2525 3275 2553 3329 ὁ
2586 3275 2713 3338 Θεὸς
2760 3275 2956 3352 Λόγος,
3007 3277 3070 3332 οὐ
3114 3285 3215 3348 τῆς
3261 3278 3429 3350 αὐτῆς
3480 3280 3666 3343 οὐσίας
3714 3281 3769 3335 ’ὀν

2121 3365 2189 3436 τῇ
2223 3361 2458 3433 θεότητι·
2493 3363 2635 3419 οὕτω
2680 3364 2771 3419 καὶ
2817 3385 2883 3420 τα
2923 3366 3069 3438 πάθη
3116 3367 3203 3421 καί
3250 3369 3350 3437 τήν
3402 3368 3627 3440 αὔξησιν
3675 3369 3771 3438 τήν

2122 3451 2353 3520 ζωτικὴν
2385 3453 2474 3506 καὶ
2508 3452 2827 3528 λογιστικὴν
2877 3454 3068 3509 ἑαυτοῦ
3118 3453 3290 3531 λέγει,
3334 3453 3775 3532 ἰδιοποιούμενος

2118 3537 2289 3594 πάντα
2343 3546 2443 3610 τῆς
2488 3540 2909 3618 ἀνθρωπότητος
2965 3546 3032 3617 τῇ
3095 3541 3313 3615 εὐδοκία
3367 3547 3470 3614 τῆς
3523 3545 3772 3623 χάριτος·

2119 3627 2375 3691 ὡσαύτως
2423 3628 2512 3683 καὶ
2553 3631 2667 3704 (12)
2713 3630 2811 3699 τήν
2865 3630 3032 3705 σάρκα
3065 3636 3210 3701 ζωῆς
3261 3628 3491 3710 ὄργανον
3535 3632 3769 3711 ἁρμοζό-

2121 3737 2280 3790 μενον
2312 3717 2447 3793 πρὸς
2477 3719 2572 3773 τὰς
2618 3718 2762 3782 θείας
2816 3718 3041 3795 βουλάς.
3093 3723 3208 3776 Ἵνα
3256 3722 3360 3799 γὰρ
3407 3722 3610 3800 πτύσῃ,
3662 3722 3770 3778 σώ-

2122 3828 2247 3879 ματι
2296 3805 2561 3883 κέχρηται
2613 3806 2850 3884 ὀργάνῳ·
2897 3805 2989 3863 ’ἶνα
3036 3808 3203 3888 ταφῇ,
3256 3811 3466 3884 ὁμοίως
3521 3817 3602 3885 τῷ
3660 3812 3769 3867 σώ-

2257 3915 2271 3928 .
2316 3893 2341 3917 (1
2618 3897 2629 3915 θ
2853 3920 2861 3932 ι
2926 3897 2936 3916 '
3144 3899 3155 3917 ε
3203 3896 3228 3921 η
3363 3901 3376 3919 ἴ

2121 3917 2248 3968 ματι
2328 3917 2407 3951 ινα
2560 3909 2704 3973 πάθῃ
2756 3897 3036 3964 ὲκουσιως,
3071 3920 3159 3954 και
3214 3920 3296 3955 ινα
3324 3922 3415 3956 τον
3473 3896 3607 3973 ᾅδην
3639 3922 3765 3957 σκυ-

2119 3983 2303 4060 λεύσῃ,
2332 3988 2401 4060 τῇ
2434 3988 2610 4062 ψυχῇ,
2641 3987 2701 4055 ἢν
2733 3983 2891 4061 ἔλεγε
2918 3988 3123 4051 τιθέναι
3158 3988 3288 4065 ὑπὲρ
3308 3994 3415 4045 τῶν
3448 3985 3758 4065 προϐάτων.

2116 4073 2211 4128 Kai
2272 4070 2395 4129 οὔτε
2451 4074 2741 4150 ἀνθρώπου
2797 4072 2957 4150 λόγοι
3019 4073 3172 4146 ξ’διοι,
3234 4073 3356 4133 οὔτε
3415 4080 3470 4133 αἱ
3520 4079 3758 4154 πράξεις’

2111 4162 2237 4238 σὰρξ
2297 4159 2353 4217 δὲ
2410 4168 2528 4225 τοῖς
2588 4160 2807 4227 πάθεσιν
2869 4165 3005 4238 (13),
3056 4159 3488 4240 ὑποϐαλλομένη
3540 4168 3677 4235 κατὰ
3705 4166 3764 4221 τὸ

2111 4253 2383 4328 ἀνθρώπῳ
2411 4259 2710 4329 προσῆκον,
2762 4251 2940 4329 ἰσχύει
2989 4253 3125 4308 κατά
3166 4257 3271 4308 τῶν
3320 4257 3506 4310 παθῶν
3554 4254 3643 4311 διὰ
3669 4257 3764 4324 τήν

2107 4342 2242 4416 πρὸς
2288 4341 2378 4396 τὸν
2424 4340 2554 4396 Θεὸν
2599 4337 2805 4396 ἕνωσιν.
2845 4366 2873 4393 ‹‹
2917 4341 3212 4419 Ἀμαρτίαν
3268 4343 3372 4419 γὰρ
3428 4343 3529 4400 οὐκ
3576 4344 3764 4415 ἐποίη-

2107 4450 2216 4497 σεν,
2259 4426 2383 4484 οὐδὲ
2434 4429 2624 4506 εὐρὲοη
2661 4426 2822 4492 δόλος
2853 4429 2904 4484 ἐν
2957 4435 3036 4502 τῷ
3077 4430 3306 4504 στόματι
3337 4432 3526 4506 αὐτοῦ,
3564 4458 3590 4485 ››
3623 4433 3758 4488 ὥστε

2102 4517 2357 4592 κατάρξαι
2404 4525 2505 4587 τῆς
2553 4518 2811 4581 ἀπαθείας
2857 4524 2975 4581 τοῖς
3026 4519 3263 4593 ὁμοίοις.
3316 4545 3345 4574 ι(
3395 4523 3698 4596 Ὣμοίωται
3727 4544 3757 4575 »

2100 4607 2201 4683 γάρ
2239 4635 2257 4657 ο
2294 4606 2435 4660 κατᾶ
2458 4607 2633 4661 πάντα
2659 4612 2774 4669 τοῖς
2804 4605 3062 4687 ἀδελφοῖς
3094 4610 3122 4664 ὁ
3154 4609 3283 4672 Θεὸς
3316 4610 3518 4688 Λόγος,
3558 4638 3579 4663 α
3624 4612 3749 4666 ἒνω«

329 4701 574 4772 proprii,
604 4717 794 4773 neque
843 4701 1121 4757 actiones.
1151 4705 1293 4757 Caro
1348 4716 1505 4764 vero,
1540 4704 1711 4772 prout
1767 4700 1990 4757 homini

2135 4695 2211 4759 εἰς
2264 4694 2687 4772 ἀνθρωπότητι,
2731 4695 2820 4751 καὶ
2870 4702 3248 4774 προσκυνεῖται
3312 4701 3442 4763 Θεὸς
3494 4699 3749 4777 ἒνανθρω-

329 4789 629 4859 convenit,
690 4790 1167 4862 perpessionibus
1227 4790 1487 4860 subjecta
1545 4790 1814 4860 superior
1872 4789 1990 4847 illis

330 4878 526 4934 evadit
557 4886 794 4951 praptcr
842 4879 1000 4935 illam
1052 4896 1184 4934 cum
1236 4878 1352 4933 Deo
1406 4878 1807 4934 unitionem.«
1841 4880 1987 4936 Nam

330 4972 630 5039 peccatum
671 4985 779 5024 non
818 4968 971 5034 fecit,
1003 4983 1189 5039 neque
1222 4968 1279 5021 in
1329 4982 1427 5021 ore
1474 4965 1661 5036 ipsius
1716 4967 1987 5025 inventus

325 5065 413 5111 est
443 5056 612 5113 dolus
636 5059 705 5127 υ,
731 5080 757 5106 ››
790 5066 851 5112 ut
881 5057 959 5113 sit
989 5056 1079 5111 sui
1114 5055 1414 5111 similibus
1444 5061 1650 5110 auctor
1678 5073 1743 5111 ac
1776 5058 1987 5129 princi-

326 5147 491 5219 pium
521 5146 877 5216 indolentiae,
904 5168 932 5196 «
970 5146 1067 5201 Est
1097 5168 1124 5195 ››
1158 5144 1314 5199 enim
1352 5151 1499 5199 Deus
1530 5143 1783 5201 Verbum
1826 5170 1846 5197 ι
1884 5166 1988 5219 ροι-

325 5234 527 5292 omnia
558 5236 837 5292 fratribus
869 5235 995 5291 suis
1020 5234 1233 5290 similis
1265 5232 1454 5289 factus
1475 5235 1579 5303 '2,»
1601 5251 1735 5290 cum
1762 5242 1983 5293 naturai

394 5407 437 5441 “
470 5403 583 5462 lea.
617 5420 741 5475 Lm,
765 5405 830 5473 9;
862 5403 885 5459 Ι
919 5402 1069 5459 Petr.
1103 5419 1165 5471 II,
1198 5400 1288 5456 22.
1370 5403 1413 5439 ¹²
1442 5401 1616 5459 Hebr.
1653 5419 1714 5472 II,
1750 5404 1838 5461 17.

413 5582 469 5654 9)
499 5582 595 5639 Sic
624 5598 769 5640 mss.
802 5585 875 5654 In
900 5582 1074 5654 editis
1105 5598 1264 5654 vero,
1296 5579 1387 5654 καί
1417 5583 1603 5654 deest,

422 5649 520 5728 tO)_
542 5653 680 5728 lies.
711 5658 828 5728 τοῖς
858 5652 1070 5728 ὁμοίως
1097 5652 1222 5728 μὲν,
1256 5650 1361 5728 οὐχ
1410 5651 1687 5726 ὁμοζώοις
1720 5649 1779 5708 δὲ
1819 5653 1970 5727 σώμ.

326 5720 698 5800 Moa_Pala_t.,
728 5724 802 5785 ὡς
832 5720 960 5800 Θεὸς
978 5720 1141 5800 Ασάρξ.

397 5794 510 5868 (11)
538 5792 750 5867 Palat.,
806 5793 859 5849 oi
907 5792 1182 5873 ἂνθρωποι
1211 5792 1275 5851 τὸ
1322 5796 1688 5873 παρεζεῦχθαι
1733 5792 1982 5876 λέγοντες

2100 4787 2294 4857 πήσας·
2344 4783 2431 4840 καὶ
2475 4789 2759 4864 συνάφειαν
2792 4788 2927 4859 ἡμῖν
2977 4787 3112 4862 πρὸς
3158 4786 3315 4843 αὐτὸν
3365 4785 3598 4859 δίδωσι,
3652 4808 3744 4862 με-

2097 4870 2317 4951 τασχὼν
2369 4871 2600 4948 αἳματος
2645 4877 2735 4930 καὶ
2787 4875 3005 4952 σαρκὸς,
3056 4875 3146 4931 καὶ
3190 4879 3629 4950 προσκυνεῖταιὸ
3657 4876 3743 4931 αὐ-

2096 4966 2209 5034 τὸς,
2243 4964 2428 5019 ἐνώσει
2456 4968 2525 5038 τῇ
2558 4964 2692 5039 πρὸς
2723 4966 2871 5037 ἡμᾶς
2905 4965 2977 5027 ὡς
3030 4962 3333 5039 ἅνθρωπος,
3368 4968 3522 5045 φύσιι
3575 4963 3631 5022 δὲ
3657 4961 3742 5020 καὶ

2097 5054 2252 5126 οὐσίᾳ
2282 5053 2354 5108 ὣν
2388 5052 2539 5115 Θεός.
2573 5054 2632 5108 Τί
2665 5051 2723 5108 δὶ
2754 5052 2842 5108 καὶ
2868 5051 3042 5128 λέγειν
3076 5052 3386 5128 ἐτόλμησας
3423 5056 3584 5133 μέρος
3614 5054 3740 5109 Θεοῦ

2094 5146 2192 5214 τήν
2226 5144 2396 5216 σάρκα
2422 5143 2521 5210 τὴν
2556 5140 2616 5197 ἐκ
2645 5142 2957 5217 σπέρματος
2982 5137 3173 5212 Δαϐὶδ,
3198 5144 3297 5211 τήν
3322 5142 3382 5199 ἐκ
3413 5142 3621 5220 Μαρίας
3642 5145 3735 5206 τῆς

2095 5233 2387 5310 Παρθένου,
2416 5233 2516 5300 τήν
2555 5231 2616 5286 οὐ
2668 5230 2930 5310 φαντασίᾳ
2975 5230 3166 5308 σάρκα,
3195 5229 3323 5288 ἀλλ’
3375 5231 3618 5305 ἀληθείᾳ,
3647 5222 3733 5282 καὶ

2088 5581 2239 5639 Θεόν.

2189 5649 2278 5709 12)
2307 5644 2407 5702 Καί
2439 5648 2607 5705 abest
2632 5665 2668 5705 ο.
2697 5665 2843 5706 mss.

2189 5653 2256 5709 12
2307 5649 2407 5702 Καί
2439 5649 2607 5705 abest
2632 5665 2668 5705 ο.
2697 5665 2843 5706 mss.

2162 5649 2278 5797 E13;
2298 5720 2473 5799 _Mss.,
2506 5715 2629 5799 aii-ce
2657 5722 2693 5790 ἡ
2716 5718 2919 5799 ,πρᾶξις
2957 5723 3078 5787 τοῖς
3125 5720 3369 5787 πάθεσιν.
3400 5720 3581 5783 Paulo
3613 5721 3748 5799 post

2092 5788 2268 5869 mam,
2298 5788 2481 5869 ἰσχύιί
2511 5788 2569 5849 δὲ
2596 5788 2751 5854 κατά.
