4104 6402
322 487 476 554 4283

1304 486 1406 552 DE
1451 486 1754 552 SANCTA
1801 481 2232 551 TRINITATE
2277 487 2665 550 DIALOGUS
2712 487 2784 551 ν.

3603 493 3757 555 i236

332 625 468 701 μετὰ
515 626 614 694 τὴν
663 623 951 678 ἀνάστασιν
1003 628 1250 700 φανεῖσαν
1281 642 1294 692 ;
1330 623 1677 696 Νομιζὸντων
1729 622 1828 697 γὰρ
1879 625 1984 675 τῶν

2109 622 2367 676 humanae
2394 622 2744 685 uniretur,et
2761 623 3203 680 adoraturDeus
3225 623 3396 681 homo
3411 626 3752 691 factus,sui-

334 717 587 789 μαθητῶν
625 715 907 790 φάντασμα
941 711 1097 782 εἶναι,
1131 712 1212 765 ὅτι
1244 716 1349 766 τῶν
1385 716 1558 786 θυρῶν
1587 709 1983 782 κεκλεισμένων

333 802 605 873 εἴσῆλθεν,
641 802 1027 874 ὑπομνήσθητι
1059 801 1222 855 αὑτοῦ
1252 806 1358 854 τῶν
1393 799 1595 875 λόγων,
1623 798 1714 854 ’ἱνα
1746 797 1982 872 ἀκούσῃς

330 893 413 948 τό·
456 919 475 943 u
515 889 893 968 Ψηλαφήσατέ
953 911 1042 962 με,
1073 889 1162 943 καὶ
1200 887 1368 957 ἵδετε,
1422 889 1504 943 ὅτι
1556 893 1770 961 πνεῦμα
1819 887 1986 961 σάρκα

332 983 421 1037 καὶ
453 980 608 1035 ὀστέα
640 978 738 1033 οὐκ
769 975 910 1053 ἔχει,
942 978 1120 1038 καθὼς
1153 978 1248 1050 ἐμὲ
1279 979 1436 1052 ὁρᾶτε
1467 977 1682 1052 ἔχοντα.
1723 1002 1742 1028 ι
1780 979 1889 1032 Τοῦ
1931 974 1988 1030 δὲ

331 1073 568 1144 ἀμεροῦς
595 1073 728 1125 Θεοῦ
750 1073 866 1129 πῶς
897 1067 1012 1122 οἷόν
1042 1067 1100 1122 τὲ
1132 1067 1240 1122 ἐστι
1280 1068 1442 1142 μέρος
1472 1065 1791 1136 νοῆσαι,καὶ
1822 1063 1987 1118 ταῦτα

331 1163 523 1238 σάρκα,
554 1166 652 1228 τῆς
687 1160 784 1224 σῆς
817 1157 928 1211 ἐστι
961 1156 1148 1233 σοφίας
1181 1156 1566 1232 ἐξηγήσασθαι.

2098 726 2210 782 que
2226 711 2530 765 nobiseum
2549 712 3024 782 conjunctionem
3042 713 3202 767 nobis
3217 714 3755 787 praebet,particeps

2098 798 2299 854 factus
2329 800 2636 870 sanguinis
2676 804 2734 853 et
2781 801 2973 855 carnis
3009 818 3021 854 :
3057 801 3329 872 idemque
3358 804 3656 869 adoretur,
3692 810 3757 859 ut

2097 888 2198 958 qui
2230 889 2404 942 homo
2437 888 2674 959 quidem
2710 890 2807 958 sit,
2864 892 3139 958 quoniam
3194 895 3362 946 nobis
3408 899 3498 946 est
3530 894 3750 948 unitus.

2099 983 2308 1032 natura
2339 995 2469 1032 vero
2502 985 2557 1032 et
2588 979 2924 1033 substantia
2961 980 3040 1033 sit
3089 979 3262 1035 Deus.
3298 982 3587 1046 Quorsum
3621 999 3752 1038 vero

2097 1083 2279 1120 ausus
2309 1068 2483 1121 etiam
2519 1084 2579 1121 es
2612 1067 2804 1121 dicere
2840 1069 3165 1136 portionem
3222 1069 3321 1123 Dei
3354 1086 3482 1125 esse
3513 1087 3751 1126 carnem

2100 1155 2259 1210 illam
2315 1173 2443 1226 quae
2497 1174 2564 1211 ex
2623 1157 2848 1211 semine
2918 1159 3150 1212 “avidis
3199 1168 3307 1228 est,
3355 1166 3411 1213 et
3460 1176 3528 1214 ex
3576 1161 3757 1216 Maria

333 1251 596 1321 Virgine,
651 1262 901 1319 qua-que
952 1249 1080 1302 sese
1131 1264 1244 1300 non
1296 1247 1629 1318 phantasia,
1685 1245 1782 1300 sed
1838 1245 2032 1315 reipsa
2089 1260 2323 1298 carnem
2373 1261 2526 1313 esse,
2578 1250 2709 1316 post
2751 1244 2940 1315 ipsam
2994 1262 3223 1316 quoque
3273 1247 3755 1303 resurrectionem

333 1337 812 1395 demonstravit?
844 1336 988 1391 Cum
1038 1335 1192 1391 enim
1244 1336 1649 1390 existimarent
1711 1333 1987 1404 discipuli
2041 1331 2394 1404 phantasma
2444 1350 2592 1402 esse,
2643 1335 2878 1405 quando
2929 1336 3132 1405 januis
3182 1338 3400 1391 clausis
3451 1336 3754 1409 ingressus

335 1433 444 1496 est,
499 1432 794 1482 memento
849 1441 1052 1481 eorum
1103 1441 1230 1496 qua:
1281 1431 1403 1479 tum
1455 1426 1579 1496 ipse
1628 1423 1794 1490 dixit,
1848 1429 1911 1477 ut
1961 1421 2189 1490 audias,
2241 1445 2267 1471 «
2322 1422 2558 1494 Palpate
2613 1439 2702 1477 me
2751 1430 2808 1478 et
2877 1424 3085 1494 videte,
3138 1427 3284 1495 quia
3331 1427 3575 1497 spiritus
3628 1444 3752 1482 car-

338 1533 470 1572 nem
531 1521 587 1570 et
641 1531 776 1570 ossa
825 1532 935 1569 non
989 1514 1186 1582 habet,
1236 1513 1388 1568 sicut
1441 1531 1533 1569 me
1576 1512 1784 1568 videtis
1842 1511 2058 1566 habere
2133 1513 2197 1580 ¹⁴,
2249 1533 2276 1560 ››
2327 1511 2610 1566 Caeterum
2660 1528 2789 1566 cum
2849 1518 2995 1567 Ueus
3057 1513 3134 1566 sit
3178 1515 3370 1569 omnis
3418 1515 3755 1586 partitionis

340 1622 560 1676 expers,
595 1605 888 1676 quomodo
920 1603 1302 1674 intelligatur,
1342 1607 1404 1658 ut
1427 1601 1625 1674 aliqua
1657 1601 1843 1673 ipsius
1878 1600 2082 1674 portio,
2119 1616 2184 1656 ac
2219 1600 2536 1670 prmsertiiu
2576 1616 2703 1671 quas
2735 1599 2812 1654 sit
2864 1618 3019 1667 caro,
3073 1607 3172 1656 tua
3219 1604 3404 1672 possit
3463 1604 3754 1676 sapientia

343 1695 641 1766 explicari.

415 1786 504 1839 30.
566 1780 796 1839 Ἀπολλ.
867 1781 928 1836 Εἰ
1006 1781 1154 1856 σάρξ,
1214 1781 1286 1843 ὡς
1362 1778 1851 1857 ἐπιστρατευομὲνη
1919 1783 1996 1850 τῷ

342 1878 444 1944 νῷ,
474 1873 808 1948 κεχώρισται
859 1876 955 1926 τοῦ
996 1876 1112 1940 νοῦ,
1143 1872 1278 1924 κατᾶ
1318 1871 1408 1924 τὸν
1444 1868 1796 1938 Ἀπόστολον,
1839 1870 1866 1922 ὁ
1897 1871 1993 1936 τήν

349 1963 521 2036 σάρκα
553 1956 738 2015 λαϐὼν
767 1961 895 2021 Θεὸς
927 1959 1033 2014 ἀπὸ
1063 1961 1264 2030 ταύτης
1314 1955 1428 2035 ἔχει
1476 1961 1570 2020 τὰς
1620 1957 1996 2033 ἐπιστρατευο-

353 2051 520 2125 μὲνας
580 2049 667 2104 ἐπὶ
719 2054 843 2104 νοῦν
892 2053 1154 2120 κινήσεις,
1187 2049 1333 2120 αὐτῷ
1363 2046 1419 2102 δὲ
1455 2049 1529 2121 μὴ
1566 2046 1999 2119 ὑπῡταττομένας

2178 1781 2330 1835 472
2361 1779 2450 1834 30.
2485 1778 2664 1851 Apoll.
2713 1780 2771 1834 Si
2815 1797 2947 1836 caro
3004 1786 3093 1835 est
3140 1783 3408 1852 sejuncta
3453 1801 3485 1838 a
3537 1790 3757 1855 mente,

2109 1873 2309 1940 utpote
2352 1868 2631 1923 adversus
2679 1875 2930 1924 tuentem
3004 1868 3217 1923 bellum
3271 1888 3500 1942 gerens,
3563 1879 3626 1928 ut
3675 1876 3759 1930 ait

2108 1956 2442 2028 Apostolus,
2477 1957 2626 2011 Deus
2659 1966 2960 2028 assumpta
2991 1975 3184 2025 carne,
3237 1966 3433 2014 motus
3465 1965 3640 2016 etiam
3683 1966 3756 2019 ab

2109 2061 2176 2100 ea
2235 2046 2438 2117 recipit
2493 2047 2772 2100 adversus
2822 2055 3076 2101 mentem
3145 2048 3578 2120 belligerantes,
3646 2053 3759 2124 ipsi

348 2140 423 2202 ὡς
484 2139 855 2222 ἀνταγωνιστῇ
906 2143 984 2209 τῷ
1031 2143 1124 2210 νῷ.
1161 2138 1223 2191 Εἰ
1279 2135 1335 2191 δὲ
1381 2141 1562 2205 τοῦτο,
1610 2135 1708 2190 οὐκ
1765 2136 1922 2195 αὑτὸς
1971 2134 1994 2187 ὁ

2109 2150 2241 2189 vero
2274 2135 2478 2201 menti,
2512 2139 2576 2188 ut
2606 2135 2871 2206 opposito
2917 2136 3269 2207 adversario,
3323 2138 3564 2195 minime
3613 2143 3757 2197 sub-

346 2230 599 2304 πάσχων,
627 2227 757 2282 καθὸ
803 2227 951 2289 Θεός.
999 2228 1154 2298 ³090.
1200 2225 1314 2280 Τίνι
1365 2227 1464 2301 γὰρ
1506 2229 1613 2280 τῶν
1666 2223 1834 2298 ἁγίων
1887 2223 1994 2297 οὐχ

349 2318 689 2392 ὑπετάγησαν
724 2317 775 2370 αἱ
835 2313 1345 2390 ἐπιστρατευόμεναι
1404 2319 1482 2383 τῷ
1527 2319 1602 2384 νῷ
1648 2315 1886 2383 κινήσεις
1917 2331 1929 2380 ;

347 2413 465 2468 πῶς
496 2408 664 2482 ἅγιοι,
699 2406 744 2461 εἰ
791 2407 868 2479 μὴ
920 2405 1175 2474 ὑπέταξαν
1228 2403 1429 2473 ainde;
1465 2402 1525 2457 Εἰ
1578 2399 1635 2456 δὲ
1681 2406 1760 2473 τῷ
1791 2406 1864 2473 νῷ
1891 2405 1999 2455 τῶν

348 2497 512 2573 ἁγίων
562 2495 898 2570 ὑπετάγησαν
955 2494 1008 2549 αἱ
1057 2492 1599 2568 άντιστρατευόμεναι
1659 2496 1738 2562 τῷ
1789 2495 1866 2561 νῷ
1915 2511 1997 2543 κι-

345 2588 548 2657 νήσεις,
581 2590 697 2645 πῶς
747 2584 874 2659 οὑχί
924 2588 1004 2656 τῷ
1054 2583 1169 2653 Θεῴ
1202 2582 1362 2658 Λόγῳ
1393 2584 1502 2655 (Ui)
1539 2580 1998 2655 ὑποταγήσονται,

348 2675 598 2738 ἑνωθέντι
658 2677 812 2749 ψυχῇ
871 2677 1031 2748 νοερᾷ
1085 2672 1219 2745 μετὰ
1275 2671 1609 2740 σαρκὸς,⁹ινα
1648 2669 1782 2723 κατὰ
1827 2669 2002 2722 πάντα

349 2770 466 2826 τοῖς
516 2760 772 2840 ἀδελφοῖς
817 2763 1069 2834 ὁμοιωθῇ
1119 2761 1293 2837 χωρὶς
1341 2758 1626 2834 ἁμαρτίας,
1659 2761 1747 2812 καί
1845 2755 2003 2818 αὐτὸς

353 2852 484 2913 Θεὸς
538 2850 628 2906 καὶ
689 2849 1010 2926 ἅνθρωπος
1057 2848 1126 2907 Τί
1189 2847 1245 2902 δὲ
1300 2848 1434 2903 εἶναι
1490 2845 1634 2901 Οὲλει
1693 2847 1774 2913 τὸ,
1826 2846 1885 2900 Εἰ
1948 2843 2005 2900 δὲ

2100 2224 2310 2293 jectas.
2348 2223 2509 2288 Quod
2560 2224 2609 2277 si
2654 2223 2736 2277 ita
2766 2229 2874 2292 est,
2928 2242 3042 2278 non
3099 2226 3146 2279 is
3195 2233 3285 2280 est
3333 2227 3478 2298 ipse,
3532 2232 3631 2300 qui
3685 2235 3762 2288 sit

2109 2329 2340 2384 passus,
2394 2317 2687 2383 quatenus
2737 2323 2823 2367 est
2875 2313 3048 2382 Deus,
3121 2315 3282 2372 Orth.
3335 2320 3576 2373 Cuinam
3631 2338 3763 2377 vero

2108 2408 2446 2456 sanctorum
2483 2409 2678 2456 motus
2714 2403 2796 2455 illi
2827 2406 3106 2458 adversus
3146 2412 3396 2462 mentem
3430 2417 3763 2480 pugnantes

2110 2508 2225 2546 non
2262 2493 2498 2546 fuerunt
2527 2491 2748 2545 subditi
2778 2494 2799 2544 Ρ
2828 2499 2930 2546 aut
2959 2495 3251 2562 quomodo
3283 2500 3493 2564 sancti,
3513 2499 3622 2552 nisi
3647 2501 3759 2555 sibi

2120 2578 2252 2634 illos
2285 2579 2638 2650 subjecerint
2667 2579 2694 2633 ‘I
2729 2581 2889 2644 Quod
2923 2581 2971 2634 si
3005 2589 3340 2638 sanctorum
3383 2589 3563 2642 menti
3619 2591 3758 2644 sub-

2105 2669 2244 2738 jecti
2279 2670 2436 2722 l'uere
2453 2669 2636 2723 animi
2669 2677 2891 2734 motus,
2924 2673 3219 2740 quomodo
3273 2674 3454 2744 igitur
3506 2680 3756 2747 subjecti

2113 2773 2226 2811 non
2264 2757 2478 2811 fuerint
2508 2756 2620 2828 ipsi
2657 2758 2765 2812 Deo
2798 2757 3004 2826 Verbo,
3030 2762 3238 2815 animas
3274 2763 3621 2836 iutelligenti
3649 2785 3765 2822 una

2114 2862 2248 2900 cum
2291 2863 2464 2901 carne
2517 2847 2700 2913 unito,
2751 2855 2813 2900 ut
2861 2856 3099 2919 excepto
3151 2860 3384 2921 peccato
3438 2855 3630 2911 simile
3661 2875 3767 2928 per

352 2944 540 3012 τοῦτο,
573 2938 672 2994 οὐκ
723 2937 881 3000 αὐτὸς
924 2939 953 2993 ὁ
995 2937 1245 3013 πάσχων,
1278 2939 1410 3000 καθὸ
1447 2937 1609 3014 Θεὸς,
1658 2934 1824 2990 ἄλλοι
1873 2936 1994 3004 νοή·

2115 2937 2314 2990 omnia
2347 2936 2623 2990 fratribus
2672 2938 2769 3002 sit,
2805 2937 3080 3009 idemque
3114 2939 3264 2994 Deus
3323 2947 3380 2995 et
3432 2943 3604 2999 homo
3636 2948 3763 3001 sit?

354 3050 561 3096 σουσιν,
596 3029 648 3082 οἱ
680 3026 1103 3105 ἐπιγραφόμενοί
1136 3047 1192 3079 σε
1226 3023 1574 3080 διδάσκαλον.

2116 3024 2263 3088 Quid
2299 3040 2468 3094 porro
2499 3024 2614 3079 sibi
2645 3026 2780 3079 velit
2816 3026 2994 3095 istud,
3029 3028 3189 3089 Quod
3235 3031 3282 3084 si
3311 3031 3388 3086 ita
3419 3039 3530 3101 est,
3563 3052 3677 3090 non
3712 3037 3763 3094 is

357 3126 448 3175 est
480 3119 578 3191 qui
615 3135 822 3190 passus
854 3125 965 3186 est,
998 3124 1288 3189 quatenus
1322 3123 1490 3185 Deus,
1525 3115 1622 3171 alii
1654 3114 1998 3187 intelligent,
2032 3113 2131 3184 qui
2165 3119 2222 3168 te
2255 3114 2601 3182 magistrum
2636 3115 2984 3170 inscribunt.

430 3289 473 3325 ¹³
505 3289 642 3344 Luc.
674 3305 828 3356 xxxv,
857 3288 945 3344 35.

425 3463 535 3535 (14)
565 3464 659 3519 Sic
687 3479 830 3519 mss.
862 3463 942 3533 τῷ
970 3462 1047 3533 νῷ
1075 3461 1346 3530 κινήσεις,
1377 3461 1492 3522 πῶς
1529 3480 1619 3514 ουν
1655 3455 1786 3535 οὐχὶ
1815 3479 1895 3532 τῳ
1925 3465 1992 3514 Gs

2109 3504 2116 3512 .
2148 3455 2350 3516 multis
2381 3458 2641 3528 omissis,
2676 3453 2747 3513 δι’
2777 3458 3220 3530 ὸμοιοτέλεῦτον.

2811 3641 3771 3669 _.__________________

727 3790 837 3875 IN
915 3787 1777 3900 SUBSEQUEN'I‘IA
1861 3786 2028 3875 xx
2098 3785 2711 3875 OPUSCULA
2794 3789 3379 3882 MONITUM.

430 3968 472 4023 1.
514 3966 574 4022 In
603 3968 888 4038 sequentia
933 3969 1203 4036 apuscula
1257 3966 1375 4023 haec
1420 3965 1826 4021 Felckmannus
1862 3965 2074 4020 habet:
2104 3964 2184 4020 De
2215 3963 2308 4019 his
2339 3963 2496 4020 aliud
2550 3983 2784 4023 monere
2827 3985 2939 4023 non
2973 3968 3261 4026 habemus
3315 3991 3490 4046 quam
3541 3984 3768 4038 exstare

355 4073 422 4112 ea
453 4055 511 4111 in
543 4055 674 4112 cod.
708 4055 825 4112 illis
855 4072 1133 4111 manuscr
1189 4056 1370 4110 Palat.
1406 4071 1544 4122 uno,
1578 4058 1635 4110 et
1665 4058 1911 4126 August.
1946 4052 2128 4108 altero
2183 4054 2454 4125 (quorum
2508 4055 2682 4126 paulo
2722 4061 2858 4112 ante
2906 4059 3145 4131 mentio)
3194 4062 3266 4117 ab
3301 4067 3504 4122 eodem
3539 4071 3774 4127 Andrea

361 4145 660 4201 Dermario
690 4144 1026 4215 Epidaurio,
1059 4144 1245 4199 Toleti
1279 4149 1334 4198 et
1366 4143 1623 4200 Venetiis
1655 4143 1912 4215 scriptis,
1945 4148 2000 4197 et
2030 4147 2096 4198 ut
2125 4141 2442 4198 verisimile
2481 4149 2590 4214 est,
2639 4161 2704 4200 ex
2734 4146 2936 4202 eodem
2969 4148 3184 4204 codice.
3250 4151 3410 4208 Unde
3457 4156 3632 4213 etiam
3663 4165 3771 4231 est,

358 4237 511 4306 quod
543 4234 659 4289 duo
693 4235 786 4288 isti
821 4235 1045 4288 codices
1076 4251 1206 4289 raro
1237 4234 1483 4301 variant,
1519 4238 1584 4288 ut
1614 4234 1668 4287 in
1704 4248 2015 4304 progressu
2051 4231 2359 4286 videbitur.
2396 4238 2615 4288 Auctor
2645 4251 2776 4289 vero
2810 4234 3018 4291 horum
3067 4236 3217 4294 idem
3253 4243 3493 4299 omnino
3521 4246 3772 4320 videtur,

359 4326 458 4394 qui
512 4329 568 4378 et
612 4324 1084 4396 praecedentium,
1134 4330 1193 4378 et
1241 4323 1352 4378 nisi
1426 4339 1515 4378 me
1574 4323 1912 4393 conjectura
1981 4320 2150 4388 fallit,
2212 4320 2353 4375 vixit
2409 4327 2537 4393 post
2587 4328 2814 4379 exortes
2907 4325 3158 4382 haereses
3229 4330 3650 4402 Eutychianam
3720 4342 3779 4394 et

359 4411 874 4467 Monotbeleticam
928 4428 941 4466 :
996 4413 1140 4467 adeo
1212 4412 1428 4466 directe
1504 4428 1602 4466 eas
1656 4415 2025 4481 oppugnant.
2071 4412 2142 4464 At
2183 4415 2428 4482 uterque
2491 4412 2669 4466 codex
2733 4430 2862 4467 eum
2929 4414 3025 4484 qui
3095 4420 3181 4471 est
3241 4435 3294 4488 p.
3347 4421 3451 4475 223
3516 4427 3776 4498 (excepto

359 4502 514 4574 quod
563 4501 848 4555 omittunt
885 4497 1107 4574 ἀρχιεπ.
1162 4497 1364 4571 Ἀλεξ.)
1414 4500 1505 4555 his
1585 4499 1886 4571 opusculis
1936 4499 1994 4554 tit

2117 4516 2174 4555 m
2237 4499 2501 4573 praeﬁgit.
2587 4502 2714 4558 Haec
2745 4502 3158 4575 Felclsmannus,
3223 4508 3419 4578 quibus
3473 4497 3775 4583 liquet,iin

357 4591 764 4660 manuscriplis
807 4589 955 4644 unde
999 4589 1117 4646 haec
1161 4591 1421 4661 apuscula
1472 4591 1746 4660 exscripta
1790 4593 1940 4683 sunt.
1991 4590 2164 4658 fuisse
2215 4589 2317 4643 illa
2367 4599 2757 4662 consequenter
2801 4594 2996 4663 posita,
3053 4598 3341 4665 praemisso
3398 4602 3778 4670 capitulorum

363 4679 608 4751 syllaba,
645 4695 807 4750 quem
854 4679 966 4748 iam
1014 4696 1118 4732 nos
1160 4679 1503 4734 exhibemus.
1558 4678 1714 4748 Quod
1761 4678 2023 4749 opinatur
2063 4687 2252 4733 autem
2295 4679 2696 4734 Fetckmannus
2735 4679 2849 4734 haec
2893 4684 3156 4752 cpuseula
3211 4686 3449 4757 ejusdem
3495 4692 3780 4762 scriptoris

359 4785 475 4826 esse
507 4769 669 4840 cujus
688 4772 817 4823 sunt
845 4767 1238 4840 praecedentia,
1271 4770 1328 4822 id
1357 4783 1493 4822 sane
1528 4783 1640 4822 non
1687 4783 1998 4838 repugnare
2026 4767 2264 4837 videtur,
2297 4769 2431 4822 dum
2472 4769 2539 4823 de
2575 4769 2784 4824 duobus
2831 4775 3050 4826 tantum
3099 4773 3279 4843 primo
3310 4779 3504 4847 positis
3540 4779 3779 4852 dialogis

360 4858 419 4913 id
453 4858 844 4928 intelligatur;
893 4874 1022 4911 nam
1077 4856 1255 4911 multa
1305 4857 1396 4911 hic
1451 4861 1578 4910 sunt
1628 4872 1748 4926 quae
1799 4858 1859 4909 in
1908 4855 2122 4927 dialogo
2170 4857 2502 4928 precedenti
2548 4875 2676 4914 cum
2747 4859 3054 4917 Macedonio
3100 4864 3291 4919 iisdem
3331 4867 3507 4937 ferme
3563 4871 3780 4926 vocibus

363 4949 653 5020 leguntur.
687 4946 790 5002 Sed
820 4961 943 5018 quze
991 4952 1107 5016 post
1155 4946 1563 5015 subsequuntur
1589 4944 1662 4999 ad
1715 4945 2074 4999 Eustathium
2121 4950 2458 5017 nuncupata,
2506 4948 2669 5018 longe
2714 4951 2949 5003 acrioris
2995 4952 3206 5022 ingenii
3251 4969 3390 5025 Opus
3435 4972 3566 5025 esse,
3600 4962 3783 5016 cuivis

361 5040 634 5093 emunctw
657 5036 813 5091 naris
843 5035 1061 5091 homini
1088 5034 1434 5090 videbuntur.
1475 5038 1687 5088 Verum
1715 5033 1828 5087 hac
1855 5035 2042 5088 omnia
2071 5033 2140 5088 ad
2171 5036 2529 5090 Athanasium
2561 5037 2777 5108 quidem
2808 5054 2914 5093 non
2950 5055 3107 5110 posse
3155 5043 3432 5112 pertinere
3458 5047 3782 5104 certissimis

368 5129 520 5182 notis
553 5125 853 5195 iudicatur,
884 5139 954 5178 ea:
973 5124 1120 5196 stle
1148 5139 1362 5194 nempe,
1396 5126 1448 5178 et
1478 5125 1608 5194 quia
1638 5123 1728 5176 hic
1757 5121 1985 5176 hereses
2003 5123 2407 5193 impugnantur
2436 5123 2532 5178 diu
2561 5129 2681 5191 post
2729 5126 3093 5182 Athanasium
3132 5136 3358 5200 exortae,
3409 5135 3564 5205 cujus
3596 5146 3782 5194 autem

363 5217 656 5288 scriptoris
691 5215 822 5284 sint,
863 5230 972 5268 non
1001 5213 1240 5284 perinde
1267 5217 1448 5268 tutum
1475 5220 1556 5268 est
1602 5211 1848 5281 deﬁnire.
1887 5210 2028 5278 Quid
2058 5210 2160 5267 hac
2181 5212 2246 5267 de
2274 5229 2333 5268 re
2381 5213 2603 5283 quidam
2639 5217 2927 5287 scriptores
2955 5219 3284 5276 aestimarint
3335 5221 3430 5278 hic
3475 5226 3783 5297 expendere

363 5319 544 5378 Opera
566 5304 816 5376 pretium
842 5303 1041 5374 fuerit.

437 5395 486 5451 II
510 5393 807 5452 Gamerius
849 5408 1026 5463 supra
1073 5390 1352 5462 laudatus,
1403 5391 1543 5447 Tom.
1603 5392 1641 5448 V
1697 5405 1929 5460 operum
1996 5389 2310 5447 Theodoreti
2386 5393 2520 5464 (15),
2591 5393 2730 5450 duos
2801 5395 3023 5464 priores
3080 5397 3323 5470 dialogos
3383 5413 3604 5474 pugnat
3671 5423 3782 5466 esse

364 5483 686 5542 Theodoreti
718 5499 730 5539 :
776 5482 834 5537 1ο
891 5482 1024 5552 quia
1084 5480 1436 5537 Theodorelus
1474 5482 1556 5536 ait
1583 5497 1641 5537 se
1694 5488 1805 5537 tres
1854 5480 2241 5552 conscripsisse
2287 5480 2456 5537 libros
2504 5481 2567 5537 de
2611 5485 2826 5554 Spiritu
2871 5490 3077 5555 sancto,
3126 5488 3390 5546 adversus
3425 5496 3608 5564 gratia
3662 5499 3782 5567 eius

361 5575 660 5632 destitutos
689 5571 985 5627 hereticos.
1020 5570 1190 5625 Porro
1221 5569 1520 5626 Garnerius
1539 5571 1730 5642 juncta
1757 5569 2087 5642 praecedenti
2113 5568 2340 5638 dialogo
2370 5573 2566 5627 contra
2595 5572 3056 5630 Macedonianum
3098 5593 3222 5633 cum
3268 5579 3418 5636 hisce
3462 5582 3692 5655 duobus,
3723 5604 3782 5643 se

357 5668 470 5720 tres
502 5664 624 5718 illos
656 5661 972 5718 Theodoreti
1001 5659 1168 5715 libros
1196 5674 1333 5728 esse,
1365 5660 1690 5729 comperisse
1715 5657 2010 5714 contendit.
2041 5659 2103 5713 2°
2129 5659 2212 5715 Ex
2241 5662 2431 5715 multis
2461 5661 2775 5718 Theodoreti
2805 5663 2958 5729 locis,
3007 5681 3133 5737 qua
3181 5684 3307 5724 cum
3363 5671 3493 5730 aliis
3522 5672 3782 5733 horumce

436 5836 551 5914 (15)
584 5834 648 5892 L.
682 5851 714 5894 ν
747 5831 954 5891 Haeret.
982 5827 1184 5888 Fabul.
1219 5844 1269 5888 ο.
1303 5828 1358 5886 3.
