4104 6366
363 407 512 466 1287
1533 408 1597 469 s.
1649 404 2168 468 ATHANASIUS.
2205 392 2284 451 —‘—
2310 402 2620 468 SPURIA.
3640 408 3791 469 mss

361 541 716 609 dialogorum
744 540 878 595 locis
903 539 1139 595 multum
1190 540 1390 595 habent
1437 541 1736 611 afﬁnitatis
1798 537 2053 595 validum
2102 554 2158 594 se
2200 554 2301 610 pro
2378 537 2703 596 Theodoreti)
2745 546 3133 613 argumentum
3191 543 3377 599 videre
3453 544 3786 599 arbitratur.

368 630 583 693 Verum,
613 636 675 685 ut
702 628 1049 701 exploratum
1079 636 1178 696 est,
1214 628 1594 684 Theodoretum
1627 637 1739 685 tres
1771 628 2152 699 conscripsisse
2183 626 2349 683 libros
2377 627 2635 685 adversus
2666 629 3098 701 Macedonianos,
3152 633 3236 686 ita
3288 633 3522 687 minime
3551 639 3815 697 constat,-

358 716 477 774 haec
515 719 627 773 tria
671 717 930 789 opuscula
959 733 1047 772 eos
1090 718 1233 789 ipsos
1287 733 1401 773 esse
1461 717 1656 773 libros.
1712 723 1901 773 Primo
1953 719 2103 772 enim
2144 733 2180 772 a
2219 719 2391 773 vctcri
2427 719 2649 773 nemine
2683 719 3003 775 Thcodorcto
3042 719 3421 787 ascribuntur,
3452 737 3518 776 ac
3546 722 3606 776 in
3636 720 3789 777 nullo

356 805 496 880 quod
523 808 764 863 sciamus
794 805 975 861 codice
996 807 1319 862 Theodoreti
1345 809 1568 863 nomine
1597 809 1929 878 comparent.
1959 806 2018 860 3°
2058 807 2119 860 In
2145 805 2302 861 nullo
2351 805 2542 861 itidem
2596 807 2774 863 codice
2820 808 2927 863 duo
2975 809 3186 879 dialogi
3229 810 3609 880 subsequentes
3660 826 3787 864 cum

354 896 695 971 praecedenti
712 898 1060 969 junguntur,
1091 912 1191 951 nec
1233 901 1444 952 constat
1474 898 1718 966 ejusdem
1748 912 1866 951 esse
1906 896 2208 966 scriptoris,
2244 895 2367 952 licet
2396 897 2457 950 id
2503 897 2738 952 minime
2786 908 3071 969 repugnet.
3125 899 3260 954 Nam
3309 899 3451 972 quod
3480 901 3688 954 attinet
3715 898 3786 953 ad

358 988 520 1043 illam
566 987 813 1043 locorum
839 987 1180 1058 afﬁnitatem
1210 988 1538 1042 aGarnerio
1584 987 1928 1041 observatam
1959 985 2104 1057 (quae
2155 992 2341 1040 tamen
2384 986 2504 1040 loca
2552 988 2834 1041 brevitatis
2878 1003 3055 1042 causa
3100 987 3297 1058 oﬂerre
3342 988 3779 1058 supersedemus)

351 1078 503 1133 inter
532 1082 689 1132 hosce
717 1076 972 1150 dialogos
1001 1080 1193 1132 mutuo
1221 1076 1460 1147 collatos,
1496 1077 1627 1132 item
1656 1074 1870 1131 eosdem
1904 1076 2069 1141 inter,
2100 1080 2157 1128 et
2186 1075 2301 1129 alia
2338 1073 2662 1130 Theodoreti
2688 1091 2876 1147 opera,
2908 1091 3021 1131 non
3048 1085 3125 1132 est
3180 1077 3284 1131 illa
3314 1078 3463 1131 tanti
3490 1079 3780 1158 momenti.

352 1170 416 1223 ut
446 1173 620 1223 tutum
652 1183 727 1221 ea:
756 1165 857 1221 illa
878 1164 1164 1237 judicium
1194 1164 1295 1221 hac
1323 1167 1382 1220 in
1407 1176 1568 1238 parte
1594 1165 1740 1236 ferri
1775 1166 1966 1233 possit.
2015 1164 2157 1219 Nam
2208 1178 2253 1219 st
2302 1166 2423 1235 quis
2469 1162 2811 1220 diversorum
2859 1169 3087 1221 Petrum
3128 1180 3319 1236 Opera,
3368 1164 3435 1220 de
3491 1181 3552 1219 re
3592 1164 3784 1220 eadem

353 1261 409 1311 et
452 1254 714 1312 adversus
759 1253 975 1311 eosdem
1022 1255 1304 1311 haereticos
1349 1255 1678 1326 conscripta,
1717 1258 1910 1308 mutuo
1951 1255 2220 1324 conferat,
2265 1254 2312 1307 is
2363 1252 2546 1309 multa
2593 1253 2749 1311 haud
2792 1254 2959 1311 dubie
3008 1254 3228 1325 afﬁnia,
3269 1255 3445 1309 multa
3487 1254 3783 1309 simillima

354 1353 699 1417 argumenta
739 1343 1123 1416 deprehendet.
1174 1349 1317 1400 Sunt
1357 1346 1510 1400 enim
1560 1342 1816 1415 quaedam
1858 1358 1957 1397 ceu
2006 1343 2323 1397 communia
2388 1342 2533 1407 loca,
2593 1346 2791 1416 cuique
2865 1344 3048 1414 obvia,
3102 1360 3222 1415 quae
3271 1361 3307 1398 α
3364 1346 3562 1399 multis
3620 1359 3780 1398 usur-

352 1438 576 1507 pentur,
620 1442 779 1505 atque
799 1435 1015 1504 passim
1045 1441 1226 1489 nostro
1254 1434 1655 1500 wvoziidemus,
1706 1433 1804 1503 qui
1830 1430 2047 1487 easdem
2082 1433 2433 1503 pertractant
2479 1434 2829 1505 quaestiones,
2878 1432 3070 1488 eadem
3115 1448 3384 1505 usurpare
3433 1440 3785 1502 argumenta,

356 1523 484 1580 licet
526 1523 594 1578 ab
644 1524 784 1579 aliis
828 1524 1060 1578 minime
1125 1526 1400 1577 mutuata.
1451 1521 1598 1579 Unde
1664 1521 1820 1576 haud
1879 1522 2016 1576 satis
2085 1520 2246 1575 ﬁrma
2292 1520 2410 1578 htrc
2480 1523 2631 1577 ratio
2694 1530 2806 1592 est,
2870 1539 2996 1578 cum
3063 1524 3384 1594 presertim
3430 1538 3503 1577 ne
3547 1523 3789 1576 minima

352 1612 571 1685 quidem
598 1620 852 1668 veterum
879 1612 1164 1667 innitatur
1191 1612 1534 1666 auctoritate.
1567 1611 1662 1666 His
1693 1609 1954 1665 addimus
2001 1609 2303 1665 secundum
2353 1608 2657 1681 dialogum,
2701 1612 3015 1683 fragmenti
3061 1610 3317 1667 alicunde
3365 1610 3572 1665 divulsi
3596 1609 3787 1681 potius

348 1703 582 1775 speciem
606 1714 899 1773 praeferre,
932 1717 1097 1771 quam
1126 1700 1371 1757 absoluti
1404 1700 1698 1773 cujusdam
1744 1701 1942 1771 operis.
1996 1698 2179 1767 Quare
2230 1698 2398 1755 donec
2424 1701 2632 1756 certius
2680 1700 2968 1772 quidpiam
3025 1701 3334 1768 emerserit,
3366 1698 3467 1755 sub
3490 1698 3681 1771 judice
3713 1698 3785 1753 lis

350 1790 610 1863 pendeat.

424 1882 498 1938 III
532 1881 683 1951 Quod
708 1886 922 1953 spectat
975 1884 1164 1936 autem
1209 1881 1505 1953 epistolam
1559 1882 1975 1952 subsequentem
2019 1881 2095 1937 ad
2133 1880 2504 1949 Eustathium,
2554 1897 2657 1936 nec
2705 1896 2815 1936 non
2858 1880 3153 1951 adiunctas
3199 1880 3340 1935 alias
3384 1880 3781 1951 septemdecim

351 1973 681 2044 quastiones
711 1969 901 2044 affert,
923 1969 1190 2027 Mercator
1217 1970 1366 2026 haud
1411 1970 1685 2027 modicum
1729 1973 2101 2043 fragmentum
2130 1970 2385 2026 Eutherii
2435 1971 2693 2042 Tynensis
2740 1972 2982 2039 nomine,
3031 1972 3111 2026 sic
3130 1970 3335 2026 habens
3368 1985 3382 2024 :
3417 1969 3461 2026 Ο
3519 1969 3779 2025 inconsi-

350 2061 554 2117 derata
604 2059 935 2132 sapientia!
968 2076 1000 2115 0
1052 2059 1275 2117 lusoria
1319 2060 1635 2133 disciplina
1678 2060 1977 2116 tediﬁcans
2026 2060 2207 2116 simul
2257 2064 2314 2115 et
2357 2061 2689 2127 destruens,
2738 2061 2892 2116 sicut
2940 2060 3193 2116 infantes
3245 2058 3449 2116 ludere
3493 2059 3550 2114 in
3602 2076 3781 2115 arena

345 2148 778 2222 conspicimus,
836 2154 945 2203 etc.
1014 2150 1163 2206 Unde
1232 2152 1623 2207 incunctanter
1670 2166 1760 2207 eas
1797 2150 2132 2223 quaestiones
2186 2149 2451 2205 Eutherio
2493 2151 2724 2205 ascribit
2781 2149 3079 2205 Cameri-us
3131 2151 3456 2222 Tyanorum
3503 2151 3777 2219 episcopo,

341 2240 693 2310 Nestoriique
723 2239 976 2296 asseclam
1023 2241 1087 2294 Bt
1145 2256 1279 2296 sane
1322 2257 1432 2296 non
1480 2239 1730 2297 invalido
1759 2245 1940 2297 motus
1986 2244 2354 2310 argumento;
2381 2239 2508 2295 licet
2550 2243 2782 2309 fortasse
2829 2255 2941 2294 non
2992 2238 3327 2309 hujusmodi,
3380 2247 3441 2292 ut
3470 2252 3683 2292 omnem
3718 2239 3777 2292 in

344 2330 639 2385 adversum
668 2329 807 2384 levet
834 2330 1226 2398 suspicionem.
1262 2332 1490 2387 Photius
1538 2346 1776 2402 namque
1817 2331 1998 2386 codice
2044 2347 2195 2400 XLVI,
2226 2332 2328 2386 hoc
2356 2345 2490 2401 opus
2530 2329 2855 2385 Theodoreto
2902 2329 3101 2384 diserte
3141 2328 3388 2384 ascribit.
3440 2322 3779 2400 ’Λνγνώσθη,

346 2420 448 2487 ait,
479 2414 836 2492 Θεοδωρήτου
877 2415 1177 2471 ἐπισκόπου
1236 2417 1417 2495 Κύρου
1476 2417 1634 2493 λόγοι
1691 2420 1792 2488 κζ’,
1823 2417 1959 2494 πρὸς
2007 2414 2300 2495 διαφόρους
2347 2417 2541 2479 θέσεις.
2592 2421 2689 2471 Ὧν
2738 2417 2766 2470 ὁ
2822 2415 2916 2490 μὲν
2962 2420 3182 2489 πρῶτος
3234 2413 3406 2488 λόγος
3454 2414 3591 2487 πρὸς
3649 2410 3777 2474 τοὺς

347 2503 604 2582 λέγοντας
626 2516 727 2562 etc.
762 2506 845 2563 tbi
869 2510 1103 2578 septimo
1136 2509 1248 2564 loco
1273 2512 1432 2580 ponit
1461 2510 1773 2581 epistolam,
1806 2524 1930 2580 qua
1978 2508 2072 2564 hic
2115 2511 2295 2578 primo
2339 2510 2572 2580 ponitur
2608 2534 2622 2576 ;
2657 2524 2721 2563 ac
2761 2508 2973 2565 deinde
3018 2507 3216 2563 ordine
3244 2509 3538 2561 enumerat
3584 2520 3771 2560 omnes

339 2599 746 2669 propositiones
777 2612 897 2666 quae
929 2596 1022 2651 hic
1048 2597 1427 2668 septemdecim
1455 2615 1686 2655 numero
1716 2600 2008 2664 habentur,
2053 2614 2282 2669 quicque
2310 2597 2566 2652 desinunt
2597 2597 2666 2651 ad
2700 2598 3024 2653 vicesimum
3050 2600 3310 2668 quartum
3337 2594 3561 2650 titulum
3594 2592 3760 2649 Theo-

342 2686 536 2742 doreti.
572 2691 757 2741 Postea
786 2686 1143 2758 subsequitur
1174 2687 1326 2758 apud
1375 2689 1651 2757 Photium,
1687 2687 1715 2740 ὁ
1764 2685 1963 2741 sinceri

2144 2702 2336 2758 μπτος,
2368 2682 2836 2763 ἀνακεφαλαίωσις
2893 2688 3000 2739 τῶν
3054 2683 3190 2738 κατὰ
3251 2681 3415 2758 μέρος
3468 2679 3765 2758 ῥηθέντων·

340 2774 369 2828 ὁ
403 2772 648 2835 εἶκοσκὸς
705 2769 860 2834 ἕκτος
917 2772 1041 2849 περὶ
1097 2775 1198 2843 τῆς
1256 2773 1476 2847 ὕστερον
1541 2776 1871 2846 μηνυθείσης
1931 2777 2251 2841 συνθέσεως,
2310 2771 2433 2843 ἤτοι
2493 2774 2918 2835 συνουσιώσεως·
2983 2772 3010 2826 ὁ
3069 2772 3311 2835 εἰκοστὸς
3368 2765 3606 2843 ἕϐδομος
3646 2768 3771 2847 περὶ

336 2866 435 2917 τοῦ
494 2861 628 2917 κατᾶ
678 2862 769 2916 τὸν
823 2862 1002 2917 κοινὸν
1064 2862 1349 2937 ἄνθρωπον
1413 2862 1841 2938 ὑποδείγματος.
1877 2861 2056 2934 Δῆλον
2090 2862 2147 2918 δὲ
2202 2863 2291 2919 καὶ
2355 2863 2413 2918 ἐκ
2477 2863 2647 2936 μόνης
2705 2862 2881 2918 αὐτῶν
2935 2869 3035 2931 τῆς
3098 2862 3427 2928 ὑποθέσεως,
3459 2864 3612 2915 ποῖοι
3660 2863 3770 2914 τῶν

341 2951 641 3028 εἰρημένων
675 2947 854 3026 λόγων
912 2952 973 3006 τὸ
1035 2949 1325 3024 ὀρθὸὃοξον
1382 2952 1703 3029 κρατύνουσι
1763 2952 1962 3032 φρόνηι.

2149 2953 2164 3006 ἰ
2223 2953 2364 3015 τίνες
2423 2949 2784 3010 ἐκκλίνοδσιν.
2834 2955 2954 3009 Haec
3012 2953 3241 3009 I’Itotius
3306 2952 3505 3024 quibus
3556 2951 3770 3022 reponit

346 3042 671 3111 Garnerius,
700 3061 751 3114 p.
788 3041 890 3097 G87
929 3061 942 3098 :
979 3042 1199 3098 Fei'cllit
1232 3042 1500 3100 Pholium
1521 3046 1857 3102 suuscodcx
1881 3045 2067 3100 tribus
2101 3049 2378 3100 constans
2407 3044 2675 3116 partibus
2711 3060 2724 3098 :
2758 3060 3007 3115 quarum
3045 3042 3235 3114 prima
3268 3042 3772 3115 complectebatur

345 3147 449 3188 sex
479 3132 700 3205 priores
734 3131 951 3199 libros;
983 3134 1265 3200 secunda,
1300 3150 1480 3189 unum
1512 3140 1569 3190 et.
1599 3135 1799 3207 viginti
1830 3149 2172 3201 sermones;
2209 3141 2526 3205 postrema,
2577 3133 2928 3199 Eranistem,
2962 3150 3063 3188 seu
3108 3130 3588 3204 Polymorpbum.
3623 3129 3769 3185 Cum

344 3221 501 3278 enim
533 3220 724 3292 prima
755 3224 812 3274 et
840 3221 1010 3276 tertia
1041 3222 1112 3275 ad
1144 3221 1567 3278 'I'beodorelum
1603 3223 1805 3296 procul
1857 3222 2037 3278 dubio
2086 3222 2418 3295 pertineant
2466 3223 2708 3278 Photius
2757 3223 3005 3277 mediam
3061 3237 3297 3293 quoque
3343 3220 3456 3292 ipsi
3517 3218 3767 3274 tribuit:

339 3309 536 3382 reipsa
565 3314 763 3366 tamen
825 3314 913 3363 est
944 3308 1201 3365 Eutherii
1226 3310 1550 3383 ’I‘yanensis
1582 3312 1859 3384 episcopi,
1895 3312 2051 3384 quod
2086 3313 2396 3368 manifesta
2426 3312 2634 3384 probat
2663 3312 2982 3367 auctoritas
3016 3310 3181 3366 Marii
3214 3309 3575 3379 Mercatoris,
3609 3311 3678 3363 ut.
3707 3307 3766 3361 in

337 3397 618 3454 Eutherio
649 3396 1208 3452 demonstrabimus.

418 3489 573 3544 473
625 3486 718 3542 ιν.
781 3486 900 3541 Huc
941 3490 1278 3552 Cat-uerius,
1327 3491 1547 3560 quicum
1592 3506 1689 3547 nos
1731 3492 2152 3557 existimamus,
2199 3507 2299 3547 sea:
2326 3492 2547 3559 priores
2590 3490 2717 3545 illas
2747 3505 2780 3544 a
2826 3489 3017 3544 Photio
3064 3491 3399 3543 memoratas
3458 3485 3778 3542 Theodoreti

348 3576 697 3648 quaestiones,
731 3592 839 3630 non
869 3592 1046 3631 unum
1070 3594 1205 3649 opus
1229 3594 1352 3633 cum
1402 3580 1631 3649 epistola
1661 3580 1731 3635 ad
1773 3582 2126 3636 Eustathium
2172 3585 2223 3637 et
2273 3579 2722 3650 subsequentibus
2761 3577 3225 3649 propositionibus
3257 3577 3542 3646 conﬁcere.
3570 3575 3770 3630 Palam

339 3666 491 3719 enim
519 3669 596 3720 est
625 3680 697 3719 ex
727 3663 887 3719 modo
917 3666 1093 3735 ipsius
1120 3667 1359 3736 epistola
1390 3667 1698 3734 ordiendw,
1734 3668 1818 3722 ibi
1845 3670 2075 3723 initium
2123 3668 2257 3723 duci
2302 3669 2467 3723 totius
2512 3669 2713 3738 operis.
2765 3668 2831 3721 At
2873 3666 3018 3737 quod
3049 3668 3129 3721 ait
3159 3668 3248 3721 vir
3301 3665 3488 3720 doctus
3532 3663 3773 3719 codicem

336 3754 509 3826 fuisse
539 3752 739 3809 Photio
768 3756 976 3809 erroris
1003 3770 1257 3823 causam,
1291 3755 1346 3810 id
1375 3772 1510 3811 sane
1531 3772 1637 3811 non
1681 3761 1963 3827 conspecto
2010 3757 2190 3814 codice
2243 3759 2524 3827 afﬁrmari
2572 3757 2783 3828 nequit.
2833 3756 2951 3811 Non
2990 3761 3179 3827 peccat
3208 3755 3353 3810 enim
3402 3752 3590 3824 codex,
3623 3752 3771 3824 quod

336 3857 529 3899 rerum
555 3842 974 3913 disparalarum
1007 3844 1192 3899 titulos
1221 3861 1582 3900 numerorum
1613 3846 1809 3902 ordine
1854 3848 2171 3919 conjungat,
2226 3863 2350 3902 cum
2380 3848 2429 3902 is
2453 3862 2567 3901 mos
2614 3849 2687 3900 sit
2715 3848 3024 3901 Graecorum
3078 3844 3460 3910 librariorum,
3493 3850 3554 3898 ut
3579 3856 3770 3896 omnes

335 3932 580 3988 auctoris
607 3932 869 4004 cuiusque
900 3937 1169 3989 tractatus
1196 3937 1548 4004 quantumvis
1578 3937 1820 3991 diversos
1849 3939 2199 4007 consequenti
2236 3953 2598 3991 numerorum
2626 3936 2770 3990 serie
2798 3936 3006 4001 notent,
3052 3943 3114 3989 ut
3144 3949 3311 4006 supra
3340 3933 3406 3988 de
3432 3931 3768 3987 Athanasiu-

332 4021 423 4075 nis
451 4020 725 4077 codicibus
757 4021 1030 4092 loquentes
1059 4022 1584 4078 animadvertimus.
1624 4024 1724 4079 Via:
1752 4026 1946 4095 itaque
1973 4026 2261 4081 credamus
2309 4025 2596 4093 Photium,
2644 4025 2703 4078 in
2750 4022 3035 4078 codicibus
3078 4020 3502 4093 pertractandis,
3549 4021 3603 4074 si
3642 4019 3769 4089 quis

325 4125 571 4181 unquam
605 4111 774 4180 alius,
803 4112 1275 4175 versutissimum,
1298 4110 1391 4167 hic
1421 4128 1610 4167 errore
1655 4114 1871 4184 lapsum
1900 4131 1919 4168 :
1967 4115 2065 4170 sed
2107 4116 2230 4184 ejus
2276 4130 2476 4169 revera
2525 4114 2788 4175 codicem.
2841 4112 3169 4167 Theodoreto
3214 4110 3334 4169 haec
3392 4110 3764 4180 inscripsisse,

325 4196 540 4262 addita,
564 4197 650 4252 uti
676 4196 819 4252 solet
837 4199 988 4268 ﬁeri,
1021 4214 1149 4253 voce
1174 4195 1276 4251 τού
1307 4196 1472 4253 αὐτοῦ
1498 4205 1624 4271 post
1650 4204 1894 4273 priorem
1909 4205 2213 4259 tractatum
2244 4221 2261 4256 :
2292 4204 2445 4273 quod
2473 4204 2648 4257 etiam
2670 4201 2856 4256 videre
2882 4208 2961 4255 est
2992 4201 3052 4254 in
3080 4200 3359 4255 codicibus
3407 4199 3507 4268 qui
3532 4211 3597 4251 ea
3627 4212 3764 4267 opu-

321 4286 485 4342 scuta
517 4285 823 4343 Athanasio
847 4286 1154 4345 ascribunt.
1190 4292 1322 4345 Ilzec
1350 4304 1517 4359 porro
1545 4307 1659 4345 non
1710 4306 1773 4346 eo
1798 4290 2032 4346 dicimus
2086 4291 2229 4363 quod
2278 4301 2492 4346 certum
2538 4296 2793 4361 putemus
2836 4304 2950 4345 esse
2993 4294 3097 4345 has
3140 4290 3477 4359 quaestiones
3528 4284 3766 4342 Theodo-

335 4376 477 4438 reti;
505 4374 742 4430 necdum
771 4377 919 4430 enim
952 4376 1034 4434 vel
1062 4378 1355 4449 Eutherio,
1382 4380 1467 4433 vel
1506 4380 1840 4436 Theodoreto
1866 4380 2038 4453 probe
2070 4379 2471 4452 adjudicandas
2494 4379 2861 4448 arbitramur,
2899 4378 3070 4433 donec
3117 4379 3252 4449 quid
3278 4376 3585 4433 evidentius
3613 4390 3763 4431 com-

338 4472 551 4536 pareat.

402 4550 666 4608 Cteterum
713 4550 854 4623 quod
905 4553 1065 4608 aiunt
1102 4553 1365 4610 nonnulli
1416 4561 1561 4611 hunc
1598 4558 1932 4626 scriptorem
2003 4572 2115 4613 esse
2155 4559 2570 4623 Nestorianum,
2619 4556 2678 4612 id
2721 4573 2832 4613 non
2877 4556 3025 4611 mihi
3051 4556 3221 4625 plane
3269 4562 3618 4626 perspectum
3647 4567 3763 4609 esse

323 4640 522 4712 fateor.
550 4640 708 4697 Nihil
734 4642 886 4696 enim
913 4642 1069 4698 mihi
1093 4644 1408 4699 Nestoriani
1426 4645 1708 4714 dagmatis
1738 4647 1829 4701 hic
1855 4662 1970 4702 esse
1997 4646 2239 4714 videtur,
2270 4663 2464 4702 verum
2504 4646 2632 4702 licet
2660 4648 2732 4701 sit
2759 4646 3026 4718 quasdam
3054 4646 3144 4701 hic
3172 4644 3491 4717 Oppugnari
3513 4641 3763 4714 proposi-

331 4731 506 4786 tiones
536 4746 657 4801 quas
686 4733 739 4786 si
764 4731 931 4797 probe
961 4732 1316 4802 accipiantur
1341 4733 1625 4790 catholica:
1654 4739 1801 4798 sunt,
1834 4738 1891 4790 ut
1929 4740 2007 4791 est
2039 4735 2184 4791 illud
2217 4754 2233 4790 :
2266 4736 2509 4791 Pessum
2538 4735 2907 4802 est,Verbum
2941 4733 3472 4806 impassibililer,et
3504 4746 3748 4802 passum

321 4823 413 4875 est
439 4818 696 4875 Verbum
728 4836 923 4888 carne,
957 4836 1082 4891 qum
1113 4830 1252 4877 recte
1278 4823 1581 4890 explicant:
1611 4825 1909 4879 orthodoxa
1934 4826 2102 4896 plane
2155 4826 2504 4881 videbuntur.
2538 4876 2543 4879 _
2572 4825 2764 4880 Verum
2802 4826 2896 4880 hic
2933 4825 3173 4893 scriptor
3219 4825 3299 4877 ita
3331 4828 3449 4877 haec
3476 4819 3739 4890 loquendi

323 4925 530 4980 genera
558 4910 828 4983 con/utut,
861 4920 921 4964 ut
949 4926 1060 4965 non
1091 4910 1344 4965 videatur
1364 4912 1751 4968 Nestoritmrmt
1775 4922 2110 4970 sententiam
2139 4915 2225 4970 his
2253 4915 2412 4971 dictis
2447 4915 2741 4970 adversam
2772 4914 3074 4969 vindicare.
