4104 6362
276 500 430 563 1293

269 627 490 685 δύναται
540 632 576 700 ἡ
621 630 807 707 Γραφὴ
864 629 1110 699 λυθῆναι·
1166 653 1191 680 ››
1244 630 1356 698 καὶ,
1391 660 1416 679 u

269 742 387 797 ριος
446 719 705 791 ἐλάλησε,
741 720 831 775 καὶ
880 719 1099 776 ἐκάλεσε
1144 720 1242 788 τὴν
1282 726 1403 793 γῆν·
1444 745 1471 770 ››
1502 720 1587 773 καὶ
1622 719 1673 772 ἐν
1701 719 1925 793 ἕτεροις·

269 836 297 862 ‹‹
337 812 661 888 Ὀφθήσεται
696 809 723 863 6
756 810 886 871 Θεὸς
936 814 1041 863 τῶν
1089 813 1221 872 Θεῶν
1257 811 1423 882 (10⁸⁸)
1455 808 1507 862 ἐν
1556 809 1719 862 Σιών·
1758 831 1783 858 ››
1816 808 1926 876 καὶ,

269 925 297 951 ‹‹
333 901 390 953 Ὀ
439 898 567 960 Θεὸς
610 896 739 968 ἔστη
796 897 846 952 ἐν
899 901 1183 973 συναγωγῇ
1235 900 1392 965 θεῶν,
1427 898 1516 951 καὶ
1570 897 1619 950 ἐν
1675 896 1823 969 μέσῳ
1874 894 1931 951 δὲ

268 987 423 1052 θεοὺς
481 985 762 1063 διακρινεῖ·
800 1011 827 1039 ››
878 987 989 1055 καὶ,
1031 1012 1058 1037 ‹‹
1108 985 1269 1048 Θεοῦς
1331 986 1391 1040 οὐ
1449 984 1865 1059 κακολογήσεις,
1899 1009 1925 1036 ι)

264 1080 586 1155 γέγραπται.
642 1078 785 1132 Κατὰ
834 1081 964 1152 γοῦν
1012 1077 1111 1145 τὴν
1160 1076 1257 1144 σὴν
1308 1076 1517 1153 σοφέαν,
1554 1075 1600 1129 εἷ’
1650 1080 1751 1129 πᾶν
1804 1072 1853 1128 εἷ’
1875 1095 1927 1127 τι

268 1166 425 1237 Θεὸς,
456 1170 617 1220 τοῦτο
649 1165 737 1219 καὶ
784 1166 1020 1237 Πνεῦμα,
1054 1163 1243 1225 πάντες
1294 1165 1345 1217 οἱ
1395 1165 1788 1239 προειρημένοι
1838 1164 1926 1217 ἄν-

271 1266 481 1328 θρωποι
531 1254 620 1308 καὶ
669 1254 800 1320 θεοὶ,
842 1253 1125 1325 Πνεῦματά
1158 1254 1309 1309 εἰσιν.
1345 1253 1407 1309 Εἰ
1442 1251 1498 1308 δὲ
1529 1254 1646 1315 Οεὸς
1702 1259 1925 1323 Μωσῆς,

263 1344 355 1399 καὶ
386 1340 610 1403 ἕκαστος
639 1347 745 1396 τῶν
779 1345 1218 1419 προειρημένων,
1249 1342 1336 1396 καὶ
1378 1341 1438 1396 οὐ
1496 1341 1797 1413 Πνεύματα,
1831 1340 1931 1397 οὐκ

267 1434 371 1508 ἄρα
426 1439 527 1487 πᾶν
563 1430 616 1486 ei’
636 1454 688 1486 τι
720 1432 869 1500 Θεὸς,
900 1429 1065 1486 τοῦτο
1126 1432 1215 1485 καὶ
1284 1434 1527 1503 Πνεῦμα*
1566 1429 1690 1485 οὐδέ
1744 1436 1846 1485 πᾶν
1882 1428 1936 1485 εἷ’

269 1544 323 1576 τι
385 1525 622 1594 Πνεῦμα,
674 1525 835 1576 τοῦτο
893 1521 981 1576 καὶ
1032 1522 1180 1583 Θεὸς.
1232 1522 1332 1577 Καὶ
1391 1521 1494 1595 γὰρ
1560 1522 1625 1574 τὰ
1675 1518 1930 1593 δαιμόνια

272 1613 423 1685 ὑμῶν
481 1616 588 1667 τῶν
649 1612 935 1686 αἱρετικῶν
998 1611 1280 1684 πνεύματά
1337 1611 1460 1680 εἶσι,
1522 1611 1610 1665 καὶ
1673 1609 1771 1665 οὐκ
1828 1609 1928 1665 εἶσὶ

262 1701 397 1758 θεοί.

333 1793 386 1847 3.
438 1792 557 1845 Ἔτι
608 1791 899 1867 πρόσωπον
959 1790 1262 1865 εἰσαγαγὼν
1318 1787 1659 1866 Ὀρθοδόξου,
1714 1794 1926 1863 Δῶμεν,

262 1880 453 1957 φησὶν,
487 1880 559 1942 ὡς
600 1880 661 1935 οὐ
704 1880 1046 1955 θεολογεῖται
1095 1881 1157 1935 τὸ
1190 1885 1437 1952 Πνεῦμα,
1470 1880 1623 1952 ὅμως
1670 1878 1927 1954 κυριολο-

1354 499 1663 560 (ἶΟΝἸῚιΛ
1719 496 2119 559 MACEDON.
2172 499 2557 560 DIALthUS
2606 500 2651 559 Ι.

1469 631 1595 691 Θεὸς
1642 631 1774 684 θεῶν
1826 628 1922 682 Κύ-

2047 634 2211 701 ptum
2248 636 2336 686 est
2368 649 2417 687 ;‹‹
2455 630 2755 685 Videbitur
2785 630 2939 686 Deus
2991 632 3233 687 deorum
3285 633 3342 688 in
3394 635 3532 690 Sion
3558 637 3634 703 ης
3670 647 3701 687 ὀ)

3549 506 3703 565 1294

2042 724 2117 786 et,
2153 743 2179 769 ‹‹
2220 721 2369 775 Deus
2420 720 2581 775 stetit
2632 720 2692 774 in
2742 736 3038 793 synagoga
3090 723 3354 789 deorum,
3394 724 3451 779 in
3508 725 3701 781 medio

2042 814 2234 863 autem
2289 810 2429 865 deos
2478 809 2763 880 dijudicat
2784 810 2923 875 20;»
2956 815 3031 877 et,
3067 835 3092 861 «
3130 812 3249 867 Diis
3299 830 3413 868 non
3464 813 3701 869 maledi-

2040 914 2135 953 ces
2157 899 2222 952 ²ι.
2248 921 2273 948 ››
2309 900 2457 956 475
2493 898 2547 951 Si
2583 914 2717 969 ergo
2743 899 2914 969 juxta
2935 900 3287 971 sapientiam
3324 901 3483 957 illam
3512 908 3698 971 tuam,

2040 988 2324 1060 quidquid
2388 994 2477 1043 est
2527 993 2696 1058 Deus,
2732 988 2875 1043 illud
2930 996 3019 1044 est
3065 990 3337 1061 Spiritus,
3372 1008 3515 1047 sane
3563 1010 3701 1064 pras-

2040 1076 2179 1130 dicti
2238 1076 2322 1131 illi
2383 1077 2650 1132 homines
2700 1094 2767 1132 ac
2820 1078 2920 1149 dii,
2958 1079 3211 1150 Spiritus
3262 1086 3421 1135 sunt.
3455 1080 3616 1144 Quod
3648 1088 3702 1143 si

2040 1166 2185 1221 deus
2236 1172 2325 1221 est
2372 1167 2623 1241 Moyses,
2659 1183 2883 1223 necnon
2931 1168 3149 1239 singuli
3199 1186 3265 1225 ex
3316 1187 3496 1241 supra
3526 1171 3704 1227 dictis

2042 1254 2384 1309 hominibus
2415 1255 2516 1326 (dii
2562 1257 2721 1319 sunt)
2757 1262 2814 1311 et
2862 1273 2975 1309 non
3025 1257 3303 1327 Spiritus,
3339 1258 3543 1329 utique
3586 1276 3701 1314 non

2040 1344 2325 1415 quidquid
2359 1350 2449 1399 est
2484 1348 2656 1411 Deus,
2693 1344 2839 1399 illud
2873 1351 2961 1400 est
2990 1346 3271 1418 Spiritus.
3304 1364 3494 1419 neque
3526 1348 3700 1418 quid-

2041 1432 2182 1503 quid
2234 1440 2324 1488 est
2370 1433 2647 1505 Spiritus,
2681 1433 2823 1489 illud
2873 1439 2959 1489 est
3010 1435 3183 1492 Deus.
3218 1436 3362 1491 Nam
3414 1437 3705 1494 daemonia

2039 1525 2301 1577 vestrum
2362 1522 2769 1579 haereticorum
2830 1524 3072 1595 spiritus
3127 1529 3289 1592 sunt,
3340 1541 3445 1581 nec
3500 1530 3699 1583 tamen

2043 1616 2184 1667 sunt
2215 1612 2314 1666 dii.

2110 1792 2163 1843 3.
2199 1791 2444 1845 Inducta
2488 1791 2697 1846 iterum
2753 1790 2849 1846 ille
2882 1791 3199 1847 Orthodoxi
3251 1808 3517 1863 persona,
3551 1796 3697 1849 Con-

2040 1879 2340 1947 cedamus,
2365 1879 2467 1948 ait,
2492 1880 2775 1951 Spiritum
2810 1885 3083 1936 sanctum
3117 1898 3231 1936 non
3268 1884 3455 1937 vocari
3497 1884 3699 1953 Deum,

258 1976 457 2044 γεῖται·
518 1968 813 2045 γέγραπται
875 1972 996 2046 γάρ·
1036 1996 1061 2020 ‹‹
1098 1971 1158 2026 Ὀ
1219 1967 1275 2023 δὲ
1336 1969 1531 2045 Κύριος
1591 1971 1651 2023 τὸ
1708 1967 1922 2041 Πνεῦμά

2043 1974 2101 2022 at
2131 1968 2413 2023 Dominus
2457 1968 2663 2023 saltem
2709 1975 2984 2026 vocatur:
3020 1968 3304 2040 scriptum
3356 1976 3444 2024 est
3494 1971 3649 2025 enim
3686 1987 3701 2026 :

259 2058 425 2113 ἐστιν.
498 2085 524 2109 n
579 2064 697 2113 Ἔτι
759 2060 957 2137 φησίνο
1029 2059 1166 2113 Εἰπὲ
1223 2058 1381 2120 αὐτὸς
1434 2060 1495 2113 τὸ
1545 2058 1879 2133 ἐπαγόμενον
1915 2078 1927 2091 ·

258 2173 285 2199 (ι
320 2148 399 2205 Οὗ
462 2146 519 2202 ’δὲ
574 2148 638 2203 τὸ
700 2153 922 2221 Πνεῦμα
979 2148 1199 2223 Κυρίου,
1233 2148 1342 2203 ἐκεῖ
1390 2146 1686 2225 ἐλευθερία.
1726 2173 1753 2199 υ
1798 2147 1930 2223 Περὶ

252 2241 360 2291 τοῦ
422 2237 621 2313 Κυρίου
681 2238 849 2313 λέγει,
884 2237 1186 2314 φησὶν,ὅτι
1248 2238 1275 2291 6
1337 2238 1528 2312 Κύριος
1588 2239 1649 2291 τὸ
1714 2236 1932 2309 Πνεῦμά

262 2325 431 2380 ἐστιν.
466 2332 651 2399 Ἡμεῖς
686 2323 743 2380 δὲ
780 2327 919 2401 πρὸς
967 2326 1149 2381 αὐτόν’
1205 2326 1454 2395 Ἀληθῶς
1502 2327 1585 2393 τὸ,
1621 2352 1645 2377 ‹‹
1683 2323 1927 2381 Φάσκον-

269 2437 355 2478 τες
406 2417 535 2471 εἶναι
596 2417 753 2495 σοφοὶ
806 2416 1216 2491 ἐμωράνθησαν,
1254 2440 1280 2466 ››
1314 2416 1436 2491 περὶ
1494 2416 1643 2488 ὑμῶν
1693 2414 1926 2492 εἷ’ρηται.

268 2510 374 2560 Τοῦ
449 2508 550 2581 γὰρ
629 2506 969 2581 ἐπαγομένου
1043 2510 1288 2583 φανερῶς
1349 2503 1681 2573 δεικνύντος,
1730 2505 1811 2559 ὅτι
1864 2504 1927 2560 τὸ

271 2597 496 2668 Πνεῦμα
526 2594 974 2669 ἐστιν,(16“”’)οὗ
1000 2594 1232 2669 εἴρηται,
1251 2621 1276 2644 ‹‹
1297 2597 1352 2648 Ὁ
1376 2593 1431 2650 δὲ
1456 2596 1647 2671 Κύριος
1676 2595 1739 2649 τὸ
1766 2597 1928 2651 Πνεῦ-

271 2685 345 2756 μα
378 2684 541 2753 ἐστιν,
582 2710 607 2735 ι)
637 2685 919 2754 ἠπάτησας
952 2683 1107 2745 αὐτὸς
1140 2684 1349 2750 ἑαυτὸν,
1376 2682 1467 2738 ’ἕνα
1498 2684 1556 2737 ἐκ
1582 2689 1682 2738 τοῦ
1723 2683 1925 2756 στόμα-

262 2774 357 2835 τός
391 2794 485 2827 σου
519 2769 749 2849 ἔλεγχος
783 2772 1046 2847 προέλθῃ,
1078 2772 1165 2827 καὶ
1218 2772 1477 2846 ἀκούσῃς,
1513 2772 1593 2826 ὅτι
1631 2798 1654 2824 (ι
1690 2774 1783 2827 Ἐκ
1827 2776 1925 2827 τοῦ

263 2862 536 2935 στόματός
596 2884 692 2917 σου
751 2867 921 2938 κρινὼ
978 2883 1056 2928 σε,
1116 2862 1320 2935 πονηρὲ
1379 2860 1563 2917 δοῦλε.
1629 2886 1655 2913 η
1702 2864 1772 2915 Τὸ
1820 2862 1924 2937 γὰρ

263 2951 600 3027 ἐπαγόμενόν
656 2952 817 3006 ἐστιν·
854 2976 881 3002 ‹‹
915 2952 992 3009 Οὔ
1052 2949 1109 3006 δὲ
1160 2952 1222 3005 τὸ
1284 2954 1506 3024 Πνεῦμα
1566 2950 1783 3025 Κυρίου,
1818 2951 1927 3005 ἐκεῖ

262 3040 568 3117 ἐλευθερία.
609 3067 635 3092 ›)
684 3043 753 3096 Τὸ
802 3040 858 3096 δὲ
910 3040 966 3095 ὃν
1022 3044 1243 3114 Πνεῦμα
1298 3040 1516 3116 Κυρίου,
1572 3039 1766 3116 Κυρίου
1812 3040 1923 3095 ἐστὶ

262 3132 505 3203 Πνεῦμα,
542 3129 674 3207 ὅπερ
734 3130 943 3207 εἷ’ρηται
1007 3131 1224 3203 Κύριος.
1258 3132 1345 3192 Ὠς
1403 3132 1501 3205 γὰρ
1554 3132 1673 3192 Υἱὸς
1728 3130 1924 3205 Κύριος

262 3218 360 3291 ὢν,
393 3220 593 3297 Κύριός
642 3220 803 3275 ἐστιν·
860 3220 1033 3281 οὕτως
1084 3222 1146 3275 τὸ
1197 3223 1435 3293 Πνεῦμα,
1472 3220 1663 3296 Κύριος
1704 3218 1781 3289 ὃν,
1818 3220 1921 3273 Κύ-

267 3308 382 3383 ριός
414 3309 573 3366 ἐστιν.

336 3488 388 3543 4.
423 3487 520 3542 Καὶ
569 3486 734 3542 πάλιν
787 3487 961 3559 ἐαυτῷ
1011 3486 1301 3561 πρόσωπον
1352 3488 1745 3559 ποιησάμενος,
1800 3488 1918 3543 ἑαυ-

256 3576 354 3631 τὸν
412 3576 617 3648 ἠρώτα*
667 3574 803 3631 Οὐδὲ
859 3576 1233 3652 προσκυνητόν
1294 3576 1475 3643 ἐστιν;
1522 3576 1704 3631 ἔπειτα
1762 3576 1919 3639 αὐτὸς

259 3665 454 3737 ἐαυτῷ
490 3666 606 3723 Οὐκ
663 3662 824 3721 ἔστιν·
862 3664 986 3721 οὐδὲ
1043 3667 1143 3742 γὰρ
1196 3664 1515 3741 γέγραπται.
1570 3668 1701 3720 Εἶτα
1755 3664 1919 3721 πάλιν

257 3750 446 3810 λαϐὼν
510 3753 830 3831 Ὀρθοδὸξου
888 3756 1204 3831 πρόσωπον,
1268 3754 1432 3831 λέγει’
1492 3755 1553 3809 Εἴ·
1610 3756 1919 3822 ἀνθρώποις

257 3845 668 3921 προσεκύνησαν
745 3844 1046 3920 ἄνθρωποι,
1100 3844 1224 3922 φὲρε
1282 3844 1471 3917 εἰπεῖν,
1535 3846 1609 3907 ὡς
1670 3846 1841 3909 Ναοαν
1891 3848 1920 3901 6

256 3936 549 4011 προφήτης
623 3935 702 4007 τῷ
772 3930 975 3989 Δαϐὶδ·
1037 3938 1333 4009 γέγραπται
1393 3935 1535 4007 γάρ’
1597 3958 1624 3985 ‹‹
1687 3934 1919 4003 Εἰσῆλθε

258 4026 392 4078 κατὰ
449 4024 738 4096 πρόσωπον
796 4028 891 4078 τοῦ
954 4023 1220 4098 βασιλέως
1279 4022 1457 4086 Ναθᾶν
1518 4024 1546 4076 6
1602 4026 1916 4101 προφήτης,

254 4113 345 4167 καὶ
377 4113 771 4183 προσεκύνησεν
805 4112 964 4167 αὐτὸν
998 4111 1083 4167 ἐπῖ
1114 4113 1213 4181 τήν
1244 4119 1370 4188 γῆν·
1408 4136 1435 4163 ››
1471 4109 1558 4166 διὰ
1604 4112 1656 4166 τί
1718 4113 1793 4184 μή
1826 4114 1916 4167 καὶ

253 4207 337 4273 τῷ
373 4203 647 4275 Πνεῦματι
680 4205 1129 4278 προσκυνήσομεν
1174 4202 1279 4273 πρὸ
1313 4202 1526 4256 πάντων
1573 4201 1913 4275 ἀνθρώπων;

256 4291 357 4345 Καὶ
418 4290 577 4354 αὐτὸς
639 4292 812 4363 ἐαυτῷ
868 4291 1033 4345 πάλιν
1094 4289 1301 4364 ἐπάγει·
1360 4315 1380 4341 ι
1437 4290 1617 4363 Κυρίῳ
1662 4295 1741 4363 τῷ
1800 4296 1917 4363 Θεῷ

253 4401 353 4435 σου
429 4383 859 4455 προσκυνήσεις’
921 4402 947 4434 ιι
1014 4380 1089 4453 μή
1166 4380 1256 4434 καὶ
1325 4384 1406 4451 τῷ
1472 4378 1786 4451 ΙΙνεῦματι;
1846 4381 1916 4435 Τὸ

252 4473 477 4541 Πνεῦμα
554 4469 749 4544 Κύριοι,
802 4470 900 4523 οὐκ
969 4466 1149 4523 ἔστιν·
1207 4467 1333 4523 ἀλλ’
1392 4465 1515 4523 οὔτε
1568 4469 1737 4531 Θεός·
1798 4474 1914 4532 πῶς

252 4557 348 4613 οῦν
384 4556 529 4612 ἔσται
559 4559 952 4633 προσκυνητὸν,
990 4560 1064 4631 μὴ
1100 4557 1157 4611 ὃν
1211 4557 1262 4612 ἐν
1312 4562 1391 4630 τῷ
1444 4564 1547 4627 τῆς
1605 4560 1914 4633 προσκυνή-

250 4668 390 4709 σεως
447 4646 601 4719 δρῳ;
661 4671 687 4699 ‹‹
746 4644 936 4708 Οὐδεῖς
1023 4646 1122 4721 γὰρ
1199 4644 1417 4701 δύναται
1489 4646 1656 4701 εἰπεῖν
1720 4648 1914 4720 Κύριον

2049 2077 2070 2104 ι
2106 2056 2391 2113 Dominus
2445 2062 2640 2112 autem
2691 2056 2945 2128 Spiritus
3003 2062 3164 2112 est.»
3198 2058 3347 2112 Tum
3398 2059 3703 2131 subsequi-

2041 2150 2138 2203 tur
2173 2164 2185 2201 :
2226 2147 2321 2202 Dic
2352 2147 2508 2219 quod
2547 2148 2838 2215 adjectum
2872 2151 2960 2201 est
2999 2163 3052 2202 :u
3074 2146 3181 2201 Ubi
3215 2151 3409 2203 autem
3441 2148 3701 2220 Spiritus

2044 2235 2294 2306 Domini,
2330 2235 2408 2289 ibi
2466 2236 2708 2291 libertas
2731 2236 2799 2292 ⁸2.
2828 2259 2854 2285 ››
2890 2241 2965 2291 De
3000 2236 3241 2292 Domino
3292 2236 3571 2308 loquitur,
3606 2238 3701 2294 in-

2040 2326 2189 2396 quit,
2222 2325 2361 2396 quia
2395 2326 2675 2381 Dominus
2707 2330 2795 2381 est
2825 2326 3099 2397 Spiritus.
3134 2325 3250 2381 Nos
3280 2332 3482 2381 contra
3514 2326 3699 2384 :Vere

2040 2415 2111 2469 de
2166 2414 2325 2469 vobis
2375 2414 2596 2469 dictum
2648 2419 2832 2469 estzu
2870 2415 3133 2470 Dicentes
3174 2432 3235 2470 se
3284 2433 3413 2471 esse
3461 2417 3694 2489 sapieno

2040 2510 2146 2573 tes,
2182 2505 2348 2559 stulti
2381 2505 2516 2559 facti
2567 2511 2707 2560 sunt
2733 2506 2800 2557 93.
2831 2528 2857 2553 »
2890 2507 3030 2561 Cum
3068 2505 3219 2560 enim
3272 2506 3696 2577 subsequentia

2038 2599 2235 2666 aperte
2270 2594 2526 2649 indicent
2556 2610 2683 2649 esse
2722 2594 3008 2665 Spiritum
3058 2610 3190 2650 eum
3225 2596 3296 2650 de
3326 2612 3439 2667 quo
3471 2596 3693 2653 dictum

2037 2691 2198 2749 est,«
2232 2683 2515 2739 Dominus
2574 2690 2771 2738 autem
2832 2684 3087 2755 Spiritus
3144 2689 3253 2749 est,
3285 2712 3311 2735 υ
3354 2689 3413 2739 tu
3467 2691 3520 2741 te
3572 2687 3697 2759 ipse

2036 2773 2337 2845 decepisti,
2373 2781 2434 2827 ut
2479 2790 2545 2829 ex
2577 2788 2675 2827 ore
2708 2777 2807 2828 tuo
2840 2777 2895 2827 te
2927 2772 3053 2845 ipse
3101 2791 3470 2847 coargueres,
3505 2780 3561 2831 et
3592 2793 3697 2832 au-

2036 2862 2192 2917 dires
2226 2880 2272 2917 :c
2309 2862 2388 2917 De
2420 2879 2517 2917 ore
2564 2869 2662 2917 tuo
2714 2867 2768 2917 te
2814 2862 3039 2933 judico,
3075 2880 3237 2919 serve
3289 2880 3540 2936 nequam
3569 2866 3633 2923 ".
3664 2886 3693 2916 »

2036 2951 2178 3006 Nam
2212 2950 2355 3005 illud
2394 2952 2777 3022 subsequitur
2809 2968 2821 3005 :
2853 2973 2880 3000 «
2913 2950 3016 3006 Ubi
3067 2957 3259 3007 autem
3295 2952 3549 3023 Spiritus
3580 2954 3696 3011 Do-

2038 3041 2202 3107 mini,
2238 3041 2316 3096 ibi
2348 3040 2607 3095 libertas.
2635 3060 2665 3092 »
2698 3041 2803 3104 Qui
2838 3057 2969 3096 vero
3015 3041 3269 3114 Spiritus
3322 3043 3549 3097 Domini
3582 3049 3692 3111 est,

2033 3130 2130 3185 ille
2160 3135 2247 3185 est
2280 3129 2509 3185 Domini
2560 3129 2837 3201 Spiritus,
2866 3129 2966 3201 qui
2998 3130 3192 3185 dictus
3245 3135 3333 3186 est
3383 3133 3690 3190 Dominus.

2034 3220 2541 3284 Quemadmodum
2575 3220 2730 3275 enim
2762 3218 2944 3275 Filius
2976 3236 3109 3275 cum
3145 3220 3222 3274 sit
3256 3222 3561 3287 Dominus,
3586 3221 3693 3278 Do-

2035 3310 2235 3364 minus
2264 3313 2387 3365 est:
2420 3309 2499 3365 ita
2530 3314 2586 3364 et
2606 3308 2862 3380 Spiritus
2893 3326 3027 3365 cum
3059 3312 3136 3365 sit
3167 3309 3472 3378 Dominus,
3499 3311 3692 3367 Domi-

1952 3369 1995 3437 C
2036 3415 2148 3453 nus
2182 3403 2291 3453 est.

2104 3489 2157 3542 4.
2190 3491 2262 3543 At
2287 3487 2383 3543 ille
2416 3488 2627 3543 iterum
2664 3492 2972 3559 assumpta
3012 3488 3120 3543 sibi
3168 3506 3438 3561 persona,
3470 3506 3532 3545 se
3563 3490 3690 3563 ipse

2031 3577 2464 3648 interrogabat:
2498 3580 2705 3632 Annon
2737 3577 3116 3633 adorandus?
3149 3578 3272 3650 ipse
3303 3579 3413 3635 sibi
3447 3595 3688 3652 respon-

2031 3667 2117 3721 dit
2150 3684 2161 3722 :
2196 3667 2617 3738 Nequaquam;
2654 3667 2709 3721 id
2743 3668 2898 3722 enim
2933 3667 3219 3739 scriptum
3254 3686 3367 3723 non
3401 3674 3507 3725 est.
3542 3669 3689 3725 Rur-

2031 3774 2163 3812 sum
2228 3763 2512 3828 usurpata
2568 3756 2883 3812 Orthodoxi
2942 3774 3192 3828 persona
3238 3775 3251 3813 :
3303 3758 3360 3813 Si
3422 3758 3692 3815 homines

2030 3846 2191 3918 ipsos
2248 3848 2569 3901 adorarunt
2616 3846 2908 3911 homines,
2938 3851 3081 3919 puta
3129 3846 3354 3903 Nathan
3408 3848 3692 3921 propheta

2029 3936 2343 4001 Davidem;
2378 3936 2665 4007 scriptum
2714 3936 2870 3991 enim
2902 3943 2991 3991 est
3020 3953 3033 3991 :
3063 3960 3088 3988 ‹‹
3126 3937 3391 3992 Introivit
3437 3938 3496 3993 in
3547 3955 3690 3994 con-

2029 4030 2295 4096 spectum
2346 4025 2497 4094 regis
2533 4025 2761 4080 Nathan
2813 4026 3117 4097 propheta,
3153 4031 3209 4081 et
3238 4028 3500 4083 adoravit
3554 4044 3687 4083 eum

2029 4130 2250 4184 pronus
2282 4113 2341 4167 in
2374 4120 2589 4168 terram
2612 4114 2691 4181 ’5;
2719 4136 2745 4162 ››
2778 4130 2961 4183 quare
2992 4131 3105 4169 non
3136 4132 3249 4186 pra:
3283 4117 3562 4173 omnibus
3591 4118 3696 4176 ho.

2029 4204 2289 4257 minibus
2304 4201 2588 4273 Spiritum
2609 4207 2877 4257 sanctum
2898 4204 3315 4259 adorabimus?
3332 4206 3459 4276 lpse
3476 4207 3689 4264 iterum

2026 4291 2136 4346 sibi
2172 4290 2401 4362 reponit
2427 4306 2475 4344 ια
2511 4290 2827 4345 Dominum
2860 4291 3045 4345 Deum
3080 4298 3247 4346 tuum
3282 4294 3556 4351 adorabis
3577 4296 3688 4362 ²⁶,››

2026 4386 2081 4435 et
2114 4397 2227 4434 non
2276 4378 2584 4451 Spiritum,
2632 4379 2889 4449 Spiritus
2940 4396 3054 4435 non
3105 4386 3194 4435 est
3247 4381 3551 4451 Dominus,
3585 4386 3686 4441 sed

2028 4484 2216 4538 neque
2266 4474 2454 4523 Deus:
2483 4469 2779 4539 quomodo
2829 4467 3009 4539 igitur
3053 4470 3390 4526 adorandus
3423 4472 3555 4538 erit,
3586 4474 3687 4545 qui

2027 4576 2142 4615 non
2177 4560 2329 4613 intra
2360 4559 2794 4613 adorandorum
2844 4556 3062 4613 limites
3110 4560 3691 4631 comprehendatur?

2027 4648 2195 4713 Nam,
2223 4672 2248 4697 ‹‹
2288 4648 2469 4703 Nemo
2502 4654 2689 4719 potest
2719 4647 2908 4701 dicere
2963 4647 3273 4703 Dominum
3308 4649 3535 4716 Jesum,
3571 4651 3687 4707 nisi

251 4738 490 4806 Ἰησοῦν,
524 4736 569 4791 εἰ
616 4737 692 4809 μὴ
746 4735 798 4791 ἐν
849 4734 1124 4807 Πνεῦματι
1184 4734 1342 4810 ἁγίῳ.
1376 4758 1404 4787 ››
1440 4741 1528 4790 Δεῖ
1556 4738 1655 4811 γὰρ
1690 4735 1913 4807 ἀληθῶς

2051 4756 2083 4792 n
2128 4738 2348 4810 Spiritu
2402 4742 2603 4793 sancto
2627 4737 2744 4789 ’7.»
2776 4740 3018 4807 Oportet
3061 4736 3219 4791 enim
3269 4755 3403 4793 eum
3460 4739 3561 4809 qui
3614 4740 3686 4795 ad

246 4825 344 4879 τὸν
374 4825 783 4900 προσαγόμενον
817 4830 951 4897 Θεῷ,
990 4822 1059 4878 δι’
1090 4823 1274 4900 ἐτέρου
1323 4829 1401 4896 τῷ
1454 4824 1591 4899 ἁγίῳ
1642 4825 1914 4899 Πνεῦματι

249 4915 638 4991 προσάγεσθαι.
673 4916 736 4969 Εἰ
786 4916 1149 4989 προσκυνήσω
1205 4914 1395 4968 λοιπὸν
1444 4918 1523 4985 τῷ
1570 4915 1705 4989 ἁγίῳ
1756 4916 1917 4970 υνειόο

253 5024 406 5077 ματι,
454 5002 543 5059 διὰ
598 5003 747 5067 τίνος
804 5006 839 5073 ἢ
901 5002 953 5058 ἐν
1012 5002 1117 5057 τίνι
1167 5005 1526 5077 προσκυνήσω
1586 5004 1919 5080 προσαχθεὶς

248 5092 535 5167 αὖτῷ;Τί
595 5092 686 5149 οὖν
751 5095 905 5166 ὑμεῖς
964 5086 1117 5169 πρὸς
1158 5090 1363 5161 cauta;
1416 5091 1698 5147 Δικάσεταί
1753 5115 1810 5147 σε
1867 5093 1919 5147 ἐν

247 5183 435 5256 ἡμέρᾳ
492 5184 721 5259 κρίσεως
782 5184 956 5246 Ναθαν
991 5183 1018 5236 ὁ
1050 5185 1363 5261 προφήτης,
1398 5183 1471 5244 ὡς
1504 5180 1593 5255 νοῦ
1652 5184 1797 5259 παρὰ
1823 5184 1914 5237 τὸν

248 5270 417 5342 νόμον
471 5274 788 5343 πεποιηκὼς
837 5273 927 5327 καὶ
979 5276 1361 5348 προσκυνήσας
1408 5271 1488 5345 τῷ
1521 5268 1707 5330 Δαϐίδ.
1740 5280 1917 5349 Πρασ-

248 5361 446 5435 ήγαγες
475 5362 575 5438 γὰρ
605 5364 668 5417 τὸ
717 5362 905 5439 ῥητὸν,
942 5361 1017 5424 ὡς
1071 5360 1306 5441 ὀφείλων
1355 5360 1707 5418 καταδικάσαι
1756 5363 1914 5418 αὐτὸν

1008 5580 1053 5614 ὀ
1083 5578 1236 5636 Psal.
1275 5596 1462 5649 LXXXI,
1500 5581 1547 5634 1.

1165 5651 1210 5687 ³⁸
1244 5651 1450 5708 Matth.
1491 5668 1567 5721 ιν,
1604 5654 1689 5708 10.

323 5579 369 5614 ¹⁹
398 5578 551 5634 Psal.
588 5595 818 5647 cxxxm,
848 5579 902 5634 8.

243 5666 369 5718 xxx,
400 5650 492 5706 21.
568 5651 613 5685 ³⁵
643 5652 718 5708 Ill
750 5652 890 5725 Reg.
924 5668 964 5720 ι,
994 5652 1084 5708 24.

322 5856 493 5931 (16⁶·)
524 5855 618 5912 Sic
648 5856 835 5914 Palat.
873 5855 935 5914 In
969 5858 1133 5930 prius
1163 5857 1337 5915 editis
1367 5858 1637 5933 quaedam
1670 5861 1905 5916 desunt.

1655 5582 1698 5617 ²¹
1733 5581 1911 5637 Exod.
1942 5596 2084 5647 χχιι,
2118 5581 2206 5633 28.

1766 5653 1811 5688 ’⁷
1844 5654 1863 5709 Ι
1893 5656 2018 5710 Cor.
2051 5668 2154 5723 xu,
2183 5651 2238 5707 3.

2030 4832 2207 4882 Deum
2268 4827 2510 4897 accedit,
2547 4844 2647 4897 per
2704 4825 2883 4880 alium
2945 4827 3218 4883 accedere
3279 4828 3349 4883 ad
3402 4828 3685 4900 Spiritum

2031 4923 2324 4970 sanctum.
2368 4915 2428 4969 Si
2478 4914 2662 4986 igitur
2707 4915 2987 4983 Spiritum
3035 4922 3306 4970 sanctum
3352 4919 3687 4982 adoravero,

2030 5022 2133 5076 per
2161 5022 2335 5077 quem
2367 5011 2422 5059 et
2452 5022 2485 5060 a
2516 5022 2630 5077 quo
2664 5006 2955 5060 adductus
2989 5006 3258 5061 accedam
3293 5006 3690 5063 adoraturus?

2030 5094 2176 5160 Quid
2210 5111 2311 5149 vos
2342 5094 2411 5147 ad
2463 5094 2625 5149 haec?
2676 5096 2733 5148 In
2782 5094 2884 5165 jus
2916 5098 2970 5148 te
3000 5094 3227 5149 vocabit
3279 5095 3502 5151 Nathan
3554 5112 3688 5168 pro-

2032 5186 2206 5256 pheta
2240 5184 2293 5237 in
2328 5182 2675 5252 diejudicii,
2712 5190 2774 5238 ut
2805 5184 2901 5254 qui
2937 5189 3138 5238 contra
3171 5184 3354 5255 legem
3392 5202 3505 5241 non
3539 5187 3686 5242 fece-

2030 5276 2125 5340 rit,
2151 5290 2284 5329 cum
2310 5273 2584 5329 Davidem
2611 5275 2898 5329 adoraret.
2928 5274 3154 5328 Dictum
3184 5276 3337 5328 enim
3365 5274 3505 5329 illud
3532 5281 3686 5331 attu-

2029 5364 2170 5432 listi,
2200 5369 2261 5418 ut
2298 5364 2494 5435 ipsum
2520 5363 2753 5417 videare
2786 5364 3276 5435 transgressionis
3299 5379 3462 5418 reum
3495 5380 3684 5437 agere.

2302 5579 2349 5613 ²²
2382 5579 2424 5633 ΙΙ
2454 5577 2583 5634 Cor.
2616 5594 2701 5644 Ill,
2740 5578 2824 5631 17.
2920 5578 2964 5611 ’⁸
2996 5578 3166 5636 Rom.
3198 5595 3239 5649 ι,
3271 5581 3363 5635 22.
3468 5580 3515 5614 ²⁴
3545 5579 3682 5636 Luc.

2090 5859 2283 5932 (16“)
2316 5852 2616 5915 Excidisse
2644 5856 2876 5914 videtur
2904 5852 3051 5939 περί.
3084 5858 3237 5916 Eurr.
