4104 6362
667 424 691 478 1
705 419 822 481 295

1835 415 1898 474 S.
1948 408 2472 473 ATHANASIUS.
2497 442 2576 455 —-
2607 413 2917 476 SPURIA.

3891 442 4017 505 1296

662 553 809 609 Nam
842 552 892 607 si
922 550 1020 608 ille
1048 549 1323 607 Davidem
1353 549 1704 616 adoraverit,
1735 553 1869 603 cum
1893 544 2176 617 scriptum
2204 541 2279 598 sit

2434 546 2917 642 παρανομήσαντα.
2973 548 3034 605 Εἰ
3082 548 3183 627 γὰρ
3233 548 3436 615 ἐκεῖνος
3483 558 3557 628 τῷ
3602 555 3754 617 Δαϐὶδ
3797 574 4016 642 προσεκύ-

664 664 693 693 ‹‹
730 641 1039 698 Dominum
1088 645 1273 696 Deum
1323 644 1494 694 tuum
1527 638 1820 705 adorabis,
1852 640 1909 692 et
1937 634 2023 689 illi
2058 632 2165 689 soli
2197 648 2319 687 ser-

659 732 846 788 vies”
875 748 888 787 :
926 752 954 781 »
987 736 1044 786 te
1093 734 1408 786 accusante
1444 745 1578 784 reus
1608 734 1699 784 est
1727 726 1953 783 violatae
2000 722 2167 796 legis.
2203 722 2320 776 Nos

662 838 834 895 porro
866 820 1211 893 prOphetam
1247 818 1490 874 minime
1522 819 1887 882 incusamus,
1920 813 2103 869 absit!
2141 811 2320 882 quin-

659 912 780 967 imo
822 928 890 967 ea
945 909 1320 982 potissimum
1372 908 1441 962 de
1492 924 1671 962 causa
1706 905 1994 978 Spiritum
2044 906 2318 957 sanctum

659 1002 912 1056 dicimus
943 997 1329 1054 adorandum.
1354 996 1554 1068 Neque
1585 997 1741 1051 enim
1775 993 2052 1050 Davidem
2085 991 2321 1046 adoras-

660 1096 751 1146 set
797 1087 1100 1162 propheta,
1134 1088 1183 1143 si
1225 1086 1450 1142 nudum
1508 1085 1809 1141 hominem
1860 1081 2214 1156 agnovisset.
2249 1081 2319 1133 At

659 1180 902 1235 edoctus
941 1177 1109 1233 illum
1141 1191 1270 1232 esse
1299 1175 1598 1231 Christum
1648 1173 1903 1238 Domini,
1938 1170 2064 1227 oleo
2113 1173 2317 1226 sancto

658 1270 970 1326 inunctum
1022 1266 1306 1323 adorabat
1358 1265 1547 1334 illum,
1591 1265 1663 1321 ob
1713 1265 1970 1337 Spiritus
2018 1260 2204 1317 sancti
2257 1258 2315 1314 in

657 1358 783 1416 oleo
815 1357 1158 1415 efﬁcaciam.

725 1541 781 1595 5.
813 1538 964 1604 Quid
1018 1553 1190 1610 porro
1237 1551 1428 1592 causae
1478 1537 1567 1590 est
1612 1533 1789 1605 quod,
1819 1552 1847 1583 ‹‹
1879 1530 2032 1587 sicut
2089 1528 2314 1601 aspidis

654 1628 848 1685 surdas
880 1632 937 1684 et
965 1625 1297 1682 obturantis
1343 1639 1515 1679 aures
1546 1639 1704 1690 suas,
1739 1639 1864 1693 quas
1896 1636 2012 1676 non
2043 1618 2314 1674 exaudiet

650 1734 851 1774 vocem
909 1715 1345 1772 incantantium
1388 1715 1455 1785 η,
1498 1735 1526 1763 >›
1576 1729 1709 1767 cum
1781 1709 2039 1766 audieris
2098 1708 2241 1763 illud
2295 1724 2308 1763 :

652 1830 681 1858 ‹‹
706 1807 1024 1863 Dominum
1046 1806 1231 1861 Deum
1264 1810 1432 1859 tuum
1464 1801 1739 1858 adorabis
1764 1819 1776 1868 ;
1804 1823 1831 1849 »
1854 1800 2008 1871 quod
2043 1798 2313 1870 sequitur

652 1913 772 1953 non
819 1895 1038 1953 audisti
1073 1910 1142 1950 :«
1176 1898 1242 1949 Et
1297 1892 1383 1948 illi
1442 1891 1549 1948 soli
1609 1889 1872 1947 servies?
1904 1889 1963 1943 Id
2024 1887 2307 1942 nimirum

655 1987 778 2058 agis
806 1990 874 2041 ut
902 2000 975 2041 ne
1004 1984 1211 2041 audias
1244 1999 1296 2038 :«
1318 1981 1437 2037 Soli
1470 1981 1758 2037 servies.»
1792 1977 1940 2034 Cui?
1974 1977 2203 2032 Patriae
2236 1992 2309 2031 an

656 2074 843 2132 Filio?
897 2074 1096 2146 Ecqua
1166 2072 1392 2128 ratione
1461 2071 1565 2127 soli
1620 2067 1823 2125 dices?
1853 2068 1912 2124 Si
1942 2067 2309 2123 Christianus

655 2180 742 2234 es,
775 2164 896 2220 aies
939 2164 1012 2219 ob
1061 2165 1282 2219 natura:
1328 2159 1717 2216 identitatem.
1753 2158 1914 2224 Quod
1966 2157 2014 2212 si
2066 2157 2306 2212 demon-

653 2259 876 2311 stretur
912 2253 1193 2326 Spiritum
1243 2255 1514 2307 sanctum
1564 2249 1827 2320 ejusdem
1880 2264 2009 2303 esse
2065 2250 2306 2311 naturae,

650 2344 798 2400 illud
831 2361 846 2399 :
875 2365 903 2395 «
936 2342 1251 2399 Dominum
1312 2340 1499 2396 Deum
1558 2344 1725 2394 tuum
1780 2336 2075 2404 adorabis,
2110 2341 2168 2392 et
2218 2334 2306 2390 illi

650 2433 759 2492 soli
802 2433 1042 2501 servies,
1065 2455 1088 2484 ι
1127 2432 1198 2487 de
1231 2431 1414 2499 Patre,
1448 2428 1592 2485 Filio
1623 2434 1680 2484 et
1710 2428 1929 2500 Spiritu
1982 2431 2184 2481 sancto
2216 2424 2302 2480 di-

647 2525 821 2594 citur,
853 2525 926 2579 ob
975 2526 1197 2577 naturae
1247 2519 1640 2575 identitatem.
1672 2518 1773 2573 Sin
1805 2516 2026 2583 minus,
2059 2515 2301 2586 cogeris,

647 2629 781 2669 cum
814 2614 886 2669 de
916 2611 1092 2668 unica
1121 2626 1369 2683 persona
1416 2608 1562 2663 illud
1595 2607 1849 2680 accipias
1885 2625 1948 2662 ;‹‹
1983 2606 2300 2661 Dominum

644 2708 829 2759 Deum
858 2708 1027 2758 tuum
1059 2700 1353 2766 adorabis,
1387 2702 1444 2754 et
1472 2696 1558 2751 illi
1589 2696 1698 2753 soli
1742 2696 1991 2763 servies;
2014 2716 2042 2749 η
2078 2701 2181 2750 aut
2209 2695 2299 2750 Fi-

642 2792 792 2848 lium
850 2790 1160 2863 repudiare
1218 2795 1319 2845 aut
1367 2788 1597 2842 Patrem
1653 2802 2004 2859 expungere.
2049 2785 2102 2840 Si
2162 2801 2300 2857 ergo

642 2882 1173 2939 commonstratum
1204 2876 1400 2954 fuerit,
1424 2876 1730 2949 Spiritum,
1765 2876 1862 2949 qui
1896 2892 1965 2931 ex
2000 2879 2168 2931 Patre
2199 2892 2302 2948 per

643 2972 858 3029 Filium
883 2969 1207 3037 efunditur,
1231 2967 1499 3039 ejusdem
1544 2982 1674 3021 esse
1715 2969 1939 3020 naturae
1971 2982 2037 3021 ac
2062 2964 2299 3020 deitatis

643 3065 819 3135 atque
848 3059 1031 3116 Filius
1063 3064 1120 3114 et
1167 3058 1355 3126 Pater,
1387 3072 1530 3111 sane
1578 3055 1914 3110 adorandus
1945 3070 2073 3109 esse
2103 3070 2171 3109 ac
2200 3070 2296 3109 co-

641 3150 854 3206 lendus
901 3148 1261 3205 ostendetur.
1295 3145 1451 3200 410
1494 3145 1770 3214 Ejusdem
1824 3160 1996 3216 porro
2046 3142 2299 3215 Spiritus

641 3239 851 3311 gratia,
885 3253 1014 3294 eam
1045 3236 1233 3308 ipsam
1265 3240 1541 3291 naturam
1591 3250 1659 3289 ex
1707 3232 1921 3289 divinis
1953 3231 2301 3288 conabimur

2430 651 2558 731 νησε
2616 631 2933 731 (γέγραπται
2995 634 3070 731 δές
3105 664 3130 691 ι(
3165 641 3347 731 Κυρίῳ
3388 647 3467 714 τῷ
3514 650 3629 720 Θεῷ
3673 671 3762 705 σου
3815 631 4011 731 προσκυ.

2428 721 2632 790 νήσεις,
2664 724 2752 816 καί
2801 725 2948 799 αύτῷ
3001 727 3150 802 μόνῳ
3201 728 3507 806 λατρεύσεις
3546 737 3622 809 ›)),
3650 741 3783 816 παρὰ
3822 721 3899 800 16v
3940 750 4012 804 νό-

2433 830 2532 906 μρν
2583 812 2849 883 πεποίηκε
2898 818 3034 872 κατὰ
3078 819 3179 888 τὴν
3221 820 3319 889 σὴν
3375 806 3733 900 κατηγορίαν..
3761 832 3922 906 Ἡμεῖς
3966 806 4039 894 δὲί

2429 897 2505 993 οὗ,
2533 909 2943 979 κατηγοροῦμεν
2987 912 3085 963 τοῦ
3128 912 3447 989 προφήτου·
3628 897 3849 993 γένοιτο-ί
3892 897 4011 981 ἀλλᾶ

2429 988 2518 1043 διὰ
2563 996 2723 1048 τοῦτο
2778 994 3013 1068 μάλιστα
3062 995 3292 1075 λέγομεν
3365 988 3722 1077 προσκυνητὸν
3778 1010 3830 1065 τὸ
3885 1015 4010 1088 ἅγιον

2428 1084 2667 1179 Πνεῦμα.
2692 1084 2905 1179 -Ούκλᾶν
2956 1087 3058 1179 γὰρ
3109 1093 3188 1161 τῷ
3236 1084 3403 1145 Δαϐὶδ
3453 1084 4008 1179 προσεκύνηοενὸπρο-

2426 1171 2629 1265 ιρήτης,
2744 1171 2921 1265 Δψιλὸν
2977 1178 3260 1254 ἄνθρωπον
3313 1180 3620 1256 ἐγίνωσκενο
3652 1183 3781 1242 ἀλλᾶ
3817 1171 4006 1265 Χριστὸν

2425 1259 2624 1357 Κυρίου
2681 1259 2957 1357 διδαχθεὶς
3013 1266 3170 1324 αὐτὸν
3231 1270 3384 1357 εἶναι,
3435 1270 3487 1326 ἐν
3534 1271 3691 1347 ἐλαίῳ
3730 1259 3864 1350 ἁγίῳ,
3900 1301 4005 1357 χρι.

2425 1347 2634 1417 σθέντα,
2668 1355 2983 1426 προσεκύνει
3034 1357 3192 1414 αὐτὸν
3247 1356 3336 1415 διὰ
3382 1362 3481 1431 τὴν
3531 1361 3580 1417 ἐν
3627 1368 3701 1437 τῷ
3738 1347 4009 1440 ἒλαίῳητοῦ

2423 1439 2561 1494 Πνεύ
2569 1461 2738 1513 ματος
2770 1442 3058 1522 ἐνέργειαν.

2490 1531 2545 1585 5.
2583 1533 2706 1619 Πῶς
2739 1529 2816 1601 δὲ,
2851 1557 2879 1587 ‹‹
2911 1535 3039 1591 ὡσεὶ
3071 1535 3295 1601 ἀσπίδος
3340 1547 3534 1619 κωφῆς
3578 1541 3665 1596 καὶ
3715 1542 3920 1618 βυούσης
3958 1546 4005 1601 τὰ

2422 1614 2535 1709 ᾦτα
2563 1618 2751 1692 αὐτῆς,
2784 1622 2907 1692 ἥτις
2939 1625 3038 1680 οὐκ
3063 1626 3433 1684 είσακούσεται
3465 1637 3645 1709 φωνῆς
3676 1614 3953 1703 ἐπᾴδοντος,
3986 1659 4001 1685 ι

2418 1707 2503 1774 τὸ,
2542 1730 2563 1757 ε
2594 1710 2776 1786 Κυρίῳ
2831 1717 2911 1785 τῷ
2968 1720 3083 1787 Θεῴ
3137 1737 3232 1771 σου
3286 1721 3690 1793 προσκυνήσεις,
3730 1743 3753 1774 ι
3797 1721 4003 1791 ἀκούσας,

2416 1800 2514 1850 τοῦ
2545 1797 2667 1868 ἑξῆς
2699 1799 2797 1854 οὐκ
2845 1801 3171 1873 ἐπήκουσας,
3202 1811 3319 1880 τοῦ,
3357 1831 3386 1859 ‹‹
3419 1808 3520 1866 Καὶ
3569 1808 3709 1881 αὐτῷ
3765 1809 3891 1883 μόνῳ
3926 1812 4003 1866 λα-

2417 1885 2692 1960 τρεύσεις;
2736 1914 2762 1941 »
2816 1896 2988 1948 Τοῦτο
3047 1891 3104 1949 δὲ
3154 1902 3353 1966 ποιεῖς,
3405 1895 3495 1953 ’ίνα
3555 1899 3629 1972 μὴ
3686 1898 3896 1974 ἀκούσῃς
3941 1900 4003 1972 τὸ,

2419 1998 2447 2026 ‹‹
2482 1975 2650 2051 Μόνῳ
2681 1977 3013 2057 λατρεύσεις,
3050 2009 3077 2036 ››
3110 1985 3261 2055 Τίνι;
3294 1991 3374 2060 τῷ
3407 1989 3598 2066 Πατρὶ,
3629 1989 3662 2058 ἢ
3694 1994 3766 2061 τῷ
3791 1989 4003 2061 ﬁgulis?

2417 2070 2554 2128 πῶς’
2611 2068 2762 2142 μόνῳ
2812 2071 2951 2146 ἐρεῖς
2996 2093 3009 2143 ;
3062 2075 3183 2132 Ἐὰν
3233 2075 3301 2151 ᾖς
3348 2079 3687 2151 Χριστιανὸς,
3734 2077 3808 2133 ὅτι
3853 2075 3925 2132 διὰ
3960 2079 4004 2132 τὸ

2415 2156 2608 2211 ταυτὸν
2631 2165 2732 2228 τῆς
2768 2160 2996 2236 φύσεως.
3029 2164 3151 2219 Ἐὰν
3205 2163 3404 2242 δειχθῇ
3456 2166 3551 2222 οῦν
3599 2168 3685 2223 καὶ
3731 2168 3789 2223 τὸ
3834 2169 4004 2240 Πνεῦμα

2412 2249 2513 2313 τῆς
2563 2244 2730 2317 αὐτῆς
2776 2248 3007 2327 φύσεως,
3039 2251 3124 2319 τὰ,
3159 2278 3185 2305 ‹‹
3235 2255 3423 2328 Κυρίῳ
3468 2261 3548 2330 τῷ
3597 2260 3710 2329 Θεῷ
3757 2277 3841 2310 σου
3881 2276 4002 2330 προσ·

2413 2338 2686 2409 κυνήσεις,
2718 2339 2808 2394 καὶ
2859 2340 3006 2414 αύτῷ
3060 2343 3212 2417 μόνῳ
3259 2345 3590 2419 λατρεύσεις,
3635 2372 3661 2398 n
3712 2343 3897 2421 ΙΙατὲρα
3936 2344 4001 2399 καὶ

2413 2426 2560 2499 Υἰὸν,
2609 2428 2699 2482 καὶ
2758 2431 2907 2505 ἅγιον
2966 2434 3186 2506 Πνεῦμα
3244 2434 3418 2511 λέγει,
3471 2434 3559 2491 διὰ
3618 2437 3677 2491 τὸ
3718 2435 3890 2491 ταυτὸν
3928 2440 4001 2502 τῆς

2412 2514 2637 2601 φύσεως.
2675 2517 2737 2571 El
2788 2515 2846 2573 δὲ
2898 2520 2997 2590 μή,
3031 2523 3414 2600 ἀναγκασθήσῃ
3464 2525 3550 2581 ἐπὶ
3601 2525 3714 2588 ἑνὸς
3759 2524 3999 2601 προσώπου

2413 2600 2830 2681 δεχόμενος,τῷ
2863 2611 3021 2683 (17)‹‹
3048 2612 3231 2688 Κυρίῳ
3261 2618 3342 2687 τῷ
3372 2621 3492 2687 Θεῷ
3525 2637 3619 2670 σου
3649 2600 4000 2691 προσκυνήσεις,

2408 2696 2498 2748 καὶ
2547 2694 2695 2769 αὐτῴ
2746 2698 2899 2771 μόνῳ
2940 2697 3272 2776 λατρεύσεις,
3306 2730 3333 2755 ››
3386 2706 3421 2773 ἢ
3474 2706 3565 2759 τὸν
3615 2704 3731 2759 Υῖὸν
3779 2699 3998 2777 παρακού-

2409 2786 2619 2852 σασθαι,
2651 2786 2687 2855 ἢ
2736 2787 2828 2841 τὸν
2880 2790 3090 2866 Πατέρα
3135 2792 3611 2869 παραγράψασθαι.
3646 2793 3759 2850 Ἐὰν
3797 2792 3877 2847 οὗν
3920 2786 3999 2844 δει-

2408 2878 2521 2949 χθῇ
2578 2881 2677 2945 τῆς
2731 2874 2899 2946 αὐτῆς
2949 2879 3079 2933 εἶναι
3140 2880 3350 2958 φύσεως
3397 2882 3487 2937 καὶ
3523 2882 3771 2953 θεότητος
3805 2884 3874 2953 τῷ
3916 2879 3997 2949 Υἷῷ

2406 2964 2493 3019 καὶ
2546 2969 2624 3036 τῷ
2676 2964 2865 3041 Πατρὶ,
2896 2967 2985 3021 καὶ
3035 2968 3098 3022 τὸ
3148 2974 3368 3043 Πνεῦμα
3414 2972 3477 3026 τὸ
3527 2971 3578 3042 ἐξ
3624 2970 3780 3026 αὐτοῦ
3805 2972 3889 3024 τοῦ
3916 2972 3996 3021 Πα-

2405 3054 2533 3128 τρὸς
2585 3051 2674 3108 διὰ
2727 3060 2825 3109 τοῦ
2882 3056 3010 3110 Υἱοῦ
3078 3056 3327 3135 ἐκχυθὲν,
3389 3062 3481 3116 καὶ
3537 3058 3885 3138 προσκυνητὸν
3932 3053 3997 3109 καὶ

2408 3140 2699 3217 λατρευτὸν
2756 3143 3237 3221 ἀποδειχθήσεται,
3296 3150 3673 3228 Πειρασόμεθα
3725 3146 3777 3204 δὲ
3821 3146 3898 3201 σὺν
3941 3142 4000 3198 εὖ·

2411 3233 2593 3305 μενείᾳ
2673 3233 2838 3288 αὐτοῦ
2917 3241 3015 3290 τοῦ
3093 3239 3408 3310 Ιῐνεύματος
3469 3238 3633 3312 δεῖξαι
3706 3237 3886 3305 ταυτὴν
3927 3233 3999 3299 τήν

642 3327 897 3384 oraculis
949 3325 1265 3382 declarare.
1310 3324 1381 3379 Et
1425 3339 1561 3377 vero
1615 3322 1761 3377 illud
1799 3338 1811 3377 :
1845 3343 1871 3375 α
1900 3321 2081 3377 Nemo
2138 3322 2295 3376 enim

2411 3320 2565 3400 φύσιν
2600 3320 2658 3377 ἐκ
2684 3327 2790 3378 τῶν
2824 3323 2981 3388 θείων
3031 3324 3257 3400 λογίων.
3294 3329 3390 3383 Καὶ
3423 3330 3511 3400 τὸ,
3544 3353 3572 3382 ‹‹
3604 3326 3787 3390 Οὐδεὶς
3813 3326 3899 3402 γὰρ
3934 3318 4001 3374 35-

642 3420 839 3488 potest
867 3415 1060 3471 dicere
1091 3413 1401 3469 Dominum
1430 3412 1658 3476 Jesum,
1684 3411 1795 3465 nisi
1829 3410 1884 3465 in
1909 3410 2128 3483 Spiritu
2162 3427 2299 3466 san-

642 3512 815 3572 cto,»
868 3503 1016 3560 nihil
1074 3495 1283 3575 probat
1340 3505 1544 3557 contra
1598 3500 1996 3556 adorationem
2046 3500 2300 3572 Spiritus

642 3595 851 3651 sancti.
874 3593 1038 3648 Sicut
1065 3592 1221 3649 enim
1250 3606 1380 3647 cum
1409 3592 1605 3663 ipsum
1632 3589 1816 3645 Deum
1845 3589 2065 3644 Patrem
2089 3590 2147 3643 in
2169 3589 2297 3660 Spi-

642 3684 758 3739 ritu
801 3688 859 3739 et
905 3681 1152 3738 veritate
1204 3681 1541 3744 adoramus,
1571 3694 1686 3733 non
1735 3676 2102 3733 excludimus
2150 3678 2299 3732 veri-

639 3773 780 3829 tatis
837 3771 1262 3838 adorationem,
1314 3768 1417 3825 sed
1477 3768 1701 3824 scimus
1749 3768 2050 3823 veritatem
2103 3766 2298 3838 ipsum

642 3878 771 3919 esse
818 3860 1055 3928 Filium,
1091 3866 1261 3929 atque
1290 3858 1349 3912 in
1379 3857 1602 3929 Spiritu
1633 3864 1689 3912 et
1717 3857 1958 3912 veritate
1988 3856 2302 3912 adorantes

641 3950 848 4021 Deum,
872 3952 1192 4005 adoramus
1221 3947 1413 4019 ipsam
1445 3946 1778 4015 veritatem;
1811 3945 1896 4001 ita
1924 3949 1981 4000 et
2017 3943 2295 4017 Spiritum

643 4042 979 4107 adoramus,
1017 4036 1518 4110 quemadmodum
1563 4039 1622 4091 et
1669 4034 1996 4091 veritatem.
2032 4036 2193 4101 Quod
2226 4034 2298 4107 si,

643 4130 922 4203 quoniam
955 4129 1011 4183 in
1036 4126 1259 4199 Spiritu
1293 4127 1632 4195 adoramus,
1650 4124 1778 4180 ideo
1803 4141 1917 4180 non
1942 4125 2153 4180 adoras
2174 4125 2301 4196 Spi-

641 4220 820 4275 ritum
843 4235 855 4273 :
879 4222 935 4273 et
954 4215 1311 4288 si,quoniam
1336 4214 1396 4269 in
1413 4214 1656 4271 veritate
1676 4214 2014 4283 adoramus,
2029 4230 2143 4271 non
2166 4216 2302 4270 ado~

638 4326 737 4366 ras
766 4310 1093 4374 veritatem,
1117 4305 1539 4377 arbitrarisque
1588 4304 1774 4361 minui
1825 4305 2079 4377 Spiritus
2109 4306 2298 4361 sancti

638 4398 1173 4474 dignitatem,quod
1198 4396 1260 4452 in
1285 4396 1415 4469 ipso
1437 4395 1647 4451 Filium
1674 4397 1985 4452 Dominum
2008 4412 2137 4452 esse
2157 4413 2296 4452 con-

638 4491 932 4555 ﬁteamur,
969 4487 1201 4542 minues
1232 4490 1383 4542 certe
1412 4489 1469 4541 et
1499 4484 1686 4541 Patris
1711 4483 2083 4557 dignitatem,
2108 4485 2296 4556 siqui-

637 4580 771 4635 dem
804 4601 832 4628 «
866 4593 1037 4633 nemo
1067 4575 1223 4632 venit
1256 4575 1327 4630 ad
1362 4574 1595 4640 Filium,
1630 4573 1746 4629 nisi
1779 4588 1953 4645 quem
1988 4577 2161 4628 Pater
2190 4589 2298 4628 cce-

636 4666 804 4724 lestis
832 4666 1093 4723 traxerit
1117 4662 1189 4721 ad
1236 4664 1434 4737 ipsum
1459 4664 1522 4717 3°.
1549 4684 1578 4713 «
1611 4661 1730 4717 Hoc
1760 4661 1915 4716 enim
1946 4661 2003 4715 in
2037 4662 2293 4734 Evange-
2330 4683 2374 4748 ι)

637 4758 717 4814 lio
747 4759 1036 4829 scriptum
1076 4761 1167 4811 est
1198 4771 1211 4808 :
1247 4752 1681 4826 Apostolusque
1725 4751 1942 4805 clamat
1975 4765 1989 4804 :
2020 4773 2040 4799 α
2078 4750 2294 4807 Fidelis

637 4847 815 4914 Deus,
848 4862 950 4918 per
978 4861 1154 4917 quem
1183 4843 1372 4900 vocati
1398 4842 1541 4898 estis
1562 4844 1634 4897 ad
1659 4840 2135 4896 communionem
2162 4840 2293 4897 Filii

640 4936 769 5008 ejus
795 4938 861 4993 ³ί.
905 4960 925 4984 ι
961 4934 1030 4990 Et
1080 4933 1249 4989 Pater
1302 4931 1429 5005 ipse
1487 4930 1544 4984 in
1604 4928 1905 5001 prophetis
1963 4930 2033 4986 ad
2091 4929 2291 5002 ipsum

638 5025 781 5083 dicit
825 5024 1033 5081 Filium
1070 5040 1141 5079 :«
1175 5023 1318 5077 Ecce
1369 5018 1643 5093 proselyti
1693 5018 1762 5073 ad
1808 5021 1866 5073 te
1910 5018 2145 5076 venient
2190 5036 2293 5094 per

639 5132 734 5173 me
752 5116 820 5170 ⁸³.
844 5136 872 5166 η
906 5113 1067 5179 Quod
1102 5113 1151 5167 si
1184 5128 1287 5184 per
1324 5109 1557 5165 Patrem
1609 5109 1678 5165 ad
1734 5108 1945 5164 Filium
1990 5126 2289 5180 vocamur,

637 5222 755 5262 non
783 5204 1000 5261 idcirco
1032 5202 1323 5273 dignitate
1365 5199 1557 5254 minor
1604 5203 1693 5254 est
1739 5197 1994 5269 Spiritus
2023 5205 2286 5257 sanctus.

634 5292 1095 5360 Introducimur,
1158 5290 1264 5356 ais,
1325 5287 1544 5360 Spiritu
1599 5305 1611 5343 :
1661 5286 1788 5359 lege
1846 5287 2174 5359 Scripturas
2233 5295 2290 5345 et

633 5384 793 5441 disce
824 5381 1003 5455 quod,
1029 5377 1530 5453 quemadmodum
1554 5393 1655 5449 per
1686 5376 1913 5431 Patrem
1947 5377 2020 5432 ad
2057 5377 2285 5449 Filium,

632 5474 712 5529 ita
743 5489 846 5546 per
875 5470 1087 5527 Filium
1120 5470 1190 5525 ad
1229 5468 1477 5523 Patrem.
1512 5466 1664 5521 Sunt
1703 5465 1861 5519 enim
1896 5465 2035 5535 haec,
2065 5467 2148 5522 uti
2181 5484 2286 5522 su-

633 5578 741 5635 pra
768 5562 992 5619 dictum
1042 5564 1152 5625 est,
1181 5557 1497 5630 reciproca.
1531 5553 2037 5621 Quemadmodum
2087 5554 2286 5628 itaque

2408 3430 2562 3465 ναται
2592 3410 2757 3466 εἰπεῖν
2794 3411 2986 3488 Κύριον
3019 3414 3231 3484 Ἰησοῦν
3266 3416 3312 3471 εἰ
3357 3419 3437 3489 μή
3472 3417 3522 3473 ἐν
3559 3410 3997 3490 Πνεύματιᾶγίψ,³
4038 3408 4039 3413 η

2409 3499 2472 3553 οὐ
2515 3500 2651 3554 κατά
2695 3507 2794 3570 τῆς
2847 3501 2944 3556 τοῦ
2994 3502 3303 3576 Πνεύματός
3356 3505 3469 3562 ἐστι
3511 3506 3920 3585 προσκυνήσεως.
3944 3490 4039 3556 ὩςῙ

2406 3589 2509 3664 γὰρ
2566 3590 2727 3644 αὐτὸν
2781 3590 2873 3645 τὸν
2930 3591 3057 3647 Θεὸν
3112 3593 3324 3670 Πατέρα
3371 3594 3423 3650 ἐν
3476 3596 3744 3670 Πνεύματι
3790 3586 4004 3652 καὶάλη·

2409 3676 2523 3748 θείᾳ
2596 3684 3041 3754 προσκυνοῦντες,
3102 3681 3202 3737 οὐκ
3278 3685 3684 3760 ἀποστεροῦμεν
3748 3688 3841 3751 τῆς
3904 3674 4005 3742 ﬁn-

2408 3766 2551 3829 θείας
2599 3769 2699 3837 τήν
2750 3769 3141 3844 προσκύνησιν,
3177 3771 3303 3828 ἀλλ’
3352 3773 3530 3848 ἴσμεν,
3572 3773 3654 3829 ὅτι
3708 3769 3854 3830 αὐτός
3900 3765 4006 3819 ἐστίν

2410 3858 2438 3912 6
2498 3858 2620 3920 Υἱὸς
2678 3860 2712 3928 ἡ
2773 3859 3027 3930 ἀλήθεια,
3087 3862 3177 3917 καὶ
3232 3861 3284 3917 ὲν
3347 3864 3624 3938 Πνεύματι
3680 3861 3765 3917 καὶ
3821 3850 4005 3925 ἀληθείὲ

2408 3952 2831 4022 προσκυνοῦντες
2864 3951 2952 4004 τὸν
2985 3951 3133 4021 Θεὸν,
3167 3959 3579 4027 προσκυνοῦμεν
3628 3953 3725 4022 τήν
3774 3947 4003 4016 ἀλήθειαν·

2409 4036 2553 4091 οὕτω
2585 4036 2652 4106 δὴ
2686 4039 2774 4093 καὶ
2815 4040 2876 4094 τὸ
2926 4045 3145 4115 Πνεῦμα
3192 4047 3629 4118 προσκυνοῦμεν,
3667 4042 3737 4103 ὡς
3775 4037 3864 4105 τὴν
3904 4028 4009 4097 ἀλή·

2409 4127 2575 4184 θειαν.
2611 4128 2673 4184 Εἰ
2733 4126 2811 4200 δὲ,
2847 4128 3033 4198 ἐπειδὴ
3076 4114 3144 4185 νέν
3206 4114 3483 4206 Πνεύματι
3514 4114 3934 4208 προσκυνοῦμεν,
3962 4114 4009 4170 οὐ

2406 4222 2726 4291 προσκυνεῖς
2773 4218 2836 4273 τὸ
2886 4224 3122 4292 Πνεῦμα,
3154 4220 3244 4275 καὶ
3303 4220 3494 4292 ἐπειδὴ
3529 4221 3581 4277 ἐν
3614 4216 3832 4289 ἀληθείᾳ
3872 4225 4006 4284 προσ·

2406 4311 2696 4379 κυνοῦμεν,
2730 4306 2791 4361 ού
2849 4314 3170 4384 προσκυνεῖς
3224 4312 3324 4379 τήν
3383 4311 3666 4383 ἀλήθειαν,
3698 4306 3781 4363 καὶ
3810 4297 4009 4375 νομίζεις

2408 4388 2465 4447 δὲ
2521 4393 2871 4460 ἐλαττοῦσθαι
2926 4399 3026 4467 τὴν
3066 4403 3163 4453 τοῦ
3194 4382 3510 4473 Πνεύματος
3562 4399 3727 4471 ἀξίαν,
3760 4388 3926 4454 ἐπειδῆ
3969 4382 4009 4436 ἐν

2406 4482 2553 4555 αὐτῷ
2581 4484 2671 4538 τὸν
2724 4485 2845 4540 Υἱὸν
2895 4487 3093 4563 Κύριον
3145 4487 3553 4566 ὁμολογοῦμεν
3586 4486 3887 4545 ἐλαττώσεις
3930 4474 4012 4549 ἄρα

2403 4572 2491 4626 καὶ
2549 4574 2648 4641 τὴν
2697 4579 2794 4628 τοῦ
2844 4576 3057 4651 Πατρὸς
3104 4577 3273 4650 ἀξίαν,
3308 4577 3498 4649 ἐπειδὴ
3534 4604 3562 4631 κ
3603 4575 3771 4636 οὐδεὶς
3824 4567 4008 4643 ἔὲλίται

2405 4661 2542 4736 πρὸς
2587 4664 2678 4717 τὸν
2738 4664 2887 4736 Υἱὸν,
2919 4664 3003 4720 ἐὰν
3041 4668 3118 4739 μὴ
3170 4668 3198 4721 6
3250 4670 3437 4745 Πατὴρ
3472 4671 3500 4724 ὁ
3552 4667 3791 4742 οὐράνιος
3843 4651 4039 4745 ἓλκῦπι,

2405 4750 2561 4806 αὐτὸν
2595 4752 2730 4828 πρὸς
2764 4752 2943 4810 αὐτόν.
2980 4780 3007 4806 ››
3040 4738 3212 4811 Τοῦτο
3242 4759 3348 4835 γὰρ
3381 4738 3433 4814 ἐν
3484 4762 3564 4831 τῷ
3608 4738 3903 4828 Εὐαγγελίῳ

2403 4860 2660 4916 γραπται·
2719 4842 2808 4897 καὶ
2857 4846 2884 4898 6
2924 4829 3280 4910 νἈπόστολος
3320 4829 3466 4923 βοᾷ·
3515 4829 3547 4899 (ξ
3574 4843 3762 4903 Πιστὸς
3808 4838 3833 4892 6
3884 4829 4010 4923 96543

2404 4927 2474 4985 δι’
2505 4932 2571 4985 οὗ
2616 4930 2887 5003 ἐκλήθητε
2934 4933 3010 4996 εἰς
3057 4913 3352 4991 κοινωνίαν.
3377 4913 3477 4993 τοῦ
3508 4938 3631 4992 Υἱοῦ
3660 4932 3827 4989 αὐτοῦ.
3859 4946 3885 4973 υ
3922 4913 4006 5003 Καὶ

2401 5018 2564 5082 αὐτὸς
2614 5021 2641 5074 ὁ
2688 5023 2876 5098 Πατὴρ
2927 5020 2980 5076 ἐν
3024 5027 3142 5086 τοῖς
3192 5027 3525 5103 προφήταις,
3560 5023 3687 5098 πρὸς
3736 5010 3876 5070 αὐτὸν
3929 5002 4011 5058 τὸν

2401 5109 2525 5162 Υἱὸν
2582 5108 2766 5186 λέγει’
2821 5135 2849 5161 ‹‹
2910 5109 3051 5166 Ἰδοὺ
3129 5112 3473 5188 προσήλυτοι
3544 5107 3879 5168 διελεύσονται
3935 5110 4006 5188 ξιξι

2401 5194 2471 5251 δι’
2502 5178 2669 5271 ἐμοῦ..
2701 5206 2730 5251 ἱ)
2763 5199 2822 5255 Εἰ
2857 5197 2916 5254 δὲ
2942 5201 3033 5255 καὶ
3083 5178 3306 5257 διὸιῡτοῦ⁷
3352 5206 3562 5282 Πατρὸς
3604 5196 3729 5275 πρὸς
3772 5189 3878 5282 τὸν,
3903 5178 4006 5235 Υἱὸν

2398 5285 2736 5361 καλούμεθα,
2787 5289 2883 5344 οὐκ
2925 5289 3277 5357 ἐλαττοῦσθαι
3311 5270 3590 5370 (17⁸)’ἅρα
3636 5270 3816 5343 τούτου
3856 5270 4006 5370 ἕνεκεν

2396 5379 2494 5445 τῆς
2528 5357 2675 5447 ἀξίας
2704 5357 2768 5433 τὸ
2801 5384 3038 5453 Πνεῦμα.
3058 5357 3456 5459 Προσαγόμεθά
3483 5357 3565 5456 τίξ)
3590 5357 4009 5459 Πνεύματι.Ἀνά;

2395 5468 2561 5541 γνωθι
2618 5467 2713 5528 τὰς
2775 5448 2984 5547 Γραφᾶς
3044 5448 3134 5525 καὶ
3199 5448 3356 5545 μάθε,
3407 5448 3749 5540 ὅτι,’ὥσπερ
3804 5456 3885 5547 δξά
3931 5448 4009 5547 τίξῦ

2396 5538 2607 5631 Πατρδς
2656 5538 2941 5631 πρὸξ-δέη
2998 5559 3143 5630 Υἳὸν,
3194 5538 3281 5616 καὶ
3333 5538 3422 5617 εισι
3466 5538 3568 5615 τεο
3607 5538 3731 5610 nos
3758 5544 3885 5627 πρὸς
3933 5538 4007 5593 τὸν

707 5668 753 5702 ³⁸
787 5668 951 5723 Deut.
981 5684 1059 5735 v1,
1094 5666 1182 5721 13.
1258 5665 1305 5699 ³⁸
1333 5662 1495 5719 Hsal.
1530 5678 1662 5728 LVII,
1694 5662 1751 5733 5,
1780 5661 1834 5715 6.
1911 5661 1956 5696 ³ο
1982 5661 2149 5718 Joan.
2186 5679 2266 5731 v1,

2467 5664 2512 5700 ³¹
2542 5664 2563 5719 I
2595 5668 2721 5722 Cor.
2756 5683 2795 5735 ι,
2827 5668 2881 5723 9.
2958 5667 3003 5703 ³³
3032 5669 3146 5725 Isa.
3181 5687 3296 5741 uv,
3330 5673 3416 5730 15.

711 5772 820 5846 (l7)
851 5771 1019 5828 Forte
1045 5770 1159 5843 leg.
1182 5765 1484 5845 δεχόμενος
1511 5766 1575 5821 τὸ
1607 5762 1814 5843 Κυρίῳ,
1837 5769 1948 5823 etc.
1975 5771 2074 5824 En.
2097 5771 2274 5826 Pura.

2459 5769 2594 5844 (17')
2629 5771 2772 5846 Lege
2800 5769 3139 5832 ἐλαττοῦται.
3177 5776 3351 5837 IDEM.
