4104 6388
133 406 288 464 1297

127 538 368 609 Πατέρα.
423 535 790 615 Ἀντιστρέφει
859 539 984 613 γὰρ,

122 633 209 687 Ὠς
266 626 358 680 οὖν
423 624 513 680 διὰ
545 630 642 681 105
701 628 913 701 ΙΙατρός
973 627 1106 698 πρὸς
1153 627 1244 681 τὸν
1288 629 1432 694 Υἱὸν,
1468 628 1638 689 οὕτως
1700 625 1786 681 διὰ

121 720 222 771 105
284 716 498 790 ΙΙατρὸς
555 715 644 770 καὶ
703 721 800 770 105
859 717 985 770 Υἱοῦ
1064 717 1200 791 πρὸς
1277 719 1337 771 τὸ
1419 722 1650 790 Πνεῦμα.
1711 717 1784 772 Οὐ

122 806 225 881 γὰρ
315 806 582 881 πρότερον
665 806 1042 875 ἐνοικήσαντος
1129 812 1244 868 τοῖς
1302 806 1632 868 ἀποστόλοις
1692 812 1787 860 105

122 895 364 971 ΙΙατρὸς,
401 894 650 969 ἐγνώσθη
686 897 712 949 ὁ
746 894 889 954 Υἱός·
925 894 1069 949 ἀλλὰ
1099 895 1360 970 πρότερον
1405 895 1577 950 αὐτῶν
1628 896 1786 971 γνόν-

315 804 582 882 πρότερον
665 805 1042 875 ἐνοικήσαντος

118 1005 229 1039 των
278 985 371 1038 τὸν
425 985 562 1055 Υἱὸν,
624 984 712 1038 καὶ
777 984 1243 1057 μαθητευθέντων.
1307 986 1393 1039 καὶ
1452 984 1786 1040 ἀποσταλέν-

117 1095 229 1128 τωι
283 1072 382 1128 δύο
445 1072 562 1141 δύο,
611 1075 686 1135 ὡς
735 1074 1056 1150 γέγραπται,
1107 1075 1195 1129 καὶ
1245 1078 1556 1153 γραφέντων
1610 1074 1784 1129 αὐτῶν

116 1169 221 1218 νῶν
287 1163 575 1236 ὀνομάτων
629 1162 680 1216 ἐν
731 1169 845 1224 τοῖς
899 1163 1173 1239 οὐρανοῖς,
1227 1165 1316 1218 καὶ
1349 1164 1782 1233 καταξιωθέντων

114 1260 218 1322 τῆς
281 1253 429 1314 θείας
490 1252 768 1314 Θεοπτείας
831 1251 879 1307 ἐν
1073 1253 1302 1324 ἀπτασίᾳ
1375 1261 1476 1322 τῆς
1559 1254 1784 1308 ἀναστά-

117 1365 285 1411 σεως,
343 1342 467 1397 τότε
531 1339 745 1395 δέδοται
789 1341 973 1403 αὐτοῖς
1021 1343 1083 1396 τὸ
1144 1345 1366 1414 ΙΙνεῦμα
1397 1345 1456 1397 τὸ
1489 1345 1640 1417 ἅγιον
1676 1343 1782 1396 ἀπὸ

109 1437 213 1486 105
248 1437 407 1500 Θεοῦ,
457 1428 792 1505 ὁδηγοῦντος
845 1431 1036 1491 αὐτοὺς
1085 1432 1220 1506 πρὸς
1273 1434 1370 1501 την
1403 1437 1498 1486 105
1533 1432 1778 1504 Ιινεύμα-

110 1542 210 1582 τος
249 1523 436 1597 χάριν.
498 1519 598 1576 Καὶ
661 1519 841 1596 ὥσπερ
895 1518 1144 1596 λέγοντες
1204 1521 1394 1596 Κύριον
1433 1523 1662 1592 Ἰησοῦν.
1724 1520 1781 1575 ἐκ

108 1617 220 1679 τῆς
284 1607 507 1686 ὁδηγίας
565 1609 730 1664 αὐτοῦ
788 1615 884 1664 105
945 1609 1260 1682 ΙΙνεύματος
1334 1616 1496 1666 10510
1568 1612 1778 1684 γνόντες

1208 406 1521 467 CONTRA
1567 403 1962 464 MACEDON.
2015 405 2406 467 DlALOGUS
2451 407 2502 466 1.

1071 539 1250 600 καθὼς
1323 534 1771 614 προαποδέδοται.

1900 555 2003 611 per
2032 539 2261 595 Patrem
2296 542 2364 596 ad
2400 541 2630 608 Filium,
2661 542 2744 598 ita
2777 560 2876 615 per
2892 543 3118 600 Patrem
3150 550 3208 600 et
3238 546 3444 602 Filium
3483 548 3556 602 ad

3403 414 3432 473 1
3443 415 3562 473 298

1899 630 2203 702 Spiritum.
2238 630 2436 701 Neque
2467 631 2622 686 enim
2659 632 2821 703 prius
2855 634 2912 687 in
2955 635 3236 704 apostolis
3268 635 3554 692 habitavit

1900 721 2062 775 Pater
2106 738 2278 790 quam
2334 721 2410 775 sit
2455 722 2690 793 agnitus
2739 723 2962 791 Filius;
2997 725 3098 778 sed
3149 742 3283 779 eum
3342 725 3552 782 Filium

1900 811 2064 881 prius
2095 811 2525 881 cognovissent,
2555 827 2688 865 cum
2720 813 2906 866 edocti
2942 829 3006 867 ac
3039 813 3160 868 bini
3209 815 3373 870 missi
3408 817 3551 872 fuis-

1900 900 2141 966 sent,uti
2177 901 2462 970 scriptum
2484 906 2591 967 est;
2626 917 2759 955 cum
2792 918 2994 956 eorum
3029 903 3270 958 nomina
3301 903 3360 958 in
3391 905 3550 960 caelis

1899 990 2114 1059 scripta
2147 990 2433 1056 fuissent;
2466 1007 2598 1045 cum
2635 991 2692 1045 in
2729 990 2949 1047 visione
2981 993 3426 1048 resurrectionis
3458 995 3550 1049 di-

1898 1079 2027 1132 vino
2060 1084 2374 1149 conspectu
2408 1079 2563 1148 digni
2593 1079 2774 1134 habiti
2798 1081 3203 1150 fuissent,tum
3237 1082 3408 1137 datus
3433 1083 3549 1139 illis

1897 1168 2007 1222 fuit
2035 1168 2288 1238 Spiritus
2322 1174 2561 1223 sanctus
2594 1187 2626 1223 a
2668 1169 2805 1235 Deo,
2856 1169 3260 1225 introducente
3309 1171 3441 1227 illos
3473 1174 3545 1227 ad

1892 1257 2144 1327 Spiritus
2173 1258 2440 1326 gratiam.
2476 1263 2542 1312 Et
2574 1259 3070 1328 quemadmodum
3099 1260 3416 1315 Dominum
3449 1261 3547 1316 Je-

1893 1361 2025 1399 sum
2059 1345 2338 1413 dicentes,
2372 1345 2625 1416 Spirltus
2656 1347 2844 1400 sancti
2878 1347 3078 1412 ductu,
3112 1347 3168 1400 id
3201 1347 3368 1418 gnari
3399 1347 3544 1402 diei-

1893 1435 2136 1503 mus,ita
2163 1452 2194 1487 ει
2226 1433 2367 1488 Filio
2399 1435 2469 1488 ad
2503 1433 2756 1505 Spiritus
2790 1434 3053 1490 notitiam
3087 1435 3319 1490 deducti
3353 1435 3544 1508 bapti-

1890 1523 2000 1578 zati
2017 1540 2224 1577 sumus
2244 1523 2299 1576 in
2319 1523 2543 1577 Patrem
2569 1522 2846 1578 etFilium
2866 1529 2924 1578 et
2943 1524 3229 1594 Spiritum
3246 1529 3541 1580 sanctum:

1889 1611 2178 1666 revelante
2207 1612 2432 1666 scilicet
2467 1611 2605 1667 Filio
2638 1611 3027 1667 initiationem
3061 1613 3131 1666 ad
3164 1612 3468 1682 Spiritum.

108 1700 441 1773 εἰρήκαμενο
476 1695 648 1760 οὕτως
685 1696 1052 1773 ὁδηγούμενοι
1085 1701 1230 1774 παρὰ
1261 1705 1355 1752 105
1414 1701 1544 1753 Υἰοῦ
1595 1700 1668 1762 εἰς
1723 1700 1819 1767 τὴν
1870 1703 1967 1752 105
2023 1697 2338 1770 Πνεύματος
2370 1699 2588 1774 γνὼσιν,
2624 1692 3026 1772 ἐϐαπτίσθημεν
3060 1699 3135 1760 εἰς
3182 1699 3413 1773 Πατέρα,
3452 1700 3540 1754 καὶ

107 1790 239 1843 Υὶὸν
270 1789 360 1842 καὶ
396 1789 549 1863 ἅγιον
586 1793 822 1860 Ilva-5111'
860 1785 1119 1858 δηλονότι
1156 1789 1608 1863 ἀποκαλύψαντος
1641 1794 1738 1843 105
1774 1789 1898 1842 Υἱοῦ
1929 1789 2025 1856 τὴν
2063 1788 2136 1849 εἰς
2167 1789 2230 1842 τὸ
2263 1792 2480 1860 ΙΙνεῦμα
2511 1788 2914 1863 μυσταγωγίαν.

186 1879 241 1932 6.
275 1879 401 1940 Ιῐῶς
436 1874 494 1932 δὲ
525 1877 585 1932 o5
617 1876 793 1941 θέλεις
845 1884 1260 1954 προσκυνεῖσθαι
1317 1880 1377 1933 τὸ
1440 1881 1659 1951 ΙΙνευμα
1715 1881 1771 1933 τὸ

1955 1881 2008 1934 6.
2041 1881 2154 1934 Cur
2184 1883 2380 1934 autem
2418 1879 2568 1934 nolis
2619 1880 2850 1935 adorari
2901 1880 3186 1951 Spiritum
3240 1885 3536 1949 sanctum,

107 1969 294 2042 ἅγιον,
347 1966 422 2028 εἷς
476 1965 506 2021 ὅ
563 1962 930 2038 ἐϐαπτίσθηςε
979 1968 1037 2021 Τί
1084 1969 1185 2042 γὰρ
1233 1969 1334 2040 ἄρα
1395 1967 1578 2041 μεῖζόν
1637 1968 1770 2036 ἐστι,

106 2056 490 2131 προσκύνησις
521 2058 556 2126 ἢ
594 2058 910 2132 βάπτισμα;
955 2059 1079 2120 ΙΙῶς
1132 2055 1188 2112 δὲ
1239 2058 1344 2132 οὐχ
1391 2056 1774 2132 ὁμολογούμε-

110 2146 206 2200 νόν
241 2145 408 2214 ἐστιν,
470 2146 553 2202 ὅτι
603 2154 701 2215 τῆς
754 2150 1175 2222 προσκυνήσεως
1222 2149 1283 2203 τὸ
1334 2147 1611 2223 βάπτισμα
1663 2155 1774 2221 μεῖ-

112 2241 225 2304 ζον,
263 2236 405 2290 ὅπου
436 2258 498 2311 γε
547 2236 635 2291 καὶ
683 2236 1090 2312 κατηχούμενοι
1139 2244 1502 2313 προσκυνοῧσι
1561 2237 1772 2314 Πατέρα

107 2326 202 2380 καὶ
227 2327 376 2395 Υἳὸν,
429 2325 529 2381 οὐκ
580 2323 766 2401 ἔχουσι
828 2325 884 2382 δὲ
943 2327 1286 2398 τελειότητα,
1340 2328 1425 2382 ἐὰν
1465 2330 1539 2400 μὴ
1581 2329 1772 2403 βαπτι-

107 2417 314 2470 σῧῶσιν
369 2415 446 2477 εἰς
505 2416 567 2469 τὸ
617 2412 793 2489 ὄνομα
840 2421 937 2470 105
972 2418 1207 2490 ΙΙατρὸς,
1241 2417 1328 2471 καὶ
1359 2422 1454 2472 105
1489 2418 1636 2486 r105,
1683 2417 1770 2471 καὶ

104 2509 209 2559 105
245 2503 402 2580 ἁγίου
454 2504 772 2578 Ιινεύματος
804 2525 816 2575 ;
852 2506 912 2560 Εἰ
946 2503 1002 2561 δὲ
1037 2509 1110 2579 μή
1148 2506 1249 2561 εἰσι
1278 2506 1480 2562 τέλειοι
1517 2513 1771 2578 Χριστια-

104 2595 195 2648 νοῖ
229 2595 282 2647 οἳ
316 2593 725 2669 κατηχούμεοοι
776 2596 900 2668 πρὶν
953 2596 987 2665 ἢ
1049 2597 1406 2670 βαπτισθῶσι,
1469 2598 1774 2670 βαστισθὲν.

99 2704 195 2744 τες
264 2681 322 2737 δὲ
378 2683 737 2738 τελειοῦνται·
797 2686 857 2738 τὸ
923 2686 1202 2760 βάπτισμα
1263 2687 1364 2759 ἄρα
1422 2686 1603 2758 μεῖζόν
1662 2686 1769 2741 ἐστι

100 2781 206 2843 τῆς
265 2776 705 2847 προσκυνήσεως,
768 2773 797 2828 ὅ
848 2775 945 2842 την
1007 2775 1330 2845 τελειότητα
1360 2778 1610 2850 παρέχει,
1674 2776 1770 2830 Καὶ

103 2862 272 2918 τοῦτό
305 2861 447 2917 ἐστιν
491 2886 518 2915 ‹‹
550 2865 584 2932 ἡ
615 2862 813 2938 λογικὴ
848 2864 934 2917 καὶ
971 2868 1114 2932 ζῶσα
1148 2863 1369 2940 λατρεία
1409 2868 1588 2937 ἡμῶν,
1626 2892 1650 2915 ››
1704 2867 1768 2934 ἣν

110 2955 138 3008 ὁ
181 2951 524 3014 Ἀπόστολος
558 2951 728 3028 λέγει’
791 2979 809 3002 ιι
848 2954 1236 3029 Παραστήσατε
1267 2955 1330 3008 τὰ
1363 2956 1588 3026 σώματα
1621 2955 1771 3027 ὑμῶν

108 3042 299 3095 θλσίαν
349 3047 524 3110 ζῶσαν
580 3042 758 3116 ἁγίαν,
815 3042 1095 3119 εὐάρεστον
1151 3042 1228 3116 τῷ
1283 3049 1417 3115 Θεῷ,
1477 3046 1574 3112 τὴν
1615 3043 1769 3118 λογι-

106 3132 212 3198 κὴν
278 3129 527 3206 λατρείαν
591 3131 766 3204 ὑμῶν.
831 3157 850 3183 ι
937 3134 1353 3206 Παρεστήσαμεν
1413 3132 1469 3187 δὲ
1518 3133 1584 3187 τὰ
1642 3134 1772 3188 αὐτὰ

110 3219 351 3294 λογικὴν
415 3218 689 3296 λατρείαν,
751 3223 1100 3298 συνταφέντες
1161 3224 1240 3294 τῷ
1308 3225 1524 3293 Χριστῷ
1582 3223 1632 3276 ἐν
1690 3223 1842 3326 τῷΟ

110 3311 136 3326 η
273 3308 282 3326 ο
531 3310 590 3326 ν..
648 3305 671 3324 Η
911 3317 943 3326 ιν
1030 3310 1041 3326 Ι
1180 3317 1203 3326 ν
1257 3319 1282 3326 Α
1333 3311 1357 3319 υ

106 3308 474 3385 βαπτίσματι.
531 3310 602 3364 Τὸ
642 3305 766 3386 ἄρα,
819 3336 844 3360 ‹‹
911 3310 1090 3386 Κυρίῳ
1139 3317 1217 3383 τῷ
1251 3311 1365 3383 Θεῷ
1407 3334 1500 3365 σου
1532 3334 1768 3386 προσκυ-

101 3399 321 3467 νήσεις,
355 3397 442 3451 καὶ
476 3397 619 3470 αύτῷ
655 3400 806 3472 μόνῳ
839 3397 1174 3476 λατρεύσεις,
1213 3427 1239 3451 ››
1270 3402 1368 3468 την
1428 3406 1522 3456 105
1586 3402 1772 3476 βαπτί-

102 3507 318 3559 σματος
369 3486 564 3563 εἰσάγει
639 3484 1011 3546 διδασκαλίαν.
1088 3491 1229 3564 Πρὸς
1306 3490 1522 3552 τούτοις
1599 3492 1770 3562 ἑαυτῷ

103 3576 404 3652 ἐπήγαγεν,
481 3577 556 3638 ὡς
634 3579 796 3651 ἡμῶν
862 3578 1180 3654 εἰρηκότων·
1247 3580 1308 3636 Εἰ
1374 3583 1512 3654 μήτε
1574 3580 1766 3655 Κύριός

103 3664 236 3736 ἐστι,
297 3668 439 3740 μήτε
489 3666 638 3738 Θεὸς,
700 3669 840 3739 μήτε
909 3670 1306 3743 προσκυνητὸς,
1377 3676 1491 3732 πῶς
1558 3691 1770 3745 συναρι-

107 3756 322 3826 θμεῖται
378 3759 448 3829 τῇ
502 3753 710 3830 Τριαδι.
776 3758 872 3812 Καὶ
903 3757 1025 3812 τότε
1079 3759 1142 3813 τὸ
1177 3759 1370 3817 ἑαυτοῦ
1427 3755 1630 3830 τίθησι.
1683 3765 1769 3832 Τῷ

107 3844 342 3918 ὀνόματι
427 3850 854 3920 συναριθμεῖται,
934 3848 1088 3924 φησὶ,
1148 3853 1224 3919 τῷ
1271 3853 1368 3902 105
1427 3848 1768 3922 Πνεύματος,

109 3935 187 4005 μή
248 3939 326 4006 τῷ
370 3938 468 3988 105
530 3935 764 4009 Ιίατρὸς,
826 3936 860 4004 ἢ
923 3941 1077 4008 Θεοῦ,
1136 3938 1328 4005 ἤϊ’ὶοῦ
1361 3943 1768 4012 συναριθμεῖται

108 4021 357 4094 ὀνόματι.
409 4021 598 4084 Οὕτως
646 4023 823 4097 κάλει,
882 4027 1020 4097 μήτε
1078 4023 1268 4080 πλεῖον
1301 4027 1363 4080 οὗ
1397 4022 1533 4102 ἔχει·
1587 4026 1765 4102 ἀρκεῖ-

103 4133 187 4166 ται
252 4113 358 4187 γᾶρ
415 4117 495 4184 τῷ
563 4112 750 4186 οἰκείῳ
820 4113 1108 4187 ἀξιώματι.
1173 4117 1281 4170 Κᾶν
1329 4137 1386 4170 τε
1453 4116 1554 4189 γὰρ
1607 4113 1765 4189 θέλῃς

102 4201 298 4256 πλεῖον
363 4199 425 4256 05
469 4197 585 4277 ἔχει
645 4209 978 4274 προσθεῖναι,
1039 4203 1138 4258 οὐκ
1187 4204 1408 4282 ἐφίεται·
1465 4206 1524 4260 οὗ
1574 4207 1673 4281 γὰρ
1717 4205 1767 4275 ἐξ

101 4292 175 4344 ὧν
240 4289 305 4345 σὺ
376 4287 614 4362 δοξάζεις
667 4289 1143 4367 προσλαμϐάνεται
1222 4299 1300 4366 τῷ
1352 4293 1462 4368 ὅρῳ
1515 4300 1612 4350 105
1661 4298 1767 4370 πρὸ

105 4382 286 4451 πάσης
365 4381 592 4442 κτίσεως
673 4385 1027 4454 τιμήσαντος.
1087 4389 1272 4455 Ἡμεῖς
1310 4381 1365 4438 δὲ
1407 4385 1542 4457 πρὸς
1586 4383 1764 4439 αὐτόν·

105 4469 520 4547 Συναρίθμησον
582 4471 670 4526 καὶ
731 4472 924 4534 πέντας
995 4472 1254 4548 ἀγγέλους
1312 4473 1390 4546 τῷ
1450 4475 1620 4549 ΙΙατρὶ
1677 4474 1766 4528 καί

102 4565 176 4631 τῷ
209 4561 348 4631 Υἱῷ,
384 4560 614 4623 ἀκούσας
648 4563 774 4635 παρ’
807 4561 971 4616 αὐτοῦ
1000 4568 1097 4616 105
1149 4567 1303 4618 Θεοῦ.
1361 4589 1386 4615 ‹‹
1423 4565 1566 4638 Ἐγὼ
1620 4569 1761 4621 εῖπα.

105 4649 224 4705 Θεοί
309 4648 448 4722 ἐστε,
517 4651 605 4704 καὶ
692 4651 799 4705 υἱοὶ
863 4651 1113 4724 Ὑψίστου
1190 4651 1401 4715 πάντες.
1453 4679 1473 4707 ι
1550 4653 1646 4708 Καὶ
1704 4638 1845 4708 τὸῘ)

108 4741 336 4811 Πνεῦμα
383 4739 445 4793 τὸ
505 4741 654 4815 ἅγιον
713 4740 801 4795 καὶ
863 4740 1059 4816 ἀγαθὸν
1112 4740 1172 4794 05
1213 4743 1484 4812 καταξιοῖς
1523 4750 1620 4812 τῆς
1673 4741 1766 4797 105

107 4827 380 4900 ὀνόματος
440 4831 908 4904 συναριθμήσεως·
968 4829 1095 4890 τοὺς
1155 4827 1212 4884 δὲ
1261 4831 1577 4906 ἀνθρώπους
1620 4831 1768 4908 ἀναγ-

106 4919 374 4991 κασθήσῃ,
435 4917 486 4990 ἐξ
536 4919 607 4972 ὧν
659 4917 920 4988 δέδωκας,
1004 4920 1398 4994 συναριθμῆσαι
1471 4921 1550 4992 τῷ
1627 4926 1764 4992 Θεῷ,

103 5007 298 5079 Ἡμεῖς
345 5004 404 5061 δὲ
453 5007 512 5063 οὐ
561 5012 640 5080 τῷ
695 5008 921 5082 ὀνόματι
963 5011 1396 5081 συναριθμοῦμεν
1457 5008 1632 5082 (οὐδὲν
1665 5012 1767 5086 γὰρ

104 5101 262 5151 10510
305 5097 483 5172 μέγα),
516 5096 642 5153 ἀλλ’
672 5097 806 5164 αὗτῆ
943 5096 1119 5175 φύσει,
1158 5099 1230 5159 ὡς
1290 5099 1509 5174 ὕστερον
1558 5097 1747 5154 ἀποδεί

106 5182 288 5257 ξομεν,
353 5187 617 5262 πρότερον
674 5187 979 5264 ἐλέγξαντες
1028 5189 1126 5255 τὴν
1177 5187 1227 5242 ἐν
1259 5193 1338 5260 τῷ
1363 5187 1643 5265 σχεδαρίῳ
1676 5211 1769 5243 σου

111 5274 338 5342 ματαίαν
403 5273 758 5351 ἀδολεσχίαν.
823 5275 1076 5346 ’Δληθῶς
1138 5274 1216 5347 δὲ,
1269 5279 1444 5341 καθὼς
1503 5279 1591 5333 καὶ
1626 5277 1768 5335 ἄκων

109 5360 504 5436 ὡμολόγησας,
564 5366 660 5420 κᾶν
721 5364 880 5438 θέλῃς
945 5363 1090 5436 αύτῷ
1140 5387 1190 5420 τι
1235 5374 1570 5442 προσθεῖναι,
1624 5366 1770 5442 λέγω

106 5447 173 5519 δὴ
213 5455 296 5523 τῷ
339 5453 481 5525 ἁγίῳ
527 5455 828 5528 ΙΙνεύματι,
882 5454 979 5510 οὐκ
1021 5454 1246 5532 ἐφίεται·
1276 5455 1370 5511 κᾶν
1410 5457 1642 5532 θελήσῃς
1677 5460 1773 5536 ὑφ-

107 5537 276 5613 ελεῖν,
365 5544 584 5598 σεαυτὸν
659 5542 883 5606 ἀδικεῖς·
966 5545 1208 5620 ἀρκεῖται
1281 5547 1380 5623 γὰρ
1443 5553 1520 5620 τῷ
1587 5548 1774 5622 οἰκείῳ

183 5755 230 5793 ³³
259 5757 431 5818 Rom.
458 5774 558 5836 xu,
591 5761 646 5823 l.
719 5763 765 5800 "
795 5762 946 5824 Psal.
979 5778 1164 5837 um,
1195 5765 1251 5822 6.

1886 1969 1943 2023 in
1979 1985 2152 2040 quem
2188 1969 2520 2040 baptizatus
2572 1969 2677 2023 es?
2736 1969 2943 2024 Utrum
2979 1970 3138 2030 enim
3187 1970 3378 2039 majus
3426 1975 3537 2037 est,

1883 2057 2145 2113 adoratio
2178 2075 2248 2112 an
2281 2058 2646 2129 baptismus?
2671 2061 2878 2113 Annon
2912 2060 2971 2113 in
3001 2059 3269 2113 confesso
3299 2062 3409 2125 est,
3445 2059 3540 2113 ad-

1885 2147 2208 2203 erationem
2243 2164 2370 2202 esse
2403 2146 2695 2219 baptismo
2731 2151 3011 2218 majorem
3035 2147 3062 2200 ?
3092 2147 3397 2219 Siquidem
3449 2165 3539 2204 ca-

1885 2236 2218 2291 techumeni
2252 2236 2498 2291 adorant
2527 2239 2758 2290 Patrem
2804 2241 2860 2291 et
2900 2235 3135 2305 Filium,
3187 2253 3292 2291 nec
3341 2242 3539 2292 tamen

1884 2326 2123 2398 perfecti
2156 2331 2314 2391 sunt,
2352 2325 2464 2380 nisi
2497 2325 2773 2396 baptizati
2807 2325 3025 2380 fuerint
3056 2327 3114 2380 in
3149 2325 3409 2382 momine
3439 2328 3542 2382 Pa-

1885 2417 2013 2481 tris,
2046 2421 2101 2470 et
2134 2415 2283 2482 Filii,
2318 2419 2373 2469 et
2404 2414 2659 2486 Spiritus
2705 2413 2913 2470 sancti.
2947 2414 3107 2480 Quod
3160 2414 3207 2470 si
3259 2415 3540 2470 catechu-

1886 2505 2039 2561 meni
2068 2523 2183 2559 non
2207 2509 2346 2560 sunt
2379 2504 2616 2575 perfecti
2670 2503 2988 2558 Christiani
3040 2503 3388 2575 priusquam
3440 2506 3542 2560 ba-

1884 2601 2202 2666 pttzentur,
2237 2593 2515 2666 baptizati
2547 2597 2742 2648 autem
2778 2593 3162 2664 perficiuntur
3200 2611 3212 2648 :
3248 2592 3546 2664 baptisma

1885 2686 2089 2756 utique
2124 2684 2499 2756 praestantius
2529 2687 2620 2738 est
2651 2682 3009 2751 adoratione,
3044 2684 3198 2755 quod
3234 2683 3540 2755 perfectio-

1883 2791 2016 2829 nem
2052 2775 2368 2829 tribuat.Et
2399 2774 2506 2829 hoc
2539 2778 2628 2830 est
2666 2792 2685 2820 ι
2706 2772 3052 2828 rationabile
3073 2778 3130 2828 et
3155 2773 3353 2829 vivens
3376 2775 3540 2829 obse-

1882 2863 2084 2933 quium
2118 2867 2407 2931 nostrum,
2445 2883 2471 2910 α
2503 2863 2573 2916 de
2608 2877 2723 2932 quo
2755 2859 3110 2930 Apostolus:
3146 2883 3173 2909 ι(
3205 2860 3540 2917 Exhibeatis

1883 2970 2126 3025 corpora
2160 2958 2350 3007 vestra
2375 2951 2627 3007 hostiam
2660 2952 3390 3016 viventem,sanctam,Deo
3414 2949 3536 3022 pla-

1883 3047 2132 3108 centem,
2169 3041 2516 3096 rationabile
2549 3040 2898 3112 obsequium
2917 3043 3176 3094 vestrum
3211 3039 3275 3093 ³⁸.
3309 3060 3337 3089 ››
3363 3037 3534 3093 Exhi-

1883 3133 2121 3187 buimus
2137 3149 2306 3203 porro
2321 3130 2665 3187 ralionabile
2677 3129 3028 3201 obsequium
3043 3129 3372 3201 consepulti
3386 3128 3540 3184 Chri-

1883 3231 1974 3281 sto
2008 3227 2063 3280 in
2093 3223 2558 3296 baptismo.lllud
2586 3239 2790 3295 ergo,«
2813 3221 3130 3276 Dominum
3161 3220 3345 3277 Deum
3369 3225 3536 3276 tuum

1883 3315 2177 3383 adorabis,
2211 3319 2265 3368 et
2298 3312 2379 3369 illi
2407 3312 2516 3368 soli
2560 3311 2795 3377 servies,
2834 3334 2853 3359 ι»
2894 3310 3175 3382 baptismi
3207 3310 3534 3365 doctrinam

1879 3400 2127 3456 inducit.
2163 3401 2246 3454 Ad
2281 3400 2401 3455 haue
2444 3404 2641 3455 nostro
2688 3397 2924 3454 nomine
2966 3397 3077 3453 sibi
3126 3398 3239 3469 ipsi
3272 3396 3486 3468 objecit
3520 3415 3532 3453 :

1868 3491 1938 3546 .Si
1975 3507 2162 3562 neque
2193 3491 2477 3546 Dominus
2499 3496 2607 3553 est,
2641 3504 2828 3560 neque
2858 3489 3034 3554 Deus,
3067 3503 3258 3559 neque
3289 3487 3538 3542 adoran-

1881 3583 2012 3652 dus,
2043 3598 2160 3652 qua
2215 3580 2439 3635 ratione
2509 3577 2782 3633 Trinitati
2830 3576 3336 3633 connumeratur?
3385 3577 3538 3632 Tum

1879 3671 1992 3727 sibi
2027 3670 2292 3742 reponit:
2326 3671 2796 3725 Connumeratur
2827 3667 3062 3722 nomine
3091 3666 3362 3734 Spiritus,
3418 3683 3534 3722 non

1878 3760 2089 3827 Patris,
2124 3777 2239 3815 non
2273 3757 2392 3822 Dei,
2420 3775 2535 3814 non
2582 3756 2730 3813 Filii.
2784 3757 2868 3812 Ita
2910 3762 2966 3812 et
3015 3763 3076 3812 tu
3124 3755 3375 3828 appella,
3428 3771 3534 3810 nec

1881 3850 2014 3922 plus
2071 3866 2247 3919 quam
2298 3849 2472 3903 habet
2514 3847 2762 3902 tribuas.
2821 3851 2936 3902 Sua
2988 3845 3087 3902 ille
3159 3846 3272 3901 sibi
3331 3845 3523 3918 digni-

1882 3945 1999 3994 tate
2039 3943 2348 3994 contentus
2383 3946 2490 3993 est.
2516 3936 2878 4008 thuamvis
2924 3936 3056 4007 plus
3089 3935 3340 4006 adjicere
3385 3934 3531 3990 velis

1879 4045 2057 4099 quam
2092 4029 2217 4099 ipse
2243 4027 2474 4096 habeat,
2511 4043 2626 4081 non
2661 4027 2716 4081 id
2751 4025 2847 4081 ille
2878 4025 3158 4080 admittit.
3219 4025 3343 4080 Non
3375 4025 3530 4080 enim

1878 4135 1946 4173 ex
1978 4119 2068 4183 iis,
2105 4116 2319 4188 quibus
2355 4121 2413 4170 tu
2476 4115 2790 4188 gloriﬁcas,
2850 4115 3075 4186 aliquid
3125 4114 3239 4169 sibi
3282 4114 3536 4170 assumit

1878 4213 2088 4279 praeter
2135 4205 2295 4260 illius
2346 4205 2777 4277 praescriptum;
2829 4205 2929 4274 qui
2986 4220 3048 4259 se
3100 4220 3210 4274 prae
3261 4203 3537 4258 omnibus

1877 4298 2159 4354 creaturis
2190 4296 2517 4352 honoravit.
2550 4296 2652 4350 Cui
2704 4312 2808 4351 nos
2844 4311 2856 4351 :
2909 4300 3278 4350 Gonnumera
3330 4310 3536 4349 omnes

1879 4389 2015 4443 item
2051 4387 2289 4459 angelos
2337 4386 2487 4441 Patri
2541 4391 2718 4456 atque
2768 4384 2931 4450 Filio,
2984 4400 3120 4439 cum
3173 4383 3432 4439 audieris
3463 4385 3534 4440 ab

1878 4478 2004 4548 ipso
2037 4478 2198 4532 Deo:
2256 4502 2274 4525 α
2328 4477 2442 4547 Ego
2492 4474 2609 4528 dixi
2663 4493 2675 4529 :
2725 4473 2811 4527 Uii
2860 4472 3022 4544 estis,
3064 4477 3121 4528 et
3153 4471 3254 4526 lilii
3315 4471 3536 4527 Excelsi

1878 4585 2081 4622 omnes
2114 4568 2177 4618 9".
2209 4587 2232 4616 η
2273 4569 2356 4621 An
2390 4566 2664 4637 spiritum
2712 4568 2979 4619 sanctum
3039 4563 3262 4617 bonum
3313 4561 3371 4615 in
3432 4578 3537 4617 no-

1879 4657 2060 4713 minis
2094 4656 2569 4712 communionem
2609 4669 2816 4709 vocare
2866 4668 2982 4707 non
3015 4650 3301 4724 dignaris,
3335 4649 3436 4723 qui
3467 4668 3535 4706 ex

1878 4747 2173 4802 concessis
2207 4745 2476 4800 homines
2508 4741 2732 4816 cogeris
2766 4748 2877 4798 Deo
2917 4757 3342 4796 connumerare
3366 4743 3388 4796 Ρ
3416 4740 3533 4796 Nos

1879 4841 2074 4890 autem
2104 4852 2216 4890 non
2250 4835 2474 4891 nomini
2498 4848 2994 4889 connumeramus
3028 4847 3040 4886 :
3075 4829 3221 4886 nihil
3243 4830 3299 4886 id
3334 4829 3534 4903 magni

1879 4931 2051 4990 esset,
2086 4925 2184 4980 sed
2236 4925 2348 4996 ipsi
2400 4928 2644 4993 naturae,
2692 4927 2759 4977 ut
2803 4921 3080 4993 deinceps
3129 4919 3533 4986 ostendemus,

1881 5018 2188 5085 postquam
2228 5013 2423 5068 futiles
2455 5011 2746 5068 schedulaa
2777 5015 2890 5065 tua:
2933 5025 3118 5081 nugas
3149 5008 3538 5064 confutaveri-

1883 5103 2190 5158 mus.Vere
2223 5108 2287 5156 ut
2318 5102 2404 5157 vel
2438 5101 2659 5158 invitus
2675 5100 2978 5156 confessus
3000 5097 3138 5167 es,si
3154 5097 3296 5153 velis
3321 5095 3536 5168 aliquid

1882 5193 2014 5263 ipsi,
2051 5192 2273 5247 scilicet
2304 5190 2547 5262 Spiritui
2590 5196 2812 5254 sancto,
2864 5188 3137 5259 adjicere,
3188 5185 3246 5240 id
3293 5185 3391 5240 ille
3421 5201 3538 5240 non

1883 5281 2178 5348 admittit;
2209 5280 2257 5334 si
2292 5280 2607 5345 demere,te
2639 5280 2784 5334 477
2824 5278 2950 5349 ipse
2982 5275 3291 5332 laedis.Sua
3321 5274 3538 5347 quippe

1885 5369 2167 5441 dignitate
2198 5373 2504 5423 contentus
2537 5367 2702 5428 θειςεὶ
2732 5372 2927 5422 tamen
2964 5364 3267 5436 dignitatis
3300 5380 3535 5430 nomen,

1883 5476 2014 5515 cum
2049 5459 2119 5514 de
2171 5458 2391 5529 Spiritu
2445 5456 2766 5528 loquimur,
2820 5471 3111 5527 usurpare
3163 5453 3317 5510 licet.
3371 5453 3533 5519 Quod

1884 5550 2082 5621 ipsum
2113 5549 2182 5604 de
2213 5547 2382 5603 Patre
2413 5550 2470 5601 et
2516 5545 2659 5601 Filio
2710 5543 2826 5600 dici
2879 5547 3091 5615 potest.
3147 5543 3345 5614 Neque
3376 5539 3532 5597 enim
