4104 6386
352 340 377 398 1
390 341 507 400 299

1517 334 1579 397 S.
1627 333 2152 395 ATHANASIUS.
2186 364 2263 376 —
2302 330 2616 393 SPURIA.

3633 333 3807 396 1300

350 471 507 528 Patri
540 474 642 529 aut
671 469 816 528 Fiiio
858 468 1079 543 aliquid
1124 471 1338 526 addere
1382 474 1568 542 potes,
1629 472 1730 525 aut
1781 466 2004 538 aliquid

2130 461 2410 536 ἰξιώματι.
2443 459 2592 540 εἶ’περ
2625 458 2765 519 ἔστιν
2809 463 2897 519 ἐπὶ
2944 462 3261 539 Πνεύματος
3312 462 3531 538 ἀξίωμα
3579 462 3802 541 λέγειν.

353 560 501 633 ipsis
533 562 788 631 demere,
821 559 934 617 etsi
965 561 1201 617 demere
1249 559 1392 615 velis
1427 576 1439 615 :
1472 564 1529 615 te
1559 559 1718 615 enim
1763 556 1891 629 ipse
1919 555 2015 611 lte-

356 650 469 706 dis.
502 649 713 705 Omnia
758 647 1052 720 siquidem
1112 639 1368 720 perfecta
1400 647 1458 701 in
1489 646 1655 701 Patre
1683 649 1741 701 et
1789 642 1931 700 Filio
1960 643 2017 697 et

356 738 579 810 Spiritu
606 740 831 803 sancto,
864 734 1134 808 nihilque
1166 735 1598 807 imperfectum,
1633 740 1697 788 ut
1742 732 1883 805 quid
1914 747 2012 787 ex—

354 828 651 883 trinsecus
682 830 1062 894 assumatur;
1085 842 1154 881 ex
1195 824 1535 897 praescripto
1567 823 1723 879 enim
1752 822 1882 893 ejus
1913 819 2015 893 qui

358 922 494 972 ante
522 932 729 973 omnes
760 919 1063 972 creaturas
1095 919 1189 971 est
1221 913 1562 980 honoratur,
1597 919 1661 968 ut
1710 912 1836 984 ipse
1864 911 2013 966 scri-

355 1006 548 1079 psisti,
580 1022 647 1062 eo
679 1005 875 1061 animo
911 1010 972 1059 ut
1025 1004 1413 1077 signiﬁcares,
1466 1020 1580 1058 non
1638 1018 1769 1058 esse
1819 1000 2014 1072 ipsum

350 1094 480 1166 ejus
512 1093 799 1166 Spiritum
829 1093 889 1148 in
922 1092 1004 1148 rei
1039 1092 1299 1160 veritate,
1333 1092 1435 1148 sed
1467 1091 1695 1165 gratia;
1728 1089 2014 1162 quemad-

353 1184 597 1240 modum
627 1188 686 1239 et
717 1182 817 1237 alii
848 1198 1052 1239 omnes
1078 1181 1566 1237 administratorii
1613 1179 1877 1252 quidem,
1911 1179 2011 1235 sed

353 1288 469 1328 non
502 1276 733 1342 natura,
765 1272 894 1343 ejus
922 1270 1170 1343 spiritus
1192 1274 1355 1326 sunt.

424 1452 480 1506 7.
513 1450 651 1506 Post
679 1450 801 1507 haec
828 1465 1066 1506 rursum
1112 1465 1219 1505 nos
1250 1465 1321 1505 ex
1370 1464 1433 1505 se
1482 1451 1810 1520 quaerentes
1840 1445 1936 1501 ind
1951 1465 2014 1502 u-

356 1539 435 1597 cit
468 1557 481 1596 :
515 1539 641 1596 Non
672 1550 762 1596 est
792 1555 930 1613 ergo
953 1538 1256 1610 aequaliter
1275 1537 1660 1595 honorandus
1680 1553 1815 1593 cum
1847 1536 2017 1592 Patre

354 1634 414 1686 et
441 1628 584 1685 Filio
615 1627 870 1700 Spiritus
901 1631 1144 1684 sanctus
1165 1625 1194 1681 τ
1225 1625 1730 1699 Rursumquesibi
1763 1624 2013 1698 reponit:

353 1719 740 1790 Nequaquam
787 1721 894 1774 est.
941 1716 1141 1789 Neque
1185 1715 1343 1772 enim
1400 1715 1685 1787 scriptum
1745 1714 1852 1771 hoc
1905 1719 2013 1771 est.

353 1807 503 1864 Nam
532 1807 605 1863 de
632 1811 805 1863 Patre
833 1806 1076 1878 quidem
1111 1810 1169 1862 et
1209 1804 1352 1862 Filio
1403 1804 1690 1876 scriptum
1723 1809 1813 1861 est
1845 1821 1858 1859 :
1889 1827 1917 1854 ‹‹
1941 1803 2016 1860 Ut

351 1896 741 1953 honoriﬁcent
772 1895 1009 1961 Filium,
1040 1894 1194 1951 sicut
1226 1893 1617 1951 honoriﬁcant
1646 1894 1878 1950 Patrem
1912 1893 2016 1948 ³⁸.»

353 1986 554 2058 Neque
584 1985 820 2053 dicitur,
855 1990 915 2041 et
965 1983 1273 2057 Spiritum.
1318 1985 1467 2040 Tum
1517 2000 1625 2039 nos
1673 1984 1747 2038 ad
1795 1980 2013 2039 illum:

353 2074 545 2132 Beatee
576 2090 746 2131 aures
777 2089 905 2146 quis
937 2089 1040 2128 vos
1072 2089 1189 2128 non
1220 2072 1479 2143 audiere,
1531 2077 1588 2128 et
1631 2071 1840 2127 animae
1886 2087 2014 2144 quae

353 2182 389 2221 a
417 2163 631 2221 vestris
662 2161 1040 2220 sermonibus
1070 2161 1386 2218 vulnerata:
1438 2178 1556 2217 non
1607 2162 1789 2217 fuere.
1820 2161 2018 2233 Ecqua

352 2269 491 2311 vero
521 2251 765 2321 ratione,
797 2251 848 2309 si
878 2268 996 2307 non
1026 2251 1301 2308 eumdem
1335 2254 1509 2323 putas
1542 2250 1883 2306 habendum
1919 2249 2017 2304 ho-

356 2359 561 2400 norem
593 2340 843 2414 Spiritui
877 2345 1288 2413 sancto,quem
1320 2339 1478 2396 Patri
1510 2344 1687 2412 atque
1720 2338 2016 2411 Filio,pari

356 2448 494 2488 cum
527 2430 808 2505 (Spiritus
839 2431 1049 2502 sancti)
1080 2428 1322 2499 honore,
1358 2429 1416 2484 in
1465 2427 1634 2484 illum
1685 2429 2016 2500 baptizatus

357 2520 464 2579 es?
490 2524 696 2577 Annon
728 2518 834 2576 tibi
864 2522 1037 2575 Pater
1067 2523 1245 2592 atque
1277 2517 1459 2574 Filius
1476 2516 1854 2591 baptismatis
1877 2534 2014 2573 con-

356 2609 612 2668 fessione
642 2609 913 2666 videntur
943 2608 1218 2664 honorari
1240 2606 1269 2663 *Γ
1297 2607 1358 2663 Si
1387 2606 1574 2664 honor
1602 2624 1668 2663 ea
1701 2607 1758 2663 in
1792 2622 1852 2662 re
1883 2606 2014 2662 nul-

355 2699 473 2769 lus,
505 2715 789 2771 quorsum
823 2697 1222 2771 baptizamus?
1250 2698 1439 2763 Quare
1453 2695 1705 2768 singulis
1730 2695 1888 2752 horis
1912 2713 2011 2768 pe-

357 2788 711 2855 riclitamur,
747 2792 814 2843 ut
840 2787 1203 2860 baptismum
1236 2801 1541 2842 servemus
1564 2785 2014 2841 immaculatum

357 2878 667 2936 adxersum
699 2874 913 2933 diaboli
946 2875 1192 2933 insidias
1216 2874 1595 2932 dimicantes?
1621 2875 1737 2932 Cur
1769 2892 1884 2931 non
1907 2873 2016 2930 tibi

359 2967 595 3024 videtur
623 2981 973 3040 quacunque
1020 2965 1215 3022 hostia
1263 2963 1635 3038 prastantior
1680 2962 1784 3020 illa
1812 2980 2015 3036 corpo-

357 3074 491 3113 rum
528 3060 867 3112 nostrorum
890 3054 1195 3123 exhibitio,
1246 3054 1477 3111 dicente
1525 3052 1800 3126 Apostolo
1834 3071 1847 3109 :
1887 3074 1909 3104 ι
1945 3053 2017 3110 Ut

359 3144 687 3204 exhibeatis
713 3161 958 3218 corpora
988 3148 1180 3201 vestra
1221 3143 1477 3201 hostiam
1528 3142 1837 3214 viventem,
1887 3159 2016 3199 san-

2123 555 2294 607 Τοῦτο
2327 547 2385 607 δὲ
2413 552 2503 607 καὶ
2530 551 2618 607 ἐπὶ
2645 557 2742 608 τοῦ
2778 553 2988 630 [ἰατρὸς
3017 555 3108 608 καὶ
3147 553 3235 609 ἐπὶ
3283 558 3381 609 τοῦ
3444 555 3592 608 Υίοῦ·
3654 553 3806 612 Οὔτε

2122 640 2223 719 γὰρ
2277 640 2587 718 προσθεῖναί
2641 663 2696 697 τι
2744 639 2875 717 δύνῃ
2927 646 3005 714 τῷ
3046 641 3215 718 Πατρὶ
3243 641 3333 697 καὶ
3365 646 3446 715 τῷ
3480 643 3609 715 Υἳῷ,
3668 639 3807 699 οὔτε

2126 729 2343 810 ὑφελεῖν
2397 752 2469 801 τι,
2520 730 2617 787 κᾶν
2661 730 2826 808 θέλῃς
2870 731 3105 811 ὑφελεῖνο
3140 731 3360 788 σεαυτὸν
3395 731 3499 809 γὰρ
3558 729 3799 795 ἀδικεῖς·

2125 818 2240 876 ἱπεὶ
2272 820 2445 876 πάντα
2486 819 2671 876 τέλεια
2728 820 2815 876 ἐπὶ
2869 822 3100 898 Πατρὸς,
3160 821 3250 875 καὶ
3311 822 3464 888 Υἱοῦ,
3512 821 3604 875 καὶ
3636 821 3803 898 ἁγίου

2127 910 2464 984 Πνεύματος,
2521 910 2611 964 καὶ
2671 908 2823 966 οὐδὲν
2881 908 3092 981 ἀτελὲς,
3152 910 3233 966 ἵνα
3278 910 3370 966 καὶ
3400 905 3800 984 προσλάόηται

2125 998 2338 1071 ἔξωθεν.
2372 1003 2524 1076 ’Όρῳ
2548 1000 2651 1077 γὰρ
2680 1003 2776 1056 τοῦ
2816 1001 2923 1077 πρὸ
2969 1001 3148 1071 πάσης
3193 999 3422 1063 κτίσεως
3473 999 3797 1074 τετίμηται,

2126 1091 2201 1152 ὡς
2231 1089 2390 1151 αὑτὸς
2418 1089 2709 1168 γέγραφας,
2762 1087 2851 1145 διὰ
2892 1090 3087 1145 τούτου
3121 1097 3465 1161 παραστῆσαι
3497 1087 3672 1145 θέλων
3708 1091 3793 1163 μὴ

2127 1179 2262 1235 εῖναι
2294 1178 2425 1235 αὐτὸ
2452 1177 2616 1235 αὐτοῦ
2650 1183 2869 1253 Πνεῦμα
2897 1183 2966 1253 τῇ
2998 1176 3248 1251 ἀληθείᾳ,
3277 1178 3424 1236 ἀλλὰ
3452 1182 3522 1254 τῇ
3572 1178 3787 1257 χάριτι,

2124 1267 2362 1344 καθάπερ
2394 1267 2484 1324 καὶ
2513 1268 2580 1323 τὰ
2609 1266 2755 1324 ἄλλα
2784 1269 2957 1324 πάντα
2986 1266 3363 1345 λειτουργικὰ,
3389 1268 3482 1324 καὶ
3534 1267 3597 1323 ού
3627 1269 3788 1347 φύσει

2125 1357 2256 1414 εἰσὶν
2289 1358 2454 1415 αὐτοῦ
2483 1358 2783 1432 πνεύματα.

2194 1450 2250 1504 7.
2287 1448 2429 1525 Πρὸς
2484 1448 2700 1511 τούτοις
2757 1447 2922 1505 πάλιν
2976 1448 3150 1521 ἑαυτῷ
3181 1447 3477 1526 ἐπήγαγεν,
3514 1449 3592 1511 ὡς
3654 1469 3792 1522 παρ,

2124 1539 2287 1610 ἡμῶν
2319 1536 2465 1610 αύτῷ
2520 1537 2830 1613 εἶρημένοψ
2893 1537 3010 1595 Οὐκ
3057 1535 3196 1592 ἔστιν
3251 1538 3342 1593 οὗν
3378 1537 3654 1612 ὁμότιμον
3704 1543 3793 1611 τῷ

2127 1625 2297 1702 Πατρὶ
2347 1625 2437 1680 καὶ
2493 1630 2573 1698 τῷ
2620 1628 2733 1701 Υίῷ
2785 1626 2848 1682 τὸ
2899 1631 3121 1700 Πνεῦμα
3147 1626 3211 1683 τὸ
3242 1626 3435 1704 ἀγιον;
3471 1627 3571 1682 Καὶ
3624 1625 3801 1683 πάλιν
3824 1618 3847 1637 ’ί

2126 1714 2301 1788 ἑαυτῷ
2357 1714 2732 1795 ἀποφαίνεται·
2796 1715 2912 1773 Οὐκ
2967 1713 3127 1772 ἔστιν·
3174 1713 3362 1787 ἐπειδή
3423 1713 3550 1773 οὐδὲ
3588 1716 3794 1793 γέγρα⁸

2125 1826 2275 1862 πται.
2310 1804 2443 1881 Περὶ
2478 1805 2573 1879 μὲν
2604 1805 2706 1882 γὰρ
2738 1810 2834 1861 τοῦ
2868 1805 3077 1882 Πατρὸς
3118 1805 3208 1861 καὶ
3255 1809 3355 1861 τοῦ
3412 1807 3543 1861 Υἱοῦ
3593 1805 3798 1883 γέγρα-

2126 1914 2277 1950 πται’
2338 1918 2366 1946 ιι
2421 1898 2540 1951 Ἵνα
2594 1899 2800 1968 τιμῶσι
2856 1895 2948 1950 τὸν
3011 1895 3157 1963 Υἱὸν,
3216 1895 3397 1960 καθὼς
3425 1899 3633 1969 τιμῶσι
3692 1894 3793 1951 τὸν

2127 1984 2357 2058 Πατέρα.
2392 2007 2420 2036 ››
2451 1985 2541 2052 Μὴ
2575 1983 2709 2057 εἶπε,
2740 1984 2830 2039 καὶ
2860 1984 2923 2039 τὸ
2958 1988 3197 2058 Πνεῦμα.
3232 1985 3376 2061 Πρὸς
3406 1989 3576 2040 ταῦτα
3623 1987 3799 2059 ἡμεῖς

2127 2073 2265 2149 πρὸς
2296 2071 2476 2129 αὐτόν’
2512 2074 2768 2150 Μακάρια
2787 2073 2855 2129 τὰ
2901 2074 3016 2129 ὦτα
3038 2073 3104 2129 τὰ
3137 2075 3215 2148 μή
3258 2073 3564 2129 ἀκούσαντα
3615 2074 3799 2148 ὑμῶν,

2124 2165 2214 2219 καὶ
2246 2162 2415 2241 ψυχατ
2447 2164 2501 2218 αἱ
2534 2161 2894 2243 φυλαχθεῖσαι
2930 2162 3165 2241 ἄτρωτοι
3199 2164 3304 2220 ἀπὸ
3351 2168 3459 2219 τῶν
3512 2164 3795 2240 ὑμετέρων

2126 2250 2335 2328 λόγων.
2391 2250 2495 2310 Καῖ
2541 2256 2679 2321 πῶς,
2733 2252 2795 2307 ού
2846 2249 3206 2330 λογιζόμενος
3256 2253 3529 2327 ὁμότιμον
3564 2254 3799 2309 εἶναιτὸ

2126 2346 2347 2415 Πνεῦμα
2397 2345 2476 2415 τῷ
2527 2341 2720 2417 Πατρὶ,
2778 2341 2869 2397 καὶ
2922 2346 3004 2416 τῷ
3063 2343 3175 2415 Υἱῷ
3226 2342 3498 2416 ὁμοτίμος
3554 2342 3630 2405 εἰς
3662 2342 3799 2398 αὐτὸ

2131 2431 2397 2507 βαπτίζῃς
2449 2433 2518 2488 Ἦ
2576 2430 2639 2487 οὗ
2690 2428 2841 2487 δοκεῖ
2886 2453 2972 2488 σοι
3019 2434 3279 2506 τιμᾶσθαι
3320 2432 3413 2487 τὸν
3447 2433 3663 2508 Πατέρα
3701 2432 3798 2487 καὶ

2126 2522 2216 2577 τὸν
2265 2520 2389 2576 Υἱὸν
2444 2519 2514 2596 τῇ
2561 2517 2658 2576 τοῦ
2711 2519 3085 2595 βαπτίσματος
3135 2519 3452 2597 ὀμολογίᾳ;
3496 2520 3599 2576 Καὶ
3631 2520 3677 2576 εἰ
3715 2521 3797 2593 μή

2123 2610 2286 2666 τοῦτό
2343 2608 2481 2665 ἐστιν
2540 2611 2576 2681 ἡ
2634 2611 2795 2683 τιμὴ,
2854 2609 2907 2665 τί
2965 2608 3055 2665 καὶ
3122 2609 3536 2687 βαπτιζόμεθα;
3590 2609 3660 2667 Τί
3701 2609 3797 2665 καὶ

2124 2695 2505 2771 κινδυνεύομεν
2556 2703 2727 2752 πᾶσαν
2779 2695 2922 2770 ὥραν
2955 2695 3044 2752 ἐπὶ
3074 2701 3152 2770 τῷ
3181 2695 3411 2777 φυλάξαι
3462 2697 3526 2753 τὸ
3594 2696 3795 2773 βάπτι-

2126 2807 2238 2861 σμα
2295 2783 2553 2856 ἄσπιλον,
2605 2784 2998 2862 ἀγωνιζόμενοι
3046 2786 3184 2863 πρὸς
3231 2787 3328 2849 τὰς
3376 2783 3641 2860 μεθόδους
3693 2790 3797 2842 τοῦ

2125 2871 2426 2945 διαϐόλου;
2476 2879 2598 2937 Πῶς
2629 2872 2686 2931 δὲ
2718 2874 2781 2929 ού
2814 2872 2969 2931 δοκεῖ
2998 2896 3085 2930 σοι
3117 2875 3296 2946 πάσης
3328 2875 3517 2941 θυσίας
3548 2874 3796 2952 ἀνωτέρα

2127 2964 2259 3020 εἶναι
2290 2965 2325 3034 ἡ
2372 2967 2482 3020 τῶν
2541 2962 2810 3038 σωμάτων
2859 2965 3022 3037 ἡμῶν
3073 2960 3430 3039 παράστασις,
3482 2966 3582 3017 τοῦ
3615 2963 3789 3018 Ἀπο-

2127 3052 2328 3109 στόλου
2384 3051 2662 3131 λέγοντοςο
2719 3078 2747 3105 ‹‹
2795 3054 2984 3115 Ὀπως
3030 3054 3417 3128 παραστήσητε
3466 3054 3535 3107 τά
3565 3052 3794 3127 σώματα

2128 3143 2279 3218 ὑμῶν
2339 3142 2520 3208 θυσίαν
2576 3146 2769 3216 ζῶσαν,
2830 3140 3013 3217 ἁγίαν,
3076 3140 3357 3216 εὐάρεστον
3419 3139 3498 3215 τῷ
3545 3145 3703 3214 Θεῷ;
3763 3162 3793 3192 ››

359 3243 541 3304 ctam,
571 3236 687 3294 Deo
720 3235 1045 3308 placentem
1067 3234 1155 3289 86‘?
1186 3257 1216 3286 ››
1249 3233 1454 3291 Omnis
1504 3250 1675 3307 porro
1706 3232 1901 3290 hostia
1957 3231 2015 3287 in

2131 3238 2283 3289 Πᾶσα
2337 3229 2395 3288 δὶ
2451 3235 2609 3304 θυσίᾳ
2667 3231 2744 3295 εἰς
2793 3233 2965 3306 τιμὴν
3026 3235 3160 3288 Θεοῦ
3206 3230 3430 3308 γίνεται.
3463 3230 3675 3302 Ταύτην
3732 3226 3794 3285 δὲ

361 3325 465 3384 Dei
497 3326 776 3382 honorem
808 3325 1073 3382 offertur.
1107 3323 1266 3381 Hanc
1308 3339 1441 3380 vero
1491 3322 1649 3380 Patri
1679 3328 1736 3379 et
1788 3321 1932 3380 Filio
1964 3325 2021 3379 et

361 3414 607 3486 Spiritui
637 3419 841 3471 sancto
876 3413 935 3469 in
982 3412 1279 3486 baptismo
1327 3413 1506 3470 etiam
1553 3411 1879 3469 obtulimus
1919 3413 2020 3469 ho-

362 3504 560 3573 stiam,
596 3521 709 3560 non
744 3502 977 3560 diverso
1006 3502 1156 3571 loco,
1191 3519 1307 3558 non
1338 3501 1452 3559 alio
1485 3502 1659 3558 modo
1708 3501 2019 3558 honoravi-

365 3611 502 3651 mus
530 3592 762 3650 Patrem
795 3596 853 3649 et
881 3590 1095 3648 Filium
1127 3595 1185 3648 et
1215 3591 1502 3666 Spiritum
1534 3597 1828 3649 sanctum.

434 3684 487 3737 8.
524 3682 770 3738 Perinde
796 3697 932 3738 vero
965 3698 1031 3736 ac
1062 3680 1113 3736 si
1145 3679 1356 3737 fuisset
1403 3698 1438 3737 a
1484 3678 1654 3737 nobis
1696 3680 2020 3753 interroga-

362 3776 481 3839 tus,
515 3788 579 3828 se
612 3772 736 3843 ipse
766 3771 958 3827 denuo
988 3769 1309 3841 interrogat
1340 3787 1353 3825 :
1387 3770 1536 3835 Quid
1576 3786 1712 3842 ergo
1741 3769 1768 3825 ?
1797 3775 2021 3826 creatu-

362 3877 569 3918 ramne
599 3859 747 3916 dicis
779 3858 1065 3932 Spiritum
1097 3859 1400 3915 sanctum?
1430 3858 1550 3915 Erit
1578 3859 1759 3932 igitur
1786 3858 1883 3915 ille
1908 3876 2024 3915 una

358 3966 427 4005 ex
476 3948 809 4005 creaturis!
863 3948 1013 4004 Tum
1058 3947 1173 4004 sibi
1223 3949 1350 4022 ipse
1397 3947 1715 4021 respondet
1746 3965 1758 4004 :
1791 3948 1848 4005 Si
1877 3947 2020 4005 scri-

360 4043 530 4112 ptum
576 4042 687 4108 est,
742 4037 996 4106 dico;si
1058 4054 1174 4094 non
1226 4043 1317 4094 est
1368 4039 1678 4111 scriptum,
1720 4056 1836 4095 non
1867 4038 2020 4095 dico.

364 4127 581 4184 lterum
614 4133 807 4183 autem
839 4126 895 4182 id
929 4126 1041 4182 sibi
1091 4126 1314 4198 objicit,
1365 4127 1536 4199 quasi
1596 4144 1629 4183 a
1678 4127 1847 4183 nobis
1880 4126 2019 4184 alla-

361 4222 491 4274 tum
528 4216 866 4289 :Scriptum
899 4219 1008 4283 est,
1040 4215 1249 4287 inquit,
1283 4239 1310 4267 ‹‹
1366 4217 1427 4272 in
1487 4217 1613 4289 ipso
1644 4222 1836 4274 creata
1884 4223 2024 4274 sunt

359 4306 581 4363 omnia.
617 4326 645 4357 ››
676 4306 822 4362 Tum
878 4305 990 4362 sibi
1025 4306 1150 4379 ipse
1194 4306 1509 4379 respondet
1539 4323 1553 4361 :
1589 4312 1663 4363 At
1713 4324 1826 4363 non
1859 4324 2023 4364 com-

359 4395 706 4452 munionem
738 4394 913 4452 habet
946 4411 1082 4451 cum
1125 4395 1404 4452 omnibus
1451 4395 1709 4469 Spiritus
1757 4404 2021 4469 sanctus,

358 4502 492 4543 cum
525 4484 604 4542 sit
639 4485 872 4541 unicus.
910 4483 1107 4557 Neque
1139 4484 1296 4540 enim
1327 4485 1635 4541 nominum
1686 4486 2025 4542 communio

2131 3322 2324 3397 Πατρὶ,
2356 3321 2446 3377 καὶ
2508 3322 2635 3393 Υἱῷ,
2693 3321 2783 3377 καὶ
2830 3320 2967 3398 ἁγίῳ
3026 3320 3303 3395 ΙΙνεύματι
3362 3319 3791 3396 προσηγάγομεν

2128 3411 2224 3466 κᾶν
2277 3410 2357 3484 τῷ
2409 3410 2763 3488 βαπτίσματι,
2822 3409 2923 3466 οὐκ
2971 3409 3023 3465 ἐν
3083 3406 3329 3487 διαφόρῳ
3367 3409 3544 3483 τόπῳ,
3577 3406 3706 3465 οὐδὲ
3735 3407 3790 3465 έν

2131 3499 2291 3575 ἄλλῳ
2319 3502 2511 3575 τρόπῳ
2538 3503 2867 3575 τιμήσαντες
2929 3500 3167 3574 Πατέρα,
3196 3498 3287 3555 καὶ
3318 3499 3466 3573 Υίὸν,
3498 3499 3588 3555 καὶ
3637 3500 3791 3576 ἅγιον

2135 3592 2378 3664 Πνεῦμα.

2203 3684 2255 3738 8.
2291 3679 2388 3735 Καὶ
2420 3675 2497 3734 ἔτι
2532 3678 2720 3734 ἑαυτὸν
2750 3677 2944 3753 ἐρωτᾷ,
2978 3678 3053 3741 ὡς
3105 3678 3233 3756 παρ’
3280 3679 3443 3751 ἡμῶν
3498 3677 3793 3753 ἐπερωτώ-

2136 3789 2315 3843 μενος·
2374 3768 2435 3822 Τί
2486 3765 2618 3836 οὖν;
2670 3767 2849 3844 λέγεις
2897 3766 2961 3823 τὸ
3012 3768 3232 3841 Πνεῦμα
3274 3767 3516 3841 κτίσμα;
3578 3766 3793 3825 Οὐκοῦν

2133 3856 2277 3913 ἔσται
2308 3862 2414 3912 τῶν
2474 3857 2785 3931 κτισμάτων
2835 3854 2911 3913 ἔν.
2961 3857 3091 3912 Εἶτα
3139 3855 3297 3919 αὐτὸς
3346 3857 3539 3929 ἑαυτῷ.
3571 3855 3639 3912 Εἴ
3695 3857 3793 3931 γέο

2131 3968 2388 4023 γραπται,
2449 3945 2616 4023 λέγω·
2678 3945 2725 4003 at
2776 3943 2835 4002 δὲ
2893 3945 2956 4001 οὐ
3004 3945 3327 4024 γέγραπται,
3368 3944 3431 4001 ού
3463 3944 3631 4021 λέγω.
3689 3945 3792 4001 Καὶ

2130 4036 2295 4094 πάλιν
2328 4038 2502 4110 ἑαυτῷ
2554 4035 2938 4113 ἀνθυποφέρει,
2990 4035 3067 4098 ὡς
3097 4035 3224 4112 παρ’
3280 4037 3443 4109 ἡμῶν
3505 4034 3790 4112 ἐπενεχθέν

2132 4125 2299 4200 αὐτῷ,
2331 4125 2422 4182 καί
2454 4144 2606 4206 φησι*
2641 4124 2969 4203 Γέγραπται,
3015 4123 3099 4180 ὅτι
3134 4148 3163 4177 ιι
3219 4125 3306 4181 Ἐν
3373 4123 3520 4197 αὐτῷ
3573 4123 3791 4195 ἐκτίσθη

2129 4215 2197 4272 τὰ
2227 4216 2415 4273 πάντα.
2464 4240 2492 4270 ››
2550 4215 2651 4271 Καὶ
2700 4214 2861 4277 αὐτὸς
2891 4215 3086 4287 ἑαυτῷ·
3123 4212 3277 4271 Ἀλλ’
3308 4212 3371 4268 οὐ
3400 4219 3794 4270 κοινοποιεῖται

2130 4310 2247 4369 τοῖς
2279 4310 2409 4360 πᾶσι
2444 4301 2734 4378 μοναδικὸν
2766 4300 2825 4357 ὅν
2853 4303 2917 4358 τὸ
2977 4303 3126 4379 ἅγιον
3189 4305 3431 4377 Πνεῦμα.
3486 4301 3564 4363 Ού
3616 4302 3723 4378 γὰρ
3752 4305 3790 4374 ἡ

2132 4394 2390 4465 κοινότης
2443 4398 2553 4449 τῶν
2613 4391 2810 4465 λέξεων
2871 4397 3265 4449 κοινοποιεῖται
3297 4392 3392 4455 τὰς
3438 4391 3640 4471 φύσεις·
3675 4391 3792 4448 ἐπεὶ

2136 4481 2239 4558 ἄρα
2269 4483 2535 4556 ὁμοτιμία
2592 4482 2644 4537 έν
2698 4486 2816 4544 τοῖς
2873 4481 3186 4556 κτίσμασιν.
3253 4482 3445 4555 Ἡμεῖς
3507 4478 3566 4536 δὲ
3622 4480 3790 4538 πάλιν

353 4574 850 4634 communionem
883 4574 1050 4631 affert
1079 4578 1427 4631 naturarum
1461 4592 1474 4631 :
1509 4573 1773 4649 alioquin
1819 4593 2015 4633 omnes

2133 4573 2269 4649 πρὸς
2295 4576 2482 4626 ταῦτα’
2540 4570 2603 4626 Εἰ
2661 4564 2830 4648 φόϐον
2887 4575 3019 4628 Θεοῦ
3079 4575 3225 4646 εἶχεν
3284 4571 3320 4640 ἡ
3351 4566 3548 4645 καρδία
3572 4590 3692 4641 σου,
3727 4570 3789 4627 οὐ

354 4670 633 4722 creaturae
666 4664 935 4736 ejusdem
979 4667 1178 4720 essent
1215 4663 1548 4737 dignitatis.
1606 4665 1688 4721 Ad
1744 4665 1866 4721 haec
1911 4682 2019 4722 nos

354 4755 572 4811 iterum
607 4770 622 4810 :
656 4754 715 4810 Si
746 4753 1013 4808 timori-in
1046 4752 1146 4809 Dei
1176 4770 1273 4810 cor
1306 4758 1476 4810 tuum
1508 4753 1770 4824 haberet,
1804 4771 2019 4827 nequa-

356 4859 536 4916 quam
567 4840 907 4913 scripsisset
939 4839 1249 4908 malitiam,
1297 4841 1398 4897 sed
1451 4840 1679 4898 sincere
1708 4841 1848 4912 quid
1883 4858 2015 4897 sen-

355 4933 473 4988 tias
520 4931 765 4988 diceres.
820 4930 944 4986 Non
995 4931 1178 4985 audes
1233 4947 1403 5002 porro
1450 4930 1663 4997 dicere,
1714 4946 1827 4985 non
1861 4930 2016 5001 quod

354 5020 564 5088 Deum,
598 5021 700 5076 sed
734 5019 889 5093 quod
932 5021 1167 5076 turbam
1217 5024 1467 5090 metuas,
1514 5019 2015 5092 quemadmodum

355 5109 662 5177 Pharisaei,
699 5109 798 5180 qui
830 5107 1126 5182 baptisma
1148 5108 1395 5166 Joannis
1429 5108 1727 5164 undenam
1759 5109 2015 5165 essetdi-

362 5216 491 5256 cere
522 5216 638 5255 non
672 5198 986 5254 audebant.
1012 5197 1093 5253 Tu
1129 5214 1261 5254 vero
1296 5203 1562 5252 metuens
1595 5213 1707 5251 non
1733 5195 2013 5263 siles,sed

352 5288 582 5345 clamas
615 5306 629 5344 :
662 5289 730 5343 ad
763 5304 861 5342 eos
894 5303 1064 5359 porro
1105 5286 1326 5343 clamas
1370 5286 1470 5357 qui
1523 5286 1702 5358 probe
1776 5292 2016 5354 norunt,

361 5378 504 5450 quid
564 5376 642 5433 sit
700 5402 719 5425 -
781 5391 1068 5432 venenum
1130 5374 1403 5446 aspidum
1488 5376 1599 5431 sub
1676 5374 1849 5432 labiis
1925 5392 2016 5433 co-

352 5482 484 5521 rum
514 5465 613 5519 37.:
658 5463 934 5521 Pharisaei
968 5470 1164 5520 autem
1192 5462 1278 5520 sic
1309 5464 1465 5535 apud
1497 5480 1559 5520 se
1594 5464 2017 5525 ratiocinaban-

428 5679 472 5714 ³⁵
495 5677 668 5736 Joan.
698 5695 755 5734 v.
784 5680 875 5737 23.
951 5680 994 5716 ³⁸
1026 5678 1193 5738 Rom.
1226 5695 1327 5753 xu,
1365 5680 1413 5736 1.
1489 5681 1532 5715 ³⁷
1566 5678 1721 5739 Psal.
1756 5695 1881 5754 xm,
1918 5681 1973 5735 3.

2131 4663 2365 4741 γέγραφε
2395 4660 2682 4738 πονηρίαν,
2715 4658 2845 4716 ἀλλ’
2873 4658 2926 4731 ἐξ
2960 4658 3167 4725 εὐθείας
3212 4654 3411 4736 ἔλεγες,
3446 4658 3478 4714 ὅ
3519 4658 3787 4738 έφρόνεις.

2127 4746 2286 4826 Φοϐᾖ
2338 4747 2395 4806 δὲ
2446 4748 2638 4824 ε”πεῖν,
2690 4748 2754 4806 οὗ
2804 4750 2896 4805 τὸν
2929 4748 3060 4806 Θεὸν
3094 4744 3459 4829 φοϐούμενος,
3519 4746 3669 4806 ἀλλὰ
3694 4749 3785 4805 τὸν

2126 4836 2323 4917 ὄχλον,
2355 4841 2430 4904 ὡς
2462 4841 2513 4895 οἱ
2546 4845 2837 4918 Φαρισαῖοι
2867 4839 2931 4895 τὸ
2979 4839 3261 4916 βάπτισμα
3308 4837 3560 4896 Ἰωάννου
3609 4834 3786 4917 φοϐη-

2127 4931 2303 4993 θέντες
2353 4930 2545 5000 εἰπεῖν,
2594 4928 2758 4995 πόθεν
2808 4932 2898 4999 ἦν.
2933 4928 3029 5007 Καί
3059 4923 3404 5008 φοϐούμενος
3435 4927 3498 4983 ού
3552 4933 3783 5001 σιωπᾷς,

2125 5017 2273 5075 ἀλλὰ
2305 5020 2458 5096 βοᾷς’
2499 5021 2629 5096 βοᾷς
2660 5016 2717 5074 δὲ
2743 5024 2861 5080 τοῖς
2891 5015 3083 5089 εῗδόσσ,
3113 5017 3169 5073 τί
3200 5016 3364 5090 ἐστιν,
3411 5042 3440 5072 ‹‹
3488 5018 3572 5081 ἰὸς
3619 5016 3777 5073 ἀσπίυ

2127 5104 2234 5164 δων
2269 5107 2373 5164 ὐπὸ
2428 5108 2495 5163 τὰ
2543 5106 2712 5185 χείλη
2746 5106 2944 5165 αὐτῶν.
2980 5130 3009 5159 ››
3040 5107 3140 5161 Καὶ
3168 5106 3270 5183 γὰρ
3301 5104 3670 5184 διελογίσαντο
3726 5106 3777 5160 0i.

2127 5203 2440 5274 Φαρισαῖοι·
2480 5221 2507 5251 ‹‹
2542 5197 2663 5253 Ἐὰν
2700 5195 2965 5271 ἐπωμεν,
2998 5197 3086 5267 Ἐξ
3117 5195 3370 5271 ούρανοῦ,
3405 5195 3537 5274 ἐρεν
3590 5198 3682 5251 Διά
3729 5194 3779 5250 τί

2160 5286 2187 5307 τ
2295 5286 2307 5305 ³
2381 5284 2406 5341 ἒ
2580 5285 2594 5306 Ι
2803 5285 2816 5303 ν
2865 5289 2892 5301 ⁸*
2934 5304 2946 5318 .
3053 5286 3068 5305 ἢ
3118 5285 3169 5340 ἐκ
3287 5285 3307 5305 )-

2126 5307 2218 5343 ουν
2253 5308 2351 5342 ουκ
2409 5306 2729 5342 πιστεύσατε
2758 5306 2906 5357 αυτῳ
2934 5329 2948 5354 ,
2979 5307 3070 5340 και
3146 5306 3207 5340 αν
3258 5306 3522 5360 ε.πωμεν,
3582 5285 3670 5357 Ἐξ
3698 5283 3783 5339 ἆν-

2127 5376 2383 5453 θρώπων,
2416 5370 2732 5453 φοϐούμεθα
2760 5375 2853 5430 τὸν
2884 5371 3078 5450 ὄχλον.
3114 5398 3143 5428 »
3172 5380 3342 5431 Τοῦτο
3372 5376 3462 5431 καὶ
3492 5374 3652 5437 αὐτὸς
3674 5371 3787 5431 δια-

2128 5463 2352 5540 λογίζῃ.
2415 5465 2536 5520 Ἐὰν
2594 5459 2858 5537 εἴπωμεν,
2919 5464 3033 5523 Οὐκ
3088 5461 3199 5521 ἔστι
3274 5464 3499 5540 κτίσμα,
3579 5462 3782 5540 ἐροῦσι·
