4104 6380
197 387 347 446 1301

1261 385 1575 448 CONTRA
1623 380 2016 443 MACEDON.
2065 384 2458 450 DIALOGUS
2503 390 2556 453 Ι.

3458 393 3614 455 1302

191 520 291 573 Διὰ
337 514 393 572 τί
442 516 535 572 οὗν
587 516 650 573 οὖ
699 523 1021 593 προσκυνεῖς
1073 517 1253 590 αὖτῷ;
1285 516 1404 572 Ἐὰν
1441 514 1604 583 εἶ’πω,
1637 512 1848 586 Κτίσμα

1964 521 2059 571 tur
2092 533 2103 571 :
2140 540 2168 567 «
2203 519 2263 573 Si
2316 520 2660 590 dixerimus,
2692 521 2733 576 E
2765 520 2928 588 caelo,
2973 521 3126 577 dicet
3176 523 3344 580 nobis
3379 543 3390 580 :
3427 526 3615 592 Quare

190 602 472 684 φοϐοῦμαι
502 607 591 662 καὶ
622 608 713 662 τὸν
747 603 944 684 ὄχλον.
980 611 1038 666 Ὁ
1088 610 1191 682 γὰρ
1243 605 1374 669 λαὸς
1427 606 1561 666 ἅπας
1626 597 1846 658 M0060-

189 695 376 767 λήσει,
411 699 580 770 ἡμᾶς,
611 696 1016 771 ἀποταξάμενος
1042 702 1110 771 τῇ
1143 697 1336 764 κτίσει,
1386 697 1475 750 καὶ
1524 691 1847 765 συνταξάμε-

185 807 281 848 νος
352 786 550 862 ΙΙατρὶ,
605 788 696 841 καί
753 788 884 859 Υὶῷ,
940 788 1029 842 καὶ
1082 787 1222 863 ἁγίῳ
1292 785 1585 858 Πνεόματι.
1642 782 1702 835 Τί
1756 779 1846 835 οὖν

183 881 404 946 ποιεῖς;
438 875 648 948 Κτίσμα
683 876 856 953 λέγων
888 877 1140 953 κρύπτεις
1173 877 1264 930 τὸν
1322 873 1504 943 δόλον,
1573 872 1662 926 καὶ
1719 871 1849 925 αὐτὸ

181 966 603 1034 κατασκευάζεις
665 966 918 1040 εἰρηκώς·
983 964 1138 1022 Ἀλλ’
1179 965 1241 1019 οὐ
1298 968 1684 1020 κοινοποιεῖται
1731 965 1848 1022 τοῖς

181 1061 341 1124 πᾶσι,
381 1052 670 1128 μοναδικὸν
706 1055 788 1124 6'v,
820 1055 884 1110 16
917 1057 1070 1129 ἅγιον
1103 1057 1345 1127 Πνεῦμα.
1379 1053 1449 1107 Οὐ
1488 1053 1589 1128 γὰρ
1637 1053 1670 1104 '6
1732 1070 1848 1104 κοι-

182 1144 355 1215 νότης
411 1149 520 1198 τῶν
582 1143 777 1215 λέξεων
839 1149 1231 1199 κοινοποιεῖται
1286 1143 1383 1203 τὰς
1442 1141 1644 1219 φύσεις.
1701 1139 1849 1192 Ἐπεὶ

189 1234 294 1310 ἄρα
323 1233 471 1288 ἔσται
502 1232 770 1306 ὁμοτιμία
811 1231 862 1287 ἐν
893 1238 1010 1295 τοῖς
1041 1232 1348 1305 κτίσμασινο
1384 1230 1413 1285 6'
1462 1231 1593 1284 ἐστι·
1641 1226 1849 1300 κτίσμα

191 1325 290 1397 μὲν
351 1323 518 1390 ἐστιν,
579 1321 678 1377 οὐκ
722 1320 832 1377 ἔστι
865 1320 922 1376 δὲ
952 1322 1220 1396 ὁμότιμον
1252 1327 1367 1382 τοῖς
1400 1319 1707 1392 κτίσμασιν.
1761 1318 1848 1378 Ὦς

187 1415 237 1468 εἰ
299 1410 454 1488 ἔλεγὲ
499 1431 602 1474 τις·
662 1413 723 1468 Ὁ
772 1411 934 1481 ἥλιος
985 1409 1276 1484 μοναδικόν
1309 1409 1448 1465 ἐστιν
1482 1411 1698 1483 ἄστρον,
1759 1406 1846 1461 καὶ

187 1501 299 1558 οὐκ
355 1499 490 1556 ἔστιν
546 1499 815 1575 ὁμότιμον
865 1505 984 1562 τοῖς
1037 1499 1277 1575 άστράσι.
1334 1502 1445 1557 Πᾶν
1481 1498 1672 1574 ἄστρον
1707 1497 1845 1551 ἐστὶν

184 1591 562 1669 ἡμεροφανές,
594 1589 690 1645 κᾶν
722 1591 796 1663 μή
832 1597 1210 1659 κοινοποιῆται
1240 1595 1355 1650 τοῖς
1389 1586 1580 1649 ἄλλοις
1611 1585 1846 1658 ἄστροις.

183 1682 291 1737 Καὶ
322 1680 379 1735 τί
409 1680 550 1735 ἐστιν
580 1675 929 1754 ἀσεϐέστερον
957 1684 1057 1733 τοῦ
1091 1680 1258 1734 εἰπεῖν
1304 1677 1504 1751 κτίσμα
1557 1677 1620 1731 τὸ
1678 1680 1846 1731 Πνεῦ-

189 1792 269 1845 μα
322 1771 388 1825 τὸ
448 1771 623 1845 ἅγιον,
681 1768 933 1845 λὲγοντος
992 1774 1088 1823 τοῦ
1147 1769 1295 1840 Υἲοῦ,
1358 1767 1438 1822 6'11
1506 1792 1525 1816 α
1587 1765 1698 1820 Οὐκ
1732 1765 1849 1819 ἐστὶ

191 1860 351 1934 ὑμεῖς
383 1859 434 1914 οἱ
496 1857 811 1930 λαλοῦντες,
864 1856 1009 1912 ἀλλά
1063 1858 1125 1911 τὸ
1168 1853 1390 1930 Πνεῦμα
1419 1859 1516 1910 τοῦ
1549 1855 1759 1930 Πατρὸς
1788 1853 1848 1908 τὸ

181 1947 401 2004 λαλοῦν
465 1947 518 2002 ἐν
576 1947 725 2020 ὑμῖν.
785 1970 813 1998 ι)
873 1946 1049 2001 Αὐτοῦ
1095 1945 1353 2021 λὲγοντος
1383 1947 1444 2000 τὸ
1478 1948 1699 2017 Πνεῦμα
1753 1947 1849 1998 τοῦ

191 2039 421 2115 Ιῐατρὸς
449 2043 606 2104 εῖναι,
637 2036 700 2092 σὺ
755 2042 871 2099 πῶς
913 2037 1113 2109 κτίσμα
1162 2037 1292 2091 αὐτὸ
1341 2035 1554 2110 λέγεις
1619 2038 1743 2095 Πῶς
1795 2030 1854 2087 δὲ

181 2127 289 2183 οὐκ
318 2126 537 2188 ἀκούεις
568 2131 664 2181 τοῦ
708 2126 920 2202 Πατρὸς
964 2123 1245 2200 λὲγοντος·
1299 2150 1325 2175 ‹‹
1384 2126 1470 2178 Ἐν
1526 2128 1646 2186 ταῖς
1695 2121 1854 2198 ἐσχά-

180 2239 306 2279 ταις
339 2217 575 2292 ἡμέραις
607 2215 786 2291 ἐκχεῶ
816 2214 922 2270 ἀπὸ
955 2215 1050 2270 τοῦ
1084 2213 1400 2287 Πνεύματός
1455 2235 1558 2286 μου
1611 2212 1698 2268 ἐπὶ
1747 2218 1849 2266 πᾶ-

185 2329 287 2362 σαν
320 2307 511 2382 σάρκα·
552 2330 579 2356 ››
611 2305 700 2359 καὶ
733 2303 832 2359 ἔτιθ
866 2328 893 2356 ‹‹
947 2301 1085 2358 Ἰδοὒ
1118 2305 1145 2358 6
1180 2306 1319 2366 Παῖς
1363 2325 1467 2375 μου
1499 2305 1526 2357 ὁ
1576 2299 1850 2373 ἐκλεκτὸς,

187 2397 273 2459 εἷς
309 2394 368 2450 ὅν
399 2393 688 2465 εὐδόκησεν
717 2397 752 2464 ἡ
785 2398 938 2469 ψυχη
976 2412 1098 2466 μου·
1144 2395 1294 2462 θήσω
1348 2392 1412 2447 τὸ
1465 2390 1685 2463 Πνεῦμά
1745 2411 1854 2462 μου

191 2486 284 2542 ἐπ’
344 2485 544 2553 αὖτόν;
631 2509 651 2534 ι
717 2483 814 2538 Καὶ
874 2483 1009 2557 πρὸς
1063 2481 1278 2543 τούτοις
1332 2483 1359 2535 ὁ
1421 2481 1623 2556 Πέτρος
1681 2477 1850 2554 λέγει·

187 2580 378 2648 Ὑμεῖς
439 2572 723 2628 ἐπίστασθε
779 2573 843 2626 τὸ
885 2571 1175 2648 γενόμενον
1229 2570 1379 2646 ῥῆμα
1418 2571 1536 2634 καθ’
1563 2567 1700 2638 ὅλης
1757 2574 1856 2638 τῆς

193 2661 487 2726 Ἰουδαίας·
563 2662 860 2738 ἀρξάμενον
931 2663 1032 2737 γάρ
1090 2660 1194 2715 ἀπὸ
1251 2658 1545 2720 Γαλιλαίας
1607 2659 1739 2730 μετὰ
1794 2658 1855 2714 τὸ

197 2754 510 2830 βάπτισμα,
545 2751 574 2806 6'
605 2750 858 2826 ἐκήρυξεν
897 2751 1176 2820 Ἰωάννης,
1217 2750 1430 2819 Ἰησοῦν
1459 2748 1548 2802 τὸν
1608 2748 1713 2802 ἀπὸ
1745 2754 1852 2801 Να-

195 2843 380 2920 ζαρὲτ,
416 2842 490 2903 ὡς
521 2839 735 2916 ἔχρισεν
790 2839 949 2894 αὐτὸν
1012 2841 1040 2894 6
1084 2839 1211 2899 Θεὸς
1266 2835 1539 2910 Πνεύματι
1589 2835 1728 2912 ἁγίῳ
1766 2835 1854 2890 καὶ

193 2930 447 3004 δυνάμει.
505 2955 532 2981 n
565 2932 706 3005 Ἀρα
732 2934 811 3001 τῷ
841 2928 1034 2984 ἑαυτοῦ
1065 2928 1318 3000 κτίσματι
1348 2925 1561 3002 χρίεται
1615 2927 1642 2980 6
1695 2925 1854 2995 Υἱός;

192 3021 294 3076 Καὶ
354 3025 474 3082 πῶς
533 3019 633 3075 οὑκ
673 3018 906 3089 ἀνόητον
962 3019 1130 3072 εἰπεῖν
1186 3022 1382 3085 τοῦτο;
1421 3015 1516 3070 Καὶ
1547 3014 1705 3077 αὐτὸς
1739 3012 1796 3069 δὲ
1828 3015 1855 3069 ὁ

195 3112 320 3173 Υἱὸς
351 3109 513 3186 λέγει·
549 3133 577 3159 ι(
621 3111 842 3182 Πνεῦμα
873 3106 1076 3182 Κυρίου
1108 3105 1194 3162 ἐπ’
1221 3105 1337 3178 ἐμὲ,
1373 3106 1434 3160 οῦ
1465 3102 1641 3160 ἕνεκεν
1701 3099 1854 3180 ἔχρι-

198 3200 261 3256 σε
315 3220 398 3273 με.
443 3197 902 3273 Εὐαγγελίσασθαι
935 3201 1184 3272 πτωχοῖς
1213 3193 1516 3249 ἀπέσταλκε
1550 3215 1634 3266 με.
1676 3218 1702 3244 ››
1753 3191 1854 3248 Καὶ

1960 622 2097 677 ergo
2132 625 2242 662 non
2294 611 2630 666 credidistis
2661 610 2742 665 illi
2771 610 2798 664 ?
2826 610 2881 664 Si
2915 615 3110 666 autem
3159 612 3503 682 dixerimus,
3537 615 3616 670 Ex

1963 695 2300 752 hominibus
2329 716 2340 754 :
2365 701 2642 755 timemus
2670 700 3016 754 turbam”?-
3047 701 3129 755 Ita
3151 718 3282 757 vero
3310 708 3433 759 tute
3455 705 3610 776 apud

1958 789 2014 840 te
2049 788 2416 843 ratiocinaris
2452 807 2463 843 :
2500 789 2558 843 Si
2590 789 3065 859 dixerimus,Non
3097 795 3186 844 est
3215 794 3611 860 creatura,di-

1960 881 2093 930 cent
2124 893 2136 929 :
2172 879 2359 942 Quare
2409 895 2545 950 ergo
2581 896 2694 933 non
2729 879 2940 933 adoras
2987 878 3156 934 illum
3180 880 3208 933 ?
3236 880 3337 935 Sin
3391 882 3610 950 dixero,

1959 964 2237 1020 Creatura
2268 972 2378 1035 est,
2408 970 2584 1023 timeo
2607 973 2664 1023 et
2694 985 2798 1040 ego
2831 968 3088 1023 turbam.
3121 971 3325 1025 Omnis
3357 988 3612 1043 namque

1961 1055 2213 1125 populus
2263 1055 2549 1127 lapidabit
2599 1074 2726 1125 nos,
2761 1057 2861 1128 qui
2905 1062 3188 1114 creaturae
3236 1060 3609 1132 renuntiavit,

1961 1144 2333 1215 adhaeretque
2356 1145 2686 1214 Patri,Filio
2708 1153 2765 1202 et
2782 1146 3027 1218 Spiritui
3049 1153 3270 1202 sancto.
3297 1148 3444 1212 Quid
3473 1165 3610 1221 ergo

1960 1233 2150 1289 facis?
2190 1235 2527 1290 Creaturam
2573 1252 2706 1290 cum
2759 1236 2926 1305 dicis,
2980 1235 3180 1291 dolum
3230 1237 3508 1303 occultas,
3542 1238 3612 1294 il-

1958 1321 2178 1394 ludque
2209 1340 2456 1395 apparas
2487 1341 2621 1380 cum
2655 1325 2801 1380 dicis
2838 1342 2849 1380 :
2885 1327 2954 1380 Αι
2986 1342 3100 1380 non
3131 1327 3611 1383 communionem

1959 1411 2136 1467 habet
2167 1429 2298 1466 cum
2335 1414 2609 1468 omnibus
2642 1412 2895 1486 Spiritus
2929 1419 3188 1484 sanctus,
3213 1432 3344 1470 cum
3380 1417 3456 1472 sit
3479 1416 3612 1472 uni-

1959 1517 2084 1555 cus.
2119 1501 2314 1572 Neque
2341 1502 2496 1556 enim
2532 1503 2838 1557 nominum
2871 1503 3210 1558 communio
3245 1505 3612 1561 communio-

1961 1606 2090 1644 nem
2126 1591 2292 1646 aﬂ'ert
2342 1597 2709 1646 naturarum.
2743 1592 2899 1647 Alias
2947 1593 3164 1665 quippe
3193 1610 3399 1650 omnes
3452 1610 3612 1651 crea-

1959 1684 2102 1734 tura:
2130 1679 2432 1751 dignitatis
2489 1681 2754 1751 ejusdem
2788 1687 2986 1737 essent
3019 1699 3030 1736 :
3064 1682 3171 1738 hoc
3202 1688 3310 1753 est,
3343 1688 3612 1740 creatura

1961 1768 2200 1840 quidem
2233 1775 2342 1836 est,
2377 1787 2489 1824 non
2525 1775 2720 1825 autem
2754 1772 2995 1843 aequalis
3025 1775 3303 1828 creaturae
3335 1778 3475 1829 sunt
3504 1773 3608 1829 ho-

1961 1858 2141 1914 noris.
2192 1863 2271 1913 Ac
2322 1860 2369 1914 si
2423 1859 2642 1915 diceret
2688 1859 2903 1932 aliquis
2946 1875 2959 1916 :
3011 1861 3108 1915 Sol
3167 1861 3464 1933 singulare
3522 1867 3612 1918 est

1959 1952 2332 2016 astrum,nec
2362 1965 2562 2020 parem
2595 1966 2727 2004 cum
2759 1966 2825 2005 eo
2855 1949 3202 2022 dignitatem
3234 1950 3454 2006 habent
3484 1951 3609 2008 alias

1961 2037 2162 2092 stellae.
2197 2038 2384 2092 Omne
2415 2038 2580 2092 sidus
2612 2039 2672 2092 in
2703 2038 2797 2093 die
2826 2037 3001 2105 lucet,
3035 2039 3265 2095 etiamsi
3300 2056 3612 2097 commune

1963 2125 2108 2181 nihil
2143 2125 2355 2183 habeat
2383 2143 2533 2186 cum.
2549 2128 2772 2183 caeteris
2824 2127 3020 2183 astris.
3056 2133 3250 2200 Ecqua
3281 2131 3469 2200 major
3499 2131 3614 2186 im-

1965 2216 2151 2286 pietas
2182 2233 2356 2288 quam
2393 2220 2722 2272 creaturam
2756 2216 2948 2272 dicere
2981 2217 3133 2272 478
3166 2217 3450 2290 Spiritum
3483 2237 3620 2276 san-

1965 2309 2145 2372 ctum,
2181 2322 2314 2360 cum
2347 2306 2503 2360 dicat
2536 2305 2715 2361 Filius
2751 2324 2762 2360 :
2797 2330 2823 2356 ‹‹
2858 2306 2982 2362 Νοιι
3014 2306 3172 2362 enim
3205 2325 3309 2363 vos
3338 2307 3481 2363 estis
3514 2309 3619 2380 qui

1965 2394 2298 2466 loquimini,
2329 2396 2428 2450 sed
2461 2395 2714 2467 Spiritus
2766 2395 2952 2451 Patris
2984 2396 3181 2464 vestri,
3217 2397 3318 2469 qui
3356 2397 3624 2469 loquitur

1966 2485 2023 2538 in
2055 2484 2220 2540 vobis
2250 2485 2351 2536 ³ο.»
2377 2485 2518 2540 Cum
2543 2485 2698 2540 dicat
2716 2484 2864 2556 ipse,
2897 2484 3177 2556 Spiritum
3208 2486 3394 2544 Patris
3425 2487 3620 2559 ipsum

1965 2589 2114 2642 esse,
2149 2590 2254 2628 cur
2287 2578 2346 2628 tu
2379 2577 2708 2628 creaturam
2743 2572 3086 2628 dicas?Cur
3109 2573 3336 2628 Patrem
3371 2590 3485 2630 non
3518 2591 3624 2630 au-

1965 2662 2058 2716 dis
2091 2662 2378 2716 diccntem
2415 2678 2426 2716 :
2463 2684 2489 2710 ‹‹
2527 2662 2587 2716 In
2622 2661 2956 2716 novissimis
2986 2661 3196 2716 diebus
3227 2662 3528 2718 etl'undam
3552 2663 3625 2720 de

1966 2751 2186 2824 Spiritu
2238 2768 2365 2806 meo
2397 2767 2574 2822 super
2603 2767 2838 2806 omnem
2885 2767 3121 2806 carnem
3153 2751 3216 2820 ιο,
3253 2774 3281 2800 ››
3314 2752 3573 2824 itemque
3607 2770 3620 2808 :

1969 2863 1996 2890 ‹‹
2029 2842 2169 2896 Ecce
2201 2845 2350 2896 Puer
2379 2857 2546 2896 meus
2575 2839 2884 2904 electus,in
2917 2855 3092 2910 quem
3123 2841 3478 2913 complacuit
3508 2843 3620 2898 sibi

1966 2934 2164 2985 anima
2188 2946 2316 2985 mea
2345 2946 2358 2986 :
2384 2946 2595 3001 ponam
2620 2928 2903 3000 Spiritum
2926 2945 3122 2985 meum
3149 2946 3328 3002 super
3351 2947 3484 2986 eum
3509 2932 3622 2987 ιιι»

1966 3020 2049 3075 Ad
2084 3019 2204 3074 haec
2239 3020 2440 3074 Petrus
2487 3019 2573 3075 ait
2605 3038 2617 3079 :
2653 3042 2679 3068 ‹‹
2715 3023 2830 3074 Vos
2881 3019 3046 3075 scitis
3078 3021 3229 3090 quod
3282 3021 3499 3077 factum
3533 3025 3623 3078 est

1966 3111 2205 3164 verbum
2241 3125 2342 3182 per
2371 3110 2705 3164 universam
2734 3109 3000 3165 Judaaam
3029 3126 3041 3166 :
3085 3110 3370 3182 incipiens
3398 3111 3554 3166 enim
3588 3128 3623 3167 a

1967 3198 2201 3254 Galilsaa
2235 3203 2366 3270 post
2398 3199 2759 3271 baptismum
2792 3200 2947 3272 quod
2982 3199 3320 3270 praedicavit
3342 3204 3621 3272 Joannes,

196 3291 231 3344 6
288 3289 488 3362 Πέτρος
547 3285 606 3342 δὲ
653 3286 704 3342 ἐν
753 3293 872 3348 ταῖς
924 3286 1154 3362 Πράξεσι
1200 3290 1306 3339 τῶν
1340 3282 1659 3339 ἀποστόλων
1712 3281 1850 3356 λέγει

1966 3287 2167 3343 Jesum
2203 3305 2235 3342 a
2270 3281 2530 3358 Nazaret,
2567 3289 2862 3359 quomodo
2911 3288 3080 3344 unxit
3107 3305 3240 3345 eum
3288 3289 3442 3345 Deus
3494 3290 3622 3362 Spi-

191 3377 404 3438 οὕτως·
456 3405 482 3428 (ι
537 3380 622 3451 Τῇ
679 3373 824 3447 δεξιᾷ
876 3376 968 3430 οὖν
1003 3379 1100 3430 τοῦ
1149 3378 1282 3430 Θεοῦ
1335 3373 1584 3448 ὑψωθεὶς,
1641 3374 1740 3442 τὴν
1800 3370 1857 3427 δὲ

191 3466 528 3544 ἐπαγγελίαν
586 3471 683 3522 τοῦ
742 3465 896 3542 ἁγίου
958 3464 1273 3538 Πνεύματος
1326 3458 1510 3520 λαϐὼν
1566 3463 1711 3538 παρὰ
1756 3467 1853 3517 τοῦ

190 3557 414 3634 Πατρὸς
444 3555 628 3633 ἐδέχεε
656 3559 840 3627 τοῦτο,
876 3554 904 3610 6'
938 3555 1091 3627 ὑμεῖς
1121 3553 1354 3630 βλέπετε
1399 3553 1489 3608 καὶ
1548 3551 1787 3607 ἀκούετε.
1827 3578 1846 3605 ››

190 3650 340 3722 ’Δρα
399 3645 429 3700 ὅ
488 3646 646 3708 αὐτὸς
696 3644 893 3712 ἔκτισε,
953 3638 1219 3717 λαμϐάνει
1277 3643 1423 3718 παρὰ
1467 3646 1564 3696 τοῦ
1598 3642 1851 3717 ΙΙατρός;

191 3736 283 3793 καὶ
318 3735 418 3792 οὐκ
446 3734 602 3812 ἔσχεν
633 3733 870 3806 ἐξουσίαν
901 3737 998 3788 τοῦ
1058 3733 1249 3788 εαυτοῦ
1303 3731 1634 3805 κτίσματος;
1694 3729 1856 3786 Ἀλλ’

189 3826 355 3901 ἐρεῖς·
419 3831 614 3896 Μεῖζον
674 3825 766 3879 οὗν
796 3823 906 3878 ἐστι
934 3823 997 3878 τὸ
1034 3826 1254 3895 Πνεῦμα
1282 3822 1344 3876 τὸ
1378 3823 1530 3896 ἅγιον
1557 3825 1654 3876 τοῦ
1689 3821 1850 3889 Υὶοῦ;

193 3913 634 3992 Ἀποκρινόμεθά
681 3935 765 3969 σοι
823 3911 1025 3968 τοίνυνθ
1062 3913 1150 3980 Μὴ
1180 3911 1433 3987 γένοιτοί
1469 3908 1658 3972 Οὐδεὶς
1691 3911 1851 3982 ἡμῶν

191 4009 353 4060 τοῦτο
387 4003 555 4081 λέγει.
589 4001 743 4060 Ἀλλ’
776 3999 880 4058 ἔδει
917 4000 1100 4067 αὐτὸν,
1133 3997 1300 4055 δοΰλο
1347 3999 1562 4074 μορφὴν
1597 3993 1852 4068 λαϐόντα,

187 4095 466 4172 χρίεσθαι,
523 4092 628 4147 οὐκ
683 4088 759 4146 ἔτι
821 4089 991 4164 ἐλαίῳ
1045 4094 1124 4162 τῷ
1171 4089 1306 4145 κατὰ
1333 4089 1394 4143 τὸ
1424 4087 1655 4144 παλαιὸν
1687 4109 1849 4142 κατα-

187 4181 576 4256 σκευαζομένῳ
626 4181 1003 4257 προστάγματι
1060 4183 1217 4246 Θεοῦ,
1277 4175 1404 4233 ἀλλ’
1463 4175 1633 4249 ἐλαίῳ
1681 4175 1850 4252 ἀγαλ-

187 4273 426 4334 λιάσεως
481 4271 628 4347 παρὰ
683 4269 810 4332 τοὺς
886 4268 1177 4344 μετόχους.
1232 4292 1260 4319 ‹‹
1323 4266 1440 4340 Διὰ,
1490 4267 1613 4342 γάρ,
1667 4270 1851 4337 τοῦτο,

184 4363 354 4443 φησὶν
389 4362 416 4416 ὁ
448 4355 644 4428 Λαϐἳδ,
677 4356 863 4436 ἔχρισέ
893 4380 950 4412 οε
1003 4358 1031 4412 6
1064 4357 1212 4429 Θεὸς,
1247 4359 1274 4412 6
1323 4356 1451 4418 Θεός
1502 4377 1616 4423 σου,
1670 4353 1850 4411 ἔλαιον

186 4451 572 4531 ἀγαλλιάσεως
595 4450 742 4522 παρὰ
769 4447 895 4510 τοὺς
921 4443 1194 4523 μετόχους
1215 4468 1331 4503 σου.
1361 4472 1380 4498 ιι
1403 4479 1469 4488 —
1493 4471 1518 4498 ‹‹
1550 4445 1646 4500 Διά
1668 4450 1852 4513 τοῦτο,

185 4529 353 4598 ποῖον
386 4541 530 4612 ;6'11,
562 4539 693 4600 Θεὸς
727 4537 799 4592 ὥν
832 4537 922 4592 καὶ
953 4537 1096 4608 Υἱὸς,
1144 4537 1359 4614 μορφὴν
1403 4533 1606 4590 δούλου
1638 4529 1849 4591 ἔλαϐεν.

1968 3377 2080 3432 ritu
2140 3383 2340 3432 sancto
2391 3383 2448 3432 et
2479 3381 2691 3433 virtute
2723 3379 2788 3433 ⁴².
2820 3396 2846 3428 η
2884 3377 3077 3434 Suane
3124 3379 3304 3450 igitur
3357 3385 3625 3436 creatura

1970 3467 2210 3539 ungitur
2260 3465 2493 3522 Filius?
2525 3469 2731 3522 Annon
2785 3467 2978 3523 insani
3011 3471 3102 3523 est
3145 3466 3289 3522 illud
3346 3467 3623 3524 effutire?

1962 3557 2092 3628 Ipse
2123 3561 2317 3612 autem
2353 3556 2534 3611 Filius
2567 3557 2649 3611 ait
2675 3574 2724 3613 εί(
2760 3556 3014 3629 Spiritus
3042 3555 3272 3612 Domini
3308 3575 3484 3630 super
3505 3575 3618 3625 me,

1963 3662 2030 3701 eo
2053 3645 2208 3717 quod
2236 3646 2466 3701 unxerit
2489 3662 2602 3700 me.
2635 3645 3043 3719 Evangelizare
3071 3647 3428 3719 pauperibus
3461 3647 3624 3703 misit

1967 3753 2056 3790 me
2085 3736 2147 3790 ⁸³.
2187 3753 2207 3782 ι
2240 3739 2447 3791 Petrus
2494 3751 2628 3791 vero
2662 3734 2782 3790 haec
2814 3736 2896 3790 ait
2944 3735 3005 3790 in
3037 3736 3279 3792 Actibus
3321 3737 3618 3809 apostolo-

1964 3841 2094 3878 rum
2127 3841 2137 3878 :
2179 3848 2197 3873 ι
2235 3824 2478 3880 Dextera
2525 3823 2705 3896 igitur
2734 3824 2836 3880 Dei
2881 3825 3171 3881 exaltatus
3210 3842 3223 3879 :
3257 3831 3313 3880 et
3362 3827 3620 3897 promis-

1963 3914 2126 3970 sione
2156 3913 2410 3987 Spiritus
2441 3913 2626 3969 sancti
2660 3919 2898 3986 accepta
2928 3932 2961 3970 a
2989 3914 3178 3986 Patre,
3211 3914 3420 3972 eﬂ'udit
3463 3915 3622 3973 hunc

1962 4020 2136 4074 quem
2170 4020 2272 4059 vos
2304 4003 2516 4058 videtis
2548 4009 2604 4058 et
2635 4004 2856 4059 auditis
2873 4004 2937 4038 ιδ’
2974 4027 3002 4054 ››
3032 4005 3257 4076 Ergone
3288 4021 3464 4076 quem
3496 4006 3623 4077 ipse

1963 4091 2243 4155 condidit,
2286 4091 2410 4162 ipse
2446 4107 2479 4144 a
2513 4091 2678 4146 Patre
2726 4090 3000 4162 accepit?
3031 4107 3219 4163 neque
3267 4096 3621 4162 potestatem

1963 4180 2170 4235 habuit
2197 4180 2255 4234 in
2311 4184 2638 4234 creaturam
2674 4197 2844 4235 suam
2873 4183 2894 4234 ?
2920 4181 2992 4235 At
3029 4179 3188 4236 dices
3223 4197 3235 4235 :
3270 4180 3457 4252 Major
3485 4197 3622 4253 ergo

1963 4269 2220 4341 Spiritus
2253 4269 2397 4325 Filio
2428 4273 2449 4324 Ρ
2475 4269 2924 4340 Respondemus
2944 4268 3078 4323 tibi:
3113 4269 3282 4324 Absit
3304 4268 3317 4324 l
3342 4270 3620 4325 Nostrum

1962 4375 2132 4413 nemo
2183 4358 2237 4413 id
2300 4355 2460 4413 dicit.
2495 4359 2602 4413 Sed
2666 4357 2924 4430 oportuit
2984 4373 3143 4424 eum,
3177 4374 3312 4413 cum
3370 4358 3623 4415 formam

1962 4447 2114 4502 servi
2147 4448 2490 4520 accepisset,
2529 4448 2668 4519 ungi
2706 4464 2820 4502 non
2857 4445 2954 4501 illo
2988 4447 3226 4518 quidem
3274 4445 3620 4517 01e0,jussu

1963 4537 2061 4592 Dei
2096 4537 2234 4593 olim
2269 4543 2612 4610 praeparato,
2650 4537 2750 4591 sed
2787 4535 2911 4592 oleo
2957 4535 3168 4590 laetitia
3199 4552 3314 4608 prae
3345 4537 3626 4592 consorti'

190 4635 334 4698 bus,
374 4652 400 4683 α
430 4636 748 4702 Propterea
777 4629 959 4694 enim,
993 4626 1135 4681 dicit
1183 4626 1386 4694 David,
1423 4627 1591 4681 unxit
1619 4632 1676 4682 te
1735 4627 1903 4694 Deus,
1937 4625 2092 4682 Deus
2124 4632 2282 4692 tuus,
2335 4626 2456 4682 oleo
2501 4626 2709 4682 laetitia;
2762 4643 2877 4698 prae
2928 4625 3299 4682 consortibus
3346 4625 3466 4682 tuis
3493 4627 3557 4681 “.
3590 4649 3618 4676 ι)

189 4755 260 4764 .-
296 4745 321 4770 ‹‹
360 4724 692 4792 Propterea,
726 4738 753 4766 »
789 4717 929 4789 quid
963 4718 1097 4771 est?
1128 4715 1269 4787 quia
1300 4715 1580 4770 nimirum
1615 4731 1747 4769 cum
1787 4716 1935 4772 Deus
1964 4722 2120 4772 esset
2150 4723 2204 4772 et
2238 4716 2440 4784 Filius,
2472 4717 2720 4770 formam
2752 4713 2903 4770 servi
2933 4714 3180 4786 accepit.

259 4831 321 4884 9.
360 4823 581 4894 Ἐπειδὴ
617 4822 674 4880 δὲ
705 4819 1261 4899 προεπηγγειλάμεθα
1292 4817 1560 4875 δεικνύναι
1590 4821 1653 4875 τὸ
1675 4821 1848 4878 Πνεῦ-

2027 4825 2080 4878 9.
2116 4825 2602 4896 Quandoquidem
2635 4828 2829 4879 autem
2852 4821 3136 4894 Spiritum
3163 4828 3434 4878 sanctum
3465 4824 3620 4895 ejus-

188 4939 267 4992 μα
323 4917 387 4972 τὸ
447 4917 602 4990 ἅγιον
651 4916 753 4980 τῆς
803 4911 968 4980 αὐτῆς
1011 4909 1220 4989 φύσεως
1275 4907 1330 4964 ὅν
1385 4909 1556 4984 Πατρὶ
1595 4909 1683 4964 καὶ
1716 4911 1844 4982 Υῖῷ,

181 5005 508 5067 ἀκολούθως
555 5001 814 5078 διάλογον
866 5000 925 5055 ἐκ
970 4997 1065 5054 δύο
1098 4998 1404 5074 προσώπων
1440 4998 1847 5071 ἐνστησάμενοι,

181 5101 350 5152 τοῦτο
397 5092 564 5166 δεῖξαι
623 5088 1041 5162 σπουδάσωμεν,
1102 5088 1192 5142 σὺν
1254 5087 1502 5160 εὐμενείᾳ
1562 5086 1850 5142 αὐτοῦτοῦ

184 5185 528 5258 Πνεύματος.
566 5181 931 5257 Συντυχόντες
960 5179 1062 5235 τινὶ
1093 5183 1199 5232 τῶν
1229 5179 1294 5232 τὰ
1323 5176 1456 5232 αὐτὰ
1485 5183 1562 5247 τῷ
1586 5176 1848 5252 γράψαντι

181 5275 246 5330 τὸ
325 5271 614 5350 σχεδάριον
691 5269 1060 5350 φρονούντων,
1143 5265 1348 5346 ἔφημεν
1429 5267 1622 5329 οὕτως.
1675 5265 1851 5329 Μόνος

184 5361 336 5441 ἔχειν
390 5364 492 5432 τὴν
553 5360 839 5417 ἀθανασίαν
902 5355 1114 5433 εἶ’ρηται
1164 5359 1190 5412 6
1241 5357 1371 5420 Θεὸς
1403 5358 1548 5426 παρὰ
1574 5363 1654 5430 τῷ
1687 5359 1849 5414 Ἀπο-

187 5453 397 5526 στόλῳ·
455 5479 477 5505 ε
532 5453 592 5512 ‘0
646 5450 806 5525 μόνος
855 5449 981 5525 γὰρ,
1033 5449 1214 5525 φησὶν,
1252 5447 1366 5526 ἔχει
1399 5449 1703 5518 ἀθανασίαν,
1736 5453 1850 5527 φῶς

269 5673 316 5712 ³⁸
347 5672 554 5732 Matth.
601 5686 718 5732 xxx.
768 5670 858 5726 26.

188 5747 242 5786 “
271 5712 748 5820 Ac‘aululiué3fui‘
770 5712 930 5802 F3111.
957 5712 1193 5812 ιιιῖξδῖ

936 5666 986 5704 ³ο
1031 5667 1234 5725 Matth.
1282 5685 1338 5741 x,
1371 5671 1460 5726 20.
1538 5671 1582 5706 ‘°
1627 5669 1753 5727 Joel
1787 5686 1848 5738 ιι,
1881 5669 1972 5727 28.

1958 4914 2090 4969 dem
2123 4921 2296 4985 atque
2347 4919 2517 4969 Pater
2547 4919 2602 4969 et
2650 4913 2836 4970 Filius
2867 4928 2996 4968 esse
3026 4916 3250 4968 naturae
3301 4930 3480 4984 supra
3509 4930 3618 4969 nos

1958 5004 2469 5059 demonstraturos
2495 5002 3088 5075 promisimus,restat
3117 5006 3180 5056 ut
3211 5002 3462 5058 duarum
3486 5019 3616 5074 per-

1961 5109 2240 5147 sonarum
2297 5092 2568 5148 instituto
2627 5091 2882 5163 dialogo,
2926 5089 3072 5146 illud
3127 5090 3346 5162 ipsum,
3393 5092 3620 5148 favente

1965 5183 2132 5238 nobis
2164 5183 2426 5254 ejusdem
2463 5183 2715 5252 Spiritus
2739 5181 2951 5253 gratia,
2981 5180 3288 5236 ostendere
3319 5181 3621 5253 aggredia-

1962 5288 2113 5326 mur.
2149 5273 2204 5325 Si
2241 5272 2374 5343 quis
2422 5272 2599 5342 igitur
2634 5271 2800 5326 nobis
2847 5287 2914 5325 ex
2945 5286 3147 5326 eorum
3179 5286 3423 5326 numero
3472 5272 3620 5326 forte

1961 5362 2300 5430 occurrerit,
2334 5359 2593 5432 quicum
2629 5359 2913 5430 scriptore
2945 5359 3124 5430 hujus
3157 5358 3447 5414 schedulm
3479 5376 3616 5414 sen-

1960 5451 2137 5518 tiunt,
2168 5449 2251 5505 ita
2281 5447 2449 5504 illum
2484 5449 2854 5520 alloquamur
2885 5463 2899 5504 :
2933 5447 3100 5504 Solus
3131 5447 3286 5503 Deus
3317 5447 3620 5505 immorta-

2050 5671 2092 5706 ιι
2133 5670 2239 5725 [sa.
2275 5685 2411 5738 XLII,
2449 5669 2498 5725 1.
2578 5668 2623 5703 ⁴²
2652 5669 2778 5723 Act.
2823 5681 2878 5731 ιι,
2911 5663 3001 5736 37,
3031 5664 3121 5720 38.
3198 5666 3245 5702 ⁴³
3273 5666 3386 5724 Isa.
3418 5683 3527 5740 ui,
3561 5668 3614 5726 l.
