4104 6408
296 384 318 440 1
336 382 454 444 303

292 605 508 678 inquit,
566 604 804 661 «habet
846 604 1378 674 immortalitatem,
1428 605 1619 662 lucem
1670 604 1947 660 habitans

289 694 758 751 inaccessibilem
810 695 874 749 ⁴⁶.
925 717 952 744 ››
1000 695 1198 753 Maced.
1253 696 1463 752 Etiam.
1517 694 1667 752 Orth.
1723 694 1950 751 Habent

290 784 556 840 eamdem
589 788 647 840 et
676 782 889 857 angeli,
913 788 971 840 et
1002 784 1391 858 principatus,
1426 789 1484 841 et
1514 787 1855 857 potestates,
1890 787 1949 840 et

291 873 509 942 throni,
568 877 627 930 et
683 874 1161 931 dominationes?
1217 874 1415 931 Maced.
1480 875 1728 930 Habent.
1781 873 1945 931 Orlh.

291 963 593 1030 Quomodo
624 964 806 1037 igitur
832 963 997 1020 solus
1021 969 1172 1021 Deus
1203 963 1708 1020 immortalitatem
1732 960 1950 1018 habet?

288 1053 487 1110 Maced.
542 1053 688 1118 Quia
733 1054 889 1110 Deus
939 1055 1063 1128 ipse
1112 1059 1202 1111 est
1249 1052 1701 1120 immortalitas;
1754 1052 1949 1124 angeli

286 1159 444 1210 vero,
476 1141 810 1215 archangeli
843 1148 899 1199 et
928 1143 1189 1200 coelestia
1219 1143 1439 1211 omnia,
1480 1140 1951 1197 immortalitatis

288 1230 757 1306 participatione,
812 1232 1169 1290 immortalia
1207 1237 1367 1289 sunt.
1411 1232 1570 1291 Orth.
1605 1230 1788 1287 Filius
1844 1230 1948 1286 Dei

289 1321 544 1377 habetne
572 1321 1129 1379 immortalitatem?
1156 1321 1541 1379 Maced.Plane
1572 1320 1945 1378 habet.0rth.

289 1410 569 1483 Nunquid
601 1415 666 1467 ut
712 1412 901 1479 Pater,
933 1429 1003 1468 an
1057 1416 1121 1468 ut
1167 1411 1426 1469 coelestia
1452 1414 1474 1466 ἓ
1501 1410 1700 1467 Maced.
1736 1410 1806 1467 Ut
1835 1414 1947 1464 Pa~

288 1502 396 1557 ter.
433 1500 592 1557 Orth.
628 1501 928 1567 Quomodo
960 1500 1144 1575 igitur
1188 1502 1352 1558 solus
1403 1502 1569 1557 Pater
1597 1500 1777 1556 habet
1829 1500 1947 1554 im-

291 1588 756 1646 mortalitatem?
793 1590 1000 1648 Maced.
1052 1590 1194 1655 Quia
1243 1589 1574 1647 substantia
1621 1587 1750 1645 Filii
1797 1587 1947 1645 nihil

287 1693 533 1753 prorsus
588 1677 772 1735 variat
828 1696 862 1734 a
919 1680 1257 1737 substantia
1314 1678 1519 1736 Patris.
1566 1677 1731 1736 Orth.
1765 1676 1947 1733 Filius

290 1784 448 1842 ergo,
483 1767 725 1841 perinde
754 1771 820 1824 ut
851 1772 1042 1839 Pater,
1075 1769 1237 1826 solus
1285 1769 1441 1825 Deus
1472 1767 1687 1823 dicitur
1714 1770 1951 1839 prepter

1452 386 1516 443 S.
1551 382 2098 463 ,ATHANASIUS.
2130 415 2209 426 —
2238 380 2547 445 SPURIA.

291 516 515 573 litatem
545 515 761 572 habere
782 515 853 571 ab
880 515 1153 587 Apostolo
1176 515 1393 572 dicitur
1417 533 1428 571 :
1456 539 1484 567 «
1509 515 1681 572 Solus
1703 516 1883 582 enim,
1923 537 1949 564 ››

2069 511 2230 568 οἷ’κῶν
2294 509 2613 588 ἀπρόσιτον.
2672 540 2692 568 ι

3564 384 3721 446 1304

2750 512 2958 574 Μακεδ.
3019 514 3139 573 Nai.
3199 516 3347 592 Ὀρθ.
3379 519 3615 593 Ἔχουσι
3661 514 3723 574 δὶ

2055 601 2147 657 καὶ
2197 603 2249 657 οἱ
2298 604 2547 680 ἄγγελοι,
2593 606 2684 660 καὶ
2729 605 2920 683 ἀρχαὶ,
2971 604 3061 661 καὶ
3106 604 3361 679 ἐξουσίαι,
3387 607 3573 682 θρόνοι
3629 606 3722 662 καὶ

2055 690 2418 768 κυριότητες,
2452 692 2657 751 Μακεδ.
2696 694 2820 752 Ναί,
2852 696 2980 772 Ορθ.
3015 699 3138 759 ῐΙῶς
3172 692 3263 751 οῦν
3301 694 3465 769 μόνος
3511 698 3540 752 6
3591 697 3722 759 Θεὸς

2058 775 2176 857 ἔχει
2203 782 2303 851 τήν
2339 781 2665 855 ἀθανασίαν;
2702 782 2910 842 Μακεδ.
2943 787 3063 841 ’Ότι
3105 786 3134 841 6
3181 786 3310 848 Θεὸς
3368 784 3531 849 αὐτός
3581 784 3725 842 ἐστιν

2058 874 2093 941 ἡ
2153 870 2430 927 ἀθανασία·
2486 874 2537 929 οἱ
2590 871 2647 930 δὲ
2700 872 2925 951 ἄγγελοι
2975 878 3190 953 μετοχῇ
3241 875 3372 931 εἰσιν
3434 876 3722 940 ἀθανασίας

2061 960 2334 1031 ἀθάνατοι,
2380 963 2471 1017 καὶ
2522 963 2575 1017 οὶ
2629 962 2992 1040 ἀρχάγγελοι,
3037 964 3128 1019 καὶ
3177 964 3349 1020 πάντα
3386 965 3454 1020 τὰ
3485 964 3722 1042 ἐπουρά-

2058 1069 2164 1104 νια.
2201 1051 2350 1127 Ὀρθ.
2384 1050 2489 1108 Καὶ
2522 1054 2549 1108 6
2581 1053 2705 1114 Υἱὸς
2736 1057 2832 1108 τοῦ
2864 1057 3000 1108 Θεοῦ
3032 1050 3148 1130 ἔχει
3183 1054 3495 1123 ἀθανασίαν,
3548 1055 3584 1124 ἢ
3619 1052 3722 1125 οὕ;

2061 1137 2269 1197 Μακεδ.
2332 1138 2430 1195 Καὶ
2474 1140 2635 1198 πάνυ.
2681 1142 2809 1216 Ορθ.
2863 1141 3048 1204 Οὕτως
3099 1143 3175 1207 ὡς
3224 1145 3252 1198 6
3304 1145 3515 1220 Πατὴρ,
3564 1147 3600 1214 ἢ
3648 1144 3722 1207 ὠς

2058 1229 2127 1284 τὰ
2157 1227 2482 1305 ἐπουράνια;
2531 1228 2740 1288 Μακεδ.
2792 1232 2880 1293 Ὠς
2933 1232 2961 1286 6
3010 1233 3220 1307 Πατήρ.
3271 1233 3418 1309 Ὀρθ.
3470 1237 3597 1296 Πῶς
3629 1231 3718 1288 οῦν

2064 1317 2229 1393 μόνος
2257 1319 2285 1373 6
2315 1320 2503 1396 Ηατήιρ
2535 1318 2653 1397 ἔχει
2684 1322 2784 1391 τὴν
2818 1321 3106 1385 ἀθανατίαν
3136 1340 3150 1390 ;
3186 1319 3390 1379 Μακεδ.
3429 1324 3550 1377 ’Ὀτι
3581 1321 3714 1378 ἀπα-

2060 1407 2371 1483 ράλλακτός
2401 1408 2512 1465 ἐστι
2544 1412 2662 1466 κατ’
2692 1410 2874 1466 οῦσίαν
2906 1412 2934 1466 6
2993 1411 3118 1473 Υἱὸς
3175 1412 3255 1483 τῷ
3317 1411 3509 1488 [Ιατρί.
3576 1413 3719 1487 Ὀρθ.

2058 1496 2240 1560 Μόνος
2272 1498 2364 1553 οῦν
2398 1500 2526 1562 Θεὸς
2561 1500 2588 1554 ὁ
2619 1500 2769 1571 Υἱὸς,
2802 1501 2876 1563 ὡς
2907 1500 2996 1556 καὶ
3030 1501 3058 1556 6
3104 1502 3317 1576 Πατὴρ,
3368 1499 3583 1577 λέγεται
3634 1499 3727 1557 διὰ

2058 1586 2121 1641 τὸ
2176 1586 2598 1664 ἀπαράλλακτον
2654 1596 2755 1659 τῆς
2805 1589 3034 1661 οὐσίαςς
3090 1587 3298 1648 Μακεδ.
3349 1590 3538 1653 Οὕτως
3571 1587 3723 1668 ἔχειν

2057 1675 2157 1745 τὴν
2200 1675 2481 1733 ἀθανασίαν
2513 1678 2604 1734 τὸν
2638 1679 2762 1734 Υἱὸν
2797 1678 3010 1753 ὁμοίως
3039 1683 3120 1752 τῷ
3164 1679 3335 1755 Πατρῖ
3369 1679 3540 1755 λεγω.
3572 1681 3723 1754 Ὀρθ.

2057 1767 2217 1841 Ἔχει
2260 1786 2318 1821 τε
2366 1766 2457 1822 καὶ
2505 1768 2569 1823 τὸ
2620 1773 2841 1842 Πνεῦμα
2864 1769 2926 1824 τὸ
2960 1770 3111 1846 ἅγιον
3141 1769 3232 1825 καὶ
3261 1770 3361 1839 τὴν
3396 1768 3684 1834 ἀθανασίαν
3712 1789 3726 1839 ;

294 1857 639 1915 invariatam
684 1858 1108 1925 substantiam.
1146 1858 1341 1916 Maced.
1378 1858 1593 1915 Eodem
1649 1858 1822 1913 modo
1856 1855 1947 1914 Fi-

2069 1852 2271 1913 Μακεδ.
2324 1857 2503 1934 Ἔχει.
2554 1858 2699 1933 Ὀρθ.
2744 1858 2929 1921 Οὕτως
2976 1856 3093 1935 ἔχει
3143 1859 3217 1921 ὡς
3267 1859 3295 1913 6
3348 1861 3536 1934 Πατὴρ
3575 1860 3667 1914 καὶ
3698 1861 3727 1914 6

294 1947 441 2003 lium
473 1951 531 2003 et
561 1946 789 2003 Patrem
821 1946 1326 2009 immortalitatem
1360 1947 1575 2003 habere
1607 1945 1756 2001 dico.
1793 1944 1945 2002 Orth.

297 2037 561 2094 Hahetne
585 2052 722 2092 vero
754 2040 813 2092 et
841 2034 1094 2109 Spiritus
1123 2042 1365 2093 sanctus
1396 2035 1904 2092 immortalitatem
1927 2033 1956 2089 ?

298 2126 494 2184 Macati.
528 2126 735 2182 Habet.
769 2126 934 2183 Orth.
967 2126 1193 2182 Siccine
1241 2126 1436 2195 habet,
1471 2129 1537 2181 ut
1568 2126 1734 2182 Pater
1772 2128 1830 2180 et
1859 2122 1954 2180 Fi-

295 2216 435 2286 lius,
466 2233 540 2273 an
571 2218 638 2271 ut
666 2214 854 2289 angeli
888 2220 945 2271 et
975 2215 1340 2290 principatus
1371 2220 1429 2271 et
1459 2219 1949 2287 potestates,par-

289 2304 636 2379 ticipatione
680 2308 738 2359 et
785 2303 1248 2378 gratia?Maced.
1302 2304 1377 2361 Ut
1426 2305 1595 2361 Pater
1644 2308 1701 2359 et
1748 2302 1953 2359 Filius.

291 2397 450 2457 Orth.
484 2395 764 2468 Ejusdem
795 2411 934 2469 ergo
982 2411 1049 2450 ac
1080 2399 1249 2451 Pater
1277 2399 1334 2451 et
1388 2394 1568 2451 Filius
1617 2397 1836 2450 naturae
1868 2394 1958 2449 est

2059 1944 2207 2015 Υἱὸς,
2237 1944 2273 2014 ἢ
2307 1947 2382 2008 ὡς
2417 1945 2669 2024 ἄγγελοι,
2698 1948 2790 2003 καὶ
2821 1947 3013 2025 ἀρχαὶ,
3054 1948 3145 2004 καὶ
3195 1947 3450 2020 ἐξουσίαι,
3513 1952 3727 2025 μετοχῇ

2062 2031 2155 2090 καὶ
2206 2036 2435 2111 χάριτις
2484 2036 2687 2094 Μακεδ.
2734 2043 2819 2100 Ὡς
2864 2039 2892 2093 6
2941 2039 3150 2115 Πατὴρ,
3194 2037 3284 2093 καὶ
3335 2039 3363 2094 6
3394 2036 3541 2100 Υἱός.
3574 2039 3724 2114 Ὀρθ.

2064 2126 2182 2193 Τῆς
2238 2123 2407 2195 αὐτῆς
2457 2123 2559 2198 ἄρα
2609 2126 2821 2206 φῦσεώς
2870 2125 2982 2182 ἐστι
3014 2127 3185 2202 Πατρὶ
3216 2126 3306 2183 καὶ
3337 2127 3450 2200 Υἰῷ
3479 2127 3543 2182 τὸ
3575 2128 3727 2205 ἅγιον

2067 2215 2290 2286 Πνεῦμα
2317 2234 2330 2284 ;
2376 2213 2582 2274 Μακεδ.
2634 2218 2722 2286 Μὴ
2773 2215 2984 2294 γένοιτο
3014 2219 3026 2274 ι
3071 2219 3217 2293 Ὀρθ.
3253 2216 3370 2276 Οὐκ
3398 2212 3475 2273 ἔτι
3507 2217 3601 2272 οὗν
3633 2216 3732 2291 μό-

2062 2322 2155 2365 νος
2186 2304 2213 2358 ὁ
2262 2303 2390 2366 Θεὸς
2440 2304 2555 2381 ἔχει
2604 2307 2706 2377 τὴν
2740 2305 3049 2364 ἀθανασίαν.
3085 2307 3293 2383 Εὗρέθη
3320 2306 3425 2382 γὰρ
3456 2307 3547 2362 καὶ
3578 2304 3724 2378 ἄλλη

2066 2390 2227 2469 φύσιτ
2256 2391 2428 2457 οὕτως
2460 2394 2628 2465 αῦτήν
2659 2394 2884 2473 ἔχουσα,
2916 2396 2990 2458 ὡς
3016 2395 3177 2458 αὐτὸς
3210 2397 3238 2450 6
3270 2395 3424 2459 Θεός.

301 2483 557 2558 Spiritus
587 2488 830 2541 sanctus
856 2487 879 2539 Ρ
903 2484 1107 2541 Maced.
1137 2481 1342 2541 Absit!
1374 2484 1533 2545 Orlh.
1564 2485 1691 2541 Non
1725 2483 1906 2557 igitur
1936 2479 2100 2540 solus
2134 2489 2281 2542 Deus
2313 2485 2491 2543 habet
2529 2486 3056 2543 immortalitatem.
3089 2487 3193 2543 Est
3239 2504 3495 2560 namque
3522 2491 3580 2543 et
3609 2484 3726 2543 alia

296 2576 536 2634 inventa
563 2581 796 2645 natura,
829 2576 956 2649 pari
987 2575 1173 2642 illam,
1204 2594 1319 2650 quo
1352 2577 1506 2633 Deus
1537 2576 1684 2649 ipse,
1720 2575 1891 2631 modo
1922 2572 2169 2631 habens.

372 2667 460 2722 10.
496 2665 703 2724 Maced.
737 2665 996 2723 Rursum
1028 2666 1212 2739 igitur
1238 2666 1354 2724 tria
1400 2682 1587 2723 unum
1621 2667 1771 2723 dico.
1805 2664 1942 2722 0th

301 2756 751 2830 Hypostasibus,
802 2773 917 2814 non
973 2772 1181 2828 unum,
1230 2757 1327 2813 sed
1388 2757 1501 2814 tria
1560 2760 1719 2812 sunt.
1760 2754 1959 2811 Maced.

309 2846 613 2911 Quomodo
657 2845 842 2920 igitur
887 2862 1066 2902 unam
1094 2846 1223 2903 dico
1255 2851 1527 2903 naturam
1551 2845 1579 2901 ?
1615 2845 1772 2905 Orlh.
1816 2844 1964 2912 Quia

308 2938 568 3003 Pater,et
581 2932 764 2990 Filius
777 2938 832 2990 et
844 2933 1098 3008 Spiritus
1110 2937 1354 2991 sanctus
1376 2935 1578 2992 eodem
1605 2934 1775 3008 plane
1791 2933 1962 2989 modo

308 3022 811 3080 immortalitatem
862 3023 1052 3080 Patris
1100 3024 1340 3081 habent.
1372 3026 1561 3097 Atque
1605 3028 1671 3081 ut
1722 3022 1961 3095 Paulus,

305 3112 515 3170 Petrus
561 3128 626 3170 ac
676 3113 1021 3170 Timotheus
1070 3113 1249 3170 unius
1304 3119 1525 3170 natura
1575 3118 1717 3170 sunt
1745 3117 1803 3169 et
1844 3117 1965 3170 tres

307 3204 655 3278 hypostases
689 3222 702 3260 :
727 3205 810 3261 ita
840 3205 1071 3262 Patrem
1104 3209 1161 3261 et
1191 3204 1402 3262 Filium
1435 3208 1493 3262 et
1520 3203 1803 3277 Spiritum
1828 3221 1962 3259 san-

2146 2666 2230 2721 10.
2264 2661 2466 2724 Μαιεδ.
2512 2663 2688 2723 nam
2734 2666 2828 2721 οῦν
2876 2665 2944 2721 τὰ
2970 2665 3097 2743 τρία
3124 2663 3179 2721 ἓν
3215 2664 3385 2741 λέγω.
3420 2667 3567 2742 Ὀρθ.
3597 2671 3726 2728 Ταῖς

2074 2753 2426 2810 ὗποστάσεσιν
2479 2755 2585 2832 οὐχ
2630 2752 2710 2824 ἓν,
2771 2754 2917 2811 ἀλλά
2970 2755 3116 2830 τρία.
3177 2752 3384 2812 Μακεδ.
3449 2757 3574 2817 ΙΙῶς
3627 2754 3723 2810 οὗν

2073 2840 2217 2919 λέγω
2270 2842 2396 2918 μίαν
2444 2844 2641 2923 φύσιν;
2689 2846 2839 2922 Ὀρθ.
2888 2846 3012 2903 "Oti
3060 2844 3271 2918 ὁμοίως
3325 2846 3354 2899 6
3389 2845 3602 2920 Πατὴρ,
3635 2844 3729 2900 καῖ

2072 2932 2101 2986 6
2131 2931 2278 3007 Υἱὸς,
2309 2934 2397 2989 καὶ
2423 2932 2485 2990 τὸ
2519 2938 2765 3010 Πνεῦμα,
2797 2935 2896 3004 τήν
2914 2939 3013 2990 τοῦ
3032 2933 3248 3009 Πατρὸς
3271 2932 3559 2998 ἀθανασίαν
3586 2929 3727 3011 ἔχει.

2072 3022 2170 3077 Καὶ
2204 3021 2385 3101 ὥσπερ
2417 3026 2664 3094 Παῦλος,
2694 3024 2785 3079 καὶ
2811 3023 3039 3101 Πέτρος,
3072 3024 3163 3079 καὶ
3192 3024 3483 3096 Τιμόθεος,
3514 3023 3730 3103 φύσεως

2075 3118 2202 3186 μιᾶς
2250 3111 2374 3187 εἶσι,
2419 3113 2511 3170 καὶ
2558 3119 2703 3192 τρεῖς
2754 3112 3093 3177 ὑποστάσεις
3148 3112 3323 3175 οὕτως
3371 3115 3609 3191 Πατὲρα,
3641 3113 3733 3170 καὶ

2070 3201 2219 3270 Υἰὸν,
2274 3203 2367 3257 καὶ
2415 3204 2565 3280 ἅγιον
2624 3205 2867 3278 Πνεῦμα,
2907 3208 3054 3279 τρεῖς
3089 3203 3413 3266 ὑποστάσεις
3444 3201 3610 3280 λέγω,
3641 3202 3735 3259 καὶ

306 3298 467 3349 ctum
500 3297 619 3350 tres
649 3293 996 3369 hypostases
1042 3294 1258 3360 dico,et
1291 3310 1468 3349 unam
1518 3296 1812 3350 naturam.
1846 3293 1956 3349 Ma-

2078 3291 2203 3366 μίαν
2233 3291 2411 3371 φύσιν.
2443 3290 2649 3350 Μακεδ.
2683 3291 2857 3351 Ἀλλὰ
2884 3293 2992 3349 τῶν
3018 3292 3319 3370 ἀνθρώπων
3339 3294 3732 3370 προϋπάρχου-

303 3383 416 3440 cad.
448 3385 558 3441 Sed
589 3388 726 3441 ante
770 3384 1044 3442 homines
1094 3384 1388 3442 exsistunt
1428 3384 1526 3441 alii
1582 3386 1734 3441 479
1767 3384 1964 3441 homi-

307 3492 411 3531 nes
440 3492 453 3530 :
487 3474 601 3533 alia
629 3474 813 3549 igitur
863 3481 1076 3535 natura
1104 3480 1240 3534 ante
1285 3480 1518 3533 Patrem
1568 3477 1745 3534 etiam
1780 3480 1838 3534 et
1868 3476 1962 3533 Fi-

306 3564 453 3622 lium
486 3570 544 3624 et
585 3566 869 3641 Spiritum
923 3572 1196 3626 sanctum
1246 3567 1497 3626 exsistit.
1550 3568 1702 3625 Orth.
1754 3566 1959 3624 Absit!

307 3655 505 3714 Macati.
564 3656 681 3714 Cur
734 3657 916 3731 igitur
971 3656 1118 3713 dicis
1164 3673 1178 3713 :
1238 3657 1456 3715 Eodem
1520 3675 1637 3730 quo
1693 3657 1965 3714 homines

307 3744 531 3802 modo?
560 3745 869 3802 0rth.Ante
898 3745 1170 3802 homines
1201 3745 1462 3817 quidem,
1495 3746 1741 3803 Paulum
1774 3750 1831 3802 et
1860 3746 1962 3802 Pe-

308 3837 466 3889 trum
499 3838 558 3890 et
605 3834 1005 3902 Timotheum,
1051 3834 1345 3892 exsistunt
1375 3834 1670 3901 homines,
1719 3840 1777 3892 et
1830 3838 1966 3892 ante

308 3922 418 3979 hos
449 3940 687 3980 rursum
718 3922 818 3980 alii
848 3938 861 3980 :
895 3927 1031 3980 ante
1061 3924 1349 3981 Adamum
1383 3930 1578 3982 autem
1611 3942 1782 3983 nemo
1814 3925 1966 3982 alius

308 4011 560 4080 exsistit,
593 4013 693 4069 sed
743 4011 899 4068 Deus
927 4012 1073 4085 ipse.
1109 4016 1258 4069 Ante
1306 4014 1537 4070 Patrem
1568 4030 1724 4083 vero,
1754 4014 1966 4072 Filium

308 4105 366 4157 et
391 4100 672 4173 Spiritum
728 4106 997 4158 sanctum
1048 4101 1193 4159 nihil
1249 4103 1521 4161 exsistit:
1557 4103 1657 4160 sed
1688 4120 1756 4161 ex
1800 4104 1968 4162 Patre

309 4189 491 4246 Filius
520 4194 696 4247 natus
724 4195 835 4262 est,
867 4195 926 4248 et
971 4191 1226 4264 Spiritus
1259 4193 1539 4264 procedit,
1575 4195 1786 4250 Maced.
1833 4194 1963 4267 Spi-

308 4281 459 4337 ritus
489 4281 670 4355 igitur
700 4299 815 4338 non
848 4286 938 4339 est
984 4282 1156 4339 Filii?
1186 4282 1336 4340 Orth.
1388 4283 1600 4340 Omnia
1648 4301 1777 4357 quas
1823 4290 1967 4343 sunt

308 4369 522 4438 Patris,
572 4374 712 4428 sunt
731 4371 910 4429 etiam
958 4370 1087 4428 Filii
1125 4388 1138 4427 :
1173 4389 1307 4428 nam
1359 4376 1613 4429 testatur
1653 4375 1967 4446 Apostolus

306 4476 562 4533 quoque,
595 4460 881 4534 Spiritum
928 4477 1059 4518 esse
1089 4467 1148 4518 et
1180 4460 1372 4519 Patris
1399 4468 1458 4520 et
1487 4462 1641 4519 Filii.
1684 4463 1778 4520 Sic
1808 4465 1966 4522 enim

304 4547 570 4620 loquitur
601 4565 615 4605 :
652 4571 679 4600 «
712 4548 831 4608 Nos
874 4557 1073 4607 autem
1102 4551 1160 4605 in
1204 4567 1376 4607 carne
1407 4568 1523 4607 non
1574 4552 1739 4624 estis,
1772 4554 1873 4609 sed
1906 4554 1965 4610 in

305 4635 517 4709 spiritu
555 4654 569 4693 :
604 4636 656 4693 si
704 4642 902 4694 tamen
955 4637 1211 4712 Spiritus
1265 4639 1366 4696 Dei
1399 4638 1630 4697 habitat
1670 4641 1729 4696 in
1779 4642 1962 4700 vobis.

307 4724 468 4789 Quod
502 4725 551 4782 si
602 4726 736 4798 quis
767 4727 1051 4800 Spiritum
1101 4727 1320 4784 Christi
1369 4745 1486 4786 non
1536 4729 1733 4801 habet,
1765 4729 1818 4786 is
1850 4748 1965 4787 non

306 4819 397 4870 est
424 4816 574 4888 ejus.
608 4815 666 4873 Si
713 4820 908 4873 autem
957 4816 1225 4874 Christus
1276 4818 1336 4874 in
1380 4818 1548 4876 vobis
1595 4825 1704 4892 est,
1751 4837 1965 4894 corpus

308 4905 549 4979 quidem
593 4910 892 4963 mortuum
943 4915 1030 4963 est
1077 4912 1316 4980 propter
1359 4913 1688 4980 peccatum,
1719 4910 1963 4983 Spiritus

302 5014 439 5055 vero
468 4998 610 5055 vivit
658 5004 891 5071 propter
931 4999 1441 5070 justificationem.
1478 5002 1640 5068 Quod
1693 5003 1738 5057 si
1773 5002 1958 5075 Spiri-

300 5092 399 5144 tus
427 5090 555 5161 ejus
584 5088 681 5162 qui
716 5088 1022 5146 suscitavit
1069 5090 1276 5147 Jesum
1311 5090 1607 5148 Christum
1644 5109 1677 5149 a
1709 5095 1959 5152 mortuis

297 5178 524 5236 habitat
573 5179 630 5235 in
683 5179 870 5249 vobis,
916 5178 1235 5237 viviﬁcabit
1282 5184 1342 5238 et
1389 5180 1665 5239 mortalia
1712 5199 1958 5256 corpora

298 5273 515 5334 vestra,
568 5287 672 5343 per
720 5269 1146 5327 inhabitantem
1207 5271 1491 5342 Spiritum
1550 5273 1679 5343 ejus
1738 5272 1793 5326 in
1856 5291 1953 5329 vo-

292 5357 384 5415 bis
415 5359 479 5413 ‘7.
512 5380 540 5409 η
576 5358 644 5414 Et
677 5358 859 5417 Filius
888 5359 1015 5431 ipse
1048 5359 1315 5416 nominat
1353 5378 1488 5417 eum
1521 5361 1806 5433 Spiritum
1843 5362 1952 5419 Pa-

289 5448 400 5505 tris
431 5450 542 5505 sui.
579 5450 786 5507 Maced.
823 5452 1125 5517 Quomodo
1153 5451 1179 5505 ?
1208 5452 1364 5510 Orlh.
1401 5476 1427 5502 «
1467 5452 1591 5510 Non
1640 5455 1798 5509 enim
1844 5470 1946 5511 vos

293 5536 459 5605 estis,
484 5537 582 5608 qui
618 5536 951 5609 loquimini,
977 5539 1077 5596 sed
1113 5538 1369 5611 Spiritus
1401 5540 1589 5597 Patris
1619 5539 1722 5613 qui
1750 5539 1947 5613 loqui-

365 5747 411 5782 “
442 5747 462 5802 Ι
493 5745 641 5802 Tim.
677 5764 757 5820 v1,
790 5749 876 5805 16.
953 5752 997 5785 ‘7
1026 5755 1192 5811 Rom.
1223 5767 1346 5827 vm,
1374 5754 1522 5813 9-11.

2076 3403 2157 3438 σιν
2182 3378 2347 3439 ἄλλοι
2363 3378 2658 3460 ἅνθρωποι·
2685 3384 2787 3460 ἄρα
2808 3382 2898 3439 καὶ
2915 3381 3154 3458 Πατρὸς,
3176 3381 3270 3437 καὶ
3292 3380 3443 3452 Υἷοῦ,
3465 3382 3555 3438 καὶ
3572 3382 3734 3459 ἁγίου

2076 3471 2394 3546 ΙΙνεῦματος
2424 3471 2771 3550 προϋπάρχει
2802 3470 2948 3543 ἄλλη
2986 3471 3163 3552 φύσις.
3196 3478 3342 3549 Ὀρθ.
3368 3473 3461 3542 Μή
3482 3473 3694 3550 γένοιτο
3719 3474 3732 3530 ί

2075 3557 2262 3619 Μακεδ
2320 3563 2447 3624 Πῶς
2503 3562 2595 3618 οῦν
2647 3561 2844 3639 λὲγεις.
2899 3560 3114 3634 Οὕτως,
3164 3562 3238 3623 ὡς
3268 3561 3732 3640 ἐπὶάνθρώπωνς

2075 3652 2224 3727 Ὀρθ.
2256 3655 2371 3706 Τῶν
2407 3652 2500 3725 μὲν
2534 3648 2858 3728 ἀνθρώπων.
2894 3650 3144 3724 Παύλου,
3206 3652 3298 3707 καὶ
3359 3652 3590 3730 ΙΙὲτρου,
3640 3653 3735 3709 καὶ

2074 3740 2370 3814 Τιμοθέου,
2427 3742 2878 3817 προῦπάρχουσιν
2934 3739 3235 3814 ἄνθρωποι,
3295 3740 3386 3796 καὶ
3454 3746 3564 3797 τῶν
3623 3741 3733 3819 πρὸ

2077 3830 2253 3888 αὐτῶν
2306 3831 2488 3889 ἄλλοι·
2547 3836 2645 3889 τοῦ
2705 3830 2763 3888 δὲ
2813 3830 2994 3905 Ἀδὰμ
3042 3831 3105 3887 οῦ
3152 3834 3500 3909 προϋπάρχει
3531 3831 3731 3904 ἄλλος,

2078 3919 2204 3978 ἀλλ’
2263 3920 2423 3985 αὐτὸς
2480 3924 2508 3977 6
2561 3916 2714 3985 Θεός.
2753 3922 2964 3997 Πατρὸς
2997 3917 3055 3977 δὲ
3105 3921 3195 3978 καὶ
3244 3920 3394 3987 Υἱοῦ,
3444 3922 3534 3978 καὶ
3578 3922 3733 4001 ἁγίου

2075 4011 2397 4086 Ιῐνεύματος
2452 4009 2607 4067 οὐδὲν
2655 4011 3033 4088 προϋπάρχει·
3084 4008 3212 4068 ἀλλ’
3244 4010 3305 4067 ἐκ
3332 4015 3431 4067 τοῦ
3464 4013 3675 4086 Πατρὸς
3705 4013 3735 4068 6

2076 4100 2199 4163 Υἱὸς
2227 4100 2566 4178 γεγέννηται,
2598 4100 2688 4158 καὶ
2713 4100 2776 4156 τὸ
2830 4102 3052 4174 Πνεῦμα
3102 4099 3472 4177 ἐκπορεύεται.
3527 4098 3734 4159 Μακεδ.

2078 4188 2189 4246 Οὐκ
2236 4186 2377 4246 ἔστιν
2438 4191 2530 4246 οὖν
2586 4194 2685 4246 τοῦ
2744 4189 2875 4245 Υίοῦ
2932 4190 2997 4245 τὸ
3056 4191 3317 4263 ΙΙνεῦμας
3370 4191 3521 4265 Ὀρθ.
3556 4190 3742 4248 Πάντα

2084 4281 2178 4354 μὲν
2231 4280 2299 4336 τὰ
2351 4284 2449 4336 τοῦ
2503 4280 2736 4357 Ιῐατρὸς,
2799 4279 2902 4335 εἰσι
2949 4279 3037 4335 καὶ
3086 4283 3184 4335 τοῦ
3214 4279 3362 4335 Υἰοῦ.
3393 4279 3496 4335 Καὶ
3548 4281 3652 4356 γὰρ
3710 4281 3740 4336 6

2080 4364 2416 4433 Ἀπὸστολος
2475 4368 2627 4446 λέγει
2684 4368 2776 4424 καὶ
2835 4373 2933 4424 τοῦ
2990 4368 3228 4446 Πατρὸς,
3286 4368 3376 4424 καὶ
3442 4367 3540 4425 τοῦ
3610 4369 3741 4425 Υἰοῦ

2078 4459 2211 4516 εἶναι
2261 4460 2324 4515 τὸ
2378 4462 2627 4532 Πνεῦμα,
2677 4457 2852 4520 οὕτως
2903 4456 3103 4534 λέγων·
3136 4481 3164 4511 (ι
3195 4459 3374 4532 Ὑμεῖς
3408 4456 3467 4513 δὲ
3496 4458 3595 4514 οὐκ
3622 4458 3741 4516 ἐστὶ

2079 4549 2131 4605 ἒν
2159 4549 2337 4623 σαρκὶ,
2373 4546 2499 4605 ἀλλ’
2530 4547 2581 4603 ἐν
2615 4548 2908 4622 πνεύματι,
2941 4544 3091 4625 εὕπερ
3121 4549 3373 4622 Ιῐνεεῦμα
3402 4552 3538 4604 Θεοῦ
3594 4548 3741 4605 οἰκεῖ

2078 4637 2129 4693 ἐν
2151 4637 2299 4712 ὑμῖν.
2362 4637 2425 4693 Εἰ
2475 4634 2533 4693 δέ
2576 4657 2660 4701 τις
2710 4641 2938 4712 Πνεῦμα
2978 4639 3215 4712 Χριστοῦ
3246 4637 3346 4693 οὐκ
3376 4634 3515 4715 ἔχει,
3575 4636 3741 4701 οὗτος

2077 4727 2176 4784 οὐκ
2205 4724 2345 4784 ἔστιν
2377 4727 2560 4785 αὐτοῦ.
2597 4728 2657 4784 Εἰ
2692 4725 2750 4783 δὶ
2779 4727 3010 4802 Χριστὸς
3041 4726 3093 4782 ἐν
3125 4727 3273 4801 ὑμῖν,
3317 4727 3380 4783 τὸ
3432 4727 3526 4801 μὶν
3575 4732 3736 4802 σῶμα

2073 4818 2261 4893 νεκρὸν
2315 4815 2384 4873 δι’
2437 4816 2729 4893 ἁμαρτίαν,
2776 4815 2839 4873 τὸ
2892 4814 2951 4873 δὲ
2994 4820 3209 4892 πνεῦμα
3249 4817 3363 4888 ζωὴ
3410 4815 3501 4873 διὰ
3532 4814 3737 4874 δικαιο-

2074 4909 2258 4977 σύνην.
2320 4908 2383 4966 Εἰ
2443 4905 2501 4963 δὲ
2558 4909 2621 4964 τὸ
2701 4907 2928 4982 Πνεῦμα
2980 4903 3078 4963 τοῦ
3137 4905 3440 4984 ἐγείροντος
3496 4907 3726 4983 Χριστὸν

2073 4999 2282 5071 Ἰησοῦν
2342 4996 2403 5053 ἐκ
2455 5002 2564 5052 τῶν
2618 5002 2823 5075 νεκρῶν
2880 4995 3021 5053 οἰκεῖ
3077 4996 3129 5051 ἐν
3180 4996 3333 5069 ὑμῖν,
3395 4998 3732 5068 ζωοποιήσει

2068 5087 2157 5143 καὶ
2187 5087 2254 5143 τὰ
2284 5087 2454 5158 θνητὰ
2482 5088 2712 5161 σώματα
2746 5087 2898 5160 ὑμῶν
2933 5083 3024 5141 διὰ
3052 5084 3149 5141 τοῦ
3179 5085 3519 5150 ἐνοικοῦντος
3569 5086 3731 5142 αὐτοῦ

2067 5177 2386 5254 Ιῐνεῦματος
2430 5175 2482 5232 ἐν
2536 5175 2683 5250 ὑμῖν.
2742 5197 2770 5227 ››
2818 5173 2916 5231 Καὶ
2968 5173 3127 5239 αὐτὸς
3161 5172 3219 5232 δὲ
3250 5176 3278 5232 ὁ
3311 5174 3436 5238 Υἱὸς
3469 5178 3601 5248 εἶπε,
3634 5178 3730 5229 τοῦ

2065 5268 2279 5344 ΙΙατρὸς
2311 5264 2475 5322 αὑτοῦ
2506 5265 2641 5321 εἶναι
2670 5265 2733 5321 τὸ
2786 5266 3024 5338 Πνεῦμα·
3086 5262 3292 5322 Μακεδ.
3346 5268 3516 5337 Πῶς;
3576 5264 3731 5339 Ὀρθ.

2063 5384 2091 5412 ‹‹
2113 5358 2189 5416 ()6
2219 5357 2319 5434 γάρ
2351 5356 2468 5411 ἐστε
2499 5356 2659 5428 ὑμεῖς
2691 5355 2743 5409 οἱ
2765 5351 3083 5425 λαλοῦντες,
3105 5352 3254 5411 ἀλλὰ
3281 5357 3346 5411 τὸ
3376 5359 3604 5427 Πνεῦμα
3630 5374 3727 5408 του

2060 5447 2273 5523 ΙΙατρὸς
2330 5448 2392 5501 τὸ
2439 5443 2643 5501 λαλοῦν
2694 5442 2746 5497 ἐν
2795 5444 2947 5517 ὑμῖν.
2979 5465 3006 5498 ι
3047 5444 3145 5499 Καὶ
3175 5443 3337 5507 αὐτὸς
3368 5441 3427 5500 δὲ
3456 5445 3485 5500 6
3527 5444 3719 5518 Πατὴρ

2058 5537 2250 5593 ἑαυτοῦ
2283 5533 2435 5611 λέγει
2463 5535 2525 5591 τὸ
2558 5536 2780 5607 Πνεῦμα
2830 5529 2919 5589 διὰ
2955 5538 3052 5589 τοῦ
3102 5535 3394 5613 προφήτου
3442 5532 3722 5610 λὲγοντος
