4104 6352
351 390 496 452 1305

1407 395 1716 456 CONTRA
1764 396 2162 457 MACEDON.
2212 397 2601 457 DlALOGUS
2646 395 2696 455 Ι.

3607 388 3632 446 1
3646 384 3764 446 306

345 549 371 575 ι(
409 523 493 577 Ἐν
543 529 662 586 ταῖς
691 522 943 602 ἐσχάταις
972 527 1203 603 ἡμέραις
1235 526 1415 604 ἐκχεῶ
1461 527 1568 582 ἀπὸ
1596 526 1699 582 τοῦ
1749 528 1984 600 ΙΙνεῦμα-

2115 534 2210 586 tur
2242 531 2300 584 in
2331 528 2497 584 vobis
2528 529 2589 582 ιθ.
2630 549 2656 577 ι)
2690 526 2836 594 Quin
2872 526 3034 581 Pater
3068 525 3192 597 ipse
3223 536 3396 576 suum
3434 535 3562 575 esse
3592 517 3743 590 Spiri

339 613 431 675 τός
469 635 574 687 μου
631 613 719 668 ἐπὶ
750 621 920 670 πᾶσαν
956 615 1142 691 σάρκα,
1180 641 1206 667 η
1249 614 1453 675 Mar/.56.
1501 619 1559 675 Ὀ
1608 617 1730 679 Υἱός
1789 617 1927 672 ἐστιν
1963 619 1990 673 ὁ

342 701 544 778 λέγων.

532 884 542 901 .
721 882 732 901 ν
833 883 844 900 .
1085 885 1096 899 ι
1196 888 1207 898 .

415 886 496 939 11.
549 884 677 959 Ορθ,
739 895 1136 958 Αναγνωθιτον
1215 886 1560 956 Απόστολον,
1609 885 1701 941 ’ἕνα
1759 885 1991 961 ἀκούσῃς

339 972 522 1028 αὑτοῦ.
560 975 712 1048 Λέγει
745 974 846 1048 γὰρ
880 974 1077 1048 οὕτως,
1111 975 1330 1054 γράφων
1373 976 1452 1049 τῷ
1506 978 1694 1031 ἑαυτοῦ
1750 980 1986 1049 μαθητῇ·

341 1087 367 1114 ‹‹
399 1063 530 1119 ’Ότε
561 1060 617 1116 δὲ
648 1061 883 1141 ἐπεφάνη
919 1067 952 1134 ἡ
987 1065 1148 1140 χάρις
1181 1070 1276 1120 τοῦ
1312 1073 1572 1141 Σωτῆρος
1622 1068 1781 1138 ἡμῶν
1835 1069 1988 1137 Θεοῦ,

339 1151 439 1206 οὐκ
495 1152 546 1223 ἐξ
607 1148 780 1228 ἔργων
836 1158 942 1208 τῶν
1007 1154 1057 1207 ἐν
1120 1152 1456 1229 δικαιοσύνῃ,
1523 1155 1594 1208 ὧν
1656 1155 1987 1227 ἐποιήσαμεν

337 1243 526 1313 ἡμεῖς,
578 1240 722 1297 ἀλλά
769 1242 905 1296 κατὰ
949 1243 1011 1298 τὸ
1063 1243 1227 1298 αὐτοῦ
1273 1241 1423 1306 ἔλεος
1468 1241 1660 1299 ἔσωσεν
1695 1248 1862 1317 ἡμᾶς,
1903 1241 1992 1298 διὰ

341 1329 575 1405 λουτροῦ
609 1330 1020 1407 παλιγγενεσίας
1081 1333 1171 1388 καὶ
1226 1333 1637 1397 ἀνακαινώσεως
1675 1333 1987 1407 Πνεῦματος

344 1419 520 1494 ἁγίου,
550 1420 612 1475 οὗ
644 1421 849 1496 ἑξὲχεεν
886 1422 964 1500 ἐφ’
995 1425 1140 1497 ἡμᾶς
1171 1423 1472 1493 πλουσίως,
1500 1422 1587 1479 διὰ
1637 1426 1816 1495 Ἰησοῦ
1862 1430 1988 1500 Χρι-

345 1513 466 1563 στοῦ
537 1515 634 1564 τοῦ
708 1510 915 1586 Κυρίου
979 1513 1069 1566 καὶ
1149 1520 1411 1589 Σωτῆρος
1469 1516 1650 1587 ἡμῶν.
1709 1539 1735 1564 ››
1786 1511 1988 1572 Μακεδ.

340 1603 525 1671 Ἡμεῖς
577 1598 638 1654 οὐ
699 1597 968 1673 δυνάμεθα
1027 1601 1195 1657 εἰπεῖν
1257 1603 1379 1676 μίαν
1424 1605 1578 1681 φύσιν
1634 1605 1858 1680 ΙΙατρὸς,
1899 1605 1989 1659 καὶ

338 1688 485 1757 Υἰοῦ,
537 1689 631 1744 καὶ
692 1689 848 1765 ἁγίου
916 1692 1251 1764 ΙΙνεὺματος.
1315 1678 1462 1767 Ὀρσ.
1523 1678 1851 1769 Ὁμολογεῖς
1903 1678 1992 1748 ιιιαὶ

334 1777 492 1840 αὐτὸς
569 1780 660 1834 τὸν
739 1781 952 1855 Πατέρα
1023 1788 1158 1836 εἶναι
1222 1784 1394 1856 ἅγιον,
1455 1783 1577 1859 περὶ
1639 1783 1699 1838 οὗ
1761 1781 1990 1858 ε’ίρηται.

337 1893 364 1919 ‹‹
404 1870 602 1942 ’Ἄγιος
653 1869 681 1923 ὁ
724 1868 774 1922 ἐν
827 1868 999 1946 ἁγίοις
1039 1870 1468 1944 ἀναπαυόμενος.
1517 1897 1542 1922 ››
1601 1870 1806 1929 Μακεδ.
1868 1872 1990 1930 Ναί.
2026 1907 2073 1972 Β

339 1959 490 2032 Ὀρθ.
539 1957 727 2020 Οῦτως
798 1958 978 2033 λὲγεις
1031 1960 1213 2036 ἁγίους
1260 1961 1385 2023 τοὺς
1430 1961 1717 2038 ἀγγέλους,
1771 1963 1843 2024 ὡς
1898 1963 1988 2016 τὸν

334 2047 593 2122 ἰιατέρα;
656 2045 863 2105 Μακεδ.
899 2047 960 2102 Οἱ
993 2047 1221 2124 ἄγγελοι
1267 2055 1479 2126 μετοχῇ
1532 2053 1804 2126 ἁγιασμοῦ
1859 2052 1990 2107 εἰσιν

332 2137 502 2210 ἅγιοι·
556 2137 583 2190 6
639 2133 697 2191 δὲ
745 2139 932 2214 Πατὴρ
965 2138 1116 2216 φύσει
1151 2139 1288 2194 ἐστέν
1336 2142 1508 2216 ἅγιος.
1572 2143 1719 2217 Ὀρθ.
1781 2140 1991 2213 Οὕτως,

333 2226 407 2287 ὡς
443 2225 492 2279 οἷ
528 2224 745 2302 ἄγγελοι
783 2232 994 2304 μετοχῇ
1026 2228 1155 2284 εἰσιν
1193 2231 1357 2306 ἅγιοι,
1394 2231 1547 2306 ἅγιος
1579 2232 1606 2284 6
1636 2231 1776 2299 Υἱὸς,
1810 2232 1843 2300 ἢ
1869 2232 1941 2292 ὡς
1965 2231 1992 2285 ὁ

334 2316 546 2390 Πατήρ.
604 2314 809 2374 Μακεδ.
871 2318 957 2379 Ὠς
1004 2319 1032 2372 ὁ
1085 2321 1288 2392 Πατήρ·
1341 2321 1476 2375 κατά
1501 2320 1798 2397 πάνταγὰρ
1831 2320 1988 2376 αὑτὸν

337 2401 529 2476 ὅμοιον
565 2404 728 2482 λέγω.
764 2407 913 2483 Ὀρθ.
945 2409 1013 2462 Τὸ
1051 2411 1267 2480 Πνεῦμα
1294 2411 1356 2464 τὸ
1390 2409 1538 2486 ἅγιον
1585 2411 1759 2474 οὕτως
1812 2410 1989 2485 λέγεις

339 2493 512 2569 ἅγιον,
564 2495 638 2557 ὡς
678 2494 804 2558 τοὺς
853 2495 1142 2572 ἀγγέλους,
1193 2499 1227 2567 ἢ
1281 2499 1354 2560 ὡς
1401 2498 1493 2554 τὸν
1541 2500 1751 2574 Πατέρα
1780 2502 1868 2556 καὶ
1898 2503 1989 2557 τὸν

339 2581 503 2650 Υἰὸν;
555 2583 755 2643 Μακεδ.
816 2587 902 2648 Ὠς
959 2587 1049 2642 τὸν
1117 2587 1325 2661 Πατέρα
1382 2589 1471 2643 καὶ
1520 2591 1610 2644 τὸν
1643 2589 1787 2647 Υἷόν.
1842 2593 1991 2668 Ὀρθ.

337 2678 445 2742 Τῆς
477 2673 646 2744 αὐτῆς
679 2675 781 2748 ἄρα
810 2672 1020 2754 φύσεώς
1072 2676 1182 2732 ἐστι
1215 2678 1387 2754 Πατρῖ
1429 2679 1518 2733 καὶ
1575 2680 1683 2752 Υἰῷ
1713 2701 1726 2751 ;
1785 2679 1989 2738 Μακεδ.

338 2761 435 2816 Καὶ
467 2762 512 2817 εἰ
546 2761 792 2834 άληθῶς,
826 2766 898 2827 ὡς
950 2765 1157 2841 λέγετε,
1224 2767 1320 2839 μία
1377 2768 1535 2846 eodem;
1585 2768 1715 2824 ἐστί·
1776 2772 1994 2841 καθέζε-

331 2872 420 2906 ται
453 2850 511 2907 δὲ
579 2855 608 2907 ὁ
641 2853 763 2916 Υἱὸς
822 2853 881 2908 ἐκ
929 2851 1116 2926 δεξιῶν
1157 2860 1253 2910 τοῦ
1298 2857 1531 2933 Πατρός·
1584 2863 1688 2913 ποῦ
1719 2861 1991 2930 καθέζεται

333 2942 398 2996 τὸ
432 2943 652 3016 Πνεῦμα
678 2961 690 2999 :
729 2945 876 3019 ’(,)ρο.
911 2943 1014 2998 Σὺν
1048 2945 1193 3018 αὐτῷ
1222 2950 1299 3018 τῷ
1328 2947 1563 3020 Χριστῷ.
1602 2949 1659 3005 Εἰ
1683 2949 1782 3025 γάρ
1806 2953 1993 3023 ἡμεῖς,

341 3031 420 3093 ὡς
442 3030 586 3108 λέγει
621 3032 860 3105 Παῦλος,
894 3030 1350 3110 συγκαθεζόμεθα,
1385 3033 1554 3106 δῆλον
1598 3037 1679 3093 ὅτι
1711 3041 1874 3113 (17“’)
1905 3040 1994 3094 καὶ

325 3120 387 3174 τὸ
420 3125 657 3194 Πνεῦμα·
699 3119 786 3176 διὰ
815 3123 915 3198 γάρ
951 3122 1082 3178 αὐτὸ
1112 3122 1203 3178 καὶ
1247 3127 1435 3197 ἡμεῖς.
1471 3125 1678 3184 Μακεδ.
1733 3130 1847 3184 Ποῦ
1901 3130 1991 3204 γὲ-

329 3229 591 3286 γραπται,
651 3209 735 3266 ὅτι
781 3213 870 3267 καὶ
921 3214 1084 3286 ἡμεῖς
1136 3214 1615 3288 συγκαθεζόμεθαε
1689 3217 1837 3293 Ὀρθ.
1899 3219 1984 3273 Ἑν

2103 624 2229 676 tum
2264 623 2515 675 testatur
2549 635 2651 691 per
2686 615 3030 690 prophetam
3061 613 3354 668 dicentem
3387 629 3452 667 ;‹‹
3481 613 3544 664 ln
3579 608 3770 663 novis-

2103 709 2267 767 simis
2294 709 2501 765 diebus
2524 707 2818 764 effundam
2843 706 2915 760 de
2937 703 3152 776 spiritu
3180 717 3305 756 meo
3329 715 3506 771 super
3527 713 3761 754 omnem

2101 817 2338 855 carnem
2371 800 2434 854 ‘9.
2475 822 2494 848 ο
2531 797 2746 854 Maced.
2783 794 2965 851 Filius
2997 797 3087 848 est
3116 790 3215 863 qui
3251 789 3532 862 loquitur.

2177 891 2261 945 11.
2289 891 2448 948 Orth.
2484 887 2828 959 Apostolum
2863 884 3010 956 lege,
3045 885 3108 936 ut
3139 881 3331 952 ipsum
3383 877 3609 934 audias.
3667 876 3762 932 Sic

2102 978 2259 1034 enim
2293 977 2389 1033 ille
2420 979 2490 1033 ad
2515 975 2871 1049 discipulum
2906 989 3084 1029 suum
3117 968 3380 1026 scribens
3413 967 3526 1021 ait:
3552 989 3578 1015 «
3607 965 3765 1021 Post-

2104 1085 2281 1140 quam
2316 1066 2588 1140 apparuit
2619 1065 2808 1138 gratia
2838 1061 3158 1119 Salvatoris
3193 1058 3374 1114 nostri
3408 1055 3530 1141 Dei,
3556 1072 3670 1110 non
3694 1070 3762 1110 ex

2103 1157 2377 1230 operibus
2403 1155 2666 1228 justitiae,
2702 1171 2825 1226 qua:
2859 1152 3106 1208 fecimus
3138 1165 3265 1212 nos,
3301 1147 3397 1202 sed
3435 1145 3758 1200 secundum

2103 1265 2272 1303 suam
2308 1244 2770 1302 misericordiam
2802 1242 2997 1299 salvos
3029 1256 3136 1296 nos
3160 1238 3314 1303 fecit,
3339 1235 3760 1309 perlavacrum

2102 1335 2558 1408 regenerationis
2581 1337 2635 1389 et
2665 1331 3055 1389 renovationis
3078 1327 3330 1400 Spiritus
3363 1323 3758 1395 sancti,quem

2100 1426 2305 1482 elfudit
2336 1425 2392 1480 in
2428 1442 2533 1480 nos
2559 1423 2791 1479 abunde
2824 1438 2926 1494 per
2962 1420 3167 1476 Jesum
3218 1415 3513 1472 Christum
3560 1412 3760 1469 Domi-

2102 1532 2243 1571 num
2276 1513 2626 1570 salvatorem
2661 1515 2928 1568 nostrum
2972 1510 3034 1563 ⁵ο.
3100 1533 3121 1560 ι
3190 1504 3413 1563 Maced.
3474 1503 3592 1559 Nos
3644 1518 3759 1558 non

2102 1622 2420 1678 possumus
2457 1620 2632 1659 unam
2666 1601 2854 1657 Patris
2889 1602 2944 1656 et
2982 1597 3109 1653 Filii
3167 1599 3224 1652 et
3271 1593 3521 1667 Spiritus
3573 1597 3740 1648 sanet

2105 1700 2380 1750 naturam
2418 1692 2692 1766 profiteri.
2729 1691 2879 1748 Orth.
2914 1687 3089 1760 Atqui
3122 1689 3353 1742 Patrem
3375 1685 3497 1756 ipse
3529 1698 3763 1754 quoque

2105 1788 2375 1840 sanctum
2425 1780 2739 1850 conﬁteris,
2773 1780 2842 1834 de
2874 1796 2987 1851 quo
3021 1777 3242 1832 dictum
3288 1778 3376 1830 est
3409 1791 3420 1828 :
3455 1797 3480 1822 «
3516 1774 3765 1828 Sanctus

2105 1879 2163 1928 et
2193 1874 2250 1927 in
2284 1873 2503 1928 sanctis
2537 1870 2910 1943 requiescens
2940 1869 3006 1922 5'.
3044 1889 3068 1915 ›ι
3115 1864 3311 1921 Μαί·εά.
3360 1862 3566 1919 Etiam.
3602 1862 3756 1918 Orth.

2105 1962 2332 2019 Siccine
2357 1966 2592 2017 sanctos
2624 1959 2772 2015 dicis
2821 1955 3085 2030 angelos,
3119 1953 3618 2027 quemadmodum
3651 1951 3758 2006 Pa-

2104 2056 2252 2108 trem
2278 2047 2732 2121 ?Maced.Angeli
2756 2045 3089 2104 sanctitatis
3106 2042 3552 2118 participatione
3574 2040 3761 2097 sancti

2103 2146 2244 2198 sunt
2264 2160 2276 2198 :
2299 2145 2469 2196 Pater
2499 2144 2691 2196 autem
2726 2141 2938 2193 natura
2968 2141 3208 2192 sanctus
3234 2138 3343 2189 est.
3367 2133 3576 2206 ([17”’*]
3603 2131 3757 2188 Orth.

2105 2233 2317 2289 Filium
2377 2247 2506 2286 vero
2557 2246 2670 2285 non
2725 2227 2873 2284 dicis
2923 2223 3243 2283 sanctum?
3280 2222 3480 2280 Μαι·εά.
3527 2222 3759 2294 Etiam.)

2104 2323 2256 2380 Orth.
2290 2321 2510 2390 Sccine,
2566 2323 2632 2376 ut
2673 2317 2860 2390 angeli
2895 2315 3080 2371 sancti
3114 2317 3250 2370 sunt
3291 2310 3759 2386 participatione,

2101 2413 2282 2468 Filius
2313 2414 2554 2466 sanctus
2586 2412 2693 2473 est,
2727 2425 2800 2463 an
2833 2409 2898 2462 ut
2940 2405 3155 2461 Pater?
3199 2403 3402 2459 Μαί-δά.
3450 2402 3518 2458 Ut
3570 2406 3764 2470 Pater,

2103 2503 2197 2559 cui
2229 2518 2363 2557 eum
2396 2500 2454 2554 in
2488 2498 2764 2555 omnibus
2812 2495 3066 2552 similem
3102 2495 3395 2566 proﬁteor.
3443 2491 3600 2548 0rlh.
3634 2493 3758 2564 Spi-

2105 2593 2283 2648 ritum
2316 2595 2584 2646 sanctum
2619 2587 2898 2643 eademne
2930 2586 3170 2652 ratione,
3205 2599 3320 2654 qua
3369 2581 3631 2656 angelos,
3685 2601 3758 2640 an

2105 2699 2222 2755 qua
2249 2681 2480 2737 Patrem
2513 2682 2568 2735 et
2590 2677 2824 2743 Filium,
2858 2679 3127 2731 sanctum
3162 2673 3458 2729 confiteris
3485 2677 3509 2730 ἓν
3554 2673 3756 2730 Maced.

2106 2771 2318 2828 Eadem
2354 2786 2467 2841 qua
2500 2769 2728 2825 Patrem
2778 2770 2834 2822 et
2875 2765 3109 2821 Filium.
3147 2764 3296 2820 Orth.
3341 2763 3618 2834 Ejusdem
3649 2763 3756 2836 igi-

2105 2867 2202 2918 tur
2232 2861 2402 2932 cujus
2436 2863 2603 2914 Pater
2632 2863 2686 2913 et
2716 2855 2899 2911 Filius
2930 2859 3019 2911 est
3047 2852 3315 2910 naturae?
3345 2853 3547 2910 Maced.
3581 2853 3640 2909 Si
3673 2871 3760 2909 re-

2103 2967 2262 3017 vera,
2296 2954 2358 3005 ιιι
2388 2949 2717 3016 affirmatis,
2751 2963 2866 3002 una
2896 2949 3105 3000 natura
3134 2947 3223 3000 est
3257 2960 3269 2998 :
3306 2946 3361 2999 et
3390 2960 3523 2999 vero
3575 2941 3757 2999 Filius

2107 3041 2177 3095 ad
2211 3041 2473 3096 dextram
2511 3037 2698 3093 Patris
2729 3036 2928 3092 sedet:
2963 3034 3063 3090 ubi
3095 3034 3259 3089 sedet
3279 3032 3580 3106 Spiritus?
3602 3031 3754 3089 Orth.

2106 3130 2266 3202 Apud
2299 3128 2597 3184 Christum
2629 3126 2845 3200 ipsum.
2881 3124 2940 3182 Si
2971 3125 3152 3194 enim,
3185 3127 3250 3179 ut
3281 3123 3361 3178 ait
3391 3123 3625 3195 Paulus,
3652 3140 3757 3180 nos

2105 3236 2333 3292 quoque
2365 3235 2573 3274 sumus
2604 3216 2938 3273 consessuri
2968 3231 2981 3270 :
3017 3231 3130 3270 non
3164 3213 3408 3269 dubium
3441 3217 3529 3268 est
3559 3218 3614 3268 et
3632 3213 3759 3285 Spi-

329 3302 399 3370 τῇ
449 3299 580 3376 πρὸς
639 3301 921 3379 Ἐφεσιους
970 3304 1269 3377 Ἐπιστολῇ
1330 3305 1652 3380 γέγραπται·
1687 3331 1714 3358 ‹‹
1756 3280 1864 3362 ’Καὶ
1896 3304 1984 3362 ὅνο

2099 3280 2279 3365 ritum
2305 3307 2815 3379 sanctum,quippe
2846 3322 2948 3377 per
2976 3321 3147 3376 quem
3181 3307 3238 3359 et
3270 3320 3397 3358 nos.
3422 3303 3619 3359 Maced.
3646 3280 3755 3360 [ibi

310 3409 423 3466 ,τας
454 3391 597 3461 ἡμᾶς
657 3390 876 3466 νεκροὺς
932 3397 1048 3454 τοῖς
1089 3395 1514 3468 παραπτώμασι,
1550 3397 1987 3467 συνεζωοποίησε

321 3481 404 3549 τῷ
459 3484 693 3554 Χριστῷ,
753 3481 840 3534 καὶ
900 3483 1203 3558 συνήγειρε,
1262 3481 1352 3537 καὶ
1383 3482 1718 3540 συνεκάθισεν
1782 3485 1831 3541 ἰν
1866 3492 1982 3550 τοῖς

325 3566 603 3643 οὐρανοῖς.
639 3592 667 3621 ››
702 3565 994 3624 Ἀδύνατον
1025 3568 1082 3625 δὲ
1106 3571 1552 3647 συγκαθίσαιτινά
1568 3578 1648 3645 τῷ
1668 3576 1884 3650 Χριστῷ
1905 3577 1980 3649 μή

318 3656 607 3734 γενόμενον
640 3657 766 3714 ναὸν
798 3663 895 3714 τοῦ
927 3659 1264 3733 ΙΙνεόματος.
1301 3662 1361 3716 Εἰ
1396 3659 1452 3717 δὶ
1483 3665 1511 3717 6
1550 3664 1676 3726 ναὸς
1726 3667 1982 3742 συγκαθὲ-

324 3752 490 3816 ζεται,
521 3748 574 3802 τί
607 3747 666 3802 ἃν
700 3745 875 3810 εἶ’ποις
905 3749 1029 3822 περῖ
1075 3754 1172 3804 τοῦ
1224 3749 1565 3816 ἐνοικοῦντος
1625 3753 1938 3826 ΙῙνεὺματος
1965 3774 1976 3812 :

320 3833 531 3903 Μακεδ,
561 3835 950 3894 Ἀποστολικὸν
992 3839 1055 3893 τὸ
1099 3840 1322 3910 Πνεῦμά
1366 3838 1531 3896 ἐστιν·
1586 3841 1980 3899 ἀποστέλλεται

315 3927 444 4002 γάρ.
507 3927 654 4001 Ὀρθ.
713 3927 770 3979 Ὀ
826 3928 928 4004 γάρ
988 3927 1114 3989 Υἱὸς
1173 3929 1271 3982 οὐκ
1302 3929 1734 3989 ἀποστέλλεταιε
1771 3931 1976 3992 Μακεδ.

316 4014 439 4071 Ναί.
474 4016 625 4090 Ὀρθ.
662 4016 753 4084 Μὴ
779 4016 883 4070 ἀπὸ
913 4015 1084 4071 τόπου
1111 4017 1188 4080 εἷς
1219 4017 1384 4072 τόπον
1419 4018 1696 4091 ἀπεστάλη
1727 4040 1739 4077 :
1774 4020 1974 4080 Μακεδ.

314 4101 414 4162 Oi)"
470 4109 752 4180 πανταχοῦ
806 4105 909 4180 γὰρ
962 4103 1110 4181 λέγω
1160 4112 1295 4162 εῖναι
1343 4107 1435 4162 τὸν
1469 4109 1590 4163 Υἷὸν
1623 4110 1711 4165 καὶ
1743 4112 1833 4166 τὸν
1865 4114 1972 4168 Πα-

309 4193 401 4269 τὲρ
457 4200 605 4270 Ὀρθ.
672 4194 750 4251 Τὸ
785 4191 863 4250 ,δὲ
894 4197 1115 4268 Πνεῦμα
1146 4197 1206 4251 τὸ
1260 4198 1408 4273 ἅγιον
1444 4197 1504 4253 οὐ
1537 4205 1820 4276 πανταχοῦ
1881 4200 1973 4257 λέ-

321 4303 475 4359 γεις;
536 4280 741 4340 Μακεδ.
802 4283 923 4342 Ναί.
988 4285 1132 4357 Ὀρθ.
1182 4285 1245 4342 Εἰ
1293 4293 1579 4364 πανταχοῦ
1613 4287 1814 4345 ἐστινὸ
1869 4296 1976 4347 Πα-

311 4375 466 4449 τὴρν⁹
502 4372 594 4428 καὶ
657 4378 940 4450 πανταχοῦ
993 4371 1134 4428 ἐστιν
1195 4378 1222 4430 ὂ
1253 4376 1397 4444 Υἷὸς,
1459 4378 1544 4432 καὶ
1577 4385 1855 4456 πανταχοῦ
1912 4383 1974 4436 τὸ

313 4464 562 4536 Πνεῦμα·
624 4469 724 4533 τῆς
771 4463 938 4533 αὐτῆς
998 4464 1208 4542 φύσεώς
1264 4465 1375 4522 ἐστι
1422 4472 1501 4541 τῷ
1554 4471 1722 4543 Πατρὶ
1755 4470 1844 4525 καὶ
1898 4475 1974 4544 τῷ

313 4552 427 4608 1⁸ἶῶ
462 4552 526 4608 τὸ
557 4555 802 4626 Πνεῦμα.
837 4551 1045 4622 Μακεδ,
1084 4553 1302 4624 Ἐπειδὴ
1336 4558 1424 4612 καὶ
1458 4559 1485 4612 ὁ
1524 4554 1782 4622 διάϐολος
1839 4583 1971 4615 παν-

2097 3398 2379 3471 scriptum
2415 3401 2525 3466 est,
2557 3413 2664 3452 nos
2712 3411 2944 3468 quoque
3003 3411 3118 3450 una
3158 3396 3469 3449 sessuros?
3500 3391 3651 3448 Orth.
3687 3397 3748 3448 In

2093 3487 2354 3562 Epistola
2383 3489 2452 3544 ad
2486 3486 2770 3560 Ephesios
2794 3483 3082 3557 scriptum
3112 3487 3201 3538 est
3225 3499 3237 3540 :
3265 3507 3290 3534 «
3316 3481 3461 3538 Cum
3485 3500 3754 3540 essemus

2095 3577 2312 3633 mortui
2348 3575 2624 3650 peccatis,
2674 3573 3097 3630 convivificavit
3143 3589 3250 3629 nos
3302 3573 3361 3627 in
3405 3571 3656 3644 Christo,
3699 3577 3756 3628 et

2093 3667 2664 3734 conresuscitavit,et
2692 3665 2749 3720 in
2773 3663 3108 3720 ccslestibus
3139 3662 3455 3719 consedere
3488 3661 3623 3718 fecit
3651 3663 3754 3719 ⁸³.»

2091 3757 2217 3813 Νοιι
2250 3761 2437 3830 potest
2472 3757 2628 3812 enim
2663 3773 2780 3809 una
2809 3771 2942 3810 cum
2973 3752 3206 3810 Christo
3248 3752 3470 3820 sedere,
3504 3752 3618 3808 nisi
3652 3752 3752 3824 qui

2089 3845 2378 3918 templum
2413 3845 2670 3917 Spiritus
2703 3845 2892 3900 factus
2915 3847 3022 3900 est.
3045 3843 3208 3908 Quod
3236 3842 3286 3898 si
3311 3840 3601 3914 templum
3636 3859 3753 3899 una

2089 3935 2271 4004 sedet,
2305 3936 2442 4004 quid
2473 3936 2544 3990 de
2574 3933 2939 3990 inhabitante
2979 3932 3203 4006 Spiritu
3251 3931 3467 3988 dixeris
3493 3934 3516 3986 Ρ
3543 3931 3748 3989 Maced.

2087 4023 2340 4096 Spiritus
2371 4029 2460 4080 est
2507 4023 2725 4079 missus
2779 4040 2790 4079 :
2827 4023 3082 4078 mittitur
3111 4022 3290 4077 enim.
3353 4021 3508 4078 Orth.
3541 4023 3748 4077 Annon

2088 4113 2348 4168 mittitur
2378 4118 2435 4169 et
2481 4112 2708 4168 Filius?
2757 4111 2958 4168 Maced.
3011 4110 3219 4166 Etiam.
3275 4111 3422 4167 Orth.
3478 4110 3629 4166 Num
3679 4113 3749 4168 de

2086 4201 2213 4259 loco
2245 4203 2300 4257 in
2340 4202 2532 4258 locum
2566 4202 2786 4257 missus
2816 4200 2946 4257 est?
2978 4200 3182 4257 Maced.
3219 4199 3456 4255 Minime
3491 4215 3503 4255 :
3539 4199 3750 4255 Filium

2086 4292 2244 4348 enim
2281 4296 2335 4348 et
2367 4292 2596 4348 Patrem
2640 4290 2860 4362 ubique
2897 4306 3026 4346 esse
3075 4289 3222 4345 dico.
3259 4287 3413 4345 Orth.
3462 4288 3750 4361 Spiritum

2086 4399 2199 4437 non
2235 4381 2378 4436 dicis
2409 4398 2538 4437 esse
2569 4381 2790 4451 ubique
2813 4380 2840 4434 ?
2866 4379 3067 4436 Maced.
3101 4377 3311 4434 Etiam.
3351 4379 3504 4434 Orth.
3534 4379 3593 4435 Si
3627 4379 3751 4434 ubi-

2084 4487 2197 4544 que
2228 4475 2312 4527 est
2346 4475 2534 4538 Pater,
2567 4477 2623 4526 et
2655 4469 2870 4542 ubique
2903 4475 2990 4526 est
3021 4468 3221 4536 Filius,
3271 4473 3329 4523 et
3358 4467 3578 4538 ubique
3609 4467 3748 4540 Spi-

2083 4562 2232 4618 ritus
2262 4567 2503 4618 sanctus
2547 4577 2559 4616 :
2606 4561 2871 4631 ejusdem
2930 4559 3111 4630 igitur
3156 4575 3223 4614 ac
3279 4563 3448 4614 Pater
3479 4561 3535 4612 et
3566 4557 3748 4614 Filius

312 4647 490 4718 ταχοῦ
522 4641 654 4710 ἐστι,
687 4645 784 4711 τῆς
813 4641 980 4712 αὐτῆς
1013 4643 1223 4720 φύσεώς
1284 4645 1401 4701 ἔστέ
1450 4649 1620 4722 Πατρὶ
1681 4651 1771 4704 καὶ
1826 4651 1972 4725 Υἰῷ;

2099 4657 2307 4707 natura;
2354 4657 2443 4707 est
2493 4649 2746 4722 Spiritus
2795 4654 3057 4704 sanctus.
3114 4647 3314 4704 Maced.
3354 4649 3498 4704 Cum
3527 4663 3660 4703 vero
3691 4651 3748 4703 et

329 4733 481 4805 Ὀρθ.
533 4731 650 4790 Οὐκ
707 4730 817 4787 ἔστι
865 4738 1149 4810 πανταχοῦ
1197 4735 1226 4788 6
1275 4731 1576 4799 διάϐολος·
1622 4735 1749 4794 οῦτε
1779 4740 1883 4816 γὰρ
1933 4740 1986 4797 ἐν

313 4826 396 4894 τῷ
431 4820 644 4898 οὐρανῷ
698 4819 862 4891 ἐστιν,
907 4819 1031 4877 οὔτε
1083 4822 1135 4877 ἐν
1197 4821 1340 4897 πάσῃ
1391 4828 1459 4898 τῇ
1503 4825 1598 4900 γῇ·
1635 4826 1760 4883 ἀλλ’
1801 4828 1984 4906 ὥσπερ

307 4930 392 4974 τις
417 4910 679 4984 τύραννος
746 4910 799 4966 ἐν
851 4910 1006 4985 τόπῳ
1034 4933 1141 4968 τινι
1165 4911 1261 4983 ὥν,
1295 4911 1384 4969 διὰ
1411 4918 1519 4969 τῶν
1551 4919 1980 4994 προσταγμάτων

305 4999 500 5056 ἑαυτοῦ
531 4998 890 5057 ἀποστέλλων
942 5001 1253 5073 ὑπηκόους,
1300 5009 1584 5080 πανταχοῦ
1632 5012 1844 5078 κρατεῖν
1894 5008 1982 5063 λὲ-

301 5111 489 5167 γεται,
554 5088 677 5154 ἔνθα
737 5090 869 5144 εἰσὶν
937 5091 988 5144 αἱ
1041 5091 1476 5167 ὑπηρετούμεναι
1527 5093 1672 5167 αὑτῷ
1703 5093 1981 5170 δυνάμειςι

305 5180 398 5237 καὶ
458 5179 527 5255 τῇ
581 5180 676 5254 μὲν
746 5181 1032 5236 ὑποστάσει
1085 5181 1138 5238 ἐν
1171 5181 1243 5238 ἐνὶ
1272 5183 1426 5256 τόπῳ
1475 5183 1604 5239 ἐστίι
1635 5189 1704 5259 τῇ
1748 5183 1804 5241 δὲ
1837 5185 1981 5263 ἐνερ-

324 5268 445 5345 γείᾳ
474 5273 571 5324 τοῦ
602 5268 913 5343 θελήματος
950 5276 1253 5346 πανταχοῦ·
1289 5271 1426 5328 ὅπου
1455 5270 1500 5328 δ’
1532 5273 1591 5327 ἂν
1615 5279 1788 5352 κρατῇ
1844 5280 1957 5331 εῖνα

317 5357 559 5434 λέγεται·
593 5355 767 5420 οὕτως
796 5357 886 5414 καὶ
919 5359 946 5412 ὁ
979 5354 1238 5422 διάϐολος
1266 5365 1335 5435 τῇ
1375 5363 1470 5434 μὲν
1507 5363 1793 5420 ὑποστάσει
1828 5385 1981 5439 περι-

2095 4741 2367 4797 diabolus
2403 4739 2618 4812 ubique
2649 4739 2744 4804 sit,
2778 4739 2889 4794 erit
2919 4737 3015 4793 ille
3047 4738 3312 4809 ejusdem
3359 4755 3424 4793 ac
3473 4738 3639 4792 Pater
3690 4742 3748 4792 et

2097 4830 2279 4887 Filius
2309 4837 2528 4886 naturae
2553 4833 2574 4887 Ρ
2597 4829 2756 4889 Orth.
2792 4827 3069 4885 Diabolus
3103 4845 3216 4884 non
3254 4827 3468 4900 ubique
3499 4833 3605 4884 est.
3639 4827 3747 4883 Ne-

2096 4937 2208 4992 que
2239 4920 2395 4976 enim
2448 4921 2504 4974 in
2558 4917 2699 4975 cmlo
2749 4922 2858 4986 est,
2892 4934 3082 4990 neque
3129 4917 3188 4973 in
3232 4915 3504 4973 universa
3548 4921 3743 4982 terra;

2095 5011 2195 5065 sed
2231 5014 2292 5065 ut
2323 5015 2606 5082 tyrannus
2637 5008 2854 5079 aliquis
2878 5009 2936 5064 in
2967 5008 3222 5078 quodam
3247 5006 3370 5062 loco
3390 5005 3742 5072 consistens,

2095 5100 2400 5155 ministros
2431 5099 2724 5155 mandatis
2764 5098 3081 5155 instructos
3116 5095 3373 5163 mittens,
3409 5095 3744 5166 ubicunque

2094 5190 2364 5262 potentia:
2395 5207 2513 5245 sua:
2548 5189 2852 5244 ministros
2885 5186 3300 5256 habet,ibidem
3333 5184 3623 5240 dominari
3654 5185 3742 5240 di-

2091 5278 2290 5334 citur:
2326 5283 2382 5334 et
2429 5278 2728 5350 hypostasi
2777 5277 3009 5346 quidem
3062 5293 3176 5331 uno
3217 5273 3275 5328 in
3323 5272 3450 5330 loco
3497 5278 3605 5340 est,
3639 5274 3742 5329 sed

2091 5369 2430 5440 operatione
2462 5369 2616 5424 480
2645 5368 2965 5423 voluntatis
2989 5365 3348 5434 ubicumque
3378 5363 3720 5421 dominatur

379 5522 424 5556 ιδ
456 5520 661 5577 Matth.
694 5538 750 5590 ιι,
781 5522 872 5577 20.
950 5522 995 5557 ⁸⁸
1022 5521 1148 5579 Joel
1180 5540 1242 5591 ιι,
1273 5524 1364 5582 28.
1399 5525 1444 5561 ⁵ο
1473 5525 1585 5583 Tit.
1625 5545 1711 5595 ιιι,
1745 5528 1861 5584 4ο6.
1941 5529 1984 5567 ⁵1

2099 5547 2130 5586 ι.
2164 5546 2298 5601 Lvn,
2333 5530 2419 5586 15.
2497 5530 2544 5565 ⁸³
2573 5528 2788 5602 Ephes.
2823 5544 2885 5596 ιι,
2907 5528 2964 5593 5,
2993 5527 3048 5581 6.

384 5671 1289 5774 £1122.‘::'1r».§3}32631'Eme

385 5749 578 5825 (17“)
609 5749 742 5808 Hec
774 5749 990 5806 desunt
1024 5749 1082 5807 in
1114 5750 1334 5824 Graeco,
1362 5753 1464 5810 sed
1498 5753 1792 5814 habentur
1824 5754 1884 5813 in
1917 5755 2095 5817 veteri
2124 5755 2608 5832 interpretatione
2638 5754 2864 5813 Latina.
