4104 6380
145 378 298 441 1307

145 513 364 571 ibidem
395 530 524 572 esse
556 515 769 573 dicitur

149 603 450 677 bypostasi
483 606 721 678 quidem
754 624 861 663 sua
908 608 979 664 de
1018 608 1145 664 loco
1190 608 1249 664 in
1300 607 1495 664 locum
1539 606 1799 671 transit;

149 694 489 765 operatione
519 699 715 751 autem
754 696 1073 754 voluntatis
1124 699 1344 771 ubique
1372 704 1663 753 terrarum
1690 700 1802 765 est,

143 782 445 840 voluntate
500 785 629 857 ejus
669 793 946 857 operante
996 787 1054 842 in
1099 811 1125 836 «
1160 787 1298 843 filiis
1331 787 1669 842 difﬁdentiae
1703 801 1805 857 per

146 872 441 944 principes
472 878 530 929 et
561 881 897 947 potestates,
930 882 987 933 et
1018 877 1225 932 mundi
1260 882 1508 933 rectores
1537 875 1804 931 tenebra-

146 978 281 1018 rum
317 963 380 1019 ⁸³.
418 985 445 1015 ››
480 963 650 1019 Pater
680 972 899 1032 autem,
931 972 987 1023 et
1038 966 1217 1023 Filius
1251 975 1304 1022 et
1359 966 1613 1038 Spiritus
1667 981 1801 1020 san-

148 1056 279 1108 ctus
312 1052 666 1121 substantia,
692 1056 973 1127 potentia,
998 1062 1053 1112 et
1082 1057 1268 1129 gloria
1290 1056 1506 1129 ubique
1538 1056 1594 1109 in
1622 1053 1809 1111 omni«

145 1141 258 1197 bus
291 1147 347 1197 et
377 1159 480 1214 per
507 1145 707 1199 omnia
742 1150 899 1201 sunt.
935 1145 1097 1209 Quod
1123 1147 1168 1202 si
1202 1147 1284 1201 ita
1313 1150 1401 1200 est
1434 1163 1447 1201 :
1482 1162 1593 1200 una
1629 1144 1810 1215 igitur

155 1234 247 1285 est
279 1230 487 1300 Patris,
522 1232 646 1287 Filii
681 1239 736 1288 et
767 1234 1023 1307 Spiritus
1072 1236 1257 1291 sancti
1313 1233 1805 1290 substantia.Ma-

147 1320 261 1376 aed.
300 1320 468 1376 Pater
499 1322 735 1394 quidem
768 1332 822 1378 et
852 1323 1034 1380 Filius
1065 1325 1399 1381 substantia
1427 1328 1483 1379 et
1513 1322 1809 1379 voluntate

147 1414 208 1465 et
237 1410 507 1482 potentia
538 1414 595 1467 et
639 1411 826 1484 gloria
874 1413 1092 1486 ubique
1133 1420 1189 1469 et
1233 1414 1290 1469 in
1322 1413 1600 1470 omnibus
1635 1429 1648 1467 :
1680 1412 1808 1484 Spi-

151 1497 304 1553 ritus
335 1504 531 1554 autem
565 1499 644 1555 ibi
703 1505 812 1571 est,
860 1518 977 1574 quo
1026 1503 1301 1558 mittitur.
1351 1502 1514 1561 Orth.
1564 1501 1809 1566 Quando

146 1586 334 1661 igitur
362 1588 420 1643 in
448 1589 813 1645 ccenaculum
848 1592 1024 1659 venit,
1060 1592 1115 1647 in
1152 1610 1268 1665 quo
1313 1596 1481 1648 erant
1510 1589 1807 1664 discipuli,

151 1676 422 1750 seditque
457 1696 638 1752 supra
666 1679 933 1752 singulos
981 1698 1207 1753 eorum,
1239 1699 1355 1737 non
1411 1686 1536 1737 erat
1591 1686 1717 1736 tum
1750 1680 1811 1735 in

144 1765 288 1823 ccelo
318 1771 598 1840 quoque?
636 1769 846 1826 Maced.
880 1768 1112 1827 Gabriel
1157 1772 1393 1843 quando
1441 1771 1513 1826 ad
1566 1769 1810 1825 Mariam

146 1855 369 1913 missus
417 1861 528 1924 est,
569 1874 682 1914 non
734 1864 859 1915 erat
889 1865 1016 1915 tum
1049 1861 1106 1915 in
1140 1862 1284 1918 cmlo
1316 1877 1552 1932 quoque
1587 1859 1615 1915 ‘I
1646 1860 1807 1917 Orth.

148 1945 274 2002 Non
306 1946 660 2020 substantia,
712 1949 811 2005 scd
866 1949 1236 2022 cogitatione.
1282 1950 1488 2006 Maced.
1536 1949 1693 2006 Idem
1746 1950 1817 2005 de

154 2034 378 2108 Spiritu
408 2036 561 2092 dico.
595 2037 752 2098 Orth.
774 2038 842 2094 Et
873 2040 1166 2111 quomodo
1198 2039 1370 2096 audis
1411 2056 1544 2095 eum
1578 2037 1681 2111 qui
1727 2036 1813 2093 di-

152 2126 278 2181 cit:
318 2147 344 2178 α
373 2126 627 2199 Spiritus
667 2128 893 2184 Domini
947 2128 1189 2201 replevit
1235 2130 1438 2185 orbem
1483 2134 1815 2195 terrarum;

148 2218 207 2271 et
236 2212 357 2270 hoc'
400 2217 555 2289 quod
588 2217 848 2274 continet
900 2220 1101 2274 omnia
1150 2217 1463 2274 scientiam
1514 2217 1691 2274 habet
1719 2233 1817 2272 voo

150 2304 239 2361 cis
270 2304 315 2339 “
339 2307 363 2360 ἓ
388 2324 415 2357 ι
448 2305 595 2372 Quid
629 2312 720 2363 est
748 2312 945 2365 autem
979 2306 1163 2377 aliud,
1197 2308 1352 2381 quod
1387 2308 1486 2363 Dei
1531 2305 1815 2378 cognitio-

156 2410 295 2450 nem
327 2393 560 2467 habeat,
594 2412 771 2468 quam
795 2397 1071 2470 Spiritus,
1106 2398 1176 2455 de
1215 2415 1331 2470 quo
1357 2397 1594 2467 dicitur,
1628 2420 1655 2447 ‹‹
1688 2394 1813 2467 Spi-

156 2483 308 2541 ritus
338 2474 592 2540 scientite
623 2491 680 2541 et
710 2486 943 2558 pietatis
971 2487 1015 2523 ⁵⁸
1034 2487 1062 2542 ‘I
1095 2511 1115 2539 ι
1145 2487 1357 2544 Maced.
1392 2486 1815 2543 Sanctiﬁcatio-

167 2572 259 2628 nis
290 2572 544 2646 Spiritus
576 2575 675 2630 ille
703 2581 813 2632 est.
843 2576 1001 2636 Orth.
1034 2583 1243 2633 Annon
1272 2577 1601 2633 sanctiﬁcat
1628 2579 1685 2630 et
1715 2575 1818 2630 Pa-

159 2666 291 2719 ter?
319 2666 433 2719 Aut
462 2680 578 2720 non
612 2665 897 2739 scriptum
930 2671 1022 2723 est
1054 2668 1111 2722 in
1146 2666 1477 2739 Evangeliis
1508 2682 1521 2722 :
1558 2688 1587 2717 «
1629 2669 1819 2736 Pater,

162 2752 468 2808 sanctiﬁca
498 2753 632 2811 illos
664 2755 720 2810 in
753 2757 998 2812 veritate
1028 2761 1130 2812 tua
1161 2756 1253 2812 5°?
1281 2779 1303 2809 ι
1341 2756 1410 2811 Et
1439 2771 1540 2827 per
1568 2754 1820 2827 prophe-

156 2847 279 2896 tam
314 2841 398 2897 ait
442 2857 456 2898 :
512 2865 539 2894 ‹‹
596 2844 711 2917 Ego
766 2846 1049 2902 Dominus
1092 2844 1467 2902 sanctiﬁcans
1514 2844 1647 2900 illos
1677 2845 1750 2901 '7.
1789 2863 1816 2896 ι

157 2931 371 2988 Maced.
406 2930 745 2990 Sanctiﬁcat
783 2934 956 3008 plane
1002 2941 1060 2992 et
1108 2939 1279 2991 Pater
1334 2940 1391 2991 et
1422 2934 1623 2991 Filius.
1656 2933 1823 2993 Orth.

161 3020 219 3076 Si
254 3021 579 3078 sanctiﬁcat
608 3026 794 3092 Pater,
825 3024 1155 3080 sanctiﬁcat
1186 3028 1244 3080 et
1274 3022 1477 3089 Filius,
1521 3026 1578 3078 et
1606 3022 1824 3078 sancti-

1302 384 1369 447 S.
1418 381 1947 446 ATHANASIUS.
1972 415 2049 427 —
2084 381 2395 445 SPURIA.

826 535 842 574 :
898 519 1026 573 Pari
1063 520 1236 575 modo
1267 518 1537 575 diabolus
1566 531 1799 590 quoque

1927 513 2134 590 ἔρχεται
2194 513 2300 570 άπὸ
2344 513 2516 571 τόπου
2564 514 2643 579 εἷς
2690 514 2883 587 τόπον,
2944 520 3013 589 τῇ
3063 513 3123 573 δὲ
3178 516 3417 594 ἐνεργείᾳ
3468 524 3567 575 τοῦ

3415 385 3571 450 1308

1913 601 2227 677 Θελήματος
2260 608 2544 682 πανταχοῦ
2572 611 2694 682 γῆς,
2738 604 3123 682 ἐνεργουμένου
3175 612 3274 663 τοῦ
3322 608 3567 682 θελήμα-

1908 714 2005 757 τος
2036 692 2200 749 αὖτοῦ
2229 693 2280 747 ἐν
2316 718 2342 747 ι(
2370 700 2487 757 τοῖς
2520 695 2663 756 υἱοῖς
2691 701 2791 766 τῆς
2822 695 3119 767 ἀπειθείας,
3173 695 3261 753 διὰ
3312 702 3421 754 τῶν
3473 699 3569 777 ἁρ-

1913 787 2030 860 χῶν
2080 783 2170 838 καὶ
2214 787 2322 838 τῶν
2366 782 2646 855 ἐξουσιῶν,
2677 785 2766 840 καὶ
2818 789 2927 840 τῶν
2968 787 3429 865 κοσμοκρατόρων
3473 793 3571 844 τοῦ

1915 872 2161 934 σκότους.
2219 897 2238 922 ι
2304 875 2490 948 Πατὴρ
2547 870 2625 942 δὲ,
2675 874 2767 929 καὶ
2815 874 2960 945 Υἱὸς,
2999 874 3088 931 καὶ
3140 877 3294 952 ἅγιον
3330 882 3572 951 Πνεῦμα,

1915 962 2093 1034 οὐσίᾳ,
2134 962 2222 1017 καὶ
2275 959 2521 1037 δυνάμει,
2572 963 2661 1019 καὶ
2709 960 2836 1038 δόξῃ
2874 969 3186 1042 πανταχοῦ,
3216 967 3308 1021 καὶ
3332 966 3385 1023 ἐν
3417 973 3572 1040 πᾶσι,

1913 1051 2004 1106 καὶ
2038 1048 2125 1106 διά
2177 1051 2388 1107 πάντων
2449 1051 2601 1110 εἰσίν.
2657 1053 2722 1109 Ei
2773 1051 2832 1109 δὶ
2873 1058 3059 1125 τοῦτο,
3113 1054 3213 1129 μία
3259 1053 3362 1130 ἄρα
3419 1056 3575 1112 οὐσία

1917 1141 2153 1217 ῘΙατρὸς,
2223 1142 2314 1196 καὶ
2386 1142 2536 1212 Υἱοῦ,
2604 1142 2696 1197 καὶ
2755 1143 2908 1220 ἁγίου
2968 1143 3307 1217 ΙΙνεύματος.
3361 1143 3570 1203 Μακεδ.

1916 1232 2107 1306 Πατὴρ
2141 1232 2237 1304 μὲν
2267 1231 2355 1286 καὶ
2386 1231 2510 1294 Υἱὸς
2543 1231 2698 1304 οὐσίᾳ
2725 1231 2816 1289 καὶ
2850 1232 3028 1308 βουλῇ
3067 1231 3157 1288 καὶ
3208 1230 3435 1308 δυνάμει
3479 1234 3573 1290 καὶ

1920 1318 2047 1395 δόξῃ
2076 1325 2360 1396 πανταγοῦ
2390 1321 2481 1377 καὶ
2513 1321 2564 1377 ἐν
2591 1327 2743 1376 πᾶσι·
2776 1322 2838 1377 τὸ
2870 1319 2928 1377 δὲ
2978 1326 3198 1396 Πνεῦμα
3245 1322 3358 1378 ἐκεῖ
3405 1323 3570 1396 ἐστιν,

1918 1407 2041 1465 ἔνθα
2096 1409 2514 1467 ἀποστέλλεται.
2563 1412 2697 1487 Ορθ.
2748 1413 2881 1468 ’Ότε
2928 1409 3020 1466 οὖν
3075 1411 3344 1483 κατῆλθεν
3395 1411 3448 1469 ἐν
3495 1418 3574 1487 τῷ

1920 1499 2154 1576 ὑπερῴῳ
2202 1494 2322 1555 ἔνθα
2368 1502 2500 1569 ἦσαν
2554 1500 2604 1554 οἳ
2658 1499 2919 1573 μαθηταὶ,
2966 1499 3057 1555 καὶ
3102 1499 3337 1557 ἐκάθισεν
3372 1501 3452 1581 ἐφ’
3479 1499 3576 1559 ἕνα

1916 1585 2139 1644 ⁴ἕκαστον
2193 1587 2391 1659 αὐτῶν,
2449 1589 2548 1644 οὐκ
2603 1588 2670 1658 ἦν
2726 1588 2816 1644 καὶ
2865 1587 3046 1663 ἐν,τῷ
3077 1589 3326 1666 οὐρανῷ;
3362 1588 3570 1649 Μακεδ.

1919 1679 1981 1736 Ὁ
2010 1679 2110 1755 γὰρ
2173 1672 2442 1754 Γαϐριὴλ,
2503 1677 2594 1733 ὅτε
2649 1675 2926 1749 ἀπεστάλη
2977 1679 3115 1755 πρὸς
3171 1679 3272 1748 τήν
3334 1681 3574 1757 Μαρίαν,

1921 1766 2022 1822 οὐκ
2050 1767 2118 1837 ἧν
2145 1767 2234 1821 καὶ
2266 1765 2317 1822 ἐν
2344 1771 2423 1839 τῷ
2455 1766 2705 1841 οὖρανῷ;
2758 1767 2905 1842 Ὀρθ.
2960 1766 3152 1839 Οὐσία,
3204 1765 3289 1823 οὔ·
3341 1765 3577 1841 διανοίᾳ,

1920 1856 2027 1912 ναί.
2088 1854 2290 1912 Μακεδ.
2353 1855 2512 1914 Οῧτω
2543 1855 2691 1931 λέγω
2729 1856 2819 1911 καὶ
2863 1856 2927 1912 τὸ
2979 1859 3223 1930 Πνεῦμα.
3276 1858 3425 1933 Ὀρθ.
3477 1858 3579 1915 Καὶ

1926 1950 2045 2009 πῶς
2089 1944 2304 2008 ἀκούεις
2351 1950 2449 2001 τοῦ
2499 1943 2771 2021 λὲγοντος,
2823 1944 2905 2001 ὅτι
2939 1971 2968 1999 (ι
2999 1947 3220 2021 Πνεῦμα
3249 1946 3448 2024 Κυρίου
3478 1969 3578 2003 πε-

1926 2036 2194 2108 πλήρωκε
2222 2036 2321 2104 τήν
2356 2032 2703 2109 οἰκουμένην·
2733 2035 2823 2090 καὶ
2853 2035 2917 2090 τὸ
2949 2036 3174 2113 συνέχον
3220 2035 3394 2093 πάντα
3439 2041 3579 2113 γνῶ-

1928 2147 2008 2180 σιν
2038 2120 2154 2201 ἔχει
2187 2125 2408 2203 φωνῆςς
2436 2147 2463 2175 »
2498 2123 2558 2178 Τί
2590 2120 2646 2179 δὲ
2677 2123 2788 2178 ἐστι
2816 2125 2880 2180 τὸ
2908 2126 3007 2194 τὴν
3052 2129 3150 2180 τοῦ
3197 2130 3332 2181 Θεοῦ
3378 2130 3578 2202 γνῶσιν

1928 2211 2081 2292 ἔχον,
2114 2212 2240 2270 ἀλλ’
2271 2214 2306 2282 ἢ
2355 2213 2420 2268 τὸ
2468 2217 2713 2287 Πνεῦμα,
2764 2215 2885 2291 περὶ
2936 2213 2999 2269 οῦ
3029 2211 3262 2290 εἷ’ρηται·
3302 2238 3331 2269 ιι
3361 2218 3582 2290 Πνεῦμα

1926 2304 2183 2379 γνώσεως
2226 2302 2316 2357 καὶ
2366 2297 2680 2373 εὐσεϐείας;
2737 2325 2764 2353 ‹‹
2818 2300 3027 2360 Μακεδ.
3086 2303 3428 2380 Ἀγιαστικόν
3466 2304 3580 2361 ἐστι

1925 2393 1988 2449 τὸ
2021 2396 2261 2465 Πνεῦμα.
2297 2393 2446 2467 Ὀρθ.
2500 2394 2560 2448 Ὁ
2587 2392 2689 2469 γὰρ
2724 2392 2912 2466 Ιῐατήρ
2943 2393 3053 2470 οὐχ
3081 2395 3331 2470 ἁγιάζει;
3386 2396 3457 2453 ’Ἡ
3515 2394 3603 2453 οὐ,

1926 2483 2221 2559 γέγραπται
2282 2480 2333 2537 ἐν
2388 2486 2508 2543 τοῖς
2568 2480 2951 2558 Εὐαγγελίοις’
3008 2506 3037 2535 ‹‹
3094 2482 3293 2561 Πάτερ,
3356 2484 3576 2561 ἁγίασον

1929 2570 2124 2634 αὐτοὺς
2176 2570 2227 2627 ἐν
2275 2574 2344 2646 τῇ
2395 2570 2627 2643 ἀληθείᾳ
2675 2591 2805 2641 σου;
2843 2596 2862 2621 ι
2892 2572 2991 2627 Καὶ
3025 2569 3114 2629 διὰ
3140 2577 3239 2628 τοῦ
3289 2576 3577 2653 προφήτου

1929 2658 2097 2737 λέγει·
2161 2683 2190 2712 (ι
2247 2661 2386 2737 Ἐγὼ
2447 2658 2642 2737 Κύριος
2714 2659 2950 2737 ἁγιάζων
3011 2659 3226 2723 αὐτούς.
3280 2685 3309 2713 ι)
3370 2660 3580 2721 Μακεδ.

1932 2750 2054 2818 Ναὶ,
2087 2749 2292 2826 ἁγιάζει
2317 2749 2407 2804 καὶ
2440 2751 2467 2804 6
2503 2748 2712 2825 Πατὴρ,
2743 2749 2833 2804 καὶ
2865 2749 2894 2803 6
2926 2748 3072 2812 Υἱός.
3107 2750 3257 2827 Ὀρθ.
3319 2749 3384 2806 Εἰ
3428 2749 3582 2828 ἁγιά-

1936 2845 2012 2911 ζει
2043 2841 2071 2895 ὁ
2106 2839 2295 2914 ΙΙατήρ
2324 2839 2412 2893 καὶ
2446 2837 2650 2916 ἁγιάζει
2682 2837 2772 2893 καὶ
2804 2840 2832 2894 ὁ
2861 2838 3007 2910 Υἱὸς,
3038 2838 3129 2894 καὶ
3164 2838 3369 2916 ἁγιάζει
3403 2839 3494 2895 καὶ
3523 2840 3587 2895 τὸ

1935 2931 2160 3002 Πνεῦμα
2181 2935 2282 2998 τῆς
2313 2927 2481 2996 αὐτῆς
2515 2928 2619 3005 ἄρα
2647 2926 2858 3006 φύσεώς
2892 2926 3002 2983 ἐστι
3036 2927 3208 3005 ΙΙατρὶ
3240 2927 3330 2984 καὶ
3362 2929 3491 3003 Υἱῷ·
3513 2929 3586 2985 ὧν
3624 2988 3627 2989 ν

1935 3019 2040 3096 γὰρ
2070 3021 2105 3089 ἡ
2138 3018 2272 3088 αὗτή
2307 3016 2564 3094 ἐνέργεια,
2596 3016 2685 3072 καὶ
2714 3020 2749 3087 ἡ
2773 3014 2908 3087 αὐτή
2942 3015 3120 3096 φύσις.

160 3109 297 3166 ﬁcat
326 3127 561 3183 quoque
608 3113 901 3184 Spiritus;
940 3114 1211 3185 ejusdem
1242 3113 1427 3186 igitur
1457 3112 1552 3169 hic
1600 3117 1690 3169 est
1719 3129 1785 3168 ac
1815 3111 1981 3168 Pater
2009 3116 2066 3166 et
2096 3108 2280 3166 Filius
2309 3114 2532 3165 naturas
2560 3126 2573 3164 :
2612 3125 2748 3163 nam
2779 3125 3033 3180 quorum
3064 3110 3270 3166 eadem
3303 3111 3590 3183 operatio,

159 3198 362 3255 eadem
396 3204 452 3255 et
481 3204 713 3257 natura.

232 3306 322 3362 12.
354 3306 551 3363 Maced.
586 3307 705 3364 Nos
735 3308 841 3363 viae
871 3308 1079 3365 ducem
1112 3307 1399 3382 Spiritum
1429 3312 1697 3364 sanctum
1730 3268 1816 3362 di-

2005 3305 2090 3361 12.
2133 3300 2338 3362 Μακεδ.
2372 3305 2561 3378 Ἡμεῖς
2591 3300 2921 3380 ὁδηγητικὸν
2973 3303 3208 3380 λὲγομεν
3255 3305 3317 3360 τὸ
3368 3308 3589 3379 Πνεῦμα

169 3395 383 3452 cimus.
417 3397 522 3463 Qui
556 3402 752 3454 autem
796 3398 900 3454 vias
940 3398 1058 3454 dux
1089 3402 1200 3465 est,
1232 3398 1284 3454 is
1323 3399 1394 3454 ad
1428 3397 1608 3453 alium
1641 3395 1821 3453 ducit.

161 3484 321 3545 Orth.
382 3486 585 3543 Nonne
634 3487 736 3543 viae
785 3488 906 3543 dux
952 3494 1043 3544 est
1090 3493 1147 3544 et
1208 3489 1403 3544 Deus?
1461 3486 1660 3544 Maced.
1714 3485 1824 3543 Ubi

162 3576 449 3649 scriptum
482 3580 573 3632 est
600 3575 802 3635 POrth.
826 3577 969 3643 Quis
998 3581 1089 3634 est
1106 3577 1208 3650 qui
1239 3578 1404 3634 sedet
1424 3594 1601 3650 super
1622 3576 1826 3632 cheru-

163 3664 286 3721 bim
307 3665 335 3720 ?
364 3665 572 3722 Maced.
605 3666 782 3723 Deus.
818 3666 975 3723 Orth.
1008 3666 1159 3723 Audi
1203 3666 1385 3741 igitur
1437 3665 1708 3723 Davidem
1739 3667 1824 3721 di-

161 3758 389 3811 centem
424 3773 438 3811 :
473 3777 501 3804 ‹‹
535 3755 642 3822 Qui
674 3758 870 3827 pascis
900 3756 1093 3828 Israel,
1128 3756 1364 3813 intende
1397 3773 1410 3812 :
1445 3756 1546 3830 qui
1579 3755 1823 3812 deducis

160 3843 321 3899 velut
352 3861 515 3900 ovem
550 3844 790 3917 Joseph.
836 3848 945 3913 Qui
968 3848 1136 3903 sedes
1157 3864 1336 3920 super
1364 3845 1820 3915 cherubim,ma-

165 3933 446 3990 nifestare
489 3933 552 3989 ⁸⁸.
600 3956 627 3985 ››
674 3935 859 3992 Audis
909 3937 1065 4009 quod
1121 3940 1177 3992 et
1224 3946 1424 4010 pascat
1469 3940 1527 3991 et
1574 3935 1825 3991 deducat

168 4027 320 4079 Deus
345 4026 368 4078 Ρ
395 4023 602 4081 Maced.
635 4024 850 4098 Pascit,
884 4025 1086 4092 fateor,
1132 4030 1189 4081 et
1245 4026 1481 4082 deducit
1509 4025 1687 4091 Deus,
1719 4025 1820 4080 sed

167 4114 239 4168 ad
292 4112 550 4185 seipsum
600 4114 856 4170 deducit.
910 4115 1163 4188 Spiritus
1212 4120 1409 4171 autem
1456 4132 1569 4170 non
1620 4114 1691 4170 ad
1732 4131 1819 4171 se-

167 4200 495 4274 ipsum,sed
519 4201 591 4257 ad
615 4218 849 4258 omnem
874 4204 1172 4260 veritatem
1192 4203 1825 4263 deducit.0rth.Nonne

163 4299 218 4346 et
248 4289 404 4347 Deus
433 4291 503 4346 ad
545 4307 778 4348 omnem
823 4292 1127 4349 veritatem
1182 4292 1470 4348 deducit?
1517 4293 1721 4349 Maced.
1754 4295 1827 4350 At

164 4379 290 4453 ipse
322 4396 519 4437 revera
548 4385 637 4438 est
665 4382 859 4439 omnis
897 4383 1132 4438 veritas.
1183 4382 1339 4442 Orth.
1377 4383 1655 4455 Ejusdem
1686 4400 1824 4457 ergo

163 4470 269 4525 viae
320 4471 438 4526 dux
486 4475 597 4539 est,
649 4472 821 4544 cujus
869 4473 989 4527 dux
1016 4475 1108 4529 est
1147 4477 1203 4529 et
1252 4472 1526 4545 Spiritus.
1562 4473 1821 4538 Quorum

162 4576 298 4616 vero
326 4561 530 4617 eadem
561 4565 652 4617 est
678 4562 960 4634 operatio,
989 4563 1192 4619 eadem
1225 4579 1459 4635 quoque
1482 4566 1692 4619 natura
1711 4566 1822 4618 est.

162 4648 288 4705 Non
321 4654 486 4722 potes
517 4651 675 4707 enim
702 4651 916 4721 dicere,
949 4651 1235 4725 Spiritum
1286 4651 1457 4708 aliter
1496 4651 1822 4720 deducere;
1854 4693 1903 4759 Β

165 4740 349 4797 Deum
383 4745 580 4797 autem
624 4740 694 4796 ad
728 4757 961 4798 omnem
992 4741 1298 4799 veritatem
1344 4742 1653 4810 deducere,
1687 4758 1823 4797 cum

163 4828 450 4887 Dominus
474 4830 645 4887 Jesus
675 4830 908 4901 dixerit,
935 4831 1222 4904 Spiritum
1255 4832 1326 4888 ad
1355 4848 1588 4888 omnem
1614 4831 1823 4886 verita-

163 4923 283 4975 tem
318 4936 424 4976 nos
454 4919 760 4977 deducere.
794 4920 1003 4978 Maced.
1036 4925 1111 4978 At
1139 4921 1281 4991 dixi,
1312 4921 1496 4978 Deum
1536 4936 1668 4977 esse
1696 4935 1822 4975 om-

164 5024 300 5066 nem
335 5008 664 5081 veritatem,
699 5009 1014 5084 ipsumque
1061 5011 1135 5067 ad
1181 5011 1445 5084 seipsum
1485 5010 1774 5067 deducere
1807 5025 1821 5065 :

164 5098 447 5171 Spiritum
479 5117 613 5156 vero
644 5118 760 5157 non
790 5102 862 5157 ad
885 5102 1167 5173 seipsum,
1196 5102 1294 5157 sed
1321 5101 1391 5157 ad
1416 5117 1648 5158 omnem
1674 5099 1821 5155 veri-

164 5192 365 5260 tatem,
398 5188 507 5246 hoc
537 5194 628 5246 est
655 5190 729 5247 ad
760 5190 968 5248 Deum.
998 5191 1155 5250 Orlh.
1188 5190 1246 5248 Si
1276 5196 1426 5247 Deus
1457 5191 1527 5246 ad
1560 5190 1824 5263 seipsum

165 5277 422 5349 deducit,
457 5297 741 5352 quorsum
775 5280 1031 5353 Spiritus
1079 5281 1267 5336 sancti
1299 5280 1645 5336 deductione
1677 5297 1826 5353 opus

165 5369 298 5424 est?
327 5368 523 5426 Maced.
561 5370 818 5427 Primum
852 5369 1091 5426 deducit
1122 5369 1396 5441 Spiritus,
1429 5369 1639 5426 deinde
1669 5369 1824 5426 Deus

166 5457 321 5515 Orth.
345 5459 404 5515 Si
436 5459 537 5532 qui
568 5460 671 5517 viae
702 5461 819 5517 dux
850 5464 961 5530 est,
984 5460 1057 5516 ad
1088 5459 1269 5515 alium
1301 5458 1620 5532 quemdam
1651 5460 1826 5519 dedu-

232 5674 299 5749 ³³-
334 5673 544 5749 Ephes.
598 5676 799 5749 v,_6f,
849 5693 928 5749 vr,
981 5676 1063 5732 12.

1178 5676 1225 5713 “
1275 5676 1413 5750 Sep.
1457 5695 1497 5750 ι,
1551 5679 1605 5748 7,

161 5743 206 5783 ⁵⁸
264 5743 415 5802 PsaI.
451 5743 722 5818 tum},
751 5748 807 5805 2.

1717 5677 1762 5715 ιε
1814 5676 1929 5736 In.
1977 5693 2059 5746 xx,
2117 5678 2170 5732 2.

1933 3394 1996 3449 τὸ
2026 3393 2203 3469 ἅγιον.
2235 3394 2296 3452 Ὀ
2329 3390 2386 3449 δὲ
2416 3391 2633 3470 ὁδηγῶν
2661 3394 2798 3470 πρὸς
2833 3390 3003 3449 ἄλλον
3037 3391 3249 3470 ὁδηγεῖ.
3281 3395 3433 3467 Ὀρθ.
3467 3394 3592 3470 Οὐχ

1935 3480 2131 3558 ὁδηγεῖ
2160 3483 2253 3538 οὖν
2287 3484 2316 3538 6
2359 3483 2491 3546 Θεός
2553 3483 2758 3543 Μακεδ.
2824 3489 2938 3545 Ιῐοῦ
2967 3484 3309 3561 γέγραπται,
3372 3505 3386 3555 ;
3438 3486 3586 3562 Ὀρθ.

1932 3572 1995 3631 Ὁ
2044 3574 2353 3646 καθήμενος
2416 3571 2505 3629 ἐπὶ
2560 3579 2668 3629 τῶν
2725 3569 3004 3652 χερουϐὶμ
3031 3574 3114 3638 τίς
3168 3573 3327 3643 ἐστι;
3382 3570 3586 3632 Μακεδ.

1932 3663 1993 3720 Ὁ
2067 3661 2216 3723 Θεός.
2287 3663 2438 3739 Ὀρθ.
2506 3667 2702 3721 ’Ἄκουε
2776 3665 2869 3720 οὗν
2927 3660 3026 3720 τοῦ
3086 3657 3252 3719 Δαϐἶδ
3311 3662 3586 3740 λέγοντος·

1934 3774 1962 3803 ‹‹
1994 3751 2056 3808 Ὁ
2085 3750 2395 3823 ποιμαίνων
2427 3752 2519 3807 τὸν
2554 3753 2799 3830 Ἰσραὴλ,
2833 3753 3097 3829 πρόσχες·
3130 3754 3161 3809 6
3191 3749 3405 3830 ὁδηγῶν
3459 3752 3588 3809 ὡσεὶ

1932 3833 2207 3915 πρόϐατον
2232 3841 2322 3896 τὸν
2375 3843 2600 3921 Ἰωσήφ,
2634 3844 2662 3899 6
2689 3846 3001 3918 καθήμενος
3035 3841 3122 3898 ἐπὶ
3153 3848 3261 3899 τῶν
3290 3837 3587 3919 χερουϐὶμ,

1932 3929 2223 4008 ἐμφάνηθι.
2286 3954 2314 3981 ››
2373 3931 2641 4003 Ἀκούεις,
2688 3932 2772 3989 ὅτι
2819 3932 2911 3988 καὶ
2960 3932 3237 4006 ποιμαίνει
3275 3931 3367 3988 καὶ
3398 3928 3592 4006 ὁδηγεῖ

1933 4021 1961 4075 ὁ
1992 4018 2168 4088 Θεός;
2222 4018 2425 4080 Μακεδ.
2480 4022 2604 4093 Ναὶ,
2652 4022 2934 4098 ποιμαίνει
2982 4022 3071 4078 καὶ
3121 4019 3316 4097 ὁδηγεῖ
3360 4022 3389 4077 6
3439 4019 3588 4083 Θεός³

1932 4110 2079 4171 ἀλλᾶ
2105 4111 2241 4185 πρὸς
2272 4111 2458 4167 ἑαυτὸν
2492 4109 2701 4190 ὁδηγεῖ.
2730 4113 2800 4168 Τὸ
2832 4109 2892 4168 δὲ
2921 4115 3143 4186 Πνεῦμα
3185 4108 3250 4166 οἱ)
3278 4111 3416 4184 πρὸς
3464 4112 3589 4168 ἐαυ-

1932 4206 2045 4279 τὸν,
2096 4202 2243 4261 ἁλλὰ
2287 4202 2424 4279 πρὸς
2474 4208 2645 4258 πᾶσαν
2702 4202 2803 4271 τήν
2862 4200 3119 4272 ἀλήθειαν
3162 4199 3376 4277 ὁδηγεῖ.
3436 4201 3588 4279 Ὀρθ.

1931 4297 1992 4353 '0
2022 4297 2125 4372 γὰρ
2157 4292 2285 4355 Θεὸς
2320 4293 2383 4348 οὐ
2413 4292 2552 4368 πρὸς
2582 4297 2754 4346 πᾶσαν
2789 4289 3047 4362 ἀλήθειαν
3100 4287 3328 4366 ὁδηγεῖ;
3381 4286 3589 4348 Μακεδ.

1935 4384 2093 4442 Ἀλλ’
2124 4382 2282 4445 αὐτός
2315 4382 2455 4437 ἐστιν
2491 4378 2714 4449 άληθῶς
2745 4382 2781 4450 ἡ
2812 4385 2956 4435 πᾶσα
2987 4377 3236 4451 ἀλήθεια.
3268 4381 3421 4456 Ὀρθ.
3479 4380 3587 4449 Τήν
3647 4410 3671 4431 .

1935 4474 2101 4542 αὐτὴν
2148 4473 2249 4549 ἄρα
2300 4468 2497 4545 ὁδηγεῖ
2543 4466 2855 4545 ὁδηγίαν,ἣν
2889 4466 3085 4545 ὁδηγεῖ
3110 4469 3173 4523 τὸ
3204 4469 3447 4543 Ιινεῦμα.
3499 4471 3594 4524 Ὧν

1936 4562 1994 4619 δὲ
2049 4565 2084 4633 ἡ
2144 4561 2280 4630 αὐτή
2340 4560 2597 4635 ἐνέργεια,
2654 4557 2745 4613 καὶ
2803 4560 2838 4627 ἡ
2893 4557 3028 4628 αὐτή
3080 4556 3257 4637 φύσις.
3290 4555 3433 4616 Οὐδὲ
3487 4558 3591 4636 γὰρ

1935 4650 2066 4727 δύνῃ
2096 4651 2289 4723 εἰπεῖν,
2345 4647 2428 4704 ὅτι
2485 4649 2548 4705 τὸ
2601 4650 2695 4722 μὶν
2733 4649 2955 4721 Πνεῦμα
2985 4646 3173 4711 ἄλλως
3206 4645 3416 4725 ὁδηγεῖ,
3479 4647 3506 4703 6
3534 4645 3593 4705 δὲ

1934 4741 2064 4803 Θεὸς
2121 4738 2258 4816 πρὸς
2318 4742 2488 4793 πᾶσαν
2547 4737 2645 4808 τὴν
2696 4736 2977 4807 ἀλήθειαν·
3034 4740 3131 4791 τοῦ
3171 4735 3376 4814 Κυρίου
3410 4738 3592 4808 Ἰησοῦ

1934 4829 2242 4907 εἰρηκότος,
2301 4829 2387 4885 ’ὁτι
2428 4827 2557 4883 αὐτὸ
2605 4827 2666 4881 τὸ
2730 4829 2952 4900 Πνεῦμα
2997 4822 3189 4903 ὁδηγεῖ
3235 4828 3384 4900 ἡμᾶς
3455 4826 3592 4901 πρὸς

1935 4925 2105 4976 πᾶσαν
2140 4920 2240 4989 τὴν
2273 4917 2556 4989 ἀλήθειαν.
2591 4913 2800 4974 Μακεδ.
2833 4914 2991 4973 Ἀλλ’
3022 4914 3198 4987 εἶπον,
3251 4914 3335 4971 ὅτι
3400 4915 3428 4970 6
3461 4914 3590 4978 Θεός

1933 5009 2075 5065 ἐστιν
2105 5011 2141 5079 ἡ
2174 5014 2318 5065 πᾶσα
2346 5006 2597 5078 ἀλήθεια,
2648 5005 2739 5062 καὶ
2773 5004 2936 5068 αὑτὸς
2966 5004 3103 5078 πρὸς
3141 5004 3327 5061 ἑαυτὸν
3375 5001 3589 5081 ὁδηγεῖ,

1933 5100 1997 5155 τὸ
2030 5097 2087 5154 δὶ
2119 5103 2340 5172 Πνεῦμα
2370 5096 2431 5153 οὗ
2463 5096 2598 5172 πρὸς
2628 5095 2807 5165 ἑαυτὸ,
2850 5092 2997 5150 ἀλλὰ
3044 5093 3179 5170 πρὸς
3227 5099 3400 5150 πᾶσαν
3451 5092 3589 5165 ἀλή-

1937 5200 2103 5260 θειαν,
2138 5188 2167 5244 δ
2225 5188 2337 5244 ἐστι
2387 5186 2524 5265 πρὸς
2567 5186 2660 5241 τὸν
2712 5182 2864 5240 θεόν.
2919 5184 3069 5258 Ὀρθ.
3129 5182 3228 5239 Καὶ
3287 5182 3332 5239 εἰ
3379 5183 3408 5239 6
3459 5182 3584 5245 Θεὸς

1934 5280 2071 5356 πρὸς
2103 5278 2288 5335 ἑαυτὸν
2322 5274 2536 5352 ὁδηγεῖ,
2563 5274 2647 5337 τίς
2676 5275 2712 5345 ἡ
2763 5273 2927 5350 χρεία
2972 5278 3075 5343 τῆς
3118 5276 3216 5328 τοῦ
3268 5271 3588 5348 Πνεῦματος

1934 5366 2162 5445 ὁδηγίας
2190 5389 2203 5438 ;
2235 5363 2443 5426 Μακεδ.
2478 5368 2707 5437 ΙΙρῶτον
2744 5361 2940 5439 ὁδηγεῖ
2977 5364 3039 5419 τὸ
3072 5365 3318 5438 Πνεῦμα,
3348 5363 3440 5420 καὶ
3467 5363 3595 5421 τότε

1938 5458 1966 5514 6
1993 5458 2144 5522 Θεός.
2194 5458 2342 5533 Ὀρθ.
2393 5454 2459 5513 Et
2511 5453 2540 5510 ὁ
2585 5450 2801 5531 ὁδηγῶν
2835 5454 2972 5529 πρὸς
2994 5451 3166 5509 ἄλλον
3199 5452 3319 5509 τινὰ
3373 5449 3595 5529 ὁδηγεῖ,

2281 5675 2328 5713 ⁸⁸
2372 5674 2543 5734 Joan.
2593 5686 2731 5742 mi,
2788 5673 2875 5730 17.
2986 5671 3031 5714 ⁸⁷
3086 5670 3291 5730 Eseoh.
3350 5687 3449 5747 xx,
3499 5670 3590 5731 12.
