4104 6352
395 346 542 408 1309

1444 348 1751 408 CONTRA
1802 347 2195 407 MACEDON.
2245 346 2633 409 DIALOGUS
2678 345 2725 407 Ι.

3642 338 3801 402 1310

386 476 577 553 ὁδηγεῖ
608 474 665 531 δὲ
696 476 757 530 τὸ
792 473 1011 549 Πνεῦμα
1043 477 1176 552 πρὸς
1210 478 1301 531 τὸν
1335 477 1481 533 Θεὸν·
1534 478 1623 532 καὶ
1657 477 1684 532 6
1717 477 1868 545 Θεὸς,
1904 474 2024 547 ὁδη-

2148 476 2245 541 cit,
2279 478 2513 533 deducit
2545 483 2737 533 autem
2757 478 3009 550 Spiritus
3041 477 3109 531 ad
3148 482 3347 537 Deum:
3382 475 3536 530 Deus
3563 489 3796 545 quoque

382 572 516 644 γῶν,
564 566 700 639 πρὸς
763 563 933 620 ἄλλον
994 568 1115 620 τινα
1174 564 1382 643 ὁδηγεῖ.
1446 564 1648 623 Μακεδ.
1711 568 1899 633 Εἶπον,
1953 564 2034 620 ὅτι

382 658 517 731 πρὸς
551 655 762 711 ἑαυτόν.
800 656 949 729 Ὀρθ.
1010 655 1124 713 Οὐκ
1154 658 1256 731 ἄρα
1299 656 1325 709 6
1377 654 1613 732 ὁδηγῶν,
1674 657 1809 731 πρὸς
1864 654 2033 710 ἄλλον

380 746 501 799 τινα
554 742 767 817 ὁδηγεῖ,
821 743 967 798 ἀλλὰ
1008 745 1142 819 πρὸς
1191 744 1398 801 ἑαυτόν.
1453 745 1514 800 Εἰ
1550 743 1605 799 δὲ
1633 750 1814 809 τοῦτο,
1857 745 2036 799 καὶτὸ

382 838 603 906 Πνεῦμα
635 832 889 909 ὀδηγοῦν,
921 835 1010 887 καὶ
1060 836 1193 907 πρὸς
1226 836 1379 889 ἑαυτὸ
1413 832 1627 908 ὁδηγεῖ,
1655 835 1743 889 καὶ
1777 833 1911 909 πρσὶς
1944 834 2033 887 τὸν

387 923 622 1000 Πατέρα,
682 924 769 978 καὶ
828 925 962 998 πρὸς
1021 924 1110 977 τὸν
1162 924 1304 979 Υίόν.
1346 926 1405 980 Ἡ
1457 925 1557 1000 γὲιρ
1608 930 1750 977 πᾶσα
1780 921 2031 994 ἀλήθεια,

382 1014 519 1089 πρὸς
564 1015 624 1082 ἢν
694 1010 1059 1088 ὁδηγούμεθα,
1120 1016 1155 1082 ἡ
1216 1014 1291 1074 εἷς
1355 1014 1566 1088 ΙΙατέρα
1622 1014 1707 1067 καῖ
1775 1014 1889 1066 ι”ιὸν
1944 1012 2032 1066 καὶ

384 1105 536 1177 ἅγιον
599 1102 821 1174 Πνεῦμα
868 1102 1041 1157 ὁέστιν
1080 1100 1293 1176 ὸδηγία·
1356 1102 1450 1156 κᾶν
1503 1100 1678 1177 ὁδηγῇ
1736 1102 1762 1155 ὁ
1824 1102 2032 1170 Πατὴρ,

381 1192 518 1266 πρὸς
578 1192 761 1246 ἑαυτὸν
826 1188 1036 1266 ὁδηγεῖ·
1098 1191 1194 1245 κᾶν
1254 1190 1432 1265 ὁδηγῇ
1490 1198 1552 1245 τὸ
1608 1190 1840 1263 Πνεῦμα,
1897 1192 2031 1264 πρὸς

383 1282 541 1336 ἑαυτὸ
590 1278 803 1356 ὁδηγεῖ.
862 1278 1069 1337 Μακεδ.
1106 1280 1262 1337 Ἀλλ’
1295 1282 1456 1353 εἶπνν,
1486 1281 1567 1335 ὅτι
1601 1286 1812 1356 πρῶτον
1847 1278 2035 1355 ὁδηγεῖ

379 1371 441 1425 τὸ
476 1374 717 1443 Πνεῦμα,
747 1370 834 1423 καὶ
866 1369 989 1424 τότε
1050 1370 1077 1423 ὁ
1125 1370 1276 1432 Θεὸς.
1322 1372 1463 1446 Ὀρθ·
1500 1370 1657 1425 Ἀλλ’
1689 1371 1732 1425 εἰ
1784 1371 1880 1438 τὴν
1946 1369 2034 1423 αὖ·

379 1461 476 1527 τὴν
525 1457 747 1534 ὁδηγίαν
810 1457 998 1535 ὁδηγεῖ
1046 1464 1124 1530 τῷ
1167 1464 1282 1532 Θεῷ
1315 1462 1376 1515 τὸ
1411 1463 1631 1531 Πνεῦμα
1658 1460 1721 1514 τὸ
1754 1460 1922 1534 ἅγιον,
1956 1460 2027 1513 ὧν

385 1551 418 1617 ἡ
453 1549 585 1617 αὐτή
622 1548 879 1624 ἐνέργεια,
912 1551 946 1619 ἡ
980 1548 1114 1617 αὐτὴ
1143 1550 1319 1624 φύσις.
1387 1547 1588 1605 Μακεδ.
1640 1548 1815 1605 Ἀλλὰ
1869 1553 2029 1603 τοῦτο

384 1643 649 1708 ζητεῖται,
712 1638 756 1691 εί
816 1643 1032 1712 πρῶτον
1091 1639 1152 1693 τὸ
1211 1641 1430 1711 Πνεῦμα
1463 1637 1790 1715 ὁδηγεῖ,καῖ
1849 1638 2029 1692 τότεὸ

377 1727 525 1789 Θεὸς.
563 1729 708 1803 Ὀρθ,
745 1730 940 1799 Εἶπον,
974 1728 1057 1783 ὅτι
1118 1725 1270 1783 οὐδὲν
1330 1734 1495 1794 ποιεῖ,
1547 1732 1642 1783 κᾶν
1694 1733 1911 1805 πρῶτον
1966 1728 2028 1783 τὸ

382 1821 607 1890 Πνεῦμα
653 1822 810 1891 ποιῇ,
870 1817 966 1872 κᾶν
1018 1822 1235 1892 πρῶτον
1297 1818 1324 1872 ὁ
1382 1820 1511 1879 Θεὸς
1573 1818 1705 1894 ὅπερ
1764 1817 1861 1872 οὐκ
1918 1817 2029 1872 ἔστι

376 1906 582 1961 κοινόν·
641 1906 855 1979 μᾶλλον
917 1910 1017 1983 γὰρ
1082 1908 1428 1983 εὑρεθήσεται
1490 1907 1541 1962 ἐν
1614 1914 1729 1969 τοῖς
1785 1907 2031 1962 πλείοσιν

380 1994 408 2050 6
441 1996 568 2057 Θεὸς
599 1996 818 2068 πρῶτος
850 1993 1069 2071 ὁδηγῶν
1106 2001 1201 2050 τοῦ
1237 1996 1556 2070 Ιῐνεῦματος
1605 1997 1739 2051 κατὰ
1786 1998 1876 2050 τὸν
1939 1997 2028 2051 σὸν

382 2084 568 2161 λόγον.
617 2086 804 2157 Ἡμεῖς
851 2085 951 2161 γὰρ
1000 2085 1232 2160 λὲγομεν
1281 2087 1379 2153 τήν
1422 2086 1586 2155 αὐτην
1621 2087 1709 2140 καὶ
1741 2087 1875 2140 κατὰ
1903 2106 2031 2139 ταυ-

376 2175 470 2229 τὸν
506 2176 640 2229 εἴναι
677 2172 905 2249 ὁδηγίαν
942 2175 1151 2251 Πατρὸς
1182 2176 1271 2229 καὶ
1308 2178 1449 2247 Υίοῦ,
1503 2176 1591 2230 καὶ
1644 2176 1802 2250 ἁγίου
1867 2174 2031 2232 ΙΙνεύ-

382 2285 569 2335 ματος.
652 2264 800 2318 Ἐπεὶ
867 2262 923 2318 δὲ
981 2264 1043 2317 σὺ
1107 2270 1340 2340 μεριζεις
1396 2265 1487 2319 τὸν
1546 2266 1732 2338 καιρὸν
1789 2263 1875 2319 καῖ
1929 2266 2027 2332 τὴν

380 2350 628 2426 ὁδηγέαν,
691 2354 806 2407 εἶπὶ
863 2353 1008 2429 παρᾶ
1051 2354 1195 2415 τίνος
1247 2351 1507 2429 ὠδηγήθη
1562 2355 1775 2430 πρώτον
1828 2352 2025 2426 Ἀδὰμ,

381 2441 555 2515 μενων
608 2442 659 2496 ἐν
700 2447 780 2515 τῷ
830 2440 1143 2517 παραδείσῳ
1191 2445 1297 2519 πρὸ
1336 2450 1436 2512 τῆς
1460 2438 1814 2519 παραϐάσεως
1866 2443 2027 2518 ἐργά-

377 2533 553 2601 ζεσθαι
611 2531 768 2585 αὐτὸν
820 2532 907 2585 καὶ
985 2531 1288 2609 φυλάττειν·
1351 2534 1497 2608 παρὰ
1550 2537 1646 2586 τοῦ
1700 2534 1931 2604 ΙΙατρὸς,
1992 2533 2025 2601 ἢ

373 2621 519 2696 παρὰ
546 2624 643 2675 τοῦ
676 2621 824 2686 Υἱοῦ,
865 2620 899 2688 ἢ
933 2621 1077 2695 παρὰ
1106 2625 1203 2676 τοῦ
1237 2620 1395 2695 ἁγίου
1428 2620 1741 2693 Πνεῦματος
1772 2641 1784 2689 ;
1820 2618 2024 2678 Μακεδ.

377 2710 530 2785 Παρᾶ
554 2714 650 2763 τοῦ
674 2708 1009 2781 Πνεῦματος,
1060 2712 1206 2784 Ὀρθ.
1269 2709 1513 2785 Καίτοιγε
1564 2709 1792 2784 εἷ’ρητιοι·
1853 2734 1879 2762 ‹‹
1930 2709 2029 2765 Kal

374 2794 522 2852 ἔθετο
572 2796 728 2851 αὐτὸν
790 2797 817 2850 6
876 2798 1004 2858 Θεὸς
1038 2797 1088 2853 ἐν
1121 2803 1197 2868 τῷ
1225 2796 1534 2871 παραδείσῳ
1567 2799 1880 2873 ἐργάζεσθαι
1938 2799 2027 2853 καὶ

375 2884 685 2964 φυλάττειν.
743 2910 769 2936 ››
828 2886 1036 2942 Οὐκοῦν
1083 2888 1171 2941 καὶ
1221 2886 1363 2942 ἄκων
1403 2887 1699 2963 ὁμολογεῖς
1733 2889 1860 2943 Θεὸν
1895 2890 2027 2943 εἶναι

371 2976 435 3029 τὸ
468 2980 706 3049 Πνεῦμα
742 2974 929 3045 ἐπειδὴ
953 2977 1082 3031 αὐτὸ
1103 2982 1316 3053 πρῶτον
1345 2975 1565 3053 ὁδηγεῖν
1591 2976 1793 3053 λὲγεις.
1820 2977 2021 3035 Μακεδ,

373 3066 439 3121 Ὀ
469 3065 599 3127 Θεὸς
632 3064 693 3120 ἐκ
719 3070 799 3135 τῷ
831 3066 1101 3139 Πνεῦματι
1147 3066 1354 3143 ὁδηγεῖ.
1416 3069 1565 3143 Ὀρθ.
1610 3068 1706 3123 Καὶ
1754 3069 1873 3130 πῶς
1934 3070 2023 3144 γέ-

369 3173 629 3230 γραπται·
684 3179 705 3205 ι
760 3156 821 3211 Ὀ
881 3153 1158 3232 ὀδηγήσας
1219 3158 1292 3219 ὡς
1351 3152 1598 3233 πρόϐατα
1640 3158 1731 3212 τὸν
1765 3156 1895 3212 λαόν
1929 3179 2024 3212 σου

370 3242 424 3299 ἐν
457 3243 600 3319 χειρῖ
653 3242 897 3306 Μωσέως
928 3245 1017 3298 καὶ
1047 3245 1095 3299 ἐν
1142 3246 1395 3321 βραχίονι
1443 3248 1687 3323 Ἀαρών;
1743 3271 1771 3299 »

380 3333 501 3407 χεὶρ
532 3331 778 3395 Μωσέως
808 3334 871 3388 τὸ
906 3337 1127 3407 Πνεῦμα
1154 3337 1217 3390 τὸ
1237 3336 1386 3412 ἅγιόν
1421 3335 1530 3391 ἐστι
1558 3356 1569 3405 ;
1596 3334 1795 3391 Μακεδ.
1827 3337 1889 3394 Εἰ
1929 3337 2026 3410 μία

376 3422 528 3500 φύσις
561 3421 672 3477 ἐστῖ
716 3424 946 3497 Πατρὸς,
1000 3424 1088 3478 καὶ
1140 3425 1287 3493 Υἱοῦ,
1332 3425 1423 3480 καὶ
1480 3426 1636 3500 ἁγίου
1687 3425 2021 3498 Ηνενόματος,

372 3509 586 3566 δύναται
642 3512 732 3566 καὶ
791 3520 1049 3586 γεννῆσαι
1096 3514 1185 3568 καί
1243 3515 1419 3569 κτίσαι
1480 3516 1539 3569 τὸ
1582 3518 1821 3587 Πνεῦμα.
1875 3517 2020 3588 Ὀρθ.

372 3601 513 3659 Μίαν
541 3599 720 3676 λὲγεις
753 3601 908 3679 φύσιν
946 3603 1157 3677 Πατρὸς
1186 3604 1273 3658 καὶ
1307 3604 1435 3658 Υἱοῦ
1461 3604 1548 3659 καὶ
1590 3605 1742 3679 ἁγίου
1776 3604 2024 3677 Πνεύμα-

368 3710 464 3751 τος
494 3693 651 3758 εἶναι,
685 3692 719 3759 ἢ
755 3688 881 3746 οῦδὶ
910 3696 1071 3746 τοῦτο
1106 3690 1281 3769 λίγεις
1308 3713 1320 3761 ;
1350 3691 1553 3749 Μακεδ.
1589 3693 1724 3748 Μίαν
1758 3694 1819 3749 o6
1852 3690 2020 3768 λέγω⁶

370 3779 564 3851 ὁμοίαν
621 3777 678 3834 δὲ
738 3780 900 3856 Λέγω.
962 3782 1109 3857 Ὀρθ.
1152 3783 1375 3855 Ὁμοίαν
1438 3783 1640 3859 λὲγεις,
1691 3783 1767 3840 ὡς
1815 3788 2023 3859 χρυσοῦ

366 3870 458 3923 καὶ
492 3868 746 3945 χαλκοῦ;
785 3868 986 3927 Μακεδ.
1041 3872 1134 3938 Μὴ
1167 3871 1375 3947 γένοιτο
1404 3873 1414 3927 !
1452 3874 1597 3943 Ὀρθ.
1634 3870 1793 3927 Ἀλλ’
1821 3873 1896 3934 ὡς
1926 3872 1978 3927 τί
2007 3892 2019 3942 ;

369 3956 575 4015 Μακεδ.
609 3959 697 4021 Ὠς
726 3964 934 4035 χρυσοῦ
964 3960 1053 4014 καὶ
1109 3966 1339 4036 χρυσοῦ.
1393 3962 1541 4033 Ὀρθ.
1573 3964 1741 4015 Τοῦτυ
1768 3962 1860 4015 οὖν
1910 3961 2022 4018 ἐστι

372 4045 469 4118 μία
501 4046 679 4125 φύσις.
704 4046 893 4110 ’Όλως
917 4046 973 4103 δὲ
1003 4048 1176 4110 οὕτως
1210 4048 1403 4120 ὅμοιον
1443 4048 1613 4123 λέγεις
1644 4050 1735 4103 τὸν
1769 4050 1891 4103 Υἱὸν
1945 4054 2023 4121 τῷ

370 4136 564 4211 ΙΙατρὶ,
622 4135 697 4196 ὡς
745 4137 946 4211 χρυσὸν
1001 4142 1228 4212 χρυσῷ;
1280 4134 1480 4191 Μακεδ.
1526 4136 1645 4191 Ναί.
1699 4138 1843 4212 Ὀρθ.
1898 4139 2020 4193 Ἐὰν

369 4223 461 4279 οῦν
515 4223 722 4299 θελήσῃ
775 4225 802 4279 6
850 4226 999 4293 Υἱὸς,
1048 4234 1147 4296 τῆς
1180 4228 1346 4297 αὐτῆς
1378 4227 1450 4281 ὥν
1484 4227 1693 4305 φύσεως
1721 4232 1799 4299 τῷ
1828 4228 2019 4301 Πατρὶ,

367 4311 583 4368 δύναται
616 4321 870 4389 γεννῆσαι
932 4314 1092 4383 Υίόν;
1154 4314 1361 4373 Μακεδ.
1416 4316 1538 4384 Ναὶ,
1600 4313 1839 4371 δύναταισ
1895 4315 2023 4371 ἀλλ’

357 4400 452 4457 ’ίνα
482 4404 556 4476 μή
589 4403 868 4479 θεογονίαν
902 4401 1275 4480 διδαχθῶμεν,
1334 4410 1494 4461 τοῦτο
1544 4402 1605 4459 οὔ
1650 4411 1815 4461 ποιεῖ.
1872 4406 2015 4479 Ὀρθ.

363 4489 534 4549 Οὐδὲν
568 4490 669 4566 ἄρα
698 4491 901 4548 κωλύει
933 4500 1031 4563 τῆς
1064 4493 1230 4563 αὐτῆς
1263 4495 1392 4549 εἶναι
1428 4494 1635 4573 φύσεως
1680 4496 1742 4550 τὸ
1802 4499 2019 4568 Πνεῦμα

2092 567 2103 576 ’
2149 566 2465 633 deducens,
2520 568 2589 621 ad
2650 566 2829 621 alium
2881 567 3197 638 quemdam
3266 563 3520 619 deducit.
3582 561 3791 617 Maeed.

2147 656 2296 727 Dixi,
2330 658 2484 729 quod
2519 657 2590 711 ad
2624 656 2907 728 seipsum.
2946 656 3091 711 Orth.
3127 654 3250 709 Non
3281 653 3461 725 igitur
3490 652 3587 723 qui
3619 651 3798 705 dedu-

2148 745 2244 811 cit,
2279 747 2347 800 ad
2382 745 2559 801 alium
2594 746 2910 816 quemdam
2962 744 3217 813 deducit,
3269 744 3365 799 sed
3401 743 3469 797 ad
3505 742 3791 811 seipsum.

2146 835 2307 899 Quod
2343 836 2389 889 si
2427 836 2506 888 ita
2550 841 2659 897 est.
2710 836 2965 906 Spiritus
3012 850 3245 905 quoque
3295 832 3586 886 deducens
3633 835 3690 885 et
3721 831 3791 883 ad

2145 924 2405 995 seipsum
2440 923 2761 987 deducit,et
2791 925 2860 978 ad
2897 924 3124 978 Patrem
3158 927 3215 977 et
3245 921 3311 976 ad
3348 920 3792 975 Filium.0mnis

2145 1014 2301 1068 enim
2335 1013 2435 1069 illa
2462 1014 2681 1068 veritas
2712 1014 2782 1067 ad
2816 1029 2985 1083 quam
3033 1012 3404 1075 deducimur,
3436 1009 3581 1065 nihil
3632 1008 3791 1063 aliud

2144 1108 2252 1169 est,
2290 1120 2467 1174 quam
2501 1103 2559 1157 in
2594 1107 2849 1169 Patrem,
2882 1101 3088 1156 Filium
3123 1106 3181 1155 et
3207 1100 3488 1170 Spiritum
3520 1102 3791 1153 sanctum

2142 1193 2414 1247 deductio
2448 1208 2459 1245 :
2494 1196 2551 1246 et
2577 1193 2813 1262 quando
2844 1192 3081 1245 deducit
3111 1191 3374 1256 Pater,ad
3410 1190 3670 1260 seipsum
3693 1189 3795 1241 de-

2143 1282 2340 1335 ducit:
2376 1286 2434 1336 et
2464 1284 2699 1352 quando
2732 1281 2968 1336 deducit
2998 1279 3271 1351 Spiritus,
3300 1278 3369 1333 ad
3402 1277 3664 1349 seipsum
3700 1276 3796 1330 de-

2142 1372 2326 1425 ducit.
2359 1371 2556 1425 Maced.
2590 1373 2662 1425 At
2693 1369 2833 1437 dixi,
2870 1369 3126 1441 primum
3161 1369 3447 1423 deducere
3489 1365 3795 1437 Spiritum,

2140 1466 2199 1517 et
2227 1466 2351 1515 tum
2384 1462 2622 1515 demum
2666 1465 2868 1515 Deum.
2908 1460 3059 1515 Orth.
3110 1459 3170 1515 Si
3218 1474 3351 1512 vero
3393 1456 3655 1526 ejusdem
3689 1454 3796 1509 vias

2141 1551 2259 1605 dux
2289 1555 2378 1605 est
2404 1550 2676 1621 Spiritus,
2712 1551 2880 1619 cujus
2910 1553 2966 1603 et
3001 1552 3169 1609 Deus,
3203 1562 3453 1618 quorum
3477 1545 3679 1600 eadem
3704 1547 3796 1599 est

2139 1640 2418 1712 operatio,
2449 1656 2650 1695 eorum
2682 1641 2881 1694 eadem
2920 1644 3006 1693 est
3034 1643 3091 1692 et
3143 1642 3374 1694 natura.
3431 1634 3629 1690 Maced.
3680 1633 3789 1688 Sed

2140 1728 2248 1785 hoc
2280 1729 2563 1800 quaeritur
2594 1745 2606 1782 :
2641 1732 2836 1783 utrum
2872 1728 3037 1799 prius
3068 1726 3340 1797 Spiritus,
3366 1740 3437 1779 an
3468 1740 3602 1777 vero
3637 1722 3792 1777 Deus

2140 1817 2752 1885 deducat..0rth.Dixi,
2784 1818 2933 1887 quod
2969 1816 3112 1871 nihil
3149 1816 3217 1870 ad
3244 1815 3515 1879 rem,sive
3536 1812 3791 1885 Spiritus

2143 1910 2399 1981 primum
2435 1908 2777 1975 fecerit,sive
2806 1906 2961 1962 Deus
2992 1904 3442 1978 primum,quod
3477 1918 3793 1958 commune

2141 2015 2256 2054 non
2293 1998 2557 2063 est.0uin
2576 1998 2963 2070 potius,juxta
2993 2002 3160 2050 tuum
3194 1991 3595 2049 sermonemin
3617 1990 3792 2062 pluri-

2142 2088 2251 2143 bus
2282 2088 2427 2144 481
2449 2087 2602 2142 Deus
2631 2087 2849 2157 Spiritu
2884 2085 3041 2156 prior
3069 2084 3356 2139 deducere
3377 2082 3789 2153 comperietur.

2140 2178 2259 2234 Nos
2288 2177 2444 2231 enim
2460 2177 2921 2243 dicimus,unam
2939 2180 2995 2229 et
3011 2174 3275 2230 eamdem
3300 2187 3428 2227 esse
3453 2169 3789 2239 Patris,Filii

2140 2273 2197 2323 et
2228 2267 2483 2338 Spiritus
2515 2265 2701 2322 sancti
2733 2266 3164 2319 deductionem.
3197 2264 3283 2317 Tu
3316 2277 3450 2315 vero
3497 2259 3787 2329 siquidem

2140 2361 2198 2411 et
2229 2362 2462 2427 tempus
2513 2359 2570 2409 et
2616 2354 3028 2409 deductionem
3083 2351 3314 2421 dividis,
3364 2350 3456 2405 dic
3508 2364 3726 2421 quaeso,
3756 2365 3789 2402 a

2140 2462 2257 2517 quo
2295 2444 2474 2514 primo
2516 2444 2689 2499 Adam
2736 2443 3024 2497 deductus
3081 2441 3278 2503 fuerit,
3328 2440 3471 2495 dum
3522 2439 3580 2493 in
3616 2454 3786 2509 para-

2138 2534 2267 2590 diso
2314 2538 2447 2589 ante
2496 2532 3026 2604 transgressionem
3095 2533 3316 2587 mansit
3358 2531 3426 2584 ad
3474 2529 3786 2585 colendum

2135 2640 2271 2680 eum
2303 2628 2361 2678 et
2391 2623 2839 2678 custodiendum
2866 2627 2888 2678 Ρ
2920 2639 2953 2677 a
2984 2626 3247 2685 Patrene,
3280 2638 3350 2675 an
3382 2637 3415 2674 a
3448 2619 3612 2686 Filio,
3645 2635 3718 2672 an
3752 2634 3786 2672 a

2136 2713 2355 2785 Spiritu
2390 2711 2639 2767 sancto?
2671 2712 2869 2767 Μαι·εά.
2903 2713 2947 2766 Α
2990 2710 3231 2783 Spiritu.
3267 2710 3423 2767 Orth.
3472 2707 3645 2780 Atqui
3694 2707 3786 2761 di-

2137 2802 2292 2856 citur
2322 2818 2335 2858 :
2376 2823 2401 2853 ιι
2435 2802 2497 2856 Et
2526 2800 2830 2857 collocavit
2861 2802 3053 2872 ipsum
3089 2800 3242 2855 Deus
3286 2799 3345 2853 in
3398 2798 3667 2871 paradiso
3714 2797 3783 2850 ad

2136 2891 2447 2946 colendum
2480 2906 2610 2945 eum
2636 2896 2693 2946 et
2724 2890 3178 2946 custodiendum
3211 2890 3274 2955 ‘°,
3310 2910 3338 2939 »
3371 2905 3566 2944 annon
3599 2886 3685 2941 vel
3709 2886 3788 2940 in-

2133 2980 2289 3035 vitus
2322 2982 2631 3052 proﬁteris,
2661 2980 2941 3051 Spiritum
2985 2994 3113 3033 esse
3146 2979 3328 3034 Deum
3371 2995 3384 3033 :
3418 2974 3786 3050 quandoqui-

2135 3070 2264 3126 dem
2319 3071 2573 3142 primum
2635 3070 2829 3141 ipsum
2897 3070 3183 3125 deducere
3229 3067 3531 3123 afﬁrmas?
3584 3066 3783 3122 Maced.

2140 3161 2291 3215 Deus
2342 3160 2399 3214 in
2452 3160 2670 3231 Spiritu
2722 3159 2976 3214 deducit.
3030 3160 3181 3215 Orth.
3257 3158 3557 3224 Quomodo
3605 3157 3788 3227 igitur

1834 3249 1924 3315 Μὴ
1985 3250 2020 3317 ἠ
2054 3231 2097 3299 (ἶ
2134 3250 2420 3323 scriptum
2452 3256 2571 3306 est:
2600 3250 2937 3307 «Deduxisti
2972 3250 3278 3305 sicutoves
3311 3248 3590 3321 populum
3619 3252 3783 3302 tuum

2137 3340 2196 3395 in
2232 3358 2408 3396 manu
2442 3341 2623 3397 Mosis
2670 3347 2727 3396 et
2758 3342 2815 3395 in
2868 3340 3105 3396 brachio
3153 3340 3403 3394 Aaronis
3432 3338 3478 3375 ⁸ο
3508 3343 3532 3394 ?
3563 3360 3591 3387 υ
3632 3338 3785 3393 Num

2138 3429 2311 3485 Mosis
2342 3447 2553 3486 manus
2585 3435 2674 3486 est
2724 3432 2972 3502 Spiritus
3020 3432 3309 3485 sanctus?
3340 3429 3541 3485 Maced.
3575 3428 3633 3483 Si
3670 3444 3787 3482 una

2137 3520 2326 3575 Patris
2355 3525 2411 3575 et
2439 3521 2563 3575 Filii
2597 3525 2653 3574 et
2685 3521 2918 3593 Spritus
2949 3520 3134 3575 sancti
3156 3524 3366 3575 natura
3396 3522 3504 3585 est,
3529 3516 3785 3589 Spiritus

2135 3615 2193 3664 et
2224 3609 2461 3683 gignere
2492 3610 2703 3681 poterit
2732 3615 2788 3667 et
2817 3626 3031 3666 creare.
3066 3609 3217 3665 Orth.
3240 3611 3351 3663 Aut
3395 3624 3573 3663 unam
3602 3607 3783 3662 confi-

2134 3698 2277 3754 teris
2311 3698 2498 3753 Patris
2518 3704 2575 3754 et
2602 3699 2727 3753 Filli
2757 3705 2813 3754 et
2843 3699 3095 3770 Spiritus
3120 3697 3307 3754 sancti
3329 3702 3599 3753 naturam
3631 3712 3781 3762 esse,

2135 3792 2237 3842 aut
2266 3805 2379 3843 non
2402 3789 2432 3842 ?
2463 3788 2659 3845 Maced.
2694 3788 2875 3844 Unam
2902 3806 3017 3843 non
3040 3789 3323 3843 confiteor
3356 3802 3368 3843 :
3401 3786 3653 3842 similem
3679 3803 3781 3841 au-

2134 3880 2249 3932 tem
2284 3877 2434 3932 dico.
2473 3877 2996 3934 0rth.Similemne
3044 3882 3109 3933 ut
3156 3893 3360 3933 aurum
3410 3876 3503 3931 aeri
3530 3879 3555 3931 ξ’
3583 3873 3779 3929 Maced.

2132 3966 2344 4021 Absit!
2379 3966 2531 4022 Orth.
2567 3966 2636 4021 Ut
2669 3966 2809 4037 quid
2841 3984 2977 4039 ergo
3008 3972 3030 4023 Ρ
3056 3966 3253 4023 Maced.
3315 3965 3388 4022 Ut
3433 3981 3643 4021 aurum
3677 3980 3782 4019 au-

2133 4072 2217 4109 ro.
2280 4055 2433 4110 0rth.
2470 4056 2594 4111 Uua
2623 4062 2712 4110 est
2757 4056 2939 4129 igitur
2986 4056 3197 4111 borum
3246 4061 3475 4111 natura.
3528 4055 3613 4109 Tu
3644 4069 3779 4108 vero

2132 4143 2347 4199 siccine
2378 4144 2435 4198 in
2469 4144 2809 4199 universum
2853 4145 3106 4199 similem
3154 4145 3306 4200 Patri
3366 4143 3577 4199 Filium
3612 4142 3778 4211 dicis,

2132 4237 2199 4287 ut
2229 4249 2439 4288 aurum
2474 4234 2659 4288 auro?
2687 4233 2886 4289 Maced.
2934 4234 3143 4289 Etiam.
3195 4232 3345 4288 Orth.
3410 4233 3623 4288 Poterit
3664 4232 3775 4305 igi-

2130 4326 2231 4377 tur
2262 4322 2461 4387 Filius,
2495 4339 2627 4377 cum
2663 4323 2926 4393 ejusdem
2962 4339 3028 4378 ac
3061 4321 3230 4379 Pater
3277 4326 3497 4377 natura
3548 4320 3645 4387 sit,
3691 4320 3779 4393 gi-

2131 4427 2307 4484 gnere
2340 4412 2572 4477 Filium,
2608 4411 2655 4465 si
2689 4411 2889 4467 volet?
2922 4411 3127 4467 Maced.
3165 4412 3348 4467 Etiam
3402 4416 3591 4483 potest
3624 4429 3637 4466 :
3674 4411 3773 4466 sed

2133 4518 2245 4557 non
2280 4502 2417 4557 facit
2447 4502 2575 4566 hoc,
2611 4518 2681 4557 ne
2712 4502 2955 4557 deorum
2980 4500 3413 4575 generationem
3440 4502 3774 4556 doceamur.

362 4580 425 4635 τὸ
483 4582 631 4656 ἅγιον
690 4582 769 4653 τῷ
828 4580 997 4658 Πατρὶ
1046 4582 1136 4636 καὶ
1178 4587 1257 4655 τῷ
1303 4584 1432 4655 Υἰῷ,
1484 4584 1574 4638 καὶ
1630 4586 1769 4656 μήτε
1814 4589 2015 4660 γεννᾷν,

2134 4591 2281 4648 Drlh.
2316 4590 2468 4646 Nihil
2502 4591 2682 4663 igitur
2712 4590 3000 4663 prohibet,
3050 4590 3369 4662 quominus
3414 4590 3678 4659 ejusdem
3712 4607 3777 4645 ac

369 4672 509 4743 μήτε
537 4671 761 4740 κτίζειν,
788 4669 881 4725 ’ίνα
914 4674 989 4744 μή
1021 4672 1318 4747 θεογονίαν,
1350 4674 1426 4735 ὡς
1458 4670 1613 4751 ἔφης,
1659 4676 1798 4747 μήτε
1844 4673 2018 4729 πολυ-

367 4758 510 4824 θείαν
545 4758 893 4838 διδαχθῶμεν
941 4764 1006 4818 "A
1042 4763 1291 4839 μέντοιγε
1330 4761 1475 4826 θέλει
1506 4764 1534 4817 6
1588 4766 1798 4841 Πατὴρ,
1848 4766 2017 4835 κτίζει

363 4849 393 4905 6
426 4850 571 4920 Υἱὸς,
624 4852 831 4927 ἁγιάζει
872 4851 935 4906 τὸ
986 4855 1228 4925 Πνεῦμα.
1281 4852 1381 4907 Καὶ
1419 4852 1580 4907 τοῦτό
1612 4852 1724 4908 ἐστι
1750 4854 1835 4923 τὸ,
1869 4879 1897 4906 ‹‹
1929 4861 2017 4928 Τῷ

363 4939 526 5015 Λόγῳ
557 4939 758 5014 Κυρίου
789 4939 839 4995 οἰ
871 4940 1092 5014 οὐρανοὶ
1124 4940 1548 5017 ἐστερεώθησαν,
1580 4943 1669 4997 καὶ
1715 4948 1795 5015 τῷ
1848 4944 2015 5001 Πνεῦ-

367 5051 494 5104 ματι
550 5034 649 5085 τοῦ
707 5029 981 5102 στόματος
1040 5031 1205 5086 αὐτοῦ
1235 5037 1376 5086 πᾶσα
1405 5034 1440 5100 ἡ
1494 5028 1722 5105 δύναμις
1754 5032 1948 5089 αὐτῶν.
1985 5058 2013 5085 ››

361 5117 500 5175 Οὔτε
533 5119 561 5174 6
593 5120 804 5195 Πατὴρ,
843 5120 1095 5195 βοηθείας
1125 5118 1404 5193 δεόμενος,
1448 5121 1615 5189 κτίζει
1643 5120 1731 5176 διὰ
1758 5127 1855 5177 τοῦ
1886 5123 2014 5177 Υἶοῦ

359 5206 483 5264 οὔτε
516 5209 718 5277 ὀΥίὸς,
756 5208 1008 5284 βοηθείας
1030 5209 1280 5287 χρῄζων,
1329 5210 1495 5280 κτίζει
1546 5207 1635 5265 διὰ
1680 5216 1777 5265 τοῦ
1832 5212 2011 5269 ῐΙνεύ-

364 5318 552 5372 ματος’
590 5296 717 5354 ἀλλ’
766 5297 858 5353 ’ίνα
916 5297 973 5353 ἐκ
1022 5301 1129 5354 τῶν
1180 5301 1515 5377 γιγνομὲνων
1567 5297 1762 5377 δειχθῇ
1797 5303 2011 5371 Πατρὸς

355 5388 446 5442 καὶ
496 5390 625 5442 Υίοῦ
674 5388 761 5443 καὶ
810 5388 962 5464 ἁγίου
1010 5387 1321 5463 Πνεῦματος
1438 5389 1723 5460 ταυτότης.
1776 5392 1898 5448 ’Ότι
1954 5389 2012 5447 δὲ

357 5474 577 5532 δύναται
633 5476 808 5532 κτίσαι
855 5477 918 5532 τὸ
976 5481 1199 5551 Πνεῦμα
1244 5480 1306 5533 τὸ
1364 5478 1539 5554 ἅγιὸν,
1566 5476 1787 5556 ἐδείχθη
1821 5479 1881 5535 ἐκ
1907 5484 2005 5535 τοῦ

2128 4681 2298 4736 Pater
2326 4686 2384 4736 et
2416 4680 2597 4737 Filius
2641 4686 2864 4736 naturas
2914 4681 2994 4735 sit
3040 4681 3295 4751 Spiritus
3349 4683 3609 4743 sanctus,
3647 4678 3779 4735 licet

2129 4786 2234 4825 nec
2263 4771 2600 4842 gignat,nec
2630 4777 2785 4826 creet
2817 4787 2829 4824 :
2867 4787 2937 4826 ne
2968 4770 3057 4826 vel
3092 4771 3551 4843 generationem,
3576 4774 3639 4824 ut
3666 4769 3773 4835 ais,

2127 4858 2215 4914 vel
2250 4859 2693 4914 multitudinem
2728 4861 2968 4917 deorum
2992 4859 3625 4917 doceamur.Nimirum
3651 4874 3778 4931 quis

2126 4949 2245 5003 vult
2274 4948 2462 5016 Pater,
2495 4954 2655 5005 creat
2686 4948 2891 5017 Filius,
2926 4950 3248 5005 sanctiﬁcat
3277 4950 3552 5020 Spiritus.
3589 4953 3778 5019 Atque

2123 5036 2233 5093 hoc
2284 5044 2373 5093 est
2422 5056 2434 5093 :
2487 5062 2514 5088 «
2564 5039 2753 5094 Verbo
2809 5039 3042 5094 Domini
3090 5038 3215 5094 coeli
3263 5038 3476 5093 firmati
3529 5042 3689 5101 sunt,
3722 5043 3779 5092 et

2124 5126 2343 5197 Spiritu
2379 5128 2499 5182 oris
2529 5128 2655 5197 ejus
2680 5128 2871 5183 omnis
2914 5128 3101 5182 virtus
3150 5143 3353 5182 eorum
3402 5127 3467 5181 σί.
3519 5148 3548 5175 ι»
3582 5131 3779 5197 Neque

2123 5216 2310 5282 Pater,
2346 5217 2498 5288 quod
2534 5216 2735 5271 auxilii
2772 5218 3162 5289 indigeat,per
3192 5216 3401 5271 Filium
3435 5221 3591 5270 creat
3626 5232 3638 5270 :
3672 5232 3775 5271 ne-

2123 5321 2237 5377 que
2272 5305 2473 5371 Filius,
2507 5307 2661 5376 quod
2698 5306 2895 5361 auxilii
2931 5310 3115 5378 egeat,
3152 5322 3255 5378 per
3284 5304 3565 5376 Spiritum
3599 5308 3775 5360 creat:

2121 5396 2221 5449 sed
2260 5400 2322 5449 ut
2351 5412 2420 5450 ex
2451 5396 2624 5450 rebus
2657 5395 2908 5450 conditis
2944 5396 3157 5462 Patris,
3180 5400 3237 5449 et
3271 5394 3414 5461 Filii,
3447 5402 3501 5449 et
3526 5394 3779 5466 Spiritus

2120 5484 2303 5539 sancti
2337 5484 2615 5540 identitas
2645 5484 3104 5540 demonstretur.
3147 5483 3431 5540 (laterum
3466 5484 3618 5555 quod
3646 5482 3779 5554 Spi-

426 5694 472 5729 ι’
499 5695 705 5751 Genss.
738 5709 803 5763 ιι,
835 5692 921 5749 15.
997 5693 1043 5729 ⁸ο
1075 5692 1226 5750 Psal.
1254 5710 1441 5766 Lxxvx,
1472 5696 1563 5767 21,
1638 5696 1682 5735 σί
1718 5696 1874 5754 Psal.
1906 5712 2084 5770 mu,
2115 5698 2172 5755 6.
