4104 6380
73 419 221 480 1311

1236 425 1298 484 S.
1346 421 1866 486 ATHANASIUS.
1898 457 1974 467 —
2005 425 2315 489 SPURIA.

3331 428 3487 489 1312

74 552 226 608 ritus
274 558 514 610 sanctus
564 571 761 611 creare
822 558 1026 629 possit,
1090 556 1458 613 Dominicum
1508 572 1721 628 corpus

1858 558 2105 629 ἱυριακοῦ
2131 556 2408 629 σώματος,
2438 560 2536 611 τοῦ
2566 555 2805 632 ἀγγέλου
2837 555 3145 632 εἰρηκότος·
3180 582 3209 611 ‹‹
3257 558 3335 616 Τὸ
3381 559 3485 634 γὰρ

75 642 354 713 ostendit,
383 642 589 716 angelo
620 645 848 700 dicente
883 664 895 701 :
936 667 957 695 ι
991 647 1153 712 Quod
1188 647 1344 703 enim
1397 646 1456 702 in
1504 663 1573 702 ea
1620 662 1723 701 na-

74 736 203 787 tum
237 736 346 799 est,
376 749 445 789 ex
481 734 700 806 Spiritu
761 740 964 793 sancto
1015 742 1101 793 est
1144 739 1212 794 ⁸2.
1246 760 1273 788 ‹‹
1305 735 1506 792 Maced.
1539 735 1723 791 Etiam

76 824 247 877 Pater
273 822 522 893 Spiritus
552 827 795 881 sanctus
817 830 906 881 est
938 842 949 881 :
987 826 1126 882 item
1148 826 1327 882 Filius
1361 843 1375 881 :
1404 830 1461 882 et
1490 825 1724 898 quando

79 910 180 973 ait,
217 914 291 966 Ex
323 912 540 984 Spiritu
602 919 806 969 sancto
856 919 965 981 est,
1020 915 1228 971 Filium
1278 915 1574 987 intelligit,
1609 931 1721 969 non

77 1017 237 1067 eum,
269 1002 339 1057 de
380 1018 495 1075 quo
528 1020 635 1058 nos
667 1002 986 1075 loquimur,
1008 1006 1311 1078 Spiritum.

152 1090 237 1147 13.
273 1091 422 1147 Orth.
457 1092 604 1165 Lege
637 1091 828 1148 locum
862 1093 1178 1167 Evangelii,
1211 1099 1273 1149 ut
1311 1093 1518 1150 audias
1548 1108 1724 1165 ange-

76 1179 199 1236 lum
231 1182 419 1236 Mariae
451 1181 741 1238 dicentem
771 1199 784 1237 :
821 1204 850 1234 «
882 1183 1137 1256 Spiritus
1177 1188 1415 1240 sanctus
1450 1199 1723 1254 superve-

79 1268 199 1323 niet
228 1268 286 1323 in
317 1273 373 1324 te
398 1270 443 1305 ⁸³
475 1286 487 1324 :
529 1293 547 1317 ιι
585 1270 779 1342 qualis
811 1271 906 1328 ille
931 1277 952 1328 Ρ
975 1272 1123 1339 isne,
1156 1275 1227 1329 de
1257 1290 1371 1345 quo
1404 1272 1726 1345 loquimur,

81 1373 152 1412 an
184 1357 417 1413 Filius?
447 1375 519 1413 an
554 1359 708 1415 alius
736 1361 869 1433 quis
902 1361 1159 1434 Spiritus
1191 1363 1640 1419 sunctus?Nam
1672 1367 1728 1418 et

81 1446 273 1518 angeli
308 1446 554 1518 spiritus
584 1451 773 1505 sancti
814 1456 973 1506 sunt.
1023 1451 1222 1507 Maced.
1275 1452 1560 1523 Spiritum
1591 1468 1726 1507 san-

80 1540 237 1591 ctum
269 1536 411 1593 dicit
439 1536 605 1593 illum
639 1539 859 1611 ipsum,
881 1540 937 1594 in
972 1557 1145 1613 quem
1181 1541 1726 1613 baptizamur.0rth.

83 1626 164 1680 Ex
197 1626 301 1682 hoc
324 1626 735 1700 igiturSpiritu
755 1646 966 1703 corpus
981 1630 1347 1687 Dominicum
1372 1636 1575 1687 natum
1601 1648 1730 1688 esse

82 1714 164 1770 ait
193 1715 446 1772 Gabriel.
479 1717 676 1789 Neque
706 1720 865 1775 enim
898 1720 1050 1776 alius
1082 1721 1140 1776 in
1191 1737 1316 1777 eam
1369 1720 1725 1793 supervenit,

82 1803 230 1860 alius
261 1806 508 1879 gratiam
540 1811 815 1880 operatus
854 1817 943 1865 est
975 1828 988 1866 :
1022 1810 1123 1866 sed
1149 1811 1303 1879 quod
1335 1809 1394 1864 in
1424 1826 1492 1866 ea
1525 1815 1727 1865 natum

1833 642 1885 699 ἐν
1915 644 2051 718 αὐτῇ
2083 646 2335 721 γεννηθὲν
2374 645 2433 700 ἐκ
2466 645 2779 720 Πνεῦματός
2812 644 2950 701 ἐστιν
2996 645 3172 722 ἁγίου.
3221 669 3249 699 ››
3280 642 3487 702 Μακεδ.

1833 733 1932 788 Καὶ
1965 735 1993 788 ὁ
2023 735 2213 807 Πατὴρ
2246 739 2467 807 Πνεῦμα
2500 735 2652 810 ἅγιόν
2686 734 2820 805 ἐστι,
2846 734 2935 789 καὶ
2969 736 2996 790 6
3032 734 3174 797 Υἱός·
3236 735 3326 790 καὶ
3358 733 3485 790 ὅταν

1834 821 2006 899 λέγει,
2067 825 2161 880 Ἐκ
2216 823 2532 897 ΙΙνεῦματός
2591 823 2733 879 ἐστιν
2796 824 2973 900 ἁγίου,
3026 829 3123 880 τοῦ
3154 825 3285 881 Υἱοῦ
3317 823 3487 900 λέγει,

1834 914 1964 989 ούχὶ
1998 910 2055 968 δὲ
2083 917 2180 968 τοῦ
2211 912 2552 987 ΙΙνεόματος,
2586 914 2710 989 περὶ
2742 911 2808 968 οὗ
2839 914 2867 969 ὁ
2901 912 3085 991 λόγος.

1909 1095 1994 1149 13.
2056 1093 2198 1165 Ὀρθ.
2265 1093 2557 1169 Ἀνάγνωθι
2615 1092 2707 1148 τὸν
2760 1092 2928 1148 τόπον
2980 1096 3076 1148 τοῦ
3129 1091 3488 1170 Εὐαγγελίου,

1828 1180 1902 1235 ἵν’
1935 1182 2166 1256 ἀκούσῃς
2196 1186 2292 1237 τοῦ
2318 1180 2551 1258 ἀγγέλου
2580 1178 2835 1259 λέγοντος
2866 1185 2934 1256 τῇ
2968 1183 3173 1256 Μαρίᾳ·
3209 1207 3237 1234 ‹‹
3270 1184 3494 1255 Πνεῦμα

1836 1271 1991 1345 ἅγιον
2024 1269 2366 1326 ἐπελεύσεται
2399 1270 2487 1326 ἐπὶ
2517 1271 2593 1326 σέ·
2632 1294 2659 1320 »ι
2691 1276 2847 1326 ποῖον
2875 1291 2889 1341 ;
2934 1273 3059 1346 περί
3109 1270 3172 1327 οὗ
3220 1272 3248 1326 6
3299 1270 3489 1347 λόγος,

1834 1359 1870 1428 ἢ
1904 1358 2025 1435 περὶ
2057 1360 2207 1431 Υὶοῦ,
2239 1360 2273 1429 ἦ
2302 1381 2392 1414 και
2422 1360 2545 1434 περὶ
2577 1358 2751 1417 ἄλλου
2782 1360 2927 1423 τινὸς
2960 1360 3273 1433 Πνενόματος
3296 1360 3448 1437 ἁγίου
3474 1379 3487 1429 ;

1837 1449 2142 1526 Καὶγὰροὶ
2190 1451 2334 1525 ἅγιοι
2384 1445 2611 1526 ἄγγελοι
2664 1449 2944 1522 πνεύματά
2988 1450 3121 1504 εἰσιν
3170 1452 3319 1524 ἅγια,
3379 1454 3493 1505 Μα-

1836 1537 1950 1597 κεδ.
2003 1543 2217 1613 Πνεῦμα
2266 1540 2416 1615 ἅγιον
2469 1539 2611 1615 λέγει
2661 1538 2792 1594 αὐτὸ
2840 1539 2902 1595 τὸ
2948 1543 3186 1612 Πνεῦμα,
3232 1541 3307 1601 είς
3336 1538 3367 1594 6'
3402 1540 3495 1615 βα-

1837 1628 2159 1703 πτιζόμεοα.
2210 1630 2357 1703 Ὀρο.
2413 1631 2509 1687 Ἐκ
2553 1628 2750 1685 τούτου
2804 1629 2923 1704 ἄρα·
2951 1632 3048 1684 τοῦ
3082 1628 3395 1703 Πνεῦματος
3426 1628 3489 1684 τὸ

1837 1719 2105 1796 Κυριακὸν
2140 1723 2300 1793 σῶμα
2332 1717 2477 1795 λέγει
2510 1720 2538 1773 ὁ
2586 1713 2833 1794 Γαϐριὴλ
2875 1720 3251 1795 γεγεννῆσθαι.
3286 1717 3359 1773 Οὐ
3391 1720 3495 1795 γὰρ

1840 1807 1980 1866 ἄλλο
2038 1808 2174 1882 αὐτῇ
2226 1807 2451 1879 ἐπῆλθε,
2503 1809 2595 1862 καὶ
2645 1807 2785 1863 ἄλλο
2829 1809 2928 1877 τὴν
2971 1809 3132 1883 χάριν
3185 1808 3494 1885 εἰργάσατο·

81 1897 191 1959 est,
240 1910 309 1950 ex
352 1895 567 1968 Spiritu
602 1902 806 1953 sancto
837 1902 1022 1966 est,ex
1055 1916 1120 1955 eo
1143 1898 1427 1964 videlicet,
1479 1900 1582 1971 qui
1631 1916 1729 1956 su-

86 1982 345 2003 ..._,
432 2002 437 2003 ,
524 1984 556 2003 ..
625 1986 668 2003 ..
782 1987 795 2003 .
850 1988 889 2003 η
1094 1989 1109 2003 .
1191 1987 1204 2000 .
1253 1989 1289 2003 ..
1442 1989 1474 2003 ..
1631 1989 1662 2003 η

1858 1897 1985 1955 ίλλὰ
2012 1900 2094 1971 ζτὸ
2141 1897 2192 1954 ἐν
2244 1898 2381 1972 αὐτῇ
2429 1898 2678 1974 γεννηθὲν
2718 1899 2778 1953 ὲκ
2828 1897 3142 1970 Πνεύματος
3175 1896 3328 1973 ἁγίου
3362 1896 3493 1965 ἐστὶ,

1858 1987 1870 2003 ι
1918 1988 1937 2003 ς
2031 1988 2041 2003 1
2196 1992 2222 2003 αι
2261 1987 2275 2003 3
2355 1987 2374 2003 κ
2400 2000 2411 2003 -
2441 1988 2453 2003 Ι
2662 1987 2675 2003 9
2726 1990 2750 2001 οὐ
2831 1989 2880 2003 Il
2991 1983 3015 2003 ﬁ
3090 1994 3127 2003 νο
3172 1987 3189 2003 \
3285 1992 3312 2002 ne
3403 1984 3421 2003 Ν
3449 1988 3459 2003 1

86 1999 189 2055 per
216 1982 375 2040 illam
410 1984 585 2042 venit.
615 1986 813 2042 Maced.
848 1988 1151 2052 Quomodo
1190 1987 1371 2059 igitur
1403 1989 1485 2044 ait
1520 2006 1532 2044 :
1569 2010 1597 2037 «

83 2072 304 2144 pientia
333 2074 638 2131 aediﬁcavit
666 2076 779 2131 sibi
811 2078 1051 2133 domum
1074 2078 1119 2113 ⁸⁸
1143 2076 1173 2133 ?
1202 2100 1228 2129 η
1265 2077 1545 2135 0r!h.Hoc
1574 2077 1731 2134 enim

86 2166 196 2230 est,
230 2164 386 2235 quod
423 2181 529 2220 nos
572 2165 867 2222 dicimus:
903 2168 1101 2224 omnia
1145 2167 1335 2225 Patris
1381 2184 1560 2241 opera
1605 2166 1732 2224 Filii

87 2268 255 2320 esse;
285 2257 342 2308 et
369 2253 493 2308 Filii
526 2270 652 2327 qua:
687 2260 846 2329 sunt,
874 2256 1129 2329 Spiritus
1159 2257 1294 2314 dici.
1338 2257 1560 2330 Itaque,
1594 2273 1733 2327 quo-

89 2341 247 2397 niam
299 2360 417 2398 una
459 2348 550 2401 est
600 2346 788 2403 Patris
841 2363 909 2403 ac
953 2347 1082 2403 Filii
1132 2348 1392 2420 potentia
1423 2348 1483 2404 in
1519 2346 1735 2420 Spiritu

90 2436 293 2489 sancto
325 2450 591 2504 operans.
628 2435 844 2492 Paulus
875 2437 1016 2493 dicit
1050 2455 1062 2493 :
1099 2460 1125 2488 ‹‹
1163 2438 1229 2493 Et
1276 2438 1568 2510 quosdam
1613 2436 1739 2509 qui-

89 2522 221 2578 dem
252 2523 447 2594 posuit
496 2530 646 2581 Deus
677 2527 734 2582 in
781 2526 1058 2593 Ecclesia,
1114 2530 1371 2601 primum
1421 2526 1738 2600 apostolos,

89 2612 349 2668 secundo
379 2614 716 2685 prophetas,
753 2616 920 2672 tertio
952 2616 1219 2673 doctores
1260 2617 1324 2671 ⁸⁵.
1360 2638 1388 2667 ››
1439 2618 1506 2673 Et
1534 2633 1741 2673 rursus

91 2701 248 2757 idem
284 2718 297 2758 :
332 2725 359 2754 «ι
394 2708 438 2757 Α
470 2702 665 2761 Mileto
692 2706 930 2762 mittens
960 2706 1254 2779 Ephesum
1283 2705 1507 2763 vocavit
1555 2708 1741 2778 majo-

92 2806 186 2846 res
217 2796 355 2847 natu
389 2791 679 2860 Ecclesia},
708 2816 736 2843 ι)
767 2811 986 2867 eosque
1002 2796 1084 2851 sic
1113 2795 1403 2852 allocutus
1428 2799 1519 2851 est
1550 2813 1562 2851 :
1598 2819 1626 2847 ‹‹
1652 2797 1745 2851 Αι-

90 2880 313 2936 tendite
345 2880 525 2948 vobis,
556 2887 613 2937 et
644 2881 914 2938 universo
933 2884 1179 2957 gregi,in
1221 2901 1334 2956 quo
1365 2900 1466 2940 vos
1496 2883 1745 2955 Spirilus

96 2972 339 3025 sanctus
371 2972 570 3042 posuit
599 2971 924 3044 episcopos,
958 2988 1195 3045 pascere
1234 2972 1552 3029 Ecclesiam
1580 2972 1744 3029 Chri-

97 3058 172 3114 sti
202 3058 265 3111 ⁶⁶.
298 3080 324 3108 ››
356 3059 554 3126 Vides,
588 3078 736 3133 quos
769 3067 918 3118 Deus
948 3063 1528 3135 praeposuit,eosdem
1560 3060 1744 3133 Spiri-

94 3151 221 3204 tum
247 3153 514 3205 sanetum
539 3167 771 3223 quoque
789 3151 1199 3225 praeposuisse,
1221 3156 1279 3208 et
1308 3168 1458 3224 quos
1496 3150 1748 3223 Spiritus

92 3241 671 3309 praeposuit,eosdem
697 3245 875 3297 Deum
897 3241 1284 3314 prreposuisse
1300 3258 1312 3296 :
1330 3258 1434 3298 nec
1446 3240 1593 3298 alios
1614 3241 1741 3311 Spi-

1630 1989 1729 2044 Sa-
1760 1983 1808 2003 ³³
1842 1986 2101 2060 δηλονότι
2132 1992 2226 2043 τοῦ
2258 1987 2586 2051 ἐπελθόντος
2618 1987 2775 2061 αὐτῇ.
2830 1983 3039 2044 Μακεδ.
3090 1987 3190 2042 Καὶ
3236 1992 3356 2049 πῶς
3403 1984 3496 2041 λέο

1842 2097 1946 2154 γει·
2007 2100 2031 2131 α
2085 2079 2150 2134 Ἡ
2201 2077 2374 2155 Σοφία
2416 2074 2771 2150 ᾠκοδόμησεν
2813 2077 2976 2152 ἑαυτῇ
3027 2079 3217 2145 οἴκον;
3274 2100 3301 2131 ι
3340 2077 3493 2151 Ὀρθ.

1844 2172 2013 2223 Τοῦτο
2064 2165 2168 2243 γάρ
2219 2166 2379 2239 ἐστιν,
2430 2165 2460 2220 ὅ
2508 2164 2742 2241 λέγομεν
2766 2169 2954 2239 ἡμεῖς,
2986 2165 3068 2221 ὅτι
3100 2165 3281 2222 Πάντα
3307 2165 3376 2221 τὰ
3400 2168 3498 2220 τοῦ

1847 2257 2061 2334 Ιῐατρὸς
2096 2255 2252 2333 ἔργα,
2278 2255 2379 2311 εἰσὶ
2408 2260 2506 2310 τοῦ
2536 2255 2683 2328 Υἷόῦ,
2714 2255 2803 2310 καὶ
2832 2258 2899 2312 τὰ
2925 2260 3023 2311 τοῦ
3062 2254 3190 2310 Υίοῦ
3244 2254 3501 2330 λέγονται

1850 2347 1984 2403 εἶναι
2030 2351 2128 2401 τοῦ
2187 2345 2522 2419 Πνεῦματος·
2586 2342 2771 2413 ἐπειδὴ
2837 2345 2935 2418 μία
2977 2343 3088 2400 ἐστὶ
3120 2341 3350 2417 δύναμις
3406 2346 3503 2397 τοῦ

1849 2436 2064 2512 ΙΙατρὸς
2097 2435 2185 2491 καὶ
2214 2439 2312 2491 τοῦ
2339 2435 2468 2490 Υἱοῦ
2498 2434 2549 2489 ἐν
2584 2435 2864 2507 ΙΙνεύματι
2923 2433 3062 2510 ἁγίῳ
3115 2431 3502 2509 ἐνεργουμένη.

1851 2523 2078 2600 Ἀμέλει
2111 2524 2329 2587 Παῦλος
2383 2524 2547 2601 λέγει·
2601 2548 2628 2576 ‹‹
2679 2520 2923 2586 ’Ἄλλους
2978 2524 3071 2597 μὲν
3120 2518 3268 2578 ἔθετο
3299 2523 3327 2577 6
3377 2521 3508 2582 Θεὸς

1853 2615 1905 2672 ἐν
1934 2620 2002 2690 τῇ
2037 2613 2357 2687 Ἐκκλησίᾳ,
2389 2618 2605 2690 πρῶτον
2647 2612 3011 2685 ἀποστόλους,
3067 2610 3313 2688 δεύτερον
3366 2631 3506 2687 προ-

1852 2708 2046 2785 φήτας,
2096 2704 2276 2782 τρίτον
2338 2701 2717 2764 διδασκάλους·
2780 2727 2810 2754 ››
2868 2702 2958 2758 καὶ
3016 2700 3181 2756 πάλιν
3244 2702 3273 2757 6
3321 2699 3503 2761 αὐτός·

1856 2797 2144 2869 «Πέμψας
2202 2793 2308 2849 ἀπὸ
2356 2801 2456 2864 τῆς
2507 2791 2765 2863 Μιλήτου
2811 2791 2886 2854 εἰς
2933 2793 3031 2860 τήν
3064 2793 3319 2869 Ἔφεσον,
3384 2810 3510 2864 μετ-

1853 2882 2131 2943 εστείλατο
2181 2885 2307 2946 τοὺς
2365 2877 2762 2959 πρεσϐυτέρους
2822 2888 2922 2951 τῆς
2977 2878 3326 2952 Ἐκκλησίας,
3362 2877 3512 2933 »καὶ

1854 2974 2000 3051 λέγει
2032 2973 2239 3035 αὐτοῖς·
2273 2998 2300 3025 (ι
2337 2971 2643 3049 Προσέχετε
2675 2971 2910 3042 ἑαυτοῖς,
2942 2971 3034 3025 καὶ
3079 2968 3240 3025 παντὶ
3272 2973 3350 3041 τῷ
3382 2989 3510 3024 ποι-

1859 3063 2020 3138 μνίῳ,
2072 3062 2123 3118 ἐν
2170 3063 2216 3135 ᾧ
2262 3062 2401 3135 ὑμᾶς
2443 3059 2589 3117 ἔθετο
2635 3060 2698 3114 τὸ
2744 3064 2962 3132 Πνεῦμα
3006 3059 3069 3114 τὸ
3114 3060 3265 3136 ἅγιον
3300 3055 3515 3113 ἐπισκό-

1856 3175 2011 3227 πους,
2074 3151 2379 3225 ποιμαίνείν
2446 3151 2547 3218 τὴν
2625 3147 2952 3220 Ἐκκλησίαν
3010 3153 3110 3203 τοῦ
3164 3150 3428 3222 Χριστοῦ.
3485 3170 3512 3198 ››

1855 3245 2038 3318 Ὁρᾷς,
2092 3241 2197 3314 ὅτι,
2250 3239 2343 3301 οῦς
2392 3236 2539 3295 ἔθετο
2585 3239 2614 3294 6
2663 3239 2812 3310 Θεὸς,
2855 3234 3004 3302 ἔθετο
3063 3237 3127 3292 τὸ
3177 3241 3399 3309 Πνεῦμα
3452 3235 3516 3290 τὸ

96 3327 297 3395 ritum,
343 3327 492 3384 alios
547 3330 752 3397 Deum,
792 3309 913 3388 sed
941 3309 1076 3387 illos
1124 3330 1307 3403 ipsos,
1339 3347 1488 3403 quos
1519 3309 1742 3403 praepo-

1859 3332 2039 3407 ἅγιον,
2087 3330 2177 3386 καὶ
2228 3329 2319 3392 οὕς
2377 3327 2525 3384 ἔθετο
2582 3327 2643 3383 τὸ
2693 3324 2935 3400 Πνεῦμα,
2967 3322 3116 3391 ἔθετο
3152 3326 3180 3382 6
3212 3324 3365 3388 Θεός·
3425 3324 3517 3380 καὶ

98 3416 218 3473 suit
247 3417 749 3491 Deus,prmposuit
775 3420 1118 3492 etSpiritus.
1137 3419 1355 3485 Quodsi
1373 3421 1628 3494 Spiritus
1651 3437 1750 3475 eos

97 3510 601 3583 praeposuit,quos
633 3511 951 3584 praeposuit
982 3512 1293 3579 Deus,hinc
1310 3512 1751 3585 sequituream-

98 3600 230 3655 dem
266 3599 359 3654 Dei
390 3604 447 3655 et
474 3601 723 3672 Spiritus
753 3617 882 3658 esse
909 3601 1595 3675 operationem.0uorum
1616 3617 1752 3657 vero

97 3690 301 3746 eadem
316 3693 407 3745 est
434 3690 921 3762 operatio,eorum
938 3692 1141 3747 eadem
1158 3708 1391 3764 quoque
1409 3695 1501 3748 est
1521 3695 1658 3746 natu
1668 3708 1749 3745 ra.

102 3779 256 3835 482
288 3779 487 3836 Maced.
529 3779 705 3852 Atqui
746 3780 902 3837 Deus
950 3785 1040 3837 est
1068 3781 1169 3854 qui
1216 3780 1417 3837 omnia
1456 3780 1517 3835 in
1564 3779 1753 3836 omni-

100 3869 210 3924 bus
260 3873 555 3938 Operatur.
602 3870 896 3942 Scriptum
946 3876 1036 3927 est
1095 3870 1254 3926 enim
1297 3887 1311 3926 :
1359 3892 1387 3921 ‹‹
1436 3868 1756 3926 Divisiones

105 3958 428 4032 gratiarum
464 3959 797 4027 sunt,idem
822 3964 1017 4015 autem
1051 3960 1298 4033 spiritus
1323 3976 1335 4015 :
1356 3964 1414 4015 et
1442 3959 1757 4015 divisiones

104 4048 607 4104 ministrationum
657 4053 817 4116 sunt,
869 4050 1024 4105 idem
1075 4055 1272 4107 autem
1323 4049 1660 4106 Dominus:
1700 4052 1757 4106 et

107 4138 427 4194 divisiones
455 4139 860 4210 operationum
891 4143 1049 4207 sunt,
1092 4139 1249 4195 idem
1282 4155 1415 4195 vero
1445 4139 1622 4208 Deus,
1656 4138 1755 4211 qui

108 4234 386 4300 Operatur
417 4229 616 4285 omnia
646 4229 703 4283 in
739 4228 1015 4284 omnibus
1047 4231 1106 4286 67.
1145 4250 1172 4278 »
1203 4229 1352 4287 Orth.
1388 4229 1585 4286 Recita
1630 4246 1755 4302 quae

108 4322 462 4391 sequuntur,
496 4322 562 4373 ut
597 4319 804 4373 audias
840 4335 853 4373 :
889 4340 918 4369 «
970 4317 1295 4391 Unicuique
1339 4323 1535 4374 autem
1587 4320 1761 4375 datur

108 4408 506 4464 manifestatio
549 4407 805 4480 Spiritus
838 4408 909 4463 ad
960 4407 1302 4463 utilitatem.
1357 4408 1469 4464 Alii
1519 4409 1756 4483 quidem

109 4498 283 4553 datur
322 4514 423 4570 per
466 4498 749 4571 Spiritum
805 4512 997 4554 sermo
1062 4496 1364 4569 sapientia
1419 4517 1432 4556 :
1481 4498 1577 4555 alii
1625 4516 1760 4554 vero

109 4602 302 4643 sermo
333 4587 588 4643 scientiae
619 4589 945 4644 secundum
997 4588 1270 4644 eumdem
1318 4588 1601 4662 Spiritum
1629 4608 1643 4658 ;
1677 4591 1762 4645 al-

1861 3422 1962 3478 οόκ
1992 3419 2195 3482 ἄλλους
2224 3421 2286 3475 τὸ
2318 3422 2554 3491 Πνεῦμα,
2588 3417 2676 3472 καὶ
2711 3415 2915 3479 ἄλλους
2958 3416 2986 3471 6
3036 3416 3191 3485 Θεὸς,
3236 3414 3364 3472 ἀλλ’
3421 3413 3515 3469 αὖ·

1858 3510 1986 3573 τοὺς
2047 3509 2138 3572 οὕς
2186 3507 2336 3573 ἔθετο
2393 3509 2421 3562 ὁ
2466 3506 2619 3579 Θεὸς,
2661 3505 2810 3570 ἔθετο
2852 3506 2918 3561 τὸ
2948 3503 3210 3578 ΙΙνεῦμα;
3244 3504 3306 3561 Εἰ
3339 3501 3399 3559 δὲ
3427 3498 3520 3564 οῦς

1862 3599 2009 3658 ἔθετο
2042 3599 2070 3654 6
2103 3599 2252 3668 Θεὸς,
2285 3604 2442 3661 ἆθετο
2467 3597 2531 3652 τὸ
2561 3599 2803 3668 Πνεῦμπο,
2835 3598 2871 3665 ἡ
2932 3595 3068 3663 αὐτή
3131 3596 3234 3671 ἄρα
3287 3593 3522 3670 ἐνέργεια

1860 3694 1958 3747 τοῦ
1989 3692 2122 3746 Θεοῦ
2151 3688 2243 3743 καὶ
2290 3691 2389 3742 τοῦ
2433 3684 2770 3758 Ηνεύματος.
2802 3687 2898 3740 Ὠν
2928 3681 2988 3739 δὲ
3016 3686 3050 3754 ἡ
3082 3683 3219 3752 αὐτή
3257 3682 3519 3759 ἐνέργεια,

1861 3782 1897 3850 ἡ
1928 3778 2063 3847 αὖτή
2120 3776 2210 3833 καὶ
2269 3775 2447 3855 φύσις.
2507 3772 2711 3831 Mer/.58.
2774 3772 3020 3850 Καίτοιγε
3071 3771 3100 3827 6
3146 3771 3278 3835 Θεός
3314 3772 3454 3826 ἐστιν
3490 3769 3519 3825 6

1865 3869 2096 3945 ἐνεργῶν
2144 3867 2213 3923 τὰ
2266 3867 2439 3921 πάντα
2488 3864 2540 3920 έν
2591 3870 2745 3921 πᾶσι.
2794 3864 3102 3938 Γέγραπται
3149 3863 3270 3938 γάρ·
3307 3886 3334 3913 (ι
3369 3869 3520 3916 Διαι-

1865 3959 2035 4037 ρέσεις
2068 3958 2426 4034 χαρισμάτων
2455 3954 2580 4025 εἶσὶ,
2612 3954 2677 4009 τὸ
2709 3951 2767 4009 δὲ
2795 3952 2926 4009 αὐτὸ
2963 3955 3199 4025 Πνεῦμα·
3237 3951 3328 4006 καὶ
3381 3947 3518 4005 διαιο

1865 4036 2035 4124 ρέσεις
2088 4044 2375 4102 διακονιῶν
2419 4044 2573 4113 εἰσιν,
2626 4044 2654 4099 6
2703 4041 2761 4098 δὲ
2806 4042 2965 4104 αὐτὸς
3010 4040 3225 4117 Κύριος·
3260 4037 3350 4095 καὶ
3381 4036 3521 4093 διαι-

1866 4139 2038 4216 ρέσεις
2085 4134 2470 4213 ἐνεργημάτων
2520 4133 2674 4201 εἰσὶν,
2729 4132 2757 4188 6
2800 4130 2858 4188 δὲ
2901 4130 3062 4193 αὐτὸς
3112 4129 3244 4192 Θεός
3294 4126 3521 4199 ἐστιν,ὁ

1865 4229 2097 4306 ἐνεργῶν
2151 4228 2218 4282 τὰ
2261 4227 2434 4282 πάντα
2481 4224 2533 4279 ἐν
2580 4229 2763 4279 πᾶσ·ν.
2818 4247 2845 4275 ››
2894 4222 3037 4298 Ὀρθ.
3094 4220 3229 4275 Εἰπὲ
3255 4219 3325 4274 τᾶ
3376 4218 3522 4288 ἑξῆς,

1862 4318 1956 4375 ἵνα
2018 4317 2266 4391 ἀκούσῃς·
2330 4339 2357 4365 ‹‹
2410 4315 2654 4386 Ἑκάστῳ
2687 4310 2744 4367 δὲ
2784 4309 2992 4367 δίδοται
3026 4312 3060 4380 ἡ
3096 4310 3399 4387 φανέρωσις
3430 4310 3526 4362 τοῦ

1872 4409 2187 4481 Ηνεόματος
2219 4405 2356 4480 πρὸς
2387 4404 2451 4459 τὸ
2480 4404 2777 4481 συμφέρον,
2810 4403 2877 4480 ᾪ
2912 4401 3005 4474 μὲν
3037 4399 3139 4476 γὰρ
3172 4396 3379 4454 δίδοται
3441 4396 3530 4452 διὰ

1868 4502 1966 4554 τοῦ
2026 4494 2339 4569 ΙΙνεύματος
2402 4492 2569 4568 λόγος
2628 4490 2818 4568 σοφίας
2902 4487 3060 4562 ἄλλῳ
3094 4486 3152 4544 δὲ
3183 4487 3353 4563 λόγος
3384 4487 3528 4563 γνώ-

1872 4608 2006 4649 σεως
2037 4586 2173 4641 κατὰ
2226 4584 2288 4639 τὸ
2334 4583 2463 4638 αὐτὸ
2512 4585 2750 4651 Πνεῦμα·
2802 4579 2970 4656 ἐτέρῳ
3016 4576 3074 4634 δὲ
3105 4578 3282 4640 πίστις
3340 4576 3391 4631 ἐν
3449 4580 3529 4646 τῷ

113 4678 226 4732 teri
254 4678 477 4735 ﬁdesin
511 4678 713 4733 eodem
747 4677 964 4749 Spiritu
1002 4695 1015 4746 ;
1049 4677 1147 4734 alii
1192 4679 1385 4751 gratia
1429 4679 1744 4735 sanitatum

1870 4674 2018 4748 αὐτῷ
2048 4673 2344 4747 ῙΙνεόματι·
2378 4669 2537 4745 ἅΛλῳ
2570 4669 2628 4727 δὲ
2666 4669 2981 4747 χαρίσματα
3035 4668 3303 4753 ἰαμάτων,
3339 4666 3392 4721 ἐν
3451 4670 3532 4738 τῷ

111 4768 169 4825 in
204 4769 407 4825 eodem
439 4767 659 4842 Spiritu
695 4786 709 4838 ;
743 4767 842 4824 alii
873 4769 1131 4841 operatio
1165 4769 1472 4837 virtutum,
1497 4769 1595 4826 alii
1628 4786 1763 4842 pro-

112 4859 333 4932 phetia,
367 4859 464 4914 alii
497 4859 774 4915 discretio
798 4858 1140 4932 spirituum,
1170 4858 1270 4915 alii
1293 4876 1509 4932 genera
1538 4858 1766 4931 lingua-

112 4953 270 5005 runt.
307 4950 435 5005 llaec
463 4953 657 5006 autem
694 4949 891 5005 omnia
923 4955 1199 5021 operatur
1220 4966 1374 5005 unus
1404 4953 1579 5021 atque
1608 4949 1764 5004 idem

114 5037 661 5111 Spiritus,dividens
692 5037 943 5111 singulis
977 5043 1151 5110 prout
1180 5037 1304 5093 vult
1331 5039 1395 5093 ⁸⁸.
1433 5060 1460 5087 ››
1492 5037 1635 5094 Vult
1663 5055 1764 5094 au-

113 5132 231 5185 tem
293 5129 520 5196 eadem,
582 5144 713 5200 quae
768 5128 972 5185 volunt
1028 5128 1194 5183 Pater
1241 5131 1297 5184 et
1355 5127 1556 5197 Filius,
1592 5133 1768 5201 atque

114 5218 246 5275 ideo
278 5218 640 5275 voluntatem
663 5235 865 5275 eorum
892 5235 1073 5275 unam
1099 5216 1639 5284 dicimusouorum
1663 5235 1766 5274 au-

118 5314 233 5365 tem
275 5307 545 5365 voluntas
572 5310 772 5365 eadem
798 5313 909 5379 est,
941 5309 1264 5378 eademque
1278 5308 1773 5379 operatio,uatura

115 5397 259 5454 item
291 5403 380 5453 est
410 5398 635 5455 eadem.

193 5489 279 5544 44.
319 5487 521 5545 Macati.
576 5486 854 5560 Nunquid
907 5486 1090 5560 igitur
1137 5485 1394 5559 Spiritus
1434 5490 1524 5544 est
1570 5484 1776 5544 Deus?

1872 4765 2019 4838 αὐτῷ
2052 4762 2341 4837 ῐινεύματι·
2377 4760 2536 4834 ἄλλῳ
2567 4758 2623 4816 δὲ
2655 4759 3018 4835 ἐνεργήματα·
3071 4756 3239 4831 ἑτέρῳ
3289 4752 3349 4811 δὲ
3392 4774 3529 4832 προ-

1875 4854 2087 4936 φητεία·
2141 4851 2301 4925 ἄλλῳ
2359 4850 2417 4908 δὲ
2494 4848 2788 4936 διακρίσεις
2846 4844 3431 4936 πνευμάτων·ῌέτέρῳ-
3474 4841 3532 4936 δέ

1873 4929 2001 5024 γένη
2061 4942 2348 5019 γλωσσῶν.
2398 4938 2577 4997 Πάντα
2624 4935 2682 4994 δὲ
2724 4940 2894 4993 ταῦτα
2943 4934 3149 5011 ἐνεργεῖ
3174 4933 3239 4990 τὸ
3265 4929 3321 4989 ἓν
3349 4931 3438 4987 καὶ
3468 4930 3532 4985 τὸ

1877 5020 2007 5092 αὐτὸ
2042 5037 2277 5106 ΙΙνεῦμα,
2311 5029 2553 5107 διαιροῦν
2589 5025 2699 5099 ἰδίᾳ
2729 5026 2937 5099 ἑκάστῳ
2966 5024 3146 5089 καθὼς
3190 5020 3467 5097 βούλεται·
3506 5044 3529 5071 ι

1878 5123 2142 5182 Βοόλεται
2204 5121 2260 5178 δὲ
2311 5120 2343 5177 ἃ
2393 5118 2646 5197 βούλεται
2685 5118 2711 5171 ό
2747 5115 2932 5189 Πατὴρ
2966 5114 3055 5169 καὶ
3089 5113 3117 5168 6
3149 5112 3294 5175 Υἱός·
3323 5111 3415 5167 καὶ
3448 5108 3537 5166 διὰ

1878 5219 2040 5271 τοῦτο
2093 5213 2323 5290 λέγομεν
2357 5210 2563 5288 βουλὴν
2602 5208 2748 5282 μίαν.
2784 5209 2876 5261 Ὧν
2913 5202 2971 5259 δὲ
2997 5205 3060 5259 τὸ
3090 5202 3220 5259 αὐτὸ
3275 5199 3539 5279 βούλημα

1878 5304 1969 5361 καὶ
2001 5305 2036 5373 ἡ
2070 5302 2204 5371 αὐτή
2239 5301 2496 5377 ἐνέργεια,
2529 5302 2563 5368 ἡ
2597 5296 2733 5363 αὐτὴ
2765 5294 2854 5351 καὶ
2885 5295 2920 5364 ἡ
2953 5292 3131 5371 φύσις.

1957 5486 2043 5541 14.
2079 5478 2285 5540 Μικεδ.
2319 5478 2528 5539 Οὐκοῦν
2557 5476 2647 5532 καὶ
2679 5474 2808 5539 Θεός
2843 5475 2954 5531 έστι
2984 5472 3048 5528 τὸ
3078 5474 3342 5546 ΙΙνεῦμα;
3391 5469 3539 5545 Ὀρθ.

203 5723 250 5802 ff
271 5722 558 5802 Mattb_._i,
585 5724 676 5778 20.
753 5723 797 5760 ⁸³
825 5722 967 5780 Luc.
1000 5740 1042 5793 ι,
1074 5720 1161 5778 35.
1238 5719 1285 5757 ⁶⁴
1315 5718 1481 5778 Prov.
1506 5736 1585 5793 ιχ,
1619 5719 1670 5777 1.

1872 5716 2003 5777 Cor.
2036 5732 2138 5787 xu,
2169 5717 2261 5774 28.
2338 5714 2383 5753 ⁸⁸
2410 5716 2533 5772 Act.
2565 5729 2659 5787 xx,
2682 5711 2770 5784 17,
2798 5711 2889 5767 28.
2964 5708 3009 5746 ⁸⁷
3061 5707 3083 5767 Ῑ
3124 5706 3255 5765 Cor.
3285 5701 3541 5802 καφ-6.

128 5790 175 5828 ⁵⁸
205 5792 348 5849 ibid.
380 5793 539 5850 7-11.
