4104 6412
542 458 696 521 1313

1612 452 1925 513 CONTRA
1971 453 2368 516 MACEDON.
2418 455 2804 518 DIALUGUS
2854 457 2900 517 Ι.

3805 461 3958 522 1314

535 592 711 646 Τοῦτο
742 588 830 642 καὶ
863 585 1022 646 αὐτὸς
1056 583 1105 655 ἐξ
1136 583 1303 653 αὐτῆς
1325 589 1425 650 τῆς
1450 581 1773 646 ἀκολουθίας
1799 583 2186 660 ὡμολόγησας.

2340 587 2462 642 lrth.
2499 591 2613 642 Hoc
2644 591 2767 642 tute
2799 605 2866 643 ex
2899 589 3023 660 ipsa
3055 589 3342 645 dictorum
3375 594 3794 662 consequentia
3827 610 3960 664 pro-

538 681 746 733 Ἐκεῖνο
778 674 835 730 δὲ
893 675 1148 750 γίνωσκε,
1210 673 1294 727 ὅτι
1347 674 1408 727 τὸ
1447 673 1574 728 Θεὸν
1611 673 1742 726 εἶναι
1775 671 2021 748 δεύτερόν
2081 673 2190 727 ἐστι

539 776 638 836 τῆς
700 765 933 838 φύσεως.
999 765 1094 818 Καὶ
1152 765 1255 839 γὰρ
1288 765 1474 836 ἡμεῖς,
1517 762 1604 816 ἐὰν
1641 763 1876 834 μιμηταῖ
1910 764 2195 836 γενώμεθα

540 861 636 912 τοῦ
695 860 850 914 Θεοῦ.
908 855 1043 908 κατὰ
1102 854 1193 906 τὸν
1245 850 1458 908 Παῦλον
1508 850 1616 914 θεοῖ
1655 852 1747 922 μὲν
1782 851 2062 924 γινόμεθα·
2095 859 2194 920 τῆς

545 943 601 1000 δὲ
631 945 797 1012 αὐτῆς
830 941 1037 1020 φύσεως
1069 941 1310 1016 γενέσθαι
1351 939 1412 994 οὐ
1474 937 1762 1011 δυνάμεθα.
1825 937 2030 997 Μακεδ,
2093 941 2195 995 Καὶ

549 1035 678 1089 αὐτὸ
725 1031 814 1087 οῦν
873 1032 934 1085 τὸ
987 1033 1205 1102 Πνεῦμα
1248 1029 1382 1083 κατᾶ
1435 1029 1662 1101 μίμησιν
1705 1029 1792 1082 καὶ
1825 1029 1986 1104 χάριν
2019 1029 2196 1104 λέγεις

553 1124 688 1178 εἶναι
722 1121 849 1176 Θεὸν
879 1149 891 1188 ;
926 1121 1078 1196 Ὀρθ.
1123 1121 1206 1188 Μὴ
1242 1117 1454 1193 γένοιτό
1487 1139 1578 1189 μοι
1612 1117 1897 1188 ἐπίκτητον
1927 1140 1978 1171 τι
2029 1119 2196 1172 εἰπεῖν

548 1213 636 1268 ἐπὶ
666 1216 763 1266 τοῦ
801 1210 1148 1280 Πνεύματοςέ
1184 1205 1425 1284 οὔτεγὰρ
1456 1208 1518 1261 τὸ
1569 1209 1742 1283 ἅγιον,
1791 1203 1913 1261 οῦτε
1960 1210 2022 1262 τὸ
2074 1209 2198 1262 ἀθά-

549 1323 732 1372 νατον,
793 1298 915 1354 οῦτε
968 1300 1029 1353 τὸ
1088 1298 1306 1374 ἀγαθὸν,
1361 1294 1484 1351 οὔτε
1544 1295 1681 1350 αλλο
1737 1295 1924 1350 τιτῶν
1957 1297 2078 1372 περῖ
2109 1297 2198 1350 τὸν

551 1393 678 1447 Θεὸν
736 1388 1126 1465 θεωρουμένων
1191 1385 1333 1463 λέγω
1393 1387 1522 1440 εἶναι
1575 1386 1862 1456 ἐπικτητον
1922 1391 2001 1458 τῷ
2061 1386 2202 1460 ἁγίῳ

553 1480 848 1553 Πνεύματι⁶
911 1477 1056 1533 ἀλλᾶ
1116 1476 1268 1555 φύσει
1328 1477 1499 1551 ἅγιον,
1566 1476 1717 1547 φύσει
1777 1476 1997 1550 ἀγαθὸν,
2050 1476 2201 1553 φύσει

552 1573 841 1649 ἄφθαρτον,
894 1568 1045 1645 φύσει
1098 1567 1380 1622 ἀθάνατον.
1443 1567 1514 1627 ὡς
1565 1570 1784 1638 Πνεῦμα
1833 1570 1965 1620 Θεοῦ
2013 1566 2101 1620 καὶ

552 1661 718 1716 αὐτοῦ
774 1659 1040 1732 πηγάζον,
1101 1656 1224 1725 ἤτοι
1283 1655 1728 1730 ἐκπορευόμενον.
1793 1653 2004 1712 Μακεδ.
2090 1655 2203 1711 Ἀεὶ

556 1749 649 1804 οὖν
682 1747 1030 1824 ἐκπορεύεται
1063 1748 1190 1822 παρ’
1221 1746 1421 1814 αῦτοῦ;
1457 1746 1602 1820 Ὀρθ.
1656 1748 1772 1802 Ἵνα
1827 1747 1902 1817 μὴ
1953 1745 2204 1819 νομίσῃς,

556 1839 638 1892 ὅτι
669 1838 869 1913 ἤρξατο
898 1840 995 1890 τοῦ
1030 1836 1413 1911 ἐκπορεύεσθαι
1445 1835 1532 1889 καὶ
1578 1835 1864 1905 πέπαυται,
1918 1831 2005 1888 διὰ
2049 1839 2210 1889 τοῦτο

2307 677 2498 730 fessus
2530 693 2611 731 es.
2647 676 2860 732 Verum
2893 677 3035 732 illud
3067 684 3120 733 te
3153 696 3323 734 nosse
3355 679 3546 750 velim,
3578 682 3762 736 Deum
3809 700 3959 748 esse,

2306 765 2599 837 posterius
2630 782 2758 820 esse
2792 768 3174 822 natura.Nam
3200 774 3255 822 et
3286 771 3468 834 nos,si
3501 771 3826 827 imitatores
3861 773 3962 828 Dei

2307 855 2850 921 simus,secundum
2881 856 3120 911 Paulum
3153 857 3230 910 dii
3255 859 3546 912 efficimur
3581 877 3592 912 :
3631 877 3733 915 nec
3764 867 3962 916 tamen

2308 949 2527 998 natura:
2559 944 2821 1013 ejusdem
2854 945 2974 998 fieri
3012 962 3344 1016 possumus.
3367 947 3805 1019 Maced.Ergone
3833 952 3965 1020 Spi-

2309 1033 2485 1087 ritum
2521 1033 2718 1105 ipsum
2753 1033 3075 1089 imitatione
3106 1040 3163 1090 et
3193 1037 3381 1106 gratia
3414 1036 3592 1092 Deum
3626 1056 3754 1095 esse
3783 1041 3968 1096 dicis?

2311 1122 2462 1178 Orth.
2493 1124 2683 1187 Absit,
2730 1130 2790 1178 ut
2847 1124 3066 1194 aliquid
3129 1125 3508 1180 adventitium
3567 1130 3804 1198 Spiritui
3862 1131 3966 1184 tri-

2313 1212 2518 1266 buam!
2555 1217 2696 1266 Nam
2733 1230 2920 1284 neque
2952 1215 3343 1282 sanctitatem,
3372 1233 3473 1270 nec
3507 1220 3968 1289 incorruptibili-

2311 1305 2515 1369 tatem,
2586 1318 2690 1356 nec
2749 1302 3274 1369 immortalitatem,
3344 1322 3447 1359 nec
3488 1307 3827 1375 bonitatem,
3862 1327 3968 1366 nec

2311 1392 2470 1449 aliud
2501 1410 2703 1450 eorum
2738 1411 2865 1464 quae
2897 1395 2953 1449 in
2992 1397 3100 1450 Deo
3141 1396 3495 1452 considerari
3526 1399 3735 1470 solent,
3795 1403 3966 1471 quid-

2317 1500 2494 1554 quam
2555 1483 2797 1555 Spiritui
2853 1489 3054 1540 sancto
3087 1485 3466 1541 adventitium
3492 1505 3620 1543 esse
3651 1490 3780 1545 dico
3815 1508 3826 1545 :
3863 1493 3963 1547 sed

2315 1578 2524 1628 natura
2554 1579 2846 1640 sanctum,
2873 1581 3082 1628 natura
3113 1575 3350 1640 bonum,
3379 1582 3587 1632 natura
3618 1579 3970 1649 incorrupti-

2316 1662 2514 1728 bilem,
2547 1667 2756 1717 natura
2795 1662 3209 1730 immortalem,
3274 1671 3472 1735 utpote
3529 1667 3807 1737 Spiritum
3869 1670 3966 1725 Dei

2317 1757 2376 1806 et
2431 1769 2497 1806 ex
2553 1768 2617 1806 eo
2679 1759 3120 1822 promanantem
3153 1752 3272 1808 sive
3305 1755 3732 1824 procedentem.
3759 1759 3972 1813 Maced.

2319 1841 2561 1912 Semper
2592 1841 2770 1912 igitur
2800 1856 2868 1895 ex
2900 1840 2997 1894 illo
3030 1842 3331 1910 procedit?
3363 1843 3512 1898 ΟνιΙι.
3551 1845 3621 1899 Ut
3651 1847 3974 1902 ueexsisti-

559 1925 790 2002 εἶ’ρηται.
824 1928 892 1983 ’Ό
924 1927 1068 2000 παρᾶ
1109 1930 1205 1979 τοῦ
1257 1925 1462 1996 Πατρὸς
1513 1923 1878 1999 ἐκπορεύεται·
1931 1924 2020 1978 ’ἱνα
2073 1927 2212 1998 μήτε

2340 1946 2482 1985 nare
2513 1930 2945 2001 processionem
2979 1930 3065 1985 vel
3118 1931 3362 2002 cmpisse
3422 1933 3504 1986 vel
3557 1935 3822 2003 desiisse,
3885 1937 3974 1990 id-

558 2018 764 2092 ἆρχήν,
833 2019 971 2089 μήτε
1024 2015 1184 2076 τέλος
1244 2014 1575 2088 ἐπιζητήσῃς
1652 2021 1751 2083 τῆς
1811 2013 2201 2089 ἐκπορεύσεως.

556 2112 724 2161 Τοῦτο
782 2106 869 2160 κα)
921 2105 1042 2180 περῖ
1074 2111 1174 2173 τῆς
1208 2107 1512 2179 γεννήσεως
1545 2109 1639 2157 τοῦ
1673 2104 1799 2157 Υίοῦ
1860 2104 2204 2177 σημαινόμε-

557 2218 646 2251 νον
697 2197 964 2268 εὑρήσεις.
1018 2194 1096 2250 Οὐ
1140 2196 1239 2269 γὰρ
1295 2193 1430 2260 εἶπε,
1485 2194 1594 2268 Πρὸ
1639 2190 1696 2246 δὲ
1726 2193 1936 2247 πάντων
1967 2192 2210 2269 ἐγέννησὲ

564 2307 648 2358 με,
684 2284 831 2340 ἀλλά
864 2289 1022 2354 ιἐννᾷ
1057 2305 1139 2356 με·
1181 2282 1263 2337 ἶνα
1319 2286 1457 2354 μήτε
1496 2283 1674 2358 ἀρχὴν
1728 2291 1827 2351 τῆς
1884 2285 2210 2358 γεννήσεως,

567 2377 705 2447 μήτε
733 2373 890 2428 τέ).ος
924 2373 1278 2445 ἐπιζητήσῃς.
1323 2369 1532 2429 Μακεδ.
1578 2371 1680 2425 Δύο
1724 2372 1816 2425 οῦν
1865 2371 1996 2425 εἰσιν
2060 2372 2210 2441 ὶ¹ίοί;

566 2465 712 2538 Ὀρθ.
752 2464 844 2530 Μὴ
877 2461 1120 2536 γένοιτοί
1164 2459 1369 2518 Mor/.23.
1407 2459 1468 2517 Εἰ
1512 2459 1734 2530 ἀληθῶς
1765 2460 1852 2515 καὶ
1911 2461 1937 2514 ὀ
1991 2461 2111 2523 Υἱὸς
2157 2461 2216 2515 ἐκ

559 2557 655 2608 τοῦ
690 2552 899 2623 Πατρὸς
947 2551 1037 2606 καὶ
1093 2551 1153 2603 τὸ
1208 2551 1448 2622 Πνεῦμα,
1491 2547 1586 2604 δύο
1620 2549 1751 2603 εἰσιν
1783 2547 2027 2628 ἀδελφοί.
2066 2552 2214 2624 Ὀρθ.

566 2641 722 2699 Ἀλλ’
761 2640 789 2695 ὀ
827 2641 918 2712 μὲν
954 2640 1078 2701 Υἱὸς
1109 2638 1443 2714 γενέννηται,
1477 2639 1534 2692 τὸ
1569 2635 1625 2692 δὲ
1677 2641 1890 2710 Πνεῦμα
1939 2638 2221 2714 ἐκπορεύε-

563 2752 670 2786 ται.
737 2727 944 2786 Μακεδ.
1008 2728 1102 2783 Καὶ
1148 2728 1229 2789 τίς
1371 2727 1600 2804 διαφορὰ
1633 2735 1733 2796 τῆς
1767 2730 2072 2802 γεννήσεως
2129 2727 2219 2782 καὶ

564 2827 664 2890 τῆς
697 2818 1106 2895 ἐκπορεύσεως;
1142 2819 1291 2892 Ὀρθ.
1328 2818 1434 2884 Τὴν
1482 2815 1739 2894 διαφορὰν
1800 2819 1875 2890 μὴ
1936 2817 2222 2893 περιεργά-

572 2916 690 2979 ζου·
729 2910 791 2964 οὐ
822 2910 926 2984 γὰρ
976 2907 1325 2976 καταληπτή,
1358 2905 1486 2962 ἀλλ’
1519 2905 1550 2960 ἃ
1580 2905 1883 2982 προσετάγη
1919 2928 2026 2979 σοι,
2059 2911 2226 2962 ταῦτα

580 2999 819 3068 διανοοῦ,
854 3001 942 3054 καὶ
974 3001 1274 3075 περαιτέρω
1304 2998 1510 3052 τούτων
1548 3000 1621 3072 μή
1659 2998 1884 3069 ἐξέταζε.
1914 3001 2222 3076 Προσετάγη

582 3088 638 3146 δέ
694 3112 778 3145 σοι
836 3090 898 3144 τὸ
957 3088 1245 3156 πιστεύειν,
1305 3087 1384 3142 ὅτι
1448 3087 1475 3142 ὀ
1535 3088 1658 3150 Υἱὸς
1699 3095 1965 3163 γεννᾶται,
2024 3089 2113 3143 καὶ
2166 3090 2226 3143 τὸ

586 3184 803 3252 Πνεῦμα
863 3177 1226 3251 ἐκπορεύεται·
1298 3178 1363 3231 τὰ
1422 3175 1478 3230 δὲ
1535 3175 1679 3231 ἄλλα
1724 3178 1916 3246 πάντα,
1978 3177 2228 3253 οὐρανὸς,

581 3276 676 3339 γῆ,
738 3267 997 3336 θάλασσα,
1058 3269 1146 3321 καὶ
1200 3268 1265 3320 τὰ
1310 3266 1360 3321 ἐν
1419 3265 1603 3327 αὐτοῖς
1654 3264 1848 3340 λογικὰ
1895 3267 1984 3321 καὶ
2035 3267 2226 3343 ἄλογα,

2321 2020 2473 2075 circo
2531 2019 2674 2074 dicit
2707 2036 2718 2072 :
2754 2021 2860 2085 Qui
2892 2038 2925 2074 a
2961 2019 3124 2074 Patre
3160 2023 3453 2091 procedit;
3487 2028 3550 2077 ut
3583 2040 3683 2078 nec
3715 2025 3979 2102 initium,

2317 2125 2420 2163 nec
2452 2110 2625 2163 ﬁnem
2661 2109 3052 2180 processionis
3087 2110 3386 2179 requiras:
3418 2113 3522 2165 hoc
3557 2113 3712 2167 idem
3744 2113 3814 2168 de
3853 2114 3979 2167 Filii

2319 2199 2692 2270 generatione
2725 2197 3121 2269 signiﬁcatum
3157 2199 3428 2270 reperies.
3464 2205 3663 2272 Neque
3695 2204 3848 2257 enim
3874 2204 3978 2270 ait,

2322 2287 2537 2342 Genuit
2569 2303 2659 2340 me
2691 2294 2825 2341 ante
2875 2287 3090 2354 omnia,
3152 2287 3250 2340 sed
3311 2287 3509 2358 Gignit
3567 2307 3691 2357 me;
3756 2296 3818 2345 ut
3875 2308 3981 2346 nec

2323 2375 2580 2440 initium,
2640 2392 2742 2430 nec
2803 2376 2976 2429 finem
3039 2376 3427 2444 generationis
3459 2380 3742 2448 requiras.
3771 2381 3980 2436 Maced.

2331 2470 2447 2519 Duo
2476 2464 2654 2535 igitur
2686 2463 2808 2518 Filii
2843 2464 3025 2518 sunt?
3055 2464 3208 2518 Orth.
3239 2465 3434 2520 Absit!
3469 2467 3680 2522 Maced.
3743 2469 3801 2523 Si
3863 2476 3983 2524 tam

2328 2553 2508 2609 Filius
2567 2569 2743 2624 quam
2805 2552 3059 2624 Spiritus
3119 2563 3355 2609 sanctus
3414 2572 3545 2611 vere
3577 2573 3642 2610 ex
3676 2557 3841 2613 Patre
3873 2565 3982 2626 est,

2330 2647 2471 2699 sunt
2501 2644 2615 2697 duo
2667 2642 2893 2696 fratres.
2957 2643 3108 2697 Orth.
3171 2645 3282 2698 Sed
3342 2644 3524 2700 Filius
3582 2647 3818 2718 genitus
3876 2653 3987 2712 est,

2329 2733 2589 2804 Spiritus
2638 2747 2768 2786 vero
2803 2732 3078 2802 procedit.
3115 2732 3322 2787 Maced.
3360 2734 3424 2788 Et
3453 2735 3594 2806 quid
3628 2737 3990 2792 discriminis

2332 2828 2420 2877 est
2471 2821 2622 2875 inter
2679 2819 3113 2891 generationem
3175 2838 3240 2876 ac
3296 2825 3778 2893 processionem?
3835 2825 3988 2882 Orth.

2335 2909 2662 2965 Discrimen
2705 2926 2776 2963 ne
2802 2909 3030 2964 curiose
3060 2910 3341 2981 inquirito
3375 2928 3388 2966 :
3420 2929 3609 2984 neque
3638 2914 3791 2970 enim
3828 2933 3989 2972 com-

2340 2999 2619 3071 prehendi
2647 3002 2874 3070 potest;
2912 2999 3012 3054 sed
3048 3017 3174 3070 qua:
3208 3000 3310 3055 tibi
3343 3009 3631 3074 precepta
3680 3012 3838 3072 sunt,
3892 3005 3994 3061 illa

2339 3089 2552 3159 cogita,
2602 3092 2659 3142 et
2708 3087 2858 3142 ultra
2905 3087 3022 3142 haec
3075 3088 3152 3141 nil
3186 3089 3494 3160 exquii-ito.
3534 3097 3629 3147 Est
3659 3100 3852 3150 autem
3885 3096 3992 3150 tibi

2344 3184 2718 3249 praeceptum,
2746 3182 2809 3231 ut
2838 3178 3042 3232 credas
3075 3177 3285 3232 Filium
3319 3179 3503 3251 gigni,
3535 3183 3816 3252 Spiritum
3870 3202 3998 3255 pro-

2343 3267 2564 3322 cedere.
2630 3265 2872 3337 Reliqua
2929 3283 3059 3321 vero
3091 3268 3310 3334 omnia,
3343 3269 3574 3336 coelum,
3607 3276 3780 3341 terra,
3813 3290 3994 3343 mare,

578 3357 846 3430 κτίσματά
894 3357 1015 3422 εἰσι,
1047 3357 1162 3410 κατ’
1195 3355 1422 3424 ἐντολὴν
1455 3355 1617 3409 αὐτοῦ
1648 3361 1742 3410 τοῦ
1768 3361 1900 3411 Θεοῦ
1931 3359 2225 3421 κτισθέντα·

2343 3361 2398 3412 et
2423 3373 2550 3427 quas
2579 3355 2638 3410 in
2670 3354 2790 3409 illis
2821 3356 2938 3409 sive
2966 3355 3272 3411 rationalia
3328 3359 3447 3414 sive
3505 3376 3636 3415 vero
3696 3361 4000 3418 irrationa-

586 3472 612 3501 (ι
647 3447 837 3509 Ἀὐτὸς
870 3447 972 3522 γὰρ
1005 3447 1139 3517 εἷπε,
1173 3447 1260 3500 καὶ
1294 3447 1658 3519 ἐγεννήθησαν
1714 3446 1871 3507 αὐτὸς
1904 3446 2228 3519 ἐνετείλατο,

582 3539 672 3593 καὶ
736 3537 1076 3606 ἐκτίσθησαν,
1147 3562 1165 3586 ι
1225 3533 1430 3591 Μακεὸ.
1491 3534 1631 3591 Οὐδὲ
1683 3534 1788 3611 ἐγὼ
1822 3535 1987 3611 λέγω,
2033 3536 2114 3591 ὅτι
2171 3538 2233 3592 τὸ

591 3631 804 3699 Πνεῦμα
864 3627 1062 3696 κτίσμα
1120 3624 1279 3679 ἐστίν·
1344 3622 1469 3678 ἀλλ’
1520 3625 1609 3678 οὖν
1654 3624 1716 3678 οῦ
1750 3625 1877 3680 Θεὸν
1907 3626 2036 3681 αὐτὸ
2069 3625 2234 3702 λέγω,

590 3719 741 3792 Ὀρθ.
802 3718 896 3772 Ἔν
945 3714 1032 3768 ἔσο
1081 3735 1388 3789 γινωσκων,
1434 3713 1515 3767 ὅτι
1549 3711 1638 3768 διὰ
1666 3719 1826 3769 τοῦτο
1861 3714 1922 3769 σὺ
1955 3717 2114 3778 αὐτὸς
2145 3717 2244 3771 οῦκ

592 3808 638 3859 εἷ
684 3806 812 3867 Θεὸς
862 3807 930 3877 τῇ
982 3803 1156 3880 φύσει,
1208 3801 1393 3870 ἐπειδὴ
1427 3801 1628 3874 κτίσμα
1658 3808 1814 3874 Θεοῦ,
1863 3805 1936 3866 ὡς
1969 3805 2018 3859 εἷ’
2069 3806 2143 3878 μὴ
2175 3808 2241 3875 ἧς

593 3895 813 3967 κτίσμα,
849 3894 976 3955 Θεὸς
1009 3892 1066 3947 ἂν
1093 3894 1160 3962 ἧς
1189 3897 1257 3966 τῇ
1291 3891 1463 3969 φύσει.

675 4166 758 4219 15.
821 4159 1020 4217 Μακεδ.
1080 4158 1238 4216 Ἀλλ’
1286 4157 1529 4232 οὐδαμοῦ
1597 4160 1918 4234 γέγραπται.
1979 4160 2060 4214 ὅτι
2121 4161 2250 4224 Θεός

602 4253 711 4308 ἐστι
759 4251 822 4306 τό
885 4256 1118 4324 Πνεῦμα.
1178 4252 1326 4323 Ὀρθ.
1386 4254 1595 4320 Δῶμεν,
1658 4248 1740 4303 ὅτι
1772 4247 1832 4303 οὐ
1863 4249 2157 4324 γέγραπται
2188 4252 2250 4306 τὸ

604 4368 630 4393 ‹‹
665 4341 816 4402 Θεὸς.
851 4364 877 4392 ››
916 4342 989 4394 Σὺ
1017 4338 1074 4394 δὲ
1127 4341 1226 4409 τὴν
1261 4339 1415 4417 φύσιν
1447 4336 1735 4413 ὁμολόγει,
1780 4338 1867 4392 καὶ
1916 4339 2010 4400 τὰς
2071 4341 2250 4403 θεϊκὰς

605 4431 901 4506 ιγεργείας,
936 4431 1023 4484 καὶ
1056 4430 1211 4505 ἀρκεῖ
1244 4451 1335 4501 μοι
1364 4429 1497 4502 πρὸς
1527 4428 1624 4496 τὴν
1658 4425 1958 4503 ὁμολογίαν
2019 4436 2116 4498 τῆς
2143 4429 2256 4493 θεό-

604 4542 791 4590 τητος.
855 4516 1052 4574 Μακεδ.
1108 4519 1204 4573 Διὰ
1258 4519 1311 4572 τί
1361 4517 1390 4571 δ
1440 4517 1500 4572 ού
1549 4518 1865 4593 γέγραπται,
1926 4517 1988 4572 σὺ
2035 4517 2253 4594 λέγεις;

611 4612 754 4686 Ὀρθ.
790 4609 1086 4684 Γέγραπται
1123 4610 1238 4680 μὲν,
1275 4607 1337 4661 σῦ
1370 4604 1427 4661 δὲ
1457 4608 1554 4675 τὴν
1615 4607 1770 4683 φύσιν
1823 4606 2108 4682 ὁμολόγει·
2169 4608 2258 4663 καὶ

2341 3446 2439 3516 lia,
2474 3450 2751 3500 creaturae
2784 3446 3274 3513 sunt,secundum
3310 3447 3405 3502 Dei
3436 3449 3625 3520 ipsius
3658 3453 4002 3507 mandatum

2346 3540 2550 3591 creata:
2584 3551 2596 3588 :
2633 3557 2659 3583 «
2695 3535 2839 3589 Nam
2873 3535 2998 3607 ipse
3027 3534 3190 3606 dixit,
3223 3540 3280 3590 et
3310 3537 3462 3592 facta
3486 3543 3659 3594 sunt:
3685 3539 3809 3612 ipse
3843 3558 4005 3596 man-

2348 3623 2527 3690 davit,
2561 3627 2617 3678 et
2647 3628 2838 3678 creata
2867 3630 3007 3677 sunt
3061 3625 3125 3678 ⁶⁹.
3188 3647 3214 3673 ››
3272 3627 3480 3680 Maced.
3539 3627 3650 3682 Nec
3709 3645 3814 3700 ego
3873 3631 4004 3686 dico

2351 3714 2633 3786 Spiritum
2693 3718 3019 3767 creaturam
3049 3730 3177 3768 esse
3209 3731 3220 3767 :
3257 3715 3356 3770 sed
3390 3721 3582 3771 tamen
3615 3717 3798 3772 Deum
3835 3718 4004 3773 illum

2355 3821 2468 3860 non
2502 3803 2652 3858 dico.
2690 3800 2846 3857 Orlh.
2885 3803 3071 3858 Unum
3104 3820 3313 3858 noscas
3359 3805 3555 3870 velim,
3613 3808 3859 3878 teipsum
3920 3809 4010 3862 id-

2356 3893 2510 3948 circo
2569 3897 2749 3946 Deum
2809 3909 2922 3947 non
2980 3909 3109 3948 esse
3164 3899 3392 3960 natura,
3425 3896 3576 3963 quod
3609 3897 3690 3952 sis
3721 3902 4006 3963 creatura,

2357 3985 2640 4054 adeoque,
2675 3982 2787 4038 nisi
2813 3983 2996 4038 fueris
3045 3990 3331 4052 creatura,
3391 3991 3571 4042 Deum
3632 3990 3685 4041 te
3743 3989 4008 4044 futurum

2356 4075 2588 4130 natura.

2433 4165 2518 4218 15.
2552 4162 2753 4217 Maced.
2787 4163 2898 4216 Sed
2934 4179 3230 4234 nusquam
3265 4163 3552 4236 scriptum
3584 4171 3693 4232 est,
3728 4166 4011 4238 Spiritum

2361 4269 2490 4308 esse
2521 4249 3114 4306 Deum.0rth.Demus
3147 4253 3493 4307 vocabulum
3526 4277 3554 4304 «
3589 4254 3735 4309 Dei»
3771 4255 3830 4310 in
3863 4256 4018 4311 Scri-

2365 4349 2538 4414 ptura
2568 4339 2809 4410 Spiritui
2843 4357 2956 4393 non
2991 4340 3188 4395 tribui.
3222 4347 3295 4396 At
3327 4347 3389 4396 tu
3443 4348 3711 4399 naturam
3761 4346 4021 4417 itemque

2365 4430 2734 4501 operationes
2788 4429 3015 4483 divinas
3065 4429 3154 4483 de
3187 4447 3252 4485 eo
3311 4433 3585 4486 conlitere
3620 4449 3631 4485 :
3667 4435 3825 4504 quod
3875 4435 4020 4490 mibi

2368 4519 2604 4590 quidem
2664 4517 2808 4573 satis
2839 4522 2925 4572 est
2955 4518 3025 4572 ad
3059 4518 3294 4574 deitatis
3325 4520 3777 4576 conlessienem.
3805 4524 4020 4578 Maccd.

2371 4609 2495 4672 Qua
2525 4608 2596 4662 de
2628 4624 2806 4662 causa
2835 4606 2892 4660 id
2940 4607 3105 4675 dicis,
3167 4609 3320 4678 quod
3380 4608 3664 4680 scriptum
3726 4627 3840 4667 non
3896 4613 4033 4666 est?

614 4701 658 4754 εἰ
715 4700 791 4772 μὴ
847 4700 1166 4774 γέγραπται,
1220 4697 1354 4765 αὐτὴ
1407 4699 1440 4765 ἡ
1494 4696 1648 4773 φύσις
1697 4697 1760 4750 τὸ
1791 4692 1964 4769 ὄνομα
1995 4697 2225 4770 ἑπόμενο

2373 4697 2524 4754 Orth.
2584 4697 2877 4767 Scriptum
2937 4713 3077 4751 sane
3120 4705 3226 4751 est.
3263 4699 3346 4752 'l‘u
3379 4715 3510 4752 vero
3544 4705 3812 4754 naturam
3848 4701 4032 4756 eonﬁ-

616 4785 752 4863 ἔχει·
808 4787 880 4848 ὡς
927 4787 1028 4862 γὰρ
1074 4786 1160 4838 ἐὰν
1222 4784 1553 4858 ὁμολογηθῇ
1609 4789 1825 4857 Πνεῦμα
1888 4785 2225 4842 ἐνυπόστατοε

2381 4787 2775 4844 tere.Etiamsi
2805 4803 2937 4842 vero
2971 4786 3257 4858 scriptum
3292 4805 3405 4842 non
3436 4793 3611 4856 esset,
3644 4794 3853 4846 natura
3909 4790 4038 4861 ipsa

622 4879 951 4952 ἁγιαστικον,
986 4874 1255 4942 ἄκτιστον,
1287 4874 1414 4928 Θεόξ-
1449 4873 1580 4942 ἐστι,
1630 4873 1725 4927 κᾶν
1778 4875 1851 4947 μή
1905 4875 2089 4950 θέλῃς.
2153 4879 2225 4933 M:

2383 4877 2492 4933 hoc
2538 4876 2647 4931 sibi
2700 4892 2910 4931 nomen
2944 4875 3218 4932 vindicat.
3254 4877 3306 4930 Si
3342 4878 3496 4931 enim
3530 4878 3587 4932 in
3619 4879 3885 4935 confesso
3917 4880 4040 4934 fue-

622 4963 734 5023 κεδ.
798 4971 906 5020 Ποῦ
967 4964 1286 5040 γέγραπται,
1348 4962 1429 5017 ὅτι
1489 4963 1616 5024 Θεὸς
1676 4963 1738 5016 τὸ
1800 4961 2017 5035 Πνεῦμα
2091 4964 2225 5020 ἐστιν

2385 4968 2480 5030 rit,
2513 4965 2795 5037 Spiritum
2830 4966 2883 5019 in
2919 4981 2980 5020 se
3011 4966 3352 5032 subsistere,
3388 4966 3774 5036 sanctiﬁcare,
3819 4969 4044 5024 increa-

626 5057 774 5130 Ὀρθ.
826 5061 983 5118 Ἐνθα
1029 5056 1322 5128 γὲγραπται
1385 5053 1448 5107 τὸ
1496 5051 1688 5124 ὅμοιον
1733 5053 1848 5105 κατ’
1899 5052 2104 5110 οὐσίαν.
2155 5061 2225 5110 Mc

2385 5059 2510 5109 tum
2569 5071 2697 5110 esse
2730 5071 2743 5109 :
2783 5060 2929 5108 Deus
2986 5055 3114 5120 erit,
3151 5054 3291 5109 velis
3324 5054 3493 5109 nolis.
3530 5056 3728 5110 illac-ed.
3763 5056 3866 5113 Ubi
3897 5057 4048 5112 scri-

625 5141 738 5200 κεδ.
802 5142 959 5198 Ἀλλ’
1016 5143 1067 5196 οἱ
1118 5140 1344 5216 ,Πατέρες
1397 5143 1556 5212 ἡμῶν
1601 5140 1662 5194 τὸ
1709 5138 2001 5211 ὁμοούσιον
2034 5144 2148 5195 κατ’
2184 5163 2225 5196 οι

2389 5150 2549 5216 ptum
2585 5143 2986 5215 est,Spiritum
3021 5160 3149 5198 esse
3184 5144 3406 5198 Deum?
3437 5144 3584 5199 0rlh.
3622 5144 3726 5200 Ubi
3762 5146 4047 5217 scriptum

2386 5237 2493 5300 est,
2525 5233 2777 5288 similem
2813 5249 2942 5288 esse
2974 5232 3299 5287 secundum
3361 5235 3782 5289 substantiam.
3843 5234 4049 5289 Maced.

2387 5323 2562 5393 Atqui
2591 5322 2788 5377 Patres
2824 5321 3001 5377 nostri
3024 5322 3700 5378 consubstantialitatem
3722 5325 3792 5379 de
3808 5323 3948 5378 Filio
3968 5323 4056 5378 di-

2388 5416 2621 5465 xerunt.
2658 5409 2810 5464 Orth.
2846 5411 2889 5463 A
2922 5410 3289 5464 sententiane
3320 5410 3654 5481 Scripturas,
3689 5429 3761 5467 an
3823 5412 4058 5484 proprio

2391 5504 2552 5554 motu
2585 5497 2729 5554 illud
2763 5499 3153 5570 dixere,quod
3188 5515 3302 5552 non
3334 5505 3488 5553 esset
3515 5500 3738 5573 scriptu
3755 5500 3842 5556 m?
3857 5500 4059 5555 Macedo

2391 5588 2570 5645 Movit
2599 5587 2729 5644 illos
2758 5587 3066 5660 Scriptura
3097 5588 3410 5644 sententia.
3449 5588 3600 5646 Orth.
3627 5591 3700 5646 At
3741 5590 4060 5663 Scriptura)

629 5236 744 5287 σίαν
798 5236 948 5288 εἷπον
1005 5233 1128 5308 περὶ
1184 5237 1281 5286 τοῦ
1330 5232 1478 5288 Υἱοῦ.
1545 5231 1695 5306 Ὀρθ.
1741 5231 1872 5286 Ἀπὸ
1917 5237 2020 5300 τῆς
2067 5230 2277 5294 ἐννοίας

626 5332 726 5394 τῆς
779 5325 991 5399 Γραφῆς
1051 5323 1381 5394 κινούμενοι,
1431 5321 1596 5390 ἤάπὸ
1629 5317 1766 5382 ἰδίας
1803 5320 2075 5382 αὐθεντίας
2125 5321 2277 5396 εἰρή-

631 5436 753 5469 κασι
783 5416 844 5469 τὸ
897 5415 972 5486 μὴ
1028 5412 1446 5486 γεγραμμένον;
1501 5407 1700 5464 Μακεδ.
1755 5411 1888 5466 Ἀπὸ
1935 5417 2035 5480 τῆς
2071 5411 2277 5473 ἐννοίας

629 5507 726 5572 τῆς
759 5509 975 5580 Γραφῆς
1006 5500 1342 5574 κινούμενοι.
1376 5502 1524 5576 Ὀρθ.
1560 5500 1657 5553 Καὶ
1761 5497 1946 5554 ἓνννοα
1993 5508 2092 5570 τῆς
2143 5507 2279 5576 Γρα-

635 5614 743 5671 φῃς
791 5590 1030 5648 διδάσκει
1086 5592 1148 5645 τὸ
1203 5591 1449 5645 ὰκτιστον
1506 5594 1727 5662 Πνεῦμα
1775 5588 1833 5644 ἐκ
1875 5594 2008 5644 Θεοῦ
2049 5587 2131 5663 ὃν,
2189 5589 2280 5645 καὶ

712 5811 757 5846 ⁸ο
789 5808 944 5866 Psal.
979 5823 1215 5880 cxnvm,
1244 5808 1301 5864 5.
