4104 6356
296 495 442 562 1313

1467 487 1531 546 S.
1579 474 2103 544 ATllANASIUS.
2128 513 2206 523 —
2234 473 2546 540 SPUHIA.

3560 473 3717 539 1316

287 634 442 690 483
495 622 788 688 sententia
837 620 1005 681 docet
1059 620 1348 694 Spiritum
1378 619 1704 674 increatum
1732 633 1800 672 ex
1831 620 1931 670 Dec

2064 609 2353 679 ζωοποιὸν,
2409 608 2499 662 καὶ
2532 610 2809 684 άγιαστικὸ
2842 614 2985 675 θεῖον
3020 607 3153 664 εἶναι
3204 613 3445 682 Πνεῦμα.
3504 606 3712 664 Μακεδ.

285 723 686 783 exsistentem.
715 716 1128 780 vivificantem,
1161 709 1648 770 sanctiﬁcantem,
1681 705 1943 760 divinum

286 829 415 869 esse
443 810 748 882 Spiritum.
783 803 985 860 Maced.
1020 803 1088 856 Et
1120 818 1225 856 nos
1258 797 1523 853 divinum
1571 796 1736 850 illum
1796 794 1937 850 dici-

290 920 445 967 mus,
478 901 662 956 Deum
695 913 825 952 vero
860 907 1254 962 nequaquam.
1283 889 1433 943 Orth.
1459 887 1606 950 Quid
1641 885 1798 939 aliud
1832 889 1941 948 est,

289 991 546 1064 Spiritus
586 986 822 1042 divinus
875 983 1191 1042 increatus,
1251 994 1428 1048 quam
1490 975 1684 1030 Deus?
1741 973 1939 1064 illaced.

287 1063 464 1135 Aliud
523 1083 612 1134 est
669 1075 924 1139 divinus,
971 1069 1127 1124 aliud
1165 1068 1334 1121 Deus.
1361 1066 1513 1121 Orth.
1549 1064 1606 1118 Si
1640 1063 1943 1134 Scriptura

286 1170 485 1225 dicat:
521 1190 547 1217 «
578 1162 833 1236 Spiritus
860 1160 1113 1222 divinus,
1143 1157 1244 1228 qui
1280 1155 1411 1210 fecit
1443 1170 1534 1207 me
1576 1154 1640 1217 ⁷ο,
1707 1175 1734 1201 ››
1798 1169 1943 1206 non-

285 1273 358 1312 ne
418 1253 702 1326 Spiritum
752 1253 1022 1305 sanctum
1059 1244 1240 1299 dicit?
1272 1241 1468 1297 Maced.
1507 1240 1890 1311 Nequaquam
1926 1254 1939 1292 :

284 1345 442 1401 Deus
473 1342 629 1398 enim
663 1345 774 1403 est,
808 1336 906 1409 qui
940 1334 1238 1389 hominem
1302 1331 1455 1385 fecit.
1522 1329 1673 1384 Orth.
1734 1329 1940 1383 Annon

282 1431 577 1506 Spiritus?
632 1427 829 1484 Maced.
890 1425 1044 1480 Deus
1092 1439 1229 1494 ergo
1263 1421 1500 1476 divinus
1528 1418 1783 1490 Spiritus
1814 1417 1944 1473 est?

288 1523 442 1579 Orth.
492 1522 703 1577 Etiam.
757 1513 971 1582 Quodsi
1041 1513 1196 1568 Deus
1263 1511 1518 1582 Spiritus
1585 1509 1816 1564 divinus
1882 1507 1941 1562 in

283 1612 585 1685 Scriptura
615 1620 1011 1677 nuncupatur,
1030 1608 1086 1657 et
1117 1617 1305 1671 neque
1339 1600 1611 1671 angelus.
1637 1615 1826 1670 neque
1857 1615 1944 1652 ar-

282 1700 621 1775 changelus,
654 1712 842 1766 neque
881 1697 1135 1765 potestas
1170 1690 1308 1760 ulla,
1344 1689 1610 1743 divinum
1669 1687 1726 1741 in
1788 1687 1942 1742 Scri-

283 1798 458 1865 ptura
485 1782 1004 1861 appellatur,solus
1034 1785 1227 1836 autem
1269 1781 1416 1833 Deus
1446 1782 1502 1833 et
1533 1777 1788 1847 Spiritus
1817 1777 1944 1865 ejus

282 1863 548 1937 divinum
583 1877 880 1942 dicuntur,
908 1885 1274 1940 consequens
1324 1873 1413 1922 est
1471 1866 1734 1921 divinum
1797 1863 1942 1920 nihil

285 1971 443 2027 aliud
471 1983 601 2024 esse
631 1980 806 2036 quam
841 1957 1263 2016 Deum.Paulus
1295 1971 1530 2028 quoque
1562 1955 1619 2009 in
1645 1955 1797 2009 Actis
1820 1953 1942 2010 haac

284 2062 368 2116 ait
401 2075 413 2113 :
450 2081 476 2107 α
510 2056 707 2112 Genus
734 2067 870 2122 ergo
901 2066 1032 2103 cum
1067 2049 1254 2103 simus
1296 2045 1418 2114 Dei,
1481 2061 1596 2098 non
1657 2043 1942 2098 debemus

281 2148 575 2206 aestimare
635 2159 776 2198 auro
833 2145 936 2196 aut
982 2141 1245 2209 argento,
1283 2139 1385 2190 aut
1419 2131 1598 2204 lapidi
1629 2131 1941 2205 sculptura;

283 2238 428 2294 artis
475 2240 531 2290 et
579 2229 953 2304 cogitationis
1002 2225 1260 2280 hominis
1327 2222 1590 2276 divinum
1661 2237 1789 2276 esse
1854 2221 1935 2277 si-

281 2325 420 2384 mile
469 2325 536 2380 ".
573 2345 600 2373 »
632 2317 834 2376 Viden’
867 2322 932 2372 ut
965 2317 1115 2371 Deus
1145 2313 1432 2381 divinum,
1465 2317 1521 2366 et
1551 2310 1814 2366 divinum
1848 2310 1937 2365 di-

281 2422 449 2472 catur
477 2411 676 2470 Deus?
705 2409 816 2465 Job
849 2421 1083 2478 quoque
1114 2403 1399 2474 Spiritum
1449 2400 1595 2455 dixit
1646 2401 1934 2470 divinum,

282 2523 412 2562 cum
465 2503 545 2559 ait
576 2519 588 2556 :
624 2523 651 2550 «
701 2497 855 2551 Vivit
906 2495 1207 2558 Dominue,
1268 2491 1368 2559 qui
1401 2489 1481 2544 ita
1514 2490 1933 2560 mejudicavut,

280 2599 337 2652 et
365 2592 760 2663 omnipotens,
819 2584 920 2657 qui
977 2579 1368 2638 amaritudine
1426 2578 1618 2633 affecit
1673 2578 1935 2634 animam

286 2678 772 2746 meam.0uandiu
807 2680 1074 2746 superest
1105 2671 1162 2724 in
1198 2687 1291 2724 me
1322 2667 1562 2733 halitus,
1595 2673 1650 2722 et
1681 2667 1935 2739 Spiritus

2057 698 2153 754 Καὶ
2185 701 2349 770 ἡμεῖς
2409 703 2548 761 θεῖον
2601 698 2732 753 αὐτὸ
2777 697 3033 774 λὲγομεν,
3080 695 3207 752 ἀλλ’
3259 696 3320 753 οὐ
3370 697 3521 755 Θεόν.
3559 698 3711 773 Ὀρθ.

2051 789 2120 843 Τὸ
2152 785 2210 843 δὲ
2274 789 2414 841 θεῖον
2479 792 2716 860 Πνεῦμα,
2772 788 3020 843 ἃκτιστον
3071 781 3154 854 ξίν,
3203 787 3256 841 τί
3311 784 3454 842 ἄλλο
3504 785 3709 856 ἑστὶνῆ

2053 878 2220 945 Θεός;
2252 874 2462 934 Μακεδ.
2511 875 2692 932 Ἀλλο
2740 877 2850 932 ἐστί
2885 879 3047 946 Οεῑον,
3073 877 3163 932 καὶ
3199 875 3340 932 ἄλλο
3372 884 3524 940 Θεος.
3560 878 3709 950 Ὀρθ.

2054 968 2175 1022 Ἐάν
2210 965 2355 1040 λέγει
2387 968 2421 1035 ἡ
2458 967 2665 1042 Γραφὴ,
2701 993 2727 1016 ‹‹
2764 970 2981 1039 Πνεῦμα
3012 968 3156 1020 θεῖον
3199 967 3262 1021 τὸ
3292 965 3526 1036 ποιῆσάν
3564 987 3651 1038 με,
3686 989 3708 1016 ι
3779 967 3782 970 ’

2054 1055 2116 1110 οὐ
2147 1057 2209 1110 τὸ
2242 1055 2462 1128 Πνεῦμα
2492 1056 2552 1110 τὸ
2587 1057 2736 1131 ἅγιον
2770 1054 2916 1130 λέγει
2944 1075 2957 1124 ;
2995 1053 3195 1112 Μακεδ.
3231 1052 3328 1112 Οῧ·
3366 1056 3394 1109 6
3425 1056 3528 1131 γὰρ
3580 1054 3710 1110 Θεός

2054 1145 2192 1200 ἐστιν
2251 1146 2279 1200 6
2329 1147 2564 1214 ποιήσας
2615 1147 2707 1200 τὸν
2769 1143 3073 1221 ἄνθρωπον.
3134 1145 3282 1220 Ὀρθ.
3344 1143 3489 1220 Οὐχὶ
3536 1141 3595 1200 δὲ
3649 1145 3709 1200 τὸ

2054 1239 2302 1307 Πνεῦμα;
2361 1231 2571 1291 Μακεδ’
2633 1235 2690 1293 Ὀ
2749 1237 2877 1298 Θεὸς
2938 1237 3030 1290 οὗν
3085 1237 3228 1290 Θεῖον
3288 1233 3400 1289 ἐστι
3447 1239 3700 1306 Πνεῦμα;

2054 1323 2204 1397 Ὀρθ.
2256 1321 2376 1377 Ναί.
2431 1323 2492 1377 Εἰ
2541 1321 2599 1377 δε
2631 1324 2659 1378 6
2689 1325 2818 1386 Θεὸς
2852 1329 3075 1397 Πνεῦμα
3105 1329 3247 1388 θεῖον
3283 1318 3495 1400 εἶ’ρηται
3559 1321 3610 1377 ἐν
3637 1327 3704 1396 τῇ

2055 1415 2264 1488 Γραφῇ,
2298 1407 2420 1465 οὔτε
2451 1408 2508 1465 δὲ
2539 1410 2794 1488 ἄγγελος,
2827 1410 2950 1469 οὕτε
2981 1409 3352 1488 ἀρχάγγελος,
3387 1412 3516 1466 οὔτε
3559 1407 3704 1482 ἄλλη

2049 1499 2132 1562 τίς
2163 1497 2396 1573 δύυαμις
2447 1497 2658 1576 εἶ’ρηται
2712 1507 2853 1565 Θεῖον
2904 1501 2955 1558 ἐν
3017 1505 3086 1576 τῇ
3138 1504 3346 1578 Γραφῇ·
3399 1500 3563 1573 μόνος
3594 1498 3653 1555 δὲ
3684 1501 3712 1555 6

2052 1589 2182 1652 Θεὸς
2214 1588 2302 1644 καὶ
2351 1591 2413 1645 τὸ
2464 1595 2685 1664 Πνεῦμα
2733 1591 2898 1647 αὐτοῦ
2945 1594 3086 1647 θεῖον
3121 1587 3352 1665 εἴρηται·
3388 1589 3488 1645 οὐκ
3518 1589 3618 1666 ἄρα
3647 1590 3710 1646 τὸ

2052 1681 2192 1733 θεῖον
2225 1676 2369 1734 ἄλλο
2398 1679 2451 1734 τί
2511 1678 2621 1735 ἐστι
2670 1681 2816 1754 παρὰ
2867 1681 2928 1736 τὸ
2977 1679 3125 1743 θεός.
3159 1679 3258 1734 Καὶ
3289 1676 3507 1742 Παῦλος
3565 1675 3622 1734 δὶ
3653 1678 3707 1734 ἐν

2049 1775 2171 1831 ταῖς
2231 1770 2488 1846 Πράξεσιν
2541 1769 2713 1833 οὕτως
2759 1769 2928 1846 λέγει·
2987 1793 3008 1822 ι
3052 1771 3212 1832 Γένος
3243 1768 3334 1825 οῦν
3368 1769 3710 1846 ὑπάρχοντες

2051 1865 2148 1916 τοῦ
2180 1865 2337 1929 Θεοῦ,
2371 1859 2470 1916 οὐκ
2503 1859 2797 1938 ὀφείλομεν
2857 1861 3096 1934 νομίζειν
3139 1861 3331 1937 χρυσῷ
3379 1861 3416 1930 ἢ
3461 1859 3708 1937 ἀργύρῳ,

2051 1951 2086 2020 ἢ
2120 1948 2263 2023 λίθῳ
2311 1949 2670 2026 χαράγματος
2718 1949 2920 2026 τέχνης
2975 1950 3065 2006 καὶ
3098 1949 3444 2024 ἐνθυμήσεως
3495 1951 3710 2025 ἀνθρὼ-

2051 2061 2156 2094 που
2186 2040 2249 2094 τὸ
2282 2045 2424 2102 θεῖον
2457 2039 2590 2093 εἶναι
2623 2037 2838 2111 ὅμοιον.
2875 2065 2902 2092 ››
2935 2040 3115 2114 Ὁρᾷς,
3150 2039 3232 2094 ὅτι
3287 2039 3315 2094 6
3368 2039 3500 2101 Θεὸς
3541 2044 3710 2107 θεῖον,

2051 2129 2140 2184 καὶ
2169 2130 2261 2184 τὸν
2295 2132 2438 2183 θεῖον
2469 2124 2596 2191 Θεό(
2625 2147 2638 2197 ;
2673 2129 2775 2187 Καὶ
2799 2128 2827 2184 6
2851 2123 2977 2186 Ἰὼϐ
3003 2126 3058 2184 δὲ
3080 2131 3222 2184 θεῖον
3246 2128 3363 2184 εἶπε
3381 2129 3443 2184 τὸ
3468 2132 3706 2202 Πνεῦμα,

2048 2219 2223 2281 οὕτως
2277 2217 2475 2292 λέγων’
2539 2240 2559 2266 ι
2618 2222 2693 2292 Ζῇ
2730 2219 2948 2293 Κύριος,
2980 2217 3038 2280 ὅς
3073 2217 3218 2274 οὕτω
3247 2240 3313 2290 με
3348 2217 3583 2292 κέκρικε,
3615 2217 3704 2272 καὶ

2050 2310 2076 2364 6
2105 2312 2518 2386 παντοκράτωρ,
2579 2309 2606 2364 6
2654 2307 2914 2386 πικράνας
2963 2331 3068 2382 μου
3123 2311 3223 2379 τήν
3267 2311 3474 2386 ψυχήν.
3509 2308 3572 2367 El
3623 2310 3702 2382 μή

2047 2395 2120 2454 ἔτι
2152 2407 2251 2470 τῆς
2285 2406 2456 2469 πνοῆς
2491 2421 2582 2472 μοι
2605 2398 2852 2470 ἐνούσης,
2882 2401 3100 2472 Πνεῦμα
3117 2397 3175 2454 δὲ
3195 2398 3336 2454 θεῖόν
3365 2419 3459 2471 μοι
3482 2399 3533 2454 ἐν
3568 2398 3702 2475 ῥισὶ,

2051 2491 2126 2560 μὴ
2155 2487 2393 2559 λαλῆσαι
2439 2489 2502 2542 τὸ
2537 2488 2712 2560 στόμα
2746 2509 2850 2561 μου
2888 2485 3066 2542 ἄδικα·
3109 2514 3128 2538 ι
3164 2521 3233 2530 -—
3270 2514 3290 2539 c
3327 2491 3402 2561 Ζῇ
3437 2488 3638 2562 Κύριος
3675 2511 3703 2538 ›)

2047 2576 2250 2652 λέγων,
2280 2578 2370 2634 τὸν
2401 2577 2545 2632 Υἷόνο
2577 2577 2665 2632 καὶ
2699 2603 2725 2629 α
2761 2577 2789 2631 6
2819 2579 3230 2653 παντοκράτωρ,
3267 2601 3294 2628 ››
3324 2577 3416 2632 τὸν
3469 2579 3700 2651 Πατέρα.

2047 2693 2074 2718 ‹‹
2106 2672 2324 2740 Πνεῦμα
2353 2667 2416 2722 τὸ
2449 2672 2613 2736 θεῖον,
2654 2693 2680 2717 ››
2708 2667 2771 2721 τὸ
2804 2671 3022 2739 Πνεῦμιο
3049 2669 3112 2721 τὸ
3142 2667 3315 2744 ἅγιον.

282 2772 518 2829 divinus
566 2768 624 2822 in
684 2765 924 2821 naribus
957 2761 1124 2829 meis,
1157 2777 1229 2815 ne
1262 2761 1540 2830 loquatur
1568 2775 1633 2812 os
1667 2774 1861 2812 meum
1894 2757 2263 2829 iniquitatem
2293 2760 2356 2812 τ’.
2388 2781 2414 2809 ››
2447 2759 2591 2815 Cum
2625 2759 2708 2814 ait
2743 2776 2755 2814 :
2790 2781 2818 2808 α
2853 2757 3004 2812 Vivit
3037 2760 3340 2827 Dominus,
3379 2779 3406 2808 ››
3438 2757 3646 2814 Filium
3685 2775 3698 2814 :

284 2878 442 2926 cum,
474 2882 502 2910 «
535 2856 942 2928 Omnipotens,
977 2873 1003 2902 ››
1040 2851 1266 2905 Patrem
1303 2865 1314 2902 :
1350 2863 1484 2902 cum
1518 2869 1544 2896 ‹‹
1579 2845 1833 2916 Spiritus
1865 2846 2120 2919 divinus,
2155 2872 2183 2898 ››
2215 2849 2498 2920 Spiritum
2531 2853 2799 2904 sanctum
2837 2855 3018 2904 notat.

357 2952 442 3006 16.
501 2947 707 3006 Maced.
777 2943 915 2999 Tria
983 2940 1162 3012 igitur
1227 2937 1476 3009 aequalia
1542 2935 1736 2991 dicis?
1780 2935 1934 2991 Orth.

279 3041 407 3096 Non
441 3035 813 3110 paternitate,
851 3048 963 3087 non
997 3029 1301 3093 ﬁliatione,
1335 3026 1434 3081 sed
1471 3031 1700 3081 natura.
1728 3025 1934 3082 Maced.

283 3128 584 3194 Quomodo
614 3125 721 3180 hoc
755 3120 876 3177 ﬁeri
911 3116 1145 3192 potest?
1175 3115 1324 3171 Orth.
1359 3113 1432 3170 Ut
1461 3120 1764 3170 ostensum
1825 3119 1935 3170 est.

283 3218 485 3274 Maced.
537 3211 838 3281 Quomodo
871 3214 1177 3264 ostensum
1210 3204 1342 3261 est?
1375 3203 1526 3260 Orlh.
1565 3205 1727 3269 Quod
1753 3202 1935 3275 Spiri-

283 3315 382 3364 tus
413 3305 652 3380 perinde
679 3319 744 3358 ac
777 3301 943 3355 Pater
972 3303 1029 3352 et
1060 3295 1243 3351 Filius
1273 3293 1609 3350 substantia
1664 3298 1720 3348 et
1777 3296 1929 3365 pote-

273 3401 426 3453 state
478 3399 535 3450 et
587 3391 888 3448 voluntate
918 3392 976 3442 et
1006 3384 1192 3459 gloria
1224 3382 1442 3454 ubique
1473 3382 1570 3452 sit,
1603 3383 1841 3454 perinde
1874 3387 1937 3438 ut

2117 2937 2205 2994 46.
2239 2934 2443 2993 Μακεδ.
2472 2936 2602 3005 Τρία
2633 2936 2725 2990 οὗν
2753 2933 2849 2990 ’ίσα
2898 2934 3116 3011 λέγειςς
3169 2937 3318 3010 Ὀρθ.
3369 2934 3446 3010 Τῇ
3502 2934 3702 3012 πατρό-

2043 3047 2193 3096 τητι,
2240 3023 2322 3080 οῦ’
2356 3029 2424 3100 τῇ
2458 3025 2692 3098 υἱότητι,
2726 3021 2808 3080 οὗ·
2837 3029 2906 3099 τῇ
2940 3025 3116 3104 φύσει,
3149 3025 3255 3080 ναί.
3313 3023 3522 3085 Μακεδ.
3575 3029 3701 3090 Πῶς

2047 3114 2157 3170 οἶόν
2187 3134 2278 3184 τε;
2335 3117 2485 3190 Ὀρθ.
2539 3116 2626 3177 Ὡς
2675 3112 3072 3172 ἀποδέδεικται.
3128 3113 3336 3173 Μακεδ.
3393 3119 3513 3179 Πῶς
3563 3115 3698 3172 ἀπο-

2047 3201 2351 3260 δέδεικταιι
2408 3205 2556 3280 Ὀρθ.
2613 3205 2736 3262 ’Ότι
2792 3205 2856 3259 τὸ
2898 3205 3118 3276 Πνεῦμα
3166 3203 3372 3277 ὁμοίως
3403 3205 3575 3279 Πατρὶ
3607 3204 3697 3259 καὶ

2044 3294 2156 3366 Υἰῷ
2189 3293 2345 3364 οὐσιᾳ
2374 3296 2465 3348 καὶ
2497 3291 2720 3366 δυνάμει
2753 3293 2842 3348 καὶ
2879 3293 3056 3369 βουλῇ
3096 3293 3186 3348 καὶ
3237 3291 3366 3369 δόξῃ
3413 3298 3697 3370 πανταχοῦ

2045 3385 2208 3454 ἐστιν,
2259 3385 2466 3458 ὁμοίως
2519 3381 2713 3456 ὁδηγεῖ
2763 3385 2899 3461 πρὸς
2949 3391 3120 3440 πᾶσαν
3173 3382 3434 3454 ἀλήθειαν
3486 3385 3696 3459 ὁμοίως

274 3485 375 3542 ille
405 3481 643 3541 deducit
674 3480 745 3534 ad
779 3493 1012 3534 omnem
1047 3473 1375 3538 veritatem,
1427 3472 1666 3544 perinde
1710 3477 1775 3527 ut
1835 3470 1931 3526 ille

2046 3475 2273 3551 ἁγιάζει,
2334 3474 2542 3546 ὁμοίως
2591 3474 2657 3528 τὰ
2707 3475 2881 3530 πάντα
2938 3474 2990 3529 ἐν
3037 3480 3196 3530 πᾶσιν
3247 3474 3474 3551 ἐνεργεῖ.
3511 3481 3603 3530 Ὧν
3637 3473 3697 3531 δὲ

273 3575 626 3637 sanctilicat,
686 3568 927 3643 perinde
957 3569 1022 3620 ut
1053 3563 1150 3619 ille
1182 3563 1377 3618 omnia
1408 3562 1463 3615 in
1497 3561 1772 3617 omnibus
1803 3561 1932 3616 effi-

272 3666 372 3719 cit.
406 3666 668 3729 Quorum
729 3663 924 3712 autem
983 3653 1242 3725 operatio
1301 3656 1390 3706 est
1441 3652 1665 3714 eadem,
1727 3667 1931 3706 eorum

269 3759 480 3808 natura
524 3765 756 3822 quoque
789 3751 878 3800 est
908 3743 1137 3799 eadem.
1181 3741 1378 3797 Maced.
1415 3741 1717 3805 Quomodo
1751 3739 1933 3811 igitur

267 3843 489 3898 dictum
524 3842 636 3893 est.
670 3862 696 3886 (ι
730 3835 856 3890 Non
890 3833 1160 3904 loquetur
1190 3848 1224 3885 a
1253 3830 1469 3900 seipse,
1504 3830 1605 3884 sed
1653 3847 1929 3900 qumcuu-

267 3947 380 4003 que
435 3925 705 3992 audierit,
757 3923 1028 3994 loquetur
1071 3921 1157 3975 73'?
1218 3943 1244 3970 »
1315 3918 1464 3974 Orth.
1536 3918 1680 3982 Quia
1749 3917 1930 3974 Filius

265 4035 500 4092 quoque
529 4016 612 4072 ait
642 4032 654 4070 :
692 4035 712 4064 ι
751 4017 938 4076 Pater,
969 4011 1066 4080 qui
1102 4009 1263 4065 misit
1303 4025 1415 4074 me,
1457 4007 1730 4080 prarcepit
1763 4007 1930 4074 mihi,

266 4109 408 4182 quid
476 4108 689 4170 dicam,
758 4107 813 4158 et
881 4101 1021 4174 quid
1091 4099 1300 4171 loquar
1351 4098 1416 4152 7‘.
1475 4099 1648 4152 nlloc
1678 4115 1810 4152 vero
1842 4097 1929 4153 vel

266 4197 518 4253 maxime
586 4193 876 4262 ostendit,
933 4189 1198 4261 ejusdem
1259 4188 1518 4253 Patrem,
1582 4185 1816 4257 Filium,
1872 4192 1931 4243 et

263 4285 547 4359 Spiritum
577 4288 842 4340 sanctum
876 4295 1004 4336 esse
1035 4282 1278 4334 naturze.
1314 4275 1520 4334 Maced.
1579 4276 1880 4340 Quomodo
1903 4277 1930 4332 ?

265 4376 418 4432 Orlh.
487 4372 635 4439 Quia
701 4369 976 4443 quaelibet
1041 4372 1250 4422 natura
1318 4383 1446 4438 quasI
1517 4367 1660 4421 facla
1709 4372 1818 4433 est,
1876 4367 1927 4420 si

267 4461 571 4521 rationalis
626 4461 823 4523 fuerit,
877 4475 912 4514 a
958 4457 1153 4528 scipsa
1213 4455 1474 4527 loquitur
1529 4472 1542 4510 :
1589 4460 1652 4510 ut
1690 4457 1928 4528 quando

261 4553 561 4610 Abraham
595 4549 677 4606 ait
711 4568 723 4606 :
758 4572 783 4598 ‹‹
820 4546 902 4602 Ne
955 4545 1246 4611 irascaris,
1299 4544 1565 4606 Domine.
1626 4544 1672 4599 si
1735 4544 1928 4598 adhuc

263 4642 443 4700 semel
507 4641 716 4712 loquar
781 4638 844 4692 ⁷⁸.
917 4658 944 4685 ››
1014 4635 1085 4690 Et
1154 4635 1344 4690 Moses
1396 4633 1842 4705 :lmpeditioris
1872 4638 1930 4688 et

262 4731 540 4790 tardioris
570 4730 785 4800 linguas
818 4741 1023 4780 sum.»
1062 4725 1202 4780 Item
1240 4742 1253 4780 :
1293 4747 1312 4772 α
1349 4723 1623 4790 Obsecro,
1663 4722 1924 4778 Domine.

262 4820 412 4893 elige
445 4819 629 4876 alium
658 4817 721 4871 ⁷⁸.
758 4839 784 4865 η
820 4815 890 4870 Et
923 4819 984 4868 ut
1012 4813 1297 4868 Jeremias
1333 4828 1345 4866 :
1381 4834 1408 4861 ‹‹
1465 4809 1709 4866 Juvenis
1769 4827 1923 4878 sum,

263 4915 322 4966 et
362 4927 476 4965 non
514 4922 752 4980 possum
788 4903 1135 4976 prophetare
1168 4920 1178 4956 :
1224 4925 1243 4949 ι
1281 4900 1372 4955 cui
1409 4899 1698 4955 Dominus
1731 4915 1744 4954 ε
1781 4923 1808 4949 ‹‹
1844 4900 1925 4955 Ne

264 5001 448 5070 dicas,
483 5021 511 5048 »
544 4997 645 5067 ait,
679 5019 706 5046 ‹‹
739 4992 982 5051 Juvenis
1013 5008 1146 5048 sum
1179 4991 1244 5046 ⁷⁷,
1277 5013 1304 5040 ››
1339 4989 1404 5044 Et
1427 4988 1695 5058 J0nas,re
1726 5006 1925 5046 secum

263 5089 604 5154 deliberata,
627 5083 967 5142 conscendit
999 5097 1226 5150 navem,
1254 5085 1316 5133 ut
1345 5081 1565 5150 fugeret
1599 5079 1653 5133 in
1686 5079 1927 5135 Tharsis

265 5199 298 5236 a
359 5180 673 5250 conspectu
711 5171 960 5229 Domini.
994 5171 1118 5225 Non
1149 5169 1232 5224 sic
1265 5173 1464 5223 autem
1491 5167 1742 5240 Spiritus
1777 5186 1790 5224 :
1821 5185 1925 5224 ne-

263 5285 376 5340 que
408 5267 564 5324 enim
591 5283 658 5321 ea
693 5269 902 5318 natura
932 5265 1039 5326 est,
1077 5263 1138 5314 ut
1173 5256 1460 5312 diversam
1496 5275 1529 5311 a
1561 5262 1674 5312 Deo
1718 5257 1926 5312 volun-

263 5364 443 5416 tatem
503 5356 737 5422 habeat,
795 5368 996 5408 verum
1057 5349 1257 5404 omnia
1302 5363 1665 5418 quascunque
1699 5347 1927 5403 locutus

264 5431 463 5512 fuerit,
502 5446 598 5501 Dei
633 5447 772 5500 sunt
801 5439 1055 5496 oracula.
1094 5441 1284 5507 Atque
1317 5435 1425 5491 hac
1481 5437 1554 5491 de
1607 5453 1788 5492 causa
1844 5435 1929 5491 di-

265 5542 424 5592 ctum
452 5540 541 5592 est
572 5549 585 5589 :
619 5555 646 5583 ‹‹
682 5537 804 5587 Non
836 5529 1110 5600 loquetur
1140 5544 1173 5582 a
1217 5524 1556 5597 semetipso.
1618 5549 1645 5576 ››
1700 5526 1926 5582 Etenim

337 5749 383 5782 ’³ο
400 5747 511 5802 Job
540 5761 739 5808 xxxiii,
769 5745 823 5800 4.
926 5744 968 5778 τί
1003 5744 1126 5797 Act.
1159 5757 1297 5810 xvn,
1329 5741 1420 5796 29.

268 5833 428 5886 xvm,
463 5818 552 5872 32.
627 5816 672 5850 ’³⁸
705 5815 880 5870 Exod.
914 5831 990 5883 ιν,
1025 5814 1211 5868 10-13.
1287 5813 1330 5848 ’⁷⁷
1359 5812 1577 5870 Jerem.
1613 5833 1652 5886 ι,
1683 5816 1738 5885 6,
1772 5816 1827 5872 7.

1525 5743 1572 5777 ’⁷³
1601 5742 1713 5800 Job
1741 5759 1919 5816 xxvn,
1948 5743 2071 5800 2-4.

2041 3566 2075 3632 ἡ
2137 3563 2272 3633 αὐτὴ
2329 3562 2590 3638 ἐνέργεια,
2652 3566 2686 3633 ἡ
2742 3561 2876 3632 αὐτὴ
2927 3563 3103 3641 φύσις.
3165 3561 3373 3622 Μακεδ.
3431 3567 3557 3628 Πῶς
3599 3565 3692 3619 οὗν

2043 3651 2274 3727 εἶ’ρηίται⁸
2310 3678 2337 3704 α
2372 3653 2450 3709 Οὐ
2484 3651 2716 3723 λαλήσει
2748 3653 2836 3730 ἀφ’
2879 3653 3090 3721 ἑαυτοῦ,
3122 3653 3182 3709 ἀ)
3199 3653 3250 3709 λ’
3309 3653 3406 3710 ὅσα
3453 3654 3695 3727 ἀκούσει,

2043 3743 2315 3814 λαλήσει;
2373 3768 2399 3794 ››
2450 3745 2592 3819 Ὀρθ.
2644 3746 2768 3800 ’Ότι
2817 3744 2905 3797 καὶ
2955 3743 3076 3806 Υἱὸς
3121 3743 3291 3818 λέγει’
3327 3767 3354 3799 α
3385 3746 3445 3802 Ὁ
3477 3746 3698 3819 πέμψας

2045 3855 2112 3907 με
2143 3835 2170 3888 ὁ
2204 3834 2390 3908 Πατὴρ
2423 3831 2648 3904 ἐντολήν
2683 3855 2774 3906 μοι
2807 3830 3030 3890 δέδωκε.
3067 3832 3120 3888 τί
3150 3829 3287 3889 εἷίπω
3315 3835 3404 3889 καὶ
3434 3833 3488 3888 τί
3522 3834 3697 3905 λαλή-

2044 3945 2141 3979 σω.
2179 3947 2206 3974 ››
2266 3925 2442 3980 Τοῦτο
2495 3919 2551 3977 δὲ
2613 3921 2849 3996 μάλιστα
2893 3923 2993 3992 τήν
3041 3922 3209 3992 αὐτὴν
3255 3920 3489 3979 δείκνυσι
3537 3923 3697 4002 φύσιν

2044 4014 2252 4089 ΙῙατρὸς
2328 4012 2415 4067 καὶ
2486 4012 2634 4078 Υἰοῦ,
2709 4011 2797 4066 καὶ
2875 4011 3031 4086 ἁγίου
3094 4011 3428 4086 Ιινεόματος.
3485 4010 3693 4072 Μακεδ.

2041 4103 2166 4164 Πῶς
2194 4121 2207 4170 ;
2240 4101 2390 4176 Ὀρθ.
2423 4103 2547 4158 ’Ὁτι
2579 4106 2724 4156 πᾶσα
2752 4103 2786 4171 ἡ
2819 4102 3018 4176 γενητή
3052 4101 3231 4178 φύσις,
3263 4104 3296 4170 ἡ
3357 4099 3489 4157 οὖσα
3538 4101 3694 4178 λογι-

2038 4193 2132 4260 κή,
2165 4191 2254 4245 καὶ
2296 4191 2384 4269 ἀφ’
2435 4192 2627 4261 ἑαυτῆς
2675 4189 2853 4246 ).αλεῖ’
2902 4191 2978 4253 ὡς
3021 4189 3147 4245 ὅταν
3192 4190 3326 4267 λέγῃ
3359 4192 3386 4246 6
3419 4187 3690 4266 Ἀϐραάμ·

2041 4307 2067 4332 α
2106 4283 2198 4350 Μή
2250 4302 2323 4348 τι,
2377 4281 2557 4357 Κύριε,
2607 4280 2692 4335 ἐὰν
2739 4279 2970 4351 λαλήσω
3013 4279 3089 4335 ἔτι
3125 4282 3279 4352 ἅπαξ·
3319 4306 3340 4334 ι
3375 4282 3464 4337 καὶ
3498 4281 3526 4336 6
3560 4284 3693 4340 Μω-

2041 4375 2157 4438 σῆς·
2194 4394 2220 4420 ‹‹
2255 4369 2611 4446 Ἰσχνόφωνος
2662 4369 2751 4424 καὶ
2807 4366 3226 4446 βραδῦγλωσσός
3258 4370 3392 4444 εἰμι·
3428 4392 3453 4423 ε
3490 4371 3579 4426 καὶ
3605 4372 3692 4442 τὸ,

2045 4456 2303 4511 «Δέομαί
2361 4478 2417 4512 σε
2499 4457 2606 4512 Κύ-
2927 4459 2940 4500 ί
3166 4460 3172 4472 ’
3319 4479 3330 4490 ·
3539 4460 3552 4477 “
3632 4461 3646 4482 ί

2146 4490 2166 4511 ε.
2209 4509 2220 4530 ι
2293 4502 2303 4511 .
2427 4505 2439 4526 ,
2579 4478 2682 4532 ριε,
2741 4477 3090 4534 προχε.ρισαι
3141 4458 3310 4515 ἀλλον
3390 4484 3416 4511 ››
3466 4481 3556 4515 και
3616 4483 3696 4524 ως

2038 4544 2322 4619 Ἱερεμίας·
2385 4570 2412 4595 ‹‹
2466 4546 2739 4622 Νεώτερόν
2793 4546 2928 4618 εἶμι,
2974 4548 3064 4602 καὶ
3105 4547 3167 4602 οὐ
3201 4545 3432 4620 δύναμαι
3471 4569 3696 4628 προφη-

2037 4633 2230 4689 τεύειν·
2267 4658 2294 4686 ι)
2329 4632 2467 4689 ὣστε
2516 4632 2693 4710 λέγειν
2729 4635 2874 4707 αὐτῷ
2902 4637 2992 4690 τὸν
3027 4637 3177 4692 Θεόν·
3214 4661 3242 4689 ‹‹
3279 4638 3374 4706 Μὴ
3427 4635 3574 4714 λέγε,
3609 4637 3694 4693 ὅτι

2038 4722 2320 4799 Νεώτερός
2378 4722 2490 4796 εἰμι
2541 4723 2668 4799 ἐγώ.
2732 4749 2759 4775 ››
2821 4724 2922 4782 Καὶ
2978 4725 3005 4779 6
3065 4727 3275 4799 Ἰωνᾶς,
3354 4727 3444 4804 ἀφ’
3500 4726 3696 4782 ἑαυτοῦ

2042 4811 2500 4890 βουλευσάμενος,
2578 4808 2738 4885 ἀνέϐη
2817 4814 2894 4876 εἷς
2951 4814 3166 4883 πλοῖον,
3227 4821 3324 4871 τοῦ
3376 4823 3566 4895 φυγεῖν
3619 4817 3696 4880 εἰς

2037 4905 2266 4978 Ταρσεῖς
2324 4902 2428 4956 ἀπὸ
2485 4903 2783 4978 προσώπου
2835 4903 3051 4978 Κυρίου.
3103 4905 3174 4958 Τὸ
3217 4901 3274 4958 δὶ
3305 4906 3526 4978 Πνεῦμα
3585 4905 3694 4982 οὐχ

2038 4991 2228 5054 οὕτως·
2267 4989 2390 5046 οὐδὲ
2423 4991 2525 5067 γὰρ
2557 4989 2673 5068 ἔχει
2704 4993 2859 5070 φύσιν
2893 4992 2986 5046 τοῦ
3023 4989 3204 5067 ἕτερον
3256 4990 3402 5068 ἔχειν
3451 4992 3581 5065 θὲλη
3595 5016 3690 5067 μα,

2038 5081 2169 5157 ὅπερ
2222 5080 2320 5136 οὐκ
2363 5079 2473 5136 ἔστι
2520 5086 2618 5136 τοῦ
2666 5087 2820 5136 Θεοῦ·
2869 5080 3016 5138 ἀλλὰ
3046 5083 3238 5154 πάντα,
3270 5083 3368 5137 ὅσα
3401 5082 3461 5138 ἂν
3520 5082 3684 5156 λαλῇ,

2035 5175 2131 5226 τοῦ
2179 5174 2313 5225 Θεοῦ
2359 5169 2461 5224 εἰσι
2509 5168 2692 5245 λόγια.
2746 5170 2844 5224 Καὶ
2890 5167 2980 5225 διὰ
3025 5175 3189 5226 τοῦτο
3240 5168 3476 5245 εἷ’ρηται·
3542 5195 3561 5221 α
3610 5170 3685 5228 U6

2039 5257 2270 5328 λαλήσεί
2327 5257 2418 5334 ἀφ’
2465 5257 2674 5312 ἑαυτοῦ.
2727 5281 2754 5308 ››
2805 5258 2902 5312 Καὶ
2933 5259 3034 5334 γάρ
3065 5259 3152 5313 καὶ
3188 5259 3311 5334 περὶ
3341 5264 3440 5314 τοῦ
3472 5259 3601 5315 Υῑοῦ
3630 5259 3690 5314 τὸ

2037 5346 2169 5401 αὐτὸ
2218 5343 2451 5422 εἶ’ρηται·
2506 5342 2692 5414 ἐπειδή
2745 5348 2819 5419 μή
2869 5345 3009 5402 ἐστιν
3065 5347 3116 5401 ἐν
3153 5347 3300 5420 αὐτῷ
3343 5347 3486 5404 ἄλλο
3517 5369 3571 5403 τι
3605 5348 3691 5403 θέ-

2039 5434 2217 5510 λημα,
2270 5434 2299 5488 6'
2351 5433 2450 5490 οὐκ
2494 5431 2606 5490 ἔστι
2651 5439 2749 5490 τοῦ
2789 5434 3022 5510 Πατρός.
3057 5433 3265 5493 Μακεδ.
3299 5437 3415 5495 Οὐκ
3445 5433 3562 5514 ἔχει
3596 5438 3691 5494 οὗν

2039 5521 2176 5579 ἴδιον
2239 5522 2459 5597 θέλημα
2512 5524 2575 5579 τὸ
2631 5525 2882 5598 Πνεῦμα;
2935 5525 3082 5601 Ὀρθ.
3113 5525 3540 5601 Ἀπεξενωμὲνον
3594 5530 3696 5583 τοῦ

2173 5743 2218 5779 ⁷³
2247 5743 2418 5801 Joan.
2450 5759 2567 5816 xvr,
2601 5743 2689 5799 13.
2793 5743 2839 5780 ’ν’
2865 5746 3032 5802 Joan.
3063 5760 3168 5815 xu,
3199 5744 3289 5802 49.
3392 5746 3438 5782 ⁷⁸
3479 5746 3692 5806 Genes.
