4104 6398
487 477 640 537 1317

1539 467 1855 533 CONTRA
1901 465 2302 530 MACEDON.
2353 465 2742 532 DIALOGUS
2790 471 2836 532 l.

3737 477 3896 541 i318

483 613 616 665 Θεοῦ
651 610 727 682 μὴ
759 606 973 682 γένοιτο
1005 604 1208 661 εἰπεῖνὲ
1244 600 1451 661 Μακιδ.
1485 601 1662 660 Ἀλλά
1708 605 1825 664 πῶς
1871 599 1970 655 οῦκ
2016 595 2131 674 ἔχει

2261 601 2320 656 ie
2357 601 2496 657 Filio
2527 620 2758 675 quoque
2787 605 2939 660 idem
2995 607 3212 663 dictum
3245 614 3333 665 est
3365 625 3378 639 °
3413 613 3894 684 quandoquidem

484 700 702 772 θέλημα
734 695 870 751 ἴδιον
899 717 912 766 ;
946 697 1090 770 Ὀρθ.
1124 695 1195 749 Τὸ
1225 698 1322 750 τοῦ
1375 697 1509 748 Θεοῦ
1559 691 1775 765 θέλημα
1822 695 1917 745 τοῦ
1971 689 2131 744 “vt-:6-

485 788 653 861 ματός
681 786 790 841 ἐστι
820 784 1058 859 θέλημα.
1091 783 1164 837 Οὐ
1194 787 1297 860 γὰρ
1338 783 1525 858 ἀγνοεῖ
1552 782 1616 836 τὸ
1643 786 1740 836 τοῦ
1789 785 1922 835 Θεοῦ
1973 777 2134 848 θέλη-

487 897 578 950 μα’
614 875 737 932 ἀλλ’
773 875 802 931 ὃ
835 873 981 939 θέλει
1013 875 1040 928 6
1077 875 1284 942 Πατὴρ,
1314 877 1476 927 τοῦτο
1506 870 1650 935 θέλει
1683 870 1773 924 καὶ
1803 869 1866 923 τὸ
1899 872 2133 940 Πνεῦμα·

481 967 655 1021 πάντα
708 965 810 1040 γὰρ
871 961 985 1019 οἶδε
1035 964 1103 1017 τὰ
1160 966 1255 1017 τοῦ
1301 967 1454 1028 Θεοῦ,
1490 961 1563 1022 ὡς
1594 961 1655 1014 τὸ
1687 963 1898 1030 πνεῦμα
1925 962 2021 1012 τοῦ
2053 956 2139 1010 ἀν-

481 1057 705 1127 θρώπου
755 1054 822 1109 τὰ
873 1059 968 1107 τοῦ
1026 1053 1334 1125 ἀνθρώπου.
1399 1047 1599 1106 Μακεδ,
1666 1048 1920 1122 Καίτοιγε
1971 1045 2059 1101 καὶ
2111 1047 2139 1100 6

485 1145 607 1206 Υἱὸς
642 1141 812 1218 λέγει’
849 1167 876 1193 ‹‹
911 1141 1024 1199 Οὐκ
1080 1138 1252 1210 ἦλθον
1314 1140 1539 1209 ποιῆσαι
1597 1139 1659 1193 τὸ
1718 1137 1871 1210 ἐμὸν,
1905 1135 2050 1191 ἀλλά
2079 1135 2139 1188 τὸ

483 1233 700 1305 Θέλημα
729 1235 826 1286 τοῦ
856 1228 1170 1304 πέμψαντός
1205 1250 1290 1302 με.
1330 1254 1356 1279 ››
1385 1230 1532 1303 Ὀρο.
1569 1227 1637 1285 Τί
1673 1224 1729 1281 δὲ
1757 1227 1823 1295 ἦν
1864 1226 1926 1280 τὸ
1977 1223 2140 1294 θέλη-

488 1343 562 1395 μα
618 1325 716 1376 τοῦ
772 1321 1089 1394 πέμψαντος
1149 1318 1330 1385 αὐτὸν,
1362 1319 1390 1374 ’ὀ
1439 1317 1578 1387 ἦλθε
1634 1323 1899 1386 non-ﬁcus;
1936 1310 2140 1369 Μακεδ.

484 1414 551 1468 Ἠ
609 1411 854 1486 σωτηρία
909 1415 1007 1466 τοῦ
1055 1405 1287 1484 κόσμου.
1322 1411 1472 1482 Ὀρθ.
1507 1413 1675 1462 Τοῦτο
1708 1407 1796 1461 καὶ
1847 1410 2018 1460 ποιῶν
2080 1400 2142 1456 οὐ

485 1506 635 1556 ποιεῖ
663 1501 724 1555 τὸ
755 1502 946 1556 ἑαυτοῦ
977 1497 1218 1572 θέλημα,
1251 1497 1395 1553 ἀλλά
1421 1498 1483 1553 τὸ
1519 1498 1650 1567 ϐέλη
1664 1517 1736 1569 μα
1765 1499 1861 1550 τοῦ
1898 1493 2141 1567 πέμψαν-

483 1612 576 1652 τος
659 1590 840 1646 αὐτόν.
900 1587 1105 1645 Μακεδ.
1169 1587 1344 1649 Αὐτὸς
1419 1585 1588 1661 λέγει,
1651 1588 1732 1640 ὁτι
1794 1584 1903 1639 Οὐκ
1974 1581 2141 1652 ἦλθον

488 1687 716 1750 ποιῆσαι
772 1681 835 1734 τὸ
895 1677 1118 1752 Θέλημα
1157 1677 1220 1733 τὸ
1279 1675 1432 1750 ἐμὸν,
1465 1675 1610 1732 ἀλλά
1661 1677 1723 1730 τὸ
1784 1673 2000 1746 θέλημα
2049 1676 2146 1726 τοῦ

485 1769 801 1844 πέμψαντός
864 1790 950 1842 με.
1012 1769 1162 1843 Ὀρθ.
1224 1765 1455 1841 Ἀνάγκη
1524 1764 1614 1820 οὖν
1693 1770 1836 1818 πᾶσα
1911 1762 2148 1818 ἐναντίον

489 1861 622 1916 εἶναι
693 1856 912 1932 θέλημα
988 1857 1038 1912 ἐν
1099 1857 1270 1930 αὐτῷ,
1328 1855 1356 1910 '6
1415 1855 1709 1923 ἐκώλυσεν,
1752 1852 1839 1908 ’ἱνα
1913 1853 1975 1906 τὸ
2050 1855 2147 1906 τοῦ

489 1949 804 2024 πέμψαντος
870 1949 1094 2021 ποιήσῃ.
1160 1943 1364 2004 Μακεδ.
1429 1947 1516 2014 Μὴ
1574 1944 1821 2019 γένοιτοὲ
1877 1943 1938 1997 οῦ
2000 1939 2228 2048 λέγωΒ

491 2037 728 2094 ἐναντίον
763 2042 897 2092 εῖναι
933 2035 1151 2109 θέλημα
1179 2039 1276 2090 τοῦ
1307 2035 1435 2088 Υἱοῦ
1466 2037 1544 2104 τῷ
1574 2030 1842 2104 θελήματι
1894 2034 1992 2085 τοῦ
2034 2036 2145 2084 Πα-

488 2127 637 2202 τρός.
697 2129 846 2201 Ὀρθ.
908 2124 1110 2180 Οὐκοῦν
1171 2125 1234 2179 τὸ
1293 2123 1423 2178 αὐτὸ
1492 2121 1711 2194 θέλημα
1787 2121 1996 2196 Πατρὸς
2057 2119 2146 2174 καὶ

591 2221 617 2231 ~
761 2216 775 2234 ε
880 2216 893 2232 \
1055 2222 1068 2235 ς
1100 2215 1152 2248 \_
1246 2213 1264 2244 ι
1453 2217 1476 2227 ~
1703 2210 1714 2226 κ
1873 2232 1881 2248 ν
1943 2214 2000 2252 “-
2130 2207 2146 2230 \

493 2218 644 2273 Υἱου.
680 2223 778 2271 Και
834 2236 935 2292 γαρ
969 2216 997 2269 6
1031 2215 1151 2276 lio,
1211 2211 1355 2268 θελει
1413 2233 1583 2266 σωσαι
1637 2209 1726 2265 δια
1774 2231 2004 2284 ora)?”
2057 2231 2146 2263 και

491 2303 718 2360 θανάτου
766 2305 829 2359 τὸ
882 2303 1036 2380 γένος
1085 2305 1269 2376 ἡμῶν,
1303 2301 1392 2356 καὶ
1453 2303 1480 2355 ὁ
1531 2301 1718 2376 Πατὴρ
1768 2303 1930 2353 τοῦτο
1977 2295 2143 2362 θέλει.

493 2396 614 2450 Ἐὰν
666 2391 722 2449 δὲ
771 2392 922 2469 λέγῃ,
961 2419 981 2443 ι
1045 2391 1158 2449 Οὐκ
1211 2389 1384 2460 ἦλθον
1427 2396 1652 2458 ποιῆσαι
1711 2389 1771 2442 τὸ
1813 2386 2030 2460 θέλημα
2086 2387 2147 2440 τὸ

493 2483 649 2558 ἐμὸν,
681 2482 828 2538 ἀλλά
863 2483 925 2536 τὸ
981 2480 1198 2554 Θέλημα
1255 2484 1353 2534 τοῦ
1412 2477 1726 2551 πέμψαντός
1781 2499 1868 2549 με,
1902 2500 1929 2528 η
1967 2477 2038 2538 ὡς
2072 2476 2146 2537 εἰς

496 2574 710 2648 Πατέρα
765 2573 831 2626 τά
883 2569 987 2626 ὅλα
1044 2569 1249 2644 ἀνάγει·
1302 2569 1396 2624 κᾶν
1459 2567 1608 2642 λέγῃ,
1649 2590 1676 2622 α
1712 2568 1768 2620 Ὁ
1811 2568 2028 2639 πέμψας
2083 2586 2149 2638 με

493 2665 522 2717 ὁ
555 2663 744 2738 Πατὴρ
777 2659 1006 2729 ἐντολὴν
1053 2681 1147 2732 μοι
1195 2656 1420 2729 δέδωκε,
1451 2657 1503 2711 τί
1553 2654 1710 2724 εἶ’πω,
1742 2660 1831 2710 καὶ
1878 2655 1929 2710 τί
1979 2654 2151 2726 λαλή-

495 2771 613 2822 σω;
649 2775 677 2803 »
709 2756 886 2825 τιμῶν
917 2750 1008 2804 τὸν
1047 2748 1257 2825 Πατέρα
1287 2749 1360 2810 ὡς
1395 2745 1609 2821 Πατέρα
1641 2744 1806 2820 λέγει.
1841 2744 1904 2799 Εἰ
1955 2741 2011 2798 δὲ
2045 2746 2147 2816 μὴ,

493 2846 609 2902 πῶς
639 2842 668 2896 6
698 2841 842 2910 Υἱὸς,
875 2839 927 2894 ἐν
960 2840 1005 2912 ᾧ
1046 2838 1360 2893 ἀπόκεινται
1409 2836 1602 2897 πάντες
1653 2835 1704 2888 οἱ
1753 2833 2016 2909 θησαυροὶ
2046 2840 2148 2903 τῆς

497 2928 710 3008 σοφίας,
747 2928 846 2984 οὐκ
876 2925 990 2983 οἶδε
1037 2927 1088 2981 τί
1134 2924 1406 2997 λαλήσεις
1438 2921 1635 2980 Μακεδ.
1669 2928 1838 2978 Τοῦτο
1889 2921 2146 2997 δέχομαι,

497 3019 578 3074 ὅτι
607 3021 634 3074 6
666 3019 788 3080 Υἱὸς
848 3018 922 3080 ὡς
978 3017 1101 3078 Υἱὸς
1157 3015 1212 3071 ’έν
1267 3013 1485 3088 θέλημα
1529 3011 1643 3089 ἔχει
1683 3016 1780 3068 τοῦ
1812 3011 2047 3088 Πατρός.
2079 3011 2148 3065 Τὸ

501 3105 558 3162 δὲ
618 3111 858 3180 Πνεῦμα,
891 3106 979 3161 ἐὰν
1031 3107 1108 3178 μὴ
1152 3104 1355 3178 ἀκούσῃ
1400 3103 1487 3158 καὶ
1539 3098 1696 3175 δάϐῃ,
1741 3103 1800 3159 οὐ
1846 3100 2007 3156 λαλεῖ
2063 3101 2151 3175 ἀφ’

500 3199 710 3252 ἑαυτοῦ.
745 3198 890 3268 Ὀρθ.
927 3198 1130 3270 Ὥσπερ
1190 3193 1281 3248 οῦν
1338 3195 1366 3249 6
1424 3193 1546 3255 Υἱὸς
1600 3190 1771 3246 πάντα
1810 3189 1954 3266 ἔχων
1987 3190 2038 3244 ἐν
2080 3189 2146 3264 τῇ

499 3285 676 3364 φύσει,
709 3286 785 3346 ὡς
817 3286 937 3347 Υἱὸς
968 3283 1135 3360 λέγει,
1173 3309 1199 3335 (ι
1231 3281 1398 3340 Οὐδέν
1431 3286 1573 3336 ποιῶ
1600 3280 1689 3335 ἀπ’
1721 3279 1978 3353 ἐμαυτοῦ,
2006 3303 2033 3330 ››
2059 3277 2150 3333 ’ἶνα

501 3355 608 3429 τῶν
667 3373 884 3449 ἀγαθῶν
939 3355 1056 3442 τὴν-
1094 3373 1272 3448 ἀρχὴν
1335 3370 1422 3427 ἐπὶ
1471 3372 1560 3426 τὸν
1623 3372 1840 3445 Πατέρα
1887 3368 2148 3445 ἀναγάγη·
2183 3355 2224 3422 C

505 3463 679 3526 οὕτως
738 3464 829 3518 καὶ
887 3464 1010 3537 περὶ
1066 3467 1165 3516 τοῦ
1215 3462 1426 3536 Πατρὸς
1472 3459 1632 3515 ἄκουε
1672 3459 1836 3514 αὐτοῦ
1869 3457 2146 3533 λέγοντος“

503 3554 674 3608 πάντα
719 3554 820 3628 γὰρ
868 3550 1090 3629 ἔχοντος
1141 3552 1192 3606 ἐν
1237 3551 1306 3626 τῇ
1347 3549 1511 3605 αὐτοῦ
1543 3549 1696 3628 φύσει
1727 3549 1803 3611 ὡς
1833 3548 2148 3620 ΙΙνεύματος

504 3648 658 3710 Θεοῦ,
717 3642 804 3697 ἐπὶ
841 3644 932 3697 τὸν
993 3639 1163 3696 αἷετιον
1207 3641 1382 3717 ἀνάγει
1443 3639 1642 3714 λέγων·
1695 3664 1723 3692 ‹‹
1785 3639 1862 3696 Οὐ
1922 3637 2152 3708 λαλήσει

505 3733 592 3811 ἀφ’
632 3734 846 3797 ἐαυτοῦ,
889 3730 1013 3786 ἀλλ’
1067 3730 1166 3786 ὅσα
1224 3730 1449 3805 ἀκούσῃ,
1492 3727 1745 3799 λαλήσει,
1803 3729 1891 3784 καὶ
1949 3729 2015 3783 τά
2072 3727 2153 3804 έρ-

502 3821 715 3896 χόμενα
762 3820 1055 3895 ἀναγγελεῖ
1099 3819 1249 3892 ύμῖνε
1288 3845 1314 3871 ››
1346 3819 1435 3874 καὶ
1479 3819 1562 3891 τὸ,
1599 3843 1626 3870 ‹‹
1656 3823 1895 3880 Ἐκεῖνος
1954 3817 2013 3872 ἐκ
2052 3821 2150 3872 τοῦ

500 3910 637 3982 ἐμοῦ
691 3909 948 3983 λήψεται,
986 3935 1012 3960 ››
1075 3907 1334 3978 δηλονότι
1392 3908 1450 3963 ἐκ
1495 3912 1596 3962 τοῦ
1657 3903 1891 3982 Ηατρὸς,
1927 3907 2148 3981 Ἐπάγει

496 4000 617 4075 γάρ’
657 4023 683 4049 ί(
720 4000 897 4056 Πάντα
928 4001 1026 4054 ὅσα
1069 3994 1184 4074 ἔχει
1220 3999 1248 4052 6
1281 3998 1492 4070 Πατὴρ,
1530 3995 1634 4069 ἐμά
1691 3995 1822 4050 ἐστι·
1859 3994 1946 4051 διὰ
1989 4001 2150 4051 τοῦτο

498 4094 674 4155 εἷπον,
707 4088 789 4143 δτι
824 4087 884 4144 ἐκ
909 4093 1008 4144 τοῦ
1041 4087 1176 4161 ἐμοῦ
1210 4082 1477 4160 λαμϐάνει
1517 4085 1608 4141 καὶ
1632 4084 1921 4161 ἀναγγελεῖ
1952 4085 2148 4157 ὑμῖν.»

497 4173 803 4252 Λαμὸάνειν
841 4176 897 4233 δὲ
928 4177 1056 4233 αὐτὸ
1090 4183 1258 4245 εἶπεν,
1294 4175 1402 4252 οὐχ
1429 4177 1503 4238 ὡς
1537 4174 1920 4252 ἀγνοοῦν,ἀλλ’
1955 4177 2028 4238 ὡς
2063 4175 2150 4230 έπὶ

491 4269 583 4324 τὸν
616 4266 790 4323 αἷίτιον
825 4267 1039 4342 ἀνάγων
1073 4268 1171 4335 τήν
1200 4270 1298 4321 τοῦ
1333 4265 1644 4339 ΙΙνεύματος
1679 4264 1944 4342 ἐνέργειάν
1973 4286 2032 4320 τε
2060 4266 2150 4320 καὶ

496 4358 680 4433 χάριν.
715 4354 918 4414 Μακεδ.
953 4357 1076 4413 Ἐὰν
1111 4356 1305 4423 οὕτως,
1338 4355 1522 4418 καλῶς
1554 4354 1643 4410 καί
1682 4359 1842 4410 τοῦτο
1890 4352 2145 4430 δέχομαι·

498 4444 736 4502 διακονεῖ
778 4448 882 4521 γὰρ
932 4449 1067 4519 ἡμῖν
1116 4448 1216 4515 τήν
1267 4450 1364 4500 τοῦ
1418 4450 1552 4501 Θεοῦ
1601 4445 1763 4522 χάριν
1813 4445 1874 4499 τὸ
1905 4448 2148 4517 Πνεῦμα.

2247 708 2360 746 non
2395 691 2508 746 alia
2556 692 2639 747 illi
2691 693 2843 749 inest
2889 695 3180 767 voluntas,
3213 716 3338 770 quaa
3390 701 3577 756 Patris
3629 719 3744 758 non
3793 704 3894 760 sit.

2249 782 2462 838 Muced.
2498 785 2623 836 Non
2675 783 2850 838 habet
2884 784 3063 856 igitur
3113 787 3369 858 Spiritus
3419 795 3659 846 sanctus
3688 791 3901 847 volun-

2247 875 2426 926 tatem
2464 871 2809 943 propriam?
2842 874 2992 928 Orth.
3027 876 3215 940 Absit,
3254 881 3317 930 ut
3365 879 3514 947 quod
3552 898 3583 934 a
3613 879 3728 936 Deo
3757 881 3904 937 alie-

2249 977 2388 1014 num
2439 967 2546 1027 est,
2582 961 2794 1026 dicam,
2831 963 3025 1017 Maced.
3059 966 3164 1018 Sed
3217 968 3509 1036 quomodo
3563 985 3672 1024 non
3726 970 3904 1026 habet

2249 1049 2608 1104 voluntatem
2643 1053 2939 1122 propriam
2962 1053 2988 1107 ‘?
3021 1053 3471 1111 0rth.Voluntas
3508 1059 3600 1113 Dei
3634 1059 3904 1115 voluntas

2251 1139 2506 1208 Spiritus
2538 1145 2642 1194 est.
2680 1140 2875 1211 Neque
2908 1143 3063 1196 enim
3101 1143 3330 1214 ignorat
3361 1145 3716 1202 voluntatem
3753 1149 3853 1204 Dei
3889 1165 3902 1204 :

2253 1229 2351 1283 sed
2387 1229 2537 1300 quod
2576 1228 2697 1284 vult
2729 1229 2915 1296 Pater,
2953 1231 3104 1286 idem
3140 1231 3263 1287 vult
3295 1240 3349 1287 ct
3380 1235 3676 1305 Spiritus;
3710 1238 3910 1294 omnia

2252 1318 2409 1372 enim
2459 1318 2616 1372 novit
2665 1335 2790 1390 quae
2824 1327 2962 1376 sunt
3014 1321 3131 1390 Dei,
3167 1329 3231 1377 nt
3271 1323 3515 1394 spiritus
3555 1324 3811 1382 hominis
3841 1345 3911 1384 ea

2254 1423 2380 1477 quae
2435 1412 2574 1461 sunt
2626 1408 2896 1464 hominis.
2945 1411 3155 1466 Maced.
3206 1413 3380 1483 Atqui
3431 1419 3488 1468 et
3545 1413 3726 1470 Filius
3776 1417 3907 1472 ait:

2255 1518 2280 1544 ‹‹
2316 1495 2438 1550 Non
2474 1496 2598 1551 veni
2657 1505 2718 1552 ut
2751 1498 2957 1553 faciam
3014 1499 3374 1556 voluntatem
3427 1519 3643 1572 meam,
3677 1506 3775 1560 sed
3810 1522 3909 1560 vo-

2257 1585 2538 1641 luntatem
2591 1588 2718 1656 ejus
2773 1587 2871 1658 qui
2927 1589 3088 1644 misit
3137 1607 3229 1644 me
3259 1591 3322 1644 τε.
3361 1614 3386 1640 υ
3433 1593 3594 1649 ΟνιΙι.
3629 1597 3908 1660 Quaenam

2257 1691 2389 1730 vero
2439 1674 2549 1729 fuit
2602 1676 2871 1732 voluntas
2928 1680 3055 1748 ejus
3111 1679 3212 1749 qui
3272 1681 3435 1735 misit
3492 1682 3708 1752 ipsum,
3742 1685 3913 1754 cujus

2258 1764 2533 1819 faciendae
2558 1767 2746 1836 gratia
2763 1766 3344 1824 venit?Maccd.Salus
3365 1771 3589 1825 mundi.
3613 1771 3763 1827 Orth.
3793 1773 3912 1830 Hoc

2259 1870 2392 1907 cum
2419 1853 2697 1920 facit,non
2725 1856 2858 1910 facit
2882 1874 3048 1911 suam
3076 1857 3262 1928 ipsius
3291 1858 3779 1931 voluntatem,sed
3809 1880 3908 1917 vo-

2258 1942 2544 1998 luntatem
2561 1944 2688 2014 ejus
2712 1945 2809 2015 qui
2829 1945 3019 2016 ipsum
3047 1946 3542 2004 misit.;tlaced.Ait
3563 1951 3778 2022 ipse,se
3795 1969 3911 2008 non

2261 2033 2490 2088 venisse
2540 2038 2602 2087 ut
2635 2034 2851 2089 faceret
2901 2034 3260 2091 voluntatem
3313 2055 3504 2104 suam,
3551 2040 3651 2094 sed
3703 2040 3909 2095 volun-

2261 2125 2435 2176 tatem
2467 2122 2593 2192 ejus
2625 2121 2722 2194 qui
2755 2140 2817 2178 se
2849 2125 3199 2183 misit.0rth.
3231 2126 3331 2180 Est
3363 2127 3544 2198 igitur
3581 2129 3912 2185 necessario

2259 2211 2554 2267 contraria
2585 2211 2641 2267 in
2675 2229 2740 2267 eo
2772 2213 3040 2268 voluntas
3075 2217 3599 2288 statuenda,quam
3633 2220 3911 2285 coercuit,

2260 2305 2323 2355 ut
2356 2301 2566 2356 faceret
2616 2302 2974 2358 voluntatem
3029 2305 3176 2373 ejus,
3233 2322 3266 2358 a
3314 2323 3426 2374 quo
3473 2305 3693 2362 missus
3737 2314 3912 2365 esset.

2259 2389 2454 2444 Maceil.
2490 2391 2657 2446 Absit
2691 2397 2752 2445 ut
2806 2392 3164 2448 voluntatem
3203 2394 3324 2448 Filii
3378 2394 3661 2451 voluntati
3719 2397 3911 2454 Patris

2258 2478 2447 2534 dicam
2481 2496 2609 2534 esse
2659 2481 3035 2536 contrariam.
3092 2482 3245 2538 Orth.
3279 2484 3428 2555 Ergo
3473 2486 3676 2540 eadem
3723 2487 3912 2543 Patris

2259 2574 2313 2622 et
2347 2567 2471 2622 Filii
2504 2573 2593 2624 est
2620 2567 2910 2625 voluntas.
2947 2571 3102 2626 484
3135 2571 3357 2627 Etenim
3397 2573 3575 2628 Filius
3625 2591 3728 2646 per
3778 2591 3912 2631 cru-

2259 2673 2385 2712 cem
2417 2663 2474 2712 et
2505 2663 2752 2712 mortem
2785 2675 3014 2715 servare
3045 2660 3169 2716 vult
3216 2678 3402 2734 genus
3435 2668 3725 2732 nostrum,
3760 2665 3912 2721 vult-

2261 2762 2372 2818 que
2430 2746 2535 2802 hoc
2594 2747 2782 2803 Pater.
2815 2752 2957 2803 Cum
3014 2755 3208 2804 autem
3261 2752 3364 2819 ait,
3401 2773 3429 2801 ι(
3474 2752 3598 2808 Non
3659 2754 3785 2808 veni
3849 2760 3914 2811 ut

2260 2835 2470 2891 faciam
2502 2836 2862 2892 voluntatem
2898 2854 3110 2904 meam,
3135 2840 3234 2894 sed
3269 2839 3630 2897 voluntatem
3664 2843 3790 2913 ejus
3811 2845 3914 2916 qui

2262 2926 2424 2980 misit
2475 2943 2584 2992 me,
2618 2948 2645 2976 »
2679 2927 2735 2980 in
2791 2931 3020 2983 Patrem
3075 2927 3300 2984 videtur
3350 2932 3613 2988 conferre
3662 2935 3909 2991 omnia:

2259 3032 2392 3070 cum
2426 3015 2527 3082 ait,
2561 3040 2587 3064 ‹‹
2629 3017 2791 3071 Pater
2819 3016 2915 3087 qui
2951 3017 3111 3072 misit
3144 3035 3255 3085 me,
3291 3022 3561 3093 prmeepit
3590 3023 3736 3077 mihi
3767 3023 3910 3096 quid

2260 3105 2447 3159 diram
2481 3110 2539 3160 et
2571 3105 2705 3176 quid
2759 3105 2985 3178 loquar,
3023 3129 3048 3154 η
3080 3107 3188 3161 hoc
3221 3107 3348 3180 ipso
3398 3111 3554 3166 dicto
3584 3112 3812 3168 Patrem
3849 3119 3913 3169 ut

2261 3192 2487 3249 Patrem
2543 3194 2810 3250 honorat.
2865 3196 3025 3259 Quod
3076 3196 3123 3252 si
3169 3214 3230 3253 se
3281 3214 3371 3254 res
3419 3197 3502 3254 ita
3545 3217 3660 3255 non
3715 3201 3910 3273 habet,

2262 3284 2556 3355 quomodo
2587 3283 2853 3354 Filius,in
2881 3303 2996 3358 quo
3027 3303 3274 3342 omnnes
3308 3288 3614 3360 sapientia:
3645 3290 3911 3347 thesauri

2265 3373 2545 3428 reconditi
2580 3380 2741 3438 sunt,
2775 3391 2889 3430 non
2924 3375 3082 3431 novit
3122 3377 3262 3448 quid
3295 3376 3678 3448 loqueretur?
3709 3381 3909 3437 Maced.

2263 3462 2518 3518 Admitto
2569 3462 2738 3529 illud,
2770 3463 3002 3530 Filium,
3037 3471 3326 3536 quatenus
3365 3466 3538 3523 Filius
3586 3475 3694 3536 est,
3729 3487 3907 3527 unam

2264 3551 2451 3608 Patris
2480 3553 2840 3608 voluntatem
2875 3554 3104 3611 habere.
3125 3557 3195 3610 At
3225 3555 3477 3627 Spiritus
3511 3557 3622 3612 nisi
3656 3559 3911 3616 audierit

2264 3645 2318 3697 et
2365 3643 2671 3713 acceperit,
2706 3659 2737 3697 a
2768 3642 2962 3713 seipso
3013 3660 3124 3699 non
3178 3644 3454 3716 loquitur.
3509 3647 3657 3702 Orth.
3694 3648 3908 3712 Quem-

2262 3731 2581 3787 admodum
2640 3731 2817 3804 igitur
2875 3732 3054 3788 Filius
3125 3735 3324 3789 omnia
3377 3735 3600 3792 habens
3677 3746 3910 3809 natura,

2263 3826 2328 3876 ut
2384 3821 2561 3876 Filius
2620 3823 2719 3890 ait,
2760 3844 2786 3874 ιι
2834 3821 2988 3877 Nihil
3053 3823 3198 3879 facio
3258 3842 3291 3878 a
3352 3841 3444 3880 me
3499 3829 3627 3898 ipso
3685 3828 3810 3894 7’,»
3847 3832 3913 3883 ut

2264 3911 2549 3965 bonorum
2609 3909 2963 3982 principium
3029 3910 3177 3966 Patri
3235 3911 3530 3980 ascribat,
3590 3913 3669 3970 ita
3724 3918 3782 3970 et
3841 3915 3913 3970 de

2263 3998 2482 4070 Spiritu
2517 3999 2712 4070 ipsum
2758 4000 2894 4054 audi
2928 4000 3286 4071 loquentem.
3331 4006 3474 4057 Cum
3525 4002 3682 4058 enim
3712 4004 3916 4060 omnia

2262 4087 2358 4143 ille
2387 4088 2444 4142 in
2481 4105 2587 4144 sua
2637 4095 2846 4143 natura
2897 4089 3127 4159 habeat,
3162 4096 3225 4144 ut
3275 4091 3526 4162 Spiritus
3581 4092 3699 4159 Dei,
3731 4110 3800 4149 ea
3839 4095 3911 4148 ad

2263 4178 2480 4232 fontem
2531 4178 2728 4248 ipsum
2763 4180 2940 4233 refert
2989 4178 3264 4248 inquiens
3300 4196 3312 4233 :
3349 4201 3377 4230 «
3411 4179 3535 4235 Non
3582 4180 3855 4253 loquetur
3883 4199 3918 4238 a

2263 4267 2626 4338 semetipso:
2680 4267 2780 4321 sed
2832 4283 3190 4337 quaecunque
3241 4269 3463 4337 audiet,
3512 4268 3807 4341 loquetur,
3861 4277 3920 4327 et

2263 4357 2460 4412 futura
2493 4356 2868 4410 annuntiabit
2901 4355 3064 4411 vobis
3093 4357 3157 4410 ⁸ο.
3194 4379 3221 4406 ››
3256 4357 3396 4411 Item
3429 4375 3441 4412 :
3478 4380 3505 4408 ‹‹
3537 4358 3638 4414 Ille
3669 4360 3740 4414 de
3789 4377 3918 4416 meo

2265 4445 2532 4517 accipiet,
2564 4463 2590 4496 ι
2629 4461 2858 4516 nempe,
2893 4447 2962 4500 de
2999 4445 3182 4500 Patre.
3206 4445 3334 4500 Haec
3366 4446 3522 4502 enim
3555 4447 3868 4520 subjungit
3902 4464 3918 4504 :

503 4560 530 4588 ‹‹
565 4538 776 4594 Omnia
805 4555 933 4610 quae
968 4537 1158 4594 Patris
1187 4542 1348 4604 sunt,
1381 4553 1509 4592 mea
1559 4529 1698 4592 sunt
1728 4552 1741 4590 :
1778 4542 2084 4609 propterea
2131 4535 2271 4606 dixi,
2306 4535 2457 4606 quod
2493 4536 2564 4590 de
2614 4550 2742 4590 meo
2793 4533 3038 4606 οοοὶριθι
3069 4540 3124 4590 et
3171 4535 3548 4591 annuntiabit
3593 4537 3758 4592 vobis
3788 4537 3854 4591 9‘.
3895 4562 3916 4587 ι

496 4627 774 4698 Accipere
806 4631 1000 4682 autem
1039 4626 1202 4681 illum
1238 4627 1403 4695 dixit,
1433 4643 1546 4681 non
1578 4643 1644 4682 ex
1695 4625 2049 4698 ignorantia,
2081 4625 2182 4681 sed
2234 4628 2388 4697 quod
2419 4624 2670 4696 Spiritus
2700 4625 3095 4696 operationem
3149 4631 3206 4680 et
3235 4625 3483 4698 gratiam
3517 4627 3588 4682 ad
3621 4633 3922 4682 auctorem

497 4716 728 4772 referat.
765 4716 960 4772 Maced.
995 4715 1051 4770 Si
1090 4733 1180 4771 res
1214 4716 1294 4771 ita
1325 4732 1385 4771 se
1415 4716 1611 4782 habet,
1647 4719 1704 4771 et
1732 4715 1841 4772 hoc
1871 4715 2116 4788 accipio.
2149 4714 2444 4770 Ministrat
2472 4715 2626 4770 enim
2662 4713 2832 4769 nobis
2862 4713 3115 4785 Spiritus
3148 4713 3398 4786 gratiam
3433 4715 3549 4770 Dei.

569 4825 654 4878 17.
710 4823 857 4897 Ὀρθ.
918 4820 1090 4877 Πάλιν
1153 4819 1426 4875 διακονίαν
1486 4819 1684 4898 λέγεις,
1736 4821 1810 4882 ὡς
1859 4820 2152 4896 παραιτοῦ-
2185 4824 2232 4889 D

498 4931 658 4983 μενος
720 4910 886 4965 εἰπεῖν
947 4911 1197 4986 σονεργὸν
1245 4915 1342 4964 τοῦ
1386 4913 1520 4964 Θεοῦ
1547 4911 1611 4964 τὸ
1649 4914 1906 4981 Ιινεῦμα;
1941 4906 2145 4966 Μακεδ.

493 4997 566 5052 Οῦ
629 5002 704 5073 μὴ
757 5000 949 5074 πείσῃς
1013 4998 1078 5070 μέ
1121 5020 1252 5053 ποτε
1300 4998 1468 5053 εἰπεῖν
1517 4998 1767 5074 συνεργὸν
1800 5002 1896 5051 τοῦ
1927 5003 2060 5052 Θεοῦ
2088 4997 2151 5052 τὸ

495 5089 736 5160 Πνεῦμα.
793 5090 935 5163 Ὀρθ.
990 5088 1206 5150 Παῦλος
1252 5089 1279 5142 6
1329 5085 1638 5149 ἀπόστολος
1691 5086 1976 5162 συνεργοὺς
2023 5085 2151 5149 τοὺς

495 5176 839 5239 ἀποστόλους
872 5175 1020 5253 λέγει
1052 5182 1148 5232 τοῦ
1188 5181 1344 5248 Θεοῦ,
1376 5177 1467 5232 καὶ
1501 5176 1563 5230 σὺ
1607 5177 1668 5230 τὸ
1723 5177 1942 5248 Πνεῦμα
1989 5173 2154 5229 αὐτοῦ

498 5267 753 5341 συνεργὸν
816 5262 961 5344 φοϐῇ
1022 5267 1190 5322 εἰπεῖν
1221 5287 1234 5335 ;
1265 5267 1448 5337 ’Ἀξιον
1502 5264 1594 5320 ’ἶνα
1652 5265 1909 5339 ἀκούσῃς·
1953 5289 1980 5316 ‹‹
2013 5269 2157 5320 Ἐκεῖ

500 5351 846 5432 ἐφοϐήθησαν
899 5351 1090 5434 φόϐον,
1125 5357 1186 5410 οῦ
1238 5355 1336 5410 οὐκ
1378 5357 1444 5425 ἦν
1501 5350 1690 5434 φόϐος.
1728 5381 1756 5406 ››
1807 5352 2008 5409 Μακεδ.
2043 5354 2152 5412 Κᾶν

500 5442 640 5499 εἷ’πω
669 5445 925 5520 συνεργὸν
957 5446 1019 5500 τὸ
1052 5448 1273 5518 Πνεῦμα
1302 5449 1380 5517 τῷ
1426 5450 1564 5518 Θεῷ,
1599 5444 1726 5501 ἀλλ’
1756 5443 1816 5499 οῦ
1848 5441 2156 5514 συνδοξάζω

499 5531 630 5589 αὐτὸ
656 5537 738 5606 τῷ
770 5539 904 5606 Θεῷ.
958 5536 1103 5611 Ὀρθ.
1137 5535 1259 5592 Ἐὰν
1307 5533 1396 5589 οῦν
1449 5533 1582 5611 λέγῃ
1632 5533 1850 5597 Παῦλος
1881 5533 2004 5610 περὶ
2046 5537 2154 5588 τῶν

2338 4822 2422 4876 17.
2459 4821 2611 4877 Orth.
2649 4821 2905 4877 Rursum
2959 4820 3228 4877 nominas
3276 4821 3698 4891 ministerium,
3752 4821 3921 4894 quasi

2263 4928 2496 4976 renuas,
2529 4910 2812 4982 Spiritum
2867 4911 2962 4965 Dei
3016 4911 3418 4981 cooperarium
3475 4911 3686 4968 dicere.
3719 4911 3918 4966 Maced.

2261 5003 2577 5070 Nunquam
2613 4998 2756 5053 mihi
2787 5001 3150 5070 persuaseris
3185 5006 3246 5054 ut
3269 5001 3549 5072 Spiritum
3588 5002 3682 5057 Dei
3715 5016 3920 5072 coope-

2263 5088 2483 5142 rarium
2534 5087 2749 5142 dicam.
2807 5087 2963 5142 Orth.
2999 5088 3314 5160 Apostolus
3363 5089 3579 5145 Paulus
3625 5088 3923 5161 apostolos

2265 5176 2362 5231 Dei
2396 5176 2763 5248 cooperarios
2813 5181 2977 5232 vocat
3009 5194 3021 5231 :
3050 5182 3106 5232 et
3138 5183 3196 5232 tu
3241 5177 3527 5249 Spiritum
3565 5178 3752 5250 ipsius
3784 5196 3918 5235 coo-

2267 5266 2560 5336 perarium
2594 5267 2788 5320 dicere
2821 5265 3033 5320 vereris
3060 5265 3241 5320 PJure
3265 5265 3322 5320 in
3343 5272 3397 5320 te
3420 5266 3565 5322 illud
3590 5269 3872 5338 competit
3903 5283 3917 5323 ε

2269 5375 2298 5403 ‹‹
2329 5353 2450 5409 Illic
2475 5354 2919 5426 trepidaverunt
2945 5355 3289 5420 timore,ubi
3317 5372 3429 5411 non
3459 5358 3776 5412 erattimor
3794 5357 3862 5412 ⁸³.
3892 5378 3921 5408 »

2267 5443 2462 5500 Maced.
2495 5443 2610 5499 Etsi
2644 5443 2845 5499 dixero
2877 5443 3164 5515 Spiritum
3201 5445 3312 5499 Deo
3343 5447 3767 5516 cooperarium,
3804 5463 3920 5502 non

2264 5538 2465 5590 tamen
2496 5534 2700 5589 eodem
2751 5533 2918 5589 illum
2952 5549 3068 5606 quo
3119 5532 3305 5590 Deum
3337 5535 3510 5592 modo
3558 5533 3918 5608 gloriﬁcabo.

571 5823 616 5860 ⁷⁸
642 5822 812 5881 Joan.
845 5840 924 5898 vr,
951 5823 1041 5880 38.
1119 5825 1166 5860 ⁷⁸
1190 5825 1361 5886 Joan.
1391 5841 1515 5897 vm,
1545 5825 1636 5885 28.
1711 5826 1758 5864 '°
1785 5825 1957 5885 Joan.
1989 5841 2105 5898 xvx,
2131 5825 2148 5882 1

2294 5824 2339 5864 ἰ
2371 5822 2515 5881 ibid.
2546 5823 2634 5880 15.
2709 5822 2756 5859 ⁸²
2784 5821 2937 5882 Psal.
2970 5839 3093 5895 xm,
3125 5822 3180 5877 5.
