4104 6366
421 416 575 478 1319

1587 410 1652 466 S.
1700 406 2216 470 ATHANASIUS.
2245 443 2319 453 -—
2351 412 2660 475 SPURIA.

3665 434 3689 492 1
3699 436 3803 497 320

422 546 584 603 Orth.
619 545 765 601 Cum
815 541 995 616 igitur
1026 541 1242 599 Paulus
1291 541 1362 596 de
1409 538 1683 595 fidelibus
1714 538 1839 595 ait:
1882 559 1903 588 ι
1946 539 2064 595 Νοι]

2185 542 2605 614 πιστευσάντων,
2640 545 2722 600 δτι
2759 570 2786 599 ι(
2820 547 2935 606 Οὐκ
2980 544 3058 605 ἔτι
3112 556 3163 606 εἶ
3205 547 3429 627 δοῦλος,
3460 554 3581 614 ἀλλ’
3609 560 3732 624 υἱός·
3762 566 3805 621 εἴ

420 635 677 708 amplius
707 650 769 691 es
819 649 1046 702 servus,
1076 632 1177 687 sed
1228 629 1432 698 Filius,
1480 629 1635 700 quod
1692 627 1743 684 si
1790 628 1990 695 Filius,
2023 633 2079 684 et

425 726 609 781 haeres
659 722 896 796 quidem
949 721 1070 789 Dei,
1119 718 1339 776 Christi
1389 723 1587 774 autem
1636 717 1892 773 cobaares
1921 718 1966 752 ⁸³
1999 735 2011 772 :
2046 740 2075 767 »

424 812 756 885 teipsumne
801 810 1049 883 dignum
1106 808 1430 874 existimas,
1463 806 1561 878 qui
1614 806 1673 861 in
1722 805 2077 862 hazreditatis

420 902 762 958 societatem
795 897 1164 964 adscisceris,
1187 896 1471 970 Spiritum
1506 913 1621 951 non
1651 894 1790 951 item
1813 895 1841 951 ‘I
1871 896 1940 950 Et
1968 912 2075 951 au-

322 1046 333 1056 _
418 990 511 1046 dis
543 994 604 1046 tu
636 988 876 1061 quidem
911 1004 962 1042 :«
993 985 1054 1041 Si
1089 989 1285 1040 tamen
1317 984 1734 1056 compatimur,
1768 988 1832 1039 ut
1861 988 1919 1039 et
1939 1000 2074 1039 con-

419 1078 818 1153 gloriﬁcemur
844 1077 893 1111 ⁸⁸
925 1093 938 1130 :
972 1097 1000 1127 »
1034 1075 1287 1147 Spiritus
1340 1092 1452 1129 nou
1505 1072 1647 1129 item
1675 1077 1697 1129 Ξ)
1728 1095 1757 1124 ‹‹
1793 1072 1852 1128 Si
1901 1072 2077 1129 simul

420 1168 639 1225 mortui
671 1183 903 1233 sumus,
936 1164 1113 1221 simul
1146 1164 1321 1220 etiam
1357 1165 1735 1236 regnabimus
1764 1163 1810 1197 ⁸⁸
1841 1179 1853 1217 :
1896 1185 1915 1211 η
1952 1162 2078 1235 Spi-

418 1257 571 1314 ritus
601 1273 716 1313 non
751 1258 889 1312 item
919 1256 941 1310 P
970 1253 1170 1310 Maced.
1205 1254 1472 1309 Etiamne
1501 1252 1785 1325 Spiritum
1836 1267 2077 1324 quoque

418 1362 614 1420 regem
675 1342 1031 1417 nuncupas‘?
1084 1342 1235 1399 Orth.
1288 1365 1315 1392 ‹‹
1349 1341 1404 1396 Si
1466 1358 1625 1397 mors
1686 1341 1950 1414 regnavit
2003 1341 2076 1397 ab

413 1437 641 1493 Adamo
673 1450 860 1507 usque
880 1434 951 1490 ad
976 1433 1420 1505 Moysen,etiam
1449 1431 1508 1486 in
1534 1448 1632 1487 eos
1659 1432 1757 1503 qui
1794 1448 1907 1486 non
1943 1448 2076 1503 pec-

414 1530 685 1583 caverant
710 1525 811 1590 36,»
849 1523 947 1596 qui
982 1540 1097 1579 non
1128 1522 1382 1595 Spiritus
1412 1521 1544 1577 vitae
1577 1521 1634 1576 in
1672 1522 1841 1578 nobis
1873 1536 2081 1594 regna-

415 1615 553 1673 ret?
581 1614 781 1671 Maced.
817 1613 934 1669 Nos
968 1612 1196 1668 Patrem
1230 1612 1469 1684 quidem
1522 1618 1579 1667 et
1614 1611 1820 1667 Filium
1855 1627 2072 1684 regem,

410 1704 695 1778 Spiritum
730 1707 1002 1759 sanctum
1051 1719 1183 1758 vero
1218 1701 1558 1757 ministrum
1606 1699 1883 1758 dicimus.
1911 1703 2073 1767 Orth,

409 1795 596 1853 Tuam
629 1794 819 1867 ipsius
849 1791 1118 1849 haeresim
1154 1792 1415 1847 nondum
1450 1790 1593 1846 satis
1626 1789 2072 1863 intelligis.Ete-

2275 631 2410 702 υἱὸς,
2444 634 2532 688 καὶ
2563 633 2915 723 κληρονόμος
2949 640 3044 712 μὲν
3090 645 3246 712 Θεοῦ,
3280 641 3711 723 συγκληρονόμος
3756 649 3807 708 δὲ

2185 719 2440 795 Χριστοῦ·
2479 746 2507 774 ››
2556 721 2659 801 ἄρα
2715 726 2908 783 σαυτὸν
2959 729 3054 801 μὶν
3115 728 3260 802 ἄξιον
3314 739 3416 803 τῆς
3462 719 3805 816 συγκλνηρονοο

2190 809 2316 881 μίας
2368 813 2503 887 ἡγῇ,
2535 814 2598 868 τὸ
2646 811 2704 869 δὲ
2752 817 2975 890 Πνεῦμα
3020 815 3122 890 οῧ;
3170 820 3269 876 Καὶ
3317 822 3380 877 σὺ
3443 809 3548 897 μὲν*
3591 809 3805 892 ἀκούεις’

2187 922 2214 950 (ι
2249 897 2416 975 Εἴπερ
2462 904 2884 981 συμπάσχομεν,
2919 905 3007 962 i'va
3048 908 3139 964 καὶ
3203 908 3656 989 συνδοξασθῶμεν·
3686 942 3712 969 ››
3753 922 3809 976 τὸ

2188 983 2523 1079 ὸὲ-ΙΙνεῦμα
2573 989 2676 1064 aii;
2732 1018 2758 1045 ‹‹
2810 994 2872 1053 Εἰ
2928 983 3388 1074 συναπεθάνομεν,
3433 983 3811 1079 καὶ-συμϐασι-

2188 1077 2479 1153 λεύσομεν⁶
2512 1106 2541 1136 ››
2572 1084 2635 1138 τὸ
2668 1081 2726 1139 δὲ
2757 1090 2979 1161 Πνεῦμα
3012 1085 3074 1142 οὔ
3101 1110 3114 1159 ;
3151 1088 3359 1149 Μακεδ.
3394 1091 3496 1151 Καὶ
3523 1094 3584 1149 τὸ
3615 1077 3809 1171 Πνεῦμα

2192 1166 2417 1243 βασιλέα
2472 1168 2688 1247 λέγεις;
2723 1174 2874 1252 Ὀρθ.
2924 1201 2952 1229 ‹‹
3005 1177 3070 1232 Ei‘
3127 1179 3155 1234 6
3212 1178 3438 1244 θάνατος
3492 1166 3804 1241 ἐϐασίλευσεν

2188 1257 2293 1313 ἀπὸ
2334 1256 2514 1333 Ἀδὰμ
2567 1264 2657 1317 καὶ
2718 1268 2885 1342 μέχρι
2943 1266 3209 1335 Μωσέως,
3264 1269 3355 1325 καὶ
3424 1270 3512 1326 ἐπὶ
3568 1273 3686 1336 τοὺς
3737 1276 3800 1349 μὴ
3860 1292 3869 1304 ³

2188 1350 2626 1440 ᾁμαρτήσαντας,
2660 1378 2687 1406 ››
2718 1360 2836 1419 πῶς
2868 1356 2995 1435 οὐχὶ
3025 1360 3088 1415 τὸ
3118 1362 3341 1435 Πνεῦμα
3367 1369 3468 1434 τῆς
3499 1368 3639 1435 ζωῆς
3679 1366 3804 1440 βασι-

2187 1437 2357 1532 λεύειν
2390 1444 2562 1517 ἡμῖν;
2613 1446 2814 1504 Μακεδ.
2865 1449 3055 1524 Ἡμεῖς
3117 1448 3376 1529 λέγομεν,
3420 1453 3503 1509 ὅτι
3562 1456 3590 1510 6
3646 1437 3809 1532 Πατὴρ

2186 1528 2297 1622 εστι
2339 1531 2615 1622 βασιλεὺς,
2647 1537 2736 1591 καὶ
2786 1539 2815 1592 6
2865 1539 3011 1603 Υἱόςο
3055 1541 3116 1596 τὸ
3164 1528 3221 1597 δέ
3268 1544 3489 1617 Πνεῦμα
3541 1528 3812 1622 ὑπηρέτης.

2186 1620 2335 1696 Ὀρθ.
2370 1619 2506 1711 Θύδὶ
2535 1622 2687 1689 οἶδας
2728 1632 2925 1684 σαυτοῦ
2977 1631 3078 1700 τὴν
3133 1629 3360 1708 αἵρεσιν.
3394 1639 3435 1687 0
3488 1634 3588 1711 γὰρ
3637 1619 3815 1710 ὸππρὲ-

2182 1729 2304 1800 της,
2336 1710 2432 1766 κᾶν
2487 1714 2562 1786 μὴ
2594 1713 2631 1789 ᾖ
2664 1716 2942 1791 βασιλεὺς,
2973 1726 3075 1790 τῆς
3124 1719 3290 1792 αὐτῆς
3341 1721 3452 1778 ἐστι
3623 1723 3818 1800 βασιλεῖ

2184 1797 2389 1863 οὐσίας.
2423 1802 2612 1878 Λὲγεις
2674 1803 2764 1860 οὖν
2810 1806 2898 1862 καὶ
2938 1807 3100 1872 αὐτὸς
3141 1817 3242 1881 τῆς
3283 1811 3452 1884 αὐτῆς
3483 1797 3664 1876 οὐσίας
3696 1817 3815 1869 εῖναι

407 1884 530 1941 nim
556 1883 829 1940 minister
849 1881 985 1937 licet
1005 1898 1105 1937 rex
1129 1897 1241 1935 non
1267 1881 1366 1949 sit,
1387 1881 1648 1952 ejusdem
1674 1884 1872 1936 tamen
1899 1884 2064 1954 cujus

450 1991 487 1992 κγ
548 1979 622 1992 --ι
664 1972 759 1992 __-L
780 1971 1003 1992 -a__.12_
1041 1987 1054 1992 _
1092 1970 1286 1992 P,_l-_!_
1320 1969 1763 1992 1-:1.--_3__-__-A
1800 1971 2056 1992 ‘:___.I-_A

2179 1892 2260 1961 τῷ
2307 1894 2423 1992 Θεςρ
2469 1893 2531 1947 τὸ
2578 1899 2818 1992 Πνεῦμα.
2852 1896 3058 1956 Μακεδ.
3110 1898 3209 1960 Οὐ.
3244 1881 3495 1979 ὈρθίΤὸ
3545 1899 3603 1958 δὲ
3646 1904 3716 1976 μή
3763 1900 3815 1959 ὃν

407 1991 509 2031 rex
538 1979 629 2030 est
658 1971 1007 2029 substantiae
1040 1987 1054 2025 :
1092 1970 1289 2025 fateris
1320 1969 1766 2043 igituripsemet
1797 1971 2064 2043 ejusdem

2177 1984 2273 2049 τῆς
2328 1979 2495 2050 αὐτῆς
2562 1982 2747 2048 οὐσίας
2802 1988 3007 2061 κτίσμα
3085 1988 3197 2046 ἐστὶ
3263 1992 3356 2047 καὶ
3431 1994 3679 2069 τρεπτὸν,
3732 1991 3813 2049 καὶ

406 2079 543 2119 eum
595 2067 707 2118 Deo
755 2061 1104 2118 substantiae
1151 2075 1280 2115 esse
1326 2059 1633 2132 Spiritum.
1693 2061 1891 2116 Maced.
1956 2060 2061 2115 Mi-

409 2153 589 2209 nime.
610 2152 896 2209 0r:h.Sed
931 2151 1086 2222 quod
1122 2150 1386 2221 ejusdem
1420 2149 1767 2205 substantiae
1806 2167 1919 2205 non
1951 2156 2063 2216 est,

405 2248 674 2299 creatura
704 2246 815 2306 est,
853 2239 1155 2297 mutabilis
1186 2244 1244 2295 et
1273 2237 1589 2294 variabilis.
1625 2239 1929 2296 Professus
1961 2257 2063 2296 au-

402 2336 522 2389 tem
554 2348 617 2388 es
649 2331 823 2404 paulo
854 2334 1012 2399 ante,
1040 2327 1469 2384 immutabilem
1503 2327 1787 2399 Spiritum
1820 2335 1874 2384 et
1904 2329 2064 2385 inva-

403 2421 694 2489 riabilem,
728 2425 784 2476 et
808 2421 1132 2475 increatum
1165 2435 1312 2473 esse.
1346 2417 1598 2490 Spiritus
1627 2435 1763 2490 ergo
1795 2420 2059 2490 ejusdem

401 2527 468 2566 ac
500 2510 653 2566 Deus
685 2515 744 2566 et
778 2508 954 2564 Filius
984 2511 1113 2579 ejus
1144 2514 1233 2562 est
1261 2507 1629 2563 substantiae.
1664 2508 1863 2564 Maced.
1901 2508 2061 2566 Unus

399 2600 583 2673 igitur
611 2606 702 2656 est
729 2600 979 2671 ipseque
1009 2598 1201 2667 Pater,
1231 2604 1290 2653 et
1321 2596 1524 2665 Filius,
1556 2603 1613 2653 et
1642 2598 1896 2671 Spiritus
1930 2617 2061 2656 san-

401 2697 532 2747 ctus
551 2693 580 2746 ‘I
603 2689 755 2746 Orth.
791 2689 959 2744 Absit
986 2694 1050 2743 ut
1074 2688 1181 2743 hoc
1208 2688 1683 2757 dicam.Etenim,
1710 2689 1757 2744 si
1783 2706 1936 2744 unus
1969 2707 2061 2746 es-

2172 2066 2502 2159 ᾆλλοιωτόν·
2537 2071 2682 2128 ἀλλᾶ
2711 2076 3184 2154 προωμολόγηται
3226 2066 3491 2159 ἄτρεπτον
3550 2082 3639 2138 καὶ
3670 2079 3815 2136 ἀναλο

2173 2153 2408 2214 λοίωτον
2470 2161 2558 2216 καὶ
2617 2160 2866 2220 ἅκτιστον
2929 2173 3087 2223 εἶναι·
3120 2172 3219 2240 τῆς
3272 2169 3444 2242 αὐτῆς
3491 2170 3594 2249 ἄρα
3650 2169 3819 2232 οὐσίας

2171 2251 2249 2318 τῷ
2306 2254 2421 2321 Θεῷ
2477 2252 2569 2305 καὶ
2621 2257 2700 2325 τῷ
2750 2255 2858 2327 Υἱῷ
2916 2255 3081 2313 αὐτοῦ
3136 2259 3271 2318 ἐστι.
3333 2259 3541 2319 Μακεδ.
3590 2266 3681 2324 Εἷς
3737 2259 3818 2316 οὖν

2172 2334 2281 2391 ἐστι
2340 2338 2487 2394 καὶὸ
2518 2340 2676 2417 αὐτὸς
2730 2345 2936 2421 Πατὴρ,
2970 2348 3059 2403 καὶ
3120 2350 3260 2421 Υἱὸς,
3294 2350 3387 2406 καὶ
3447 2352 3601 2428 ἅγιον
3662 2352 3817 2409 Πνεῦ-

2175 2446 2285 2498 μα;
2320 2428 2463 2505 Ὀρθ.
2501 2431 2589 2499 Μὴ
2622 2430 2835 2505 γὲνοιτο
2877 2434 3044 2491 εἰπεῖν
3073 2440 3270 2496 τοῦτοὲ
3305 2440 3351 2495 εί
3385 2442 3489 2517 γὰρ
3519 2440 3586 2509 ἦν
3632 2444 3705 2502 εἷς
3736 2436 3817 2494 καὶ

2172 2515 2404 2603 ὁέαὐτὸς
2454 2520 2663 2597 Πατὴρ,
2695 2522 2785 2577 καὶ
2832 2524 2978 2596 Υἱὸς,
3011 2528 3103 2581 καὶ
3152 2528 3307 2603 ἅγιον
3347 2515 3593 2603 Πνεῦμα,
3625 2529 3720 2585 οὐκ
3762 2527 3818 2582 ἂν

2172 2601 2359 2694 εἴρητο
2408 2608 2533 2683 παρ’
2563 2611 2723 2682 ἡμῶν
2774 2618 2875 2681 τῆς
2923 2612 3093 2684 αὐτῆς
3133 2601 3269 2672 εἶναι
3302 2601 3509 2683 οὐσίαςλ
3545 2616 3684 2677 om
3725 2618 3817 2694 γὰρ

2171 2691 2331 2757 αὐτὸς
2365 2695 2538 2769 ἑαυτῷ
2566 2705 2667 2768 τῆς
2695 2698 2862 2772 αὐτῆς
2896 2701 3079 2767 οὐσίας
3110 2705 3246 2761 εἶναι
3280 2705 3520 2784 λέγεται.

405 2786 496 2837 set
526 2785 583 2836 et
610 2780 764 2835 idem
801 2779 985 2847 Pater,
1018 2777 1200 2833 Filius
1232 2783 1288 2831 et
1314 2776 1566 2871 Spiritus
1597 2782 1858 2847 sanctus,
1894 2796 2009 2835 non
2041 2781 2374 2841 dicerentur
2402 2788 2668 2859 ejusdem
2702 2807 2832 2849 esse
2880 2776 3456 2871 substantias.Neque
3486 2799 3639 2855 enim
3671 2798 3817 2868 ejus-

405 2872 540 2925 dem
571 2886 638 2925 ac
665 2870 915 2942 ipsemet
950 2866 1295 2924 substantiae
1326 2882 1455 2922 esse
1487 2866 1719 2924 dicitur.

479 2960 570 3014 18.
633 2957 833 3014 Μασειί.
892 2956 1002 3013 Ubi
1082 2956 1367 3029 scriptum
1425 2961 1517 3011 est
1588 2957 1875 3029 Spiritum
1933 2975 2063 3017 esse

406 3049 819 3109 DeumPOrth.
866 3048 1109 3113 Quando
1162 3047 1445 3119 prOpbeta
1494 3047 1573 3103 ait
1624 3066 1636 3103 :
1690 3071 1717 3099 «
1775 3049 1841 3104 Et
1887 3055 2062 3107 erunt

402 3155 608 3194 omnes
667 3155 703 3195 a
760 3137 877 3192 Deo
959 3137 1113 3192 docti
1169 3135 1234 3202 ⁸⁷,
1297 3160 1318 3187 ι»
1382 3135 1454 3191 de
1529 3153 1645 3207 quo
1720 3137 1982 3209 loquitur
2032 3139 2061 3194 ?

399 3230 618 3286 Maced.
689 3235 765 3285 De
836 3228 1015 3284 Filio.
1084 3228 1251 3286 Orth.
1324 3229 1501 3299 Atqui
1580 3229 1759 3285 Filius
1827 3230 1969 3285 dicit
2035 3247 2049 3286 :

2244 2964 2332 3021 18.
2367 2962 2566 3023 Μακεδ.
2602 2968 2715 3024 Ποῦ
2744 2968 3043 3046 γέγραπται
3093 2974 3223 3035 Θεὸς
3267 2975 3331 3031 τὸ
3383 2978 3643 3050 Πνεῦμα;
3678 2976 3814 3050 Ὀρθ.

2168 3052 2325 3105 Ὃταν
2374 3051 2518 3130 λέγει
2550 3057 2578 3111 6
2610 3061 2920 3137 προφήτης,
2956 3086 2984 3113 ‹‹
3018 3062 3118 3117 Καὶ
3167 3060 3378 3121 ἔσονται
3428 3064 3623 3128 πάντες
3670 3061 3807 3120 διδα-

2166 3140 2286 3194 κτοὶ
2319 3146 2476 3211 Θεοῦ,
2502 3167 2529 3195 ››
2561 3145 2685 3222 περὶ
2715 3146 2865 3211 τίνος
2895 3146 3079 3225 λέγει;
3114 3150 3315 3209 Μακεδ.
3350 3153 3487 3230 Περῖ
3533 3158 3629 3210 τοῦ
3668 3154 3808 3209 Υἱοῦ.

2166 3228 2317 3319 Ὀρθ.
2340 3231 2601 3319 ,Καίτοιγε
2648 3236 2677 3289 6
2723 3237 2848 3300 Υἱὸς
2894 3236 3060 3316 λέγει·
3096 3242 3184 3310 Μὴ
3220 3228 3600 3319 μεριμνήσητε
3635 3247 3747 3304 πῶς
3777 3239 3808 3309 ἢ

404 3342 426 3369 ι
490 3319 679 3375 Nolite
739 3318 995 3389 cogitare
1078 3317 1377 3407 quomodo
1418 3291 1559 3373 ’θυι
1624 3317 1763 3390 quid
1852 3318 2050 3391 loqua-

2177 3291 2243 3407 τί.
2265 3291 2565 3392 λαλήσετε·⁵
2598 3323 2726 3380 αὐτὸ
2780 3291 3746 3407 γάρὴτὸνιιξεξμῖγέῗδέὲξίτᾶμέιξί

400 3407 548 3464 mini
595 3425 609 3464 :
662 3407 786 3480 ipse
843 3405 999 3462 enim
1049 3405 1306 3477 Spiritus
1353 3406 1583 3462 docebit
1628 3425 1731 3465 vos
1783 3409 1923 3481 quid
1976 3411 2055 3464 fa-

400 3501 493 3553 cto
523 3512 672 3569 opus
719 3495 794 3550 sit
824 3493 889 3549 ⁸⁸.
928 3515 956 3544 ››
988 3496 1147 3560 Quod
1183 3493 1231 3549 si
1283 3494 1382 3566 qui
1414 3511 1448 3549 a
1476 3495 1694 3568 Spiritu
1747 3498 2051 3566 docentur,

400 3602 434 3642 a
469 3587 578 3642 Deo
610 3586 761 3641 docti
815 3585 1112 3654 dicuntur,
1146 3585 1287 3658 quid
1343 3584 1500 3641 aliud
1556 3586 1731 3642 fuerit
1777 3588 2053 3660 Spiritus,

400 3673 552 3732 485
587 3691 658 3732 ex
705 3678 763 3730 te
793 3674 922 3746 ipso
973 3690 1182 3746 quaere.
1219 3673 1417 3730 Maced.
1470 3676 1576 3741 Qui
1611 3692 1644 3731 a
1682 3677 1904 3750 Spiritu
1953 3680 2055 3733 do-

2165 3405 2249 3463 δεῖ
2276 3417 2474 3468 ποιεῖν.
2514 3437 2542 3464 ››
2572 3413 2636 3468 El
2668 3412 2726 3470 δὲ
2755 3417 2807 3471 οἱ
2842 3418 2943 3474 ὑπὸ
2989 3417 3087 3475 τοῦ
3134 3405 3465 3495 ΙΙνεύματοςγ
3501 3405 3812 3495 διδασκόμε-

2161 3521 2247 3555 νοι
2280 3499 2526 3558 διδακτοὶ
2559 3511 2693 3562 Θεοῦ
2722 3507 3003 3577 ἀκούουσι,
3023 3511 3078 3566 τί
3109 3509 3250 3568 ἄλλο
3282 3514 3341 3569 ἂν
3374 3514 3460 3588 ετή
3490 3517 3555 3571 τὸ
3580 3517 3812 3587 Πνεῦμα,

2165 3591 2356 3645 σαυτὸν
2408 3591 2603 3668 ἐρώτα.
2663 3594 2865 3654 Μακεδ.
2927 3596 3180 3657 Διδακτοὶ
3240 3608 3376 3659 Θεοῦ
3424 3604 3709 3660 ἀκούουσιν
3767 3601 3816 3655 οἱ

2168 3679 2271 3735 ὑπὸ
2316 3685 2413 3737 τοῦ
2467 3683 2780 3757 Πνεύματος
2830 3684 3238 3767 διδασκόμενοι,
3271 3691 3463 3765 ἐπειδὴ
3496 3696 3525 3750 ὁ
3557 3695 3686 3756 Θεὸς
3732 3689 3815 3746 διὰ

400 3768 628 3837 centur,
662 3764 813 3819 docti
849 3780 883 3819 a
919 3769 1027 3819 Deo
1077 3763 1356 3818 dicuntur
1402 3765 1553 3831 ideo,
1589 3766 1726 3837 quia
1776 3769 1923 3822 Dcus
1959 3783 2058 3839 per

2177 3773 2260 3824 τοῦ
2319 3771 2631 3845 Πνεύματος
2694 3773 2884 3839 αὐτοὺς
2946 3775 3211 3838 διδάσκει.
3270 3788 3418 3858 Ὀρθ.
3479 3782 3591 3840 Οὐκ
3641 3788 3807 3855 εἶπεν·

400 3851 687 3925 Spiritum
720 3852 881 3925 ipsos
912 3852 1399 3909 docet.0rth.Non
1432 3853 1608 3909 dixit:
1641 3854 1823 3910 Erunt
1852 3872 2057 3911 omnes

344 4006 349 4007 γ
400 3959 435 3998 a
465 3942 580 3998 Deo
612 3941 741 4014 ipso
784 3943 963 4006 docti,
1010 3943 1110 3998 sed
1163 3942 1291 3998 sine
1343 3941 1610 3999 articulo.
1662 3944 1859 3999 Maced.
1911 3945 2056 4017 Ergo

400 4039 524 4088 tres
559 4031 642 4087 Dii
675 4035 817 4087 sunt
844 4034 868 4086 Ρ
892 4030 1054 4090 Orth.
1101 4031 1296 4086 Absitl
1334 4031 1496 4088 Unus
1526 4038 1615 4087 est
1665 4038 1816 4089 Deus
1864 4038 2057 4098 Pater,

401 4136 560 4175 unus
618 4120 768 4176 Deus
820 4118 1021 4190 Filius,
1066 4136 1221 4175 unus
1280 4124 1428 4177 Deus
1483 4120 1737 4193 Spiritus
1794 4129 2053 4182 sanctus.

402 4209 601 4266 Maced.
636 4210 777 4266 Tres
808 4210 990 4283 igitur
1022 4210 1155 4264 Dii?
1176 4211 1655 4269 Orth.Confiteris
1680 4213 1803 4285 ipse
1826 4214 2055 4270 Patrem

401 4298 588 4354 Deum
619 4314 770 4370 esse,
807 4304 863 4354 et
896 4299 1105 4354 Filium
1139 4300 1340 4371 Deum,
1373 4305 1476 4356 aut
1522 4318 1593 4357 ne
1619 4301 1729 4358 hoc
1777 4303 2062 4375 quidem?

401 4389 606 4446 Maced.
663 4388 956 4445 Conﬁteor
987 4390 1171 4445 Deum
1226 4390 1481 4461 Patrem,
1538 4395 1739 4459 Deum,
1787 4394 1926 4449 item
1970 4394 2058 4449 Fi-

398 4477 570 4534 lium.
615 4479 772 4538 Orth.
807 4479 966 4536 Duos
993 4478 1176 4552 igitur
1205 4480 1353 4537 Deos
1385 4481 1530 4536 dicis
1552 4482 1580 4536 ?
1615 4482 1821 4538 Maced.
1858 4479 2059 4538 Absit!

402 4571 566 4628 Orth.
601 4570 1106 4636 Quemadmodum
1142 4570 1322 4643 igitur
1350 4587 1482 4627 eum
1516 4576 1748 4628 Patrem
1782 4572 2066 4641 Deum,et

2166 3858 2412 3914 Ἔσονται
2444 3860 2637 3925 πάντες
2665 3860 2910 3921 διδακτοὶ
2948 3872 3045 3923 τοῦ
3076 3874 3231 3928 Θεοῦ.
3263 3869 3396 3928 ἀλλ’
3426 3871 3549 3930 ἄνευ
3586 3875 3684 3927 τοῦ
3725 3867 3813 3944 ἅρ-

2167 3949 2316 4024 θρου.
2361 3948 2560 4006 Μακεδο
2594 3954 2757 4028 Τρεῖ..
2789 3955 2880 4010 οὗν
2914 3956 3017 4012 εἶσι
3048 3959 3210 4030 Θεοί;
3242 3961 3395 4037 Ὀρθ.
3428 3963 3518 4032 Μὴ
3568 3957 3812 4037 γένοιτοῐ

2167 4041 2264 4101 Εἷς
2296 4040 2424 4101 Θεὸς
2458 4042 2485 4095 6
2518 4044 2726 4117 Πατὴρ,
2758 4046 2848 4100 καὶ
2880 4052 2956 4108 εἷς
2988 4049 3117 4110 Θεὸς
3150 4050 3178 4103 6
3211 4050 3354 4121 Υἱὸς,
3379 4052 3472 4108 καὶ
3505 4058 3582 4114 εἶς
3612 4050 3738 4111 Θεὸς
3758 4047 3816 4101 τὸ

2168 4130 2318 4205 ἅγιον
2357 4131 2988 4211 ΙΙνεῦμα.Μακεδ.Τρεῖς
3020 4134 3111 4193 οὐν
3139 4139 3262 4195 Θεοί
3287 4143 3469 4217 ;Ὀρθ.
3503 4137 3817 4215 Ὁμολογεῖς

2166 4218 2257 4274 καὶ
2289 4217 2446 4281 αὐτὸς
2478 4221 2606 4276 Θεὸν
2641 4228 2776 4278 εἶναι
2807 4226 2897 4280 τὸν
2933 4226 3167 4302 Πατέρα,
3200 4230 3289 4284 καὶ
3321 4231 3452 4286 Θεὸν
3493 4232 3586 4288 τὸν
3616 4225 3815 4295 Υἱὸν,ἠ“

2170 4306 2295 4362 οὐδὲ
2321 4312 2513 4378 τοῦτο;
2538 4309 2738 4371 Μακεδ.
2755 4313 3050 4391 Ὁμολογῶ
3077 4318 3205 4373 Θεὸν
3235 4320 3326 4375 τὸν
3362 4320 3599 4396 Πατέρα,
3617 4317 3705 4375 καὶ
3731 4316 3815 4372 τὸν

2168 4396 2316 4453 Υἱόν.
2348 4398 2495 4471 Ὀρθ.
2528 4399 2632 4453 Δύο
2681 4399 2773 4455 οὗν
2820 4398 2986 4467 Θεοὺς
3037 4404 3250 4482 λέγειςς
3285 4407 3490 4466 Μακεδ.
3527 4411 3613 4478 Μή
3644 4408 3817 4483 γένοι-

2170 4504 2232 4539 το
2251 4487 2271 4574 Vl
2305 4490 2450 4561 Ὀρθ.
2502 4488 2705 4564 ’Ὠσπερ
2764 4489 2855 4546 οὖν
2911 4494 3038 4549 Θεὸν
3100 4493 3273 4573 λέγων
3332 4499 3425 4554 τὸν
3482 4497 3692 4574 Πατέρα
3734 4492 3816 4550 καὶ

2173 4573 2301 4628 Θεὸν
2332 4574 2424 4628 τὸν
2443 4574 2592 4646 Υἱὸν,
2625 4574 2686 4631 οὐ
2729 4574 2824 4634 δύο
2856 4581 3021 4645 Θεοὺς
3071 4582 3272 4661 λέγεις’
3307 4586 3483 4650 οὕτως
3530 4573 3812 4661 ὁμολογῶν

406 4658 621 4715 Filium
653 4659 834 4714 Deum
884 4660 1205 4727 conﬁteris,
1241 4677 1354 4716 non
1406 4661 1557 4716 duos
1601 4661 1751 4717 Deos
1799 4661 2060 4718 asseris:

2177 4661 2261 4716 καὶ
2292 4662 2391 4730 τὴν
2422 4666 2518 4717 τοῦ
2549 4663 2863 4739 ΙΙνεύματος
2894 4658 3157 4745 θεότητα,
3180 4674 3257 4747 μὴ
3300 4680 3447 4749 τρεῖς
3481 4658 3610 4751 Itys
3638 4658 3812 4732 Θεούς⁸

406 4747 511 4817 ita,
544 4748 799 4821 Spiritus
847 4749 1120 4806 deitatem
1173 4752 1478 4817 confitens,
1508 4768 1581 4806 ne
1627 4756 1746 4807 tres
1796 4750 1946 4808 Deos
1977 4751 2064 4807 di-

316 4896 324 4900 .
407 4837 544 4895 cito.
583 4860 602 4888 ι
633 4839 806 4907 Audi,
838 4839 1205 4906 enim,Israel
1243 4857 1255 4895 :
1292 4840 1577 4896 Dominus
1606 4840 1762 4897 Deus
1791 4843 2063 4908 tuus,Do-

410 4926 608 4982 minus
640 4944 797 4983 unus
841 4931 933 4983 est
960 4929 1026 4985 ⁸³.
1063 4950 1091 4978 ››
1120 4928 1323 4984 Maced.
1358 4928 1522 4984 Unus
1554 4930 1731 5002 igitur
1775 4930 1927 4986 Deus
1958 4931 2063 4987 Pa~

408 5021 518 5087 ter,
553 5015 736 5072 Filius
784 5022 841 5072 et
869 5017 1123 5088 Spiritus
1174 5022 1435 5073 sanctus.
1470 5017 1626 5073 Orth.
1680 5017 1843 5074 Unus
1891 5024 2062 5089 Deus,

411 5121 527 5160 non
560 5104 800 5177 quidem
836 5111 898 5160 ut
928 5106 1395 5173 trinominis,sed
1429 5112 1495 5161 ut
1524 5108 1585 5177 ii,
1619 5107 1718 5180 qui
1751 5109 1809 5163 in
1839 5110 2065 5165 Christo

409 5194 647 5266 perfecti
710 5199 871 5262 sunt,
922 5212 1078 5250 unus
1136 5212 1426 5251 consensu
1487 5201 1541 5251 et
1602 5201 1828 5252 natura.
1865 5198 2064 5254 Maced.

408 5281 602 5339 Unum
638 5300 994 5340 consensum
1027 5288 1085 5339 et
1109 5300 1214 5357 ego
1246 5284 1558 5342 dico.0rth.
1582 5287 1678 5342 Die
1709 5293 1764 5341 et
1795 5291 2063 5343 naturam

411 5389 666 5446 quoque,
699 5381 761 5430 ut
789 5375 872 5431 sis
917 5375 1143 5431 beatus.
1177 5373 1375 5430 Maced.
1408 5375 1532 5431 Non
1584 5393 1826 5449 possum
1876 5377 2069 5433 dicere

413 5478 593 5519 unam
626 5469 921 5520 naturam.
948 5464 1109 5520 Orth.
1135 5463 1238 5521 Die
1268 5463 1450 5537 igitur
1479 5481 1580 5522 eos
1610 5465 1922 5523 dissimilis
1939 5482 2068 5524 esse

2177 4774 2204 4801 α
2234 4757 2454 4839 Ἄκουε,
2502 4754 2627 4830 γὰρ,
2681 4757 2927 4834 Ἰσραήλ·
2963 4762 3159 4837 Κύριος
3211 4764 3239 4817 6
3289 4765 3418 4828 Θεός
3468 4787 3587 4839 σου,
3630 4762 3815 4835 Κύριος

2173 4845 2253 4903 εἷς
2308 4838 2437 4898 ἐστι.
2478 4867 2497 4893 ι
2535 4842 2742 4903 Μακεδ.
2774 4852 2869 4910 Εἷς
2929 4847 3021 4905 οὗν
3090 4849 3199 4906 ἐστι
3259 4854 3411 4926 Θεὸς,
3472 4838 3685 4928 Πατὴρ,
3730 4847 3813 4905 καὶ

2174 4930 2321 5021 Υἱὸς,
2352 4931 2630 5021 καίνᾶγιον
2665 4935 2908 5009 Πνεῦμα.
2942 4939 3094 5015 Ὀρθ.
3128 4946 3223 5003 Εἷς
3252 4943 3405 5016 Θεὸς,
3440 4943 3551 5021 οὐχ
3589 4944 3663 5004 ὡς
3707 4959 3812 5015 τρι·

2174 5020 2413 5094 ώνυμος,
2444 5019 2571 5078 ἀλλ’
2604 5023 2678 5086 ὡς
2704 5024 2754 5079 οἱ
2788 5023 2838 5079 ἐν
2891 5032 3107 5103 Χριστῷ
3150 5019 3595 5106 κατηρτισμένοι,
3627 5035 3699 5092 εἷς
3740 5029 3810 5093 τῷ

2175 5106 2329 5198 ᾎύγῳ
2374 5117 2474 5180 τῆς
2514 5113 2826 5191 συμφωνίας
2866 5118 2956 5170 καὶ
3001 5120 3103 5187 τῆς
3152 5120 3386 5198 φύσεως.
3421 5119 3624 5179 Μακεδ.
3657 5113 3805 5189 Κάγὼ

2177 5195 2319 5289 λέγω
2382 5199 2505 5272 μίαν
2569 5202 2905 5280 συμφωνίαν.
2973 5206 3125 5281 Ὀρθ.
3164 5195 3331 5266 “Eine
3385 5211 3475 5267 καὶ
3534 5200 3807 5289 φύσιν,“ἰνα

2179 5286 2443 5362 μακάριος
2487 5289 2635 5364 γένῃ.
2682 5289 2886 5350 Μακεδ.
2922 5293 2994 5349 Οὐ
3042 5292 3274 5371 δύναμαι
3324 5298 3492 5355 εἷπεῖν
3551 5286 3672 5373 μίαν
3721 5288 3812 5372 (9'5-

2176 5397 2276 5432 σιν.
2307 5376 2458 5454 Ὀρθ.
2494 5377 2702 5435 Οὐκοῦν
2734 5380 2852 5437 εῗπὲ
2899 5382 3219 5457 ἀνομοίους.
3251 5386 3456 5446 Μακεδ.
3487 5385 3628 5447 Οὐδὲ
3664 5386 3815 5440 τοῦτο

2178 5464 2343 5543 λέγω.
2379 5468 2527 5541 Ὀρθ.
2559 5465 2698 5527 Οὔτε
2729 5469 2820 5526 οὖν
2865 5475 3078 5551 ψυχρὸς
3128 5480 3197 5550 εἴ,
3226 5477 3363 5533 κατᾶ
3399 5479 3459 5534 τὸ
3515 5469 3820 5556 γεγραμμέ-

484 5676 530 5762 ἒθ
559 5677 727 5762 βοτη.
771 5680 1268 5762 vm_,_i7;“qalat:
1321 5697 1399 5749 iv,
1578 5682 1640 5762 8:
1672 5681 1840 5762 Boni.
1871 5698 2002 5762 vm,_
2045 5683 2064 5737 1

2211 5684 2257 5720 ⁸⁸
2305 5683 2353 5741 II
2399 5686 2551 5743 Tim.
2603 5703 2665 5757 ιι,
2716 5689 2805 5746 42.
2882 5691 2928 5729 ⁸⁸
2977 5691 3144 5750 Rom.
3190 5711 3243 5752 ν.
3305 5695 3392 5754 14.
3465 5695 3509 5732 ⁸⁷
3564 5694 3678 5752 Ias.
3722 5706 3833 5762 LIV,

416 5744 522 5816 i3;
549 5747 720 5805 Joan.
752 5765 831 5821 v1,
865 5744 952 5804 45.
1019 5744 1075 5786 ⁷⁸⁸
1105 5751 1312 5810 Matth.
1345 5744 1401 5825 χ,
1433 5754 1520 5810 19.
1596 5755 1642 5790 ⁸⁸
1671 5754 1835 5811 Deut.
1862 5771 1944 5829 vx,
1977 5744 2031 5811 1i.
