  <div class='ocr_page' id='page_1' title='image "/cluster/home/n/w/nwhite01/storage/ocr_20150623/28:no.4/coo.31924054873090/674.png"; bbox 0 0 4104 6390; ppageno 0'>
   <div class='ocr_carea' id='block_1_1' title="bbox 292 426 435 484">
    <p class='ocr_par' dir='ltr' id='par_1_1' title="bbox 292 426 435 484">
     <span class='ocr_line' id='line_1_1' title="bbox 292 426 435 484; baseline -0.007 -3"><span class='ocrx_word' id='word_1_1' title='bbox 292 426 435 484; x_wconf 76' lang='grc'><strong>1321</strong></span> 
     </span>
    </p>
   </div>
   <div class='ocr_carea' id='block_1_2' title="bbox 1344 421 2633 484">
    <p class='ocr_par' dir='ltr' id='par_1_2' title="bbox 1344 421 2633 484">
     <span class='ocr_line' id='line_1_2' title="bbox 1344 421 2633 484; baseline -0.001 -4"><span class='ocrx_word' id='word_1_2' title='bbox 1344 422 1655 481; x_wconf 80' lang='lat' dir='ltr'><strong>CONTRA</strong></span> <span class='ocrx_word' id='word_1_3' title='bbox 1702 421 2074 479; x_wconf 74' lang='lat' dir='ltr'><strong>MACEDUN</strong></span> <span class='ocrx_word' id='word_1_4' title='bbox 2151 424 2541 484; x_wconf 66' lang='lat' dir='ltr'><strong>DIALOGUS</strong></span> <span class='ocrx_word' id='word_1_5' title='bbox 2589 427 2633 484; x_wconf 94' lang='grc' dir='ltr'><strong>Ι.</strong></span> 
     </span>
    </p>
   </div>
   <div class='ocr_carea' id='block_1_3' title="bbox 3541 431 3698 488">
    <p class='ocr_par' dir='ltr' id='par_1_3' title="bbox 3541 431 3698 488">
     <span class='ocr_line' id='line_1_3' title="bbox 3541 431 3698 488; baseline -0.006 -1"><span class='ocrx_word' id='word_1_6' title='bbox 3541 431 3698 488; x_wconf 74' lang='grc'><strong>1322</strong></span> 
     </span>
    </p>
   </div>
   <div class='ocr_carea' id='block_1_4' title="bbox 285 548 1962 629">
    <p class='ocr_par' dir='ltr' id='par_1_4' title="bbox 285 548 1933 627">
     <span class='ocr_line' id='line_1_4' title="bbox 285 548 1933 627; baseline -0.002 -21"><span class='ocrx_word' id='word_1_7' title='bbox 285 575 401 620; x_wconf 90' lang='grc' dir='ltr'>νον,</span> <span class='ocrx_word' id='word_1_8' title='bbox 461 548 585 607; x_wconf 67' lang='grc' dir='ltr'>οὔτε</span> <span class='ocrx_word' id='word_1_9' title='bbox 645 551 864 627; x_wconf 78' lang='grc' dir='ltr'>θερμός·</span> <span class='ocrx_word' id='word_1_10' title='bbox 919 551 965 604; x_wconf 79' lang='grc' dir='ltr'><strong>εἷ’</strong></span> <span class='ocrx_word' id='word_1_11' title='bbox 1012 553 1114 626; x_wconf 72' lang='grc' dir='ltr'>γάρ</span> <span class='ocrx_word' id='word_1_12' title='bbox 1153 552 1220 619; x_wconf 72' lang='grc' dir='ltr'>ἦς</span> <span class='ocrx_word' id='word_1_13' title='bbox 1270 552 1502 626; x_wconf 74' lang='grc' dir='ltr'>ψυχρὸς,</span> <span class='ocrx_word' id='word_1_14' title='bbox 1547 551 1839 623; x_wconf 74' lang='grc' dir='ltr'><strong>ἀνομοίους</strong></span> <span class='ocrx_word' id='word_1_15' title='bbox 1876 550 1933 603; x_wconf 68' lang='grc' dir='ltr'>ἂν</span> 
     </span>
    </p>
   </div>
   <div class='ocr_carea' id='block_1_5' title="bbox 2077 548 3698 629">
    <p class='ocr_par' dir='ltr' id='par_1_5' title="bbox 2077 556 3698 629">
     <span class='ocr_line' id='line_1_5' title="bbox 2077 556 3698 629; baseline 0.005 -23"><span class='ocrx_word' id='word_1_16' title='bbox 2077 560 2291 607; x_wconf 67' lang='lat' dir='ltr'><strong>naturm.</strong></span> <span class='ocrx_word' id='word_1_17' title='bbox 2330 556 2531 610; x_wconf 57' lang='grc' dir='ltr'>ποσαί.</span> <span class='ocrx_word' id='word_1_18' title='bbox 2561 557 2751 626; x_wconf 83' lang='lat' dir='ltr'><strong>Neque</strong></span> <span class='ocrx_word' id='word_1_19' title='bbox 2804 557 2907 610; x_wconf 80' lang='lat' dir='ltr'><strong>hor.</strong></span> <span class='ocrx_word' id='word_1_20' title='bbox 2952 558 3100 610; x_wconf 78' lang='lat' dir='ltr'><strong>dico.</strong></span> <span class='ocrx_word' id='word_1_21' title='bbox 3128 558 3279 611; x_wconf 77' lang='lat' dir='ltr'><strong>Orth.</strong></span> <span class='ocrx_word' id='word_1_22' title='bbox 3305 558 3418 612; x_wconf 90' lang='lat' dir='ltr'><strong>Nec</strong></span> <span class='ocrx_word' id='word_1_23' title='bbox 3449 559 3698 629; x_wconf 85' lang='lat' dir='ltr'><strong>frigidus</strong></span> 
     </span>
    </p>
   </div>
   <div class='ocr_carea' id='block_1_6' title="bbox 290 639 1910 717">
    <p class='ocr_par' dir='ltr' id='par_1_6' title="bbox 290 639 1910 717">
     <span class='ocr_line' id='line_1_6' title="bbox 290 639 1910 717; baseline -0.003 -21"><span class='ocrx_word' id='word_1_24' title='bbox 290 643 434 702; x_wconf 66' lang='grc' dir='ltr'>εἶπες</span> <span class='ocrx_word' id='word_1_25' title='bbox 481 642 575 702; x_wconf 78' lang='grc' dir='ltr'>τὰς</span> <span class='ocrx_word' id='word_1_26' title='bbox 628 640 828 717; x_wconf 66' lang='grc' dir='ltr'>φύσειςο</span> <span class='ocrx_word' id='word_1_27' title='bbox 881 639 924 693; x_wconf 83' lang='grc' dir='ltr'>εἰ</span> <span class='ocrx_word' id='word_1_28' title='bbox 957 643 1024 708; x_wconf 74' lang='grc' dir='ltr'>ἧς</span> <span class='ocrx_word' id='word_1_29' title='bbox 1057 641 1280 714; x_wconf 76' lang='grc' dir='ltr'>θερμὸς,</span> <span class='ocrx_word' id='word_1_30' title='bbox 1316 639 1790 714; x_wconf 80' lang='grc' dir='ltr'>ἀπαραλλάκτους.</span> <span class='ocrx_word' id='word_1_31' title='bbox 1830 646 1910 692; x_wconf 73' lang='lat' dir='ltr'><strong>Ma.</strong></span> 
     </span>
    </p>
   </div>
   <div class='ocr_carea' id='block_1_7' title="bbox 287 726 1935 805">
    <p class='ocr_par' dir='ltr' id='par_1_7' title="bbox 287 726 1935 805">
     <span class='ocr_line' id='line_1_7' title="bbox 287 726 1935 805; baseline 0.003 -21"><span class='ocrx_word' id='word_1_32' title='bbox 287 728 402 785; x_wconf 77' lang='grc' dir='ltr'>κεδ.</span> <span class='ocrx_word' id='word_1_33' title='bbox 436 727 885 805; x_wconf 86' lang='grc' dir='ltr'>Ἀπαράλλακτον</span> <span class='ocrx_word' id='word_1_34' title='bbox 943 726 1087 803; x_wconf 67' lang='grc' dir='ltr'>λέγω</span> <span class='ocrx_word' id='word_1_35' title='bbox 1137 727 1290 804; x_wconf 63' lang='grc' dir='ltr'>φύσιν</span> <span class='ocrx_word' id='word_1_36' title='bbox 1342 729 1432 780; x_wconf 81' lang='grc' dir='ltr'>τὸν</span> <span class='ocrx_word' id='word_1_37' title='bbox 1474 727 1612 782; x_wconf 71' lang='grc' dir='ltr'>Γὶόν.</span> <span class='ocrx_word' id='word_1_38' title='bbox 1650 730 1794 802; x_wconf 71' lang='grc' dir='ltr'><strong>Ὀρθ.</strong></span> <span class='ocrx_word' id='word_1_39' title='bbox 1829 729 1935 779; x_wconf 63' lang='lat'><strong>&quot;“3-</strong></span> 
     </span>
    </p>
   </div>
   <div class='ocr_carea' id='block_1_8' title="bbox 292 813 1937 895">
    <p class='ocr_par' dir='ltr' id='par_1_8' title="bbox 292 813 1937 895">
     <span class='ocr_line' id='line_1_8' title="bbox 292 813 1937 895; baseline -0.003 -22"><span class='ocrx_word' id='word_1_40' title='bbox 292 841 374 880; x_wconf 88' lang='grc' dir='ltr'><strong>σις</strong></span> <span class='ocrx_word' id='word_1_41' title='bbox 404 816 460 873; x_wconf 75' lang='grc' dir='ltr'><strong>δὲ</strong></span> <span class='ocrx_word' id='word_1_42' title='bbox 492 818 705 895; x_wconf 81' lang='grc' dir='ltr'>φύσεως</span> <span class='ocrx_word' id='word_1_43' title='bbox 736 815 1154 890; x_wconf 74' lang='grc' dir='ltr'>ἀπαράλλακτος</span> <span class='ocrx_word' id='word_1_44' title='bbox 1190 813 1342 884; x_wconf 79' lang='grc' dir='ltr'>οὖσα,</span> <span class='ocrx_word' id='word_1_45' title='bbox 1376 819 1410 884; x_wconf 88' lang='grc' dir='ltr'><strong>ἡ</strong></span> <span class='ocrx_word' id='word_1_46' title='bbox 1446 815 1580 885; x_wconf 80' lang='grc' dir='ltr'>αὐτή</span> <span class='ocrx_word' id='word_1_47' title='bbox 1617 818 1726 870; x_wconf 73' lang='grc' dir='ltr'>εστι</span> <span class='ocrx_word' id='word_1_48' title='bbox 1760 815 1937 892; x_wconf 62' lang='grc' dir='ltr'>φύσις.</span> 
     </span>
    </p>
   </div>
   <div class='ocr_carea' id='block_1_9' title="bbox 290 903 1942 980">
    <p class='ocr_par' dir='ltr' id='par_1_9' title="bbox 290 903 1942 980">
     <span class='ocr_line' id='line_1_9' title="bbox 290 903 1942 980; baseline -0.004 -17"><span class='ocrx_word' id='word_1_49' title='bbox 290 907 529 980; x_wconf 78' lang='grc' dir='ltr'><strong>Ὁμοίως</strong></span> <span class='ocrx_word' id='word_1_50' title='bbox 590 906 692 980; x_wconf 77' lang='grc' dir='ltr'><strong>γὰρ</strong></span> <span class='ocrx_word' id='word_1_51' title='bbox 739 903 878 958; x_wconf 80' lang='grc' dir='ltr'>ἐστιν</span> <span class='ocrx_word' id='word_1_52' title='bbox 927 904 1209 971; x_wconf 76' lang='grc' dir='ltr'>ἀθάνατος,</span> <span class='ocrx_word' id='word_1_53' title='bbox 1260 903 1466 975; x_wconf 83' lang='grc' dir='ltr'>ὁμοίως</span> <span class='ocrx_word' id='word_1_54' title='bbox 1522 907 1690 978; x_wconf 72' lang='grc' dir='ltr'>ἅγιος,</span> <span class='ocrx_word' id='word_1_55' title='bbox 1735 903 1942 974; x_wconf 75' lang='grc' dir='ltr'><strong>ὁμοίιος</strong></span> 
     </span>
    </p>
   </div>
   <div class='ocr_carea' id='block_1_10' title="bbox 291 990 1942 1074">
    <p class='ocr_par' dir='ltr' id='par_1_10' title="bbox 291 990 1942 1074">
     <span class='ocr_line' id='line_1_10' title="bbox 291 990 1942 1074; baseline -0.004 -23"><span class='ocrx_word' id='word_1_56' title='bbox 291 996 585 1074; x_wconf 77' lang='grc' dir='ltr'>ἄφθαρτος,</span> <span class='ocrx_word' id='word_1_57' title='bbox 635 994 844 1068; x_wconf 83' lang='grc' dir='ltr'>ὁμοίως</span> <span class='ocrx_word' id='word_1_58' title='bbox 895 991 1178 1068; x_wconf 75' lang='grc' dir='ltr'>ἄτρεπτος.</span> <span class='ocrx_word' id='word_1_59' title='bbox 1234 994 1415 1061; x_wconf 70' lang='grc' dir='ltr'>Πατὴρ</span> <span class='ocrx_word' id='word_1_60' title='bbox 1467 990 1524 1046; x_wconf 72' lang='grc' dir='ltr'><strong>δὲ</strong></span> <span class='ocrx_word' id='word_1_61' title='bbox 1571 993 1657 1046; x_wconf 80' lang='grc' dir='ltr'><strong>καὶ</strong></span> <span class='ocrx_word' id='word_1_62' title='bbox 1700 992 1820 1052; x_wconf 72' lang='grc' dir='ltr'><strong>Υἱὸς</strong></span> <span class='ocrx_word' id='word_1_63' title='bbox 1854 992 1942 1045; x_wconf 74' lang='grc' dir='ltr'><strong>καὶ</strong></span> 
     </span>
    </p>
   </div>
   <div class='ocr_carea' id='block_1_11' title="bbox 293 1080 1946 1161">
    <p class='ocr_par' dir='ltr' id='par_1_11' title="bbox 293 1080 1946 1161">
     <span class='ocr_line' id='line_1_11' title="bbox 293 1080 1946 1161; baseline -0.003 -23"><span class='ocrx_word' id='word_1_64' title='bbox 293 1087 444 1161; x_wconf 79' lang='grc' dir='ltr'>ἅγιον</span> <span class='ocrx_word' id='word_1_65' title='bbox 493 1088 710 1156; x_wconf 77' lang='grc' dir='ltr'><strong>Πνεῦμα</strong></span> <span class='ocrx_word' id='word_1_66' title='bbox 760 1082 969 1153; x_wconf 86' lang='grc' dir='ltr'>ὁμοίως</span> <span class='ocrx_word' id='word_1_67' title='bbox 1016 1081 1116 1134; x_wconf 76' lang='grc' dir='ltr'>εἰσὶ</span> <span class='ocrx_word' id='word_1_68' title='bbox 1166 1081 1232 1135; x_wconf 74' lang='grc' dir='ltr'><strong>τά</strong></span> <span class='ocrx_word' id='word_1_69' title='bbox 1280 1082 1670 1156; x_wconf 71' lang='grc' dir='ltr'>προειρημένα.</span> <span class='ocrx_word' id='word_1_70' title='bbox 1708 1080 1812 1134; x_wconf 83' lang='grc' dir='ltr'>Μία</span> <span class='ocrx_word' id='word_1_71' title='bbox 1844 1083 1946 1152; x_wconf 67' lang='grc' dir='ltr'>ἄρα</span> 
     </span>
    </p>
   </div>
   <div class='ocr_carea' id='block_1_12' title="bbox 293 1167 1945 1252">
    <p class='ocr_par' dir='ltr' id='par_1_12' title="bbox 293 1167 1945 1252">
     <span class='ocr_line' id='line_1_12' title="bbox 293 1167 1945 1252; baseline -0.003 -24"><span class='ocrx_word' id='word_1_72' title='bbox 293 1174 450 1252; x_wconf 75' lang='grc' dir='ltr'>φύσις</span> <span class='ocrx_word' id='word_1_73' title='bbox 502 1172 612 1228; x_wconf 79' lang='grc' dir='ltr'>ἐστῖ</span> <span class='ocrx_word' id='word_1_74' title='bbox 660 1171 739 1242; x_wconf 82' lang='grc' dir='ltr'>τῷ</span> <span class='ocrx_word' id='word_1_75' title='bbox 788 1169 942 1244; x_wconf 84' lang='grc' dir='ltr'>λόγῳ</span> <span class='ocrx_word' id='word_1_76' title='bbox 986 1177 1085 1238; x_wconf 78' lang='grc' dir='ltr'>τῆς</span> <span class='ocrx_word' id='word_1_77' title='bbox 1133 1169 1484 1239; x_wconf 85' lang='grc' dir='ltr'>ταυτότητος.</span> <span class='ocrx_word' id='word_1_78' title='bbox 1537 1167 1736 1224; x_wconf 74' lang='grc' dir='ltr'>Μακεδ.</span> <span class='ocrx_word' id='word_1_79' title='bbox 1773 1168 1945 1223; x_wconf 79' lang='grc' dir='ltr'>Ἀλλὰ</span> 
     </span>
    </p>
   </div>
   <div class='ocr_carea' id='block_1_13' title="bbox 295 1256 1941 1335">
    <p class='ocr_par' dir='ltr' id='par_1_13' title="bbox 295 1256 1941 1335">
     <span class='ocr_line' id='line_1_13' title="bbox 295 1256 1941 1335; baseline -0.004 -17"><span class='ocrx_word' id='word_1_80' title='bbox 295 1263 684 1324; x_wconf 74' lang='grc' dir='ltr'><strong>ὑποτάσσεσθαι</strong></span> <span class='ocrx_word' id='word_1_81' title='bbox 721 1259 862 1335; x_wconf 71' lang='grc' dir='ltr'>λέγω</span> <span class='ocrx_word' id='word_1_82' title='bbox 891 1264 969 1330; x_wconf 77' lang='grc' dir='ltr'>τῷ</span> <span class='ocrx_word' id='word_1_83' title='bbox 1000 1259 1168 1332; x_wconf 75' lang='grc' dir='ltr'>’Πατρὶ</span> <span class='ocrx_word' id='word_1_84' title='bbox 1201 1260 1291 1312; x_wconf 88' lang='grc' dir='ltr'>τὸν</span> <span class='ocrx_word' id='word_1_85' title='bbox 1329 1259 1468 1328; x_wconf 72' lang='grc' dir='ltr'>Γὶὸν,</span> <span class='ocrx_word' id='word_1_86' title='bbox 1499 1259 1589 1312; x_wconf 88' lang='grc' dir='ltr'><strong>καὶ</strong></span> <span class='ocrx_word' id='word_1_87' title='bbox 1620 1263 1736 1319; x_wconf 78' lang='grc' dir='ltr'><strong>πῶς</strong></span> <span class='ocrx_word' id='word_1_88' title='bbox 1786 1256 1941 1312; x_wconf 79' lang='grc' dir='ltr'>δύνα-</span> 
     </span>
    </p>
   </div>
   <div class='ocr_carea' id='block_1_14' title="bbox 299 1347 1944 1426">
    <p class='ocr_par' dir='ltr' id='par_1_14' title="bbox 299 1347 1944 1426">
     <span class='ocr_line' id='line_1_14' title="bbox 299 1347 1944 1426; baseline -0.005 -18"><span class='ocrx_word' id='word_1_89' title='bbox 299 1373 393 1426; x_wconf 86' lang='grc' dir='ltr'><strong>μαι</strong></span> <span class='ocrx_word' id='word_1_90' title='bbox 426 1351 593 1406; x_wconf 80' lang='grc' dir='ltr'>εἰπεῖν</span> <span class='ocrx_word' id='word_1_91' title='bbox 631 1349 756 1422; x_wconf 90' lang='grc' dir='ltr'>μίαν</span> <span class='ocrx_word' id='word_1_92' title='bbox 789 1347 941 1424; x_wconf 67' lang='grc' dir='ltr'>φύσιν</span> <span class='ocrx_word' id='word_1_93' title='bbox 971 1367 983 1415; x_wconf 91' lang='grc'><strong>;</strong></span> <span class='ocrx_word' id='word_1_94' title='bbox 1018 1349 1167 1419; x_wconf 69' lang='grc' dir='ltr'><strong>Ὀρθ.</strong></span> <span class='ocrx_word' id='word_1_95' title='bbox 1203 1348 1315 1415; x_wconf 75' lang='grc' dir='ltr'><strong>Τὴν</strong></span> <span class='ocrx_word' id='word_1_96' title='bbox 1351 1349 1453 1422; x_wconf 74' lang='grc' dir='ltr'><strong>γὰρ</strong></span> <span class='ocrx_word' id='word_1_97' title='bbox 1497 1348 1796 1422; x_wconf 78' lang='grc' dir='ltr'><strong>ὑποταγὴν,</strong></span> <span class='ocrx_word' id='word_1_98' title='bbox 1846 1355 1944 1416; x_wconf 77' lang='grc' dir='ltr'>τῆς</span> 
     </span>
    </p>
   </div>
   <div class='ocr_carea' id='block_1_15' title="bbox 296 1435 1945 1519">
    <p class='ocr_par' dir='ltr' id='par_1_15' title="bbox 296 1435 1945 1519">
     <span class='ocr_line' id='line_1_15' title="bbox 296 1435 1945 1519; baseline -0.004 -24"><span class='ocrx_word' id='word_1_99' title='bbox 296 1441 504 1519; x_wconf 75' lang='grc' dir='ltr'>φύσεως</span> <span class='ocrx_word' id='word_1_100' title='bbox 565 1438 839 1513; x_wconf 77' lang='grc' dir='ltr'>ὑποταγὴς</span> <span class='ocrx_word' id='word_1_101' title='bbox 898 1437 1028 1490; x_wconf 81' lang='grc' dir='ltr'>εἶναι</span> <span class='ocrx_word' id='word_1_102' title='bbox 1091 1435 1293 1510; x_wconf 72' lang='grc' dir='ltr'>λὲγεις,</span> <span class='ocrx_word' id='word_1_103' title='bbox 1341 1436 1374 1504; x_wconf 72' lang='grc' dir='ltr'><strong>ἢ</strong></span> <span class='ocrx_word' id='word_1_104' title='bbox 1429 1443 1528 1504; x_wconf 84' lang='grc' dir='ltr'>τῆς</span> <span class='ocrx_word' id='word_1_105' title='bbox 1592 1436 1945 1508; x_wconf 43' lang='grc' dir='ltr'>οἰκονομίας</span> 
     </span>
    </p>
   </div>
   <div class='ocr_carea' id='block_1_16' title="bbox 298 1524 1946 1604">
    <p class='ocr_par' dir='ltr' id='par_1_16' title="bbox 298 1524 1946 1604">
     <span class='ocr_line' id='line_1_16' title="bbox 298 1524 1946 1604; baseline -0.004 -19"><span class='ocrx_word' id='word_1_106' title='bbox 298 1527 479 1588; x_wconf 60' lang='lat' dir='ltr'><strong>Musa</strong></span> <span class='ocrx_word' id='word_1_107' title='bbox 546 1533 653 1596; x_wconf 79' lang='grc' dir='ltr'><strong>Τῆς</strong></span> <span class='ocrx_word' id='word_1_108' title='bbox 712 1525 942 1604; x_wconf 81' lang='grc' dir='ltr'>φύσεως.</span> <span class='ocrx_word' id='word_1_109' title='bbox 995 1527 1139 1599; x_wconf 80' lang='grc' dir='ltr'><strong>Ὀρθ.</strong></span> <span class='ocrx_word' id='word_1_110' title='bbox 1192 1525 1402 1581; x_wconf 76' lang='grc' dir='ltr'>Οὐκοῦν</span> <span class='ocrx_word' id='word_1_111' title='bbox 1455 1524 1712 1596; x_wconf 85' lang='grc' dir='ltr'>ἀνόμοιον</span> <span class='ocrx_word' id='word_1_112' title='bbox 1766 1525 1946 1598; x_wconf 78' lang='grc' dir='ltr'>λὲγεις</span> 
     </span>
    </p>
   </div>
   <div class='ocr_carea' id='block_1_17' title="bbox 298 1612 1949 1691">
    <p class='ocr_par' dir='ltr' id='par_1_17' title="bbox 298 1612 1949 1691">
     <span class='ocr_line' id='line_1_17' title="bbox 298 1612 1949 1691; baseline -0.003 -19"><span class='ocrx_word' id='word_1_113' title='bbox 298 1620 396 1687; x_wconf 76' lang='grc' dir='ltr'><strong>τήν</strong></span> <span class='ocrx_word' id='word_1_114' title='bbox 455 1617 649 1691; x_wconf 82' lang='grc' dir='ltr'>φύσιν;</span> <span class='ocrx_word' id='word_1_115' title='bbox 703 1612 900 1669; x_wconf 76' lang='grc' dir='ltr'>Μακεδ.</span> <span class='ocrx_word' id='word_1_116' title='bbox 955 1616 1041 1682; x_wconf 75' lang='grc' dir='ltr'>Μή</span> <span class='ocrx_word' id='word_1_117' title='bbox 1095 1613 1343 1690; x_wconf 62' lang='grc' dir='ltr'>γίνοιτοί</span> <span class='ocrx_word' id='word_1_118' title='bbox 1409 1615 1534 1687; x_wconf 69' lang='lat' dir='ltr'><strong>Ope.</strong></span> <span class='ocrx_word' id='word_1_119' title='bbox 1593 1615 1757 1670; x_wconf 78' lang='grc' dir='ltr'>’Όταν</span> <span class='ocrx_word' id='word_1_120' title='bbox 1819 1613 1949 1689; x_wconf 69' lang='grc' dir='ltr'>λέγῃ</span> 
     </span>
    </p>
   </div>
   <div class='ocr_carea' id='block_1_18' title="bbox 300 1700 1946 1783">
    <p class='ocr_par' dir='ltr' id='par_1_18' title="bbox 300 1700 1946 1783">
     <span class='ocr_line' id='line_1_18' title="bbox 300 1700 1946 1783; baseline -0.003 -24"><span class='ocrx_word' id='word_1_121' title='bbox 300 1708 327 1761; x_wconf 81' lang='grc' dir='ltr'>ὁ</span> <span class='ocrx_word' id='word_1_122' title='bbox 377 1707 691 1783; x_wconf 68' lang='grc' dir='ltr'>Προφήτης·</span> <span class='ocrx_word' id='word_1_123' title='bbox 723 1729 748 1754; x_wconf 80' lang='grc'><em>‹‹</em></span> <span class='ocrx_word' id='word_1_124' title='bbox 814 1704 989 1758; x_wconf 87' lang='grc' dir='ltr'>Πάντα</span> <span class='ocrx_word' id='word_1_125' title='bbox 1039 1703 1299 1773; x_wconf 61' lang='grc' dir='ltr'>ὑπέταξας</span> <span class='ocrx_word' id='word_1_126' title='bbox 1344 1702 1596 1756; x_wconf 76' lang='grc' dir='ltr'>ὑποκάτω</span> <span class='ocrx_word' id='word_1_127' title='bbox 1626 1708 1730 1756; x_wconf 76' lang='grc' dir='ltr'><strong>τῶν</strong></span> <span class='ocrx_word' id='word_1_128' title='bbox 1764 1700 1946 1756; x_wconf 79' lang='grc' dir='ltr'>ποδῶν</span> 
     </span>
    </p>
   </div>
   <div class='ocr_carea' id='block_1_19' title="bbox 297 1787 1947 1869">
    <p class='ocr_par' dir='ltr' id='par_1_19' title="bbox 297 1787 1947 1869">
     <span class='ocr_line' id='line_1_19' title="bbox 297 1787 1947 1869; baseline -0.004 -20"><span class='ocrx_word' id='word_1_129' title='bbox 297 1795 482 1863; x_wconf 72' lang='grc' dir='ltr'>αὑτοῦ,</span> <span class='ocrx_word' id='word_1_130' title='bbox 517 1787 764 1869; x_wconf 73' lang='grc' dir='ltr'>πρόϐατα</span> <span class='ocrx_word' id='word_1_131' title='bbox 795 1792 882 1846; x_wconf 81' lang='grc' dir='ltr'><strong>καὶ</strong></span> <span class='ocrx_word' id='word_1_132' title='bbox 919 1791 1046 1866; x_wconf 84' lang='grc' dir='ltr'>βόας</span> <span class='ocrx_word' id='word_1_133' title='bbox 1079 1790 1309 1857; x_wconf 79' lang='grc' dir='ltr'>ἁπάσας,</span> <span class='ocrx_word' id='word_1_134' title='bbox 1341 1790 1418 1845; x_wconf 79' lang='grc' dir='ltr'>ἔτι</span> <span class='ocrx_word' id='word_1_135' title='bbox 1447 1788 1504 1845; x_wconf 74' lang='grc' dir='ltr'><strong>δὲ</strong></span> <span class='ocrx_word' id='word_1_136' title='bbox 1535 1791 1622 1845; x_wconf 86' lang='grc' dir='ltr'><strong>καὶ</strong></span> <span class='ocrx_word' id='word_1_137' title='bbox 1661 1793 1727 1844; x_wconf 79' lang='grc' dir='ltr'><strong>τά</strong></span> <span class='ocrx_word' id='word_1_138' title='bbox 1775 1793 1947 1860; x_wconf 89' lang='grc' dir='ltr'>κτήνη</span> 
     </span>
    </p>
   </div>
   <div class='ocr_carea' id='block_1_20' title="bbox 298 1879 2032 1986">
    <p class='ocr_par' dir='ltr' id='par_1_20' title="bbox 298 1879 2032 1986">
     <span class='ocr_line' id='line_1_20' title="bbox 298 1879 2032 1986; baseline -0.003 -47"><span class='ocrx_word' id='word_1_139' title='bbox 298 1889 394 1939; x_wconf 74' lang='grc' dir='ltr'>τοῦ</span> <span class='ocrx_word' id='word_1_140' title='bbox 424 1881 636 1950; x_wconf 80' lang='grc' dir='ltr'>πεδίου,</span> <span class='ocrx_word' id='word_1_141' title='bbox 697 1905 724 1932; x_wconf 85' lang='grc' dir='ltr'>ι(</span> <span class='ocrx_word' id='word_1_142' title='bbox 775 1882 872 1949; x_wconf 77' lang='grc' dir='ltr'>τὴν</span> <span class='ocrx_word' id='word_1_143' title='bbox 921 1880 1078 1958; x_wconf 69' lang='grc' dir='ltr'>φύσεν</span> <span class='ocrx_word' id='word_1_144' title='bbox 1125 1884 1230 1934; x_wconf 78' lang='grc' dir='ltr'><strong>τῶν</strong></span> <span class='ocrx_word' id='word_1_145' title='bbox 1282 1879 1494 1956; x_wconf 83' lang='grc' dir='ltr'>ἀλόγων</span> <span class='ocrx_word' id='word_1_146' title='bbox 1543 1879 1611 1954; x_wconf 75' lang='grc' dir='ltr'>τῇ</span> <span class='ocrx_word' id='word_1_147' title='bbox 1660 1879 1811 1957; x_wconf 62' lang='grc' dir='ltr'>φύσει</span> <span class='ocrx_word' id='word_1_148' title='bbox 1840 1885 1948 1934; x_wconf 82' lang='grc' dir='ltr'><strong>τῶν</strong></span> <span class='ocrx_word' id='word_1_149' title='bbox 1984 1921 2032 1986; x_wconf 82' lang='grc' dir='ltr'><strong>Β</strong></span> 
     </span>
     <span class='ocr_line' id='line_1_21' title="bbox 313 1965 1921 1986; baseline 0 0"><span class='ocrx_word' id='word_1_150' title='bbox 313 1975 326 1986; x_wconf 75' lang='grc' dir='ltr'>ιι</span> <span class='ocrx_word' id='word_1_151' title='bbox 365 1975 387 1986; x_wconf 72' lang='grc' dir='ltr'><strong>Α</strong></span> <span class='ocrx_word' id='word_1_152' title='bbox 453 1974 463 1986; x_wconf 80' lang='grc'><strong><em>1</em></strong></span> <span class='ocrx_word' id='word_1_153' title='bbox 664 1971 677 1986; x_wconf 74' lang='grc' dir='ltr'><strong>ο</strong></span> <span class='ocrx_word' id='word_1_154' title='bbox 814 1969 822 1986; x_wconf 74' lang='grc' dir='ltr'>ν</span> <span class='ocrx_word' id='word_1_155' title='bbox 967 1981 983 1986; x_wconf 72' lang='grc'><strong>-</strong></span> <span class='ocrx_word' id='word_1_156' title='bbox 1109 1967 1126 1986; x_wconf 51' lang='grc' dir='ltr'>λ</span> <span class='ocrx_word' id='word_1_157' title='bbox 1154 1969 1163 1986; x_wconf 76' lang='grc'><strong><em>1</em></strong></span> <span class='ocrx_word' id='word_1_158' title='bbox 1362 1976 1404 1986; x_wconf 74' lang='grc' dir='ltr'>ιι</span> <span class='ocrx_word' id='word_1_159' title='bbox 1513 1965 1537 1986; x_wconf 61' lang='grc' dir='ltr'>δ</span> <span class='ocrx_word' id='word_1_160' title='bbox 1621 1976 1660 1986; x_wconf 67' lang='grc' dir='ltr'><strong>ιν</strong></span> <span class='ocrx_word' id='word_1_161' title='bbox 1710 1968 1722 1986; x_wconf 76' lang='grc' dir='ltr'><strong><em>Ι</em></strong></span> <span class='ocrx_word' id='word_1_162' title='bbox 1797 1970 1856 1986; x_wconf 68' lang='grc' dir='ltr'>Ἀ</span> <span class='ocrx_word' id='word_1_163' title='bbox 1903 1980 1921 1986; x_wconf 64' lang='grc' dir='ltr'><strong>Α</strong></span> 
     </span>
    </p>
   </div>
   <div class='ocr_carea' id='block_1_21' title="bbox 302 1965 1946 2048">
    <p class='ocr_par' dir='ltr' id='par_1_21' title="bbox 302 1965 1946 2048">
     <span class='ocr_line' id='line_1_22' title="bbox 302 1965 1946 2048; baseline -0.001 -22"><span class='ocrx_word' id='word_1_164' title='bbox 302 1974 595 2048; x_wconf 76' lang='grc' dir='ltr'>ἀνθρώπων</span> <span class='ocrx_word' id='word_1_165' title='bbox 658 1969 1048 2032; x_wconf 76' lang='grc' dir='ltr'>ὑποτάσσεσθαι</span> <span class='ocrx_word' id='word_1_166' title='bbox 1109 1967 1297 2044; x_wconf 77' lang='grc' dir='ltr'>λεγει;</span> <span class='ocrx_word' id='word_1_167' title='bbox 1360 1965 1558 2024; x_wconf 81' lang='grc' dir='ltr'>Μακεδ.</span> <span class='ocrx_word' id='word_1_168' title='bbox 1621 1968 1740 2024; x_wconf 81' lang='grc' dir='ltr'>Ναί.</span> <span class='ocrx_word' id='word_1_169' title='bbox 1797 1970 1946 2041; x_wconf 82' lang='grc' dir='ltr'><strong>Ὀρθ.</strong></span> 
     </span>
    </p>
   </div>
   <div class='ocr_carea' id='block_1_22' title="bbox 302 2057 1954 2136">
    <p class='ocr_par' dir='ltr' id='par_1_22' title="bbox 302 2057 1954 2136">
     <span class='ocr_line' id='line_1_23' title="bbox 302 2057 1954 2136; baseline -0.004 -20"><span class='ocrx_word' id='word_1_170' title='bbox 302 2061 595 2134; x_wconf 85' lang='grc' dir='ltr'>Ἀνόμοιος</span> <span class='ocrx_word' id='word_1_171' title='bbox 630 2057 687 2114; x_wconf 74' lang='grc' dir='ltr'><strong>δὲ</strong></span> <span class='ocrx_word' id='word_1_172' title='bbox 715 2060 748 2128; x_wconf 83' lang='grc' dir='ltr'>ἠ</span> <span class='ocrx_word' id='word_1_173' title='bbox 784 2058 940 2136; x_wconf 68' lang='grc' dir='ltr'>φύσις</span> <span class='ocrx_word' id='word_1_174' title='bbox 971 2062 1077 2112; x_wconf 79' lang='grc' dir='ltr'>τῶν</span> <span class='ocrx_word' id='word_1_175' title='bbox 1111 2059 1321 2127; x_wconf 76' lang='grc' dir='ltr'>κτηνών</span> <span class='ocrx_word' id='word_1_176' title='bbox 1349 2059 1419 2128; x_wconf 78' lang='grc' dir='ltr'>τῇ</span> <span class='ocrx_word' id='word_1_177' title='bbox 1450 2057 1601 2136; x_wconf 69' lang='grc' dir='ltr'>φύσει</span> <span class='ocrx_word' id='word_1_178' title='bbox 1629 2062 1697 2130; x_wconf 79' lang='grc' dir='ltr'>τῇ</span> <span class='ocrx_word' id='word_1_179' title='bbox 1749 2057 1954 2128; x_wconf 74' lang='grc' dir='ltr'><strong>ἀνθρω-</strong></span> 
     </span>
    </p>
   </div>
   <div class='ocr_carea' id='block_1_23' title="bbox 301 2144 1954 2224">
    <p class='ocr_par' dir='ltr' id='par_1_23' title="bbox 301 2144 1954 2224">
     <span class='ocr_line' id='line_1_24' title="bbox 301 2144 1954 2224; baseline -0.004 -20"><span class='ocrx_word' id='word_1_180' title='bbox 301 2151 467 2224; x_wconf 74' lang='grc' dir='ltr'>πίνῃς</span> <span class='ocrx_word' id='word_1_181' title='bbox 539 2144 746 2204; x_wconf 79' lang='grc' dir='ltr'>Μακεδ.</span> <span class='ocrx_word' id='word_1_182' title='bbox 823 2146 946 2202; x_wconf 89' lang='grc' dir='ltr'>Ναί.</span> <span class='ocrx_word' id='word_1_183' title='bbox 1011 2151 1138 2221; x_wconf 71' lang='lat' dir='ltr'><strong>Opi).</strong></span> <span class='ocrx_word' id='word_1_184' title='bbox 1220 2147 1342 2202; x_wconf 73' lang='grc' dir='ltr'><strong>Ἐάν</strong></span> <span class='ocrx_word' id='word_1_185' title='bbox 1409 2145 1565 2222; x_wconf 71' lang='grc' dir='ltr'>λέγῃ.</span> <span class='ocrx_word' id='word_1_186' title='bbox 1626 2171 1645 2196; x_wconf 74' lang='grc' dir='ltr'><strong>α</strong></span> <span class='ocrx_word' id='word_1_187' title='bbox 1707 2144 1954 2214; x_wconf 70' lang='grc' dir='ltr'>Ὑπεταξε</span> 
     </span>
    </p>
   </div>
   <div class='ocr_carea' id='block_1_24' title="bbox 300 2232 1952 2310">
    <p class='ocr_par' dir='ltr' id='par_1_24' title="bbox 300 2232 1952 2310">
     <span class='ocr_line' id='line_1_25' title="bbox 300 2232 1952 2310; baseline -0.005 -17"><span class='ocrx_word' id='word_1_188' title='bbox 300 2237 466 2300; x_wconf 77' lang='grc' dir='ltr'>λαοὺς</span> <span class='ocrx_word' id='word_1_189' title='bbox 512 2240 648 2310; x_wconf 80' lang='grc' dir='ltr'>ἡμῖν</span> <span class='ocrx_word' id='word_1_190' title='bbox 699 2235 788 2290; x_wconf 82' lang='grc' dir='ltr'><strong>καὶ</strong></span> <span class='ocrx_word' id='word_1_191' title='bbox 835 2233 958 2304; x_wconf 78' lang='grc' dir='ltr'>ἔθνη</span> <span class='ocrx_word' id='word_1_192' title='bbox 995 2235 1096 2288; x_wconf 86' lang='grc' dir='ltr'>ὑπὸ</span> <span class='ocrx_word' id='word_1_193' title='bbox 1126 2233 1251 2296; x_wconf 76' lang='grc' dir='ltr'>τοὺς</span> <span class='ocrx_word' id='word_1_194' title='bbox 1284 2232 1452 2296; x_wconf 83' lang='grc' dir='ltr'>πόδας</span> <span class='ocrx_word' id='word_1_195' title='bbox 1483 2237 1664 2306; x_wconf 78' lang='grc' dir='ltr'>ἡμῶν,</span> <span class='ocrx_word' id='word_1_196' title='bbox 1701 2258 1727 2284; x_wconf 87' lang='grc'><strong>››</strong></span> <span class='ocrx_word' id='word_1_197' title='bbox 1761 2233 1822 2288; x_wconf 76' lang='grc' dir='ltr'><strong>οὐ</strong></span> <span class='ocrx_word' id='word_1_198' title='bbox 1853 2233 1952 2300; x_wconf 77' lang='grc' dir='ltr'>τήν</span> 
     </span>
    </p>
   </div>
   <div class='ocr_carea' id='block_1_25' title="bbox 301 2320 1952 2404">
    <p class='ocr_par' dir='ltr' id='par_1_25' title="bbox 301 2320 1952 2404">
     <span class='ocr_line' id='line_1_26' title="bbox 301 2320 1952 2404; baseline -0.004 -23"><span class='ocrx_word' id='word_1_199' title='bbox 301 2326 455 2404; x_wconf 70' lang='grc' dir='ltr'>φύσιν</span> <span class='ocrx_word' id='word_1_200' title='bbox 487 2330 555 2399; x_wconf 81' lang='grc' dir='ltr'>τῇ</span> <span class='ocrx_word' id='word_1_201' title='bbox 589 2324 741 2402; x_wconf 75' lang='grc' dir='ltr'>φύσει</span> <span class='ocrx_word' id='word_1_202' title='bbox 773 2322 940 2398; x_wconf 74' lang='grc' dir='ltr'>λέγει,</span> <span class='ocrx_word' id='word_1_203' title='bbox 975 2321 1122 2378; x_wconf 81' lang='grc' dir='ltr'><strong>ἀλλά</strong></span> <span class='ocrx_word' id='word_1_204' title='bbox 1148 2324 1247 2391; x_wconf 63' lang='grc' dir='ltr'>τὴν</span> <span class='ocrx_word' id='word_1_205' title='bbox 1279 2329 1378 2392; x_wconf 81' lang='grc' dir='ltr'>τῆς</span> <span class='ocrx_word' id='word_1_206' title='bbox 1406 2323 1666 2395; x_wconf 74' lang='grc' dir='ltr'>ἁμαρτίας</span> <span class='ocrx_word' id='word_1_207' title='bbox 1702 2320 1952 2376; x_wconf 83' lang='grc' dir='ltr'>δουλείαν</span> 
     </span>
    </p>
   </div>
   <div class='ocr_carea' id='block_1_26' title="bbox 298 2409 1943 2489">
    <p class='ocr_par' dir='ltr' id='par_1_26' title="bbox 298 2409 1943 2489">
     <span class='ocr_line' id='line_1_27' title="bbox 298 2409 1943 2489; baseline -0.002 -20"><span class='ocrx_word' id='word_1_208' title='bbox 298 2421 368 2489; x_wconf 79' lang='grc' dir='ltr'>τῇ</span> <span class='ocrx_word' id='word_1_209' title='bbox 399 2413 680 2489; x_wconf 77' lang='grc' dir='ltr'>ἐλευθερίᾳ</span> <span class='ocrx_word' id='word_1_210' title='bbox 707 2419 807 2482; x_wconf 81' lang='grc' dir='ltr'>τῆς</span> <span class='ocrx_word' id='word_1_211' title='bbox 867 2412 1142 2480; x_wconf 85' lang='grc' dir='ltr'>πίστεως;</span> <span class='ocrx_word' id='word_1_212' title='bbox 1206 2409 1411 2468; x_wconf 84' lang='grc' dir='ltr'>Μακεδ.</span> <span class='ocrx_word' id='word_1_213' title='bbox 1465 2412 1584 2466; x_wconf 83' lang='grc' dir='ltr'>Ναί.</span> <span class='ocrx_word' id='word_1_214' title='bbox 1636 2413 1784 2484; x_wconf 74' lang='grc' dir='ltr'><strong>Ὀρθ.</strong></span> <span class='ocrx_word' id='word_1_215' title='bbox 1818 2410 1943 2465; x_wconf 71' lang='grc' dir='ltr'><strong>’Ἄλ-</strong></span> 
     </span>
    </p>
   </div>
   <div class='ocr_carea' id='block_1_27' title="bbox 303 2498 1958 2574">
    <p class='ocr_par' dir='ltr' id='par_1_27' title="bbox 303 2498 1958 2574">
     <span class='ocr_line' id='line_1_28' title="bbox 303 2498 1958 2574; baseline -0.004 -15"><span class='ocrx_word' id='word_1_216' title='bbox 303 2504 414 2565; x_wconf 87' lang='grc' dir='ltr'>λως</span> <span class='ocrx_word' id='word_1_217' title='bbox 464 2503 552 2558; x_wconf 75' lang='grc' dir='ltr'><strong>οὖν</strong></span> <span class='ocrx_word' id='word_1_218' title='bbox 611 2505 746 2574; x_wconf 79' lang='grc' dir='ltr'>ἡμῖν</span> <span class='ocrx_word' id='word_1_219' title='bbox 796 2503 862 2556; x_wconf 76' lang='grc' dir='ltr'><strong>τά</strong></span> <span class='ocrx_word' id='word_1_220' title='bbox 913 2504 1085 2571; x_wconf 90' lang='grc' dir='ltr'>κτήνη</span> <span class='ocrx_word' id='word_1_221' title='bbox 1142 2500 1518 2570; x_wconf 78' lang='grc' dir='ltr'>ὑποτάσσεται,</span> <span class='ocrx_word' id='word_1_222' title='bbox 1551 2499 1639 2554; x_wconf 80' lang='grc' dir='ltr'><strong>καὶ</strong></span> <span class='ocrx_word' id='word_1_223' title='bbox 1675 2498 1861 2561; x_wconf 74' lang='grc' dir='ltr'>ἄλλως</span> <span class='ocrx_word' id='word_1_224' title='bbox 1892 2499 1958 2553; x_wconf 79' lang='grc' dir='ltr'>τὰ</span> 
     </span>
    </p>
   </div>
   <div class='ocr_carea' id='block_1_28' title="bbox 303 2587 1955 2665">
    <p class='ocr_par' dir='ltr' id='par_1_28' title="bbox 303 2587 1955 2665">
     <span class='ocr_line' id='line_1_29' title="bbox 303 2587 1955 2665; baseline -0.004 -18"><span class='ocrx_word' id='word_1_225' title='bbox 303 2589 472 2663; x_wconf 80' lang='grc' dir='ltr'>ἔθνη;</span> <span class='ocrx_word' id='word_1_226' title='bbox 536 2587 743 2648; x_wconf 85' lang='grc' dir='ltr'>Μακεδ.</span> <span class='ocrx_word' id='word_1_227' title='bbox 797 2590 914 2646; x_wconf 75' lang='grc' dir='ltr'>Ναί.</span> <span class='ocrx_word' id='word_1_228' title='bbox 971 2591 1119 2662; x_wconf 73' lang='grc' dir='ltr'><strong>Ὀρθ.</strong></span> <span class='ocrx_word' id='word_1_229' title='bbox 1172 2589 1293 2644; x_wconf 78' lang='grc' dir='ltr'>Ἐὰν</span> <span class='ocrx_word' id='word_1_230' title='bbox 1353 2588 1552 2662; x_wconf 75' lang='grc' dir='ltr'>λεγῃή</span> <span class='ocrx_word' id='word_1_231' title='bbox 1591 2590 1798 2665; x_wconf 73' lang='grc' dir='ltr'>Γραφή,</span> <span class='ocrx_word' id='word_1_232' title='bbox 1835 2612 1861 2639; x_wconf 85' lang='grc'><strong>‹‹</strong></span> <span class='ocrx_word' id='word_1_233' title='bbox 1894 2587 1955 2646; x_wconf 76' lang='grc' dir='ltr'><strong>Οἱ</strong></span> 
     </span>
    </p>
   </div>
   <div class='ocr_carea' id='block_1_29' title="bbox 303 2675 1956 2752">
    <p class='ocr_par' dir='ltr' id='par_1_29' title="bbox 303 2675 1956 2752">
     <span class='ocr_line' id='line_1_30' title="bbox 303 2675 1956 2752; baseline -0.002 -18"><span class='ocrx_word' id='word_1_234' title='bbox 303 2679 495 2735; x_wconf 73' lang='grc' dir='ltr'>δοῦλοι</span> <span class='ocrx_word' id='word_1_235' title='bbox 557 2678 987 2750; x_wconf 76' lang='grc' dir='ltr'>ὑποτασσόμενοι</span> <span class='ocrx_word' id='word_1_236' title='bbox 1049 2682 1164 2738; x_wconf 87' lang='grc' dir='ltr'>τοῖς</span> <span class='ocrx_word' id='word_1_237' title='bbox 1211 2679 1346 2732; x_wconf 73' lang='grc' dir='ltr'>κατὰ</span> <span class='ocrx_word' id='word_1_238' title='bbox 1397 2679 1564 2750; x_wconf 65' lang='grc' dir='ltr'>σάρκα</span> <span class='ocrx_word' id='word_1_239' title='bbox 1611 2677 1843 2752; x_wconf 74' lang='grc' dir='ltr'>κυρίοις,</span> <span class='ocrx_word' id='word_1_240' title='bbox 1895 2675 1956 2730; x_wconf 80' lang='grc' dir='ltr'><strong>οὑ</strong></span> 
     </span>
    </p>
   </div>
   <div class='ocr_carea' id='block_1_30' title="bbox 310 2765 1956 2842">
    <p class='ocr_par' dir='ltr' id='par_1_30' title="bbox 310 2765 1956 2842">
     <span class='ocr_line' id='line_1_31' title="bbox 310 2765 1956 2842; baseline -0.002 -20"><span class='ocrx_word' id='word_1_241' title='bbox 310 2767 477 2842; x_wconf 82' lang='grc' dir='ltr'>μόνον</span> <span class='ocrx_word' id='word_1_242' title='bbox 537 2773 654 2829; x_wconf 88' lang='grc' dir='ltr'>τοῖς</span> <span class='ocrx_word' id='word_1_243' title='bbox 714 2767 935 2842; x_wconf 82' lang='grc' dir='ltr'>ἀγαθοῖς</span> <span class='ocrx_word' id='word_1_244' title='bbox 985 2766 1075 2820; x_wconf 78' lang='grc' dir='ltr'><strong>καὶ</strong></span> <span class='ocrx_word' id='word_1_245' title='bbox 1125 2766 1434 2832; x_wconf 71' lang='grc' dir='ltr'>ἐπιεικέσιν,</span> <span class='ocrx_word' id='word_1_246' title='bbox 1493 2765 1639 2820; x_wconf 75' lang='grc' dir='ltr'>ἀλλὰ</span> <span class='ocrx_word' id='word_1_247' title='bbox 1698 2766 1787 2819; x_wconf 80' lang='grc' dir='ltr'><strong>καὶ</strong></span> <span class='ocrx_word' id='word_1_248' title='bbox 1841 2770 1956 2826; x_wconf 79' lang='grc' dir='ltr'>τοῖς</span> 
     </span>
    </p>
   </div>
   <div class='ocr_carea' id='block_1_31' title="bbox 303 2851 1956 2926">
    <p class='ocr_par' dir='ltr' id='par_1_31' title="bbox 303 2851 1956 2926">
     <span class='ocr_line' id='line_1_32' title="bbox 303 2851 1956 2926; baseline -0.003 -15"><span class='ocrx_word' id='word_1_249' title='bbox 303 2857 572 2923; x_wconf 86' lang='grc' dir='ltr'>σκολιοῖς,</span> <span class='ocrx_word' id='word_1_250' title='bbox 607 2879 634 2905; x_wconf 85' lang='grc'><strong>››</strong></span> <span class='ocrx_word' id='word_1_251' title='bbox 666 2855 855 2917; x_wconf 81' lang='grc' dir='ltr'>ἄλλως</span> <span class='ocrx_word' id='word_1_252' title='bbox 885 2856 951 2909; x_wconf 70' lang='grc' dir='ltr'>τὰ</span> <span class='ocrx_word' id='word_1_253' title='bbox 1005 2856 1202 2924; x_wconf 86' lang='grc' dir='ltr'>κτήνη,</span> <span class='ocrx_word' id='word_1_254' title='bbox 1235 2857 1323 2909; x_wconf 87' lang='grc' dir='ltr'><strong>καὶ</strong></span> <span class='ocrx_word' id='word_1_255' title='bbox 1357 2852 1541 2915; x_wconf 72' lang='grc' dir='ltr'>ἄλλως</span> <span class='ocrx_word' id='word_1_256' title='bbox 1569 2855 1636 2908; x_wconf 73' lang='grc' dir='ltr'>τὰ</span> <span class='ocrx_word' id='word_1_257' title='bbox 1666 2851 1816 2926; x_wconf 74' lang='grc' dir='ltr'>ἔθνη,</span> <span class='ocrx_word' id='word_1_258' title='bbox 1869 2853 1956 2908; x_wconf 80' lang='grc' dir='ltr'><strong>καὶ</strong></span> 
     </span>
    </p>
   </div>
   <div class='ocr_carea' id='block_1_32' title="bbox 305 2940 1957 3018">
    <p class='ocr_par' dir='ltr' id='par_1_32' title="bbox 305 2940 1957 3018">
     <span class='ocr_line' id='line_1_33' title="bbox 305 2940 1957 3018; baseline -0.004 -17"><span class='ocrx_word' id='word_1_259' title='bbox 305 2943 494 3008; x_wconf 79' lang='grc' dir='ltr'>ἄλλως</span> <span class='ocrx_word' id='word_1_260' title='bbox 537 2946 586 3000; x_wconf 71' lang='grc' dir='ltr'>οἱ</span> <span class='ocrx_word' id='word_1_261' title='bbox 643 2941 855 2998; x_wconf 74' lang='grc' dir='ltr'>δοῦλοιο</span> <span class='ocrx_word' id='word_1_262' title='bbox 901 2944 968 2997; x_wconf 74' lang='grc' dir='ltr'><strong>τά</strong></span> <span class='ocrx_word' id='word_1_263' title='bbox 1011 2944 1114 3018; x_wconf 72' lang='grc' dir='ltr'>γὰρ</span> <span class='ocrx_word' id='word_1_264' title='bbox 1147 2945 1320 3014; x_wconf 87' lang='grc' dir='ltr'>κτήνη</span> <span class='ocrx_word' id='word_1_265' title='bbox 1351 2947 1420 3016; x_wconf 77' lang='grc' dir='ltr'>τῇ</span> <span class='ocrx_word' id='word_1_266' title='bbox 1453 2943 1604 3014; x_wconf 80' lang='grc' dir='ltr'>φύσει</span> <span class='ocrx_word' id='word_1_267' title='bbox 1637 2945 1702 2997; x_wconf 72' lang='grc' dir='ltr'>τὰ</span> <span class='ocrx_word' id='word_1_268' title='bbox 1732 2940 1856 3012; x_wconf 76' lang='grc' dir='ltr'>ἔθνη</span> <span class='ocrx_word' id='word_1_269' title='bbox 1889 2946 1957 3016; x_wconf 76' lang='grc' dir='ltr'>τῇ</span> 
     </span>
    </p>
   </div>
   <div class='ocr_carea' id='block_1_33' title="bbox 304 3031 1960 3108">
    <p class='ocr_par' dir='ltr' id='par_1_33' title="bbox 304 3031 1960 3108">
     <span class='ocr_line' id='line_1_34' title="bbox 304 3031 1960 3108; baseline -0.003 -19"><span class='ocrx_word' id='word_1_270' title='bbox 304 3035 502 3102; x_wconf 83' lang='grc' dir='ltr'>πίστει,</span> <span class='ocrx_word' id='word_1_271' title='bbox 533 3034 585 3088; x_wconf 73' lang='grc' dir='ltr'>οἱ</span> <span class='ocrx_word' id='word_1_272' title='bbox 617 3031 805 3088; x_wconf 76' lang='grc' dir='ltr'>δοῦλοι</span> <span class='ocrx_word' id='word_1_273' title='bbox 837 3037 914 3104; x_wconf 80' lang='grc' dir='ltr'>τῷ</span> <span class='ocrx_word' id='word_1_274' title='bbox 944 3032 1120 3104; x_wconf 85' lang='grc' dir='ltr'>νόμῳ.</span> <span class='ocrx_word' id='word_1_275' title='bbox 1155 3033 1432 3108; x_wconf 77' lang='grc' dir='ltr'>Ἐγχωρεῖ</span> <span class='ocrx_word' id='word_1_276' title='bbox 1461 3032 1562 3106; x_wconf 72' lang='grc' dir='ltr'>γάρ</span> <span class='ocrx_word' id='word_1_277' title='bbox 1580 3031 1707 3093; x_wconf 73' lang='grc' dir='ltr'>τοὺς</span> <span class='ocrx_word' id='word_1_278' title='bbox 1727 3031 1960 3093; x_wconf 79' lang='grc' dir='ltr'>δούλους</span> 
     </span>
    </p>
   </div>
   <div class='ocr_carea' id='block_1_34' title="bbox 306 3118 1957 3196">
    <p class='ocr_par' dir='ltr' id='par_1_34' title="bbox 306 3118 1957 3196">
     <span class='ocr_line' id='line_1_35' title="bbox 306 3118 1957 3196; baseline -0.001 -18"><span class='ocrx_word' id='word_1_279' title='bbox 306 3123 615 3196; x_wconf 73' lang='grc' dir='ltr'>κρείττονας</span> <span class='ocrx_word' id='word_1_280' title='bbox 676 3122 809 3176; x_wconf 85' lang='grc' dir='ltr'>εἷναι</span> <span class='ocrx_word' id='word_1_281' title='bbox 869 3125 937 3194; x_wconf 82' lang='grc' dir='ltr'>τῇ</span> <span class='ocrx_word' id='word_1_282' title='bbox 997 3120 1161 3195; x_wconf 80' lang='grc' dir='ltr'><strong>ἀρετῆ</strong></span> <span class='ocrx_word' id='word_1_283' title='bbox 1230 3125 1336 3175; x_wconf 79' lang='grc' dir='ltr'>τῶν</span> <span class='ocrx_word' id='word_1_284' title='bbox 1399 3118 1695 3176; x_wconf 82' lang='grc' dir='ltr'>δεσποτῶν.</span> <span class='ocrx_word' id='word_1_285' title='bbox 1751 3118 1957 3177; x_wconf 83' lang='grc' dir='ltr'>Μακεδ.</span> 
     </span>
    </p>
   </div>
   <div class='ocr_carea' id='block_1_35' title="bbox 303 3207 1956 3287">
    <p class='ocr_par' dir='ltr' id='par_1_35' title="bbox 303 3207 1956 3287">
     <span class='ocr_line' id='line_1_36' title="bbox 303 3207 1956 3287; baseline -0.001 -21"><span class='ocrx_word' id='word_1_286' title='bbox 303 3211 795 3287; x_wconf 77' lang='grc' dir='ltr'>Ὁμολογουμὲνως</span> <span class='ocrx_word' id='word_1_287' title='bbox 846 3208 1030 3270; x_wconf 75' lang='grc' dir='ltr'>ἄλλως</span> <span class='ocrx_word' id='word_1_288' title='bbox 1078 3210 1167 3263; x_wconf 80' lang='grc' dir='ltr'><strong>καὶ</strong></span> <span class='ocrx_word' id='word_1_289' title='bbox 1227 3207 1414 3271; x_wconf 77' lang='grc' dir='ltr'>ἄλλως</span> <span class='ocrx_word' id='word_1_290' title='bbox 1477 3210 1744 3284; x_wconf 86' lang='grc' dir='ltr'>ὑποταγή.</span> <span class='ocrx_word' id='word_1_291' title='bbox 1808 3210 1956 3285; x_wconf 79' lang='grc' dir='ltr'>Ὀρθ.</span> 
     </span>
    </p>
   </div>
   <div class='ocr_carea' id='block_1_36' title="bbox 2054 643 3699 718">
    <p class='ocr_par' dir='ltr' id='par_1_36' title="bbox 2054 643 3699 718">
     <span class='ocr_line' id='line_1_37' title="bbox 2054 643 3699 718; baseline 0.005 -24"><span class='ocrx_word' id='word_1_292' title='bbox 2054 643 2248 712; x_wconf 84' lang='lat' dir='ltr'><strong>igitur,</strong></span> <span class='ocrx_word' id='word_1_293' title='bbox 2305 661 2409 697; x_wconf 89' lang='lat' dir='ltr'><strong>nec</strong></span> <span class='ocrx_word' id='word_1_294' title='bbox 2459 645 2685 698; x_wconf 86' lang='lat' dir='ltr'><strong>calidus</strong></span> <span class='ocrx_word' id='word_1_295' title='bbox 2729 661 2811 711; x_wconf 89' lang='lat' dir='ltr'><strong>es,</strong></span> <span class='ocrx_word' id='word_1_296' title='bbox 2846 652 2909 697; x_wconf 91' lang='lat' dir='ltr'><strong>ut</strong></span> <span class='ocrx_word' id='word_1_297' title='bbox 2956 646 3256 716; x_wconf 79' lang='lat' dir='ltr'><strong>Scriptura</strong></span> <span class='ocrx_word' id='word_1_298' title='bbox 3312 648 3614 718; x_wconf 83' lang='lat' dir='ltr'><strong>loquitur:</strong></span> <span class='ocrx_word' id='word_1_299' title='bbox 3650 648 3699 702; x_wconf 89' lang='lat' dir='ltr'><strong>si</strong></span> 
     </span>
    </p>
   </div>
   <div class='ocr_carea' id='block_1_37' title="bbox 2051 731 3701 806">
    <p class='ocr_par' dir='ltr' id='par_1_37' title="bbox 2051 731 3701 806">
     <span class='ocr_line' id='line_1_38' title="bbox 2051 731 3701 806; baseline 0.003 -23"><span class='ocrx_word' id='word_1_300' title='bbox 2051 731 2205 785; x_wconf 88' lang='lat' dir='ltr'><strong>enim</strong></span> <span class='ocrx_word' id='word_1_301' title='bbox 2243 732 2490 803; x_wconf 82' lang='lat' dir='ltr'><strong>frigidus</strong></span> <span class='ocrx_word' id='word_1_302' title='bbox 2539 749 2718 798; x_wconf 86' lang='lat' dir='ltr'><strong>esses,</strong></span> <span class='ocrx_word' id='word_1_303' title='bbox 2758 738 2995 787; x_wconf 87' lang='lat' dir='ltr'><strong>naturas</strong></span> <span class='ocrx_word' id='word_1_304' title='bbox 3029 735 3350 790; x_wconf 82' lang='lat' dir='ltr'><strong>dissimiles</strong></span> <span class='ocrx_word' id='word_1_305' title='bbox 3383 736 3584 806; x_wconf 83' lang='lat' dir='ltr'><strong>utique</strong></span> <span class='ocrx_word' id='word_1_306' title='bbox 3615 736 3701 789; x_wconf 86' lang='lat' dir='ltr'><strong>di-</strong></span> 
     </span>
    </p>
   </div>
   <div class='ocr_carea' id='block_1_38' title="bbox 2052 823 3698 896">
    <p class='ocr_par' dir='ltr' id='par_1_38' title="bbox 2052 823 3698 896">
     <span class='ocr_line' id='line_1_39' title="bbox 2052 823 3698 896; baseline 0.004 -22"><span class='ocrx_word' id='word_1_307' title='bbox 2052 823 2365 888; x_wconf 84' lang='lat' dir='ltr'><strong>ceres;sin</strong></span> <span class='ocrx_word' id='word_1_308' title='bbox 2421 840 2552 877; x_wconf 90' lang='lat' dir='ltr'><strong>vero</strong></span> <span class='ocrx_word' id='word_1_309' title='bbox 2613 824 2859 892; x_wconf 87' lang='lat' dir='ltr'><strong>calidus,</strong></span> <span class='ocrx_word' id='word_1_310' title='bbox 2893 841 2989 878; x_wconf 88' lang='lat' dir='ltr'><strong>eas</strong></span> <span class='ocrx_word' id='word_1_311' title='bbox 3051 842 3152 896; x_wconf 90' lang='lat' dir='ltr'><strong>per</strong></span> <span class='ocrx_word' id='word_1_312' title='bbox 3199 827 3395 879; x_wconf 82' lang='lat' dir='ltr'><strong>omnia</strong></span> <span class='ocrx_word' id='word_1_313' title='bbox 3453 827 3698 880; x_wconf 80' lang='lat' dir='ltr'><strong>similes.</strong></span> 
     </span>
    </p>
   </div>
   <div class='ocr_carea' id='block_1_39' title="bbox 2054 910 3698 969">
    <p class='ocr_par' dir='ltr' id='par_1_39' title="bbox 2054 910 3698 969">
     <span class='ocr_line' id='line_1_40' title="bbox 2054 910 3698 969; baseline 0.003 -6"><span class='ocrx_word' id='word_1_314' title='bbox 2054 910 2250 964; x_wconf 79' lang='lat' dir='ltr'><strong>Mneed.</strong></span> <span class='ocrx_word' id='word_1_315' title='bbox 2289 913 2413 965; x_wconf 88' lang='lat' dir='ltr'><strong>Filii</strong></span> <span class='ocrx_word' id='word_1_316' title='bbox 2449 912 2574 965; x_wconf 84' lang='lat' dir='ltr'><strong>dico</strong></span> <span class='ocrx_word' id='word_1_317' title='bbox 2609 912 2942 966; x_wconf 78' lang='lat' dir='ltr'><strong>nullatenus</strong></span> <span class='ocrx_word' id='word_1_318' title='bbox 2975 913 3337 968; x_wconf 82' lang='lat' dir='ltr'><strong>dilI&#39;erentem</strong></span> <span class='ocrx_word' id='word_1_319' title='bbox 3371 931 3499 968; x_wconf 91' lang='lat' dir='ltr'><strong>esse</strong></span> <span class='ocrx_word' id='word_1_320' title='bbox 3532 921 3698 969; x_wconf 89' lang='lat' dir='ltr'><strong>natu-</strong></span> 
     </span>
    </p>
   </div>
   <div class='ocr_carea' id='block_1_40' title="bbox 2055 1000 3698 1073">
    <p class='ocr_par' dir='ltr' id='par_1_40' title="bbox 2055 1000 3698 1073">
     <span class='ocr_line' id='line_1_41' title="bbox 2055 1000 3698 1073; baseline 0.003 -22"><span class='ocrx_word' id='word_1_321' title='bbox 2055 1015 2200 1052; x_wconf 90' lang='lat' dir='ltr'><strong>ram.</strong></span> <span class='ocrx_word' id='word_1_322' title='bbox 2235 1000 2385 1054; x_wconf 83' lang='lat' dir='ltr'><strong>Orth.</strong></span> <span class='ocrx_word' id='word_1_323' title='bbox 2420 1004 2642 1054; x_wconf 85' lang='lat' dir='ltr'><strong>Natura</strong></span> <span class='ocrx_word' id='word_1_324' title='bbox 2673 1016 2804 1055; x_wconf 86' lang='lat' dir='ltr'><strong>vero</strong></span> <span class='ocrx_word' id='word_1_325' title='bbox 2837 1018 2866 1054; x_wconf 86' lang='lat' dir='ltr'><strong>a</strong></span> <span class='ocrx_word' id='word_1_326' title='bbox 2900 1007 3108 1055; x_wconf 87' lang='lat' dir='ltr'><strong>natura</strong></span> <span class='ocrx_word' id='word_1_327' title='bbox 3140 1001 3284 1055; x_wconf 88' lang='lat' dir='ltr'><strong>nihil</strong></span> <span class='ocrx_word' id='word_1_328' title='bbox 3316 1020 3554 1073; x_wconf 85' lang='lat' dir='ltr'><strong>prorsus</strong></span> <span class='ocrx_word' id='word_1_329' title='bbox 3586 1004 3698 1058; x_wconf 77' lang='lat' dir='ltr'><strong>dif-</strong></span> 
     </span>
    </p>
   </div>
   <div class='ocr_carea' id='block_1_41' title="bbox 2054 1088 3701 1147">
    <p class='ocr_par' dir='ltr' id='par_1_41' title="bbox 2054 1088 3701 1147">
     <span class='ocr_line' id='line_1_42' title="bbox 2054 1088 3701 1147; baseline 0.004 -7"><span class='ocrx_word' id='word_1_330' title='bbox 2054 1088 2245 1140; x_wconf 77' lang='lat' dir='ltr'><strong>ferens</strong></span> <span class='ocrx_word' id='word_1_331' title='bbox 2276 1089 2472 1142; x_wconf 89' lang='lat' dir='ltr'><strong>cadem</strong></span> <span class='ocrx_word' id='word_1_332' title='bbox 2499 1096 2584 1142; x_wconf 88' lang='lat' dir='ltr'><strong>est</strong></span> <span class='ocrx_word' id='word_1_333' title='bbox 2614 1089 2863 1144; x_wconf 87' lang='lat' dir='ltr'><strong>natura?</strong></span> <span class='ocrx_word' id='word_1_334' title='bbox 2884 1089 3279 1144; x_wconf 77' lang='lat' dir='ltr'><strong>Consimiliter</strong></span> <span class='ocrx_word' id='word_1_335' title='bbox 3297 1091 3452 1145; x_wconf 92' lang='lat' dir='ltr'><strong>enim</strong></span> <span class='ocrx_word' id='word_1_336' title='bbox 3479 1096 3568 1147; x_wconf 88' lang='lat' dir='ltr'><strong>est</strong></span> <span class='ocrx_word' id='word_1_337' title='bbox 3594 1092 3701 1146; x_wconf 92' lang='lat' dir='ltr'><strong>im-</strong></span> 
     </span>
    </p>
   </div>
   <div class='ocr_carea' id='block_1_42' title="bbox 2058 1176 3703 1243">
    <p class='ocr_par' dir='ltr' id='par_1_42' title="bbox 2058 1176 3703 1243">
     <span class='ocr_line' id='line_1_43' title="bbox 2058 1176 3703 1243; baseline 0.004 -14"><span class='ocrx_word' id='word_1_338' title='bbox 2058 1176 2343 1238; x_wconf 82' lang='lat' dir='ltr'><strong>mortalis,</strong></span> <span class='ocrx_word' id='word_1_339' title='bbox 2376 1177 2761 1232; x_wconf 86' lang='lat' dir='ltr'><strong>consimiliter</strong></span> <span class='ocrx_word' id='word_1_340' title='bbox 2790 1185 2873 1231; x_wconf 83' lang='lat' dir='ltr'><strong>est</strong></span> <span class='ocrx_word' id='word_1_341' title='bbox 2907 1183 3167 1243; x_wconf 87' lang='lat' dir='ltr'><strong>sanctus,</strong></span> <span class='ocrx_word' id='word_1_342' title='bbox 3204 1180 3586 1235; x_wconf 85' lang='lat' dir='ltr'><strong>consimiliter</strong></span> <span class='ocrx_word' id='word_1_343' title='bbox 3616 1185 3703 1235; x_wconf 89' lang='lat' dir='ltr'><strong>est</strong></span> 
     </span>
    </p>
   </div>
   <div class='ocr_carea' id='block_1_43' title="bbox 2056 1266 3706 1336">
    <p class='ocr_par' dir='ltr' id='par_1_43' title="bbox 2056 1266 3706 1336">
     <span class='ocr_line' id='line_1_44' title="bbox 2056 1266 3706 1336; baseline 0.004 -19"><span class='ocrx_word' id='word_1_344' title='bbox 2056 1266 2543 1336; x_wconf 82' lang='lat' dir='ltr'><strong>incorruptibilis,</strong></span> <span class='ocrx_word' id='word_1_345' title='bbox 2567 1266 2953 1321; x_wconf 79' lang='lat' dir='ltr'><strong>consimiliter</strong></span> <span class='ocrx_word' id='word_1_346' title='bbox 2977 1272 3064 1321; x_wconf 88' lang='lat' dir='ltr'><strong>est</strong></span> <span class='ocrx_word' id='word_1_347' title='bbox 3096 1268 3502 1322; x_wconf 82' lang='lat' dir='ltr'><strong>immutabilis.</strong></span> <span class='ocrx_word' id='word_1_348' title='bbox 3538 1269 3706 1323; x_wconf 89' lang='lat' dir='ltr'><strong>Pater</strong></span> 
     </span>
    </p>
   </div>
   <div class='ocr_carea' id='block_1_44' title="bbox 2057 1354 3707 1425">
    <p class='ocr_par' dir='ltr' id='par_1_44' title="bbox 2057 1354 3707 1425">
     <span class='ocr_line' id='line_1_45' title="bbox 2057 1354 3707 1425; baseline 0.002 -17"><span class='ocrx_word' id='word_1_349' title='bbox 2057 1359 2274 1418; x_wconf 88' lang='lat' dir='ltr'><strong>autem,</strong></span> <span class='ocrx_word' id='word_1_350' title='bbox 2307 1354 2486 1408; x_wconf 88' lang='lat' dir='ltr'><strong>Filius</strong></span> <span class='ocrx_word' id='word_1_351' title='bbox 2515 1361 2566 1410; x_wconf 90' lang='lat' dir='ltr'><strong>et</strong></span> <span class='ocrx_word' id='word_1_352' title='bbox 2599 1356 2850 1425; x_wconf 81' lang='lat' dir='ltr'><strong>Spiritus</strong></span> <span class='ocrx_word' id='word_1_353' title='bbox 2882 1362 3120 1409; x_wconf 78' lang='lat' dir='ltr'><strong>sanctus</strong></span> <span class='ocrx_word' id='word_1_354' title='bbox 3153 1361 3292 1410; x_wconf 84' lang='lat' dir='ltr'><strong>sunt</strong></span> <span class='ocrx_word' id='word_1_355' title='bbox 3322 1355 3707 1412; x_wconf 87' lang='lat' dir='ltr'><strong>consimiliter</strong></span> 
     </span>
    </p>
   </div>
   <div class='ocr_carea' id='block_1_45' title="bbox 2058 1443 3701 1515">
    <p class='ocr_par' dir='ltr' id='par_1_45' title="bbox 2058 1443 3701 1515">
     <span class='ocr_line' id='line_1_46' title="bbox 2058 1443 3701 1515; baseline 0.003 -20"><span class='ocrx_word' id='word_1_356' title='bbox 2058 1459 2125 1496; x_wconf 88' lang='lat' dir='ltr'><strong>ea</strong></span> <span class='ocrx_word' id='word_1_357' title='bbox 2155 1460 2278 1508; x_wconf 64' lang='lat' dir='ltr'><strong>quas</strong></span> <span class='ocrx_word' id='word_1_358' title='bbox 2320 1443 2474 1497; x_wconf 88' lang='lat' dir='ltr'><strong>dicta</strong></span> <span class='ocrx_word' id='word_1_359' title='bbox 2509 1449 2665 1497; x_wconf 89' lang='lat' dir='ltr'><strong>sunt.</strong></span> <span class='ocrx_word' id='word_1_360' title='bbox 2701 1443 2823 1497; x_wconf 91' lang='lat' dir='ltr'><strong>Una</strong></span> <span class='ocrx_word' id='word_1_361' title='bbox 2856 1443 3054 1514; x_wconf 80' lang='lat' dir='ltr'><strong>igitur,</strong></span> <span class='ocrx_word' id='word_1_362' title='bbox 3089 1444 3311 1497; x_wconf 77' lang='lat' dir='ltr'><strong>ratione</strong></span> <span class='ocrx_word' id='word_1_363' title='bbox 3356 1444 3701 1515; x_wconf 88' lang='lat' dir='ltr'><strong>identitatis,</strong></span> 
     </span>
    </p>
   </div>
   <div class='ocr_carea' id='block_1_46' title="bbox 2057 1531 3705 1601">
    <p class='ocr_par' dir='ltr' id='par_1_46' title="bbox 2057 1531 3705 1601">
     <span class='ocr_line' id='line_1_47' title="bbox 2057 1531 3705 1601; baseline 0.003 -17"><span class='ocrx_word' id='word_1_364' title='bbox 2057 1535 2147 1585; x_wconf 88' lang='lat' dir='ltr'><strong>est</strong></span> <span class='ocrx_word' id='word_1_365' title='bbox 2179 1535 2406 1586; x_wconf 91' lang='lat' dir='ltr'><strong>natura.</strong></span> <span class='ocrx_word' id='word_1_366' title='bbox 2444 1532 2653 1588; x_wconf 76' lang='lat' dir='ltr'><strong>Maced.</strong></span> <span class='ocrx_word' id='word_1_367' title='bbox 2678 1534 2751 1586; x_wconf 90' lang='lat' dir='ltr'><strong>At</strong></span> <span class='ocrx_word' id='word_1_368' title='bbox 2781 1531 2992 1585; x_wconf 88' lang='lat' dir='ltr'><strong>Filium</strong></span> <span class='ocrx_word' id='word_1_369' title='bbox 3028 1533 3178 1586; x_wconf 85' lang='lat' dir='ltr'><strong>Patri</strong></span> <span class='ocrx_word' id='word_1_370' title='bbox 3214 1534 3541 1601; x_wconf 85' lang='lat' dir='ltr'><strong>subjectum</strong></span> <span class='ocrx_word' id='word_1_371' title='bbox 3575 1550 3705 1589; x_wconf 83' lang='lat' dir='ltr'><strong>esse</strong></span> 
     </span>
    </p>
   </div>
   <div class='ocr_carea' id='block_1_47' title="bbox 2059 1619 3708 1692">
    <p class='ocr_par' dir='ltr' id='par_1_47' title="bbox 2059 1619 3708 1692">
     <span class='ocr_line' id='line_1_48' title="bbox 2059 1619 3708 1692; baseline 0.004 -21"><span class='ocrx_word' id='word_1_372' title='bbox 2059 1620 2222 1673; x_wconf 92' lang='lat' dir='ltr'><strong>dico:</strong></span> <span class='ocrx_word' id='word_1_373' title='bbox 2259 1620 2552 1691; x_wconf 90' lang='lat' dir='ltr'><strong>quomodo</strong></span> <span class='ocrx_word' id='word_1_374' title='bbox 2602 1619 2782 1690; x_wconf 83' lang='lat' dir='ltr'><strong>igitur</strong></span> <span class='ocrx_word' id='word_1_375' title='bbox 2811 1636 2986 1674; x_wconf 88' lang='lat' dir='ltr'><strong>unam</strong></span> <span class='ocrx_word' id='word_1_376' title='bbox 3023 1626 3290 1674; x_wconf 89' lang='lat' dir='ltr'><strong>naturam</strong></span> <span class='ocrx_word' id='word_1_377' title='bbox 3342 1638 3580 1692; x_wconf 89' lang='lat' dir='ltr'><strong>possum</strong></span> <span class='ocrx_word' id='word_1_378' title='bbox 3615 1623 3708 1677; x_wconf 91' lang='lat' dir='ltr'><strong>di-</strong></span> 
     </span>
    </p>
   </div>
   <div class='ocr_carea' id='block_1_48' title="bbox 2060 1707 3710 1779">
    <p class='ocr_par' dir='ltr' id='par_1_48' title="bbox 2060 1707 3710 1779">
     <span class='ocr_line' id='line_1_49' title="bbox 2060 1707 3710 1779; baseline 0.003 -18"><span class='ocrx_word' id='word_1_379' title='bbox 2060 1709 2226 1762; x_wconf 87' lang='lat' dir='ltr'><strong>cere?</strong></span> <span class='ocrx_word' id='word_1_380' title='bbox 2249 1709 2402 1762; x_wconf 82' lang='lat' dir='ltr'><strong>Orth.</strong></span> <span class='ocrx_word' id='word_1_381' title='bbox 2429 1707 2863 1777; x_wconf 85' lang='lat' dir='ltr'><strong>Suhjectionem</strong></span> <span class='ocrx_word' id='word_1_382' title='bbox 2920 1715 3137 1762; x_wconf 71' lang='lat' dir='ltr'><strong>natura:</strong></span> <span class='ocrx_word' id='word_1_383' title='bbox 3185 1710 3349 1779; x_wconf 89' lang='lat' dir='ltr'><strong>dicis,</strong></span> <span class='ocrx_word' id='word_1_384' title='bbox 3377 1727 3445 1763; x_wconf 88' lang='lat' dir='ltr'><strong>an</strong></span> <span class='ocrx_word' id='word_1_385' title='bbox 3479 1727 3710 1766; x_wconf 68' lang='lat' dir='ltr'><strong>oecono-</strong></span> 
     </span>
    </p>
   </div>
   <div class='ocr_carea' id='block_1_49' title="bbox 2061 1795 3710 1870">
    <p class='ocr_par' dir='ltr' id='par_1_49' title="bbox 2061 1795 3710 1870">
     <span class='ocr_line' id='line_1_50' title="bbox 2061 1795 3710 1870; baseline 0.004 -21"><span class='ocrx_word' id='word_1_386' title='bbox 2061 1796 2190 1849; x_wconf 69' lang='lat' dir='ltr'><strong>mia:</strong></span> <span class='ocrx_word' id='word_1_387' title='bbox 2237 1801 2292 1850; x_wconf 92' lang='lat' dir='ltr'><strong>et</strong></span> <span class='ocrx_word' id='word_1_388' title='bbox 2338 1795 2786 1866; x_wconf 87' lang='lat' dir='ltr'><strong>dispositionis?</strong></span> <span class='ocrx_word' id='word_1_389' title='bbox 2836 1797 3043 1852; x_wconf 78' lang='lat' dir='ltr'><strong>Maced.</strong></span> <span class='ocrx_word' id='word_1_390' title='bbox 3075 1796 3325 1852; x_wconf 64' lang='lat' dir='ltr'><strong>Natura.</strong></span> <span class='ocrx_word' id='word_1_391' title='bbox 3361 1797 3510 1853; x_wconf 76' lang='lat' dir='ltr'><strong>Orth.</strong></span> <span class='ocrx_word' id='word_1_392' title='bbox 3563 1803 3710 1870; x_wconf 85' lang='lat' dir='ltr'><strong>Ergo</strong></span> 
     </span>
    </p>
   </div>
   <div class='ocr_carea' id='block_1_50' title="bbox 2061 1884 3709 1943">
    <p class='ocr_par' dir='ltr' id='par_1_50' title="bbox 2061 1884 3709 1943">
     <span class='ocr_line' id='line_1_51' title="bbox 2061 1884 3709 1943; baseline 0.002 -4"><span class='ocrx_word' id='word_1_393' title='bbox 2061 1884 2410 1939; x_wconf 88' lang='lat' dir='ltr'><strong>dissimilem</strong></span> <span class='ocrx_word' id='word_1_394' title='bbox 2472 1884 2618 1939; x_wconf 88' lang='lat' dir='ltr'><strong>dicis</strong></span> <span class='ocrx_word' id='word_1_395' title='bbox 2677 1885 2989 1940; x_wconf 83' lang='lat' dir='ltr'><strong>naturam?</strong></span> <span class='ocrx_word' id='word_1_396' title='bbox 3036 1886 3242 1942; x_wconf 77' lang='lat' dir='ltr'><strong>Maced.</strong></span> <span class='ocrx_word' id='word_1_397' title='bbox 3300 1886 3497 1941; x_wconf 85' lang='lat' dir='ltr'><strong>Absit!</strong></span> <span class='ocrx_word' id='word_1_398' title='bbox 3555 1887 3709 1943; x_wconf 78' lang='lat' dir='ltr'><strong>Orth.</strong></span> 
     </span>
    </p>
   </div>
   <div class='ocr_carea' id='block_1_51' title="bbox 2061 1973 3717 2047">
    <p class='ocr_par' dir='ltr' id='par_1_51' title="bbox 2061 1973 3717 2047">
     <span class='ocr_line' id='line_1_52' title="bbox 2061 1973 3717 2047; baseline 0.002 -19"><span class='ocrx_word' id='word_1_399' title='bbox 2061 1975 2302 2038; x_wconf 89' lang='lat' dir='ltr'><strong>Quando</strong></span> <span class='ocrx_word' id='word_1_400' title='bbox 2335 1973 2624 2047; x_wconf 76' lang='lat' dir='ltr'><strong>Propheta</strong></span> <span class='ocrx_word' id='word_1_401' title='bbox 2655 1973 2735 2028; x_wconf 87' lang='lat' dir='ltr'><strong>ait</strong></span> <span class='ocrx_word' id='word_1_402' title='bbox 2759 1990 2808 2027; x_wconf 83' lang='lat'><strong>:«</strong></span> <span class='ocrx_word' id='word_1_403' title='bbox 2837 1973 3046 2028; x_wconf 89' lang='lat' dir='ltr'><strong>Omnia</strong></span> <span class='ocrx_word' id='word_1_404' title='bbox 3077 1975 3380 2042; x_wconf 85' lang='lat' dir='ltr'><strong>subiecisti</strong></span> <span class='ocrx_word' id='word_1_405' title='bbox 3413 1977 3525 2030; x_wconf 88' lang='lat' dir='ltr'><strong>sub</strong></span> <span class='ocrx_word' id='word_1_406' title='bbox 3560 1978 3717 2047; x_wconf 91' lang='lat' dir='ltr'><strong>pedi-</strong></span> 
     </span>
    </p>
   </div>
   <div class='ocr_carea' id='block_1_52' title="bbox 2063 2062 3713 2137">
    <p class='ocr_par' dir='ltr' id='par_1_52' title="bbox 2063 2062 3713 2137">
     <span class='ocr_line' id='line_1_53' title="bbox 2063 2062 3713 2137; baseline 0.001 -19"><span class='ocrx_word' id='word_1_407' title='bbox 2063 2064 2174 2118; x_wconf 90' lang='lat' dir='ltr'><strong>bus</strong></span> <span class='ocrx_word' id='word_1_408' title='bbox 2205 2065 2352 2131; x_wconf 87' lang='lat' dir='ltr'><strong>ejus,</strong></span> <span class='ocrx_word' id='word_1_409' title='bbox 2387 2078 2520 2116; x_wconf 91' lang='lat' dir='ltr'><strong>oves</strong></span> <span class='ocrx_word' id='word_1_410' title='bbox 2571 2067 2626 2116; x_wconf 90' lang='lat' dir='ltr'><strong>et</strong></span> <span class='ocrx_word' id='word_1_411' title='bbox 2675 2062 2848 2116; x_wconf 85' lang='lat' dir='ltr'><strong>boves</strong></span> <span class='ocrx_word' id='word_1_412' title='bbox 2897 2063 3222 2127; x_wconf 88' lang='lat' dir='ltr'><strong>universas,</strong></span> <span class='ocrx_word' id='word_1_413' title='bbox 3255 2064 3498 2135; x_wconf 87' lang='lat' dir='ltr'><strong>insuper</strong></span> <span class='ocrx_word' id='word_1_414' title='bbox 3527 2073 3582 2120; x_wconf 88' lang='lat' dir='ltr'><strong>et</strong></span> <span class='ocrx_word' id='word_1_415' title='bbox 3614 2083 3713 2137; x_wconf 89' lang='lat' dir='ltr'><strong>pe-</strong></span> 
     </span>
    </p>
   </div>
   <div class='ocr_carea' id='block_1_53' title="bbox 2065 2152 3714 2222">
    <p class='ocr_par' dir='ltr' id='par_1_53' title="bbox 2065 2152 3714 2222">
     <span class='ocr_line' id='line_1_54' title="bbox 2065 2152 3714 2222; baseline 0.001 -15"><span class='ocrx_word' id='word_1_416' title='bbox 2065 2169 2195 2207; x_wconf 82' lang='lat' dir='ltr'><strong>cora</strong></span> <span class='ocrx_word' id='word_1_417' title='bbox 2230 2153 2421 2222; x_wconf 80' lang='lat' dir='ltr'><strong>campi</strong></span> <span class='ocrx_word' id='word_1_418' title='bbox 2443 2152 2486 2186; x_wconf 79' lang='lat'><strong>&#39;0</strong></span> <span class='ocrx_word' id='word_1_419' title='bbox 2519 2169 2530 2206; x_wconf 93' lang='lat'>:</span> <span class='ocrx_word' id='word_1_420' title='bbox 2562 2173 2587 2198; x_wconf 87' lang='grc'><strong>››</strong></span> <span class='ocrx_word' id='word_1_421' title='bbox 2618 2168 2811 2206; x_wconf 88' lang='lat' dir='ltr'><strong>nonne</strong></span> <span class='ocrx_word' id='word_1_422' title='bbox 2842 2155 3112 2206; x_wconf 84' lang='lat' dir='ltr'><strong>naturam</strong></span> <span class='ocrx_word' id='word_1_423' title='bbox 3154 2153 3459 2208; x_wconf 90' lang='lat' dir='ltr'><strong>brutorum</strong></span> <span class='ocrx_word' id='word_1_424' title='bbox 3496 2163 3714 2210; x_wconf 63' lang='lat' dir='ltr'><strong>naturae</strong></span> 
     </span>
    </p>
   </div>
   <div class='ocr_carea' id='block_1_54' title="bbox 2065 2239 3711 2310">
    <p class='ocr_par' dir='ltr' id='par_1_54' title="bbox 2065 2239 3711 2310">
     <span class='ocr_line' id='line_1_55' title="bbox 2065 2239 3711 2310; baseline 0.001 -15"><span class='ocrx_word' id='word_1_425' title='bbox 2065 2241 2373 2296; x_wconf 87' lang='lat' dir='ltr'><strong>hominum</strong></span> <span class='ocrx_word' id='word_1_426' title='bbox 2401 2256 2529 2295; x_wconf 89' lang='lat' dir='ltr'><strong>esse</strong></span> <span class='ocrx_word' id='word_1_427' title='bbox 2551 2239 2874 2310; x_wconf 88' lang='lat' dir='ltr'><strong>subjectam</strong></span> <span class='ocrx_word' id='word_1_428' title='bbox 2909 2240 3026 2294; x_wconf 88' lang='lat' dir='ltr'><strong>ait?</strong></span> <span class='ocrx_word' id='word_1_429' title='bbox 3050 2241 3250 2296; x_wconf 82' lang='lat' dir='ltr'><strong>Maced.</strong></span> <span class='ocrx_word' id='word_1_430' title='bbox 3277 2243 3394 2296; x_wconf 91' lang='lat' dir='ltr'><strong>lmo</strong></span> <span class='ocrx_word' id='word_1_431' title='bbox 3427 2242 3576 2297; x_wconf 79' lang='lat' dir='ltr'><strong>Orth.</strong></span> <span class='ocrx_word' id='word_1_432' title='bbox 3604 2244 3711 2297; x_wconf 88' lang='lat' dir='ltr'><strong>Sed</strong></span> 
     </span>
    </p>
   </div>
   <div class='ocr_carea' id='block_1_55' title="bbox 2065 2328 3718 2397">
    <p class='ocr_par' dir='ltr' id='par_1_55' title="bbox 2065 2328 3718 2397">
     <span class='ocr_line' id='line_1_56' title="bbox 2065 2328 3718 2397; baseline 0.001 -13"><span class='ocrx_word' id='word_1_433' title='bbox 2065 2335 2275 2384; x_wconf 86' lang='lat' dir='ltr'><strong>natura</strong></span> <span class='ocrx_word' id='word_1_434' title='bbox 2323 2345 2594 2397; x_wconf 89' lang='lat' dir='ltr'><strong>pecorum</strong></span> <span class='ocrx_word' id='word_1_435' title='bbox 2648 2333 2868 2383; x_wconf 69' lang='lat' dir='ltr'><strong>natura:</strong></span> <span class='ocrx_word' id='word_1_436' title='bbox 2925 2328 3196 2383; x_wconf 86' lang='lat' dir='ltr'><strong>humanae</strong></span> <span class='ocrx_word' id='word_1_437' title='bbox 3227 2335 3318 2384; x_wconf 89' lang='lat' dir='ltr'><strong>est</strong></span> <span class='ocrx_word' id='word_1_438' title='bbox 3365 2331 3718 2386; x_wconf 84' lang='lat' dir='ltr'><strong>dissimilis?</strong></span> 
     </span>
    </p>
   </div>
   <div class='ocr_carea' id='block_1_56' title="bbox 2065 2417 3715 2491">
    <p class='ocr_par' dir='ltr' id='par_1_56' title="bbox 2065 2417 3715 2491">
     <span class='ocr_line' id='line_1_57' title="bbox 2065 2417 3715 2491; baseline 0 -18"><span class='ocrx_word' id='word_1_439' title='bbox 2065 2419 2262 2473; x_wconf 83' lang='lat' dir='ltr'><strong>Maced.</strong></span> <span class='ocrx_word' id='word_1_440' title='bbox 2316 2418 2517 2472; x_wconf 87' lang='lat' dir='ltr'><strong>Etiam.</strong></span> <span class='ocrx_word' id='word_1_441' title='bbox 2565 2417 2715 2470; x_wconf 73' lang='grc' dir='ltr'><strong>(Μὴ.</strong></span> <span class='ocrx_word' id='word_1_442' title='bbox 2750 2417 2992 2482; x_wconf 88' lang='lat' dir='ltr'><strong>Quando</strong></span> <span class='ocrx_word' id='word_1_443' title='bbox 3045 2417 3144 2486; x_wconf 90' lang='lat' dir='ltr'><strong>ait,</strong></span> <span class='ocrx_word' id='word_1_444' title='bbox 3166 2441 3191 2465; x_wconf 92' lang='grc'><strong><em>‹‹</em></strong></span> <span class='ocrx_word' id='word_1_445' title='bbox 3225 2419 3485 2488; x_wconf 86' lang='lat' dir='ltr'><strong>Subjecit</strong></span> <span class='ocrx_word' id='word_1_446' title='bbox 3534 2437 3715 2491; x_wconf 92' lang='lat' dir='ltr'><strong>popu-</strong></span> 
     </span>
    </p>
   </div>
   <div class='ocr_carea' id='block_1_57' title="bbox 2066 2507 3716 2580">
    <p class='ocr_par' dir='ltr' id='par_1_57' title="bbox 2066 2507 3716 2580">
     <span class='ocr_line' id='line_1_58' title="bbox 2066 2507 3716 2580; baseline 0.002 -17"><span class='ocrx_word' id='word_1_447' title='bbox 2066 2509 2153 2564; x_wconf 87' lang='lat' dir='ltr'><strong>los</strong></span> <span class='ocrx_word' id='word_1_448' title='bbox 2187 2509 2352 2565; x_wconf 82' lang='lat' dir='ltr'><strong>nobis</strong></span> <span class='ocrx_word' id='word_1_449' title='bbox 2406 2513 2464 2563; x_wconf 89' lang='lat' dir='ltr'><strong>et</strong></span> <span class='ocrx_word' id='word_1_450' title='bbox 2509 2512 2712 2579; x_wconf 82' lang='lat' dir='ltr'><strong>gentes</strong></span> <span class='ocrx_word' id='word_1_451' title='bbox 2761 2508 2871 2562; x_wconf 90' lang='lat' dir='ltr'><strong>sub</strong></span> <span class='ocrx_word' id='word_1_452' title='bbox 2922 2507 3168 2576; x_wconf 89' lang='lat' dir='ltr'><strong>pedibus</strong></span> <span class='ocrx_word' id='word_1_453' title='bbox 3220 2510 3432 2564; x_wconf 87' lang='lat' dir='ltr'><strong>nostris</strong></span> <span class='ocrx_word' id='word_1_454' title='bbox 3454 2511 3571 2580; x_wconf 66' lang='lat'><strong>&#39;1,»</strong></span> <span class='ocrx_word' id='word_1_455' title='bbox 3601 2529 3716 2567; x_wconf 90' lang='lat' dir='ltr'><strong>non</strong></span> 
     </span>
    </p>
   </div>
   <div class='ocr_carea' id='block_1_58' title="bbox 2068 2595 3715 2669">
    <p class='ocr_par' dir='ltr' id='par_1_58' title="bbox 2068 2595 3715 2669">
     <span class='ocr_line' id='line_1_59' title="bbox 2068 2595 3715 2669; baseline 0.001 -16"><span class='ocrx_word' id='word_1_456' title='bbox 2068 2603 2338 2653; x_wconf 87' lang='lat' dir='ltr'><strong>naturam</strong></span> <span class='ocrx_word' id='word_1_457' title='bbox 2390 2602 2630 2660; x_wconf 76' lang='lat' dir='ltr'><strong>naturae,</strong></span> <span class='ocrx_word' id='word_1_458' title='bbox 2665 2597 2765 2651; x_wconf 90' lang='lat' dir='ltr'><strong>sed</strong></span> <span class='ocrx_word' id='word_1_459' title='bbox 2799 2595 3131 2650; x_wconf 88' lang='lat' dir='ltr'><strong>servitutem</strong></span> <span class='ocrx_word' id='word_1_460' title='bbox 3191 2598 3429 2669; x_wconf 90' lang='lat' dir='ltr'><strong>peccati,</strong></span> <span class='ocrx_word' id='word_1_461' title='bbox 3462 2599 3715 2655; x_wconf 88' lang='lat' dir='ltr'><strong>libertati</strong></span> 
     </span>
    </p>
   </div>
   <div class='ocr_carea' id='block_1_59' title="bbox 2068 2685 3719 2754">
    <p class='ocr_par' dir='ltr' id='par_1_59' title="bbox 2068 2685 3719 2754">
     <span class='ocr_line' id='line_1_60' title="bbox 2068 2685 3719 2754; baseline 0.002 -14"><span class='ocrx_word' id='word_1_462' title='bbox 2068 2686 2200 2740; x_wconf 80' lang='lat' dir='ltr'><strong>fidei</strong></span> <span class='ocrx_word' id='word_1_463' title='bbox 2236 2687 2565 2754; x_wconf 79' lang='lat' dir='ltr'><strong>subjectam</strong></span> <span class='ocrx_word' id='word_1_464' title='bbox 2606 2685 2817 2738; x_wconf 83' lang='lat' dir='ltr'><strong>docet?</strong></span> <span class='ocrx_word' id='word_1_465' title='bbox 2862 2685 3066 2739; x_wconf 80' lang='lat' dir='ltr'><strong>Maced.</strong></span> <span class='ocrx_word' id='word_1_466' title='bbox 3105 2686 3498 2742; x_wconf 74' lang='lat' dir='ltr'><strong>Etiam.0rth.</strong></span> <span class='ocrx_word' id='word_1_467' title='bbox 3536 2688 3719 2742; x_wconf 80' lang='lat' dir='ltr'><strong>Aliter</strong></span> 
     </span>
    </p>
   </div>
   <div class='ocr_carea' id='block_1_60' title="bbox 2066 2773 3721 2846">
    <p class='ocr_par' dir='ltr' id='par_1_60' title="bbox 2066 2773 3721 2846">
     <span class='ocr_line' id='line_1_61' title="bbox 2066 2773 3721 2846; baseline 0.002 -17"><span class='ocrx_word' id='word_1_468' title='bbox 2066 2775 2246 2846; x_wconf 86' lang='lat' dir='ltr'><strong>igitur</strong></span> <span class='ocrx_word' id='word_1_469' title='bbox 2276 2791 2504 2846; x_wconf 89' lang='lat' dir='ltr'><strong>pecora,</strong></span> <span class='ocrx_word' id='word_1_470' title='bbox 2542 2773 2708 2828; x_wconf 82' lang='lat' dir='ltr'><strong>aliter</strong></span> <span class='ocrx_word' id='word_1_471' title='bbox 2756 2778 2958 2844; x_wconf 89' lang='lat' dir='ltr'><strong>gentes</strong></span> <span class='ocrx_word' id='word_1_472' title='bbox 3008 2773 3175 2828; x_wconf 91' lang='lat' dir='ltr'><strong>nobis</strong></span> <span class='ocrx_word' id='word_1_473' title='bbox 3209 2777 3487 2844; x_wconf 64' lang='lat' dir='ltr'><strong>subjectae</strong></span> <span class='ocrx_word' id='word_1_474' title='bbox 3535 2781 3721 2832; x_wconf 85' lang='lat' dir='ltr'><strong>sunt?</strong></span> 
     </span>
    </p>
   </div>
   <div class='ocr_carea' id='block_1_61' title="bbox 2069 2861 3720 2932">
    <p class='ocr_par' dir='ltr' id='par_1_61' title="bbox 2069 2861 3720 2932">
     <span class='ocr_line' id='line_1_62' title="bbox 2069 2861 3720 2932; baseline 0.002 -15"><span class='ocrx_word' id='word_1_475' title='bbox 2069 2863 2262 2918; x_wconf 85' lang='lat' dir='ltr'><strong>Maced.</strong></span> <span class='ocrx_word' id='word_1_476' title='bbox 2297 2862 2508 2916; x_wconf 87' lang='lat' dir='ltr'><strong>Etiam.</strong></span> <span class='ocrx_word' id='word_1_477' title='bbox 2545 2861 2695 2916; x_wconf 84' lang='lat' dir='ltr'><strong>Orth.</strong></span> <span class='ocrx_word' id='word_1_478' title='bbox 2726 2861 2967 2923; x_wconf 89' lang='lat' dir='ltr'><strong>Quando</strong></span> <span class='ocrx_word' id='word_1_479' title='bbox 3019 2862 3318 2932; x_wconf 87' lang='lat' dir='ltr'><strong>Scriptura</strong></span> <span class='ocrx_word' id='word_1_480' title='bbox 3367 2864 3448 2919; x_wconf 88' lang='lat' dir='ltr'><strong>ait</strong></span> <span class='ocrx_word' id='word_1_481' title='bbox 3480 2881 3531 2919; x_wconf 78' lang='lat' dir='ltr'><strong>:u</strong></span> <span class='ocrx_word' id='word_1_482' title='bbox 3563 2866 3720 2920; x_wconf 87' lang='lat' dir='ltr'><strong>Servi</strong></span> 
     </span>
    </p>
   </div>
   <div class='ocr_carea' id='block_1_62' title="bbox 2070 2949 3718 3021">
    <p class='ocr_par' dir='ltr' id='par_1_62' title="bbox 2070 2949 3718 3021">
     <span class='ocr_line' id='line_1_63' title="bbox 2070 2949 3718 3021; baseline 0.001 -13"><span class='ocrx_word' id='word_1_483' title='bbox 2070 2951 2312 3021; x_wconf 86' lang='lat' dir='ltr'><strong>subjecti</strong></span> <span class='ocrx_word' id='word_1_484' title='bbox 2341 2951 2457 3005; x_wconf 88' lang='lat' dir='ltr'><strong>sint</strong></span> <span class='ocrx_word' id='word_1_485' title='bbox 2478 2949 2736 3004; x_wconf 90' lang='lat' dir='ltr'><strong>dominis</strong></span> <span class='ocrx_word' id='word_1_486' title='bbox 2758 2951 3081 3004; x_wconf 90' lang='lat' dir='ltr'><strong>secundum</strong></span> <span class='ocrx_word' id='word_1_487' title='bbox 3105 2968 3361 3018; x_wconf 89' lang='lat' dir='ltr'><strong>carnem,</strong></span> <span class='ocrx_word' id='word_1_488' title='bbox 3384 2970 3498 3007; x_wconf 88' lang='lat' dir='ltr'><strong>non</strong></span> <span class='ocrx_word' id='word_1_489' title='bbox 3528 2955 3718 3010; x_wconf 90' lang='lat' dir='ltr'><strong>solum</strong></span> 
     </span>
    </p>
   </div>
   <div class='ocr_carea' id='block_1_63' title="bbox 2071 3038 3718 3114">
    <p class='ocr_par' dir='ltr' id='par_1_63' title="bbox 2071 3038 3718 3114">
     <span class='ocr_line' id='line_1_64' title="bbox 2071 3038 3718 3114; baseline 0.002 -20"><span class='ocrx_word' id='word_1_490' title='bbox 2071 3039 2239 3094; x_wconf 91' lang='lat' dir='ltr'><strong>bonis</strong></span> <span class='ocrx_word' id='word_1_491' title='bbox 2271 3045 2323 3092; x_wconf 90' lang='lat' dir='ltr'><strong>et</strong></span> <span class='ocrx_word' id='word_1_492' title='bbox 2361 3038 2662 3104; x_wconf 74' lang='lat' dir='ltr'><strong>modestis,</strong></span> <span class='ocrx_word' id='word_1_493' title='bbox 2685 3038 2784 3091; x_wconf 88' lang='lat' dir='ltr'><strong>sed</strong></span> <span class='ocrx_word' id='word_1_494' title='bbox 2819 3038 2994 3091; x_wconf 89' lang='lat' dir='ltr'><strong>etiam</strong></span> <span class='ocrx_word' id='word_1_495' title='bbox 3024 3038 3324 3094; x_wconf 72' lang='lat' dir='ltr'><strong>discolis”</strong></span> <span class='ocrx_word' id='word_1_496' title='bbox 3351 3056 3401 3094; x_wconf 77' lang='lat' dir='ltr'><strong>:n</strong></span> <span class='ocrx_word' id='word_1_497' title='bbox 3425 3043 3594 3096; x_wconf 86' lang='lat' dir='ltr'><strong>aliter</strong></span> <span class='ocrx_word' id='word_1_498' title='bbox 3624 3059 3718 3114; x_wconf 89' lang='lat' dir='ltr'><strong>pe-</strong></span> 
     </span>
    </p>
   </div>
   <div class='ocr_carea' id='block_1_64' title="bbox 2073 3125 3716 3198">
    <p class='ocr_par' dir='ltr' id='par_1_64' title="bbox 2073 3125 3716 3198">
     <span class='ocr_line' id='line_1_65' title="bbox 2073 3125 3716 3198; baseline 0.002 -15"><span class='ocrx_word' id='word_1_499' title='bbox 2073 3145 2225 3191; x_wconf 89' lang='lat' dir='ltr'><strong>cora,</strong></span> <span class='ocrx_word' id='word_1_500' title='bbox 2257 3127 2424 3181; x_wconf 85' lang='lat' dir='ltr'><strong>aliter</strong></span> <span class='ocrx_word' id='word_1_501' title='bbox 2461 3132 2683 3197; x_wconf 83' lang='lat' dir='ltr'><strong>gentes,</strong></span> <span class='ocrx_word' id='word_1_502' title='bbox 2718 3125 2885 3180; x_wconf 80' lang='lat' dir='ltr'><strong>aliter</strong></span> <span class='ocrx_word' id='word_1_503' title='bbox 2929 3143 3124 3181; x_wconf 90' lang='lat' dir='ltr'><strong>servos</strong></span> <span class='ocrx_word' id='word_1_504' title='bbox 3155 3128 3448 3198; x_wconf 84' lang='lat' dir='ltr'><strong>subjectos</strong></span> <span class='ocrx_word' id='word_1_505' title='bbox 3480 3131 3672 3185; x_wconf 90' lang='lat' dir='ltr'><strong>innuit</strong></span> <span class='ocrx_word' id='word_1_506' title='bbox 3703 3148 3716 3186; x_wconf 91' lang='lat'>:</span> 
     </span>
    </p>
   </div>
   <div class='ocr_carea' id='block_1_65' title="bbox 2073 3215 3720 3290">
    <p class='ocr_par' dir='ltr' id='par_1_65' title="bbox 2073 3215 3720 3290">
     <span class='ocr_line' id='line_1_66' title="bbox 2073 3215 3720 3290; baseline 0.001 -18"><span class='ocrx_word' id='word_1_507' title='bbox 2073 3233 2280 3288; x_wconf 84' lang='lat' dir='ltr'><strong>pecora</strong></span> <span class='ocrx_word' id='word_1_508' title='bbox 2313 3215 2551 3286; x_wconf 88' lang='lat' dir='ltr'><strong>quidem</strong></span> <span class='ocrx_word' id='word_1_509' title='bbox 2586 3219 2817 3275; x_wconf 88' lang='lat' dir='ltr'><strong>natura.</strong></span> <span class='ocrx_word' id='word_1_510' title='bbox 2843 3220 3043 3284; x_wconf 83' lang='lat' dir='ltr'><strong>gentes</strong></span> <span class='ocrx_word' id='word_1_511' title='bbox 3078 3216 3208 3284; x_wconf 83' lang='lat' dir='ltr'><strong>tide,</strong></span> <span class='ocrx_word' id='word_1_512' title='bbox 3239 3219 3382 3271; x_wconf 84' lang='lat' dir='ltr'><strong>servi</strong></span> <span class='ocrx_word' id='word_1_513' title='bbox 3416 3217 3559 3290; x_wconf 88' lang='lat' dir='ltr'><strong>lege.</strong></span> <span class='ocrx_word' id='word_1_514' title='bbox 3586 3221 3720 3275; x_wconf 90' lang='lat' dir='ltr'><strong>Pos-</strong></span> 
     </span>
    </p>
   </div>
   <div class='ocr_carea' id='block_1_66' title="bbox 306 3275 1962 3374">
    <p class='ocr_par' dir='ltr' id='par_1_66' title="bbox 306 3275 1956 3372">
     <span class='ocr_line' id='line_1_67' title="bbox 306 3275 1956 3372; baseline -0.004 -16"><span class='ocrx_word' id='word_1_515' title='bbox 306 3275 480 3357; x_wconf 62' lang='grc' dir='ltr'>Ἀλλά</span> <span class='ocrx_word' id='word_1_516' title='bbox 526 3275 632 3354; x_wconf 47' lang='grc' dir='ltr'>’καί</span> <span class='ocrx_word' id='word_1_517' title='bbox 703 3299 867 3372; x_wconf 67' lang='grc' dir='ltr'>ἡμεῖς</span> <span class='ocrx_word' id='word_1_518' title='bbox 912 3297 1185 3367; x_wconf 83' lang='grc' dir='ltr'>ἀλλήλοις</span> <span class='ocrx_word' id='word_1_519' title='bbox 1233 3275 1675 3370; x_wconf 41' lang='grc' dir='ltr'>ὑποτασσόμενοι,</span> <span class='ocrx_word' id='word_1_520' title='bbox 1712 3275 1815 3352; x_wconf 66' lang='grc' dir='ltr'><strong>⁷διὰ</strong></span> 
     </span>
    </p>
   </div>
   <div class='ocr_carea' id='block_1_67' title="bbox 2077 3275 3720 3374">
    <p class='ocr_par' dir='ltr' id='par_1_67' title="bbox 2077 3303 3720 3374">
     <span class='ocr_line' id='line_1_68' title="bbox 2077 3303 3720 3374; baseline 0.002 -14"><span class='ocrx_word' id='word_1_521' title='bbox 2077 3311 2214 3360; x_wconf 91' lang='lat' dir='ltr'><strong>sunt</strong></span> <span class='ocrx_word' id='word_1_522' title='bbox 2243 3305 2396 3358; x_wconf 87' lang='lat' dir='ltr'><strong>enim</strong></span> <span class='ocrx_word' id='word_1_523' title='bbox 2435 3303 2581 3357; x_wconf 86' lang='lat' dir='ltr'><strong>servi</strong></span> <span class='ocrx_word' id='word_1_524' title='bbox 2634 3303 2889 3358; x_wconf 89' lang='lat' dir='ltr'><strong>dominis</strong></span> <span class='ocrx_word' id='word_1_525' title='bbox 2939 3304 3084 3374; x_wconf 87' lang='lat' dir='ltr'><strong>ipsis</strong></span> <span class='ocrx_word' id='word_1_526' title='bbox 3113 3305 3325 3360; x_wconf 84' lang='lat' dir='ltr'><strong>virtute</strong></span> <span class='ocrx_word' id='word_1_527' title='bbox 3355 3308 3720 3364; x_wconf 88' lang='lat' dir='ltr'><strong>antecellere.</strong></span> 
     </span>
    </p>
   </div>
   <div class='ocr_carea' id='block_1_68' title="bbox 314 3384 1960 3465">
    <p class='ocr_par' dir='ltr' id='par_1_68' title="bbox 314 3384 1960 3465">
     <span class='ocr_line' id='line_1_69' title="bbox 314 3384 1960 3465; baseline -0.002 -22"><span class='ocrx_word' id='word_1_528' title='bbox 314 3390 546 3465; x_wconf 75' lang='grc' dir='ltr'>ἀγάπην,</span> <span class='ocrx_word' id='word_1_529' title='bbox 578 3389 688 3464; x_wconf 82' lang='grc' dir='ltr'><strong>οὐχ</strong></span> <span class='ocrx_word' id='word_1_530' title='bbox 716 3388 789 3450; x_wconf 84' lang='grc' dir='ltr'>ὡς</span> <span class='ocrx_word' id='word_1_531' title='bbox 817 3389 884 3442; x_wconf 72' lang='grc' dir='ltr'><strong>τά</strong></span> <span class='ocrx_word' id='word_1_532' title='bbox 912 3389 1083 3457; x_wconf 87' lang='grc' dir='ltr'>κτήνη</span> <span class='ocrx_word' id='word_1_533' title='bbox 1133 3391 1395 3465; x_wconf 77' lang='grc' dir='ltr'>φυσικῶς,</span> <span class='ocrx_word' id='word_1_534' title='bbox 1443 3384 1553 3451; x_wconf 72' lang='grc' dir='ltr'>οὗθ’</span> <span class='ocrx_word' id='word_1_535' title='bbox 1603 3389 1676 3449; x_wconf 86' lang='grc' dir='ltr'><strong>ὡς</strong></span> <span class='ocrx_word' id='word_1_536' title='bbox 1723 3389 1790 3441; x_wconf 77' lang='grc' dir='ltr'><strong>τά</strong></span> <span class='ocrx_word' id='word_1_537' title='bbox 1835 3384 1960 3457; x_wconf 83' lang='grc' dir='ltr'>ἔθνη</span> 
     </span>
    </p>
   </div>
   <div class='ocr_carea' id='block_1_69' title="bbox 314 3472 1966 3552">
    <p class='ocr_par' dir='ltr' id='par_1_69' title="bbox 314 3472 1966 3552">
     <span class='ocr_line' id='line_1_70' title="bbox 314 3472 1966 3552; baseline -0.002 -19"><span class='ocrx_word' id='word_1_538' title='bbox 314 3482 383 3552; x_wconf 81' lang='grc' dir='ltr'>τῇ</span> <span class='ocrx_word' id='word_1_539' title='bbox 433 3477 630 3549; x_wconf 78' lang='grc' dir='ltr'>πίστει,</span> <span class='ocrx_word' id='word_1_540' title='bbox 684 3476 798 3530; x_wconf 65' lang='grc' dir='ltr'>οὔθ’</span> <span class='ocrx_word' id='word_1_541' title='bbox 839 3477 914 3538; x_wconf 88' lang='grc' dir='ltr'>ὡς</span> <span class='ocrx_word' id='word_1_542' title='bbox 947 3473 1136 3530; x_wconf 71' lang='grc' dir='ltr'>δοῦλοι</span> <span class='ocrx_word' id='word_1_543' title='bbox 1167 3481 1246 3548; x_wconf 80' lang='grc' dir='ltr'>τῷ</span> <span class='ocrx_word' id='word_1_544' title='bbox 1278 3475 1450 3548; x_wconf 87' lang='grc' dir='ltr'>νόμῳ.</span> <span class='ocrx_word' id='word_1_545' title='bbox 1488 3473 1694 3532; x_wconf 82' lang='grc' dir='ltr'>Μακεδ.</span> <span class='ocrx_word' id='word_1_546' title='bbox 1723 3472 1862 3533; x_wconf 68' lang='grc' dir='ltr'>Οὔτε</span> <span class='ocrx_word' id='word_1_547' title='bbox 1893 3475 1966 3538; x_wconf 86' lang='grc' dir='ltr'><strong>ὠς</strong></span> 
     </span>
    </p>
   </div>
   <div class='ocr_carea' id='block_1_70' title="bbox 314 3562 1968 3636">
    <p class='ocr_par' dir='ltr' id='par_1_70' title="bbox 314 3562 1968 3636">
     <span class='ocr_line' id='line_1_71' title="bbox 314 3562 1968 3636; baseline -0.002 -15"><span class='ocrx_word' id='word_1_548' title='bbox 314 3568 514 3636; x_wconf 87' lang='grc' dir='ltr'>κτήνη.</span> <span class='ocrx_word' id='word_1_549' title='bbox 547 3565 670 3620; x_wconf 81' lang='grc' dir='ltr'>οὕτε</span> <span class='ocrx_word' id='word_1_550' title='bbox 701 3565 774 3626; x_wconf 86' lang='grc' dir='ltr'><strong>ὠς</strong></span> <span class='ocrx_word' id='word_1_551' title='bbox 805 3563 954 3634; x_wconf 81' lang='grc' dir='ltr'>ἔθνη,</span> <span class='ocrx_word' id='word_1_552' title='bbox 989 3563 1112 3619; x_wconf 71' lang='grc' dir='ltr'>οὔτε</span> <span class='ocrx_word' id='word_1_553' title='bbox 1142 3564 1216 3626; x_wconf 82' lang='grc' dir='ltr'>ὠς</span> <span class='ocrx_word' id='word_1_554' title='bbox 1250 3565 1299 3619; x_wconf 68' lang='grc' dir='ltr'>οἱ</span> <span class='ocrx_word' id='word_1_555' title='bbox 1335 3562 1548 3634; x_wconf 69' lang='grc' dir='ltr'>δοῦλοι,</span> <span class='ocrx_word' id='word_1_556' title='bbox 1581 3563 1726 3620; x_wconf 83' lang='grc' dir='ltr'><strong>ἀλλᾶ</strong></span> <span class='ocrx_word' id='word_1_557' title='bbox 1759 3562 1847 3619; x_wconf 73' lang='grc' dir='ltr'><strong>διὰ</strong></span> <span class='ocrx_word' id='word_1_558' title='bbox 1870 3565 1968 3633; x_wconf 77' lang='grc' dir='ltr'>τήν</span> 
     </span>
    </p>
   </div>
   <div class='ocr_carea' id='block_1_71' title="bbox 315 3653 1968 3730">
    <p class='ocr_par' dir='ltr' id='par_1_71' title="bbox 315 3653 1968 3730">
     <span class='ocr_line' id='line_1_72' title="bbox 315 3653 1968 3730; baseline -0.002 -20"><span class='ocrx_word' id='word_1_559' title='bbox 315 3661 413 3710; x_wconf 75' lang='grc' dir='ltr'>τοῦ</span> <span class='ocrx_word' id='word_1_560' title='bbox 475 3654 678 3730; x_wconf 81' lang='grc' dir='ltr'>Κυρίου</span> <span class='ocrx_word' id='word_1_561' title='bbox 722 3653 952 3730; x_wconf 84' lang='grc' dir='ltr'>ἀγάπην.</span> <span class='ocrx_word' id='word_1_562' title='bbox 995 3655 1144 3727; x_wconf 76' lang='grc' dir='ltr'><strong>Ὀρθ.</strong></span> <span class='ocrx_word' id='word_1_563' title='bbox 1199 3659 1251 3706; x_wconf 83' lang='lat'><strong>&#39;0</strong></span> <span class='ocrx_word' id='word_1_564' title='bbox 1300 3653 1479 3709; x_wconf 88' lang='grc' dir='ltr'>τοίνυν</span> <span class='ocrx_word' id='word_1_565' title='bbox 1512 3653 1635 3716; x_wconf 78' lang='grc' dir='ltr'><strong>Υἳὸς</strong></span> <span class='ocrx_word' id='word_1_566' title='bbox 1671 3653 1968 3708; x_wconf 85' lang='grc' dir='ltr'>ὑποτασσό-</span> 
     </span>
    </p>
   </div>
   <div class='ocr_carea' id='block_1_72' title="bbox 325 3741 1969 3820">
    <p class='ocr_par' dir='ltr' id='par_1_72' title="bbox 325 3741 1969 3820">
     <span class='ocr_line' id='line_1_73' title="bbox 325 3741 1969 3820; baseline -0.002 -20"><span class='ocrx_word' id='word_1_567' title='bbox 325 3767 486 3820; x_wconf 88' lang='grc' dir='ltr'>μενος</span> <span class='ocrx_word' id='word_1_568' title='bbox 514 3750 593 3818; x_wconf 81' lang='grc' dir='ltr'>τῷ</span> <span class='ocrx_word' id='word_1_569' title='bbox 629 3745 822 3819; x_wconf 76' lang='grc' dir='ltr'>Πατρὶ,</span> <span class='ocrx_word' id='word_1_570' title='bbox 856 3743 929 3806; x_wconf 82' lang='grc' dir='ltr'>ὠς</span> <span class='ocrx_word' id='word_1_571' title='bbox 969 3745 1036 3798; x_wconf 75' lang='grc' dir='ltr'>τὰ</span> <span class='ocrx_word' id='word_1_572' title='bbox 1059 3746 1227 3814; x_wconf 86' lang='grc' dir='ltr'>κτήνη</span> <span class='ocrx_word' id='word_1_573' title='bbox 1263 3741 1350 3797; x_wconf 72' lang='grc' dir='ltr'><strong>διὰ</strong></span> <span class='ocrx_word' id='word_1_574' title='bbox 1377 3745 1477 3812; x_wconf 79' lang='grc' dir='ltr'>τὴν</span> <span class='ocrx_word' id='word_1_575' title='bbox 1511 3743 1664 3820; x_wconf 80' lang='grc' dir='ltr'>φύσιν</span> <span class='ocrx_word' id='word_1_576' title='bbox 1715 3750 1830 3806; x_wconf 85' lang='grc' dir='ltr'>τοῖς</span> <span class='ocrx_word' id='word_1_577' title='bbox 1882 3743 1969 3797; x_wconf 82' lang='grc' dir='ltr'><strong>ἀν-</strong></span> 
     </span>
    </p>
   </div>
   <div class='ocr_carea' id='block_1_73' title="bbox 321 3829 1973 3907">
    <p class='ocr_par' dir='ltr' id='par_1_73' title="bbox 321 3829 1973 3907">
     <span class='ocr_line' id='line_1_74' title="bbox 321 3829 1973 3907; baseline -0.001 -20"><span class='ocrx_word' id='word_1_578' title='bbox 321 3834 563 3907; x_wconf 78' lang='grc' dir='ltr'>θρώποις</span> <span class='ocrx_word' id='word_1_579' title='bbox 599 3833 975 3902; x_wconf 79' lang='grc' dir='ltr'>ὑποτάσσεται,</span> <span class='ocrx_word' id='word_1_580' title='bbox 1009 3833 1043 3900; x_wconf 76' lang='grc' dir='ltr'><strong>ἢ</strong></span> <span class='ocrx_word' id='word_1_581' title='bbox 1080 3831 1153 3893; x_wconf 86' lang='grc' dir='ltr'><strong>ὠς</strong></span> <span class='ocrx_word' id='word_1_582' title='bbox 1188 3829 1376 3886; x_wconf 74' lang='grc' dir='ltr'>δοῦλοι</span> <span class='ocrx_word' id='word_1_583' title='bbox 1409 3829 1498 3886; x_wconf 76' lang='grc' dir='ltr'><strong>διὰ</strong></span> <span class='ocrx_word' id='word_1_584' title='bbox 1525 3832 1616 3886; x_wconf 90' lang='grc' dir='ltr'><strong>τὸν</strong></span> <span class='ocrx_word' id='word_1_585' title='bbox 1634 3832 1863 3904; x_wconf 67' lang='grc' dir='ltr'>νόμον,ἢ</span> <span class='ocrx_word' id='word_1_586' title='bbox 1898 3832 1973 3894; x_wconf 85' lang='grc' dir='ltr'><strong>ὠς</strong></span> 
     </span>
    </p>
   </div>
   <div class='ocr_carea' id='block_1_74' title="bbox 319 3918 1975 3998">
    <p class='ocr_par' dir='ltr' id='par_1_74' title="bbox 319 3918 1975 3998">
     <span class='ocr_line' id='line_1_75' title="bbox 319 3918 1975 3998; baseline -0.001 -22"><span class='ocrx_word' id='word_1_587' title='bbox 319 3920 653 3998; x_wconf 80' lang='grc' dir='ltr'>ἁμαρτωλὸς</span> <span class='ocrx_word' id='word_1_588' title='bbox 686 3919 774 3975; x_wconf 72' lang='grc' dir='ltr'><strong>διὰ</strong></span> <span class='ocrx_word' id='word_1_589' title='bbox 801 3922 899 3989; x_wconf 79' lang='grc' dir='ltr'>τήν</span> <span class='ocrx_word' id='word_1_590' title='bbox 930 3921 1134 3986; x_wconf 84' lang='grc' dir='ltr'>πίστιν,</span> <span class='ocrx_word' id='word_1_591' title='bbox 1165 3920 1198 3988; x_wconf 73' lang='grc' dir='ltr'><strong>ἢ</strong></span> <span class='ocrx_word' id='word_1_592' title='bbox 1234 3919 1305 3981; x_wconf 87' lang='grc' dir='ltr'>ὠς</span> <span class='ocrx_word' id='word_1_593' title='bbox 1329 3921 1451 3981; x_wconf 80' lang='grc' dir='ltr'>Υἱὸς</span> <span class='ocrx_word' id='word_1_594' title='bbox 1485 3918 1574 3974; x_wconf 74' lang='grc' dir='ltr'>διὰ</span> <span class='ocrx_word' id='word_1_595' title='bbox 1609 3922 1709 3988; x_wconf 76' lang='grc' dir='ltr'>τὴν</span> <span class='ocrx_word' id='word_1_596' title='bbox 1740 3921 1975 3996; x_wconf 87' lang='grc' dir='ltr'>ἀγάπην.</span> 
     </span>
    </p>
   </div>
   <div class='ocr_carea' id='block_1_75' title="bbox 319 4006 1973 4086">
    <p class='ocr_par' dir='ltr' id='par_1_75' title="bbox 319 4006 1973 4086">
     <span class='ocr_line' id='line_1_76' title="bbox 319 4006 1973 4086; baseline -0.002 -21"><span class='ocrx_word' id='word_1_597' title='bbox 319 4012 444 4072; x_wconf 70' lang='grc' dir='ltr'><strong>Υἱὸς</strong></span> <span class='ocrx_word' id='word_1_598' title='bbox 477 4008 536 4066; x_wconf 74' lang='grc' dir='ltr'><strong>δὲ</strong></span> <span class='ocrx_word' id='word_1_599' title='bbox 564 4012 738 4085; x_wconf 81' lang='grc' dir='ltr'>Πατρῖ</span> <span class='ocrx_word' id='word_1_600' title='bbox 797 4011 894 4078; x_wconf 79' lang='grc' dir='ltr'>τήν</span> <span class='ocrx_word' id='word_1_601' title='bbox 945 4009 1112 4078; x_wconf 70' lang='grc' dir='ltr'>αὐτὴν</span> <span class='ocrx_word' id='word_1_602' title='bbox 1165 4006 1279 4084; x_wconf 84' lang='grc' dir='ltr'>ἔχει</span> <span class='ocrx_word' id='word_1_603' title='bbox 1313 4009 1466 4086; x_wconf 65' lang='grc' dir='ltr'>φύσιν</span> <span class='ocrx_word' id='word_1_604' title='bbox 1513 4009 1973 4082; x_wconf 85' lang='grc' dir='ltr'>ὑποτασσόμενος,</span> 
     </span>
    </p>
   </div>
   <div class='ocr_carea' id='block_1_76' title="bbox 319 4097 1974 4177">
    <p class='ocr_par' dir='ltr' id='par_1_76' title="bbox 319 4097 1974 4177">
     <span class='ocr_line' id='line_1_77' title="bbox 319 4097 1974 4177; baseline 0.016 -24"><span class='ocrx_word' id='word_1_605' title='bbox 319 4100 447 4175; x_wconf 74' lang='grc' dir='ltr'>οὐχῖ</span> <span class='ocrx_word' id='word_1_606' title='bbox 480 4099 633 4177; x_wconf 69' lang='grc' dir='ltr'>φύσει</span> <span class='ocrx_word' id='word_1_607' title='bbox 679 4106 779 4164; x_wconf 82' lang='grc' dir='ltr'>τῆς</span> <span class='ocrx_word' id='word_1_608' title='bbox 831 4097 1112 4169; x_wconf 80' lang='grc' dir='ltr'>Θεότητος.</span> <span class='ocrx_word' id='word_1_609' title='bbox 1151 4097 1298 4153; x_wconf 75' lang='grc' dir='ltr'><strong>ἀλλά</strong></span> <span class='ocrx_word' id='word_1_610' title='bbox 1338 4101 1406 4171; x_wconf 71' lang='grc' dir='ltr'><strong>τῇ</strong></span> <span class='ocrx_word' id='word_1_611' title='bbox 1441 4097 1724 4170; x_wconf 61' lang='grc' dir='ltr'>οἰκονομία</span> <span class='ocrx_word' id='word_1_612' title='bbox 1753 4101 1851 4166; x_wconf 45' lang='lat' dir='ltr'><strong>ﬁt“</strong></span> <span class='ocrx_word' id='word_1_613' title='bbox 1885 4099 1974 4151; x_wconf 72' lang='grc' dir='ltr'><strong>ἀν’</strong></span> 
     </span>
    </p>
   </div>
   <div class='ocr_carea' id='block_1_77' title="bbox 319 4182 1977 4263">
    <p class='ocr_par' dir='ltr' id='par_1_77' title="bbox 319 4182 1977 4263">
     <span class='ocr_line' id='line_1_78' title="bbox 319 4182 1977 4263; baseline -0.002 -20"><span class='ocrx_word' id='word_1_614' title='bbox 319 4187 704 4262; x_wconf 78' lang='grc' dir='ltr'>θρωπότητος.</span> <span class='ocrx_word' id='word_1_615' title='bbox 761 4193 814 4241; x_wconf 86' lang='lat'><strong>&#39;0</strong></span> <span class='ocrx_word' id='word_1_616' title='bbox 863 4188 966 4263; x_wconf 77' lang='grc' dir='ltr'><strong>γάρ</strong></span> <span class='ocrx_word' id='word_1_617' title='bbox 1011 4186 1446 4259; x_wconf 87' lang='grc' dir='ltr'>ὑποτασσόμενος</span> <span class='ocrx_word' id='word_1_618' title='bbox 1493 4182 1607 4261; x_wconf 78' lang='grc' dir='ltr'>ἔχει</span> <span class='ocrx_word' id='word_1_619' title='bbox 1656 4208 1705 4240; x_wconf 90' lang='grc' dir='ltr'><strong>τι</strong></span> <span class='ocrx_word' id='word_1_620' title='bbox 1741 4185 1977 4258; x_wconf 68' lang='grc' dir='ltr'>θέλημα,</span> 
     </span>
    </p>
   </div>
   <div class='ocr_carea' id='block_1_78' title="bbox 321 4275 1979 4348">
    <p class='ocr_par' dir='ltr' id='par_1_78' title="bbox 321 4275 1979 4348">
     <span class='ocr_line' id='line_1_79' title="bbox 321 4275 1979 4348; baseline -0.001 -18"><span class='ocrx_word' id='word_1_621' title='bbox 321 4276 349 4330; x_wconf 82' lang='grc' dir='ltr'>ὅ</span> <span class='ocrx_word' id='word_1_622' title='bbox 379 4276 626 4347; x_wconf 83' lang='grc' dir='ltr'>κολάζει,</span> <span class='ocrx_word' id='word_1_623' title='bbox 665 4276 756 4330; x_wconf 79' lang='grc' dir='ltr'>ἳνα</span> <span class='ocrx_word' id='word_1_624' title='bbox 801 4277 864 4330; x_wconf 87' lang='grc' dir='ltr'>τὸ</span> <span class='ocrx_word' id='word_1_625' title='bbox 911 4281 1009 4330; x_wconf 81' lang='grc' dir='ltr'>τοῦ</span> <span class='ocrx_word' id='word_1_626' title='bbox 1041 4275 1477 4347; x_wconf 69' lang='grc' dir='ltr'>προστάσσοντος</span> <span class='ocrx_word' id='word_1_627' title='bbox 1510 4277 1732 4348; x_wconf 67' lang='grc' dir='ltr'>ποιήσῃ·</span> <span class='ocrx_word' id='word_1_628' title='bbox 1769 4276 1979 4346; x_wconf 66' lang='grc' dir='ltr'>Ματρὸς</span> 
     </span>
    </p>
   </div>
   <div class='ocr_carea' id='block_1_79' title="bbox 323 4362 1872 4442">
    <p class='ocr_par' dir='ltr' id='par_1_79' title="bbox 323 4362 1872 4442">
     <span class='ocr_line' id='line_1_80' title="bbox 323 4362 1872 4442; baseline -0.001 -22"><span class='ocrx_word' id='word_1_629' title='bbox 323 4363 382 4420; x_wconf 67' lang='grc' dir='ltr'><strong>δὲ</strong></span> <span class='ocrx_word' id='word_1_630' title='bbox 410 4365 499 4442; x_wconf 78' lang='grc' dir='ltr'><strong>καὶ</strong></span> <span class='ocrx_word' id='word_1_631' title='bbox 532 4365 662 4419; x_wconf 69' lang='grc' dir='ltr'>Υἱοῦ</span> <span class='ocrx_word' id='word_1_632' title='bbox 695 4362 750 4418; x_wconf 77' lang='grc' dir='ltr'>ἓν</span> <span class='ocrx_word' id='word_1_633' title='bbox 790 4363 902 4418; x_wconf 85' lang='grc' dir='ltr'>ἐστι</span> <span class='ocrx_word' id='word_1_634' title='bbox 932 4363 1150 4436; x_wconf 74' lang='grc' dir='ltr'>Θὲλημα</span> <span class='ocrx_word' id='word_1_635' title='bbox 1181 4368 1258 4435; x_wconf 79' lang='grc' dir='ltr'>τῷ</span> <span class='ocrx_word' id='word_1_636' title='bbox 1279 4363 1435 4438; x_wconf 84' lang='grc' dir='ltr'>λόγῳ</span> <span class='ocrx_word' id='word_1_637' title='bbox 1465 4371 1566 4432; x_wconf 78' lang='grc' dir='ltr'>τῆς</span> <span class='ocrx_word' id='word_1_638' title='bbox 1599 4363 1872 4434; x_wconf 78' lang='grc' dir='ltr'>θεότητος.</span> 
     </span>
    </p>
   </div>
   <div class='ocr_carea' id='block_1_80' title="bbox 2076 3391 3724 3464">
    <p class='ocr_par' dir='ltr' id='par_1_80' title="bbox 2076 3391 3724 3464">
     <span class='ocr_line' id='line_1_81' title="bbox 2076 3391 3724 3464; baseline 0.002 -16"><span class='ocrx_word' id='word_1_639' title='bbox 2076 3393 2288 3448; x_wconf 84' lang='lat' dir='ltr'><strong>Maccd.</strong></span> <span class='ocrx_word' id='word_1_640' title='bbox 2324 3397 2422 3446; x_wconf 86' lang='lat' dir='ltr'><strong>Est</strong></span> <span class='ocrx_word' id='word_1_641' title='bbox 2453 3392 2508 3445; x_wconf 91' lang='lat' dir='ltr'><strong>in</strong></span> <span class='ocrx_word' id='word_1_642' title='bbox 2543 3391 2810 3446; x_wconf 84' lang='lat' dir='ltr'><strong>confesso</strong></span> <span class='ocrx_word' id='word_1_643' title='bbox 2858 3391 3004 3446; x_wconf 87' lang='lat' dir='ltr'><strong>alios</strong></span> <span class='ocrx_word' id='word_1_644' title='bbox 3034 3398 3212 3464; x_wconf 88' lang='lat' dir='ltr'><strong>atque</strong></span> <span class='ocrx_word' id='word_1_645' title='bbox 3255 3393 3401 3449; x_wconf 91' lang='lat' dir='ltr'><strong>alios</strong></span> <span class='ocrx_word' id='word_1_646' title='bbox 3427 3412 3555 3451; x_wconf 89' lang='lat' dir='ltr'><strong>esse</strong></span> <span class='ocrx_word' id='word_1_647' title='bbox 3584 3397 3724 3452; x_wconf 84' lang='lat' dir='ltr'><strong>sub—</strong></span> 
     </span>
    </p>
   </div>
   <div class='ocr_carea' id='block_1_81' title="bbox 2069 3480 3732 3552">
    <p class='ocr_par' dir='ltr' id='par_1_81' title="bbox 2069 3480 3732 3552">
     <span class='ocr_line' id='line_1_82' title="bbox 2069 3480 3732 3552; baseline 0.001 -15"><span class='ocrx_word' id='word_1_648' title='bbox 2069 3482 2346 3552; x_wconf 89' lang='lat' dir='ltr'><strong>jectionis</strong></span> <span class='ocrx_word' id='word_1_649' title='bbox 2393 3481 2614 3535; x_wconf 91' lang='lat' dir='ltr'><strong>modos.</strong></span> <span class='ocrx_word' id='word_1_650' title='bbox 2653 3481 2804 3534; x_wconf 83' lang='lat' dir='ltr'><strong>Orth.</strong></span> <span class='ocrx_word' id='word_1_651' title='bbox 2840 3480 2989 3544; x_wconf 92' lang='lat' dir='ltr'><strong>Quin</strong></span> <span class='ocrx_word' id='word_1_652' title='bbox 3021 3486 3076 3535; x_wconf 90' lang='lat' dir='ltr'><strong>et</strong></span> <span class='ocrx_word' id='word_1_653' title='bbox 3107 3498 3212 3536; x_wconf 91' lang='lat' dir='ltr'><strong>nos</strong></span> <span class='ocrx_word' id='word_1_654' title='bbox 3245 3482 3397 3536; x_wconf 89' lang='lat' dir='ltr'><strong>alius</strong></span> <span class='ocrx_word' id='word_1_655' title='bbox 3442 3483 3540 3538; x_wconf 90' lang='lat' dir='ltr'><strong>alii</strong></span> <span class='ocrx_word' id='word_1_656' title='bbox 3590 3485 3732 3540; x_wconf 89' lang='lat' dir='ltr'><strong>sub-</strong></span> 
     </span>
    </p>
   </div>
   <div class='ocr_carea' id='block_1_82' title="bbox 2070 3569 3732 3643">
    <p class='ocr_par' dir='ltr' id='par_1_82' title="bbox 2070 3569 3732 3643">
     <span class='ocr_line' id='line_1_83' title="bbox 2070 3569 3732 3643; baseline 0.002 -18"><span class='ocrx_word' id='word_1_657' title='bbox 2070 3571 2210 3643; x_wconf 83' lang='lat' dir='ltr'><strong>jecti</strong></span> <span class='ocrx_word' id='word_1_658' title='bbox 2248 3586 2456 3625; x_wconf 88' lang='lat' dir='ltr'><strong>sumus</strong></span> <span class='ocrx_word' id='word_1_659' title='bbox 2488 3585 2589 3640; x_wconf 91' lang='lat' dir='ltr'><strong>per</strong></span> <span class='ocrx_word' id='word_1_660' title='bbox 2617 3569 2987 3638; x_wconf 87' lang='lat' dir='ltr'><strong>charitatem,</strong></span> <span class='ocrx_word' id='word_1_661' title='bbox 3016 3586 3128 3624; x_wconf 89' lang='lat' dir='ltr'><strong>non</strong></span> <span class='ocrx_word' id='word_1_662' title='bbox 3166 3575 3230 3625; x_wconf 87' lang='lat' dir='ltr'><strong>ut</strong></span> <span class='ocrx_word' id='word_1_663' title='bbox 3257 3588 3463 3640; x_wconf 91' lang='lat' dir='ltr'><strong>pecora</strong></span> <span class='ocrx_word' id='word_1_664' title='bbox 3495 3579 3732 3628; x_wconf 90' lang='lat' dir='ltr'><strong>natura-</strong></span> 
     </span>
    </p>
   </div>
   <div class='ocr_carea' id='block_1_83' title="bbox 2079 3658 3731 3735">
    <p class='ocr_par' dir='ltr' id='par_1_83' title="bbox 2079 3658 3731 3735">
     <span class='ocr_line' id='line_1_84' title="bbox 2079 3658 3731 3735; baseline 0.001 -20"><span class='ocrx_word' id='word_1_665' title='bbox 2079 3660 2234 3725; x_wconf 90' lang='lat' dir='ltr'><strong>liter,</strong></span> <span class='ocrx_word' id='word_1_666' title='bbox 2268 3674 2454 3730; x_wconf 89' lang='lat' dir='ltr'><strong>neque</strong></span> <span class='ocrx_word' id='word_1_667' title='bbox 2501 3665 2564 3712; x_wconf 91' lang='lat' dir='ltr'><strong>ut</strong></span> <span class='ocrx_word' id='word_1_668' title='bbox 2609 3663 2812 3728; x_wconf 86' lang='lat' dir='ltr'><strong>gentes</strong></span> <span class='ocrx_word' id='word_1_669' title='bbox 2864 3658 2994 3717; x_wconf 81' lang='lat' dir='ltr'><strong>ﬁde.</strong></span> <span class='ocrx_word' id='word_1_670' title='bbox 3031 3675 3218 3729; x_wconf 87' lang='lat' dir='ltr'><strong>neque</strong></span> <span class='ocrx_word' id='word_1_671' title='bbox 3264 3666 3330 3714; x_wconf 89' lang='lat' dir='ltr'><strong>ut</strong></span> <span class='ocrx_word' id='word_1_672' title='bbox 3377 3662 3523 3716; x_wconf 91' lang='lat' dir='ltr'><strong>servi</strong></span> <span class='ocrx_word' id='word_1_673' title='bbox 3587 3664 3731 3735; x_wconf 85' lang='lat' dir='ltr'><strong>lege.</strong></span> 
     </span>
    </p>
   </div>
   <div class='ocr_carea' id='block_1_84' title="bbox 2083 3747 3736 3822">
    <p class='ocr_par' dir='ltr' id='par_1_84' title="bbox 2083 3747 3736 3822">
     <span class='ocr_line' id='line_1_85' title="bbox 2083 3747 3736 3822; baseline 0.001 -18"><span class='ocrx_word' id='word_1_674' title='bbox 2083 3749 2300 3804; x_wconf 79' lang='lat' dir='ltr'><strong>Maced.</strong></span> <span class='ocrx_word' id='word_1_675' title='bbox 2335 3747 2534 3816; x_wconf 89' lang='lat' dir='ltr'><strong>Neque</strong></span> <span class='ocrx_word' id='word_1_676' title='bbox 2561 3752 2623 3800; x_wconf 89' lang='lat' dir='ltr'><strong>ut</strong></span> <span class='ocrx_word' id='word_1_677' title='bbox 2645 3762 2873 3817; x_wconf 84' lang='lat' dir='ltr'><strong>pecora,</strong></span> <span class='ocrx_word' id='word_1_678' title='bbox 2901 3763 3085 3816; x_wconf 90' lang='lat' dir='ltr'><strong>neque</strong></span> <span class='ocrx_word' id='word_1_679' title='bbox 3117 3754 3182 3801; x_wconf 88' lang='lat' dir='ltr'><strong>ut</strong></span> <span class='ocrx_word' id='word_1_680' title='bbox 3211 3754 3436 3819; x_wconf 88' lang='lat' dir='ltr'><strong>gentes,</strong></span> <span class='ocrx_word' id='word_1_681' title='bbox 3457 3767 3644 3822; x_wconf 90' lang='lat' dir='ltr'><strong>neque</strong></span> <span class='ocrx_word' id='word_1_682' title='bbox 3671 3757 3736 3806; x_wconf 90' lang='lat' dir='ltr'><strong>ut</strong></span> 
     </span>
    </p>
   </div>
   <div class='ocr_carea' id='block_1_85' title="bbox 2083 3835 3728 3911">
    <p class='ocr_par' dir='ltr' id='par_1_85' title="bbox 2083 3835 3728 3911">
     <span class='ocr_line' id='line_1_86' title="bbox 2083 3835 3728 3911; baseline 0.002 -19"><span class='ocrx_word' id='word_1_683' title='bbox 2083 3835 2254 3892; x_wconf 86' lang='lat' dir='ltr'><strong>servi.</strong></span> <span class='ocrx_word' id='word_1_684' title='bbox 2290 3835 2387 3890; x_wconf 86' lang='lat' dir='ltr'><strong>sed</strong></span> <span class='ocrx_word' id='word_1_685' title='bbox 2434 3852 2534 3906; x_wconf 88' lang='lat' dir='ltr'><strong>per</strong></span> <span class='ocrx_word' id='word_1_686' title='bbox 2582 3835 2806 3889; x_wconf 88' lang='lat' dir='ltr'><strong>Domini</strong></span> <span class='ocrx_word' id='word_1_687' title='bbox 2841 3835 3236 3890; x_wconf 88' lang='lat' dir='ltr'><strong>dilectionem.</strong></span> <span class='ocrx_word' id='word_1_688' title='bbox 3263 3838 3415 3892; x_wconf 78' lang='lat' dir='ltr'><strong>Orth.</strong></span> <span class='ocrx_word' id='word_1_689' title='bbox 3440 3843 3580 3894; x_wconf 88' lang='lat' dir='ltr'><strong>Cum</strong></span> <span class='ocrx_word' id='word_1_690' title='bbox 3613 3839 3728 3911; x_wconf 88' lang='lat' dir='ltr'><strong>igi-</strong></span> 
     </span>
    </p>
   </div>
   <div class='ocr_carea' id='block_1_86' title="bbox 2085 3922 3736 3999">
    <p class='ocr_par' dir='ltr' id='par_1_86' title="bbox 2085 3922 3736 3999">
     <span class='ocr_line' id='line_1_87' title="bbox 2085 3922 3736 3999; baseline 0.003 -21"><span class='ocrx_word' id='word_1_691' title='bbox 2085 3930 2182 3978; x_wconf 91' lang='lat' dir='ltr'><strong>tur</strong></span> <span class='ocrx_word' id='word_1_692' title='bbox 2217 3923 2394 3977; x_wconf 87' lang='lat' dir='ltr'><strong>Filius</strong></span> <span class='ocrx_word' id='word_1_693' title='bbox 2425 3922 2578 3975; x_wconf 86' lang='lat' dir='ltr'><strong>Patri</strong></span> <span class='ocrx_word' id='word_1_694' title='bbox 2606 3922 2908 3991; x_wconf 88' lang='lat' dir='ltr'><strong>subjectus</strong></span> <span class='ocrx_word' id='word_1_695' title='bbox 2939 3923 3032 3988; x_wconf 86' lang='lat' dir='ltr'><strong>sit,</strong></span> <span class='ocrx_word' id='word_1_696' title='bbox 3061 3923 3372 3993; x_wconf 88' lang='lat' dir='ltr'><strong>subjicitur</strong></span> <span class='ocrx_word' id='word_1_697' title='bbox 3401 3926 3482 3979; x_wconf 92' lang='lat' dir='ltr'><strong>illi</strong></span> <span class='ocrx_word' id='word_1_698' title='bbox 3515 3927 3601 3982; x_wconf 87' lang='lat' dir='ltr'><strong>vel</strong></span> <span class='ocrx_word' id='word_1_699' title='bbox 3636 3945 3736 3999; x_wconf 88' lang='lat' dir='ltr'><strong>per</strong></span> 
     </span>
    </p>
   </div>
   <div class='ocr_carea' id='block_1_87' title="bbox 2091 4010 3744 4086">
    <p class='ocr_par' dir='ltr' id='par_1_87' title="bbox 2091 4010 3744 4086">
     <span class='ocr_line' id='line_1_88' title="bbox 2091 4010 3744 4086; baseline 0.003 -20"><span class='ocrx_word' id='word_1_700' title='bbox 2091 4018 2384 4076; x_wconf 86' lang='lat' dir='ltr'><strong>naturam,</strong></span> <span class='ocrx_word' id='word_1_701' title='bbox 2421 4017 2482 4064; x_wconf 89' lang='lat' dir='ltr'><strong>ut</strong></span> <span class='ocrx_word' id='word_1_702' title='bbox 2521 4028 2725 4078; x_wconf 81' lang='lat' dir='ltr'><strong>pecora</strong></span> <span class='ocrx_word' id='word_1_703' title='bbox 2768 4010 3110 4065; x_wconf 87' lang='lat' dir='ltr'><strong>hominibus</strong></span> <span class='ocrx_word' id='word_1_704' title='bbox 3145 4029 3156 4065; x_wconf 92' lang='lat'>:</span> <span class='ocrx_word' id='word_1_705' title='bbox 3192 4013 3276 4067; x_wconf 90' lang='lat' dir='ltr'><strong>vel</strong></span> <span class='ocrx_word' id='word_1_706' title='bbox 3313 4031 3415 4084; x_wconf 92' lang='lat' dir='ltr'><strong>per</strong></span> <span class='ocrx_word' id='word_1_707' title='bbox 3444 4015 3652 4086; x_wconf 89' lang='lat' dir='ltr'><strong>legem,</strong></span> <span class='ocrx_word' id='word_1_708' title='bbox 3679 4022 3744 4071; x_wconf 88' lang='lat' dir='ltr'><strong>ut</strong></span> 
     </span>
    </p>
   </div>
   <div class='ocr_carea' id='block_1_88' title="bbox 2090 4098 3744 4172">
    <p class='ocr_par' dir='ltr' id='par_1_88' title="bbox 2090 4098 3744 4172">
     <span class='ocr_line' id='line_1_89' title="bbox 2090 4098 3744 4172; baseline 0.001 -16"><span class='ocrx_word' id='word_1_709' title='bbox 2090 4100 2235 4156; x_wconf 89' lang='lat' dir='ltr'><strong>servi</strong></span> <span class='ocrx_word' id='word_1_710' title='bbox 2277 4118 2288 4154; x_wconf 89' lang='lat'>:</span> <span class='ocrx_word' id='word_1_711' title='bbox 2321 4098 2408 4152; x_wconf 89' lang='lat' dir='ltr'><strong>vel</strong></span> <span class='ocrx_word' id='word_1_712' title='bbox 2445 4115 2545 4168; x_wconf 88' lang='lat' dir='ltr'><strong>per</strong></span> <span class='ocrx_word' id='word_1_713' title='bbox 2574 4098 2770 4160; x_wconf 83' lang='lat' dir='ltr'><strong>fidem,</strong></span> <span class='ocrx_word' id='word_1_714' title='bbox 2799 4104 2861 4152; x_wconf 87' lang='lat' dir='ltr'><strong>ut</strong></span> <span class='ocrx_word' id='word_1_715' title='bbox 2893 4104 3158 4166; x_wconf 84' lang='lat' dir='ltr'><strong>peccator</strong></span> <span class='ocrx_word' id='word_1_716' title='bbox 3192 4117 3204 4154; x_wconf 93' lang='lat'>:</span> <span class='ocrx_word' id='word_1_717' title='bbox 3239 4101 3321 4154; x_wconf 89' lang='lat' dir='ltr'><strong>vel</strong></span> <span class='ocrx_word' id='word_1_718' title='bbox 3358 4119 3460 4172; x_wconf 83' lang='lat' dir='ltr'><strong>per</strong></span> <span class='ocrx_word' id='word_1_719' title='bbox 3489 4105 3744 4160; x_wconf 85' lang='lat' dir='ltr'><strong>dilectio-</strong></span> 
     </span>
    </p>
   </div>
   <div class='ocr_carea' id='block_1_89' title="bbox 2092 4185 3748 4260">
    <p class='ocr_par' dir='ltr' id='par_1_89' title="bbox 2092 4185 3748 4260">
     <span class='ocr_line' id='line_1_90' title="bbox 2092 4185 3748 4260; baseline 0.004 -18"><span class='ocrx_word' id='word_1_720' title='bbox 2092 4205 2247 4253; x_wconf 92' lang='lat' dir='ltr'><strong>nem,</strong></span> <span class='ocrx_word' id='word_1_721' title='bbox 2284 4193 2348 4242; x_wconf 86' lang='lat' dir='ltr'><strong>ut</strong></span> <span class='ocrx_word' id='word_1_722' title='bbox 2379 4186 2580 4241; x_wconf 87' lang='lat' dir='ltr'><strong>Filius.</strong></span> <span class='ocrx_word' id='word_1_723' title='bbox 2623 4185 2798 4240; x_wconf 86' lang='lat' dir='ltr'><strong>Filius</strong></span> <span class='ocrx_word' id='word_1_724' title='bbox 2836 4193 3026 4240; x_wconf 89' lang='lat' dir='ltr'><strong>autem</strong></span> <span class='ocrx_word' id='word_1_725' title='bbox 3070 4189 3334 4243; x_wconf 83' lang='lat' dir='ltr'><strong>eamdem</strong></span> <span class='ocrx_word' id='word_1_726' title='bbox 3369 4207 3545 4260; x_wconf 87' lang='lat' dir='ltr'><strong>quam</strong></span> <span class='ocrx_word' id='word_1_727' title='bbox 3580 4193 3748 4248; x_wconf 86' lang='lat' dir='ltr'><strong>Pater</strong></span> 
     </span>
    </p>
   </div>
   <div class='ocr_carea' id='block_1_90' title="bbox 2093 4274 3743 4343">
    <p class='ocr_par' dir='ltr' id='par_1_90' title="bbox 2093 4274 3743 4343">
     <span class='ocr_line' id='line_1_91' title="bbox 2093 4274 3743 4343; baseline 0.001 -12"><span class='ocrx_word' id='word_1_728' title='bbox 2093 4278 2270 4330; x_wconf 85' lang='lat' dir='ltr'><strong>habet</strong></span> <span class='ocrx_word' id='word_1_729' title='bbox 2302 4280 2589 4341; x_wconf 71' lang='lat' dir='ltr'><strong>naturam,</strong></span> <span class='ocrx_word' id='word_1_730' title='bbox 2626 4274 2929 4341; x_wconf 80' lang='lat' dir='ltr'><strong>subjectus</strong></span> <span class='ocrx_word' id='word_1_731' title='bbox 2963 4291 3073 4327; x_wconf 91' lang='lat' dir='ltr'><strong>non</strong></span> <span class='ocrx_word' id='word_1_732' title='bbox 3117 4282 3324 4330; x_wconf 88' lang='lat' dir='ltr'><strong>natura</strong></span> <span class='ocrx_word' id='word_1_733' title='bbox 3356 4278 3612 4343; x_wconf 78' lang='lat' dir='ltr'><strong>deitatis,</strong></span> <span class='ocrx_word' id='word_1_734' title='bbox 3647 4283 3743 4333; x_wconf 81' lang='lat' dir='ltr'><strong>sed</strong></span> 
     </span>
    </p>
   </div>
   <div class='ocr_carea' id='block_1_91' title="bbox 2096 4362 3750 4435">
    <p class='ocr_par' dir='ltr' id='par_1_91' title="bbox 2096 4362 3750 4435">
     <span class='ocr_line' id='line_1_92' title="bbox 2096 4362 3750 4435; baseline 0.002 -15"><span class='ocrx_word' id='word_1_735' title='bbox 2096 4364 2419 4420; x_wconf 72' lang='lat' dir='ltr'><strong>mconomia</strong></span> <span class='ocrx_word' id='word_1_736' title='bbox 2477 4362 2885 4417; x_wconf 88' lang='lat' dir='ltr'><strong>humanitatis.</strong></span> <span class='ocrx_word' id='word_1_737' title='bbox 2920 4364 3023 4428; x_wconf 91' lang='lat' dir='ltr'><strong>Qui</strong></span> <span class='ocrx_word' id='word_1_738' title='bbox 3075 4364 3229 4418; x_wconf 91' lang='lat' dir='ltr'><strong>enim</strong></span> <span class='ocrx_word' id='word_1_739' title='bbox 3279 4367 3610 4435; x_wconf 88' lang='lat' dir='ltr'><strong>subjicitur,</strong></span> <span class='ocrx_word' id='word_1_740' title='bbox 3653 4387 3750 4424; x_wconf 90' lang='lat' dir='ltr'><strong>vo-</strong></span> 
     </span>
    </p>
   </div>
   <div class='ocr_carea' id='block_1_92' title="bbox 323 4452 3752 4527">
    <p class='ocr_par' dir='ltr' id='par_1_92' title="bbox 323 4452 3752 4527">
     <span class='ocr_line' id='line_1_93' title="bbox 323 4452 3752 4527; baseline 0 -16"><span class='ocrx_word' id='word_1_741' title='bbox 323 4456 622 4511; x_wconf 90' lang='lat' dir='ltr'><strong>luntatem</strong></span> <span class='ocrx_word' id='word_1_742' title='bbox 655 4455 917 4527; x_wconf 84' lang='lat' dir='ltr'><strong>aliquam</strong></span> <span class='ocrx_word' id='word_1_743' title='bbox 951 4455 1145 4525; x_wconf 89' lang='lat' dir='ltr'><strong>habet,</strong></span> <span class='ocrx_word' id='word_1_744' title='bbox 1180 4472 1357 4526; x_wconf 90' lang='lat' dir='ltr'><strong>quam</strong></span> <span class='ocrx_word' id='word_1_745' title='bbox 1393 4455 1733 4526; x_wconf 87' lang='lat' dir='ltr'><strong>comprimit</strong></span> <span class='ocrx_word' id='word_1_746' title='bbox 1764 4461 1827 4509; x_wconf 93' lang='lat' dir='ltr'><strong>ut</strong></span> <span class='ocrx_word' id='word_1_747' title='bbox 1856 4453 2214 4509; x_wconf 89' lang='lat' dir='ltr'><strong>voluntatem</strong></span> <span class='ocrx_word' id='word_1_748' title='bbox 2264 4452 2652 4526; x_wconf 64' lang='lat' dir='ltr'><strong>praecipientis</strong></span> <span class='ocrx_word' id='word_1_749' title='bbox 2687 4457 3060 4523; x_wconf 87' lang='lat' dir='ltr'><strong>exsequatur.</strong></span> <span class='ocrx_word' id='word_1_750' title='bbox 3099 4456 3161 4506; x_wconf 80' lang='lat' dir='ltr'><strong>At</strong></span> <span class='ocrx_word' id='word_1_751' title='bbox 3191 4452 3377 4508; x_wconf 88' lang='lat' dir='ltr'><strong>Patris</strong></span> <span class='ocrx_word' id='word_1_752' title='bbox 3409 4461 3465 4510; x_wconf 89' lang='lat' dir='ltr'><strong>et</strong></span> <span class='ocrx_word' id='word_1_753' title='bbox 3501 4457 3623 4510; x_wconf 81' lang='lat' dir='ltr'><strong>Filii</strong></span> <span class='ocrx_word' id='word_1_754' title='bbox 3655 4475 3752 4513; x_wconf 87' lang='lat' dir='ltr'><strong>vo-</strong></span> 
     </span>
    </p>
   </div>
   <div class='ocr_carea' id='block_1_93' title="bbox 325 4544 1358 4613">
    <p class='ocr_par' dir='ltr' id='par_1_93' title="bbox 325 4544 1358 4613">
     <span class='ocr_line' id='line_1_94' title="bbox 325 4544 1358 4613; baseline -0.002 -14"><span class='ocrx_word' id='word_1_755' title='bbox 325 4544 526 4600; x_wconf 88' lang='lat' dir='ltr'><strong>luntas</strong></span> <span class='ocrx_word' id='word_1_756' title='bbox 558 4549 647 4600; x_wconf 86' lang='lat' dir='ltr'><strong>est</strong></span> <span class='ocrx_word' id='word_1_757' title='bbox 676 4562 814 4613; x_wconf 88' lang='lat' dir='ltr'><strong>una,</strong></span> <span class='ocrx_word' id='word_1_758' title='bbox 849 4544 1073 4598; x_wconf 89' lang='lat' dir='ltr'><strong>ratione</strong></span> <span class='ocrx_word' id='word_1_759' title='bbox 1105 4545 1358 4599; x_wconf 89' lang='lat' dir='ltr'><strong>deitatis.</strong></span> 
     </span>
    </p>
   </div>
   <div class='ocr_carea' id='block_1_94' title="bbox 402 4628 2058 4706">
    <p class='ocr_par' dir='ltr' id='par_1_94' title="bbox 402 4628 2058 4706">
     <span class='ocr_line' id='line_1_95' title="bbox 402 4628 2058 4706; baseline -0.002 -18"><span class='ocrx_word' id='word_1_760' title='bbox 402 4635 484 4688; x_wconf 84' lang='grc'><strong>19.</strong></span> <span class='ocrx_word' id='word_1_761' title='bbox 520 4628 727 4688; x_wconf 62' lang='lat' dir='ltr'><strong>Manes.</strong></span> <span class='ocrx_word' id='word_1_762' title='bbox 764 4633 891 4692; x_wconf 83' lang='grc' dir='ltr'><strong>Πῶς</strong></span> <span class='ocrx_word' id='word_1_763' title='bbox 925 4630 1014 4685; x_wconf 79' lang='grc' dir='ltr'><strong>οὖν</strong></span> <span class='ocrx_word' id='word_1_764' title='bbox 1049 4629 1366 4706; x_wconf 72' lang='grc' dir='ltr'>γέγραπται·</span> <span class='ocrx_word' id='word_1_765' title='bbox 1427 4656 1453 4681; x_wconf 91' lang='grc'><em>‹‹</em></span> <span class='ocrx_word' id='word_1_766' title='bbox 1507 4633 1774 4701; x_wconf 87' lang='grc' dir='ltr'>Ὑπήκοος</span> <span class='ocrx_word' id='word_1_767' title='bbox 1826 4629 1980 4706; x_wconf 86' lang='grc' dir='ltr'>γενό-</span> <span class='ocrx_word' id='word_1_768' title='bbox 2013 4639 2058 4702; x_wconf 87' lang='lat' dir='ltr'><strong>D</strong></span> 
     </span>
    </p>
   </div>
   <div class='ocr_carea' id='block_1_95' title="bbox 332 4717 1986 4796">
    <p class='ocr_par' dir='ltr' id='par_1_95' title="bbox 332 4717 1986 4796">
     <span class='ocr_line' id='line_1_96' title="bbox 332 4717 1986 4796; baseline -0.001 -21"><span class='ocrx_word' id='word_1_769' title='bbox 332 4742 494 4794; x_wconf 91' lang='grc' dir='ltr'>μενος</span> <span class='ocrx_word' id='word_1_770' title='bbox 558 4720 724 4796; x_wconf 65' lang='grc' dir='ltr'>μέχρι</span> <span class='ocrx_word' id='word_1_771' title='bbox 773 4721 1022 4774; x_wconf 88' lang='grc' dir='ltr'>θανάτου·</span> <span class='ocrx_word' id='word_1_772' title='bbox 1073 4743 1101 4770; x_wconf 88' lang='grc'><strong>››</strong></span> <span class='ocrx_word' id='word_1_773' title='bbox 1152 4719 1263 4788; x_wconf 85' lang='grc' dir='ltr'>καὶ,</span> <span class='ocrx_word' id='word_1_774' title='bbox 1320 4745 1340 4769; x_wconf 76' lang='grc' dir='ltr'><strong>ι</strong></span> <span class='ocrx_word' id='word_1_775' title='bbox 1390 4721 1554 4776; x_wconf 75' lang='grc' dir='ltr'>’Όταν</span> <span class='ocrx_word' id='word_1_776' title='bbox 1589 4717 1646 4774; x_wconf 70' lang='grc' dir='ltr'><strong>δὲ</strong></span> <span class='ocrx_word' id='word_1_777' title='bbox 1678 4718 1823 4792; x_wconf 83' lang='grc' dir='ltr'>αὐτῷ</span> <span class='ocrx_word' id='word_1_778' title='bbox 1857 4721 1986 4774; x_wconf 89' lang='grc' dir='ltr'>ὑπο-</span> 
     </span>
    </p>
   </div>
   <div class='ocr_carea' id='block_1_96' title="bbox 324 4807 1988 4884">
    <p class='ocr_par' dir='ltr' id='par_1_96' title="bbox 324 4807 1988 4884">
     <span class='ocr_line' id='line_1_97' title="bbox 324 4807 1988 4884; baseline -0.001 -20"><span class='ocrx_word' id='word_1_779' title='bbox 324 4813 468 4884; x_wconf 81' lang='grc' dir='ltr'>ταγῇ</span> <span class='ocrx_word' id='word_1_780' title='bbox 529 4810 721 4879; x_wconf 90' lang='grc' dir='ltr'>πάντα,</span> <span class='ocrx_word' id='word_1_781' title='bbox 772 4808 894 4864; x_wconf 86' lang='grc' dir='ltr'>τότε</span> <span class='ocrx_word' id='word_1_782' title='bbox 941 4808 1031 4863; x_wconf 80' lang='grc' dir='ltr'><strong>καὶ</strong></span> <span class='ocrx_word' id='word_1_783' title='bbox 1066 4807 1222 4869; x_wconf 78' lang='grc' dir='ltr'>αὐτὸς</span> <span class='ocrx_word' id='word_1_784' title='bbox 1254 4809 1281 4863; x_wconf 84' lang='grc' dir='ltr'>ὁ</span> <span class='ocrx_word' id='word_1_785' title='bbox 1313 4808 1438 4870; x_wconf 74' lang='grc' dir='ltr'><strong>Υἱὸς</strong></span> <span class='ocrx_word' id='word_1_786' title='bbox 1473 4809 1868 4884; x_wconf 83' lang='grc' dir='ltr'>ὑποταγήσεται</span> <span class='ocrx_word' id='word_1_787' title='bbox 1909 4813 1988 4880; x_wconf 80' lang='grc' dir='ltr'>τῷ</span> 
     </span>
    </p>
   </div>
   <div class='ocr_carea' id='block_1_97' title="bbox 333 4893 1986 4970">
    <p class='ocr_par' dir='ltr' id='par_1_97' title="bbox 333 4893 1986 4970">
     <span class='ocr_line' id='line_1_98' title="bbox 333 4893 1986 4970; baseline -0.002 -18"><span class='ocrx_word' id='word_1_788' title='bbox 333 4897 654 4968; x_wconf 82' lang='grc' dir='ltr'>ὑποτάξαντι</span> <span class='ocrx_word' id='word_1_789' title='bbox 709 4897 853 4970; x_wconf 80' lang='grc' dir='ltr'>αὐτῷ</span> <span class='ocrx_word' id='word_1_790' title='bbox 900 4898 966 4951; x_wconf 73' lang='grc' dir='ltr'><strong>τά</strong></span> <span class='ocrx_word' id='word_1_791' title='bbox 1012 4898 1202 4964; x_wconf 86' lang='grc' dir='ltr'>πάντα,</span> <span class='ocrx_word' id='word_1_792' title='bbox 1229 4893 1321 4950; x_wconf 68' lang='grc' dir='ltr'>’ἱνα</span> <span class='ocrx_word' id='word_1_793' title='bbox 1351 4895 1386 4970; x_wconf 74' lang='grc' dir='ltr'><strong>ᾖ</strong></span> <span class='ocrx_word' id='word_1_794' title='bbox 1419 4897 1446 4950; x_wconf 89' lang='grc' dir='ltr'>ὁ</span> <span class='ocrx_word' id='word_1_795' title='bbox 1477 4897 1604 4957; x_wconf 86' lang='grc' dir='ltr'>Θεὸς</span> <span class='ocrx_word' id='word_1_796' title='bbox 1635 4897 1701 4951; x_wconf 69' lang='grc' dir='ltr'><strong>τά</strong></span> <span class='ocrx_word' id='word_1_797' title='bbox 1730 4900 1904 4951; x_wconf 83' lang='grc' dir='ltr'>πάντα</span> <span class='ocrx_word' id='word_1_798' title='bbox 1936 4897 1986 4951; x_wconf 81' lang='grc' dir='ltr'>ἐν</span> 
     </span>
    </p>
   </div>
   <div class='ocr_carea' id='block_1_98' title="bbox 332 4981 1989 5062">
    <p class='ocr_par' dir='ltr' id='par_1_98' title="bbox 332 4981 1989 5062">
     <span class='ocr_line' id='line_1_99' title="bbox 332 4981 1989 5062; baseline -0.002 -21"><span class='ocrx_word' id='word_1_799' title='bbox 332 4992 492 5041; x_wconf 75' lang='grc' dir='ltr'>πᾶσιν</span> <span class='ocrx_word' id='word_1_800' title='bbox 523 5005 534 5044; x_wconf 86' lang='lat'><strong>:</strong></span> <span class='ocrx_word' id='word_1_801' title='bbox 573 5011 600 5037; x_wconf 85' lang='lat'>»</span> <span class='ocrx_word' id='word_1_802' title='bbox 649 4987 798 5060; x_wconf 80' lang='grc' dir='ltr'><strong>Ὀρθ.</strong></span> <span class='ocrx_word' id='word_1_803' title='bbox 855 4987 1086 5062; x_wconf 75' lang='grc' dir='ltr'>Μορφήν</span> <span class='ocrx_word' id='word_1_804' title='bbox 1115 4985 1214 5062; x_wconf 70' lang='grc' dir='ltr'>γὰρ</span> <span class='ocrx_word' id='word_1_805' title='bbox 1245 4982 1448 5039; x_wconf 84' lang='grc' dir='ltr'>δούλου</span> <span class='ocrx_word' id='word_1_806' title='bbox 1481 4981 1665 5038; x_wconf 63' lang='grc' dir='ltr'>λαϐὼν</span> <span class='ocrx_word' id='word_1_807' title='bbox 1698 4985 1749 5040; x_wconf 84' lang='grc' dir='ltr'>ἐν</span> <span class='ocrx_word' id='word_1_808' title='bbox 1804 4989 1989 5062; x_wconf 76' lang='grc' dir='ltr'>μορφῇ</span> 
     </span>
    </p>
   </div>
   <div class='ocr_carea' id='block_1_99' title="bbox 331 5073 1991 5150">
    <p class='ocr_par' dir='ltr' id='par_1_99' title="bbox 331 5073 1991 5150">
     <span class='ocr_line' id='line_1_100' title="bbox 331 5073 1991 5150; baseline -0.003 -20"><span class='ocrx_word' id='word_1_809' title='bbox 331 5080 466 5131; x_wconf 75' lang='grc' dir='ltr'>Θεοῦ</span> <span class='ocrx_word' id='word_1_810' title='bbox 525 5073 810 5150; x_wconf 78' lang='grc' dir='ltr'>ὑπάρχων,</span> <span class='ocrx_word' id='word_1_811' title='bbox 869 5075 1157 5150; x_wconf 84' lang='grc' dir='ltr'>ἀναγκαῖον</span> <span class='ocrx_word' id='word_1_812' title='bbox 1218 5073 1308 5128; x_wconf 77' lang='grc' dir='ltr'><strong>καὶ</strong></span> <span class='ocrx_word' id='word_1_813' title='bbox 1361 5074 1459 5140; x_wconf 77' lang='grc' dir='ltr'>τήν</span> <span class='ocrx_word' id='word_1_814' title='bbox 1541 5074 1816 5148; x_wconf 67' lang='grc' dir='ltr'>ὑποταγὴν</span> <span class='ocrx_word' id='word_1_815' title='bbox 1891 5081 1991 5143; x_wconf 83' lang='grc' dir='ltr'>τῆς</span> 
     </span>
    </p>
   </div>
   <div class='ocr_carea' id='block_1_100' title="bbox 335 5161 2020 5242">
    <p class='ocr_par' dir='ltr' id='par_1_100' title="bbox 335 5161 2020 5242">
     <span class='ocr_line' id='line_1_101' title="bbox 335 5161 2020 5242; baseline -0.001 -24"><span class='ocrx_word' id='word_1_816' title='bbox 335 5161 600 5233; x_wconf 76' lang='grc' dir='ltr'>δουλικῆς</span> <span class='ocrx_word' id='word_1_817' title='bbox 638 5171 852 5242; x_wconf 68' lang='grc' dir='ltr'>μορφῆς</span> <span class='ocrx_word' id='word_1_818' title='bbox 884 5163 1218 5241; x_wconf 67' lang='grc' dir='ltr'>ἀνειληφὼς,</span> <span class='ocrx_word' id='word_1_819' title='bbox 1254 5164 1384 5239; x_wconf 73' lang='grc' dir='ltr'>ὑπὲρ</span> <span class='ocrx_word' id='word_1_820' title='bbox 1415 5165 1573 5236; x_wconf 75' lang='grc' dir='ltr'>ἡμῶν</span> <span class='ocrx_word' id='word_1_821' title='bbox 1638 5163 2020 5217; x_wconf 57' lang='grc' dir='ltr'>ὑποτάσσεται-ί</span> 
     </span>
    </p>
   </div>
   <div class='ocr_carea' id='block_1_101' title="bbox 331 5251 1994 5328">
    <p class='ocr_par' dir='ltr' id='par_1_101' title="bbox 331 5251 1994 5328">
     <span class='ocr_line' id='line_1_102' title="bbox 331 5251 1994 5328; baseline -0.001 -22"><span class='ocrx_word' id='word_1_822' title='bbox 331 5251 413 5325; x_wconf 82' lang='grc' dir='ltr'>τῷ</span> <span class='ocrx_word' id='word_1_823' title='bbox 471 5253 663 5307; x_wconf 72' lang='grc' dir='ltr'>ἑαυτοῦ</span> <span class='ocrx_word' id='word_1_824' title='bbox 717 5251 908 5328; x_wconf 77' lang='grc' dir='ltr'>Πατρὶ,</span> <span class='ocrx_word' id='word_1_825' title='bbox 956 5252 1018 5307; x_wconf 79' lang='grc' dir='ltr'><strong>ού</strong></span> <span class='ocrx_word' id='word_1_826' title='bbox 1067 5252 1218 5310; x_wconf 70' lang='grc' dir='ltr'>Φύσει</span> <span class='ocrx_word' id='word_1_827' title='bbox 1282 5252 1559 5320; x_wconf 81' lang='grc' dir='ltr'>θεότητος,</span> <span class='ocrx_word' id='word_1_828' title='bbox 1615 5251 1740 5307; x_wconf 80' lang='grc' dir='ltr'>ἀλλ’</span> <span class='ocrx_word' id='word_1_829' title='bbox 1808 5253 1994 5306; x_wconf 77' lang='grc' dir='ltr'>ενώσει</span> 
     </span>
    </p>
   </div>
   <div class='ocr_carea' id='block_1_102' title="bbox 340 5336 1996 5419">
    <p class='ocr_par' dir='ltr' id='par_1_102' title="bbox 340 5336 1996 5419">
     <span class='ocr_line' id='line_1_103' title="bbox 340 5336 1996 5419; baseline 0 -25"><span class='ocrx_word' id='word_1_830' title='bbox 340 5343 555 5419; x_wconf 74' lang='grc' dir='ltr'>μορφῆς</span> <span class='ocrx_word' id='word_1_831' title='bbox 616 5338 904 5410; x_wconf 76' lang='grc' dir='ltr'>δουλικῆς,</span> <span class='ocrx_word' id='word_1_832' title='bbox 963 5343 1027 5408; x_wconf 72' lang='grc' dir='ltr'>ἧς</span> <span class='ocrx_word' id='word_1_833' title='bbox 1077 5336 1258 5397; x_wconf 74' lang='grc' dir='ltr'>ἔλαϐε.</span> <span class='ocrx_word' id='word_1_834' title='bbox 1312 5342 1377 5398; x_wconf 81' lang='grc' dir='ltr'>Τί</span> <span class='ocrx_word' id='word_1_835' title='bbox 1423 5338 1479 5395; x_wconf 71' lang='grc' dir='ltr'><strong>δὲ</strong></span> <span class='ocrx_word' id='word_1_836' title='bbox 1519 5341 1608 5394; x_wconf 78' lang='grc' dir='ltr'><strong>καὶ</strong></span> <span class='ocrx_word' id='word_1_837' title='bbox 1643 5339 1996 5403; x_wconf 69' lang='grc' dir='ltr'>ἐλαττοῦσθαι</span> 
     </span>
    </p>
   </div>
   <div class='ocr_carea' id='block_1_103' title="bbox 334 5428 1998 5507">
    <p class='ocr_par' dir='ltr' id='par_1_103' title="bbox 334 5428 1998 5507">
     <span class='ocr_line' id='line_1_104' title="bbox 334 5428 1998 5507; baseline 0 -23"><span class='ocrx_word' id='word_1_838' title='bbox 334 5433 434 5498; x_wconf 73' lang='grc' dir='ltr'>τὴν</span> <span class='ocrx_word' id='word_1_839' title='bbox 481 5434 578 5484; x_wconf 71' lang='lat'>103</span> <span class='ocrx_word' id='word_1_840' title='bbox 627 5431 754 5484; x_wconf 78' lang='grc' dir='ltr'><strong>Υἳοῦ</strong></span> <span class='ocrx_word' id='word_1_841' title='bbox 804 5429 960 5507; x_wconf 77' lang='grc' dir='ltr'>φύσιν</span> <span class='ocrx_word' id='word_1_842' title='bbox 990 5429 1237 5502; x_wconf 82' lang='grc' dir='ltr'>νομίζεις</span> <span class='ocrx_word' id='word_1_843' title='bbox 1272 5428 1361 5484; x_wconf 78' lang='grc' dir='ltr'>διὰ</span> <span class='ocrx_word' id='word_1_844' title='bbox 1389 5431 1450 5484; x_wconf 89' lang='grc' dir='ltr'>τὸ</span> <span class='ocrx_word' id='word_1_845' title='bbox 1484 5431 1871 5493; x_wconf 82' lang='grc' dir='ltr'>ὑποτάσσεσθαι</span> <span class='ocrx_word' id='word_1_846' title='bbox 1904 5429 1998 5484; x_wconf 84' lang='grc' dir='ltr'>αὐ-</span> 
     </span>
    </p>
   </div>
   <div class='ocr_carea' id='block_1_104' title="bbox 335 5517 1998 5596">
    <p class='ocr_par' dir='ltr' id='par_1_104' title="bbox 335 5517 1998 5596">
     <span class='ocr_line' id='line_1_105' title="bbox 335 5517 1998 5596; baseline 0 -24"><span class='ocrx_word' id='word_1_847' title='bbox 335 5518 427 5572; x_wconf 88' lang='grc' dir='ltr'>τὸν</span> <span class='ocrx_word' id='word_1_848' title='bbox 460 5523 540 5592; x_wconf 80' lang='grc' dir='ltr'>τῷ</span> <span class='ocrx_word' id='word_1_849' title='bbox 573 5519 783 5594; x_wconf 71' lang='grc' dir='ltr'>Πατρί,</span> <span class='ocrx_word' id='word_1_850' title='bbox 818 5518 940 5576; x_wconf 74' lang='grc' dir='ltr'><strong>Ἐὰν</strong></span> <span class='ocrx_word' id='word_1_851' title='bbox 976 5519 1068 5573; x_wconf 70' lang='grc' dir='ltr'><strong>οὖν</strong></span> <span class='ocrx_word' id='word_1_852' title='bbox 1119 5518 1375 5594; x_wconf 80' lang='grc' dir='ltr'>ἀκούσῃς,</span> <span class='ocrx_word' id='word_1_853' title='bbox 1436 5517 1517 5574; x_wconf 81' lang='grc' dir='ltr'>ὅτι</span> <span class='ocrx_word' id='word_1_854' title='bbox 1569 5518 1657 5574; x_wconf 77' lang='grc' dir='ltr'><strong>καὶ</strong></span> <span class='ocrx_word' id='word_1_855' title='bbox 1693 5519 1998 5596; x_wconf 85' lang='grc' dir='ltr'>ἀνθρώποις</span> 
     </span>
    </p>
   </div>
   <div class='ocr_carea' id='block_1_105' title="bbox 416 5743 1461 5816">
    <p class='ocr_par' dir='ltr' id='par_1_105' title="bbox 416 5743 1461 5816">
     <span class='ocr_line' id='line_1_106' title="bbox 416 5743 1461 5816; baseline -0.001 -17"><span class='ocrx_word' id='word_1_856' title='bbox 416 5746 460 5781; x_wconf 76' lang='grc' dir='ltr'><strong>⁸ο</strong></span> <span class='ocrx_word' id='word_1_857' title='bbox 489 5743 643 5800; x_wconf 88' lang='lat' dir='ltr'><strong>Psal.</strong></span> <span class='ocrx_word' id='word_1_858' title='bbox 677 5761 800 5816; x_wconf 84' lang='lat' dir='ltr'><strong>vm,</strong></span> <span class='ocrx_word' id='word_1_859' title='bbox 832 5747 886 5799; x_wconf 88' lang='lat'><strong>8.</strong></span> <span class='ocrx_word' id='word_1_860' title='bbox 964 5745 1003 5780; x_wconf 76' lang='grc'>⁹¹</span> <span class='ocrx_word' id='word_1_861' title='bbox 1043 5743 1188 5800; x_wconf 85' lang='lat' dir='ltr'><strong>Psal.</strong></span> <span class='ocrx_word' id='word_1_862' title='bbox 1226 5761 1376 5810; x_wconf 80' lang='lat' dir='ltr'><strong>XLVI,</strong></span> <span class='ocrx_word' id='word_1_863' title='bbox 1407 5745 1461 5812; x_wconf 78' lang='grc'>4,</span> 
     </span>
    </p>
   </div>
   <div class='ocr_carea' id='block_1_106' title="bbox 671 5872 1425 5933">
    <p class='ocr_par' dir='ltr' id='par_1_106' title="bbox 671 5872 1425 5933">
     <span class='ocr_line' id='line_1_107' title="bbox 671 5872 1425 5933; baseline 0 -3"><span class='ocrx_word' id='word_1_864' title='bbox 671 5873 935 5932; x_wconf 67' lang='grc' dir='ltr'>Ρλτιιοι..</span> <span class='ocrx_word' id='word_1_865' title='bbox 986 5873 1098 5933; x_wconf 81' lang='lat' dir='ltr'><strong>Gn.</strong></span> <span class='ocrx_word' id='word_1_866' title='bbox 1148 5872 1425 5932; x_wconf 85' lang='lat' dir='ltr'><strong>XXVIII.</strong></span> 
     </span>
    </p>
   </div>
   <div class='ocr_carea' id='block_1_107' title="bbox 1538 5741 2036 5807">
    <p class='ocr_par' dir='ltr' id='par_1_107' title="bbox 1538 5741 2036 5807">
     <span class='ocr_line' id='line_1_108' title="bbox 1538 5741 2036 5807; baseline -0.008 -8"><span class='ocrx_word' id='word_1_867' title='bbox 1538 5744 1582 5778; x_wconf 72' lang='grc' dir='ltr'><strong>θ’</strong></span> <span class='ocrx_word' id='word_1_868' title='bbox 1618 5743 1638 5798; x_wconf 93' lang='lat' dir='ltr'><strong>l</strong></span> <span class='ocrx_word' id='word_1_869' title='bbox 1673 5744 1820 5798; x_wconf 83' lang='lat' dir='ltr'><strong>Petr.</strong></span> <span class='ocrx_word' id='word_1_870' title='bbox 1855 5759 1916 5807; x_wconf 86' lang='grc' dir='ltr'><strong>ιι,</strong></span> <span class='ocrx_word' id='word_1_871' title='bbox 1952 5741 2036 5795; x_wconf 89' lang='grc'><strong>18.</strong></span> 
     </span>
    </p>
   </div>
   <div class='ocr_carea' id='block_1_108' title="bbox 2166 4629 3752 4702">
    <p class='ocr_par' dir='ltr' id='par_1_108' title="bbox 2166 4629 3752 4702">
     <span class='ocr_line' id='line_1_109' title="bbox 2166 4629 3752 4702; baseline 0.003 -16"><span class='ocrx_word' id='word_1_872' title='bbox 2166 4631 2250 4686; x_wconf 86' lang='grc'><strong>19.</strong></span> <span class='ocrx_word' id='word_1_873' title='bbox 2288 4631 2481 4686; x_wconf 77' lang='lat' dir='ltr'><strong>Maced.</strong></span> <span class='ocrx_word' id='word_1_874' title='bbox 2513 4631 2814 4697; x_wconf 85' lang='lat' dir='ltr'><strong>Quomodo</strong></span> <span class='ocrx_word' id='word_1_875' title='bbox 2867 4629 3046 4701; x_wconf 88' lang='lat' dir='ltr'><strong>igitur</strong></span> <span class='ocrx_word' id='word_1_876' title='bbox 3096 4631 3378 4702; x_wconf 88' lang='lat' dir='ltr'><strong>scriptum</strong></span> <span class='ocrx_word' id='word_1_877' title='bbox 3415 4639 3504 4689; x_wconf 89' lang='lat' dir='ltr'><strong>est</strong></span> <span class='ocrx_word' id='word_1_878' title='bbox 3537 4650 3603 4688; x_wconf 87' lang='lat'><strong>:«</strong></span> <span class='ocrx_word' id='word_1_879' title='bbox 3641 4637 3752 4690; x_wconf 88' lang='lat' dir='ltr'><strong>Fa-</strong></span> 
     </span>
    </p>
   </div>
   <div class='ocr_carea' id='block_1_109' title="bbox 2102 4719 3755 4788">
    <p class='ocr_par' dir='ltr' id='par_1_109' title="bbox 2102 4719 3755 4788">
     <span class='ocr_line' id='line_1_110' title="bbox 2102 4719 3755 4788; baseline -0.005 -12"><span class='ocrx_word' id='word_1_880' title='bbox 2102 4727 2229 4776; x_wconf 87' lang='lat' dir='ltr'><strong>ctus</strong></span> <span class='ocrx_word' id='word_1_881' title='bbox 2261 4721 2540 4775; x_wconf 89' lang='lat' dir='ltr'><strong>obediens</strong></span> <span class='ocrx_word' id='word_1_882' title='bbox 2574 4735 2756 4788; x_wconf 88' lang='lat' dir='ltr'><strong>usque</strong></span> <span class='ocrx_word' id='word_1_883' title='bbox 2787 4719 2856 4772; x_wconf 86' lang='lat' dir='ltr'><strong>ad</strong></span> <span class='ocrx_word' id='word_1_884' title='bbox 2892 4725 3136 4774; x_wconf 85' lang='lat' dir='ltr'><strong>mortem</strong></span> <span class='ocrx_word' id='word_1_885' title='bbox 3163 4721 3225 4786; x_wconf 74' lang='lat'><strong>93,</strong></span> <span class='ocrx_word' id='word_1_886' title='bbox 3256 4743 3281 4768; x_wconf 86' lang='grc'><strong>››</strong></span> <span class='ocrx_word' id='word_1_887' title='bbox 3314 4728 3371 4777; x_wconf 77' lang='lat' dir='ltr'><strong>et</strong></span> <span class='ocrx_word' id='word_1_888' title='bbox 3404 4740 3452 4777; x_wconf 81' lang='grc'><strong>;‹‹</strong></span> <span class='ocrx_word' id='word_1_889' title='bbox 3485 4728 3624 4778; x_wconf 83' lang='lat' dir='ltr'><strong>Cum</strong></span> <span class='ocrx_word' id='word_1_890' title='bbox 3659 4742 3755 4780; x_wconf 71' lang='lat' dir='ltr'><strong>au.</strong></span> 
     </span>
    </p>
   </div>
   <div class='ocr_carea' id='block_1_110' title="bbox 2101 4807 3760 4886">
    <p class='ocr_par' dir='ltr' id='par_1_110' title="bbox 2101 4807 3760 4886">
     <span class='ocr_line' id='line_1_111' title="bbox 2101 4807 3760 4886; baseline 0.003 -22"><span class='ocrx_word' id='word_1_891' title='bbox 2101 4816 2219 4868; x_wconf 88' lang='lat' dir='ltr'><strong>tem</strong></span> <span class='ocrx_word' id='word_1_892' title='bbox 2252 4810 2301 4864; x_wconf 92' lang='lat' dir='ltr'><strong>ei</strong></span> <span class='ocrx_word' id='word_1_893' title='bbox 2336 4809 2604 4879; x_wconf 87' lang='lat' dir='ltr'><strong>subjecta</strong></span> <span class='ocrx_word' id='word_1_894' title='bbox 2657 4807 2874 4862; x_wconf 80' lang='lat' dir='ltr'><strong>fuerint</strong></span> <span class='ocrx_word' id='word_1_895' title='bbox 2915 4809 3131 4874; x_wconf 88' lang='lat' dir='ltr'><strong>omnia,</strong></span> <span class='ocrx_word' id='word_1_896' title='bbox 3167 4815 3306 4865; x_wconf 87' lang='lat' dir='ltr'><strong>tunc</strong></span> <span class='ocrx_word' id='word_1_897' title='bbox 3354 4811 3478 4882; x_wconf 88' lang='lat' dir='ltr'><strong>ipse</strong></span> <span class='ocrx_word' id='word_1_898' title='bbox 3526 4830 3760 4886; x_wconf 87' lang='lat' dir='ltr'><strong>quoque</strong></span> 
     </span>
    </p>
   </div>
   <div class='ocr_carea' id='block_1_111' title="bbox 2103 4897 3756 4968">
    <p class='ocr_par' dir='ltr' id='par_1_111' title="bbox 2103 4897 3756 4968">
     <span class='ocr_line' id='line_1_112' title="bbox 2103 4897 3756 4968; baseline 0.003 -15"><span class='ocrx_word' id='word_1_899' title='bbox 2103 4899 2285 4953; x_wconf 88' lang='lat' dir='ltr'><strong>Filius</strong></span> <span class='ocrx_word' id='word_1_900' title='bbox 2317 4899 2618 4967; x_wconf 89' lang='lat' dir='ltr'><strong>subjectus</strong></span> <span class='ocrx_word' id='word_1_901' title='bbox 2651 4897 2762 4951; x_wconf 88' lang='lat' dir='ltr'><strong>erit</strong></span> <span class='ocrx_word' id='word_1_902' title='bbox 2792 4897 2842 4950; x_wconf 91' lang='lat' dir='ltr'><strong>ei</strong></span> <span class='ocrx_word' id='word_1_903' title='bbox 2876 4897 2971 4968; x_wconf 93' lang='lat' dir='ltr'><strong>qui</strong></span> <span class='ocrx_word' id='word_1_904' title='bbox 3009 4899 3260 4967; x_wconf 89' lang='lat' dir='ltr'><strong>subjecit</strong></span> <span class='ocrx_word' id='word_1_905' title='bbox 3311 4901 3420 4954; x_wconf 86' lang='lat' dir='ltr'><strong>sibi</strong></span> <span class='ocrx_word' id='word_1_906' title='bbox 3473 4902 3756 4958; x_wconf 89' lang='lat' dir='ltr'><strong>omniain</strong></span> 
     </span>
    </p>
   </div>
   <div class='ocr_carea' id='block_1_112' title="bbox 2105 4985 3760 5062">
    <p class='ocr_par' dir='ltr' id='par_1_112' title="bbox 2105 4985 3760 5062">
     <span class='ocr_line' id='line_1_113' title="bbox 2105 4985 3760 5062; baseline 0.004 -21"><span class='ocrx_word' id='word_1_907' title='bbox 2105 4986 2380 5042; x_wconf 90' lang='lat' dir='ltr'><strong>omnibus</strong></span> <span class='ocrx_word' id='word_1_908' title='bbox 2397 4986 2484 5041; x_wconf 69' lang='lat'><strong>9‘?</strong></span> <span class='ocrx_word' id='word_1_909' title='bbox 2511 5011 2528 5031; x_wconf 70' lang='grc' dir='ltr'><strong>ιι</strong></span> <span class='ocrx_word' id='word_1_910' title='bbox 2563 4985 2714 5040; x_wconf 78' lang='grc' dir='ltr'><strong>ΟνιΙι.</strong></span> <span class='ocrx_word' id='word_1_911' title='bbox 2751 4985 3067 5053; x_wconf 87' lang='lat' dir='ltr'><strong>Nimirum,</strong></span> <span class='ocrx_word' id='word_1_912' title='bbox 3105 4987 3290 5043; x_wconf 78' lang='lat' dir='ltr'><strong>forma</strong></span> <span class='ocrx_word' id='word_1_913' title='bbox 3320 4990 3468 5043; x_wconf 79' lang='lat' dir='ltr'><strong>servi</strong></span> <span class='ocrx_word' id='word_1_914' title='bbox 3501 4997 3760 5062; x_wconf 88' lang='lat' dir='ltr'><strong>accepta,</strong></span> 
     </span>
    </p>
   </div>
   <div class='ocr_carea' id='block_1_113' title="bbox 2106 5074 3761 5148">
    <p class='ocr_par' dir='ltr' id='par_1_113' title="bbox 2106 5074 3761 5148">
     <span class='ocr_line' id='line_1_114' title="bbox 2106 5074 3761 5148; baseline 0.002 -18"><span class='ocrx_word' id='word_1_915' title='bbox 2106 5093 2240 5130; x_wconf 91' lang='lat' dir='ltr'><strong>cum</strong></span> <span class='ocrx_word' id='word_1_916' title='bbox 2290 5075 2347 5130; x_wconf 92' lang='lat' dir='ltr'><strong>in</strong></span> <span class='ocrx_word' id='word_1_917' title='bbox 2403 5075 2588 5129; x_wconf 86' lang='lat' dir='ltr'><strong>forma</strong></span> <span class='ocrx_word' id='word_1_918' title='bbox 2619 5074 2716 5128; x_wconf 90' lang='lat' dir='ltr'><strong>Dei</strong></span> <span class='ocrx_word' id='word_1_919' title='bbox 2751 5080 2925 5142; x_wconf 90' lang='lat' dir='ltr'><strong>esset,</strong></span> <span class='ocrx_word' id='word_1_920' title='bbox 2963 5077 3292 5131; x_wconf 80' lang='lat' dir='ltr'><strong>necessario</strong></span> <span class='ocrx_word' id='word_1_921' title='bbox 3337 5079 3761 5148; x_wconf 84' lang='lat' dir='ltr'><strong>subjectionem</strong></span> 
     </span>
    </p>
   </div>
   <div class='ocr_carea' id='block_1_114' title="bbox 2106 5162 3765 5240">
    <p class='ocr_par' dir='ltr' id='par_1_114' title="bbox 2106 5162 3765 5240">
     <span class='ocr_line' id='line_1_115' title="bbox 2106 5162 3765 5240; baseline 0.002 -21"><span class='ocrx_word' id='word_1_922' title='bbox 2106 5180 2336 5236; x_wconf 89' lang='lat' dir='ltr'><strong>quoque</strong></span> <span class='ocrx_word' id='word_1_923' title='bbox 2381 5162 2610 5218; x_wconf 89' lang='lat' dir='ltr'><strong>servilis</strong></span> <span class='ocrx_word' id='word_1_924' title='bbox 2661 5163 2859 5218; x_wconf 68' lang='lat' dir='ltr'><strong>forma:</strong></span> <span class='ocrx_word' id='word_1_925' title='bbox 2915 5180 3247 5233; x_wconf 88' lang='lat' dir='ltr'><strong>assumens,</strong></span> <span class='ocrx_word' id='word_1_926' title='bbox 3295 5167 3607 5236; x_wconf 88' lang='lat' dir='ltr'><strong>subjicitur</strong></span> <span class='ocrx_word' id='word_1_927' title='bbox 3663 5185 3765 5240; x_wconf 91' lang='lat' dir='ltr'><strong>pro</strong></span> 
     </span>
    </p>
   </div>
   <div class='ocr_carea' id='block_1_115' title="bbox 2110 5250 3764 5320">
    <p class='ocr_par' dir='ltr' id='par_1_115' title="bbox 2110 5250 3764 5320">
     <span class='ocr_line' id='line_1_116' title="bbox 2110 5250 3764 5320; baseline 0.003 -14"><span class='ocrx_word' id='word_1_928' title='bbox 2110 5254 2279 5308; x_wconf 91' lang='lat' dir='ltr'><strong>nobis</strong></span> <span class='ocrx_word' id='word_1_929' title='bbox 2331 5269 2436 5306; x_wconf 92' lang='lat' dir='ltr'><strong>suo</strong></span> <span class='ocrx_word' id='word_1_930' title='bbox 2484 5251 2671 5320; x_wconf 87' lang='lat' dir='ltr'><strong>ipsius</strong></span> <span class='ocrx_word' id='word_1_931' title='bbox 2722 5250 2897 5319; x_wconf 89' lang='lat' dir='ltr'><strong>Patri,</strong></span> <span class='ocrx_word' id='word_1_932' title='bbox 2941 5267 3053 5305; x_wconf 91' lang='lat' dir='ltr'><strong>non</strong></span> <span class='ocrx_word' id='word_1_933' title='bbox 3108 5259 3320 5307; x_wconf 89' lang='lat' dir='ltr'><strong>natura</strong></span> <span class='ocrx_word' id='word_1_934' title='bbox 3368 5255 3627 5320; x_wconf 88' lang='lat' dir='ltr'><strong>deitatis,</strong></span> <span class='ocrx_word' id='word_1_935' title='bbox 3663 5257 3764 5311; x_wconf 87' lang='lat' dir='ltr'><strong>sed</strong></span> 
     </span>
    </p>
   </div>
   <div class='ocr_carea' id='block_1_116' title="bbox 2110 5339 3769 5412">
    <p class='ocr_par' dir='ltr' id='par_1_116' title="bbox 2110 5339 3769 5412">
     <span class='ocr_line' id='line_1_117' title="bbox 2110 5339 3769 5412; baseline 0.001 -16"><span class='ocrx_word' id='word_1_936' title='bbox 2110 5342 2307 5396; x_wconf 69' lang='lat' dir='ltr'><strong>formae</strong></span> <span class='ocrx_word' id='word_1_937' title='bbox 2367 5339 2617 5402; x_wconf 88' lang='lat' dir='ltr'><strong>servilis,</strong></span> <span class='ocrx_word' id='word_1_938' title='bbox 2664 5355 2839 5410; x_wconf 91' lang='lat' dir='ltr'><strong>quam</strong></span> <span class='ocrx_word' id='word_1_939' title='bbox 2905 5340 3058 5394; x_wconf 69' lang='lat'><strong>486</strong></span> <span class='ocrx_word' id='word_1_940' title='bbox 3108 5341 3384 5412; x_wconf 86' lang='lat' dir='ltr'><strong>sumpsit,</strong></span> <span class='ocrx_word' id='word_1_941' title='bbox 3431 5344 3668 5399; x_wconf 89' lang='lat' dir='ltr'><strong>unione.</strong></span> <span class='ocrx_word' id='word_1_942' title='bbox 3699 5345 3769 5399; x_wconf 85' lang='lat' dir='ltr'><strong>Et</strong></span> 
     </span>
    </p>
   </div>
   <div class='ocr_carea' id='block_1_117' title="bbox 2110 5428 3767 5502">
    <p class='ocr_par' dir='ltr' id='par_1_117' title="bbox 2110 5428 3767 5502">
     <span class='ocr_line' id='line_1_118' title="bbox 2110 5428 3767 5502; baseline 0.003 -18"><span class='ocrx_word' id='word_1_943' title='bbox 2110 5430 2251 5502; x_wconf 92' lang='lat' dir='ltr'><strong>quid</strong></span> <span class='ocrx_word' id='word_1_944' title='bbox 2286 5433 2396 5492; x_wconf 91' lang='lat' dir='ltr'><strong>est,</strong></span> <span class='ocrx_word' id='word_1_945' title='bbox 2424 5445 2530 5482; x_wconf 92' lang='lat' dir='ltr'><strong>cur</strong></span> <span class='ocrx_word' id='word_1_946' title='bbox 2561 5428 2689 5482; x_wconf 82' lang='lat' dir='ltr'><strong>Filii</strong></span> <span class='ocrx_word' id='word_1_947' title='bbox 2722 5433 2993 5481; x_wconf 88' lang='lat' dir='ltr'><strong>naturam</strong></span> <span class='ocrx_word' id='word_1_948' title='bbox 3030 5428 3297 5483; x_wconf 90' lang='lat' dir='ltr'><strong>imminui</strong></span> <span class='ocrx_word' id='word_1_949' title='bbox 3331 5448 3570 5488; x_wconf 89' lang='lat' dir='ltr'><strong>censeas</strong></span> <span class='ocrx_word' id='word_1_950' title='bbox 3602 5450 3670 5488; x_wconf 84' lang='lat' dir='ltr'><strong>ex</strong></span> <span class='ocrx_word' id='word_1_951' title='bbox 3701 5450 3767 5488; x_wconf 88' lang='lat' dir='ltr'><strong>eo</strong></span> 
     </span>
    </p>
   </div>
   <div class='ocr_carea' id='block_1_118' title="bbox 2111 5515 3765 5590">
    <p class='ocr_par' dir='ltr' id='par_1_118' title="bbox 2111 5515 3765 5590">
     <span class='ocr_line' id='line_1_119' title="bbox 2111 5515 3765 5590; baseline 0.001 -17"><span class='ocrx_word' id='word_1_952' title='bbox 2111 5519 2266 5590; x_wconf 91' lang='lat' dir='ltr'><strong>quod</strong></span> <span class='ocrx_word' id='word_1_953' title='bbox 2300 5517 2650 5588; x_wconf 89' lang='lat' dir='ltr'><strong>subjiciatur</strong></span> <span class='ocrx_word' id='word_1_954' title='bbox 2683 5516 2878 5569; x_wconf 76' lang='lat' dir='ltr'><strong>Patri?</strong></span> <span class='ocrx_word' id='word_1_955' title='bbox 2905 5515 3182 5586; x_wconf 89' lang='lat' dir='ltr'><strong>Nunquid</strong></span> <span class='ocrx_word' id='word_1_956' title='bbox 3217 5518 3263 5573; x_wconf 91' lang='lat' dir='ltr'><strong>si</strong></span> <span class='ocrx_word' id='word_1_957' title='bbox 3293 5519 3475 5574; x_wconf 91' lang='lat' dir='ltr'><strong>Deum</strong></span> <span class='ocrx_word' id='word_1_958' title='bbox 3511 5520 3765 5576; x_wconf 90' lang='lat' dir='ltr'><strong>Verbum</strong></span> 
     </span>
    </p>
   </div>
   <div class='ocr_carea' id='block_1_119' title="bbox 2114 5738 3211 5811">
    <p class='ocr_par' dir='ltr' id='par_1_119' title="bbox 2114 5738 3211 5811">
     <span class='ocr_line' id='line_1_120' title="bbox 2114 5738 3211 5811; baseline 0.001 -17"><span class='ocrx_word' id='word_1_959' title='bbox 2114 5740 2158 5774; x_wconf 73' lang='lat'><strong>’3</strong></span> <span class='ocrx_word' id='word_1_960' title='bbox 2193 5738 2446 5811; x_wconf 87' lang='lat' dir='ltr'><strong>Philipp.</strong></span> <span class='ocrx_word' id='word_1_961' title='bbox 2481 5755 2542 5808; x_wconf 85' lang='grc' dir='ltr'><strong>ιι,</strong></span> <span class='ocrx_word' id='word_1_962' title='bbox 2575 5740 2628 5792; x_wconf 89' lang='grc'><strong>8.</strong></span> <span class='ocrx_word' id='word_1_963' title='bbox 2707 5738 2750 5772; x_wconf 70' lang='lat'><strong>9‘</strong></span> <span class='ocrx_word' id='word_1_964' title='bbox 2783 5738 2801 5792; x_wconf 83' lang='grc' dir='ltr'>Ι</span> <span class='ocrx_word' id='word_1_965' title='bbox 2834 5738 2960 5794; x_wconf 88' lang='lat' dir='ltr'><strong>Cor.</strong></span> <span class='ocrx_word' id='word_1_966' title='bbox 2997 5756 3088 5807; x_wconf 81' lang='lat' dir='ltr'><strong>xv,</strong></span> <span class='ocrx_word' id='word_1_967' title='bbox 3120 5742 3211 5796; x_wconf 86' lang='lat'><strong>28.</strong></span> 
     </span>
    </p>
   </div>
   <div class='ocr_carea' id='block_1_120' title="bbox 3373 5874 3451 5930">
    <p class='ocr_par' dir='ltr' id='par_1_120' title="bbox 3373 5874 3451 5930">
     <span class='ocr_line' id='line_1_121' title="bbox 3373 5874 3451 5930; baseline 0.026 -2"><span class='ocrx_word' id='word_1_968' title='bbox 3373 5874 3451 5930; x_wconf 73' lang='lat'><strong>4‘2</strong></span> 
     </span>
    </p>
   </div>
  </div>
