4104 6352
367 401 527 461 1323

1556 394 1623 451 S.
1669 388 2194 449 ATHANASIUS.
2225 420 2289 431 -
2324 389 2582 451 DUBIA.

3633 394 3794 454 1324

364 532 573 588 audias
601 528 944 586 hominibus
966 541 1203 598 quoque
1232 523 1568 594 subjectum
1595 520 1797 585 fuisse,
1830 518 2019 574 homi-

2138 516 2376 593 ὑπετάγη
2406 520 2434 574 6
2465 519 2595 582 Θεὸς
2630 520 2827 596 Λόγος,
2860 522 2962 597 ἄρα
2991 521 3080 575 καὶ
3117 525 3225 575 τῶν
3276 522 3579 595 ἀνθρώπων
3633 520 3795 577 ἐλάτ-

362 638 507 677 num
540 625 750 675 natura
794 616 1134 673 inferiorem
1166 611 1333 667 illum
1363 609 1636 667 statues?
1679 608 1879 664 Maced.
1911 607 2023 663 Ubi

362 710 650 782 scripturn
694 713 804 772 est,
834 705 994 777 quod
1044 701 1390 758 hominibus
1438 715 1674 771 quoque
1720 697 2023 768 subjectus

360 798 579 855 fuerit?
608 798 762 853 Orth.
797 799 983 849 Homo
1024 796 1150 846 erat
1189 789 1390 858 Maria,
1421 792 1546 843 erat
1574 792 1631 842 et
1658 785 1900 858 Joseph,
1933 789 2021 839 at-

364 903 477 959 que
505 886 600 952 iis,
630 891 696 940 ut
742 886 802 939 in
852 878 1185 953 Evangeliis
1236 877 1522 949 scriptum
1571 880 1683 943 est,
1718 874 2022 945 subjectus

362 975 493 1030 fuit.
526 979 669 1028 Cum
716 972 876 1027 enim
926 968 1291 1025 invenissent
1339 965 1505 1019 illum
1559 964 1618 1018 in
1667 960 1910 1034 templo,
1942 962 2026 1015 ait

364 1063 744 1136 evangelista,
766 1060 1040 1114 dixerunt
1064 1073 1110 1111 ιι
1144 1055 1267 1124 Fili,
1300 1054 1443 1126 quid
1478 1053 1663 1108 fecisti
1695 1051 1863 1107 nobis
1895 1048 2025 1104 sic?

365 1154 511 1207 Ecce
540 1155 703 1223 pater
730 1154 871 1203 tuus
900 1151 959 1202 et
987 1161 1093 1218 ego
1126 1143 1390 1199 dolentes
1413 1142 1825 1213 quarebamus
1854 1143 1931 1194 te.
1958 1138 2027 1192 Et

367 1241 450 1296 ait
480 1240 551 1295 ad
583 1237 716 1293 illos
740 1254 754 1293 :
778 1235 926 1300 Quid
954 1239 1043 1289 est
1063 1232 1218 1304 quod
1251 1247 1344 1285 me
1364 1227 1763 1302 qumrebatis?
1788 1226 2022 1282 Nescie—

364 1327 520 1385 batis
551 1327 691 1399 quia
717 1326 775 1380 in
808 1323 982 1379 domo
1013 1320 1203 1377 Patris
1235 1319 1350 1375 mei
1379 1323 1610 1391 Oportet
1644 1333 1737 1372 me
1766 1314 1939 1371 esse?
1968 1318 2026 1369 et

364 1417 525 1473 venit
552 1412 857 1478 Nazareth,
882 1416 939 1466 et
959 1414 1083 1465 erat
1110 1408 1388 1465 subditus
1417 1405 1535 1462 illis
1555 1406 1600 1442 9‘
1617 1405 1644 1460 Ἰ
1663 1427 1692 1455 ››
1715 1403 1814 1460 Ille
1843 1403 2027 1475 igitur

364 1504 710 1577 Unigenitus
736 1500 860 1567 Dei,
883 1499 981 1554 ille
1007 1497 1273 1554 Salvator
1296 1495 1503 1551 mundi
1530 1494 1773 1550 inferior
1802 1492 2027 1548 scilicet

361 1598 487 1650 erat
513 1591 769 1663 Josepho
799 1595 857 1644 et
889 1586 1128 1643 Marias?
1160 1585 1358 1641 Haecd.
1394 1585 1804 1656 Nequaquam,
1838 1578 2019 1636 ahaitl

362 1684 511 1740 Orlh.
544 1677 849 1737 Consimili
882 1677 1058 1733 modo
1087 1675 1196 1731 etsi
1241 1673 1397 1730 Patri
1446 1674 1751 1744 subjectus
1780 1685 1911 1726 esse
1941 1668 2024 1724 le-

357 1776 550 1843 gatur,
586 1786 702 1825 non
733 1772 932 1823 tamen
962 1764 1316 1837 deprimitur
1342 1762 1670 1818 secundum
1702 1764 1979 1814 naturam
2005 1772 2020 1811 :

359 1861 461 1918 sed
500 1864 566 1915 ut
615 1856 819 1921 Filius,
853 1856 947 1911 cui
999 1853 1152 1910 servi
1201 1853 1451 1907 formam
1498 1865 1732 1906 sumere
1779 1847 2023 1920 placuit,

361 1948 789 2019 subjectionem
823 1959 1051 2015 quoque
1079 1941 1306 1997 servilis
1338 1941 1537 1995 formas
1566 1939 1855 2009 sumpsit;
1888 1952 2021 1991 nam

361 2038 424 2094 in
456 2038 564 2093 hac
595 2051 728 2091 cum
761 2038 935 2103 esset,
963 2032 1161 2087 Mariae
1206 2029 1316 2085 fuit
1361 2029 1687 2100 subjectus.
1720 2026 1919 2082 Maced.
1948 2029 2023 2079 At

364 2128 491 2200 ipse
523 2126 750 2181 Patrem
785 2123 1007 2178 vocavit
1050 2120 1234 2175 Deum
1282 2134 1479 2175 suum.
1514 2118 1815 2181 Quomodo
1846 2114 2025 2188 igitur

367 2222 560 2289 potest
585 2231 705 2271 una
733 2230 862 2269 esse
893 2212 1205 2283 utriusque
1235 2212 1490 2265 natura?
1518 2208 1674 2264 Orth.
1710 2208 1890 2263 Filius
1920 2206 2022 2262 Dei

366 2323 511 2362 num
544 2306 700 2361 Deus
731 2307 941 2358 natura
970 2305 1027 2356 et
1057 2300 1232 2355 homo
1264 2314 1366 2371 per
1394 2298 1861 2369 assumptionem
1895 2313 2022 2351 car-

366 2396 462 2450 nis
515 2398 625 2458 est,
663 2390 889 2447 necne?
946 2389 1146 2444 Maced.
1196 2394 1312 2443 Est.
1364 2386 1514 2442 0rlh.
1566 2387 1752 2459 Igitur
1802 2386 2025 2440 ratione

366 2482 603 2540 deitatis
625 2481 779 2536 Deus
808 2479 996 2550 ipsius
1022 2478 1189 2532 Pater
1210 2481 1317 2547 est,
1346 2476 1572 2531 ratione
1593 2491 1726 2530 vero
1759 2474 2027 2529 humani-

361 2572 526 2637 tatis,
564 2572 734 2625 Deus.
776 2567 980 2623 Maced.
1033 2566 1152 2638 Ego
1205 2565 1516 2636 utriusque
1566 2568 1788 2619 naturae
1843 2565 2021 2619 Deum

363 2661 561 2732 ipsum
596 2659 747 2713 dico.
783 2656 936 2712 Orth.
972 2654 1262 2709 Memento
1293 2653 1456 2708 illius
1484 2653 1624 2708 dicti
1660 2669 1718 2707 τι
1757 2652 1918 2708 Vado
1948 2654 2021 2707 ad

357 2744 595 2803 Patrem
628 2762 823 2801 meum
855 2750 913 2799 et
956 2745 1183 2799 Patrem
1215 2748 1497 2810 vestrum,
1522 2742 1703 2797 Deum
1740 2757 1936 2796 meum
1968 2746 2027 2796 et

365 2838 549 2893 Deum
569 2839 831 2891 vestrum
847 2834 950 2888 ³⁸.»
979 2832 1184 2887 Nonne
1211 2832 1334 2887 haec
1352 2831 1435 2887 ita
1455 2847 1517 2887 se
1538 2829 1802 2886 habent?
1824 2830 2021 2885 Maced.

365 2927 452 2982 Ita
481 2941 643 2981 sane.
678 2924 829 2980 Orlh.
862 2921 958 2977 Sic
997 2920 1181 2994 igitur
1213 2921 1379 2975 Pater
1425 2921 1555 2989 eius
1604 2923 1693 2974 est
1742 2919 2022 2991 quemad-

367 3015 612 3070 modum
661 3018 721 3068 et
762 3010 1003 3066 noster?
1051 3009 1261 3066 Maced.
1298 3009 1445 3063 Non.
1480 3008 1631 3064 Orth.
1667 3008 1776 3063 Sed
1835 3008 2025 3079 ipsius

368 3103 607 3175 quidem
658 3107 871 3156 natura
901 3116 916 3154 :
952 3104 1152 3154 noster
1181 3114 1316 3153 vero
1358 3099 1567 3169 gratia.
1602 3096 1818 3152 Christi
1866 3096 2024 3151 enim

370 3191 687 3263 participes
735 3188 889 3254 facti,
920 3186 1136 3241 inventi
1185 3202 1395 3240 sumus
1448 3203 1646 3257 prope,
1679 3186 1777 3257 qui
1821 3184 2024 3257 procul

2130 627 2261 661 τονα
2308 610 2492 678 θήσεις
2538 613 2606 682 τῇ
2665 609 2855 687 φύσεις
2902 607 3106 665 Μακεδ.
3159 611 3280 667 Ποῦ
3328 610 3653 687 γέγραπται,
3712 611 3799 666 ὅτι

2131 695 2220 749 καὶ
2251 695 2558 771 ἀνθρώποις
2597 698 2838 773 ὑπετάγη
2868 719 2881 767 ;
2910 699 3059 775 Ὀρθ.
3091 702 3420 773 ’Ἄνθρωπος
3470 701 3538 769 ἦν
3588 700 3624 769 ἡ
3679 703 3797 758 Ma-

2134 783 2221 857 ρία
2249 784 2338 838 καὶ
2371 787 2398 840 6
2431 787 2656 863 Ἰωσήφ,
2689 787 2777 841 καὶ
2810 787 3049 862 ὑπετάγη
3084 787 3291 860 αὐτοῖς,
3334 787 3409 850 ὠς
3458 787 3512 843 έν
3557 787 3795 864 Εὖαγγε-

2134 869 2280 934 λίοις
2325 872 2644 949 γέγραπται.
2698 874 2962 951 Εὐρόντες
3017 875 3119 952 γὰρ
3167 876 3351 947 αὑτὸν,
3385 877 3573 953 φησὶν,
3606 876 3658 931 έν
3713 881 3796 949 τῷ

2132 961 2285 1035 ἱερῷ,
2328 959 2522 1037 ἔλεγον
2570 963 2736 1036 αὐτῷ·
2787 987 2815 1015 ι(
2863 966 3086 1037 Τέκνον,
3133 963 3187 1019 τί
3235 964 3495 1036 ἐποίησας
3528 968 3665 1038 ἡμῖν
3699 966 3793 1020 οῦ-

2131 1070 2278 1121 τως;
2314 1048 2453 1106 Ἰδοὺ
2484 1051 2594 1127 ἐγὼ
2622 1052 2713 1107 καὶ
2746 1054 2774 1107 6
2803 1055 2983 1129 πατήρ
3017 1073 3112 1107 σου
3143 1051 3441 1125 ἐζητοῦμέν
3485 1075 3567 1112 σε.
3626 1056 3689 1112 Ὁ
3734 1053 3793 1111 δὲ

2136 1139 2272 1195 εἶπε.
2314 1140 2374 1194 Τί
2421 1140 2503 1195 δτι
2552 1139 2791 1210 ἐζητεῖτέ
2841 1161 2944 1214 με;
2979 1141 3093 1199 Οὔκ
3122 1139 3323 1216 ᾔδειτε,
3359 1142 3442 1198 ὅτι
3465 1141 3517 1197 έν
3542 1147 3623 1215 τῷ
3654 1142 3791 1217 οἷειῳ

2132 1232 2229 1282 τοῦ
2262 1229 2473 1306 Ιῐατρός
2508 1249 2614 1301 μου
2662 1227 2747 1285 δεῖ
2778 1250 2845 1302 με
2874 1233 3051 1302 εἴναις
3098 1230 3189 1285 καὶ
3233 1230 3505 1301 κατῆλθεν
3553 1230 3630 1293 εἶς
3678 1239 3786 1287 Να-

2137 1318 2315 1391 ζαρὲτ,
2354 1318 2444 1372 καὶ
2491 1320 2557 1386 ἦν
2603 1317 3040 1392 ὑποτασσόμενος
3084 1318 3288 1383 αὐτοῖς.
3330 1344 3351 1370 ο
3402 1322 3548 1397 Ἀρα
3575 1321 3664 1375 καὶ
3691 1325 3787 1375 τοῦ

2134 1407 2335 1478 Ἰοωσὴφ
2381 1405 2470 1461 καὶ
2527 1413 2626 1477 τῆς
2671 1406 2881 1483 Μαρίας
2924 1404 3308 1483 ὑποδεέστερος
3363 1410 3430 1477 ἦν
3483 1409 3511 1462 6
3542 1410 3791 1483 Μονογε-

2133 1495 2232 1562 νής
2286 1498 2384 1549 τοῦ
2431 1498 2586 1564 Θεοῦ,
2647 1495 2675 1549 ό
2721 1496 2919 1571 Σωτὴρ
2961 1501 3060 1550 τοῦ
3102 1496 3350 1570 κόσμου;
3402 1493 3612 1554 Μακεδ.
3645 1497 3796 1574 Οὐχὶ

2139 1583 2216 1655 μὴ
2263 1581 2517 1657 γένοιτοί
2565 1584 2715 1659 Ὀρθ.
2768 1582 2943 1653 Οὕτω,
3002 1582 3101 1640 κᾶν
3137 1584 3530 1649 ὑποτάσσεσθαι
3563 1583 3793 1661 λέγηται

2132 1674 2212 1742 τῷ
2260 1670 2454 1747 Πατρὶ,
2506 1671 2605 1726 οὑκ
2653 1670 2973 1727 ἐλαττοῦται
3021 1672 3120 1741 τὴν
3171 1670 3348 1752 φύσιν·
3403 1670 3530 1727 ἀλλ’
3558 1671 3636 1732 ὠς
3669 1672 3796 1736 Υἱὸς

2139 1760 2354 1837 μορφὴν
2406 1757 2607 1815 δούλου
2651 1757 2951 1831 εὐδοκήσας
3004 1756 3213 1830 λαϐεῖν,
3259 1761 3348 1815 καὶ
3378 1762 3478 1831 τήν
3515 1762 3791 1838 ὑποταγήν

2135 1844 2298 1904 ἔλαϐε
2325 1855 2424 1919 τῆς
2457 1846 2718 1917 δουλικῆς
2749 1857 2988 1928 μορφῆς.
3023 1851 3110 1905 Ἐν
3136 1850 3236 1927 γὰρ
3262 1851 3432 1925 ταύτῃ
3467 1848 3565 1921 ὢν,
3596 1851 3687 1906 καὶ
3719 1854 3790 1925 τῇ

2134 1936 2317 2013 Μαρίᾳ
2365 1938 2626 2012 ὑπετάγη.
2678 1936 2887 1996 Μακεδ.
2939 1937 3112 2001 Αὐτὸς
3168 1940 3283 1994 εἷπε
3311 1940 3443 1995 Θεὸν
3473 1938 3667 1994 ἑαυτοῦ
3694 1940 3790 1996 τὸν

2131 2027 2364 2102 Πατέρα.
2393 2027 2491 2081 Καὶ
2521 2032 2640 2089 πῶς
2674 2024 2892 2082 δύναται
2924 2030 2959 2097 ἡ
3014 2027 3149 2097 αὐτή
3196 2028 3355 2106 φύσις
3406 2030 3540 2083 εἶναι
3569 2048 3582 2099 ;
3632 2030 3783 2104 Ὀρθ.

2130 2118 2191 2173 Ὀ
2224 2116 2346 2178 Υἱὸς
2388 2120 2487 2171 τοῦ
2534 2120 2669 2171 Θεοῦ
2711 2117 2802 2171 καὶ
2842 2116 2972 2179 Θεός
3002 2115 3114 2172 έστι
3250 2118 3427 2197 φύσει,
3457 2116 3550 2172 καὶ
3582 2120 3795 2195 ἅνθρω-

2132 2225 2234 2267 πος
2294 2208 2363 2279 τῇ
2413 2203 2725 2279 προσλήψει
2781 2212 2883 2275 τῆς
2931 2206 3149 2280 σαρκὸς,
3202 2206 3238 2275 ἢ
3290 2202 3392 2277 οῦς
3426 2204 3631 2263 Μακεδ.
3664 2207 3791 2264 Ναί.

2134 2296 2265 2368 Ορθ.
2326 2293 2535 2350 Οὐκοῦν
2594 2298 2664 2368 τῇ
2717 2295 2811 2367 μὲν
2867 2294 3082 2364 θεότητι
3128 2296 3320 2370 Πατὴρ
3369 2295 3535 2352 αὑτοῦ
3587 2295 3730 2351 ἐστιν
3765 2298 3795 2350 ὁ

2133 2382 2285 2454 Θεὸς,
2302 2386 2370 2457 τῇ
2395 2380 2452 2438 δὲ
2476 2383 2884 2459 ἀνθρωπότητι,
2906 2381 3278 2446 Θεός.Μακεδ.
3302 2386 3441 2461 Ἐγὼ
3470 2389 3569 2439 τοῦ
3592 2405 3797 2457 συναμ-

2135 2473 2370 2550 φοτέροό
2388 2471 2545 2527 αὑτὸν
2560 2472 2689 2527 Θεὸν
2718 2471 2886 2547 λέγω.
2907 2474 3056 2547 Ὀρθ.
3076 2474 3482 2545 Ἀναμνήσθητι
3499 2477 3599 2528 τοῦ
3622 2472 3796 2550 ῥητοῦ

2132 2565 2231 2616 τοῦ
2262 2558 2522 2635 λέγοντος
2570 2560 2766 2623 οὕτως·
2824 2587 2844 2612 ι
2896 2560 3207 2639 Πορεύομαι
3255 2562 3393 2640 πρὸς
3428 2562 3521 2617 τὸν
3576 2563 3796 2641 Πατέρα

2138 2672 2243 2723 μου
2315 2651 2406 2705 καὶ
2487 2652 2701 2725 Πατέρα
2767 2650 2942 2725 ὑμῶν,
3011 2651 3102 2705 καὶ
3159 2650 3289 2706 Θεόν
3353 2672 3458 2724 μου
3510 2651 3601 2705 καὶ
3658 2653 3793 2707 Θεὸν

2136 2740 2310 2815 ὑμῶν.
2374 2764 2402 2791 ››
2453 2745 2522 2794 Ἤ
2571 2739 2679 2815 οὑχ
2727 2739 2941 2809 οὕτωςς
2993 2737 3201 2797 Μακεδ.
3243 2739 3457 2803 Οὕτως.
3489 2741 3641 2812 Ὀρθ.
3674 2740 3793 2797 Οὕ-

2131 2849 2241 2890 τως
2300 2826 2391 2883 οῦν
2439 2827 2579 2883 ἐστιν
2625 2828 2790 2883 αὑτοῦ
2837 2829 3028 2906 Πατὴρ
3070 2828 3143 2891 ὠς
3192 2830 3284 2884 καὶ
3330 2832 3536 2904 ἡμῶν;
3580 2827 3791 2887 Μακεδ.

2135 2915 2266 2975 Οὔκ.
2303 2918 2449 2995 Ὀρθ.
2484 2917 2640 2974 Ἀλλ’
2670 2918 2833 2973 αὐτοῦ
2869 2918 2964 2990 μὶν
2997 2917 3173 2995 φύσει,
3233 2919 3395 2992 ἡμῶν
3453 2915 3510 2973 δὲ
3559 2917 3791 2995 χάριτις

2136 3008 2384 3083 Μέτοχοι
2416 3006 2520 3081 γὰρ
2552 3007 2836 3081 γενόμενοι
2861 3009 2959 3061 τοῦ
3007 3009 3242 3082 Χριστοῦ
3288 3006 3582 3080 εὑρέθημεν
3632 3006 3791 3085 ἐγγὺς

2135 3097 2188 3150 oi
2223 3097 2430 3170 μακράν
2554 3095 2730 3172 φύσει,
2763 3093 2902 3150 ὣστε
2931 3095 3294 3173 χρηματίζειν
3321 3096 3484 3168 ἡμῶν
3534 3095 3626 3150 τὸν
3661 3098 3793 3151 Θεὸν

2139 3181 2372 3257 ΙΙατέρα.
2428 3181 2636 3241 Μακεδ.
2722 3182 2937 3246 Οὕτως.
2992 3185 3144 3261 Ὀρθ.
3189 3186 3396 3259 ’Ὠσπερ
3444 3184 3537 3239 οῦν
3600 3186 3796 3259 ἡμεῖς,

371 3281 687 3336 aberamus
716 3283 949 3341 natura,
982 3276 1126 3331 adeo
1156 3279 1223 3328 ut
1252 3274 1407 3329 Deus
1440 3274 1610 3330 Pater
1637 3279 1839 3330 noster
1865 3274 2022 3329 dica-

2142 3274 2371 3350 μέτοχοι
2399 3277 2497 3328 τοῦ
2529 3277 2762 3349 Χριστοῦ
2791 3273 3099 3351 γενόμενοι,
3136 3269 3339 3348 ἔχομεν
3363 3274 3457 3328 τὸν
3495 3272 3625 3328 Θεὸν
3680 3276 3796 3330 Πα-

371 3376 491 3425 tur.
525 3368 722 3424 Maced.
747 3366 843 3422 Sic
873 3369 979 3421 est.
1008 3365 1155 3420 0rlh.
1178 3362 1686 3425 Quemadmodum
1720 3362 1899 3434 igitur
1921 3379 2028 3419 nos

375 3458 589 3514 Christi
622 3454 935 3529 participes
988 3452 1147 3519 facti,
1184 3455 1411 3507 Patrem
1459 3451 1748 3507 habemus
1797 3456 1973 3507 Deum
2009 3469 2024 3506 :

370 3548 455 3602 ita
484 3545 666 3602 Filius
696 3559 931 3615 quoque
963 3542 1208 3596 Verbum
1256 3545 1311 3595 et
1358 3546 1529 3605 Deus,
1551 3557 1684 3595 cum
1720 3540 2027 3612 sanguinis

368 3640 427 3692 et
455 3634 650 3690 carnis
683 3638 894 3688 nostrae
926 3632 1115 3685 factus
1141 3630 1219 3684 sit
1251 3628 1563 3701 particeps,
1593 3628 1819 3684 Patrem
1852 3630 2029 3685 habet

368 3724 578 3788 Deum,
601 3722 682 3777 ita
711 3727 779 3775 ut
808 3719 1022 3775 dixerit
1047 3734 1097 3773 :«
1121 3718 1201 3774 De
1231 3722 1434 3773 ventre
1462 3718 1669 3773 matris
1702 3733 1841 3772 meae
1875 3723 2026 3773 Deus

366 3828 537 3868 meus
580 3827 643 3867 es
692 3815 755 3865 tu
778 3810 879 3863 θ’.»
914 3809 994 3864 De
1026 3811 1226 3862 ventre
1279 3811 1475 3861 autem
1529 3807 1735 3862 matris
1768 3807 2023 3861 Verbum

362 3903 583 3956 factum
618 3903 728 3968 est,
752 3898 989 3969 quando
1015 3895 1193 3968 Virgo
1238 3895 1508 3966 concepit
1536 3900 1592 3950 et
1621 3895 1844 3967 peperit
1884 3895 2025 3951 Em-

368 3987 697 4044 manuelem
726 4001 739 4042 :
765 3991 941 4058 atque
973 3984 1083 4039 hoc
1115 3984 1289 4039 modo
1313 3983 1632 4054 subjicitur
1661 3984 1845 4039 forma
1874 3984 2025 4040 servi

365 4082 621 4149 accepta.
658 4074 853 4130 Maccd.
890 4076 1017 4144 Ipse
1048 4073 1130 4127 ait
1163 4089 1175 4127 :
1203 4094 1232 4122 ‹‹
1266 4071 1435 4127 Pater
1477 4089 1641 4128 meus
1697 4075 1883 4142 major
1932 4091 2024 4129 me

364 4172 457 4222 est
476 4166 539 4219 ⁸⁸.
569 4189 592 4217 ι
629 4164 783 4219 Orth.
816 4160 1180 4217 Vocabulum
1211 4185 1230 4209 -
1272 4162 1461 4231 major
1490 4184 1517 4211 ››
1550 4161 1918 4218 multimodis
1962 4164 2022 4217 in

368 4254 670 4326 Scriptura
699 4251 895 4307 divina
925 4251 1233 4321 accipitur.
1264 4249 1461 4305 Maced.
1497 4251 1761 4306 Etiamne
1793 4253 1863 4306 ad
1896 4269 2021 4307 car-

366 4358 500 4398 nem
534 4342 684 4397 hanc
711 4355 909 4395 vocem
943 4362 965 4386 ιι
1002 4339 1192 4408 major
1220 4360 1249 4388 »
1276 4338 1499 4393 refers?
1530 4338 1682 4395 Orth.
1710 4340 2021 4396 Videamus

362 4448 496 4487 cum
546 4430 755 4485 timore
788 4429 1059 4499 Dei,quaa
1089 4426 1301 4498 divinae
1346 4428 1658 4500 Scriptura:
1716 4445 1877 4484 mens
1919 4429 2020 4499 sit,

362 4524 505 4590 quot
534 4517 729 4573 modis
761 4531 959 4571 vocem
983 4538 1011 4565 ‹‹
1039 4518 1275 4586 major»
1306 4523 1569 4586 usurpet.
1591 4516 1790 4572 Maced.
1815 4517 2021 4573 Videa-

2137 3362 2286 3438 τέρα,
2321 3362 2464 3417 031w
2492 3363 2581 3417 καὶ
2613 3363 2642 3417 6
2671 3362 2797 3424 Υἱὸς
2830 3362 3007 3436 Λόγος
3039 3360 3111 3416 ὥν
3154 3363 3246 3416 καὶ
3295 3362 3449 3431 Θεὸς,
3504 3362 3798 3439 μετασχὼν

2138 3449 2367 3527 α’ίματος
2428 3451 2517 3505 καὶ
2576 3451 2789 3526 σαρκὸς,
2851 3447 2979 3526 ἔσχε
3031 3450 3127 3505 τὸν
3184 3449 3395 3527 Πατέρα
3447 3451 3597 3505 Θεόν’
3652 3450 3796 3506 ὣστε

2138 3539 2317 3616 λέγειν
2349 3538 2529 3594 αὐτόν·
2587 3563 2614 3592 ‹‹
2645 3540 2744 3593 Ἐκ
2787 3538 3003 3601 κοιλίας
3065 3538 3273 3615 μητρός
3307 3560 3412 3614 μου
3446 3539 3575 3601 Θεός
3608 3559 3714 3614 μου
3747 3540 3798 3594 εἶ

2138 3628 2222 3684 σύ.
2276 3652 2304 3680 ››
2355 3629 2450 3683 Ἕκ
2489 3625 2707 3690 κοιλίας
2756 3626 2814 3683 δὲ
2862 3627 3069 3705 μητρὸς
3101 3628 3130 3682 ὁ
3161 3628 3337 3705 Λόγος
3370 3627 3599 3703 ἐγένετο,
3631 3627 3723 3683 ὅτε
3752 3630 3788 3697 ἡ

2138 3715 2406 3791 Παρθένος
2462 3715 2514 3771 ἰν
2562 3717 2758 3792 γαστρὶ
2788 3711 2953 3772 ἔλαϐε
2982 3717 3071 3771 καὶ
3104 3712 3251 3771 ἔτεκε
3278 3717 3370 3771 τὸν
3398 3716 3789 3792 Ἐμμανουήλ,

2134 3806 2224 3860 καὶ
2257 3805 2431 3868 οὕτως
2480 3805 2836 3860 ὑποτάσσεται
2893 3806 3109 3884 μορφήν
3156 3802 3361 3860 δούλου
3410 3801 3620 3861 λαϐών.
3669 3807 3791 3862 Μα-

2134 3892 2248 3951 κεδ.
2285 3894 2457 3957 Αὐτὸς
2487 3893 2656 3971 λέγει’
2698 3917 2719 3947 ι
2751 3896 2811 3951 ‘0
2843 3898 3031 3967 Πατήρ
3068 3916 3171 3967 μου
3206 3893 3404 3967 μείζων
3442 3915 3547 3967 μου
3567 3893 3737 3951 ἐστίν.
3762 3919 3793 3949 ››

2137 3985 2284 4057 ὀρ6.
2319 3984 2415 4039 Καὶ
2443 3985 2507 4039 τὸ
2537 4009 2565 4035 ‹‹
2599 3985 2799 4055 μείζων
2834 4008 2862 4035 ››
2883 3987 2990 4039 τῶν
3014 3982 3321 4059 πολλαχῶς
3345 3983 3455 4039 ἐστι
3479 3981 3795 4059 λεγομένων

2134 4072 2185 4126 ἐν
2217 4075 2286 4147 τῇ
2319 4072 2433 4144 Θείᾳ
2466 4076 2671 4150 Γραφῇ.
2707 4070 2913 4130 Μακεδ,
2948 4072 3047 4127 Καὶ
3093 4073 3158 4127 τὸ
3200 4097 3229 4125 α
3278 4071 3475 4145 μείζων
3508 4094 3536 4124 γι
3575 4068 3665 4126 διὰ
3692 4072 3797 4141 τὴν

2136 4162 2304 4239 σάρκα
2362 4160 2580 4239 λέγεις;
2627 4163 2778 4237 Ὀρθ.
2829 4159 3060 4235 Ἵδωμεν
3116 4162 3252 4235 μετὰ
3298 4156 3471 4239 φόϐου
3519 4164 3655 4216 Θεοῦ
3700 4162 3797 4216 τὸν

2133 4256 2259 4306 νοῦν
2288 4257 2388 4321 τῆς
2420 4257 2659 4329 Γραφῆς,
2691 4256 2955 4327 ποσαχῶς
2977 4247 3123 4327 λέγει
3144 4251 3207 4306 τὸ
3232 4276 3259 4302 ‹‹
3290 4251 3511 4324 μείζων.
3541 4274 3569 4302 ››
3593 4248 3801 4308 Μακεδ.

2134 4338 2389 4413 Ἵδωμεν.
2449 4341 2601 4416 Ὀρθ.
2661 4341 2820 4415 Λέγει
2867 4342 2895 4395 6
2955 4341 3077 4403 Υἱὸς
3124 4339 3176 4395 έν
3229 4339 3612 4415 Εὑαγγελίοις·
3672 4340 3801 4397 «.Ὀ

2138 4430 2350 4499 Πατὴρ,
2381 4427 2441 4490 ὅς
2469 4426 2673 4484 δέδωκέ
2709 4451 2823 4501 μοι,
2860 4430 3058 4503 μείζων
3109 4428 3327 4484 πάντων
3377 4428 3510 4498 ἐστὶ,
3560 4428 3650 4483 καὶ
3699 4429 3794 4483 οὑ-

2135 4515 2243 4579 δεὶς
2275 4515 2491 4572 δύναται
2544 4518 2777 4594 ἁρπάσαι
2827 4517 2887 4574 ἐκ
2930 4525 3030 4589 τῆς
3063 4519 3250 4595 χειρὸς
3279 4521 3375 4573 τοῦ
3408 4517 3627 4593 Πατρός
3662 4540 3791 4590 μου.

364 4624 517 4663 mus.
552 4605 708 4662 Orth.
760 4606 822 4659 In
872 4602 1177 4676 Evangelio
1230 4603 1413 4660 Filius
1462 4605 1590 4661 ait:
1623 4627 1643 4654 ι
1680 4605 1868 4672 Pater,
1919 4605 2019 4677 qui

2133 4606 2274 4682 Ἐγὼ
2332 4605 2422 4661 καὶ
2472 4607 2500 4660 6
2551 4608 2743 4684 Πατὴρ
2793 4605 2849 4662 ἓν
2900 4606 3085 4681 έσμεν,
3150 4633 3171 4660 ι
3209 4607 3307 4662 Καὶ
3339 4607 3463 4681 περὶ
3489 4610 3594 4661 τοῦ
3626 4608 3797 4663 Ἡσαῦ

359 4698 524 4753 dedit
552 4694 722 4760 mihi,
748 4694 939 4765 major
966 4692 1243 4749 omnibus
1272 4699 1381 4757 est,
1409 4699 1468 4750 et
1494 4711 1669 4750 nemo
1700 4699 1894 4765 potest
1921 4712 2017 4751 ra-

361 4800 495 4856 pere
524 4785 597 4840 de
628 4799 807 4838 manu
859 4781 1048 4837 Patris
1079 4781 1215 4838 mei.
1253 4786 1367 4855 Ego
1396 4788 1453 4838 et
1481 4783 1674 4838 Pater-
1700 4800 1886 4839 unum
1918 4800 2019 4839 su-

360 4889 496 4930 mus
520 4874 619 4929 9°.»
648 4873 716 4928 Et
744 4871 816 4925 de
849 4872 1000 4926 Esau
1030 4870 1254 4926 dictum
1287 4876 1378 4926 est
1403 4888 1416 4927 :
1443 4894 1473 4922 «
1504 4872 1652 4936 Quia
1682 4874 1871 4944 major
1898 4889 2021 4929 ser-

355 4963 475 5019 viet
506 4960 719 5017 minori
744 4963 786 5015 ¹.
816 4982 843 5009 ››
873 4959 945 5014 Et
975 4976 1023 5014 τι
1062 4958 1249 5031 Major
1279 4964 1404 5015 erat
1432 4960 1568 5016 Saul
1605 4962 1883 5017 omnibus
1914 4962 2019 5019 ho-

359 5052 624 5108 minibus
646 5052 689 5106 ².
719 5072 742 5102 ι
778 5053 846 5104 Et
873 5065 886 5103 :
914 5068 944 5098 κ
972 5048 1155 5118 Major
1202 5049 1481 5104 omnibus
1512 5053 1602 5105 est
1644 5050 1960 5107 charitas’.
1990 5075 2019 5103 »

358 5142 426 5197 Et
456 5158 514 5197 ει
535 5140 795 5197 Granum
827 5137 1019 5209 sinapi
1051 5153 1185 5192 cum
1217 5139 1462 5193 creverit
1492 5141 1686 5212 majus
1716 5146 1805 5196 est
1833 5142 2019 5197 omni-

358 5231 471 5285 bus
501 5229 758 5286 oleribus
778 5229 855 5281 ‘.»
898 5224 1126 5296 Scripta
1175 5231 1318 5281 sunt
1363 5226 1504 5297 haec,
1555 5232 1782 5285 necne?
1810 5232 2016 5287 Mmd.

356 5319 587 5391 Scripta
616 5323 776 5372 sunt.
810 5316 962 5372 0th.
993 5314 1220 5369 Siccine
1271 5331 1408 5388 ergo
1464 5318 1617 5373 Esau
1648 5317 1864 5375 Jacobo
1895 5338 2018 5376 ma-

345 5409 538 5478 jorem
589 5405 756 5473 dicis,
799 5402 1300 5475 quemadmodum
1351 5404 1589 5463 Saulem
1642 5407 1775 5463 aliis
1830 5408 2018 5467 homi-

2132 4692 2365 4770 εῗρηται.
2399 4719 2428 4748 ‹‹
2460 4696 2583 4753 ’Ότι
2616 4697 2643 4751 6
2678 4696 2876 4770 μείζων
2912 4695 3194 4753 δουλεύσει
3222 4701 3303 4770 τῷ
3325 4695 3594 4752 ἐλάτη-,ξονι⁹
3632 4696 3799 4770 nxai,

2135 4806 2164 4836 (ι
2195 4784 2410 4854 Μείζων
2456 4787 2520 4854 ἧν
2569 4785 2597 4839 6
2641 4784 2822 4840 Σαοὺλ
2858 4789 2969 4840 τῶν
3002 4787 3217 4841 πάντων
3254 4785 3579 4860 ἀνθρώπων
3619 4808 3646 4834 ››
3674 4785 3791 4858 καὶ,

2135 4894 2163 4927 α
2189 4874 2254 4929 Ἡ
2313 4874 2493 4950 ἀγάπη
2544 4873 2742 4949 μείζων
2784 4874 2998 4929 πάντων
3044 4873 3178 4930 ἐστί’
3229 4899 3259 4929 ››
3290 4874 3404 4947 καὶ,
3439 4899 3466 4927 «
3499 4874 3562 4932 '0
3590 4872 3793 4935 κόκκος

2127 4967 2225 5018 τοῦ
2257 4963 2549 5035 σινάπεως,
2581 4961 2706 5017 ὅταν
2740 4959 2968 5037 αὕξηθῇ,
3007 4964 3207 5036 μείζων
3252 4962 3471 5018 πάντων
3530 4962 3641 5017 τῶν
3693 4961 3793 5017 λα-

2130 5052 2317 5127 χάνων
2372 5050 2601 5127 γίνεται.
2667 5075 2693 5102 ‹‹
2748 5050 3050 5127 Γέγραπται
3098 5056 3288 5122 ταῦτα,
3340 5051 3377 5121 ἢ
3420 5049 3523 5121 οὕς
3583 5047 3787 5108 Μακεδ.

2130 5141 2453 5218 Γέγραπται.
2510 5141 2658 5216 Ὀρθ.
2711 5138 2900 5202 Οὕτως
2965 5141 3057 5195 οὗν
3109 5138 3296 5217 λέγεις
3347 5141 3441 5197 τὸν
3493 5142 3656 5196 Ἦσαῦ
3696 5140 3793 5191 τοῦ

2130 5224 2325 5287 Ἰακὼϐ
2360 5229 2602 5302 μείζονα,
2636 5228 2711 5292 ὠς
2737 5229 2833 5284 τὸν
2864 5228 3045 5285 Σαοὺλ
3073 5231 3183 5285 τῶν
3232 5228 3421 5286 ἄλλων
3476 5225 3797 5302 ἀνθρώπων,

2128 5320 2203 5382 ὠς
2231 5321 2330 5388 τήν
2365 5320 2580 5394 ἀγαπην
2603 5324 2704 5389 τῆς
2739 5316 2960 5381 ἐλπίδος
2984 5319 3075 5374 καὶ
3108 5319 3380 5389 πίστεως,
3430 5314 3639 5376 Μακεδ.
3692 5313 3796 5375 Οῧ.

2130 5409 2279 5483 Ὀρθ.
2332 5408 2407 5466 Εὖ
2459 5407 2659 5484 λέγεις.
2710 5409 2772 5465 Ὀ
2800 5409 2905 5485 γάρ
2937 5407 3120 5465 Σαοὺλ
3157 5410 3371 5486 μεγέθει
3401 5411 3499 5463 τοῦ
3532 5407 3797 5483 σώματος

424 5643 469 5676 π
494 5641 654 5717 L1u_c._
659 5657 721 5703 ιι,
755 5640 941 5717 48-Ξῄζ
1017 5641 1062 5717 9f
1089 5640 1255 5717 ἔσβη.
1289 5657 1382 5707 xx,
1417 5641 1532 5717 17)Δ
1580 5639 1811 5717 "Psal.
1852 5659 1969 5714 xxx,
2016 5659 2022 5697 τ

2184 5643 2228 5679 ³⁸
2255 5643 2424 5701 Joan.
2454 5658 2572 5713 xxv,
2602 5643 2695 5698 28.
2772 5643 2818 5679 ’⁸
2843 5643 3013 5701 Joan.
3045 5660 3103 5714 π,
3135 5644 3227 5717 29,
3258 5644 3350 5701 30.
3429 5645 3449 5680 ί
3478 5645 3625 5699 Gen.
3658 5658 3796 5710 xxv,

353 5712 445 5765 23.
520 5712 543 5745 ¹
573 5712 593 5766 Ι
622 5711 759 5781 Reg.
786 5728 844 5777 χ,
872 5712 964 5765 23.
1041 5713 1063 5747 ³
1098 5711 1120 5767 Ι
1148 5715 1275 5768 Cor.
1307 5727 1435 5779 xm,
1468 5712 1555 5766 13.
1635 5712 1656 5749 ⁸
1688 5712 1830 5769 Luc.
1862 5711 1989 5785 xui,
2022 5715 2113 5770 19.
