4104 6366
355 443 506 511 1325

1404 449 1721 509 CONTRA
1765 447 2170 508 MACEDON.
2220 444 2611 507 DIALOGUS
2659 446 2704 507 Ι.

3605 453 3762 513 1326

356 583 550 654 μείζων
612 580 812 656 ἐλέχθη
873 583 980 635 τῶν
1041 577 1226 635 ἅλλῶν
1279 580 1597 655 ἀνθρώπων·
1655 582 1689 648 ἡ
1726 577 1782 632 δὲ
1815 576 1995 652 ἀγάπη

2121 577 2312 643 nibus,
2343 580 2840 648 quemadmodum
2875 581 3242 638 dilectionem
3277 601 3380 655 spe
3409 591 3465 640 et
3497 587 3639 641 ﬁde?
3657 590 3766 643 Ma-

350 678 449 739 τῆς
482 667 704 730 ἐλπίδος
733 669 822 723 καὶ
878 675 979 738 τῆς
1029 667 1264 729 πίστεως
1309 669 1506 742 μείζων
1537 669 1764 741 ἐλέχθη,
1799 668 1874 728 ὡς
1903 673 2002 734 τῆς

348 763 453 814 τῶν
514 757 700 813 ἄλλων
754 759 958 833 ἀρετῶν
1016 755 1313 819 ἐπιδόσεως
1372 757 1517 811 αἰτία
1586 756 1736 811 οὖσα·
1788 758 2003 830 ἀγαπή-

352 868 534 908 σαντες
585 848 685 922 γὰρ
741 846 1086 919 πιστεύομεν,
1146 845 1524 906 πιστεύσαντες
1576 844 1633 899 δέ
1682 843 2000 916 ἐλπίζομεν,

351 932 553 990 Μακεδ.
590 935 878 990 Καὶτοῦτο
911 931 1166 1008 δέχομαι.
1215 935 1365 1008 Ὀρθ.
1425 934 1614 994 Οὕτως
1677 930 1768 986 οὖν
1830 931 2004 1007 λέγεις

350 1023 441 1078 τόν
494 1024 709 1096 Πατέρα
758 1023 975 1094 μείζονα
1023 1021 1260 1088 πάντων,
1313 1023 1390 1082 ὡς
1418 1024 1518 1090 τὴν
1547 1020 1759 1096 ἀγάπην
1787 1028 1886 1089 τῇς
1916 1019 2005 1074 έλ-

351 1110 509 1174 πίδος
568 1117 634 1185 τῇ
695 1111 970 1182 ποιότητι,
1020 1112 1053 1180 ἦ
1101 1112 1174 1172 ὡς
1219 1111 1309 1164 τὸν
1366 1112 1651 1165 Ἡσαῦτοῦ
1686 1105 1879 1166 Ἰακὼϐ
1923 1113 2002 1180 τῷ

353 1201 563 1277 χρόνῳ,
610 1202 643 1268 ἣ
691 1201 764 1260 ὡς
813 1201 904 1254 τὸν
957 1198 1138 1254 Σαοὺλ
1179 1203 1289 1254 τῶν
1338 1197 1524 1252 ἄλλων
1578 1198 1877 1274 ἀνθρώπων
1927 1201 2004 1267 τῷ

357 1289 600 1365 μεγέθειτ,
675 1286 876 1344 Μακεδ.
955 1287 1052 1344 Οὔ.
1131 1290 1193 1345 Ὁ
1268 1288 1369 1363 γὰρ
1429 1289 1620 1362 Πατὴρ
1694 1286 2002 1360 ἀσυγκρίτῳ

354 1379 601 1454 ὑπεροχῇ
682 1378 877 1450 μείζων
953 1376 1165 1431 πάντων
1233 1375 1399 1430 ἐστίν.
1461 1377 1607 1449 Ὀρθ.
1666 1374 1898 1442 Οὐκοῦν,
1957 1371 2003 1427 εἰ

356 1467 660 1544 ἀσυγκρίτῳ
711 1467 958 1542 ὑπεροχῇ
1011 1466 1207 1539 μείζων
1258 1465 1473 1520 πάντων
1520 1464 1659 1519 ἐστὶν
1712 1466 1740 1518 6
1791 1465 2001 1539 Πατὴρ,

359 1554 476 1611 οὔτε
504 1557 578 1618 ὡς
609 1557 775 1609 Ἡσαῦ
803 1560 901 1609 τοῦ
933 1550 1129 1610 Ἰακὼϐ
1158 1560 1238 1626 τῷ
1271 1554 1479 1629 χρόνῳ,
1513 1553 1636 1608 οὕτε
1664 1554 1738 1614 ὡς
1767 1555 1796 1607 6
1819 1553 2002 1608 Σαοὺλ

352 1651 458 1700 τῶν
489 1643 676 1699 ἄλλων
730 1645 1028 1720 ἀνθρώπων
1079 1648 1157 1714 τῷ
1213 1644 1443 1718 μεγέθει,
1495 1639 1617 1696 οὕτε
1646 1643 1723 1703 ὡς
1752 1646 1786 1712 ἡ
1822 1643 2000 1717 ἀγάπη

352 1737 449 1802 τῆς
484 1733 716 1795 πίστεως
745 1733 836 1788 καὶ
880 1729 1104 1793 ἐλπίδος
1155 1731 1226 1805 τῇ
1277 1731 1552 1801 ποιότητι.
1611 1728 1812 1787 Μακεδ.
1874 1735 2005 1792 Πῶς

354 1821 449 1891 δέ;
481 1825 626 1898 Ὁρθ.
658 1824 781 1880 ’Ότι
827 1823 854 1875 6
904 1820 1211 1896 ἀσυγκρίτῳ
1257 1821 1506 1896 ὑπεροχῇ
1557 1819 1754 1892 μείζων
1788 1820 2000 1873 πάντων

355 1911 453 1982 ὣν,
513 1911 724 1984 ὁμοίως
767 1911 857 1965 καὶ
907 1911 1165 1971 ὡσαύτως
1200 1909 1396 1982 μείζων
1429 1909 1643 1962 πάντων
1679 1909 1788 1962 έστὶ
1819 1909 1908 1963 καὶ
1942 1908 2003 1962 οὗ
2035 1945 2082 2008 Β

350 2005 449 2057 τοῖ’)
484 2002 578 2076 μὲν
609 1997 824 2071 πλεῖον,
855 2004 952 2054 τοῦ
985 1997 1041 2054 δὲ
1072 1997 1317 2054 ἔλαττον.
1351 1995 1553 2054 Μακεδ.
1596 1996 1855 2067 ’Δληθως
1915 1997 2004 2052 λέ-

350 2111 484 2166 γεις.
546 2091 692 2166 Ὀρθ.
751 2088 1021 2150 Ὠσαότως
1070 2085 1161 2141 οὖν
1219 2088 1398 2162 λέγεις
1463 2086 1682 2160 μείζονα
1728 2091 1826 2141 τοῦ
1876 2087 2004 2140 Υἱοῦ

349 2179 442 2233 τὸν
505 2179 720 2254 Πατέρα
776 2177 866 2232 καὶ
917 2181 1023 2231 τῶν
1087 2173 1286 2248 ἵππων,
1345 2177 1435 2229 καὶ
1491 2180 1597 2228 τῶν
1656 2180 1854 2246 κυνῶν,
1914 2175 2003 2229 καὶ

353 2269 566 2324 πάντων
620 2269 837 2345 ἀλόγων
890 2268 1068 2337 ζώων,
1118 2268 1208 2321 καὶ
1254 2274 1356 2340 τῆς
1425 2265 1756 2338 ἀναισθήτου
1817 2264 2002 2336 {il-qq;

355 2355 558 2415 Μακεδ.
618 2357 784 2432 Οὐχὶ,
841 2357 914 2428 μή
963 2354 1213 2431 γένοιτοί
1275 2355 1424 2428 Ὀρθ.
1471 2354 1587 2410 Οὐκ
1643 2352 1745 2429 ἄρα
1790 2355 2002 2409 πάντων

357 2444 666 2522 ἀσυγκρίτῳ
713 2445 958 2520 ὑπεροχῇ
1022 2443 1218 2516 μείζων
1271 2442 1402 2499 ἐστί.
1455 2447 1561 2496 Τοῦ
1610 2443 1713 2517 γὰρ
1762 2444 1890 2496 Υἳοῦ
1930 2443 2004 2505 ὡς

357 2537 544 2609 Πατὴρ
594 2536 742 2588 Υἱοῦ.
796 2530 997 2588 Μακεδ.
1043 2530 1360 2606 Συγκρίτως
1393 2529 1514 2607 ἄρα.
1549 2533 1694 2606 Ὀρθ.
1729 2531 1896 2588 Εἶπον
1932 2531 2007 2592 ὠς

356 2625 545 2698 Πατὴρ
612 2624 762 2678 Υἱοῦ.
819 2623 1124 2698 Ὑπερέχων
1171 2619 1274 2694 γὰρ
1322 2623 1429 2673 τῶν
1480 2619 1665 2673 ἄλλων
1698 2619 2007 2694 ἀσυγκρίτῳ

359 2711 626 2786 ὑπεροχῇ,
677 2711 738 2764 οὗ
784 2714 881 2764 τοῦ
911 2711 1039 2763 Υἱοῦ
1075 2709 1270 2781 μείζων
1303 2707 1442 2762 ἐστὶν
1476 2708 1784 2782 ἀσυγκρίτῳ
1844 2708 2004 2782 ὑπερ-

357 2805 490 2875 οχῇ,
552 2798 676 2854 ἀλλ’
734 2799 808 2860 ὠς
866 2799 1053 2872 Πατὴρ
1109 2798 1258 2852 Υὶοῦ.
1316 2797 1378 2850 Εἰ
1438 2794 1495 2850 δὲ
1554 2797 1652 2851 οὐκ
1702 2798 2006 2874 ἀσυγκρίτῳ

358 2891 606 2964 ὑπεροχῇ
643 2886 839 2960 μείζῶν
876 2887 1038 2940 αὐτοῦ
1069 2887 1232 2952 ἐστιν,
1266 2889 1328 2938 οὑ
1362 2885 1512 2962 φύσει
1549 2885 1768 2958 μείζων’
1813 2887 1873 2940 οὐ
1903 2892 2003 2961 γὰρ

358 2979 703 3053 ἀσύγκριτος.
736 2976 799 3032 Εἰ
829 2974 888 3030 δὲ
919 2975 979 3030 οὗ
1003 2975 1070 3029 τὰ
1100 2975 1252 3052 φύσει
1288 2971 1641 3047 μείζων,οὐδὶ
1667 2980 1746 3046 τῷ
1772 2973 2001 3049 μεγέθει·

359 3068 628 3141 ἀμεγέθης
682 3065 806 3140 γάρ.
861 3062 986 3118 οὐδὲ
1015 3068 1092 3134 τῷ
1121 3062 1325 3138 χρόνῳ·
1361 3060 1594 3137 ἅχρονος
1623 3062 1746 3138 γάρ’
1783 3061 1906 3117 οὐδὲ
1933 3063 2004 3137 τῇ

354 3156 632 3225 ποιότητι·
695 3152 886 3214 ἄποιος
940 3154 1063 3228 γάρ.
1115 3152 1229 3208 Οὐκ
1272 3150 1374 3227 ἄρα
1421 3151 1580 3224 ἄλλῳ
1637 3152 1739 3205 τινὶ
1789 3152 2005 3224 μείζονα

357 3245 548 3300 ἑαυτοῦ
604 3242 696 3296 τὸν
743 3241 953 3317 Πατέρα
1009 3239 1178 3314 λέγει.
1237 3238 1360 3294 ἀλλ’
1403 3241 1438 3308 ἣ
1487 3239 1559 3300 ὠς
1603 3241 1728 3301 Υἱὸς
1787 3242 2000 3316 μορφὴν

2114 668 2224 722 cad.
2261 668 2406 721 Non.
2443 669 2592 723 Orth.
2629 669 2800 723 Recte
2831 671 2996 724 dicis.
3022 673 3160 726 Saul
3193 674 3349 728 enim
3385 681 3609 730 statura
3640 694 3765 732 cor-

2115 756 2272 827 poris
2333 756 2464 811 aliis
2524 757 2865 813 hominibus
2899 761 3087 829 major
3115 761 3309 817 dictus
3341 764 3450 818 fuit
3481 782 3494 819 :
3531 765 3768 821 dilectio

2113 861 2246 899 vero
2278 846 2390 900 fide
2419 851 2476 900 et
2507 863 2609 918 spe
2656 848 2844 917 major
2900 849 3055 903 dicta
3111 856 3220 913 est,
3280 857 3344 905 ut
3397 869 3523 922 quae
3582 855 3770 910 incre-

2114 933 2297 988 menti
2328 934 2577 989 aliarum
2608 935 2889 990 virtutum
2925 953 3101 992 causa
3135 939 3246 993 sit:
3280 957 3411 994 cum
3447 943 3602 996 enim
3635 943 3773 997 dili-

2113 1022 2330 1093 gimus,
2367 1024 2700 1092 credimus;
2735 1042 2868 1079 cum
2902 1027 3219 1095 credimus,
3270 1045 3597 1099 speramus.
3659 1034 3770 1088 Ma.

2112 1102 2223 1164 cad.
2289 1112 2356 1165 Et
2411 1113 2516 1167 hoc
2567 1115 2837 1168 admitto.
2875 1115 3029 1170 Orth.
3063 1117 3287 1170 Siccine
3320 1119 3504 1189 igitur
3535 1124 3764 1176 Patrem

2115 1201 2392 1269 majorem
2413 1202 2689 1257 omnibus
2707 1203 3132 1274 dicis,quemad
3145 1207 3383 1260 modum
3398 1207 3766 1264 dilectionem

2115 1304 2236 1358 spe,
2271 1289 2552 1359 qualitate
2587 1309 2599 1345 :
2633 1296 2736 1345 aut
2765 1293 3267 1363 quemadmodum
3318 1297 3468 1350 Esau
3526 1297 3766 1368 Jacobo,

2113 1381 2521 1449 temporezaut
2552 1383 3051 1450 quemadmodum
3085 1383 3318 1438 Saulem
3351 1385 3481 1440 aliis
3512 1386 3769 1441 homini-

2115 1466 2244 1529 bus,
2278 1471 2547 1522 statura?
2575 1470 2777 1524 Maced.
2815 1475 2960 1524 Non.
2995 1471 3221 1525 Etenim
3258 1473 3427 1527 Pater
3466 1474 3767 1546 incompa-

2114 1555 2283 1610 rabili
2307 1557 2649 1612 excellentia
2679 1559 2953 1613 omnibus
2985 1561 3174 1630 major
3201 1565 3308 1616 est.
3328 1563 3485 1618 Orth.
3506 1564 3560 1616 Si
3592 1564 3771 1634 igitur

2114 1643 2558 1715 incomparabili
2593 1647 2935 1701 excellentia
2965 1650 3154 1717 major
3182 1650 3458 1705 omnibus
3475 1659 3563 1705 est
3579 1652 3768 1706 Pater:

2115 1748 2304 1802 neque
2336 1739 2618 1804 tempore,
2655 1739 2719 1788 ut
2748 1736 2899 1790 Esau
2928 1736 3166 1806 Jacobo,
3203 1754 3391 1808 neque
3423 1744 3672 1803 statura,
3708 1746 3774 1794 ut

2113 1821 2250 1875 Saul
2285 1821 2415 1876 aliis
2448 1822 2810 1888 hominibus,
2845 1841 3032 1895 neque
3062 1827 3365 1896 qualitate,
3414 1834 3478 1882 ut
3537 1829 3770 1883 dilectio

2114 1909 2229 1965 ﬁde
2285 1917 2342 1964 et
2399 1928 2501 1981 spe
2559 1934 2585 1960 «
2648 1914 2835 1982 major
2873 1914 3147 1968 omnibus
3177 1919 3286 1969 est.
3325 1939 3344 1965 υ
3385 1916 3532 1970 487
3571 1917 3769 1971 Maced.

2115 2001 2416 2064 Quomodo
2447 2001 2614 2068 ergo?
2632 1999 2948 2055 0rth.Nam
2979 2003 3077 2073 qui
3112 2003 3558 2074 incomparabili
3592 2004 3774 2058 excel-

2116 2088 2296 2142 lentia
2323 2088 2599 2144 omnibus
2633 2091 2821 2159 major
2851 2095 2958 2154 est,
2991 2091 3172 2144 simili
3221 2093 3544 2163 eodemque
3603 2093 3773 2163 plane

2117 2177 2290 2231 modo
2348 2178 2625 2232 omnibus
2681 2186 2773 2233 est
2820 2181 3026 2248 major,
3060 2196 3165 2233 nec
3197 2181 3387 2251 magis
3419 2181 3538 2249 illo,
3574 2182 3772 2235 minus

2117 2266 2246 2321 alio.
2284 2267 2489 2321 Maced.
2527 2267 2670 2321 Vere
2702 2268 2869 2321 dicis.
2907 2269 3056 2323 Orth.
3089 2269 3379 2324 Eodemne
3411 2270 3591 2340 igitur
3641 2287 3770 2324 mo-

2116 2357 2190 2410 do
2217 2357 2363 2411 dicis
2393 2357 2623 2410 Patrem
2659 2358 2940 2424 majorem
2993 2374 3122 2412 esse
3181 2357 3346 2424 Filio,
3405 2375 3517 2428 quo
3577 2360 3767 2428 equis,

2114 2461 2227 2514 quo
2284 2444 2551 2508 canibus,
2611 2461 2726 2515 quo
2795 2446 3070 2500 omnibus
3139 2447 3326 2500 brutis
3390 2447 3770 2517 animalibus,

2118 2549 2232 2602 quo
2300 2534 2552 2604 denique
2620 2533 2948 2588 insensibili
3022 2536 3306 2589 materia?
3371 2535 3598 2591 Maced.
3667 2536 3774 2589 Ne-

2116 2638 2438 2691 quaquam,
2471 2623 2625 2676 absit
2657 2621 2798 2676 hoc!
2862 2623 3013 2678 Orth.
3076 2629 3199 2678 Non
3261 2625 3439 2695 igitur
3495 2625 3772 2679 omnibus

2118 2710 2560 2781 incomparabili
2619 2710 2957 2766 excellentia
3019 2714 3209 2782 major
3267 2719 3375 2768 est.
3440 2713 3582 2768 Filio
3616 2714 3772 2768 enim

2118 2801 2307 2869 major
2361 2806 2453 2853 est
2509 2805 2571 2853 ut
2618 2801 2784 2854 Pater
2815 2800 2962 2854 Filii.
3001 2802 3196 2855 Maced.
3230 2802 3633 2872 Comparative
3665 2801 3772 2872 igi-

2116 2893 2231 2942 tur.
2272 2889 2424 2944 Orth.
2455 2888 2604 2955 Dixi,
2639 2895 2703 2941 ut
2734 2889 2901 2943 Pater
2930 2888 3078 2943 Filii.
3113 2889 3255 2943 Cum
3288 2891 3443 2944 enim
3479 2889 3623 2944 alios
3683 2891 3768 2943 in-

2114 2976 2488 3048 comparabili
2550 2977 2890 3031 excellentia
2945 2984 3200 3048 superet,
3250 2996 3361 3032 non
3397 2984 3592 3033 tamen
3626 2979 3770 3032 Filio

2119 3067 2305 3136 major
2335 3070 2423 3120 est
2452 3064 2790 3119 excellentia
2820 3065 3287 3136 incomparabili,
3321 3067 3420 3121 sed
3482 3072 3546 3120 ut
3601 3068 3771 3122 Pater

2117 3155 2449 3217 Filii.Quod
2482 3155 2527 3207 si
2562 3153 2902 3208 excellentia
2959 3154 3402 3225 incomparabili
3461 3156 3649 3224 major
3702 3172 3768 3210 eo

2114 3262 2228 3300 non
2261 3249 2490 3307 est,non
2523 3249 2611 3297 est
2643 3243 2830 3312 major
2860 3249 3069 3298 natura
3103 3260 3114 3296 :
3152 3261 3266 3299 non
3297 3243 3454 3298 enim
3488 3260 3590 3315 per
3619 3260 3770 3298 com-

361 3331 558 3388 ὃοῦλου
590 3326 774 3386 λαϐὼν
825 3331 914 3384 καὶ
962 3333 1138 3402 τιμῶν
1186 3329 1276 3383 τὸν
1309 3330 1500 3383 ἑαυτοῦ
1532 3327 1762 3403 Πατέρα.
1799 3327 2000 3387 Μακεδ.

2121 3333 2494 3405 perationem.
2522 3332 2578 3386 Si
2613 3349 2745 3386 vero
2778 3349 2891 3386 non
2945 3333 3133 3402 major
3178 3338 3407 3400 natura,
3463 3348 3600 3403 ergo
3659 3349 3766 3387 nec

360 3427 524 3476 Τοῦτο
577 3421 835 3496 δέχομαι.
885 3421 1032 3495 Ὀρθ.
1065 3420 1127 3474 Ἠ
1160 3418 1294 3485 αὐτὴ
1328 3418 1433 3493 ἄρα
1462 3417 1619 3495 φύσις
1651 3417 1762 3472 ἐστὶ
1798 3419 2009 3494 Ιῐατρὸς

360 3511 446 3565 καὶ
481 3511 627 3565 1⁸ῒοῦ-
665 3506 851 3576 έπειδή
889 3510 964 3581 μὴ
1001 3506 1310 3582 ἀσυγκρίτῳ
1342 3507 1589 3581 ὑπεροχῇ
1620 3508 1788 3576 μείζω
1822 3509 2012 3563 ἑαυτοῦ

357 3602 448 3655 τὸν
479 3597 694 3674 Πατέρα
727 3596 889 3673 λέγει.
924 3594 1065 3654 Οὐδὲ
1093 3597 1193 3671 γὰρ
1227 3595 1286 3650 ἂν
1322 3593 1403 3668 εἷῆ
1446 3597 1570 3656 Υἱὸς
1607 3597 1682 3668 μὴ
1716 3598 1816 3664 τήν
1844 3597 2010 3666 αὐτὴν

361 3687 516 3766 φύσιν
553 3686 718 3762 ἔχων.
753 3686 816 3740 El
849 3684 906 3740 δὲ
934 3689 1120 3752 τοῦτο,
1156 3684 1257 3739 οὐκ
1285 3681 1387 3759 ἄρα
1415 3687 1482 3759 τῇ
1517 3684 1670 3761 φύσει
1721 3686 2012 3741 ὑποτάσσε-

360 3799 470 3849 ται,
505 3774 630 3830 ἀλλ’
663 3775 738 3838 ὠς
774 3775 896 3837 Υἱὸς
933 3775 1148 3851 μορφὴν
1179 3770 1379 3827 δούλου
1420 3768 1627 3827 λαϐών.

2123 3421 2552 3492 magnitudine.
2611 3437 2817 3490 expers
2865 3421 3020 3474 enim
3054 3426 3140 3475 est
3172 3422 3629 3489 magnitudinis;
3666 3437 3771 3476 nec-

2121 3515 2404 3582 tempore,
2437 3514 2696 3579 tempore
2722 3509 2876 3563 enim
2913 3509 3074 3564 nullo
3103 3510 3642 3581 comprehenditur;
3675 3511 3774 3564 de-

2125 3599 2302 3670 nique
2331 3614 2434 3652 nec
2466 3597 2766 3668 qualitate,
2829 3614 3033 3668 expers
3093 3597 3247 3652 enim
3307 3603 3396 3653 est
3453 3598 3774 3670 qualitatis.

2124 3688 2312 3750 Quare
2344 3687 2506 3741 nulla
2536 3685 2726 3740 aliain
2751 3703 2809 3740 re
2839 3687 3117 3756 majorem
3152 3687 3344 3758 seipso
3364 3689 3590 3743 Patrem
3613 3688 3776 3754 dicit,

2125 3793 2302 3847 quam
2337 3775 2489 3846 quod
2523 3774 2706 3829 Filius
2739 3775 2863 3846 ipse
2895 3776 2991 3840 sit,
3017 3777 3113 3846 qui
3148 3776 3394 3830 formam
3431 3777 3578 3831 servi
3611 3793 3779 3830 sum-

350 3868 491 3940 psit,
524 3872 580 3922 et
613 3883 787 3922 suum
820 3865 1008 3939 ipsius
1042 3865 1272 3920 Patrem
1306 3863 1574 3918 honorat.
1609 3865 1810 3919 Maced.
1844 3865 1960 3920 Hoc
1992 3865 2254 3920 admitto.
2295 3865 2448 3920 Orth.
2486 3865 2695 3918 Eadem
2729 3864 2912 3935 igitur
2938 3869 3028 3919 est
3055 3865 3243 3919 Patris
3274 3871 3331 3920 et
3360 3866 3488 3920 Filii
3539 3870 3778 3920 natura:

349 3955 834 4027 quandoquidem
867 3971 983 4009 non
1013 3951 1457 4022 incomparabili
1490 3951 1836 4006 excellentia
1866 3955 2096 4008 Patrem
2131 3954 2410 4023 majorem
2442 3953 2638 4022 seipso
2678 3953 2838 4006 dicit.
2901 3957 3100 4023 Neque
3156 3954 3311 4008 enim
3369 3954 3549 4009 Filius
3605 3959 3780 4019 esset,

349 4043 464 4098 nisi
527 4049 798 4097 naturam
857 4041 1098 4096 haberet
1138 4039 1426 4095 eamdem.
1462 4039 1622 4105 Quod
1659 4039 1706 4093 si
1745 4039 1824 4094 ita
1853 4045 1960 4110 est,
1997 4057 2112 4095 non
2145 4040 2327 4111 igitur
2356 4045 2568 4093 natura
2597 4040 2933 4109 subjicitur,
2969 4043 3068 4095 sed
3109 4045 3171 4094 ut
3202 4041 3384 4096 Filius
3415 4043 3604 4096 forma
3633 4040 3784 4096 servi

354 4135 682 4201 assumpta.

423 4219 512 4272 20.
547 4213 747 4271 Μακεό.
804 4214 937 4288 Περὶ
981 4214 1076 4287 μὲν
1119 4217 1216 4268 τοῦ
1265 4213 1394 4271 rio?»
1424 4212 1610 4275 καλῶς
1646 4211 1848 4288 λέγεις·
1885 4208 2009 4290 περὶ

354 4302 413 4359 δὲ
439 4310 536 4359 τοῦ
594 4303 911 4376 ΙΙνεόματος
961 4304 1022 4358 οὐ
1069 4301 1276 4364 καλῶς.
1327 4303 1431 4356 Κᾶν
1481 4303 1584 4377 γὰρ
1639 4302 2012 4374 μὶῇκτιστὸν

352 4394 416 4449 τὸ
450 4397 700 4466 Πνεῦμα,
757 4391 902 4447 ἀλλὰ
958 4391 1184 4467 γενητόν
1245 4391 1380 4447 ἐστι.
1431 4392 1611 4448 Πάντα
1641 4392 1746 4466 γὰρ
1777 4390 1866 4446 διὰ
1912 4395 2010 4446 τοῦ

356 4484 485 4537 rio?)
517 4482 782 4558 ἐγένοντο.
821 4481 882 4536 Εἰ
917 4478 973 4535 δὲ
1002 4481 1191 4554 πάντα,
1234 4479 1493 4550 δηλονότι
1522 4480 1612 4534 καὶ
1656 4482 1719 4536 τὸ
1771 4484 2007 4552 Πνεῦμα.

353 4573 502 4648 Ὀρθ.
561 4570 624 4625 Εἰ
673 4569 894 4646 γενητόν
957 4569 1089 4640 έστι,
1147 4570 1236 4624 καὶ
1284 4569 1497 4624 κτιστόν
1529 4568 1689 4627 ἐστιν.
1724 4569 1791 4624 Εἴ
1817 4571 1920 4645 γὰρ
1949 4568 2011 4624 τό

353 4659 580 4734 γενητὸν
639 4659 739 4712 οὑκ
789 4656 901 4713 ἔστι
960 4658 1199 4730 κτιστὸν,
1255 4659 1428 4712 πάντα
1477 4655 1534 4711 δὲ
1587 4656 1656 4712 δι’
1698 4658 1862 4712 αὐτοῦ
1894 4657 2010 4732 ἐγέ-

357 4767 498 4802 νετο·
533 4745 660 4802 οὐδὲ
701 4749 768 4802 τὰ
816 4747 990 4802 πάντα
1018 4748 1226 4802 κτιστά.
1258 4746 1322 4800 Ei
1353 4745 1409 4800 δὲ
1435 4751 1612 4802 τοῦιιν.
1649 4751 1768 4808 πῶς
1799 4750 2011 4817 νοήσω-

365 4859 458 4909 μεν
488 4837 551 4892 τὸ
576 4836 723 4910 παρά
755 4841 855 4910 .τῷ
905 4835 1112 4910 Παύλῳ
1159 4835 1470 4911 εἰρημένον·
1529 4859 1557 4886 ‹‹
1610 4837 1693 4892 Τὰ
1740 4835 1912 4890 πάντα
1960 4835 2011 4890 ἐν

357 4925 505 4998 αὖτῷ
554 4923 832 4994 ἔκτίσταις
883 4949 912 4976 ››
961 4922 1162 4980 Μακεδ.
1223 4922 1379 4980 Ἀλλ’
1426 4923 1488 4978 οὐ
1547 4925 1721 4978 πάντα
1772 4924 2018 4996 ὁμότιμά

360 5013 510 5071 εἰσιν.
570 5016 727 5089 Ὀρθ.
789 5013 895 5068 Κᾶν
964 5015 1039 5087 μὴ
1095 5014 1224 5066 ὦσιν
1285 5012 1551 5086 ὁμότιμα,
1603 5011 1730 5066 ἀλλ’
1768 5013 1922 5085 ’ὀμως
1950 5012 2019 5066 τὰ

360 5104 533 5157 πάντα
607 5103 878 5176 κτίσματά
953 5102 1077 5159 εἰσι.
1142 5101 1353 5174 Κτίσμα
1410 5098 1468 5154 δὲ
1521 5100 1818 5173 κτίσματος
1868 5100 2018 5155 οὐδὲν

365 5188 626 5269 διαφέρει,
681 5192 718 5266 ᾖ
775 5191 979 5267 κτίσμα
1032 5190 1164 5249 ἐστί,
1226 5187 1426 5246 Μακεδ.
1480 5187 1649 5246 Οὐδὲν
1705 5187 1943 5267 διαφέρει
1993 5191 2021 5244 6

363 5275 612 5356 Γαϐριὴλ
643 5285 740 5335 τοῦ
776 5278 966 5350 ἵππου,
999 5282 1033 5349 ἣ
1061 5279 1150 5334 καὶ
1186 5279 1369 5355 ἑτέρου
1398 5279 1545 5339 τινὸς
1591 5283 1700 5332 τῶν
1763 5277 1976 5354 ἀλόγων
2007 5297 2020 5347 ;

362 5369 516 5441 Ὀρθ.
549 5375 619 5438 ᾞ
648 5370 851 5442 κτίσμα
882 5369 1045 5442 ἐστὶν,
1079 5366 1230 5423 οὐδὲν
1275 5365 1535 5445 διαφέρει·
1569 5367 1606 5441 ᾖ
1656 5365 1713 5422 δὲ
1763 5366 2024 5442 ἅγγελος,

366 5464 578 5532 πνεῦμα
607 5458 1006 5536 λειτουργικὸν,
1058 5458 1133 5520 εἰς
1185 5455 1454 5512 διακονίαν
1518 5455 2024 5529 ἁποστελλόμενον,

373 5546 435 5601 οὗ
463 5551 570 5602 τῶν
605 5545 818 5624 ἀλόγων
856 5545 1040 5620 μόνον,
1074 5544 1218 5601 ἀλλὰ
1245 5544 1334 5600 καὶ
1364 5547 1524 5618 ἡμῶν
1563 5549 1673 5600 τῶν
1722 5545 2025 5621 ἀνθρώπων

447 5761 471 5796 ⁸
500 5721 720 5819 Coloss.
755 5779 796 5831 ι,
831 5760 919 5817 16.

2191 4217 2281 4270 20.
2316 4216 2513 4271 Maced.
2550 4215 2830 4271 Praeclare
2860 4221 2922 4270 tu
2968 4217 3204 4286 quidem
3263 4217 3334 4271 de
3390 4216 3536 4272 Filio
3593 4216 3784 4271 disse-

2121 4305 2204 4360 ris
2239 4323 2251 4360 :
2286 4306 2386 4360 sed
2419 4306 2491 4359 de
2520 4305 2739 4375 Spiritu
2773 4321 2885 4358 non
2921 4305 3080 4362 item.
3132 4305 3254 4358 Etsi
3305 4304 3463 4357 enim
3528 4303 3786 4374 Spiritus

2123 4399 2353 4450 creatus
2395 4411 2510 4448 non
2546 4394 2738 4462 fuerit,
2776 4395 2962 4448 factus
2992 4398 3186 4446 tamen
3223 4393 3352 4446 fuit.
3385 4391 3597 4446 Omnia
3628 4393 3786 4446 enim

2125 4501 2227 4556 per
2256 4483 2465 4537 Filium
2501 4482 2652 4536 facta
2683 4486 2840 4537 sunt.
2875 4482 2935 4536 Si
2971 4487 3164 4535 autem
3200 4481 3421 4543 omnia,
3475 4480 3679 4551 utique
3729 4484 3790 4534 et

2123 4573 2406 4644 Spiritus.
2461 4572 2615 4626 Orth.
2676 4570 2736 4625 Si
2789 4571 2978 4624 factus
3009 4575 3119 4636 est,
3153 4574 3385 4624 creatus
3416 4584 3648 4640 quoque
3679 4573 3788 4622 est.

2123 4661 2180 4716 Si
2212 4661 2367 4715 enim
2401 4661 2552 4731 quod
2591 4661 2830 4724 factum,
2867 4664 3122 4714 creatum
3160 4675 3273 4712 non
3307 4664 3414 4727 est,
3470 4663 3530 4712 et
3586 4656 3786 4711 omnia

2127 4765 2229 4821 per
2258 4749 2452 4814 ipsum
2489 4750 2635 4803 facta
2665 4755 2826 4815 sunt,
2853 4765 2993 4802 sane
3023 4753 3217 4801 creata
3251 4747 3451 4801 omnia
3480 4763 3594 4800 non
3629 4750 3788 4800 sunt.

2126 4839 2287 4904 Quod
2313 4838 2361 4892 si
2389 4837 2467 4891 ita
2499 4841 2607 4906 est,
2630 4838 2924 4907 quomodo
2952 4836 3355 4908 intelligemus
3387 4836 3613 4890 dictum
3646 4834 3793 4888 illud

2129 4926 2291 4981 Pauli
2328 4943 2340 4980 :
2375 4948 2402 4975 «
2437 4925 2648 4980 Omnia
2679 4926 2736 4979 in
2768 4925 2898 4996 ipso
2924 4931 3119 4979 creata
3149 4930 3288 4979 sunt
3316 4924 3382 4977 ll?
3406 4947 3432 4972 »
3468 4923 3792 4979 Maced.Sed

2129 5033 2243 5070 non
2277 5014 2477 5069 omnia
2502 5014 2627 5085 pari
2661 5015 2720 5068 in
2754 5015 2972 5069 honore
3007 5015 3319 5068 habentur.
3349 5013 3500 5068 Orth.
3528 5012 3645 5066 Etsi
3678 5027 3792 5065 non

2131 5104 2257 5176 pari
2287 5103 2620 5157 habeantur
2649 5102 2893 5168 honore,
2925 5102 3125 5156 omnia
3155 5106 3350 5156 tamen
3378 5105 3575 5156 creata
3629 5106 3792 5154 sunt.

2132 5192 2409 5247 Creatura
2469 5195 2664 5246 autem
2714 5208 2748 5245 a
2778 5196 3049 5245 creatura
3081 5189 3224 5244 nihil
3259 5188 3476 5258 dilIert,
3503 5194 3797 5260 quatenus

2134 5286 2401 5335 creatura
2431 5285 2539 5334 est.
2572 5279 2774 5334 Maccd.
2808 5279 2965 5333 Nihil
2996 5278 3180 5350 igitur
3211 5278 3406 5332 differt
3433 5275 3664 5331 Gabriel
3723 5276 3796 5330 ab

2135 5385 2306 5439 equo,
2360 5373 2462 5423 aut
2520 5369 2590 5422 ab
2625 5367 2739 5422 alio
2772 5367 3027 5437 quodam
3063 5367 3233 5420 bruto
3265 5365 3612 5420 animante?
3642 5363 3796 5418 Orth.

2137 5460 2438 5523 Quatenus
2467 5461 2735 5512 creatura
2766 5462 2873 5522 est,
2908 5455 3054 5509 nihil
3087 5455 3309 5521 dilI'ert;
3344 5461 3636 5527 quatenus
3665 5470 3799 5508 vero

2138 5545 2661 5618 angelus,spiritus
2693 5543 3234 5601 administratorius
3279 5545 3350 5599 ad
3404 5542 3800 5599 ministerium
