4104 6348
395 410 550 468 1327

1588 414 1651 463 S.
1700 407 2220 467 A'l‘HANASlUS.
2250 440 2326 450 —
2358 409 2623 469 DUBIA.

3643 416 3784 475 1328

396 542 640 607 missus,
675 557 785 595 non
817 540 1009 596 solum
1043 558 1076 594 a
1105 542 1318 605 brutis,
1351 542 1454 595 sed
1517 557 1548 593 a
1600 540 1767 594 nobis
1820 555 2053 609 quoque

2164 538 2253 589 καὶ
2301 542 2409 591 τῶν
2471 537 2741 615 ἀγγέλων,
2793 538 3136 616 ἀρχάγγελος
3186 540 3282 597 ὥν.
3334 541 3430 596 Καὶ
3466 542 3564 618 γὰρ
3596 543 3789 620 ὀφθαλ-

397 629 758 695 hominibus,
821 635 877 685 et
928 630 1000 684 ab
1059 628 1306 701 angelis,
1361 645 1494 684 cum
1534 627 1611 683 sit
1640 625 2052 698 archangelus.

397 719 627 774 Etenim
677 719 907 787 oculus,
968 725 1261 789 quatenus
1318 716 1548 783 oculus,
1608 716 1739 771 aliis
1796 714 2055 786 corporis

398 807 683 863 membris
714 807 1055 863 honoratior
1083 811 1205 873 est;
1254 823 1468 878 corpus
1524 811 1715 860 tamen
1775 821 1887 859 non
1946 808 2055 858 est.

324 950 331 957 ,
398 895 642 967 (Corpus
690 896 846 950 enim
897 894 1040 949 nihil
1074 895 1265 950 dill‘ert
1298 912 1331 949 a
1364 910 1626 966 corpore,
1659 910 1775 965 qua
1805 899 1895 946 est
1925 908 2057 946 cor-

402 984 883 1056 pus.)Maced.Nos
913 983 1477 1054 dicimus,Spiritum
1503 1000 1536 1038 a
1571 985 1680 1038 Deo
1713 999 1814 1053 per
1843 979 2056 1036 Filium

399 1088 529 1128 esse
560 1089 735 1127 suum
768 1072 1006 1127 habere.
1042 1070 1206 1129 Orzh.
1242 1075 1448 1126 Annon
1481 1077 1707 1139 cetera,
1740 1086 1869 1141 quae
1928 1076 2058 1123 eSse

399 1175 573 1217 suum
607 1179 641 1216 ει
675 1166 785 1216 Deo
818 1178 918 1231 per
945 1161 1157 1215 Filium
1192 1177 1305 1214 non
1338 1160 1857 1228 babent,creaturas
1888 1154 2057 1212 sunt?

399 1250 1218 1305 Maced.Sunt.0rth.Creatura
1247 1249 1427 1320 igitur
1455 1254 1544 1303 est
1568 1247 2052 1319 Spiritus.Maced.

399 1338 521 1393 Non
552 1355 689 1393 voco
721 1343 1069 1408 creaturam,
1104 1336 1585 1408 quandoquidem
1618 1337 1903 1407 scriptum
1938 1353 2053 1391 non

399 1431 507 1481 est.
543 1427 698 1482 Orth.
733 1427 848 1481 Nec
881 1429 1095 1482 factum
1130 1426 1324 1492 dicito,
1360 1424 1838 1496 quandoquidem
1899 1424 2055 1479 idem

399 1531 640 1585 prorsus
707 1515 1021 1588 signiﬁcat.
1093 1517 1305 1572 Macer].
1376 1515 1485 1569 Sed
1556 1514 1841 1586 scriptum
1908 1519 2053 1569 est:

399 1625 427 1653 ‹‹
482 1603 692 1659 Omnia
752 1622 852 1675 per
907 1606 1102 1676 ipsum
1164 1606 1315 1659 facta
1372 1609 1557 1658 sunt:
1598 1627 1616 1650 ι
1654 1603 2057 1675 scriptumque

400 1715 427 1742 ‹‹
460 1694 679 1748 Omnes
711 1694 861 1748 servi
890 1693 978 1749 tui
1009 1694 1051 1746 ⁸.
1092 1715 1120 1742 ››
1154 1693 1307 1749 Orlh.
1352 1693 1589 1746 Servum
1652 1691 1831 1763 igitur
1885 1708 2057 1747 vocas

399 1780 733 1851 Spiritum?
780 1781 977 1837 Maced.
1027 1780 1227 1836 Absit!
1265 1780 1422 1836 Orth.
1454 1780 1581 1834 Non
1612 1796 1749 1851 ergo
1780 1780 2058 1835 omnibus

399 1868 528 1924 istis
561 1874 1000 1924 annumeratur.
1031 1870 1229 1925 Maced.
1262 1868 1397 1923 Tria
1430 1868 1610 1940 igitur
1639 1885 1751 1923 non
1787 1869 1939 1923 facta
1968 1867 2056 1922 di-

399 1956 517 2012 cis!
552 1958 703 2013 Orth.
735 1960 842 2013 Sed
877 1975 1001 2029 quae
1036 1975 1141 2012 nec
1172 1974 1351 2013 causa
1412 1974 1516 2012 nec
1576 1963 1740 2028 patre
1797 1960 2053 2012 careant.

401 2045 518 2099 Etsi
580 2047 737 2101 enim
797 2047 1053 2118 Spiritus
1111 2048 1299 2101 factus
1360 2063 1474 2099 non
1508 2052 1616 2109 est,
1648 2062 1827 2101 causa
1858 2053 2055 2100 tamen

399 2134 646 2204 originis
677 2152 790 2190 non
819 2140 994 2191 caret.
1028 2135 1277 2189 Causam
1312 2136 1467 2189 enim
1502 2134 1679 2188 habet
1708 2135 1915 2202 Deum,
1956 2150 2056 2188 cu-

392 2224 493 2291 jus
552 2223 805 2293 Spiritus
835 2232 939 2279 est.
969 2225 1034 2278 Et
1066 2224 1199 2278 licet
1231 2224 1411 2278 Filius
1446 2224 1633 2278 factus
1664 2240 1779 2277 non
1810 2223 1906 2283 sit.
1943 2238 2056 2277 non

400 2317 595 2365 tamen
656 2318 745 2366 est
785 2313 911 2368 sine
944 2317 1113 2367 Patre
1143 2330 1155 2368 :
1192 2313 1365 2367 habet
1397 2312 1553 2366 enim
1590 2312 1816 2365 Patrem
1850 2310 2055 2381 Deum,

401 2416 467 2453 ex
501 2417 615 2469 quo
649 2409 706 2455 et
736 2403 969 2471 genitus
1001 2407 1109 2455 est.
1135 2401 1307 2455 Pater
1337 2418 1467 2455 vero
1498 2406 1555 2455 et
1586 2416 1697 2454 non
1732 2402 1917 2454 factus
1949 2408 2056 2466 est,

399 2493 456 2541 et
485 2504 588 2542 nec
619 2506 878 2559 causam,
914 2506 1019 2545 nec
1048 2490 1276 2544 Patrem
1317 2489 1515 2544 habet.
1551 2488 1762 2543 Maccd.
1796 2488 1920 2543 Non
1956 2485 2060 2558 igi-

400 2580 497 2629 tur
529 2577 714 2632 factus
744 2584 833 2632 est
863 2578 1119 2649 Spiritus
1172 2594 1273 2649 per
1332 2576 1590 2631 Filium?
1645 2577 1797 2633 Orth.
1858 2576 2053 2631 Absit!

401 2663 702 2725 Quomodo
757 2666 911 2720 enim
971 2666 1141 2720 Pater
1190 2665 1355 2719 illum
1384 2681 1566 2735 super
1599 2666 1809 2720 Filium
1845 2680 2057 2736 ponere

404 2750 564 2820 dicit,
599 2752 646 2806 si
698 2770 795 2824 per
856 2755 1048 2825 ipsum
1110 2753 1315 2809 Filium
1376 2754 1631 2825 Spiritus
1682 2755 1870 2808 factus
1925 2752 2056 2809 est?

403 2839 603 2895 .‘llaced.
641 2841 743 2896 Ubi
774 2842 1059 2914 scriptum
1092 2849 1199 2909 est,
1236 2842 1461 2897 Patrem
1496 2859 1673 2912 super
1701 2842 1912 2897 Filium
1956 2859 2056 2913 po-

404 2944 540 2983 nere
593 2930 917 3000 Spiritum?
972 2930 1123 2987 Orth.
1191 2955 1210 2980 α
1248 2931 1389 2985 Ecce
1422 2948 1565 3000 puer
1586 2947 1753 2985 meus
1785 2931 2054 2997 dilectus,

402 3016 459 3069 in
495 3034 667 3089 quem
702 3019 1057 3090 complacuit
1085 3019 1196 3075 sibi
1229 3020 1428 3074 anima
1461 3036 1831 3090 meazponam
1880 3036 2059 3090 super

402 3122 534 3160 eum
596 3107 878 3179 Spiritum
941 3125 1133 3162 meum
1189 3108 1231 3162 ⁷.
1267 3130 1294 3157 ››
1325 3108 1535 3163 Maced.
1569 3109 1694 3163 Non
1729 3108 1885 3163 hunc
1917 3110 2058 3163 dicit

402 3193 705 3265 Spiritum.
738 3197 884 3252 Orth.
920 3202 1090 3252 Estne
1118 3214 1251 3252 vero
1304 3197 1457 3251 alius
1516 3197 1702 3253 Patris
1759 3197 2056 3269 Spiritus?

2087 1912 2135 1976 B

2169 626 2270 696 μὸς
2298 631 2404 680 τῶν
2440 624 2626 682 ἄλλων
2662 626 2844 701 μελῶν
2875 633 2974 684 τοῦ
3004 630 3258 702 σώματος
3288 631 3605 707 τιμιώτερός
3636 632 3784 703 ἐστιν,

2164 711 2200 787 ᾖ
2250 712 2533 791 ὀφθαλμός
2609 715 2773 772 ἐστιν·
2844 714 2971 772 ἀλλ’
3019 717 3149 793 οὐχὶ
3206 717 3364 791 σῶμά
3420 719 3547 774 ἐστι.
3605 720 3788 779 Μακεδ.

2165 803 2358 874 Ἡμεῖς
2386 801 2644 879 λέγοαεν,
2676 805 2761 860 ὅτι
2791 805 2851 861 ἐκ
2875 810 2973 861 τοῦ
3000 810 3134 861 Θεοῦ
3166 803 3256 860 διὰ
3295 811 3393 860 τοῦ
3424 808 3547 862 Υἰοῦ
3592 806 3699 883 ἔχει
3736 810 3792 864 τὸ

2167 892 2316 948 εἶναι.
2370 894 2519 969 Ὀρθ.
2556 896 2631 949 Τὰ
2675 897 2775 971 γὰρ
2826 891 2989 964 ἄλλα,
3042 894 3141 949 οὐκ
3189 893 3247 949 ἐκ
3287 900 3385 950 τοῦ
3434 901 3564 951 Θεοῦ
3594 894 3687 965 διὰ,
3707 902 3793 952 τοῦ

2166 981 2294 1035 Υἱοῦ
2353 979 2552 1056 ἔχοντα
2595 984 2657 1037 τὸ
2724 983 2878 1053 εἶναι,
2924 982 3192 1056 κτίσματα
3235 983 3382 1055 sict;
3440 982 3635 1041 Μακεδ.
3684 986 3791 1044 Ναί.

2167 1070 2315 1145 Ὀρθ.
2381 1070 2587 1144 Κτίσμα
2644 1069 2745 1148 ἄρα
2790 1072 2882 1126 καὶ
2928 1072 2993 1127 τὸ
3042 1077 3280 1145 Πνεῦμα.
3326 1071 3528 1129 Μακεδ.
3561 1073 3635 1131 Οὐ
3665 1071 3794 1150 λέγω

2166 1158 2387 1231 κτίσμα,
2468 1157 2656 1229 ἐπειδή
2735 1160 2797 1215 οὐ
2866 1161 3187 1236 γέγραπται.
3241 1163 3390 1233 Ὀρθ.
3452 1163 3539 1230 Μὴ
3594 1163 3791 1237 γενητὸν

2166 1246 2311 1323 λέγε,
2346 1245 2532 1317 ἐπειδὴ
2567 1248 2627 1303 ἐκ
2656 1247 3026 1322 παραλλήλου
3056 1249 3187 1304 αὐτὸ
3236 1250 3636 1323 σημαινόμενον
3668 1250 3783 1309 ἐστι.

2164 1333 2367 1393 Μακεδ.
2429 1335 2625 1405 Ἀλλὰ,
2675 1362 2703 1388 ‹‹
2760 1339 2939 1394 Πάντα
2989 1335 3059 1392 δι’
3106 1338 3272 1392 αὐτοῦ
3302 1337 3533 1413 ἐγένετο,
3565 1363 3591 1390 ››
3623 1340 3788 1414 γέγρα-

2163 1444 2311 1478 πται·
2375 1426 2485 1497 καὶ,
2540 1450 2567 1477 (ι
2618 1426 2691 1480 Τὰ
2740 1425 3025 1498 σύμπαντα
3075 1423 3247 1481 δοῦλα
3295 1427 3384 1497 σὰ,
3439 1453 3466 1477 η
3497 1428 3794 1503 γέγραπται.

2162 1517 2313 1588 Ὀρθ.
2348 1513 2552 1569 Δοῦλον
2584 1513 2674 1569 οὖν
2708 1514 2888 1589 λέγεις
2918 1516 2981 1570 τὸ
3012 1519 3274 1588 Πνεῦμας
3326 1514 3533 1572 Μακεδ.
3593 1518 3676 1585 Μὴ
3722 1517 3801 1591 γέ-

2164 1604 2351 1658 νοιτοῐ
2406 1604 2551 1677 Ὀρθ.
2614 1602 2730 1661 Οὐκ
2772 1600 2874 1679 ἄρα
2925 1605 3061 1676 μετὰ
3097 1608 3204 1658 τῶν
3238 1604 3454 1659 πάντων
3482 1610 3804 1681 συναριθμεῖο

2162 1711 2274 1748 ται.
2307 1688 2509 1748 Μακεδ.
2541 1691 2673 1768 Τρία
2702 1690 2794 1745 οῦν
2829 1692 3061 1767 ἀγένητα
3089 1689 3269 1767 λέγεις
3297 1712 3311 1762 ;
3345 1693 3495 1768 Ὀρθ.
3544 1692 3690 1750 Ἀλλ’
3717 1692 3806 1747 οὐκ

2167 1778 2396 1848 ἀναίτια,
2432 1778 2554 1835 οὔτε
2587 1782 2662 1853 μὴ
2693 1782 2835 1854 (17¹)
2879 1780 3142 1857 ἀπάτορα.
3190 1781 3288 1835 Καὶ
3339 1782 3447 1858 γὰρ
3480 1780 3530 1837 εἴ
3559 1782 3802 1857 ἀγένητον

2164 1868 2228 1921 τὸ
2286 1869 2526 1941 Πνεῦμα,
2579 1868 2700 1925 ἀλλ’
2747 1869 2848 1924 οὐκ
2898 1867 3158 1924 ἀναίτιόν⁸
3212 1868 3330 1946 ἔχει
3384 1872 3488 1945 γὰρ
3531 1868 3695 1925 α’ίτιον
3723 1872 3802 1925 τὸν

2166 1956 2319 2024 Θεὸν,
2372 1955 2434 2010 οῦ
2485 1956 2707 2030 Πνεῦμά
2756 1957 2888 2013 ἐστι.
2949 1956 3053 2012 Κᾶν
3106 1957 3367 2034 ἀγένητος
3418 1961 3447 2013 6
3496 1959 3637 2025 Υἱὸς,
3693 1956 3805 2013 ἀλλ’

2166 2044 2271 2098 οὐκ
2299 2045 2543 2121 ἀπάτωρ.
2603 2044 2720 2122 ἔχει
2762 2048 2866 2122 γὰρ
2920 2048 3133 2121 Πατέρα
3188 2047 3279 2102 τὸν
3331 2047 3487 2116 Θεὸν,
3540 2046 3590 2118 ἐξ
3641 2046 3807 2102 οὔκαὶ

2167 2132 2506 2207 γεγέννηται.
2567 2135 2627 2191 Ὀ
2676 2132 2733 2189 δὲ
2786 2136 2970 2210 Πατὴρ
3020 2135 3110 2190 καὶ
3155 2135 3422 2211 ἀγένητος
3467 2136 3557 2191 καὶ
3587 2136 3808 2197 ἀναίτιος

2166 2221 2255 2275 καὶ
2288 2220 2530 2293 ἀπάτωρ.
2584 2221 2785 2279 Μακεδ.
2833 2223 2947 2280 Οὐκ
2992 2222 3205 2298 ἐγένετο
3239 2224 3330 2279 οὗν
3366 2225 3430 2279 τὸ
3462 2229 3682 2298 Πνεῦμα
3732 2221 3812 2279 διὰ

2164 2315 2261 2364 τοῦ
2293 2312 2459 2380 Υἱοῦ;
2495 2312 2643 2387 Ὀρθ.
2678 2313 2765 2380 Μὴ
2799 2311 3048 2387 γένοιτοῑ
3086 2314 3212 2375 Πῶς
3262 2312 3364 2388 γὰρ
3415 2314 3444 2367 6
3492 2315 3678 2389 Πατὴρ
3735 2312 3812 2369 λέ-

2165 2421 2249 2473 γει
2279 2401 2481 2454 τιθέναι
2532 2400 2661 2455 αὐτὸ
2719 2401 2805 2455 ἐπὶ
2853 2402 2944 2456 τὸν
2995 2400 3142 2470 Υἱόν,
3195 2399 3345 2477 εἶ’περ
3403 2399 3475 2456 δι’
3519 2402 3679 2457 αὐτοῦ
3710 2401 3810 2478 ἐγέ-

2165 2509 2324 2558 νετο;
2380 2486 2580 2546 Μακεδ.
2644 2490 2758 2546 Ποῦ
2810 2491 3130 2566 γέγραπται,
3191 2489 3273 2546 ὅτι
3320 2491 3348 2545 6
3387 2492 3575 2563 Πατὴρ
3613 2490 3697 2546 ἐπὶ
3726 2491 3809 2545 τὸν

2166 2575 2289 2630 Υἱὸν
2321 2576 2502 2646 τίθησι
2552 2579 2614 2633 τὸ
2648 2583 2903 2651 Πνεῦμα;
2935 2582 3086 2655 Ὀρθ.
3140 2603 3167 2634 ι
3197 2576 3338 2636 Ἰδοὺ
3371 2580 3400 2634 6
3460 2582 3599 2641 Παῖς
3641 2600 3739 2652 μου
3785 2579 3811 2632 6

2165 2665 2459 2741 ἀγαπητὸς,
2524 2667 2601 2728 εἰς
2652 2667 2711 2721 ’ὀν
2772 2664 3059 2737 εὐδόκησεν
3109 2670 3143 2737 ἡ
3194 2669 3347 2742 ψυχή
3407 2689 3532 2740 μου’
3587 2670 3732 2737 θήσω
3754 2669 3810 2721 τὸ

2170 2754 2391 2826 Πνεῦμά
2441 2776 2545 2826 μου
2597 2756 2678 2810 ἐπ’
2723 2755 2902 2810 αὐτόν.
2965 2782 2983 2805 ο
3022 2753 3225 2811 Μακεδ.
3258 2755 3337 2813 Οὐ
3365 2761 3530 2811 τοῦτο
3563 2755 3709 2830 λέγει
3753 2756 3810 2810 τὸ

2168 2846 2408 2915 Πνεῦμα.
2457 2845 2603 2919 Ὀρθ.
2656 2850 2805 2899 Ἔστι
2857 2845 2959 2919 γὰρ
3009 2843 3152 2899 ἄλλο
3184 2847 3405 2918 Πνεῦμα
3432 2850 3531 2901 τοῦ
3563 2844 3809 2919 Πατρόςῑ

2166 2928 2365 2987 Mam-:6.
2430 2932 2525 2985 Καὶ
2582 2931 2739 2994 αὐτὸς
2795 2933 2823 2986 6
2886 2934 3075 3007 Πατὴρ
3127 2932 3349 3006 Πνεῦμά
3398 2933 3531 2990 ἐστι·
3576 2935 3663 2989 καὶ
3694 2933 3806 2988 ὅταν

2166 3016 2332 3094 λέγει,
2369 3043 2397 3072 ι(
2429 3023 2590 3089 Θήσω
2619 3022 2681 3075 τὸ
2740 3020 2963 3093 Πνεῦμά
3016 3042 3120 3094 μου
3164 3020 3247 3076 ἐπ’
3299 3021 3484 3092 αὐτὸν,
3536 3021 3809 3094 »δύναμιν

2165 3107 2329 3162 αὐτοῦ
2362 3107 2526 3185 λέγει.
2564 3110 2701 3184 Ὀρθ.
2736 3110 2899 3167 ’Ὀταιν
2934 3108 3025 3163 οὗν
3060 3108 3230 3185 λέγει,
3265 3134 3294 3162 ιι
3327 3112 3443 3188 Ἐφ’
3485 3111 3543 3167 δν
3592 3111 3649 3166 ἂν
3702 3109 3809 3185 ίδῃς

2164 3197 2227 3251 τὸ
2287 3202 2509 3270 Πνεῦμα
2556 3192 2879 3253 καταϐαῖνον
2930 3199 3019 3253 καὶ
3078 3197 3236 3270 μένον
3289 3198 3373 3254 ἐπ’
3426 3200 3608 3270 αὐτὸν,
3644 3224 3672 3252 ››
3719 3200 3811 3268 τήν

400 3284 600 3340 Maced.
637 3284 805 3340 Pater
834 3285 959 3357 ipse
989 3285 1237 3357 Spiritus
1269 3291 1379 3353 est,
1413 3291 1470 3340 et
1501 3286 1733 3356 quando
1768 3285 1866 3352 ait,
1901 3291 2050 3342 «Po-

2168 3281 2394 3358 ὃύναμιν
2454 3285 2618 3340 αὐτοῦ
2676 3285 2866 3361 λέγει;
2925 3283 3131 3344 Μακεδ.
3188 3283 3324 3353 Οὔκ,
3387 3285 3515 3342 ἀλλ’
3563 3287 3690 3343 αὐτὸ
3752 3287 3811 3341 τὸ

403 3389 538 3427 nam
572 3372 859 3444 Spiritum
895 3391 1088 3429 meum
1122 3391 1301 3446 super
1331 3391 1488 3443 eum,
1516 3396 1543 3423 ››
1576 3374 1851 3429 virtutem
1884 3392 2052 3430 suam

402 3460 696 3533 intelligit.
733 3462 885 3518 Orlh.
919 3464 1062 3518 Cum
1095 3478 1232 3534 ergo
1263 3462 1423 3528 dicit,
1459 3485 1486 3512 «
1519 3463 1707 3533 Super
1737 3479 1910 3534 quem
1956 3465 2055 3519 de-

403 3550 778 3605 scendentem
838 3556 896 3606 et
956 3557 1287 3606 manentem
1340 3550 1492 3606 488
1525 3551 1741 3605 videris
1770 3552 2053 3623 Spiritum

407 3655 583 3709 super
611 3654 745 3694 eum
775 3640 818 3707 ⁸,
853 3662 879 3688 ››
910 3640 1185 3695 virtutem
1218 3641 1405 3710 ipsius
1436 3639 1618 3694 dicit?
1649 3627 1844 3696 Macati.
1905 3641 2054 3706 Non,

385 3729 508 3781 .sed
542 3728 823 3799 Spiritum
854 3728 1051 3800 ipsum
1084 3728 1442 3800 paracletum
1473 3728 1634 3783 dicit.
1670 3727 1913 3784 0r!h.De
1942 3728 2056 3784 alio

405 3815 583 3885 igitur
613 3818 903 3888 praphetaa
934 3816 1165 3873 locutus
1192 3823 1303 3887 est,
1335 3833 1507 3888 quem
1542 3833 1721 3887 super
1764 3833 1896 3872 eum
1960 3835 2056 3890 po-

402 3906 627 3962 siturus
655 3907 906 3975 esset,de
936 3905 1049 3963 alio
1079 3906 1309 3962 Joanni.
1335 3905 1542 3962 Maced.
1563 3907 1743 3970 Quem
1774 3907 1844 3961 ad
1877 3907 2054 3963 Joan-

402 4012 533 4050 nem
565 3994 714 4049 dixit
743 4012 807 4050 se
835 3995 1164 4067 positurum
1198 4011 1377 4066 super
1417 4010 1575 4059 eum,
1636 3995 1686 4050 is
1742 3999 1831 4050 est
1880 3996 2054 4050 Para-

398 4083 584 4139 cletus
618 4101 632 4140 :
667 4085 716 4139 is
776 4100 909 4139 vero
952 4084 1023 4138 de
1052 4100 1169 4155 quo
1200 4084 1267 4137 ad
1303 4082 1646 4154 prophetam
1680 4083 1910 4139 locutus
1940 4090 2052 4153 est,

397 4190 566 4229 suam
600 4173 788 4245 ipsius
818 4172 1094 4229 virtutem
1127 4171 1289 4226 dicit.
1324 4171 1477 4227 Orth.
1513 4171 1747 4227 Duosne
1801 4172 2053 4243 Spiritus

395 4262 573 4318 habet
628 4262 824 4318 Deus?
858 4261 1066 4319 Maced.
1104 4266 1254 4337 Deus
1282 4260 1408 4333 ipse
1433 4261 1687 4333 Spiritus
1714 4265 1823 4317 est.
1856 4262 1967 4317 Sed
1995 4266 2055 4317 et

394 4352 580 4406 virtus
611 4350 739 4423 ejus
766 4350 1022 4422 Spiritus
1051 4350 1284 4404 dicitur.
1319 4349 1471 4405 Orth.
1526 4349 1727 4404 Virtus
1786 4349 1905 4405 hzec
1963 4355 2054 4407 est

392 4440 645 4511 Spiritus
701 4439 1054 4494 subsistens.
1114 4439 1315 4494 Maced.
1350 4438 1472 4493 Non
1506 4438 1773 4510 intelligo
1804 4439 1943 4510 quid
1974 4440 2055 4494 sit

395 4527 1084 4585 subsistenszvirtutem
1148 4544 1314 4582 suam
1371 4544 1434 4583 sc
1491 4528 1822 4599 positurum
1884 4527 2050 4582 dixit.

2164 3378 2385 3447 Πνεῦμα
2430 3374 2522 3428 τὸν
2572 3374 2934 3449 Παράκλητον
2966 3373 3137 3450 λέγει.
3171 3375 3318 3451 Ὀρθ.
3369 3374 3551 3432 Ἀλλο
3583 3376 3673 3431 οὖν
3702 3375 3809 3431 εἶπε

2163 3466 2241 3533 τῷ
2272 3465 2528 3541 προερήτῃ
2556 3465 2754 3517 τιθέναι
2785 3462 2868 3518 ἐπ’
2898 3462 3080 3535 αὐτὸν,
3126 3462 3215 3517 καὶ
3269 3460 3412 3519 ἄλλο
3455 3470 3535 3536 τῷ
3579 3466 3804 3539 Ἰωάννῃ.

2165 3547 2365 3607 Μακεδ.
2418 3552 2489 3607 "0
2539 3550 2654 3606 εἶπε
2699 3556 2779 3624 τῷ
2826 3552 3049 3626 Ἰωάννῃ
3093 3550 3296 3606 τιθέναι
3342 3551 3427 3607 ἐπ’
3456 3552 3637 3623 αὐτὸν,
3672 3551 3805 3608 ἔστιν

2166 3640 2193 3693 6
2228 3638 2606 3715 Παράκλητος·
2669 3640 2699 3694 6'
2729 3637 2787 3694 δὲ
2835 3640 2952 3696 εἶπε
2994 3638 3084 3695 διὰ
3130 3645 3225 3695 τοῦ
3257 3644 3565 3719 προφήτου,
3594 3644 3693 3710 τήν
3718 3640 3804 3697 δύ-

2162 3748 2324 3800 ναμιν
2372 3731 2470 3796 τὴν
2518 3727 2708 3784 ἐαυτοῦ
2757 3726 2922 3805 λέγει.
2965 3731 3116 3801 Ὀρθ.
3167 3729 3271 3785 Δύο
3314 3730 3610 3804 ΙΙνεύματα
3637 3751 3751 3808 εχει
3778 3730 3804 3784 6

2164 3815 2333 3885 Gcéc;
2385 3813 2586 3873 Μακεδ.
2633 3816 2813 3879 Αὐτὸς
2860 3819 2889 3872 ὁ
2920 3820 3049 3880 Θεὸς
3095 3820 3316 3892 Πνεῦμά
3344 3818 3477 3874 ἐστι·
3513 3820 3721 3897 λέγεται
3751 3816 3805 3874 δὲ

2162 3904 2252 3960 καὶ
2283 3907 2317 3974 ἡ
2355 3902 2584 3978 δύναμις
2614 3907 2784 3961 αὑτοῦ
2816 3911 3062 3979 Πνεῦμα.
3097 3908 3250 3982 Ὀρθ.
3299 3908 3361 3964 Ἣ
3411 3904 3642 3981 δύναμις
3681 3907 3808 3977 αὕτη

2163 3996 2388 4067 Πνεῦμα
2434 3993 2813 4051 ἐνυπόστατον.
2866 3992 3073 4052 Μακεδ.
3132 3995 3526 4053 Ἐνυπόστατον
3572 3997 3623 4051 τί
3652 3995 3809 4067 έστιν,

2162 4081 2224 4137 οὐ
2267 4087 2397 4138 νοῶο
2446 4083 2546 4151 τὴν
2598 4081 2824 4156 δύναμιν
2878 4081 3041 4138 αὐτοῦ
3092 4086 3208 4138 εἷπε
3253 4085 3475 4143 τιθέναι.
3531 4087 3671 4162 Ὀρθ.
3701 4085 3811 4153 Τὴν

2163 4169 2390 4245 δύναμιν
2451 4170 2637 4241 αὐτοῦ,
2697 4172 2759 4241 ἣν
2815 4171 2932 4227 εἶπε
2979 4173 3207 4243 τιθέναι,
3260 4172 3618 4237 ἐνυπόστατός
3650 4173 3804 4229 ἐστιν.

2162 4258 2364 4318 Montes.
2424 4259 2568 4318 Αὗτό
2620 4259 2761 4315 ἐστιν
2809 4261 2838 4315 6
2885 4260 3038 4324 Θεός.
3074 4262 3224 4336 Ὀρθ.
3274 4262 3532 4339 Καίτοιγε
3578 4263 3803 4340 εἴρηκὼς

2160 4348 2240 4422 τῷ
2294 4348 2537 4423 Ἰωάννην
2597 4374 2624 4401 ‹‹
2677 4350 2793 4423 Ἐφ’
2841 4348 2900 4404 ὅν
2950 4347 3072 4425 ἴδῃς
3126 4350 3189 4405 τὸ
3240 4353 3465 4424 Πνεῦμα
3492 4346 3805 4407 καταϐαῖνον

2162 4438 2290 4492 ὡσεὶ
2348 4437 2695 4513 περιστερὰν,Ι
2747 4438 2836 4493 καὶ
2901 4440 3059 4510 μένον
3118 4438 3200 4494 ἐπ’
3249 4438 3429 4494 αὐτόν·
3494 4466 3523 4493 »ι
3580 4441 3668 4496 καὶ
3713 4441 3804 4494 τοῦ

2163 4526 2413 4580 Ἰωάννου
2463 4524 2814 4597 θεασαμένου,
2877 4525 3116 4604 ἐπήγαγε
3170 4529 3270 4596 τήν
3329 4527 3478 4603 παρὰ
3533 4533 3611 4601 τῷ
3675 4547 3806 4602 προ-

396 4618 560 4673 ΟνιΙι.
617 4617 816 4672 Virtus
846 4617 995 4687 ejus,
1032 4634 1209 4687 quam
1242 4633 1304 4672 se
1333 4618 1665 4688 positurum
1698 4602 1864 4685 dixit,
1895 4616 1955 4669 in
1988 4631 2052 4671 se

2163 4614 2305 4690 φήτῃ
2363 4614 2772 4703 σημαινομένην
2835 4602 3128 4703 φωνήνία
3177 4615 3350 4678 Οὗτός
3409 4602 3551 4672 έστιν
3610 4617 3638 4671 6
3693 4613 3803 4674 Υἱός

393 4706 682 4762 subsistit.
715 4705 915 4761 Maced.
956 4707 1104 4761 Deus
1136 4706 1260 4777 ipse
1291 4711 1402 4760 est.
1439 4705 1591 4761 Orth.
1661 4703 1856 4774 Atqui,
1916 4720 2051 4760 cum

389 4795 605 4851 Joanni
663 4794 911 4850 dixisset
957 4811 970 4849 :
1025 4817 1053 4844 «
1089 4795 1279 4866 Super
1306 4810 1482 4865 quem
1513 4791 1729 4847 videris
1759 4792 2046 4863 Spiritum

392 4884 863 4948 descendentem,
895 4881 1052 4938 velut
1083 4882 1438 4950 columbam,
1471 4886 1530 4936 et
1560 4885 1893 4937 manentem
1946 4899 2046 4937 su-

392 4990 491 5046 per
545 4990 680 5029 eum
729 4973 769 5038 9,
806 4995 833 5023 ››
867 4988 1121 5043 eumque
1152 4972 1409 5027 Joannes
1440 4986 1575 5025 cum
1608 4969 1868 5035 vidisset,
1901 4971 2046 5026 sub-

379 5063 578 5133 junxit
608 5079 639 5116 a
672 5060 956 5134 propheta
986 5061 1376 5133 signiﬁcatam
1426 5074 1626 5114 vocem
1661 5077 1673 5114 :
1714 5082 1733 5107 ι
1800 5058 1901 5114 Hic
1957 5065 2048 5116 est

2165 4722 2269 4774 μου
2301 4703 2329 4757 6
2378 4702 2673 4778 ἀγαπητὸς,
2722 4703 2798 4765 εἱς
2857 4704 2915 4758 ’ὀν
2972 4701 3260 4774 εὐδόκησεν
3319 4708 3354 4774 ἡ
3407 4708 3563 4782 ψυχή
3624 4725 3743 4777 μου.
3778 4725 3804 4753 n

2156 4791 2335 4862 Ὁρᾷς,
2368 4789 2450 4846 ὅτι
2481 4791 2537 4845 αἱ
2566 4790 2721 4845 αὐταὶ
2765 4792 2933 4869 φωναὶ
2985 4799 3211 4848 κεῖνται’
3240 4791 3334 4848 ’ίνα
3395 4795 3472 4868 μὴ
3534 4792 3672 4849 ἄλλο
3722 4788 3805 4845 διὰ

2157 4884 2254 4933 τοῦ
2282 4881 2567 4954 προφήτου
2607 4882 2852 4953 Πνεῦμα,
2885 4881 2975 4934 καὶ
3021 4879 3163 4937 ἄλλο
3212 4887 3291 4953 τῷ
3322 4882 3546 4958 Ἰωάννῃ
3590 4879 3802 4957 εἰρημέ-

2156 4989 2246 5023 νον
2299 4971 2621 5041 νοήσωμεν;
2656 4968 2881 5024 Ἔπειτά
2933 4968 3070 5041 μάθε
3118 4968 3207 5025 καί
3238 4970 3384 5047 παρὰ
3415 4976 3496 5043 τῷ
3527 4974 3724 5039 Λουκᾷ,
3750 4964 3799 5021 τί

2156 5057 2478 5135 γέγραπται.
2509 5060 2656 5126 "Ott,
2691 5058 3047 5120 κατελθόντος
3084 5063 3186 5114 τοῦ
3214 5059 3538 5133 ῙΙνεύματος
3569 5058 3656 5115 καὶ
3687 5053 3793 5129 μεί-

386 5150 567 5206 Filius
626 5166 794 5206 meus
841 5148 1117 5218 dilectus,
1178 5149 1235 5202 in
1297 5163 1471 5219 quem
1528 5145 1640 5202 sibi
1690 5146 2047 5218 complacuit

2163 5168 2345 5209 ναντος
2398 5146 2480 5202 ἐπ’
2528 5146 2713 5218 αὐτὸν,
2761 5147 2850 5202 καὶ
2897 5154 2995 5216 τῆς
3051 5154 3237 5225 φωνῆς
3287 5144 3610 5225 λεγομένης,
3640 5145 3785 5218 λέγει·

384 5240 580 5295 anima
638 5255 788 5294 mea.
852 5260 878 5285 »
938 5238 1133 5307 Vides,
1187 5237 1493 5292 uteaedem
1531 5235 1844 5306 utrobique
1873 5253 2044 5293 voces

386 5335 677 5400 ponantur
709 5346 722 5383 :
759 5345 830 5383 ne
861 5325 1400 5399 cogitemus,alium
1433 5324 1719 5397 Spiritum
1756 5341 1858 5395 per
1906 5342 2039 5397 pro-

2161 5257 2181 5283 ε
2232 5238 2443 5306 Ἰησοῦς
2497 5231 2575 5299 δὲ,
2621 5234 2932 5308 Πνεύματος
2979 5235 3139 5310 ἁγίου
3186 5234 3431 5311 πλήρης,
3484 5232 3787 5310 ὑπέστρεψεν

2154 5324 2260 5378 ἀπὸ
2288 5329 2387 5378 τοῦ
2420 5321 2716 5398 Ἰορδάνου,
2748 5323 2838 5378 καὶ
2868 5322 3037 5398 ἤγετο
3068 5323 3119 5379 έν
3151 5325 3231 5397 τῷ
3282 5324 3559 5399 Πνεύματι
3592 5323 3665 5384 εἰς
3703 5319 3792 5387 τὴν

385 5416 640 5488 phetam,
701 5416 884 5471 alium
940 5414 1149 5471 Joanni
1210 5415 1393 5469 fuisse
1443 5413 1688 5468 dictum.
1727 5413 1942 5468 Deinde
1972 5431 2042 5470 ex

2163 5411 2357 5488 ἔρημτν
2407 5419 2764 5489 πειρασθῆναι
2820 5413 2922 5468 ὑπὸ
2967 5417 3065 5468 τοῦ
3097 5409 3383 5471 διαϐόλου.
3421 5439 3448 5466 ››
3478 5411 3677 5468 Μακεδ.
3733 5407 3798 5462 Τὸ

382 5509 535 5560 Luca
566 5504 727 5560 disce
757 5506 910 5575 quod
944 5504 1228 5574 scriptum
1264 5508 1373 5558 est.
1435 5503 1822 5574 Posteaquam
1879 5503 2034 5557 enim

450 5620 473 5655 ⁸
499 5619 670 5675 Joan.
702 5637 743 5687 ι,
775 5620 829 5674 3.
905 5627 925 5661 ἰ
956 5620 1065 5674 iss.
1096 5635 1231 5685 xm,
1268 5619 1317 5673 1.
1397 5627 1417 5661 8
1443 5620 1613 5675 Joan.
1648 5633 1689 5689 ι,
1715 5616 1804 5672 33.
1881 5617 1903 5653 ⁹
1933 5617 2083 5675 Ibid.

452 5717 592 5787 (17')
620 5717 768 5787 Lege
800 5714 931 5787 μήν,
965 5721 1030 5771 ut
1058 5715 1166 5772 col.
1203 5715 1360 5771 1332.
1394 5716 1552 5770 Enrr.

2152 5502 2376 5575 Πνεῦμα
2432 5498 2524 5556 οῦν
2570 5501 2638 5557 τὸ
2687 5501 2837 5578 ἅγιον
2882 5500 3177 5580 πλήρωσίς
3229 5502 3339 5558 ἐστι
3388 5506 3486 5558 τοῦ
3535 5498 3799 5578 Χριστοῦ;
