4104 6374
371 398 398 458 1
409 400 523 460 329

1411 397 1719 457 CONTRA
1770 396 2165 455 MACEDON.
2215 396 2608 458 DIALOGUS
2653 398 2730 457 II.

3629 395 3788 454 1330

369 529 515 600 Ὀρθ.
548 528 604 578 '0
637 523 1030 599 εὐαγγελιστής
1072 525 1238 600 λέγει,
1272 524 1356 579 ὅτι
1416 527 1619 589 Ἰησοῦς
1668 525 1733 592 ἦν
1793 523 2012 598 πλήρης

2131 526 2386 595 Spiritus
2417 528 2717 581 descendit
2746 533 2802 580 et
2835 527 3054 581 mansit
3077 543 3254 597 super
3285 541 3441 594 eum,
3477 529 3533 579 et
3555 542 3662 579 vox
3693 542 3786 580 su-

369 615 679 687 11νεύματος
765 615 939 688 ἁγίου.
1018 611 1218 670 Μακεδ.
1301 619 1496 682 Μεῖζον
1574 614 1663 667 οῦν
1743 612 1890 687 λέγει
1954 614 2016 666 τὸ

372 709 588 774 Πνεῦμα
645 707 742 756 τοῦ
800 703 955 758 Υἶοῦ.
1023 704 1174 777 Ὁρθ.
1239 704 1330 770 Μή
1367 703 1626 776 γὲνοιτοί
1690 699 1890 758 Μακεδ.
1955 701 2015 754 Εἰ

365 792 681 864 ἐπλήρωσεν
739 791 868 845 αὐτὸ
925 792 1014 845 τὸν
1075 791 1219 855 Υἱὸν,
1282 790 1330 844 εἷ’
1366 790 1415 844 ἐν
1448 791 1526 862 τῷ
1563 790 1830 861 [Ινεύματι
1890 790 2013 864 ἁγε-

365 903 473 947 ται,
530 886 715 952 μεῖζον
773 879 933 933 αὐτοῦ
974 879 1132 934 ἐστιν.
1193 881 1341 950 Ὀρθ.
1407 881 1501 933 Καὶ
1530 878 1693 934 πάλιν
1732 879 1901 952 λέγω,
1938 881 2012 951 μὴ

365 969 578 1043 γένοιό
607 973 768 1022 τοῦτο
816 967 980 1022 εἶ’πεῖν
1010 969 1020 1022 !
1061 967 1186 1023 ἀλλ’
1240 968 1421 1042 ὥσπερ
1449 967 1536 1022 ἐὰν
1569 967 1820 1040 ἀκούσῃς,
1871 967 1952 1021 ὅτι
1986 969 2014 1021 6

363 1059 485 1120 Υἱὸς
546 1058 605 1111 ἐκ
665 1055 850 1126 δεξιῶν
912 1058 1140 1125 κάθηται
1197 1062 1294 1111 τοῦ
1360 1058 1594 1131 Πατρὸς,
1670 1055 1793 1110 οὔτε
1847 1055 2012 1110 τόπον

360 1153 504 1208 νοεῖς
562 1145 649 1200 ἐπὶ
699 1147 850 1213 Θεὸν,
905 1145 1028 1199 οὕτε
1084 1144 1306 1217 μείζονα
1351 1148 1442 1201 τὸν
1478 1147 1598 1199 Υἱὸν
1630 1148 1765 1219 ἡγῇ,
1800 1143 1926 1199 ἀλλ’
1959 1145 2017 1199 ἐκ

359 1241 460 1304 τῆς
522 1228 976 1305 ὑπερϐαλλούσης
1035 1240 1202 1304 τιμῆς
1256 1235 1319 1288 τὸ
1395 1233 1587 1287 ταυτὸν
1645 1240 1746 1301 τῆς
1807 1231 2015 1309 φύσεως

361 1328 525 1384 νοεῖς·
589 1322 782 1392 οὕτως,
842 1320 928 1375 ἐὰν
989 1321 1245 1394 ἀκούσῃς,
1304 1321 1386 1376 ὅτι
1447 1323 1474 1375 6
1533 1319 1743 1390 Ἰησοῦς
1794 1319 2015 1390 πλήρης

365 1411 675 1482 Πνεύματος
728 1409 904 1484 ἁγίου,
961 1410 1038 1481 μὴ
1090 1408 1388 1483 ἐλλείψεως
1434 1409 1722 1484 πλήρωσιν
1761 1409 2013 1482 νομίσῃς,

373 1502 505 1571 μήτε
567 1503 750 1570 μεῖζον
801 1497 864 1551 τὸ
920 1502 1140 1570 Πνεῦμα
1364 1497 1490 1553 ἀλλ’
1520 1497 1578 1552 ἐκ
1606 1505 1703 1566 τῆς
1738 1493 2012 1570 ὑπερϐαλ-

370 1586 569 1656 λούσης
598 1593 766 1658 τιμῆς
795 1586 885 1641 καὶ
920 1585 1161 1648 ὲνώσεως
1192 1587 1282 1640 τὸν
1315 1586 1474 1640 αὐτὸν
1530 1594 1627 1654 τῆς
1664 1586 1871 1663 φύσεως
1902 1587 2012 1640 νόει

362 1675 412 1730 ἐν
468 1675 614 1749 τρισὶ
670 1673 879 1736 τελείας
941 1673 1312 1746 ὑποστάσεσιν,
1365 1677 1488 1730 ’Ὁτι
1532 1672 1589 1728 δὲ
1623 1673 1703 1728 ἐπ’
1735 1675 1892 1728 αὐτὸν
1919 1676 2010 1729 τὸν

359 1764 483 1818 Υἱόν
544 1763 653 1817 ἐστι
707 1763 768 1818 τὸ
819 1767 1056 1834 Πνεῦμα,
1107 1760 1268 1816 ἄκουε
1295 1762 1384 1816 καὶ
1417 1761 1579 1816 αὐτοῦ
1613 1764 1865 1838 λεγοντος
1898 1769 2013 1824 τοῖς

361 1851 661 1912 Ἰουδαίοις·
748 1875 776 1903 ‹‹
861 1856 1074 1922 Πνεῦμα
1149 1849 1349 1925 Κυρίου
1407 1850 1487 1905 ἐπ’
1541 1850 1656 1922 ἐμὲ,
1721 1849 1782 1904 οῦ
1838 1849 2088 1954 ἕνεκενΒ

361 1941 382 1954 .
527 1943 537 1954 .
905 1941 918 1954 .
1035 1944 1058 1953 -
1095 1938 1160 1954 η.
1437 1941 1502 1954 ..η
1594 1935 1618 1954 ,ι
1894 1941 1905 1954 ,
1956 1941 1968 1954 .

358 1941 545 2017 ἔχρισὲ
601 1960 685 2012 με·
743 1964 770 1990 ι)
831 1941 920 1994 καὶ
966 1944 1062 1993 τοῦ
1095 1938 1320 2015 Πέτρου·
1376 1965 1401 1990 ‹‹
1437 1941 1559 1996 ’Ὀτι
1593 1935 1806 2014 ἔχρισεν
1849 1941 2006 1994 αὐτὸν

357 2031 385 2085 6
416 2031 544 2090 Θεὸς
604 2029 874 2101 Πνεύματι
927 2027 1063 2103 ἁγίῳ
1111 2028 1201 2082 καὶ
1256 2025 1500 2100 δυνάμει.
1539 2053 1566 2078 ι)
1629 2026 1830 2083 Μακεδ.
1868 2030 2008 2102 Ἐγὼ

358 2120 572 2191 ἀμαθής
605 2117 744 2189 εἰμι,
778 2116 890 2190 ἄγω
921 2117 1013 2170 τὸν
1061 2114 1384 2170 διδάσκαλόν
1441 2137 1564 2189 μου,
1613 2116 1703 2170 καὶ
1764 2114 2009 2192 διαλέγε-

353 2206 442 2261 ταί
476 2227 581 2263 σοι.
618 2208 763 2268 Ὀοθ.
800 2204 1014 2259 Γένοιτό
1057 2226 1143 2258 σοι
1171 2206 1260 2259 τὸν
1297 2201 1487 2273 εὐσεϐῆ
1522 2204 1787 2278 λογισμὸν
1823 2201 2008 2260 λαϐεῖν

358 2293 724 2350 διδάσκαλονί
778 2292 870 2347 ’ίνα
923 2295 998 2365 μὴ
1045 2293 1345 2367 ἀνθρώποις
1396 2295 1461 2364 ᾖς
1494 2292 1834 2364 ¹ἀκολουθῶν,
1868 2293 2013 2349 ἀλλὰ

356 2389 436 2455 τῷ
492 2389 607 2454 Θεῷ
665 2387 742 2453 τῷ
793 2381 1058 2457 εἰρηκότι·
1119 2403 1140 2431 α
1202 2383 1586 2456 Πορουθέντες,
1644 2382 2012 2454 μαθητεύσατε

358 2473 532 2527 πάντα
575 2473 642 2526 τὰ
685 2469 834 2541 ἔθνη,
894 2471 1242 2546 βαπτίζοντες
1285 2470 1479 2531 αὐτοὺς
1513 2471 1588 2533 εἰς
1619 2471 1680 2525 τὸ
1713 2467 1886 2544 ὄνομα
1916 2464 2012 2526 τοῦ

364 2561 596 2636 Ματρὸς,
656 2561 745 2614 καὶ
800 2564 897 2614 τοῦ
956 2560 1102 2627 Υἱοῦ,
1152 2558 1240 2612 καὶ
1287 2563 1384 2613 τοῦ
1426 2559 1579 2633 ἁγίνυ
1613 2556 1947 2634 Ιινεύματος.
1985 2584 2011 2611 ››

364 2652 565 2721 Ἀμήν.

2131 633 2233 686 pra
2263 617 2420 669 dicta
2450 616 2653 669 audita
2683 622 2793 682 est,
2823 616 3132 686 subjungit
3183 631 3196 668 :
3233 638 3258 664 ‹‹
3293 615 3469 669 Jesus
3501 631 3632 668 vero
3665 614 3782 684 ple-

2130 721 2240 758 nus
2272 704 2492 775 Spiritu
2525 710 2751 772 sancto,
2777 721 3080 775 regressus
3113 709 3201 757 est
3233 722 3262 757 ει
3285 704 3563 767 Jordane,
3587 708 3643 756 et
3674 703 3780 756 du-

2128 800 2257 848 ctus
2287 798 2376 848 est
2409 795 2465 848 in
2497 795 2792 849 desertum
2826 812 2858 847 a
2889 794 3133 864 Spiritu,
3171 799 3234 846 ut
3265 811 3297 846 a
3330 791 3564 846 diabolo
3597 796 3780 846 tenta-

2128 887 2287 936 retur
2318 884 2378 936 ¹⁰.
2417 907 2443 931 ››
2478 882 2682 939 Maced.
2720 882 2974 954 Spiritus
3007 887 3244 936 sanctus
3275 881 3456 952 igitur
3485 881 3781 934 Christum

2125 968 2331 1040 implet
2387 986 2452 1024 ac
2493 969 2716 1040 perﬁcit
2755 968 2782 1022 ‘?
2835 969 2986 1023 Orth.
3036 967 3373 1036 Evanglista
3422 966 3520 1034 ait,
3575 965 3780 1020 Jesum

2127 1059 2346 1128 Spiritu
2385 1062 2587 1112 sancto
2621 1059 2855 1129 plenum
2894 1057 3090 1111 fuisse.
3122 1057 3334 1110 Haced.
3367 1057 3644 1124 Majorem
3681 1055 3782 1122 igi-

2127 1155 2223 1202 tur
2271 1147 2408 1200 l-‘ilio
2455 1147 2740 1217 Spiritum
2793 1147 2953 1200 dicit.
3012 1146 3164 1200 Orrh.
3221 1141 3424 1199 Absit!
3480 1144 3686 1198 Maced.
3723 1143 3778 1200 Si

2125 1235 2223 1291 ille
2292 1234 2500 1290 Filium
2554 1234 2837 1306 implevit,
2900 1235 2944 1287 si
3000 1251 3030 1288 a
3076 1233 3295 1305 Spiritu
3346 1231 3526 1287 Filius
3573 1234 3785 1302 agitur,

2127 1325 2314 1394 major
2343 1325 2469 1394 ipso
2502 1330 2590 1378 est
2618 1323 2893 1393 Spiritus.
2919 1323 3072 1378 Orth.
3103 1322 3317 1376 [ternm
3349 1320 3462 1383 aio,
3495 1321 3682 1375 absit!
3722 1327 3785 1375 ut

2125 1413 2233 1468 hoc
2267 1411 2488 1468 dicam!
2521 1413 2629 1466 Sed
2664 1412 3184 1483 quemadmodum,
3207 1427 3338 1464 cum
3367 1410 3540 1464 audis
3576 1409 3782 1463 Filium

2124 1503 2322 1557 sedere
2339 1503 2412 1556 ad
2434 1501 2735 1555 dexteram
2763 1500 3158 1570 Patris,neque
3186 1498 3377 1554 locum
3407 1500 3561 1568 apud
3596 1498 3780 1552 Deum

2123 1591 2322 1644 animo
2353 1589 2634 1659 concipis,
2671 1605 2772 1643 nec
2805 1589 3082 1656 majorem
3120 1586 3327 1641 Filium
3361 1586 3552 1653 ducis,
3578 1587 3679 1640 sed
3715 1602 3784 1639 ex

2122 1678 2416 1732 eminente
2446 1677 2663 1731 honore
2694 1682 2917 1730 naturae
2951 1675 3315 1730 identitatem
3351 1673 3631 1744 intelligis
3659 1691 3671 1729 :
3697 1675 3781 1728 sic

2123 1766 2368 1820 audiens
2398 1765 2598 1820 Jesum
2635 1764 2872 1835 plenum
2906 1764 3124 1834 Spiritu
3173 1769 3398 1828 sancto,
3455 1779 3568 1816 non
3621 1763 3776 1817 defe-

2123 1861 2252 1908 ctus
2285 1854 2776 1925 complementum
2812 1857 3002 1924 putes,
3039 1869 3142 1906 nec
3187 1853 3467 1921 majorem
3497 1851 3773 1922 Spiritum

2119 1943 2437 2006 existimes,
2472 1943 2573 1996 sed
2604 1958 2672 1996 ex
2702 1942 2996 1996 eminente
3027 1941 3245 1995 honore
3275 1947 3331 1993 et
3361 1940 3776 2005 unione,iden-

2119 2033 2346 2087 titatem
2383 2037 2603 2085 nature
2637 2031 2832 2084 animo
2877 2029 3101 2100 collige,
3154 2031 3210 2083 in
3261 2029 3450 2082 tribus
3501 2027 3767 2097 perfectis

2121 2120 2559 2191 hypostasibus.
2592 2119 2750 2184 Quod
2783 2134 2915 2173 vero
2946 2134 3122 2187 super
3153 2118 3346 2188 ipsum
3380 2116 3587 2172 Filium
3635 2116 3762 2186 Spi-

2121 2210 2268 2263 ritus
2303 2208 2399 2274 sit,
2420 2208 2554 2262 audi
2586 2214 2644 2262 et
2673 2208 2867 2278 ipsum
2908 2205 3131 2261 Judaeis
3158 2205 3491 2276 loquentem
3530 2223 3542 2259 :
3577 2228 3602 2253 ‹ι
3639 2204 3766 2274 Spi-

2123 2297 2271 2352 ritus
2304 2297 2534 2351 Domini
2565 2312 2742 2366 super
2774 2312 2886 2364 me,
2919 2310 2985 2349 eo
3018 2295 3171 2365 quod
3215 2293 3445 2347 unxerit
3478 2310 3567 2347 me
3618 2296 3658 2328 “
3689 2309 3701 2357 ;
3743 2317 3761 2338 -

2121 2390 2179 2440 et
2211 2387 2445 2440 Petrum
2482 2401 2493 2438 :
2531 2408 2557 2434 «
2593 2385 2739 2446 Quia
2769 2383 2934 2437 unxit
2964 2383 3159 2453 ipsum
3193 2381 3344 2436 Deus
3373 2381 3584 2452 Spiritu
3633 2399 3768 2434 san-

2123 2481 2216 2530 cto
2250 2479 2308 2529 et
2336 2474 2547 2528 virtute
2579 2475 2670 2525 η’.
2709 2494 2735 2520 ››
2769 2471 2966 2526 Maccd.
3003 2472 3116 2540 Ego
3147 2470 3472 2524 litterarum
3505 2486 3635 2523 sum
3665 2469 3771 2522 im-

2124 2563 2370 2634 peritus,
2433 2562 2779 2631 magistrum
2829 2576 3026 2614 meum
3071 2559 3383 2626 adducam,
3431 2559 3527 2628 qui
3579 2563 3770 2612 tecum

2125 2652 2409 2722 disputat.
2444 2649 2593 2704 Orth.
2647 2648 2878 2703 Utinam
2937 2647 3286 2719 magistrum
3349 2646 3454 2700 tibi
3507 2663 3772 2701 accersas

361 2741 517 2811 piam
551 2739 1013 2794 meditationem.
1050 2755 1063 2793 :
1099 2754 1170 2794 ne
1202 2738 1470 2794 homines
1503 2739 1790 2810 sequaris,
1821 2741 1919 2794 sed
1956 2745 2162 2809 Deum,
2193 2740 2291 2811 qui
2325 2739 2469 2793 dixit
2501 2755 2514 2792 :
2552 2761 2577 2786 ‹‹
2615 2738 2828 2792 Euntes
2857 2737 3057 2791 docete
3086 2752 3291 2790 omnes
3321 2741 3544 2805 gentes,
3578 2736 3770 2806 bapti-

358 2835 559 2883 zantes
591 2845 710 2894 eos,
745 2828 802 2882 in
834 2827 1070 2881 nomine
1101 2827 1312 2894 Patris,
1345 2833 1402 2881 et
1435 2827 1559 2882 Filii
1590 2833 1648 2882 et
1679 2829 1933 2900 Spiritus
1964 2828 2152 2884 sancti
2179 2829 2244 2883 ¹².
2283 2852 2302 2877 ιι
2341 2836 2547 2882 Amen.

771 2944 901 2998 ΤΟΥ
940 2942 1160 2997 ΑΥΤΟΥ
1201 2947 1430 2995 ΑΘΑΝΑ
1443 2944 1526 2997 ΣΙ(
1538 2947 1598 2995 )Υ

2559 2941 2884 2998 EJUSDEM
2943 2939 3326 2995 ATHANASII

355 3049 578 3136 Ἑτέρα,
627 3044 861 3136 ξιάλεξις
900 3047 1115 3136 ,πρὸςῃ
1171 3044 1612 3136 λίακεδονιανὸνζ
1685 3048 1806 3122 περὶ
1889 3054 2008 3136 τοῦ,

2128 3054 2435 3134 Disputatio
2489 3051 2606 3136 alio
2656 3049 2923 3136 aduersus
2980 3047 3454 3136 Macedonianum‘,
3505 3045 3570 3099 de
3620 3060 3770 3114 qum-

429 3116 485 3173 εἴ
557 3116 804 3262 ῗῗὲερεσε
857 3116 1017 3190 σῶμα
1091 3116 1340 3193 ἔμψυχον
1421 3120 1448 3172 6
1520 3124 1618 3173 τοῦ
1692 3116 1826 3174 Θεοῦ
1907 3116 2010 3175 Λόλ

431 3210 528 3262 γος
680 3233 693 3244 .

470 3210 528 3250 ος
557 3210 693 3250 ίιὸι.

431 3211 528 3265 γος
557 3211 693 3262 (ιδ).

905 3295 1470 3352 ΜΑΚΕΔΟΝΙΔΝΟΣ.

437 3399 512 3456 Οὐ
548 3400 712 3472 μόνον
753 3399 1058 3476 σφάλλεσθε
1092 3399 1360 3474 λέγοντες,
1425 3400 1505 3455 ὅτι
1540 3402 1833 3473 ὁμοούσιός
1874 3404 2014 3458 ἐστιν

365 3489 393 3542 6
424 3489 544 3550 Υἱὸς
590 3510 672 3560 τῳ
718 3489 911 3564 Πατρῖ,
962 3488 1088 3543 ἀλλ’
1130 3488 1210 3543 ὅτι
1237 3489 1326 3542 καὶ
1360 3491 1544 3565 ψυχήν
1575 3490 1690 3566 εἶχε
1716 3492 2012 3565 σαρκωθεῗς

363 3578 392 3631 6
451 3576 667 3650 Κύριος.
731 3579 1160 3634 ΟΡΘΟΔΟΞΟΣ.
1218 3578 1290 3630 Οὐ
1347 3578 1508 3650 μόνον
1538 3577 1858 3653 εύσεϐοῦμεν
1919 3582 2012 3637 λὲ-

362 3686 572 3738 γοντες,
631 3664 712 3719 ὅτι
773 3664 1072 3735 ὁμοούσιός
1130 3663 1269 3718 ἐστιν
1323 3666 1352 3718 6
1399 3667 1520 3727 Υἱὸς
1551 3670 1629 3736 τῷ
1660 3668 1854 3738 ΙΙατρῖ,
1889 3668 2015 3724 ἀλλ’

362 3754 446 3808 ὅτι
475 3754 565 3808 καὶ
619 3755 805 3828 ψυχὴν
857 3753 972 3828 εἶχε
1017 3753 1331 3828 σαρκωθείς.
1367 3751 1534 3810 Οὐδὲν
1569 3753 1624 3808 δὲ
1677 3755 1811 3830 μέγα
1840 3765 2014 3820 ποιεῖς

361 3842 694 3915 ἀρνούμενος
751 3841 813 3895 τὸ
844 3840 1158 3914 ὁμοούσιον,
1195 3843 1237 3895 εἰ
1270 3844 1454 3917 ψυχὴν
1486 3843 1644 3898 αὐτὸν
1677 3842 1821 3919 ἔχειν
1858 3848 2011 3920 ἀρνῇ.

359 3936 528 3985 Τοῦτο
581 3930 685 4006 γάρ
723 3929 863 3984 ἐστιν
919 3927 1054 3983 ἴδιον
1101 3933 1208 3982 τῶν
1261 3931 1324 3984 τὸ
1357 3930 1658 4006 ἐτερούσιον
1719 3933 1807 3986 καὶ
1837 3935 1899 3988 τὸ
1932 3936 2016 3988 ἁν-

361 4020 553 4091 όμοιον
607 4018 898 4094 λεγόντων.
948 4020 1061 4074 Ἵνα
1108 4019 1212 4093 γὰρ
1262 4020 1510 4088 παθητὴν
1559 4021 1657 4087 τὴν
1704 4021 1883 4076 οὐσίαν
1917 4028 2014 4076 τοῦ

361 4111 701 4182 Μονογενοῦς
759 4106 1002 4176 εἶ’πωσιν,
1043 4103 1254 4180 ἄψυχον
1315 4104 1576 4180 λέγουσι,’
1610 4109 1698 4162 καὶ
1731 4108 1789 4163 ἐκ
1817 4111 2013 4164 τούτου

359 4197 811 4264 κατασκευάζουσι
861 4195 920 4249 τὸ
970 4194 1250 4267 ἀνόμοιον.
1286 4193 1491 4251 Mam-:6.
1526 4195 1682 4250 Ἀλλ’
1714 4200 1878 4270 ἡμεῖς
1925 4201 2016 4253 ἂν-

361 4285 552 4356 όμοιον
583 4285 676 4356 μὲν
705 4283 766 4337 οὐ
792 4282 1044 4358 λὲγομεν,
1079 4281 1290 4359 ἄψυχον
1317 4284 1374 4338 δὲ
1400 4283 1651 4360 λὲγομεν,
1687 4288 1827 4362 Ὀρθ.
1853 4289 2016 4361 Ὁμο-

362 4373 568 4448 λογεῖς,
629 4371 711 4428 ὅτι
776 4374 920 4448 παρὰ
974 4377 1052 4444 τῷ
1100 4372 1311 4444 θανάτῳ
1357 4371 1557 4448 ἤρξατο
1612 4373 1897 4438 λυπεῖσθαι
1926 4379 2014 4432 καὶ

363 4459 682 4533 ἀδημονεῖν,
745 4460 818 4521 ὡς
878 4460 930 4514 ἐν
977 4464 1056 4531 τῷ
1105 4461 1242 4514 κατᾶ
1269 4467 1540 4523 Ματθαῖον
1578 4463 1897 4538 Εὐαγγελίῳ
1926 4466 2016 4541 γέ-

361 4571 619 4624 γραπται,
680 4550 770 4603 καὶ
828 4549 878 4603 ἐν
933 4553 1013 4620 τῷ
1069 4549 1204 4602 κατὰ
1263 4551 1500 4622 Μάρκον,
1533 4553 1762 4624 ’Ἠρξατο
1797 4551 2014 4627 θαμϐεῐ-

362 4639 482 4692 σθαι
567 4638 658 4692 καὶ
734 4635 1069 4709 ἀδημονεῖν,
1147 4635 1348 4694 Μακεδ.
1429 4637 1554 4696 Ναί.
1631 4641 1778 4716 Ὀρθ,
1849 4641 2010 4714 Ἀδη-

368 4731 523 4797 μονεῖ
583 4723 641 4780 3‘s
696 4724 786 4779 γαῖ
840 4719 1189 4796 ἐκθαμϐεῖται
1236 4725 1428 4796 Θεότης
1485 4729 1576 4781 τὸν
1605 4728 1851 4800 θάνατον,
1885 4734 2012 4801 ἣτὸ

364 4814 577 4890 ἄψυχον
628 4819 822 4886 σῶμα;
875 4811 1080 4870 Μακεδ.
1130 4812 1395 4883 Δηλονότι
1446 4817 1479 4884 ἡ
1524 4816 1713 4886 θεότης
1744 4840 2012 4893 σεσαρκω-

369 4904 525 4976 μένη,
587 4904 738 4977 Ὀρθ·
794 4903 1085 4974 Ἀνόμοιος
1146 4903 1247 4976 ἄρα
1304 4905 1338 4972 ἡ
1398 4908 1494 4957 τοῦ
1545 4903 1671 4958 Υίοῦ
1702 4908 1890 4978 Θεότης
1945 4915 2011 4984 τῇ

359 4996 458 5046 τοῦ
519 4992 736 5064 Ιιατρὸς
807 4990 1064 5061 θεότητι;
1112 4987 1328 5045 -Μακεδ.
1385 4992 1473 5060 Μὴ
1534 4993 1786 5066 γὲνοιτοῐ
1867 4998 2010 5070 Ὀρθ.

363 5079 429 5133 Εἰ
511 5076 781 5152 ἀδημονεῖ
848 5078 936 5133 καί
1016 5075 1364 5150 ἐκθαμϐεῖται
1437 5081 1528 5132 τὸν
1587 5079 1830 5150 Θάνατον,
1896 5090 2014 5147 πῶς

365 5163 584 5220 δύναται
645 5167 841 5239 ’ὸμοιος
919 5168 1051 5220 εἶναι
1107 5167 1194 5220 καὶ
1265 5165 1682 5242 ἀπαράλλακτος
1737 5175 1816 5241 τῷ
1879 5175 2016 5243 μήτε

367 5253 755 5327 ἀδημονοῦντι,
791 5257 930 5327 μήτε
960 5254 1310 5328 λυπουμένῳ,
1348 5259 1487 5328 μήτε
1545 5253 2014 5333 ἐκθαμϐουμὲνῳ;

368 5339 572 5398 Μακεδ.
609 5340 831 5411 Ἐπειδὴ
879 5347 1038 5414 σῶμα
1096 5344 1430 5419 ἀνθρώπινον
1492 5344 1666 5420 ἔσχεν,
1729 5343 2013 5420 ἁδημονεῖ.

2193 3118 2388 3187 aliane,
2443 3140 2516 3175 an
2564 3123 2664 3175 Dei
2715 3121 2941 3174 Verbum
2987 3134 3181 3188 corpus
3227 3118 3538 3170 animatum
3595 3125 3771 3184 gesta-

2192 3196 2265 3248 rit
2293 3199 2318 3247 θ’

2666 3294 3230 3352 MACEDONIANUS

2195 3407 2315 3462 Non
2350 3405 2557 3460 erratis
2589 3410 2818 3458 tantum
2852 3403 3004 3475 quod
3053 3400 3621 3456 consubstantialem
3669 3399 3772 3452 Pa-

2123 3500 2196 3553 tri
2232 3497 2438 3553 Filium
2474 3512 2602 3550 esse
2633 3495 2879 3549 dicatis:
2932 3493 3028 3546 sed
3065 3492 3238 3546 etiam
3273 3491 3424 3561 quod
3462 3489 3771 3544 Dominum

2124 3588 2492 3642 incarnatum
2541 3585 2796 3638 animam
2851 3597 3080 3652 quoque
3130 3581 3407 3634 habuisse
3445 3578 3770 3634 afﬁrmetis.

2124 3672 2628 3731 ORTHODOXUS.
2653 3677 2770 3726 Non
2807 3671 2976 3724 modo
3009 3669 3276 3739 religiose
3308 3667 3616 3732 sentimus,
3643 3681 3771 3717 cum

2125 3765 2276 3820 Patri
2311 3760 2871 3818 consubstantialem
2920 3775 3049 3814 esse
3081 3757 3287 3811 Filium
3326 3774 3338 3810 :
3391 3757 3489 3809 sed
3536 3759 3593 3809 et
3642 3770 3772 3807 cum

2125 3869 2258 3908 eum
2294 3853 2658 3905 incarnalum
2694 3850 2952 3902 animam
2991 3846 3231 3900 habuise
3265 3844 3630 3898 confitemur.
3671 3842 3776 3895 Ne-

2124 3958 2232 4010 que
2263 3958 2396 3994 vero
2431 3939 2623 4007 magni
2661 3939 2801 4008 quid
2853 3937 3056 3990 feceris
3105 3931 3775 3988 consubstantialitatem

2127 4046 2366 4100 negans,
2388 4029 2434 4081 si
2461 4028 2718 4081 animam
2743 4042 2874 4080 eum
2900 4025 3113 4078 habere
3137 4023 3456 4092 negaveris.
3489 4026 3601 4074 Hoc
3619 4020 3775 4072 enim

2124 4133 2323 4172 eorum
2359 4125 2445 4170 est.
2481 4115 2803 4184 proprium,
2835 4115 2934 4183 qui
2987 4111 3330 4166 substantiae
3381 4109 3774 4164 diversitatem

2125 4209 2181 4258 et
2211 4201 2754 4258 dissimilitudinem
2788 4199 3162 4255 asserunt.Ut
3189 4198 3342 4252 enim
3379 4196 3774 4251 substantiam

2127 4291 2416 4362 Unigeniti
2451 4291 2595 4344 dical
2625 4306 2752 4343 esse
2786 4286 3501 4359 patibilem,inanimatam
3535 4301 3660 4338 eam
3697 4285 3780 4336 di-

2128 4388 2289 4444 cunt,
2315 4386 2490 4449 atque
2521 4379 2656 4432 inde
2688 4376 3232 4431 dissimilitudinem
3258 4373 3604 4428 substantiae
3625 4387 3780 4425 com-

2130 4470 2543 4524 minisruntur.
2561 4466 2756 4521 Maced.
2782 4466 2896 4519 Nos
2919 4480 3048 4518 vero
3072 4461 3612 4517 dissimilitudinem
3637 4461 3776 4514 sub-

2123 4559 2352 4615 stantia;
2377 4575 2486 4611 non
2515 4555 2892 4616 dicimus,sed
2916 4553 3114 4608 anima
3129 4567 3322 4606 carere
3340 4547 3773 4603 dicimus.0rth-

2128 4645 2730 4703 FaterisneChristum
2756 4643 2814 4697 in
2851 4642 3058 4696 mortis
3085 4657 3268 4711 agone
3291 4638 3537 4708 coepisse
3567 4637 3780 4691 contri-

2124 4735 2262 4791 stari
2289 4735 2440 4789 489
2462 4739 2517 4787 et
2543 4738 2784 4786 mmstus
2806 4747 2953 4794 esse,
2981 4730 3118 4784 utin
3145 4726 3454 4797 Evangelio
3474 4725 3779 4779 Matthmus

2125 4825 2317 4887 habet,
2371 4823 2552 4893 Cmpit
2602 4819 2957 4875 contristarii
3009 4824 3067 4872 et
3120 4821 3364 4871 mtestus
3407 4831 3559 4876 esse,
3607 4819 3664 4866 et
3716 4818 3780 4865 ut

2126 4913 2376 4974 Marcus,
2410 4911 2584 4981 capit
2636 4925 2842 4980 pavere
2892 4914 2947 4962 et
2991 4905 3252 4960 tendere?
3307 4903 3518 4959 Maced.
3570 4902 3777 4956 Etiam.

2127 5001 2275 5055 Orth.
2313 4999 2517 5053 Utrum
2554 5003 2759 5051 moesta
2792 5002 2880 5050 est
2911 5001 2967 5048 et
3000 5000 3241 5048 mortem
3279 4997 3445 5061 pavet
3485 4989 3780 5052 divinitas,

2126 5106 2196 5142 an
2231 5104 2444 5158 corpus
2475 5088 2798 5140 animatum
2822 5085 2848 5138 ‘I
2869 5082 3070 5137 Maced.
3097 5081 3380 5134 Divinitas
3412 5084 3566 5132 certe
3601 5079 3783 5130 incar-

2127 5183 2283 5230 nata.
2320 5175 2474 5231 Orth.
2511 5175 2635 5228 Filii
2671 5174 2848 5242 igitur
2879 5171 3151 5224 divinitas
3186 5166 3495 5222 dissimilis
3545 5172 3633 5220 est
3663 5166 3781 5218 dei-

2126 5265 2232 5320 tati
2265 5263 2501 5318 Patris?
2536 5262 2746 5318 Maced.
2795 5261 2992 5314 Absit!
3048 5259 3200 5313 Orib.
3249 5257 3309 5310 Si
3355 5258 3562 5309 masta
3611 5260 3701 5306 est
3731 5257 3788 5307 et

2128 5359 2295 5423 pavet
2337 5357 2606 5416 mortem;
2639 5349 2930 5420 quomodo
2961 5344 3174 5400 similis
3219 5361 3319 5415 per
3361 5343 3563 5396 omnia
3592 5341 3701 5394 erit
3731 5341 3780 5393 ei

444 5511 490 5547 ¹⁰
522 5511 659 5568 Luc.
692 5529 768 5579 iv,
804 5514 855 5581 1,
887 5516 939 5566 2.
1021 5516 1063 5549 ¹¹
1101 5513 1238 5569 Luc.
1271 5530 1346 5582 ιν,
1381 5515 1468 5569 18.
1549 5517 1622 5551 ¹¹⁶
1651 5521 1781 5573 Act.
1810 5535 1864 5589 χ,
1895 5519 1984 5576 38.

2137 5521 2343 5576 Matth.
2378 5535 2575 5584 xxvm,
2609 5520 2693 5573 19.

443 5671 557 5742 (18)
588 5672 650 5726 In
686 5673 858 5728 titulo
888 5673 1110 5746 Dialogi
1141 5673 1323 5730 Palat.
1357 5673 1553 5742 habet,
1589 5673 1878 5752 κεφάλαιον
1908 5675 2178 5754 δεύτερον.
