4104 6352
393 367 541 429 1331

1583 369 1647 428 S.
1694 367 2220 431 ATHANASIUS.
2239 400 2320 416 --
2348 369 2611 434 DUBIA.

393 500 494 573 qui
524 515 629 555 nec
659 499 914 572 angitur,
968 516 1073 555 nec
1124 501 1525 568 contristatur,
1567 517 1675 556 nec
1715 501 1987 556 turbatur
2012 500 2042 555 τ

2159 501 2307 568 Ὀρθ.
2370 505 2542 573 Σῶμα
2598 498 2655 556 δὲ
2712 498 2926 576 ἄψυχον
2985 500 3087 556 οὐκ
3140 496 3428 573 ἀδημονεῖ,
3479 500 3575 557 οὐκ
3601 500 3783 577 ἐκθαμ-

392 590 602 646 Maced.
625 590 847 660 Corpus
876 588 1103 656 habuit,
1129 595 1186 645 et
1214 589 1431 645 idcirco
1458 592 1860 646 contristatur.
1885 590 2039 645 Orrh.

391 683 467 733 At
488 694 700 749 corpus
721 678 848 732 sine
864 678 1063 733 anima
1086 695 1199 733 non
1224 680 1603 751 angitur,non
1624 680 2043 743 turbatur,non

390 768 702 823 tristatur?
717 768 1037 824 Maced.Sed
1053 768 1179 823 loco
1199 769 1406 824 animae
1422 769 1791 823 divinitatem
1813 767 2041 825 habuit.

392 857 637 935 0rth.An
658 872 873 928 corpus
893 856 1185 912 divinitati
1210 873 1480 928 pavorem
1502 858 1882 924 incussit,aut
1902 855 2044 910 divi-

391 947 546 1001 nitas
566 945 841 1016 corpori?
860 946 1059 1000 Maced.
1085 950 1327 1018 Propter
1347 961 1561 1018 corpus
1581 946 1853 1001 divinitas
1875 961 2046 1016 expa-

390 1031 1142 1090 vescebat.0rth.Nimirum
1159 1041 1223 1088 ut
1245 1035 1610 1106 principatus
1626 1035 1810 1089 animi
1834 1033 2041 1104 nostri,

389 1124 472 1178 ita
501 1127 559 1178 et
586 1121 865 1178 divinitas
894 1140 927 1177 a
964 1139 1205 1194 corpore
1236 1124 1605 1179 turbabatur.
1646 1123 1843 1179 Maced.
1880 1121 2047 1178 Absit

392 1217 457 1267 ut
482 1213 591 1267 hoc
613 1212 834 1266 dicam!
866 1213 1324 1268 0r:h.Concedas
1343 1212 1524 1285 igitur
1538 1218 1765 1284 oportet
1785 1211 2044 1268 animam

392 1300 576 1357 fuisse
593 1317 721 1372 quae
742 1300 978 1356 turbat'a
999 1306 1105 1357 est.
1128 1302 1505 1359 Maced.Absit
1527 1306 1539 1359 ι
1567 1303 1719 1359 Orth.
1740 1303 2042 1370 Quomodo

390 1405 528 1460 ergo
559 1389 833 1462 angelum
867 1390 1070 1446 audies
1093 1391 1350 1465 Josepho
1379 1392 1668 1448 dicentem
1712 1409 1724 1447 :
1772 1413 1802 1443 «
1833 1392 2043 1462 Accipe

392 1493 640 1549 puerum
673 1483 730 1533 et
758 1485 1009 1534 matrem
1041 1481 1188 1551 ejus,
1222 1485 1279 1535 et
1308 1480 1442 1553 fuge
1467 1480 1530 1535 in
1561 1481 1871 1553 Egyptum
1910 1498 1924 1535 :
1959 1481 2044 1535 fu-

392 1573 593 1622 turum
612 1572 702 1623 est
722 1568 877 1623 enim
902 1572 966 1623 ut
984 1569 1239 1626 Herodes
1251 1576 1475 1641 quaerat
1486 1570 1743 1625 animam
1760 1572 1924 1641 pueri
1938 1570 2042 1640 “gn

391 1661 450 1711 et
480 1657 694 1711 iterum
731 1674 744 1725 ;
796 1679 824 1707 «
877 1661 1059 1728 Surge
1104 1667 1158 1713 et
1204 1659 1401 1730 accipe
1440 1660 1683 1715 Mariam
1728 1660 2041 1731 conjugem

392 1748 577 1809 tuam,
599 1749 658 1799 et
676 1746 819 1800 vade
842 1745 901 1800 in
924 1751 1141 1802 terram
1166 1746 1343 1803 Israel
1372 1763 1386 1802 :
1409 1748 1667 1803 defuncti
1699 1753 1840 1804 sunt
1860 1750 2039 1819 enim,

394 1834 491 1904 qui
529 1835 868 1904 quaerebant
897 1835 1156 1889 animam
1180 1835 1348 1907 pueri
1374 1836 1449 1903 ¹⁴;
1480 1859 1501 1884 ι
1536 1842 1594 1891 et
1619 1838 2045 1909 Dominusipse
2076 1870 2123 1935 Β

395 1922 477 1976 ait
508 1939 521 1976 :
560 1943 587 1971 «
620 1923 738 1993 Ego
767 1939 897 1978 sum
933 1927 1132 1993 pastor
1160 1924 1350 1979 bonus
1383 1940 1397 1981 :
1428 1925 1621 1981 bonus
1666 1930 1869 1998 pastor
1915 1927 2047 1982 ani-

398 2026 559 2065 mam
589 2027 758 2066 suam
790 2012 954 2083 ponit
975 2028 1079 2083 pro
1104 2013 1313 2069 ovibus
1335 2015 1409 2082 u‘;
1440 2035 1468 2064 »
1490 2019 1547 2069 et
1569 2015 1781 2070 iterum
1808 2033 1821 2071 :
1848 2038 1876 2065 «
1899 2016 2045 2071 Cum

396 2099 709 2171 volo,pono
730 2104 947 2165 eam,et
964 2116 1098 2157 cum
1121 2101 1510 2172 volo,resumo
1531 2119 1660 2158 eam
1685 2105 1749 2158 ιθ.
1781 2124 1811 2153 »
1845 2104 2043 2160 Maced.

400 2190 642 2255 Quando
689 2204 824 2245 vero
845 2195 903 2244 et
922 2190 1153 2245 Patrem
1177 2191 1452 2247 audimus
1474 2190 1826 2262 loquentem.
1853 2217 1880 2244 «
1905 2193 2045 2249 Sab-

395 2279 1186 2335 bataetneomeniasvestras
1216 2281 1339 2336 odit
1367 2281 1566 2337 anima
1583 2298 1714 2337 mea
1734 2283 2044 2353 ",nideone

391 2372 450 2423 et
479 2367 675 2439 ipsum
707 2367 937 2422 Patrem
969 2367 1226 2423 animam
1275 2370 1487 2425 habere
1528 2370 1840 2427 dicemus?
1888 2368 2063 2427 Orth.

388 2456 516 2511 Non
536 2456 925 2511 considerasti
947 2472 1283 2529 eum,quem
1310 2459 1601 2515 adduxisti
1624 2461 2043 2533 locum.Neque

388 2544 545 2600 enim
576 2547 985 2601 demonstrare
1016 2547 1234 2618 poteris
1264 2548 1495 2604 Patrem
1526 2566 1677 2618 esse,
1711 2552 1809 2622 qui
1838 2551 2041 2609 isthaec

389 2634 684 2705 loquatur.
737 2634 946 2690 Maced.
999 2636 1180 2707 Cujus
1229 2652 1366 2708 ergo
1412 2643 1502 2693 est
1549 2655 1656 2695 vox
1686 2639 1843 2696 ista?
1882 2641 2078 2698 Orth.‘

393 2717 522 2776 Filii
553 2720 676 2786 Dei,
710 2722 807 2791 qui
854 2722 1042 2776 dixit:
1080 2745 1107 2773 r
1158 2724 1439 2796 Cognovit
1486 2727 1590 2781 bos
1644 2744 2040 2799 possessorem

393 2825 593 2874 suum,
619 2813 676 2865 et
696 2810 899 2866 asinus
932 2828 1185 2883 praesepe
1214 2814 1436 2869 domini
1470 2815 1560 2870 sui
1589 2834 1601 2870 :
1636 2816 1811 2873 Israel
1844 2825 2039 2875 autem

394 2913 488 2953 me
509 2914 624 2952 non
643 2899 998 2970 cognovit,et
1026 2901 1281 2972 populus
1302 2918 1471 2960 meus
1492 2920 1605 2961 non
1629 2906 1918 2964 intellexit
1938 2909 2036 2963 η.»

393 2987 603 3045 Maced.
633 2986 869 3045 Hiccine
898 2995 989 3045 est
1019 2990 1119 3062 qui
1153 2992 1297 3047 dicit
1327 3009 1340 3047 :
1383 3013 1402 3041 ι
1441 2994 1785 3053 Neomenias
1818 3002 2042 3055 vestras

394 3085 453 3131 et
481 3076 739 3132 Sabbata
766 3077 892 3132 odit
920 3077 1118 3133 anima
1147 3096 1277 3135 mea
1291 3081 1325 3161 .‘I
1359 3105 1385 3131 ι»
1418 3081 1569 3139 Orth.
1598 3085 1748 3140 Sane
1779 3087 2040 3158 quidem.

2154 584 2348 659 ϐεῖται,
2411 590 2473 645 οὐ
2533 587 2803 645 λυπεῖται.
2838 587 3039 645 Μακεδ.
3075 587 3230 647 Ἀλλ’
3258 591 3378 665 εἶχε
3406 589 3629 661 θεότητα
3676 593 3782 647 ἀντὶ

2150 685 2253 747 τῆς
2327 682 2535 754 ψυχῆς.
2611 680 2764 754 Ὀρθ.
2828 680 2899 734 Τὸ
2957 678 3117 752 σῶμα
3181 677 3352 733 ἐποίει
3416 680 3513 748 τὴν
3572 681 3785 752 θεότητα

2153 763 2559 841 ἐκθαμϐεῖσθαι,
2608 770 2645 838 ἢ
2696 772 2732 839 ἠ
2789 768 2982 838 θεότης
3034 769 3097 823 τὸ
3137 773 3333 842 σῶμα;
3370 765 3578 825 Μακεδ.
3609 770 3702 824 Διὰ
3725 771 3783 825 τὸ

2153 860 2313 927 σῶμα
2350 858 2386 922 ἡ
2437 857 2629 928 θεότης
2677 852 3047 931 ἐξεθαμϐεῖτο.
3097 854 3309 930 Ὀρθόδ.
3359 857 3647 921 Ἑθολοὸτο
3701 858 3783 914 οῦν

2152 945 2186 1013 ἡ
2244 944 2434 1014 θεότης
2494 945 2598 1000 ὑπὸ
2654 947 2935 1019 σώματος,
2993 945 3069 1008 ὡς
3115 945 3181 1000 τὸ
3237 947 3567 1022 ἡγεμονικὸν
3615 950 3784 1019 ἡμῶν.

2153 1030 2355 1089 Μακεδ.
2441 1035 2530 1103 Μή
2603 1038 2819 1109 γίνοιτο
2889 1034 3101 1090 εἶπεῖνΙ
3178 1038 3307 1110 Ορθ.
3386 1034 3623 1109 Ἃνάγκη
3699 1034 3785 1091 οὖν

2154 1118 2338 1176 δοῦναι
2390 1123 2575 1198 ψυχήν
2603 1123 2703 1191 τὴν
2739 1121 3103 1196 θολουμένην.
3162 1121 3365 1181 Μακεό.
3426 1125 3516 1193 Μὴ
3544 1125 3782 1199 γὲνοιτοί

2154 1211 2301 1285 ’(ἱρθ.
2361 1216 2484 1273 Πῶς
2543 1210 2634 1267 οὗν
2687 1211 2891 1286 ἀκούσῃ
2941 1210 3039 1267 τοῦ
3089 1211 3326 1288 ἀγγέλου
3398 1211 3651 1287 λὲγοντος
3714 1213 3783 1285 τῷ

2153 1300 2375 1377 Ἰωσήφ.
2436 1322 2466 1351 (ι
2528 1296 2820 1377 ΙΙαράλαϐε
2865 1301 2966 1370 τὴν
3023 1301 3232 1375 μητερα
3295 1300 3388 1355 καὶ
3452 1303 3514 1356 τὸ
3562 1298 3780 1370 παιδίον,

2150 1387 2240 1442 καὶ
2317 1392 2477 1466 φεῦγε
2549 1388 2626 1452 εἰς
2688 1386 2978 1464 Αἴγυπτονσ
3051 1386 3244 1461 μέλλει
3302 1388 3407 1465 γὰρ
3468 1390 3497 1443 6
3553 1386 3785 1462 Ἡρώδης

2155 1481 2333 1547 ζητεῖν
2364 1477 2463 1545 τήν
2497 1476 2683 1553 ψυχὴν
2714 1481 2812 1532 τοῦ
2841 1473 3085 1533 παιδίοιν
3122 1501 3152 1529 η
3180 1478 3271 1532 καὶ
3301 1477 3492 1533 πάλιν·
3542 1501 3569 1529 (ι
3621 1479 3789 1551 Ἐγερ-

2153 1565 2263 1627 θεὶς
2322 1562 2607 1639 παράλαϐε
2651 1568 2883 1640 Μαριὰμ
2926 1567 3029 1635 τὴν
3079 1565 3311 1641 γυναῖκά
3358 1586 3477 1635 σου,
3528 1566 3617 1620 καὶ
3646 1562 3789 1640 δεῦρο

2154 1654 2228 1715 είς
2284 1657 2386 1729 γῆν
2447 1654 2692 1731 Ἰσραήλ⁸
2751 1657 3041 1725 τεθνήκασι
3097 1656 3202 1730 γὰρ
3259 1655 3313 1709 οἱ
3375 1659 3657 1725 ζητοῦντες
3702 1656 3790 1723 τὴν

2152 1744 2337 1818 ψυχὴν
2388 1748 2486 1798 τοῦ
2543 1741 2786 1799 παιδίου·
2850 1768 2878 1796 ››
2928 1744 3019 1799 καὶ
3076 1743 3235 1807 αὐτὸς
3295 1744 3325 1799 6
3386 1745 3582 1818 Κύριος
3639 1742 3789 1819 λξγιιο

2155 1853 2182 1882 ι(
2214 1832 2362 1907 Ἐγώ
2419 1832 2533 1905 εἶμι
2574 1834 2602 1888 6
2663 1834 2876 1906 ποιμὴν
2931 1834 2961 1887 6
3005 1831 3197 1895 καλός·
3246 1834 3276 1887 6
3319 1834 3533 1906 ποιμὴν
3581 1832 3609 1886 6
3638 1828 3792 1892 καλὸς

2154 1920 2254 1988 τὴν
2283 1923 2468 1996 ψυχὴν
2519 1921 2683 1976 αὐτοῦ
2726 1922 2936 1992 τίθησιν
2985 1921 3118 1997 ὑπὲρ
3164 1926 3272 1976 τῶν
3309 1916 3622 1997 προϐάτων·
3658 1944 3679 1973 ι
3710 1918 3793 1973 καὶ

2155 2006 2344 2063 πάλιν·
2408 2033 2438 2063 ι(
2484 2010 2606 2064 Ὅτε
2662 2010 2828 2081 θέλω,
2875 2010 3069 2082 τίθημι
3119 2009 3309 2078 αὐτὴν,
3365 2008 3456 2064 καὶ
3501 2008 3589 2064 ὅτε
3635 2006 3788 2079 θέλω,

2158 2092 2424 2172 λαμϐάνω
2449 2098 2655 2169 αὖτήνς
2691 2124 2714 2153 ι
2751 2098 2953 2156 Mariti-:6.
2989 2096 3209 2168 Ἐπειδὴ
3254 2099 3345 2153 καὶ
3394 2100 3424 2153 6
3473 2099 3657 2172 Ιιατήρ
3707 2096 3790 2152 λέ-

2155 2206 2259 2264 γει,
2292 2210 2319 2238 ‹‹
2364 2186 2467 2249 Τὰς
2525 2186 2819 2261 νεομηνίας
2878 2188 3030 2261 ὑμῶν
3075 2187 3166 2241 καὶ
3202 2187 3271 2241 τὰ
3302 2181 3560 2241 Σάϐϐατα
3591 2184 3788 2259 μισεῖή

2156 2278 2307 2351 ψυχή
2372 2296 2498 2349 μου,
2552 2299 2580 2328 ››
2626 2278 2728 2352 ἄρα
2775 2274 2864 2331 διὰ
2907 2281 3071 2332 τοῦτο
3118 2275 3206 2331 καὶ
3246 2276 3337 2331 τὸν
3375 2274 3588 2350 Πατέρα
3617 2274 3789 2349 ψυχὴν

2155 2363 2302 2441 ἔχειν
2355 2363 2625 2438 λέξομεν;
2687 2366 2834 2442 Ὀρθ.
2889 2367 3113 2441 Πρῶτον
3171 2362 3203 2420 6'
3258 2368 3580 2441 παρήγαγες
3638 2360 3791 2440 ῥητὸν

2154 2454 2255 2509 οὐκ
2308 2454 2553 2531 ἐνόησας.
2611 2454 2689 2512 Οὐ
2747 2454 2848 2531 γὰρ
2900 2452 3048 2530 ἔχεις
3087 2449 3276 2526 δεῖξαι,
3308 2453 3395 2508 ὅτι
3443 2456 3629 2528 Πατήρ
3661 2452 3792 2507 ἐστιν

2154 2544 2182 2598 6
2215 2530 2427 2617 λέγων.
2473 2541 2673 2600 Μακεδ.
2726 2530 2906 2600 Ἀλλὰ
2952 2544 3101 2607 τίνος
3149 2542 3291 2599 ἐστὶν
3324 2546 3359 2613 ἡ
3396 2546 3591 2622 φωνή;
3649 2543 3791 2615 Ὀρθ.

2150 2638 2254 2688 Τοῦ
2298 2634 2427 2688 Υίοῦ
2477 2637 2575 2688 τοῦ
2628 2636 2763 2688 Θεοῦ
2807 2637 2903 2688 τοῦ
2934 2631 3238 2709 εἰρηκότος·
3275 2657 3304 2685 (ι
3337 2633 3520 2708 Ἔγνω
3554 2632 3680 2708 βοῦς
3706 2631 3790 2686 τὸν

2150 2723 2485 2796 κτησάμενον
2548 2722 2731 2793 αὐτὸν,
2785 2722 2874 2776 καὶ
2928 2717 3051 2784 ὄνος
3093 2723 3194 2791 τήν
3237 2722 3445 2799 φάτνην
3489 2724 3585 2775 τοῦ
3613 2718 3792 2795 κυρίου

2151 2813 2336 2868 αὐτοῦ’
2391 2810 2609 2888 Ἰσραὴλ
2661 2808 2721 2866 δέ
2770 2832 2836 2885 με
2883 2810 2984 2866 οὐκ
3033 2805 3193 2888 ἔγνω,
3237 2811 3326 2865 καὶ
3377 2813 3408 2866 6
3439 2810 3572 2873 λαός
3606 2830 3706 2883 μου
3734 2807 3792 2863 οὐ

2152 2909 2369 2971 συνῆκε.
2434 2926 2461 2953 ››
2519 2897 2721 2958 Μακεδ.
2772 2898 2940 2962 Οὗτος
2988 2900 3079 2954 οῦν
3134 2900 3274 2954 ἐστιν
3328 2900 3358 2955 6
3410 2899 3608 2975 λέγων·
3644 2921 3672 2951 ιι
3698 2899 3792 2958 Τὰς

2150 2990 2446 3065 νεομηνίας
2521 2991 2672 3064 ὐμῶν
2749 2989 2839 3045 καὶ
2912 2989 2979 3044 τὰ
3036 2984 3291 3045 Σάϐϐατα
3352 2994 3502 3063 μισεῖ
3546 2992 3581 3059 ἡ
3647 2987 3789 3064 ψυχή

2156 3100 2302 3154 μου;
2335 3104 2364 3133 ››
2418 3081 2567 3154 Ὀρθ.
2628 3078 2728 3134 Καὶ
2787 3078 2944 3135 πάνυ.
3002 3078 3139 3137 Τότε
3193 3080 3296 3155 γὰρ
3346 3077 3484 3134 αὐτὰ
3521 3077 3791 3152 ἐμίσησεν,

395 3165 548 3220 Tum
578 3164 735 3220 enim
786 3166 909 3221 odit
946 3184 1034 3234 ea,
1066 3174 1303 3239 quando
1344 3172 1681 3230 incarnatus
1709 3180 1817 3245 est,
1849 3182 1907 3231 et
1934 3178 2043 3232 foe-

2153 3168 2243 3225 ὅτε
2272 3168 2680 3245 ἐνηνθρώπησε,
2710 3168 2799 3223 καὶ
2837 3169 2937 3237 τήν
2985 3168 3184 3236 Καινὴν
3235 3171 3512 3239 Διαθήκην
3573 3164 3790 3230 διέθετο.

391 3253 505 3309 dus
534 3271 750 3310 novum
782 3256 1055 3312 instituit.
1092 3258 1292 3315 Μαι-θα.
1321 3262 1496 3332 Atqui
1528 3263 1787 3319 animam
1803 3239 2042 3332 habuit,

2158 3239 2362 3317 Μακεδ.
2412 3239 2506 3313 Καὶ
2558 3261 2677 3332 εἴγε
2722 3259 2930 3332 ψυχὴν,
2962 3256 3052 3313 ὅτε
3082 3252 3239 3335 ὤφθη
3271 3261 3351 3328 τῷ
3380 3254 3577 3328 Ἠσαίᾳ
3603 3274 3617 3325 ;
3651 3256 3790 3329 Ὀρο.

392 3360 525 3398 cum
557 3343 719 3399 Isaiae
748 3345 911 3402 visus
940 3346 1060 3403 est!
1091 3348 1239 3404 Orth.
1265 3351 1771 3415 Quemadmodum
1804 3371 1908 3410 nec
1927 3372 2045 3410 ma-

394 3449 528 3495 nus.
562 3449 669 3489 nec
700 3435 876 3506 pedes
906 3452 1238 3508 corporeos,
1271 3456 1460 3512 neque
1489 3441 1665 3497 etiam
1697 3444 2044 3501 vestimenta

390 3537 665 3592 corporea
696 3523 921 3593 habuit,
941 3529 1076 3580 ante
1106 3526 1594 3595 incarnationem,
1617 3533 1851 3601 quando
1876 3532 2041 3601 dixit,

399 3633 418 3659 ι
455 3609 750 3666 Foderunt
779 3629 992 3669 manus
1023 3631 1183 3671 meas
1215 3623 1271 3672 et
1299 3618 1477 3689 pedes
1532 3635 1692 3675 meos
1724 3638 1737 3675 :
1771 3625 1829 3677 et
1867 3638 2045 3693 super

394 3704 614 3754 vestem
647 3716 838 3755 meam
872 3702 1164 3758 miserunt
1191 3711 1406 3761 sortem
1433 3707 1535 3774 ’9,»
1552 3708 1651 3763 sed
1686 3725 1813 3781 quae
1848 3711 2045 3765 futura

395 3792 564 3842 erant
596 3790 1028 3859 pronuntiavit:
1063 3792 1148 3848 sic
1168 3798 1226 3849 et
1254 3795 1324 3849 de
1348 3794 1546 3850 anima
1575 3795 1823 3868 loquens
1853 3798 2003 3854 dixit
2028 3816 2041 3855 :

397 3897 426 3926 ‹‹
459 3874 594 3931 Odit
626 3877 825 3934 anima
854 3896 1003 3935 mea.
1028 3901 1058 3930 »
1089 3882 1286 3937 Maced.
1313 3883 1400 3938 Sit
1429 3901 1571 3939 sane
1594 3885 1722 3940 Filii
1753 3904 1860 3942 vox
1884 3887 2003 3942 haec
2027 3905 2041 3944 :

395 3965 668 4036 nunquid
701 3972 758 4021 et
786 3972 913 4023 tum
945 3969 1128 4026 Filius
1157 3970 1438 4043 loquitur,
1472 3989 1604 4028 cum
1637 3974 1813 4031 dicit:
1844 3998 1867 4027 ι
1902 3976 2045 4033 Ecce

394 4070 543 4126 puer
573 4070 739 4111 meus
779 4055 1047 4126 dilectus,
1098 4060 1158 4114 in
1212 4076 1389 4132 quem
1442 4062 1798 4134 complacuit
1847 4066 2046 4122 anima

396 4158 547 4212 mea,
570 4160 785 4215 ponam
806 4145 1090 4217 Spiritum
1126 4165 1319 4204 meum
1352 4167 1529 4223 super
1556 4168 1690 4207 eum
1714 4154 1761 4188 ²⁰
1779 4154 1806 4208 ‘?
1829 4176 1855 4203 »
1889 4154 2040 4214 Orth.

391 4236 625 4288 Patrem
656 4232 770 4300 hic,
803 4250 919 4290 non
950 4234 1186 4305 Filium,
1217 4236 1379 4310 loqui
1409 4239 1465 4293 in
1498 4242 1766 4298 confesso
1796 4248 1886 4298 est
1918 4249 2044 4301 :ato

391 4326 590 4378 tamen
622 4340 738 4378 non
771 4326 927 4395 quod
958 4325 1221 4381 animam
1253 4327 1467 4383 habeat
1508 4330 1592 4385 sic
1640 4331 1904 4403 loquitur
1934 4334 2041 4389 Pa-

391 4414 499 4478 ter,
541 4412 641 4467 sed
689 4413 978 4485 cujusque
1020 4416 1207 4471 sancli
1256 4417 1516 4473 animam
1564 4437 1734 4476 suam
1781 4422 2041 4477 animam

393 4497 555 4553 dicit.
589 4499 961 4571 Quaecunque
996 4503 1174 4574 igitur
1214 4506 1413 4561 anima
1466 4508 1578 4563 sibi
1622 4510 2046 4580 complacuerit

2151 3352 2351 3424 Ὥσπερ
2382 3348 2483 3403 οὐκ
2522 3349 2639 3423 εἶχε
2666 3352 2859 3424 χεῖρας
2902 3345 2990 3402 καὶ
3041 3343 3211 3408 πόδας
3260 3345 3633 3420 σωματικοὺς,
3679 3340 3795 3400 οὔτε

2155 3440 2262 3513 μὴν
2297 3438 2488 3510 ἱμάτια
2518 3435 2802 3510 σωματικὰ
2840 3436 2978 3510 πρὸς
3006 3442 3107 3505 τῆς
3168 3434 3653 3511 ἐνανθρωπήσεως,
3711 3430 3795 3487 ὅτε

2153 3525 2354 3603 ἔλεγεν,
2414 3551 2441 3577 ‹‹
2502 3525 2727 3600 Ὠρυξαν
2788 3523 2979 3601 χεῖράς
3040 3545 3145 3598 μου
3199 3523 3290 3579 καὶ
3322 3520 3499 3585 πόδας
3532 3544 3658 3597 μου,
3709 3518 3793 3575 καὶ

2152 3614 2239 3670 ἰπὶ
2268 3616 2360 3669 τὸν
2419 3614 2716 3687 ἱματισμόν
2768 3633 2871 3686 μου
2921 3607 3119 3668 ἔϐαλον
3166 3611 3433 3687 κλήρους,
3485 3633 3511 3666 ι
3560 3609 3703 3667 ἀλλὰ
3732 3608 3796 3663 τὰ

2157 3703 2429 3778 μέλλοντα
2472 3703 2705 3779 γίνεσθαι
2750 3698 2956 3777 ἔλεγεν·
3005 3701 3149 3757 οὕτω
3195 3701 3284 3757 καὶ
3338 3702 3464 3776 περὶ
3494 3705 3677 3776 ψυχῆς
3709 3696 3795 3754 λέ-

2152 3813 2264 3869 γων
2325 3794 2460 3846 εἰπε·
2516 3816 2545 3844 ‹‹
2598 3793 2763 3848 Μισεῖ
2809 3792 2843 3861 ἠ
2903 3792 3055 3867 ψυχή
3109 3810 3237 3863 μου.
3289 3814 3317 3842 υ
3352 3788 3557 3875 Μακεδ.
3590 3793 3792 3862 Δῶμεν,

2152 3880 2236 3936 ὅτι
2293 3884 2329 3951 ἡ
2379 3881 2531 3958 φωνή
2589 3884 2685 3935 τοῦ
2743 3880 2870 3934 Υἱοῦ
2927 3878 3058 3934 ἐστι·
3122 3879 3199 3952 μὴ
3267 3879 3356 3934 καὶ
3433 3878 3525 3933 ὅτε
3593 3874 3790 3950 ἔλεγεν.

2153 3996 2181 4024 ι(
2215 3968 2356 4028 Ἰδοὺ
2413 3971 2441 4025 6
2498 3975 2633 4031 Παῖς
2698 3990 2803 4041 μου
2851 3969 2877 4022 6
2929 3966 3206 4043 ἀγαπητός
3261 3988 3387 4039 μου,
3434 3967 3511 4029 εἷς
3542 3963 3599 4023 ὅν
3633 3961 3790 4035 11666-

2151 4081 2313 4130 κησεν
2372 4061 2408 4130 ἡ
2466 4060 2617 4133 ψυχή
2673 4076 2798 4130 μου’
2851 4061 3002 4127 θήσω
3043 4056 3105 4110 τὸ
3161 4056 3377 4128 Πνεῦμά
3422 4077 3531 4128 μου
3577 4054 3659 4109 ἐπ’
3704 4051 3788 4107 αὖα

2150 4150 2265 4219 τὸν,
2324 4148 2437 4225 ’.ὁ
2493 4148 2614 4208 Υἱὸς
2671 4145 2810 4202 ἐστιν
2871 4148 2901 4201 6
2958 4142 3165 4220 λέγων;
3222 4145 3364 4221 Ὀρθ.
3426 4144 3545 4201 Οὐκ
3599 4139 3789 4198 ἔστινὸ

2153 4236 2277 4299 Υίὸς
2309 4238 2337 4291 6
2368 4235 2567 4312 λέγων,
2601 4233 2725 4291 ἀλλ’
2754 4231 3200 4309 ὁμολογουμένος
3237 4233 3265 4287 6
3313 4234 3526 4307 Πατήρ.
3578 4230 3652 4288 Οὐ
3688 4228 3787 4301 μὴν

2153 4327 2226 4388 ὡς
2284 4325 2442 4388 αὐτὸς
2498 4324 2682 4399 ψυχὴν
2738 4318 2881 4398 ἔχων
2940 4326 3106 4377 ταῦτα
3155 4318 3335 4377 λαλεῖ·
3407 4319 3553 4376 ἀλλὰ
3626 4324 3789 4374 πᾶσαν
3898 4369 3907 4377 ,

2151 4416 2337 4489 ψυχὴν
2396 4411 2571 4487 ἁγίαν,
2641 4412 2830 4467 ἑαυτοῦ
2886 4410 3072 4486 ψυχὴν
3114 4407 3282 4485 λέγει.
3330 4412 3490 4471 una:
3521 4407 3610 4464 οὖν
3643 4404 3787 4481 ψυχὴ

2153 4503 2228 4564 είς
2283 4501 2375 4557 τὸν
2435 4501 2557 4555 Υἱὸν
2617 4496 2911 4571 ηὐδόκησε,
2971 4494 3105 4569 αὕτη
3170 4518 3298 4571 μου,
3358 4497 3544 4574 φησὶν,
3591 4492 3785 4560 ἔστινὴ

395 4586 454 4642 in
490 4587 653 4655 Filio,
690 4588 827 4659 ista,
868 4590 1080 4661 inquit,
1131 4596 1221 4647 est
1262 4594 1462 4649 anima
1504 4612 1654 4651 mea.
1705 4597 1932 4652 Etenim
1984 4603 2043 4652 ut

2153 4592 2329 4666 ψυχή.
2381 4590 2467 4651 Ὧς
2519 4589 2622 4664 γὰρ
2654 4590 2682 4644 6
2714 4586 2920 4649 δίκαιος
2951 4585 3260 4663 ἅνθρωπος,
3287 4591 3386 4642 τοῦ
3418 4591 3555 4643 Θεοῦ
3588 4585 3787 4661 λέγεται

396 4675 571 4731 homo
594 4676 819 4747 justus,
865 4678 967 4733 Dei
1012 4678 1188 4735 homo
1228 4682 1445 4738 dicitur
1475 4700 1488 4737 :
1523 4684 1605 4738 ita
1635 4684 1833 4739 anima
1854 4686 2041 4755 justa,

395 4765 493 4820 Dei
527 4765 728 4821 anima
755 4773 1133 4840 nuncupatur
1178 4775 1236 4824 et
1276 4776 1385 4827 est.
1436 4771 1633 4827 MacaJ.
1685 4773 1831 4837 Quid
1867 4773 2046 4846 igitur

394 4858 484 4910 est
520 4854 949 4925 beneplacitum
970 4856 997 4911 ‘I
1040 4858 1189 4914 Orth.
1249 4860 1496 4915 Verbum
1528 4862 1877 4932 Complacuit,
1910 4879 2043 4934 pro-

391 4943 569 5014 pheta
620 4943 805 4999 Isaias
851 4944 1275 5017 interpretatur
1316 4950 1580 5019 suscepit,
1631 4949 1727 5005 ubi
1781 4951 1985 5007 scribit
2026 4968 2039 5005 :

391 5032 619 5088 «Jacob
657 5049 861 5089 servus
902 5050 1089 5102 meus,
1123 5036 1446 5107 suscipiam
1506 5054 1640 5093 eum
1674 5055 1688 5093 :
1723 5038 1900 5096 Israel
1934 5041 2044 5097 ele-

386 5128 518 5178 ctus
552 5138 740 5190 meus,
777 5139 953 5194 quem
987 5123 1234 5195 benigne
1264 5126 1525 5196 suscepit
1553 5126 1753 5182 anima
1784 5129 2041 5184 mea.Po-

383 5212 477 5266 sui
506 5211 796 5282 Spiritum
824 5228 1016 5267 meum
1051 5230 1230 5283 super
1258 5217 1842 5289 eum.»Quascunque
1864 5218 2044 5290 igitur

383 5302 583 5355 anima
613 5300 791 5370 hunc,
844 5317 1021 5372 quem
1053 5302 1323 5370 ostendo,
1354 5319 1582 5359 servum
1614 5321 1809 5360 meum
1843 5322 2041 5361 susce-

380 5390 485 5460 pit,
519 5407 587 5445 ea
618 5396 707 5444 est
739 5407 867 5445 mea
898 5390 1117 5444 anima.
1158 5391 1369 5447 Maced.
1406 5391 1521 5447 Nos
1567 5393 1886 5465 improprie
1931 5394 2040 5449 Pa-

452 5630 494 5664 1³
527 5628 733 5683 Matth.
765 5646 828 5695 ιι,
864 5632 951 5687 13.

382 5699 571 5752 17-19.

1053 5634 1098 5668 ιδ
1130 5633 1271 5688 ibid.
1301 5634 1391 5689 20.

656 5635 828 5704 th._u,
864 5635 951 5687 13.
1053 5635 1098 5668 ιδ
1130 5635 1271 5688 ibid.
1301 5635 1391 5689 20.
1498 5635 1542 5670 ¹⁸
1570 5636 1734 5691 Joan.
1768 5652 1823 5704 ι,
1860 5636 1946 5689 11.

649 5700 694 5733 ²⁰
726 5699 836 5754 lsa.
873 5717 1009 5770 xm,
1048 5706 1095 5757 t.

2053 5634 2096 5669 ¹⁶
2124 5633 2269 5690 ibid.
2307 5633 2393 5689 18.

2153 4681 2461 4754 ἄνθρωπος·
2496 4678 2638 4733 οὕτω
2667 4677 2756 4732 καὶ
2787 4679 2822 4741 ἡ
2856 4673 3065 4731 δικαίαν
3098 4677 3252 4752 ψυχὴ
3284 4682 3381 4731 τοῦ
3418 4682 3553 4732 Θεοῦ
3585 4675 3788 4749 λέγεται

2150 4769 2240 4824 καὶ
2299 4763 2409 4824 ἔστι
2456 4769 2632 4843 ψυχή.
2685 4763 2889 4823 Μακεδ.
2938 4766 2998 4820 Τί
3042 4765 3134 4820 οὗν
3185 4763 3327 4821 ἐστιν
3359 4763 3614 4834 εὐδοκία;
3644 4764 3785 4834 Ὀρθ.

2151 4860 2213 4915 Ὀ
2271 4859 2560 4935 προφήτης
2636 4853 2858 4917 Ἡσαΐας
2928 4854 2991 4910 τὸ
3067 4852 3365 4926 ηὐδόκησε,
3421 4851 3784 4929 προσεδέξατο,

2153 4947 2289 5019 εἶπε,
2348 4946 2548 5021 λέγων’
2618 4968 2644 4997 ι
2691 4937 2885 5000 Ἰακὼϐ
2915 4944 2944 4997 6
2973 4948 3099 5005 παῖς
3136 4964 3262 5015 μου,
3295 4942 3668 5018 ἀντιλήψομαι
3698 4936 3785 4993 αὖ·

2149 5041 2269 5093 τοῦ.
2326 5033 2548 5110 Ἰσραήλ
2598 5033 2625 5087 6
2674 5030 2928 5094 ἐκλεκτός
2982 5052 3112 5104 μου,
3159 5028 3521 5107 προσεδὲξατο
3572 5026 3777 5092 αὑτὸνή

2153 5127 2303 5201 ψυχή
2343 5144 2467 5196 μου·
2507 5120 2683 5177 ἔδωκα
2709 5120 2773 5175 τὸ
2807 5118 3030 5193 Πνεῦμά
3064 5141 3169 5192 μου
3198 5119 3282 5175 ἐπ’
3328 5120 3512 5179 αὐτόν.
3566 5145 3594 5173 ››
3641 5117 3777 5173 Ἥτις

2153 5213 2244 5269 οὖν
2275 5214 2428 5287 ψυχὴ
2456 5216 2671 5281 τοῦτον,
2704 5209 2761 5263 ὅν
2796 5206 3043 5283 δείκνυμι
3080 5210 3206 5282 ὑμῖν
3239 5207 3409 5265 παῖδά
3458 5231 3586 5283 μου,
3632 5220 3777 5282 προσ·

2154 5301 2387 5375 εδὲξατο,
2420 5300 2555 5369 αὕτη
2594 5320 2697 5372 μου
2737 5297 2848 5354 ἐστὶ
2904 5300 3081 5374 ψυχή.
3140 5295 3343 5354 Μακεδ.
3400 5303 3588 5372 Ἡμεῖς
3642 5310 3785 5350 κατα-

2151 5390 2468 5467 χρηστικῶς
2505 5387 2597 5443 τὸν
2648 5389 2865 5464 Πατέρα
2922 5387 3157 5463 λὲγομεν
3217 5388 3487 5463 εἰρηκέναι
3540 5388 3636 5454 τήν
3681 5402 3785 5459 φω-

2499 5631 2542 5668 ¹⁷
2577 5631 2688 5686 Isa.
2721 5647 2762 5701 ι,
2798 5630 2883 5686 13.
2989 5630 3029 5666 ⁸⁸
3075 5628 3218 5686 ibid.
3260 5630 3316 5686 3.
3421 5630 3466 5668 ¹⁹
3498 5626 3645 5685 Psal.
3674 5639 3788 5688 xxx,
