4104 6390
367 391 521 450 1333

1421 389 1734 449 CONTRA
1779 386 2180 448 MACEDON.
2233 389 2620 453 DlAl.OGUS
2667 393 2745 452 Π.

3635 393 3789 451 1334

359 521 480 588 νήν.
532 515 669 572 Οὔτε
715 518 818 592 γὰρ
864 519 1050 592 ψυχὴν
1104 514 1250 592 ἔχων
1303 520 1331 572 6
1382 519 1572 593 Πατὴρ
1623 515 1792 592 λέγει·
1847 540 1875 567 τι
1929 514 2022 577 Εἷς

2138 521 2290 572 trem
2325 519 2439 574 ista
2473 521 2735 577 locutum
2758 523 2942 578 fuisse
2960 522 3439 594 dicimus.Neque
3455 523 3611 578 enim
3637 523 3792 593 quod

358 607 417 663 ὅν
474 604 775 676 ηὐδόκησεν
827 609 860 674 ἡ
910 608 1061 680 ψυχή
1118 626 1243 678 μου·
1296 629 1323 658 ››
1359 605 1501 674 οὕτε,
1536 607 1612 667 ὡς
1645 607 1706 659 σὺ
1737 604 2019 676 νενόηκας,

363 696 485 773 περὶ
536 703 634 764 τῆς
679 699 787 748 τῶν
834 696 1130 770 ἀνθρώπων
1178 699 1364 771 ψυχῆς
1416 695 1586 769 λέγει.
1620 697 1765 766 Ὀρθ.
1802 698 2010 766 Δῶμεν,

363 782 446 840 ὅτι
505 788 957 859 καταχρηστικῶς
1017 781 1230 857 εἴρηται
1285 785 1408 857 περὶ
1472 789 1570 838 τοῦ
1625 783 1855 857 Πατρός·
1921 785 2022 858 ἄρα

361 875 451 929 καὶ
510 873 633 946 περὶ
690 877 787 927 τοῦ
831 873 956 925 Γῖοῦ
1007 877 1461 947 καταχρηστικῶς
1510 869 1762 942 εἷ’ρηται;
1816 867 2018 926 Μακεδ.

366 964 487 1019 Ναί.
549 964 699 1036 Ὀρθ.
771 962 892 1018 Ἐὰν
942 961 1034 1014 οὗν
1073 961 1162 1015 καὶ
1214 959 1498 1036 ἄνθρωπος
1553 959 1778 1036 λέγηται
1837 961 1863 1013 ὁ
1915 961 2023 1014 Πα-

355 1053 488 1124 τὴρ,
543 1055 999 1128 καταχρηστικῶς
1050 1047 1282 1122 εἶ’ρηται·
1337 1049 1427 1102 καὶ
1473 1048 1520 1103 εἴ
1585 1048 1707 1123 περὶ
1759 1051 1855 1101 τοῦ
1907 1053 2020 1101 Πα-

356 1141 508 1214 τρὸς,
572 1142 673 1212 ἄρα
719 1139 808 1192 καὶ
854 1139 944 1192 τὸν
1013 1139 1134 1191 Υἱὸν
1204 1141 1659 1212 καταχρηστικῶς
1739 1137 2019 1211 ἄνθρωπον

365 1228 637 1300 λέξομενς
697 1224 901 1284 Μακεδ.
958 1231 1072 1283 ΙΙοῦ
1137 1228 1431 1302 γέγραπται
1488 1229 1940 1300 καταχρηστικῶς
1995 1225 2022 1277 6

364 1319 552 1385 ΙΙατήα
630 1318 948 1389 ἀνθρωπος;
1026 1319 1177 1392 Ὀρθ.
1254 1315 1432 1377 Αὐτὸς
1512 1316 1539 1368 6
1620 1316 1740 1376 Υἱὸς
1795 1313 1844 1368 έν
1903 1319 2022 1374 τοῖς

368 1405 729 1480 Εὐαγγελίοις
792 1405 937 1481 λέγει
993 1403 1154 1459 αυτὸν
1214 1406 1519 1480 ἄνθρωπον.
1580 1401 1786 1460 Μακεδ.
1865 1401 2022 1460 Ἀνά-

369 1495 531 1570 γνωθί
589 1515 681 1567 μοι
727 1498 833 1548 ποῦ
882 1494 1041 1549 αὐτὸν
1097 1492 1248 1568 λέγει
1299 1495 1601 1563 ἄνθρωπον.
1656 1493 1803 1564 Ὀρθ.
1857 1493 2021 1548 “Οταν

375 1583 521 1658 λέγῃ,
584 1607 612 1634 ‹‹
665 1581 986 1658 Ἄνθρωπός
1044 1603 1126 1643 τις
1177 1581 1401 1651 ἐποίησε
1448 1583 1657 1658 γάμους
1688 1586 1767 1652 τῷ
1798 1581 1898 1651 υἱῷ
1929 1579 2024 1634 αὐ-

367 1676 486 1740 τοῦ,
536 1696 563 1722 ››
615 1676 774 1726 ποῖον
809 1672 956 1747 λέγει
990 1671 1310 1746 ἀνθρωπονε
1355 1671 1452 1725 Καὶ
1485 1666 1608 1725 ὅταν
1644 1667 1796 1743 λέγῃ·
1840 1696 1858 1718 ι
1895 1675 2025 1723 ’Ἂν-

366 1759 583 1836 θρωπός
637 1781 720 1822 τις
767 1759 1046 1834 ἰφύτευσεν
1103 1759 1421 1832 ἀμπελῶνα,
1476 1759 1564 1813 καὶ
1603 1756 1812 1828 ἐξέδοτο
1863 1757 2020 1812 αὐτὸν

369 1855 662 1924 γεωργοῖς,
743 1855 900 1903 ποῖον
987 1853 1128 1911 νοεῖς
1233 1850 1549 1923 ἄνθρωπον;

371 1933 663 2012 παραϐολῇ
717 1938 807 1992 τὸν
872 1937 1106 2011 Πατέρα.
1167 1939 1312 2012 Ὀρθ.
1373 1943 1512 2010 Ἀρα
1573 1937 1685 2003 οὖν,
1735 1932 1922 2003 ἐπειδὴ
1975 1934 2024 1988 ἐν

368 2021 714 2102 παραϐολαῖς
767 2027 858 2080 τὸν
917 2026 1134 2101 Πατέρα
1205 2025 1352 2099 λέγει
1432 2022 1744 2098 ἄνθρωπον,
1816 2023 1906 2078 καὶ
1979 2023 2031 2076 έν

381 2115 518 2187 αὐτῇ
574 2119 642 2188 τῇ
701 2110 992 2192 παραϐολῇ
1045 2115 1134 2168 καὶ
1195 2115 1379 2168 ἑαυτὸν
1435 2114 1664 2187 Χριστὸν
1745 2115 2026 2188 ἄνθρωπον

381 2204 516 2278 μετά
566 2204 692 2264 τοὺς
753 2201 984 2264 δούλους
1033 2201 1461 2274 ἀπεσταλμένον,
1523 2201 1768 2273 εἴποιμεν
1830 2201 1888 2254 ἂν
1939 2202 2028 2255 καὶ

376 2293 536 2348 αὐτὸν
624 2292 715 2346 τὸν
797 2293 912 2346 Γὶὸν
1000 2297 1453 2366 καταχρηστικῶς
1531 2290 2028 2364 ένηνΘρωπηκέναι,

377 2378 587 2438 Μακεδ.
667 2381 760 2449 Μή
837 2381 1096 2455 γένοιτοί
1162 2380 1312 2454 Ὀρθ.
1373 2380 1493 2437 Ἐὰν
1573 2377 1638 2434 δά
1709 2377 2026 2450 ἀκούσωμεν

375 2469 669 2544 πρόσωπον
705 2469 940 2543 Πατρὸς,
974 2468 1004 2523 6'
1038 2468 1328 2543 βλέπουσ-ν
1365 2466 1586 2543 ἄγγελοι
1628 2471 1733 2522 τῶν
1767 2464 2024 2536 παιδίων,

376 2559 452 2620 ὡς
510 2558 560 2612 έν
619 2556 971 2632 Εὐαγγελίοις
1032 2557 1349 2634 γέγραπται·
1427 2557 1743 2629 ἀκούσωμεν
1803 2554 1862 2611 δὲ
1936 2556 2023 2611 καὶ

376 2647 669 2724 πρόσωπον
720 2648 870 2716 Ποῦ,
929 2646 958 2701 ὅ
1006 2645 1246 2719 ἔλαμψεν
1307 2646 1357 2699 έν
1405 2651 1484 2717 τῷ
1533 2641 1669 2719 ὄρει,
1725 2646 1815 2700 καὶ
1864 2643 2026 2720 έρῥά-

377 2757 529 2791 πισεν
589 2737 616 2792 6
677 2736 972 2811 ὑπηρέτης·
1035 2734 1205 2796 οὕτως
1253 2734 1551 2807 ἀκούσομεν
1601 2739 1708 2788 τῶν
1759 2755 2026 2806 σημαινο-

381 2824 601 2898 μένωνς
659 2825 693 2892 ἢ
732 2826 795 2880 τὸ
849 2825 943 2897 μὲν
994 2824 1250 2897 σώματος
1307 2824 1619 2898 πρόσωπον,
1668 2824 1730 2877 τὸ
1779 2821 1836 2878 δὲ
1865 2843 2025 2878 κατα-

377 2917 693 2989 χρηστικῶς
729 2913 1069 2986 ὀνομάσομεν
1104 2913 1419 2984 πρόσωπον,
1453 2912 1482 2968 ὅ
1521 2913 1656 2968 ἐστιν
1695 2911 2025 2980 ὑπόστασιςς

376 2999 581 3058 Μακεδ.
629 3000 1122 3076 Ὀμολογουμένως
1175 3000 1360 3062 ἄλλως
1420 3001 1506 3056 ἐπὶ
1549 2999 1644 3055 τοῦ
1677 3001 1911 3076 Πατρὸς,
1939 3001 2028 3054 καὶ

378 3089 567 3152 ἄλλως
627 3090 712 3144 ἐπὶ
765 3095 862 3145 τοῦ
922 3091 1064 3147 Υἱοῦ.
1128 3091 1272 3164 ὈρΟ.
1327 3089 1441 3145 Οὐκ
1497 3087 1620 3164 ἄρα,
1671 3089 1760 3142 καὶ
1809 3088 1855 3143 εἰ
1905 3087 2027 3164 περὶ

377 3176 473 3234 τοῦ
525 3179 737 3254 Πατρὸς
782 3179 1235 3253 καταγρηστικῶς
1303 3176 1511 3254 ε’ίρηται
1575 3179 1751 3252 ψυχὴ,
1810 3178 2027 3238 πάντως

379 3265 465 3322 καὶ
523 3267 647 3342 περὶ
699 3272 796 3321 τοῦ
855 3268 1003 3321 Υἱοῦ·
1058 3266 1376 3340 Μανιχαίων
1437 3267 1539 3340 γὰρ
1588 3266 1721 3335 αὕτη
1774 3267 1808 3336 ἠ
1846 3266 2026 3338 μανία,
2060 3239 2104 3305 C

380 3357 440 3410 τὸ
496 3355 672 3432 λέγειν
740 3356 816 3428 μὴ
870 3353 1345 3429 ἐνηνθρωπηκέναι
1402 3355 1492 3408 τὸν
1546 3355 1666 3408 Υἱὸν
1723 3359 1820 3408 τοῦ
1871 3357 2026 3409 Θεοῦ.

381 3442 591 3501 Μακεδ.·
644 3443 1150 3520 ἘνηνΘρωπηκέναι
1213 3442 1466 3518 λέγομεν·
1522 3441 1649 3498 ἀλλ’
1679 3441 1808 3517 οὐχὶ
1841 3444 2026 3516 ψυχὴν

377 3531 680 3610 εἰληφέναι.
752 3534 898 3606 Ὀρθ.
960 3533 1053 3601 Μὴ
1117 3530 1244 3605 λέγε
1303 3530 1777 3606 ένηνθρωπηκέναι
1841 3531 2028 3603 μόνον,

376 3620 522 3676 ἀλλὰ
569 3622 657 3677 καὶ
706 3626 1098 3685 σεσαθκῶσθαι.
1149 3621 1213 3676 Εἰ
1264 3621 1366 3696 γὰρ
1415 3621 1514 3674 οὐκ
1555 3615 1745 3674 ἔλαϐεν
1775 3617 2025 3694 ἔμψυχον

375 3716 556 3783 σῶμα,
624 3708 751 3764 οὐδὲ
822 3708 1228 3785 ἐνηνθρώπησε.
1312 3707 1514 3765 Μακεδ.
1579 3710 1676 3763 Διά
1731 3709 1818 3777 τίς
1880 3711 2028 3784 Ὀρθ.

373 3801 498 3856 ’Ότι
548 3804 708 3871 σῶμα
761 3797 996 3874 ἄψυχον,
1048 3799 1110 3852 τὸ
1161 3800 1234 3870 μὴ
1270 3805 1606 3867 κοινωνῆσαν
1644 3801 1798 3872 ψυχῇ
1833 3797 2028 3872 λογικῇ

375 3887 476 3943 οὐκ
530 3885 670 3943 ἔστιν
727 3887 1064 3959 ἀνθρώπινον
1113 3891 1293 3958 σῶμα.
1357 3888 1484 3948 Πῶς
1543 3884 1599 3940 δὲ
1644 3887 1716 3947 ὠς
1752 3912 1777 3938 ‹‹
1804 3883 2030 3946 ἀσπίδος

372 3984 565 4052 κωφῆς
633 3976 722 4032 καὶ
786 3975 1024 4049 βυούσης
1080 3975 1146 4029 τὰ
1207 3976 1318 4028 ὦτα
1364 3973 1555 4043 αὐτῆς,
1599 3972 1721 4041 ἥτις
1773 3973 1872 4027 οὐκ
1922 3973 2030 4028 εἰσ-

375 4065 662 4121 ακούσεται
721 4072 904 4143 φωνῆς
966 4061 1280 4135 έπᾴδοντος,
1341 4087 1368 4115 »
1429 4061 1601 4125 οὕτως
1660 4061 1878 4117 ἀκούετε
1933 4067 2030 4117 τοῦ

378 4155 586 4229 Πέτρου
613 4153 870 4228 λέγοντος
904 4152 954 4207 έν
983 4158 1102 4214 ταῖς
1139 4152 1369 4226 Πράξεσι
1399 4155 1505 4204 τῶν
1553 4149 1895 4215 ἀποστόλων,
1946 4151 2030 4205 ὅτι

375 4267 403 4293 ‹‹
436 4240 574 4300 Οὔτε
601 4245 634 4310 ἡ
667 4243 821 4316 ψυχὴ
853 4240 1018 4296 αὐτοῦ
1049 4239 1382 4317 κατελείφθη
1419 4239 1496 4301 εἷς
1531 4234 1814 4308 ἃδουρῦτε
1843 4242 1877 4308 ἡ
1903 4240 2029 4314 σὰρξ

372 4330 536 4386 miro-3
596 4328 710 4384 οἶδε
783 4329 1117 4407 διαφθοράν;
1198 4332 1294 4382 Καὶ
1354 4329 1381 4382 ὁ
1461 4330 1748 4405 προφήτης
1811 4327 2027 4390 Ἠσαίας

377 4420 496 4495 βοᾷ.
560 4445 580 4470 ι
643 4419 763 4475 Ἐὰν
812 4416 951 4473 δῶτε
993 4418 1116 4493 περὶ
1177 4415 1442 4489 ἁμαρτίας
1489 4417 1588 4483 τὴν
1637 4417 1820 4491 ψυχὴν
1852 4416 2027 4496 ὑμῶν,

373 4502 564 4581 ὄψεσθε
595 4509 810 4581 σπέρμα
845 4502 1163 4582 μακρόϐιον.
1203 4530 1230 4555 ››
1280 4505 1375 4560 Καὶ
1430 4504 1778 4579 βουλεύσεται
1832 4504 2026 4578 Κύριος

379 4594 431 4651 ἐν
482 4597 627 4672 χειρὶ
673 4597 838 4650 αὐτοῦ
884 4593 1101 4672 ἀφελεῖν
1148 4599 1243 4648 τοῦ
1296 4594 1464 4648 πόνου
1495 4601 1594 4662 τῆς
1627 4597 1811 4669 ψυχῆς
1842 4593 2026 4663 αὐτοῦ,

377 4682 541 4755 δεῖξαι
589 4687 736 4756 αὐτῷ
784 4689 922 4763 φῶς,
987 4684 1077 4738 καὶ
1122 4681 1325 4737 πλάσαι
1374 4686 1440 4756 τῇ
1482 4683 1709 4750 συνέσει,
1743 4679 2025 4737 δικαιῶσαι

376 4771 580 4829 δίκαιον
638 4775 694 4829 εὖ
745 4771 1072 4828 δουλεύοντα
1121 4769 1375 4832 πολλοῖς·
1449 4770 1538 4824 καὶ
1608 4771 1704 4831 τάς
1762 4771 2026 4846 ἁμαρτίας

375 4862 548 4918 αὐτῶν
592 4862 754 4919 αὐτὸς
805 4862 1025 4917 ἀνοίσει·
1089 4859 1185 4912 Διά
1233 4863 1392 4913 τοῦτο
1423 4859 1581 4918 αὐτὸς
1615 4857 2026 4933 κληρονομήσει

375 4951 646 5020 πολλοὺς,
704 4951 792 5006 καὶ
845 4953 950 5004 τῶν
1001 4948 1241 5024 ἰσχυρῶν
1299 4952 1474 5021 μεριεῖ
1523 4944 1715 5002 σκῦλα.
1752 4949 1891 5004 Ἀνο’
1952 4950 2026 5002 ὧν

376 5038 646 5112 παρεδόθη
710 5040 782 5101 εἰς
840 5038 1058 5093 θάνατον
1108 5040 1143 5106 ἡ
1203 5037 1355 5110 ψυχὴ
1405 5034 1588 5104 αὐτοῦ,
1640 5035 1728 5089 καὶ
1793 5035 1842 5090 ἐν
1909 5043 2029 5098 τοῖς

378 5129 604 5201 ἀνόμοις
658 5127 939 5204 ἐλογίσθη,
989 5126 1080 5183 καὶ
1131 5125 1288 5187 αὐτὸς
1336 5123 1600 5199 ἁμαρτίας
1646 5121 1872 5178 πολλῶν
1934 5127 2030 5178 ἀν-

376 5220 589 5293 ήνεγκε,
648 5217 738 5272 καὶ
788 5213 876 5271 διὰ
929 5223 1027 5284 τῆς
1088 5214 1316 5287 ἀνομίας
1394 5213 1567 5268 αὐτῶν
1644 5211 1937 5287 παρεδόθη.
2000 5238 2028 5265 ››

377 5304 581 5362 Μακεδ.
637 5306 734 5361 Καὶ
781 5308 948 5378 ἡμεῖς
1003 5301 1181 5377 ξ’σμεν,
1226 5304 1308 5358 ’ὁτι
1358 5300 1654 5376 πολλαχοῦ
1713 5299 1924 5377 εἷ’ρηται
1981 5303 2032 5358 ἐν

377 5399 446 5468 τῇ
509 5399 720 5472 Γραφῇ,
776 5393 860 5449 ὅτι
909 5394 1092 5470 ψυχὴν
1149 5391 1310 5467 εἶχεν·
1380 5390 1523 5446 ἀλλά
1577 5397 2030 5468 καταχρηστικῶς

448 5632 493 5668 ²¹
528 5629 736 5686 Matth.
794 5644 935 5694 χχιι,
984 5627 1038 5681 2.

382 5719 502 5772 Lm,
539 5702 732 5756 10-12.

1115 5627 1163 5662 ³³
1193 5626 1398 5683 Matth.
1455 5642 1571 5693 x11,
1604 5626 1693 5680 33.

1653 1843 1879 1941 Μακεδ.-
1901 1936 1910 1941 ⁸
1935 1847 2021 1941 ’Ev
2059 1879 2104 1941 B

1771 5627 1821 5662 ’3
1854 5626 2006 5683 Psal.
2064 5645 2207 5694 xvu,
2260 5631 2313 5697 5,
2371 5630 2424 5683 6.

2136 607 2395 662 animam
2431 609 2664 676 habeat,
2711 611 2851 666 dicit
2886 630 2898 667 :
2935 634 2963 662 ‹‹
3023 614 3082 667 In
3117 629 3232 684 quo
3277 613 3388 667 sibi
3439 611 3796 683 complacuit

2139 696 2340 751 anima
2372 714 2500 753 mea
2533 717 2546 755 :
2584 722 2610 748 »
2644 717 2832 771 neque
2855 702 2926 756 de
2956 702 3154 756 anima
3177 701 3483 755 hominum
3510 700 3793 772 loquitur,

2133 790 2199 838 ut
2230 791 2289 840 tu
2323 788 2565 857 quidem
2599 789 2920 844 existimas.
2955 791 3114 846 Orlh.
3152 790 3476 861 Improprie
3527 790 3790 844 animam

2134 873 2288 928 Patri
2325 876 2502 930 tribui
2537 879 2949 941 concedamus,
2984 878 3250 948 nunquid
3284 882 3341 933 et
3381 878 3452 933 de
3507 878 3649 933 Filio
3681 878 3791 932 im-

2132 963 2411 1034 proprie?
2440 963 2647 1021 Maced.
2681 966 2891 1020 Etiam.
2927 967 3082 1022 0rlh.
3115 967 3263 1031 Quid
3297 965 3348 1020 si
3378 972 3574 1021 autem
3619 970 3793 1021 Pater

2134 1051 2308 1107 homo
2334 1053 2584 1122 dicatur,
2617 1059 2675 1109 et
2706 1055 2756 1108 si
2788 1055 3109 1126 imprOprie
3131 1059 3301 1109 Pater
3323 1055 3539 1109 dicitur
3569 1071 3710 1109 num
3735 1064 3789 1110 et

2139 1139 2314 1195 Filius
2346 1141 2662 1214 improprie
2695 1143 2870 1198 homo
2901 1145 3128 1198 dicetur
3150 1144 3178 1197 ‘?
3220 1143 3418 1198 Maced.
3471 1143 3577 1198 Ubi
3622 1142 3796 1212 scri-.

2135 1235 2298 1300 ptum
2332 1236 2420 1285 est
2454 1233 2678 1286 Patrem
2713 1233 3034 1304 improprie
3063 1249 3192 1287 esse
3247 1233 3540 1287 hominem
3569 1231 3598 1286 ?
3637 1233 3770 1287 Orth

2133 1319 2290 1373 940
2323 1319 2502 1374 Filius
2536 1323 2656 1391 ipse
2687 1322 2745 1375 in
2781 1320 3108 1393 Evangeliis
3142 1321 3442 1374 hominem
3474 1320 3669 1391 ipsum
3701 1336 3795 1374 vo-

2135 1412 2248 1460 cat.
2284 1408 2495 1462 Maced.
2530 1408 2744 1464 Locum
2779 1409 2926 1481 lege,
2961 1426 3076 1480 quo
3111 1408 3308 1480 ipsum
3341 1408 3640 1462 hominem
3693 1423 3790 1463 vo-

2135 1499 2246 1550 cat.
2282 1499 2447 1552 Orlh.
2481 1499 2721 1561 Quando
2754 1499 2914 1564 dicit,
2953 1520 2979 1547 ιι
3016 1499 3199 1552 Homo
3240 1497 3481 1568 quidam
3516 1497 3649 1551 fecit
3680 1513 3792 1551 nu-

2136 1585 2287 1656 ptias
2321 1585 2439 1639 tilio
2463 1603 2570 1641 suo
2602 1588 2702 1655 3‘,»
2739 1586 2973 1656 qualem
3002 1585 3296 1640 hominem
3323 1584 3490 1639 dicit?
3520 1585 3586 1638 Et
3605 1601 3791 1654 quan-

2135 1673 2208 1728 do
2239 1674 2402 1741 dicit,
2436 1697 2463 1723 α
2498 1675 2682 1730 Homo
2723 1675 2965 1746 quidam
2999 1673 3288 1746 plantavit
3335 1673 3586 1741 vineam,
3617 1679 3675 1728 et
3704 1674 3788 1729 lo-

2136 1761 2281 1816 cavit
2313 1779 2440 1817 eam
2469 1763 2736 1833 agricolis
2767 1763 3109 1836 ",»qualem
3141 1761 3426 1833 intelligis
3459 1762 3791 1818 hominem?

2137 1852 2333 1905 Maced.
2371 1851 2430 1906 In
2465 1852 2739 1922 parabole
2789 1851 3041 1931 Patrem.
3093 1852 3245 1907 Orth.
3307 1852 3532 1922 Ergone
3582 1850 3784 1923 igitur,

2143 1956 2276 1994 cum
2306 1940 2365 1994 in
2399 1941 2691 2012 parabolis
2723 1941 2948 1996 Patrem
2982 1942 3140 1996 dicat
3171 1940 3488 2008 hominem,
3521 1945 3576 1995 et
3606 1941 3663 1993 in
3696 1955 3794 1994 ea-

2140 2030 2271 2083 dem
2308 2028 2405 2084 illa
2437 2031 2707 2100 parabole
2731 2032 2991 2102 seipsum
3019 2030 3174 2084 dicat
3197 2029 3492 2083 hominem
3527 2033 3658 2098 post
3674 2044 3795 2084 ser-

2140 2135 2240 2172 vos
2272 2119 2544 2186 missum,
2580 2119 2791 2173 Filium
2826 2119 3021 2189 ipsum
3045 2117 3364 2189 improprie
3388 2117 3686 2171 hominem
3716 2115 3796 2171 fa-

2139 2212 2295 2262 ctum
2353 2207 2535 2262 fuisse
2583 2208 2962 2262 dixerimus?
3007 2207 3215 2262 Maced.
3269 2205 3459 2259 Absit.
3508 2205 3666 2259 Orth.
3737 2204 3795 2259 Si

2137 2312 2272 2366 ergo
2305 2297 2669 2351 audierimus
2691 2297 2898 2350 faciem
2921 2295 3314 2365 Patris,quam
3349 2309 3665 2365 puerorum
3690 2310 3794 2348 an-

2135 2384 2247 2456 geli
2276 2385 2472 2438 vident
2505 2402 2516 2439 :
2554 2385 2602 2438 si
2635 2385 2773 2439 item
2805 2384 3169 2439 audierimus
3215 2383 3422 2437 faciem
3471 2381 3622 2448 Filii,
3664 2397 3792 2452 quae

2137 2473 2194 2527 in
2229 2478 2424 2528 monte
2455 2472 2838 2544 resplenduit,
2873 2477 2930 2527 et
2961 2487 3139 2542 quam
3173 2470 3445 2525 minister
3484 2468 3787 2525 Pontiﬁcis

2137 2562 2452 2632 percussit:
2486 2561 2642 2616 itane
2664 2562 2899 2632 propria
2923 2561 3234 2630 utrobique
3251 2559 3680 2630 significatione
3702 2559 3789 2613 ia-

2135 2651 2281 2705 ciem
2314 2651 2800 2721 accipiemus,aut
2832 2650 2979 2704 hanc
3009 2649 3244 2719 quidem
3273 2647 3534 2718 corporis
3555 2648 3782 2715 faciem,

2135 2739 2296 2794 illam
2319 2739 2634 2810 improprie
2655 2739 3086 2810 appellabimus
3111 2738 3476 2808 faciem,qu;e
3497 2741 3587 2791 est
3606 2736 3787 2807 hypo-

2137 2829 2315 2884 stasis
2341 2828 2362 2882 ?
2392 2831 2601 2884 Maced.
2636 2828 2911 2883 Omnium
2944 2843 3234 2882 consensu
3269 2825 3438 2880 aliter
3467 2825 3642 2890 Patri,
3677 2823 3782 2879 ali-

2140 2924 2226 2973 ter
2255 2917 2398 2973 Filio
2445 2918 2746 2972 tribuitur.
2800 2917 2961 2971 Orth.
3009 2916 3133 2971 Non
3183 2932 3319 2987 ergo
3371 2915 3421 2968 si
3468 2912 3788 2985 improprie

2138 3007 2339 3062 anima
2369 3007 2545 3070 Patri,
2582 3007 2858 3062 continuo
2888 3012 2945 3059 et
2973 3004 3115 3059 Filio
3140 3003 3456 3074 improprie
3487 3001 3789 3057 tribuitur.

2139 3096 2237 3150 Est
2263 3095 2382 3150 haec
2405 3094 2858 3150 Manichaeorum
2888 3093 3142 3158 insania,
3190 3093 3394 3146 docere
3443 3091 3656 3146 Filium
3687 3090 3792 3148 Dei

2141 3202 2253 3240 non
2289 3185 2470 3239 fuisse
2502 3183 2800 3238 hominem
2831 3184 3068 3238 factum.
3094 3180 3303 3236 Maced.
3329 3179 3636 3234 Hominem
3660 3195 3796 3235 eum

2141 3274 2355 3328 factum
2390 3273 2775 3336 conﬁtemur;
2809 3273 2908 3326 sed
2943 3271 3202 3325 animam
3245 3269 3644 3339 assumpsisse
3677 3283 3794 3324 non

2139 3363 2298 3416 item.
2335 3362 2488 3415 Orth.
2523 3361 2646 3415 Non
2679 3359 2978 3414 hominem
3032 3358 3220 3414 solum
3273 3358 3400 3425 dic,
3452 3357 3553 3410 sed
3586 3361 3643 3410 et
3671 3371 3798 3410 car-

2139 3467 2272 3506 nem
2309 3450 2545 3504 factum.
2579 3448 2778 3519 Neque
2810 3449 2966 3502 enim
3002 3449 3173 3501 homo
3208 3448 3396 3501 factus
3437 3449 3546 3513 est,
3580 3443 3627 3498 si
3661 3460 3792 3498 cor-

2139 3556 2250 3610 pus
2281 3538 2605 3594 animatum
2642 3554 2754 3593 non
2805 3536 3146 3606 assumpsit.
3203 3539 3420 3591 Maced.
3473 3533 3621 3596 Quid
3672 3531 3798 3586 ita?

2142 3627 2292 3681 Orth.
2327 3627 2470 3689 Quia
2503 3643 2714 3696 corpus
2751 3625 3038 3687 exanime,
3074 3623 3229 3694 quod
3264 3623 3335 3678 ab
3374 3622 3582 3676 animae
3614 3620 3792 3675 ratio-

2141 3717 2293 3770 nalis
2323 3715 2736 3770 communione
2767 3715 3102 3784 sejunctum
3135 3717 3244 3775 est,
3298 3727 3411 3766 non
3443 3716 3532 3765 est
3580 3725 3791 3778 corpus

2141 3805 2612 3859 humanum.Uur
2627 3808 2822 3857 autem
2850 3802 3037 3856 instar
3058 3801 3318 3872 «aspidis
3336 3799 3525 3855 surdae
3545 3803 3599 3851 et
3619 3798 3789 3852 obtu-

2141 3893 2326 3948 rantis
2357 3909 2530 3947 aures
2560 3907 2856 3962 suas,quaa
2892 3907 3006 3945 non
3037 3889 3312 3945 exaudiet
3357 3904 3555 3942 vocem
3586 3887 3788 3941 incan-

2140 3982 2322 4036 tantis
2352 3981 2417 4048 ’³,
2452 4003 2478 4031 ››
2513 3981 2594 4034 ita
2623 3997 2725 4034 vos
2755 3986 2812 4034 et
2853 3985 3086 4034 Petrum
3122 3977 3430 4041 auditis,in
3460 3975 3620 4031 Actis
3651 3991 3788 4044 apo-

2139 4070 2420 4125 lolorum
2453 4069 2734 4123 dicentem
2765 4085 2776 4121 :
2813 4089 2840 4116 «
2866 4068 2988 4122 Non
3014 4066 3348 4122 derelictam
3377 4081 3506 4121 esse
3534 4062 3792 4134 apudin-

2141 4159 2290 4213 feros
2323 4158 2582 4211 animam
2615 4157 2964 4225 ejus.neque
2982 4171 3216 4210 carnem
3237 4156 3364 4222 ejus
3387 4153 3645 4208 sensisse
3667 4167 3791 4205 cor-

2141 4245 2470 4317 ruptionem
2504 4243 2625 4297 3‘?»
2661 4248 2717 4298 et
2748 4243 2959 4298 Isaiam
2995 4242 3348 4297 clamantem
3383 4259 3396 4297 :
3435 4264 3456 4289 α
3489 4241 3549 4296 Si
3575 4239 3793 4294 dabitis

2141 4351 2242 4405 pro
2279 4337 2510 4404 peccato
2541 4333 2799 4386 animam
2831 4335 3108 4395 vestram,
3141 4328 3414 4384 videbitis
3444 4345 3641 4384 semen
3666 4328 3789 4382 lon-

2139 4439 2384 4492 gaevum.
2421 4421 2488 4474 Et
2519 4419 2638 4474 vult
2673 4420 2954 4474 Dominus
2985 4419 3043 4472 in
3075 4435 3252 4472 manu
3273 4418 3398 4486 eius
3429 4415 3656 4471 auferre
3683 4417 3788 4471 d0-

2138 4511 2320 4566 lorem
2355 4510 2564 4564 anima:
2595 4509 2744 4578 ejus,
2778 4507 3084 4562 ostendere
3116 4506 3166 4560 ei
3200 4505 3413 4570 lucem,
3454 4510 3510 4559 et
3540 4503 3791 4558 formare

2060 4601 2106 4665 D
2139 4598 2610 4669 intelligentiam,
2665 4598 3033 4651 innocentem
3085 4595 3314 4649 efﬁcere
3355 4596 3609 4664 justum,
3646 4596 3792 4647 bene

2138 4689 2486 4746 servientem
2523 4686 2745 4752 multis;
2778 4691 2835 4740 et
2859 4689 3095 4756 peccata
3123 4700 3325 4739 eorum
3353 4684 3479 4754 ipse
3511 4679 3784 4752 portabit.

2136 4782 2501 4849 Quapropter
2530 4776 2654 4846 ipse
2687 4774 3008 4846 possidebit
3048 4773 3287 4836 multos,
3341 4777 3397 4826 et
3427 4771 3662 4826 fortium
3698 4770 3787 4824 di-

2136 4868 2295 4921 videt
2325 4865 2646 4936 spolia.Pro
2677 4881 2742 4918 eo
2770 4868 2962 4918 autem
2994 4863 3146 4934 quod
3180 4861 3395 4916 tradita
3423 4867 3510 4916 est
3540 4859 3598 4913 in
3633 4874 3786 4912 mor-

2139 4961 2253 5010 tem
2287 4953 2486 5009 anima
2515 4954 2664 5022 ejus,
2694 4959 2750 5006 et
2781 4952 2932 5006 inter
2973 4951 3207 5020 iniquos
3256 4953 3561 5018 reputatus
3591 4950 3699 5011 est,
3730 4949 3789 5000 et

2138 5043 2264 5114 ipse
2302 5046 2534 5113 peccata
2568 5042 2884 5095 multorum
2921 5039 3073 5105 tulit,
3107 5044 3164 5091 et
3188 5041 3417 5106 propter
3450 5034 3788 5104 iniquitates

2139 5148 2340 5186 eorum
2376 5130 2627 5184 traditus
2676 5135 2766 5183 est
2817 5130 2875 5182 '5.
2932 5150 2958 5176 »
3010 5126 3211 5181 Mueed.
3269 5123 3496 5177 Scimus
3549 5139 3700 5192 saepe
3732 5123 3788 5174 in

2140 5220 2442 5290 Scriptura
2472 5219 2606 5285 dici,
2641 5218 2834 5288 ipsum
2869 5217 3084 5270 habere
3115 5213 3396 5276 animam,
3428 5211 3527 5265 scd
3573 5211 3791 5280 impro-

2143 5309 2286 5379 prie,
2347 5326 2461 5362 non
2523 5323 2673 5372 vere,
2734 5306 2958 5360 dictum
3017 5309 3125 5357 est.
3188 5303 3339 5357 Orth.
3401 5300 3796 5368 Quaecumque

2143 5397 2323 5466 igitur
2354 5397 2610 5450 humana
2638 5397 2709 5449 de
2740 5394 2868 5464 ipso
2901 5396 3042 5447 sunt
3070 5390 3244 5453 dicta,
3302 5388 3496 5457 qualia
3528 5390 3669 5441 sunt
3697 5402 3798 5440 au-

2501 5627 2547 5662 "
2592 5627 2714 5682 Act.
2746 5643 2808 5692 ιι,
2865 5623 2926 5678 3t
2962 5643 2975 5691 ;
3011 5619 3163 5678 Psal.
3222 5637 3313 5690 xv,
3373 5620 3458 5673 10.
3563 5618 3607 5651 ³⁸
3665 5622 3782 5672 Isa.
