4104 6440
369 386 524 445 i335
1557 380 1623 438 S.
1668 377 2192 440 A'I‘HANASIUS.
2232 412 2300 423 —
2339 384 2601 444 DUBIA.
3657 383 3813 445 i336

371 514 553 581 ditus,
586 513 768 578 visus,
802 509 1073 578 olfactus,
1107 525 1234 575 vox,
1264 511 1498 580 gustus,
1523 506 2022 578 concupiscentia,

2164 505 2369 582 Ὕρηται,
2444 511 2534 565 καὶ
2610 509 2710 565 οὐκ
2783 507 3026 582 ἀληθείᾳ.
3090 510 3243 585 Ὀρθ.
3309 507 3502 564 Πάντα
3561 507 3655 564 οὖν
3717 508 3812 565 ὅσα

373 602 557 669 dolor,
591 610 815 672 stupor,
845 600 1129 659 anxietas.
1163 595 1587 661 obambulatio,
1632 597 2017 668 figurate,non

2162 594 2343 671 ἔρηται
2401 602 2524 674 περὶ
2586 599 2752 654 αὐτοῦ
2805 597 3144 675 ἀνθρώπινα,
3195 599 3313 654 οἷον
3367 598 3541 666 ἀκοὴ,
3608 597 3812 673 ὅρασις,

376 691 627 763 proprie,
656 690 811 745 dicta
854 686 1109 743 fuerint?
1137 686 1339 741 Maced.
1390 689 1512 739 Imo
1563 701 1630 739 ea
1673 701 1800 755 quae
1854 684 2024 739 modo

2168 706 2418 763 σφρησις,
2438 690 2615 765 φωνὴ,
2646 692 2853 762 γεῦσις,
2884 685 3163 759 ἐπιθυμία,
3195 684 3379 757 λύπη,
3413 681 3653 759 θάμϐος,
3686 684 3813 757 ἁδη-

300 811 303 814 ν
376 784 665 836 recensita
694 782 856 841 sunt,
887 775 1087 831 omnia
1120 774 1351 847 proprie
1381 774 1493 845 ipsi
1521 777 1860 844 competunt
1885 790 1897 828 :
1924 772 2024 827 sed

2162 776 2322 846 ιονία,
2381 777 2698 853 περίπατος,
2762 779 3220 851 καταχρηστικῶς
3281 773 3535 851 εἴρηται,
3597 775 3689 830 καὶ
3721 774 3817 830 οὐκ

377 869 577 924 anima
608 866 946 938 improprie.
982 864 1433 921 0rth.Nimirum
1464 863 1566 934 qui
1601 862 1682 917 illi
1715 861 2031 929 laboranti,

2162 863 2411 936 ιληθείᾳ,
2467 864 2666 922 Μακεδ.
2715 864 2891 920 Πάντα
2937 868 3107 919 ταῦτα
3146 864 3216 918 τὰ
3244 864 3645 940 προειρημένα
3674 862 3815 935 ἀλη-

378 973 563 1027 exque
607 956 865 1024 ossibus,
938 954 1151 1019 nervis,
1220 952 1401 1021 venis,
1483 951 1713 1007 arteriis
1783 949 2033 1021 aliisque

2162 957 2247 1015 ιῶς
2290 951 2521 1029 εἷ’ρηται,
2571 954 2724 1030 ψυχὴ
2773 951 2831 1008 δὲ
2878 957 3364 1029 καταχρηστικῶς.
3433 953 3587 1026 Ὀρθ.
3641 953 3739 1007 Καὶ
3789 954 3816 1007 ὁ

383 1044 667 1102 membris
715 1049 772 1099 et
828 1042 1093 1114 partibus
1154 1042 1454 1111 compacto
1502 1038 1729 1110 corpori
1776 1054 1836 1092 se
1868 1036 2035 1092 unire

2162 1042 2476 1113 ιαταξιώσας
2525 1047 2788 1098 κοπιῶντι
2835 1046 2917 1114 τῷ
2965 1042 3203 1114 σώματι,
3248 1041 3343 1096 καὶ
3377 1039 3697 1119 ἐξ⁴ὀστὲων,
3730 1042 3815 1096 καὶ

383 1134 661 1206 dignatus
683 1136 795 1199 est,
828 1133 878 1186 is
908 1130 1166 1186 animam
1203 1145 1313 1183 non
1348 1126 1599 1182 habuit?
1630 1126 1827 1182 Maced.
1856 1126 2037 1190 Quor-

2162 1130 2374 1203 ρεύρων,
2404 1132 2493 1186 καὶ
2524 1126 2765 1210 φλεϐῶν,
2786 1130 2876 1185 καὶ
2901 1129 3239 1207 φᾶρτηριῶν,
3272 1130 3372 1185 καὶ
3404 1128 3604 1185 ἄλλων
3639 1127 3814 1202 μελῶν

385 1240 519 1280 sum
536 1221 663 1277 Vita
692 1238 838 1291 opus
859 1218 1277 1274 habuitanima
1295 1214 1323 1270 ?
1354 1216 1579 1272 Orth.Et
1601 1215 1742 1286 quid
1767 1212 2037 1269 carneilli

2162 1225 2244 1275 τοῦ
2276 1221 2528 1293 σώματος
2555 1221 2645 1275 καὶ
2680 1224 2855 1296 μερῶν
2888 1217 3222 1295 συμπαγέντι
3254 1217 3681 1290 ἑνωθῆναι,οὐκ
3706 1220 3814 1294 εἶχε

385 1328 536 1382 opus
569 1310 698 1379 fuit,
732 1308 828 1379 qui
866 1306 1130 1378 patribus
1163 1306 1378 1360 nostris
1408 1304 1581 1359 etiam
1616 1306 1837 1374 absque
1866 1318 2041 1359 carne

2162 1312 2335 1385 pax-liv
2363 1329 2376 1378 ;
2408 1307 2609 1365 Μακεδ·
2644 1309 2712 1366 Τί
2746 1307 2935 1384 χρείαν
2970 1309 3091 1383 εἶχε
3119 1311 3308 1383 ψυχῆς
3363 1309 3402 1377 ἡ
3447 1309 3577 1378 Ζωή
3610 1327 3624 1377 ;
3674 1309 3807 1380 Ὁρθ.

368 1400 549 1458 ’νίευε
580 1399 714 1456 est?
742 1398 940 1455 Maced.
976 1399 1160 1453 Carne
1192 1413 1339 1467 opus
1370 1395 1603 1463 habuit,
1660 1400 1724 1449 ut
1777 1394 2040 1466 cruciﬁgi

2162 1408 2210 1462 Γί
2241 1404 2299 1461 δὲ
2328 1406 2510 1483 χριίαν
2553 1407 2670 1483 εἶχε
2721 1409 2822 1475 τῆς
2869 1405 3088 1482 σαρκὸς,
3137 1405 3166 1460 ὁ
3216 1404 3344 1460 ἄνευ
3404 1405 3614 1478 σαρκὸς
3647 1404 3816 1482 ὀφθεὶς

390 1494 608 1563 posset.
642 1489 793 1545 Orth.
839 1488 933 1543 Sic
986 1486 1185 1543 anima
1235 1502 1384 1557 opus
1434 1483 1664 1550 habuit,
1719 1494 1784 1538 ut
1826 1483 2041 1548 dolere,

2162 1497 2287 1571 πρὸς
2344 1495 2473 1559 τοὺς
2529 1494 2761 1571 πατέρας
2817 1496 3015 1567 ἡμῶνς
3067 1492 3268 1551 Mum-:8.
3324 1494 3426 1557 Εἰς
3474 1494 3542 1549 τὸ
3574 1513 3815 1568 σταυρω-

390 1577 748 1643 contristari,
779 1584 839 1631 ut
888 1590 1287 1648 expavescere,
1343 1577 1408 1627 ut
1460 1573 1615 1644 apud
1668 1572 2044 1650 inferosesse

2162 1592 2313 1654 θῆναι
2366 1585 2553 1660 χρείαν
2601 1584 2719 1659 εἶχε
2774 1582 2991 1659 σαρκός.
3052 1584 3200 1660 Ὀρθ.
3251 1583 3354 1637 Καὶ
3408 1582 3491 1645 εἷς
3541 1583 3608 1638 τὸ
3639 1579 3820 1653 λυπη-

394 1672 611 1739 posset.
645 1666 763 1721 Hoc
794 1671 884 1720 est
912 1663 1094 1729 enim,
1123 1668 1361 1733 formam
1407 1663 1554 1716 servi
1598 1662 1896 1733 accipiens,
1929 1678 2042 1716 non

392 1755 453 1811 in
486 1770 725 1826 corpone
755 1755 1040 1809 duntaxat
1072 1767 1370 1823 apparere,
1405 1750 1507 1805 sed
1538 1749 1838 1806 servitutis
1869 1749 2043 1805 etiam

399 1843 703 1917 passiones
735 1858 1056 1898 assumere.
1091 1839 1291 1917 Macati.
1326 1839 1597 1894 Formam
1625 1838 1774 1894 servi
1821 1854 2049 1893 assum-

400 1914 540 2005 psit,
571 1931 807 2004 quando
838 1946 1072 1986 carnem
1112 1914 1455 2000 assumpsit.
1489 1926 1642 1983 0rth.
1693 1927 1901 1982 Forma
1949 1924 2050 1980 Dei

400 2026 564 2078 estne
598 2021 850 2092 perfecta
881 2018 976 2073 Dei
1011 2018 1196 2072 forma
1217 2016 1245 2070 ?
1276 2015 1478 2074 Maced.
1511 2015 2050 2087 Etiam.0rth.Ergo

403 2116 459 2166 et
489 2109 677 2167 forma
705 2108 1139 2180 servi,perfecta
1155 2104 1300 2161 servi
1323 2106 1507 2160 forma
1525 2102 1788 2160 est.Hinc
1815 2103 1972 2158 enim
1992 2106 2051 2158 et

399 2204 606 2271 stupor
617 2203 673 2253 et
684 2196 916 2253 doleret
928 2195 1289 2268 angor,quod
1313 2195 1498 2249 forma
1524 2193 1673 2249 servi
1687 2191 2045 2265 perfectasit.

396 2301 589 2367 Atque
606 2295 727 2350 haac
739 2294 964 2350 estovis
985 2292 1083 2348 illa
1097 2310 1273 2364 quam
1294 2292 1397 2364 qui
1414 2295 1691 2363 quaeritet
1708 2290 2049 2360 invenit,su-

391 2401 498 2457 per
510 2384 791 2439 humeros
812 2383 1066 2447 fert,non
1085 2388 1149 2436 ut
1160 2398 1280 2436 rem
1302 2380 1669 2445 inanem,sed
1685 2378 1905 2434 animal
1922 2379 2046 2434 ani-

389 2469 1098 2543 matum,permittensilli
1120 2476 1182 2524 ut
1206 2470 1511 2542 passiones
1536 2469 1887 2538 habeat,non
1918 2469 2046 2526 illas

389 2560 627 2634 quidem
642 2560 997 2632 peccati,sed
1017 2564 1265 2614 naturas:
1285 2576 1357 2614 ne
1371 2558 1683 2631 phantasia
1698 2575 1828 2614 esse
1846 2559 2047 2614 existi-

392 2654 606 2714 metur,
634 2655 692 2704 et
720 2648 976 2703 insaniat
1004 2647 1357 2703 Manichaaus
1393 2647 1602 2703 Maced.
1645 2646 2048 2703 Concedamus

395 2738 545 2794 491
582 2738 654 2793 de
685 2737 883 2792 anima
916 2735 1160 2808 pulchre
1190 2741 1244 2790 te
1276 2737 1587 2794 disserere:
1621 2737 1723 2790 sed
1742 2736 1881 2806 quid
1910 2752 2047 2791 cau-

397 2843 474 2881 sa;
503 2831 595 2882 est
622 2841 727 2881 cur
756 2823 1317 2881 consubstantialem
1350 2823 1556 2879 Filium
1592 2823 1745 2878 Patri
1797 2824 2003 2879 dicatis
2023 2823 2051 2878 ?

400 2924 555 2979 Orth.
586 2922 732 2986 Quia
760 2938 934 2994 quam
967 2922 1185 2977 dixeris
1214 2938 1343 2978 esse
1374 2921 1661 2975 rationem
1711 2921 2049 2976 substantiae

402 3012 614 3081 Patris,
646 3028 776 3066 eam
811 3011 998 3082 ipsam
1032 3022 1086 3065 et
1116 3008 1459 3066 substantiae
1493 3009 1623 3064 Filii
1664 3026 1791 3064 esse
1839 3010 2049 3064 statui-

402 3117 557 3157 mus.
591 3099 787 3155 Maced.
823 3100 934 3154 Sed
966 3098 1111 3154 illud
1140 3115 1255 3155 non
1288 3104 1379 3154 est
1409 3097 1930 3161 consubstantialr,
1950 3098 2050 3153 sed

402 3189 739 3245 substantia
779 3187 991 3243 simile.
1039 3187 1189 3243 Orth.
1235 3186 1439 3241 Simile
1486 3186 1819 3242 substantia
1845 3192 1955 3252 est,
1989 3191 2054 3242 ut

400 3277 485 3334 ita
530 3277 746 3343 dicam,
798 3275 1048 3347 agrestis
1095 3275 1428 3346 sapientia:
1462 3281 1525 3328 ut
1570 3273 1621 3329 si
1668 3274 1803 3345 quis
1824 3238 2053 3343 dixerit,
2088 3238 2131 3305 C

400 3366 559 3439 quod
587 3364 742 3420 idem
774 3365 853 3419 sit
886 3363 1060 3418 unius
1090 3363 1270 3418 moris
1300 3368 1359 3418 et
1388 3363 1604 3418 similis
1636 3364 1839 3430 moris,
1878 3363 2056 3418 idem-

400 3471 516 3526 que
546 3453 721 3509 unius
753 3452 983 3524 generis
1014 3456 1071 3507 et
1123 3450 1336 3506 similis
1365 3452 1622 3523 generis,
1653 3450 1826 3506 unius
1857 3449 2055 3521 gloriae

403 3548 459 3599 et
482 3541 696 3598 similis
726 3540 944 3613 glorias,
980 3540 1159 3595 unius
1207 3539 1520 3594 sententiae
1568 3544 1626 3593 et
1673 3538 1881 3594 similis
1921 3556 2055 3594 sen-

404 3630 622 3687 tentiae.
654 3629 852 3685 Maced.
884 3628 1403 3700 Nequaquam,sed
1432 3628 1741 3682 substantia
1770 3628 1953 3682 simile
1985 3628 2056 3682 de

407 3719 788 3790 incorporeis,
821 3715 1289 3773 comubslantzale
1319 3716 1391 3770 de
1431 3716 1773 3786 corporibus
1820 3715 2053 3770 dicitur.

408 3805 563 3861 Orth.
602 3806 724 3862 Dixi
740 3812 1026 3878 agrestem
1050 3821 1179 3860 esse
1199 3804 1582 3876 sapientiam:
1614 3804 1807 3875 potius
1839 3805 2057 3876 quippe

408 3895 601 3949 dicere
630 3911 731 3949 vos
762 3894 1020 3965 oportuit
1046 3893 1356 3947 substantia
1398 3893 1583 3947 simile
1611 3894 1681 3947 de
1711 3892 2055 3963 corporibus

410 3983 469 4037 in
516 3999 642 4054 quae
694 3983 853 4037 cadit
904 3981 1249 4047 similitudo,
1298 3981 1759 4036 consubstantiale
1805 3998 1937 4035 vero
1985 3980 2057 4035 de

406 4070 765 4142 incorporeis
797 4069 932 4134 dici,
964 4086 1023 4123 1n
1056 4086 1183 4140 quae
1215 4069 1372 4124 cadit
1400 4069 1679 4125 identitas
1715 4086 1726 4124 :
1760 4086 1895 4124 nam
1926 4086 2055 4125 con-

403 4159 767 4215 substantiale
794 4164 884 4214 est
910 4158 1150 4226 eiusdem
1175 4159 1557 4214 substantiale.
1578 4158 1781 4215 Maced.
1814 4160 1887 4212 At
1917 4175 2055 4213 con-

404 4247 818 4305 substantialia
887 4248 1291 4318 praejacentem
1345 4247 1561 4303 habent
1637 4247 2051 4302 substantiam.

404 4346 565 4403 Orth.
598 4346 985 4416 Nequaquam
1019 4360 1146 4399 vere
1177 4343 1326 4400 dicis
1359 4362 1373 4401 :
1410 4361 1545 4399 nam
1578 4346 2055 4400 consubstantia-

403 4435 476 4490 lis
505 4440 595 4490 est
626 4434 739 4488 Eva
765 4434 1011 4498 Adamo,
1043 4449 1234 4504 neque
1263 4438 1461 4488 tamen
1495 4433 1715 4487 habent
1744 4434 2054 4503 praejacen-

400 4528 518 4578 tem
535 4522 839 4578 hominum
853 4521 1594 4577 substantiam.Mm;cd.Sed
1608 4526 1825 4576 terram
1843 4521 2059 4575 habent

2154 1676 2330 1744 θῆναι,
2389 1674 2478 1729 καὶ
2536 1670 2905 1746 ἀδημονῆσαι,
2959 1671 3050 1726 καὶ
3106 1665 3563 1744 ἂθαμόηθῆναι,
3622 1670 3712 1725 καὶ
3768 1670 3816 1725 ἐν

2156 1760 2289 1833 ’ᾲδου
2345 1762 2606 1837 γενέσθαι,
2668 1760 2858 1836 χρείαν
2909 1759 3027 1835 εἶχε
3072 1763 3281 1835 ψυχῆς.
3335 1762 3529 1817 Τοῦτο
3580 1762 3685 1834 γάρ
3716 1759 3819 1814 ἐστι

2083 1877 2128 1940 Β
2154 1853 2219 1906 τὸ
2279 1850 2493 1927 μορφὴν
2536 1846 2757 1940 ,δούλου
2817 1842 3025 1940 λαϐῲν,
3070 1848 3134 1902 οὐ
3176 1848 3239 1902 τὸ
3290 1847 3345 1940 εν
3397 1848 3624 1940 σώματι
3655 1850 3816 1940 cpia-if-

2157 1962 2245 1995 ναι
2280 1940 2466 2012 μόνον,
2499 1937 2643 1995 ἀλλά
2671 1937 2761 1993 καὶ
2788 1938 2853 1992 τὸ
2880 1938 2948 1992 τὰ
2974 1939 3120 2007 πάθη
3150 1944 3252 2007 τῆς
3296 1934 3563 1999 δουλείας
3616 1932 3818 1994 λαϐεῖν.

2161 2028 2362 2085 Μακεδ.
2395 2029 2623 2105 Μορφήν
2668 2023 2871 2081 δούλου
2918 2020 3102 2092 ἔλαϐε,
3158 2025 3329 2101 σάρκα
3392 2020 3612 2082 λαϐών.
3674 2027 3818 2099 Ὀρθ.

2155 2124 2215 2173 Ἦ
2252 2117 2439 2193 μορφὴ
2468 2119 2565 2171 τοῦ
2614 2119 2748 2170 Θεοῦ
2793 2112 2978 2169 τελεία
3027 2112 3139 2168 ἐστὶ
3173 2115 3362 2190 μορφὴ
3398 2118 3584 2184 Θεοῢς
3620 2112 3820 2171 Μακεδ.

2158 2205 2282 2262 Ναί.
2344 2206 2487 2279 ὈρΘ.
2548 2203 2646 2258 Καὶ
2697 2204 2732 2272 ἠ
2794 2202 2978 2279 μορφή
3040 2196 3143 2276 ἄρα
3195 2205 3293 2256 τοῦ
3356 2198 3574 2257 δούλου
3645 2201 3821 2257 τεΛεία

2161 2294 2346 2373 μορφὴ
2401 2297 2499 2347 τοῦ
2557 2289 2759 2347 δούλου
2816 2289 2948 2347 ἐστί.
3002 2290 3100 2344 Διὰ
3137 2294 3298 2345 τοῦτο
3326 2291 3435 2367 γὰρ
3461 2291 3556 2346 καὶ
3590 2285 3819 2364 θάμϐος,

2155 2382 2246 2438 καὶ
2304 2381 2476 2452 λύπη,
2533 2379 2623 2435 καὶ
2678 2376 2972 2451 ἀδημονία,
3033 2375 3122 2432 διὰ
3163 2379 3227 2434 τὸ
3265 2377 3488 2434 τελειαν
3538 2381 3674 2434 εἶναι
3722 2380 3815 2448 τὴν

2154 2476 2252 2526 τοῦ
2311 2468 2513 2525 δούλου
2574 2469 2813 2545 μορφήν.
2874 2467 2972 2521 Καὶ
3029 2466 3190 2521 τοῦτό
3236 2466 3348 2523 ἐστι
3399 2468 3467 2523 τὸ
3518 2463 3814 2544 πρόϐατον,

2157 2569 2188 2623 ὅ
2247 2570 2483 2638 ζητήσας
2538 2565 2627 2621 καὶ
2687 2564 2880 2637 εὑρὼν,
2941 2563 3028 2618 ἐπὶ
3086 2568 3190 2618 τῶν
3254 2561 3428 2637 ὣμων
3493 2564 3671 2643 φέρει,
3727 2565 3821 2619 οὐκ

2157 2655 2319 2712 ἀσκὸν
2370 2654 2605 2730 ἄψυχον,
2656 2651 2785 2708 ἀλλ’
2831 2650 3081 2728 ἔμψυχον
3130 2656 3292 2725 ζῶον,
3327 2659 3646 2729 συγγωρῶν
3680 2654 3821 2724 αὐτῷ

2158 2743 2304 2821 ἔχειν
2343 2746 2411 2800 τὰ
2468 2746 2636 2813 πάθη,
2687 2742 2749 2798 οὐ
2797 2742 2865 2797 τὰ
2908 2749 3010 2811 τῆς
3057 2741 3348 2817 ἁμαρτίας,
3402 2741 3560 2798 ἀλλὰ
3603 2744 3670 2797 τὰ
3727 2748 3823 2811 τῆς

2159 2835 2386 2912 φύσεως·
2460 2832 2551 2887 ’ίνα
2646 2832 2723 2904 μή
2810 2830 3073 2909 φαντασία
3147 2830 3406 2906 νομισθῇ,
3488 2831 3582 2887 καὶ
3663 2838 3822 2885 Μανι-

2159 2928 2319 2999 χαῖος
2377 2926 2537 2994 μανῇ.
2587 2916 2796 2977 Μακεδ.
2848 2923 3054 2991 Δῶμεν.
3105 2918 3189 2973 ὅτι
3240 2919 3364 2993 περὶ
3420 2922 3615 2994 ψυχῆς
3647 2917 3825 2977 καλῶς

2161 3010 2360 3086 λέγεις’
2421 3008 2511 3065 διὰ
2564 3009 2615 3063 τί
2668 3008 2759 3063 καὶ
2820 3007 3113 3080 ὁμοούσιον
3176 3006 3359 3083 λέγετε
3416 3009 3513 3063 τὸν
3570 3009 3695 3062 Υίὸν
3749 3011 3823 3077 τῷ

2161 3100 2367 3175 Πατρί;
2429 3100 2578 3173 Ὀρθ.
2635 3099 2761 3155 ’Ότι
2821 3096 2877 3151 ὅν
2939 3096 3025 3151 ἐὰν
3077 3094 3230 3170 eicit-9c
3277 3095 3449 3171 λόγον
3499 3104 3604 3165 τῆς
3653 3095 3827 3154 οὐσίας

2166 3192 2264 3243 τοῦ
2313 3188 2544 3261 Πατρὸς,
2603 3190 2794 3240 τοῦτον
2845 3184 3005 3239 αὐτὸν
3063 3185 3154 3239 τὸν
3198 3182 3364 3259 λόγον
3400 3186 3538 3240 εἶναι
3569 3185 3824 3256 τιθέμεθα

2167 3282 2258 3333 καὶ
2324 3283 2423 3346 τῆς
2496 3279 2594 3331 τοῦ
2668 3275 2797 3328 ficii
2870 3273 3074 3335 οὐσίας.
3156 3270 3358 3338 Μακεδ.
3420 3272 3605 3329 Ἀλλά
3660 3276 3822 3327 τοῦτο

2165 3366 2269 3420 οὐκ
2316 3365 2456 3420 ἔστιν
2513 3363 2831 3437 ὁμοούσιον,
2892 3360 3040 3418 ἀλλᾶ
3095 3361 3471 3435 ὁμοιοούσιον.
3534 3363 3684 3438 Ὀρθ.
3746 3358 3820 3416 Τὸ

2166 3453 2539 3526 ὁμοιοοόσιον,
2590 3453 2657 3506 i’v’
2711 3449 2908 3521 οὕτως,
2954 3448 3113 3521 εἷίπω,
3164 3449 3424 3526 ἄγροικος
3459 3449 3626 3527 σοφία
3656 3445 3812 3503 ἐστίν·

2165 3543 2239 3605 ὡς
2272 3541 2359 3597 ἐὰν
2409 3539 2541 3617 λέγῃ
2587 3561 2672 3602 τις
2716 3540 2808 3594 τὸν
2854 3537 3166 3613 ὁμότροπον
3214 3538 3606 3614 ὁμοιότροπον.
3658 3538 3693 3606 ἢ
3722 3536 3808 3590 τὸν

2166 3633 2405 3706 ὁμογενῆ
2441 3631 2761 3703 ὁμοιογενῆ,
2790 3628 2826 3696 ἢ
2856 3627 2947 3681 τὸν
2980 3623 3244 3698 ὁμόδοξον
3278 3625 3629 3700 ὁμοιόδοξον,
3662 3626 3697 3695 ἢ
3728 3624 3813 3678 τὸν

2165 3719 2447 3796 ὁμόφρονα
2477 3716 2836 3793 ὁμοιόφρονα.
2868 3713 3070 3772 Μακεδ.
3107 3715 3224 3772 Οὕκ
3251 3714 3399 3771 ἀλλὰ
3445 3717 3508 3771 τὸ
3558 3715 3813 3787 ὁμοιοού-

2166 3828 2280 3863 σιον
2342 3807 2429 3862 ἐπὶ
2479 3811 2586 3861 τῶν
2638 3804 2965 3877 ἀσωμάτωνσ
3008 3804 3072 3858 τὸ
3116 3801 3174 3858 δὲ
3221 3804 3521 3877 ὁμοούσιον
3573 3803 3661 3859 ἐπὶ
3708 3805 3809 3855 τῶν

2167 3898 2457 3969 σωμάτων.
2492 3896 2635 3969 Ὀρθ.
2669 3892 2951 3960 Εἶπον,ὅτι
2981 3893 3237 3967 ἄγροικος
3269 3891 3434 3970 σοφία
3464 3889 3811 3963 ἐστί-μᾶλλον

2164 3986 2266 4061 γὰρ
2296 3985 2359 4039 τὸ
2410 3984 2517 4056 ὁμο
2530 3983 2766 4038 ιοούσιον
2820 3978 2928 4036 ἔδει
2960 3979 3212 4056 λέγεσθαι
3243 3981 3372 4037 παύ³
3403 3983 3557 4055 ὑμῶν
3592 3979 3679 4035 ἐπὶ
3715 3982 3814 4031 τῶν

2163 4074 2451 4145 σωμάτων,
2503 4071 2589 4148 ἐφ’
2635 4071 2709 4124 ὧν
2759 4069 2851 4124 καὶ
2898 4069 3188 4141 ὁμοιότης,
3220 4070 3282 4123 τὸ
3314 4066 3371 4124 δὲ
3401 4068 3699 4143 ὁμοοόσιον
3732 4065 3813 4119 ἐπὶ

2163 4165 2268 4217 τῶν
2303 4158 2629 4233 ἀσωμάτων,
2663 4157 2743 4236 ἐφ’
2773 4158 2845 4211 ὧν
2877 4159 2912 4226 ὴ
2945 4156 3233 4226 ταυτότης·
3263 4155 3327 4212 τὸ
3369 4158 3473 4234 γὰρ
3524 4152 3808 4230 ὁμοούσιόν

2166 4252 2280 4304 ἐστι
2350 4249 2413 4302 τὸ
2480 4245 2855 4302 ταυτοούσιον.
2938 4242 3141 4300 Μακεδ.
3196 4244 3374 4300 Ἀλλὰ
3429 4248 3500 4301 τὰ
3558 4240 3812 4317 ὁμοοῦσια

2165 4342 2356 4421 ἔχουσι
2420 4341 2892 4420 προϋποκειμένην
2958 4340 3163 4397 οὐσίαν.
3226 4342 3370 4414 Ὀρθ.
3431 4342 3541 4396 Οὐκ
3595 4339 3805 4408 ἀληθῶς

2165 4433 2363 4509 λὲγεις·
2395 4432 2485 4486 καὶ
2517 4431 2619 4506 γὰρ
2652 4429 2947 4503 ὁμοούσιός
2977 4427 3115 4492 ἒθτιν
3150 4429 3185 4497 ἠ
3217 4425 3329 4482 Εὕα
3365 4433 3446 4499 τῷ
3475 4425 3670 4499 Ἀδὰμ,
3721 4421 3802 4509 καὶ

2166 4522 2265 4576 οὐκ
2295 4518 2483 4594 ἔχουσι
2514 4518 2988 4592 προϋποκειμένην
3018 4516 3201 4570 οὐσίαν
3239 4516 3563 4591 ἀνθρώπων.
3614 4507 3800 4569 Μακεδ.

402 4612 831 4683 przsjacentem.
869 4609 1023 4665 Orlh.
1059 4610 1174 4664 Nec
1224 4615 1421 4665 tamen
1455 4611 1583 4665 ideo
1633 4615 1773 4663 sunt
1799 4610 2052 4662 consub-

2167 4607 2338 4664 Ἀλλὰ
2366 4609 2463 4676 τὴν
2492 4614 2596 4683 γῆν
2630 4605 2817 4682 ἔχουσι
2849 4605 3349 4681 προϋποκειμένην.
3385 4607 3535 4681 Ὀρθ.
3567 4601 3717 4661 Ἀλλ’
3744 4597 3799 4652 οὗ

401 4698 877 4769 stantiales,quia
905 4714 974 4752 ex
1003 4702 1156 4752 terra
1187 4699 1452 4761 suntsed
1488 4698 1627 4769 quia
1658 4698 1927 4751 eamdem
1952 4696 2055 4750 ad-

404 4788 647 4843 mittunt
674 4786 1016 4841 substantiae
1048 4786 1353 4841 rationem.
1385 4786 1806 4840 Maced.Verum
1840 4799 1944 4855 ego
1968 4784 2054 4838 id-

401 4875 556 4931 circo
579 4873 1112 4930 consubstantiales
1161 4891 1291 4930 esse
1339 4874 1495 4940 dico,
1546 4874 1689 4945 quia
1737 4889 1808 4926 ex
1848 4873 2053 4928 eadem

402 4965 575 5035 plane
605 4967 746 5017 sunt
777 4964 1129 5031 substantia,
1146 4980 1217 5018 ex
1248 4970 1401 5018 terra
1428 4961 1767 5033 nempe.Dic
1799 4961 1979 5033 igitur
1999 4966 2057 5016 et

397 5069 593 5119 canes,
626 5059 682 5106 et
714 5058 1008 5121 serpentes
1039 5056 1094 5106 et
1126 5057 1337 5106 cuncta
1368 5056 1574 5106 caetera
1590 5050 1917 5105 animantia
1951 5049 2054 5106 ho-

399 5141 660 5196 minibus
690 5156 820 5195 esse
849 5137 1400 5203 consubstantialia,
1436 5154 1623 5209 neque
1658 5137 1848 5194 solum
1884 5140 2056 5193 bruta

395 5228 853 5295 animantia,sed
887 5230 1068 5283 etiam
1090 5226 1388 5298 plantaset
1418 5227 1465 5281 si
1480 5226 1618 5297 quid
1633 5226 1791 5281 aliud
1811 5242 1879 5281 ex
1898 5232 2054 5282 terra

395 5323 588 5375 ortum
621 5318 820 5372 habet.
854 5315 978 5371 Uno
1020 5316 1239 5387 quippe
1280 5314 1518 5370 nomine
1575 5314 1773 5369 omnia
1820 5318 2055 5369 terrena

398 5411 703 5473 vocantur,
734 5405 830 5461 sed
883 5420 996 5458 non
1047 5405 1315 5458 eamdem
1365 5402 1689 5458 admittunt
1708 5402 2052 5458 substantiae

400 5494 710 5550 rationem.
744 5493 1078 5562 Haced.Ego
1111 5508 1224 5546 non
1257 5508 1388 5547 sum
1421 5495 1672 5547 sectator
1704 5490 2050 5546 Aristotelis.

410 5590 563 5647 Orth.
592 5591 794 5663 Neque
822 5608 948 5664 ego.
980 5590 1177 5646 Maccd.
1212 5590 1323 5647 Sed
1353 5589 1693 5647 Aristoteles
1723 5589 2056 5661 inquit,ho-

410 5695 844 5750 monymorum,
878 5696 979 5734 seu
1015 5695 1265 5750 quorum
1296 5695 1608 5735 commune
1632 5679 2059 5748 nomen,diver—

2167 4694 2256 4750 διὰ
2307 4697 2468 4751 τοῦτό
2519 4696 2652 4751 εἰσιν
2707 4695 3019 4768 ὁμοοόσιοι,
3073 4693 3257 4763 ἐπειδὴ
3312 4693 3372 4749 ἐκ
3400 4702 3502 4764 τῆς
3526 4701 3624 4770 γῆς
3655 4690 3796 4752 εἰσιν,

2164 4783 2291 4839 ἀΛλ’
2322 4786 2403 4839 ὃτι
2460 4786 2550 4839 τὸν
2602 4782 2760 4839 αὐτὸν
2812 4780 3160 4859 ἐπιδιχονται
3221 4780 3382 4859 λόγον
3441 4790 3543 4853 τῆς
3601 4778 3790 4835 οὑσίας-

2164 4878 2366 4937 Μακεδ.
2398 4880 2539 4955 Ἐγὼ
2599 4877 2657 4935 δὲ
2707 4876 2796 4934 διὰ
2843 4883 3005 4934 τοῦτο
3038 4877 3186 4954 λέγω
3226 4879 3573 4951 ὁμοουσίους,
3629 4866 3795 4931 ἐπειδῆ

2164 4967 2225 5023 ἐκ
2251 4976 2350 5038 τῆς
2382 4969 2549 5037 αὐτῆς
2582 4969 2712 5023 εἷ’σιν
2748 4966 2953 5034 οὐσίας,
2985 4966 3046 5022 ἐκ
3071 4969 3170 5037 τῆς
3203 4974 3330 5042 γῆς.
3366 4971 3512 5043 Ὀρθ.
3564 4965 3687 5020 Eine
3713 4955 3791 5013 οὖν

2161 5057 2252 5111 καὶ
2300 5057 2428 5120 τοὺς
2475 5057 2662 5124 κύνας,
2704 5057 2794 5111 καὶ
2838 5055 2965 5118 τοὺς
3013 5055 3186 5133 ὄφεις,
3229 5056 3318 5111 xui
3367 5056 3541 5111 πάντα
3578 5054 3640 5107 τὰ
3667 5044 3789 5104 ἄλλα

2165 5150 2296 5214 ζῶα,
2330 5145 2597 5218 ὁμοοόσια
2625 5152 2743 5206 τοῖς
2772 5132 3104 5219 ἀνθρὼποις’
3137 5143 3229 5198 καὶ
3261 5143 3323 5198 οὗ
3359 5143 3523 5216 μόνον
3569 5142 3630 5197 τὰ
3670 5132 3780 5219 ἄλφ-

2161 5255 2229 5308 γα
2261 5217 2392 5305 ζῶα,
2434 5233 2581 5290 ἀλλὰ
2625 5232 2714 5288 καὶ
2762 5232 2830 5287 τὰ
2877 5217 3036 5310 φυτὰ,
3087 5231 3177 5287 xui
3210 5228 3265 5286 εἷ’
3283 5253 3337 5286 τι
3366 5227 3550 5308 ’ἕτερον
3590 5230 3711 5284 ἐστιν
3735 5217 3785 5273 ἐκ

2162 5330 2261 5391 τῆς
2320 5329 2446 5397 γῆς.
2497 5321 2844 5395 Ὁμωνύμως
2888 5322 2992 5396 γὰρ
3039 5319 3213 5376 πάντα
3281 5322 3444 5396 γήϊνα
3501 5313 3782 5375 καλοῦνταν

2162 5408 2290 5465 ἀλλ’
2349 5410 2410 5465 οὐ
2453 5410 2546 5465 τὸν
2609 5410 2764 5465 αὐτὸν
2835 5407 3182 5484 ἐπιδέχονται
3238 5408 3399 5485 λόγον
3451 5417 3551 5479 τῆς
3600 5402 3783 5485 οὐσίας.

2165 5497 2368 5556 Μακεδ.
2427 5501 2565 5575 Ἐγὼ
2612 5499 2713 5554 οὐκ
2757 5498 3043 5553 ἀκολουθῶ
3085 5484 3472 5572 Ἀριστοτελει.
3500 5500 3635 5573 Ὀρθ.
3666 5484 3788 5545 Οὗδέ

2161 5590 2262 5667 γὰρ
2311 5587 2441 5662 ἐγώ.
2494 5585 2701 5645 Μακεδ.
2746 5584 2922 5644 Ἀλλά
2967 5586 3354 5662 Ἀριστοτέλης
3398 5588 3516 5642 εῖπε
3560 5587 3659 5639 τῶν
3690 5579 3789 5667 δμῗ·

2164 5662 2400 5749 ωνόμων
2443 5677 2534 5732 τὸν
2583 5674 2750 5752 λόγον
2797 5682 2899 5746 τῆς
2939 5674 3122 5738 οὐσίας
3154 5671 3333 5751 ἔτερον
3367 5677 3518 5731 εἶναι.
3552 5670 3686 5748 Ὀρθ.
3716 5662 3785 5720 Σὺ
