4104 6366
387 366 541 425 133⁸7

1129 369 1787 430 CONFUTA'I‘IONES
1833 365 2330 439 QUARUMDAM
2380 364 3055 424 PROPOSITIONUM.
3168 364 3187 393 ‘

3643 365 3803 425 1338

386 492 443 549 δὲ
469 494 560 548 τὸν
594 494 753 548 αὐτὸν
789 495 924 549 εἶναι
957 494 1118 571 λόγον
1154 495 1329 571 λέγεις
1377 504 1474 566 τῆς
1528 497 1708 558 οὐσίας
1739 496 2018 571 ἀνθρώπιον

2151 511 2276 550 sam
2311 511 2439 549 esse
2487 495 2830 548 substantiae
2882 496 3187 559 rationem,
3239 496 3390 549 Orth.
3443 499 3512 550 At
3559 500 3621 550 tu
3655 496 3802 550 dicis

385 585 474 637 καὶ
528 579 682 650 ὄνων,
743 583 832 637 καὶ
896 582 1057 659 βοῶν,
1119 584 1207 638 καὶ
1269 583 1479 656 ἵππων,
1536 586 1624 640 καὶ
1681 590 1788 639 τῶν
1850 582 2034 639 ἄλλων

390 673 582 740 ζώων;
619 669 817 726 Μακεδ.
856 672 971 726 Ναί.
1010 673 1153 744 Ὀρθ.
1186 673 1284 726 Τὸν
1318 673 1474 727 αὐτὸν
1528 673 1628 749 ἄρα
1678 671 1843 747 λόγον
1894 671 2038 746 ἔχεις

384 767 482 828 τῆς
516 758 697 819 ούσίας
725 764 843 819 τοῖς
869 758 1128 834 ἀλόγοις;
1159 759 1361 817 Μακεδ.
1401 761 1516 816 Ναί.
1555 763 1645 815 Ἐκ
1676 768 1772 830 τῆς
1804 768 1906 834 γῆς
1936 760 2035 835 γὰρ

386 847 677 922 ἐγενόμεθα
731 847 944 909 πάντες.
980 850 1123 920 Ὀρθ.
1186 850 1323 924 Ἐγὼ
1386 851 1478 922 μὲν
1528 849 1628 903 οὐκ
1670 847 2034 924 Ἀριστοτέλει

383 933 726 1006 ἀκολουθῶν,
761 933 886 990 ἀλλ’
938 935 1073 1009 αὐτῇ
1133 940 1200 1010 τῇ
1262 936 1513 1006 ἀληθεία,
1562 943 1670 992 τῶν
1723 936 2033 1009 ὁμωνύμων

380 1024 471 1078 τὸν
502 1023 668 1097 λόγον
713 1031 811 1093 τῆς
843 1024 1025 1086 οὐσίας
1059 1025 1119 1078 ού
1152 1026 1242 1079 τὸν
1287 1025 1443 1080 αὐτὸν
1496 1026 1664 1101 λέγω,
1699 1023 1824 1080 οὐδὲ
1869 1025 2037 1080 ταυτά

377 1117 493 1173 τοῖς
550 1111 771 1188 ἀλόγοις
827 1113 893 1166 τά
955 1112 1171 1188 λογικά.
1211 1121 1316 1176 Πᾶς
1376 1113 1434 1168 δὲ
1493 1115 1763 1190 αἱρετικὸς
1796 1141 1822 1165 ‹‹
1870 1135 2036 1189 παρα-

384 1195 692 1270 συνεϐλήθη
725 1207 841 1262 τοῖς
900 1205 1116 1278 κτήνεσι
1161 1208 1275 1265 τοῖς
1315 1203 1589 1274 ἀνοήτοις,
1619 1205 1707 1260 καὶ
1766 1204 2030 1275 ὡμοιώθη

381 1289 581 1350 αὐτοῖς.
621 1314 646 1339 ››
678 1288 880 1347 Μακεδ.
917 1292 1006 1360 Μὴ
1040 1286 1226 1368 ὕϐριζε
1257 1289 1670 1368 διαλεγόμενος.
1706 1295 1853 1368 Ὀρθ.
1889 1293 2033 1366 Ἐγὼ

384 1377 490 1452 οὐχ
522 1373 745 1454 ὑϐριζω·
781 1378 910 1434 ἀλλ’
939 1383 972 1448 ἡ
1005 1385 1070 1448 σὴ
1108 1383 1256 1458 φωνή
1289 1387 1450 1435 τοῦτο
1483 1387 1768 1458 συνήγαγε.

2148 584 2412 638 eamdem
2445 599 2574 638 esse
2605 583 2890 636 rationem
2945 584 3284 637 substantia:
3317 584 3652 648 hominum,
3684 586 3800 638 asi-

2148 688 2380 734 norum,
2416 671 2611 732 boum.
2663 688 2943 740 equorum
2979 679 3036 726 et
3065 671 3308 726 aliorum
3358 673 3746 726 animantium
3773 674 3800 726 ?

2147 760 2342 815 Maced.
2379 761 2585 814 Etiam.
2621 760 2772 814 Orth.
2795 761 3069 815 Eamdem
3093 777 3228 831 ergo
3253 761 3596 816 substantia
3621 761 3794 816 ratio-

2151 866 2278 903 nem
2313 849 2492 903 habes
2539 864 2714 918 quam
2751 850 2921 903 bruta
2952 848 3292 903 animantia.
3347 849 3548 904 Maced.
3585 849 3794 916 Etiam,

2147 937 2303 992 Orth.
2343 943 2452 1008 Ego
2496 937 2734 1007 quidem
2769 955 2880 992 non
2934 937 3323 1007 Aristotelem,
3358 939 3457 992 sed
3490 937 3795 993 veritatem

2145 1031 2660 1090 consectatus,non
2687 1025 2814 1080 dico
2838 1041 3040 1080 eorum
3071 1043 3323 1096 quorum
3347 1043 3658 1081 commune
3691 1043 3794 1080 no-

2149 1131 2300 1179 men,
2337 1115 2597 1169 eamdem
2633 1132 2761 1169 esse
2792 1115 3134 1170 substantiae
3168 1115 3667 1186 rationem,neque
3699 1131 3792 1170 ea-

2145 1205 2274 1258 dem
2325 1220 2453 1258 esse
2501 1203 2923 1258 irrationabilia
2981 1221 3106 1275 quae
3149 1204 3534 1259 rationabilis.
3589 1205 3793 1260 Omnis

2145 1299 2339 1348 autem
2395 1293 2699 1347 haereticus
2735 1316 2761 1342 «
2797 1298 3172 1363 comparatus
3203 1298 3290 1347 est
3343 1293 3624 1360 iumentis
3656 1293 3797 1347 insi-

2146 1383 2463 1453 pientibus,
2498 1385 2553 1436 et
2583 1381 2794 1435 similis
2826 1382 3014 1435 factus
3045 1386 3136 1435 est
3166 1381 3282 1435 illis
3314 1382 3415 1434 ⁸⁸.»
3451 1381 3791 1436 Maced.Abs-

384 1469 502 1522 tine
535 1485 566 1523 a
599 1469 970 1525 contumeliis
1007 1472 1158 1526 inter
1201 1473 1646 1544 disputandum.
1683 1473 1833 1529 Orth.
1887 1473 2001 1544 Ego
2034 1471 2457 1527 contumeliose
2509 1489 2620 1527 non
2659 1487 2787 1543 ago,
2821 1473 2919 1525 sed
2971 1471 3115 1525 illud
3149 1488 3217 1526 ex
3263 1472 3434 1527 dictis
3485 1471 3602 1526 luis
3652 1488 3791 1527 cou-

389 1556 674 1627 sequitur.

453 1671 564 1725 Τοῦ
595 1669 776 1750 ἀύτοῦ
826 1670 1112 1750 ἐμπιστολη,
1146 1674 1442 1750 προοιμίου
1475 1672 1702 1747 δύναμιν
1733 1670 1955 1750 ἔχουσα,

523 1741 611 1795 καὶ
641 1741 953 1818 τραγῳδίαν
984 1741 1222 1813 τῆςτῶν
1253 1741 1592 1816 Ἐκκλησιῶν
1613 1741 1885 1821 ’ταραὶῆς.

2144 1675 2408 1744 Eiusdem
2453 1676 2714 1746 epistola,
2744 1678 3093 1746 prae/ationis
3145 1674 3262 1730 loco
3307 1676 3530 1745 scripta,
3576 1677 3635 1730 in
3682 1691 3793 1746 qua

2420 1756 2665 1802 motuum
2696 1749 3184 1802 ecclesiasticarum
3213 1748 3500 1816 tragoedia.

451 1846 760 1920 Ἐθαύμασά
791 1870 886 1903 σου
935 1851 1025 1904 τὸν
1077 1849 1382 1928 φιλόλογον
1443 1853 1531 1906 καὶ
1583 1851 1864 1930 φιλαλήθη
1916 1873 2018 1906 σκο·

2213 1853 2562 1908 Litterarum
2601 1853 2864 1908 studium
2901 1851 3473 1922 tuum,veritatisque
3505 1851 3792 1922 indagan-

375 1935 503 2002 πὸν,
533 1936 578 1988 ὦ
608 1937 897 1992 πιστότατε
946 1936 1109 1994 δοῦλε
1161 1946 1403 2015 Χριστοῦ
1444 1940 1517 2014 (τί
1565 1942 1665 2016 γάρ
1715 1940 1774 1995 ἂν
1823 1941 2035 2016 εὕροιμι

377 2031 476 2093 τῆς
535 2025 684 2094 ἀξίας
741 2025 942 2096 ταύτης
1010 2026 1210 2101 ’ίσον;)
1270 2029 1573 2084 Εὐστάθιε·
1633 2031 1720 2084 καὶ
1779 2035 2034 2084 τοσοῦτον

379 2112 682 2186 ἐθαύμασα,
736 2121 993 2170 τοσοῦτον
1035 2119 1302 2188 ἡττήθην,
1335 2119 1407 2180 ὡς
1454 2119 1644 2173 αὐτίκα
1693 2118 2035 2186 διαναστῆναι

379 2201 514 2275 πρὸς
541 2203 641 2270 τήν
682 2204 754 2256 ὧν
808 2201 1089 2266 ἐκέλευσας
1143 2203 1442 2277 διακονίαν,
1477 2207 1788 2284 εἰσφέροντα
1834 2209 2034 2283 προθύ-

385 2311 501 2363 μως
547 2292 608 2345 τὸ
670 2291 983 2366 βούλεσθαι,
1016 2294 1059 2348 εἰ
1121 2294 1207 2348 καὶ
1267 2294 1439 2350 λείπει
1480 2296 1542 2350 τὸ
1592 2294 1864 2350 δύνασθαι.
1916 2301 2037 2368 Πῶς

381 2380 482 2453 γὰρ
516 2382 573 2432 ἂν
611 2376 896 2450 δυνηθείην
927 2384 961 2450 ἢ
991 2387 1071 2453 τῷ
1101 2384 1288 2457 θερμῷ
1337 2404 1430 2436 cos
1483 2381 1638 2455 ζήλῳ
1689 2384 2032 2453 συνεξισῶσαι

383 2466 573 2541 λόγον,
623 2469 658 2537 ἢ
708 2470 770 2523 τὸ
826 2471 1273 2545 χρεωστούμενον
1327 2476 1394 2544 τῇ
1453 2471 1684 2542 ἀληθείᾳ
1741 2471 2032 2548 πληρῶσαι

387 2557 602 2629 μέτρον,
628 2559 662 2626 ἣ
691 2563 786 2612 τοῦ
817 2563 907 2612 νῦν
941 2559 1244 2634 ὀχλοῦντος
1293 2558 1520 2633 ψεύδους
1550 2569 1890 2635 παραστῆσαι
1921 2564 2031 2635 (19)

379 2645 470 2698 τὸν
496 2641 659 2719 ὄγκον
689 2667 702 2716 ;
737 2645 998 2721 Λέγονται
1030 2647 1206 2719 πάσης
1235 2648 1460 2724 ἀλογίας
1507 2651 1596 2704 καὶ
1629 2643 1885 2711 ἀπονοίας
1935 2649 2029 2724 γέ-

381 2754 548 2804 μοντα
607 2735 850 2808 ῥήματα·
884 2738 971 2790 καί
1035 2737 1285 2812 λέγονται
1349 2740 1481 2810 μετά
1538 2740 1715 2807 πάσης
1761 2737 2028 2800 ἀναιδείας

369 2822 457 2875 καὶ
517 2823 817 2892 αύθεντίας,
851 2825 923 2885 ὡς
956 2824 1014 2878 ἐκ
1041 2825 1237 2880 τούτου
1289 2827 1414 2902 ῥᾷον
1470 2827 1774 2900 τολμᾶσθαι
1831 2827 1898 2882 τά
1947 2830 2021 2900 μή

370 2911 634 2986 πρότερον
661 2911 1031 2985 τολμηθέντα,
1056 2915 1144 2968 καὶ
1172 2916 1270 2983 τὴν
1319 2916 1592 2987 αἱρετικὴν
1640 2916 1827 2970 κακίαν
1879 2939 2023 2989 μηκ-

363 2998 447 3053 ὀτι
483 2997 656 3071 λάθρα
686 3001 773 3055 καὶ
803 3002 937 3056 κατά
989 3003 1180 3078 μικρὸν
1236 2999 1605 3059 ἐπιϐουλεύειν
1657 3011 1771 3065 τοῖς
1814 3004 2020 3060 ἄπλου-

353 3089 584 3163 στέροις,
641 3087 771 3142 ἀλλ’
829 3090 901 3151 ὡς
968 3091 1238 3145 ἀπάντων
1311 3091 1534 3168 ἔχευσαν
1604 3092 1840 3162 ἐξουσίαν
1900 3114 2018 3148 νεα-

2149 1943 2232 1996 da?
2266 1958 2530 2013 scopum,
2559 1941 2886 1996 admiratus
2935 1957 3089 2005 sum,
3123 1958 3154 1995 ο
3188 1940 3528 1995 fidelissime
3577 1939 3794 1995 Christi

2147 2046 2310 2086 serve
2342 2032 2476 2102 (quo
2523 2035 2575 2084 te
2607 2030 2760 2084 enim
2796 2030 3048 2100 digniori
3097 2029 3439 2100 compellem
3494 2029 3724 2084 nomine
3744 2028 3791 2096 ?)

2147 2120 2417 2175 Eustathi
2451 2136 2462 2171 :
2498 2125 2555 2174 et
2589 2125 2891 2190 tantopere
2943 2119 3208 2180 miratus,
3261 2123 3558 2189 tantopere
3603 2117 3792 2172 victus

2146 2225 2300 2274 sum,
2335 2214 2397 2262 ut
2445 2208 2751 2262 confestim
2778 2208 3016 2278 jussum
3053 2206 3195 2260 mihi
3229 2223 3258 2260 a
3289 2211 3345 2260 te
3396 2205 3791 2261 ministerium

2146 2313 2458 2368 aggressus
2485 2296 2955 2366 sim,promptam
2991 2311 3217 2348 mecum
3253 2295 3500 2348 aﬂ‘erens
3531 2293 3794 2348 volunta-

2144 2389 2282 2450 tem,
2316 2385 2420 2438 etsi
2453 2385 2604 2439 vires
2635 2400 2725 2438 me
2757 2383 3049 2438 deficiant.
3085 2383 3190 2448 Qui
3223 2382 3377 2436 enim
3411 2397 3642 2453 possem
3678 2382 3790 2436 fer-

2142 2474 2274 2528 vide
2329 2473 2523 2528 studio
2575 2477 2672 2526 tuo
2722 2489 2952 2542 (square
2999 2487 3353 2538 sermonem,
3389 2475 3488 2524 aut
3531 2470 3787 2525 debitam

2143 2562 2366 2617 veritati
2404 2560 2644 2632 implere
2678 2565 3160 2626 mensuram,aut
3195 2559 3479 2613 mendacii
3507 2560 3629 2627 jam
3663 2564 3785 2612 tur—
3830 2622 3836 2627 ,

2142 2652 2244 2706 bas
2277 2650 2504 2723 agentis
2530 2651 3000 2721 exsuperantiam
3034 2650 3330 2705 declarare
3349 2648 3378 2701 ?
3398 2647 3583 2703 Verba
3599 2649 3786 2719 profe-

2140 2749 2348 2794 runtur
2377 2741 2851 2809 amentiaeatque
2885 2738 3229 2808 insipientis:
3263 2739 3432 2808 plena
3461 2754 3472 2791 :
3508 2737 3788 2792 dicuntur

2136 2835 2328 2883 autem
2364 2846 2598 2884 summa
2645 2844 2778 2881 cum
2813 2826 3182 2898 impudentia
3213 2832 3269 2880 et
3304 2826 3639 2896 arrogantia
3670 2843 3683 2880 :
3721 2831 3785 2880 ut

2133 2918 2339 2973 exhinc
2371 2919 2568 2973 ausint
2600 2936 2727 2988 qua:
2783 2936 2895 2972 non
2931 2920 3068 2971 sunt
3098 2916 3381 2971 hactenus
3413 2915 3564 2984 ausi,
3598 2915 3776 2969 haere-

2133 3008 2363 3078 ticaque
2412 3007 2756 3078 improbitas
2787 3023 2901 3060 non
2934 3005 3081 3060 clam
3126 3004 3372 3058 ulterius
3403 3009 3459 3058 et
3489 3003 3773 3074 paulatim

2129 3095 2590 3165 simplicioribus
2620 3094 3057 3159 insidietur,sed
3091 3092 3446 3164 quasinacta
3477 3091 3535 3145 in
3568 3107 3774 3147 omnes

364 3178 648 3245 νιεύεσθαι,
701 3178 789 3232 καὶ
847 3179 982 3232 κατά
1038 3181 1250 3233 πάντων
1307 3180 1629 3247 ἐπιτάσσειν,
1679 3183 2013 3253 νομοθετεῖν,

2131 3177 2504 3255 potestatem,
2528 3185 2792 3238 ferociter
2822 3188 2975 3254 agat,
3009 3182 3284 3238 omnibus
3317 3182 3582 3251 imperet,
3616 3180 3773 3252 leges

359 3262 535 3320 ’ἕλκειν
597 3267 732 3341 πρὸς
778 3268 841 3321 τὸ
893 3264 1110 3338 δοκοῦν,
1143 3270 1384 3322 ἀπαιτεῖν
1440 3270 1679 3338 ὑπακοὴν
1721 3270 2014 3344 ἀνυπέρθε-

373 3374 484 3423 τον,
513 3355 959 3429 καταγινώσκειν,
995 3354 1145 3418 δίκας
1177 3357 1582 3431 εἰσπράττεσθαι
1612 3361 1708 3426 τῆς
1746 3359 1869 3434 περὶ
1913 3361 2011 3428 τήν

363 3438 628 3497 εὐσέϐειαν
661 3439 957 3518 ἀκριϐείαςο
1001 3445 1087 3498 καὶ
1118 3447 1208 3499 τὸν
1251 3447 1343 3518 μὲν
1396 3442 1577 3522 ὕϐρεσι
1636 3443 2012 3520 περιϐάλλειν,

362 3532 452 3584 τὸν
478 3530 536 3587 δὲ
564 3532 824 3608 πατρίδος
856 3532 1115 3588 ἐλαύνειν·
1147 3534 1326 3607 τούτῳ
1364 3535 1602 3610 βρόχους
1648 3536 2010 3610 ἐγκλημάτων

359 3618 603 3690 πλέκειν,
680 3619 878 3674 ἐκεῖνον
948 3627 1186 3696 γυμνοῦν
1275 3630 1372 3691 τῆς
1453 3623 1761 3698 προσούσης
1846 3624 2009 3694 ἀξίας·

361 3706 530 3762 ἄλλον
592 3703 953 3764 καταϐάλλειν
1019 3715 1100 3781 τῷ
1159 3712 1362 3786 θράσει,
1417 3708 1598 3786 ἕτερον
1660 3715 2009 3788 συναρπάζειν

358 3795 435 3868 τῷ
487 3796 710 3869 κόμπῳ.
747 3804 950 3852 Σιωπιῖ)
1009 3799 1076 3853 τὰ
1133 3798 1324 3873 δεσμά,
1374 3802 1440 3854 τά
1497 3799 1866 3876 δεσμωτήρια,
1916 3803 2011 3863 τὰς

359 3885 581 3956 ζημίας,
613 3886 706 3946 τάς
766 3885 1006 3958 ἀτιμίας,
1058 3888 1152 3948 τὰς
1213 3887 1494 3963 μάστιγας,
1545 3889 1612 3942 τὰ
1670 3891 1775 3942 τῶν
1835 3890 2008 3967 φόνων

355 3971 562 4027 ἐλεεινὰ
602 3975 864 4045 θεάματα,
895 3976 983 4028 καὶ
1019 3976 1153 4048 μετά
1181 3978 1280 4043 τήν
1311 3983 1497 4052 πεῖραν
1531 3977 1696 4046 αὐτὴν
1733 3976 1799 4032 δι’
1849 3979 2009 4051 ὑπερ-

349 4056 522 4130 ϐολὴν
566 4061 966 4135 ἀπιστούμενα.
1004 4064 1099 4117 Καὶ
1138 4070 1305 4120 ταῦτα
1347 4063 1748 4140 δραματουργεῖ
1777 4068 1888 4139 (20)
1922 4064 2010 4118 διὰ

347 4149 576 4205 πολλῶν
609 4151 815 4226 ἱερέων.
851 4158 911 4205 Ὦ
940 4160 1040 4220 τῆς
1067 4153 1288 4228 ἀνιέρου
1350 4152 1586 4226 τόλμηςί
1621 4160 1682 4206 Ὠ
1728 4161 1824 4222 τῆς
1876 4155 2007 4230 ἀφο-

354 4241 523 4312 ρήτου
556 4236 744 4310 δίκηςὶ
779 4242 874 4294 Ὧν
917 4241 1209 4314 προοίμιον
1259 4243 1566 4317 ἱερουργίας
1613 4263 1671 4296 τε
1717 4242 1804 4295 καὶ
1857 4240 2003 4296 διδα-

352 4326 575 4389 σκαλίας
630 4329 694 4382 τὸ
749 4329 1082 4404 γλυκύτατον
1144 4330 1315 4384 ἐκεῖνο
1353 4351 1363 4361 ·
1419 4330 1624 4402 Εἰρήνη
1687 4337 1867 4384 πᾶσιν·
1930 4332 2002 4383 ὧν

350 4415 508 4492 ἔργον
539 4419 846 4494 περιφέρειν
877 4419 938 4471 τὸ
969 4420 1248 4493 κήρυγμα,
1282 4419 1342 4472 τὸ
1374 4417 1560 4473 πολλά
1607 4418 2006 4494 παραγγέλλειν

350 4505 473 4578 περὶ
524 4505 856 4581 πραότητος,
887 4505 1034 4568 ὅπως
1088 4506 1398 4584 φυλάσσωσι
1450 4508 1534 4578 τὸ,
1569 4533 1595 4558 ι(
1629 4512 1705 4581 Τῇ
1737 4509 2004 4582 πραότητι

350 4590 621 4647 παιδεύειν
703 4595 830 4655 τοὺς
913 4592 1459 4667 ἀντιδιατιθεμένους,
1521 4598 1786 4658 »καλῶς
1870 4618 1997 4672 πρε-

349 4677 599 4736 σϐεύουσι
630 4682 711 4737 τό·
743 4709 768 4732 ‹‹
803 4684 993 4754 Ἡμεῖς
1029 4685 1078 4736 οἱ
1129 4681 1344 4736 δυνατοὶ
1409 4683 1700 4761 ὀφείλομεν
1746 4686 1812 4739 τά
1844 4686 1996 4749 ἀσθε-

344 4772 562 4842 νήματα
608 4775 713 4825 τῶν
775 4768 1063 4825 ἀδυνάτων·
1106 4771 1403 4846 βαστάζειν·
1436 4798 1454 4821 υ
1492 4773 1630 4826 πάνυ
1681 4775 1782 4848 γὰρ
1838 4775 2000 4835 ὁσιως

344 4863 573 4932 τηροῦσι
629 4859 755 4921 τοὺς
809 4859 1007 4936 σοφοὺς
1064 4857 1281 4912 Παύλου
1332 4857 1553 4933 λόγους·
1591 4884 1618 4911 ‹‹
1649 4861 1737 4922 Τίς
1767 4861 1996 4928 ἀσθενεῖ,

348 4947 435 5000 καὶ
495 4947 594 5002 οὐκ
649 4948 895 5014 ἀσθενῶ;
955 4948 1042 5010 Τίς
1093 4945 1524 5020 σκανδαλίζεται,
1583 4950 1672 5003 καὶ
1733 4949 1830 5004 ούκ
1889 4949 1999 5024 ἐγὼ

269 5064 274 5069 -
352 5040 665 5110 πυροῦμαι;
706 5061 732 5086 n
782 5036 890 5090 καί·
930 5061 956 5088 ‹‹
992 5041 1126 5090 [lict
1185 5037 1356 5090 πάντα
1413 5038 1624 5112 γέγονα,
1653 5036 1742 5092 ’ίνα
1801 5039 1998 5100 πάντας

344 5121 608 5198 κερδανῶ.
645 5147 674 5175 ››
709 5129 819 5178 Ι]οὖ
877 5129 964 5178 νῦν
1019 5125 1102 5179 τό·
1150 5150 1177 5176 ‹‹
1237 5127 1326 5193 Μὴ
1391 5131 1597 5196 μισεῖτε
1650 5127 1722 5186 ὡς
1779 5125 1999 5201 ἐχθρὸν,

348 5211 495 5267 ἀλλά
540 5215 840 5268 νουθετεῖτε
889 5213 964 5275 ὡς
1014 5211 1286 5290 ἀδελφόν;
1324 5238 1350 5264 ››
1385 5211 1495 5268 Ποῦ
1544 5219 1655 5268 νῦν·
1691 5238 1719 5266 ›)
1770 5219 1882 5270 Ἵνα
1938 5217 2000 5268 τὸ

422 5420 466 5454 ²⁶
523 5419 675 5476 Psal.
735 5436 925 5487 XLVIII,
976 5421 1062 5476 13.
1176 5421 1219 5454 ²⁷
1270 5422 1382 5476 Tit.
1435 5438 1496 5488 ιι,
1546 5423 1630 5476 15.

353 5506 430 5556 Ix,
459 5494 548 5545 22.

421 5669 528 5738 (19)
560 5667 654 5722 Sic
683 5666 944 5721 Vaticau.
983 5667 1131 5722 Editi
1163 5684 1317 5739 vero,
1349 5675 1708 5741 παραστῆναι.

1742 5423 1785 5456 ’⁸
1836 5422 1956 5478 Gal.
2010 5439 2084 5490 vx,
2138 5423 2208 5489 l;
2260 5421 2468 5493 Ephes.
2522 5438 2598 5488 ιν,
2628 5423 2681 5476 2.

2129 3275 2485 3344 praeseribat,
2515 3275 2582 3328 ad
2612 3272 2823 3343 placita
2842 3290 2949 3327 sua
2974 3271 3290 3342 per-trahat,
3325 3269 3768 3340 obsequentiam

2126 3362 2397 3432 postulet,
2431 3362 2652 3432 absque
2706 3378 2869 3414 mora
2917 3361 3176 3425 damnet,
3210 3375 3405 3428 pmnas
3455 3362 3651 3411 sumat
3699 3357 3770 3411 de

2125 3451 2498 3505 studentibus
2533 3451 2637 3519 piae
2670 3450 2933 3520 religioni
2972 3467 2981 3503 :
3019 3453 3076 3503 et
3107 3450 3262 3504 hunc
3293 3448 3527 3519 quidem
3561 3451 3766 3501 contu-

2126 3538 2315 3593 meliis
2365 3545 2582 3598 oneret,
2619 3539 2783 3592 illum
2834 3539 3022 3608 patria
3073 3537 3266 3606 pellat,
3297 3535 3392 3590 alii
3439 3536 3766 3590 accusatio-

2125 3643 2265 3679 num
2294 3625 2532 3696 laqueos
2557 3624 3058 3688 connectat,illum
3083 3623 3363 3694 dignitate
3396 3623 3606 3694 spoliet
3637 3641 3766 3691 sua,

2123 3714 2304 3768 alium
2365 3715 2609 3768 audacia
2659 3731 2765 3768 sua
2824 3714 3078 3782 dejiciat,
3108 3713 3288 3766 alium
3343 3712 3495 3765 fastu
3545 3728 3651 3766 suo
3694 3713 3766 3766 ad

2123 3820 2258 3857 suas
2292 3810 2482 3873 partes
2504 3801 2773 3874 abripiat.
2795 3803 2980 3857 Taceo
3011 3800 3262 3863 vincula,
3298 3817 3581 3864 carceres,
3617 3799 3767 3854 mul-

2122 3897 2262 3955 ctas,
2295 3890 2628 3961 opprobria,
2665 3889 2913 3962 ﬂagella,
2947 3890 3099 3944 λίθῖ
3156 3888 3489 3943 miseranda
3520 3887 3764 3942 caedium

2121 3978 2629 4049 spectacula,quze
2670 3979 2754 4030 vel
2809 3986 2939 4048 post
2995 3979 3181 4049 ipsam
3230 3978 3644 4049 experientiam
3695 3977 3766 4032 ob

2120 4068 2481 4121 atrocitatem
2517 4068 2758 4122 nimiam
2787 4068 2871 4121 vix
2924 4069 3260 4120 creduntur.
3296 4066 3422 4120 Haac
3447 4083 3616 4136 porro
3648 4070 3768 4120 tra-

2117 4155 2302 4225 gmdia
2342 4155 2553 4210 multos
2605 4156 2935 4209 sacerdotes
2985 4161 3252 4209 auctores
3300 4155 3492 4209 habet.
3528 4155 3570 4209 Ο
3603 4172 3767 4210 exse-

2117 4246 2395 4298 crandam
2448 4245 2790 4298 audaciam!
2836 4245 2880 4296 Ο
2931 4243 3300 4297 intoleranda
3338 4243 3514 4313 jura!
3550 4245 3768 4314 quibus

2116 4332 2418 4385 exordium
2445 4332 2750 4386 sacerdotii
2775 4350 2840 4385 ac
2866 4331 3180 4402 magisterii
3211 4331 3315 4383 fuit
3350 4330 3762 4387 dulcissimum

2115 4420 2255 4473 illud
2292 4421 2509 4474 diclum
2540 4437 2550 4473 :
2581 4421 2690 4473 Pax
2713 4421 2989 4473 omnibus
3016 4437 3027 4473 :
3053 4435 3303 4489 quorum
3329 4437 3476 4489 opus
3499 4425 3588 4474 est
3620 4437 3761 4490 prae-

2116 4507 2466 4562 dicationem
2501 4508 2960 4578 circumquaque
2991 4507 3370 4573 l'erre,multis
3393 4508 3585 4561 verbis
3604 4524 3766 4562 man-

2039 4569 2486 4651 Dsuetudinem
2563 4597 2994 4660 commendare,
3057 4600 3119 4648 ut
3195 4595 3599 4665 obtemperent
3655 4595 3758 4665 illi,

2110 4711 2135 4733 α
2159 4685 2300 4740 Cum
2338 4685 2787 4739 mansuetudine
2820 4685 3048 4738 erudire
3071 4683 3307 4737 adversa
3322 4685 3435 4738 rios
3461 4686 3555 4749 ’7,»
3586 4686 3764 4755 probe

2112 4775 2464 4828 annuntiant
2495 4773 2634 4827 illud
2673 4791 2720 4827 ;‹‹
2755 4773 2870 4827 Nos
2901 4773 2999 4843 qui
3036 4772 3212 4826 fortes
3244 4774 3762 4836 sumus,debemus

2110 4863 2480 4916 infirmitates
2541 4864 2907 4916 inlirmorum
2965 4869 3192 4932 portare
3245 4861 3305 4914 ²⁸.
3342 4883 3369 4909 ι)
3433 4863 3760 4916 Admodum

2109 4953 2263 5005 enim
2289 4958 2486 5004 sancte
2510 4954 2822 5005 observant
2845 4951 2964 5003 haec
2988 4951 3285 5020 sapienter
3312 4967 3345 5003 a
3370 4951 3544 5004 Paulo
3569 4953 3758 5004 dicta:

2111 5061 2138 5088 ‹‹
2172 5039 2312 5104 Quis
2344 5040 2771 5100 inlirmatur,et
2801 5055 2906 5108 ego
2940 5056 3054 5092 non
3085 5039 3352 5092 infirmor
3373 5038 3558 5101 ?Quis
3591 5055 3760 5092 scan-

2111 5128 2420 5195 dalizatur,
2477 5133 2533 5181 et
2581 5145 2686 5198 ego
2738 5145 2848 5180 non
2907 5143 3044 5180 uror
3091 5126 3184 5179 ὀἳ
3221 5147 3246 5173 ››
3279 5134 3375 5179 et:
3419 5147 3439 5171 ‹ι
3475 5126 3762 5181 Omnibus

2110 5218 2310 5270 omnia
2342 5218 2528 5270 factus
2576 5233 2730 5280 sum,
2765 5220 2829 5268 ut
2861 5231 3066 5269 omnes
3098 5214 3458 5268 lucril'aciam
3492 5216 3554 5268 ³ο.
3593 5236 3619 5260 ιι
3653 5213 3758 5267 Ubi

2796 5420 2842 5454 9°
2874 5419 2922 5474 II
2964 5419 3092 5474 Cor.
3143 5436 3220 5488 ιι,
3265 5418 3354 5474 29.
3468 5420 3513 5453 ³ο
3564 5421 3578 5472 l
3629 5420 3756 5474 Cor.

2166 5674 2283 5745 (20)
2315 5672 2582 5728 Vatican.
2644 5665 3190 5744 δραματουργεῖσθαι.
