4104 6354
387 387 414 445 1
427 386 543 447 339

1577 388 1638 450 S.
1684 378 2213 448 ATHANASIUS.
2244 418 2323 433 ——
2356 388 2622 452 DUBIA.

3637 394 3781 455 1340

384 534 543 573 nunc
574 517 716 573 illud
753 536 766 573 :
800 542 829 569 «
861 516 943 575 Ne
974 519 1106 576 odio
1155 519 1420 577 habeatis
1452 525 1518 576 ut
1567 520 1896 587 inimicum,
1930 518 2029 575 sed

2153 513 2335 594 χωλὸν
2371 520 2447 591 μὴ
2479 518 2712 596 ἐντραπῇ
2756 523 2890 595 (21),
2924 519 3050 595 ἰαθῇ
3101 516 3158 576 δὶ
3203 516 3455 594 μᾶλλονς
3491 543 3518 573 ››
3551 525 3659 577 Ποῦ
3701 521 3777 582 τό.

386 608 693 663 admonete
726 610 788 663 ut
810 610 1048 664 iratrem
1071 608 1115 644 ³¹
1139 606 1166 666 ?
1189 633 1215 658 n
1241 608 1346 665 Ubi
1367 607 1548 665 illud:
1576 634 1602 659 ‹‹
1630 608 1702 665 Ut
1724 626 1837 664 non
1868 608 2033 663 clau-

385 696 587 752 dicans
618 697 753 770 quis
780 705 951 767 erret,
983 699 1171 770 magis
1222 705 1418 754 autem
1468 704 1708 754 sanetur
1738 699 1785 733 ³³
1809 697 1836 753 ?
1868 722 1889 749 ι
1927 694 2033 752 Ubi

384 784 527 840 illud
564 803 577 841 :
618 810 637 833 α
676 794 890 859 Argue,
932 788 1195 856 obsecra,
1247 788 1507 859 increpa,
1539 805 1673 843 cum
1722 788 1882 842 omni
1934 803 2035 858 pa-

385 874 584 929 tientia
614 880 671 930 et
708 875 976 931 doctrina
996 872 1041 911 ³³
1060 876 1088 931 ?
1107 899 1135 926 »
1162 876 1385 932 indicta
1405 894 1582 932 causa
1605 875 2035 940 condemnatio,

382 964 605 1035 absque
635 964 997 1019 convictione
1027 969 1334 1020 sententia.
1370 964 1628 1020 Audacia
1657 982 1760 1037 pro
1804 962 2035 1019 fortitu-

384 1053 521 1108 dine
546 1058 869 1124 reputatur,
902 1052 1218 1110 crudelitas
1247 1053 1407 1110 zelus
1450 1060 1703 1121 vocatur,
1744 1053 1914 1109 dolus
1933 1071 2035 1126 pro

383 1142 673 1213 sapientia
703 1142 967 1199 habetur.
992 1144 1267 1207 Quaenam
1290 1143 1571 1216 tragoedia
1594 1142 1904 1216 quibusvis
1925 1140 2039 1199 cla-

385 1231 650 1286 moribus
683 1248 790 1287 usa
819 1232 980 1288 hisce
1016 1232 1198 1304 gestis
1232 1250 1335 1305 par
1385 1233 1603 1289 fuerit?
1634 1232 1849 1303 Exigua
1875 1230 2036 1287 Jere-

387 1319 517 1375 miaa
564 1320 907 1377 lamentatio
938 1326 1026 1378 est
1057 1324 1123 1377 ad
1158 1326 1243 1378 tot
1291 1326 1712 1393 tantorumque
1745 1318 2035 1376 malorum

385 1408 732 1479 gravitatem
781 1414 837 1465 et
867 1410 1358 1484 magnitudinem.
1391 1414 1463 1466 At
1512 1427 1583 1466 ne
1632 1411 1935 1465 videamur
1964 1409 2036 1464 ob

386 1494 953 1553 demonstrationum
1004 1501 1308 1574 penuriam
1345 1498 1674 1571 planctibus
1712 1496 2036 1567 immorari,

384 1601 491 1657 age
521 1586 591 1640 ad
624 1587 859 1658 singula
889 1605 1015 1659 quae
1048 1590 1499 1659 objiciunt,cum
1531 1587 1773 1643 veritate
1805 1585 2038 1658 simpli-

384 1674 531 1729 citer
578 1690 981 1732 occurramus.
1014 1677 1271 1733 Tametsi
1315 1676 1486 1732 factis
1532 1675 1617 1731 illi
1667 1677 1812 1745 suis,
1848 1676 2039 1747 prius-

383 1778 557 1833 quam
591 1763 781 1819 verbis
829 1765 1077 1820 convicti
1113 1766 1456 1837 sunt,juxta
1480 1762 1625 1819 illud
1656 1763 1861 1819 divinaa
1893 1763 2039 1836 legis

382 1851 608 1906 dictum
643 1866 696 1906 τα
728 1855 805 1906 Ex
840 1853 1132 1909 fructibus
1164 1871 1365 1908 eorum
1399 1852 1765 1925 cognoscetis
1794 1868 1894 1908 eos
1924 1852 1988 1906 3‘.
2011 1874 2033 1900 ι

384 1937 639 1994 Fructus
697 1957 868 2011 porro
919 1942 1322 2013 operariorum
1366 1942 1707 2013 hujusmodi
1756 1942 2041 1997 hactenus

385 2024 517 2093 fuit,
550 2027 864 2099 dissipare,
898 2046 1013 2086 non
1046 2030 1355 2102 colligere;
1395 2031 1686 2102 persequi,
1719 2046 1834 2087 non
1867 2032 2039 2086 redu-

391 2126 559 2183 cere;
593 2116 864 2185 dejicere,
900 2136 1013 2174 non
1047 2120 1339 2188 excitare;
1369 2118 1692 2190 vulnerare,
1730 2135 1844 2174 non
1877 2134 2045 2174 sana-

391 2216 492 2271 re;
538 2205 733 2261 odisse
784 2223 898 2262 non
949 2215 1235 2275 errantes,
1287 2224 1399 2263 non
1450 2224 1710 2279 quaerere
1756 2215 2041 2264 errantes.

392 2290 553 2356 Quod
585 2292 767 2366 igitur
794 2295 1019 2368 absque
1040 2297 1345 2353 mendacio
1370 2298 1653 2369 scriptum
1679 2298 1805 2366 fuit,
1828 2297 1887 2353 id
1920 2314 2043 2354 ma-

391 2380 601 2437 nifeste
649 2383 958 2455 impletum
991 2388 1082 2441 est
1112 2402 1127 2440 :
1166 2406 1193 2438 ε
1222 2386 1439 2441 Omnes
1470 2390 1572 2457 qui
1619 2386 1710 2457 pie
1738 2384 1934 2442 volent
1961 2387 2044 2442 vi-

389 2482 522 2526 vere
550 2470 610 2525 in
641 2472 872 2529 Christo
894 2474 1034 2530 Jesu
1060 2475 1527 2547 persecutionem
1552 2475 1881 2545 patientur;
1907 2475 2046 2532 mali

394 2563 588 2613 autem
639 2560 910 2618 homines
936 2571 995 2619 et
1042 2566 1381 2620 seductores
1431 2562 1738 2635 proﬁcient
1768 2565 1826 2619 in
1854 2566 2043 2636 pejus,

2070 1882 2121 1951 B

2153 628 2180 661 ε
2226 603 2510 682 Ἔλεγξον,
2569 606 2916 683 ἐπιτίμησον,
2964 608 3340 687 παρακάλεσον
3403 608 3453 664 ἐν
3512 608 3648 685 πάσῃ
3694 632 3781 685 μα-

2143 693 2418 771 κροθυμίᾳ
2472 694 2561 751 καὶ
2623 693 2867 775 διδαχῆς
2911 721 2938 750 ››
2992 700 3170 775 Χωρές
3226 698 3456 774 κρίσεως
3511 697 3778 772 καταδίκη·

2145 783 2323 861 χωρὶς
2356 784 2603 861 ἐλέγχων
2655 783 2941 866 ἀπόφασις.
2969 786 3032 842 Ἦ
3081 788 3347 863 θρασύτης
3396 780 3610 864 ἀνδρεία
3647 790 3782 844 νενό-

2150 872 2421 946 μισταιιή
2474 873 2698 947 ὠμότης
2744 875 2912 946 ξῆλος
2964 874 3298 949 ὠνόμασται·
3343 875 3372 930 ὁ
3422 870 3583 938 δόλος
3638 874 3786 957 σοφία

2146 958 2481 1040 λελόγισται.
2516 963 2654 1019 Beia
2688 964 3081 1043 μεγαλόφωνος
3113 960 3395 1043 τραγῳδία
3421 964 3626 1019 τούτων
3648 963 3781 1037 digii;

2146 1052 2349 1129 Μικρὸν
2378 1052 2644 1129 Ἰερεμίου
2676 1059 2873 1128 θρῆνος
2920 1054 3057 1131 πρὸς
3104 1051 3381 1109 τοσούτων
3431 1057 3609 1107 κακῶν
3658 1050 3787 1124 πλῆ-

2148 1149 2242 1203 θος
2297 1142 2387 1195 καὶ
2448 1139 2701 1216 μέγεθος.
2741 1141 2897 1199 Ἀλλ’
2922 1139 3011 1197 ’ἶνα
3065 1142 3140 1215 μή
3193 1138 3438 1214 δόξωμεν
3472 1138 3543 1196 δι’
3571 1141 3779 1218 ἀπορίαν

2145 1231 2253 1283 τῶν
2313 1226 2636 1300 ἀποδείξεων
2697 1225 3048 1308 ἐνδιατρίϐειν
3123 1235 3241 1294 ταῖς
3321 1229 3618 1306 οἰμωγαῖς,
3674 1228 3781 1313 φέρε

2147 1318 2282 1394 πρὸς
2310 1314 2557 1392 ἕκαστον,
2591 1320 2664 1373 ὧν
2697 1315 3128 1395 προϐάλλονται,
3156 1320 3291 1393 μετὰ
3321 1317 3581 1390 ἀληθείας
3614 1315 3782 1380 ἁπλῶς

2150 1407 2566 1483 ἂπαντήσωμεν,
2617 1409 2857 1486 καίτοιγε
2928 1410 3019 1464 καὶ
3089 1410 3197 1485 πρὸ
3268 1411 3377 1464 τῶν
3453 1405 3631 1483 λόγων
3683 1410 3787 1468 τοῖς

2150 1490 2331 1572 ἔργοις
2362 1492 2723 1573 ἐληλεγμένοι
2754 1498 3105 1574 τυγχάνουσι,
3140 1496 3275 1553 κατὰ
3304 1496 3404 1567 τήν
3450 1496 3592 1561 θείαν
3635 1516 3788 1569 νομο-

2148 1585 2321 1640 θεσίαν
2366 1587 2464 1655 τὴν
2523 1585 2800 1663 λέγουσαν·
2836 1611 2864 1639 ‹‹
2897 1589 2992 1643 Ἐκ
3030 1592 3136 1642 τῶν
3192 1591 3417 1662 καρπῶν
3468 1583 3639 1641 αὐτῶν
3692 1584 3794 1639 ἐπι-

2148 1675 2421 1750 γνώσεσθε
2469 1674 2686 1738 αὐτούς.
2721 1676 2932 1752 Καρποὶ
2987 1673 3045 1731 δὲ
3097 1681 3207 1731 τῶν
3259 1672 3382 1749 ἄρτι
3431 1673 3793 1747 πονουμένων,

2150 1764 2223 1824 ὡς
2261 1762 2424 1832 ἔοικε,
2454 1763 2518 1818 τὸ
2570 1762 2902 1840 σκορπίζειν,
2938 1763 3000 1819 οὐ
3048 1764 3110 1819 τὸ
3158 1765 3431 1840 συνάγεινο
3464 1763 3525 1818 τὸ
3571 1760 3795 1830 διώκειν,

2150 1852 2213 1905 οὐ
2260 1851 2323 1906 τὸ
2369 1849 2672 1928 ἐπανάγειν
2721 1852 2785 1907 τὸ
2830 1847 3217 1923 καταϐάλλειν,
3251 1855 3318 1907 ού
3365 1852 3431 1907 τὸ
3472 1851 3712 1928 ἆγείρεινο
3744 1849 3798 1905 τό

2149 1940 2551 2015 τραυματίζειν,
2613 1940 2675 1996 οὗ
2728 1940 2791 1995 τὸ
2850 1941 3201 2018 θεραπεύεινο
3259 1942 3323 1996 τὸ
3376 1946 3555 2014 μισεῖν
3599 1940 3667 1994 τά
3725 1940 3793 2011 μὴ

2149 2027 2500 2101 πλανώμενα,
2534 2029 2596 2083 οὐ
2643 2029 2707 2084 τὸ
2758 2035 2935 2100 ζητεῖν
2984 2030 3051 2086 τὰ
3095 2027 3453 2102 πλανώμενα.
3486 2030 3558 2084 Τὸ
3590 2029 3681 2102 μὲν
3712 2026 3794 2083 οὖν

2151 2114 2399 2192 ἁψευδῶς
2456 2119 2841 2194 γεγραμμένον
2909 2116 3211 2194 προδήλως
3285 2117 3671 2193 πεπλήρωται,
3722 2115 3798 2171 ὅτι

2157 2229 2185 2257 ιι
2212 2208 2412 2269 Πάντες
2456 2208 2510 2261 οἱ
2560 2204 2819 2272 θέλοντες
2862 2211 2957 2282 ζῇν
3009 2202 3243 2269 εὐσεϐῶς
3294 2207 3347 2261 ἐν
3381 2209 3603 2281 Χριστῷ
3633 2208 3799 2276 Ἰησοῦ

2154 2292 2579 2372 διωχθήσονται·
2613 2297 2849 2373 πονηροὶ
2880 2292 2939 2351 δὲ
2968 2296 3245 2372 ἅνθρωποι
3294 2296 3385 2351 καὶ
3433 2296 3628 2371 γόητες
3673 2313 3799 2369 προ-

2152 2383 2412 2458 κόψουσιν
2469 2383 2557 2439 ἐπὶ
2616 2391 2829 2461 χεῖρον,
2859 2383 3173 2448 πλανῶντες
3233 2385 3322 2441 καὶ
3374 2384 3742 2457 πλανώμενοι.
3776 2407 3796 2434 ι

2152 2474 2229 2528 Τὰ
2257 2471 2317 2530 δὶ
2347 2471 2486 2550 μέρη
2535 2480 2635 2544 τῆς
2691 2476 3009 2550 παρ”ἱλμῶν
3063 2472 3379 2549 ἀντιλογίας
3437 2472 3801 2540 ὑποτέτακται,

2153 2562 2245 2618 καὶ
2276 2563 2450 2625 οὓτως
2481 2564 2618 2618 κατὰ
2645 2562 2791 2634 τάξιν
2825 2560 3148 2639 διῃρημένα.

393 2652 657 2727 errantes
687 2655 745 2704 et
776 2650 833 2705 in
863 2666 1123 2707 errorem
1176 2653 1479 2709 mittentes
1507 2653 1570 2708 ⁸⁸.
1606 2674 1635 2704 ››
1669 2653 1955 2709 Caeterum
2005 2654 2422 2711 confutaticnls
2454 2658 2667 2710 nostris
2719 2659 2914 2727 partes
2944 2654 3364 2726 subjiciuntur,
3397 2659 3576 2727 atque
3615 2650 3808 2707 ordine

390 2720 863 2808 distinguuntur.

1214 2860 1237 2916 Ι
1748 2915 1758 2926 .

494 2945 760 3003 Adversus
786 2962 875 3002 eos
905 2949 1006 3020 qui
1033 2965 1107 3003 ex
1126 2948 1248 3004 sola
1274 2948 1639 3007 multitudine
1668 2952 1959 3007 veritatem

1059 3019 1385 3092 dijudicant.

463 3124 793 3180 Certamina
822 3124 1021 3198 igitur,
1056 3126 1172 3183 Deo
1204 3128 1463 3199 auspice,
1487 3129 1769 3184 adversus
1801 3126 2044 3185 menda-

398 3212 556 3267 cium
592 3213 815 3286 inituri,
848 3214 1055 3271 ducem
1114 3221 1172 3271 et
1229 3218 1579 3289 magistrum
1640 3218 2045 3274 invocabimus

2957 2862 2980 2918 Ι

2264 2950 2407 3026 Πρὸς
2454 2947 2586 3012 τοὺς
2635 2946 2837 3020 πλήθει
2892 2904 3044 3076 μόνῳ
3090 2947 3374 3025 κρίνοντας
3424 2949 3524 3018 τήν
3566 2943 3705 3017 ἀλή-

2928 3041 3061 3076 ειαν.

2928 3041 3061 3077 ειαν.

2228 3123 2538 3190 Μέλλοντες
2571 3124 2629 3182 δὲ
2658 3125 2751 3183 σὺν
2780 3132 2897 3199 Θεῷ
2926 3130 3033 3182 τῶν
3064 3126 3200 3182 κατᾶ
3236 3128 3333 3180 τοῦ
3382 3123 3615 3201 ψεύδους
3663 3122 3802 3197 ἀγώ-

2153 3237 2259 3271 νων
2290 3215 2570 3284 ἅπτεσθαι,
2600 3211 2917 3287 καλέσωμεν
2951 3213 3027 3276 εἷς
3079 3210 3347 3288 ὁδήγησιν
3398 3212 3492 3267 τὸν
3532 3211 3657 3272 Θεὸν
3707 3214 3802 3277 τῆς

392 3299 574 3356 Deum
624 3303 905 3359 veritatis.
942 3305 1071 3376 Ipse
1101 3306 1254 3361 enim
1298 3312 1405 3374 est,
1441 3307 1539 3378 qui
1568 3325 1601 3362 a
1631 3306 1905 3363 vanitatis
1937 3324 2041 3362 nos

2154 3300 2434 3375 ἀληθείας.
2466 3301 2641 3367 Αὐτὸς
2683 3304 2784 3381 γὰρ
2828 3305 2977 3377 ἡμᾶς
3027 3302 3088 3357 ἐκ
3131 3304 3228 3357 τοῦ
3276 3299 3512 3374 ψεύδους
3559 3307 3659 3369 τῆς
3708 3318 3804 3370 μα-

391 3389 714 3447 mendaciis
745 3391 1030 3461 liberavit,
1055 3411 1211 3449 nunc
1243 3395 1480 3466 quidem
1513 3394 1780 3451 clamans
1815 3412 1829 3451 ε
1862 3418 1889 3445 ‹‹
1925 3396 2042 3468 Ego

394 3496 525 3534 sum
556 3483 770 3536 veritas
791 3481 837 3516 ³⁸
860 3499 911 3549 ς»
939 3499 1095 3537 nunc
1125 3499 1259 3538 vero
1289 3483 1639 3540 cohortans:
1677 3507 1704 3533 ‹‹
1735 3482 2042 3550 Confidite,

394 3584 500 3640 ego
529 3568 640 3623 vici
686 3572 969 3625 mundum
1001 3571 1066 3627 ³⁷.
1105 3593 1132 3620 ››
1162 3571 1463 3638 Quomodo
1497 3570 1676 3646 igitur
1721 3589 1832 3627 non
1867 3572 2042 3626 mise-

393 3657 560 3711 randi
593 3655 700 3724 illi,
733 3657 835 3730 qui
866 3659 980 3713 vim
1006 3660 1537 3733 auctoritatemque
1588 3661 1885 3723 doctrinze,
1920 3660 2045 3715 sola

395 3743 775 3801 multitudine
804 3745 1157 3802 metiuntur:
1194 3764 1300 3803 nec
1330 3748 1704 3804 considerant
1730 3747 2042 3804 Dominum

394 3836 662 3888 nostrum
695 3832 991 3889 Christum
1024 3835 1333 3892 duodecim
1367 3835 2042 3908 discipulos,simplices,

391 3916 744 3993 iilitteratos,
803 3940 1109 3995 pauperes,
1170 3922 1430 3996 ignaros,
1492 3924 1707 3979 fiducia
1764 3925 2044 3981 adversus

396 4010 684 4066 mundum
739 4015 924 4067 totum
975 4012 1160 4085 gratis
1211 4012 1582 4069 munivisse?
1628 4014 1720 4068 Sic
1772 4012 1902 4070 illos
1957 4015 2042 4069 in-

397 4101 633 4155 struens
691 4114 803 4155 non
866 4105 929 4155 ut
988 4100 1320 4169 duodecim,
1382 4102 1672 4175 myriades
1726 4120 2044 4175 sequeren—

399 4193 513 4253 tur,
548 4189 647 4244 sed
700 4187 1012 4258 myriades,
1045 4189 1355 4245 duodecim
1405 4190 1538 4245 illos
1569 4192 1731 4262 sequi
1784 4190 2045 4247 vellent?

398 4281 485 4331 ita
514 4293 748 4350 semper
774 4278 961 4334 vincit
989 4278 1609 4350 veritas,quantumvis
1641 4280 1794 4351 apud
1829 4296 2045 4351 paucos

397 4365 851 4439 inveniatur;qui
868 4372 1061 4423 autem
1081 4368 1420 4439 quaestionis
1432 4369 1742 4442 propositae
1758 4369 2043 4424 rationem

398 4454 536 4510 dare
568 4473 680 4511 uou
714 4457 911 4524 audet,
946 4472 1051 4511 nec
1086 4457 1690 4513 demonstrationibus
1722 4459 2045 4513 instructus

400 4549 508 4614 est,
540 4550 717 4615 atque
743 4544 959 4599 idcirco
1009 4545 1080 4599 ad
1114 4544 1514 4601 multitudinis
1561 4545 1822 4617 confugit
1855 4543 2048 4617 praesi-

398 4631 561 4687 dium
594 4650 615 4705 τ’
641 4633 691 4687 is
744 4632 855 4687 hoc
900 4630 1028 4704 ipso
1081 4649 1143 4688 se
1198 4634 1412 4688 victum
1467 4634 1788 4705 profitetur.
1829 4646 1889 4686 ut
1944 4632 2045 4703 qui

398 4719 629 4774 nullum
652 4721 836 4775 alium
859 4721 1228 4776 confidentiae
1260 4722 1474 4777 habeat
1496 4720 1866 4786 locum.Quid
1894 4721 2045 4775 mul-

399 4807 710 4864 titudinem
764 4809 933 4865 nobis
964 4808 1207 4881 ingeris,
1237 4811 1405 4882 quasi
1456 4809 1700 4865 alteram
1746 4809 1926 4864 turris
1956 4827 2048 4865 ex-

396 4898 779 4954 structionem
830 4898 945 4954 Deo
981 4896 1280 4965 minitans,
1314 4900 1382 4954 ad
1437 4896 1656 4953 insana:
1688 4897 1847 4953 illius
1896 4898 2047 4954 mul-

393 4987 665 5043 titudinis
714 4984 1401 5058 exemplum?Ostendat
1455 4985 1594 5041 mihi
1641 4984 1740 5042 illa
1786 4987 2047 5042 veritatis

398 5074 868 5148 decus,proxima
892 5074 1007 5130 haec
1030 5075 1122 5130 via
1142 5076 1253 5130 erit
1274 5076 1343 5129 ad
1370 5075 1865 5145 persuadendum.
1900 5075 2045 5131 Mul-

395 5164 588 5219 titudo
611 5171 804 5219 autem
823 5180 933 5219 sua
946 5165 1293 5219 auctoritate
1308 5162 2048 5221 sinedemonstrationibus

396 5255 807 5325 comprobans,
831 5251 1035 5308 estilla
1056 5252 1295 5323 quidem
1317 5251 1526 5307 idonea
1544 5254 1614 5307 ad
1641 5252 2042 5309 incutiendum

2152 3392 2437 3463 ταιότητος
2486 3388 2853 3467 έλυτρώσατο·
2904 3394 2995 3444 νῦν
3050 3390 3144 3463 μὲν
3216 3388 3383 3466 βοῶν·
3436 3415 3464 3441 ‹‹
3510 3386 3650 3465 Ἐγώ
3697 3385 3804 3458 εἶμι

2151 3483 2186 3552 ἡ
2240 3480 2492 3552 ἀλήθεια·
2548 3506 2576 3534 ››
2627 3484 2719 3534 νῦν
2777 3478 2834 3534 δέ
2891 3482 3242 3557 παρεγγυῶν·
3297 3504 3324 3530 ‹‹
3377 3482 3656 3556 Θαρσεῖτε,
3701 3473 3803 3550 ἐγὼ

2151 3569 2405 3640 νενίκηκα
2430 3567 2520 3624 τὸν
2552 3567 2785 3642 κόσμον.
2813 3592 2840 3620 ››
2880 3571 3001 3629 Πῶς
3033 3564 3124 3622 οὖν
3158 3567 3258 3621 οὐκ
3288 3566 3515 3623 έλεεινοὶ
3542 3566 3594 3621 οἱ
3614 3563 3804 3634 πλήθει

2158 3656 2306 3733 μόνῳ
2335 3661 2433 3712 τοῦ
2474 3656 2640 3734 λόγου
2668 3658 2768 3725 τὴν
2821 3655 2979 3733 ἰσχὺν
3020 3654 3406 3729 ἀπονέμοντες,
3440 3656 3531 3711 καὶ
3579 3654 3642 3709 οὐ
3688 3674 3803 3707 συν-

2159 3746 2343 3818 ιέντες,
2378 3745 2564 3822 ὅτιπερ
2598 3745 2626 3801 ὁ
2666 3745 2939 3815 Δεσπότης
2991 3746 3219 3820 Χριστὸς
3271 3741 3486 3799 δώδεκα
3544 3743 3803 3816 μαθηταῖς

2155 3833 2376 3906 ἁπλοῖς,
2426 3832 2825 3911 ἀγραμμάτοις,
2877 3833 3121 3903 πένησιν,
3170 3830 3496 3904 εὐαλώτοις,
3550 3831 3612 3887 τὸ
3676 3829 3805 3884 κατὰ

2153 3923 2349 3985 παντὸς
2397 3927 2494 3978 τοῦ
2535 3922 2744 3994 κΰσμου
2792 3919 2987 3997 θάρσος
3035 3916 3362 3997 δεδώρηται,
3406 3917 3805 3997 παρασκευάσας

2153 4010 2349 4075 αὐτοὺς
2396 4009 2458 4067 οὒ
2505 4016 2625 4073 ταῖς
2677 4007 2886 4065 δώδεκα
2939 4010 3191 4085 μυριάσιν
3240 4008 3634 4079 ἀκολουθῆσαι,
3667 4004 3804 4062 ἀλλᾶ

2151 4102 2246 4162 τὰς
2298 4096 2560 4177 μυριάδας
2592 4098 2872 4163 συνθέσθαι
2902 4103 3024 4160 τοῖς
3066 4095 3313 4166 δώδεκα;
3344 4097 3534 4160 Οὕτως
3583 4093 3662 4152 ἀεὶ
3708 4100 3801 4163 τῆς

2153 4187 2410 4259 ἀληθείας
2469 4190 2531 4243 τὸ
2584 4187 2805 4263 κράτος,
2852 4185 2948 4242 κᾶν
3013 4186 3141 4257 παρ’
3190 4185 3405 4261 ὀλίγοις
3464 4187 3601 4248 τέως
3666 4181 3801 4257 εύρί-

2155 4299 2368 4345 σκηται.
2420 4282 2474 4331 Ὀ
2527 4275 2585 4331 δὲ
2644 4278 2720 4351 μὴ
2778 4274 3003 4349 τολμῶν
3063 4273 3249 4331 δοῦναι
3307 4274 3474 4352 λόγον
3534 4277 3631 4343 τῆς
3673 4291 3799 4349 προ-

2153 4366 2412 4438 κειμένης
2500 4367 2815 4435 ζητήσεως,
2892 4365 3023 4437 μήτ’
3101 4364 3347 4440 εὐπορῶν
3444 4360 3800 4432 ἀποδείξεων,

2153 4453 2244 4509 καὶ
2303 4448 2393 4507 διὰ
2463 4456 2624 4507 τοῦτο
2703 4451 3053 4532 καταφεύγων
3108 4451 3184 4515 εἷς
3242 4452 3479 4521 πλῆθος,
3543 4448 3802 4523 ὁμολογεῖ

2153 4543 2253 4610 τὴν
2309 4543 2495 4610 ἧτταν,
2545 4539 2620 4602 ὡς
2677 4538 2832 4595 οὐδὲν
2892 4537 3036 4618 ἔχων
3097 4539 3403 4618 παῤῥησίας
3463 4538 3698 4619 ἐφόδιον.
3729 4537 3800 4592 Τὸ

2157 4628 2373 4699 πλῆθος
2403 4628 2539 4703 ἡμῖν
2572 4628 2844 4701 ἐπισείεις,
2876 4629 3057 4705 ὥσπερ
3101 4626 3342 4685 ἀπειλῶν
3391 4633 3472 4698 τῷ
3521 4632 3636 4700 Θεῷ
3672 4645 3797 4698 πυρα

2158 4717 2409 4790 γοποιίαν
2470 4714 2741 4794 δευτέραν,
2787 4717 2922 4773 κατᾶ
2974 4718 3204 4798 μίμησιν
3263 4716 3625 4796 πολυχειρίας
3681 4733 3798 4793 φρε-

2156 4800 2484 4869 νοϐλαϐοὖς.
2537 4805 2767 4876 Δειξάτω
2819 4827 2911 4879 μοι
2958 4804 3165 4869 κάλλος
3220 4804 3502 4879 ἀληθείας,
3550 4805 3638 4861 καὶ
3688 4800 3799 4857 σύν-

2154 4912 2325 4969 τομος
2383 4890 2603 4963 εύθὺςὴ
2636 4895 2828 4950 πειθώ.
2862 4894 3080 4968 Πλῆθος
3139 4891 3197 4949 δὲ
3252 4895 3431 4972 χωρὶς
3487 4891 3795 4962 ἀποδείξεων

2157 4983 2467 5054 αὐθεντοῦν,
2501 4978 2734 5061 φοϐῆσαι
2799 4984 2894 5056 μέν
2952 4983 3156 5051 ἱκανὸν,
3188 4989 3368 5038 πεῖσαι
3427 4981 3486 5040 δέ
3534 4981 3793 5055 ούδαμῶςο

2156 5072 2226 5131 Ἢ
2259 5071 2417 5128 πόσαι
2454 5069 2709 5149 μυριάδες
2742 5070 2987 5127 πείσουσί
3037 5093 3103 5145 με
3128 5074 3229 5141 τὴν
3265 5074 3476 5149 ἡμέραν
3521 5074 3676 5128 νύκτα
3709 5086 3788 5120 νο-

2161 5160 2351 5238 μίσαι;
2384 5163 2418 5231 ἢ
2450 5162 2511 5217 τὸ
2542 5158 2785 5238 χαλκοῦν
2817 5159 3065 5235 νόμισμα
3093 5160 3167 5223 ὡς
3197 5167 3435 5238 χρυσοῦν
3471 5161 3677 5225 εἰδέναι,
3706 5150 3785 5208 καὶ

2159 5252 2301 5307 οὕτω
2351 5249 2641 5327 δέχεσθαι;
2674 5248 2709 5319 ἢ
2759 5248 3073 5326 προσίεσθαι
3132 5247 3469 5326 δηλητήριον
3533 5244 3788 5326 πρόδηλον

469 5460 514 5495 ³1
548 5459 597 5513 ll
626 5459 833 5514 Thess.
867 5458 1073 5531 111,715.
1150 5458 1198 5491 ³³
1242 5456 1551 5531 Ηεδςεχη,
1599 5456 1686 5511 13.
1763 5452 1808 5492 ⁸⁸
1839 5452 1887 5512 ΙΙ
1933 5457 2041 5512 Tiu

2153 5475 2215 5525 ;v,
2262 5457 2316 5513 2.
2393 5459 2440 5494 ³⁸
2484 5460 2688 5516 Matth.
2742 5477 2842 5531 vn,
2885 5460 2976 5515 20.
3053 5460 3099 5494 ³⁸
3147 5460 3195 5513 Il
3244 5458 3398 5515 Tim.
3449 5476 3535 5528 ιιι,
3585 5458 3670 5529 12,
3717 5452 3798 5509 13.

397 5529 441 5565 ⁸⁸
470 5531 636 5585 Joan.
667 5546 784 5596 XIV,
814 5531 871 5599 6,
946 5529 991 5564 ³⁷
1018 5532 1188 5585 Joan.
1219 5544 1336 5599 xvr,
1367 5528 1456 5583 33.

472 5700 585 5769 (21)
617 5699 713 5753 Sic
743 5716 885 5755 mss.
919 5697 1070 5754 Editi
1098 5715 1254 5766 vero,
1282 5697 1345 5751 τὸ
1374 5694 1563 5774 χωλὸν
1606 5696 1652 5752 εί
1682 5700 1887 5773 τραπῇ,
1920 5698 2041 5773 ἰαθῇ

2153 5716 2160 5768 ι
2194 5694 2252 5752 δὲ
2281 5695 2532 5772 μαλλῶν.
