4104 6374
351 433 501 498 1311

1099 435 1754 500 GONFUTATIONES
1801 431 2310 508 QUARUMDAM
2356 435 2995 500 PROPOSITIONUM
3010 485 3023 498 .

3618 439 3776 498 1342

349 573 462 626 ἀντὶ
487 571 845 642 καιαλλήλου
875 579 1086 652 τροφῆς
1111 592 1123 642 ;
1157 571 1290 628 Εἶτα
1320 570 1524 648 γηΐνων
1562 571 1654 643 μὲν
1686 568 1840 627 ’ἑνεκα
1871 592 1999 646 πρα-

2120 577 2376 637 metum;
2411 574 2510 628 sed
2539 573 2607 627 ad
2645 575 3139 644 persuadendum,
3175 575 3338 630 nullo
3370 576 3563 630 modo.
3625 576 3777 639 Quot

347 663 568 736 γμάτων
599 663 698 716 οὐκ
731 663 1098 735 αἶ’σθησόμεθα
1125 661 1343 730 πλῆθος
1391 656 1782 734 ψευδωνόμων·
1837 661 1997 735 οὖρα-

344 749 472 803 νίων
508 746 563 803 δὲ
592 749 754 826 χάριν
786 747 1071 826 δογμάτων
1117 747 1372 822 νεύμασιν
1418 746 1827 811 ἀναποδείκτοις
1879 749 2001 804 ἆκο-

347 836 622 910 λουθήσω,
655 843 762 894 τῶν
796 838 966 894 πάλαι
997 837 1084 892 καί
1117 837 1395 912 πρόπαλαι
1432 839 1564 910 μετὰ
1591 835 1810 907 πολλῆς
1859 859 1999 910 συμ-

344 926 570 1003 φωνίας,
600 926 690 982 καὶ
749 933 849 996 τῆς
898 931 1005 981 τῶν
1053 931 1278 1004 Γραφῶν
1335 926 1629 1001 μαρτυρίας
1674 923 2002 998 παραδοθέν-

339 1036 446 1068 των
484 1013 888 1090 ἆναχωρτςσας;
922 1015 1032 1069 Οὐκ
1060 1014 1368 1087 ἠκούσαμεν
1418 1018 1514 1068 τοῦ
1565 1012 1764 1088 Κυρίου
1816 1012 2000 1088 λὲγον-

343 1123 458 1163 τοςο
511 1128 538 1154 ‹‹
593 1101 807 1158 Πολλοὶ
851 1101 1075 1174 κλητοὶ,
1140 1102 1321 1177 ὀλίγοι
1383 1100 1440 1156 δὲ
1479 1099 1761 1169 ἐκλεκτοί;
1824 1126 1852 1152 ››
1908 1101 1997 1156 καὶ

342 1190 538 1246 πάλινο
596 1219 623 1244 (ι
679 1193 849 1260 Στενή
900 1192 989 1247 καὶ
1043 1189 1384 1265 τεθλιμμένη
1430 1191 1465 1260 ἡ
1501 1188 1626 1251 ὁδὸς
1657 1191 1691 1260 ἡ
1725 1189 2002 1264 ἀπάγουσα

344 1280 420 1342 εἷς
449 1281 548 1348 τήν
581 1283 743 1349 ζωὴν,
777 1303 865 1335 και
897 1279 1076 1358 ὀλίγοι
1111 1279 1240 1334 είσῖν
1276 1281 1326 1334 οἱ
1361 1280 1696 1355 εὑρίσκοντες
1726 1279 1892 1349 αὗτήν
1921 1299 1935 1346 ;
1972 1304 1998 1330 ››

344 1369 441 1430 Τίς
474 1369 566 1422 οὗν
601 1367 656 1422 εὗ
704 1373 916 1447 φρονῶν
960 1369 1058 1422 οὐκ
1088 1365 1303 1442 εὔχεται
1335 1371 1442 1421 τῶν
1480 1364 1684 1443 ὀλίγων
1721 1368 1856 1420 εἶναι
1887 1372 1994 1420 τῶν

350 1455 436 1511 διὰ
464 1463 564 1525 τῆς
596 1465 784 1526 στενῆς
817 1457 1090 1512 εἰσιόντων
1124 1457 1198 1518 εἷς
1256 1457 1551 1531 σωτηρίαν,
1602 1455 1637 1524 ἢ
1695 1459 1802 1510 τῶν
1858 1455 1996 1510 πολ-

347 1545 476 1614 λῶν,
507 1543 615 1598 τῶν
646 1543 734 1600 διὰ
761 1552 861 1615 τῆς
892 1545 1152 1607 πλατείας
1185 1545 1258 1608 είς
1305 1543 1577 1600 ἀπώλειαν
1626 1544 1954 1616 ὠθουμένων
1980 1563 1996 1614 ;

346 1632 441 1694 Τίς
474 1631 530 1686 δὲ
580 1632 679 1687 οὐκ
737 1633 796 1687 ἂν
845 1633 1200 1705 ἐπιθυμήσω,
1255 1634 1298 1687 εἰ
1342 1635 1480 1688 κατά
1517 1633 1606 1687 τὸν
1640 1633 1825 1710 καιρὸν
1859 1632 1995 1687 ἐκεῖ·

342 1741 429 1774 νον
463 1715 651 1796 ἔτυχεν
686 1718 757 1774 ὥν
789 1725 890 1788 τῆς
921 1720 1204 1790 ἀθλήσεως
1237 1725 1336 1773 τοῦ
1371 1721 1640 1795 μακαρίου
1701 1721 1995 1796 Στεφάνου,

343 1813 444 1876 τῆς
493 1807 696 1862 ἐκείνου
749 1807 969 1883 μερίδος
1016 1808 1279 1882 γενέσθαι,
1329 1813 1426 1862 τοῦ
1471 1807 1782 1880 μόνου,τοῖς
1816 1806 1998 1870 λίθοις

351 1895 718 1973 βαλλομένου,
771 1903 866 1952 τοῦ
916 1904 1071 1952 πᾶσιν
1131 1900 1206 1958 εἰς
1256 1897 1470 1973 γέλωτα
1528 1895 1913 1972 προκειμένου,
1961 1897 1994 1965 ἢ
2033 1939 2080 2004 Β

385 1990 410 2000 η’
491 1981 515 2002 Ἰ
565 1985 584 2004 Ἴ
747 1989 774 2000 .-
885 1987 898 2004 ῒ
997 1987 1005 2004 Ι
1185 1985 1198 2002 ‘
1252 1987 1298 2004 ν’
1343 1986 1354 2004 Ι
1583 1987 1597 2004 ι
1725 1992 1750 2003 ς
1940 1993 1967 2003 ην

342 1990 452 2040 τῶν
487 1981 674 2061 ὄχλων
708 1989 815 2040 τῶν
851 1987 1122 2058 οἰομένων
1147 1985 1209 2040 τὸ
1241 1986 1548 2056 ἀξιόπιστον
1583 1987 1643 2040 ὲκ
1684 1992 1784 2054 τῆς
1830 1993 2001 2054 κακῆς

353 2070 626 2134 αὖθεντίας
654 2092 667 2139 ;
727 2072 819 2133 Εἷς
870 2070 1174 2145 εὐδοκιμῶν
1206 2073 1606 2146 προτιμότερος
1639 2072 1772 2149 ὑπὲρ
1809 2074 2002 2150 μυριά-

354 2155 448 2220 δας
493 2157 745 2231 αὐθαδείᾳ
794 2160 1208 2233 σεμνυνομένας,
1260 2162 1334 2223 ὡς
1381 2162 1472 2216 καὶ
1506 2161 1592 2215 ἐπὶ
1629 2169 1729 2231 τῆς
1763 2161 2004 2224 Παλαιᾶς

353 2247 627 2318 Διαθτςκης
682 2247 1019 2321 εὑρίσκομεν·
1074 2247 1126 2304 ἐν
1176 2246 1492 2324 ᾖχιλιάδες
1529 2247 1622 2321 μὲν
1656 2246 1878 2303 ἔπιπτον
1906 2254 2002 2304 τοῦ

352 2333 490 2390 λαοῦ
547 2333 798 2409 θεηλάτῳ
845 2335 1061 2411 πληγῇ,
1129 2336 1291 2410 μόνος
1344 2334 1402 2391 δὲ
1449 2339 1477 2391 ὁ
1509 2338 1697 2398 Φινεὲς
1731 2333 1880 2406 ἔστη,
1913 2337 2002 2391 καὶ

355 2422 656 2494 ἐξιλάσατο,
731 2425 820 2478 καὶ
899 2424 1153 2480 ἐκόπασεν
1221 2428 1256 2494 ἡ
1318 2429 1558 2497 θραῦσις.
1621 2425 1682 2479 Ei.
1743 2423 1802 2479 δὲ
1858 2425 2000 2480 εἶπεν

352 2512 575 2574 ἐκεῖνος·
629 2517 750 2574 Πῶς
799 2514 1070 2586 τολμήσει
1113 2516 1241 2587 [τις]
1280 2515 1414 2589 πρὸς
1445 2514 1510 2568 τὰ
1541 2515 1847 2590 συμφώνως
1901 2512 2003 2568 ὑπὸ

350 2598 622 2656 τοσούτων
678 2600 977 2676 γενόμενα;
1030 2606 1148 2663 πῶς
1196 2601 1429 2656 ἐναντίαν
1501 2599 1773 2675 ἐπιθῶμαι
1823 2605 2004 2680 ψῆφον

349 2693 457 2744 τῶν
507 2689 651 2744 οὕτω
698 2692 992 2766 κρινάντων
1046 2695 1185 2764 ζῇν,
1239 2689 1352 2745 οὔτ’
1383 2688 1440 2744 ἄν
1476 2691 1636 2753 αὐτὸς
1668 2690 1999 2765 ἠρίστευσεν,

353 2774 466 2832 οὔτ’
516 2777 574 2832 ἂν
619 2777 680 2833 τὸ
720 2780 882 2834 κακὸν
935 2774 1173 2850 ἔστησεν·
1231 2779 1342 2834 οὔτ’
1391 2778 1448 2834 ἂν
1496 2777 1547 2834 οἱ
1589 2779 1776 2836 λοιποὶ
1809 2776 2002 2834 διεσώ-

354 2868 546 2938 θησαν,
598 2864 709 2921 οὔτ’
751 2867 808 2921 ἂν
861 2869 991 2929 Θεὸς
1037 2868 1134 2936 τήν
1170 2867 1445 2940 εὐμένειαν
1482 2866 1791 2943 ἐχαρίσατο.
1828 2867 2002 2923 Καλὸν

352 2953 470 3022 οὖν,
526 2955 690 3011 καλὸν
746 2955 835 3010 καὶ
883 2957 946 3011 τὸ
992 2953 1086 3010 ’ἐνα
1136 2953 1340 3010 δίκαιον
1374 2955 1852 3032 παρρησιάζεσθαι,
1913 2953 2002 3011 καὶ

349 3044 413 3099 τὸ
453 3043 679 3099 πολλῶν
714 3043 1026 3122 συμφωνίαν
1059 3039 1241 3098 ἄδικον
1297 3043 1536 3102 λόεσθαι.
1569 3043 1743 3101 Ἀλλᾶ
1793 3043 1854 3098 σὺ
1907 3044 1999 3117 μὲν

350 3134 718 3210 προτίμησον,
770 3135 815 3189 εί
858 3133 1026 3204 δοκεῖ,
1081 3139 1178 3188 τοῦ
1233 3136 1548 3208 σωζομένου
1598 3139 1716 3189 Νῶε
1761 3134 1823 3189 τὸ
1869 3135 2004 3188 ὑπο-

354 3217 585 3299 ϐρύχιον
637 3220 871 3292 πλῆθος·
925 3221 1048 3294 ἐμοὶ
1095 3221 1152 3276 δὲ
1202 3223 1562 3298 συγχώρησον
1613 3227 1678 3296 τῇ
1729 3223 1852 3284 τοὺς
1889 3222 2004 3278 ὀλί-

2108 661 2260 716 enim
2298 661 2592 733 myriades
2627 661 2768 716 mihi
2805 662 3246 737 persuasuerint
3271 664 3510 719 utdiem
3546 669 3774 719 noctem

2107 767 2236 806 esse
2267 752 2622 805 statuam?ut
2653 767 2866 804 aereum
2903 751 3202 808 numisma
3235 771 3338 824 pro
3372 770 3547 808 aureo
3589 769 3776 825 agno-

2108 855 2266 894 scam
2299 845 2356 893 et
2388 839 2668 911 accipiam
2694 839 2720 893 ?
2748 845 2812 893 ut
2843 847 3110 911 apertum
3144 841 3304 897 virus
3357 859 3458 914 pro
3517 857 3772 912 congruo

2107 927 2468 982 nutrimento
2482 927 2847 983 sumam?Dei
2860 929 2968 983 nde
2984 945 3175 984 rerum
3198 931 3561 986 terrestrium
3578 929 3768 1001 gratia

2108 1031 2224 1069 non
2256 1031 2535 1070 curamus
2567 1013 3004 1071 multitudinem
3042 1017 3185 1072 l‘also
3215 1019 3669 1086 nominalorum,
3712 1023 3770 1073 et

2107 1104 2260 1159 493
2293 1104 2348 1157 in
2399 1105 2732 1160 ccelestibus
2790 1105 3168 1175 dogmatibus
3203 1106 3362 1161 nulla
3394 1108 3764 1162 demonstra-

2108 1192 2263 1247 tione
2295 1193 2512 1248 fultum
2545 1209 2759 1264 sequar
2790 1201 3024 1263 nutum,
3059 1197 3130 1250 ab
3166 1196 3238 1250 iis
3269 1195 3490 1250 scilicet
3547 1195 3766 1250 disces-

2107 1298 2302 1347 surus,
2337 1299 2468 1353 quae
2497 1298 2709 1352 magno
2741 1300 3052 1352 consensu,
3081 1285 3402 1356 multisque
3434 1285 3764 1355 Scriptura-

2107 1386 2238 1424 rum
2272 1371 2627 1426 testimoniis
2648 1373 2774 1442 jam
2810 1373 2942 1427 inde
2973 1374 3046 1427 ab
3077 1372 3511 1444 antiquissimis
3544 1378 3768 1445 tempo-

2108 1460 2271 1513 ribus
2298 1463 2437 1514 sunt
2466 1460 2726 1514 tradita?
2785 1465 2990 1515 Annon
3053 1461 3391 1516 audivimus
3450 1460 3768 1517 Dominum

2107 1547 2400 1604 dicentem
2437 1565 2448 1601 :
2481 1569 2507 1596 «
2535 1545 2704 1603 Multi
2741 1555 2878 1603 sunt
2907 1549 3294 1620 vocati,pauci
3325 1567 3457 1604 vero
3490 1549 3771 1604 electi33?»

2107 1641 2165 1692 et
2197 1636 2408 1692 iterum
2445 1653 2456 1691 :
2493 1660 2520 1685 «
2555 1639 2815 1710 Angusta
2842 1642 2951 1706 est,
2986 1644 3042 1692 et
3072 1639 3275 1694 stricta
3306 1639 3418 1704 via,
3454 1655 3579 1709 qua:
3613 1639 3775 1693 ducit

2108 1726 2178 1781 ad
2213 1725 2477 1791 vitam,et
2511 1727 2677 1796 pauci
2715 1731 2853 1779 sunt
2885 1727 2983 1797 qui
3017 1727 3321 1781 inveniunt
3347 1744 3474 1783 eam
3507 1727 3610 1780 39'?»
3630 1727 3774 1791 Quis

2107 1814 2288 1887 igitur
2321 1831 2462 1869 sana
2495 1817 2688 1868 mente
2720 1814 2999 1886 praeditus
3033 1832 3146 1869 non
3183 1813 3349 1870 malit
3371 1815 3427 1869 in
3449 1832 3769 1887 paucorum

2109 1920 2238 1959 esse
2269 1918 2533 1971 numero,
2571 1919 2672 1974 per
2704 1909 3015 1973 angustam
3050 1904 3117 1957 ad
3153 1902 3401 1958 salutem
3440 1903 3771 1974 ingredien-

2111 1991 2467 2062 tium,quam
2489 1992 2810 2045 multorum
2836 2007 2936 2062 per
2969 1992 3143 2046 latam
3172 1992 3241 2046 ad
3267 1991 3573 2046 interitum
3605 2008 3774 2046 ruen-

2113 2077 2295 2134 tium?
2323 2078 2462 2142 Quis
2496 2095 2650 2145 vero,
2684 2079 2732 2133 si
2763 2081 2902 2134 aetas
2933 2097 3041 2135 sua
3075 2080 3132 2134 in
3167 2087 3401 2151 tempus
3435 2077 3773 2135 certaminis

2113 2168 2299 2222 sancti
2332 2167 2612 2239 Stephani
2647 2166 3091 2234 incidisset,non
3114 2169 3185 2223 ab
3218 2168 3378 2224 illius
3411 2169 3604 2240 potius
3619 2172 3774 2222 stare

2113 2255 2380 2328 partibus
2410 2257 2766 2328 excptasset,
2800 2255 2900 2327 qui
2933 2255 3094 2313 solus
3153 2255 3451 2329 lapidibus
3508 2256 3773 2321 obrutus,

2113 2344 2272 2400 solus
2303 2343 2580 2400 omnibus
2612 2345 2970 2400 deridendus
3004 2345 3112 2400 fuit
3143 2345 3503 2417 propositus,
3536 2361 3712 2416 quam
3741 2361 3774 2398 a

2114 2437 2276 2504 parte
2305 2432 2460 2505 vulgi
2483 2449 2551 2487 ex
2574 2448 2749 2504 prava
2779 2435 2961 2488 turbae
2994 2433 3338 2488 auctoritate
3370 2449 3562 2487 veram
3597 2433 3771 2486 ﬁdem

2112 2519 2505 2576 aastimantis?
2535 2520 2719 2592 Major
2749 2521 2935 2578 honos
2984 2520 3293 2577 habendus
3352 2525 3463 2586 est,
3523 2519 3608 2576 vel
3668 2521 3773 2575 uni

2114 2610 2368 2683 probatae
2428 2608 2558 2666 fidei
2591 2611 2735 2675 viro,
2767 2627 2946 2682 quam
2976 2611 3170 2666 decem
3204 2610 3452 2666 aliorum
3487 2609 3772 2680 millibus,

2112 2700 2213 2772 qui
2246 2718 2307 2754 se
2338 2697 2690 2754 insolentius
2714 2699 3200 2770 jactitantﬁujus
3232 2700 3310 2754 rei
3344 2697 3675 2770 exemplum
3710 2699 3768 2753 in

2111 2787 2300 2842 Veteri
2334 2803 2566 2860 quoque
2595 2788 2972 2844 Testamento
3017 2789 3274 2844 invenire
3331 2795 3441 2852 est,
3504 2785 3601 2842 ubi
3661 2785 3770 2842 ali-

2111 2879 2252 2948 quot
2274 2875 2577 2931 hominum
2604 2876 2865 2932 millibus
2883 2876 3045 2932 clade
3074 2877 3356 2932 divinitus
3382 2876 3652 2931 immissa
3682 2893 3775 2931 oc-

2112 2964 2550 3029 cumbentibus,
2584 2963 2746 3020 solus
2778 2965 3023 3020 Pbinees
3057 2966 3217 3020 stetit
3245 2971 3301 3020 et
3337 2967 3514 3020 Deum
3573 2964 3771 3036 placa-

2111 3054 2210 3119 vit,
2273 3053 2646 3124 cohibitaque
2700 3058 2788 3108 est
2816 3053 3033 3108 clades.
3069 3054 3230 3117 Quod
3265 3054 3314 3109 si
3347 3053 3590 3108 dixisset
3622 3051 3716 3108 ille
3749 3071 3763 3108 :

2113 3139 2258 3207 Quid
2295 3139 2425 3214 quis
2451 3143 2732 3198 adversus
2761 3146 2981 3196 tantam
3017 3139 3243 3210 sibique
3265 3131 3385 3213 ipsi
3409 3141 3772 3196 consentien-

2113 3238 2229 3286 tem
2271 3227 2425 3286 ausit
2457 3230 2943 3284 multitudincm?
2975 3231 3073 3301 qui
3109 3227 3331 3285 calculo
3365 3247 3491 3285 meo
3550 3229 3770 3301 impro-

354 3339 480 3393 γους
539 3313 743 3392 ἐχούσῃ
803 3311 1024 3386 κιϐωτῷ
1082 3311 1474 3389 προσδραμεῖν,
1535 3315 1634 3369 Καὶ
1696 3315 1756 3368 σὺ
1799 3315 1916 3388 μὲν,
1954 3317 1998 3369 εἰ

2113 3317 2261 3374 babo
2293 3336 2468 3388 quam
2503 3315 2586 3373 illi
2619 3315 2882 3390 delegere
2909 3319 3234 3373 vitam?non
3262 3337 3402 3374 sane
3427 3323 3526 3373 aut
3551 3319 3778 3402 fortiter

360 3406 566 3482 βούλει,
622 3405 778 3475 τάξον
841 3404 1056 3458 σεαυτὸν
1122 3405 1256 3477 μετᾶ
1311 3397 1540 3459 πολλῶν
1600 3403 1650 3458 ἐν
1710 3401 2000 3478 Σοδόμοις·

353 3497 458 3572 ἐγὼ
514 3493 571 3550 δὲ
627 3491 929 3549 συνοδεύσω
983 3498 1062 3565 τῷ
1121 3493 1266 3564 Λὼτ,
1323 3490 1418 3547 κᾶν
1473 3493 1638 3566 μόνος
1677 3499 1782 3548 τῶν
1813 3490 2001 3570 ὄχλων

349 3583 730 3663 συμφερόντως
780 3581 1107 3658 χωρίσηται’
1172 3580 1325 3650 Πλήν
1385 3581 1508 3654 ἐμοὶ
1561 3581 1648 3636 καὶ
1681 3582 1892 3652 πλῆθος
1926 3582 2004 3637 αἶ-

307 3686 314 3692 ’
351 3673 595 3749 δέσιμον,
631 3673 692 3730 οὐ
720 3674 783 3728 τὸ
815 3677 1011 3752 φεῦγον
1045 3671 1299 3744 ἐξέτασιν,
1330 3671 1477 3728 ἀλλὰ
1503 3673 1564 3727 τὸ
1595 3673 1834 3749 παρέχον
1867 3673 2002 3728 ἀπό-

350 3763 534 3836 δειξιν·
567 3764 630 3819 οὐ
661 3763 723 3818 τὸ
755 3766 964 3835 πικρῶς
1005 3759 1364 3834 ἀμυνόμενον,
1417 3760 1563 3816 ἀλλὰ
1607 3763 1669 3816 τὸ
1725 3767 2002 3838 πατρικῶς

351 3851 762 3929 διορθούμενον
800 3848 860 3905 οὐ
891 3850 952 3905 τὸ
984 3853 1180 3924 χαῖρον
1213 3848 1556 3922 καινοτομίᾳ,
1603 3847 1748 3904 ἀλλὰ
1797 3847 2000 3928 φυλατ-

347 3964 441 3998 τον
487 3941 741 4014 πατρῴαν
791 3937 1188 4013 κληρονομίαν.
1243 3941 1407 3991 Ποῖον
1452 3932 1509 3990 δέ
1543 3957 1636 4008 μοι
1667 3937 1755 3991 καὶ
1786 3937 2000 4006 πλῆθος

351 4029 564 4107 λέγεις;
601 4028 678 4085 Τὸ
714 4027 978 4102 μισθωθεν
1011 4023 1269 4095 κολακείᾳ
1299 4023 1388 4079 καὶ
1421 4019 1647 4101 δώροις,
1685 4027 1748 4079 τὸ
1795 4024 1998 4080 κλαπὲν

352 4117 584 4193 ἀμαθείᾳ
612 4137 671 4172 τε
707 4117 797 4171 καὶ
828 4115 1043 4192 ἀγνοίᾳ,
1074 4114 1137 4170 τὸ
1168 4115 1454 4175 πεπτωκὸς
1489 4111 1666 4184 δειλιᾳ
1694 4135 1753 4168 τε
1781 4112 1868 4168 καὶ
1901 4111 2000 4191 (ρό-

352 4205 458 4281 ϐῳ,
513 4209 575 4262 τὸ
623 4214 967 4282 προτιμῆσαν
1014 4203 1343 4281 πρόσκαιρον
1387 4204 1650 4279 ἁμαρτίας
1698 4203 1997 4260 ἀπόλαυσιν

348 4300 446 4367 τῆς
479 4296 704 4351 αἰωνίου
739 4299 902 4364 ζωῆς,
939 4296 1072 4368 ἅπερ
1105 4291 1308 4348 πολλοὶ
1339 4295 1578 4370 φανερῶς
1603 4289 1995 4366 ὡμολόγησανε

349 4385 560 4456 Πλήθει
590 4384 652 4439 τὸ
701 4377 896 4458 ψεῦδος
954 4381 1268 4457 κρατόνεις;
1320 4377 1518 4451 ἔδειξας
1563 4383 1659 4434 τοῦ
1693 4377 1870 4434 δεινοῦ
1898 4381 1996 4450 τήν

350 4473 611 4529 ἐπίτασιν·
645 4472 756 4545 ὅσῳ
787 4473 890 4548 γὰρ
926 4469 1150 4532 πλείους
1183 4467 1234 4524 ἐν
1274 4473 1353 4542 τῷ
1380 4473 1551 4542 κακῷ,
1583 4468 1826 4542 τοσούτῳ
1880 4469 1996 4542 μεί-

353 4571 457 4634 ζων
490 4568 524 4635 ἡ
561 4587 622 4618 συ
632 4561 832 4636 μφορά.

2114 3424 2177 3463 se
2229 3409 2508 3479 gessisset
2565 3412 2664 3462 aut
2696 3407 3072 3478 repressisset
3107 3406 3327 3463 malum
3369 3425 3380 3461 :
3419 3425 3530 3476 non
3566 3405 3776 3478 reliqul

2114 3497 2259 3552 salvi
2292 3495 2560 3561 fuissent,
2597 3514 2707 3550 non
2742 3514 2848 3551 sua
2881 3514 2980 3552 eos
3015 3495 3414 3552 benevolentia
3449 3501 3596 3550 Deus
3632 3496 3778 3550 fuis-

2115 3591 2203 3641 set
2232 3584 2739 3658 dignatus.0pcraz
2773 3584 2951 3655 igitur
2975 3584 3226 3655 pretium
3263 3587 3446 3652 est,ut
3475 3584 3594 3638 sive
3625 3600 3778 3639 unus

2114 3675 2200 3730 vir
2258 3673 2476 3746 probus
2534 3673 2715 3729 libere
2772 3679 2907 3745 agat
2966 3679 3023 3728 et
3081 3673 3378 3744 loquatur,
3413 3672 3532 3728 sive
3562 3689 3778 3744 pravus

2116 3763 2437 3819 multorum
2471 3780 2797 3818 consensus
2829 3763 3107 3819 solvatur.
3147 3766 3211 3816 At
3243 3768 3339 3832 tu,
3361 3762 3409 3817 si
3445 3760 3630 3824 lubet.
3657 3759 3778 3816 Noe

2113 3859 2342 3908 servato
2375 3851 2701 3906 demersam
2731 3850 3167 3905 multitudinem
3199 3848 3777 3921 anteponezmihique

2113 3942 2366 3996 concede
2395 3946 2458 3995 ut
2485 3937 2554 3995 ad
2587 3957 2778 3995 arcam
2815 3957 3133 4011 paucorum
3188 3938 3618 4011 receptaculum
3675 3955 3776 3994 ac-

2112 4046 2366 4084 curram.
2401 4027 2510 4094 Tu,
2546 4026 2591 4082 si
2623 4024 2974 4099 placet.cum
3008 4029 3181 4082 turba
3212 4027 3482 4083 Sodomis
3527 4027 3777 4094 sociare,

2110 4135 2216 4190 ego
2279 4116 2454 4171 Lotho
2512 4134 2711 4171 comes
2769 4134 2867 4172 ero
2899 4117 3023 4185 vim,
3057 4117 3285 4172 etiamsi
3318 4115 3478 4171 solus
3510 4116 3635 4188 ipse
3665 4133 3769 4187 pro

2113 4206 2300 4261 salute
2333 4223 2441 4260 sua
2471 4221 2599 4260 sese
2633 4222 2666 4259 a
2697 4204 2867 4260 turba
2899 4205 3240 4276 segregarit.
3285 4209 3563 4258 Caeterum
3625 4205 3770 4260 mihi

2113 4293 2497 4350 nihilominus
2558 4295 2888 4349 veneranda
2948 4293 3284 4361 multitudo,
3343 4310 3456 4347 non
3507 4289 3608 4347 illa
3639 4310 3767 4364 quae

2111 4383 2584 4454 disquisitionem
2623 4382 2898 4454 fugit,sed
2933 4399 3062 4452 quae
3096 4379 3500 4453 probationem
3552 4381 3718 4436 atiert
3752 4400 3766 4437 :

2110 4491 2224 4527 non
2259 4489 2388 4543 quae
2417 4471 2620 4527 acerbe
2654 4474 2894 4542 pugnat,
2915 4471 3012 4524 sed
3050 4487 3176 4541 quae
3213 4474 3450 4540 paterne
3482 4469 3721 4541 corrigit
3755 4487 3766 4524 :

2111 4578 2224 4614 non
2260 4578 2385 4631 quae
2419 4561 2635 4632 gaudet
2667 4559 3047 4624 novitate,sed
3083 4576 3211 4630 qua:
3245 4561 3544 4629 paternam
3578 4562 3774 4612 servat

351 4657 775 4712 hereditatem.
811 4654 895 4708 Tu
929 4670 1064 4709 vero
1095 4651 1332 4723 qualem
1367 4649 1509 4706 mihi
1545 4651 1978 4707 multitudinem
2014 4650 2314 4707 nominas!
2353 4651 2490 4704 Eam
2526 4649 2828 4717 nimirum,
2865 4667 2992 4720 quae
3025 4647 3364 4704 adulatione
3394 4653 3450 4702 et
3509 4648 3770 4702 muneri-

350 4747 464 4801 bus
510 4745 800 4801 conducta
830 4749 916 4797 est
954 4760 964 4795 :
1000 4759 1152 4808 eam,
1186 4757 1311 4812 quae
1341 4739 1637 4812 imperitia
1666 4746 1722 4796 et
1755 4740 1989 4796 inscitia
2015 4742 2250 4812 abrepta
2281 4743 2391 4808 est,
2427 4757 2576 4808 eam,
2611 4756 2738 4810 quae
2769 4738 2937 4809 lapsa
2968 4738 3280 4792 timiditate
3312 4743 3368 4792 et
3402 4742 3582 4802 metu,
3614 4752 3766 4803 eam,

351 4851 478 4907 quae
511 4838 981 4890 momentaneam
1016 4830 1237 4902 peccati
1271 4828 1623 4900 voluptatem
1657 4827 1781 4883 vitae
1815 4829 2044 4900 praefert
2072 4835 2299 4884 aeterna:
2335 4847 2347 4883 :
2384 4829 2438 4882 id
2474 4829 2627 4900 quod
2667 4827 2832 4882 multi
2867 4827 3058 4901 palam
3096 4833 3234 4882 sunt
3266 4825 3535 4881 confessi.
3570 4824 3771 4880 Multi-

347 4923 555 4978 tudine
590 4919 961 4977 mendacium
998 4917 1283 4974 roboras?
1317 4916 1452 4972 mali
1485 4916 1913 4972 vehementiam
1947 4918 2164 4972 innuis.
2201 4917 2317 4972 Hoc
2348 4917 2504 4972 enim
2539 4918 2726 4987 major
2756 4920 2844 4971 cst
2878 4915 3202 4983 calamitas,
3238 4933 3352 4986 quo
3387 4915 3583 4986 plures
3616 4913 3770 4968 maio

352 5018 491 5068 sunt
522 5009 829 5083 implicati.

1148 5122 1218 5178 II.
2031 5125 2080 5188 D
2898 5122 2946 5176 Il
2971 5163 2984 5175 .

2111 5229 2379 5284 Adversus
2407 5244 2495 5283 eos
2523 5231 2620 5298 qui
2649 5244 2751 5282 nec
2775 5227 3147 5297 quaerendum
3175 5242 3276 5279 nec
3330 5227 3658 5296 loquendum
3705 5243 3776 5282 ex

354 5231 496 5306 Πρὸς
551 5231 676 5292 τοὸς
759 5229 1076 5288 κελεύοντας
1147 5229 1221 5300 μή
1283 5229 1390 5281 δεῖν
1450 5229 1556 5280 ἀπὸ
1618 5232 1844 5303 Γραφῶν
1904 5231 1998 5296 ζη-

419 5308 530 5356 τεῖν
603 5302 638 5370 ἢ
717 5299 947 5367 λαλεῖν,
1022 5300 1396 5371 ἀρκουμένους
1470 5302 1540 5371 τῇ
1617 5300 1742 5371 παρ’
1817 5298 1999 5360 αὐτοῖς

2112 5229 2379 5284 Adversus
2407 5244 2495 5283 eos
2523 5231 2620 5298 qui
2649 5244 2751 5282 nec
2775 5229 3147 5297 quaerendum
3175 5242 3276 5279 nec
3330 5229 3626 5296 loquendum

2252 5302 2539 5370 Scriptura
2561 5301 2923 5371 praecipiunt,
2955 5315 3063 5352 sua
3097 5298 3206 5367 ipsi
3229 5298 3338 5367 ﬁde
3365 5300 3626 5353 contenti.

419 5308 530 5375 τεῖν
603 5302 638 5370 ἢ
717 5299 947 5367 λαλεῖν,
1022 5298 1396 5375 ἀρκουμένους
1470 5302 1540 5371 τῇ
1617 5298 1752 5372 mp"
1817 5298 2002 5360 αὐτοῖς

423 5373 621 5429 πίστει.

2184 5478 2417 5534 Nullius
2438 5495 2575 5549 ergo
2598 5477 2766 5548 pretii
2792 5474 3435 5531 esseinconsideratum
3453 5475 3772 5530 multorum

2111 5583 2580 5634 consensum,ne
2611 5563 2975 5630 adversarios
3007 5562 3245 5637 quidem
3277 5563 3642 5619 inﬁciaturos
3673 5579 3773 5617 ar-

421 5481 493 5534 Τὸ
525 5481 619 5552 μὲν
654 5477 744 5533 οὖν
809 5474 976 5550 μηδὲν
1029 5477 1163 5531 εἶναι
1215 5477 1313 5545 τήν
1365 5471 1581 5549 ἄκριτον
1621 5479 1728 5530 τῶν
1772 5475 1997 5531 πολλῶν

353 5568 686 5647 συμρωνίαν,
738 5566 893 5640 οἶμαι
949 5563 1089 5639 μηδὲ
1134 5564 1263 5627 τοὺς
1304 5565 1556 5628 ἐναντίως
1607 5568 1743 5640 ἡμῖν
1773 5561 2000 5642 ἔχοντας

423 5742 468 5777 ³³
499 5739 702 5799 Matth.
736 5756 874 5810 un,
910 5739 996 5794 14.
1073 5739 1120 5774 ³⁸
1148 5737 1360 5795 Matth.
1391 5754 1492 5807 vn,
1525 5738 1612 5793 14.
