4104 6352
427 368 584 428 1343

1622 373 1686 434 S.
1734 368 2252 434 ATHANASIUS.
2285 396 2369 415 -Α
2396 370 2660 433 DUBIA.

3679 376 3815 438 1344

427 499 633 557 bitror.
666 501 831 556 Nunc
863 505 931 557 ad
967 504 1190 575 reliqua
1221 507 1391 562 nobis
1420 505 1914 579 progrediendum
1972 507 2076 569 est,

2199 498 2389 555 λοιπὸν
2418 501 2677 577 ἀντερεῖν·
2706 504 2841 575 ἡμῖν
2876 500 2935 557 δὲ
2965 502 3103 557 ἰτέον
3134 503 3270 579 πρὸς
3312 504 3379 558 τὰ
3426 502 3567 575 ἑξῆς,
3613 505 3698 560 καὶ
3747 506 3815 577 ἐξ·

428 589 902 662 confutandaque
950 607 1152 646 eorum
1186 594 1431 649 audacia
1452 594 1549 667 qui
1580 610 1751 649 omne
1780 606 2079 648 sacrarum

431 677 757 732 litterarum
793 679 1057 735 studium
1103 689 1603 752 Supervacaneum
1660 699 1787 737 esse
1842 685 2081 736 conten-

428 767 596 837 dunt,
654 771 782 821 tum
840 769 994 838 quod
1059 770 1293 840 propria
1350 774 1561 842 cuique
1620 772 1763 826 ﬁdes
1803 771 2080 839 sufficiat,

427 859 556 910 tum
588 856 738 923 quod
772 855 1081 927 inquisitio
1111 859 1483 916 obscuriores
1540 861 1711 915 nobis
1769 876 1862 915 res
1920 859 2081 929 ipsas

425 943 654 999 reddat.
711 945 1054 1015 Agnoscunt
1108 947 1334 1003 scilicet
1392 949 1486 1004 isti
1521 949 1631 1020 ipsi
1665 948 1755 1003 sui
1789 946 2081 1019 dogmatis

422 1031 851 1088 infirmitatem.
885 1034 1000 1089 Nos
1028 1051 1162 1091 vero
1192 1041 1249 1091 et
1279 1037 1535 1109 mysterii
1570 1036 1794 1092 veritati
1838 1041 1895 1092 et
1951 1037 2080 1106 ejus

425 1120 527 1192 qui
557 1121 865 1177 verissima
891 1123 1090 1189 dixit,<-
1123 1124 1327 1179 Omnis
1359 1127 1456 1196 qui
1492 1127 1700 1197 quaerit
1729 1126 1950 1180 invenit
1978 1126 2077 1193 ‘0,»

426 1209 644 1263 auxilio
675 1210 1055 1276 confidentes,
1090 1218 1148 1267 et
1178 1213 1496 1284 quaerimus
1524 1220 1587 1268 ut
1616 1218 1862 1285 oportet,
1900 1217 1958 1268 et
1985 1213 2080 1267 in-

426 1299 697 1352 venimus
728 1314 856 1369 quaa
887 1303 1138 1370 oportet,
1171 1307 1227 1356 et
1255 1302 1736 1357 demonstremus
1766 1319 1893 1374 quae
1943 1301 2083 1357 dici-

427 1391 647 1451 mus,et
674 1387 743 1440 ad
776 1403 974 1442 verum
1010 1405 1249 1460 scepum
1280 1392 1571 1447 sermonis
1603 1392 1993 1446 attendimus:
2017 1395 2081 1445 ut

425 1479 483 1528 et
513 1474 852 1530 domesticis
880 1477 1363 1547 persuadeamus,
1397 1485 1454 1534 et
1483 1480 1851 1535 adversarios
1907 1479 2080 1534 refel-

422 1560 700 1632 lamus,et
729 1565 1122 1636 nosmetipsos
1152 1582 1256 1638 per
1283 1566 1728 1638 inquisitionem
1761 1567 2081 1623 lucrifacia-

426 1666 581 1720 mus,
604 1655 672 1707 ut
700 1652 956 1725 denique
991 1671 1103 1709 non
1136 1655 1481 1712 inconstans
1513 1658 1728 1727 dogma
1786 1673 2080 1728 propona-

426 1756 579 1794 mus.
641 1740 976 1811 Scripturas
1036 1743 1326 1815 negligam
1352 1743 1381 1799 ?
1429 1745 1584 1799 unde
1614 1762 1751 1815 ergo
1785 1744 2081 1817 cognitio?

420 1828 822 1900 Cognitionem
856 1829 1183 1901 relinquam
1203 1832 1231 1886 ‘I
1261 1834 1415 1888 unde
1447 1833 1633 1889 fides?
1663 1834 1879 1889 clamat
1929 1838 2076 1888 Pau-

420 1914 571 1973 lus:«
590 1918 891 1982 Quomodo
922 1920 1158 1974 credent
1190 1922 1345 1976 494
1371 1921 1416 1975 si
1454 1938 1567 1976 non
1599 1923 1916 1977 audierunt
1942 1922 2020 1976 ιιι
2041 1944 2069 1973 ››

2188 1825 2285 1889 λος
2336 1829 2455 1903 βοᾷ·
2519 1853 2547 1879 ‹‹
2601 1833 2726 1890 Πῶς
2772 1828 3175 1898 πιστεύσουσιν,
3225 1828 3315 1883 ἐὰν
3367 1829 3445 1902 μή
3479 1828 3769 1895 ἀκούσωσι;
3799 1852 3820 1881 ι

2186 1916 2272 1971 καὶ
2330 1915 2519 1971 πάλιν·
2581 1941 2608 1968 ‹‹
2669 1920 2830 1970 ’Ώστε
2890 1920 2925 1986 ἠ
2979 1915 3161 1979 πίστις
3211 1917 3263 1987 ἐξ
3310 1917 3504 1987 ἀκοῆς·
3553 1914 3674 1985 ἡδὶ
3698 1917 3820 1985 ἀκοή

2182 1937 2272 1971 και
2330 1935 2519 1971 παΛιν·
2581 1941 2608 1968 ‹‹
2695 1935 2830 1970 ειστε
2890 1935 2925 1986 η
2979 1935 3161 1979 πιστις
3211 1935 3263 1987 εξ
3310 1935 3504 1987 ακοης·
3553 1935 3674 1985 nos
3698 1937 3761 1970 ακ

418 1914 571 1973 lus:«
590 1918 891 1982 Quomodo
922 1920 1158 1974 credent
1190 1922 1345 1976 494
1371 1921 1416 1975 si
1454 1938 1567 1976 non
1599 1923 1916 1977 audierunt
1942 1922 2020 1976 ιιι
2041 1944 2069 1973 ››

421 2008 478 2059 et
505 2006 719 2061 iterum
755 2023 768 2060 :
807 2029 835 2057 «
867 2008 1033 2063 Fides
1063 2025 1131 2063 ex
1160 2009 1365 2064 auditu
1420 2026 1433 2063 :
1490 2011 1724 2066 auditus
1781 2027 1914 2066 vero
1976 2027 2076 2082 per

417 2092 663 2149 verbum
702 2094 796 2151 Dei
831 2095 895 2150 ⁵³.
935 2119 962 2144 ››
999 2098 1181 2168 Igitur
1210 2099 1312 2170 qui
1342 2099 1584 2154 verbum
1618 2100 1869 2169 cohibet,
1903 2100 2073 2155 audi-

421 2184 551 2237 tum
583 2174 857 2249 obstruit,
883 2189 939 2239 et
971 2185 1143 2241 ﬁdem
1167 2186 1734 2259 expellit.Bomanas
1761 2188 1918 2260 leges
1948 2188 2074 2244 sine

421 2269 681 2341 periculo
711 2288 881 2327 nemo
914 2272 1284 2343 ignoraverit.
1320 2275 1475 2338 Quas
1504 2292 1640 2347 ergo
1673 2282 1883 2347 parant
1927 2277 2071 2332 insi-

422 2356 549 2413 dias
608 2359 707 2430 qui
770 2376 983 2432 magna
1040 2361 1293 2418 ccelestis
1353 2364 1505 2435 regis
1536 2363 1769 2420 oracula
1801 2366 2066 2420 meditari

420 2451 595 2517 atque
624 2447 883 2503 ediscere
914 2449 1269 2520 prohibent?
1299 2452 1602 2523 Scriptura
1630 2459 1719 2508 est
1746 2455 1956 2510 animm
1987 2455 2068 2509 ci-

420 2535 551 2591 bus.
574 2535 781 2593 Desine
813 2554 970 2609 ergo,
990 2556 1022 2593 o
1053 2539 1253 2606 homo,
1276 2540 1733 2597 fameinternum
1768 2542 2066 2599 hominem

419 2638 647 2694 necare,
679 2625 1005 2698 diramque,
1066 2645 1182 2684 non
1224 2629 1393 2700 panis
1452 2638 1505 2685 et
1566 2648 1749 2702 aquae,
1809 2633 1910 2687 sed
1968 2650 2070 2687 au-

420 2711 616 2767 diendi
674 2714 914 2769 verbum
979 2717 1228 2787 Domini,
1251 2718 1465 2773 famem
1492 2719 1803 2774 attrahere.
1838 2721 1939 2774 Est
1968 2722 2066 2791 qui

420 2798 648 2872 inﬂigat
677 2800 998 2870 vulnera,et
1029 2809 1088 2859 tu
1125 2805 1477 2861 medicinam
1512 2824 1626 2862 non
1652 2808 1737 2863 vis
1764 2808 2072 2865 adhiberi?

423 2888 624 2943 Desine
649 2891 868 2945 variam
901 2892 1341 2948 medicinalium
1364 2893 1694 2951 libellorum
1716 2898 2067 2967 sapientiam

420 2979 693 3035 vanitatis
724 2982 961 3036 nomine
991 2982 1279 3055 evulgare.
1314 2984 1592 3040 Reverere
1623 2987 1959 3042 eunuchum
1996 2987 2065 3042 il-

417 3065 541 3121 lum
591 3067 858 3124 lectionis
888 3070 1243 3139 studiosum,
1278 3072 1566 3128 universis
1617 3075 1827 3145 reginae
1857 3076 2070 3147 opibus

418 3156 820 3227 praepositum,
854 3157 952 3228 qui
985 3175 1055 3213 ne
1083 3159 1144 3213 in
1198 3159 1405 3215 itinere
1463 3161 1700 3233 quidem
1757 3162 2066 3219 lectionem

2192 586 2474 663 ελεγκτέον
2505 590 2605 658 τὴν
2638 588 2848 663 τόλμαν
2882 596 2987 645 τῶν
3019 592 3275 664 περιττὴν
3305 592 3438 645 εἶναι
3466 592 3562 660 την
3590 593 3705 668 περὶ
3728 595 3813 656 τὰς

2192 675 2349 750 ἁγίας
2400 678 2609 754 Γραφάς
2661 678 3111 756 ἀποφαινομένων
3154 674 3458 750 διατριϐὴν,
3515 678 3588 740 ὡς
3634 680 3813 755 ἀρκού-

2193 786 2292 834 σης
2352 766 2559 839 ἑκάστῳ
2600 775 2701 836 τῆς
2748 767 2947 829 οἰκείας
2996 768 3250 839 πίστεως,
3296 768 3386 823 καὶ
3449 765 3657 840 μᾶλλον
3706 771 3818 825 ἀσά-

2191 875 2342 934 φειαν
2398 854 2736 928 ἐμποιούσης
2785 859 2920 928 ἡμῖν
2967 859 3068 926 τῆς
3117 858 3419 927 ζητήσεως.
3448 862 3619 911 Ταῦτα
3646 854 3700 912 δὲ
3725 879 3815 912 κα-

2188 944 2631 1019 ταγινωσκόντων
2692 945 2834 1000 ἐστὶν
2893 945 2968 1008 ὡς
3027 945 3324 1000 ἀσυστάτου
3388 950 3485 1000 τοῦ
3543 943 3816 1020 δόγματος.

2193 1032 2349 1087 Ἀλλ’
2407 1035 2570 1104 ἡμεῖς
2620 1033 2944 1109 θαρῥοῦντες
2990 1038 3059 1107 τῇ
3107 1033 3340 1104 ἀληθείᾳ
3384 1038 3482 1088 τοῦ
3543 1034 3817 1109 μυστηρίου

2188 1121 2279 1175 καὶ
2306 1124 2376 1192 τῇ
2430 1121 2655 1196 βοηθείᾳ
2678 1126 2774 1176 τοῦ
2805 1119 3095 1195 ἀψευδοῦς,
3130 1121 3403 1189 εἰπόντος,
3437 1146 3467 1173 ‹‹
3522 1124 3627 1184 lla:
3667 1124 3694 1177 6
3739 1129 3818 1193 ζη-

2188 1213 2297 1263 τῶν
2331 1208 2587 1285 εὑρίσκει,
2640 1232 2666 1263 s
2718 1210 2809 1265 καὶ
2861 1214 3128 1284 ζητοῦμεν
3159 1211 3233 1272 ὡς
3268 1207 3372 1280 δεῖ,
3404 1209 3494 1265 καὶ
3526 1210 3813 1285 εὑρίσκομεν

2192 1297 2224 1352 ἃ
2252 1295 2353 1364 δεῖ,
2410 1298 2501 1351 καὶ
2559 1300 2692 1371 μετά
2738 1297 3064 1370 ἀποδείξεως
3107 1299 3357 1375 λέγομεν,
3390 1299 3481 1354 καὶ
3517 1301 3648 1373 μετά
3699 1320 3812 1374 προ-

2191 1385 2389 1447 θέσεως
2418 1386 2645 1462 γνησίας
2692 1388 2981 1461 ἀκούομεν,
3042 1389 3115 1450 ὡς
3164 1389 3252 1443 καὶ
3298 1388 3428 1449 τοὺς
3459 1388 3687 1450 οἷ’κείους
3714 1389 3819 1443 πεί-

2188 1475 2321 1540 θειν,
2378 1473 2469 1528 καὶ
2519 1474 2647 1536 τοὺς
2694 1474 2971 1538 έναντίκυς
3021 1474 3292 1551 ἐλέγχειν,
3346 1475 3440 1530 καὶ
3470 1477 3619 1548 ἡμᾶς
3648 1475 3821 1537 αὐτοὺς

2189 1561 2278 1618 διὰ
2316 1570 2420 1633 τῆς
2477 1562 2701 1639 ἐρεύνης
2749 1561 3069 1638 κερδαίνειν,
3114 1564 3204 1618 καὶ
3252 1565 3329 1637 μὴ
3384 1563 3675 1619 ἀσύστατον
3705 1570 3823 1636 πρᾶ-

2188 1673 2305 1726 γμα
2336 1649 2596 1707 δεικνύειν
2653 1651 2952 1726 Ἀμελήσω
3002 1657 3225 1729 Γραφῶν
3253 1672 3266 1709 :
3316 1653 3483 1717 πόθεν
3516 1652 3607 1707 οὖν
3634 1655 3667 1721 ἡ
3697 1657 3824 1727 γνῶ-

2189 1759 2312 1809 σις;
2393 1738 2711 1813 Καταλείψω
2780 1744 3017 1815 γνῶσιν;
3093 1740 3255 1804 πόθεν
3324 1743 3362 1810 ἡ
3425 1740 3638 1802 πίστιςε
3703 1745 3827 1795 Παῦ-

2601 1833 2726 1890 nam
2772 1828 3175 1898 πιστεύσουσιν,
3225 1828 3315 1883 ἐὰν
3367 1829 3445 1902 μή
3479 1828 3769 1895 ἀκούσωσι;
3799 1852 3821 1881 ι

2186 2002 2276 2059 διὰ
2327 2004 2574 2080 ῥήματος
2624 2008 2778 2060 Θεοῦ.
2816 2031 2842 2057 ››
2874 2006 2935 2062 Ὁ
2964 2006 3138 2060 τοίνυν
3169 2006 3232 2059 τὸ
3265 2005 3420 2080 ῥῆμα
3451 2003 3699 2072 κωλύων,
3729 2007 3817 2072 τήν

2184 2094 2353 2162 ἀκοὴν
2415 2092 2731 2170 ἐμφράττει,
2776 2095 2875 2162 τὴν
2927 2094 3106 2148 πίστιν
3160 2088 3442 2150 ἐκϐάλλει.
3480 2094 3578 2148 Καὶ
3633 2092 3821 2164 νόμους

2186 2182 2281 2255 μέν
2332 2181 2615 2254 Ῥωμαίων
2665 2182 2880 2257 ἀγνοεῖν
2926 2179 3206 2237 ἀκίνδυνον
3266 2179 3469 2237 οὐδενί·
3520 2183 3589 2237 τὰ
3634 2179 3689 2237 δὲ
3744 2202 3823 2254 με·

2181 2268 2327 2346 γάλα
2374 2270 2711 2344 θεσπίσματα
2760 2275 2857 2325 τοῦ
2910 2270 3178 2347 βασιλέως
3226 2275 3335 2326 τῶν
3371 2269 3612 2345 οὐρανῶν
3644 2270 3695 2324 οὶ
3722 2291 3823 2324 κω-

2182 2356 2402 2419 λύοντες
2449 2356 2677 2431 μελετᾷν
2722 2359 2813 2412 καὶ
2867 2359 3151 2431 μανθάνειν
3210 2358 3370 2413 ποίαν
3401 2353 3700 2427 ἐπιϐουλὴν
3733 2357 3823 2411 οὐκ

2180 2444 2538 2521 έργάζονταη
2569 2447 2752 2523 Τροφὴ
2784 2449 2969 2521 ψυχῆς
2998 2447 3033 2516 ἠ
3082 2449 3291 2524 Γραφή.
3341 2451 3551 2501 Παῦσαι
3596 2443 3684 2499 οῦν
3738 2443 3819 2500 λι-

2182 2539 2457 2604 μοκτονῶν
2513 2535 2605 2589 τὸν
2660 2531 2765 2589 ἔσω
2823 2536 3127 2611 ἄνθρωπον,
3186 2535 3456 2611 ἄνθρωπε,
3514 2534 3603 2588 καὶ
3665 2532 3815 2605 λιμὸν

2180 2620 2365 2699 ἄγριον
2416 2622 2873 2697 ἐπισπασάμενος,
2931 2622 3031 2678 οὐκ
3083 2625 3249 2700 ἄρτου
3300 2624 3391 2679 καὶ
3442 2621 3656 2695 ὕδατος,
3687 2620 3822 2677 ἀλλὰ

2176 2716 2274 2767 τοῦ
2322 2713 2546 2767 ἀκουσαι
2599 2711 2766 2786 λόγον
2812 2712 3033 2787 Κυρίου.
3064 2712 3276 2774 ’Ἄλλος
3307 2712 3550 2788 ἐπιφέρει
3580 2711 3646 2766 τὰ
3672 2709 3823 2786 τραύ-

2183 2822 2346 2873 ματα,
2375 2800 2466 2855 καὶ
2520 2800 2583 2855 σὺ
2641 2800 2876 2863 κωλύεις
2925 2799 3147 2876 ὑπάγειν
3195 2801 3263 2855 τὰ
3288 2800 3592 2878 φάρμακα;
3630 2804 3819 2854 Παῦσαι

2183 2888 2408 2962 ματαίαν
2467 2889 2779 2963 ἀποφαίνων
2819 2890 2918 2958 τήν
2961 2887 3224 2959 ποικίλην
3281 2894 3391 2943 τῶν
3443 2889 3694 2964 ἰατρικῶν
3746 2888 3820 2961 βι-

2181 2973 2352 3033 ϐλίων
2413 2978 2624 3056 σοφίαν·
2685 2975 2963 3046 αἰδέσθητι
3001 2978 3092 3032 τὸν
3142 2975 3443 3056 φιλόλογον
3486 2977 3684 3033 ἐκεῖνον
3735 2975 3815 3030 εύ-

2178 3070 2400 3142 νοῦχον,
2453 3065 2512 3129 ὅς
2560 3066 2627 3136 ἧν
2678 3066 2765 3121 ἐπὶ
2815 3068 2992 3137 πάσης
3020 3074 3119 3136 τῆς
3149 3066 3320 3137 γάζης
3348 3074 3449 3136 τῆς
3487 3066 3818 3144 βασιλίσσης,

2184 3156 2312 3229 μήτ’
2363 3154 2415 3209 έν
2464 3152 2576 3228 ὁδῷ
2620 3154 3099 3229 καταλιμπάνοντα
3143 3156 3242 3223 τήν
3286 3156 3604 3231 ἀνάγνωσιν·
3639 3153 3700 3209 οῦ
3726 3154 3817 3221 τήν

416 3243 858 3314 intermittebat,
909 3248 1080 3317 cujus
1114 3232 1842 3322 propositumapprobans
1874 3251 2067 3307 Domi-

2186 3244 2436 3320 πρόθεσιν
2493 3242 2891 3318 ἀποδεξάμενος
2943 3247 2971 3299 ὁ
3030 3243 3330 3314 Δεσπότης,
3389 3240 3627 3319 ἔπεμψεν
3685 3242 3824 3301 εὐθὺς

417 3348 549 3399 nus,
584 3333 784 3387 statim
818 3333 902 3387 illi
934 3335 1227 3390 doctorem
1260 3338 1445 3403 misit,
1478 3338 1577 3409 qui
1612 3337 1844 3393 lectioni
1895 3340 2075 3393 inter-

417 3421 802 3490 pretationem
834 3423 1159 3487 adderet,et
1189 3424 1498 3496 Scriptura:
1533 3425 1699 3480 illum
1734 3427 2078 3484 auctoritate

414 3509 484 3563 ad
519 3508 874 3565 Salvatorem
914 3512 1267 3581 perduceret
1286 3512 1749 3576 “Quamobrem
1777 3515 1902 3586 ipse
1935 3534 2075 3586 prae-

416 3598 592 3668 cepit,
625 3621 652 3647 ‹‹
686 3598 1044 3655 Scrutamini
1075 3600 1407 3671 Scripturas
1438 3603 1506 3671 “,
1565 3625 1592 3651 η
1653 3605 2076 3659 scrutationem

415 3702 627 3741 vocans
647 3686 989 3759 diligentem
1020 3694 1425 3760 attentamque
1446 3690 1810 3746 occultorum
1834 3694 2084 3764 inquisi-

415 3774 658 3830 tionem.
691 3775 771 3830 Ex
800 3773 1116 3846 S‘cripturis
1147 3778 1367 3833 sanctis
1408 3785 1499 3833 est
1554 3780 1917 3835 occultorum
1979 3785 2076 3837 de-

419 3862 679 3927 claratio,
696 3864 818 3933 spei
853 3865 1287 3920 firmamentum
1300 3910 1311 3932 ,
1324 3868 1781 3937 promissionum
1814 3879 2077 3939 eventus,

420 3949 741 4006 Salvatoris
773 3952 1029 4007 inventio
1063 3970 1075 4008 :
1112 3976 1141 4002 ι(
1182 3954 1519 4010 Invenimus
1578 3955 1768 4023 illum,
1831 3960 1901 4013 de
1962 3978 2077 4031 quo

420 4038 657 4110 scripsit
717 4039 908 4096 Moses
968 4045 1026 4096 et
1079 4042 1372 4112 prephete
1430 4044 1494 4097 ιδ.
1560 4066 1585 4093 ››
1619 4045 1720 4099 His
1754 4048 1992 4103 vocibus
2021 4056 2080 4103 et

425 4126 636 4181 Paulus
665 4129 733 4183 ad
769 4128 1182 4185 stabiliendam
1217 4132 1516 4186 veritatem
1553 4150 1698 4188 usus
1756 4145 1856 4189 esi.
1914 4137 2076 4200 Quod

419 4216 466 4270 si
507 4216 717 4273 Paulus
783 4218 884 4289 qui
919 4218 1139 4273 audivit
1171 4237 1382 4275 arcana
1404 4224 1949 4290 verba,arcanorum
1987 4226 2080 4282 ille

422 4310 634 4376 mysta,
667 4306 767 4377 qui
800 4307 1101 4362 Christum
1136 4310 1194 4362 in
1223 4326 1283 4363 se
1316 4310 1522 4365 habuit
1551 4310 1912 4383 loquentem,
1961 4317 2079 4386 pri-

418 4399 555 4448 vata
612 4396 978 4459 auctoritate,
1041 4398 1187 4451 citra
1218 4414 1517 4453 sacrarum
1554 4400 1879 4456 litterarum
1913 4403 2079 4458 testi-

424 4482 860 4548 monium,usus
892 4501 1004 4539 non
1037 4491 1128 4540 est
1158 4501 1172 4541 :
1204 4489 1306 4556 qui
1339 4504 1450 4541 non
1487 4489 1880 4558 periculosum
1924 4508 2079 4547 nunc

2185 3332 2333 3405 αύτῷ
2363 3333 2454 3387 τὸν
2492 3330 2817 3388 διδάσκαλον
2867 3332 3225 3408 προστιθέντα
3269 3336 3337 3406 τῇ
3399 3333 3686 3408 ἀναγνώσει
3731 3331 3820 3396 τήν

2184 3425 2403 3496 γνῶσιν,
2462 3422 2569 3475 ἀπὸ
2622 3426 2730 3475 τῶν
2789 3425 3014 3497 Γραφῶν
3055 3443 3115 3475 τε
3171 3421 3329 3475 αὐτὸν
3362 3423 3705 3495 προσάγοντα
3750 3422 3822 3489 τῷ

2189 3516 2429 3584 Σωτῆρι.
2490 3511 2581 3564 Διὸ
2636 3510 2725 3564 καὶ
2784 3510 2944 3572 αὐτὸς
3004 3508 3302 3576 ἐκέλευσεν,
3360 3536 3380 3560 ι
3418 3513 3691 3586 Ἐρεδνᾶτε
3736 3507 3821 3567 τὰς

2188 3599 2423 3674 Γραφάς.
2474 3625 2500 3651 ››
2556 3598 2766 3672 ἐρευνᾷν
2822 3598 2988 3653 εἰπὼν
3032 3600 3131 3667 τὴν
3177 3597 3416 3671 ἐπιμελῆ
3450 3600 3539 3653 καὶ
3571 3596 3824 3675 νηφάλιον

2186 3690 2294 3740 τῶν
2354 3689 2743 3758 κεκρυμμένων
2789 3686 3041 3758 ἐξέτασιν.
3096 3688 3189 3742 Ἐκ
3228 3691 3333 3740 τῶν
3391 3689 3559 3762 ἀγίων
3612 3688 3821 3760 Γραφῶν

2187 3777 2222 3845 ἡ
2254 3776 2360 3829 τῶν
2394 3772 2617 3845 ἀδήλων
2652 3775 2972 3854 φανέρωσις,
3003 3778 3039 3845 ἡ
3068 3779 3175 3830 τῶν
3229 3773 3469 3831 ἐλπίδων
3526 3770 3821 3851 βεϐαίωσις.

2188 3867 2223 3934 ἡ
2254 3869 2363 3918 τῶν
2421 3865 2767 3939 ὑποσχέσεων
2824 3860 3064 3933 ἔκϐασις,
3112 3867 3146 3933 ἡ
3177 3869 3275 3919 τοῦ
3310 3871 3574 3941 Σωτῆρος
3608 3863 3825 3937 εὕρεσις·

2194 3983 2213 4007 ει
2266 3959 2361 4009 "Ov
2395 3954 2591 4033 ἔγραψε
2646 3963 2849 4026 Μωσῆς
2890 3957 2979 4011 καὶ
3041 3958 3095 4011 o't
3138 3964 3413 4034 προφῆται
3447 3958 3761 4034 εὑρήκαμεν,
3798 3977 3823 4004 ››

2187 4044 2420 4106 Ταύταις
2478 4045 2743 4122 κέχρηται
2800 4051 2920 4107 ταῖς
2979 4050 3182 4123 φωναῖς
3244 4045 3379 4119 πρὸς
3441 4046 3687 4100 σύστασιν
3732 4049 3824 4111 τῆς

2190 4133 2450 4203 ἀληθείας
2482 4136 2509 4188 6
2543 4133 2780 4195 Παῦλος.
2813 4134 2877 4188 Εἰ
2910 4132 2968 4188 δὲ
2993 4132 3209 4195 Παῦλος
3236 4136 3264 4188 ὁ
3292 4138 3401 4187 τῶν
3426 4134 3673 4210 ἀρῥήτων
3734 4130 3822 4205 ῥη-

2193 4221 2373 4294 μάτων
2434 4221 2726 4295 ἀκροατὴς,
2786 4222 2814 4274 ὁ
2868 4225 2977 4275 τῶν
3027 4220 3354 4297 ἀπορρήτων
3402 4221 3635 4293 μύστης,
3686 4218 3820 4272 ὁτὸν

2191 4312 2424 4387 Χριστὸν
2456 4309 2601 4386 ἔχων
2628 4310 2679 4365 ἐν
2715 4313 2888 4381 ἑαυτῷ
2920 4310 3213 4383 λαλοῦντα,
3246 4312 3308 4366 ού
3340 4310 3605 4388 κέχρηται
3637 4307 3811 4367 ἁπλῶς

2187 4400 2437 4471 αὐθεντίᾳ
2462 4398 2591 4475 δίχα
2617 4407 2718 4470 τῆς
2744 4406 2852 4455 τῶν
2888 4405 3111 4478 Γραφῶν
3159 4400 3477 4476 μαρτυρίας·
3529 4405 3643 4461 πῶς
3690 4397 3819 4452 ἀκίν-

2189 4486 2341 4542 δυνον
2373 4493 2463 4542 νῦν
2514 4487 2737 4560 ἀμελεῖν
2789 4490 2881 4562 μὲν
2924 4495 3026 4558 τῆς
3077 4489 3221 4552 θείας
3254 4490 3596 4562 νομοθεσίας,
3648 4485 3818 4543 λαλεῖν

423 4570 600 4626 fuerit
628 4587 828 4627 curam
866 4573 1073 4627 divinae
1107 4574 1252 4645 legis
1284 4574 1555 4645 abjicere,
1588 4583 1645 4632 et
1674 4579 1867 4633 cordis
1897 4582 2076 4634 nostri

2192 4573 2249 4630 δὲ
2303 4576 2370 4630 τὰ
2426 4573 2686 4631 δοκοῦντα
2730 4576 2837 4632 ἀπὸ
2884 4574 3150 4653 καρδίαςε
3203 4575 3358 4633 Ἀλλ’
3404 4576 3514 4632 ἔστι
3562 4576 3679 4631 τινὰ
3728 4574 3819 4640 τήν

419 4659 725 4730 opiniones
759 4662 1013 4731 proferre
1038 4664 1060 4715 Ρ
1100 4663 1209 4716 Sed
1230 4671 1367 4717 sunt
1391 4663 1674 4719 nonnulla
1694 4680 1821 4735 qua:
1844 4671 2079 4736 captum

419 4754 685 4803 nostrum
719 4755 1019 4821 superant.
1058 4752 1213 4805 Idem
1247 4757 1303 4805 et
1334 4769 1443 4822 ego
1480 4754 1683 4817 fateor,
1735 4759 1791 4806 et
1849 4753 1956 4808 hoc
2012 4772 2082 4810 ex

420 4836 724 4906 Scriptura
771 4839 1171 4906 addiscamus,
1200 4847 1263 4894 ut
1292 4841 1552 4895 sciamus
1582 4844 1893 4910 quaerenda
1924 4860 2078 4914 quaa-

419 4927 555 4980 dam
588 4942 737 4993 esse,
764 4934 826 4981 ut
856 4945 981 4997 quae
1013 4929 1371 4998 apprehendi
1410 4929 1650 4999 possint.
1684 4929 1758 4985 Ut
1786 4932 1941 4986 enim
1974 4950 2082 4988 au-

418 5015 620 5069 dacter
647 5016 845 5070 omnia
882 5018 1231 5087 perscrulari
1267 5017 1424 5087 pium
1461 5035 1573 5071 non
1611 5020 1811 5085 est,ita
1841 5038 2077 5077 omnem

418 5119 658 5173 prorsus
694 5104 1136 5176 inquisitionem
1173 5104 1464 5176 negligere
1499 5122 1608 5160 non
1644 5114 1733 5161 est
1781 5116 2076 5165 sanctum.

414 5191 565 5255 Quid
599 5209 769 5263 porro
800 5194 1115 5248 adoremus
1144 5209 1317 5247 nosse
1348 5209 1555 5249 omnes
1585 5201 1835 5267 oportet,
1869 5214 2077 5254 secun-

416 5280 557 5334 dum
589 5280 646 5334 id
681 5283 837 5351 quod
872 5282 1158 5353 scriptum
1190 5286 1319 5337 est:
1356 5304 1383 5330 ‹‹
1420 5282 1535 5337 Nos
1559 5284 1874 5341 adoramus
1921 5289 2078 5357 quod

417 5366 640 5420 scimus
691 5367 756 5421 ⁸⁸.
816 5388 843 5415 ››
905 5369 1173 5432 Quaerere
1224 5372 1419 5422 autem
1464 5375 1775 5439 quantum,
1804 5373 2077 5443 qualiter,

488 5582 533 5615 ⁸ο
563 5581 770 5639 Matth.
807 5601 903 5649 vn,
935 5584 987 5637 8.

1092 5585 1134 5620 “
1172 5584 1337 5641 Rom.
1370 5602 1426 5654 κ,
1462 5585 1548 5640 14.

418 5652 464 5686 ⁸⁸
491 5651 660 5708 Joan.
694 5671 773 5722 ιν,
801 5655 892 5709 22.

1652 5586 1697 5621 ⁸²
1728 5587 1877 5645 Ibid.
1913 5591 1997 5647 17.

2099 5587 2146 5626 ⁸³
2172 5593 2297 5647 Act.
2327 5607 2453 5659 vm,
2482 5592 2667 5651 27-39.

2190 4663 2457 4737 ἡμετέραν
2533 4662 2839 4739 κατάληψιν
2930 4660 3352 4740 ὑπερϐαίνοντα·
3441 4666 3587 4743 φημί
3661 4661 3816 4737 κάγώ.

2191 4753 2287 4807 Καὶ
2320 4757 2480 4808 τοῦτο
2514 4754 2605 4807 οὖν
2636 4754 2742 4808 ἀπὸ
2800 4759 3025 4831 Γραφῶν
3078 4750 3455 4830 διδαχθῶμεν,
3517 4756 3591 4815 ὡς
3640 4750 3817 4806 εἰδέναι

2186 4842 2309 4896 τινὰ
2363 4842 2457 4914 μὲν
2510 4842 2769 4913 ζητητέον
2823 4842 2897 4904 ὡς
2947 4842 3162 4920 ἐφικτά.
3217 4841 3357 4899 Οὔτε
3396 4844 3502 4919 γὰρ
3530 4844 3592 4898 τὸ
3622 4840 3813 4896 πάντων

2186 4929 2416 4986 κατατολ
2432 4936 2532 5003 μᾷν
2582 4926 2818 4999 εὐσεϐὲς,
2878 4927 3001 4986 οὔτε
3046 4934 3107 4986 τὸ
3136 4931 3347 4986 πάντων
3381 4930 3698 5005 καταμελεῖν
3741 4925 3815 4981 εύ-

2187 5019 2335 5095 αγές.
2387 5020 2447 5074 Τί
2495 5018 2586 5074 οῦν
2645 5025 3073 5097 προσκυνοῦμεν,
3123 5006 3321 5076 εἰδέναι
3376 5020 3567 5083 πάντες
3618 5014 3811 5096 ὀφείλο-

2192 5130 2306 5181 μεν,
2363 5109 2499 5164 κατὰ
2544 5111 2605 5163 τὸ
2660 5109 3058 5184 γεγραμμένον·
3124 5130 3146 5159 ι
3196 5110 3388 5180 Ἡμεῖς
3433 5102 3808 5185 προσκυνοῦμεν
3864 5142 3869 5147 -

2187 5197 2217 5252 6'
2267 5194 2514 5268 οἴδαμεν.
2564 5217 2590 5248 I
2655 5198 2733 5254 T6
2791 5194 2850 5251 δέ
2878 5195 3097 5268 ἡλίκον,
3129 5198 3164 5265 ἢ
3194 5196 3331 5267 οἷον,
3381 5200 3583 5266 ἣπῶς,
3640 5190 3808 5263 ἣποῦ.

2191 5285 2532 5358 μαινομένων
2584 5290 2785 5355 ζητεῖν.
2832 5283 2988 5341 Ἀλλ’
3036 5286 3089 5340 οἱ
3142 5283 3471 5360 βουλόμενοι
3524 5286 3589 5339 τὰ
3637 5279 3811 5336 ὲαυτῶν

2185 5377 2407 5449 κρίνειν,
2488 5373 2804 5450 ἀπείργουσι
2876 5378 2984 5427 τῶν
3066 5374 3317 5450 Γραφῶν,
3389 5372 3651 5450 προφάσει
3734 5364 3818 5437 μὲν

2773 5591 3018 5648 “Joan.
3051 5607 3107 5660 ν,
3136 5591 3227 5647 39.
3331 5591 3377 5627 ⁴⁸
3426 5592 3596 5648 Joan.
3649 5605 3687 5655 ι,
3735 5581 3817 5636 45.
