4104 6356
301 427 452 483 1345

1048 420 1193 480 CON
1208 421 1599 481 FUTATIUN
1610 420 1701 480 ES
1747 418 2184 488 QUARUMDA
2198 418 2253 477 M
2300 420 2814 480 PROPUSITIUN
2828 422 2965 483 UM.

3552 423 3706 482 1346

294 558 391 607 τοῦ
426 554 501 625 μὴ
544 551 915 623 κατατολμᾷν,
979 552 1051 611 ὡς
1107 550 1430 624 ἀπροσίτων,
1484 549 1551 623 τῇ
1602 548 1659 603 δὲ
1714 546 1948 617 ἀληθείᾳ

2082 551 2373 620 ιυοωοόο,
2410 552 2529 615 ubi,
2562 553 2980 607 insanientium
3012 560 3119 609 est.
3165 555 3380 609 Verum
3439 558 3538 624 qui
3594 555 3709 626 ipsi

297 644 428 714 ὑπὲρ
470 646 569 695 τοῦ
619 640 832 716 φεύγειν
882 640 971 692 τὸν
1024 638 1073 708 ἐξ
1126 639 1298 693 αὐτῶν
1349 638 1579 713 ἔλεγχον
1611 644 1711 705 τῆς
1745 637 1946 697 οἰκείας

296 728 639 799 κακοδοξίας.
691 729 787 782 Καὶ
848 728 971 782 ὅταν
1021 726 1176 781 ἴδωσι
1224 729 1316 799 μὲν
1366 729 1565 781 ἑαυτῶν
1604 724 1942 803 κακοφροσό-

296 841 395 888 νην
471 816 951 890 συμποδιζομένην
1024 816 1130 870 ἀπὸ
1200 824 1299 885 τῆς
1368 821 1469 869 τῶν
1536 820 1755 891 Ι¹ραφῶν
1811 814 1944 867 ἀπο-

300 906 537 977 δείξεως,
611 906 1052 981 παραγράφονται
1131 909 1236 958 τῶν
1314 908 1534 981 ι’ραφῶν
1594 904 1682 956 τὸν
1746 902 1944 955 σκοπὸν

298 997 388 1049 xui
444 997 544 1063 τήν
596 994 807 1069 χρείαν’
872 996 994 1047 ὅταν
1032 992 1089 1047 δὲ
1144 992 1407 1064 νομίσωσι
1465 992 1734 1046 συντελεῖν
1765 992 1947 1050 αὐτοῖς

298 1083 499 1159 γυμνόν
551 1104 602 1136 τι
654 1082 815 1156 ῥητὸν
871 1082 1008 1157 πρὸς
1052 1084 1149 1148 τὴν
1184 1080 1316 1135 ἰδίαν
1352 1081 1665 1155 ἐγχείρησιν
1698 1080 1949 1150 ἀποτμη-

303 1174 388 1226 θὲν
434 1174 534 1239 τῆς
587 1172 788 1230 οἰκείας
834 1170 1178 1236 ἀκολουθίας,
1222 1170 1469 1224 ἕλκουσιν
1502 1169 1652 1222 αὐτοὶ
1684 1169 1818 1239 πρὸς
1850 1168 1948 1233 τὴν

304 1260 441 1314 ἰδίαν
488 1262 844 1327 κατασκευὴν,
898 1260 958 1314 οὐ
1006 1264 1074 1333 τῇ
1132 1257 1453 1332 δηλουμένη
1488 1256 1696 1327 διανοίᾳ
1727 1255 1951 1311 δουλεύ-

302 1372 467 1419 οντες,
499 1348 643 1403 ἀλλὰ
673 1350 806 1423 πρὸς
835 1350 933 1416 τὴν
969 1348 1166 1402 οἰκείαν
1217 1348 1566 1422 κακοτεχνίαν
1608 1348 1701 1407 τάς
1754 1344 1953 1399 συλλα-

305 1434 400 1498 βἲὰς
438 1436 776 1511 βίαζόμενοι,
801 1434 979 1509 ὣσπερ
1012 1441 1258 1489 ποιοῦσιν
1295 1435 1381 1489 ἐπὶ
1414 1440 1530 1505 τοῦ,
1590 1456 1611 1484 ι
1663 1436 1724 1490 Ὁ
1774 1434 1950 1507 Λόγος

309 1527 430 1597 σὰρξ
463 1524 521 1599 ἐγ
532 1526 694 1580 ένετο.
732 1552 754 1573 ››

2057 639 2128 692 de
2159 639 2284 693 suis
2312 641 2689 710 dogmatibus
2721 642 3099 711 pronuntiare
3132 644 3352 709 volunt,
3386 660 3420 697 a
3448 643 3708 714 Scriptu-

2058 728 2137 779 ris
2169 726 2313 781 alios
2344 729 2661 789 deterrent.
2695 728 2803 783 hoc
2834 730 3070 800 quidem
3106 732 3346 798 obtenti,
3383 748 3453 785 ne
3493 736 3712 786 temere

2058 816 2127 869 ad
2161 816 2460 870 inaccessa
2490 819 2790 879 videamur
2821 819 2961 873 velle
3019 825 3336 889 penetrare,
3398 837 3457 874 re
3515 825 3711 874 autem

2058 920 2208 969 vera,
2251 922 2320 957 ne
2355 906 2621 959 haeretica
2652 924 2758 960 sua
2792 908 3064 976 dogmata
3098 907 3372 962 falsitatis
3401 926 3469 962 ex
3500 909 3710 963 iisdem

2060 993 2497 1047 convincuntur.
2560 995 2721 1058 Quod
2760 996 2805 1048 si
2840 996 3089 1061 videant,
3128 998 3322 1066 petitis
3354 1013 3382 1049 e
3413 997 3713 1067 Scriptura

2061 1081 2662 1137 demonstrationibus
2694 1083 3004 1137 stultitiam
3037 1101 3206 1138 suam
3240 1085 3532 1153 impediri,
3585 1090 3708 1139 tum

2062 1169 2498 1238 Scripturarum
2557 1187 2799 1241 scopum
2863 1173 3077 1242 pariter
3129 1179 3187 1227 et
3230 1172 3505 1241 loquendi
3538 1188 3711 1226 usum

2062 1257 2474 1312 invertuntzsin
2505 1259 2747 1313 verbum
2778 1259 3014 1331 aliquod
3047 1262 3273 1314 nudum
3303 1276 3409 1314 suo
3443 1260 3717 1330 prodesse

2062 1346 2333 1399 instituto
2368 1346 2714 1416 intelligant,
2750 1349 2801 1401 id
2841 1349 3034 1418 ipsum
3067 1366 3099 1403 a
3128 1350 3384 1420 genuina
3434 1348 3716 1403 orationis

2063 1436 2210 1488 serie
2244 1436 2557 1489 rescissum
2584 1438 2651 1489 ad
2689 1438 2954 1507 proprias
2985 1454 3172 1491 causa
3204 1454 3322 1491 suae
3354 1437 3721 1492 demonstra-

2064 1523 2251 1576 tiones
2285 1524 2673 1593 pertrahunt:
2709 1542 2822 1578 non
2880 1532 3012 1595 apto
3065 1526 3264 1580 sensui
3323 1526 3715 1589 attendentes,

307 1619 401 1670 sed
436 1618 484 1668 vi
518 1616 775 1687 syllabas
807 1617 875 1669 ad
910 1614 1386 1686 perversissimas
1416 1631 1556 1669 suas
1588 1618 1743 1667 artes
1776 1613 2209 1681 detorquentes,
2245 1613 2400 1681 quod
2434 1612 2609 1666 etiam
2646 1614 2865 1668 faciunt
2895 1614 2952 1667 in
3005 1614 3102 1669 illo
3140 1632 3151 1668 :
3187 1638 3213 1662 ‹‹
3267 1616 3520 1668 Verbum
3582 1630 3713 1669 caro

306 1707 519 1759 factum
553 1710 642 1759 est
669 1704 733 1757 ‘7.
770 1728 790 1755 ι

1093 1824 1161 1872 lll

2846 1817 2938 1870 Ill.

306 1908 447 1981 Πρὸς
476 1904 604 1967 τοὺς
634 1901 1436 1987 προϐαλλομένιους,κακοήθως
1474 1906 1557 1970 τὸ,
1595 1929 1621 1955 u
1669 1906 1727 1960 Ὀ
1779 1902 1952 1975 Λόγος

2134 1903 2398 1957 Adversus
2426 1906 2667 1987 eos,'qui
2692 1906 2933 1975 maligne
2955 1907 3116 1987 nobis
3145 1908 3417 1977 objiciunt
3449 1905 3605 1961 illud
3638 1924 3655 1959 .-

911 1976 1036 2051 σαρξ
1069 1976 1180 2051 ἐγέν
1188 1998 1295 2032 ετο.
1332 2001 1358 2025 ››

1890 2078 1913 2095 ἢ

382 2081 571 2137 Πολλὰ
615 2083 707 2153 μὲν
765 2087 879 2143 τοῖς
941 2082 1220 2137 ἐκπεσοῦσι
1260 2090 1358 2151 τῆς
1406 2082 1688 2151 ἀληθείας,
1736 2080 1840 2134 εἴτε
1886 2080 1954 2133 δι’

311 2172 443 2243 ἔριν,
494 2171 599 2225 εἴτε
644 2169 711 2224 δι’
762 2169 1005 2245 ἄγνοιαν,
1056 2173 1189 2245 πρὸς
1244 2171 1449 2240 ἀπάτην
1502 2170 1860 2238 ἐπινενόηται·
1895 2169 1957 2221 τὸ

311 2259 389 2331 δὲ,
452 2285 478 2310 ››
536 2266 589 2312 Ὁ
651 2259 819 2335 Λόγος
879 2259 1088 2333 ἐγένετο
1144 2262 1305 2335 σάρξ,
1365 2286 1389 2310 ›)
1447 2260 1733 2334 εἰρημένον
1796 2258 1955 2331 ὑπερ-

309 2354 455 2426 φυῶς
510 2370 567 2402 τε
622 2354 710 2401 καὶ
758 2348 891 2422 ὑπὲρ
943 2347 1182 2405 ἔπαινον,
1238 2347 1543 2417 ἐξελέξαντο
1598 2348 1683 2401 xui
1747 2348 1795 2399 οἱ
1855 2348 1955 2399 πά-

311 2439 399 2493 λαι
460 2437 594 2490 κατά
648 2439 741 2497 τάς
791 2436 1019 2509 αἱρέσεις
1079 2436 1359 2507 πολέμιοι,
1412 2436 1499 2489 xui
1563 2436 1612 2489 οἱ
1672 2440 1763 2488 νῦν
1824 2433 1959 2487 ἀντί-

312 2525 477 2594 δικοι,
536 2527 775 2600 καθάπερ
843 2525 915 2586 ὡς
990 2527 1285 2599 μυστήριον
1345 2522 1583 2599 ἄμαχον,
1647 2524 1719 2583 ὡς
1778 2522 1958 2593 ἐνόμι-

314 2636 405 2668 σαν
445 2659 459 2679 ,
543 2616 678 2685 ἡμῖν
759 2613 1097 2687 ἐπετείχισαν
1173 2613 1524 2687 κατατρέχειν
1604 2612 1798 2666 ἐκεῖθεν
1872 2610 1961 2663 καὶ

318 2702 547 2776 βάλλειν
579 2707 684 2755 τῶν
716 2700 1016 2775 ὀρθοδόξων
1071 2702 1171 2769 τήν
1234 2701 1486 2775 φάλαγγα
1545 2701 1959 2775 μηχανώμενοι,

314 2790 565 2852 πολλούς
609 2812 666 2843 τε
722 2788 935 2861 δεσμεῖν
980 2793 1048 2863 τῇ
1094 2789 1277 2862 πλοκῇ
1326 2788 1421 2844 τοῦ
1475 2792 1809 2861 ζητήματος.
1851 2810 1876 2840 α
1906 2789 1961 2840 Ὀ

318 2876 495 2955 Λόγος
548 2880 673 2949 σὰρξ
730 2878 960 2954 ἐγένετο,
1024 2904 1049 2929 ››
1098 2878 1257 2939 αὐτὸς
1291 2880 1317 2932 ὁ
1368 2878 1493 2953 σὰρξ
1525 2878 1839 2952 γενόμενος,
1900 2876 1963 2929 τὸ

316 2972 486 3032 πάθος
548 2967 779 3037 ἐδέξατο.
830 2967 918 3029 Τίς
979 2968 1039 3021 οὐ
1090 2968 1292 3045 φρίττει
1342 2969 1437 3035 τὴν
1498 2972 1602 3021 τῶν
1660 2966 1960 3041 εἶρημένων

314 3059 615 3125 ἀπόνοιαν;
672 3059 740 3111 Τὸ
798 3059 1171 3133 γεγραμμένον
1222 3057 1614 3130 ἀποκόψαντες,
1672 3058 1842 3124 εἷπον,
1903 3056 1964 3109 τὸ

322 3151 398 3219 μή
432 3146 490 3201 δὲ
521 3146 900 3221 γεγραμμένον
952 3146 1398 3217 ἐκαινοτόμησαν.
1441 3148 1501 3203 Ὀ
1530 3146 1629 3220 γὰρ
1663 3145 1827 3199 εἰπὼν
1878 3144 1962 3211 τὸ,

319 3262 345 3289 ‹‹
380 3238 440 3293 Ὀ
474 3237 647 3311 Λόγος
675 3236 800 3311 σὰρξ
832 3236 1055 3311 ἐγένετο,
1092 3263 1117 3287 ))
1152 3236 1456 3311 προσέθηκε
1488 3237 1575 3289 καὶ
1606 3236 1687 3306 τὸ,
1729 3235 1966 3301 «Ἐσκή-

319 3346 483 3379 νωσεν
516 3325 567 3378 ἐν
601 3328 757 3396 ἡμῖν·
797 3350 823 3373 ››
850 3323 941 3378 ’ίνα
972 3322 1139 3378 διπλᾶ
1170 3327 1453 3396 νοήσωμεν
1502 3324 1694 3385 εὐθέως
1746 3324 1811 3376 τά
1868 3344 1964 3391 ση-

330 3413 646 3485 μαινόμενα,
705 3412 793 3466 τὸν
860 3412 1051 3487 Λόγον,
1106 3414 1203 3479 τήν
1268 3412 1456 3487 σάρκα,
1511 3412 1572 3465 τὸ
1620 3415 1875 3479 σκηνοῦν,
1905 3410 1967 3463 τὸ

322 3501 709 3573 σκηνοόμενον·
744 3502 831 3555 καὶ
869 3503 1007 3573 μήτε
1035 3504 1265 3575 τροπὴν,
1304 3503 1440 3573 μήτε
1473 3499 1795 3566 ἀλλοίωσιν,
1833 3500 1971 3570 μήτε

319 3612 369 3643 τι
402 3595 618 3644 τοιοῦτο
676 3590 760 3642 ὲπῖ
820 3592 917 3657 τῆς
974 3589 1237 3663 ἀτρέπτου
1292 3588 1472 3650 οὐσίας
1504 3584 1841 3660 ἐκλάϐωμεν.
1902 3592 1972 3641 ’Ἡ

320 3678 423 3754 γὰρ
458 3679 516 3732 ἃν
552 3680 687 3749 εἶπε,
724 3680 1001 3749 Σκήνωμα
1032 3677 1265 3751 ἐγένετο,
1300 3677 1397 3731 οὐκ
1453 3700 1471 3725 ι
1527 3679 1859 3746 Ἐσκήνωσεν
1919 3674 1969 3728 ὲν

322 3769 483 3837 ἡμῖν,
522 3791 549 3817 ››
582 3764 730 3842 εἶίπερ
763 3766 895 3834 αῦτὴ
930 3769 963 3835 ἡ
998 3771 1092 3819 τοῦ
1131 3766 1303 3841 Λόγου
1337 3767 1492 3843 φύσις
1526 3765 1600 3826 εἷς
1635 3767 1827 3839 σαρκὸς
1882 3763 1977 3841 φῦ-

325 3878 405 3909 σιν
444 3855 693 3927 μετέστη.
749 3854 907 3910 Ἀλλ’
958 3854 1066 3929 οὐχ
1116 3854 1223 3908 οἶόν
1274 3876 1331 3908 τε
1380 3854 1694 3928 λογίσασθαι
1727 3853 1849 3928 περὶ
1878 3857 1975 3907 τοῦ

330 3943 611 4017 λέγοντος·
648 3969 674 3993 ‹‹
723 3942 915 4010 Ἴδε-τέ,
970 3941 1125 4012 ἴδετε,
1180 3942 1261 3996 ὅτι
1312 3941 1421 4016 ἐγώ
1454 3942 1588 4013 εἶμι,
1623 3942 1711 3995 καὶ
1745 3942 1843 3995 οὐκ
1872 3940 1976 4010 ﬁl-

331 4031 635 4105 λοίωμαι.»
669 4037 790 4093 Πῶς
824 4030 914 4085 οῦν
948 4031 1034 4085 xui
1069 4030 1274 4106 ἐγένετο
1310 4030 1456 4105 σάρξ,
1488 4031 1577 4084 καὶ
1608 4029 1707 4083 οὐκ
1736 4028 1981 4098 ἠλλοίω-

328 4140 454 4189 ται;
506 4126 587 4192 τῷ
638 4121 899 4190 ἐνωθῆνατ
946 4122 1122 4193 σαρκὶ,
1180 4120 1240 4174 οὐ
1292 4124 1369 4190 τῷ
1422 4122 1852 4192 μεταποιηθῆναι
1902 4118 1979 4180 εἷς

329 4208 517 4285 σάρκα.
570 4210 662 4263 Διὸ
712 4210 799 4263 καὶ
851 4208 1082 4284 λέγεται,
1138 4235 1164 4260 ιι
1198 4210 1541 4285 Ἐφανερώθη
1576 4208 1753 4283 σαρκὶ,
1827 4232 1852 4257 ››
1885 4206 1984 4261 οὐκ

329 4298 670 4374 Ἐφανερώθη
721 4300 755 4366 ἡ
810 4298 954 4372 σάρξ·
1006 4298 1116 4366 καὶ,
1170 4323 1195 4347 ‹‹
1253 4296 1572 4371 Σπέρματος
1629 4291 1901 4371 Ἀϐραὰμ,
1955 4319 1982 4345 ››

328 4387 514 4463 φησὶν,
554 4412 572 4437 ι
612 4382 927 4441 ἐπελάϐετο·
966 4411 993 4436 ))
1027 4386 1088 4439 οὐ
1120 4384 1345 4461 Σπέρμα
1379 4380 1627 4459 Ἀϐραὰμ
1680 4384 1985 4439 ἀλλοιωθὶν

331 4474 557 4550 ἐγένετο*
617 4475 727 4544 καὶ,
780 4500 806 4526 ‹‹
862 4475 1000 4528 Ναὸν
1056 4470 1185 4550 ἔσχε
1230 4475 1293 4529 τὸ
1324 4480 1503 4547 σῶμα,
1541 4498 1564 4523 ι)
1602 4474 1699 4528 οὐκ
1729 4473 1820 4535 Εἷς
1858 4473 1981 4527 ναὸν

334 4558 766 4636 μεταϐέϐληται⁸
824 4565 937 4633 xui,
997 4589 1023 4614 «
1082 4569 1136 4616 Ὀ
1195 4562 1246 4617 ἐν
1312 4567 1495 4639 μορφῇ
1539 4567 1673 4617 Θεοῦ
1721 4561 1980 4638 ὑπάρχων

2449 1999 2475 2024 ‹‹
2520 1977 2749 2031 Verbum
2779 1993 2905 2031 curo
2941 1984 3151 2046 factum
3180 1987 3273 2032 est.
3311 2000 3338 2026 »

2138 2080 2317 2134 Multa
2350 2082 2421 2135 ab
2454 2082 2524 2136 iis
2550 2083 2697 2151 quia
2719 2083 3105 2145 veritate,sive
3139 2101 3239 2155 per
3268 2084 3723 2149 contentionem,

2066 2170 2186 2222 sive
2239 2187 2339 2239 per
2391 2171 2781 2241 ignorantiam
2835 2173 3195 2235 exciderunt,
3257 2173 3325 2226 ad
3394 2172 3719 2227 fallendum

2066 2262 2390 2329 excogitata
2439 2266 2577 2313 sunt
2610 2277 2620 2312 ε
2657 2260 2799 2314 illud
2832 2267 3023 2314 autem
3058 2262 3280 2315 dictum
3342 2262 3492 2331 quod
3548 2278 3729 2332 supra

2070 2355 2288 2401 naturis
2323 2349 2518 2411 ﬁdem,
2557 2365 2660 2403 nec
2692 2350 2835 2402 satis
2869 2350 3225 2403 laudandum
3261 2355 3367 2415 est,
3403 2372 3429 2397 ‹‹
3466 2349 3723 2403 Verbum

2070 2454 2201 2491 caro
2236 2438 2450 2491 factum
2487 2443 2593 2499 est,
2634 2460 2658 2485 ››
2691 2444 2741 2491 et
2776 2444 2995 2492 veteres
3048 2438 3326 2493 haeresum
3390 2454 3724 2508 propugna-

2071 2532 2226 2581 tores
2257 2526 2605 2595 selegerunt,
2644 2532 2699 2579 et
2733 2526 2913 2579 nostri
2951 2527 3120 2581 hodie
3154 2526 3555 2597 antagonistaz,
3598 2533 3728 2579 tan-

2073 2631 2247 2685 quam
2310 2614 2786 2685 inexpngnahile,
2824 2620 2883 2667 ut
2912 2614 3020 2685 ipsi
3056 2616 3289 2685 quidem
3331 2620 3560 2685 putant,
3593 2631 3727 2685 pro-

2073 2702 2473 2775 pugnaculum
2511 2704 2679 2757 nobis
2710 2704 3187 2771 objeceruntzhoc
3231 2704 3449 2759 scilicet
3492 2704 3731 2758 molien-

2075 2798 2287 2859 test,ut
2320 2792 2451 2845 inde
2485 2792 2540 2845 in
2574 2793 2928 2846 orthodoxos
2961 2793 3496 2857 incurrere,omnes
3526 2809 3727 2847 eorum

2075 2882 2329 2951 impetus
2364 2880 2725 2951 propulsare,
2755 2886 2810 2934 et
2866 2882 3210 2951 quaestionis
3272 2883 3447 2951 hujus
3501 2881 3731 2952 laqueis

2076 2969 2293 3024 multos
2350 2969 2574 3022 irretire
2636 2970 2877 3041 possint.
2928 2970 3096 3034 Nam,
3134 2992 3156 3020 ν
3190 2971 3443 3024 Verbum
3478 2986 3610 3025 caro
3645 2970 3732 3023 fa-

2075 3068 2230 3112 ctum
2258 3063 2408 3122 est,»
2441 3057 3188 3129 interpretantur,Verbum
3223 3058 3278 3111 in
3312 3075 3544 3112 carnem
3576 3074 3712 3112 con-

2075 3164 2304 3201 versum
2342 3147 2597 3217 suscepit
2633 3147 2988 3218 passionem.
3024 3148 3163 3212 Quis
3205 3164 3318 3202 non
3372 3146 3545 3202 istam
3603 3162 3736 3200 ver-

2082 3238 2285 3290 borum
2320 3234 2555 3289 horreat
2578 3236 2871 3290 vesaniam
2894 3240 2915 3289 ?
2936 3237 3073 3299 Quae
3094 3236 3312 3306 scripta
3333 3239 3568 3301 sunt,ea
3586 3249 3741 3289 rese-

2082 3330 2238 3389 cant,
2274 3342 2400 3395 quae
2432 3341 2566 3378 vero
2599 3324 2817 3393 scripta
2848 3341 2961 3378 non
2998 3328 3155 3387 sunt,
3179 3324 3554 3377 innovarunt.
3578 3324 3737 3377 Idem

2084 3414 2232 3470 495
2270 3413 2426 3466 enim
2460 3412 2557 3482 qui
2591 3412 2733 3466 dixit
2768 3431 2779 3467 :
2815 3436 2842 3462 ‹‹
2880 3412 3128 3467 Verbum
3165 3428 3298 3467 caro
3332 3413 3546 3467 factum
3573 3416 3682 3478 est,
3714 3433 3734 3459 ο

2083 3501 2385 3571 subjunxit
2417 3505 2473 3553 et
2505 3499 2669 3563 illud,
2703 3524 2729 3549 «
2770 3501 3057 3555 Habitavit
3088 3501 3143 3553 in
3180 3500 3413 3566 nobis,»
3454 3504 3517 3553 ut
3543 3498 3741 3570 dupli-

2083 3590 2172 3644 cia
2202 3590 2401 3644 statim
2436 3605 2825 3659 agnoscamus
2859 3589 3208 3660 signiﬁcata,
3243 3588 3497 3643 Verbum
3533 3592 3589 3641 et
3620 3604 3746 3641 car-

2086 3696 2215 3733 nem
2254 3694 2265 3732 :
2300 3678 2443 3731 illud
2479 3678 2631 3747 quod
2669 3678 2973 3745 habitat,et
3004 3677 3147 3732 illud
3183 3678 3239 3731 in
3273 3694 3388 3749 quo
3420 3676 3739 3732 habitatur.

2086 3774 2143 3821 et
2176 3765 2527 3820 immutabili
2564 3766 2908 3820 substantiae
2941 3782 3044 3820 nec
3080 3765 3485 3831 mutationem,
3521 3781 3626 3819 nec
3658 3763 3743 3817 al-

2087 3856 2450 3921 terationem,
2483 3871 2584 3908 nec
2618 3854 2809 3908 simile
2855 3854 2993 3925 quid
3057 3855 3451 3925 assignemus.
3512 3850 3745 3923 Alioqui

2089 3943 2242 3997 enim
2279 3942 2958 4006 dixisset,Habitaculum
2996 3942 3208 3996 factum
3245 3947 3477 4006 est,non
3512 3964 3535 3989 ε(
3570 3940 3745 3995 Habi-

2089 4033 2233 4085 tavit
2263 4032 2317 4084 in
2354 4032 2523 4085 nobis
2545 4048 2556 4084 :
2582 4031 2908 4101 usiquidem
2941 4035 3151 4084 natura
3179 4030 3350 4085 Verbi
3383 4031 3440 4083 in
3475 4034 3749 4084 naturam

2092 4121 2281 4174 carnis
2313 4118 2522 4173 fuisset
2554 4124 2798 4172 mutata.
2834 4121 2903 4172 At
2937 4118 3319 4173 mutationem
3350 4117 3605 4188 aliquam
3662 4118 3750 4171 fa-

2093 4214 2245 4263 ctam
2279 4224 2405 4262 esse
2436 4206 2493 4260 in
2526 4223 2591 4261 eo
2624 4208 2725 4277 qui
2756 4207 2915 4276 dicit,
2950 4229 2975 4255 ‹‹
3011 4206 3616 4277 Videte,videte,quia
3644 4222 3751 4277 ego

2095 4317 2247 4365 sum,
2285 4304 2340 4354 et
2371 4315 2483 4352 non
2518 4302 2714 4352 mutor
2740 4298 2803 4359 ⁸⁸,
2836 4316 2860 4345 ιο
2900 4296 3078 4351 nullis
3109 4296 3377 4367 colligere
3423 4296 3751 4351 rationibus

2097 4405 2432 4460 possumus.
2494 4386 2793 4451 Quomodo
2851 4385 3029 4457 igitur
3077 4402 3209 4439 caro
3244 4386 3450 4450 factus,
3486 4388 3752 4439 mutatus

2098 4484 2289 4533 autem
2317 4493 2429 4530 non
2453 4475 2737 4530 esllCarni
2763 4474 2913 4528 uniri
2934 4491 3045 4529 non
3061 4474 3219 4529 estin
3235 4490 3467 4529 carnem
3494 4488 3754 4528 commu-

2100 4566 2374 4632 tari.Quze
2396 4570 2451 4618 et
2482 4580 2660 4619 causa
2691 4568 2780 4617 est
2810 4580 2912 4617 cur
2942 4562 3643 4626 dicatur,«Manifestatus
3665 4564 3755 4616 est

338 4655 555 4729 μορφὴν
591 4650 791 4706 δούλου
824 4647 1032 4715 ἔλαϐεν,
1064 4677 1082 4702 ι)
1121 4651 1181 4705 οὐ
1210 4652 1411 4727 Μορφή
1438 4650 1638 4705 δούλου
1671 4652 1961 4725 γέγονεν.Ε

2100 4658 2156 4711 in
2192 4672 2363 4711 carne
2396 4655 2459 4719 ‘9,
2489 4676 2513 4700 ››
2538 4670 2650 4707 non
2687 4651 3055 4706 Manifestata
3085 4657 3175 4706 est
3208 4652 3463 4717 caro.Et,
3487 4672 3514 4699 ‹‹
3542 4650 3753 4705 Semen

331 4738 390 4794 δέ
417 4761 499 4801 τις
530 4738 857 4818 φιλονεικῶν
887 4740 949 4794 οὐ
985 4738 1237 4814 βούλεται
1268 4739 1330 4792 τὸ
1360 4744 1438 4809 τῷ
1468 4743 1583 4810 Θεῴ
1616 4740 1819 4814 πρέπον
1862 4760 1987 4793 σκο-

333 4836 477 4899 πεῖν,
532 4828 677 4883 ἀλλᾶ
734 4827 1010 4883 δουλεύειν
1054 4834 1171 4889 ταῖς
1232 4822 1531 4887 συλλαϐαῖς
1581 4829 1702 4881 ἄνευ
1749 4826 1988 4890 διανοίας

334 4912 609 4989 εὐσεϐοῦς,
672 4917 877 4971 ἅπαντά
931 4938 987 4971 τε
1046 4917 1288 4971 ἀπαιτεῖν
1350 4917 1415 4969 τὰ
1466 4918 1541 4987 μή
1584 4914 1788 4971 δέοντα·
1822 4939 1988 4991 γινω-

334 5008 507 5061 σκέτω
541 5014 848 5083 σοφώτερον
882 5008 1065 5061 ἑαυτὸν
1099 5009 1196 5074 τῆς
1229 5008 1455 5080 χάριτος
1482 5010 1578 5059 τοῦ
1611 5006 1765 5080 ἁγίου
1825 5006 1991 5060 Πνεύ-

344 5117 514 5167 ματος
568 5096 903 5172 ἀποφαίνων,
953 5095 1040 5149 xui
1078 5096 1151 5167 μὴ
1207 5094 1503 5169 δεχόμενος
1536 5096 1634 5161 τὴν
1670 5094 1863 5149 ἐκεῖθεν
1904 5116 1991 5149 νο-

343 5184 615 5255 μοθεσίαν,
674 5185 773 5251 τὴν
827 5181 915 5237 διὰ
965 5181 1191 5237 πολλῶν
1242 5187 1433 5259 φωνῶν
1482 5183 1665 5257 ἱερῶν,
1698 5183 1772 5243 ὡς
1806 5184 1992 5258 προεί-

341 5291 523 5342 ρηται,
576 5271 940 5348 σαφηνίσασαν
1003 5273 1139 5342 ἡμῖν
1199 5275 1296 5323 τοῦ
1352 5270 1519 5344 ῥητοῦ
1550 5271 1649 5339 τὴν
1682 5268 1929 5342 δύναμιν,
1962 5272 1996 5339 ἣ

339 5361 402 5414 οὐ
436 5358 566 5435 δίχα
624 5358 953 5432 τολμησεως
1009 5360 1095 5413 xui
1134 5361 1318 5434 μάχην
1355 5359 1654 5433 ἐπεισάγειν
1682 5365 1797 5420 τοῖς
1830 5360 1993 5423 θείοις

337 5447 546 5525 λόγοις,
596 5449 685 5502 καὶ
743 5449 833 5501 τὸν
865 5448 1026 5523 ἁγίων
1062 5446 1375 5522 δογμάτων,
1409 5448 1484 5509 ὡς
1522 5448 1768 5503 ἐναντίων
1822 5448 1996 5519 ἀλλή-

342 5538 494 5607 λοις,
525 5536 1012 5614 καταψηφίζωθαν
1072 5534 1220 5613 εἷ’περ
1264 5536 1502 5592 ἐναντίον
1553 5538 1636 5605 τὸ,
1671 5563 1697 5591 ‹‹
1754 5538 1997 5613 Ἐγένετο

418 5738 460 5771 ⁸⁷
490 5738 653 5793 Joan.
689 5750 728 5791 ι.
766 5735 851 5789 lli.
928 5736 971 5770 ⁴⁸
1004 5734 1249 5789 Malach.
1288 5751 1371 5803 ιιι,
1403 5736 1456 5789 6.

1534 5735 1579 5771 ⁸⁸
1610 5736 1629 5789 Ι
1662 5736 1812 5791 Tim.
1846 5754 1929 5805 ιιι,
1965 5740 2049 5793 16.

2098 4745 2338 4800 Abrahae
2372 4742 2765 4812 assumpsit,»
2798 4741 2984 4811 inquit
3020 4741 3324 4812 Apostolus
3354 4740 3398 4774 ‘9
3431 4756 3443 4794 :
3479 4755 3617 4803 non,
3652 4738 3753 4793 Se-

2102 4851 2232 4889 men
2266 4832 2507 4887 Abrahaa
2542 4831 2891 4884 immutatus
2927 4829 3112 4883 factus
3146 4835 3252 4883 est.
3286 4828 3405 4893 Et,u
3442 4826 3753 4897 Templum

2101 4921 2309 4976 habuit
2339 4936 2571 4990 corpus,
2606 4942 2630 4965 ››
2663 4935 2798 4983 ιιοιι,
2832 4918 2893 4972 In
2940 4916 3218 4985 templum
3280 4931 3593 4970 conversus
3646 4917 3756 4969 est.

2102 5011 2227 5072 Et,«
2253 5009 2397 5063 Cum
2430 5008 2485 5061 in
2524 5008 2710 5061 forma
2742 5007 2837 5061 Dei
2875 5007 3302 5067 esset,formam
3339 5003 3487 5059 servi
3524 5020 3755 5058 assum-

2105 5099 2221 5169 psit
2248 5098 2316 5161 “,
2355 5119 2381 5144 υ
2415 5113 2553 5161 non,
2578 5097 2783 5150 Forma
2814 5095 2961 5149 servi
3000 5096 3186 5148 factus
3217 5098 3321 5146 est.
3349 5092 3508 5153 Quod
3544 5091 3592 5145 si
3626 5089 3759 5160 quis

2104 5184 2683 5249 contentiosus,nolit
2714 5202 2838 5253 quze
2872 5184 3053 5237 Deum
3088 5187 3287 5235 decent
3322 5180 3598 5250 cogitare,
3634 5178 3756 5244 sed,

2108 5276 2203 5346 pia
2232 5276 2445 5343 rejecta
2475 5277 2690 5341 mente,
2716 5271 2957 5343 syllabis
2993 5270 3292 5331 inservire,
3317 5269 3631 5337 omniaque
3664 5282 3760 5337 pe-

2109 5371 2226 5419 tere
2258 5380 2387 5434 quae
2415 5362 2660 5433 petenda
2696 5360 2933 5414 minime
2966 5364 3191 5429 oportet
3224 5374 3234 5409 :
3273 5356 3494 5410 noverit
3525 5354 3641 5417 ille,
3676 5370 3761 5423 se,

2108 5457 2207 5507 aut
2239 5452 2422 5505 multo
2457 5450 2868 5521 sapientiorem
2900 5465 3046 5513 esse,
3082 5464 3187 5501 suo
3213 5445 3460 5515 judicio,
3506 5443 3763 5514 Spiritus

2110 5542 2297 5597 sancti
2331 5540 2540 5612 gratia,
2575 5555 2679 5593 nec
2710 5536 3021 5593 admittere
3053 5536 3372 5607 profectam
3434 5533 3569 5587 inde
3616 5531 3765 5603 legis

2127 5739 2171 5773 ⁵ο
2197 5737 2365 5791 Hebr.
2403 5753 2463 5801 ιι,
2500 5736 2586 5790 16.
2664 5736 2707 5769 ⁶¹
2740 5732 2993 5803 Philipp.
3030 5748 3094 5797 ιι,
3123 5732 3178 5797 6,
3210 5730 3264 5785 7.
