4104 6366
321 407 476 473 13η

1508 407 1572 467 S.
1619 398 2147 467 ATHANASIUS.
2177 436 2257 456 -ιν
2283 400 2553 469 DUBIA.

3590 410 3616 465 1
3630 398 3758 466 348

314 540 700 610 sanctionem,
735 557 862 611 quis
892 543 979 597 tot
1008 538 1214 605 sacris,
1244 555 1371 610 qua:
1406 538 1576 611 paulo
1625 543 1758 594 ants
1816 554 1977 593 com-

2094 536 2242 610 σάρξ,
2305 561 2333 588 »
2390 541 2487 592 τοῦ
2540 538 2768 614 Μορφήν
2817 534 3021 592 δούλου
3060 533 3272 594 λαϐεῖν.
3333 535 3496 593 Ἀλλ’
3554 534 3758 614 ἄπαγε,

315 634 652 689 memoratae
709 633 867 698 sunt,
919 629 1184 693 vocibus,
1217 628 1376 685 verbi
1410 629 1579 684 nobis
1609 628 1723 684 vim
1755 627 1976 698 liquido

312 719 608 790 explanat,
642 723 746 776 aut
775 719 1053 774 audacter
1082 717 1299 774 bellum
1335 717 1519 772 sacris
1550 716 1802 772 oraculis
1851 733 1974 770 mo-

309 824 464 876 vere,
519 813 578 864 et
623 807 902 878 dogmata
955 811 1181 868 sancta.
1245 810 1309 860 ut
1357 805 1473 872 sibi
1509 805 1653 876 ipsis
1684 805 1973 876 opposita,

312 896 709 952 condemnare
745 912 757 949 :
792 894 842 950 si
876 894 1049 950 modo
1079 894 1236 951 dicta
1267 893 1380 948 ista
1412 895 1563 949 inter
1594 910 1657 948 se
1688 897 1973 964 pugnant:

316 1005 344 1035 α
373 984 515 1041 Caro
543 985 764 1040 factum
796 988 905 1052 est,
943 1004 963 1032 ι
1001 987 1080 1047 et,
1120 1005 1147 1032 u
1207 983 1477 1038 Formam
1536 982 1686 1037 servi
1743 998 1975 1036 assum~

309 1072 445 1144 psit.
469 1094 497 1122 »
517 1072 628 1130 Sed
662 1087 847 1142 apage
879 1087 1148 1142 perverse
1179 1069 1493 1126 bomo.Nec
1523 1070 1682 1125 enim
1715 1075 1979 1124 mutatur

308 1161 610 1225 divinitas,
646 1176 752 1216 nec
783 1176 983 1216 secum
1019 1164 1242 1230 pugnat
1265 1159 1569 1228 Scriptura
1599 1175 1786 1214 sacra.
1853 1160 1977 1213 Hinc

308 1249 467 1307 enim
519 1248 770 1304 auditori
832 1248 1092 1304 veritatis
1141 1247 1356 1318 cupido
1387 1247 1768 1318 semetipam
1797 1247 1977 1301 inter-

309 1341 618 1410 pretatur:
653 1341 803 1393 recte
833 1336 1082 1408 intelligi
1117 1336 1282 1393 facile
1314 1340 1525 1406 potest,
1578 1335 1806 1406 sibique
1862 1335 1976 1407 ipsi

311 1425 624 1483 consentit.
659 1426 820 1482 Hanc
849 1426 1046 1496 itaque
1073 1425 1232 1496 piam
1263 1423 1637 1492 sententiam,
1663 1424 1844 1478 divini
1880 1441 1981 1478 no-

311 1517 403 1572 bis
460 1515 593 1572 libri
652 1514 1040 1571 tradiderunt.
1095 1513 1215 1569 Vox
1244 1519 1441 1568 autem
1478 1535 1506 1564 «
1541 1514 1775 1568 Pactum
1808 1519 1913 1576 est,
1945 1534 1975 1563 ››

310 1606 439 1662 ideo
469 1603 689 1674 scripta
719 1609 829 1667 est,
864 1620 979 1658 non
1012 1608 1077 1658 ut
1102 1602 1276 1658 Verbi
1310 1601 1495 1657 divini
1533 1600 1976 1658 conversionem

309 1697 724 1767 cogitaremus,
750 1694 852 1749 sed
888 1700 951 1747 ut
983 1709 1280 1748 summam
1316 1693 1400 1748 sic
1433 1693 1710 1748 unionem
1761 1710 1976 1766 cogno-

309 1799 632 1848 sceremus,
663 1781 1142 1852 quandoquidem
1166 1787 1224 1840 et
1253 1786 1559 1852 peccatum
1590 1798 1703 1836 non
1737 1781 1976 1852 quidem

309 1871 542 1942 fecisse,
575 1851 696 1930 sed,
714 1871 904 1927 factus
928 1851 1117 1928 luisse
1143 1851 1361 1927 dicitur
1393 1887 1405 1924 :
1443 1892 1471 1922 «
1504 1869 1648 1929 Eum
1680 1851 1981 1944 enim.qui
2011 1851 2060 1916 Β

317 1977 436 2016 non
498 1959 660 2014 novit
721 1965 1048 2030 peccatum,
1086 1980 1109 2015 ι
1149 1957 1233 2016 ait
1258 1959 1581 2030 Scriptura,
1614 1982 1638 2011 κ
1678 1976 1778 2029 pro
1816 1959 1981 2013 nobis

320 2053 626 2122 peccatum
663 2047 795 2104 fecit.
822 2047 902 2115 5’;
939 2068 966 2095 ››
1002 2063 1114 2104 non
1148 2048 1303 2120 quod
1336 2047 1593 2108 Verbum
1626 2047 1711 2106 vel
1739 2048 1794 2107 in
1851 2063 1982 2122 pec-

324 2139 438 2193 cati
467 2136 865 2212 operationem
901 2135 1075 2192 fuerit
1104 2151 1472 2207 conversum,
1532 2136 1619 2195 vel
1676 2141 1982 2206 peccatum

323 2226 652 2293 fecerit,sed
684 2225 839 2297 quod
872 2229 1074 2284 nostra
1106 2228 1343 2297 peccata
1376 2226 1719 2301 sumpserit,
1748 2226 1979 2284 cadem-

325 2331 440 2394 que
470 2313 777 2374 sustulerit
806 2331 819 2368 :
845 2314 1018 2386 juxta
1059 2312 1203 2372 illud
1238 2329 1251 2374 :
1289 2314 1474 2389 «Ipse
1527 2314 1684 2373 enim
1749 2319 1985 2386 peccata

323 2409 526 2462 nostra
554 2403 709 2460 tollit
737 2402 1354 2466 ‘3.»Quemadmodum
1383 2402 1561 2474 igitur
1590 2410 1895 2474 peccatum
1928 2407 1986 2462 et

325 2493 705 2554 maledictum
740 2493 929 2550 factus
960 2496 1070 2558 est,
1113 2491 1240 2550 sine
1297 2497 1495 2550 tamen
1553 2493 1932 2552 conversione
1967 2509 1981 2550 :

321 2582 406 2640 ita
462 2586 519 2638 et
566 2597 698 2638 caro
757 2581 945 2638 factus
1001 2585 1105 2646 est,
1149 2580 1347 2635 nonin
1381 2597 1613 2640 carnem
1641 2597 1982 2652 conversus,

325 2672 428 2728 sed
460 2669 545 2726 illi
577 2669 804 2726 unitus.
836 2671 1026 2740 Atque
1056 2668 1191 2724 hinc
1215 2673 1306 2728 est
1337 2670 1490 2740 quod
1525 2668 1700 2729 homo
1748 2685 1984 2746 quoque

326 2775 432 2830 per
460 2759 635 2816 ﬁdem
668 2763 724 2813 et
751 2757 1000 2830 gratiam
1032 2757 1149 2817 Deo
1181 2757 1642 2830 conglutinatus.
1678 2774 1833 2818 unus
1862 2757 1982 2829 spi-

326 2848 476 2904 ritus
507 2847 813 2904 dicatur.«
869 2845 974 2909 Qui
1029 2844 1288 2902 adhaeret
1342 2845 1610 2917 Domino,
1670 2845 1769 2918 ait,
1830 2863 1985 2904 unus

323 2936 570 3008 Spiritus
601 2940 691 2992 est
720 2935 766 2968 5‘
798 2951 811 2989 :
850 2958 871 2990 ι
911 2950 1025 2988 non
1059 2934 1211 3005 quod
1248 2933 1422 2992 homo
1455 2934 1513 2993 in
1543 2935 1777 2991 deitatis
1809 2940 1982 2994 natu~

324 3042 449 3082 ram
482 3040 798 3082 conversus
829 3022 926 3085 sit,
963 3023 1064 3079 sed
1095 3023 1252 3094 quod
1307 3024 1595 3096 ejusmodi
1653 3023 1984 3098 conjunctio

326 3113 696 3184 spiritualem
755 3111 1101 3184 dignitatem
1170 3110 1282 3182 ipsi
1350 3111 1618 3169 tribuat.
1681 3112 1983 3170 Consimili

2089 621 2312 681 διίλαιε·
2348 626 2471 682 οὕτε
2497 627 2562 681 τὸ
2594 629 2738 682 θεῖον
2795 625 3070 701 τρέπεται,
3103 624 3229 681 οὔτε
3276 630 3311 696 ἡ
3373 626 3498 702 ἁγία
3562 627 3756 701 Γραφή

2086 716 2222 790 πρὸς
2255 715 2448 784 ἒαυτήν
2475 714 2827 790 διαμάχεται,
2855 714 3225 791 ἐρμηνεόουσα
3252 722 3372 777 τοῖς
3415 713 3760 790 φιλαλήθῶς

2086 802 2394 858 ἀκοόουσιν·
2459 801 2858 879 εὐπαράδεκτός
2919 803 3058 858 ἐστιν
3121 804 3227 874 ὅλη
3287 804 3377 860 καὶ
3424 803 3754 880 σύμφωνος.

2086 893 2194 961 Τήν
2233 894 2325 966 μὲν
2385 891 2476 946 οὖν
2539 887 2730 961 εὐσεϐῆ
2780 890 3020 946 διάνοιαν
3064 892 3268 962 ταύτην
3318 895 3456 965 ἡμῖν
3492 893 3547 947 αἱ
3607 898 3754 956 θεῖαι

2090 977 2284 1037 Βίϐλοι
2329 979 2706 1055 παραδιδόασι’
2760 983 2822 1036 τὸ
2871 979 2950 1048 δὲ,
2997 1006 3025 1033 ιι
3055 981 3322 1056 Ἐγένετο,
3358 1007 3385 1032 »
3416 983 3756 1056 γέγραπται,

2089 1070 2196 1146 οὐχ
2238 1070 2332 1124 τίνα
2379 1075 2476 1125 τοῦ
2529 1075 2662 1126 Θεοῦ
2711 1069 2887 1145 Λόγου
2930 1070 3138 1144 τροπήν
3193 1069 3564 1142 ἐννοήσωμεν,
3622 1067 3759 1123 ἀλλ’

2082 1158 2175 1218 ’ίνα
2250 1161 2349 1228 τήν
2420 1158 2585 1234 ἄκραν
2675 1157 2860 1213 ἕνωσιν
2912 1157 3056 1213 οὕτω
3112 1161 3568 1230 κατανοήσωμεν·
3633 1156 3756 1211 ἐπεὶ

2090 1249 2354 1323 ἁμαρτίαν
2388 1247 2450 1302 οὗ
2499 1248 2715 1322 λέγεται
2763 1247 3143 1317 πεποιηκέναι,
3196 1246 3342 1303 ἀλλᾶ
3388 1254 3748 1315 πεποιῆσθαι·

2089 1339 2238 1392 «Τὸν
2301 1338 2404 1412 γὰρ
2466 1339 2540 1409 μή
2598 1335 2812 1412 γνόντα,
2867 1360 2888 1389 ι
2945 1336 3131 1413 φησὶν,
3189 1359 3218 1385 ‹‹
3267 1335 3563 1410 ἁμαρτίαν,
3611 1335 3747 1410 ὑπερ

2086 1429 2247 1499 ἡμῶν
2309 1426 2575 1502 ἁμαρτίαν
2633 1423 2909 1496 ἐποίησιν,
2969 1447 2997 1476 »
3056 1424 3118 1479 οὐ
3166 1422 3247 1496 τῷ
3304 1430 3756 1496 μεταποιηθῆναι

2087 1516 2177 1570 τὸν
2257 1515 2428 1590 Λόγον
2489 1514 2563 1576 εἷς
2622 1513 2888 1589 ἁμαρτίας
2945 1513 3238 1589 ἐνέργημα,
3303 1515 3338 1582 ἢ
3384 1512 3760 1583 πεποιηκέναι

2089 1603 2378 1679 ἁμαρτίαν·
2431 1600 2577 1658 ἀλλὰ
2603 1607 2683 1673 τῷ
2731 1597 2918 1656 λαϐεῖν
2967 1603 3067 1670 τήν
3121 1603 3394 1676 ἡμετέραν
3455 1602 3759 1674 ἆμαρτίαν,

2086 1693 2175 1748 καὶ
2207 1692 2458 1770 ἀφανίσαι
2510 1691 2702 1763 αὐτὴν,
2732 1690 2868 1744 κατὰ
2904 1689 2966 1745 τὸ
3009 1689 3411 1766 γεγραμμένον·
3482 1714 3513 1742 ιι
3579 1690 3763 1750 Αὐτὸς

2085 1782 2180 1842 τὰς
2224 1779 2488 1855 ἁμαρτίας
2549 1781 2712 1851 ἡμῶν
2781 1776 2943 1852 α’ίρει.
3006 1801 3033 1828 ››
3091 1781 3297 1854 ’Ὠσπερ
3355 1779 3447 1832 οὖν
3508 1778 3761 1851 ἁμαρτία

2091 1870 2384 1938 πεποίηται
2414 1868 2504 1923 καὶ
2536 1865 2742 1944 κατάρα
2777 1867 3011 1943 γέγονεν,
3069 1866 3131 1922 οὐ
3178 1871 3258 1939 τῷ
3320 1872 3756 1941 μετατραπῆναι’

2093 1959 2236 2014 οὕτω
2265 1958 2355 2012 καὶ
2388 1957 2514 2031 σὰρξ
2547 1955 2781 2031 ἐγένετο,
2813 1955 2913 2012 οὐκ
2970 1954 3046 2020 εἷς
3093 1954 3295 2025 ταύτην
3353 1950 3756 2026 μεταϐληθεὶς,

2090 2048 2259 2122 ταύτῃ
2311 2044 2369 2105 δὲ
2415 2045 2654 2111 ένωθείς.
2708 2046 2976 2102 Ἐντεῦθεν
3025 2043 3116 2102 καὶ
3165 2043 3476 2120 ἅνθρωπος,
3510 2048 3631 2117 Θεῷ
3663 2041 3760 2098 διὰ

2092 2137 2323 2197 πίστεως
2369 2133 2673 2204 κολληθείς
2729 2133 2820 2188 καὶ
2873 2133 3125 2210 χάριτος,
3173 2128 3228 2190 ἓν
3271 2131 3486 2208 λέγεται
3516 2130 3758 2205 πνεῦμαο

2050 2286 2054 2290 λ
2095 2251 2122 2277 ‹‹
2154 2231 2207 2282 '0
2254 2223 2612 2298 κολλώμενος
2660 2223 2740 2294 τῷ
2787 2221 2998 2298 Κυρίῳ,
3053 2245 3081 2274 ››
3132 2219 3320 2302 φησὶν,
3374 2245 3403 2274 ιι
3447 2218 3504 2278 ἓν
3535 2222 3764 2294 πνεῦμά

2094 2315 2254 2372 ἐστιν·
2294 2338 2321 2366 υ
2383 2313 2490 2388 οὐχ
2537 2313 2612 2378 ὡς
2657 2315 2755 2370 τοῦ
2797 2310 3088 2387 ἀνθρώπου
3119 2309 3196 2375 εἷς
3223 2311 3324 2380 τὴν
3355 2316 3456 2381 τῆς
3489 2309 3758 2382 θεότητος

2095 2404 2250 2482 φύσιν
2308 2397 2816 2476 μεταϐαλλομένουο
2883 2397 3009 2457 ἀλλ’
3060 2399 3135 2462 ὡς
3174 2405 3274 2470 τῆς
3315 2398 3575 2468 τοιαύτης
3637 2420 3762 2454 συν-

2093 2493 2277 2571 αφείας
2332 2492 2430 2562 τὴν
2463 2490 2832 2562 πνευματικὴν
2875 2487 3021 2558 ἀξίαν
3056 2487 3205 2560 αὐτῷ
3239 2485 3614 2564 δωρουμένης.
3646 2487 3754 2543 Τὸν

2093 2582 2252 2642 αὐτὸν
2322 2578 2380 2638 δὲ
2434 2579 2632 2654 τρόπον
2681 2578 2771 2636 καὶ
2821 2578 2848 2632 6
2897 2575 3094 2652 Λόγος,
3155 2576 3256 2632 οὐκ
3285 2575 3362 2637 εἰς
3395 2573 3593 2651 σαρκὸς
3652 2598 3752 2648 με-

2091 2670 2251 2740 τέστη
2311 2666 2491 2746 φύσιν,
2551 2664 2676 2722 ἀλλ’
2735 2665 2950 2728 ἱνωθεὶς
3009 2665 3188 2739 σαρκὶ,
3250 2664 3377 2742 σὰρξ
3410 2663 3630 2740 λέγεται
3664 2685 3756 2740 γε.

2095 2759 2329 2832 γονέναι·
2362 2757 2524 2822 καθὸ,
2554 2752 2960 2828 καὶᾶνθρωπος
3005 2752 3305 2822 κολληθεὶς
3356 2757 3474 2824 Θεῷ
3532 2757 3759 2828 πνεῦμα

2096 2847 2335 2921 λέγεται,
2366 2847 2524 2915 εἶναι,
2563 2845 2636 2917 μὴ
2668 2844 2766 2911 τήν
2800 2841 2998 2898 οἰκείαν
3033 2841 3214 2897 οὐσίαν
3265 2836 3588 2912 ἀποϐαλὼν,
3647 2843 3755 2910 τήν

2094 2934 2379 2996 κοινωνίαν
2440 2931 2498 2990 δὲ
2543 2926 2890 3006 προσλαϐών.
2943 2929 3117 2988 Ἀλλὰ
3146 2930 3198 2985 τί
3227 2931 3288 2984 τὸ
3319 2931 3482 3008 σοφὸν
3513 2935 3621 2986 τῶν
3656 2930 3753 2986 ἆν-

2091 3025 2462 3099 τιλεγόντων;
2510 3025 2756 3096 ’Έμεινεν
2804 3019 2834 3074 6'
2888 3021 2977 3093 ἦν’
3032 3018 3243 3095 ἐγένετο
3296 3018 3325 3073 ὅ
3379 3018 3480 3074 οὐκ
3508 3021 3595 3090 ἦν·
3630 3020 3761 3093 ἔμε-

2095 3113 2253 3188 ρίσθη
2287 3115 2322 3182 ἡ
2355 3109 2647 3186 ἀμέριστος
2702 3109 2878 3187 φύσις,
2911 3109 3000 3164 καὶ
3046 3108 3110 3163 τὸ
3170 3109 3262 3173 μὶν
3325 3107 3492 3177 αὐτῆς
3546 3106 3756 3180 ἔμεινε,

327 3203 523 3274 modo,
555 3225 582 3254 «
618 3201 878 3259 Verbum
911 3216 1043 3260 caro
1090 3201 1308 3260 factum
1366 3222 1394 3250 n
1455 3199 1688 3272 dicitur,
1747 3219 1863 3260 non
1922 3203 1981 3261 in

2094 3204 2156 3262 τὸ
2187 3200 2246 3260 δὲ
2297 3195 2718 3273 μεταϐέϐληται·
2773 3197 2809 3268 ἥ
2841 3200 2902 3254 τὸ
2934 3203 3034 3254 πᾶν
3086 3191 3516 3272 μεταϐέϐληται,
3548 3199 3586 3268 ἦ
3615 3198 3760 3253 κατᾶ

2096 3291 2151 3302 ...
2436 3289 2446 3302 .
2704 3289 2726 3302 η
2789 3285 2842 3302 ς.
2958 3296 2974 3302 -
3140 3284 3156 3302 ς
3275 3283 3290 3302 ,
3374 3281 3411 3302 n
3541 3285 3554 3302 ρ
3611 3282 3683 3302 κη

325 3291 518 3349 carnis
570 3296 841 3350 naturam
901 3305 1267 3357 conversum,
1326 3289 1428 3346 sed
1487 3291 1646 3348 carni
1695 3290 1978 3348 unitum:

323 3379 824 3453 quemadmodum
858 3377 1034 3436 homo
1065 3393 1301 3448 quoque
1334 3381 1446 3437 Deo
1479 3379 1791 3454 copulatus
1844 3380 1980 3452 Spi-

321 3469 472 3524 ritus
530 3484 656 3525 esse
709 3467 1069 3533 dicitur,non
1102 3466 1256 3537 quod
1287 3466 1682 3526 substantiam
1715 3469 1983 3528 amiserit

319 3556 746 3630 prapriam,sed
773 3555 928 3625 quod
959 3555 1018 3612 in
1046 3554 1300 3628 Spiritus
1350 3556 1824 3615 communionem
1887 3573 1981 3613 ve-

319 3645 489 3702 nerit.
513 3645 649 3709 Quae
680 3647 821 3700 sunt
852 3643 1324 3700 adversariorum
1355 3643 1630 3716 argutiae?
1662 3646 1823 3710 Quod
1858 3650 1982 3702 erat

319 3734 560 3800 mansit,
593 3733 747 3806 quod
789 3749 905 3788 non
935 3736 1058 3788 erat
1090 3731 1280 3788 factus
1312 3737 1420 3790 est.
1456 3732 1642 3805 Igitur
1669 3737 1772 3791 aut
1795 3733 1982 3791 divisa

320 3828 411 3880 est
441 3827 652 3882 natura
682 3821 1004 3889 individua,
1030 3825 1086 3876 et
1116 3838 1249 3894 pars
1281 3819 1520 3894 quidem
1575 3839 1690 3878 una
1738 3823 1979 3892 mansit,

319 3911 503 3971 altera
561 3914 786 3966 mutata
833 3914 959 3977 est;
1019 3914 1121 3965 aut
1176 3913 1365 3968 totum
1418 3915 1708 3972 mutatum
1741 3916 1850 3980 est,
1878 3916 1982 3972 aut

320 4002 515 4074 specie
547 4001 762 4058 factum
798 4002 906 4066 est,
941 4003 1043 4053 aut
1073 3998 1186 4056 dici
1217 3997 1316 4056 illa
1348 4000 1587 4072 quidem
1618 4002 1854 4069 debent,
1881 4001 1973 4060 in-

315 4089 501 4161 telligi
534 4106 650 4148 non
681 4089 914 4145 debent.
951 4087 1091 4153 Quis
1121 4087 1301 4159 igitur
1328 4088 1488 4148 verbi
1546 4090 1693 4148 nihil
1751 4091 1979 4164 signiﬁ-

319 4177 506 4234 cantis
567 4176 756 4235 usus?
784 4177 1000 4236 Verum
1027 4180 1093 4234 ut
1125 4177 1196 4231 ab
1227 4176 1393 4235 initio
1423 4179 1702 4239 traditum
1736 4185 1842 4251 est,
1876 4181 1976 4238 (ir.-

319 4283 484 4327 mum
516 4271 691 4337 est,et
713 4267 868 4337 quod
888 4266 1112 4324 dictum
1131 4269 1305 4331 est,et
1319 4268 1473 4338 quod
1491 4268 1979 4343 velutobscurum

318 4356 454 4414 inde
484 4356 886 4431 consequitur.
907 4355 1126 4427 Estque
1156 4354 1557 4427 interpretatio
1588 4358 1898 4430 perspicua
1925 4362 1984 4417 et

320 4446 614 4502 sententia
644 4445 763 4516 pia,
794 4448 851 4501 et
880 4443 1034 4514 quod
1069 4443 1191 4499 ﬁeri
1228 4461 1341 4501 non
1392 4450 1606 4516 potest,
1659 4445 1981 4518 expugnari

321 4551 438 4594 non
485 4537 696 4608 potest.
729 4531 885 4588 Nihil
919 4532 1014 4590 hic
1044 4532 1342 4600 indecens,
1377 4550 1481 4593 nec
1511 4535 1838 4593 contradici
1870 4535 1983 4594 ﬁde

2093 3291 2314 3361 δόκησιν
2392 3289 2625 3365 γέγονεν,
2698 3289 2733 3360 ἢ
2789 3285 3038 3361 λέγεσθαι
3100 3284 3196 3358 μὲν
3267 3281 3476 3361 ὀφείλει
3532 3282 3755 3346 ἁπλῶς.

2090 3383 2324 3439 νοεῖσθαι
2356 3376 2414 3435 δὲ
2445 3377 2551 3454 οὐχ
2581 3375 2829 3453 ἁρμόζει.
2863 3375 2962 3432 Καὶ
2991 3373 3075 3437 τίς
3117 3373 3280 3450 χρεία
3329 3372 3515 3448 Λόγου
3576 3371 3754 3448 μηδὲν

2092 3469 2492 3546 σημαίνοντος;
2537 3464 2691 3526 Ἀλλ’
2723 3465 2799 3526 ὡς
2847 3463 2937 3518 ἀπ’
2985 3463 3165 3538 ἀρχῆς
3221 3459 3608 3539 παραδέδοται,
3659 3462 3756 3518 καὶ

2089 3561 2152 3618 τὸ
2185 3559 2473 3634 εἰρημένον
2505 3549 2744 3630 βέϐαιον,
2794 3552 2978 3609 καὶτὸ
3027 3551 3326 3607 ἀκόλουθον
3379 3552 3456 3614 ὡς
3514 3548 3756 3622 ἄδηλον,

2090 3649 2182 3707 καὶ
2212 3649 2247 3716 ἡ
2280 3644 2541 3722 ἑρμηνεία
2573 3643 2770 3720 σαφὴς,
2818 3643 2908 3696 καὶ
2939 3643 2975 3714 ἡ
3008 3637 3221 3696 διάνοια
3251 3635 3502 3711 εὐσεϐής,
3537 3639 3627 3696 καὶ
3687 3642 3756 3699 τὸ

2091 3734 2350 3792 ἀδύνατον
2405 3730 2645 3809 ἄμαχον,
2695 3731 2784 3788 καὶ
2834 3730 2898 3789 τὸ
2948 3729 3209 3804 εὐπρεπὲς
3255 3729 3627 3806 συνυπάρχον,
3660 3727 3759 3786 καὶ

2089 3826 2153 3884 τὸ
2210 3823 2518 3894 ἀξιόπιστον
2581 3821 2641 3880 ἐκ
2697 3819 2922 3877 πολλῶν
2984 3817 3272 3894 μαρτύρων
3332 3817 3756 3894 ἀναντίρρητον,

2090 3913 2180 3972 καὶ
2209 3913 2272 3970 τὸ
2304 3914 2563 3989 ἄτρεπτον
2596 3919 2695 3980 τῆς
2730 3909 2990 3980 θεότητος
3034 3907 3260 3979 ἄσυλον,
3307 3907 3397 3962 καὶ
3455 3906 3518 3963 τὸ
3577 3908 3759 3972 πάθος

2089 4007 2186 4060 τοῦ
2227 4000 2532 4082 λεγομένου
2562 4003 2718 4070 ναοῦ,
2751 3997 2813 4053 οὐ
2869 4000 2966 4055 τοῦ
3009 3996 3318 4072 ἐγείραντος
3368 4001 3532 4051 τοῦτο
3592 3999 3756 4054 Θεοῦ.

2095 4092 2235 4166 Πρὸς
2266 4087 2483 4152 τοῦτοις
2549 4085 2675 4144 οὐδὲ
2730 4089 2766 4156 ἡ
2825 4084 3090 4162 Παρθένος
3131 4089 3334 4142 νοεῖται
3369 4087 3557 4159 μήτηρ
3615 4083 3763 4140 κατὰ

2089 4181 2183 4240 τὸν
2239 4179 2454 4239 ἐκείνων
2489 4178 2682 4254 λόγον.
2712 4174 2880 4248 Εἴπερ
2911 4174 3097 4230 ἑαυτὸν
3133 4176 3161 4233 6
3206 4173 3386 4250 Λόγος
3437 4175 3611 4250 σάρκα
3661 4193 3770 4228 περ

2091 4271 2339 4340 ποίηκεν,
2371 4269 2434 4324 οὐ
2467 4269 2635 4345 σάρκα
2667 4261 2850 4322 λαϐὼν
2880 4264 2929 4336 ἐξ
2970 4264 3138 4334 αὐτῆς
3189 4261 3562 4339 προελήλυθε.
3628 4267 3765 4325 Πῶς

2092 4358 2196 4434 γὰρ
2231 4360 2439 4433 μήτηρ,
2471 4358 2538 4425 ἧς
2569 4351 2722 4411 οὐδὲν
2754 4353 2816 4410 τὸ
2863 4352 3054 4426 τεχθὲν
3118 4349 3465 4428 ἐπιφέρεται,
3527 4350 3653 4410 Πῶς
3715 4345 3766 4402 δ’

2092 4445 2152 4506 ἂν
2182 4446 2275 4502 καὶ
2308 4444 2534 4520 λεχθείη
2586 4443 2805 4508 τοκετὸς
2855 4443 2890 4510 ἡ
2953 4437 3107 4510 δίκην
3171 4437 3425 4509 σωλῆνος
3483 4436 3763 4501 ἀνοίκειος

2094 4532 2373 4610 παροδος;
2435 4536 2636 4594 Σκεῦος
2693 4528 2782 4587 οὖν
2860 4533 3133 4600 ποιοῦσιν,
3215 4528 3276 4583 οὐ
3350 4526 3584 4600 μητέρα,
3659 4525 3768 4598 τὴν

318 4604 672 4693 dignissimo
703 4619 1082 4693 plurimorum
1095 4625 1411 4693 martyrum
1432 4621 1757 4680 testimonio
1771 4627 1981 4694 potest.

2096 4622 2252 4696 ἁγίαν
2309 4619 2598 4696 Παρθένον.
2650 4618 2751 4676 Καὶ
2797 4615 2925 4674 οὐδὲ
2967 4621 3130 4672 τοῦτο
3182 4615 3432 4672 δύνανται
3494 4611 3765 4686 συνιδεῖν,

323 4710 493 4769 Salva
524 4713 722 4770 manet
750 4716 808 4765 et
843 4709 1166 4768 divinitatis
1196 4709 1670 4784 immutabilitas,
1703 4715 1762 4766 et
1791 4712 1986 4782 passio

322 4798 549 4867 templi,
583 4803 650 4854 ut
678 4803 908 4866 vocant,
939 4815 1053 4854 non
1083 4815 1216 4854 vero
1249 4798 1593 4856 suscitantis
1658 4797 1801 4858 illud
1863 4799 1982 4855 Dei.

323 4888 472 4954 Quid
505 4888 662 4960 quod
695 4886 1020 4944 secundum
1053 4887 1298 4959 istos,ne
1329 4891 1516 4944 mater
1546 4887 1783 4958 quidem
1814 4888 1991 4948 fuerit

320 4977 519 5050 Virgo.
550 4975 612 5032 Si
643 4976 800 5033 enim
833 4975 1090 5032 Verbum
1122 4976 1388 5047 seipsum
1423 4975 1558 5032 fecit
1589 4992 1849 5044 carnem,
1869 4995 1988 5036 non

321 5083 390 5124 ex
420 5066 524 5124 illa
554 5082 791 5122 carnem
824 5065 1182 5122 assumenda
1214 5064 1450 5136 prodiit.
1482 5066 1784 5129 Quomodo
1825 5067 1986 5123 enim

325 5160 534 5225 mater,
599 5155 770 5228 cujus
831 5155 989 5226 quod
1039 5157 1243 5212 natum
1277 5156 1386 5220 est,
1420 5153 1568 5212 nihil
1603 5170 1802 5214 secum
1833 5157 1988 5216 496

320 5244 533 5301 affert?
590 5244 893 5308 Quomodo
954 5248 1158 5314 partus
1231 5241 1462 5298 dicatur
1517 5247 1831 5302 extraneas
1891 5244 1990 5302 ille

318 5334 489 5406 quasi
553 5349 654 5404 per
683 5331 950 5388 canalem
986 5330 1270 5386 transitus
1291 5329 1319 5384 ?
1349 5329 1472 5386 Non
1507 5330 1689 5402 igitur
1719 5333 1987 5401 Matrem,

321 5424 422 5479 sed
456 5439 558 5477 vas
588 5421 813 5477 faciunt
843 5421 1138 5490 Virginem
1197 5423 1486 5478 sanctam.
1542 5420 1691 5483 Quin
1752 5438 1824 5478 ne
1881 5423 1990 5480 hoc

319 5510 563 5581 quidem
607 5509 1065 5581 perspiciunt,se
1096 5508 1324 5565 dictum
1355 5505 1824 5576 illud,«Verbum
1853 5528 1990 5571 caro

397 5720 443 5754 ⁵⁸
470 5720 518 5774 ΙΙ
542 5724 670 5775 Cor.
699 5736 753 5789 v,
784 5721 878 5776 21.
951 5721 999 5757 ⁵³
1030 5721 1141 5778 lea.
1173 5737 1295 5790 un,
1327 5721 1416 5776 10.
1492 5722 1542 5760 ⁸6
1569 5727 1595 5777 Ι
1629 5723 1760 5779 Cor.
1788 5740 1870 5794 νι,
1903 5725 1990 5781 17.

2098 4710 2182 4767 ὅτι
2228 4711 2292 4766 τὸ
2323 4736 2352 4763 (ι
2383 4711 2444 4767 Ὁ
2494 4708 2668 4785 Λόγος
2719 4708 2847 4784 σὰρξ
2887 4707 3096 4783 ἐγένετο
3137 4731 3166 4760 ››
3223 4706 3340 4765 καθ’
3373 4706 3577 4760 ἑαυτῶν
3610 4703 3770 4777 μᾶλυ

2097 4799 2195 4856 λον
2228 4795 2660 4876 προϐάλλονται.
2719 4797 2785 4856 Εἰ
2848 4797 2942 4870 μὲν
3001 4796 3108 4871 γὰρ
3139 4793 3312 4858 ἄλλος
3347 4795 3374 4848 ὁ
3407 4793 3606 4869 Λόγος,
3669 4792 3766 4847 καὶ

2099 4888 2239 4948 ἄλλο
2272 4889 2422 4964 σὰρξ,
2482 4885 2602 4956 δύο,
2653 4885 2742 4942 καὶ
2794 4885 2901 4960 οὐχ
2945 4883 3025 4940 ἓν·
3068 4884 3115 4939 εἰ
3165 4881 3223 4940 δὲ
3267 4883 3331 4940 τὸ
3362 4881 3492 4938 αὐτὸ
3524 4881 3552 4935 ὁ
3584 4879 3773 4956 Λόγος

2097 4975 2188 5034 καὶ
2213 4979 2250 5046 ἡ
2284 4975 2436 5051 σὰρξ,
2469 4973 2529 5028 τὸ
2559 4998 2588 5026 α
2638 4969 2885 5047 Ἐγένετο
2933 4994 2963 5026 ››
2997 4969 3247 5029 λέλυται.
3281 4968 3353 5026 Οὐ
3385 4968 3486 5046 γὰρ
3523 4968 3549 5022 ὁ
3585 4965 3768 5042 Λόγος

2097 5065 2275 5142 Λόγος
2322 5063 2550 5139 ἐγένετο·
2600 5061 2664 5118 τὸ
2713 5058 2772 5117 δὲ
2801 5060 2853 5116 ἐν
2883 5064 2962 5134 τῷ
2987 5057 3132 5132 αὐτῷ
3162 5057 3218 5114 ὅν
3255 5056 3398 5115 ἄλλο
3428 5080 3481 5112 τι
3516 5055 3618 5111 οὐκ
3645 5053 3768 5131 ἐγέ-

2099 5175 2237 5211 νετο.
2295 5159 2456 5208 ’Ώστε
2512 5152 2719 5226 ἀνάγκη
2780 5151 2815 5218 ἢ
2841 5151 2903 5206 τὸ
2937 5172 2968 5204 α
3019 5147 3265 5223 Ἐγένετο
3299 5170 3327 5198 ››
3360 5146 3759 5222 ἀνατραπῆναι,

2099 5245 2134 5311 ἢ
2161 5243 2260 5308 τὰς
2295 5239 2393 5298 δύο
2424 5240 2610 5319 φύσεις
2641 5237 3090 5312 ὁμολογηθῆναι.
3113 5237 3186 5292 Τὸ
3214 5236 3316 5312 γὰρ
3377 5260 3406 5292 ιι
3440 5233 3687 5310 Ἐγένετο
3734 5254 3765 5282 »

2099 5331 2236 5388 κατὰ
2282 5332 2344 5386 τὸ
2384 5329 2612 5400 ἀληθῶς
2664 5327 2986 5407 φαινόμενον
3038 5324 3252 5402 εἴρηται
3302 5325 3440 5399 πρὸς
3494 5324 3596 5392 τήν
3654 5325 3768 5377 τῶν

2101 5421 2352 5494 ὁρώντων
2415 5418 2718 5492 ὑπόληψιν,
2779 5419 3118 5494 ἄγνοοῦντων
3179 5416 3270 5472 τὸν
3335 5415 3412 5487 μὴ
3473 5411 3772 5489 ὁρώμενον

2100 5510 2232 5570 Θεὸν
2288 5509 2462 5586 Λόγον
2519 5509 2663 5566 τότε.
2713 5511 2919 5583 ’Ὥσπερ
2979 5506 3067 5566 ἐάν
3125 5527 3210 5573 τις
3254 5503 3400 5582 εἴπῃ.
3433 5505 3491 5558 Ὃ
3551 5502 3775 5576 ποιμὴν
