4104 6370
335 432 482 491 1349
1073 427 1630 490 CONFUTATION
1641 426 1734 488 ES
1777 423 2287 494 QUARUMDAM
2335 427 2975 488 PROPOSITIONUM
2989 471 3003 485 .
3597 425 3754 486 1350

325 555 597 634 πρόϐατον
658 559 709 628 ἆξ
763 556 957 633 ἀνδρὸς
1019 552 1461 630 μεταϐέϐληται·
1523 554 1669 614 ἀλλὰ
1741 556 1978 629 καθάπερ

2120 557 2318 612 actum
2350 562 2458 624 est,
2498 581 2517 606 η
2555 564 2756 614 contra
2787 559 3134 628 semetipsos
3168 562 3460 628 torquere.
3505 557 3565 611 Si
3594 557 3752 612 enim

325 644 596 721 πρόϐατον
658 647 709 717 ἐξ
765 646 958 720 ἀνδρὸς
1008 647 1232 716 ἀληθῶς
1293 644 1598 712 ἐνεδύσατο,
1651 645 1713 700 οὐ
1771 643 1981 724 φύσεως

2120 642 2250 700 ιΙίυιΙ
2287 645 2564 712 Verbum,
2600 645 2758 702 aliud
2809 661 2942 700 caro
2978 663 2990 699 :
3026 646 3140 702 duo
3173 651 3332 710 sunt,
3376 661 3491 702 non
3544 660 3752 710 unum,

329 739 528 815 ἀνάγκῃ
581 736 844 808 ακουσίῳ,
895 736 1040 794 ἀλλὰ
1088 735 1457 812 προαιρέσεως
1506 735 1700 808 γνώμῃ
1753 733 1843 790 καὶ
1896 732 1982 788 εὐ-

2120 733 2155 788 ὶὶ
2191 733 2430 790 verbum
2464 743 2516 788 el
2548 751 2680 788 caro
2713 734 2867 788 idem
2896 740 3055 795 sunt,
3079 733 3300 790 corruit
3327 750 3430 788 vox
3459 756 3483 783 ι(
3512 733 3749 788 Factum

332 824 490 897 δοκίᾳ
533 825 720 898 μόνον.

2120 827 2209 876 :st.
2248 842 2276 872 »
2327 827 2527 893 Neque
2575 825 2732 880 enim
2785 822 3042 876 Verbum
3088 822 3308 878 factum
3358 828 3447 877 est
3496 820 3750 876 Verbum

331 918 492 983 Quod
529 933 660 972 vero
694 932 876 972 unum
909 915 1207 987 quoddam
1247 919 1352 979 est,
1384 914 1542 972 aliud
1589 912 1726 983 quid
1784 927 1896 970 non
1927 915 2018 965 est
2049 910 2290 966 factum.
2341 910 2525 982 Igitur
2577 927 2812 966 necesse
2864 915 2956 966 est
3004 916 3066 965 ut
3115 910 3201 966 vel
3233 909 3402 974 illud,
3457 933 3476 958 ι
3514 909 3753 966 Factum

333 1011 444 1074 est,
481 1028 506 1054 υ
543 1004 998 1076 proecribamus,
1032 1003 1119 1058 vel
1152 1008 1301 1059 duas
1331 1017 1461 1060 esse
1485 1006 1728 1058 naturas
1773 1000 2156 1056 afﬁrmemus.
2209 997 2572 1054 Vocabulum
2603 999 2758 1054 enim
2792 1020 2819 1047 «
2869 998 3111 1053 Factum
3164 1002 3274 1065 est,
3303 1017 3330 1048 ιι
3367 997 3579 1052 dicitur
3609 1013 3755 1068 qua-

334 1101 506 1150 tenus
540 1110 737 1150 revera
766 1091 1058 1163 apparuit,
1093 1096 1160 1149 ut
1191 1092 1228 1145 ii
1261 1091 1364 1162 qui
1395 1090 1680 1148 vidissent
1707 1089 1986 1146 certiores
2028 1087 2253 1152 ﬁerent,
2303 1087 2406 1157 qui
2456 1088 2682 1142 scilicet
2730 1093 2857 1141 tum
2913 1085 3198 1157 temporis
3245 1091 3426 1144 Deum
3480 1085 3762 1167 Verbum,

335 1183 492 1255 quod
527 1181 771 1240 minime
800 1181 1127 1248 videbatur,
1160 1180 1519 1252 ignorarent.
1557 1179 1624 1237 Ut
1653 1178 1702 1236 si
1735 1177 1870 1248 quis
1901 1174 2113 1234 dixerit
2146 1193 2158 1230 :
2191 1175 2397 1231 Pastor
2428 1175 2526 1232 ille
2557 1177 2626 1231 de
2654 1176 2774 1234 viro
2807 1176 2866 1231 in
2907 1191 3072 1232 ovem
3110 1179 3374 1231 mutatus
3406 1179 3514 1240 esl,
3550 1190 3760 1244 nempe

335 1277 629 1343 quatenus
659 1286 855 1326 revera
887 1286 1051 1326 ovem
1081 1269 1297 1333 induit.
1339 1285 1454 1325 non
1508 1269 1858 1325 necessitate
1906 1264 2160 1336 quadam
2210 1269 2434 1322 natura;
2490 1265 2903 1329 involuntaria,
2939 1265 3039 1319 sed
3079 1261 3320 1319 consilio
3369 1265 3657 1319 duntaxat
3705 1267 3764 1317 et

341 1363 547 1432 sponte
576 1375 704 1416 sua.

482 1560 623 1636 Πρὸς
650 1561 778 1622 τοὺς
812 1559 1072 1635 λέγοντας
1108 1559 1234 1632 μίαν
1267 1559 1423 1636 φύσιν
1455 1558 1540 1612 ἐπὶ
1577 1561 1829 1633 Χριστοῦ.

411 1671 530 1728 Πῶς
564 1665 653 1720 οὖν
687 1663 939 1740 τολμῶσί
969 1687 1132 1734 τινες,
1171 1665 1306 1736 μετα
1333 1665 1394 1718 τὸ
1428 1661 1712 1739 δειχθῆναι
1750 1659 1844 1715 δύο
1901 1659 1992 1712 τὸν

340 1756 515 1834 Λόγον
547 1755 634 1809 καὶ
665 1755 763 1822 τήν
799 1754 984 1830 σάρκα.
1018 1759 1125 1808 τῶν
1159 1751 1254 1807 δύο
1287 1753 1493 1830 φύσεων
1550 1746 1836 1806 ἐκϐάλλειν
1888 1750 1987 1816 τήν

349 1841 613 1910 σύνοδον;
664 1844 857 1904 πάσαις
939 1842 1243 1918 μαχόμενοι
1311 1848 1430 1902 ταῖς
1492 1839 1664 1916 άγίαις
1741 1841 1996 1914 ι’ραιραῖς,

348 1941 518 1988 πᾶσαν
579 1927 731 2007 ὕϐριν
796 1930 1088 2005 ἐπάγοντες
1144 1934 1214 2004 τῇ
1276 1925 1582 2004 ἀνυϐρίστῳ
1633 1923 1998 2006 φύσει,παντὶ

2900 1469 2986 1524 ιν.

2109 1558 2371 1613 Adversus
2400 1574 2486 1613 eos
2505 1561 2602 1630 qui
2622 1575 2790 1612 unam
2809 1559 2872 1612 in
2904 1558 3118 1612 Christo
3139 1561 3408 1611 naturam
3427 1572 3542 1612 esse
3557 1556 3767 1610 dicunt.

2180 1666 2497 1735 Postquam
2531 1664 2712 1735 igitur
2735 1665 2849 1718 duo
2877 1680 3007 1718 esse
3040 1662 3296 1717 Verbum
3321 1667 3377 1718 et
3408 1679 3643 1718 carnem
3673 1662 3769 1716 de-

2112 1758 2502 1807 monstratum
2537 1758 2643 1818 est,
2680 1753 2821 1825 quid
2854 1757 2943 1806 est
2973 1769 3079 1806 cur
3109 1755 3362 1806 duarum
3397 1748 3769 1820 conjunctio-

2112 1857 2241 1895 nem
2278 1847 2620 1894 naturarum
2653 1839 2892 1910 quidam
2920 1840 3157 1911 rejiccre
3188 1857 3302 1894 non
3337 1837 3648 1894 dubitant?
3669 1836 3770 1908 qui

2113 1931 2329 1984 bellum
2362 1929 2676 2000 Scripturis
2707 1929 2928 1983 sanctis
2983 1929 3264 1993 inferunt,
3318 1934 3589 1983 naturam
3625 1925 3771 1980 nulli

345 2019 673 2100 φθονοῦντές
734 2023 810 2091 τῷ
859 2021 1000 2094 γένει
1058 2023 1165 2074 τῶν
1201 2019 1496 2094 ανθρώπων
1548 2017 1808 2091 περὶτῆς
1868 2013 2004 2068 Θεία⁴

2125 2019 2435 2074 obnoxiam
2485 2019 2710 2088 injuriae
2761 2016 3136 2073 contumeliis
3176 2018 3462 2084 afficiunt,
3513 2016 3770 2072 divinam

347 2098 830 2186 ἔνανθρωπήσεως·
883 2109 1086 2162 ἅπασαν
1146 2106 1477 2183 προφητείαν
1534 2104 1734 2175 ταύτης
1792 2098 2004 2158 ἐκϐάλι

350 2199 560 2266 λουσιν,
595 2199 646 2252 οἳ
678 2197 740 2251 τὸ
771 2195 1000 2254 διπλοῦν
1051 2201 1157 2251 τῶν
1209 2196 1415 2276 φύσεων
1469 2197 1793 2258 ἀθετοῦντες.
1830 2193 2007 2248 Πάντα

346 2287 445 2342 ὅσα
499 2286 881 2362 ταπεινότερον
946 2282 1153 2359 εἶ’ρηται
1210 2289 1279 2358 τῇ
1341 2284 1494 2366 φύσει
1575 2281 1848 2360 δεχόμενα
1904 2289 2003 2352 τῆς

343 2377 560 2450 σαρκὸς,
591 2380 750 2454 τηρεῖ
780 2379 875 2428 τοῦ
919 2374 1100 2448 Λόγου
1149 2375 1246 2442 τὴν
1291 2371 1443 2443 δόξαν
1497 2373 1764 2450 ἀκέραιον·
1799 2371 1999 2442 ταύτης

344 2460 782 2539 ἐκδαλλομένης,
848 2464 1046 2540 ἂνάγκη
1129 2465 1300 2517 πάντα
1377 2459 1697 2537 συνδραμεῖν
1779 2459 1852 2522 εἷς
1913 2461 2002 2516 τὸν

347 2553 548 2630 Λόγον.
611 2560 759 2608 Πᾶσα
815 2557 928 2613 τοῖς
983 2553 1288 2628 ἀνθρώποις
1358 2549 1515 2612 ἐλπὶς
1569 2551 1657 2605 καί
1725 2548 2002 2625 παρρησία

347 2640 437 2697 διὰ
464 2649 563 2713 τῆς
590 2646 688 2696 τοῦ
720 2641 895 2716 Λόγου
926 2641 1060 2717 πρὸς
1089 2641 1187 2709 τὴν
1220 2639 1473 2718 ἀπαρχὴν
1524 2642 1684 2711 ἡμῶν
1735 2639 1998 2699 ἒνώσεως.

352 2733 419 2788 Οἱ
479 2729 537 2785 δὲ
586 2732 676 2785 τὸν
737 2729 908 2806 Λόγον
965 2729 1260 2808 φάσκοντες
1318 2729 1390 2790 εἶς
1459 2727 1624 2804 σάρκα
1687 2729 1998 2808 τετράφθαι,

347 2821 409 2874 τὸ
438 2818 705 2895 καύχημα
752 2823 848 2873 τοῦ
895 2819 1083 2893 γὲνους
1133 2817 1419 2886 ἐκὲνωσαν,
1450 2818 1538 2872 καὶ
1595 2817 1689 2878 τὰς
1741 2815 2000 2892 λαμπράς

346 2912 510 2984 ἡμῶν
568 2905 792 2970 ἐλπίδας
843 2903 1129 2969 ἀϐεϐαίους
1181 2906 1476 2985 ἀπεφηναν.
1527 2905 1642 2962 Ούκ
1685 2905 1760 2962 ἔτι
1811 2904 2003 2978 σεμνύ-

346 3019 493 3053 νεται
554 2993 825 3072 Ἀϐραὰμ,
887 2996 986 3051 ούκ
1042 2993 1118 3050 ἔτι
1179 2994 1470 3071 ἀγάλλεται
1545 2989 1728 3050 Δαϐίδ·
1788 2991 2002 3072 ψευδεῖς

347 3088 403 3141 αἱ
452 3087 589 3162 πρὸς
643 3085 800 3140 αὐτὸν
858 3084 1204 3162 ὑποσχέσεις,
1238 3081 1385 3161 ε”ίπερ
1437 3083 1535 3139 οὐκ
1572 3082 1631 3138 ἐκ
1660 3088 1870 3160 καρποῦ
1899 3089 1999 3153 τῆς

346 3173 563 3236 κοιλίας
623 3173 786 3228 αὐτοῦ
845 3175 906 3228 τὸ
961 3175 1096 3228 κατά
1154 3173 1322 3250 σάρκα
1370 3171 1639 3229 ἀνίσταται
1673 3172 1700 3226 6
1751 3171 1998 3251 Χριστός·

352 3263 477 3320 ἀλλ’
530 3264 557 3318 ὁ
607 3263 736 3323 Θεὸς
793 3261 988 3340 Λόγος,
1048 3261 1207 3324 αὐτὸς
1272 3260 1456 3318 ἑαυτὸν
1518 3262 1688 3338 σάρκα
1743 3264 2000 3333 ποιήσας,

2119 2108 2574 2164 incarnationem
2609 2107 2803 2178 generi
2839 2107 3146 2162 hominum
3185 2107 3455 2162 universo
3487 2107 3770 2166 invident:

2116 2203 2402 2268 respuunt
2431 2214 2664 2252 omnem
2697 2197 2767 2251 de
2818 2195 2919 2250 illa
2966 2197 3183 2250 editam
3233 2197 3622 2269 prophetiam,
3666 2199 3770 2271 qui

2113 2289 2364 2344 duarum
2379 2287 2653 2342 unionem
2671 2285 3772 2361 naturarumdissolvunt.0uaecumque

2116 2377 2396 2433 humilius
2428 2379 2497 2432 de
2530 2378 2758 2432 Christo
2791 2377 3088 2446 dicuntur,
3121 2394 3188 2431 ea
3235 2379 3428 2433 carnis
3478 2378 3772 2451 applicata

2113 2471 2354 2536 naturae,
2389 2466 2608 2521 salvam
2641 2466 2815 2521 Verbi
2865 2465 3110 2537 gloriarm
3166 2472 3514 2521 conservant
3547 2486 3558 2524 :
3591 2485 3768 2523 carne

2112 2555 2362 2624 sublata,
2398 2556 2454 2609 in
2485 2554 2740 2610 Verbum
2770 2555 2969 2608 omnia
2999 2563 3349 2609 concurrant
3385 2572 3619 2612 necesse
3657 2561 3766 2612 est.

2109 2645 2314 2700 Omnis
2347 2643 2685 2698 hominibus
2714 2659 2849 2716 spes
2880 2648 2970 2698 est
2999 2648 3056 2698 et
3090 2643 3303 2698 fiducia
3333 2661 3400 2699 ex
3428 2644 3599 2700 Verbi
3635 2663 3768 2701 cum

2112 2735 2393 2806 primitiis
2427 2735 2644 2790 nostris
2685 2733 2922 2788 unione.
2959 2734 3065 2798 Qui
3090 2750 3222 2789 vero
3262 2733 3517 2790 Verbum
3569 2737 3774 2791 dicunt

2113 2824 2168 2877 in
2204 2841 2434 2878 carnem
2467 2840 2595 2878 esse
2627 2828 2940 2889 mutatum,
2973 2822 3054 2878 illi
3087 2827 3142 2877 et
3161 2823 3567 2896 gloriationem
3597 2842 3773 2897 gene-

2113 2915 2192 2970 ris
2225 2915 2408 2972 nostri
2441 2915 2510 2970 ad
2545 2914 2794 2970 nihilum
2830 2915 3271 2986 redegerunt,et
3300 2917 3635 2987 praeclaram
3662 2934 3769 2972 no-

2113 3011 2295 3059 stram
2329 3020 2492 3077 spem
2532 3002 2914 3058 inﬁrmiorem
2945 3003 3342 3056 reddiderunl.
3365 3004 3488 3060 Non
3515 3005 3772 3076 amplius

2112 3094 2394 3170 gloriatur
2422 3092 2718 3148 Abraham
2756 3110 2767 3146 :
2807 3108 2918 3147 non
2954 3091 3210 3162 amplius
3252 3093 3506 3148 exsultat
3539 3094 3711 3149 David
3753 3110 3765 3146 :

2115 3182 2406 3256 promissa
2434 3182 2506 3238 ad
2533 3181 2700 3235 illurn
2729 3180 2878 3234 facta
2901 3179 3207 3235 mendacia
3235 3185 3425 3248 erunt,
3461 3182 3506 3236 si
3529 3182 3767 3254 quidem

2111 3269 2382 3325 Christus
2413 3268 2738 3324 secundum
2791 3284 3022 3322 carnem
3075 3268 3144 3321 de
3173 3268 3361 3322 fructu
3399 3269 3615 3324 ventris
3647 3271 3776 3342 ejus

351 3354 450 3422 τὴν
484 3349 776 3425 ἐπιδημίαν
824 3351 1137 3430 ἐχαρίσατο.
1170 3356 1295 3414 Πῶς
1345 3349 1435 3406 οὖν
1496 3351 1594 3406 ούκ
1649 3349 2000 3428 αίσχύνονται

426 3440 439 3458 \
477 3447 511 3458 In
659 3446 681 3456 ν
755 3451 772 3458 Α
818 3440 830 3458 ί
1041 3439 1063 3458 N
1186 3445 1203 3453 α
1460 3440 1475 3458 \
1528 3441 1541 3458 ο
1589 3452 1606 3458 -
1674 3441 1684 3458 Ι
1919 3451 1937 3458 ιι

2120 3374 2232 3413 non
2265 3361 2500 3410 exortus
2531 3355 2888 3410 est.Alenim
2920 3355 3074 3410 Deus
3099 3355 3352 3410 Verbum
3387 3351 3771 3426 semetipsum

355 3440 441 3496 καὶ
476 3446 710 3520 Γραιραῖς
751 3440 916 3504 θείαις
967 3439 1355 3514 πολεμοῦντες,
1387 3440 1475 3494 καὶ
1520 3441 1825 3514 ἀνθρώποις
1876 3451 2006 3520 (p00-

353 3534 590 3598 νοῦντες,
622 3529 711 3584 καὶ
760 3530 886 3584 Θεὸν
946 3529 1020 3591 ὡς
1080 3529 1322 3598 παθητὸν
1389 3529 1862 3608 βλασφημοῦντες,
1918 3526 2006 3582 καὶ

353 3616 568 3694 ψευδεῖς
620 3617 786 3672 αὑτοῦ
833 3616 1157 3696 ἐπαγγελίας
1209 3616 1527 3693 μηνύοντες,
1565 3617 1778 3691 μᾶλλον
1838 3614 1894 3671 δὲ
1947 3616 2008 3671 ού

355 3706 571 3782 ψευδεῖς
609 3706 793 3780 μόνον,
829 3705 973 3762 ἀλλὰ
1001 3707 1090 3761 καὶ
1123 3705 1399 3784 ἐπιορκίαν
1429 3712 1525 3762 τοῦ
1565 3705 1829 3783 ἀψευδοῦς
1875 3711 2008 3764 Θεοῦ

354 3796 762 3873 καταχέοντες;
825 3820 851 3847 ‹‹
909 3796 1115 3871 Ὧμοσε
1182 3796 1323 3875 γάρ,
1402 3797 1574 3874 φησὶ,
1653 3796 1848 3874 Κύριος
1928 3797 2008 3868 τῷ

353 3880 522 3941 Δαϐίό
573 3883 852 3955 ἀλήθειαν,
883 3885 973 3940 καὶ
1024 3885 1084 3940 οὗ
1136 3886 1212 3958 μή
1270 3885 1516 3957 άθετήσει
1555 3885 1740 3956 αὐτὴν
1775 3884 1835 3939 ἐκ
1877 3905 2006 3959 καρ-

346 3979 458 4028 ποῦ
488 3980 586 4043 τῆς
616 3971 832 4036 κοιλίας
868 3972 1030 4028 αὐτοῦ
1061 3973 1274 4036 καθίσαι
1307 3971 1393 4028 ἐπὶ
1420 3977 1517 4027 τοῦ
1547 3973 1742 4048 Θρόνου
1766 3973 1951 4028 αὐτοῦ.
1982 3997 2006 4025 η

348 4061 530 4134 Μηδὲν
562 4060 651 4116 οὖν
685 4061 742 4116 ἐκ
782 4069 882 4133 τῆς
929 4062 1112 4124 οὐσίας
1161 4066 1258 4116 τοῦ
1307 4057 1474 4116 Δαϐὶδ
1524 4059 1848 4137 δεδωκότος,
1883 4061 2008 4118 ἀλλ’

350 4151 412 4206 ἐκ
443 4155 540 4205 τοῦ
573 4150 750 4227 Λόγου
777 4151 1268 4225 καινοτομηθείσης
1317 4152 1534 4228 σαρκὸς,
1565 4150 1655 4206 καὶ
1702 4151 1803 4226 μία
1850 4150 2006 4227 φύσις

349 4239 398 4294 ἐν
430 4239 512 4313 τῷ
557 4240 798 4314 Δεσπότῃ
847 4245 1081 4316 Χριστῷ,
1115 4241 1204 4296 καὶ
1261 4238 1342 4296 δεῖ
1389 4242 1602 4302 πάντως
1649 4239 1806 4294 αύτὸν
1867 4245 2004 4294 νοεῖν

346 4332 381 4399 ἣ
418 4329 612 4405 Κύριον
643 4333 741 4383 τοῦ
775 4324 940 4385 Δαϐὶδ
971 4332 1006 4399 ἢ
1035 4330 1168 4385 υἱόν⁸
1202 4330 1267 4384 τὰ
1315 4331 1418 4409 γάρ
1469 4328 1566 4384 δύο
1611 4332 1645 4402 ἡ
1703 4328 1800 4406 μία
1851 4328 2007 4408 φύσις

349 4419 449 4472 ούκ
498 4415 828 4494 ἰπιδεχεται.
864 4417 927 4474 Εἰ
986 4417 1117 4480 Θεὸς
1178 4418 1357 4492 μόνον,
1392 4418 1454 4473 οὐ
1515 4417 1715 4494 κυρίως
1763 4418 1909 4480 Υἱόςο
1946 4416 2008 4471 οὗ

343 4507 446 4583 γὰρ
502 4507 680 4582 ἀρχὴν
708 4511 806 4561 τοῦ
837 4507 968 4562 εἶναι
1002 4506 1053 4578 ἐξ
1085 4508 1250 4563 αὐτοῦ
1286 4504 1575 4583 Λαμϐάνει·
1611 4506 1736 4562 οὐδὲ
1782 4509 2008 4585 γνήσιος

346 4595 483 4664 υἱὸς,
530 4595 557 4648 6
607 4591 778 4668 μηδὲν
835 4592 978 4671 ἔχων
1032 4594 1092 4650 ἐκ
1153 4603 1252 4665 τῆς
1317 4595 1501 4658 οὐσίας
1545 4600 1644 4651 τοῦ
1712 4595 2008 4674 λεγομένου

349 4682 577 4760 πατρός.

2119 3461 2353 3499 carnem
2408 3444 2627 3498 faciens
2696 3459 2800 3497 suo
2851 3459 2956 3496 nos
3009 3442 3255 3496 adventu
3325 3443 3603 3516 dignatus
3663 3447 3771 3498 est.

2119 3532 2419 3600 Quomodo
2453 3531 2630 3602 igilur
2662 3548 2776 3585 non
2811 3530 2986 3601 pudet
3014 3547 3112 3584 eos
3166 3536 3366 3585 contra
3413 3531 3775 3602 Scripturam

2119 3626 2382 3677 sanctam
2409 3619 2626 3674 bellum
2647 3617 3202 3688 fecere,hominibus
3231 3617 3570 3691 invidere,in
3597 3621 3776 3674 Deum

2118 3715 2182 3766 ut
2213 3707 2552 3783 passibilem
2572 3707 3436 3780 blasphemare,promissiones
3458 3709 3586 3777 ejus
3611 3724 3774 3762 men-

2121 3798 2270 3854 dacii
2296 3814 2539 3870 arguere
2572 3813 2584 3850 :
2621 3797 2737 3851 imo
2768 3813 2880 3850 non
2917 3796 3022 3850 hoc
3068 3801 3318 3865 tantum,
3352 3797 3450 3852 sed
3487 3801 3542 3851 et
3589 3796 3775 3851 Deum

2120 3888 2338 3959 ipsum,
2369 3888 2470 3956 qui
2504 3885 2735 3940 mentiri
2769 3885 2974 3952 nescit,
3009 3884 3254 3958 perjurii
3289 3885 3657 3941 accusare?«
3681 3885 3782 3940 Ju-

2119 3977 2268 4032 ravit
2321 3977 2498 4042 cnim,
2553 3975 2760 4048 inquit,
2844 3973 3130 4029 Dominus
3191 3974 3367 4029 David
3450 3974 3777 4044 veritatem,

2119 4069 2319 4120 etnon
2370 4063 2753 4118 frustrahitur
2795 4079 2922 4116 eam
2961 4079 2972 4116 :
3015 4062 3086 4116 de
3134 4062 3328 4116 fructu
3380 4063 3599 4117 ventris
3651 4063 3780 4130 ejus

2119 4167 2424 4210 sessurum
2460 4168 2635 4223 super
2665 4151 2853 4222 ipsius
2886 4150 3092 4204 throno
3124 4150 3186 4204 ⁸⁵.
3222 4172 3248 4200 ››
3302 4154 3442 4205 Cum
3463 4167 3599 4224 ergo
3632 4150 3777 4206 nihil

2121 4242 2276 4298 carni
2313 4241 2383 4296 de
2415 4239 2748 4296 substantia
2779 4256 2886 4294 sua
2905 4239 3084 4293 David
3107 4237 3461 4306 dederit,sed
3478 4255 3546 4295 ex
3564 4238 3777 4310 Verbo,

2121 4347 2268 4386 novo
2301 4330 2557 4402 quodam
2611 4327 2782 4382 modo
2818 4328 2966 4380 facta
2997 4327 3093 4396 sit,
3154 4344 3270 4381 una
3321 4332 3532 4382 natura
3581 4332 3671 4382 est
3722 4329 3778 4382 in

2121 4419 2366 4475 Domino
2398 4417 2646 4484 Christo,
2682 4416 2784 4488 qui
2817 4415 3206 4471 nihilominus
3229 4420 3332 4471 aut
3360 4415 3645 4471 Dominus
3679 4421 3785 4474 aut

2122 4509 2280 4563 ﬁlius
2313 4506 2551 4562 Davidis
2585 4504 3000 4576 intelligendus
3032 4509 3164 4560 est:
3199 4505 3313 4560 duo
3342 4505 3498 4560 enim
3529 4502 3785 4572 illa,una

2120 4598 2442 4669 eademque
2467 4600 2678 4650 natura
2698 4611 2810 4647 non
2843 4593 3192 4648 admittit.Si
3225 4593 3379 4649 Deus
3404 4598 3782 4660 tantum,non

2123 4687 2356 4759 proprie
2391 4684 2574 4740 Filius
2609 4699 2622 4736 :
2658 4683 2872 4756 quippe
2902 4681 2999 4754 qui
3033 4683 3320 4754 originem
3344 4683 3686 4738 substantia
3711 4683 3782 4736 ab

354 4773 484 4848 ipsa
514 4792 631 4831 non
665 4774 849 4830 trahit
884 4793 897 4831 :
933 4792 1038 4832 nec
1061 4792 1194 4832 vero
1252 4792 1571 4848 germanus
1635 4775 1813 4851 ﬁlius,
1875 4777 1975 4854 qui
2036 4776 2261 4832 nullam
2320 4772 2664 4831 substantia
2723 4773 2851 4844 ejus
2911 4772 3007 4843 qui
3068 4777 3232 4844 pater
3287 4773 3501 4827 dicitur
3558 4777 3782 4846 partem

360 4862 556 4920 habet.

1151 4981 1219 5036 V.

349 5085 675 5160 Πρὸς-τοὺς
745 5085 1028 5160 λὲγοντας,
1077 5085 1163 5160 ὅτι
1214 5085 1279 5160 τὸ
1338 5085 1635 5160 ὁμολογεῖν
1696 5084 1854 5160 φύσιν
1911 5086 2009 5154 τὴν

460 5158 651 5232 σάρκα,
698 5154 929 5232 τετράδα
974 5157 1116 5214 ἐστὶν
1144 5158 1257 5214 ἀντὶ
1303 5154 1546 5230 Τρίάδος’
1580 5154 1889 5234 κηρύττειν.

424 5332 599 5390 Πάλιν
655 5337 756 5406 τήν
809 5335 976 5405 αὐτὴν
1042 5337 1366 5412 κακουργίαν
1427 5335 1479 5393 ἐν
1541 5335 1751 5412 ἕτεροις
1805 5335 2013 5412 ῥήμασι

353 5425 504 5500 παρά
545 5428 655 5480 τῶν
708 5424 958 5481 ἐναντίων
1009 5420 1471 5499 προϐαλλομένην
1533 5425 1666 5500 ὁρῶ.
1710 5427 1856 5485 Ἀνω
1912 5425 2014 5500 γὰρ

357 5512 548 5576 ἁπλῶς
575 5512 844 5586 εῒπόντις,
873 5512 971 5572 δύο
1000 5514 1157 5576 Υἱοὺς
1189 5514 1420 5589 εἰσάγειν
1445 5513 1574 5578 τοὺς
1606 5513 1660 5578 ἐν
1709 5515 1781 5572 ἑνὶ
1820 5514 1888 5570 τὰ
1919 5511 2015 5572 δύο

356 5599 632 5673 νοοῦντας,
668 5604 883 5681 μορφὴν
916 5609 1050 5659 Θεοῦ
1089 5603 1180 5658 καὶ
1216 5605 1432 5683 μορφὴν
1466 5601 1693 5676 δούλου,
1726 5603 1893 5659 πάλιν
1933 5603 2012 5658 ἒν-

427 5747 474 5785 ⁸⁸
505 5747 664 5808 Psal.
693 5765 879 5818 cun,
913 5750 1002 5807 11.

2053 4985 2102 5050 D

2121 5070 2396 5128 Aduersus
2423 5084 2516 5125 eo:
2545 5069 2641 5139 qui
2669 5067 2861 5124 dicunt
2914 5083 3146 5122 carnem
3195 5067 3447 5136 conﬁteri
3499 5076 3783 5135 naturam,

2328 5155 2442 5196 esse
2467 5141 2898 5211 quaternitatem
2927 5154 3025 5210 pro
3063 5139 3335 5194 Trinitate
3364 5139 3562 5196 dicere.

2197 5248 2456 5306 Rursum
2487 5246 2692 5304 eadem
2725 5244 3090 5302 adversarios
3143 5244 3519 5316 improbitate
3555 5243 3612 5302 in
3653 5244 3786 5303 aliis

2124 5353 2295 5409 agere
2325 5334 2836 5406 disputationibus
2867 5334 3052 5390 video.
3084 5332 3229 5389 Nam
3263 5350 3398 5388 cum
3433 5350 3612 5404 supra
3641 5333 3785 5390 sim-

2124 5425 2354 5501 pliciter
2383 5422 2692 5489 dixissent,
2727 5424 2827 5494 qui
2860 5423 3008 5478 duas
3039 5422 3098 5478 in
3133 5438 3248 5480 uno
3279 5420 3510 5479 Christo
3542 5421 3784 5492 formas,

2125 5514 2224 5573 Dei
2255 5518 2313 5572 et
2341 5512 2490 5570 servi
2518 5511 2974 5580 considerarent,
3008 5527 3108 5566 eos
3138 5511 3288 5566 duos
3313 5511 3451 5566 Filis
3487 5509 3783 5578 inducere,

2129 5619 2285 5658 nunc
2309 5617 2547 5657 rursum
2595 5601 2744 5655 407
2795 5599 3249 5670 quaternitatem
3290 5597 3423 5655 illos
3463 5598 3780 5672 prmdicare
