4104 6348
402 424 551 484 1351

1591 422 1653 478 S.
1703 416 2231 477 ATHANASIUS.
2265 447 2344 459 —
2375 417 2636 476 DUBIA.

3654 417 3790 477 1352

401 553 860 618 calumniantur,
921 551 1019 622 qui
1082 557 1292 606 natura
1368 567 1602 606 carnem
1681 552 2044 618 assumftam

2159 549 2326 600 ταῦτα
2386 543 2613 620 τετράδα
2671 545 2958 615 κηρύσσειν
3021 549 3413 622 συκοφαντοῦσι
3485 545 3606 606 τοὺς
3655 546 3793 623 φύσει

401 644 663 698 credunt.
698 641 816 696 Hoc
866 657 1034 711 porro
1092 639 1298 694 dicunt
1343 657 1451 694 sua
1503 639 1632 692 l‘reti
1686 640 2053 702 auctoritate,

402 748 515 785 non
546 737 737 784 autem
789 747 858 783 ex
911 729 1165 800 quadam
1214 728 1653 798 consequentia.
1707 727 2052 795 Quanquam

400 836 513 873 non
545 823 664 872 tam
699 818 814 872 illis
848 819 1154 872 nobiscum
1206 833 1295 870 res
1341 822 1450 880 est,
1509 831 1684 886 quam
1717 831 1848 868 cum
1885 830 2053 868 sanc-

355 907 474 961 -tis
525 907 804 961 omnibus
852 907 949 976 qui
1001 909 1202 960 eadem
1252 922 1353 976 per
1396 905 1643 976 spiritus
1693 903 1878 958 sancti
1929 919 2055 973 gra-

400 995 541 1048 tiam
577 995 990 1065 praedicarunt.
1025 997 1068 1047 A
1126 993 1342 1064 quibus
1393 1009 1499 1047 nos
1548 991 1827 1046 illustrati
1860 991 2050 1044 since-

399 1099 522 1137 ram
556 1082 614 1136 in
671 1083 909 1137 nomine
958 1081 1165 1150 Patris,
1218 1087 1275 1135 et
1305 1079 1432 1135 Filii
1467 1085 1522 1136 et
1562 1079 1815 1150 Spiritus
1866 1078 2053 1133 sancti

398 1171 830 1226 contessiouem
879 1169 1217 1233 didicimus,
1249 1175 1305 1223 et
1353 1169 1736 1224 ceconomiam
1783 1168 2051 1222 incarna-

398 1260 574 1314 tionis
624 1260 873 1314 duarum
925 1258 1196 1312 unionem
1255 1262 1597 1312 naturarum
1649 1256 2050 1326 cognovimus.

400 1349 510 1412 Qui
540 1364 674 1402 vero
725 1346 974 1401 humilia
1021 1346 1220 1400 omnia
1270 1347 1382 1418 ipsi
1433 1346 1556 1400 Filii
1606 1345 1808 1399 deitati
1852 1343 2055 1398 volunt

399 1438 602 1501 tribui,
637 1436 848 1490 tollunt
878 1435 1071 1490 carnis
1105 1442 1398 1500 naturam,
1436 1440 1498 1488 ut
1530 1435 1707 1505 hujus
1752 1433 2054 1504 passiones

401 1528 732 1581 necessario
779 1523 1150 1578 ascribantur
1213 1527 1321 1578 Deo
1389 1523 1604 1586 Verbo,
1647 1539 1929 1578 converso
1968 1521 2054 1575 illi

398 1614 636 1685 quidem
669 1614 832 1684 prius
863 1613 922 1666 in
955 1629 1213 1678 carnem,
1248 1612 1347 1667 sed
1380 1629 1447 1667 ea
1497 1629 1624 1684 quae
1673 1611 1866 1666 carnis
1915 1614 2055 1665 sunt

399 1721 636 1759 rursum
673 1702 937 1774 patienti.
991 1705 1181 1773 Atque
1213 1701 1320 1756 hac
1369 1702 1440 1756 de
1489 1719 1668 1756 causa
1715 1701 1936 1756 crimen
1990 1699 2052 1753 {i-

396 1791 628 1847 delibus
658 1791 1011 1862 impingunt,
1059 1807 1186 1860 qua
1225 1790 1336 1846 sibi
1392 1790 1661 1845 videntur
1704 1805 1812 1844 sua
1861 1787 2051 1842 solum

398 1878 744 1933 auctoritate
771 1882 1122 1932 astruentes.
1158 1881 1307 1931 Sane
1339 1876 1385 1930 si
1413 1877 1606 1930 carnis
1636 1875 1900 1930 eamdem
1924 1890 2052 1928 esse
2081 1908 2129 1972 Β

397 1983 573 2038 quam
610 1967 819 2030 Patris,
852 1970 911 2018 et
944 1965 1092 2031 Filii,
1123 1970 1178 2019 et
1208 1965 1466 2036 Spiritus
1532 1964 1719 2019 sancti
1768 1965 2048 2018 substan-

395 2054 538 2109 tiam
571 2053 816 2126 professi
851 2069 1059 2107 sumus
1092 2053 1806 2124 unquam,quaternitatis
1837 2068 2046 2106 nomen

385 2143 522 2212 jure
555 2142 723 2196 nobis
749 2141 1271 2212 objicitur,quippe
1299 2142 1398 2211 qui
1423 2141 1687 2195 eamdem
1717 2141 1773 2194 in
1799 2144 2052 2211 quatuor

393 2230 660 2302 personis
711 2229 1026 2284 essentiam
1074 2229 1546 2298 contemplemur
1577 2245 1591 2283 :
1627 2229 1744 2296 sin,
1769 2228 1922 2298 quod
1959 2242 2048 2280 res

393 2325 481 2376 est
511 2319 766 2373 dicimus
800 2336 811 2372 :
844 2317 1409 2373 consubstantialem
1453 2318 1606 2372 Patri
1655 2335 1783 2372 esse
1836 2317 2045 2371 Filium

393 2406 954 2464 consubstantialem
989 2407 1129 2460 item
1161 2407 1442 2476 Spiritum
1475 2412 1767 2471 sanctum,
1812 2420 2047 2460 carnem

390 2513 521 2552 vero
554 2497 624 2550 ad
648 2495 979 2550 oeconomiae
1012 2494 1661 2566 complementum,non
1700 2494 2046 2550 substantiae

394 2585 845 2648 incrementum,
881 2589 1214 2652 susceptam
1251 2599 1263 2635 :
1300 2599 1418 2652 qua
1450 2582 1531 2635 illi
1581 2585 1806 2636 ratione
1855 2596 2046 2635 acces-

395 2674 623 2727 sionem
667 2673 897 2726 numeri
949 2687 1016 2725 ex
1065 2672 1260 2724 carnis
1311 2677 1520 2725 natura
1571 2671 1874 2734 fabricant,
1903 2669 2048 2724 adeo

397 2761 713 2824 diversam,
772 2775 838 2812 ac
907 2758 956 2811 si
1009 2758 1122 2812 alia
1207 2759 1732 2814 consubstantialis
1802 2772 2049 2826 persona

395 2855 571 2916 esset,
603 2848 1127 2920 superinducentes
1150 2849 1177 2902 ‘I
1209 2865 1396 2919 neque
1443 2847 1499 2902 id
1552 2857 1742 2902 tamen
1775 2864 1948 2902 carne
1989 2849 2048 2902 in

397 2955 460 2993 se
493 2939 620 3008 ipsa
652 2936 1042 3003 considerata,
1085 2936 1186 2990 sed
1233 2937 1290 2990 in
1343 2936 1719 3008 inseparabili
1768 2954 1898 2991 cum
1934 2937 2050 2991 Deo

402 3026 583 3084 Verbo
627 3026 1039 3096 conjunctione
1078 3026 1300 3096 agnita,
1353 3031 1415 3079 ut
1443 3043 1511 3080 ea
1559 3043 1748 3096 neque
1797 3024 2052 3096 amplius

405 3114 670 3170 videatur
700 3119 991 3185 separata,
1026 3130 1216 3184 neque
1265 3120 1328 3168 ut
1373 3113 1892 3169 consubstantialis
1925 3114 2056 3168 reli-

400 3204 533 3274 quis
560 3203 827 3275 personis
861 3203 982 3273 pari
1019 3203 1190 3256 modo
1221 3207 1662 3257 annumeretur.
1707 3203 1915 3257 Noster
1943 3201 2051 3274 igi-

2163 635 2263 702 τήν
2315 636 2482 708 σάρκα
2527 634 2852 713 ἀνειλῆφθαι
2902 634 3278 696 πιστεύοντας.
3307 638 3475 688 Τοῦτο
3524 631 3580 688 δὲ
3619 634 3793 709 λέγου-

2163 742 2216 774 σι
2267 722 2361 794 μὶν
2413 722 2496 777 ἐπ’
2526 721 2788 795 ἐξουσίας,
2841 722 2941 776 οὐκ
2988 719 3047 778 ἔκ
3086 743 3233 784 τινος
3287 720 3627 786 ἀκολουθίας·
3672 743 3795 798 προ-

2164 810 2386 887 φέρουσι
2421 809 2478 865 δὲ
2509 812 2570 866 ού
2599 816 2858 866 τοσοῦτον
2891 813 3053 884 ἡμῖν,
3087 811 3212 866 ὅσον
3262 817 3382 873 τοῖς
3433 810 3600 886 ἁγίοις
3652 818 3793 879 πᾶσι,

2161 904 2278 960 τοῖς
2309 903 2532 954 τοιαῦτα
2563 897 2652 954 διά
2687 907 2789 968 τῆς
2837 907 3213 972 πνευματικῆς
3253 898 3513 974 κηρύξασι
3561 899 3792 974 χάριτος,

2162 989 2289 1060 παρ’
2319 989 2392 1042 ὢν
2425 991 2589 1060 ἡμεῖς
2633 988 3008 1065 φωτισθέντες,
3039 989 3140 1056 τήν
3195 989 3290 1061 μὶν
3340 987 3623 1051 ἀνόθευτον
3673 989 3794 1059 ὁμο-

2165 1074 2356 1149 λογίαν
2391 1075 2441 1131 έν
2476 1077 2703 1149 ὀνόματι
2737 1077 2970 1150 Πατρὸς,
2999 1077 3087 1131 καὶ
3120 1077 3273 1144 Υἱοῦ,
3303 1077 3392 1130 καὶ
3443 1075 3598 1150 ἁγίου
3648 1076 3794 1131 [Ινεύ-

2167 1184 2333 1236 ματος
2359 1163 2754 1241 ἐδιδάχθημεν,
2783 1167 2884 1234 τήν
2918 1163 2976 1220 δὲ
3002 1173 3103 1234 τῆς
3147 1165 3611 1241 ένανθρωπήσεως
3658 1164 3792 1219 οἷκο⁸

2161 1253 2354 1325 νομίαν
2402 1253 2461 1308 ἐκ
2503 1252 2599 1308 δύο
2644 1254 2851 1332 φύσεων
2885 1253 3272 1330 ἐγνωρίσαμεν.
3309 1251 3464 1310 Ἀλλ⁷
3510 1255 3563 1307 οἱ
3615 1251 3794 1328 βουλό·

2167 1363 2322 1415 μενοι
2355 1343 2526 1397 πάντα
2555 1344 2782 1398 ταπεινά
2810 1343 2988 1419 φέρειν
3033 1343 3108 1404 εἷς
3159 1343 3326 1410 αὐτὴν
3377 1347 3476 1396 τοῦ
3524 1343 3650 1396 Υἱοῦ
3695 1342 3795 1395 θεόο

2161 1453 2318 1502 τητα,
2354 1431 2799 1510 παραγράφονται
2857 1439 2956 1501 τῆς
3009 1433 3204 1506 σαρκὸς
3249 1431 3347 1500 τήν
3401 1431 3580 1508 φύσινο
3616 1429 3704 1484 *ίνα
3745 1430 3802 1484 τὰ

2163 1522 2305 1589 πάθη
2350 1520 2550 1591 ταύτης
2604 1521 2653 1593 ἐξ
2703 1520 2943 1595 ἀνάγκης
2994 1519 3264 1597 ἐπιγραφῇ
3327 1525 3408 1590 τῷ
3471 1525 3587 1593 Θεῷ
3635 1519 3801 1595 Λόγῳ,

2161 1608 2417 1684 τραπέντι
2470 1611 2564 1682 μὲν
2608 1609 2873 1685 πρότερον
2922 1609 2998 1672 εἷς
3051 1609 3242 1685 σάρκα,
3285 1609 3514 1672 παθόντι
3565 1607 3620 1663 δὲ
3670 1607 3804 1672 αὖθις

2161 1699 2227 1752 τά
2253 1705 2368 1767 τῆς³
2405 1697 2622 1774 σαρκός.
2657 1697 2756 1752 Καὶ
2802 1697 3000 1753 τούτου
3049 1699 3212 1773 χάριν
3259 1695 3517 1774 ἔγκλημα
3561 1703 3674 1759 τοῖς
3723 1718 3802 1750 m-

2163 1792 2309 1849 στοῖς
2354 1787 2697 1855 έπισείουσιν,
2749 1787 2995 1859 αὐθεντίᾳ
3046 1787 3182 1862 μόνῃ
3228 1789 3296 1841 τά
3343 1785 3609 1841 δοκοῦντα
3654 1807 3800 1840 κατα-

2162 1874 2527 1942 σκευάζοντες.
2562 1874 2624 1928 Εἰ
2659 1875 2752 1946 μὶν
2784 1874 2884 1950 γὰρ
2918 1873 3180 1948 ἐλέγομεν
3212 1878 3310 1943 τῆς
3346 1873 3534 1936 οὐσίας
3565 1871 3658 1929 τοῦ
3705 1880 3799 1929 Ha-

2157 1963 2306 2037 τρὸς,
2337 1963 2427 2016 καὶ
2476 1967 2571 2016 τοῦ
2623 1964 2770 2034 ὶ“ἰοὖ,
2811 1963 2900 2016 καὶ
2945 1967 3042 2017 τοῦ
3096 1962 3254 2037 ἁγίου
3305 1963 3621 2036 Πνεύματος
3681 1963 3802 2016 εἶναι

2156 2053 2256 2120 τήν
2307 2053 2498 2126 σάρκα,
2531 2050 2715 2113 καλῶς
2762 2049 2992 2128 τετράδα
3033 2051 3344 2124 ὠνόμαζον,
3379 2052 3457 2114 ὡς
3505 2059 3604 2120 τῆς
3652 2050 3804 2119 αὐτῆς

2159 2139 2341 2202 οὐσίας
2401 2140 2451 2196 ἐν
2507 2141 2724 2215 τέταρσι
2793 2139 3112 2215 προσώποις
3183 2142 3592 2215 θεωρουμένης
3654 2139 3701 2194 εἴ
3754 2137 3806 2192 δὲ

2159 2226 2416 2302 λέγομεν,
2468 2229 2600 2301 ὅπερ
2649 2227 2812 2297 ἐστὶν,
2861 2228 3152 2301 ὁμοούσιον
3210 2229 3302 2301 μὶν
3367 2234 3448 2301 τῷ
3511 2228 3677 2301 Πατρὶ
3723 2228 3807 2281 τὸν

2157 2317 2304 2389 nev,
2356 2317 2650 2388 ὁμοούσιον
2702 2315 2759 2370 δὲ
2805 2317 2868 2371 τὸ
2919 2322 3138 2388 Πνεῦμα
3195 2317 3257 2371 τὸ
3308 2320 3484 2393 ἅγιον
3538 2315 3806 2394 εἰληφέναι

2159 2405 2216 2459 δὲ
2270 2407 2368 2474 τὴν
2426 2407 2594 2479 σάρκα
2653 2405 2728 2465 εἰς
2785 2403 3132 2477 ἐκπλήρωσιν
3195 2404 3544 2478 οἰκονομίας,
3585 2404 3682 2460 οὐκ
3736 2403 3806 2465 εἰς

2160 2491 2377 2566 αὔξησιν
2427 2493 2647 2554 οὐσίας·
2691 2498 2807 2554 πῶς
2865 2492 3098 2568 ἀριθμοῦ
3174 2497 3498 2569 προσθήκην
3573 2493 3808 2568 ἐργάζον-

2157 2603 2264 2654 ται,
2297 2589 2397 2651 τῆς
2430 2583 2625 2657 σαρκὸς
2657 2583 2756 2650 τὴν
2791 2582 2945 2659 φύσιν
2999 2588 3262 2637 τοσοῦτον
3315 2581 3804 2658 παρηλλαγμένην,

2159 2671 2232 2732 ὡς
2289 2667 2470 2745 ἕτερον
2530 2670 2822 2744 πρόσωπον
2902 2671 3271 2746 ἐπεισάγοντες
3329 2671 3668 2742 ὁμοούσιον;
3725 2669 3806 2723 καὶ

2155 2765 2318 2814 τοῦτο
2377 2759 2437 2814 οὐ
2485 2761 2602 2814 καθ’
2651 2760 2847 2828 ἑαυτὴν
2895 2759 3061 2828 αὐτῆς
3119 2758 3537 2835 θεωρουμένης,
3586 2757 3709 2812 ἀλλ’
3758 2757 3804 2812 ἐν

2159 2848 2456 2923 ἀχωρίστῳ
2505 2848 2759 2924 συναφείᾳ
2807 2849 2944 2917 πρὸς
2991 2847 3084 2902 τὸν
3142 2847 3270 2902 Θεὸν
3321 2847 3506 2922 Λόγον
3552 2852 3803 2922 γνωριζο-

2164 2937 2350 3010 μένης’
2413 2934 2551 2990 ὥστε
2611 2935 2806 3009 μηκέτι
2858 2935 3275 3011 κεχωρισμένην
3338 2935 3506 3004 αὐτὴν
3571 2937 3805 3012 ὁρᾶσθαι,

2165 3027 2303 3097 μήτε
2360 3024 2434 3085 ὡς
2495 3024 2786 3096 ὁμοούσιον
2835 3029 2914 3096 τῷ
2975 3023 3072 3096 ἴσῳ
3118 3023 3312 3098 τρόπῳ
3346 3028 3802 3100 συναριθμεῖσθαι·

2160 3115 2217 3166 Ὁ
2268 3113 2361 3186 μὲν
2425 3113 2515 3166 οὖν
2570 3113 2838 3186 ἡμέτερος
2895 3113 3058 3187 λόγος
3107 3113 3195 3166 καὶ
3251 3114 3349 3180 τήν
3411 3111 3809 3188 ένανθρώπησιν

2165 3200 2454 3276 ὁμολογεῖ,
2491 3200 2579 3256 καὶ
2635 3199 2886 3277 τετράδα,
2920 3200 3100 3264 καθώς
3160 3222 3345 3278 φησιν,
3393 3200 3457 3255 οὐ
3515 3205 3682 3268 ποιεῖ,
3727 3198 3808 3252 καὶ

399 3299 498 3346 tur
525 3274 719 3346 sermo
742 3291 1204 3345 incarnationem
1241 3291 2048 3362 proﬁtetur,quaternitatem,

2164 3289 2420 3367 φυλάττει
2467 3294 2546 3362 τῷ
2585 3289 2749 3364 Λόγῳ
2778 3290 2840 3343 τὸ
2873 3289 3096 3357 ἀπάθῖες,
3126 3290 3216 3343 καὶ
3261 3290 3399 3364 πρὸς
3444 3290 3621 3350 πάσας
3679 3309 3807 3358 συμ-

399 3391 460 3435 ut
491 3380 628 3447 dixi,
675 3398 789 3434 non
840 3379 1089 3446 inducit,
1140 3384 1196 3433 et
1245 3379 1415 3434 Verbi
1461 3383 1659 3434 tuetur
1707 3378 2046 3450 impassibi-

393 3468 638 3534 litatem,
671 3473 727 3522 et
756 3467 1072 3538 Scripturis
1105 3467 1360 3522 universi
1409 3468 1716 3522 consentit.
1766 3469 2047 3523 Adversa~

395 3557 618 3612 riorum
643 3573 781 3610 vero
815 3557 1081 3610 doctrina
1110 3561 1166 3610 et
1196 3556 1368 3610 fidem
1403 3573 1636 3610 omnem
1691 3555 1765 3610 iis
1814 3572 1942 3627 quas
1975 3555 2048 3610 ab

393 3645 558 3700 initio
590 3645 810 3716 scripta
842 3651 981 3700 sunt
1014 3651 1208 3717 negat,
1238 3650 1296 3699 et
1335 3645 1530 3699 carnis
1578 3646 2045 3716 assumptionem

394 3733 631 3804 rejicit;
690 3733 943 3803 denique
993 3738 1095 3787 aut
1144 3734 1385 3787 verbum
1443 3735 1620 3787 Deum
1667 3739 1960 3788 mutatum
1991 3737 2049 3786 et

394 3838 663 3892 passum,
695 3826 797 3876 aut
827 3822 957 3876 ticte
979 3827 1144 3894 gesta
1178 3822 1359 3876 fuisse
1390 3822 1588 3876 omnia
1608 3821 1833 3892 liquido
1855 3821 2046 3876 decla-

394 3916 500 3964 rat.
537 3911 657 3975 Quo
691 3910 739 3964 si
773 3909 900 3964 ideo
932 3926 1168 3965 carnem
1203 3910 1530 3964 necessario
1583 3910 1753 3966 nobis
1803 3911 1860 3964 in
1895 3927 2045 3982 qua-

391 3997 686 4052 ternitatis
719 4013 1030 4052 numerum
1063 3997 1290 4052 ducunt
1320 3999 1743 4062 asciscendam,
1766 3999 1922 4068 quod
1947 4015 2048 4070 per

393 4086 796 4141 mediatricem
832 4086 1213 4158 purissimam
1249 4102 1482 4141 carnem
1519 4088 1703 4142 multa
1734 4104 1839 4142 nos
1870 4089 2044 4143 bene-

393 4175 524 4230 ficia
555 4176 894 4247 accepimus
925 4180 981 4229 et
1012 4180 1354 4244 accepturos
1387 4176 1662 4248 deinceps
1695 4191 2040 4247 speramus:

393 4269 574 4319 restat
606 4269 670 4318 ut
696 4270 895 4335 togam
943 4263 1130 4330 illam,
1184 4266 1354 4334 cujus
1401 4281 1564 4320 oram
1616 4266 1716 4321 ubi
1766 4283 1899 4321 cum
1934 4265 2047 4319 ﬁde

389 4353 679 4425 tetigisset
709 4353 809 4408 illa
844 4354 1058 4409 fontem
1110 4355 1398 4425 sangunis
1447 4356 1868 4411 circumferens
1911 4373 2046 4410 mu-

390 4441 515 4509 lier,
551 4443 861 4498 sanitatem
897 4443 1088 4498 furata
1117 4449 1228 4512 est,
1261 4444 1317 4496 in
1353 4450 1808 4499 memoratorum
1835 4461 2044 4500 nume-

397 4547 526 4584 rum
563 4531 933 4594 ascribere,et
969 4532 1242 4602 quintum
1278 4531 1514 4603 aliquod
1543 4534 1600 4586 in
1636 4534 2046 4603 praedicatione

2160 3384 2325 3457 φωνεῖ
2369 3377 2466 3440 τὰς
2517 3376 2669 3453 ἁγίας
2723 3379 2961 3455 Γραφάςο
3006 3379 3040 3446 ἡ
3084 3375 3142 3432 δὲ
3185 3382 3294 3431 τῶν
3344 3376 3600 3431 ἐναντίων
3647 3396 3807 3447 νομο·

2159 3467 2307 3522 θισία
2354 3467 2443 3521 καὶ
2491 3471 2608 3528 τοῖς
2655 3468 3057 3542 γεγραμμένοις
3105 3467 3197 3520 ἀπ’
3231 3467 3411 3542 ἀρχῆς
3463 3467 3693 3531 ἀπειθεῖ,
3725 3463 3808 3517 καὶ

2155 3562 2255 3624 τῆς
2288 3555 2482 3630 σαρκὸς
2521 3555 2620 3622 τήν
2649 3553 2920 3628 ἀνάληψιν
2961 3555 3159 3626 ἀθετεῖ,
3191 3555 3282 3608 καὶ
3312 3555 3402 3609 τὸν
3456 3555 3587 3610 Θεὸν
3641 3553 3803 3627 Λόγον

2154 3643 2446 3721 τετράφθαι
2503 3644 2594 3696 καὶ
2654 3643 2972 3707 πεπονθέναι
3029 3641 3217 3713 δηλοῖ,
3251 3645 3285 3712 ἢ
3333 3644 3472 3697 κατὰ
3521 3644 3802 3720 φαντασίαν

2156 3733 2329 3786 πάντα
2357 3729 2745 3807 ἐπιδεδεῖχθαι.
2781 3733 2842 3788 Εἰ
2889 3730 2949 3787 δὲ
2993 3730 3083 3786 διὰ
3128 3730 3345 3792 πολλὰς
3389 3734 3540 3804 ἡμᾶς
3593 3731 3802 3805 εὐεργε-

2158 3820 2271 3883 σίας
2305 3819 2394 3876 διά
2433 3827 2533 3890 τῆς
2582 3820 2969 3894 μεσιτευούσης
3021 3821 3297 3897 ἀχράντου
3348 3821 3544 3894 σαρκὸς
3587 3816 3800 3896 εἰληφέ-

2155 3931 2240 3964 ναι
2288 3931 2346 3965 τε
2393 3909 2482 3964 καὶ
2532 3908 2800 3983 λήψεσθαι
2849 3909 3084 3980 ἐλπίξειν
3117 3911 3503 3984 ἀναγκάζουσιν
3537 3911 3682 3981 ἡμᾶς
3732 3906 3802 3966 εἷς

2157 3999 2388 4075 ἀριθμὸν
2447 3996 2704 4073 τετράδος
2782 3994 3231 4075 παραλαμϐάνειν
3289 3999 3390 4066 τήν
3449 3999 3637 4073 σάρκα·
3695 3995 3802 4070 ὥρα

2157 4087 2340 4149 αὐτοῖς
2373 4087 2461 4142 καὶ
2489 4088 2552 4142 τὸ
2582 4087 2800 4160 ἱμάτιόν
2832 4109 2939 4143 που
2989 4092 3085 4142 τοῦ
3134 4085 3464 4163 κρασπέδου,
3497 4088 3560 4141 οὗ
3604 4084 3800 4143 πιστῶς

2156 4177 2406 4251 ἆψπμὲνη
2457 4178 2492 4246 ἡ
2541 4177 2677 4252 γυνὴ
2711 4179 2744 4246 ἡ
2795 4178 2893 4245 τήν
2936 4180 3033 4231 τοῦ
3082 4174 3313 4248 α’ίματος
3361 4178 3550 4250 πηγὴν
3599 4173 3804 4248 περιφέ-

2445 4266 2459 4284 \
2563 4262 2586 4284 ν
2765 4263 2788 4284 Ἰ
3101 4264 3114 4284 ν
3403 4264 3413 4280 Ι
3741 4264 3761 4273 "

2157 4285 2344 4340 ρουσα,
2399 4287 2498 4334 την
2565 4287 2704 4320 ιασιν
2763 4265 3011 4338 εκλεψεν,
3073 4285 3148 4326 εις
3227 4275 3622 4339 συναριθμησιν
3700 4282 3799 4315 των

2161 4355 2657 4427 μνημονευομένων
2725 4349 3043 4426 λαμϐάνειν,
3090 4353 3179 4408 καί
3242 4375 3294 4408 τι
3343 4352 3593 4425 πέμπτον
3637 4351 3688 4406 ἐν
3732 4351 3804 4418 τῷ

2156 4443 2468 4520 κηρύγματι
2517 4449 2616 4512 τῆς
2668 4440 2988 4518 ὂοξολογίας
3036 4443 3098 4497 τὸ
3154 4444 3372 4516 ἱμάτιον
3437 4439 3798 4518 ’παρεισάγειν⁶

2158 4530 2267 4606 οὐχ
2322 4532 2396 4593 ὡς
2453 4534 2681 4604 τιμηθέν
2731 4537 2812 4605 τῷ
2868 4533 3014 4605 αύτῷ
3059 4540 3159 4601 τῆς
3209 4532 3446 4594 ὲνώσεως
3476 4532 3652 4603 τόπῳ,
3684 4526 3801 4584 ἀλλ’

391 4619 649 4692 gloriosa
677 4618 778 4672 illa
808 4624 1005 4689 togam
1031 4621 1306 4675 inducere
1342 4639 1354 4675 :
1392 4637 1505 4676 non
1539 4621 1703 4676 illam
1722 4622 1958 4692 quidem
1984 4627 2048 4676 ut

2159 4619 2230 4681 ὡς
2289 4620 2644 4695 παραληφθὶν
2703 4621 2779 4683 εἷς
2841 4621 3281 4696 θαυματουργίαν
3340 4619 3667 4697 παράδοξον.
3698 4619 3800 4673 Τοῦ

392 4707 516 4778 pari
551 4723 686 4761 cum
723 4708 900 4762 unitis
932 4708 1161 4763 naturis
1195 4709 1367 4764 modo
1421 4710 1786 4775 honoratam,
1838 4711 1936 4764 sed
1988 4715 2050 4764 ut

391 4795 463 4850 ad
497 4795 772 4865 stupendi
823 4797 1221 4867 Operationem
1277 4797 1546 4852 miraculi
1591 4797 1860 4852 ascitam.
1903 4800 2044 4853 Cum

390 4883 571 4956 igitur
599 4890 824 4939 tantam
857 4904 890 4940 a
923 4887 1240 4956 purissima
1291 4903 1463 4941 carne
1506 4887 1754 4958 gratiam
1803 4888 2050 4958 accipiat

389 4979 546 5045 toga,
576 4973 925 5045 mulierique
962 4976 1394 5043 impertiat,nec
1426 4981 1620 5030 tamen
1655 4973 1920 5045 gloriosae
1953 4991 2046 5031 ce-

388 5060 730 5116 lebrationis
763 5078 1077 5116 numerum
1130 5069 1358 5133 augeat,
1397 5080 1501 5118 nos
1549 5079 1778 5134 quoque
1810 5080 2044 5119 carnem

387 5149 548 5206 illam
600 5151 856 5206 divinam
906 5151 1296 5222 omnipotenti
1357 5152 1536 5206 Verbo
1580 5152 2049 5223 inseparabiliter

389 5239 612 5295 unitam
649 5241 1025 5306 honorantes,
1060 5240 1310 5295 salutem
1348 5240 1583 5310 quidem
1618 5256 1722 5295 nos
1753 5255 1856 5312 per
1887 5240 2046 5295 illam

385 5329 664 5399 consequi
698 5328 1060 5397 proﬁtemur,
1098 5329 1198 5382 sed
1231 5328 1536 5383 Trinitatis
1580 5345 1891 5383 numerum
1927 5327 2046 5384 sal-

384 5433 522 5470 vum
557 5417 900 5483 retinemus,
934 5433 1067 5472 cum
1105 5433 1286 5471 unum
1341 5417 1417 5472 sit
1468 5433 1602 5472 caro
1649 5434 1784 5472 cum
1834 5417 2045 5485 Verbo,

389 5509 514 5558 tum
539 5511 774 5575 propter
816 5506 1264 5576 inseparabilem
1303 5508 1602 5574 unionem,
1635 5512 1762 5560 tum
1812 5514 2048 5578 propter

463 5717 574 5788 (22)
605 5717 753 5771 Edit.
779 5720 1028 5786 Comm.,
1063 5718 1456 5794 ιφαρμόοντας.

1109 5970 1150 5998 Α

2155 4708 2334 4762 τοίνυν
2388 4708 2610 4781 ἱματίου
2664 4709 2932 4780 τοσαύτην
2992 4709 3051 4764 ἐκ
3105 4717 3206 4779 τῆς
3267 4709 3544 4785 ἀχράντου
3616 4704 3801 4777 σαρκὸς

2159 4792 2425 4860 λαϐόντος
2457 4798 2644 4874 χάριν,
2673 4798 2763 4853 καὶ
2799 4796 3126 4872 μεταδόντος
3158 4803 3227 4873 τῇ
3277 4799 3518 4873 γυναικὶ,
3549 4797 3636 4852 καὶ
3671 4789 3800 4868 μηδὲ

2156 4887 2473 4961 προσθήκην
2504 4890 2602 4940 τοῦ
2653 4887 2891 4962 ἀριθμοῦ
2950 4887 3038 4942 ἐπὶ
3087 4884 3402 4963 δοξολογίας
3459 4889 3796 4956 ποιήσαντος⁹

2158 4974 2303 5028 οζὶτω
2333 4974 2425 5029 καὶ
2480 4976 2580 5043 τήν
2631 4973 2809 5030 ἔνθεον
2863 4977 3034 5052 σάρκα
3077 4977 3177 5044 τὴν
3226 4971 3629 5046 ἀναποϐλήτως
3661 4974 3791 5042 ἡνω-

2160 5063 2326 5136 μένην
2375 5068 2455 5136 τῷ
2493 5061 2886 5138 παντοδυνάμῳ
2934 5065 3095 5140 Λόγῳ
3158 5069 3450 5138 τιμῶντες,
3499 5066 3666 5140 εὑρεῖν
3707 5057 3787 5130 μὶν

2157 5150 2223 5206 δι’
2256 5151 2424 5221 αὐτῆς
2485 5151 2870 5229 ὁμολογοῦμεν
2921 5155 3019 5221 τὴν
3071 5154 3367 5229 σωτηρίαν,
3420 5159 3682 5229 τηροῦμεν
3735 5141 3785 5196 δὲ

2154 5241 2244 5296 καὶ
2293 5241 2382 5296 τὸν
2423 5241 2653 5318 ἀριθμὸν
2702 5249 2802 5311 τῆς
2847 5239 3616 5318 Τριαδοςάπαρεγχείρητον,
3647 5238 3711 5297 ὡς
3735 5231 3784 5286 ἓν

2157 5330 2318 5384 οὖσαν
2352 5330 2464 5402 ἅμα
2491 5334 2571 5402 τῷ
2607 5330 2762 5406 Λόγῳ
2798 5329 2936 5384 κατὰ
2962 5331 3024 5385 τὸ
3055 5329 3366 5405 ἀχώριστον
3392 5337 3492 5399 τῆς
3541 5328 3794 5388 ἐνώσεως,

2155 5417 2245 5472 καὶ
2304 5415 2605 5493 ἀδιαίρετον
2679 5425 2779 5488 τῆς
2833 5421 3275 5493 προσκυνήσεως.
3332 5417 3489 5475 Ἀλλ’
3545 5416 3641 5472 ὅσα
3707 5409 3792 5484 μὶν

2155 5505 2532 5584 ἐφαρμόζοντα
2561 5509 2674 5579 (22)
2719 5510 2790 5580 τῇ
2832 5507 2947 5576 θείᾳ
2994 5506 3149 5584 φύσει
3197 5507 3460 5584 φάσκουσι
3509 5501 3794 5579 γεγονέναι,
