4104 6354
396 374 425 432 1
437 373 552 435 355

1563 373 1630 432 S.
1676 367 2199 433 ATHANASIUS.
2229 399 2307 413 --
2337 368 2648 431 SPUBIA.

3644 374 3785 439 i356

399 502 820 577 despiciamus,
863 521 930 561 ac
960 509 1167 560 contra
1197 504 1399 559 isthmc
1433 507 1597 559 tanta
1626 506 1684 558 et
1711 499 2051 573 bujusmodi

2170 494 2629 575 ἀποδεδειγμένην
2678 500 2756 572 μὴ
2810 498 2946 555 κατά
2991 499 3146 577 φύσιν
3179 498 3492 576 ὁμολογεῖν·
3524 502 3785 578 ἀνθρωπύ-

401 594 811 666 procedamus,
843 593 1054 668 hisque
1086 595 1551 650 demonstratam
1574 589 1932 648 testimoniis
1952 588 2060 643 bu-

403 682 747 738 manitatem
803 702 919 740 non
969 685 1297 739 secundum
1332 688 1599 738 naturam
1632 680 2056 747 conﬁteamur;

404 771 836 828 humanitatem
884 789 1018 828 vero
1070 790 1183 827 non
1228 772 1470 827 nudam.
1520 771 1601 825 Ad
1635 769 1757 823 hmo
1789 771 1969 824 restat
1995 770 2060 822 ut

407 859 793 932 apostolicam
826 878 1196 933 Opponamus
1226 878 1421 917 vocem
1459 878 1471 916 :
1507 859 1796 931 «Oportet
1824 856 2059 913 obedire

406 948 523 1005 Deo
555 950 746 1022 magis
779 967 953 1023 quam
979 950 1319 1007 hominibus
1341 950 1402 1004 ⁶¹.
1432 949 1625 1004 «Cum
1654 948 1834 1020 igitur
1854 945 2059 1000 huma-

407 1040 563 1095 nitas
594 1038 889 1095 divinitati
918 1039 1289 1095 ineﬂ‘ahiliter
1312 1044 1369 1095 et
1400 1035 1867 1111 inseparabiliter
1895 1034 2059 1089 unita

408 1129 506 1194 sit,
530 1128 615 1184 ita
645 1129 907 1200 quidem,
928 1134 991 1183 ut
1020 1129 1173 1184 idem
1207 1135 1265 1184 et
1286 1129 1479 1183 infans
1508 1127 1793 1194 videatur,
1818 1130 1874 1179 et
1902 1124 2059 1179 Deus

407 1223 779 1290 agnoscatur,
809 1242 837 1268 ‹‹
882 1218 1048 1288 Puer,
1083 1240 1111 1268 »
1144 1218 1339 1290 inquit
1367 1216 1671 1291 propheta,
1704 1238 1732 1264 ‹‹
1769 1219 1943 1270 natus
1972 1216 2061 1267 est

408 1307 596 1373 nobis,
633 1311 689 1361 et
718 1306 900 1362 Filius
930 1308 1105 1362 datus
1135 1312 1224 1363 est
1256 1307 1445 1376 nobis,
1481 1312 1536 1362 et
1576 1311 1817 1361 vocatur
1845 1318 2058 1358 nomen

405 1397 552 1466 ejus,
585 1396 781 1469 magni
815 1396 1041 1452 consilii
1074 1397 1331 1469 Angelus
1362 1394 1751 1461 admirabilis,
1785 1392 2058 1448 consilia-

407 1484 553 1549 rius,
588 1489 740 1540 Deus
773 1485 939 1563 fortis
964 1486 1030 1538 ⁸³.
1059 1509 1086 1535 ››
1120 1486 1339 1542 Fasciis
1370 1482 1877 1541 circumscribitur
1909 1499 1922 1536 :
1957 1480 2059 1535 sed

406 1570 584 1628 nullis
601 1573 1395 1647 circumscriptumterminis
1417 1572 1725 1645 imperium
1751 1570 1810 1627 in
1829 1573 2056 1626 creatu-

406 1678 502 1716 ras
534 1664 838 1718 universas
868 1669 1113 1719 exercet.
1150 1665 1209 1719 In
1260 1679 1518 1736 praasepe
1568 1662 1910 1736 ponebatur,
1958 1658 2057 1713 sed

407 1750 751 1823 angelorum
775 1751 1105 1808 celebratus
1122 1752 1341 1827 hymno
1357 1751 1826 1826 gloriﬁcabatur:
1845 1748 2059 1803 famem

407 1844 464 1894 et
495 1840 654 1895 sitim
686 1840 973 1910 toleravit,
1006 1843 1105 1897 sed
1141 1858 1209 1896 ex
1256 1842 1518 1913 quinque
1564 1839 1813 1912 panibus
1844 1836 2063 1908 aliquot

2164 607 2302 657 τητα
2352 584 2410 641 δὶ
2457 586 2519 641 ού
2562 587 2750 661 ψιλήν.
2809 589 2951 664 Πρὸς
2999 593 3167 646 ταῦτα
3213 590 3397 666 καιρὸς
3444 589 3783 661 ἀποπολικήν

2168 676 2459 740 ἀντιθεῖναι
2516 678 2724 754 φωνήν·
2785 702 2813 729 ‹‹
2875 677 3199 754 ΙΙειθάρχεῖν
3260 676 3343 735 δεῖ
3384 680 3498 750 Θεῷ
3531 679 3784 752 μᾶλλονῆ

2168 765 2498 840 ἀνθρώποις.
2554 792 2573 817 ι
2633 765 2786 823 Οὕτω
2836 764 2883 822 δ’
2931 763 3352 842 άνθρωπότητος
3393 768 3635 844 ἀρρήτως
3662 772 3789 838 ἡνωο

2170 852 2337 926 μένης
2365 853 2455 911 καὶ
2486 854 2809 930 ἀχωρίστως
2841 856 3080 927 θεότητι,
3129 856 3203 920 ὡς
3250 858 3341 913 τὸν
3391 857 3546 914 αὐτὸν
3606 858 3785 935 βρέφος

2164 942 2255 995 καὶ
2285 939 2498 997 παιδίον
2537 942 2854 1020 βλέπεσθαι,
2884 945 2974 1002 καὶ
3006 946 3133 1001 Θεὸν
3175 947 3543 1023 γινώσκεσθαι.
3596 972 3620 998 (ι
3670 954 3786 1002 Hm.

2168 1029 2281 1085 δίον
2317 1030 2575 1107 ἐγεννήθη
2608 1035 2767 1106 ἡμῖν,
2804 1057 2833 1088 ››
2865 1036 3028 1110 φησὶν
3064 1035 3092 1089 6
3135 1036 3450 1112 προφήτης,
3482 1060 3508 1086 ί(
3554 1036 3668 1101 Υἱὸς
3709 1037 3788 1091 καὶ

2167 1114 2352 1191 ἐδόθη,
2401 1120 2489 1176 καὶ
2534 1121 2779 1179 καλεῖται
2827 1124 2891 1178 τὸ
2921 1118 3099 1199 ὄνομα
3131 1122 3293 1180 αύτοῦ
3329 1122 3571 1199 μεγάλης
3604 1124 3788 1199 βουλῆς

2167 1208 2464 1285 ”Αγγελος,
2497 1212 2825 1283 θαυμαστὸς,
2849 1208 3190 1286 σύμϐουλος,
3220 1212 3350 1275 Θεὸς
3384 1212 3626 1288 ἰσχυρός.
3660 1238 3686 1264 ι)
3713 1213 3786 1271 Ἐν

2169 1297 2495 1374 σπαργάνοις
2550 1300 2956 1381 περιγράφεται·
3008 1299 3154 1358 ἀλλά
3201 1301 3345 1377 πάσῃ
3392 1305 3460 1375 τῇ
3500 1301 3666 1363 κτίσει
3705 1304 3785 1373 τὴν

2170 1383 2479 1443 δεσποτείαν
2529 1388 2895 1468 ἀπερίγραφον
2945 1387 3329 1448 ἐπιδείκνυται.
3384 1392 3470 1445 Ἐν
3513 1390 3674 1469 φάτνῃ
3700 1390 3793 1446 ἐτίο

2170 1487 2313 1544 θετο,
2346 1475 2491 1533 ἀλλὰ
2520 1478 2647 1553 παρ’
2678 1477 2923 1555 ἀγγέλων
2967 1478 3304 1553 ὑμνούμενος
3355 1477 3649 1551 ἐδοξάζετο·
3692 1484 3798 1534 πεῖ-

2167 1586 2260 1619 ναν
2279 1565 2368 1619 καὶ
2399 1562 2557 1643 δίψαν
2588 1565 2890 1641 ὑπέμεινεν,
2926 1564 3052 1637 ἀλλ’
3078 1566 3138 1625 ἐκ
3165 1566 3323 1624 πέντε
3352 1563 3527 1644 ἄρτων
3565 1564 3798 1643 χιλιάδας

2169 1651 2451 1731 ἐχόρτασε,
2504 1654 2595 1711 καὶ
2643 1655 2946 1732 περισσείαν
3005 1655 3339 1731 κλασμάτων
3398 1653 3622 1715 δεκαδύο
3664 1656 3801 1733 κοφί-

2169 1764 2295 1810 νων,
2329 1742 2403 1805 ὡς
2435 1743 2724 1817 ἠθέλησεν,
2759 1741 2944 1816 ἔδειξε.
2994 1746 3290 1817 Συντόμως
3342 1744 3535 1818 εἰπεῖν,
3569 1744 3799 1821 ἐγεύσατο

2172 1830 2423 1901 θανάτου,
2476 1832 2620 1889 em
2665 1833 2929 1889 κατέλυσε
2967 1834 3059 1893 τὸν
3109 1835 3172 1889 τὸ
3232 1834 3433 1908 κράτος
3484 1832 3676 1911 ἔχοντα
3716 1838 3800 1889 τοῦ

410 1927 718 1984 hominum
750 1928 935 1984 millia
965 1914 1270 2001 saturavit,
1298 1933 1353 1984 et
1383 1928 1723 2001 superantia
1752 1925 2051 1981 duodecim

2171 1918 2419 1975 θανάτου·
2457 1921 2549 1976 καὶ
2592 1924 2709 1977 κατ’
2758 1921 2889 1977 αὐτὸ
2922 1918 2979 1981 δὲ
3006 1920 3069 1977 τὰ
3100 1923 3290 1996 πάθος,
3324 1922 3413 1978 ἐπὶ
3445 1927 3670 1998 σταυροῦ
3718 1922 3801 1995 μὶν

409 2017 801 2072 oanistrorum
836 2018 1181 2090 fragmenta,
1216 2022 1391 2091 prout
1434 2017 1639 2088 voluit,
1680 2013 1956 2071 ostendit.
1989 2011 2051 2067 U1

2169 2007 2236 2078 ἦν
2268 2009 2330 2064 τὸ
2361 2014 2522 2084 σῶμα
2560 2011 2924 2086 κρεμάμενον,
2974 2015 3256 2091 πανταχοῦ
3289 2010 3347 2069 δέ
3379 2014 3406 2068 6
3436 2011 3489 2068 ἐν
3518 2011 3660 2086 αύτῷ
3688 2011 3802 2073 Θεὸς

413 2106 617 2177 paucis
669 2122 790 2161 rem
841 2106 1216 2179 complectar,
1263 2111 1508 2163 mortem
1555 2103 1911 2178 degustavit,
1958 2101 2059 2157 sed

410 2211 545 2250 eum
577 2195 680 2267 qui
732 2196 936 2252 mortis
980 2196 1295 2268 imperium
1346 2196 1577 2253 tenebat
1629 2193 1959 2249 destruxit:
1995 2207 2061 2246 ac

408 2283 468 2338 in
502 2300 674 2340 cruce
707 2284 965 2356 quidem,
1000 2285 1137 2339 dum
1166 2290 1482 2357 pateretur,
1515 2301 1725 2356 corpus
1764 2284 1885 2354 ejus
1918 2298 2057 2353 pen-

407 2372 619 2442 debat;
653 2373 753 2445 qui
787 2390 919 2430 vero
949 2372 1008 2428 in
1036 2373 1135 2428 illo
1166 2379 1291 2430 erat
1319 2375 1474 2430 Deus
1501 2374 1778 2439 Verbum,
1807 2372 1857 2427 is
1887 2384 2056 2426 suam

407 2461 589 2517 nullis
621 2462 999 2533 passionibus
1020 2464 1328 2519 obnoxiam
1355 2463 1673 2538 potentiam
1709 2460 1927 2534 ubique
1960 2461 2055 2516 de-

407 2549 685 2606 clarabat.
748 2552 1087 2607 anebatur
1143 2559 1319 2619 terra,
1381 2552 1803 2608 scindebantur
1862 2557 2057 2621 petrae,

408 2639 811 2695 occultabatur
840 2640 950 2708 sol,
979 2641 1170 2697 velum
1208 2642 1610 2714 rumpebatur,
1646 2640 2061 2713 aperiebantur

408 2728 700 2798 sepulcra,
734 2731 1116 2802 resurgebant
1147 2730 1358 2785 mortui
1392 2729 1521 2784 novi
1557 2733 1864 2802 ruptorum
1901 2744 2059 2782 mor-

409 2816 485 2871 tis
518 2815 883 2874 vinculorum
914 2835 1205 2890 praacones
1255 2837 1268 2875 :
1319 2824 1597 2874 creaturae
1627 2818 1880 2889 denique
1930 2816 2058 2871 uni-

409 2921 587 2960 versa:
638 2905 987 2963 invisibilem
1038 2908 1299 2964 cruciﬁxi
1347 2907 1621 2962 deitatem
1683 2906 2057 2962 nuntiabant.

409 2994 610 3058 Qualis
636 2994 820 3067 igitur
865 2998 1155 3068 supererit
1202 2996 1520 3069 excusatio,
1571 2996 1620 3052 si
1660 3001 1826 3051 tanta
1871 2995 2059 3051 salute

408 3082 693 3155 neglecta,
726 3089 845 3140 tam
869 3086 1040 3141 ceriis
1072 3086 1426 3143 testimoniis
1467 3086 1843 3157 contemptis,
1894 3084 2060 3140 novis

410 3174 905 3230 contentiosorum
961 3175 1271 3231 hominum
1334 3175 1713 3249 opinionibus
1745 3174 2056 3231 adhzeseri-

2171 2097 2348 2174 Λόγος
2422 2100 2519 2169 τήν
2599 2102 2776 2171 ἀπαθῆ
2854 2099 3159 2157 δυναστείαν
3234 2099 3672 2175 ἐπιδεικνύμενος
3722 2103 3801 2170 ἦν.

2171 2187 2401 2244 Ἐσείετο
2430 2196 2525 2266 γῆ,
2556 2189 2834 2268 ἐσχίζοντο
2881 2190 3097 2269 πέτραι,
3153 2191 3585 2253 συνεκαλύπτιτο
3632 2189 3804 2262 ἥλιος.

2170 2273 2522 2356 διερρήγνυτο
2598 2281 3006 2354 καταπέτασμα,
3067 2280 3228 2359 τάφοι
3283 2281 3596 2358 ἡνοίγοντο,
3639 2280 3806 2355 νεκροὶ

2169 2365 2477 2441 ἀνεπήδων,
2537 2368 2673 2441 ξένοι
2725 2372 2957 2446 κήρυκες
3001 2375 3101 2442 τῆς
3152 2368 3500 2439 καταλύσεως
3519 2364 3625 2431 τοῦ
3654 2369 3805 2435 θανά-

2166 2476 2262 2510 του
2316 2462 2461 2511 πᾶσα
2505 2456 2679 2519 κτίσις
2742 2458 2841 2527 τήν
2918 2456 3147 2531 ἀόρατον
3202 2458 3435 2532 θεότητα
3488 2463 3584 2515 τοῦ
3640 2457 3809 2515 ἐσταυ-

2170 2545 2419 2620 ρωμένου
2449 2544 2672 2619 ἐμήνυε.
2725 2545 2890 2604 Ποίαν
2938 2543 3127 2622 ἕξομεν
3176 2544 3501 2623 ἀπολογίαν,
3551 2544 3802 2619 τηλικαύο

2168 2655 2266 2703 της
2310 2632 2684 2708 ἀμελήσαντες
2752 2634 3047 2711 σωτηρίας,
3094 2636 3185 2693 καὶ
3245 2637 3515 2711 τοσαύτην
3566 2633 3806 2709 παριδόν-

2165 2744 2253 2786 τες
2285 2722 2689 2804 πληροφορίαν,
2720 2724 3118 2799 συνθέμενοίτε
3143 2731 3263 2788 ταῖς
3290 2731 3402 2782 τῶν
3440 2724 3805 2805 φιλογεικούνυ

2166 2833 2273 2867 των
2307 2814 2682 2887 καινοτομίαις
2708 2834 2723 2886 ;
2750 2813 2905 2875 Ἀλλ’
2935 2814 3019 2869 ὅτι
3066 2815 3162 2889 μὲν
3209 2815 3346 2873 κατὰ
3389 2818 3566 2879 πάντα
3618 2810 3807 2890 τρόπον

2170 2902 2396 2978 ἁρμόζει
2428 2905 2717 2979 γινώσκειν
2747 2904 2839 2961 τὸν
2875 2909 3110 2979 Σωτῆρα
3133 2905 3365 2979 Χριστὸν
3410 2905 3542 2963 Θεόν
3575 2906 3688 2979 ἄμα
3726 2902 3811 2959 καὶ

2169 2989 2471 3068 ἄνθρωπον,
2503 2993 2640 3051 κατά
2691 2994 2847 3070 φύσιν
2879 2992 3156 3070 ἑκατέραν,
3187 2993 3285 3051 κᾶν
3316 2997 3483 3069 ἡμεῖς
3535 2995 3812 3064 σιωπήσω·

2174 3102 2287 3154 μεν,
2321 3082 2372 3137 οἱ
2405 3080 2548 3139 λίθοι
2579 3084 2883 3160 κράξονται·
2917 3086 2979 3142 τὸ
3009 3084 3069 3145 δὲ
3103 3086 3180 3160 μὴ
3212 3083 3361 3162 ἔχειν
3407 3085 3487 3148 εἰς
3536 3083 3809 3161 ἄνθρωπον

2170 3168 2357 3233 ἀπλῶς
2386 3173 2479 3235 τὰς
2512 3170 2736 3238 ἐλπίδας
2764 3174 2891 3243 τοὺς
2918 3174 3062 3232 οὕτω
3110 3174 3483 3243 πιστεύοντας,
3534 3172 3810 3249 ἅναγκαῖον

409 3261 591 3318 mus?
623 3263 830 3319 Verum
863 3264 1018 3335 quod
1051 3266 1326 3321 omnibus
1366 3265 1559 3320 modis
1605 3264 1902 3320 Christum
1936 3261 2051 3319 Sal-

2170 3257 2336 3331 δεῖξαι
2385 3266 2590 3340 σαφῶς.
2642 3262 2890 3342 Καίτοιγε
2940 3264 3030 3321 καὶ
3079 3262 3134 3321 εἶ’
3161 3286 3245 3327 τις
3277 3262 3568 3323 ἀνέκυπτεν
3600 3257 3810 3337 ἀπορία,

295 3400 306 3413 ,
405 3355 662 3408 vatorem
693 3353 896 3409 deceat
928 3370 1243 3428 agnoscere
1273 3354 1455 3411 Deum
1502 3354 1721 3426 pariter
1766 3358 1825 3409 et
1864 3352 2052 3409 homi-

400 3456 533 3496 nem
594 3442 769 3509 499,
830 3443 1156 3499 secundum
1207 3449 1519 3517 utramque
1567 3448 1862 3515 naturam,
1918 3440 2056 3497 licet

398 3547 507 3585 nos
535 3531 916 3597 tacuerimus,
941 3529 1163 3603 lapides
1195 3532 1556 3591 clamabunt.
1577 3533 1738 3598 Quod
1770 3547 1904 3587 vero
1938 3547 2052 3586 non

396 3617 457 3672 in
490 3618 728 3674 homine
758 3620 1103 3690 simpliciter
1133 3638 1297 3692 spem
1340 3638 1506 3676 suam
1542 3620 1800 3676 habeant
1828 3619 2052 3692 reposi-

397 3710 542 3777 tam,
576 3708 673 3780 qui
705 3709 790 3764 sic
821 3710 1103 3778 sentiunt,
1137 3727 1325 3784 operae
1369 3711 1622 3783 pretium
1671 3714 1781 3778 est,
1828 3708 2052 3782 perspi-

399 3812 507 3851 cue
536 3797 959 3853 demonstrare.
992 3798 1251 3856 Tametsi
1283 3800 1332 3854 si
1367 3816 1485 3872 qua
1514 3800 1755 3855 suborta
1784 3802 1873 3854 est
1902 3815 2054 3871 quaa-

401 3887 536 3955 stio,
569 3890 672 3939 aut
718 3884 1070 3941 solutionem
1120 3889 1248 3959 ejus
1288 3889 1591 3960 quaesitam
1640 3887 1917 3961 oportuit,
1953 3893 2053 3943 aut

399 3970 692 4029 inscitiam
743 3974 908 4031 fateri
958 3976 1274 4049 propriam,
1308 3994 1413 4033 nec
1453 3996 1485 4032 a
1529 3978 1830 4050 Scriptura
1859 3977 2050 4034 disce~

402 4061 705 4119 dere.Jam
731 4081 902 4137 porro
922 4065 1089 4121 facile
1112 4070 1200 4122 est
1226 4083 1544 4140 congruam
1581 4067 1842 4122 invenire
1873 4067 2051 4121 ratio-

400 4167 557 4218 nem,
592 4169 773 4225 quare
803 4155 861 4210 in
913 4155 1204 4212 carnalem
1238 4156 1494 4212 hominis
1527 4157 1663 4212 facti
1695 4157 1917 4226 (Verbi)
1945 4158 2049 4213 ad-

395 4248 655 4308 ventum,
688 4244 745 4298 in
796 4244 1113 4300 salutarem
1147 4244 1377 4300 Domini
1432 4246 1839 4312 mconomiam,
1881 4264 2046 4319 spem

395 4348 751 4403 reponamus
784 4339 1069 4402 nostram,
1102 4336 1242 4390 dum
1275 4334 1630 4392 invisibilem
1681 4341 1863 4390 Deum
1904 4336 2045 4392 Ver-

393 4419 536 4475 bum
570 4437 672 4492 per
706 4421 995 4478 visibilem
1055 4440 1290 4480 carnem
1346 4426 1775 4498 cognoscimus,
1833 4429 1889 4480 et
1945 4442 2049 4497 per

393 4510 524 4580 ejus
536 4510 869 4582 passionem
889 4512 1427 4584 impassibilitatem
1449 4514 1707 4586 accipere
1726 4514 2042 4572 credimus:

2161 3348 2361 3421 ταύτης
2410 3350 2581 3431 ἐχρῆν
2630 3354 2729 3422 τήν
2763 3351 2918 3411 λύσιν
2972 3358 3172 3428 ζητεῖν,
3221 3353 3256 3423 ἢ
3286 3354 3387 3423 τὴν
3444 3350 3645 3409 οἰκείαν
3676 3349 3810 3423 ἀμά-

2163 3449 2307 3501 θειαν
2369 3439 2688 3521 ὁμολογεῖν,
2746 3441 2809 3497 ού
2864 3445 2973 3499 τῶν
3032 3441 3429 3519 γεγραμμένων
3484 3443 3802 3517 ἀναχωρεῖν.

2163 3526 2294 3581 Νυνὶ
2344 3525 2401 3583 δὲ
2447 3530 2537 3585 καὶ
2588 3526 2773 3605 ῥάδιον
2821 3531 2885 3587 τὸ
2933 3532 3140 3608 πρέπον
3188 3532 3383 3607 εὑρεῖν,
3416 3529 3504 3587 ὅτι
3532 3531 3624 3593 τὰς
3653 3527 3801 3587 ἐλπί-

2163 3611 2256 3678 δας
2305 3613 2505 3693 ἕχομεν
2562 3618 2636 3681 είς
2688 3620 2787 3689 τὴν
2847 3616 3101 3698 ἕνσαρκον
3157 3625 3256 3676 τοῦ
3301 3620 3801 3696 ἐνανθρωπήσαντος

2160 3703 2476 3780 παρουσίαν,
2532 3707 2607 3770 είς
2652 3710 2752 3778 τὴν
2812 3712 3082 3784 σωτήριον
3136 3714 3233 3766 τοῦ
3291 3706 3558 3769 δεσπότου
3596 3706 3802 3765 οἷκονο⁸

2165 3792 2313 3866 μίαν,
2372 3793 2462 3852 διὰ
2521 3797 2614 3870 μὶν
2681 3803 2779 3867 τῆς
2834 3798 3122 3875 ὁρωμένης
3182 3800 3378 3876 σαρκὸς
3431 3799 3523 3856 τὸν
3586 3797 3804 3872 ἀόρατον

2161 3883 2288 3939 Θεὸν
2348 3884 2518 3961 Λόγον
2598 3886 3071 3964 ἐπιγινώσκοντες,
3128 3887 3218 3943 καὶ
3289 3885 3379 3945 διὰ
3440 3894 3539 3946 τοῦ
3609 3888 3803 3951 πάθους

2157 3973 2360 4045 ταύτης
2410 3976 2510 4045 τὴν
2564 3977 2818 4033 ἀπάθειαν
2880 3973 3179 4052 λαμϐάνειν
3214 3976 3577 4045 πιστεύοντες·
3639 3975 3803 4033 πάντα

2160 4060 2217 4117 δὲ
2246 4065 2313 4118 τὰ
2366 4064 2646 4141 γενόμενα,
2705 4069 2772 4141 τῇ
2817 4066 3077 4142 ἡνωμένῃ
3126 4070 3196 4142 τῇ
3247 4068 3402 4144 σαρκὶ
3447 4067 3661 4137 θεότητι
3694 4064 3800 4121 ἐπι-

2158 4153 2475 4232 γράφοντες,
2499 4155 2587 4211 καὶ
2640 4155 2778 4213 οὕεω
2811 4154 2939 4230 μίαν
2979 4157 3079 4226 τὴν
3132 4156 3500 4233 προσκύνησιν
3545 4161 3625 4228 τῷ
3672 4173 3797 4228 σαρο

2155 4242 2381 4300 κωθέντι
2436 4244 2526 4299 καὶ
2585 4244 3063 4321 ἐνανθρωπήσαντι
3119 4251 3237 4318 Θεῷ
3293 4245 3456 4322 Λόγῳ
3502 4243 3792 4321 προσάγον·

2153 4354 2267 4395 τες.
2336 4332 2477 4391 Οὐδὲ
2531 4334 2632 4410 γάρ
2679 4337 2715 4403 ἡ
2768 4336 3017 4409 ἁψαμένη
3069 4336 3207 4411 γυνὴ
3253 4340 3351 4391 τοῦ
3394 4332 3698 4409 κρασπέδου
3727 4330 3800 4395 είς

2154 4420 2453 4495 κράσπεδον
2515 4422 2719 4499 ἔχουσα
2762 4423 2857 4486 τὰς
2910 4422 3139 4487 ἐλπίδας
3185 4422 3482 4501 ἠλέγχετο,
3528 4423 3675 4489 ἀλλ’,
3730 4419 3800 4483 εἰς

2153 4512 2251 4580 τήν
2286 4512 2514 4587 ἀόρατον
2547 4510 2774 4587 δύναμιν
2800 4518 2899 4568 τοῦ
2926 4514 2990 4569 τὸ
3037 4512 3256 4587 ἱμάτιον
3306 4509 3794 4589 πριϐεϐλῆμένουν

392 4599 590 4653 omnia
636 4603 832 4655 autem
882 4605 1048 4672 gesta
1093 4601 1293 4657 deitati
1335 4619 1467 4657 cum
1501 4620 1675 4659 carne
1721 4602 2043 4675 conjuncta:

2161 4597 2320 4676 οὗπερ
2352 4600 2413 4655 τὸ
2444 4598 2768 4676 κράσπεδον.
2801 4600 2944 4662 Οὐδὲ
2973 4603 3002 4660 6
3030 4607 3109 4676 τῷ
3137 4603 3411 4679 πτύσματι
3440 4610 3543 4673 τῆς
3587 4597 3795 4677 τυφλώ-

392 4686 771 4755 ascribimus,
805 4694 861 4742 et.
892 4688 974 4743 ita
1008 4706 1185 4745 unam
1218 4690 1617 4748 adorationem
1661 4692 1959 4747 incarnato
1989 4696 2046 4747 et

391 4775 615 4830 homini
668 4777 815 4832 iacto
864 4777 979 4833 Deo
1029 4780 1216 4834 Verbo
1248 4779 1586 4835 'afi‘erimus.
1637 4780 1838 4850 Neque
1884 4780 2038 4837 enim

391 4866 605 4921 mulier
626 4864 725 4920 illa
747 4881 877 4937 quae
902 4867 1195 4922 ﬁmbriam
1230 4869 1629 4934 contrectavit,
1656 4868 1711 4923 in
1747 4869 2040 4927 fimbriam

389 4971 554 5026 spem
586 4954 799 5010 habere
828 4955 1191 5027 deprehensa
1219 4963 1327 5023 est,
1353 4957 1450 5014 sed
1485 4958 1545 5013 in
1581 4963 1924 5031 potestatem
1960 4960 2042 5017 in-

385 5042 673 5100 visibilem
704 5044 833 5116 ejus
866 5046 968 5118 qui
1000 5055 1125 5101 erat
1173 5046 1519 5103 vestimento
1566 5047 1834 5113 indutus,
1869 5051 2039 5122 cujus

383 5140 509 5189 erat
529 5134 782 5190 ﬁmbria.
804 5134 1006 5208 Neque
1027 5136 1077 5193 is
1095 5136 1195 5209 qui
1218 5141 1394 5208 sputo
1418 5136 1527 5191 fuit
1542 5154 1575 5195 a
1596 5136 1851 5194 caecitate
1870 5156 2038 5197 sana-

380 5224 562 5289 tus,in
587 5230 828 5296 sputum
854 5225 1062 5281 habuit
1080 5224 1380 5297 ﬁduciam;
1401 5226 1502 5281 sed
1528 5227 1585 5282 in
1609 5226 1883 5283 invictam
1906 5229 2034 5300 cius

379 5312 698 5383 potentiam
732 5313 834 5384 qui
869 5313 1049 5383 jussit
1086 5312 1254 5370 illum
1285 5313 1367 5370 ita
1417 5315 1703 5371 medelam
1750 5315 2030 5389 accipere.

376 5400 523 5456 Nam
539 5402 638 5473 qui
653 5401 824 5458 hodie
841 5403 910 5458 ad
925 5408 1198 5459 sanctum
1212 5403 1394 5460 altare
1407 5404 2032 5480 accedunt,ipsumque

378 5487 839 5559 amplectuntur,
869 5505 936 5544 ac
981 5506 1115 5545 cum
1159 5490 1370 5547 timore
1400 5496 1457 5547 et
1492 5492 1709 5565 gaudio
1739 5491 2023 5554 salutant.

450 5700 495 5734 ⁶¹
529 5701 649 5755 Act.
682 5718 736 5767 ν,
767 5702 859 5755 29.
934 5704 980 5737 δ’
1009 5704 1118 5760 Isa.
1152 5722 1229 5773 lx,
1260 5708 1310 5765 6.

2155 4709 2289 4753 σεως
2322 4687 2721 4767 ἐλευθερωθεὶς,
2754 4691 2831 4755 εἲς
2859 4691 3083 4768 πτύσμα
3118 4693 3219 4762 τὴν
3261 4692 3587 4761 πεποίθησιν
3635 4691 3793 4764 εἶχεν,

2153 4774 2279 4833 ἁλλ’
2337 4777 2411 4839 εἰς
2451 4780 2550 4849 τὴν
2595 4778 2865 4853 ἀήττητον
2914 4779 3155 4852 ἐξουσίαν
3192 4786 3289 4837 τοῦ
3319 4780 3672 4844 κελεύσαντος
3701 4775 3795 4833 αὐτ

2148 4866 2240 4923 τὸν
2292 4866 2434 4924 οὕτω
2481 4869 2581 4939 τὴν
2641 4866 2779 4925 ἴασιν
2825 4866 3088 4942 δέξασθαι.
3142 4871 3291 4927 Ἐπεὶ
3321 4871 3532 4926 καὶνῦν
3561 4870 3612 4925 οἱ
3642 4884 3794 4942 προσ·

2153 4955 2323 5019 ιόντες
2354 4956 2492 5033 ἁγίῳ
2524 4957 2912 5032 θυσιαστηρίῳ,
2964 4958 3455 5033 περιπτυσσόμενοι
3507 4957 3565 5015 δὲ
3619 4960 3787 5018 τοῦτο,

2146 5046 2237 5101 καὶ
2271 5045 2407 5120 μετά
2444 5041 2617 5125 φόϐου
2647 5048 2737 5103 καὶ
2773 5053 2949 5123 χαρᾶς
2976 5048 3370 5122 ἀσπαζόμενοι,
3428 5048 3531 5104 οὐκ
3582 5047 3657 5109 είς
3711 5040 3782 5099 λί-

2146 5135 2238 5190 θον
2285 5136 2320 5205 ἢ
2372 5133 2533 5207 ξύλον
2583 5135 2772 5199 ἁπλῶς
2823 5135 3217 5211 ἐπερείδονται,
3274 5136 3402 5195 ἀλλ’
3450 5137 3527 5200 είς
3555 5139 3650 5207 τήν
3701 5128 3779 5186 διά

2143 5228 2240 5280 τοῦ
2298 5222 2457 5281 λίθου
2514 5226 2549 5297 ἢ
2604 5225 2768 5299 ξύλου
2825 5231 2942 5295 τοῖς
2997 5222 3239 5284 εὐσεϐέσι
3318 5221 3777 5302 μνημονευομένου

2142 5314 2323 5391 χάριν.
2375 5315 2445 5371 Ἦ
2493 5314 2555 5371 σὺ
2602 5315 2693 5371 καὶ
2741 5315 2871 5380 τοὺς
2917 5316 3182 5383 σωθέντας
3214 5317 3346 5374 ποτε
3376 5316 3466 5371 ἐπὶ
3492 5321 3591 5374 τοῦ
3623 5330 3784 5388 μακα-

2144 5402 2264 5480 Ρίου
2323 5404 2603 5468 Μωϋσὲως
2656 5401 2746 5463 διὰ
2799 5409 2898 5462 τοῦ
2962 5404 3182 5480 βλέπειν
3230 5406 3306 5471 εἷς
3363 5406 3455 5463 τὸν
3519 5401 3789 5479 ὑψωθῶτα

2140 5491 2386 5568 χαλκοῦν
2442 5488 2587 5572 ὅφιν,
2640 5489 2761 5571 ὄφει
2818 5495 2920 5564 τὴν
2988 5494 3261 5574 σωτηρίαν
3333 5494 3511 5555 αὐτῶν
3575 5487 3780 5565 ἐπιτρέ-
