4104 6356
344 404 496 472 135⁸7

1084 404 1743 472 CONFUTATIONES
1790 410 1942 479 QUA
1961 398 2295 469 RUMUAM
2346 402 3011 472 PROPOSITIONUM.

3600 408 3755 472 1358

342 564 459 597 πειν
520 538 807 611 διέϐαλες;
840 542 903 597 Εἰ
964 539 1021 595 δὲ
1076 543 1109 610 ἡ
1155 540 1313 595 εἰκὼν
1355 546 1455 595 τοῦ
1518 540 1815 615 μυστηρίου
1863 561 1988 594 τοσ-

2116 557 2222 597 non
2259 542 2316 596 in
2350 543 2607 614 lapidem
2641 548 2742 597 aut
2794 542 3017 613 lignum
3052 548 3267 599 temere
3292 543 3758 611 innituntur,sed

342 632 508 702 αύτην
569 630 832 706 ἐνέργειαν
890 628 959 684 δι’
1012 625 1186 709 ὄφεως
1246 628 1569 699 ἐπεδείξατο·
1632 629 1786 703 πόσῳ
1858 628 1994 700 μᾶλ-

344 719 438 774 λον
498 719 627 774 αὐτὸ
675 727 775 789 τῆς
827 720 1054 794 χάριτος
1102 719 1165 772 τὸ
1214 718 1568 790 πρωτότυπον
1604 716 1673 772 δι’
1706 720 1992 793 ἀνθρώπου

343 831 424 864 σοι
480 809 717 883 παρέξει,
766 809 945 869 καθὼς
1006 808 1096 861 καὶ
1154 807 1394 881 παρέσχε
1444 814 1562 868 τοῖς
1628 812 1840 861 πιστοῖς
1900 809 1994 869 τὰς

342 898 726 973 πολυτρόπους
769 896 1071 973 εὐεργεσίας
1121 899 1255 953 κατά
1308 900 1398 951 τὸν
1459 898 1696 952 εἰπόντα·
1733 922 1760 949 ‹‹
1791 900 1993 975 ’Ὠσπερ

344 984 412 1041 δι’
445 988 732 1063 ἀνθρώπου
764 988 792 1040 ὁ
842 988 1089 1055 θάνατος,
1124 986 1267 1040 οὕτω
1327 984 1397 1040 δι’
1446 986 1735 1062 ἀνθρώπου
1866 986 1993 1039 ἀνά-

344 1098 524 1137 στασις
556 1081 660 1130 τῶν
694 1081 919 1152 νεκρῶν.
956 1100 983 1127 ‹‹

2106 632 2163 687 in
2204 633 2448 703 gratiam
2487 648 2585 703 per
2618 632 2843 703 lignum
2877 638 2933 686 et
2966 633 3214 703 lapidem
3250 652 3283 687 a
3341 634 3561 687 sanctis
3620 633 3761 687 viris

2107 726 2511 776 memoratam.
2570 725 2650 775 An
2714 727 2773 775 tu
2809 739 2906 775 eos
2940 721 3038 791 qui
3071 728 3332 792 tempore
3358 722 3508 776 beati
3544 723 3760 790 Moysis

2102 811 2228 865 visu
2263 810 2495 865 exaltati
2532 812 2671 864 aenei
2708 812 2997 882 serpentis
3037 812 3225 864 sanati
3285 817 3441 874 sunt,
3505 811 3761 882 serpenti

2106 899 2359 954 salutem
2419 900 2790 954 commisisse
2850 916 3017 953 suam
3068 900 3492 953 calumniaris?
3522 902 3683 965 Quod
3714 900 3763 955 si

2109 988 2370 1061 mysterii
2404 990 2595 1060 imago
2624 993 2846 1043 tantam
2880 1005 2982 1059 per
3008 994 3337 1059 serpentem
3388 989 3760 1042 efﬁcientiam

2106 1078 2407 1143 exhibuit;
2468 1083 2686 1147 quanto
2720 1080 2999 1155 majorem
3034 1078 3158 1149 ipse
3189 1078 3389 1147 gratiae
3419 1082 3763 1149 prototypus

344 1185 446 1239 per
503 1168 800 1223 hominem
857 1166 962 1222 tibi
1008 1168 1227 1234 aIl‘eret,
1281 1167 1780 1240 quemadmodum
1816 1166 2091 1222 fidelibus
2130 1168 2289 1221 varia
2320 1165 2519 1221 attulit
2550 1166 2849 1236 beneﬁcia,
2875 1168 3049 1237 juxta
3080 1166 3223 1221 illud
3262 1184 3273 1219 :
3315 1188 3341 1214 ‹‹
3374 1168 3764 1233 Quemadmo-

344 1256 486 1310 dum
521 1272 623 1328 per
648 1256 944 1312 hominem
980 1272 1157 1325 mors,
1192 1258 1271 1311 ita
1304 1274 1404 1329 per
1435 1256 1731 1314 hominem
1767 1256 2113 1312 resurrectio
2143 1260 2507 1311 mortuorum
2531 1257 2595 1311 ⁸³.
2634 1279 2660 1305 ››

1112 1388 1237 1444 VII.

488 1473 627 1549 Πρὸς
677 1475 804 1536 τοὺς
857 1470 1142 1549 λέγοντας·
1183 1476 1411 1537 Ἐπαθεν
1457 1475 1677 1539 ἀπαθῶς
1727 1475 1854 1537 Θεὸς

1069 1546 1270 1622 Λόγος.

421 1649 661 1712 Πολλαῖς
722 1652 808 1707 καὶ
868 1650 988 1706 λίαν
1050 1657 1249 1715 σκαιῶς
1321 1654 1690 1730 προτεθείσαις
1765 1654 1997 1717 πλοκαῖς

347 1739 630 1812 συντόμως
661 1741 797 1797 κατά
843 1738 1069 1814 δύναμιν
1121 1742 1481 1812 ἀντειπόντες,
1515 1743 1615 1799 οὐκ
1672 1742 1894 1817 οἴδαμεν
1949 1744 2000 1799 τί

348 1827 673 1905 χρησόμεθα
719 1833 785 1901 τῇ
836 1830 951 1884 νυνὶ
1003 1832 1359 1906 προκειμένῃ,
1388 1832 1598 1901 παίζειν
1649 1833 1742 1904 μὲν
1782 1832 1842 1887 οὗ
1879 1833 2003 1907 βου-

349 1917 598 1989 λὸμενοι,
630 1915 902 1977 παιδεύειν
954 1916 1013 1975 δὲ
1077 1919 1315 1993 μάλιστα
1372 1923 1506 1997 πρὸς
1563 1919 1781 1977 παιδιὰν
1840 1943 2001 1978 κατα-

345 2002 611 2077 γέλαστον
670 2006 843 2069 οὕτως
904 2009 1355 2084 ἀναγκαζόμενοι,
1414 2012 1479 2080 ἣν
1541 2012 1631 2067 καὶ
1688 2012 1751 2071 τὸ
1810 2012 2000 2074 ἁπλῶς

346 2094 513 2149 εἰπεῖν
574 2094 781 2172 χλεύην
843 2097 982 2152 ἐστὶν
1046 2098 1386 2174 εἰσενεγκεῖν.
1452 2101 1685 2157 Ἐπαθεν
1757 2100 1997 2162 ἀπαθῶς.

345 2190 408 2238 Ὢ
451 2191 550 2253 τῆς
598 2182 923 2255 ἀδιανοήτου
957 2186 1182 2264 σοφίαςί
1214 2196 1277 2245 Ὠ
1337 2195 1438 2257 τῆς
1498 2189 1796 2259 παιζούσης
1854 2187 2002 2245 διδα-

345 2272 594 2341 σκαλίας,
655 2271 1059 2347 οἷκοδομούσης
1120 2278 1231 2349 ἅμα
1298 2277 1385 2335 καὶ
1455 2278 1849 2351 καθαιρούσηςῐ
1911 2280 2001 2333 οἷά

350 2361 490 2417 ἐστιν
547 2360 674 2418 ἰδεῖν
727 2364 796 2419 τὰ
850 2369 956 2420 τῶν
1016 2363 1222 2422 παίδων
1284 2365 1336 2423 ἐν
1392 2368 1642 2440 ψάμμοις
1696 2368 1997 2442 ἀθύρματα.

352 2453 581 2515 Ἔπαθεν
639 2451 882 2516 ἀπαθῶς·
943 2454 1068 2529 πρὶν
1134 2454 1354 2510 ἀκούσω
1410 2460 1507 2511 τοῦ
1565 2455 1830 2531 ῥήματος,
1890 2456 2001 2511 ἐπι-

354 2540 689 2613 λανθάνομαι
744 2549 845 2611 τῆς
906 2542 1176 2613 σημασίας
1236 2548 1352 2613 τοῦ,
1387 2540 1596 2601 ἔπαθεν.
1633 2540 2001 2619 Ἐπαγόμενον

352 2631 453 2705 γὰρ
512 2631 592 2693 τὸ,
642 2630 881 2697 ἀπαθῶς,
934 2630 1033 2687 οὐκ
1086 2631 1146 2703 ἐᾷ
1202 2633 1451 2701 θάνατον,
1508 2633 1596 2688 καὶ
1654 2636 1850 2711 ταφὴν,
1913 2633 2001 2687 καὶ

352 2718 631 2780 ἀνάσταςιν
677 2716 948 2794 δέχεσθαι,
984 2720 1016 2774 ἃ
1063 2722 1124 2775 τὸ
1181 2724 1279 2790 τῆς
1338 2723 1608 2797 ἡμετέρας
1657 2719 1772 2797 ἔχει
1822 2744 2000 2791 σωτηο

352 2806 469 2880 ρίας
524 2806 845 2884 κεφάλαιον.
920 2808 979 2864 Εἰ
1036 2810 1135 2885 γὰρ
1200 2807 1384 2880 ἔπαθε,
1445 2816 1561 2873 πῶς
1619 2812 1876 2879 ἀπαθῶς;
1940 2811 2000 2866 Εἰ

352 2896 592 2962 ἀπαθῶς,
650 2900 768 2959 πῶς
846 2895 1043 2964 ἔπαθες
1109 2897 1451 2971 Λαλησωμεν
1528 2897 1845 2969 ἀλαλήτως,
1910 2900 1999 2955 καὶ

348 2986 635 3057 νοήσωμεν
710 2985 979 3055 ἀνοήτως.
1040 2986 1129 3047 Τίς
1205 2984 1312 3041 εἶδε
1381 2987 1645 3045 πίπτοντα
1710 2987 1996 3059 ἀπτώτως,

2880 1387 3000 1443 VII.

2159 1476 2427 1533 Adversus
2455 1494 2543 1533 eos
2573 1478 2671 1548 qui
2697 1476 2885 1533 dicunt
2916 1495 2933 1532 :
2966 1476 3394 1546 Impassibiliter
3419 1491 3611 1545 passus
3641 1478 3721 1530 est

2724 1550 2860 1604 Deus
2901 1548 3151 1604 Verbum.

2182 1656 2500 1726 Postquam
2536 1654 2754 1711 multas
2786 1664 2957 1725 alque
2988 1658 3283 1709 contortas
3340 1652 3767 1724 propositiones

2116 1762 2217 1815 pro
2252 1743 2524 1799 facultate
2546 1744 3074 1809 confutavimus,ad
3104 1749 3444 1814 praesentem
3473 1742 3768 1796 nescimus

2116 1833 2253 1905 quid
2287 1834 2769 1905 respondeamus.
2805 1834 2946 1888 Cum
2975 1833 3159 1903 jocari
3220 1831 3456 1902 quidem
3518 1847 3631 1886 non
3691 1830 3770 1885 sit

2113 1923 2369 1987 animus,
2432 1924 2503 1978 ad
2556 1922 2783 1977 ludicra
2815 1927 3010 1976 tamen
3043 1926 3098 1975 et
3128 1918 3376 1974 ridicula
3407 1918 3768 1973 confutanda

2113 2010 2199 2065 vel
2234 2010 2397 2065 inviti
2437 2012 2725 2083 cogimur,
2787 2027 3035 2082 quorum
3098 2009 3185 2064 vei
3244 2007 3491 2079 simplex
3551 2007 3767 2061 mentio

2112 2100 2295 2156 risum
2348 2106 2592 2157 moveat.
2629 2105 2845 2156 Passus
2873 2105 2962 2155 est
2993 2098 3469 2170 impassibiliter;
3502 2114 3533 2151 ο
3566 2096 3765 2151 incon-

2110 2190 2423 2247 sideratam
2457 2189 2841 2259 sapientiam!
2877 2206 2909 2243 ο
2942 2187 3231 2242 ludicram
3265 2185 3593 2241 doctrinam
3654 2201 3769 2241 una

2110 2280 2495 2335 aediﬁcantem
2530 2284 2585 2334 et
2616 2280 3038 2345 destruentem,
3074 2282 3138 2331 ut
3168 2276 3363 2331 videre
3414 2292 3624 2345 pueros
3680 2279 3771 2329 est

2108 2367 2168 2423 in
2218 2384 2394 2423 arena
2424 2368 2713 2423 ludentes.
2748 2372 2990 2431 Passus,
3022 2371 3111 2422 est
3139 2363 3585 2435 impassibiliter
3618 2380 3629 2417 :
3664 2380 3766 2417 an-

2110 2463 2344 2527 tequam
2379 2458 2615 2512 audiam
2650 2456 2789 2511 illud
2825 2456 3044 2511 dictum
3080 2456 3220 2525 quid
3242 2454 3769 2525 signiticet,passus

2111 2551 2220 2612 est,
2254 2544 2565 2600 obliviscor
2598 2563 2609 2599 :
2645 2562 2780 2601 nam
2813 2545 2967 2615 quod
3030 2543 3325 2613 adjicitur,
3390 2540 3768 2612 impassibili-

2114 2640 2219 2701 ter,
2255 2652 2366 2690 non
2402 2635 2664 2693 admittit
2694 2640 2962 2699 mortem,
2999 2632 3389 2704 sepulturam,
3424 2636 3479 2685 et
3509 2647 3768 2685 resurre~

2114 2724 2523 2794 ctionem,qua:
2556 2723 2766 2783 salutis
2799 2728 3008 2779 nostrae
3037 2738 3333 2777 summam
3368 2719 3767 2789 complectun-

2114 2818 2227 2867 tur.
2266 2813 2408 2869 Nam
2440 2813 2487 2867 si
2522 2830 2733 2883 passus
2762 2819 2869 2878 est,
2919 2812 3215 2882 quomodo
3281 2809 3769 2880 impassibiliter?

2112 2902 2169 2955 Si
2201 2901 2665 2973 impassibiliter,
2701 2902 2995 2972 quomodo
3027 2916 3237 2971 passus
3268 2899 3396 2953 est?
3430 2898 3769 2968 Loquamur

2113 2990 2240 3048 sine
2271 2990 2519 3059 loquela,
2552 2990 2953 3062 intelligamus
2986 2990 3112 3044 sine
3159 2987 3563 3058 intelligentia.
3626 2986 3768 3052 Quis

350 3073 695 3147 ἐγειρόμενον
779 3074 1097 3151 ἀνεγίρτως,
1182 3081 1451 3132 πονοῦντα
1534 3073 1771 3143 ἀπόνως,
1859 3098 1991 3155 φρο-

2116 3079 2253 3134 vidit
2304 3096 2563 3148 unquam
2610 3080 2912 3135 cadentem
2944 3078 3070 3133 sine
3100 3094 3262 3143 casu,
3297 3075 3610 3131 excitatum
3644 3075 3768 3130 sine

349 3168 543 3221 νοῦντα
616 3162 885 3239 ἀφρόνως,
946 3161 1219 3221 λαλοῦντα
1307 3164 1624 3236 ἀλαλήτως,
1683 3165 2002 3244 ὠφελοῦντα

354 3251 646 3331 ἀνωφελῶς
693 3256 831 3326 (23),
876 3252 1145 3325 λυόμενον
1203 3252 1559 3327 ἀλύτως,⁶ίνα
1617 3254 1859 3327 λέξωμεν
1914 3256 1999 3325 τὸ,

358 3338 539 3405 ἔπαθεν
575 3343 833 3410 ἀπαθῶς;
867 3341 959 3404 Τίς
1000 3345 1035 3411 ἡ
1090 3350 1189 3412 τῆς
1244 3344 1551 3421 ἀφροσύνης
1609 3343 1889 3411 ἐπίτασις;
1923 3344 2002 3408 τίς

358 3432 391 3498 ἡ
420 3438 519 3499 τῆς
580 3430 774 3503 μανίας
832 3427 1109 3500 ἔνστασιςς
1144 3432 1223 3493 τίς
1274 3435 1309 3501 ἡ
1357 3440 1459 3501 τῆς
1493 3434 1675 3495 ἀνοίας
1709 3432 2003 3507 παραπλη-

356 3519 472 3589 ξία;
510 3521 636 3591 Περὶ
696 3521 998 3596 μυστηρίου
1051 3519 1489 3596 φρικωδεστάτου
1547 3523 1723 3600 φέρειν
1786 3522 2004 3597 ῥήματα

350 3608 564 3683 γέλωτα
644 3608 849 3666 πλατὺν
923 3609 1273 3686 ἐργαζόμενα,
1334 3609 1496 3687 λόγον
1570 3609 2001 3686 ἐπαγγέλλεσθαι

339 3699 429 3757 καὶ
490 3698 720 3774 ἀλογίαν
778 3694 1210 3773 προϐάλλεσθαι,
1265 3699 1548 3775 ἀπόκρισιν
1613 3698 1815 3756 διδόναι
1877 3697 1998 3770 ἴσην

338 3792 436 3845 τοῦ
474 3790 548 3860 μὴ
583 3785 814 3855 διδόναι,
847 3788 1204 3865 ἀσαφεστέραν
1233 3788 1520 3863 ἆρμηνείαν
1563 3791 1823 3863 παρεχειν
1888 3788 2001 3861 μεί-

341 3881 497 3945 ζονος
562 3877 792 3951 ἀπορίας
852 3876 1077 3951 μητέρα.
1114 3881 1234 3938 Πῶς
1291 3876 1471 3939 οὐδεὶς
1528 3883 1633 3932 τῶν
1694 3877 1863 3951 ἁγίων
1920 3878 1997 3938 εἰς

335 3970 595 4023 τοσοῦτον
646 3966 781 4038 ὕψος
831 3963 1158 4042 ἀναδραμεῖν
1224 3966 1477 4042 θεωρίας,
1530 3970 1564 4034 ἢ
1624 3967 1791 4022 εἰπεῖν
1861 3964 1997 4035 ήδυο

338 4058 483 4125 νήθη
515 4056 577 4110 τὸ
607 4054 1069 4130 πολυθρύλλητον
1104 4056 1278 4111 ἐκεῖνο
1313 4055 1485 4131 ῥῆμα,
1519 4053 1709 4119 ἔπαθεν
1744 4056 1996 4123 cinaedm;

348 4148 472 4205 Πῶς
526 4145 578 4197 αἱ
636 4144 969 4218 πολύστιχοι
1033 4140 1217 4219 βίϐλοι
1275 4145 1373 4213 την
1436 4143 1737 4218 ὑπέρογκον
1798 4143 1995 4213 ταύτην

343 4232 693 4306 ἀποκάλυψιν
722 4235 857 4305 ἡμῖν
890 4232 989 4287 οὐκ
1046 4233 1342 4309 ἐγνώρισαν
1370 4252 1383 4302 ;
1413 4231 1653 4305 Παῦλος,
1687 4233 1763 4294 εἷς
1818 4232 1996 4308 τρίτον

343 4322 569 4396 οὐρανὸν
602 4320 867 4391 ἀνελθὼν,
900 4322 989 4377 καὶ
1040 4328 1149 4377 τῶν
1204 4322 1456 4400 ἀρρήτων
1522 4322 1785 4397 ῥημάτων
1837 4321 1998 4375 ἀκού·

342 4433 435 4474 σας
498 4412 548 4466 ἐν
610 4408 939 4487 παραδείσῳ,
999 4417 1252 4467 τοιοῦτου
1313 4410 1465 4466 οὐδὲν
1522 4411 1851 4489 ἀπεφήνατο.
1904 4412 1997 4479 Μή

343 4503 465 4575 ἄρα,
497 4501 714 4563 τούτοις
776 4500 1201 4573 καταλιμπάνων
1260 4503 1357 4571 την
1405 4505 1512 4556 τῶν
1566 4496 1998 4576 ὑπερϐαινόντων

346 4589 630 4665 ἐξήγησιν,
665 4589 839 4653 οὕτως
899 4588 1001 4643 οὐκ
1054 4590 1219 4644 εἶπεν·
1276 4591 1508 4651 Ἔπαθεν
1568 4590 1808 4652 ἀπαθῶς·
1867 4587 2007 4660 ἀλλ’,

347 4703 375 4730 α
408 4681 640 4752 Ἔμαθε,
673 4677 857 4757 φησὶν,
893 4679 980 4757 ἀφ’
1028 4680 1101 4732 ὧν
1163 4677 1342 4733 ἔπαθε·
1381 4704 1401 4730 ι
1437 4678 1551 4748 καὶ,
1591 4705 1609 4728 ιι
1668 4677 2008 4755 Πεπειραμέ-

341 4789 459 4841 νος,
511 4768 646 4823 κατὰ
693 4769 883 4839 πάντα,
936 4769 1050 4821 καθ’
1094 4767 1440 4840 ὁμοιότητα;
1478 4792 1503 4818 ››
1550 4768 1624 4825 Τὸ
1682 4789 1703 4817 ι
1756 4787 2010 4845 πεπειρα-

350 4858 540 4929 μένος,
587 4881 614 4907 ›)
648 4856 929 4932 πόῤῥωθεν
978 4854 1155 4911 ἀνεῖλε
1200 4860 1307 4910 τῶν
1358 4856 1624 4913 τοιούτων
1673 4854 1852 4932 λόγων
1912 4857 2011 4926 την

349 4943 656 5021 )ηρῳδίαν·
709 4947 765 4999 Ὀ
822 4947 922 5021 γὰρ
989 4946 1126 5000 κατά
1198 4946 1371 4999 πάντα
1444 4944 1841 5021 πεπειραμένος
1898 4947 2016 4999 καθ’

351 5034 680 5108 ὁμοιότητα,
716 5035 751 5104 ἢ
785 5035 1047 5089 πέπονθεν
1100 5032 1199 5088 οὐκ
1246 5033 1486 5101 ἀπαθῶς,
1517 5032 1609 5088 ’ίνα
1666 5033 1875 5111 φυλάξῃ
1932 5034 2015 5103 τὸ,

353 5148 382 5175 ‹‹
414 5125 550 5179 κατά
598 5124 771 5178 πάντα
820 5124 939 5187 καθ’
982 5123 1306 5196 ὁμοιότητα·
1346 5148 1373 5175 ››
1422 5125 1456 5194 ἢ
1507 5123 1596 5178 καὶ
1635 5122 1763 5185 τοὺς
1814 5122 2018 5183 ἄλλους

352 5209 587 5267 δείκνυσι
641 5212 907 5277 παθόντας
967 5212 1204 5283 ἀπαθῶς,
1228 5209 1320 5267 ’ίνα
1381 5212 1527 5287 σώσῃ
1575 5213 1673 5281 τὴν
1733 5212 1867 5288 πρὸς
1921 5211 2016 5265 αῦ-

351 5302 477 5365 τοὺς
536 5301 860 5376 ὁμοιότητα.
915 5302 1072 5356 Ὥστε
1129 5304 1163 5373 ἢ
1224 5302 1313 5356 καὶ
1375 5302 1465 5357 τὸν
1527 5304 1759 5375 Σωτῆρα
1816 5322 2016 5356 πεπον-

353 5391 498 5455 θέναι
531 5390 751 5457 ἀληθῶς
783 5390 1185 5467 ὁμολογητέον,
1216 5394 1249 5463 ἢ
1276 5394 1367 5446 καὶ
1422 5391 1549 5457 τοὺς
1612 5389 1819 5453 ἄλλους
1880 5390 2016 5443 ἀπα-

420 5565 465 5600 ⁶⁸
494 5566 515 5621 Ι
548 5569 677 5622 Cor.
710 5582 805 5635 xv,
837 5566 929 5620 21.

1005 5566 1052 5599 ⁶⁴
1082 5564 1254 5622 Hebr.
1288 5582 1346 5635 ν,
1377 5569 1429 5622 8.
1508 5566 1553 5600 ⁸⁵
1584 5565 1757 5620 Hebr.
1797 5580 1874 5630 ιν,
1910 5564 1996 5617 15.

2110 3168 2478 3238 excitatione,
2529 3168 2890 3225 laborantem
2952 3167 3079 3222 sine
3136 3164 3351 3232 labore,
3414 3166 3761 3235 prudentem

2111 3258 2536 3328 imprudenter,
2596 3258 2930 3327 loquentem
2986 3256 3110 3310 sine
3167 3254 3418 3326 loquela,
3452 3253 3762 3308 utilitatem

2112 3347 2448 3401 all‘erentem
2484 3346 2790 3414 inutiliter,
2815 3344 3072 3400 solutum
3106 3344 3379 3407 insolute,
3407 3348 3469 3398 ut
3498 3344 3764 3398 dicamus

2114 3452 2325 3506 passus
2359 3440 2449 3490 est
2483 3434 3087 3505 impassibiliter‘mua:
3121 3439 3280 3488 tanta
3302 3433 3421 3488 haec
3445 3433 3765 3487 dementia?

2114 3542 2241 3594 qua:
2277 3524 2487 3579 furoris
2522 3523 2992 3595 perseverantia?
3022 3522 3155 3593 quis
3194 3522 3457 3577 amentia:
3518 3520 3765 3592 stupor?

2114 3613 2194 3668 De
2253 3614 2555 3667 tremendo
2615 3612 2897 3667 nimirum
2958 3611 3235 3683 mysterio
3282 3612 3457 3667 verba
3486 3611 3763 3682 proferre,

2113 3702 2373 3773 amplam
2406 3702 2561 3757 risus
2594 3703 2900 3757 materiam
2959 3700 3293 3757 moventia?
3352 3700 3614 3771 polliceri
3674 3716 3764 3754 ra-

2113 3791 2259 3847 tioni
2316 3808 2595 3862 congrua,
2655 3798 2711 3847 et
2761 3808 2793 3847 a
2825 3790 3047 3846 ratione
3076 3790 3439 3846 alienissima
3468 3789 3767 3862 proferre?

2109 3880 2191 3934 ita
2222 3880 2591 3951 respondere,
2630 3884 2691 3934 ut
2718 3880 2947 3935 videare
2980 3896 3093 3935 non
3128 3878 3539 3948 respondisse?
3586 3878 3762 3933 inter-

2110 3969 2495 4038 pretationem
2551 3968 2819 4023 exhibere
2882 3985 2939 4024 re
2969 3967 3311 4039 explicanda
3339 3966 3759 4033 obscuriorem,

2109 4062 2166 4112 et
2196 4056 2436 4127 majoris
2467 4056 2852 4112 dubitationis
2886 4056 3177 4113 matrem?
3207 4056 3313 4120 Qui
3346 4056 3409 4110 ﬁt
3439 4055 3594 4126 quod
3631 4072 3767 4110 san-

2110 4151 2337 4199 ctorum
2374 4162 2545 4199 nemo
2577 4159 2696 4199 tam
2729 4145 2846 4199 alta
2878 4144 3285 4217 contemplari,
3319 4160 3423 4200 nec
3454 4144 3553 4199 illo
3585 4148 3771 4199 tanto-

2110 4250 2245 4305 pere
2276 4233 2563 4287 celebrato
2592 4234 2768 4287 verbo
2801 4234 2885 4287 uti
2920 4234 3125 4304 potuit,
3161 4250 3370 4303 passus
3401 4238 3491 4286 est
3550 4233 3770 4302 impas-

2111 4322 2403 4378 sibiliter?
2438 4324 2578 4395 Ipsae
2613 4338 2789 4377 sacrae
2827 4323 3029 4376 litterae
3064 4327 3145 4376 tot
3178 4321 3447 4376 versibus
3481 4321 3771 4377 distinctze

2113 4411 2250 4483 quid
2285 4417 2373 4467 est
2400 4429 2502 4465 cur
2553 4410 2925 4487 magnificam
2988 4411 3137 4469 hanc
3198 4409 3608 4465 revelationem
3668 4426 3775 4464 nos

2116 4502 2362 4557 minime
2421 4501 2786 4555 docuerunt?
2842 4499 3059 4555 Paulus
3130 4499 3186 4553 in
3260 4499 3493 4554 tertium
3564 4498 3774 4554 cmlum

2126 4592 2408 4658 ascendit,
2442 4596 2497 4646 et
2528 4607 2739 4645 arcana
2774 4590 2950 4645 verba
2984 4589 3040 4643 in
3074 4589 3345 4661 paradiso
3378 4588 3618 4658 audivit,
3678 4589 3777 4643 sed

2123 4679 2463 4750 hujusmodi
2498 4679 2641 4733 nihil
2673 4678 3092 4751 pronuntiavit.
3125 4680 3209 4733 An
3245 4679 3399 4734 500
3431 4695 3583 4745 vero,
3647 4676 3781 4733 reli-

2123 4776 2213 4823 cta
2264 4768 2410 4840 ipsis
2440 4784 2662 4836 eorum,
2699 4786 2824 4839 quas
2856 4777 3083 4839 captum
3115 4784 3344 4822 omnem
3380 4770 3659 4840 superant
3689 4783 3784 4821 ex-

2124 4856 2431 4929 positione,
2468 4876 2580 4913 non
2617 4858 2781 4922 dixit,
2814 4873 3025 4929 passus
3056 4863 3144 4912 est
3174 4856 3636 4928 impassibiliter,
3685 4855 3784 4910 sed

2128 4970 2154 4995 ‹‹
2189 4947 2376 5013 exiis,
2411 4946 2510 5015 ait,
2546 4964 2671 5019 qua:
2700 4964 2913 5018 passus
2943 4956 3053 5015 est,
3104 4946 3309 5000 didicit
3365 4946 3411 4979 6‘
3473 4963 3485 5000 :
3546 4967 3574 4996 »
3639 4944 3781 4999 Item

2128 5057 2156 5085 «
2187 5039 2446 5091 tentatus
2477 5041 2564 5091 est
2594 5034 2653 5090 in
2685 5036 2965 5091 omnibus
2998 5034 3269 5091 similiter
3297 5034 3387 5087 δεῖ)
3421 5056 3441 5083 ι
3480 5036 3605 5098 Qua
3628 5049 3789 5100 voce,

2132 5148 2158 5174 ‹‹
2190 5130 2448 5180 tentatus
2479 5131 2588 5195 est,
2623 5148 2650 5173 ››
2682 5126 2857 5180 verba
2884 5123 3175 5197 ejusmodi
3210 5124 3521 5195 nugatoria
3558 5122 3791 5193 jamdiu

2129 5212 2544 5269 sustulit.Nam
2579 5214 2679 5285 qui
2715 5214 2771 5268 in
2806 5213 3081 5268 omnibus
3105 5214 3176 5266 ad
3203 5212 3650 5268 similitudinem
3672 5216 3795 5267 ten-

2133 5306 2287 5357 tatus
2316 5308 2423 5372 est,
2460 5303 2509 5357 is
2546 5306 2647 5357 aut
2680 5318 2894 5377 passus
2925 5306 3013 5357 est
3044 5318 3157 5356 non
3210 5300 3680 5373 impassibiliter,
3732 5304 3797 5355 ut

2132 5392 2303 5448 firma
2362 5396 2641 5446 maneant
2685 5390 2805 5459 illa,
2842 5413 2864 5440 ιι
2902 5390 2959 5444 in
2992 5389 3267 5445 omnibus
3300 5388 3595 5455 similiter,
3630 5409 3661 5442 ι
3694 5393 3796 5445 aut

430 5737 541 5809 (23)
572 5740 735 5808 Mss.,
766 5732 1106 5811 προνοοῦντα
1134 5732 1404 5812 ἀφρόνως,
1438 5731 1709 5789 λαλοῦντα
1739 5730 2001 5811 ἀνωφελῶ

2116 5730 2260 5799 nale,
2292 5729 2445 5787 Editi
2476 5730 2741 5802 quaedam
2774 5728 3115 5785 omiserant.
