4104 6352
403 331 558 425 5359

1580 362 1642 419 S.
1691 358 2214 420 A'l‘HANASlUS.
2254 390 2327 419 τ
2360 361 2670 419 SPURIA.

3652 363 3796 422 I360

397 497 543 553 alios
574 514 803 568 quoque
837 497 1243 568 impatihiliter
1276 497 1390 568 pati
1425 496 1701 563 ostendit,
1755 502 1813 548 ut
1869 509 2027 548 serve

2171 495 2275 553 θῶς
2332 492 2672 559 πεπονθέναι,
2726 492 2797 546 ῶν
2876 492 2994 545 καθ’
3054 490 3357 563 ὁμοιότητα
3424 493 3797 566 πεπειραμένος

397 604 525 643 eam
540 604 863 659 quamcum
881 584 2059 647 illishabetsimilitudinemQuamobrem

400 677 745 732 alterutrum
780 682 869 732 est
899 676 1316 749 proﬁtendum,
1353 680 1455 730 aut
1483 691 1616 730 vere
1645 690 1886 746 passum
1931 688 2060 728 esse

401 765 759 821 Salvatorem
817 770 1110 828 nostrum,
1145 771 1245 819 aut
1276 764 1422 820 alios
1449 781 1682 836 quoque
1711 760 2058 833 impetibili-

396 859 488 909 ter
518 856 822 925 passos,ad
856 872 1108 923 quorum
1141 854 1589 909 similitudinem
1623 853 1908 908 Dominus
1930 858 2056 905 ten-

396 947 557 999 tatus
590 944 769 999 fuisse
802 943 1165 1016 praedicatur.
1201 945 1339 1009 Quae
1384 959 1556 1015 porro
1606 942 1898 1014 patientiae
1955 940 2054 996 de-

400 1033 748 1087 monstratio
806 1049 876 1087 ex
927 1049 995 1088 eo
1052 1033 1205 1104 quod
1267 1030 1711 1103 impassibiliter
1757 1028 2056 1101 patiatur?

395 1120 698 1184 Quomodo
727 1122 942 1177 dicitur
969 1121 1249 1193 patientia
1276 1121 1515 1190 Christi,
1566 1121 1615 1175 si
1667 1120 1897 1175 nullum
1951 1120 2053 1173 do-

395 1208 537 1266 loris
568 1227 809 1267 sensum
842 1211 1142 1282 percepit?
1164 1211 1288 1275 Qua
1318 1210 1543 1266 ratione
1573 1210 1905 1264 ostenditur
1924 1209 2054 1279 ejus

397 1315 536 1371 erga
567 1300 834 1355 homines
866 1299 1181 1355 inell'abilis
1229 1304 1281 1354 et
1331 1298 1808 1369 incomparabilis
1865 1314 2051 1364 amor,

396 1388 444 1444 si
487 1390 711 1460 absque
744 1389 1042 1444 laboribus
1075 1390 1272 1460 passio
1308 1388 1461 1443 fuit?
1491 1388 1633 1455 Quis
1667 1388 1784 1459 pati
1820 1404 2051 1443 recusa-

392 1480 560 1547 verit,
597 1494 709 1532 non
744 1478 915 1533 modo
946 1494 1049 1550 pro
1083 1477 1310 1541 amicis,
1345 1478 1446 1533 sed
1475 1476 1651 1532 etiam
1686 1493 1788 1548 pro
1849 1477 2052 1531 adver-

391 1566 585 1633 sariis,
639 1567 688 1621 si
724 1566 844 1638 pati
869 1565 1038 1621 liceat
1070 1566 1560 1638 impassibiliter?
1585 1565 1733 1628 Quid
1761 1569 1886 1621 erat
1914 1581 2052 1638 ergo

392 1655 548 1726 quod
580 1655 865 1710 Dominus
896 1655 1132 1722 diceret,
1174 1678 1201 1705 «
1263 1655 1517 1727 Spiritus
1579 1660 1887 1725 promptus
1939 1659 2052 1723 est,

393 1761 525 1800 caro
584 1749 780 1799 autem
832 1745 1068 1799 inﬁrma
1092 1746 1157 1809 ⁸⁸,
1192 1766 1220 1793 ››
1251 1744 1299 1799 si
1334 1744 1665 1815 passionem
1696 1744 1917 1814 absque
1948 1744 2051 1799 do-

2171 581 2199 634 6
2232 581 2506 651 Δεσπότης
2561 581 2906 656 κηρύσσεται.
2940 579 3033 640 Ti:
3096 577 3153 633 δὲ
3206 578 3295 633 καὶ
3356 580 3633 652 ὑπομονῆς
3681 582 3798 637 ἀπό.

2171 666 2329 738 δειξις
2378 667 2437 723 ἐκ
2481 674 2578 724 τοῦ
2637 674 2823 733 παθεῖν
2875 667 3136 736 ἀπαθῶς;
3176 672 3294 730 Πῶς
3345 667 3558 742 λέγεται
3605 671 3639 738 ἡ
3672 670 3795 725 ὑπο-

2173 759 2311 831 μονή
2369 763 2467 812 τοῦ
2526 762 2778 834 Χριστοῦ,
2834 756 2879 812 εἷ
2931 758 3007 830 μή
3071 756 3249 811 πόνων
3309 753 3557 826 α”σθησιν
3612 755 3795 829 ἕλαδεὶ

2168 852 2291 909 Πῶς
2323 844 2380 903 δὶ
2413 844 2680 903 δείκνυται
2738 850 2773 916 ἡ
2834 845 3033 924 ἅφατος
3090 847 3178 900 καὶ
3240 841 3625 919 άπαράϐλητος
3678 850 3800 923 πρὸ)

2166 935 2479 1010 ἀνθρώπους
2552 935 2933 1015 φιλοστοργία,
2990 934 3037 989 εἰ
3094 932 3222 1010 δίχα
3295 935 3477 988 πόνων
3535 936 3595 988 τὸ
3648 938 3799 998 πάθος

2167 1023 2416 1100 ἐγένετο;
2460 1024 2551 1088 Τίς
2610 1025 2723 1102 οὐχ
2781 1026 3009 1101 αἱρεῖται
3068 1025 3278 1090 παθεῖν,
3338 1022 3401 1076 οὐ
3463 1024 3622 1095 μόνον
3682 1025 3800 1102 ὑπὲρ

2165 1112 2366 1193 φίλων,
2398 1112 2663 1184 ἀλλ’-ἤδη
2718 1111 2808 1169 καί
2868 1112 3000 1189 ὑπὲρ
3050 1110 3362 1188 ἀντιδίκων,
3398 1112 3443 1166 εἰ
3504 1113 3796 1185 ὑπεμέξιστι

2164 1210 2351 1268 παθεῖν
2412 1205 2668 1273 άπαθῶς;
2722 1201 2794 1258 Οὖ
2853 1200 2910 1258 δὲ
2967 1203 3128 1278 χάριν
3190 1200 3369 1278 ἔλεγεν
3432 1202 3460 1256 6
3522 1202 3794 1272 Δεσπότης,

2166 1318 2193 1345 ‹‹
2225 1294 2295 1348 Τὸ
2353 1298 2566 1366 πνεῦμα
2612 1293 2917 1366 πρόθυμον,
2949 1294 2983 1361 ἡ
3031 1288 3089 1346 δὲ
3139 1291 3266 1365 σάρξ
3317 1291 3570 1360 ἀσθενὴς,
3606 1319 3626 1342 ι
3670 1288 3794 1367 ε”περ

2164 1380 2366 1454 ἔμελλε
2439 1381 2501 1436 τὸ
2582 1383 2752 1445 πάθος
2833 1379 3156 1454 ἀναλγήτως
3241 1379 3600 1455 προσίεσθαι;
3658 1380 3800 1435 ἰνατί

2163 1471 2299 1547 πρὸς
2346 1471 2437 1525 τὸν
2486 1473 2698 1545 Πατέρα
2744 1465 2893 1525 ἐϐόα·
2929 1493 2956 1521 ι(
2995 1469 3187 1542 Πάτερ,
3224 1467 3270 1522 εἷ’
3324 1465 3574 1535 δυνατὸν,
3619 1467 3802 1542 παρελο

2163 1561 2299 1615 θέτω
2326 1559 2390 1615 τι)
2420 1563 2686 1637 ποτήριον
2733 1563 2930 1627 τοῦτο;
2966 1582 2996 1611 »
3025 1556 3169 1619 τίνος
3206 1553 3384 1612 ἕνεκεν
3420 1556 3587 1632 εὐχάς
3634 1557 3802 1627 ἱκετη-

2165 1649 2312 1725 ρίους
2347 1651 2482 1723 μετὰ
2509 1655 2752 1725 κραυγῆς
2797 1647 3026 1723 ῗσχυρᾶς
3084 1646 3176 1702 καὶ
3230 1643 3481 1721 δακρύων
3540 1648 3672 1722 πρὸς
3721 1649 3805 1702 τὸν

2163 1737 2458 1812 δυνάμενον
2533 1739 2723 1807 σώζειν
2797 1737 2958 1792 αὐτὸν
3019 1736 3081 1792 ἐκ
3136 1736 3362 1791 θανάτου
3443 1737 3801 1815 προσέφερεν;

391 1831 515 1887 lore
546 1840 896 1903 experturus
925 1832 1090 1888 erat?
1119 1835 1256 1896 Quae
1282 1849 1461 1888 causa
1485 1838 1610 1888 erat
1639 1833 1793 1904 quod
1828 1834 1897 1887 ad
1945 1837 2027 1888 Pal

2161 1829 2230 1886 ’Ἡ
2278 1827 2368 1883 οὖν
2427 1827 2600 1883 πάντα
2644 1828 2825 1897 άληθῆ
2873 1827 3204 1895 πιστευτέον,
3236 1825 3326 1880 καὶ
3375 1825 3441 1880 τὸ
3479 1825 3648 1888 πάθος
3678 1824 3804 1896 ἁλη-

390 1914 540 1974 trem
591 1920 871 1975 clamaret
902 1937 915 1973 :
950 1943 977 1969 ‹‹
1019 1922 1203 1986 Pater,
1257 1921 1305 1975 si
1339 1921 1619 1992 possibile
1649 1926 1758 1985 est,
1792 1926 2054 1976 transeat

391 2025 424 2063 a
456 2026 549 2063 me
581 2008 731 2063 calix
765 2011 871 2065 iste
899 2009 1032 2063 δτι»
1067 2010 1254 2073 Quare
1304 2010 1601 2082 supplices
1660 2026 1860 2080 preces
1915 2025 2047 2064 cum

387 2098 722 2152 vehementi
784 2098 1040 2152 clamore
1100 2104 1157 2153 et
1212 2098 1488 2170 lacrymis
1521 2101 1590 2154 ad
1627 2116 1761 2153 eum
1795 2099 1892 2171 qui
1926 2117 1986 2155 se
2016 2117 2052 2156 a

389 2197 577 2241 morte
607 2186 831 2257 eripere
865 2192 1063 2258 posset
1091 2187 1405 2243 offerebat?
1438 2193 1551 2242 Aut
1579 2189 1759 2261 igitur
1787 2206 1920 2243 vera
1950 2189 2051 2244 illa

386 2276 583 2330 omnia
616 2275 991 2344 credenda,et
1026 2276 1358 2345 passionem
1392 2294 1585 2332 veram
1636 2277 1816 2331 fuisse
1865 2278 2044 2333 conﬁ-

384 2366 625 2420 tendum
688 2371 797 2429 est,
858 2370 958 2418 aut
1016 2366 1348 2436 passionem
1400 2366 1560 2421 illam
1594 2366 1720 2422 sine
1752 2370 2041 2438 passione,

390 2467 628 2508 necesse
657 2458 746 2507 est
777 2459 1047 2522 reputare
1077 2454 1331 2525 speciem
1392 2454 1586 2525 plane,
1638 2456 1928 2512 ﬁctionem
1989 2463 2046 2514 et

384 2540 760 2612 phantasiam
822 2541 1025 2598 fuisse.
1087 2543 1145 2598 Si
1204 2560 1319 2598 non
1377 2559 1509 2599 vere
1554 2561 1766 2616 passus
1795 2554 1903 2613 est,
1938 2563 2045 2603 nec

381 2646 515 2685 vere
544 2630 747 2701 utique
778 2632 1118 2686 resurrexit.
1142 2632 1199 2685 Si
1232 2648 1431 2687 revera
1459 2649 1573 2687 non
1596 2636 1857 2706 gustavit
1886 2652 2042 2691 mor-

380 2721 523 2783 tem,
559 2735 664 2774 nec
692 2718 965 2774 stimulos
997 2721 1205 2776 mortis
1238 2721 1527 2787 restinxit,
1560 2723 1753 2778 adhuc
1796 2724 1853 2778 in
1916 2741 2044 2797 pec-

384 2806 531 2861 catis
586 2823 795 2862 sumus
856 2809 1092 2878 nostris,
1128 2809 1321 2864 adhuc
1352 2827 1508 2865 mors
1539 2812 1816 2867 omnibus
1846 2814 2038 2869 domi-

384 2902 580 2961 natur,
617 2896 810 2952 adhuc
836 2897 909 2952 ab
943 2898 1277 2953 ha-reditate
1309 2915 1519 2955 sumus
1548 2900 1744 2956 alieni.
1779 2902 1835 2957 Si
1869 2920 2036 2958 nam-

381 3000 492 3054 que
526 2985 662 3040 ficta
694 3002 872 3053 mors,
906 2986 953 3040 si
989 2986 1240 3041 mendax
1268 2991 1724 3054 testamentum;
1764 3007 1869 3046 nec
1898 3008 2037 3048 vera

377 3073 489 3127 erit
517 3074 845 3129 hareditas.
878 3074 1010 3130 Haec
1042 3074 1211 3131 nobis
1241 3074 1332 3131 lex
1362 3079 1705 3148 pronuntiat
1739 3097 1752 3134 :
1787 3102 1814 3129 ‹‹
1835 3084 2032 3137 Testa-

376 3166 640 3217 mentum
673 3162 732 3217 in
765 3165 1017 3219 mortuis
1047 3165 1462 3220 conﬁrmatum
1495 3173 1583 3221 est
1611 3167 1676 3221 6⁸.
1712 3190 1740 3218 ››
1775 3169 1833 3224 Si
1892 3187 2028 3243 ergo

2162 1919 2307 1981 θινὸν
2359 1915 2737 1990 ὁμολογητέον
2767 1935 2779 1948 ⁸
2839 1917 2890 1984 ἢ,
2950 1919 3047 1969 τοῦ
3113 1914 3319 1978 πάθους
3386 1916 3609 1976 ἀπαθῶς
3662 1935 3803 1990 γεγε-

2157 2008 2351 2076 νῆσθαι
2404 2005 2726 2082 λεγομένου,
2780 2011 2974 2080 σχῆμα
3030 2004 3233 2080 ἀνάγκη
3289 2003 3380 2058 καὶ
3441 2000 3664 2075 δόκησιν
3723 2002 3805 2058 καὶ

2160 2094 2448 2174 φαντασίαν
2506 2095 2680 2150 πάντα
2743 2092 3075 2168 λογίζεσθαι.
3121 2091 3185 2149 Εἰ
3241 2092 3302 2147 οὐ
3360 2094 3628 2157 πέπονθεν
3674 2090 3806 2163 άλη-

2160 2191 2286 2254 θῶς,
2322 2182 2446 2240 οὐδὲ
2477 2186 2668 2252 ἀνέστη
2704 2182 2921 2237 πάντως
2952 2180 3192 2247 ἀληθῶς.
3230 2181 3289 2237 Εἰ
3327 2183 3405 2255 μὴ
3456 2176 3628 2244 ὅντως
3678 2180 3811 2258 ἐγεύ-

2158 2296 2286 2330 σατο
2335 2273 2586 2345 θανάτου,
2615 2270 2741 2327 οὐδὲ
2784 2272 2853 2327 τά
2908 2271 3101 2347 κέντρα
3158 2264 3344 2325 ἔσϐεσε
3401 2275 3505 2325 τοῦ
3566 2272 3806 2335 θανάτου·

2158 2361 2234 2418 ἔτι
2293 2364 2449 2436 ἐσμὲν
2510 2363 2562 2417 έν
2620 2366 2738 2423 ταῖς
2800 2359 3091 2435 ἁμαρτίαις
3151 2362 3339 2432 ἡμῶν,
3399 2358 3479 2415 ἔτι
3543 2360 3812 2437 βασιλεύει

2153 2453 2369 2508 πάντων
2423 2453 2452 2506 ὁ
2501 2440 2748 2512 θάνατος·
2783 2447 2860 2505 ⁴ἔτι
2927 2456 3028 2517 τῆς
3083 2446 3470 2524 κληρονομίας
3522 2448 3812 2519 ἀλλότριοι

2152 2544 2583 2612 καθεστήκαμεν.
2641 2539 2707 2596 Εἰ
2764 2542 2866 2614 γάρ
2922 2538 2949 2592 6
3004 2537 3225 2601 θάνατος
3283 2536 3595 2606 ἀπατηλὸς,
3642 2536 3727 2591 καὶ
3777 2538 3809 2605 ή

2153 2630 2386 2701 διαθήκη
2419 2627 2646 2704 ψευδὴς,
2678 2627 2767 2682 καὶ
2804 2628 2838 2695 ἡ
2884 2624 3233 2701 κληρονομία
3281 2624 3381 2680 οὐκ
3432 2625 3671 2697 ἀληθής.
3705 2625 3802 2680 Νό-

2155 2741 2255 2795 μος
2306 2724 2442 2789 ἡμῖν
2504 2723 2668 2773 ταῦτα
2725 2713 3049 2791 διαγορεύει·
3113 2739 3140 2764 ‹‹
3200 2717 3472 2785 Διαθήκη,
3538 2740 3565 2766 ››
3624 2716 3802 2792 φησὶν,

2152 2835 2179 2861 ‹‹
2211 2809 2300 2865 ἐπὶ
2330 2814 2541 2884 νεκροῖς
2578 2801 2785 2881 βεϐαία.
2824 2827 2852 2855 ››
2886 2804 2947 2858 Εἰ
2989 2801 3080 2858 οὗν
3137 2801 3200 2857 οὐ
3254 2804 3515 2876 τέθνηκεν
3575 2799 3742 2866 ὄντως
3773 2804 3799 2858 ὁ

2144 2898 2243 2965 τήν
2297 2896 2497 2963 Καινὴν
2530 2894 2803 2962 Διαθήκην
2856 2890 2992 2966 πρὸς
3050 2892 3198 2963 ἡμᾶς
3258 2888 3603 2965 διαθέμενος,
3636 2892 3800 2968 ἄκυρα

2142 2986 2210 3042 τὰ
2237 2992 2338 3054 τῆς
2371 2975 2992 3053 Διαθήκης,άπόόληνοι
3024 2979 3076 3033 οἱ
3108 2977 3402 3053 λεγόμενοι
3431 2980 3799 3057 κληρονόμοι,

2144 3073 2302 3130 ’Δλλ’
2333 3075 2503 3148 ἄπαγε
2548 3079 2648 3141 τῆς
2691 3069 2950 3135 τοιαύτης
2998 3067 3396 3143 παραπληξίας,
3432 3071 3479 3124 ὦ
3524 3068 3796 3142 ἅνθρωπει

2142 3165 2243 3221 Καὶ
2292 3165 2321 3219 ὁ
2355 3160 2666 3234 διαθέμενος
2715 3159 2816 3234 γὰρ
2859 3158 3102 3229 τέθνηκε,
3127 3154 3215 3211 κα)
3264 3159 3299 3227 ἡ
3350 3161 3598 3229 Alae-4x13
3644 3158 3794 3214 χικῦ-

371 3249 424 3304 is
464 3264 595 3305 vere
627 3257 894 3306 mortuus
926 3268 1042 3306 non
1073 3257 1163 3307 est
1195 3254 1291 3324 qui
1324 3253 1549 3309 Novum
1584 3233 2026 3314 Testamentum

2143 3273 2331 3331 ρωται,
2377 3250 2467 3305 καὶ
2514 3233 2560 3319 νὴ
2622 3233 2968 3323 κληρονομία
3015 3250 3133 3307 τοῖς
3208 3245 3527 3302 πιστεύουσι
3579 3247 3796 3323 πρόκει-

370 3338 677 3395 nobiscum
712 3340 1036 3406 iniit,irrita
1063 3357 1203 3397 sane
1237 3358 1366 3413 quae
1389 3342 1449 3397 in
1471 3343 1844 3402 Testamento
1867 3353 2026 3418 sunt,

368 3427 684 3501 rejectique
709 3429 748 3483 ii
780 3429 879 3500 qui
916 3429 1173 3486 heredes
1216 3437 1358 3486 sunt
1408 3434 1614 3488 vocati.
1676 3436 1786 3490 Sed
1843 3454 2028 3510 apage

368 3517 659 3586 ejusmodi
710 3517 1038 3585 vesaniam,
1070 3534 1103 3572 ο
1134 3518 1345 3574 homo!
1379 3520 1523 3577 Nam
1551 3522 1648 3593 qui
1682 3524 2026 3581 Testamen-

371 3609 499 3660 tum
533 3606 776 3678 pepigit,
812 3612 1081 3662 mortuus
1110 3613 1219 3673 est,
1251 3615 1310 3664 et
1340 3617 1530 3665 ratum
1561 3617 1651 3666 est
1680 3613 2026 3670 Testamen-

371 3698 524 3762 tum,
557 3694 987 3767 haareditasque
1019 3697 1319 3768 proposita
1347 3699 1740 3768 credentibus,
1774 3718 1841 3756 ac
1883 3720 2024 3775 sup-

369 3781 609 3854 plicium
639 3784 1015 3857 sycophantis
1046 3787 1741 3861 paratum.Reperiuntur
1768 3808 2027 3864 namque

365 3871 700 3944 complures
733 3879 936 3929 contra
971 3875 1149 3929 Deum
1209 3874 1339 3931 falsi
1398 3884 1598 3947 testes,
1659 3880 1760 3951 qui
1820 3882 2026 3938 dicunt

2137 3364 2245 3407 ται,
2304 3340 2392 3397 καὶ
2453 3342 2486 3409 ἡ
2542 3336 2787 3413 τιμωρία
2839 3340 2954 3397 τοῖς
3013 3335 3372 3411 συκοφάνταις
3441 3336 3791 3410 ἡτοίμασται.

2138 3431 2490 3508 Εὑρίσκονται
2549 3427 2654 3503 γὰρ
2712 3422 2920 3481 πολλοὶ
2976 3419 3418 3499 ψευδομάρτυρες
3485 3430 3586 3480 τοῦ
3663 3429 3793 3481 Θεοῦ

2136 3521 2411 3597 λέγοντες,
2474 3518 2556 3573 ὅτι
2630 3514 2823 3590 ἤγειρε
2895 3513 2985 3568 τὸν
3046 3512 3274 3587 Χριστὸν
3333 3511 3394 3567 ἐκ
3448 3518 3675 3591 νεκρῶν,
3732 3514 3788 3569 ὃν

2135 3612 2236 3666 οὐκ
2317 3608 2540 3679 ἀληθῶς
2622 3602 2917 3673 τεθνηκότα
2996 3598 3216 3675 ἤγειρεν
3252 3644 3265 3669 ,
3330 3599 3481 3678 ε’ίπερ
3569 3602 3789 3667 ἀπαθῶς

2136 3700 2298 3763 ἔπαθε
2334 3744 2347 3755 .
2428 3696 2524 3750 Καὶ
2610 3691 2830 3750 Παύλου
2929 3692 3169 3767 βοῶντος
3203 3733 3217 3758 ,
3280 3689 3365 3745 ὅτι
3437 3693 3683 3763 παθητὸς
3757 3692 3785 3746 ὁ

2135 3789 2388 3867 Χριστὸς,
2446 3786 2499 3841 οἱ
2558 3780 2779 3839 Παύλου
2833 3778 3101 3836 ἀντίδικοι
3156 3778 3220 3832 τὸ
3282 3802 3309 3831 ι(
3363 3780 3587 3845 ἀπαθῶς
3624 3805 3644 3831 ι
3700 3781 3784 3836 ἀν-

2129 3878 2524 3959 τιφθέγγονται.

361 3976 498 4015 eum
531 3961 852 4018 suscitasse
882 3962 1180 4018 Christum
1214 3980 1248 4018 a
1275 3967 1544 4032 mortuis,
1574 3984 1746 4039 quem
1783 3986 1896 4025 non
1928 3988 2060 4027 vere
2093 3976 2385 4028 mortuum
2418 3963 2709 4032 excitavit,
2737 3962 2787 4018 si
2815 3962 3057 4034 quidem
3091 3978 3304 4033 passus
3353 3966 3444 4018 est
3500 3961 3778 4034 impassi-

256 4108 267 4119 _
354 4048 574 4107 biliter.
638 4051 709 4106 Et
755 4049 1048 4108 clamante
1077 4051 1258 4108 Paulo
1291 4055 1629 4124 passibilem
1659 4075 1789 4115 esse
1818 4059 2137 4130 Christum,
2170 4057 2333 4117 Pauli
2366 4052 2682 4113 adversarii
2713 4056 2920 4107 contra
2948 4051 3226 4117 clamant,
3260 4049 3406 4106 illud
3440 4072 3469 4101 ‹‹
3502 4051 3777 4124 impassi-

352 4137 552 4194 biliter
582 4162 611 4190 n
643 4143 1012 4213 proferendo.

1096 4262 1254 4318 VIII.

450 4346 719 4404 Adversus
764 4365 854 4405 eos
904 4351 1001 4422 qui
1047 4351 1283 4406 dicunt:
1320 4353 1519 4409 Passus
1559 4362 1641 4410 est
1668 4356 1809 4412 Deus
1838 4360 1897 4411 ut

1070 4423 1267 4479 voluit.

411 4523 517 4588 Qui
550 4527 872 4583 secundum
903 4527 1092 4601 legem
1128 4529 1237 4585 iter
1275 4546 1551 4603 peragere
1610 4532 1835 4604 volunt,
1894 4550 1998 4588 cu-

337 4618 587 4685 rantque
642 4632 876 4672 omnem
937 4619 1188 4690 effugere
1219 4635 1502 4687 errorem,
1534 4621 1771 4692 quidvis
1801 4621 1995 4692 potius

335 4701 475 4756 mali
507 4702 928 4776 eligent,quam
960 4706 1046 4762 vel
1077 4708 1370 4764 tantillum
1404 4726 1438 4764 a
1469 4708 1560 4763 via
1612 4709 1845 4780 publica
1892 4710 1994 4764 de-

331 4790 589 4847 ﬂectunt.
649 4793 862 4849 Eodem
924 4811 1164 4866 prorsus
1217 4798 1391 4853 modo
1440 4798 1540 4867 qui
1576 4814 1676 4869 per
1705 4797 1854 4852 viam
1890 4799 1992 4853 do-

329 4886 591 4952 gmatum
629 4883 888 4939 veritatis
904 4884 1105 4940 volunt
1128 4886 1685 4959 incedere,vestigiis
1706 4886 1992 4943 inharent

2863 4257 3012 4313 VIII.

2329 4350 2472 4428 Πρὸς
2502 4347 2631 4411 τοὺς
2663 4344 2945 4428 λέγοντας·
2978 4347 3210 4409 Ἕπαθεν
3242 4345 3270 4399 6
3300 4344 3430 4407 Θεὸς
3477 4345 3557 4408 ὡς

2790 4416 3083 4488 ἠθέλησεν.

2183 4529 2248 4584 Οἱ
2303 4528 2440 4583 κατά
2493 4526 2664 4600 νόμον
2724 4521 3039 4599 ὁδοιπορίαν
3100 4521 3277 4576 ἄνύειν
3334 4516 3635 4590 ξθὲΛοντες,
3681 4518 3771 4575 καὶ

2107 4615 2322 4696 φεύγειν
2356 4622 2528 4670 πᾶσαν
2584 4611 2793 4684 πλάιην
2855 4609 3276 4683 σπουδάζοντες,
3308 4611 3484 4665 πάντα
3554 4608 3762 4684 μᾶλλον

2105 4707 2419 4783 αἱρήσονται
2452 4708 2663 4776 παθεῖν,
2698 4704 2733 4772 ἣ
2762 4701 2955 4778 μικρὸν
3000 4703 3097 4769 τῆς
3133 4699 3418 4777 λεωφόρου
3449 4697 3759 4777 παρελθεῖν.

2101 4795 2198 4851 Τὸν
2231 4794 2390 4850 αὐτὸν
2422 4794 2622 4868 τρόπον
2654 4793 2744 4848 καὶ
2776 4793 2827 4847 οἳ
2859 4793 2956 4859 τήν
2992 4788 3115 4845 ὁδὸν
3156 4792 3254 4859 τῆς
3315 4794 3421 4844 τῶν
3475 4787 3756 4865 δογμάτων

2101 4884 2360 4956 ἀληθείας
2422 4881 2658 4960 βαδίζειν
2719 4881 3019 4949 ἐθέλοντες,
3070 4882 3297 4953 τηροῦσι
3364 4879 3456 4952 μὲν
3516 4880 3584 4933 τὰ
3626 4876 3755 4953 ’ἴχνη

2096 4978 2203 5029 τῶν
2265 4973 2523 5036 ἀπλανῶς
2585 4970 3034 5027 ὁδευσάντων·τὰ
3065 4965 3123 5023 δὶ
3182 4972 3385 5042 σημεῖα
3439 4975 3541 5038 τῆς
3606 4968 3754 5044 βασι-

2098 5062 2261 5133 λικῆς
2323 5059 2453 5118 ὁδοῦ
2528 5061 2663 5133 μετὰ
2737 5054 3011 5134 ἁκριϐείας
3077 5055 3605 5130 καταμανθάνοντες,
3662 5058 3752 5108 πᾶ-

2096 5173 2187 5207 σαν
2227 5152 2320 5226 μὲν
2371 5154 2760 5227 παραιτοῦνται
2811 5148 3216 5225 παρεκτροπήν,
3250 5144 3379 5200 ὅλοι
3438 5142 3495 5200 δὲ
3552 5144 3742 5222 γίγνον-

2089 5260 2183 5296 ται·
2206 5244 2305 5311 τῆς
2333 5239 2613 5310 ἀληθείας.
2646 5238 2850 5293 Τούτου
2906 5236 3084 5292 τοίνυν
3144 5235 3600 5311 ἀναχωρήσαντες
3654 5232 3741 5286 τοῦ

2092 5334 2320 5397 σκοποῦ,
2378 5329 2445 5383 τὰ
2491 5333 2582 5384 νῦν
2645 5328 2698 5382 οἱ
2753 5325 2820 5381 τὰ
2868 5324 3076 5380 ἐναντία
3134 5322 3477 5399 δογματίζειν
3545 5319 3751 5386 ἐθέλον-

2087 5440 2196 5486 τες,
2257 5417 2323 5472 τὰ
2382 5420 2477 5491 μὶν
2531 5414 2673 5492 ’ίχνη
2723 5420 2832 5470 τῶν
2889 5411 3193 5490 ὀρθοδόξων
3271 5412 3518 5486 πατέρων
3587 5428 3744 5466 καταο

2089 5505 2401 5578 λελοίπασι,
2457 5506 2547 5561 καὶ
2603 5505 2673 5562 τὰ
2727 5509 2932 5578 σημεῖα
3001 5508 3111 5559 τῶν
3176 5500 3453 5579 θεολόγων
3512 5497 3742 5575 ἀνδρῶν,

328 4985 531 5025 eorum
567 4971 667 5043 qui
700 4990 1004 5044 nunquam
1038 4972 1096 5029 in
1131 4974 1337 5031 itinere
1364 4975 1767 5031 errarunt.Ubi
1789 4982 1985 5032 autem

326 5060 495 5130 regis:
521 5059 627 5116 viae
659 5061 830 5134 signa
858 5068 1131 5118 accurate
1188 5062 1500 5135 edidicere,
1563 5063 1813 5120 sollicite
1871 5066 1986 5121 sibi

322 5154 526 5204 cavent
587 5150 659 5206 ab
705 5151 866 5206 omni
898 5151 1242 5208 diverticulo
1274 5170 1286 5207 :
1324 5152 1427 5208 toti
1457 5169 1589 5209 vero
1622 5170 1691 5209 ex
1719 5154 1984 5210 veritatis

318 5236 587 5306 partibus
616 5240 968 5295 consistunt.
1002 5240 1146 5295 Cum
1179 5239 1251 5295 ab
1301 5240 1412 5296 hoc
1467 5241 1652 5312 igitur
1703 5257 1880 5314 scapo
1944 5243 1979 5296 ii

318 5326 645 5383 aberrarint
702 5327 801 5400 qui
836 5329 1175 5384 adversaria
1206 5329 1375 5384 nobis
1407 5329 1684 5402 dogmata
1713 5331 1979 5399 tradunt,

315 5413 564 5487 vestigia
595 5416 832 5488 quidem
861 5416 1320 5474 orthodoxorum
1353 5421 1594 5474 Patrum
1626 5420 1976 5488 amiserunt,

316 5517 421 5556 nec
453 5519 568 5559 non
599 5504 1007 5577 theologorum
1040 5506 1300 5563 virorum
1330 5507 1455 5579 (qui
1482 5508 1641 5564 viam
1672 5525 1976 5565 common-

384 5670 431 5706 οι
458 5669 667 5728 Matth.
694 5689 849 5745 xm,
881 5675 971 5730 ιι.
1046 5675 1091 5711 ιτ
1122 5676 1270 5732 Ibid.
1294 5676 1381 5733 39.
1459 5675 1507 5713 ω
1536 5677 1819 5748 Bebr.1x,
1854 5677 1943 5733 17.
