4104 6374
377 412 523 471 1361

1127 416 1782 479 CONFUTATIONES
1829 419 1983 488 OUA
1995 416 2336 478 RUMDAM
2382 419 3046 480 PROPOSITIONUM.

3635 421 3791 482 i363

369 549 475 600 τῶν
527 547 625 612 τήν
689 543 814 599 ὁδὸν
889 543 1304 616 ὑποδειξάντων,
1379 548 1828 625 παρελογίσαντο,
1887 548 2023 603 πολ-

2142 557 2424 617 strarunt)
2474 552 2694 606 indicia
2763 554 3176 624 depravarunt,
3231 555 3540 627 multaque
3608 557 3794 611 diver-

532 631 568 650 λη

370 632 467 694 λάς
527 632 584 687 δὲ
642 635 1023 710 παρεκτροπὰς
1086 633 1430 706 μετεδίωξαν,
1506 639 1602 700 τὰς
1683 639 1776 710 μὲν
1855 637 2024 692 πάλαι

370 725 494 798 παρ’
544 722 762 797 ἑτέρων,
822 723 1200 800 ἐξευρεθείσας,
1250 727 1344 786 τὰς
1396 724 1450 780 δὲ
1504 732 1596 780 νῦν
1664 729 1790 803 παρ’
1849 727 2022 780 αὐτῶν

371 810 880 883 καινοτομηθείσας,
914 811 999 866 οἶά
1033 812 1142 866 ἐστι
1175 813 1264 867 καὶ
1299 817 1332 883 ἡ
1367 815 1676 891 παράλογος
1712 819 1888 894 φωνὴ,
1939 817 2025 886 τὸ,

372 902 601 954 Ἐπαθεν
633 902 660 954 ὁ
689 901 816 962 Θεὸς
848 902 922 962 ὡς
955 899 1214 971 ἠθέλησε.
1248 905 1337 971 Μὴ
1373 901 1656 977 δυνάμενοι
1707 906 1808 982 γὰρ
1860 903 2025 974 δεῖξαι

370 989 470 1055 τὴν
523 989 677 1064 φύσιν
729 991 1000 1059 παθητὴν,
1050 992 1147 1058 την
1199 991 1463 1067 βούλησιν
1500 1001 1894 1071 συκοφαντῆσαι
1929 994 2027 1047 οὐκ

375 1074 643 1146 ὣκνησαν·
674 1077 762 1130 καὶ
796 1077 918 1153 περί
970 1078 1179 1155 φύσεως
1231 1078 1599 1154 ἐρωτώμενοι,
1652 1083 1773 1155 περὶ
1824 1081 2025 1158 βουλή-

372 1187 504 1228 σεως
579 1166 984 1241 ἀποκρίνονται.
1195 1166 1411 1239 δεκτική
1491 1173 1693 1234 πάθους
1751 1175 1784 1240 ἡ
1847 1171 2026 1248 φύσις,

370 1254 547 1330 ἐχέτω
597 1256 784 1331 χώραν
835 1259 869 1326 ἡ
909 1257 1196 1332 βούλησις·
1235 1259 1278 1312 εἰ
1312 1256 1389 1326 δὲ,
1423 1258 1518 1314 κᾶν
1551 1261 1803 1335 μυριάκις
1840 1259 2020 1329 δοθείη

367 1345 430 1398 τὸ
485 1343 682 1412 θέλειν,
744 1347 1031 1421 ἀμήχανον
1111 1347 1482 1422 ἀνατραπῆναι
1559 1349 1765 1411 φύσεως
1833 1346 2020 1423 νόμον·

368 1439 483 1492 πῶς
507 1433 568 1487 οὗ
603 1433 764 1506 μανία
793 1435 854 1488 τὸ
890 1434 1093 1509 λέγειν,
1129 1438 1360 1491 ’Έπαθεν
1400 1437 1474 1498 ὡς
1509 1438 1772 1507 ἠθέλησεν
1800 1459 1812 1508 ;
1845 1441 1912 1495 'H
1945 1439 2023 1501 τίς

367 1527 470 1577 τῶν
526 1522 582 1577 εὖ
635 1523 978 1601 φρονούντων
1031 1525 1131 1578 οὐκ
1180 1523 1343 1596 οἶδεν,
1392 1526 1472 1580 ὅιι
1524 1527 1812 1603 σύμφωνον
1847 1526 1928 1582 δεῖ
1955 1533 2023 1602 τῇ

369 1611 520 1688 φύσει
552 1613 650 1680 τήν
691 1611 956 1686 βούλησιν
992 1615 1167 1682 εἶναι;
1221 1614 1282 1669 οὐ
1313 1617 1411 1684 τὴν
1450 1616 1544 1688 μὲν
1595 1618 1729 1692 πρὸς
1766 1617 1906 1673 ἄλλο
1942 1617 2023 1690 ῥέ-

367 1721 508 1772 πειν,
554 1702 654 1768 τήν
706 1698 763 1755 δὲ
811 1702 946 1776 πρὸς
995 1699 1176 1774 ἕτερον
1212 1702 1478 1758 σπεύδειν·
1514 1703 1660 1760 ἀλλά
1694 1705 1865 1777 μένειν
1926 1707 2021 1778 μὲν

369 1791 468 1858 τήν
500 1790 653 1868 φύσιν
689 1789 740 1844 έν
771 1797 888 1852 τοῖς
924 1790 1083 1852 ἰδίοις
1119 1792 1292 1865 ὅροις,
1327 1791 1501 1856 θέλειν
1535 1792 1591 1848 δὲ
1638 1796 1738 1863 τήν
1787 1795 1942 1873 φύσιν
1995 1795 2025 1848 6'

371 1882 564 1953 πρέπει
595 1881 666 1951 τῇ
695 1879 849 1956 φύσει
882 1881 969 1934 καὶ
1002 1882 1225 1936 συνέσει·
1262 1883 1335 1944 ὡς
1377 1880 1431 1936 εἷ’
1451 1905 1532 1944 τις
1585 1882 1724 1938 ἄλλο
1777 1887 1870 1956 μὲν
1896 1885 2021 1938 ταό-
2059 1915 2104 1978 Β

370 1989 470 2038 την
530 1967 676 2044 ἔχειν
733 1969 910 2043 λέγοι,
964 1969 1104 2026 ἄλλο
1149 1968 1206 2024 δέ
1233 1971 1407 2034 θέλειν
1440 1971 1672 2043 ἐκείνην,
1711 1971 1894 2049 μάχην
1930 1974 2022 2028 ἐπ-

378 2059 550 2132 ήγαγε
589 2057 678 2112 καὶ
730 2056 995 2129 πόλεμον·
1048 2066 1147 2126 τῆς
1202 2061 1295 2132 μὲν
1345 2059 1702 2135 ἐγχειρούσης
1757 2063 1830 2116 εἰς
1883 2062 1914 2116 ἃ
1947 2064 2022 2134 μή

381 2143 482 2216 δεῖ,
531 2154 629 2215 τῆς
673 2144 729 2202 δὲ
779 2149 855 2219 μὴ
908 2145 1214 2223 δεχομένης
1263 2148 1360 2202 ὅσα
1412 2151 1488 2221 μὴ
1539 2149 1760 2228 πέφυκε.
1813 2150 1890 2208 Τὸ
1922 2153 2024 2226 γὰρ

381 2237 609 2311 πάσχειν
642 2237 902 2312 πεφυκὸς,
932 2237 1021 2291 καὶ
1054 2237 1209 2292 θέλον
1241 2238 1329 2294 καὶ
1364 2241 1440 2310 μή
1469 2238 1626 2294 θέλον
1675 2245 1754 2312 τῷ
1799 2242 2028 2316 πάσχειν

380 2323 678 2379 ὑπόκειται·
729 2327 791 2379 τὸ
837 2323 894 2380 δὲ
940 2331 1036 2380 τοῦ
1085 2327 1315 2400 πάσχειν
1371 2326 1522 2390 ἐκτὸς
1553 2329 1687 2383 κατὰ
1717 2329 1896 2406 φύσιν,
1929 2331 2023 2384 κᾶν

378 2434 461 2475 τις
495 2416 830 2489 συγχωρήσῃ
862 2415 924 2468 τὸ
956 2414 1154 2485 θέλειν,
1187 2415 1317 2489 ὅπερ
1351 2417 1459 2490 οὐχ
1489 2416 1599 2471 οἷόν
1649 2438 1725 2485 τε,
1768 2416 1850 2480 τίς
1900 2439 2024 2472 ποι-

382 2507 499 2573 ήσει
551 2501 794 2572 δέξασθαι
841 2505 938 2572 τήν
988 2503 1194 2575 οὐσίαν,
1247 2505 1378 2580 ὅπερ
1423 2506 1484 2559 οὐ
1516 2505 1754 2583 πέφυκε;
1792 2513 1899 2560 Πᾶν
1933 2506 2022 2581 γέ-

376 2612 468 2652 νος
503 2593 655 2660 ζώων
690 2591 946 2669 φυλάττει
974 2594 1066 2646 τὸν
1097 2599 1195 2660 τῆς
1227 2593 1425 2655 οἰκείας
1456 2594 1638 2656 οὐσίας
1681 2595 1849 2666 νόμον
1903 2595 2027 2649 ἀσά-

380 2678 588 2751 λευτον,
623 2680 709 2735 καὶ
742 2681 814 2742 ὡς
842 2683 1056 2756 γέγονεν
1088 2681 1179 2736 ἀπ’
1208 2683 1407 2757 ἀρχῆς,
1443 2683 1589 2737 οὕτω
1622 2681 1886 2738 διαιτᾶται
1939 2682 2027 2738 διὰ

379 2771 602 2836 παντὸς,
645 2771 736 2824 καὶ
789 2769 1032 2842 οὐδαμοῦ
1073 2772 1136 2825 τὸ
1171 2770 1346 2835 θέλειν
1398 2771 1677 2846 ἅνατρέπει
1722 2775 1821 2841 τὴν
1853 2774 2021 2842 τάξιν.

383 2859 487 2914 Κᾶν
543 2858 793 2934 μυριάκις
847 2861 1130 2936 ἄνθρωπος
1179 2861 1308 2934 θέλῃ
1357 2861 1598 2936 γενέσθαι
1647 2865 1870 2931 πτηνὸς,
1925 2863 2026 2938 ἀρ-

379 2969 465 3023 γει
519 2949 587 3002 τὰ
632 2956 732 3018 τῆς
787 2948 1124 3022 βουλήσεως,
1175 2947 1362 3018 ἐπειδὴ
1412 2956 1534 3020 νικᾷ
1569 2953 1635 3004 τὰ
1664 2959 1762 3019 τῆς
1793 2951 2023 3028 φύσεως·

378 3039 474 3092 κᾶν
526 3036 657 3111 θέλῃ
688 3039 870 3113 ψυχὴν
911 3034 1056 3112 ἔχειν
1092 3039 1203 3100 ένὸς
1231 3044 1338 3092 τῶν
1389 3038 1621 3114 ἀλόγων,
1671 3039 1892 3115 γελᾶται
1941 3041 2026 3103 θέ-

378 3126 517 3196 λειν,
569 3125 631 3180 οῦ
688 3126 998 3202 πληροῦται
1046 3127 1109 3180 τὸ
1157 3126 1334 3202 ἔργον.
1374 3128 1522 3194 Εἶτα,
1570 3134 1714 3182 πᾶσα
1743 3129 1835 3200 μὲν
1869 3129 2024 3206 φύσις

380 3214 494 3292 ἔχει
526 3217 586 3270 τὸ
616 3215 999 3290 ἀτυράννητον,
1042 3216 1130 3270 καὶ
1181 3217 1435 3288 κρείττων
1488 3217 1598 3271 ἐστὶ
1649 3220 1828 3288 πάσης
1875 3218 2025 3272 ἐναν-

2139 639 2316 694 ticula
2379 641 2627 695 insecuti
2691 646 2852 705 sunt,
2913 659 3044 696 cum
3105 644 3244 698 olim
3301 645 3372 698 ab
3431 644 3566 700 aliis
3627 645 3790 699 adin-

2135 735 2327 793 venta,
2391 735 2537 793 tum,
2598 747 2630 784 a
2691 746 2753 784 se
2811 748 2964 784 nunc
3031 734 3377 804 excogitata,
3455 734 3791 802 cuiusmodi

2137 823 2224 870 est
2274 817 2526 872 absurda
2586 819 2698 873 ista
2749 835 2874 872 vox.
2941 822 3089 873 Deus
3149 839 3358 892 passus
3415 828 3504 876 est
3562 829 3627 877 ut
3685 840 3791 877 vo-

2138 905 2264 958 luit.
2329 906 2474 960 Cum
2539 908 2692 962 enim
2771 914 3042 962 naturam
3120 910 3459 980 passibilem
3541 912 3786 966 minime

2136 995 2282 1050 50]
2350 996 2749 1050 demonstrare
2799 1002 3059 1067 possent,
3135 999 3205 1052 de
3263 998 3561 1054 voluntate
3643 1000 3788 1055 l'alsa

2137 1100 2411 1154 spargere
2445 1102 2556 1139 non
2590 1085 2937 1140 dubitarunt
2972 1104 3073 1140 :ac
3105 1089 3174 1141 de
3211 1094 3419 1142 natura
3446 1089 3788 1159 interrogati

2137 1173 2205 1226 de
2238 1173 2527 1228 voluntate
2563 1175 3003 1246 respondent.Si
3040 1177 3332 1247 passionis
3361 1192 3539 1248 capax
3567 1185 3657 1232 est
3690 1197 3788 1233 na-

2135 1266 2288 1324 tura,
2324 1261 2512 1316 locum
2546 1263 2760 1318 habeat
2789 1263 3247 1328 voluntas.Quod
3283 1265 3333 1319 si
3355 1265 3438 1320 vel
3471 1267 3792 1322 sexcenties

2137 1351 2271 1405 talis
2301 1351 2570 1406 voluntas
2605 1353 2788 1407 fuisse
2817 1355 3317 1417 concedatur,non
3350 1356 3566 1425 poterit
3599 1360 3790 1410 tamen

2137 1444 2354 1492 naturae
2388 1439 2475 1493 lex
2509 1440 2756 1506 inverti;
2792 1443 2892 1512 qui
2929 1459 3038 1496 non
3067 1443 3299 1496 insania
3342 1443 3538 1508 fuerit,
3572 1445 3785 1506 dicere,

2135 1529 2348 1583 Passus
2377 1534 2466 1583 est
2498 1537 2561 1584 ut
2615 1529 2844 1584 voluit?
2871 1534 2986 1584 Aut
3029 1533 3165 1602 quis
3207 1549 3409 1586 eorum
3473 1532 3574 1603 qui
3637 1538 3789 1588 recte

2134 1619 2416 1683 sentiunt,
2455 1635 2568 1673 non
2602 1619 2904 1689 perspicit,
2933 1625 3202 1691 oportere
3258 1619 3625 1675 voluntatem
3659 1637 3790 1676 cum

2137 1714 2346 1762 natura
2371 1707 2702 1763 consentire
2737 1726 2748 1762 :
2785 1725 2971 1779 neque
3003 1709 3214 1764 debere
3244 1709 3395 1764 hanc
3409 1710 3478 1764 ad
3502 1710 3662 1764 aliud
3689 1711 3788 1766 de-

2134 1796 2372 1862 clinare,
2410 1796 2566 1851 illam
2602 1799 2672 1851 ad
2706 1797 2863 1851 aliud
2918 1814 3190 1869 vergere;
3226 1799 3327 1852 sed
3379 1815 3618 1853 manere
3647 1800 3784 1869 qui-

2135 1885 2266 1939 dem
2301 1889 2569 1940 naturam
2603 1886 2661 1939 in
2695 1885 2819 1940 suis
2861 1887 3151 1956 terminis,
3200 1885 3343 1941 velle
3391 1893 3585 1940 autem
3621 1894 3786 1942 natu-

2136 1992 2261 2029 ram
2297 1975 2452 2046 quod
2486 1975 2675 2046 ipsam
2700 1983 2969 2029 naturam
3003 1980 3059 2029 et
3088 1974 3530 2046 intelligentiam
3560 1977 3780 2030 deceat:

2137 2061 2218 2114 ita
2249 2067 2310 2114 ut
2341 2061 2389 2114 si
2440 2061 2576 2132 quis
2625 2061 2832 2116 dixerit
2875 2078 3001 2115 eam
3051 2061 3208 2116 aliud
3263 2062 3500 2134 quidem
3545 2061 3780 2131 habere,

2138 2149 2292 2204 aliud
2326 2149 2548 2219 velle,is
2582 2166 2839 2222 pugnam
2871 2150 3113 2204 inducat
3135 2156 3192 2205 et
3209 2149 3426 2203 bellum
3465 2177 3478 2216 ;
3511 2167 3643 2204 cum
3671 2150 3789 2204 haec

2135 2237 2240 2293 illa
2269 2239 2613 2309 aggediatur
2641 2255 2768 2309 qua:
2795 2238 3036 2293 minime
3083 2242 3348 2308 oportet;
3397 2237 3496 2293 illa
3549 2239 3789 2293 minime

2138 2328 2378 2399 recipiat
2408 2344 2533 2398 quae
2567 2327 2675 2381 sibi
2708 2344 2823 2382 non
2855 2327 3230 2382 conveniunt.
3267 2327 3327 2381 1d
3355 2327 3510 2381 enim
3546 2327 3602 2380 in
3633 2329 3786 2397 quod

2138 2417 2332 2488 passio
2366 2416 2543 2482 cadit,
2595 2416 2732 2470 velit
2782 2415 2947 2484 nolit,
2997 2416 3256 2487 passioni
3312 2416 3629 2470 obnoxium
3676 2421 3782 2470 est.

2136 2507 2298 2572 Quod
2331 2511 2528 2560 autem
2558 2522 2624 2559 ex
2643 2522 2750 2559 sua
2772 2510 2981 2559 natura
3007 2505 3332 2574 passionem
3358 2522 3470 2559 non
3504 2505 3785 2570 admittit;

2137 2595 2310 2649 etiam
2344 2594 2389 2649 si
2426 2595 2558 2664 quis
2590 2594 2941 2648 concesserit
2967 2593 3115 2648 velle
3147 2592 3291 2648 illud
3338 2594 3476 2664 pati,
3511 2594 3665 2664 quod
3700 2599 3786 2647 ta-

2139 2700 2269 2738 men
2307 2683 2427 2737 ﬁeri
2464 2685 2687 2754 nequit,
2723 2682 2855 2753 quis
2884 2683 3132 2738 deducet
3163 2683 3233 2737 ad
3284 2683 3429 2737 illud
3475 2683 3786 2742 admitten-

2137 2773 2276 2826 dum
2321 2773 2472 2843 quod
2527 2772 2862 2826 substantia
2909 2773 3038 2841 ejus
3089 2771 3331 2826 minime
3375 2774 3576 2842 capit?
3605 2775 3790 2825 ()mne

2137 2862 2528 2916 animantium
2557 2877 2742 2932 genus
2773 2861 3003 2914 ﬁrmam
3046 2865 3266 2914 naturae
3317 2877 3434 2915 sum
3484 2867 3677 2915 servat
3709 2859 3788 2914 le-

2137 2967 2294 3023 gem,
2327 2956 2499 3020 atque
2550 2956 2612 3004 ut
2640 2951 2710 3004 ad
2765 2949 2929 3004 initio
2981 2949 3198 3003 factum
3240 2955 3349 3014 est,
3402 2949 3483 3004 ita
3527 2953 3791 3003 remanet

2138 3056 2390 3111 semper,
2427 3057 2527 3094 nec
2562 3055 2817 3108 unquam
2852 3037 3120 3093 voluntas
3168 3037 3430 3092 ordinem
3481 3038 3786 3092 subvertit.

2138 3129 2413 3194 Quamvis
2451 3129 2773 3182 sexcenties
2830 3127 3004 3182 homo
3055 3127 3176 3181 avis
3210 3144 3338 3181 esse
3389 3126 3582 3191 vellet,
3619 3125 3786 3182 irrita

2140 3217 2409 3273 voluntas
2439 3225 2548 3283 est,
2583 3217 2720 3286 quia
2752 3215 2926 3270 vincit
2971 3221 3196 3270 natura.
3235 3215 3474 3270 Etiamsi
3525 3216 3661 3269 velit
3683 3215 3788 3269 ali-

380 3291 492 3367 τίας
557 3307 895 3380 βουλήσεως·
961 3304 1096 3377 μόνη
1150 3303 1270 3374 δεὴ
1324 3304 1586 3380 ἄτρεπτος
1615 3312 1711 3360 τοῦ
1743 3312 1876 3362 Θεοῦ
1934 3307 2023 3361 καὶ

2139 3307 2308 3377 cujus
2355 3307 2509 3360 bruti
2572 3306 2768 3360 anima
2825 3305 3058 3372 habere,
3119 3305 3417 3358 deridetur
3495 3303 3784 3370 voluntas,

383 3394 636 3458 ἀθάνατος
669 3393 822 3448 οὐσία
853 3391 1067 3468 δέχεται
1105 3393 1366 3468 βούλησιν
1418 3394 1682 3462 ἐναντίαν,
1726 3396 1816 3450 καὶ
1863 3399 2025 3463 ἡττᾶ-

378 3504 463 3537 ται
509 3488 576 3557 τῇ
625 3491 726 3552 τῆς
777 3481 1050 3553 θελήσεως
1103 3483 1338 3558 ἀνάγκῃ;
1386 3484 1450 3537 Ὠ
1495 3488 1591 3537 τοῦ
1643 3483 1951 3556 θαύματοςι
1985 3486 2019 3552 ἡ

378 3579 545 3626 πᾶσαν
577 3571 759 3626 οὐσίαν
790 3572 840 3625 ἐν
872 3578 986 3634 τοῖς
1019 3573 1239 3634 οἰκείοις
1272 3573 1420 3642 ὅροις
1469 3571 1833 3650 φυλάττουσα,
1885 3572 2019 3640 αὐτὴ

375 3667 482 3716 τῶν
539 3669 640 3731 τῆς
699 3660 955 3722 ἀπαθείας
1015 3661 1156 3737 ὅρων
1215 3662 1357 3716 οὕτω
1392 3659 1590 3736 ῥᾳδίως
1619 3661 1903 3732 ἐξίσταται,
1934 3661 2022 3714 καὶ

378 3747 502 3804 οὐδὲ
528 3755 786 3805 τοσοῦτον
820 3751 847 3804 ὁ
879 3750 1069 3804 κτίσασ
1099 3751 1302 3804 ἅπαντα
1332 3746 1470 3826 ἔχει,
1520 3751 1717 3804 ὁπόσον
1768 3751 2024 3822 κτίσματι

378 3837 618 3907 δέδωκε,
675 3839 842 3893 Πόθεν
891 3836 949 3893 δέ
992 3839 1137 3900 ὅλως
1187 3839 1532 3913 έγνώρισται,
1593 3840 1675 3894 ὅτι
1747 3839 2020 3908 ήθέλησε;

378 3930 669 4002 Προφήτης
700 3928 798 3982 οὐκ
843 3929 1009 3996 εἶπεν,
1043 3927 1374 3989 Ἀπόστολος
1426 3927 1523 3981 οὐκ
1571 3928 1846 4003 ἐκήρυξεν·
1899 3926 2023 3982 ἀλλ’

377 4018 427 4070 οἱ
482 4017 672 4090 μικρὸν
703 4017 1002 4092 ἡγούμενοι
1029 4018 1091 4070 τὸ
1139 4019 1353 4071 πάντων
1401 4018 1688 4092 ὑπερορᾷν,
1741 4017 1892 4086 ξένην
1926 4018 2021 4093 φέο

377 4125 484 4179 ρειν
540 4106 857 4177 νομοθεσίαν
913 4106 1070 4178 μόνοι
1123 4104 1502 4161 νεανιεύονται.
1564 4103 1696 4160 Οὕτε
1743 4107 1803 4160 τὸ
1835 4129 1861 4156 α
1893 4105 2022 4160 ἔπα-

375 4195 458 4247 θεν
516 4218 542 4244 ››
602 4194 907 4268 ἀνέγνωμεν
970 4190 1094 4248 οὔτε
1153 4219 1179 4245 α
1237 4194 1312 4255 ὡς
1367 4195 1636 4264 ἠθέλησεν
1688 4219 1714 4244 ››
1770 4193 2018 4266 εὕρομεν.

373 4285 460 4346 Τίς
514 4286 617 4360 γὰρ
663 4290 771 4339 τῶν
823 4285 986 4359 ἁγίων
1036 4287 1070 4353 ἢ
1119 4282 1226 4339 εἶδε
1263 4284 1546 4360 πάσχοντα
1572 4286 1662 4338 τὸν
1697 4285 1873 4353 ἀπαθῆ
1932 4285 2022 4338 καὶ

377 4374 625 4448 ἀόρατον,
658 4375 692 4442 ἢ
725 4375 824 4442 τὴν
853 4374 976 4448 περὶ
1026 4378 1216 4429 τοῦτον
1268 4374 1489 4442 θέλησιν
1544 4374 1903 4444 κατενόησεν;
1959 4375 2022 4427 Ὤ

373 4462 590 4536 τόλμης
622 4468 728 4518 τῶν
780 4463 1081 4538 ἀνθρώπων
1133 4464 1264 4538 ὑπὲρ
1310 4465 1404 4525 τὰς
1450 4463 1714 4537 ἀοράτους
1766 4461 2019 4535 δυνάμεις

377 4551 638 4622 πηδώσης
665 4555 676 4608 !
709 4553 799 4614 Τίς
819 4551 1067 4628 παρῆλθε
1083 4554 1173 4607 τὸν
1195 4552 1422 4628 οὐρανόν
1446 4573 1458 4618 ;
1493 4554 1584 4614 Τίς
1612 4549 1844 4628 ὑπερέϐη
1891 4554 2019 4614 τοὺς

378 4642 621 4717 θρόνους,
653 4643 747 4704 τὰς
780 4643 975 4718 ἀρχὰς,
1005 4643 1100 4703 τὰς
1152 4641 1413 4712 ἐξουσίας,
1463 4642 1556 4702 τὰς
1607 4639 1880 4710 δυνάμεις,
1929 4642 2023 4702 τὰς

377 4731 736 4804 κυριότητας;
794 4731 881 4792 Τίς
941 4731 1212 4805 ὑπερέπτη
1262 4731 1330 4784 τὰ
1377 4730 1650 4808 aspectu;
1702 4731 1794 4792 Τίς
1827 4728 1932 4785 εἶδε
1959 4732 2026 4785 τὰ

379 4819 601 4880 ἐκείνοις
651 4819 884 4887 ἀθέατα;
934 4819 1022 4880 Τίς
1063 4819 1353 4888 κατενόησε
1403 4818 1559 4895 φύσιν
1615 4820 1749 4872 Θεοῦ
1799 4819 1887 4873 καὶ
1936 4818 2024 4873 θέ-

378 4906 574 4962 λουσαν
609 4909 776 4975 οὕτω,
828 4909 918 4962 καὶ
948 4907 1262 4983 πάσχουσαν
1293 4907 1324 4962 ἃ
1352 4909 1498 4980 παρὰ
1538 4911 1644 4962 τῶν
1695 4913 1915 4983 1¹ραφῶν
1964 4907 2026 4962 οὐ

379 4995 722 5068 δεδήλωται;
758 4995 890 5052 Οῧτε
917 4998 981 5052 τὸ
1013 5023 1039 5048 ‹‹
1075 4995 1262 5051 ἔπαθεν
1301 5021 1328 5048 ››
1377 4993 1608 5067 ετίοηται,
1641 4993 1764 5050 οὔτε
1792 4997 1854 5051 τὸ
1889 5021 1916 5048 ‹‹
1950 4998 2026 5057 ὡς

377 5086 618 5156 ἠθέλησε
666 5113 685 5136 1
739 5087 1058 5162 γέγραπται.
1107 5112 1133 5138 ‹‹
1187 5085 1473 5154 Ἐποίησεν
1524 5085 1620 5139 ὅσα
1671 5084 2022 5153 ἠθέλησεν.»

377 5175 708 5247 ἀκηκόαμεν·
739 5175 821 5228 ὅτι
855 5173 912 5229 δὲ
941 5172 1131 5238 ἔπαθεν
1165 5175 1238 5236 ὡς
1287 5173 1575 5244 ἠθέλησεν,
1632 5171 1876 5246 οὐδαμοῦ
1929 5195 2024 5246 με-

380 5266 715 5337 μαθήκαμεν.
750 5264 813 5318 Τί
843 5263 934 5318 οῦν
964 5264 1040 5325 εἰς
1077 5259 1365 5339 βεϐαίωσιν
1393 5263 1456 5317 τὸ
1505 5261 1710 5332 ἄδηλον
1763 5261 1982 5339 φέρουσι
2011 5282 2023 5331 ;

375 5357 544 5407 Τοῦτο
577 5355 863 5424 προσθήκη
895 5361 994 5422 τῆς
1023 5353 1304 5422 ἀπονοίας,
1327 5351 1425 5406 οὐκ
1449 5349 1721 5421 ἀπόδειξις
1745 5351 2023 5419 ἀληθείας.

378 5441 535 5497 Ἀλλ’
568 5440 756 5496 ἔπαθεν
785 5444 814 5496 ὁ
846 5444 1071 5516 Χριστὸς
1103 5442 1239 5496 κατά
1266 5443 1364 5510 τήν
1413 5445 1521 5495 τῶν
1567 5442 1776 5510 θνητῶν
1835 5439 2026 5514 σάρκα,

379 5529 442 5584 οὐ
471 5531 608 5584 κατά
636 5533 728 5585 τὸν
757 5530 1016 5594 ἀθάνατον
1052 5530 1251 5605 Λόγον.

2139 3413 2327 3465 neque
2360 3413 2449 3449 res
2480 3395 2580 3448 illa
2611 3394 2954 3464 completur.
2990 3394 3267 3447 Praeterea
3287 3391 3559 3463 quaelibet
3581 3397 3790 3447 natura

2136 3492 2225 3541 est
2254 3503 2286 3539 a
2317 3485 2624 3556 tyrannide
2655 3483 2856 3548 libera,
2889 3488 3093 3552 estque
3124 3480 3283 3536 omni
3315 3482 3557 3536 adversa
3587 3481 3787 3535 volun-

2137 3580 2253 3630 tate
2285 3573 2730 3646 superior.Num
2763 3573 2889 3627 sola
2911 3570 3301 3626 immutabilis
3327 3569 3786 3638 immortalisque

2136 3667 2232 3719 Dei
2268 3666 2600 3721 substantia
2630 3665 2989 3718 voluntatem
3023 3662 3281 3716 admittit
3319 3661 3695 3726 contrariam,
3729 3667 3786 3714 et

2134 3755 2388 3809 vincitur
2418 3771 2449 3807 a
2479 3753 2798 3808 voluntatis
2830 3751 3176 3806 necessitate
3196 3749 3224 3804 ?
3272 3755 3316 3804 0
3361 3767 3482 3804 rem
3531 3752 3739 3802 miram
3769 3750 3778 3802 !

2135 3861 2261 3914 quae
2295 3845 2620 3914 quamlibet
2667 3842 3062 3897 substantiam
3113 3841 3172 3894 in
3226 3839 3477 3910 propriis
3528 3839 3786 3894 continet

2134 3932 2447 3996 limitibus,
2485 3948 2552 3985 ea
2583 3930 3081 4001 impassibilitatis
3131 3929 3398 3983 terminis
3449 3933 3567 3982 tam
3620 3926 3783 3980 facile

2132 4022 2480 4085 dimovetur,
2517 4037 2620 4074 nec
2667 4025 2897 4073 tantum
2949 4018 3122 4072 habet
3155 4017 3254 4088 qui
3302 4017 3515 4071 creavit
3564 4015 3781 4081 omnia,

2132 4115 2418 4179 quantum
2449 4115 2728 4163 creatura:
2760 4108 2937 4162 dedit.
2972 4107 3081 4162 Sed
3139 4107 3294 4160 unde
3346 4106 3600 4159 tandem”
3624 4121 3781 4160 com-

2133 4204 2360 4271 pertum
2397 4199 2499 4252 fuit
2537 4213 2668 4252 cum
2704 4197 2758 4251 id
2795 4195 3070 4250 voluisse.
3117 4194 3404 4265 Propheta
3453 4210 3567 4248 non
3619 4194 3782 4260 dixit,

2131 4288 2446 4358 Apostolus
2479 4304 2591 4340 non
2621 4284 2948 4355 praedicavit
2982 4309 2994 4348 ς
3029 4285 3126 4338 sed
3163 4282 3264 4353 qui
3299 4299 3400 4352 pro
3454 4281 3636 4335 nihilo
3685 4282 3781 4335 ha-

2132 4378 2270 4432 bent
2299 4376 2498 4430 omnia
2528 4381 2923 4437 contemnere,
2975 4372 3014 4426 ii
3065 4371 3169 4425 δοιὶ
3215 4370 3562 4425 insolentem
3621 4369 3783 4423 illam

2132 4468 2279 4522 ferre
2331 4467 2514 4535 legem
2564 4471 2778 4518 temere
2833 4463 3276 4533 aggrediuntur.
3345 4459 3542 4529 Neque
3613 4457 3782 4521 illud,

2134 4579 2161 4608 «
2197 4572 2402 4626 passus
2459 4559 2567 4619 est,
2614 4553 2880 4624 legimus,
2932 4567 3115 4618 neque
3166 4550 3244 4614 id,
3295 4571 3321 4597 «
3378 4555 3442 4602 ut
3513 4547 3781 4617 voluit,»

2056 4651 2102 4714 D
2134 4643 2487 4698 invenimus.
2543 4640 2682 4704 Quis
2733 4644 2888 4694 enim
2942 4645 3305 4703 sanctorum,
3359 4641 3461 4691 aut
3501 4652 3635 4690 eum
3664 4635 3776 4705 pati

2133 4733 2279 4788 vidit
2310 4733 2408 4803 qui
2444 4729 2832 4800 impassibilis
2859 4733 2915 4782 et
2948 4726 3259 4781 invisibilis
3295 4731 3452 4781 esset
3494 4730 3596 4779 aut
3622 4725 3777 4794 ejus-

2138 4821 2292 4878 modi
2327 4820 2682 4874 voluntatem
2709 4817 3028 4888 cogitavit‘?
3056 4817 3100 4870 υ
3124 4817 3430 4870 audaciam
3449 4811 3775 4869 hominum!

2136 4928 2315 4981 supra
2347 4909 2667 4962 invisibiles
2690 4912 3004 4978 potestates
3024 4904 3255 4959 exsilire
3279 4903 3290 4956 Ι
3325 4903 3467 4967 Quis
3486 4907 3782 4956 transcen-

2137 4999 2223 5052 dit
2251 4999 2460 5052 ccelum
2484 4997 2510 5050 ?
2542 4997 2680 5060 Quis
2713 5003 3118 5065 transgressus
3150 5000 3239 5047 est
3267 4995 3530 5056 thronos,
3567 4990 3780 5062 princi-

2138 5089 2330 5158 patus,
2367 5093 2705 5156 potestates,
2737 5081 3493 5144 virtutes,dominationes?
3524 5080 3662 5146 Quis
3685 5097 3781 5134 su-

2137 5193 2240 5247 pra
2272 5175 2565 5244 seraphim
2594 5173 2848 5227 volavit?
2878 5173 3018 5236 Quis
3051 5189 3117 5226 ea
3136 5172 3275 5224 vidit
3305 5187 3432 5240 quae
3467 5169 3612 5240 ipsis
3648 5172 3786 5222 sunt

2137 5261 2506 5318 invisibilia?
2537 5262 2677 5327 Quis
2713 5267 2978 5315 naturam
3017 5261 3111 5315 Dei
3164 5258 3451 5312 intellexit
3490 5260 3575 5311 ita
3619 5255 3783 5321 velle,

2136 5357 2194 5406 et
2231 5351 2346 5423 pati
2376 5368 2503 5406 eam
2538 5367 2669 5421 qua:
2699 5368 2730 5404 a
2761 5349 3083 5420 Scripturis
3115 5365 3227 5402 non
3260 5353 3400 5400 sunt
3441 5345 3734 5400 declarata
3762 5344 3790 5396 ?

2137 5441 2333 5508 Neque
2378 5440 2546 5508 illud,
2598 5463 2624 5488 ‹‹
2676 5455 2886 5510 passus
2943 5443 3052 5501 est,
3109 5461 3128 5482 η
3167 5435 3422 5500 dicitur;
3476 5450 3663 5502 neque
3707 5433 3786 5499 id,

2143 5549 2169 5580 α
2203 5536 2266 5583 ut
2295 5527 2496 5595 voluit,
2552 5550 2578 5576 ››
2629 5527 2912 5596 scriptum
2963 5534 3068 5579 est.
3126 5523 3517 5576 Audivimus:
3569 5545 3596 5571 ‹‹
3634 5521 3789 5583 Qua:-

380 5636 636 5691 cumque
664 5620 849 5676 voluit
881 5622 1018 5676 fecit
1047 5621 1113 5689 “,
1149 5645 1171 5674 ι
1207 5621 1363 5692 quod
1395 5625 1593 5676 autem
1627 5635 1840 5691 passus
1873 5619 1950 5673 sit
2002 5621 2066 5672 ut
2112 5617 2295 5672 voluit
2336 5632 2633 5688 nusquam
2685 5613 3018 5670 didicimus.
3069 5613 3184 5666 Cur
3232 5610 3433 5681 itaque
3475 5611 3544 5666 ad
3579 5611 3786 5664 contir-

451 5748 497 5784 ⁸⁸
525 5747 676 5805 Psal.
711 5765 934 5820 cxxxxv,
959 5750 1012 5806 6.
