4104 6394
348 408 506 469 1363

1528 403 1595 461 S.
1642 393 2259 460 ATHANASIUS.-—-
2293 389 2602 455 SPURIA.

3624 391 3773 454 εδει

351 541 671 597 mationem
704 541 858 612 quod
892 539 1188 596 occultum
1220 543 1312 596 est
1338 539 1592 594 afferunt
1618 534 1647 589 ?
1676 529 1995 589 Dementiae
2028 526 2286 585 accessio
2316 525 2441 583 hinc
2491 532 2582 583 est
2613 543 2628 595 ;
2680 543 2797 583 non
2846 525 3111 582 veritatis
3160 524 3614 582 demonstratio.
3669 528 3773 583 Sed

353 646 565 703 passus
594 634 686 685 est
713 629 979 685 Christus
1011 629 1339 685 secundum
1371 624 1683 682 mortalem
1717 635 1980 689 carnem,
2014 633 2129 673 non
2161 616 2488 672 secundum
2524 614 2859 671 immortale
2887 613 3171 670 Verbum.

1134 772 1221 830 IX.
2038 766 2096 830 Α

355 884 626 941 Adversus
654 898 742 939 eos
772 884 874 954 qui
900 881 1115 948 dicunt,
1161 882 1243 936 ita
1289 877 1636 950 accipiendas
1680 891 1796 931 esse
1835 872 2013 954 (scri-

427 959 637 1027 pturz)
684 943 853 1021 vocés,
901 958 962 1008 ut
1011 943 1124 1027 non
1174 943 1558 1008 consideretur
1602 962 1861 1027 quamam
1890 943 2016 1000 illa:

428 1022 764 1099 signiﬁcent,-
783 1042 908 1081 cum
934 1026 1187 1080 omnium
1218 1028 1435 1095 captum
1458 1022 1743 1078 excedant.

432 1162 545 1216 Vix
574 1160 789 1234 reperti
821 1166 963 1217 sunt
991 1161 1095 1232 qui
1121 1159 1319 1215 omnia
1349 1174 1476 1230 quae
1506 1158 1579 1213 ad
1625 1153 1896 1211 homines
1927 1154 2014 1208 at-

362 1253 554 1308 tinent
583 1256 843 1307 evertere
898 1249 1331 1313 contenderent,
1363 1264 1429 1303 ac
1450 1249 1785 1317 satagerent
1813 1247 1878 1298 ut
1909 1243 2015 1299 bo-

368 1340 559 1397 mines
590 1357 706 1396 non
737 1338 889 1394 ultra
920 1337 1235 1394 rationales
1282 1341 1503 1403 essent,
1552 1351 1742 1407 neque
1780 1350 1849 1389 ea
1887 1349 2015 1405 quae

368 1428 715 1486 naturaliter
732 1429 885 1483 bona
913 1432 1054 1483 sunt
1082 1430 1353 1482 accurate
1399 1424 1727 1480 ediscerent
1752 1438 1766 1489 ;
1798 1421 2017 1495 quique

368 1519 629 1574 dicerent
670 1517 942 1573 omnibus
978 1514 1227 1588 perutile
1267 1530 1419 1582 esse,
1471 1517 1538 1568 ut
1588 1510 1936 1582 simpliciter
1961 1513 2019 1565 et

370 1608 594 1679 absque
619 1606 832 1679 praevio
863 1606 1151 1672 examine,
1182 1620 1485 1661 sacrorum
1532 1602 1819 1657 librorum
1849 1615 2017 1655 voces

369 1698 736 1768 acciperent;
768 1696 934 1751 nulla
963 1693 1166 1750 habita
1195 1691 1666 1749 consideratione
1710 1688 1798 1746 vel
1831 1705 2018 1744 corre-

367 1787 694 1855 ctione,nec
715 1786 887 1856 juxta
912 1785 1076 1856 pium
1108 1799 1356 1855 scopum
1375 1798 1492 1853 quo
1514 1780 1682 1836 dictas
1701 1778 2014 1835 sunt.Nam

368 1877 438 1941 si,
471 1879 537 1931 ut
558 1876 770 1946 jubent
818 1872 926 1943 illi,
972 1889 1176 1928 eorum
1227 1870 1687 1944 sigdiﬁcationes
1738 1867 1871 1940 quis
1901 1884 2016 1924 non

368 1966 676 2036 expendat,
707 1963 1174 2034 simpliciterque
1224 1961 1378 2018 502
1428 1964 1487 2014 et
1531 1959 1756 2031 absque
1808 1957 2017 2030 praevio

369 2054 639 2110 examine
685 2069 815 2124 quae
862 2052 1140 2107 dicuntur
1186 2049 1519 2105 auscultet:
1559 2052 1741 2104 restat
1784 2052 1848 2102 ut
1886 2063 2017 2119 pro-

2908 756 2999 815 IX.

2125 866 2270 951 Πρὸς
2300 862 2427 925 τοὺς
2462 861 2765 951 λέγονταξη
2785 862 2870 951 ὅτι
2902 864 3016 950 χρὴ
3048 862 3305 951 δὲχεσθαι
3333 863 3436 926 τὰς
3466 862 3668 951 ερωνιὶς,
3697 863 3780 919 καὶ

2198 937 2276 1063 μὴ
2307 933 2550 1061 σέοιέτεῖν’
2574 933 2642 991 τὰ
2695 933 2765 990 δι’
2796 933 2972 991 αὖτῖιῖν
3009 933 3420 1010 σημαινόμενα,
3451 933 3529 999 ὧς
3560 936 3780 998 ἅπαντας

2231 1024 2330 1063 πεο
2372 1024 2405 1061 α
2428 1026 2606 1063 νοντα.

2231 1002 2606 1084 περϐαίνοντα.

2198 1156 2383 1220 Μόλις
2413 1156 2705 1235 εὐρὲθησαν
2759 1157 2812 1212 οἱ
2860 1155 3037 1212 πάντα
3084 1155 3401 1232 ἀνατρέπειν
3460 1156 3780 1231 ἀγωνιζόμεο

2124 1247 2303 1302 νοιτά
2328 1252 2436 1303 τῶν
2497 1247 2817 1322 ἀνθρώπων,
2867 1247 2957 1301 καὶ
3007 1242 3407 1316 σπουδάζοντες
3467 1248 3612 1320 μήτε
3664 1245 3774 1309 τοὺς

2125 1336 2446 1412 ἀνθρώπους
2495 1331 2575 1390 ἔτι
2624 1334 2886 1413 λογικοὺς
2935 1335 3246 1413 τυγχάνειν,
3299 1336 3448 1408 μήτε
3493 1336 3563 1390 τὰ
3599 1334 3668 1409 τῇ
3697 1335 3782 1413 φό-

2125 1446 2204 1481 σει
2262 1426 2405 1480 καλά
2457 1426 2572 1498 μετ’
2621 1420 2898 1502 ἀκριϐείας
2950 1423 3409 1499 καταμανθάνειν,
3480 1422 3673 1485 ἁπλῶς
3733 1420 3785 1479 δὶ

2125 1520 2257 1570 πᾶσι
2285 1513 2376 1569 καὶ
2407 1511 2789 1587 ἀδοκιμάστως
2834 1514 3221 1594 συμφέρεσθαι,
3281 1512 3343 1569 ἐκ
3394 1518 3497 1568 τοῦ
3542 1510 3787 1588 δέχεσθαι

2124 1604 2222 1665 τὰς
2251 1606 2361 1658 τῶν
2393 1605 2556 1680 ἱερῶν
2588 1599 2797 1680 βίϐλων
2831 1605 3009 1683 φωνὰς
3043 1605 3455 1665 ἀνεπισκέπτως
3489 1601 3581 1658 καὶ
3613 1599 3789 1678 ἀδιορ-

2128 1694 2341 1760 θώτως,
2400 1694 2493 1748 καὶ
2553 1693 2630 1765 μὴ
2673 1693 2811 1748 κατά
2857 1693 2951 1749 τὸν
2998 1685 3190 1762 εὐσεϐῆ
3254 1691 3490 1761 σκοπόν,
3560 1692 3675 1746 καθ’
3731 1690 3786 1745 δν

2127 1780 2439 1858 ἒῤῥὲθησαν.
2467 1781 2529 1836 Εἰ
2560 1784 2662 1858 γάρ
2689 1799 2797 1853 τις,
2829 1783 2907 1845 ὡς
2947 1776 3251 1851 ἐκέλευσαν,
3302 1781 3382 1854 μή
3439 1780 3677 1850 σκοποίη
3726 1778 3788 1834 τὰ

2129 1868 2197 1925 δι’
2225 1871 2397 1925 αὐτῶν
2459 1870 2863 1945 σημαινόμενα,
2922 1870 3112 1934 ἁπλῶς
3170 1869 3230 1926 δὶ
3281 1871 3375 1927 καὶ
3424 1865 3790 1928 ἀϐασανίστως

2126 1958 2316 2014 ἀκούοι
2347 1965 2454 2015 τῶν
2514 1954 2849 2037 λεγομόνωψ
2910 1954 3151 2016 λείπεται
3192 1958 3451 2021 καὶτοὺς
3483 1959 3794 2037 προφήτας,

2125 2049 2215 2104 καὶ
2245 2048 2371 2110 τοὺς
2401 2048 2742 2112 ἀποστόλους
2779 2048 2953 2122 μάτην
2997 2055 3115 2111 ταῖς
3166 2049 3355 2112 ἀκοαῖς
3406 2047 3649 2124 ἐνηχεῖν,
3701 2046 3789 2101 καὶ

370 2143 556 2214 phetae
588 2146 645 2197 et
673 2141 921 2213 apostoli
953 2140 1197 2195 auribus
1238 2138 1459 2195 nostris
1480 2137 1665 2193 fustra
1687 2140 2019 2209 personant,

2142 2138 2303 2194 πάντα
2349 2136 2511 2214 λόγον
2563 2137 2820 2217 ἀνωφελῆ
2880 2138 2971 2194 καὶ
3023 2138 3377 2216 άνενὲργητον
3448 2136 3651 2211 μένειν,
3703 2134 3789 2190 καί

374 2249 442 2288 ac
472 2231 660 2301 quivis
690 2246 884 2287 sermo
914 2228 1145 2285 inutilis
1175 2234 1234 2284 et
1261 2228 1531 2284 inefﬁcax
1562 2230 2028 2300 permaneat,au-

380 2321 719 2391 ditoresque
766 2319 826 2374 in
884 2318 1150 2375 cordium
1200 2334 1443 2374 suorum
1502 2316 1824 2384 penetralia
1880 2314 2029 2371 nihil

389 2410 618 2465 fructus
647 2407 1077 2464 transmittant.
1108 2406 1201 2462 Sic
1235 2407 1392 2462 enim
1416 2405 1763 2478 praecipiunt
1790 2405 2031 2461 auribus

387 2498 627 2570 quidem
657 2496 882 2565 audire,
915 2497 1088 2551 corde
1139 2499 1335 2550 autem
1384 2512 1499 2550 non
1546 2493 1895 2566 intelligere,
1927 2509 2033 2549 nec

389 2589 681 2644 dictorum
711 2583 1188 2654 consequentiam
1236 2584 1616 2656 perpendere,
1653 2585 1824 2654 juxta
1869 2582 2034 2639 illam

390 2674 907 2735 comminationem
942 2689 955 2727 :
990 2694 1021 2723 «
1050 2673 1267 2727 Auditu
1298 2671 1639 2740 audiatis,et
1670 2689 1785 2727 non
1818 2671 2035 2728 intelli-

389 2764 544 2838 gatis
572 2764 636 2819 7°.
674 2784 694 2812 ι
737 2761 1128 2827 Quamobrem
1172 2763 1244 2816 ad
1293 2759 1440 2815 illud
1469 2778 1487 2814 :
1520 2781 1550 2809 «
1597 2760 1852 2816 Verbum
1903 2777 2035 2817 caro

388 2854 609 2908 factum
638 2854 729 2907 est
758 2850 827 2921 τί,
882 2872 902 2899 ι
955 2850 1312 2905 audiendum
1360 2848 1741 2920 compellunt,
1790 2866 1896 2905 nec
1944 2849 2036 2921 pie

384 2941 714 3014 intelligere
758 2939 1131 3012 permittunt,
1183 2938 1353 3009 quasi
1406 2938 1506 3009 qui
1556 2944 1898 3010 potestatem
1930 2938 2034 2993 ha—

380 3034 563 3088 beant
591 3032 878 3101 cujusque
900 3032 1156 3085 mentem
1182 3027 1466 3083 arbitratu
1492 3044 1599 3083 suo
1619 3027 2033 3098 trahendi,non

383 3121 457 3177 ad
489 3121 548 3176 id
572 3120 726 3191 quod
757 3119 1033 3173 decorum
1076 3123 1137 3172 et
1164 3116 1307 3172 utile
1333 3120 1442 3173 est.
1493 3122 1581 3170 An
1628 3116 1886 3173 Verbum
1925 3131 2035 3172 aud-

382 3210 566 3276 dlam,
615 3225 720 3264 nec
770 3210 1191 3279 congruentem
1242 3221 1485 3262 sensum
1535 3206 1876 3276 requiram?
1927 3203 2033 3263 Ubi

384 3300 567 3373 igitur
594 3303 698 3354 aut
717 3296 1009 3354 sermonis
1030 3295 1581 3368 consequentia,aut
1607 3295 1895 3352 auditoris
1920 3297 2034 3352 uti-

385 3390 522 3445 litas
546 3388 575 3445 ?
605 3386 896 3445 Fortassis
923 3392 984 3442 et
1012 3386 1086 3441 ad
1137 3387 1446 3441 brutorum
1494 3400 1716 3440 morem
1768 3385 2036 3443 homines

388 3479 608 3534 mutari
639 3476 1007 3551 praecipiunt,
1030 3474 1325 3546 siquidem
1373 3474 1685 3530 verborum
1726 3491 1901 3530 sonos
1930 3492 2035 3530 au-

388 3566 555 3622 ribus
574 3566 813 3637 quidem
843 3564 1171 3637 percepturi
1199 3568 1360 3632 sunt,
1390 3577 1460 3618 ex
1489 3578 1666 3617 sensu
1714 3580 1849 3619 vero
1891 3562 2036 3619 nihil

390 3656 621 3711 fructus
650 3654 848 3709 animo
878 3653 1221 3708 admissuri.
1254 3651 1381 3708 Non
1408 3652 1531 3707 haec
1575 3652 1795 3708 Paulus
1832 3653 2037 3724 jussit,

394 3742 739 3815 hujusmodi
783 3740 1006 3797 scilicet
1049 3757 1246 3796 rerum
1298 3742 1521 3811 doctor,
1567 3756 1755 3812 neque
1799 3740 1929 3796 vult
1977 3747 2042 3797 ut

394 3832 699 3907 quidpiam
729 3830 1072 3887 admittatur
1100 3829 1229 3885 sine
1267 3828 1491 3885 ratione
1540 3835 1599 3884 et
1635 3830 1860 3900 judicio
1891 3847 1904 3886 :
1937 3832 2039 3887 sed

394 3919 735 3995 quomodo?
773 3941 803 3969 «
846 3919 1241 3974 Perfectorum
1293 3922 1383 3973 est
1429 3917 1641 3974 solitus
1692 3920 1881 3990 cibus,
1939 3921 2043 3992 qui

394 4014 634 4084 propter
661 4007 931 4063 habitum
961 4023 1170 4063 sensus
1211 4006 1430 4062 habent
1477 4007 1548 4062 ad
1600 4007 1738 4063 boni
1788 4008 2046 4081 malique

2135 2228 2264 2290 τοὺς
2306 2226 2599 2290 ἀκούοντας
2654 2223 2928 2302 μηδεμίαν
2977 2222 3168 2299 ὄνησιν
3215 2226 3291 2288 εἰς
3336 2227 3405 2282 τὰ
3434 2230 3665 2300 ταμιεῖα
3690 2227 3794 2279 τῶν

2136 2314 2376 2393 καρδιῶν
2433 2316 2839 2392 παραπεμπειν.
2888 2316 3047 2375 Οὕτω
3096 2315 3201 2392 γὰρ
3252 2314 3657 2393 προστάττουσι
3684 2316 3796 2373 τοῖς

2144 2408 2237 2482 μὲν
2272 2406 2403 2461 ὠσὶν
2437 2406 2673 2477 ἀκούειν,
2723 2410 2791 2480 τῇ
2842 2403 2901 2461 δὶ
2947 2402 3142 2481 καρδίᾳ
3184 2407 3259 2479 μὴ
3294 2404 3535 2461 συνιέναι
3574 2405 3714 2477 μήτε
3738 2401 3799 2456 τὸ

2142 2494 2442 2551 ἀκόλουθον
2469 2500 2575 2551 τῶν
2608 2494 2925 2571 λεγομενων
2954 2500 3197 2567 σκοπεῖν,
3228 2495 3366 2552 κατὰ
3412 2497 3518 2565 τὴν
3571 2492 3799 2572 φάσκου-

2142 2604 2238 2641 σαν
2262 2584 2515 2656 ἀπειλήν
2555 2608 2583 2637 u
2614 2584 2787 2659 Ἀκοῇ
2818 2584 3106 2655 ἀκούσητε,
3138 2584 3227 2639 καὶ
3258 2583 3320 2638 οὐ
3355 2586 3436 2658 μή
3501 2586 3739 2652 συνιῆτι.
3770 2600 3796 2632 π

2145 2675 2244 2730 Διὰ
2270 2679 2431 2730 τοῦτο
2488 2674 2579 2728 καὶ
2633 2673 2718 2747 τὸ,
2773 2696 2801 2725 ‹‹
2847 2674 2910 2731 Ὁ
2940 2672 3114 2749 Λόγος
3150 2673 3277 2750 σὰρξ
3309 2672 3552 2749 ἐγένετο,
3591 2692 3614 2723 ιι
3650 2664 3802 2726 ἀκού-

2145 2784 2222 2819 ειν
2282 2765 2375 2837 μὲν
2427 2762 2615 2825 ἁπλῶς
2669 2764 3050 2838 ἀναγκάζουσι,
3100 2768 3239 2817 νοεῖν
3293 2760 3351 2817 δὲ
3402 2756 3647 2823 εὐσεϐῶς
3706 2757 3800 2813 οὐκ

2144 2851 2224 2908 ἔτι
2281 2851 2680 2927 ἐπιτρέπουσιν,
2738 2850 2918 2926 ὥσπερ
2978 2850 3218 2922 ἐξουσίαν
3278 2846 3506 2927 ἔχοντες
3546 2851 3647 2919 τὴν
3681 2848 3798 2904 εκά-

2146 2960 2275 2997 στου
2306 2939 2543 2996 διάνοιαν
2576 2941 2712 3018 πρὸς
2740 2942 2804 2997 τὸ
2835 2936 3027 2996 δοκλῦν
3065 2939 3251 3002 αὐτοῖς
3293 2938 3499 3008 ἕλκειν,
3554 2936 3618 2994 οὗ
3666 2936 3798 3012 πρὸς

2141 3031 2208 3087 τὸ
2245 3033 2452 3108 πράπον
2498 3031 2590 3086 καὶ
2636 3031 2699 3086 τὸ
2750 3028 3045 3107 συμφέρον.
3099 3029 3348 3087 Ἀκούσω
3393 3035 3496 3086 τοῦ
3530 3029 3797 3106 ῥήματος,
3874 3052 3889 3067 ο

2143 3120 2234 3176 καὶ
2271 3122 2344 3193 μὴ
2390 3121 2609 3190 ζητήσω
2657 3120 2720 3174 τὸ
2769 3118 3030 3195 εὐπρεπὲς
3073 3123 3173 3174 τοῦ
3230 3121 3630 3196 φρονήματος;
3693 3117 3800 3170 Ποῦ

2146 3208 2239 3266 οὖν
2265 3211 2300 3279 ἢ
2333 3214 2430 3265 τοῦ
2462 3208 2635 3284 λόγου
2660 3208 2724 3264 τὸ
2754 3204 3078 3278 ἀκόλουθον,
3111 3208 3148 3278 ἢ
3178 3213 3277 3264 τοῦ
3316 3208 3616 3269 ἀκούοντος
3669 3204 3804 3281 ὠφε-

2145 3294 2352 3372 λιμον;
2410 3297 2567 3375 Τάχα
2616 3297 2709 3353 καὶ
2764 3297 2904 3374 πρὸς
2960 3294 3177 3373 ἀλόγων
3234 3294 3370 3368 ἕξεις
3455 3295 3799 3370 μεθίστασθαι

2141 3388 2271 3450 τοὺς
2315 3388 2632 3463 ἀνθρώπους
2680 3385 3125 3463 προστάττουσιν,
3185 3384 3334 3462 ε’ίπερ
3391 3384 3652 3458 μέλλοιεν
3704 3378 3801 3456 ψό-

2150 3500 2249 3556 φον
2283 3478 2376 3551 μὲν
2406 3476 2665 3553 ῥημάτων
2815 3476 2951 3551 ἀκοῇ
3002 3473 3279 3553 δέχεσθαι,
3325 3474 3529 3553 κέρδος
3581 3472 3640 3530 δὶ
3683 3491 3805 3541 νοη-

2154 3568 2339 3641 μάτων
2379 3563 2545 3639 μηδέν
2571 3570 2639 3640 τῇ
2671 3568 2825 3643 ψυχῇ
2852 3562 3191 3641 προσίεσθαι.
3232 3566 3351 3642 Οὐχ
3398 3566 3546 3621 οὕτω
3594 3559 3802 3619 Παῦλος

2145 3659 2283 3727 ἡτίῖν
2333 3654 2701 3731 παρεγγύησεν
2747 3654 2775 3711 ὁ
2824 3659 2935 3710 τῶν
2985 3652 3251 3710 τοιούτων
3297 3651 3648 3716 διδάσκαλος·
3682 3642 3803 3705 οὖδὲ

2154 3745 2401 3820 μετέχειν
2432 3744 2579 3804 τινὸς
2611 3742 2830 3818 ἀλόγως
2887 3743 2978 3798 καὶ
3037 3740 3368 3820 ἁδιακρίτως
3423 3741 3533 3800 δεῖν
3594 3739 3802 3816 ἀπεφή-

2149 3844 2299 3889 νατο·
2348 3830 2493 3889 ἀλλά
2546 3837 2706 3902 πῶς;
2766 3852 2794 3884 ιι
2844 3831 3082 3890 Τελείων
3133 3831 3276 3889 ἐστὶν
3306 3836 3342 3904 ἡ
3384 3833 3575 3907 στερεά
3627 3826 3798 3906 τροφὴ

2151 3926 2258 3979 τῶν
2306 3919 2395 3977 διὰ
2438 3922 2538 3990 τὴν
2582 3917 2691 3992 ’ἑξιν
2734 3923 2802 3976 τά
2840 3921 3170 3997 αἰσθητήρια
3214 3921 3631 3999 γεγυμνασμένα
3657 3915 3802 3994 ἐχόν-

2151 4034 2261 4069 των
2317 4010 2453 4087 πρὸς
2502 4008 2764 4085 διάκρισιν
2811 4014 2986 4066 καλοῦ
3031 4030 3088 4065 τε
3137 4011 3227 4066 καὶ
3273 4016 3463 4069 κακοῦ.
3521 4034 3550 4064 υ
3588 4003 3797 4064 Τελειό-

396 4098 806 4156 discretionem
836 4096 1183 4153 exercitatos
1212 4097 1280 4152 7’.
1315 4117 1345 4146 ››
1368 4096 1783 4153 Perfectionem
1816 4099 2045 4167 suadet,

396 4188 873 4246 exercitationem
897 4184 1465 4257 laudat,pervigilem
1498 4185 1630 4241 boni
1651 4185 1910 4257 malique
1928 4186 2048 4241 dis-

2153 4122 2292 4173 τητα
2363 4095 2773 4164 συνεϐούλευσε,
2850 4099 3151 4173 γυμνασίαν
3231 4098 3479 4175 ἆπῂνεσε,
3541 4096 3796 4171 διάκρισιν

2154 4196 2426 4254 ποιεῖσθαι
2457 4187 2727 4266 νηφάλιον
2758 4186 2933 4263 καλρῦ
2962 4207 3021 4243 τε
3049 4188 3139 4243 καὶ
3182 4193 3353 4243 κακοῦ
3399 4183 3800 4244 συνεϐούλευσε.

399 4277 716 4334 cretionem
748 4275 978 4331 suadet.
1027 4275 1151 4340 Qua
1195 4289 1333 4346 ergo
1378 4273 1602 4330 ratione
1651 4274 1787 4346 quis
1836 4275 2029 4347 poterl‘

2160 4286 2282 4343 Πῶς
2313 4277 2406 4334 οὖν
2438 4276 2498 4333 ἄν
2529 4264 2613 4340 τις
2644 4276 2916 4351 διακρῖναι
2948 4275 3135 4341 καλῶς
3169 4276 3449 4349 δυνηθείη,
3487 4279 3565 4352 μή
3599 4264 3802 4347 λαμ-ϐά-

399 4372 554 4423 recte
601 4367 954 4432 discernere,
1004 4363 1052 4419 si
1105 4363 1396 4419 dictorum
1446 4363 1892 4437 intelligentiam
1935 4382 2029 4420 nox

2160 4391 2266 4424 νων
2308 4372 2416 4422 τῶν
2447 4365 2760 4443 λεγομὲνων
2792 4365 3000 4420 σύνεσιν
3029 4382 3043 4436 ;
3074 4367 3277 4443 Ὥσπερ
3331 4367 3434 4443 γάρ
3484 4368 3515 4422 ὁ
3560 4358 3801 4443 καχεξίαν

400 4456 690 4528 acceperit
708 4453 737 4509 ‘?
766 4453 932 4510 Sicut
959 4453 1116 4508 enim
1149 4453 1252 4523 qui
1282 4455 1487 4509 morbo
1517 4454 1779 4526 corporis
1807 4452 2029 4509 laborat

2160 4460 2335 4513 νοσῶν
2385 4454 2438 4510 ἐν
2486 4442 2567 4528 τῷ
2616 4456 2853 4529 σώματι,
2905 4451 3011 4531 οὐχ
3042 4442 3273 4531 εὑρίσκει
3302 4442 3530 4531 γνησίαν
3561 4458 3667 4509 τῶν
3695 4442 3804 4503 ἐδε-

400 4560 743 4619 germanum
773 4543 1039 4599 ciborum
1072 4547 1313 4614 gustum
1342 4558 1456 4598 non
1498 4542 1812 4615 experitur,
1866 4558 2029 4614 nequi

2165 4544 2386 4618 σμάτων
2431 4545 2531 4613 τὴν
2576 4542 2800 4600 ἑκάστου
2847 4543 3155 4611 ποιότητα⁸
3202 4545 3345 4599 οὕτω
3384 4545 3474 4600 καὶ
3535 4545 3803 4616 ἅνθρωπος

403 4639 672 4691 accurate
701 4631 943 4704 percipit
973 4633 1262 4703 cujusque
1291 4631 1667 4704 qualitatem;
1692 4631 1773 4685 ita
1798 4635 1856 4686 et
1884 4630 2029 4686 homl

2169 4634 2485 4709 ἀγύμναστα
2515 4627 2660 4708 ἔχων
2689 4632 2749 4687 ἐκ
2781 4630 3049 4710 ῥᾳθυμίας
3100 4632 3135 4702 ἢ
3170 4630 3395 4709 ἀλογίας
3441 4634 3509 4688 τὰ
3558 4637 3658 4699 τῆς
3712 4628 3803 4697 ψυ-

402 4724 504 4796 qui
536 4723 659 4778 sive
688 4737 759 4777 ex
786 4720 1042 4793 ignavia,
1076 4720 1198 4776 sive
1227 4737 1297 4776 ex
1326 4721 1506 4776 animi
1540 4726 1801 4791 stupore,
1835 4719 2029 4775 inexer

2172 4730 2284 4800 χῆς
2334 4721 2680 4799 αἰσθητήρια,
2737 4721 2946 4799 γεύεται
3002 4722 3095 4795 μὶν
3147 4720 3352 4797 λόγων,
3386 4722 3486 4777 οὐκ
3514 4718 3801 4784 αἰσθάνεται

399 4812 609 4869 citatos
627 4810 803 4867 habet
820 4811 1003 4865 animi
1033 4824 1264 4873 sensus,
1293 4811 1561 4882 degustat
1580 4807 1823 4881 quidem
1849 4809 2025 4865 verba

2176 4809 2234 4867 δὲ
2263 4819 2362 4882 τῆς
2391 4811 2597 4866 τούτων
2627 4808 2929 4884 δυνάμεως,
2964 4808 3089 4865 οὐδὲ
3117 4812 3366 4886 γινώσκει
3391 4811 3490 4879 τὴν
3530 4814 3636 4866 τῶν
3682 4822 3800 4868 νοη-

396 4903 501 4959 sed
536 4917 643 4957 nec
671 4916 874 4955 eorum
905 4898 1023 4953 vim
1047 4897 1358 4963 sentit,nec
1389 4898 1813 4970 cogitationum
1847 4914 2029 4970 cogno

2175 4902 2360 4975 μάτων
2419 4899 2707 4969 ποιότητα·
2764 4898 2982 4973 μετέχει
3040 4896 3099 4953 δὲ
3134 4885 3370 4954 πάντων
3434 4901 3676 4971 ἀνοήτως
3720 4885 3799 4945 καὶ

397 4992 512 5047 scit
539 4990 828 5046 rationem
864 5003 875 5042 :
907 5004 972 5043 ac
1007 5003 1168 5043 more
1215 4986 1518 5042 brutorum
1564 4985 1746 5042 stulte
1776 4987 1972 5043 omnia
2003 5003 2029 5042 e

2170 4989 2494 5069 ἀφυλάκτως
2526 4985 2681 5059 δίκην
2715 4985 2957 5061 ἀλόγων,
2988 4986 3052 5041 τὸ
3085 4985 3328 5062 βλάπτον
3370 4988 3461 5042 καὶ
3506 4986 3570 5044 τό
3616 4976 3799 5069 ὠφέλι-

399 5082 631 5136 incaute
660 5077 937 5145 admittit,
970 5077 1259 5132 damnosa
1286 5080 1345 5130 et
1377 5075 1545 5131 utilia
1569 5082 1631 5131 ut
1653 5092 1715 5131 se
1747 5077 1892 5131 forte
1923 5076 2029 5130 otl'e

2175 5067 2297 5152 μον,
2353 5078 2426 5140 ὡς
2478 5074 2660 5151 ἔτυχε,
2713 5076 3091 5151 προσιέμενος,
3139 5076 3231 5130 καὶ
3283 5072 3424 5149 μηδὲ
3467 5076 3519 5131 ἐν
3568 5067 3793 5152 καθαροῖς

401 5174 559 5236 runt,
592 5166 1016 5239 recipiens,nec
1048 5164 1285 5219 mundis
1316 5164 1553 5230 quidem
1578 5164 1940 5220 animalibus
1956 5180 2029 5218 an

2173 5146 2518 5245 ἀριθμεῖσθαι
2572 5146 2733 5234 {diem
2757 5146 3103 5237 ’δυνάμενον
3145 5165 3221 5226 ὡς
3252 5146 3315 5219 οὗ
3350 5166 3676 5239 μηρυχίζων,
3715 5146 3790 5245 καὶ

404 5238 926 5329 ηυωειυεινὶίροιεει
975 5270 987 5309 :
1047 5254 1266 5325 quippe
1307 5254 1408 5322 qui
1460 5270 1574 5308 non
1629 5254 1909 5319 ruminat,
1957 5268 2029 5307 ne

2175 5238 2582 5328 λεπτυνομὲνην
2636 5256 2736 5322 τὴν
2784 5252 3013 5329 λογικὴν
3058 5255 3269 5330 τροφὴν
3318 5238 3690 5328 παραπέμπων
3735 5238 3799 5330 εἷς

406 5347 834 5403 comminutum
871 5341 1210 5399 rationalem
1244 5341 1439 5396 cibum
1474 5344 1531 5396 in
1587 5341 1927 5397 interiorem
1959 5340 2029 5395 ho

2172 5347 2263 5400 τὸν
2334 5326 2439 5400 ἔσω
2505 5342 2812 5418 ἄνθρωπον,
2869 5326 3008 5397 ἀλλ’
3078 5326 3470 5419 ἁκατὲργαστον
3521 5326 3682 5407 αὖτῆν
3725 5326 3803 5386 καὶ

416 5437 629 5490 minem
672 5432 1041 5489 transmittat
1070 5474 1083 5498 ,
1118 5431 1219 5486 sed
1266 5430 1624 5502 inrligestum
1671 5430 1839 5483 illum
1890 5436 2028 5499 atqu

2176 5431 2563 5502 ἀκατάλληλον
2616 5431 2943 5499 ἀναλίσκων,
2998 5429 3211 5504 μᾶλλον
3268 5430 3326 5487 δὶ
3380 5428 3592 5507 βλάϐην
3640 5427 3695 5482 ἐκ
3718 5424 3805 5486 τῆς

413 5526 803 5593 incongruum
840 5522 1135 5589 absumat,
1167 5521 1483 5591 potiusque
1527 5520 1946 5575 detrimentum
1998 5532 2029 5571 θ

2174 5523 2298 5597 περὶ
2346 5523 2444 5591 τὴν
2495 5520 2700 5594 πέμψιν
2750 5520 3139 5593 πλημμελείας
3195 5521 3233 5590 ἢ
3263 5538 3381 5575 τινα
3410 5520 3547 5598 πρὸς
3576 5518 3804 5574 σύστασιν

416 5612 557 5667 vitio
587 5610 830 5665 demissi
861 5611 995 5676 cibi,
1017 5625 1193 5680 quam
1226 5608 1364 5679 quid
1390 5608 1523 5664 boni
1557 5610 1628 5665 ad
1661 5610 1838 5663 vitam
1857 5606 2029 5663 confit

2179 5617 2324 5681 ζωῆς
2380 5609 2686 5685 εὐεργεσίαν
2744 5607 3064 5685 δεχόμενος.
3122 5615 3193 5666 ’Ἠ
3247 5609 3328 5674 τίς
3388 5609 3487 5665 οὐκ
3526 5606 3677 5677 οἶδεν,
3730 5599 3805 5652 ὁτι

496 5737 543 5769 ⁷ο
576 5735 683 5788 lsa.
716 5748 791 5799 v1,
818 5730 873 5785 9.
964 5733 1006 5766 ’τί
1042 5732 1205 5787 Jsan.
1237 5749 1275 5786 Ῑ.
1312 5732 1397 5786 14.
1499 5735 1544 5767 ⁷³
1576 5721 1745 5788 Hebr.
1778 5749 1833 5799 ν,
1869 5732 1956 5786 14.
