4104 6356
396 377 550 442 1365

1138 370 1795 438 CONFUTATIONES
1840 369 2168 440 QUARUM
2184 372 2276 429 DA
2293 369 2348 430 M
2396 370 2489 432 ΡΗ
2503 377 3068 438 OPOSITIONUM.

3660 389 3686 442 1
3699 385 3817 445 366

390 512 477 568 καὶ
538 512 626 564 τὸν
690 506 961 579 κληθέντα
1002 505 1233 562 δειπνεῖν
1287 503 1373 560 ἐπὶ
1429 503 1699 578 τραπέζης
1755 497 2028 567 δυνάστου,

2157 503 2430 559 mandem
2466 507 2763 579 percipiat.
2797 509 2912 562 Aut
2940 508 3070 579 quis
3102 509 3333 582 ignorat
3362 530 3496 568 eum
3558 515 3657 587 qui
3708 535 3817 572 vo-

391 599 602 670 νοητῶς
662 600 727 653 τά
782 596 1183 673 παρατιθέμενα
1236 601 1376 649 νοεῖν
1437 593 1768 670 ἐγιιελεύεται
1829 591 1855 644 6
1907 595 2048 652 θεῖος

391 690 602 763 νόμοςς
637 688 824 748 Οὕτως
859 687 918 740 οὗ
953 683 1035 740 δεῖ
1090 685 1271 761 γυμνά
1325 683 1615 757 νοημάτων
1676 679 1928 755 ἁρπάζειν
1981 679 2048 732 τά

395 779 634 855 ῥήματα,
697 781 915 830 σκοπεῖν
980 772 1036 830 δὲ
1093 773 1370 847 ἐπιμελῶς
1424 774 1484 826 τὸ
1537 771 1740 848 πρέπον
1801 772 1937 840 Θεῷ,
1983 766 2045 821 τὸ

397 867 668 944 συμφέρον
723 868 884 939 ἡμῖν,
920 865 981 918 τὸ
1014 861 1234 919 δυνατὸν
1268 870 1366 932 τῆς
1397 859 1678 933 ἀληθείας,
1709 860 1772 914 τὸ
1822 858 2046 932 σύμφω-

392 961 585 1027 νοντῷ
634 955 808 1028 νόμῳ,
841 953 903 1008 τὸ
952 951 1302 1023 κατάλληλον
1352 958 1420 1026 τῇ
1472 951 1645 1028 φύσει,
1702 949 1765 1004 τὸ
1821 950 2040 1024 γνήσιον

386 1051 485 1115 τῆς
533 1043 785 1115 πίστεως,
818 1041 880 1098 τὸ
938 1038 1154 1120 βέϐαιον
1205 1049 1304 1112 τῆς
1339 1040 1560 1103 ἐλπίδος
1613 1040 1701 1094 καὶ
1756 1039 2038 1102 ἀνόθευτον

1457 1129 1640 1203 δόξης,
1673 1131 1734 1184 τὸ
1794 1133 2036 1205 κρεῖττον

1335 1137 1360 1148 ~

1296 1154 1397 1166 -νρ

385 1141 485 1204 τῆς
545 1134 779 1208 ἀγάπης,
812 1133 872 1187 τὸ
931 1127 1245 1208 ἀνύϐριστον
1296 1137 1395 1201 τῆς

385 1224 482 1276 τοῦ
543 1220 760 1299 φθόνου,
802 1221 864 1274 τὸ
911 1225 1010 1288 τῆς
1088 1219 1313 1295 χάριτος
1391 1217 1572 1288 ἄξιον·

387 1309 592 1364 σύνεστι
627 1310 720 1382 μὶν
752 1312 870 1370 ταῖς
903 1303 1166 1363 εὖσεϐἐσιν
1214 1307 1462 1379 ἐννοίαις,
1497 1308 1673 1370 καθὼς
1733 1305 2034 1381 ἐγνωρίσθη

387 1400 473 1454 καὶ
531 1397 617 1453 ἐπὶ
670 1403 790 1467 τοῦ,
826 1423 854 1449 ι(
889 1399 949 1454 Ὀ
1000 1397 1175 1472 Λόγος
1237 1400 1362 1469 σάρξ
1421 1397 1651 1472 ἐγένετο’
1691 1419 1716 1448 ››
1752 1395 1922 1451 λείπει
1958 1392 2034 1468 δὲ,

1637 1218 1787 1271 ἅτινα
1869 1215 2041 1270 πάντα

389 1489 458 1550 ὡς
517 1485 681 1556 εῗκὸς,
729 1492 846 1548 ταῖς
907 1485 1136 1550 ἀτόποις
1197 1488 1592 1559 καινοτομίαις,
1648 1485 1732 1541 ἐπὶ
1783 1484 2033 1545 τοιαύτας

391 1575 785 1651 ματαιολογίας
836 1575 886 1646 ἐξ
935 1575 1172 1651 ἀνάγκης
1223 1576 1700 1654 καταφευγούσαις.
1734 1572 2036 1652 Κεφάλαιον

390 1662 445 1720 ’δέ
490 1665 577 1722 ἐπὶ
626 1670 742 1726 τοῖς
789 1663 1127 1742 λεγομένοις,
1163 1665 1190 1719 6
1221 1666 1318 1728 τάς
1377 1664 1544 1735 λέξεις
1593 1662 1888 1740 δεχόμενος
1945 1663 2033 1717 καὶ

387 1757 465 1828 μή
525 1757 949 1826 καταμανθάνων
1009 1753 1074 1809 τά
1130 1752 1522 1827 σημαινόμενα,
1571 1758 1685 1816 πῶς
1740 1756 1924 1824 νοήσει
1969 1752 2035 1807 τά

2161 596 2327 646 catus
2371 593 2449 648 sit
2480 600 2768 650 comatum
2805 597 2875 650 ad
2910 613 3173 653 mensam
3210 603 3521 672 magmatis,
3556 622 3682 674 quae
3713 623 3817 677 ap-

2159 681 2343 751 posita
2376 690 2516 738 sunt
2547 685 2932 756 spiritualiter
2959 689 3541 761 considerarejuberi
3564 712 3595 748 a
3618 696 3816 751 divina

2155 770 2280 844 lege
2300 774 2326 827 ?
2350 774 2632 831 Similiter
2654 780 2710 832 et
2730 779 2903 832 verba
2933 795 3110 833 sensu
3142 781 3300 836 nuda
3329 782 3674 855 abripienda
3697 803 3812 841 non

2156 867 2312 929 sunt,
2345 865 2445 918 sed
2479 871 2747 922 accurate
2779 867 3271 924 considerandum
3303 872 3442 942 quid
3476 873 3663 929 Deum
3715 875 3814 931 de-

2155 956 2299 1021 ceat,
2323 953 2460 1026 quid
2489 955 2654 1010 nobis
2686 957 2997 1021 conducat,
3016 974 3142 1028 quae
3179 959 3255 1013 sit
3286 959 3374 1014 vis
3402 962 3692 1034 veritatis,
3713 965 3816 1036 qui

2154 1058 2478 1098 consensus
2510 1045 2567 1098 in
2601 1045 2744 1116 lege,
2775 1046 2913 1116 quid
2951 1053 3170 1101 natura:
3206 1064 3556 1120 congruens,
3584 1068 3710 1123 qua:
3743 1053 3820 1107 sit

2149 1147 2431 1202 germana
2463 1134 2628 1201 fides,
2663 1153 2789 1206 qua:
2838 1151 2971 1206 spes
3028 1135 3218 1203 ﬁrma,
3282 1154 3408 1208 quae
3462 1139 3819 1196 inviolabilis

2151 1219 2454 1277 charitatis
2509 1224 2835 1288 sinceritas,
2870 1242 2994 1295 quae
3030 1225 3108 1279 sit
3137 1224 3325 1296 gloria
3355 1227 3534 1284 nullis
3567 1228 3818 1287 obnoxia

2152 1310 2688 1383 contumeliis,quid
2723 1313 2801 1366 sit
2831 1313 3049 1368 invidia
3081 1315 3526 1387 superius,quaa
3559 1318 3816 1389 dignitas

2149 1401 2345 1470 gratiis
2382 1418 2394 1456 :
2429 1418 2555 1472 quas
2587 1403 2785 1456 omnia
2816 1401 2927 1474 piis
2959 1403 3196 1474 quidem
3251 1404 3455 1459 insunt
3503 1407 3808 1479 cogitatio-

2151 1489 2344 1558 nibus,
2409 1496 2471 1543 ut
2502 1488 2559 1544 in
2593 1488 2977 1562 explicatione
3009 1491 3169 1560 dicti,
3203 1516 3228 1540 ι(
3265 1491 3522 1548 Verbum
3557 1511 3688 1550 caro
3722 1495 3809 1550 fa-

2145 1581 2303 1631 ctum
2337 1583 2443 1642 est,
2483 1601 2506 1625 ››
2539 1579 3019 1646 explanavimus;
3053 1580 3154 1634 sed
3189 1581 3404 1636 desunt
3459 1582 3681 1638 scilicet
3742 1584 3802 1639 in

2145 1667 2419 1722 absurdis
2455 1667 2569 1722 illis
2605 1668 3237 1740 innovationibus,quae
3269 1672 3340 1724 ad
3374 1671 3668 1738 eiusmodi
3701 1690 3802 1728 va-

2147 1754 2570 1827 niloquentiam
2605 1757 2933 1812 necessario
2957 1757 3323 1828 confugiunt.
3353 1760 3593 1814 Summa
3623 1759 3801 1831 hujus

388 1845 657 1919 μάχεσθαι
691 1842 966 1914 ἀλλήλοις
998 1841 1260 1898 δοκοῦντα
1289 1845 1423 1898 κατά
1453 1843 1514 1898 τὸ
1546 1844 1879 1920 πρόχειρονς
1912 1845 2028 1903 lli):

2143 1844 2425 1898 orationis
2457 1848 2543 1898 est
2578 1860 2590 1897 :
2626 1845 2723 1914 qui
2756 1845 3038 1900 dictiones
3071 1846 3302 1918 excipit,
3339 1864 3444 1901 nec
3505 1847 3802 1919 signiﬁca-

382 1932 594 2009 εὑρήσει
625 1935 723 2001 τήν
761 1933 1102 2007 ἁρμόζουσαν
1135 1932 1326 2001 λύσιν;
1363 1938 1484 1995 Πῶς
1534 1933 1815 2007 ἀπόκρισιν
1864 1929 2024 1986 δώσει

376 2028 493 2084 τοῖς
530 2021 800 2097 ἐπερωτᾷν
835 2023 1236 2096 βουλομένοις;
1272 2021 1392 2083 Ηῶς
1443 2021 1662 2097 φυλάξει
1692 2021 1755 2074 τὸ
1785 2041 2024 2096 γεγραμ-

382 2111 563 2184 μένον·
602 2112 724 2165 «T6
775 2109 968 2167 εἶδέναι
1022 2116 1136 2174 πῶς
1187 2109 1268 2166 δεῖ
1316 2114 1462 2183 ἡμᾶς
1514 2111 1591 2164 ἐνὶ
1641 2109 1847 2181 ἑκάστῳ
1895 2109 2026 2163 ἀπο-

374 2199 645 2277 κρίνεσθαι
673 2221 685 2272 ;
719 2223 745 2253 ι

1167 2493 1229 2543 Χ.

498 2577 637 2653 Πρὸς
685 2575 813 2638 τοὺς
864 2574 1118 2651 λέγοντας
1153 2595 1165 2607 ·
1214 2577 1444 2653 ᾜπαθεν
1488 2575 1515 2628 6
1555 2574 1683 2636 Θεὸς
1733 2573 1898 2649 λόγον

1105 2646 1280 2723 σαρκί.

446 2754 745 2828 Θαυμάζειν
828 2753 996 2809 ἔπεισί
1057 2775 1174 2827 μοι,
1225 2758 1362 2825 πῶς,
1420 2754 1710 2815 τοσούτους
1774 2775 2021 2832 νεωτερι·

377 2845 546 2917 σμοὺς
579 2843 948 2919 ἐπεισάγοντες
982 2846 1033 2898 οἱ
1063 2843 1169 2899 τῶν
1201 2848 1399 2898 καινῶν
1454 2841 1740 2917 δογμάτων
1790 2844 2020 2917 εὑρεταὶ,

375 2933 535 3009 κόρον
571 2928 753 2990 λαϐεῖν
789 2940 889 3002 τῆς
918 2933 1175 3003 τοιαύτης
1215 2932 1564 3005 καινοτομίας
1610 2931 1707 2986 οὐκ
1742 2930 2023 3002 ἠδυνήθη-

377 3043 488 3078 σαν·
517 3021 660 3077 ἀλλά
678 3020 730 3076 εἷ’
751 3045 804 3077 τι
833 3021 976 3091 ξένον
1012 3021 1244 3076 ἐπινοεῖν
1279 3022 1412 3096 πρὸς
1445 3021 1653 3089 ἀπάτην
1686 3026 1790 3076 τῶν
1823 3021 2024 3077 ἁπλου-

376 3111 575 3183 στέρων
606 3111 990 3178 νεανιεύονται,
1023 3111 1136 3164 οἷον
1182 3111 1269 3164 καὶ
1318 3111 1380 3164 τὸ
1433 3110 1788 3185 προκείμενον
1820 3115 1912 3164 νῦν
1946 3111 2022 3173 εἰς

376 3198 628 3269 ἐξέτασινο
670 3225 689 3250 ι
727 3206 957 3263 Ἕπαθεν
994 3199 1021 3252 6
1051 3197 1179 3260 Θεὸς
1223 3198 1399 3273 Λόγος
1452 3199 1626 3273 σαρκί.
1661 3222 1688 3250 ››
1727 3198 1894 3253 Πάλιν
1940 3198 2020 3254 ἐν-
2053 3236 2096 3301 C

445 3294 466 3301 -
641 3287 691 3301 ..
782 3289 796 3301 .
1300 3287 1347 3301 ,η
1410 3285 1451 3301 ..ς
1550 3289 1562 3301 .
1609 3285 1631 3298 ..
1854 3287 1938 3301 ..ς

376 3294 540 3352 ταῦθα
563 3287 706 3344 πολὺ
742 3289 836 3360 μὶν
869 3290 930 3343 τὸ
967 3285 1190 3363 ἄλογον,
1222 3287 1364 3342 πολὺ
1407 3285 1463 3342 δὲ
1510 3289 1573 3341 τὸ
1603 3285 1825 3343 ἄτοπον.
1854 3287 2019 3342 Ἀλο-

378 3377 493 3452 γίας
529 3379 621 3450 μὲν
648 3377 749 3453 γὰρ
789 3377 852 3432 τὸ
901 3374 1101 3452 λέγειν,
1131 3373 1310 3448 ἕτερον
1375 3375 1539 3451 ἐτέρῳ
1590 3375 1840 3452 πάσχειψ
1899 3375 2021 3430 ἀτο-

377 3464 498 3527 πίας
533 3462 588 3519 δὲ
618 3465 701 3533 τὸ,
743 3492 762 3514 α
801 3465 1031 3520 ’Έπαθεν
1067 3465 1095 3518 6
1123 3463 1320 3538 Λόγος.
1360 3489 1386 3515 ››
1432 3467 1598 3540 Ὅπερ
1637 3463 1838 3539 γυμνὸν
1887 3484 2020 3539 προ-

372 3553 731 3626 καλύμματος
818 3553 985 3608 εἰπεῖν
1073 3552 1134 3608 οὐ
1214 3553 1552 3626 τολμῶντες,
1614 3552 1885 3628 ἐπήγαγον
1961 3552 2024 3607 τὸ

375 3666 402 3691 ‹‹
441 3643 616 3719 σαρκὶ,
669 3669 696 3694 ››
746 3642 984 3716 καθάπερ
1040 3642 1330 3716 πρόσωπον
1392 3642 1619 3717 αἰσχρὸν
1673 3644 1736 3696 τὸ
1793 3641 2025 3713 ἀπρεπὲς

368 3736 469 3786 τοῦ
511 3733 863 3809 φρονήματος
915 3729 1126 3807 δολερῷ
1168 3731 1498 3806 προσωπείῳ
1538 3729 1926 3792 καλύπτοντες.
1962 3731 2024 3785 Εἰ

375 3819 404 3872 6
437 3820 610 3896 Λόγος
672 3818 881 3890 ἔπαθεν,
914 3822 1088 3876 ἐαυτῶ
1143 3817 1354 3875 ἕπαθεψ
1395 3820 1439 3874 εί
1498 3817 1554 3874 δὶ
1600 3816 1782 3895 ἕτερον
1829 3819 1892 3873 τὸ
1925 3839 2025 3872 πα-

373 3909 484 3980 θὸν,
520 3906 670 3964 οὐδὲν
703 3909 838 3985 πρὸς
867 3909 957 3964 τὸν
992 3904 1192 3984 Λόγον,
1226 3908 1274 3962 εἷ’
1308 3909 1383 3980 μή
1421 3907 1559 3980 μόνη
1611 3911 1646 3978 ἡ
1687 3901 1842 3975 ὕϐρις
1892 3907 2027 3961 κατά

375 3997 644 4074 ἀναφοράν
676 4003 773 4053 τοῦ
805 4000 1122 4072 πάσχοντος
1155 3999 1410 4069 σώματος
1461 3996 1536 4057 εἷς
1593 3996 1682 4049 τὸν
1742 3994 2023 4067 ἡνωμένον

372 4086 744 4161 ἀνατρέχουσα
801 4085 1000 4161 Λόγον.
1032 4086 1103 4140 Τὸ
1153 4083 1210 4140 δὲ
1259 4084 1456 4161 λέγειν,
1491 4110 1517 4136 ‹‹
1554 4085 1608 4136 Ὁ
1641 4083 1814 4160 Λόγος
1866 4080 2028 4147 ἔπαθε

381 4175 560 4251 σαρκὶ,
607 4201 632 4226 ›.
667 4171 926 4254 ἄγραφον,
960 4173 1246 4244 ἀνοίκειον,
1272 4174 1587 4243 ἀσύστατον,
1636 4172 2022 4236 ἀνακόλουθον.

373 4261 536 4320 ’Λλλ’
567 4263 752 4332 ἐπειδὴ
812 4264 1155 4343 βλασφημεῖν
1221 4265 1314 4336 μὲν
1366 4263 1649 4325 ἀπαύστως
1703 4261 2026 4339 ἔκριναν,τὸ

374 4351 450 4422 δὲ,
488 4380 515 4406 ‹‹
550 4357 781 4412 Ἕπαθεν
814 4355 841 4408 ὁ
874 4354 1070 4431 Λόγος,
1105 4378 1132 4405 ι)
1166 4351 1400 4429 ἔγνωσαν
1430 4350 1796 4428 ἀπαράδεκτον
1838 4354 2025 4413 ἀκοαῖς

377 4439 635 4511 εὐσεϐέσι,
669 4445 954 4522 φάρμακον
1012 4445 1324 4518 προσθεῖναι
1355 4443 1417 4496 τὸ
1449 4467 1476 4494 ‹‹
1510 4445 1577 4516 τῇ
1638 4441 1793 4518 σαρκὶ
1829 4466 1856 4491 ››
1909 4446 2023 4503 τοῖς

379 4531 639 4605 ῥημάτων
675 4531 973 4608 τραύμασιν
1007 4530 1348 4586 ἐδικαίωσαν·
1386 4529 1503 4586 δεον
1537 4533 1675 4604 μήτε
1722 4532 1820 4600 τήν
1870 4529 2026 4584 νόσον

381 4619 616 4695 ἐπάγειν,
693 4623 831 4692 μήτε
911 4621 1245 4697 φαρμακείας
1325 4620 1616 4690 ἀπατώσης
1702 4619 2024 4698 φροντίζειν,
2057 4603 2103 4669 Ῐ)

378 4708 544 4765 Οὐδὲν
602 4711 704 4786 γάρ
761 4715 868 4764 τῶν
925 4709 1255 4786 παραλόγων
1283 4709 1674 4784 τεχνασμάτων
1730 4709 2027 4784 εὑρίσκεται

371 4802 441 4872 τῇ
503 4797 732 4868 ἀληθείᾳ
782 4797 1270 4873 συναρμοζόμῑνον·
1307 4795 1432 4851 ἀλλ’
1462 4796 1594 4850 αὐτὸ
1641 4796 1704 4850 τὸ
1755 4795 2027 4857 πολλάκις

376 4889 548 4960 ἐαυτῷ
586 4887 922 4962 μαχόμενον,
955 4886 1043 4942 καὶ
1097 4887 1172 4958 μή
1207 4885 1450 4960 εὑρίσκον
1485 4886 1664 4939 στάσιν
1720 4886 1864 4960 παρά
1909 4891 2024 4947 τοῖς

374 4987 601 5044 συνετῶς
662 4980 954 5036 ἐπαίουσιν.
991 4977 1123 5034 Οὔτε
1172 4979 1198 5031 ὁ
1247 4978 1420 5053 Λόγος
1476 4979 1718 5047 παθητὸς
1747 4981 1814 5051 τῇ
1848 4977 2026 5052 σαρκὶ,

377 5073 500 5129 οὔτε
525 5076 558 5142 ἡ
595 5073 721 5145 σάρξ
753 5073 964 5142 ἀπαθὴς
995 5076 1073 5143 τῷ
1120 5071 1299 5146 Λόγῳο
1336 5068 1480 5125 ἀλλὰ
1523 5070 1612 5124 καὶ
1641 5072 1676 5138 ἡ
1710 5070 1837 5143 σάρξ
1896 5069 2031 5123 κατά

375 5166 474 5232 τήν
532 5163 731 5218 οἰκείαν
799 5162 953 5239 φύσιν
987 5163 1048 5215 τὸ
1077 5162 1246 5224 πάθος
1303 5159 1604 5234 προσίεται,
1637 5159 1724 5212 καὶ
1777 5160 1805 5212 ὁ
1856 5156 2026 5234 Λόγος

380 5252 687 5328 ἀχώριστον
745 5259 845 5320 τῆς
898 5247 1035 5311 ἰδίας
1093 5249 1275 5310 οὐσίας
1324 5246 1438 5324 ἔχει
1488 5249 1550 5302 τὸ
1590 5247 1804 5309 ἀπαθὲς.
1840 5247 1901 5302 Εἰ
1935 5245 2025 5301 οὖν

375 5343 532 5403 οὗτος
563 5345 632 5416 τῇ
666 5342 821 5417 σαρκὶ
851 5339 1075 5416 πάσχει,
1108 5339 1232 5415 περὶ
1279 5346 1379 5408 τῆς
1431 5339 1625 5413 σαρκὸς
1653 5337 1706 5392 τί
1757 5337 1815 5392 ἂν
1853 5335 2026 5392 εἷ’ποι-

379 5451 504 5504 μεν;
538 5431 620 5487 ὅτι
680 5432 879 5507 πάσχει
932 5435 1011 5500 τῷ
1071 5429 1251 5505 Λόγῳ,
1406 5427 1468 5482 οὗ
1527 5428 1762 5503 πάσχει;
1815 5427 1877 5482 Ei’
1931 5429 2024 5501 μὶν

373 5520 436 5574 οὐ
483 5520 704 5596 πάσχει,
735 5520 902 5594 ταύτῃ
947 5520 1010 5573 τὸ
1056 5519 1256 5582 ἂπαθὲς
1313 5517 1598 5593 ἐχαρίσθη·
1637 5518 1680 5570 εἰ
1717 5515 1772 5571 δέ
1802 5516 2024 5592 πάσχει,

447 5700 493 5735 ’⁷³
521 5699 741 5756 Coloss.
774 5715 851 5766 Iv,
881 5699 937 5752 6.

2143 1933 2354 1988 tionem
2398 1950 2598 1988 earum
2633 1933 2860 1999 ediscit,
2895 1933 2993 2004 qui
3030 1934 3318 2006 intelliget.
3351 1952 3418 1990 ea
3450 1953 3578 2008 quae
3611 1935 3799 2008 primo

2136 2020 2351 2075 intuitu
2385 2021 2537 2076 inter
2567 2039 2626 2078 se
2661 2039 2922 2093 pugnare
2954 2022 3268 2077 videntur?
3300 2023 3602 2086 Quomodo
3662 2041 3796 2078 con-

2135 2117 2437 2182 gruentem
2471 2111 2727 2166 inveniet
2757 2110 3155 2166 solutionem?
3185 2111 3306 2176 Quo
3340 2118 3506 2184 pacto
3548 2112 3794 2168 interro-

2133 2201 2410 2270 gantibus
2472 2199 2888 2270 respondebit?
2947 2200 3245 2263 Quomodo
3303 2201 3593 2257 custodiet
3647 2199 3794 2256 illud

2135 2290 2289 2360 quod
2331 2290 2617 2360 scriptum
2650 2291 2738 2343 est
2770 2305 2782 2342 :
2820 2310 2848 2337 ‹‹
2880 2289 3037 2344 Scire
3066 2289 3358 2360 quomodo
3389 2294 3654 2361 oporteat
3684 2307 3791 2345 nos

2135 2377 2448 2449 unicuique
2479 2375 2832 2451 respondere
2855 2378 2900 2412 ⁷³
2917 2377 2944 2432 ?
2968 2399 2996 2429 »

2918 2493 2985 2550 Χ.

2131 2586 2398 2640 Adversus
2445 2601 2536 2640 eos
2583 2587 2683 2656 qui
2727 2585 2934 2650 dicunt,
2983 2586 3186 2641 Passus
3223 2594 3302 2641 est
3353 2586 3490 2642 Deus
3552 2585 3783 2641 Verbum

2855 2673 3046 2713 eam.

2203 2757 2398 2814 Mirari
2433 2756 2591 2812 subit
2621 2774 2748 2828 quae
2778 2773 2956 2812 causa
2982 2757 3062 2812 sit
3091 2774 3196 2813 cur
3225 2762 3312 2813 tot
3341 2762 3400 2813 et
3448 2761 3643 2813 tantas
3692 2755 3782 2810 in-

2132 2846 2381 2902 duentes
2414 2845 2725 2913 novitates,
2768 2845 3147 2901 insolentium
3169 2846 3787 2918 dogmatuminvento-

2133 2953 2224 2989 res
2248 2934 2543 2989 nullarum
2561 2952 2753 2989 rerum
2773 2936 3172 2989 novandarum
3189 2934 3785 3007 satietasceperit;sed

2133 3024 2181 3078 si
2208 3025 2346 3094 quid
2373 3022 2632 3078 insolens
2662 3029 2770 3091 est,
2791 3022 2930 3076 illud
2958 3023 3287 3094 petulanter
3307 3027 3372 3078 ad
3400 3022 3789 3094 simpliciores

2133 3111 2695 3167 circumvieniendos
2720 3116 3113 3182 proponunt,q
3124 3111 3251 3166 uale
3267 3117 3354 3166 est
3371 3113 3526 3183 quod
3540 3113 3667 3182 jam
3692 3127 3790 3166 no-

2137 3201 2226 3254 bis
2246 3201 2400 3257 508
2423 3199 2868 3270 disquirendum
2896 3201 3519 3271 proponiturzuPassus
3537 3205 3626 3255 est
3639 3205 3789 3255 Deus

2135 3289 2386 3344 Verbum
2423 3306 2616 3344 carne.
2656 3313 2682 3337 ››
2717 3289 2818 3343 Hic
2858 3307 3095 3344 rursum
3157 3291 3344 3344 multa
3399 3289 3611 3344 rationi
3672 3305 3787 3344 non

2133 3384 2544 3440 consentanea,
2606 3378 2905 3448 multaque
2935 3379 3209 3435 absurda.
3245 3379 3475 3434 Rationi
3507 3394 3622 3433 non
3647 3394 3787 3433 con-

2135 3467 2312 3521 sentit
2344 3465 2496 3536 quod
2530 3463 2766 3534 dicitur,
2797 3465 3044 3519 alterum
3075 3464 3240 3520 alteri
3273 3465 3427 3536 pati;
3459 3465 3785 3520 absurdum

2135 3563 2223 3610 est
2255 3555 2397 3610 illud
2433 3572 2445 3609 :
2485 3577 2511 3604 ‹‹
2548 3556 2800 3611 Verbum
2835 3561 2924 3610 est
2958 3572 3218 3626 passum.
3259 3579 3278 3604 ο
3315 3556 3476 3618 Quod
3508 3571 3642 3609 cum
3675 3572 3782 3608 nu-

2135 3647 2276 3701 dum
2307 3646 2530 3716 absque
2558 3644 2844 3699 velamine
2877 3645 3130 3714 proferre
3159 3662 3274 3699 non
3309 3644 3784 3713 auderent,adje-

2135 3737 2340 3789 cerunt
2366 3731 2536 3796 illud,
2569 3755 2595 3781 ‹‹
2629 3749 2821 3803 carne,
2858 3754 2884 3780 ››
2915 3739 2972 3786 et
3032 3733 3200 3804 quasi
3259 3737 3492 3804 turpem
3553 3731 3782 3800 faciem,

2137 3822 2338 3876 dolosa
2389 3821 2546 3876 larva
2593 3821 2894 3876 sententiis
2934 3822 3360 3876 absurditatem
3421 3820 3784 3876 obvelarunt.

2137 3912 2196 3966 Si
2226 3911 2477 3966 Verbum
2514 3929 2753 3982 passum
2786 3917 2895 3973 est,
2927 3911 3040 3966 sibi
3075 3911 3182 3982 ipsi
3217 3916 3306 3966 est
3337 3927 3576 3981 passum
3630 3927 3643 3964 :
3695 3910 3788 3964 sin

2136 4001 2290 4055 aliud
2342 4006 2431 4054 est
2479 4001 2633 4071 quod
2669 4016 2908 4071 passum
2943 4006 3051 4066 est,
3083 4000 3225 4054 nihil
3261 4001 3332 4054 ad
3363 3999 3640 4064 Verbum,
3675 3999 3788 4055 nisi

2137 4090 2264 4145 sola
2292 4089 2510 4158 injuria
2533 4106 2658 4159 qua:
2691 4089 2946 4158 patiente
2973 4105 3213 4160 corpore
3237 4089 3345 4158 ipsi
3373 4088 3786 4158 conjuncto,ad

2138 4179 2333 4248 ipsum
2394 4178 2642 4232 recurrit
2675 4175 2949 4231 Verbum.
2985 4178 3180 4232 Dicere
3213 4183 3437 4242 autem,
3468 4200 3495 4226 «
3535 4176 3786 4232 Verbum

2139 4283 2375 4339 passum
2411 4271 2500 4320 est
2528 4281 2720 4329 carne,
2758 4288 2786 4313 ››
2820 4266 3061 4320 minime
3095 4265 3378 4336 scriptum
3411 4271 3518 4331 est,
3552 4283 3617 4320 ac
3675 4266 3788 4319 im-

2137 4354 2460 4425 proprium.
2494 4354 3068 4425 incompositumque
3098 4359 3206 4419 est,
3241 4371 3346 4409 nec
3376 4354 3617 4410 aliunde
3647 4371 3788 4409 con-

2136 4443 2541 4514 sequitur.Sed
2568 4444 2707 4514 quia
2739 4445 2968 4498 nullum
3004 4443 3448 4515 blasphemandi
3475 4444 3649 4498 linem
3675 4443 3786 4498 sibi

2139 4533 2621 4604 praescripserunt
2654 4549 2664 4585 :
2702 4532 2989 4604 illudque,
3019 4553 3040 4581 ε
3075 4533 3318 4588 Passum
3352 4539 3442 4588 est
3471 4533 3786 4599 Verbum,»

2137 4623 2262 4694 pias
2293 4639 2463 4678 aures
2497 4623 2656 4677 nullo
2690 4623 2860 4677 modo
2893 4629 3227 4694 recepturae
3277 4628 3527 4689 norunt;
3578 4623 3784 4677 verbo—

2137 4729 2266 4766 rum
2301 4710 2640 4765 vulneribus
2673 4711 2993 4767 remedium
3012 4711 3595 4784 apponere,addendo
3617 4710 3784 4777 illud,

2141 4823 2168 4850 ‹‹
2197 4817 2389 4866 carne,
2420 4822 2446 4849 »
2481 4817 2710 4871 aequum
2743 4807 3098 4856 censuerunt
3129 4817 3142 4855 :
3177 4818 3309 4856 cum
3343 4801 3528 4857 salius
3560 4801 3787 4868 fuisset,

2141 4907 2243 4944 nec
2273 4891 2542 4944 morbum
2574 4890 2870 4954 inducere,
2905 4907 3009 4944 nec
3044 4889 3217 4944 fallax
3247 4890 3571 4945 remedium
3623 4889 3789 4945 adhi-

2140 4983 2290 5036 bere.
2316 4979 2461 5033 Nam
2494 4981 2886 5035 absurdorum
2920 4986 3410 5043 commentorum,
3445 4979 3669 5034 nullum
3704 4997 3791 5036 re-

2139 5069 2326 5141 perire
2350 5070 2621 5139 estquod
2655 5068 2880 5124 veritati
2937 5071 3014 5124 sit
3071 5072 3614 5134 accommodatum;
3674 5069 3794 5123 imo

2140 5158 2334 5230 potius
2400 5158 2554 5212 idem
2619 5157 2964 5229 plerumque
2993 5174 3191 5213 secum
3229 5163 3469 5228 pugnat,
3506 5173 3609 5211 nec
3639 5158 3796 5228 apud

2139 5249 2319 5320 probe
2350 5249 2668 5304 sentientes
2700 5248 2874 5302 habet
2907 5248 3001 5302 ubi
3045 5247 3347 5302 consistat.
3407 5249 3605 5318 Neque
3664 5250 3792 5302 Ver-

2140 5339 2280 5394 bum
2313 5344 2402 5392 est
2431 5355 2604 5392 carue
2636 5337 2934 5408 passibile,
2967 5354 3154 5407 neque
3184 5355 3316 5392 raro
3348 5344 3436 5393 est
3468 5338 3656 5394 Verbo
3684 5340 3794 5394 im-

2137 5427 2577 5498 passibilis.Sed
2609 5432 2667 5481 et
2687 5443 2822 5481 caro
2847 5429 3015 5496 juxta
3047 5426 3342 5497 propriam
3375 5428 3487 5482 sibi
3521 5435 3794 5482 naturam

2137 5515 2473 5588 passionem
2509 5514 2854 5579 admittit,et
2875 5515 3128 5567 Verbum
3157 5531 3188 5568 a
3215 5531 3322 5568 sua
3346 5516 3678 5570 substantia
3707 5517 3792 5569 iu-
