4104 6364
340 327 492 385 1367

1503 330 1570 388 S.
1617 322 2142 386 ATHANASIUS.
2178 356 2248 367 -οη
2290 322 2600 382 SPUHIA.

3600 328 3741 388 1368

333 458 664 527 separabile
694 476 827 514 cum
865 460 960 526 sit,
990 465 1080 515 est
1111 459 1494 532 impassibile.
1546 459 1599 513 Si
1664 473 1799 529 ergo
1853 455 1994 510 Ver-

2124 455 2216 506 τῶν
2254 448 2350 506 δύο
2380 451 2442 506 τὸ
2473 449 2641 516 πάθος
2673 451 3131 530 κατεψηφίσαντο,
3160 451 3332 528 εἴπερ,
3365 455 3538 517 καθώς
3578 477 3741 533 φασιν,

335 549 473 602 bum
501 566 672 603 carne
701 549 1020 620 patitur,de
1043 567 1214 602 carne
1237 550 1376 620 quid
1407 545 1758 603 dixerimus?
1775 545 1996 599 Patitur

336 637 541 704 Verbo,
576 653 768 691 annon
803 637 1066 707 patitur?
1097 637 1152 691 Si
1191 655 1300 692 non
1361 637 1599 709 patitur,
1659 633 1994 706 impassibi-

335 725 470 779 litas
503 724 584 780 illi
619 726 904 780 attributa
937 726 1081 791 fuit,
1117 728 1204 781 sin
1243 731 1484 798 patitur,
1519 726 1831 794 utriusque
1865 739 1995 794 pas-

338 814 561 869 sionem
595 813 1053 881 constituerunt;
1090 815 1405 885 siquidem,
1437 822 1496 868 ut
1525 814 1710 877 aiunt,
1738 813 1993 866 Verbum

340 903 578 974 quidem
609 919 781 958 carne
815 903 1196 974 putitur,caro
1231 909 1421 958 autem
1458 904 1679 974 patitur
1708 901 1894 954 Verbo
1938 899 1996 953 in

339 989 576 1060 propria
636 998 860 1044 natura.
916 990 1025 1044 Sed
1065 990 1308 1044 Furtasse
1342 991 1535 1043 dicent
1568 993 1718 1044 :Cur
1745 1003 1880 1058 ergo
1913 985 1998 1039 di-

339 1081 500 1131 ctum
543 1077 653 1131 fuit
688 1093 700 1130 :
737 1100 762 1126 «
801 1077 876 1131 Ex
911 1079 1127 1149 quibus
1170 1078 1439 1133 Christus
1498 1078 1821 1134 secundum
1875 1091 1998 1128 car-

342 1181 474 1219 nem
508 1165 581 1218 7‘?
612 1188 639 1214 »
677 1165 774 1219 Dic
803 1165 1100 1220 Christum
1139 1172 1475 1236 passum,et
1506 1167 1707 1222 eodem
1744 1167 2002 1219 recurret

341 1270 551 1308 nomen
580 1253 905 1317 carnis.Qui
939 1255 1078 1308 dicit
1110 1259 1284 1309 Deum
1314 1252 1998 1321 Verbum,substantiam

345 1341 672 1413 simplicem
708 1343 975 1414 designat
1009 1362 1020 1398 :
1060 1344 1159 1414 qui
1191 1361 1322 1398 vero
1368 1344 1665 1399 Christum
1729 1343 1891 1406 dicit,
1952 1341 2002 1394 is

346 1433 596 1486 duarum
631 1432 1101 1502 conjunctionem
1137 1438 1480 1488 naturarum
1520 1433 1795 1488 declarat.
1823 1435 2002 1502 Atque

346 1519 427 1574 ita
454 1526 843 1591 congruenter
897 1523 1174 1594 explicari
1237 1523 1358 1577 haec
1415 1522 1692 1594 loquendi
1753 1519 2005 1574 formula

350 1614 562 1680 potest,
621 1634 646 1658 ‹‹
708 1610 977 1665 Christus
1037 1619 1126 1666 est
1184 1629 1418 1683 passus,
1482 1635 1502 1660 ι
1566 1611 1706 1683 quia
1752 1627 1857 1664 vox
1885 1609 2003 1663 haec

351 1705 666 1772 utrumque
701 1701 875 1756 simul
908 1702 1223 1773 signiﬁcat,
1257 1709 1315 1757 et
1344 1701 1668 1774 impatihile
1724 1700 2000 1766 Verbum,

2111 541 2138 594 6
2175 541 2269 612 μὶν
2335 540 2510 615 Λόγος
2561 539 2760 616 πάσχει
2809 544 2879 615 τῇ
2932 541 3108 618 σαρκὶ,
3143 544 3177 610 ἡ
3212 539 3268 596 δὲ
3301 543 3426 617 σὰρξ
3457 543 3648 619 πάσχει
3678 551 3746 617 τῷ

2108 625 2272 702 Λόγῳ
2323 629 2372 684 ἐν
2425 634 2491 703 τῇ
2539 627 2650 700 ἰδίᾳ
2699 630 2874 707 φύσει.
2909 629 3068 684 Ἀλλ’
3118 630 3246 694 ἴσως
3281 631 3480 704 ἐροῦσι¹⁵
3519 637 3633 694 Πῶς
3667 635 3745 688 οὖν

2107 715 2340 790 εἷ’ρηται’
2373 745 2393 766 ι
2430 719 2514 790 Ἐξ
2567 720 2639 772 ὧν
2686 720 2713 772 6
2754 719 2981 794 Χριστὸς
3028 719 3090 773 τὸ
3133 721 3270 774 κατὰ
3322 722 3527 797 σάρκα;
3562 747 3587 771 ››
3628 723 3746 798 Λέγε

2110 808 2335 880 Χριστὸν
2396 803 2654 879 παθόντα,
2685 807 2773 862 καὶ
2835 805 3138 880 σύνδρομον
3190 809 3435 883 εὑρήσεις
3479 810 3540 864 τὸ
3587 805 3744 883 ὄνομα

2106 903 2205 964 τῆς
2238 896 2452 970 σαρκός.
2486 898 2542 949 Ὀ
2577 897 2671 969 μὶν
2707 898 2810 972 γὰρ
2845 896 3009 952 εἰπὼν
3039 897 3128 952 τὸν
3171 897 3300 952 Θεὸν
3350 897 3549 973 Λόγον,
3582 899 3742 969 ἁπλῆν

2109 985 2289 1040 οὐσίαν
2337 985 2635 1057 ἐσήμανεν·
2691 987 2718 1040 6
2770 983 2826 1040 δὲ
2875 985 3294 1063 προσαγορεύων
3363 988 3617 1062 Χριστὸν,
3661 991 3744 1058 τὴν

2111 1073 2389 1153 συνάφειαν
2451 1079 2555 1128 τῶν
2634 1072 2728 1129 δύο
2792 1074 2998 1152 φύσεων
3060 1074 3384 1153 ἐφανέρωσε.
3439 1078 3537 1130 Καὶ
3595 1077 3745 1139 οὕτως

2113 1164 2366 1238 ἁρμόζειν
2401 1161 2617 1217 δύναται
2648 1165 2710 1217 τὸ
2733 1162 2937 1239 λέγειν,
2960 1189 2986 1213 ‹‹
3019 1166 3251 1228 Ἔπαθεν
3285 1165 3313 1220 6
3343 1167 3597 1241 Χριστὸς,
3622 1189 3646 1216 ››
3673 1164 3741 1219 διά

2109 1255 2171 1307 τὸ
2202 1254 2299 1321 τὴν
2333 1253 2703 1328 προσηγορίαν
2736 1253 2936 1323 ταύτην
2967 1255 3033 1308 τὰ
3051 1251 3146 1308 δύο
3174 1255 3398 1326 μηνύειν
3422 1254 3654 1326 ἅμα,καῖ
3671 1255 3740 1308 τὸν

2111 1343 2289 1410 ἀπαθῆ
2345 1342 2536 1418 Λόγον,
2587 1343 2676 1396 καὶ
2732 1344 2832 1411 τήν
2883 1344 3133 1412 παθητὴν
3187 1341 3375 1418 σάρκα,
3425 1344 3528 1412 τήν
3581 1365 3748 1418 γευσα-

2117 1433 2282 1505 μένην
2360 1432 2609 1495 θανάτου.
2675 1431 2822 1487 Ἐπεὶ
2901 1431 2988 1485 καὶ
3068 1429 3306 1499 Παῦλος,
3516 1432 3611 1500 ὧν,
3670 1432 3755 1486 οὐκ

2115 1521 2250 1588 εἶπε,
2285 1520 2490 1595 γυμνὸς
2521 1521 2548 1574 6
2581 1519 2733 1587 Θεὸς,
2767 1518 2894 1574 ἀλλ’
2928 1545 2953 1571 ‹‹
2989 1520 3072 1590 Ἐξ
3113 1521 3185 1574 ὧν
3243 1521 3474 1596 Χριστὸς
3524 1521 3586 1575 τὸ
3635 1523 3756 1574 κατᾶ

2115 1609 2301 1686 σάρκα·
2344 1636 2363 1659 ιο
2395 1607 2487 1662 ’ίνα
2521 1606 2664 1683 δείξῃ
2699 1610 2788 1662 τὸν
2826 1609 3330 1682 μνημονευόμενον,
3361 1610 3499 1664 κατὰ
3535 1609 3626 1681 μὶν
3669 1610 3756 1676 τήν

2115 1699 2283 1776 σάρκα
2341 1699 2401 1753 ἐκ
2471 1704 2577 1752 τῶν
2635 1697 3012 1774 Ἰσραηλιτῶν,
3071 1700 3208 1753 κατὰ
3265 1697 3324 1752 δὲ
3381 1699 3482 1767 τήν
3547 1700 3760 1768 θεότητα

346 1795 403 1845 et
435 1789 733 1860 patibilem
768 1807 1164 1861 carnem,qua3
1192 1796 1246 1845 et
1279 1795 1522 1846 mortem
1558 1787 2005 1862 gustavit.Unde

2124 1788 2172 1843 ἐκ
2217 1786 2314 1843 τοῦ
2366 1788 2609 1844 αἰωνίου.
2646 1787 2871 1863 Πατρός.
2909 1790 3002 1856 Μὴ
3054 1789 3217 1845 εἶπεν.
3261 1788 3348 1858 Ἐξ
3380 1788 3451 1842 ὧν
3489 1789 3519 1841 6
3553 1788 3676 1848 Θεὸς
3700 1792 3759 1862 τῇ

351 1894 457 1933 nec
518 1877 734 1934 Paulus
761 1879 878 1933 ait:
913 1880 993 1934 Ex
1025 1879 1240 1950 quibus
1276 1881 1471 1934 nudus
1510 1881 1679 1948 Deus,
1714 1879 1834 1944 sed,
1874 1898 1898 1928 ιι
1931 1878 2008 1932 Ex

350 1966 568 2037 quibus
596 1967 865 2022 Christus
897 1967 1223 2022 secundum
1257 1984 1527 2034 carnem;
1565 1989 1591 2015 »
1624 1970 1687 2020 ut
1739 1966 2009 2021 ostendat

353 2071 510 2124 eum,
535 2056 705 2126 cujus
738 2056 1028 2116 meminit.
1053 2058 1376 2111 secundum
1410 2057 1644 2128 quidem
1679 2071 1908 2110 carnem
1941 2071 2009 2109 ex

357 2143 990 2210 Israelitis,secundum
1025 2145 1296 2200 deitatem
1331 2162 1485 2216 vero,
1516 2161 1584 2200 ex
1613 2150 1826 2200 aeterno
1883 2160 2011 2197 esse

354 2231 678 2302 Patre.Non
712 2232 857 2286 dixit
887 2249 900 2288 :
935 2233 1015 2287 Ex
1045 2233 1261 2304 quibus
1292 2234 1446 2290 Deus
1476 2251 1666 2288 carne.
1691 2234 1845 2288 Idem
1877 2248 2010 2286 vero

355 2327 414 2377 et
444 2326 503 2376 tu
538 2321 713 2386 dic,et
741 2322 812 2376 de
843 2327 945 2377 tua
978 2323 1120 2378 mihi
1152 2323 1440 2379 senlentia
1472 2322 2014 2395 persuadebiszPas-

357 2428 458 2468 sus
489 2417 579 2468 est
606 2411 872 2467 Christus
906 2413 1229 2468 secundum
1263 2429 1520 2468 carnem.
1554 2413 1612 2468 Si
1645 2428 1778 2468 vero
1831 2417 2010 2466 Deum

361 2518 533 2557 carne
588 2516 830 2572 passum
892 2517 1019 2556 esse
1065 2501 1234 2572 dicis,
1265 2503 1502 2558 erudias
1535 2518 1626 2556 me
1656 2501 1826 2556 velim
1860 2499 2012 2554 dilu-

362 2591 510 2660 cide,
545 2594 740 2646 utrum
776 2591 926 2646 idem
961 2591 1081 2646 sint
1110 2596 1256 2646 Deus
1288 2597 1344 2645 et
1375 2608 1507 2646 caro
1541 2592 1864 2647 secundum
1911 2606 2013 2643 na-

361 2685 581 2744 turam,
614 2695 685 2733 an
718 2678 872 2734 aliud
909 2683 1084 2749 atque
1115 2681 1294 2737 aliud.
1331 2680 1388 2736 Si
1419 2680 1574 2736 idem
1608 2685 1766 2743 sunt,
1803 2696 2015 2752 passus

361 2774 451 2826 est
484 2774 634 2824 Deus
667 2769 724 2823 in
757 2769 968 2840 seipso.
1005 2770 1148 2824 Nam
1184 2786 1415 2825 carnem
1475 2770 1620 2825 dicis
1678 2769 1832 2823 idem
1887 2784 2015 2824 esse

362 2857 518 2930 quod
550 2857 702 2912 Deus
733 2857 944 2912 est.Sin
976 2857 1133 2912 aliud
1167 2863 1224 2913 et
1253 2858 1735 2930 aliud,quomodo
1765 2857 1884 2911 hinc
1916 2857 2016 2912 illo

359 2949 735 3021 patitur,cum
761 2949 954 3002 omnis
986 2953 1250 3003 creatura
1273 2950 1466 3021 seipsa
1491 2949 1742 3021 patiatur
1765 2965 1877 3002 non
1903 2947 2017 3001 alia

359 3036 736 3094 substantia?
780 3037 963 3092 Homo
997 3054 1108 3092 non
1147 3039 1364 3108 patitur
1395 3055 1538 3109 equo
1573 3056 1584 3093 :
1621 3054 1732 3092 non
1770 3037 2018 3092 moritur

361 3127 559 3183 anima
589 3141 760 3181 carne
794 3143 806 3178 :
841 3127 937 3182 sed
977 3125 1224 3182 solvitur
1253 3127 1488 3199 quidem
1523 3144 1678 3184 caro.
1712 3131 2018 3197 separatur

2118 1878 2295 1953 σαρκί.
2329 1879 2397 1932 Τὸ
2450 1877 2580 1932 αὐτὸ
2623 1877 2712 1931 καὶ
2761 1876 2823 1930 σὺ
2875 1875 3018 1952 λέγε,
3067 1879 3156 1931 καὶ
3207 1877 3483 1948 πείθομαι’
3541 1879 3759 1940 Ἐπαθεν

2119 1969 2147 2022 6
2194 1966 2418 2041 Χριστὸς
2469 1966 2603 2020 κατᾶ
2663 1965 2850 2040 σάρκα.
2903 1964 2964 2021 El
3018 1963 3074 2019 δὲ
3132 1965 3331 2039 λέγεις,
3365 1965 3447 2020 ὅτι
3507 1961 3692 2020 ἔπαθεν
3740 1965 3764 2019 6

2119 2058 2246 2118 Θεὸς
2279 2060 2346 2130 τῇ
2379 2054 2554 2130 σαρκὶ,
2591 2051 2802 2124 δίδαξόν
2841 2076 2906 2127 με
2940 2059 3148 2132 σαφῶς,
3179 2050 3405 2128 πότερον
3442 2054 3611 2109 ταύτὸ
3642 2053 3766 2108 κατᾶ

2121 2145 2276 2224 φύσιν
2327 2145 2455 2206 Θεὸς
2505 2144 2592 2198 καὶ
2640 2143 2788 2218 σὰρξ,
2820 2145 2854 2213 ἢ
2907 2141 3047 2199 ἄλλο
3095 2143 3185 2198 καὶ
3236 2140 3402 2200 ἄλλο.
3439 2144 3502 2200 Εἰ
3557 2145 3648 2216 μὶν
3683 2143 3764 2198 οὖν

2118 2233 2304 2301 ταύτὸ,
2337 2230 2526 2288 ἔπαθεν
2556 2233 2584 2287 6
2610 2233 2738 2294 Θεὸς
2775 2233 2966 2304 ἑαυτῷ.
3001 2233 3079 2289 Τὸ
3109 2234 3210 2308 γὰρ
3244 2231 3372 2287 αὐτὸ
3423 2237 3543 2304 Θεῷ
3595 2231 3766 2307 λέγεις

2118 2323 2217 2391 τήν
2251 2324 2439 2398 σάρκα.
2475 2322 2537 2377 Εἰ
2569 2319 2625 2376 δὲ
2652 2317 2832 2394 ἓτερον
2862 2320 2951 2375 καὶ
2982 2317 3186 2397 ἕτερον,
3218 2325 3332 2383 πῶς
3372 2325 3538 2376 τοῦτο
3591 2321 3770 2392 ἐκείνῳ

2122 2412 2342 2487 πάσχει,
2376 2413 2551 2482 πάσης
2601 2411 2810 2489 φύσεως
2864 2412 3028 2484 ἑαυτῇ
3077 2411 3424 2486 πασχούσης,
3459 2411 3570 2487 οὐχ
3622 2411 3768 2486 ἑτέρᾳ

2123 2502 2314 2573 οὐσίᾳ;
2348 2500 2420 2554 Οὐ
2477 2500 2677 2576 πάσχει
2731 2497 3008 2575 ἄνθρωπος
3051 2496 3230 2572 ἵππῳ·
3292 2499 3392 2554 οὐκ
3446 2499 3770 2568 ἀποθνήσκει

2122 2592 2274 2666 ψυχὴ
2332 2589 2509 2665 σαρκί·
2561 2587 2706 2644 ἀλλὰ
2754 2587 2939 2643 λύεται
3015 2589 3107 2661 μὲν
3173 2589 3323 2661 σὰρξ,
3372 2589 3669 2666 χωρίζεται
3720 2587 3773 2643 δὲ

2123 2681 2300 2755 ψυχή.
2354 2680 2572 2754 Λέγεται
2633 2675 2712 2749 δὶ,
2745 2677 2828 2732 ὅτι
2885 2677 3137 2748 τέθνηκεν
3193 2676 3502 2751 ἅνθρωπος,
3549 2679 3614 2733 τὸ
3669 2682 3768 2733 τῶν

2125 2766 2220 2823 δύο
2279 2767 2672 2842 παραστατικὸν
2749 2771 2934 2843 ψυχῆς
2997 2766 3083 2821 καὶ
3151 2767 3372 2842 σαρκὸς,
3427 2767 3516 2822 καὶ
3578 2773 3770 2822 νοεῖται

2123 2858 2259 2913 κατὰ
2298 2857 2361 2912 τὸ
2409 2855 2766 2932 ἐνδεχόμενον
2795 2857 3129 2926 τεθνηκέναι,
3160 2859 3305 2911 τοῦτ’
3336 2855 3468 2924 ἔστι,
3509 2858 3650 2912 κατὰ
3676 2859 3769 2924 τὴν

2127 2946 2315 3022 σάρκα,
2347 2945 2437 3000 καὶ
2489 2944 2551 2999 οὐ
2600 2944 2735 3000 κατὰ
2780 2945 2879 3013 τήν
2936 2943 3196 3008 ἀθάνατον
3230 2948 3439 3021 ψυχήν.
3473 2950 3769 3022 Τοιγαροῦν

2127 3033 2304 3096 οὐδεὶς
2366 3035 2496 3088 εἴπεο
2531 3039 2636 3088 Τοῦ
2695 3031 2937 3103 δεῖνοςὴ
2971 3034 3125 3108 ψυχή
3182 3034 3409 3104 τέθνηκε
3466 3039 3534 3108 τῇ
3597 3036 3770 3110 σαρκί·

2128 3123 2253 3180 ἀλλ’
2282 3125 2309 3178 6
2338 3120 2481 3178 δεῖνα
2512 3123 2818 3199 ἄνθρωπος,
2853 3124 2880 3178 ὁ
2914 3121 2971 3177 ἐκ
3003 3125 3188 3198 ψυχῆς
3220 3123 3309 3177 καὶ
3353 3124 3609 3196 σώματος
3660 3146 3778 3178 συν-

358 3232 493 3272 vero
549 3215 766 3281 anima,
826 3219 882 3269 et
940 3221 1130 3270 tamen
1202 3198 1376 3270 homo
1444 3216 1660 3270 dicitur
1725 3220 2012 3284 mortuus,

2129 3215 2317 3274 εστώς·
2349 3213 2447 3280 τὴν
2483 3209 2540 3266 δὲ
2570 3213 2755 3288 ψυχὴν
2783 3213 2870 3266 καὶ
2907 3213 3040 3284 μετᾶ
3079 3212 3302 3275 θάνατον
3341 3212 3560 3285 μηνύων
3596 3212 3784 3278 ἀθάνα-

362 3306 578 3378 quippe
609 3307 928 3374 utrumque
959 3305 1324 3376 significans,
1358 3306 1615 3359 animam
1650 3310 1706 3359 et
1735 3320 1968 3358 carnem
2003 3319 2016 3358 :

365 3398 632 3451 mortuus
660 3398 853 3448 autem
890 3393 1237 3465 intelligitur
1267 3395 1589 3449 secundum
1612 3393 1666 3448 id
1693 3395 1846 3465 quod
1874 3393 2019 3448 mori

363 3482 690 3557 potest,hoc
719 3487 809 3537 est
837 3483 1158 3536 secundum
1194 3488 1512 3548 carnem,et
1547 3499 1658 3537 non
1694 3483 2018 3538 secundum

366 3573 624 3628 animam
647 3570 1366 3625 immortalem.Nimirum
1391 3587 1560 3626 nemo
1591 3571 1734 3626 dicit
1768 3590 1780 3626 :
1812 3572 2022 3626 Anima

365 3659 676 3731 cujusdam
709 3662 940 3712 mortua
969 3663 1056 3712 est
1087 3661 1294 3731 carneI;
1327 3660 1427 3713 sed
1464 3660 1636 3714 homo
1668 3660 1906 3730 quidam
1954 3675 2021 3712 ex

367 3749 567 3802 anima
615 3751 673 3801 et
702 3762 942 3816 corpore
974 3751 1256 3801 constans
1289 3763 1300 3802 :
1338 3749 1546 3801 animas
1577 3752 1770 3802 autem
1805 3755 1860 3802 et
1892 3752 2024 3819 post

367 3840 614 3892 mortem
649 3833 1150 3889 immortalitatem
1186 3835 1446 3890 indicare
1478 3834 1697 3902 volens,
1749 3837 1805 3890 in
1857 3841 2020 3890 ister-

366 3939 508 3978 num
531 3924 727 3994 justos
757 3921 946 3975 vivere
981 3921 1146 3987 dicit,
1181 3928 1328 3978 teste
1362 3938 1529 3978 sacra
1557 3923 1873 3994 Scriptura.
1908 3925 2016 3980 Sed

365 4012 510 4066 istos
538 4011 671 4065 libri
704 4010 884 4066 divini
911 4011 978 4064 ad
1019 4028 1201 4066 unum
1227 4028 1432 4066 omnes
1459 4012 2025 4078 condemnant.Quot

365 4102 521 4156 enim
555 4100 894 4172 prophetas?
928 4106 1068 4171 quot
1099 4101 1391 4170 apostoli?
1421 4107 1563 4172 quot
1610 4103 2023 4174 evangelista?

366 4190 668 4262 Nusquam
729 4195 923 4244 tamen
985 4189 1325 4260 hujusmodi
1389 4207 1494 4245 vox
1553 4192 1850 4246 occurrit:
1886 4209 2022 4247 cum

367 4285 588 4349 contra,
621 4278 914 4334 Christum
951 4295 1191 4350 passum
1234 4296 1383 4346 esse,
1443 4281 1747 4352 perspicue
1804 4281 2025 4352 ubique

369 4370 668 4424 doceatur.
745 4389 770 4420 ιι
820 4369 1042 4423 Pascha
1094 4373 1361 4424 nostrum
1419 4387 1521 4440 pro
1552 4370 1722 4425 nobis
1755 4370 2024 4425 immola-

372 4466 468 4515 tus
497 4465 606 4526 est,
639 4459 908 4515 Christus
952 4460 1016 4514 ⁷⁸.
1052 4460 1109 4515 Si
1145 4460 1446 4532 passibilis
1477 4461 1746 4516 Christus
1778 4462 1841 4527 ⁷⁸,
1871 4462 2029 4516 Chri-

2128 3325 2242 3374 1ov,
2279 3301 2352 3364 εἷς
2383 3301 2474 3356 τὸν
2503 3300 2672 3355 αἰῶνα
2699 3301 2827 3362 τοὺς
2861 3298 3104 3362 δικαίους
3138 3299 3303 3379 ἔφησε
3338 3305 3455 3376 ζῇν,
3480 3302 3554 3365 ὡς
3588 3305 3623 3372 ἡ
3661 3302 3784 3376 ἇγία

2133 3392 2317 3469 Γραφή
2356 3395 2634 3466 μαρτυρεῖ.
2665 3388 2918 3446 Έκείνων
2951 3386 3008 3443 δὶ
3055 3395 3198 3444 πᾶσα
3247 3389 3361 3454 θεία
3413 3385 3611 3466 βίϐλος
3659 3412 3785 3446 κατ-

2132 3485 2341 3556 ηγορεῖ.
2407 3479 2576 3534 Πόσοι
2641 3485 2957 3556 προφῆται,
3012 3477 3170 3533 πόσοι
3236 3477 3578 3550 ἀπόστολοι;
3630 3481 3787 3534 πόσοι

2132 3568 2546 3645 εὐαγγελισταί;
2578 3569 2666 3622 καὶ
2699 3565 2944 3639 οὐδαμοῦ
2971 3569 3096 3644 παρ’
3125 3565 3300 3622 οὐδενὶ
3331 3569 3557 3640 τοιαύτη
3611 3572 3787 3648 φωνή.

2130 3659 2200 3712 Τὸ
2249 3655 2326 3729 δὲ,
2371 3657 2597 3732 Χριστὸς
2649 3654 2831 3724 ἔπαθε,
2863 3661 3147 3732 πανταχοῦ
3196 3655 3498 3733 προδήλως
3547 3661 3786 3734 κεκήρυο

2129 3769 2271 3804 κται.
2312 3772 2331 3798 ι
2366 3747 2436 3800 Τὸ
2469 3746 2660 3821 Πάσχα
2688 3747 2847 3817 ἡμῶν
2883 3745 3014 3821 ὑπὲρ
3052 3748 3214 3818 ἡμῶν
3250 3745 3412 3816 ἐτύθη
3446 3747 3695 3821 Χριστός.
3725 3744 3789 3803 Εἴ

2131 3835 2368 3902 παθητὸς
2393 3838 2420 3891 6
2447 3836 2696 3907 Χριστὸς,
2729 3834 2962 3909 Χριστὸς
2987 3833 3246 3889 ἀπέθανεν
3284 3835 3416 3911 ὑπὶρ
3447 3841 3554 3890 τῶν
3608 3838 3788 3908 ἁμαρ-

2129 3931 2260 3982 τιῶν
2293 3929 2450 3999 ἡμῶν
2501 3924 2638 3979 κατὰ
2665 3923 2758 3986 τὰς
2791 3925 3026 4001 Γραφάς.
3062 3948 3090 3975 ››
3137 3929 3192 3978 Ὀ
3224 3925 3450 3998 σταυρὸς
3509 3930 3607 3980 τοῦ
3656 3931 3784 4000 Χρι-

2131 4021 2280 4084 στοῦ,
2313 4016 2374 4070 16
2433 4019 2592 4086 σῶμα
2647 4017 2742 4067 τοῦ
2791 4017 3045 4088 Χριστοῦ,
3084 4013 3148 4068 τὸ
3197 4015 3332 4086 αἷμα
3379 4019 3475 4068 τοῦ
3523 4018 3781 4089 Χριστοῦ.

2137 4109 2255 4166 Πῶς
2286 4102 2376 4158 οῦν
2407 4107 2663 4158 τοσοῦτον
2695 4100 2856 4180 νέφος
2901 4101 3187 4177 μαρτύρων
3238 4103 3667 4179 παρατρέχουσι,
3699 4101 3785 4157 καὶ

2130 4195 2230 4263 τήν
2284 4191 2422 4247 ἰδίαν
2469 4191 2746 4255 αὐθεντῖαν
2804 4197 2906 4259 τῆς
2959 4196 3055 4245 τοῦ
3107 4191 3419 4263 Πνεύματος
3469 4191 3789 4265 νομοθεσίας

2135 4281 2435 4358 ἔμπροσθεν
2468 4280 2659 4356 ἄγουσι
2689 4299 2702 4348 ;
2735 4280 3188 4354 κατατολμῶντες
3218 4288 3318 4350 τῆς
3373 4282 3590 4356 βοώσης
3643 4282 3789 4336 ἐντο-

2136 4371 2260 4441 λῆς·
2299 4397 2325 4424 ‹‹
2359 4373 2444 4440 Μὴ
2483 4369 2702 4443 μέταιρε
2745 4368 2870 4445 ὅρια
2913 4369 3130 4438 αἰώνια,
3163 4369 3195 4423 ἆ
3226 4368 3407 4425 ἔθεντο
3457 4373 3510 4424 οἱ
3566 4371 3791 4445 πατέρες

2136 4480 2253 4515 σου’
2291 4484 2320 4511 »
2373 4461 2447 4532 μὴ
2507 4459 2890 4533 προσέχοντες,
2925 4457 3007 4513 ὅτι
3063 4457 3154 4512 καὶ
3211 4463 3318 4513 τῶν
3374 4461 3510 4514 κατὰ
3570 4461 3788 4514 Νίκαιαν

373 4555 499 4606 stus
559 4554 828 4604 mortuus
883 4555 971 4604 est
1030 4567 1130 4620 pro
1164 4551 1417 4620 peccatis
1451 4551 1669 4606 nostris
1701 4553 2014 4607 secundum

2142 4551 2305 4624 ἁγίων
2342 4548 2592 4623 Πατέρων
2645 4548 2846 4619 ὁὶερὸς
2904 4547 2994 4602 καὶ
3048 4547 3216 4622 μέγας
3276 4547 3447 4624 χορὸς
3504 4549 3639 4622 μετὰ
3693 4550 3788 4616 τὴν

370 4639 702 4710 Scripturas
731 4639 795 4692 ⁷⁷.
833 4660 859 4685 ››
893 4638 1042 4692 Crux
1073 4638 1311 4699 Christi.
1346 4656 1558 4710 corpus
1603 4639 1840 4706 Christi,
1891 4657 2027 4695 san-

371 4729 505 4800 guis
561 4725 796 4782 Christi.
859 4729 979 4790 Quo
1050 4729 1227 4797 igitur
1295 4730 1466 4783 modo
1529 4734 1748 4783 tantam
1786 4731 2026 4784 testium

369 4817 598 4877 turbam
632 4821 998 4885 praetereunt,
1032 4823 1087 4870 et
1118 4832 1284 4870 suam
1320 4817 1584 4887 ipsorum
1618 4818 2025 4872 auctoritatem

371 4905 523 4961 504
548 4903 662 4976 legi
693 4902 949 4974 Spiritus
982 4904 1398 4975 anteponunt?
1429 4906 1543 4959 vim
1583 4905 1860 4961 iacientes
1893 4925 2026 4978 pris-

367 5000 532 5064 cepto
572 4992 847 5046 clamanti
877 5008 889 5045 :
917 5015 943 5039 ‹‹
978 4992 1056 5046 Ne
1089 4993 1537 5064 transgrediaris
1570 4995 1852 5049 terminos
1883 4995 2028 5050 anti-

365 5099 688 5154 quos,quos
721 5087 1043 5152 posuerunt
1076 5088 1267 5151 patres
1301 5083 1385 5136 tui
1417 5082 1497 5135 78:
1533 5104 1560 5132 »
1589 5099 1693 5136 nec
1724 5085 2028 5139 attenden-

364 5176 472 5238 tes,
503 5187 738 5228 sacrum
774 5169 941 5224 illum
976 5178 1032 5224 et
1094 5185 1368 5241 magnum
1430 5170 1665 5225 Patrum
1721 5172 1778 5224 in
1839 5171 2027 5228 Nicaea

365 5262 632 5327 chorum,
685 5265 817 5331 post
845 5260 942 5314 Dei
973 5266 1030 5313 et
1067 5258 1252 5313 Patris
1283 5260 1712 5315 confessionem
1745 5261 2025 5316 continuo

367 5366 579 5405 nomen
613 5349 844 5404 Domini
876 5349 1014 5402 Jesu
1051 5349 1354 5419 posuisse:
1387 5349 1491 5402 «Et
1524 5350 1579 5402 in
1616 5365 1797 5402 unum
1831 5350 2025 5403 Domi-

371 5454 508 5492 num
538 5439 737 5492 Iesum
764 5437 1097 5501 Christum;
1134 5459 1161 5485 »
1193 5443 1250 5491 et
1293 5437 1481 5492 eidem
1544 5451 1769 5508 postea,
1827 5442 2027 5508 utpote

444 5654 489 5689 ⁷⁵
521 5653 688 5709 Rom.
721 5670 800 5723 ιι,
831 5655 884 5707 5.

958 5654 1003 5689 ’³⁸
1034 5655 1055 5708 Ι
1086 5653 1213 5710 Cor.
1245 5671 1300 5723 ν,
1326 5654 1381 5709 7.
1459 5655 1503 5691 ’⁷⁸
1535 5657 1662 5710 Act.
1695 5671 1848 5722 xxvr,
1878 5655 1970 5712 23.

2046 5656 2088 5690 ⁷⁷
2120 5656 2143 5711 Ι
2171 5660 2298 5712 Cor.
2328 5673 2421 5721 xv,
2451 5656 2504 5710 3.

2137 4642 2234 4691 τοῦ
2266 4641 2400 4692 Θεοῦ
2431 4636 2519 4690 καὶ
2552 4637 2762 4710 Πατρὸς
2802 4635 3101 4712 ὁμολογίαν
3155 4635 3310 4700 εὐθὺς
3351 4635 3498 4709 ἔταξε
3525 4639 3587 4693 16
3619 4633 3789 4710 ὄνομα

2136 4731 2234 4781 τοῦ
2285 4725 2554 4780 Δεσπότου
2603 4727 2859 4800 Χριστοῦ⁸
2891 4749 2918 4776 ‹‹
2951 4725 3048 4780 Καὶ
3100 4725 3176 4787 εἰς
3222 4723 3315 4780 ἕνα
3357 4728 3550 4804 Κύριον
3582 4729 3787 4798 Ἰησοῦν

2140 4815 2390 4890 Χριστόνν
2429 4840 2453 4862 υ
2504 4815 2598 4868 εἶθ’
2656 4815 2826 4876 οὕτως
2886 4814 3158 4890 ἀπήγαγον
3217 4814 3283 4869 τά
3332 4836 3392 4870 τε
3449 4815 3636 4890 ὑψηλᾶ
3689 4823 3787 4883 τῆς

2138 4903 2416 4974 θεότητος,
2449 4905 2514 4957 τά
2542 4924 2600 4956 τε
2633 4903 2960 4975 οἰκονομικὰ
2985 4910 3087 4972 τῆς
3121 4903 3312 4958 ἑαυτοῦ
3351 4903 3787 4980 ἀνθρωπότητος,

2137 4993 2211 5054 ὡς
2241 4993 2441 5048 τούτου
2476 4993 2641 5064 μόνου
2683 4997 2782 5047 τοῦ
2833 4991 3102 5064 ὀνόματος
3148 4993 3362 5055 οἷκείως
3408 4995 3497 5048 καὶ
3551 4993 3784 5072 προσφό·

2141 5101 2249 5154 pm:
2277 5082 2344 5136 τά
2393 5078 2624 5158 διάφορα
2673 5077 2997 5155 δεχομένου,
3029 5082 3165 5135 κατὰ
3219 5083 3318 5150 τὴν
3371 5087 3467 5136 τοῦ
3531 5083 3784 5158 μακαρίου

2140 5168 2359 5224 Παύλου
2391 5172 2598 5246 φωνήν
2636 5196 2660 5221 ι(
2693 5168 2957 5242 Θεμέλιον
2991 5169 3160 5225 ἄλλον
3207 5169 3383 5233 οὐδεὶς
3417 5169 3640 5227 δύναται
3687 5175 3782 5234 θεῖ·

2136 5280 2219 5312 ναι
2277 5260 2424 5333 παρὰ
2470 5260 2560 5312 τὸν
2607 5257 2878 5330 κείμενον,
2913 5258 2970 5320 ὅς
3023 5258 3161 5312 ἐστιν
3211 5261 3422 5327 Ἰησοῦς
3484 5257 3785 5336 Χριστός.»

2139 5349 2226 5416 Μὴ
2258 5345 2324 5416 δὴ
2375 5346 2790 5419 καταλείψωμεν
2847 5348 2937 5401 τὸν
2989 5347 3265 5420 θεμέλιον,
3299 5349 3360 5411 ’ὀς
3414 5350 3627 5404 πάντων
3684 5349 3788 5403 ἐστὶ

2139 5433 2383 5498 δεκτικὸς
2414 5437 2533 5490 καθ’
2565 5435 2816 5510 ἑκατέραν
2838 5435 3018 5512 φύσιν,
3048 5439 3146 5506 τήν
3179 5457 3239 5490 τε
3268 5434 3447 5507 δόξαν,
3478 5439 3541 5492 τό
3577 5459 3635 5492 τε
3681 5437 3783 5492 πά-

2581 5656 2623 5690 ⁷⁸
2650 5655 2817 5712 Prov.
2849 5672 2987 5726 xx",
3015 5657 3105 5712 28.
