4104 6364
332 388 486 448 1369

1078 385 1738 449 CONFUTA’I‘IONES
1786 384 2118 456 QUABUM
2128 386 2291 446 ΒΑΜ
2345 386 2913 446 PROPOSITIONU
2925 387 2977 446 M
2992 431 3005 445 .

3597 391 3753 450 1370

331 529 423 581 θος
467 514 743 586 ἀληθινῶς
789 517 1172 590 προσιέμενος.
1234 519 1357 572 Ἐὰν
1420 513 1570 591 εἷίπῃς
1617 518 1746 572 Θεὸν
1801 515 1979 589 μόνον,

2104 518 2256 588 quod
2282 535 2464 572 unum
2502 525 2633 588 apte
2664 524 2720 571 et
2747 519 3050 573 commode
3081 519 3308 574 diversa
3341 521 3397 574 in
3433 537 3494 575 se
3527 521 3749 591 recipe-

331 611 436 660 ποῦ
466 606 573 659 τῶν
607 606 795 668 παθῶν
828 602 1282 677 ἐποικοδομήσεις
1331 607 1428 674 τὴν
1483 606 1710 682 χρείαν;
1763 604 1848 658 ἐὰν
1911 602 1981 657 εἶ’-

333 716 435 768 πῃς
487 691 772 769 ἄνθρωπον
831 690 1017 766 μόνον,
1077 698 1182 747 ποῦ
1228 702 1323 764 τῆς
1375 693 1762 765 ἀκαταλήπτου
1822 691 1982 763 δόξης

333 785 611 852 ἐπιθήσεις
640 783 731 837 τὸν
755 782 1032 850 πλοῦτον;
1064 781 1241 838 Ἀλλά
1285 784 1514 858 Χριστὸν
1563 784 1741 858 λέγειν
1790 782 1980 837 καλόν·

331 876 398 947 τῇ
437 873 529 945 μὲν
565 871 780 942 θεότητι
811 873 911 940 τὴν
956 869 1110 942 δόξαν
1160 873 1560 948 καρπούμενον,
1609 877 1678 944 τῇ
1726 873 1985 945 ἡνωμένῃ

333 959 389 1016 δὲ
422 961 799 1036 ἀνθρωπότητι
829 961 892 1015 τὸ
924 962 1096 1024 πάθος
1129 959 1451 1037 δεχόμενον,
1482 967 1551 1035 τῇ
1585 960 1642 1016 δὲ
1691 961 1985 1036 ἀχωρίστῳ

328 1049 516 1105 ἐνώσει
575 1055 677 1104 πᾶν
740 1053 919 1122 θαῦμα
969 1051 1454 1124 κατεργαζόμενον,
1498 1057 1600 1105 πᾶν
1649 1047 1822 1124 δῶρον
1865 1055 1982 1111 τοῖς

325 1144 541 1201 πιστοῖς
595 1139 987 1214 χαριζόμενον.
1044 1139 1197 1194 Οὕτω
1257 1137 1524 1194 δείκνυται
1571 1140 1663 1194 καὶ
1721 1139 1782 1193 τὸ
1839 1145 1980 1202 θεῖον

324 1228 546 1294 ἀπαθὲς,
593 1227 686 1282 καὶ
745 1228 807 1282 τὸ
853 1229 1024 1292 πάθος
1073 1227 1355 1298 ἀληθινὸν,
1396 1220 1491 1284 καὶ
1531 1229 1594 1284 τὸ
1623 1225 1814 1304 κέρδος
1873 1233 1980 1282 τῶν

328 1316 630 1390 ἀνθρώπων
681 1317 885 1386 κοινὸν,
937 1316 1026 1371 καὶ
1078 1317 1105 1370 ὁ
1140 1316 1301 1392 λόγος
1359 1325 1460 1386 τῆς
1494 1317 1751 1387 ἀληθείας
1785 1318 1980 1394 σαφὴς,

327 1405 415 1459 καὶ
466 1406 493 1457 ὁ
553 1403 806 1477 θεμέλιος
853 1412 952 1474 τῆς
1006 1402 1354 1468 διδασκαλίας
1403 1407 1722 1474 ἀσάλευτος,
1765 1406 1852 1461 καὶ
1885 1411 1982 1461 τοῦ

338 1493 635 1566 μυστηρίου
692 1495 754 1548 τὸ
824 1495 1045 1570 μέγεθος
1105 1492 1342 1568 ἔνδοξον,
1388 1497 1476 1551 καὶ
1527 1497 1590 1550 τὸ
1641 1498 1820 1568 θαῦμα
1882 1503 1981 1564 τῆς

334 1582 700 1658 ἀρχαιότητος
729 1583 1062 1654 ἀξιόπιστον,
1093 1586 1181 1639 καὶ
1231 1586 1294 1639 τὸ
1342 1583 1549 1646 κάλλος
1593 1593 1692 1654 τῆς
1757 1582 1982 1656 690030-

330 1671 441 1744 ξίας
474 1671 782 1740 ἀνόθευτον,
813 1673 995 1728 καὶτὸ
1038 1675 1294 1749 κήρυγμα
1338 1679 1446 1729 τῶν
1505 1675 1672 1749 ἁγίων
1731 1675 1979 1728 ἁπάντων

329 1761 638 1840 σύμφωνον.
672 1763 740 1816 Τὸ
773 1759 830 1816 δὲ
863 1761 1040 1837 λέγειν
1087 1765 1183 1832 τὴν
1222 1765 1451 1835 μηδέπω
1485 1763 1737 1839 ῥηθεῖσαν
1773 1765 1979 1841 φωνὴν,

327 1850 417 1904 καὶ
478 1851 880 1922 ἀναθεματίζειν
936 1854 1192 1920 ἅπαντας,
1253 1853 1378 1915 τοὺς
1441 1854 1514 1926 μη
1572 1853 1818 1915 εἰπόντας
1853 1854 1977 1908 Θεὸν

327 1937 497 2012 Δόγον
553 1938 793 2001 παθόντα
851 1941 1029 2010 σαρκὶ,
1088 1946 1248 1995 τοῦτ’)
1299 1941 1357 1995 ου
1398 1941 1561 2013 μόνον
1597 1942 1730 1994 κατά
1756 1945 1862 1994 τῶν
1893 1945 1978 1993 νῦν

324 2026 622 2102 ἀνθρώπιον
674 2027 820 2103 ιρέρει
865 2028 928 2082 τὸ
988 2027 1206 2104 θράσος,
1258 2027 1383 2084 ἀλλ’
1416 2026 1525 2099 ἤδη
1558 2029 1647 2083 καὶ
1680 2031 1816 2083 κατά
1848 2030 1981 2082 πάν-

323 2137 433 2170 των
483 2121 591 2170 τῶν
643 2117 733 2170 ἀπ’
784 2117 982 2180 αἰῶνος
1035 2118 1288 2194 κηρύκων
1322 2119 1409 2172 καὶ
1444 2116 1783 2172 διδασκάλων
1815 2117 1982 2172 ἐκτεί-

325 2226 432 2258 νειν
463 2206 561 2273 τὴν
607 2204 840 2278 τόλμαν.
893 2207 1054 2262 Ἱνατί
1107 2205 1161 2261 δὲ
1187 2207 1274 2262 καὶ
1305 2208 1564 2284 φεόγουσι
1594 2207 1656 2260 τὸ
1688 2202 1859 2278 ὄνομα
1887 2211 1983 2262 τοῦ

331 2293 606 2348 Δεσπότου
665 2296 920 2370 Χριστοῦ,
974 2295 1053 2373 ἐφ’
1111 2297 1156 2368 ᾧ
1216 2295 1482 2350 πιστεῦειν
1544 2294 1980 2369 ἐκελεῦσθημεν;

332 2382 626 2438 Πίστευσον
663 2383 748 2437 ἐπὶ
781 2385 868 2438 τὸν
910 2385 1105 2461 Κύριον
1142 2387 1346 2455 Ἰησοῦν
1383 2387 1634 2461 Χριστὸν,
1666 2385 1752 2439 καὶ
1805 2387 1982 2454 σωθή-

333 2493 416 2545 σῃ.
469 2472 594 2528 Ἐπῖ
651 2473 830 2545 τούτῳ
877 2477 956 2545 τῷ
1005 2473 1230 2546 ὀνόματι
1288 2474 1384 2536 τὰς
1435 2471 1659 2534 ἐλπίδας
1707 2472 1851 2547 ἔχειν
1883 2481 1982 2543 τῆς

335 2559 608 2636 σωτηρίας
660 2559 850 2619 καλόν.
901 2560 1040 2617 (ὶύδέ
1092 2562 1190 2638 γάρ
1250 2563 1390 2618 ἐστιν
1441 2558 1616 2634 ὄνομα
1664 2559 1847 2636 ἕτερον
1883 2561 1984 2615 ὑπὸ

331 2649 425 2704 τὸν
482 2649 708 2722 οὐρανὸν
767 2652 828 2706 τὸ
875 2648 1166 2723 δεδομένον
1224 2652 1276 2706 ἐν
1324 2652 1650 2726 ἀνθρώποις,
1700 2651 1750 2704 ἐν
1808 2651 1853 2722 ᾧ
1904 2647 1985 2704 δεῖ

333 2741 574 2808 σωθῆναι
624 2743 792 2813 ἡμᾶς.
843 2766 870 2792 ‹‹
911 2744 999 2795 Ἐν
1032 2746 1111 2812 τῷ
1139 2740 1365 2813 ὀνόματι
1401 2742 1580 2810 Ἰησοῦ
1612 2742 1847 2814 Χριστοῦ
1879 2745 1980 2793 πᾶν

331 2827 464 2902 γόνυ
535 2827 760 2902 κάμψει,
825 2829 1153 2903 ἐπουρανίων
1211 2831 1300 2885 καὶ
1359 2829 1610 2904 ἐπιγείων
1668 2829 1758 2884 καὶ
1816 2850 1975 2883 καταο

327 2917 590 2992 χθονίων,
638 2917 726 2972 καὶ
782 2924 925 2972 πᾶσα
973 2917 1196 2994 γλῶσσα
1246 2917 1727 2991 ἐξομολογήσεται,
1763 2916 1845 2972 δτι
1880 2917 1983 2971 Κύ-

328 3025 446 3079 ριος
480 3008 694 3076 Ἰησοῦς
728 3008 965 3082 Χριστὸς
1015 3007 1090 3070 εἷς
1141 3005 1297 3078 δόξαν
1333 3008 1560 3083 Πατρός.
1602 3033 1621 3056 n
1659 3007 1833 3068 Αὐτὸς
1863 3028 1982 3080 κρι-

321 3095 426 3163 τής
486 3097 700 3165 ζώντων
763 3098 850 3151 καὶ
894 3101 1125 3167 νεκρῶν·
1172 3096 1331 3152 αὐτὸν
1387 3096 1702 3152 ἐπεκαλεῖτο
1733 3093 1984 3151 τελειοῦ-

330 3205 492 3257 μενος
553 3185 839 3262 Στέφανος·
905 3210 932 3237 ‹‹
993 3185 1154 3262 Κύριε
1211 3187 1390 3256 Ἰησοῦ
1441 3187 1658 3259 Χριστέ,
1719 3183 1860 3256 δέξαι
1916 3187 1980 3240 τὸ

2097 612 2202 670 ret,
2236 611 2359 661 tum
2395 606 2674 662 sublimia
2703 607 2958 670 deitatis,
2992 613 3115 661 tum
3149 611 3505 664 oeconomica
3537 609 3752 664 huma-

2097 696 2302 749 nitatis
2335 695 3024 765 applicasse,socnndum
3058 697 3170 750 divi
3205 697 3362 751 Pauli
3396 699 3751 753 sententiam

2097 783 2259 837 illam
2300 801 2360 840 ;‹‹
2398 785 2869 839 Fundamentum
2905 784 3060 838 aliud
3095 801 3308 855 ponere
3341 803 3510 841 nemo
3540 793 3754 857 potest,

2097 877 2304 942 praeter
2335 873 2391 926 id
2424 874 2576 943 quod
2614 872 2867 943 positum
2903 878 3012 939 est,
3050 875 3203 944 quod
3249 880 3340 928 est
3366 875 3539 930 Jesus
3586 875 3754 930 Chri-

2097 965 2223 1015 stus
2276 962 2341 1016 79.
2399 983 2426 1009 »
2471 961 2552 1016 Ne
2603 961 3008 1032 relinquamus
3057 962 3541 1028 fundamentum,
3596 967 3751 1036 quod

2097 1050 2364 1106 omnium
2397 1057 2487 1106 est
2517 1066 2716 1121 capax,
2754 1051 3077 1105 secundum
3114 1059 3422 1122 utramque
3455 1057 3751 1124 naturam,

2096 1141 2338 1212 gloriam
2373 1148 2429 1196 et
2460 1141 2795 1212 passionem
2829 1158 2959 1196 vere
3012 1143 3412 1197 admittentes.
3447 1143 3505 1197 Si
3537 1144 3752 1199 dixeris

2097 1231 2279 1285 Deum
2332 1230 2546 1298 solum,
2581 1231 2875 1301 quomodo
2906 1231 2956 1286 ei
3008 1231 3304 1302 passionis
3338 1232 3750 1287 necessitatem

2095 1319 2457 1389 superstruis
2482 1319 2509 1373 ?
2542 1319 2589 1372 si
2619 1319 2834 1374 dixeris
2868 1320 3161 1374 hominem
3196 1319 3410 1384 solum,
3457 1321 3751 1391 quomodo

2093 1408 2142 1462 ei
2169 1407 2787 1479 incomprehensibilis
2808 1407 3004 1479 gloriae
3025 1407 3261 1463 divitias
3284 1409 3524 1479 adjicies
3545 1409 3572 1463 ?
3589 1409 3664 1462 Ch
3677 1409 3750 1464 ri-

2096 1502 2252 1551 stum
2279 1513 2412 1550 vero
2432 1496 2759 1551 rectissime
2782 1496 3017 1560 dixeris,
3051 1496 3237 1568 gloria
3265 1497 3499 1568 quidem
3537 1514 3748 1552 secun-

2095 1586 2234 1639 dum
2268 1585 2540 1640 deitatem
2570 1585 3220 1656 fruentem,passionem
3254 1603 3389 1642 vero
3421 1588 3745 1641 secundum

2095 1673 2316 1728 unitam
2346 1675 2770 1728 humanitatem
2797 1675 3238 1746 suscipientem:
3271 1676 3521 1746 denique
3545 1692 3744 1730 secuno

2094 1763 2234 1816 dum
2269 1763 2717 1834 inseparabilem
2752 1763 3027 1817 unionem
3063 1765 3262 1818 omnia
3296 1763 3578 1818 miracula
3610 1780 3744 1834 ope-

2096 1853 2553 1918 rantem,omnia
2585 1852 2736 1906 dona
2763 1852 3032 1906 ﬁdelibus
3055 1854 3608 1908 communicantem.
3630 1853 3748 1908 Hac

2097 1941 2318 1995 ratione
2350 1945 2405 1992 et
2453 1941 2687 1994 deitatis
2721 1941 3191 2011 impassibilitas,
3226 1947 3282 1995 et
3331 1942 3623 2013 passionis
3653 1958 3746 1996 ve-

2098 2028 2326 2095 ritas,et
2349 2029 2683 2084 communis
2710 2031 3011 2084 hominum
3040 2029 3264 2085 utilitas
3287 2031 3745 2085 demonstratur.

2099 2122 2280 2190 Atque
2311 2117 2394 2172 ita
2443 2125 2531 2173 est
2582 2119 2845 2172 veritatis
2892 2135 3085 2173 sermo
3136 2119 3502 2191 perspicuus,
3537 2120 3748 2174 funda-

2097 2212 2360 2262 mentum
2421 2207 2694 2261 doctrina:
2746 2207 3185 2273 inconcussum,
3222 2209 3567 2278 magnitudo
3618 2225 3744 2280 my-

2096 2295 2255 2349 sterii
2307 2294 2556 2350 illustris
2591 2313 2602 2350 :
2639 2296 2948 2350 admiratio
2999 2297 3368 2367 antiquitatis
3402 2297 3513 2350 fide
3545 2297 3745 2368 digna,

2095 2383 2472 2455 pulchritudo
2522 2384 2851 2438 orthodoxae
2900 2385 3175 2439 doctrinae
3217 2387 3574 2456 incorrupta,
3610 2401 3746 2440 con-

2095 2474 2355 2529 sentiens
2386 2474 2639 2544 denique
2659 2475 2923 2528 omnium
2951 2478 3287 2528 sanctorum
3316 2474 3749 2546 praedicatioAt

2095 2561 2420 2617 inauditam
2447 2578 2640 2616 vocem
2668 2563 3008 2633 proferre,et
3030 2565 3403 2617 anathemate
3430 2563 3598 2618 ferire
3623 2579 3745 2631 eo,

2095 2651 2196 2722 qui
2229 2651 2407 2706 Deum
2456 2667 2629 2705 carne
2661 2657 2877 2722 negant
2927 2667 3186 2720 passum,
3220 2651 3276 2705 id
3331 2668 3463 2706 vero
3495 2658 3583 2707 est
3631 2669 3743 2707 non

2097 2745 2306 2794 nostra
2355 2740 2638 2793 duntaxat
2669 2741 2857 2794 (etatis
2885 2739 3156 2794 homines
3200 2741 3530 2810 petulanter
3558 2741 3745 2812 impe-

2092 2833 2234 2893 tere,
2296 2829 2394 2883 sed
2450 2845 2656 2884 omnes
2713 2830 2978 2884 omnium
3039 2835 3274 2884 aetatum
3336 2847 3631 2901 praecones
3687 2834 3747 2886 et

2093 2917 2357 2971 ἀοοίοτθε
2410 2919 2688 2972 audacter
2741 2917 3150 2973 condemnare.
3185 2920 3300 2973 Cur
3347 2935 3479 2973 vero
3529 2934 3742 2973 nomen

2093 3005 2308 3060 Christi
2345 3005 2570 3060 Domini
2609 3006 2860 3074 fugiunt,
2896 3007 2951 3059 in
2987 3007 3141 3076 quod
3167 3007 3322 3075 jussi
3377 3023 3585 3062 sumus
3617 3023 3742 3062 cre-

2093 3095 2271 3150 dere?
2300 3096 2480 3150 Crede
2513 3096 2569 3148 in
2604 3094 2918 3149 Dominum
2949 3095 3153 3150 Jesum
3187 3095 3506 3161 Christum,
3539 3100 3595 3150 et
3625 3095 3741 3150 sal-

2091 3201 2198 3239 vus
2227 3184 2432 3238 eris.ln
2467 3185 2572 3237 hoc
2605 3201 2838 3252 nomen,
2874 3184 3180 3254 pulchrum
3216 3191 3304 3239 est
3334 3185 3544 3240 salutis
3575 3201 3739 3256 spem

326 3275 541 3346 πνεῦμά
601 3257 728 3346 μού.
782 3276 874 3336 Εἷς
926 3257 1122 3349 Κύριος
1167 3277 1376 3345 Ἰησοῦς
1420 3257 1673 3350 Χριστὸς,
1727 3272 1797 3328 δι’
1824 3273 1885 3328 οὗ
1914 3275 1979 3328 τὰ

2094 3273 2529 3345 ponere.Neque
2547 3273 2700 3326 enim
2726 3272 2881 3326 aliud
2906 3289 3116 3327 nomen
3147 3273 3330 3327 ullum
3353 3277 3442 3328 est
3462 3273 3572 3328 sub
3595 3272 3740 3329 caelo

330 3361 518 3418 πάντα.
585 3385 607 3415 ι
672 3363 842 3425 Αὐτὸς
899 3365 1118 3436 Σωτὴρ,
1181 3362 1340 3425 αὐτὸς
1373 3365 1690 3438 Λυτρωτής·
1747 3363 1977 3435 Χριστὸς

326 3449 393 3503 τὰ
421 3451 607 3506 πάντα.
639 3450 700 3504 Τί
733 3450 988 3529 φεύγουσι
1020 3453 1081 3506 τὸ
1112 3450 1498 3520 πολυπόθητον
1549 3447 1762 3523 ὅνομα;
1810 3455 1978 3505 Τοῦτο

321 3539 417 3600 τὰς
449 3539 635 3601 νόσους
671 3539 894 3608 ἤλασεν·
930 3567 956 3592 ‹‹
997 3543 1080 3597 Ἐν
1114 3545 1190 3612 τῷ
1237 3540 1463 3612 ὀνόματι
1517 3541 1696 3609 ἰησοῦ
1748 3544 1979 3610 Χριστοῦ

323 3625 522 3703 ἴγειραι
553 3629 642 3683 καὶ
693 3629 998 3705 περιπάτει.
1056 3652 1077 3679 α
1127 3634 1295 3684 Τοῦτο
1325 3628 1453 3690 τοὺς
1486 3626 1746 3702 δαίμονας
1779 3628 1976 3706 ἐφυγά-

321 3714 494 3772 δευσε·
554 3745 574 3769 ι
633 3717 1011 3793 Παραγγέλλω
1056 3740 1139 3773 σοι
1183 3718 1233 3773 ἐν
1269 3718 1495 3791 ὀνόματι
1529 3719 1713 3789 Ἰησοῦ
1745 3720 1978 3794 Χριστοῦ

317 3808 418 3858 τοῦ
449 3805 754 3880 Ναζαραίου
787 3805 1017 3876 ἐξελθεῖν
1052 3806 1144 3860 ἀπ’
1173 3805 1360 3875 αὐτῆς.
1396 3829 1424 3857 ››
1477 3811 1598 3868 Πῶς
1654 3805 1768 3871 οὖν,
1819 3811 1976 3860 τοῦτο

319 3893 712 3956 καταλιπόντες
777 3895 851 3956 ὡς
919 3895 1218 3966 ἀπαρέσκον
1269 3895 1478 3962 αὐτοῖς,
1531 3895 1594 3949 τὸ
1642 3896 1769 3970 παρ’
1801 3892 1977 3949 οὐδενὶ

319 3987 430 4036 τῶν
488 3983 656 4058 ἁγίων
711 3984 962 4053 κείμενον
1021 3983 1310 4047 τεθείκασι,
1370 3985 1452 4052 τὸ,
1509 3985 1571 4040 Ὁ
1604 3983 1774 4059 Λόγός
1817 3980 1978 4046 ἔπαθε

324 4071 481 4145 σαρκί
497 4091 511 4140 ;

2091 3362 2431 3416 hominibus
2459 3377 2560 3432 per
2591 3364 2743 3431 quod
2780 3362 3042 3416 salvandi
3075 3362 3263 3416 simus
3299 3380 3310 3415 :
3348 3385 3375 3411 «
3412 3364 3469 3416 ln
3505 3363 3740 3417 nomine

2090 3450 2319 3505 Domini
2373 3450 2509 3504 Jesu
2545 3449 2758 3504 Christi
2809 3466 2980 3504 omne
3011 3466 3162 3517 genu
3215 3451 3499 3515 ﬂectatur,
3532 3450 3736 3505 coales-

2089 3541 2261 3609 tium,
2298 3538 2661 3594 terrestrium
2714 3545 2770 3592 et
2800 3539 3184 3603 inl'ernorum,
3219 3547 3275 3594 et
3306 3540 3498 3593 omnis
3538 3539 3741 3612 lingua

2089 3627 2616 3698 conﬁteatur,quia
2649 3629 2930 3682 Dominus
2961 3627 3137 3683 Jesus
3165 3628 3431 3683 Christus
3464 3630 3521 3682 in
3555 3627 3742 3700 glorla

2089 3723 2178 3774 est
2210 3718 2396 3772 Patris
2422 3718 2485 3769 ⁸ο.
2524 3740 2544 3764 ι
2584 3716 2914 3787 lpsejudex
2967 3724 3056 3771 est
3079 3717 3343 3772 vivorum
3376 3722 3432 3772 et
3481 3722 3740 3772 mortuo-

2092 3824 2220 3860 rum
2251 3823 2263 3861 :
2301 3807 2492 3874 ipsum
2527 3804 2852 3874 invocabat,
2889 3823 3021 3860 cum
3047 3808 3171 3876 jam
3205 3811 3739 3874 consummaretur,

2089 3895 2420 3967 Stephanus
2456 3911 2467 3947 :
2504 3919 2530 3944 ‹‹
2573 3894 2814 3949 Domine
2841 3895 2981 3949 Jesu
3025 3895 3268 3963 Christe,
3303 3896 3535 3967 suscipe
3568 3896 3742 3968 spiri-

2088 3991 2213 4038 tum
2248 3999 2443 4036 meum
2473 3983 2540 4036 ³³.
2579 3982 2618 4036 U
2649 3999 2738 4036 ius
2796 3984 3075 4038 Dominus
3124 3985 3297 4040 Jesus
3343 3985 3610 4040 Christus
3643 4001 3745 4056 per

2089 4088 2262 4144 quem
2298 4072 2498 4126 omnia
2527 4071 2592 4124 39.
2633 4095 2657 4117 η
2693 4073 2818 4142 ipse
2851 4071 3136 4140 Salvator,
3169 4073 3294 4144 ipse
3343 4073 3695 4145 Redemptor
3727 4090 3740 4130 :

322 4163 594 4219 Christus
626 4165 844 4219 omnia.
879 4165 1169 4228 Quorsum
1206 4163 1438 4234 fugiunt
1487 4163 1873 4218 desiderabile
1904 4163 2045 4217 illud
2082 4177 2291 4217 nomen
2315 4160 2342 4214 ?
2375 4159 2572 4230 Ipsum
2608 4159 2842 4214 morbos
2883 4161 3143 4226 sustulit,
3177 4183 3204 4210 «
3241 4166 3300 4216 In
3334 4163 3569 4216 nomine
3601 4165 3740 4218 Jesu

323 4251 538 4308 Christi
575 4269 750 4324 surge
781 4258 837 4308 et
867 4252 1106 4307 ambula
1134 4253 1236 4306 ⁸³.»
1267 4253 1466 4324 Ipsum
1503 4252 1720 4324 fugavit
1749 4253 2098 4308 daemonesm
2135 4249 2410 4320 Prmcipio
2442 4249 2541 4302 tibi
2576 4249 2632 4302 in
2670 4249 2905 4304 nomine
2935 4250 3072 4305 Jesu
3105 4250 3316 4305 Christi
3352 4251 3653 4319 Nazareni,
3678 4257 3742 4307 ut

323 4358 494 4397 exeas
528 4343 600 4396 ab
632 4342 733 4396 illa
763 4343 862 4396 8‘.»
896 4343 1197 4406 Quomodo
1228 4342 1410 4416 igitur
1439 4341 1567 4411 hoc,
1604 4349 1663 4396 ut
1699 4340 1844 4412 ipsis
1878 4341 2120 4395 minime
2151 4344 2314 4411 grato
2348 4337 2568 4408 relicto,
2602 4338 2656 4391 id
2693 4339 2846 4408 quod
2883 4339 3036 4410 apud
3071 4344 3407 4394 sanctorum
3443 4341 3738 4396 neminem

323 4433 635 4502 reperitur,
669 4431 1062 4500 substituunt,
1097 4431 1252 4487 Deus
1280 4431 1537 4487 Verbum
1572 4447 1782 4501 passus
1811 4436 1900 4486 est
1929 4446 2102 4484 carne
2121 4429 2148 4482 ?

1113 4560 1201 4611 ΧΙ.

324 4645 369 4695 ﬂ
415 4642 428 4658 ‘
517 4663 546 4676 συ-
583 4641 640 4680 ἓρ
685 4641 743 4698 λι
949 4661 961 4675 .
1105 4642 1116 4662 '
1270 4643 1280 4662 ι
1507 4643 1521 4664 ν
1587 4666 1594 4680 ,
1687 4648 1709 4658 -
1835 4641 1845 4662 ν

377 4661 470 4716 ρος
528 4664 640 4704 ,ους
725 4663 947 4718 εγον-ταςΔ
1019 4648 1180 4718 Ποιαν
1215 4639 1478 4718 δωσουσιν
1527 4639 1762 4699 Ιουδαιοι
1795 4639 1974 4711 δικην,

806 4713 851 4767 εί
883 4715 958 4785 μή
993 4713 1121 4768 Θεὸν
1157 4713 1491 4770 ἀπέκτειναν.

397 4819 560 4874 ο”’
1111 4817 1141 4874 λ
1329 4821 1353 4856 ς’
1531 4817 1838 4876 ἀδ⁷”λ

442 4841 506 4874 υκ
537 4842 698 4888 εστιν,
730 4843 804 4882 ως
838 4841 1002 4887 εοικε,
1048 4843 1104 4898 φτ.
1150 4841 1499 4874 ονεικοδντων
1566 4842 1591 4873 ν
1634 4841 1740 4897 ρων
1771 4841 1802 4874 α
1845 4841 1972 4896 ογον

325 4909 506 4983 ὁρμήν
541 4909 733 4984 λόγοις
791 4910 929 4964 τισῖν
991 4909 1256 4983 ἐπισχεῖν·
1310 4909 1455 4964 ἀλΛᾰ
1505 4909 1600 4964 κᾶν
1640 4909 1864 4984 μυρίους
1893 4931 1976 4972 τις

324 4997 499 5072 ἐπάγῃ
538 5000 626 5052 καὶ
658 4998 1078 5074 ἀναντιρῥήτους
1111 4997 1399 5073 ἐλέγχους,
1433 4999 1532 5067 τὴν
1593 4999 1685 5071 μὲν
1720 4997 1978 5068 ἀλήθειαν

322 5082 509 5156 ἔδειξε,
538 5085 667 5148 τοὺς
701 5084 758 5141 δὲ
785 5092 882 5142 τοῦ
913 5085 1142 5161 ψεύδους
1192 5085 1419 5162 ἐργάτας
1453 5086 1550 5140 οὐκ
1597 5083 1823 5142 ἔπεισεν.
1873 5086 1974 5140 0'3-

319 5196 400 5229 τω
429 5176 530 5250 γὰρ
592 5177 642 5229 οἳ
687 5183 786 5244 τῆς
841 5175 1101 5246 ἀληθείας
1153 5175 1512 5238 ἀποκοπέντες
1571 5177 1704 5248 μετά
1761 5173 1974 5238 πολλὰς

321 5265 554 5340 φανερὰς
589 5262 907 5335 ἀποδείξεις,
943 5265 1040 5319 οὐκ
1064 5265 1378 5342 ἀφίστανται
1427 5269 1525 5319 τοῦ
1588 5264 1792 5318 οἰκείου
1848 5285 1974 5318 σκο-

319 5351 448 5424 ποῦ,
483 5351 609 5408 οὐδὲ
641 5351 896 5430 ἔρχονται
929 5354 1063 5430 πρὸς
1092 5355 1190 5422 τήν
1225 5355 1430 5418 εὐθεῖαν
1463 5351 1608 5409 ὁδόν·
1665 5351 1790 5408 ἀλλ’
1820 5354 1975 5428 ἀτρα-

321 5441 463 5503 ποὺς
495 5438 796 5514 δεξάμενοι,
830 5441 915 5496 ἐπὶ
961 5441 1242 5518 κρημνοὺς
1291 5441 1696 5518 περιέρχονται,
1729 5439 1974 5514 παραλό-

394 5637 440 5672 ⁷⁹
469 5637 490 5692 Ι
523 5637 653 5694 Cor.
708 5654 792 5703 ιιι,
826 5639 914 5693 11.

1015 5638 1061 5672 ⁸ο
1092 5636 1338 5710 Philipp.
1391 5654 1457 5706 ιι,
1504 5639 1592 5706 10,
1626 5639 1713 5693 11.

320 5723 440 5778 ινι,
472 5708 560 5765 18.

1815 5637 1857 5672 ⁸¹
1891 5639 2016 5692 Act.
2049 5655 2151 5705 v11,
2197 5638 2288 5692 58.

2867 4552 2956 4607 Xl.

2088 4643 2358 4699 Adversus
2389 4661 2479 4698 eos
2508 4647 2604 4715 qui
2634 4648 2908 4715 quarunt,
2942 4643 3164 4714 qualem
3192 4662 3410 4715 pwnam
3439 4645 3618 4700 Judaei
3641 4644 3737 4698 da-

2380 4718 2496 4770 turi
2523 4720 2654 4780 sint,
2687 4719 2736 4771 si
2763 4732 2873 4770 non
2902 4715 3214 4771 occiderunt
3251 4722 3437 4772 Deum.

2158 4825 2262 4890 Qui
2297 4825 2692 4880 contentionis
2723 4824 2917 4879 studio
2951 4825 3216 4880 feruntur
3248 4825 3376 4890 viri,
3412 4841 3613 4880 eorum
3648 4824 3737 4879 in-

2087 4929 2295 4968 sanum
2349 4915 2630 4986 impetum
2684 4913 2864 4980 nulla,
2900 4915 3092 4981 credo,
3123 4920 3314 4986 potest
3361 4917 3543 4969 oratio
3577 4914 3737 4970 cohi-

2087 5002 2222 5058 bere
2251 5003 2357 5057 Sed
2393 5003 2528 5058 licet
2561 5003 2717 5058 mille
2749 5003 2903 5073 quis,
2928 5020 3114 5074 eaque
3146 5004 3360 5058 invicta
3392 5008 3740 5075 argumenta

2088 5091 2342 5161 proferat
2372 5109 2384 5156 ;
2419 5093 2718 5147 veritatem
2758 5091 2850 5145 ille
2884 5093 3119 5162 quidem
3153 5092 3743 5152 demonstraverit,at

2087 5181 2369 5250 operariis
2419 5181 2704 5234 mendacii
2760 5181 2830 5234 de
2859 5197 2926 5234 ea
2958 5179 3200 5236 minime
3235 5181 3593 5250 persuaserit
3645 5181 3738 5236 Sic

2087 5266 2243 5320 enim
2268 5271 2324 5320 et
2345 5267 2445 5337 qui
2471 5283 2504 5320 a
2525 5266 2764 5321 veritate
2789 5267 3146 5336 exciderunt,
3181 5269 3218 5321 ii
3255 5275 3380 5337 post
3413 5271 3597 5322 multa
3619 5267 3738 5323 cla-

2088 5371 2269 5426 raque
2319 5362 2667 5426 argumenta
2717 5371 2822 5410 nec
2866 5356 3224 5410 desistunta
3260 5357 3554 5426 proposito
3607 5374 3736 5424 suo,

2086 5458 2192 5497 nec
2222 5442 2279 5496 in
2331 5441 2479 5496 viam
2537 5447 2754 5497 rectam
2788 5442 3034 5496 redeunt
3066 5458 3078 5496 :
3115 5443 3212 5497 sed
3248 5443 3376 5496 vias
3410 5443 3736 5513 praecipites

2391 5637 2437 5672 ⁸²
2468 5643 2487 5691 I
2519 5639 2646 5693 Cor.
2701 5654 2820 5705 vm,
2853 5638 2907 5691 6.
3011 5637 3055 5671 ⁸³
3090 5642 3213 5694 Act.
3247 5654 3332 5708 ιιι,
3375 5639 3429 5695 6.
3533 5639 3580 5673 “
3606 5639 3740 5708 Act,
