4104 6380
335 409 492 471 13⁷⁸13

1081 406 1737 470 CONFUTATIONES
1779 405 2284 478 QUABUMDAM
2332 409 2996 472 PROPOSITIONUM.

3591 415 3746 472 13⁵74

333 541 665 620 χωρούντων
718 540 990 605 λανθάνειν
1047 547 1147 610 τῆς
1203 539 1526 617 ἐνεργούσης
1582 537 1863 612 δυνάμεως
1921 541 1981 594 τὸ

2105 541 2181 613 pii
2215 543 2666 600 inbabitatorem
2701 550 2902 612 Deum,
2936 545 3036 616 qui
3065 547 3284 619 templo
3317 547 3516 602 unitus
3548 550 3657 616 est,
3691 551 3748 602 et

335 632 627 708 θεοπρεπὲς
702 629 791 684 καὶ
868 626 1077 700 ἔνδοξον
1115 649 1128 662 ·
1189 629 1269 691 τίς
1329 630 1432 704 γὰρ
1506 627 1604 683 οὐκ
1660 627 1716 681 ἂν
1777 624 1981 704 ἔφριξεν

333 720 422 775 ἀπ’
463 721 644 795 ἀρχῆς
701 718 768 772 τὰ
821 717 1126 792 γενόμενας
1179 719 1323 774 Κατὰ
1378 715 1708 794 προφητείαν
1766 719 1801 786 ἡ
1862 717 1984 791 γίν-

328 829 506 880 νησις,
539 809 568 862 6
597 807 762 869 τόπος
813 807 1113 881 γνώριμος,
1145 808 1172 860 6
1205 806 1408 882 τρόπος
1456 805 1749 879 ἐπίσημος,
1782 805 1809 859 6
1853 805 1984 880 χρό-

327 919 416 959 νος
449 896 548 951 οὐκ
595 894 823 967 ἄδηλος,
855 901 960 957 πᾶς
1010 893 1173 971 λόγος
1225 894 1741 970 ἐργοχειρούμενος,
1778 891 1982 966 δρόμος

329 986 548 1060 ἀστέρος
615 985 837 1058 μηνύων
907 985 1077 1058 ὕμνον
1138 985 1406 1060 ἀγγέλων,
1472 985 1634 1059 μάγοι
1702 981 1980 1058 πόρρωθεν

326 1075 461 1150 πρὸς
540 1071 882 1152 δωροφορίαν
965 1071 1274 1146 ὶλκόμενοι,
1331 1071 1578 1150 Ἡρώδης
1638 1074 1664 1126 ὁ
1729 1071 1982 1148 βασιλεὺς

325 1163 748 1239 ταρασσόμενος·
805 1159 1038 1220 Ἰουδαία
1095 1164 1272 1217 ἅπασα
1319 1160 1785 1238 συγκλονουμὲνη,
1831 1163 1984 1238 φανέ-

327 1274 492 1328 ρωσις
579 1251 806 1328 ἐναργὴς
891 1257 987 1329 τοῦ
1074 1249 1320 1326 αἶ’ροντος
1391 1253 1491 1321 τὴν
1566 1251 1828 1325 ἁμαρτίαν
1886 1255 1982 1306 τοῦ

324 1345 553 1417 κόσμου·
609 1345 826 1417 Σιμεὼν
886 1341 1100 1399 παιδίον
1157 1342 1404 1418 κατέχων
1466 1343 1556 1396 καὶ
1616 1347 1749 1397 Θεοῦ
1803 1343 1978 1411 σωτή-

329 1454 441 1510 ριον
504 1434 871 1508 ἑρμηνεύων·
933 1439 1102 1488 ’Ἅννα
1160 1431 1579 1509 προφητεύουσα
1613 1450 1625 1462 '
1693 1436 1980 1506 μαρτυρῶν

331 1522 576 1592 Ἰωάννης
636 1524 773 1598 πρὸς
833 1520 1128 1595 Ἰορδάνην·
1183 1523 1335 1599 φωνὴ
1403 1520 1611 1595 [ἰατρὸς
1667 1519 1978 1596 οὐρανόθεν,

323 1616 514 1666 τοῦτον
570 1613 692 1666 Υἰὸν
751 1611 1027 1687 ἀγαπητὸν
1084 1618 1212 1665 πᾶσι
1271 1610 1630 1685 γνωρίζουσα·
1667 1609 1980 1682 Πνεύματος

322 1700 664 1778 ἐπιφοίτησις
722 1706 1041 1774 περιστερᾶς
1103 1699 1153 1753 ἐν
1217 1697 1345 1753 ε’ίδει
1403 1702 1472 1772 τῇ
1530 1702 1742 1775 κορυφῇ
1799 1697 1979 1752 ἐπιπί-

321 1810 573 1845 πτουσα“
639 1784 1120 1861 μεταϐαλλόμενον
1195 1786 1340 1863 ὕδωρ
1418 1787 1493 1849 είς
1566 1788 1714 1842 οἶνον
1751 1807 1762 1818 ·
1826 1785 1977 1859 ἄρτοι

322 1880 482 1934 πέντε
508 1878 919 1950 πληθυνόμενοι
953 1875 1268 1953 παραδόξως
1300 1877 1374 1938 εἰς
1413 1873 1681 1951 χιλιάδων
1737 1875 1979 1930 ἀπόλαυ-

324 1989 430 2037 σιν,
487 1967 576 2022 καὶ
655 1966 932 2043 περισσεία
1015 1965 1342 2039 κλασμάτων
1429 1965 1643 2042 κόφινοι
1723 1962 1933 2019 δώδεκα
1965 1983 1976 1996 ⁸

325 2057 470 2126 παθη
529 2055 682 2130 λόγῳ
757 2053 1204 2131 φυγαδευόμενα,
1263 2052 1520 2128 δαίμονες
1603 2051 1978 2130 προστάγματι

326 2145 672 2220 διωκόμενοι,
728 2147 941 2220 μᾶλλον
1002 2145 1060 2201 δὲ
1116 2147 1399 2223 πόρρωθεν
1461 2146 1864 2220 ὁμολογοῦντες
1918 2146 1980 2200 τὸ

321 2243 424 2304 τῆς
486 2235 726 2305 ἐξουσίας
785 2235 1082 2312 ἀφόρητονο
1143 2235 1325 2310 νεκροὶ
1403 2241 1502 2305 τῆς
1585 2239 1682 2288 τοῦ
1751 2235 1980 2288 θανάτου

321 2321 632 2398 τυραννίδος
692 2322 847 2387 εὐθὺς
903 2324 1291 2397 ἀποσπώμενοι
1328 2341 1342 2355 ⁸
1401 2320 1700 2395 κράσπεδον
1761 2322 1979 2394 ἱματίου

322 2418 392 2487 τῇ
429 2413 523 2485 μὲν
554 2412 835 2486 καμνούσῃ
894 2411 1108 2488 γυναικὶ
1167 2411 1328 2488 φέρον
1383 2413 1482 2480 τήν
1537 2409 1706 2478 ’ίασιν,
1763 2417 1862 2480 τῆς
1923 2407 1979 2465 δὲ

327 2503 708 2576 κρυπτομένης
797 2502 1052 2573 θεότητος
1136 2499 1465 2575 δημοσιεῦον
1550 2501 1648 2570 τὴν
1731 2497 1976 2572 δύναμιν.

329 2597 476 2646 ῐΙᾶσα
503 2596 612 2646 τῶν
657 2590 942 2666 στοιχείων
987 2593 1020 2660 ἡ
1053 2611 1207 2665 eum
1258 2589 1307 2643 ἐν
1356 2587 1436 2662 τῷ
1492 2593 1665 2665 καιρῷ
1720 2593 1817 2643 τοῦ
1873 2589 1980 2642 πά-

327 2683 450 2742 θους
480 2679 569 2734 ἐπὶ
599 2683 667 2752 τῇ
704 2678 857 2734 λύσει
889 2684 986 2734 τοῦ
1043 2678 1325 2755 ὁρωμένου
1377 2682 1526 2750 ναοῦ⁵
1557 2677 1647 2732 καὶ
1702 2679 1773 2750 τῇ
1828 2673 1979 2754 ὕϐρει

325 2773 424 2823 τοῦ
467 2768 782 2844 ἀχωρίστου
834 2773 966 2824 Θεοῦ
1017 2768 1380 2844 πολυτρόπως
1427 2765 1826 2843 ταρασσομένη·
1861 2765 1982 2821 ἀνά-

328 2879 510 2920 στασις
542 2863 640 2913 τοῦ
671 2857 936 2918 παθόντος
986 2858 1089 2912 ὑπὸ
1135 2861 1243 2912 τῶν
1300 2857 1720 2932 σταυρωσάντων
1776 2877 1980 2932 μαρτυ-

329 2947 590 3020 ρουμένη.
643 2945 1020 3008 Φυλάσσοντες
1069 2947 1172 3021 γὰρ
1218 2946 1309 3000 τὸν
1360 2940 1620 3012 παθόντα,
1669 2947 1983 3016 ἡττήθησαν

325 3040 404 3106 τῷ
434 3033 722 3111 παραδόξῳ
773 3041 962 3107 νεκρῷ.
994 3040 1237 3090 Τοσαῦτα
1292 3036 1355 3103 ἦν
1416 3035 1504 3090 καὶ
1562 3033 1759 3106 πολλῷ
1813 3033 1979 3090 πλέον

325 3125 393 3179 τὰ
426 3124 702 3198 μηνύοντα
729 3125 828 3192 τὴν
861 3126 1242 3200 κρυπτομένην
1273 3125 1522 3193 θεότητα.
1556 3123 1654 3178 Καὶ
1705 3128 1822 3186 πῶς
1855 3124 1983 3200 φεύ-

331 3214 508 3284 ξονται
562 3221 661 3282 τῆς
724 3215 1025 3289 θεομαχίας
1082 3213 1180 3282 τὴν
1240 3213 1508 3288 τιμωρίαν
1539 3213 1588 3267 οἱ
1644 3213 1780 3286 πρὸς
1839 3212 1981 3267 οὕτω

330 3300 585 3376 λαμπρὰς
644 3299 942 3373 ἀποδείξεις
1020 3301 1356 3379 τυφλώττειν
1443 3301 1526 3355 ὑπ’
1585 3301 1981 3377 ἀγνωμοσύνης

335 3390 724 3454 σπουδάσαντες
749 3413 762 3462 ;

2097 632 2380 688 miracula
2411 633 2597 688 multa
2625 634 2825 704 edidit,
2859 636 3076 704 injuria
3107 637 3350 692 recidat.
3388 635 3582 705 Neque
3612 652 3743 690 vero

2093 722 2529 778 excusationem
2561 723 2784 779 Judaais
2815 725 2950 779 inde
2981 741 3184 795 parare
3216 724 3369 793 licet,
3403 726 3554 794 quod
3588 725 3744 780 velut

2095 810 2155 864 in
2190 811 2414 866 nudum
2473 811 2770 868 hominem
2805 829 3042 884 peccare
3091 815 3199 869 visi
3231 814 3350 870 sint
3380 831 3394 868 :
3427 831 3560 869 cum
3592 815 3740 869 divi-

2095 915 2230 953 nam
2264 905 2322 956 et
2377 901 2693 972 gloriosam
2743 902 3036 971 cperantis
3067 904 3339 974 potentiae
3370 905 3738 972 majestatem

2096 987 2417 1044 multifaria
2466 989 2750 1046 miracula
2797 991 2976 1046 latere
3006 1008 3119 1046 non
3173 993 3564 1062 permiserint.
3598 992 3740 1057 Quis

2093 1077 2248 1132 enim
2305 1095 2418 1133 non
2465 1083 2766 1148 stupescat
2809 1080 2883 1134 ad
2913 1097 2981 1135 ea
3031 1097 3158 1150 quae
3189 1097 3223 1134 ι
3252 1080 3539 1151 principio
3590 1081 3741 1136 facta

2094 1171 2277 1223 sunt?
2305 1165 2480 1222 Juxta
2509 1167 2873 1239 prophetiam
2918 1169 3201 1224 Nativitas
3252 1171 3363 1224 fuit
3394 1187 3406 1224 :
3443 1169 3606 1224 locus
3636 1187 3738 1224 no-

2093 1263 2190 1312 tus
2224 1273 2236 1310 :
2274 1257 2484 1312 modus
2533 1255 2799 1322 illustris,
2833 1262 3067 1327 tempus
3113 1275 3224 1312 non
3258 1259 3574 1312 obscurum
3607 1264 3696 1312 est
3725 1276 3738 1313 :

2091 1363 2284 1402 sermo
2313 1346 2506 1401 omnis
2540 1347 2729 1417 reipsa
2757 1346 3245 1417 impletur,stella2
3276 1364 3484 1402 cursus
3506 1346 3739 1419 angelo-

2093 1452 2220 1491 rum
2269 1441 2616 1490 concentum
2668 1436 2927 1490 indicat:
2978 1436 3128 1507 Magi
3179 1437 3248 1492 de
3301 1436 3618 1508 longinquo
3665 1437 3738 1491 ad

2091 1524 2387 1580 offerenda
2435 1541 2680 1578 munera
2717 1526 3093 1579 attrahuntur
3128 1542 3139 1579 :
3176 1541 3272 1580 rex
3320 1526 3575 1580 Herodes
3609 1542 3736 1596 per-

2090 1615 2362 1668 turbatur
2395 1629 2407 1668 :
2441 1613 2643 1668 Judma
2676 1614 2944 1669 universa
2976 1615 3335 1669 concutitur:
3371 1619 3614 1687 apparet
3629 1615 3741 1669 evi-

2090 1703 2296 1757 denter
2325 1703 2374 1756 is
2429 1703 2524 1773 qui
2561 1703 2766 1757 mundi
2816 1709 3049 1773 peccata
3078 1703 3231 1759 tollit
3260 1722 3277 1756 :
3309 1704 3560 1758 sustinet
3593 1720 3738 1775 pue-

2092 1792 2286 1846 rulum
2322 1790 2578 1857 Simeon,
2611 1796 2667 1845 et
2699 1791 2957 1847 salutare
2994 1794 3089 1847 Dei
3123 1793 3465 1864 pronuntiat
3497 1809 3508 1845 :
3544 1791 3740 1846 vatici-

2092 1886 2265 1936 natur
2310 1883 2476 1935 Anna
2510 1897 2522 1935 :
2556 1881 2904 1936 testificatur
2949 1886 3206 1936 Joannes
3249 1883 3320 1936 ad
3367 1882 3682 1936 Jordanem
3720 1897 3734 1936 :

2093 1987 2198 2026 vox
2229 1969 2418 2024 Patris
2451 1968 2679 2025 coalitus
2711 1969 2868 2024 hunc
2912 1971 3123 2026 Filium
3154 1971 3432 2026 dilectum
3460 1971 3737 2025 omnibus

2092 2059 2429 2114 manifestat
2453 2060 2758 2126 ;adventat
2775 2058 3027 2130 Spiritus
3058 2066 3114 2115 et
3141 2059 3202 2112 in
3233 2059 3514 2114 columbas
3545 2058 3737 2129 specie

2091 2148 2150 2203 in
2181 2147 2453 2203 verticem
2485 2148 2614 2217 ejus
2643 2147 3107 2219 diiabitur,aqua
3138 2149 3194 2202 in
3220 2149 3416 2203 vinum
3441 2153 3732 2202 mutatur:

2089 2237 2342 2309 quinque
2364 2237 2622 2308 panesin
2654 2235 2878 2308 aliquot
2911 2237 3160 2292 millium
3186 2254 3359 2292 usum
3391 2235 3738 2292 miraculose

2093 2325 2560 2397 multiplicantur
2589 2342 2602 2380 :
2639 2325 3100 2397 fragmentorum
3136 2326 3397 2397 reliquiis
3427 2325 3735 2380 duodecim

2091 2415 2325 2486 cophini
2376 2413 2698 2484 implentur
2729 2431 2741 2468 :
2775 2415 3057 2487 fugantur
3100 2417 3274 2470 verbo
3308 2414 3533 2482 morbi;
3569 2430 3732 2468 man-

2089 2505 2225 2559 dato
2256 2503 2625 2575 expelluntur
2656 2504 3119 2576 damones,quin
3139 2503 3503 2576 elonginquo
3533 2501 3738 2558 intole-

2090 2591 2334 2646 rabilem
2392 2590 2550 2646 illius
2603 2592 2923 2662 potentiam
2982 2593 3378 2647 conﬁtentur:
3428 2591 3641 2647 mortui
3702 2607 3737 2647 α

2093 2681 2297 2736 martis
2317 2680 2627 2751 tyrannide
2659 2681 2966 2736 confestim
3005 2681 3360 2736 liberantur:
3386 2681 3619 2736 iimbria
3647 2696 3738 2735 ve-

2091 2769 2353 2825 stimenti
2403 2768 2554 2824 506
2597 2769 2903 2839 aegrotanti
2952 2770 3184 2824 cuidam
3230 2769 3460 2824 mulieri
3514 2769 3737 2824 sanita-

2093 2863 2208 2913 tem
2241 2858 2426 2925 ali'ert,
2448 2857 2682 2912 latentis
2714 2862 2907 2913 autem
2940 2858 3172 2912 deitatis
3203 2860 3472 2913 virtutem
3510 2857 3740 2929 publice

2093 2946 2598 3018 praedicat.0mnis
2627 2945 3048 3002 elementorum
3082 2952 3291 3002 natura
3320 2952 3577 3018 tempore
3606 2963 3738 3017 pas-

2093 3035 2274 3092 sionis
2306 3037 2375 3090 ad
2411 3036 2861 3091 destructionem
2909 3036 3155 3091 visibilis
3189 3035 3413 3106 templi,
3447 3042 3504 3091 et
3535 3044 3736 3091 contu—

2093 3124 2330 3180 meliam
2361 3124 2738 3196 inseparabili
2775 3126 2883 3180 Deo
2915 3124 3367 3192 illatam,multis
3389 3125 3578 3179 modis
3609 3141 3740 3178 con-

2093 3214 2361 3268 turbatur
2395 3232 2406 3269 :
2443 3214 2927 3268 resurrectionem
2975 3218 3104 3283 ejus
3136 3213 3234 3284 qui
3269 3231 3477 3284 passus
3526 3214 3738 3282 fuerat,

2097 3305 2206 3374 ipsi
2242 3302 2322 3357 illi
2357 3303 2726 3364 conﬁrmant,
2761 3305 2856 3371 qui
2889 3304 2947 3357 in
2980 3320 3210 3358 crucem
3245 3303 3437 3374 ipsum
3470 3308 3736 3374 egerunt.

2088 3394 2232 3448 Cum
2249 3393 2402 3447 enim
2433 3409 2670 3463 passum
2696 3393 3118 3459 custodirent,a
3142 3400 3372 3446 mortuo
3391 3391 3740 3447 miraculose

329 3483 458 3537 victi
493 3490 651 3539 sunt.
685 3490 876 3556 Atque
906 3482 1027 3539 haec
1083 3483 1386 3554 multoque
1418 3482 1587 3556 plura
1635 3483 1749 3538 alia
1798 3489 1956 3554 sunt,
1990 3499 2120 3554 quae
2168 3481 2446 3536 latentem
2496 3481 2657 3536 intus
2704 3482 3067 3536 divinitatem
3123 3482 3401 3536 iudicant.
3436 3481 3739 3547 Quomodo

325 3570 506 3642 igitur
539 3589 768 3642 poenam
803 3573 903 3628 Dei
936 3572 1208 3628 hostibus
1257 3572 1661 3628 denuntiatum
1696 3573 1997 3644 effugient,
2031 3571 2126 3643 qui
2179 3570 2248 3626 ad
2285 3576 2401 3625 tam
2433 3570 2659 3626 lucidas
2691 3571 3220 3627 demonstrationes
3265 3588 3382 3642 prae
3413 3569 3596 3625 nimia
3625 3569 3741 3624 im-

329 3661 620 3732 probitate
651 3661 916 3717 caacutire
946 3661 1198 3717 volunt?

1089 3787 1210 3842 ΧΗ.

329 3873 474 3947 Πρὸς
502 3873 628 3935 τοὺς
662 3873 916 3951 λέγοντας
945 3894 968 3951 '_
992 3873 1253 3951 Ἰουδαῖός
1288 3873 1428 3928 ἐστιν
1481 3875 1508 3928 ὁ
1562 3876 1637 3946 μή
1689 3873 1980 3950 ὁμολογῶν

883 3948 1010 4002 Θεὸν
1043 3945 1428 4022 ἐσταυρῶσθαι.

399 4051 675 4123 Τοσαύτης
733 4050 1061 4126 ἀποδείξεως
1130 4051 1182 4107 ἐν
1239 4057 1357 4114 τοῖς
1435 4047 1773 4127 προλαϐοῦσι
1853 4058 1980 4106 πᾶσι

327 4139 725 4215 γεγενημένης,
760 4142 903 4196 οὕτω
936 4141 1289 4219 πολυτρόπου
1318 4142 1404 4195 καὶ
1437 4141 1690 4218 φανερᾶς,
1723 4137 1842 4195 δὲον
1898 4140 1980 4195 al-

329 4232 716 4300 σθανθήσεσθαι
792 4231 854 4286 τδ
931 4231 1146 4300 πλῆθος
1222 4231 1350 4291 τοὺς
1428 4227 1804 4303 ἀντιλέγοντας
1874 4231 1977 4282 τῶν

328 4316 600 4394 ἐλέγχων,
647 4321 697 4373 οἱ
757 4317 813 4374 δὲ
869 4321 958 4375 καὶ
1017 4319 1189 4381 ἄλλας
1248 4315 1538 4379 ἀντιθέσεις
1593 4319 1980 4393 ἀναισχύντους

330 4406 519 4481 πλέξαι
574 4409 747 4481 μάτην
807 4409 904 4464 οὐκ
957 4405 1228 4480 ὤκνησαν.
1263 4406 1545 4472 Ἰουδαῐος,
1599 4407 1784 4484 φησὶν⁹
1817 4405 1980 4473 ἐστὶν,

333 4499 360 4552 6
391 4498 484 4552 τὸν
513 4499 640 4553 Θεὸν
674 4498 830 4553 αὐτὸν
889 4500 964 4571 μή
1017 4498 1308 4575 ὁμολογῶν
1368 4497 1758 4573 ἐσταυρῶσθαι.
1788 4497 1984 4558 Καλῶς

332 4589 480 4659 ἡμᾶς
541 4594 639 4656 τῆς
700 4587 883 4649 αὐτοῖς
940 4587 1398 4664 χρεωστουμένης
1457 4586 1824 4662 προσηγορίας
1878 4586 1980 4640 ὑπ-

2859 3787 2978 3842 Xli.

2203 3877 2473 3932 Adversus
2504 3889 2591 3930 eos
2623 3877 2720 3946 qui
2748 3876 2942 3930 dicunt
2973 3895 2992 3930 :
3016 3876 3238 3933 Iudaeus
3270 3880 3365 3944 est,
3400 3877 3494 3946 qui
3520 3890 3628 3930 non

2385 3949 2672 4017 conﬁtetur
2702 3949 2871 4002 Deum
2898 3950 3068 4019 fuisse
3094 3949 3446 4018 eruciﬁxum.

2165 4058 2306 4107 Cum
2355 4057 2551 4120 tantae,
2585 4058 2704 4107 tam
2755 4054 2946 4121 variae,
2981 4058 3219 4124 tamque
3265 4053 3583 4125 perspicuae
3635 4053 3742 4106 de—

2093 4142 2546 4196 monstrationes
2577 4143 2944 4212 superiorum
2977 4143 3440 4213 disputationum
3475 4141 3742 4196 omnium

2093 4231 2344 4296 fuerint;
2375 4231 2589 4285 sentire
2620 4231 2852 4285 tandem
2877 4232 3242 4286 adversarios
3259 4236 3742 4302 argumentorum

2094 4320 2530 4374 multitudinem
2579 4320 2886 4374 debebant.
2920 4322 2990 4374 At
3039 4319 3120 4374 illi
3174 4320 3320 4374 alias
3367 4319 3741 4390 impudentes

2092 4409 2446 4477 obiectiones
2501 4409 2627 4463 sine
2658 4425 2834 4462 causa
2864 4414 3057 4463 texere
3089 4425 3200 4463 non
3234 4407 3599 4462 dubitarunt.
3631 4407 3741 4461 Ju-

2093 4499 2252 4552 daaus
2300 4503 2406 4563 est,
2442 4497 2736 4568 inquiunt,
2771 4499 2868 4568 qui
2905 4515 3016 4552 non
3066 4497 3298 4559 fatetur.
3328 4497 3511 4551 Deum
3546 4496 3740 4565 ipsum

2094 4589 2149 4641 in
2183 4603 2413 4642 crucem
2464 4604 2592 4642 esse
2624 4592 2840 4642 actum.
2876 4585 3121 4642 Pulchre
3168 4602 3272 4640 nos
3306 4585 3561 4640 nominis
3611 4586 3741 4656 ejus

334 4676 594 4748 ἑμνησαν.
648 4676 818 4732 Αὐτοὶ
879 4677 982 4752 γὰρ
1043 4677 1117 4738 είς
1178 4676 1399 4737 ἑαυτοὺς
1458 4675 1824 4730 ἐπεσπάσαντο
1880 4677 1978 4744 τήν

2094 4692 2208 4747 quo
2256 4675 2635 4748 nuncupandi
2671 4682 2810 4731 sunt
2855 4677 3188 4730 admonent.
3236 4675 3321 4730 illi
3371 4676 3529 4730 enim
3580 4681 3740 4744 sunt,

332 4767 467 4840 πρὸς
515 4765 750 4827 ἐκείνους
800 4765 1129 4841 συγγένειαν,
1178 4765 1504 4838 ἀρνούμενοι
1567 4765 1660 4836 μὲν
1721 4765 1818 4833 τὴν
1877 4785 1981 4818 σω-

330 4856 522 4929 τήριον
575 4853 1004 4930 ἐνανθρώπησιν,
1041 4853 1424 4925 ἀπωθούμενοι
1472 4851 1531 4906 δὶ
1573 4854 1671 4921 τήν
1729 4858 1836 4906 τῶν
1889 4851 1984 4906 δύο

333 4945 541 5022 φύσεων
575 4940 797 4997 σύνοδον
828 4943 917 4997 καὶ
946 4940 1160 4998 ἕνωσιν.
1195 4942 1283 5003 Τίς
1318 4937 1575 5002 Ἰοοδαῖος
1606 4942 1633 4994 6
1677 4942 1774 5009 τὴν
1825 4941 1985 5017 χάριν

334 5031 646 5104 δεξάμενος,
677 5034 710 5101 ἣ
746 5032 773 5085 6
832 5037 910 5104 τῷ
964 5031 1124 5104 νόμῳ
1181 5030 1315 5084 κατὰ
1365 5029 1428 5084 τὸ
1466 5029 1693 5104 γράμμα
1749 5049 1984 5101 παρακα-

334 5121 592 5193 θήμενος.
647 5127 816 5194 Ἠμᾶς
875 5124 908 5190 ἡ
965 5119 1128 5196 χάρις
1185 5116 1390 5189 ἐδίδαξε
1446 5118 1571 5172 Θεὸν
1644 5117 1871 5192 ἀόρατον
1931 5117 1982 5173 ὲν

333 5211 587 5284 ὁρωμένη
645 5216 1017 5286 φανερωθῆναι
1100 5206 1300 5284 σαρκί·
1361 5206 1555 5261 ἐκεῖνοι
1637 5210 1706 5281 τῇ
1782 5207 1987 5281 ἀρχαίᾳ

330 5299 624 5374 παραδόσει
664 5299 988 5372 παρέμειναν
1048 5299 1146 5366 τήν
1205 5297 1435 5368 θεότητα
1491 5296 1701 5372 γυμνὴν
1764 5295 1815 5350 ἐν
1873 5293 1984 5350 δια-

333 5387 528 5466 φόροις
589 5385 751 5443 ε’ίδεσι
812 5388 902 5442 καὶ
961 5391 1242 5463 σχήμασιν
1303 5388 1675 5463 ὑπογραψάσῃ.
1710 5389 1834 5446 Πῶς
1893 5384 1982 5439 οὖν

336 5477 540 5538 ἄλλους
572 5472 828 5552 λέγουσιν’
855 5474 1172 5544 Ἰουδαίους,
1206 5475 1359 5530 αὐτοὶ
1388 5482 1488 5544 τῆς
1536 5482 1738 5545 Καινῆς
1789 5477 1984 5545 Διαθή-

333 5587 436 5636 κης
491 5567 582 5621 τὸν
641 5564 880 5620 πλοῦτον
938 5565 1392 5636 ἀποσεισάμενοι;
1427 5563 1536 5618 Οὐκ
1591 5562 1855 5634 ἤκουσαν,
1902 5562 1985 5617 ὅτι

335 5652 542 5711 πολλοὶ
598 5661 874 5733 προφῆται
931 5653 1020 5708 καὶ
1084 5651 1282 5707 δίκαιοι
1349 5651 1687 5726 ἐπεθύμησαν
1767 5649 1897 5708 ἰδεῖν
1952 5652 1986 5707 ἃ

344 5744 639 5821 βλέπομεν,
671 5745 758 5800 καὶ
816 5743 916 5800 οὐκ
973 5741 1111 5799 εἶδον
1139 5763 1152 5813 ;
1183 5741 1244 5797 Τί
1297 5739 1401 5816 ἄρα
1456 5743 1558 5798 οὐκ
1606 5740 1746 5799 εἶδον
1793 5742 1984 5814 θεότη-

2094 4767 2188 4836 qui
2223 4767 2447 4837 seipsos
2479 4766 2761 4820 afﬁnitate
2793 4782 2925 4819 cum
2956 4765 3174 4820 ιῖυᾶίθῑε
3207 4765 3738 4825 devinxerunt,tum

2097 4854 2412 4910 salutarem
2446 4853 3061 4921 incarnationem,tum
3095 4855 3343 4908 duarum
3381 4853 3653 4908 unionem
3685 4856 3743 4906 et

2097 4945 2568 5015 conjunctionem
2603 4949 2947 4998 natmarum
2973 4942 3454 5014 rejiciendo.Uter
3480 4941 3738 5009 Judaaus,

2097 5034 2194 5104 qui
2217 5035 2460 5104 gratiam
2496 5033 2840 5104 suscipit,an
2868 5033 2962 5102 qui
2996 5033 3118 5106 lege
3137 5033 3460 5089 secundum
3486 5031 3740 5086 litteram

2096 5123 2355 5176 nititur?
2383 5122 2498 5176 Nos
2529 5122 2718 5193 gratia
2748 5122 2964 5187 docuit,
2997 5121 3180 5176 Deum
3215 5120 3565 5176 invisibilem
3594 5120 3738 5174 invi-

2097 5210 2252 5266 sibili
2288 5210 2726 5265 manifestatum
2761 5225 2890 5266 esse
2937 5225 3109 5265 carne
3143 5227 3154 5263 :
3192 5209 3270 5263 illi
3308 5213 3651 5281 permanent
3684 5210 3739 5264 in

2097 5301 2340 5372 antiqua
2385 5300 2702 5354 traditione
2733 5299 3092 5354 divinitatem
3151 5301 3369 5354 nudam
3404 5300 3458 5352 in
3493 5299 3741 5354 diversis

2096 5390 2402 5461 speciebus
2451 5395 2507 5443 et
2561 5389 2762 5443 formis
2811 5389 3159 5444 delineantc.
3216 5389 3515 5452 Quomodo
3563 5389 3742 5459 igitur

2097 5478 2244 5533 alios
2275 5477 2572 5549 appellant
2601 5477 2858 5547 Judaeos,
2893 5479 2988 5550 qui
3025 5477 3133 5550 ipsi
3167 5478 3297 5532 novi
3330 5478 3560 5532 foederis
3594 5477 3738 5531 divi-

2095 5566 2206 5622 tias
2224 5583 2255 5620 a
2273 5584 2334 5621 se
2352 5565 2879 5637 repellunt?Annon
2903 5567 3244 5623 audiverunt
3261 5567 3415 5639 quod
3431 5566 3742 5638 multipro-

2095 5656 2281 5729 phetae
2303 5661 2360 5710 et
2376 5655 2951 5726 justidesiderarunt
2963 5657 3156 5712 videre
3178 5674 3303 5729 quas
3321 5674 3426 5712 nos
3446 5657 3739 5722 videmus,

2094 5751 2286 5802 etnon
2307 5744 2627 5801 viderunt?
2647 5743 2794 5811 Quid
2817 5743 2998 5817 igitur
3021 5762 3137 5802 non
3152 5746 3428 5804 viderunt
3449 5743 3477 5801 ?
3501 5744 3739 5802 Deitatis
