4104 6380
410 422 439 481 1
451 422 567 481 375

1576 423 1640 480 S.
1690 418 2211 480 ATHANASIUS.
2241 451 2318 461 —
2348 417 2660 479 SPURIA.

3679 420 3823 478 1376

412 554 727 610 adventum
758 553 914 608 PCur
933 552 1114 626 igitur
1140 552 1424 624 scriptum
1449 556 1540 607 est
1563 569 1576 605 :
1602 551 1778 607 Visus
1799 556 1887 605 est
1914 556 2061 603 Deus

2182 567 2268 608 τος
2328 545 2663 620 ἐπιδημίαν;
2698 547 2803 603 Καὶ
2860 551 2979 608 πῶς
3038 547 3357 623 γέγραπται·
3393 547 3573 623 Ὠφθη
3606 548 3730 610 Θεὸς
3751 553 3826 620 τῷ

412 643 769 707 Abrahamo,
801 642 960 698 visus
984 642 1203 712 Isaaco,
1235 643 1398 697 visus
1428 641 1829 703 Jacobo,visus
1861 637 2063 710 Moysi,

410 737 469 788 et
502 733 792 788 sexcentis
822 732 953 787 aliis
974 731 1003 786 ?
1032 732 1178 797 Quid
1215 732 1397 803 igitur
1444 729 1875 798 desiderarunt,
1909 729 2063 800 quod

408 826 606 878 tamen
632 838 745 876 non
773 820 1090 877 viderunt?
1111 821 1392 874 nimirum
1411 820 1566 890 quod
1594 819 1764 874 nobis
1784 818 1980 872 videre
2003 815 2065 871 li-

411 911 552 978 cuit,
568 911 803 966 deitatis
825 916 881 964 et
905 909 1289 964 humanitatis
1312 907 1664 963 ineffabilem
1688 912 1746 962 et
1763 906 2062 977 insepara-

412 999 587 1055 bilem
608 999 882 1054 unionem
907 999 935 1052 τ
951 998 1295 1070 Quicunque
1311 998 1493 1068 igitur
1507 997 1914 1053 admirandam
1930 994 2063 1050 Ver-

412 1088 469 1143 bi
502 1092 559 1143 et
588 1088 783 1143 carnis
813 1087 1088 1143 unionem
1119 1088 1494 1153 conﬁtentur,
1520 1087 1594 1141 iis
1624 1103 1838 1141 novum
1876 1085 2067 1139 videre

413 1177 813 1248 spectaculum
847 1177 1335 1247 contigit.Contra
1355 1176 1455 1247 qui
1486 1177 1682 1231 carnis
1714 1174 2064 1246 assumptio-

415 1282 544 1321 nem
584 1266 876 1333 reiiciunt,
899 1265 937 1319 ii
971 1282 1102 1319 cum
1138 1264 1429 1320 veteribus
1458 1263 1677 1319 Judaais
1707 1268 1927 1334 partem
1960 1262 2064 1317 ha-

413 1355 549 1410 bere
596 1370 760 1410 suam
813 1354 1121 1409 manifeste
1171 1354 1621 1418 convincuntur,
1653 1353 1749 1425 qui
1805 1369 1909 1405 nec
1954 1351 2065 1423 ipsi

413 1448 731 1517 potuerunt
753 1443 947 1498 videre
979 1442 1163 1499 oculis
1197 1443 1322 1497 suis
1353 1460 1480 1514 quae
1515 1458 1621 1497 nos
1650 1440 1927 1494 vidimus.
1961 1440 2066 1495 Ju-

413 1533 669 1588 daaorum
703 1532 856 1586 enim
890 1537 998 1594 est.
1032 1530 1349 1587 Salvatoris
1379 1532 1437 1585 in
1470 1547 1642 1586 carne
1681 1531 2065 1585 reconomiam

412 1639 529 1678 non
561 1621 985 1692 suscipere.His
1016 1620 1245 1693 seipsos
1277 1624 1619 1693 aggregant,
1653 1620 1751 1691 qui
1786 1620 1932 1675 duas
1964 1637 2066 1675 na—

408 1714 573 1766 turas
606 1709 927 1782 explodunt
961 1727 974 1764 :
1009 1709 1278 1781 quinimo
1314 1709 1949 1780 majorumcriminum
1985 1710 2065 1763 rei

410 1798 862 1855 efﬁciunturJlli
899 1798 1054 1854 enim
1090 1815 1222 1853 cum
1254 1799 1353 1869 qui
1386 1804 1505 1854 tam
1540 1800 1829 1869 stupenda
1862 1799 2070 1854 edebat

2177 631 2450 713 Ἀϐραὰμ,
2485 631 2640 713 ὤφθη
2700 637 2779 709 τῷ
2827 636 3026 707 Ἰσαὰκ,
3082 634 3235 714 ὤφθη
3295 634 3378 708 τῷ
3428 631 3648 703 Ἰακὼϐ,
3678 632 3822 715 ὤφθη

2173 730 2252 797 τῷ
2310 730 2505 800 Μωσῇ,
2534 726 2625 781 καὶ
2688 727 2882 803 μύριος
2935 722 3169 793 ἄλλοις
3202 725 3261 779 Τί
3317 723 3411 779 οὖν
3468 724 3823 798 ἐπεθύμησαν,

2174 814 2264 869 καὶ
2324 814 2424 871 οὐκ
2481 813 2726 884 εἷδον;ὃ
2784 817 2951 888 ἡμεῖς
3011 811 3139 869 ἰδεῖν
3194 814 3542 888 ἠξιώθημεν,
3578 816 3823 885 θεότητος

2173 904 2263 958 καὶ
2321 904 2746 977 ἀνθρωπότητος
2796 901 3030 980 ἅρῥητον
3059 903 3148 957 καὶ
3203 901 3572 958 ἀδιάσπαστον
3617 900 3818 961 ἕνωσιν.

2175 993 2243 1050 Οἱ
2272 993 2453 1048 τοίνυν
2484 993 2885 1069 ὁμολογοῦντες
2914 996 3011 1046 τοῦ
3046 992 3223 1067 Λόγου
3254 992 3344 1046 καὶ
3375 998 3479 1061 τῆς
3509 992 3700 1067 σαρκὸς
3729 994 3817 1062 τὴν

2174 1079 2477 1157 παράδοξον
2530 1079 2744 1151 ἕνωσιν,
2798 1081 2948 1136 οὗτοι
3004 1086 3101 1135 τοῦ
3161 1080 3313 1151 ξένου
3363 1081 3637 1153 θεάματος
3685 1101 3816 1137 τετυ-

2176 1173 2434 1247 χήκασιν’
2468 1173 2523 1227 o't
2553 1169 2610 1226 δὲ
2635 1179 2738 1241 τῆς
2786 1171 2983 1245 σαρκὸς
3030 1171 3131 1240 τὴν
3190 1168 3469 1244 ἀνάληψιν
3526 1170 3815 1234 ἀθετοῦντες

2181 1260 2315 1334 μετὰ
2368 1266 2475 1316 τῶν
2537 1261 2733 1316 ἄνωθεν
2762 1258 3040 1315 Ἰουδαίων
3097 1256 3245 1335 ἒχειν
3295 1263 3400 1328 τὴν
3458 1256 3655 1333 μερίδα
3700 1280 3814 1332 προ-

2178 1349 2365 1421 δήλως
2398 1349 2746 1425 ἐλέγχονται,
2778 1354 2887 1404 τῶν
2921 1351 2995 1423 μὴ
3028 1345 3455 1421 κατηξιωμένων
3509 1346 3641 1403 ἰδεῖν
3700 1351 3819 1421 μήτε

2177 1436 2319 1513 ὄψει,
2356 1441 2490 1517 ἅπερ
2548 1443 2713 1512 ἡμεῖς
2762 1438 3098 1514 ἑωράκαμεν.
3133 1435 3415 1493 Ἰουδαίων
3477 1437 3582 1512 γὰρ
3637 1440 3699 1492 τὸ
3751 1440 3815 1511 μὴ

2178 1528 2419 1601 δέξασθαι
2476 1535 2574 1585 τοῦ
2648 1537 2916 1605 Σωτῆρος
2993 1532 3092 1599 τήν
3166 1528 3429 1605 ἔνσαρκον
3501 1528 3822 1599 οθκονομίαν.

2176 1620 2402 1682 Τούτοις
2436 1620 2792 1674 συνάπτουσιν
2826 1618 3047 1680 ἑαυτοὺς
3081 1620 3133 1672 οἱ
3188 1619 3252 1673 τὸ
3300 1616 3538 1673 διπλοῦν
3588 1623 3694 1672 τῶν
3739 1615 3826 1694 φό-

2179 1731 2313 1765 σεων
2348 1708 2752 1782 ἀπωθούμενοι,
2795 1707 3007 1780 μᾶλλον
3045 1705 3101 1762 δὲ
3131 1706 3218 1762 καὶ
3254 1707 3503 1780 μείζοσιν
3555 1704 3823 1780 ἐγκλήμα-

2179 1820 2258 1853 σιν
2322 1798 2609 1862 ὑπεῦθυνοι
2663 1798 2923 1874 γίνονται.
2984 1798 3212 1851 Ἐκεῖνοι
3285 1797 3389 1873 γὰρ
3462 1796 3556 1852 τὸν
3610 1799 3825 1849 τοσαῦτα

412 1888 692 1944 miracula
718 1888 901 1943 Deum
932 1904 1060 1943 esse
1088 1887 1447 1960 ignorantes:
1464 1887 1522 1941 hi
1546 1903 1681 1942 vero
1704 1888 2063 1953 conﬁtentes,

2182 1888 2315 1962 μετά
2374 1888 2568 1962 σαρκὸς
2625 1888 3180 1962 θαυματουργήσαντα
3245 1886 3376 1941 Θεὸν
3441 1885 3576 1940 εἶναι
3640 1885 3824 1959 ἀγνοή-

413 1977 659 2050 indigna
687 1981 892 2032 contra
921 1976 1197 2032 deitatem
1234 1977 1841 2047 pronuntiant,omnes
1872 1976 2065 2031 carnis

416 2071 736 2138 assumpta
772 2066 1079 2137 passiones
1111 2066 1309 2121 deitati
1339 2066 1716 2120 ascribendas
1747 2082 1873 2120 esse
1924 2082 2060 2121 con-

416 2155 743 2211 tendentes.
779 2159 852 2209 At
898 2154 1052 2211 enim
1114 2156 1308 2210 dicent
1366 2156 1611 2209 fortasse
1668 2154 2069 2226 (impudenter

418 2243 576 2302 enim
607 2243 693 2300 vel
726 2245 1232 2300 manifestissimis
1262 2244 1595 2299 didicerunt
1624 2245 2062 2317 contradicere):

422 2335 548 2392 Non
562 2335 1190 2392 dicimusdivinitatem
1204 2353 1332 2393 esse
1346 2336 1715 2408 passionibus
1728 2337 2061 2393 obnoxiam.

422 2424 492 2479 Et
523 2424 620 2497 qui
656 2441 771 2480 non
819 2424 1087 2480 diceretis
1122 2425 1250 2490 hoc,
1284 2423 1383 2494 qui
1432 2430 1552 2478 tam
1584 2424 1896 2479 artiﬁciose
1936 2442 2064 2481 ora-

421 2514 637 2569 tionem
672 2513 1223 2569 adornatisE'Passus
1245 2512 1810 2584 est,inquiunt,quia
1838 2513 2019 2570 voluit
2052 2533 2065 2570 :

418 2602 612 2674 ipsum
638 2601 939 2675 patibilem
962 2618 1089 2657 esse
1114 2619 1481 2674 nequaquam
1497 2602 1919 2659 dicimus.Cum
1943 2622 2063 2659 rem

418 2692 609 2764 ipsam
662 2709 777 2747 non
810 2691 1089 2747 dubitetis
1140 2691 1457 2759 afﬁrmare,
1489 2708 1590 2747 cur
1621 2708 1654 2745 a
1685 2693 1765 2747 rei
1806 2693 2066 2764 appella-

418 2781 576 2836 tione
606 2797 707 2836 vos
756 2780 1066 2836 abhorrere
1114 2779 1335 2852 ﬁngitis
1355 2781 1382 2835 ‘I
1412 2780 1470 2835 Si
1503 2781 1798 2837 damnatis
1839 2798 1937 2837 eos
1967 2783 2065 2850 qui

417 2869 781 2926 divinitatem
834 2886 1068 2940 passam
1103 2886 1233 2924 esse
1284 2874 1519 2942 negant,
1552 2886 1658 2924 cur
1705 2886 1819 2925 non
1852 2870 2067 2927 diserte

416 2958 600 3031 ipsam
654 2957 956 3030 patibilem
988 2974 1117 3013 esse
1163 2958 1566 3030 proﬁtemini?
1595 2959 1649 3012 Si
1688 2959 1928 3014 Judzrus
1975 2976 2064 3015 se-

417 3049 675 3104 cundum
710 3064 809 3102 vos
840 3052 947 3115 est,
983 3047 1080 3120 qui
1112 3048 1317 3101 divina:
1352 3053 1574 3102 natura!
1605 3049 1936 3118 passionem
1972 3065 2065 3103 ne-

416 3141 545 3211 gat:
570 3137 943 3192 Christianus
965 3136 1179 3208 est,qui
1203 3136 1509 3193 asserit.El
1531 3154 1637 3192 cur
1659 3153 1772 3192 non
1795 3138 2063 3193 Judaeum

418 3226 675 3282 divinam
696 3231 963 3281 naturam
981 3224 1366 3297 impatibilem
1392 3225 1758 3281 conﬁtentem
1786 3228 2066 3298 prazfertis

2176 1998 2383 2039 σαντες,
2416 1977 2564 2031 οὗτοι
2616 1974 2773 2046 δῆθεν
2835 1973 3237 2051 ὁμολογοῦντες
3298 1974 3489 2046 ἀνάξια
3547 1974 3683 2029 κατᾶ
3734 1978 3825 2040 τῆς

2176 2067 2430 2138 θεότητος
2460 2066 2820 2144 ἀπεφήναντο,
2855 2064 3028 2119 πάντα
3054 2064 3120 2119 τὰ
3166 2066 3310 2135 πάθη
3363 2071 3468 2132 τῆς
3528 2060 3818 2140 ληφθείσης

2177 2156 2373 2230 σαρκὸς
2430 2155 2504 2218 εἷς
2562 2155 2720 2209 αὐτὸν
2774 2154 3069 2230 ἀνενεγκεῖν
3126 2153 3218 2209 τὸν
3270 2154 3401 2208 Θεὸν
3438 2148 3615 2226 Λόγον
3675 2148 3821 2229 φιλο-

2177 2248 2516 2316 νεικήσαντες
2556 2287 2567 2301 .
2650 2242 2808 2299 Ἀλλ’
2879 2240 3018 2304 ’ίσως
3113 2241 3324 2318 ἐροῦσιν
3407 2239 3650 2316 (ἔμαθον
3730 2239 3822 2315 γὰρ

2179 2334 2388 2408 ἲταμῶς
2477 2336 2743 2408 μάχεσθαι
2825 2337 2940 2394 τοῖς
2999 2329 3352 2409 προδήλοις)
3391 2350 3403 2363 ·
3467 2330 3542 2385 Οὐ
3600 2329 3824 2404 λέγομεν

2177 2426 2418 2495 παθητὸν
2470 2426 2533 2478 τὸ
2591 2428 2754 2487 θεῖον.
2808 2427 2933 2485 Πῶς
2991 2422 3053 2476 οὐ
3115 2421 3322 2497 Λέγετε,
3384 2421 3469 2476 ὅτι
3526 2418 3693 2495 τέχνῃ
3741 2417 3824 2471 τὸν

2180 2515 2346 2590 λόγον
2405 2510 2866 2581 κατασκευάζετε;
2900 2513 3125 2578 "Erratis,
3168 2511 3351 2588 φησὶν,
3405 2511 3481 2572 ὡς
3530 2507 3825 2579 ἠθέλησεν·

2178 2604 2240 2658 οὐ
2275 2604 2381 2677 μὴν
2415 2602 2657 2671 παθητὸν
2690 2601 2849 2655 αὐτὸν
2898 2598 3151 2676 λέγομεν.
3193 2599 3256 2655 Τί
3305 2598 3696 2676 προσποιεῖσθε
3721 2595 3828 2667 (25)

2178 2688 2450 2770 φείδεσθαι
2496 2694 2594 2744 τοῦ
2663 2689 2951 2761 ὀνόματος,
3001 2689 3457 2760 κατατολμῶντες
3509 2690 3608 2741 τοῦ
3665 2687 3826 2759 πράγ-

2182 2803 2350 2855 ματος
2376 2799 2390 2849 ;
2422 2780 2485 2835 Εἰ
2517 2783 2871 2855 κατηγορεῖτε
2899 2782 3006 2832 τῶν
3054 2776 3329 2852 λεγόντων
3391 2778 3468 2850 μὴ
3513 2773 3821 2830 πεπονθέναι

2176 2872 2238 2926 τὸ
2268 2872 2434 2939 θεῖον,
2466 2873 2584 2930 πῶς
2618 2868 2726 2944 οὐχ
2765 2868 3099 2943 ὁμολογεῖτε
3146 2863 3322 2943 λέγειν
3368 2865 3501 2921 αὐτὸ
3548 2860 3824 2932 παθητόνς

2179 2960 2241 3016 Εἰ
2273 2960 2300 3014 ὁ
2328 2960 2402 3033 μὴ
2437 2957 2614 3031 λέγων
2637 2957 2782 3017 θείας
2804 2954 3014 3034 φύσεως
3036 2954 3227 3023 πάθος,
3242 2953 3511 3016 Ἰουδαῖος
3534 2954 3651 3016 καθ’
3669 2953 3821 3025 ὑμᾶς·

2179 3050 2207 3105 ὁ
2239 3048 2441 3124 λέγων,
2475 3045 2932 3123 Χριστιανός.Καὶ
2963 3049 3079 3107 πῶς
3108 3043 3168 3098 οὗ
3199 3048 3409 3098 ποιεῖτε
3437 3040 3823 3120 προτιμότερον

2175 3136 2266 3190 τὸν
2300 3130 2586 3204 Ἰουδαῖον,
2617 3133 2709 3187 τὸν
2740 3133 2937 3193 ἀπαθὲς
2971 3132 3348 3210 ὁμολογοῦντα
3373 3132 3439 3186 τὸ
3485 3136 3647 3197 θεῖον,
3682 3128 3823 3197 ὑμῶν

2178 3230 2286 3281 τῶν
2315 3221 2767 3295 ἀποφαινομένων
2803 3221 2934 3276 αὐτὸ
2966 3221 3234 3291 παθητόν;
3260 3220 3333 3281 ὡς
3356 3220 3492 3275 εἶναι
3521 3220 3647 3291 ὑμῖν
3678 3214 3817 3288 ἀνάγ-

419 3317 582 3372 vobis
615 3315 915 3388 patibilem
948 3291 1138 3387 ipsam
1176 3315 1628 3381 afﬁrmantibus,
1664 3291 1800 3369 cum
1830 3317 2069 3372 omnino

2182 3335 2281 3385 κην
2343 3291 2637 3374 Ἰουδαίους
2700 3313 2843 3385 ὑμᾶς
2919 3311 3204 3375 καλεῖσθαι
3279 3310 3825 3385 προσμαρτυροῦντας

421 3420 726 3460 necessum
759 3403 854 3469 sit,
888 3409 991 3459 aut
1014 3404 1244 3459 Iudaeos
1273 3420 1375 3459 vos
1406 3404 1618 3473 vocari,
1644 3405 1693 3459 si
1727 3405 2071 3475 impetibili-

419 3498 596 3549 tatem
631 3503 760 3548 e’sse
807 3492 1203 3548 testiﬁcemini
1232 3511 1244 3559 ;
1275 3498 1379 3547 aut
1422 3493 1782 3548 Christianos
1814 3493 2071 3565 appella-

421 3584 493 3652 ri,
526 3587 592 3637 ut.
620 3598 719 3637 vos
766 3583 1005 3654 quidem
1057 3581 1454 3636 Christianum
1497 3582 1775 3649 deﬁnitis,
1808 3582 2072 3653 patibili-

421 3677 605 3729 tatem
657 3672 990 3727 sancientes
1012 3674 1040 3726 ‘I
1074 3670 1377 3742 Proponite
1411 3671 1737 3741 perspicue,
1772 3688 1949 3741 quam
1990 3677 2073 3727 te-

424 3763 580 3817 netis
630 3762 1004 3817 sententiam.
1040 3782 1068 3810 n
1102 3760 1283 3814 Corde
1330 3761 1481 3814 enim
1518 3759 1774 3814 creditur
1820 3762 1889 3814 ad
1920 3762 2068 3817 507

415 3853 737 3926 justitiam,
769 3868 867 3907 ore
898 3857 1093 3907 autem
1141 3852 1430 3906 confessio
1465 3851 1529 3905 ﬁt
1560 3852 1628 3906 ad
1662 3851 1912 3906 salutem
1946 3853 2010 3907 ⁸⁸.
2049 3875 2075 3902 ››

423 3944 483 3999 Si
514 3942 768 3997 Verbum
821 3958 932 3996 non
966 3947 1056 3996 est
1103 3956 1363 4011 passum,
1399 3939 1580 4011 igitur
1624 3957 1777 3995 caro.
1834 3941 1890 3996 Si
1943 3958 2076 3998 caro

426 4047 541 4087 non
576 4034 667 4085 est
698 4046 889 4100 passa,
916 4030 1099 4101 igitur
1130 4028 1405 4083 Verbum.
1439 4028 1498 4083 Si
1533 4035 1803 4083 neutrum
1842 4031 2073 4097 horum,

426 4120 606 4193 igitur
635 4119 869 4190 aliquod
924 4119 1184 4175 tertium.
1239 4119 1294 4171 Si
1332 4117 1556 4173 nullum
1610 4121 1870 4187 omnino,
1899 4120 2079 4193 igitur

430 4209 624 4282 passio
654 4208 785 4279 ipsa
812 4224 926 4263 non
962 4210 1070 4263 fuit
1116 4225 1128 4262 :
1164 4207 1211 4263 si
1251 4209 1481 4263 nemine
1514 4208 1770 4279 patiente
1801 4209 1908 4264 fuit
1941 4227 2078 4281 pas-

427 4298 535 4366 sio,
569 4297 765 4369 opinio
796 4298 942 4363 fuit;
977 4297 1251 4369 opinione
1295 4296 1608 4352 salvamur.
1647 4298 1828 4370 Igitur
1858 4300 1926 4354 ad
1958 4300 2074 4355 Ma-

427 4387 683 4443 nichaeos
708 4386 1078 4460 confugistis.
1113 4390 1178 4440 Et
1202 4404 1307 4441 cur
1326 4388 1398 4442 ab
1431 4405 1630 4443 eorum
1662 4389 1899 4444 nomine
1921 4391 2076 4444 refu-

428 4476 587 4550 gitis,
621 4477 721 4549 qui
755 4493 854 4531 vos
888 4492 1196 4548 pravorum
1231 4481 1285 4531 et
1335 4476 1792 4532 intolerabilium
1835 4495 2076 4534 suorum

427 4565 771 4638 dogmatum
795 4564 1054 4620 heredes
1075 4564 1379 4620 manifeste
1396 4563 1614 4619 habent
1632 4566 1659 4618 Ἰ
1677 4564 1823 4620 Hinc
1840 4572 2081 4637 apparet

2180 3405 2241 3459 τὸ
2298 3400 2496 3465 ἀπαθές
2529 3421 2541 3434 ·
2597 3402 2631 3469 ἣ
2688 3398 3046 3472 Χριστιανοὺς
3129 3398 3485 3471 ὀνομάζεσθαι
3561 3395 3696 3450 κατὰ
3742 3390 3827 3445 τὸν

2185 3492 2440 3567 ὑμέτερον
2476 3491 2600 3564 ὅρον
2632 3493 3063 3562 νομοθετοῦντας
3094 3490 3157 3543 τὸ
3185 3490 3390 3557 autem;
3421 3486 3719 3563 Γνωρίσατε
3739 3501 3825 3559 φα-

2182 3587 2351 3658 νερῶς
2382 3583 2443 3649 ἣν
2490 3578 2645 3655 ἔχετε
2703 3576 2882 3649 δόξαν.
2917 3604 2946 3630 ‹‹
2979 3576 3187 3654 Καρδίᾳ
3234 3578 3336 3655 γὰρ
3394 3575 3701 3645 πιστεύεται
3753 3570 3823 3630 εἷς

2185 3669 2553 3739 δικαιοσύνην·
2589 3669 2815 3741 στόματι
2849 3665 2906 3722 δὲ
2936 3666 3289 3744 ὁμολογεῖται
3340 3667 3417 3728 είς
3477 3662 3765 3737 σωτηρίαν.
3795 3680 3820 3711 ο

2184 3759 2253 3816 Ei’
2284 3765 2360 3833 μή
2392 3758 2650 3821 πέπονθεν
2683 3758 2711 3812 ὁ
2742 3756 2936 3833 Λόγος,
2961 3756 3153 3812 οὐκοῦν
3186 3759 3221 3826 ἡ
3254 3756 3404 3832 σάρξ.
3431 3755 3495 3811 Εἰ
3532 3756 3607 3828 μή
3639 3754 3672 3821 ἡ
3706 3747 3824 3817 σὰρξ

2185 3851 2469 3920 πέπονθεν,
2532 3847 2726 3903 οὐκοῦν
2789 3846 2818 3901 ὁ
2879 3845 3068 3921 Λόγος.
3129 3846 3185 3901 Εἰ
3251 3842 3550 3921 μηδέτερον
3604 3839 3821 3905 τούτων,

2187 3939 2381 3996 οὐκοῦν
2441 3935 2582 3993 ἄλλο
2640 3936 2839 4011 τρίτον.
2874 3935 2937 3992 Εἰ
2988 3932 3156 4009 μηδὲν
3213 3932 3501 4008 μηδόλως,
3552 3932 3738 3987 οὐκοῦν
3768 3925 3822 3980 τὸ

2185 4030 2355 4091 πάθος
2414 4025 2475 4082 οὐ
2533 4027 2774 4102 γέγονεν.
2811 4024 2894 4092 Εἰ,
2950 4021 3186 4097 μηδενὸς
3236 4023 3520 4095 παθόντος,
3552 4023 3613 4077 τὸ
3667 4018 3823 4075 πάθος

2186 4120 2394 4196 γέγονε,
2456 4114 2681 4186 δόκησις
2757 4113 2983 4190 γέγονε·
3042 4110 3265 4185 δοκήσει
3324 4113 3630 4186 σωζόμεθα.
3693 4105 3821 4180 Πρὸς

2188 4206 2534 4285 Μανιχαίους
2582 4204 2775 4259 οὐκοῦν
2809 4201 3250 4276 ηὗτομολήσατε.
3288 4203 3384 4258 Καὶ
3444 4207 3563 4261 πῶς
3621 4196 3823 4276 φεύγετε

2184 4300 2285 4368 τὴν
2343 4295 2561 4351 ἐκείνων
2610 4291 3003 4370 προσηγορίαν,
3039 4295 3113 4346 ὧν
3163 4292 3437 4370 φαίνεσθαι
3497 4284 3822 4370 κληρονόμοι

2184 4394 2286 4457 τῆς
2341 4385 2623 4464 ἀφορήτου
2657 4369 3039 4452 κακοδοξίας
3072 4369 3231 4438 Οὕτω
3281 4380 3339 4436 δὲ
3397 4378 3670 4438 Ἰουδαίων
3714 4369 3822 4464 xei:

2189 4454 2318 4552 ρους
2376 4454 2695 4551 φανήσεσθε,
2726 4470 2815 4526 καὶ
2874 4469 3207 4546 Μανιχωὶων
3264 4470 3326 4526 οὐ
3374 4469 3584 4547 πόρρω.
3635 4463 3727 4520 Καὶ
3759 4454 3823 4552 -τί

2188 4550 2423 4639 λέγομεν
2456 4559 2733 4617 Ἰουδαίων
2791 4561 2882 4615 καὶ
2941 4558 3304 4635 Μανιχαίωνς
3342 4558 3518 4614 Αὐτοῦ
3564 4560 3659 4611 τοῦ
3705 4550 3819 4606 πάν-

427 4672 530 4711 vos
577 4660 635 4709 et
683 4655 908 4726 pejores
954 4654 1175 4709 Judaais
1216 4671 1365 4724 esse,
1417 4661 1474 4708 et
1516 4671 1549 4709 a
1581 4653 1917 4710 Maniohmis
1967 4673 2070 4711 nor

2190 4673 2298 4707 των
2333 4651 2552 4726 εὑρετοῦ
2581 4654 2686 4705 τῶν
2719 4654 2899 4705 κακῶν
2932 4653 3031 4704 τοῦ
3078 4653 3249 4704 ταῦτα
3297 4649 3423 4722 ὑμῖν
3482 4642 3821 4717 ὑποσπείραν-

431 4743 685 4799 multum
744 4743 969 4798 abesse.
1005 4742 1114 4797 Sed
1177 4743 1315 4813 quid
1380 4742 1636 4796 dicimus
1685 4743 1755 4797 de
1780 4742 1999 4799 Judaeis
2029 4751 2086 4800 et

431 4830 816 4887 Manichaeis?
849 4831 1053 4886 Vestra
1092 4830 1325 4902 longius
1360 4847 1668 4902 progressa
1699 4841 1784 4887 est
1812 4834 2080 4900 audacia,

432 4936 608 4994 quam
643 4919 804 4975 illius
836 4920 1153 4991 ipsius,qui
1186 4920 1378 4973 omnis
1412 4919 1551 4975 mali
1618 4926 1822 4977 auctor
1851 4928 1958 4991 est,
1982 4925 2080 4996 qui

431 5010 655 5066 occulte
706 5011 818 5065 ista
866 5010 1029 5065 vobis
1078 5010 1321 5064 inseruit
1369 5010 1610 5075 zizania,
1664 5012 1763 5081 qui
1812 5014 2087 5071 omnibus

433 5100 600 5156 bonis
648 5099 884 5165 invidet,
940 5098 1180 5154 diaboli.
1217 5098 1315 5152 Ille
1347 5098 1443 5151 ubi
1478 5100 1546 5153 ad
1592 5100 1909 5156 Jnrrianem
1942 5103 2084 5159 divi.

435 5206 570 5244 nam
604 5187 921 5245 Salvatoris
955 5188 1203 5260 gloriam
1237 5188 1796 5256 oonspexit,invidiae
1827 5191 2088 5248 stimulis

434 5278 712 5348 agitatus,
749 5295 861 5331 non
901 5292 1083 5332 ausus
1115 5282 1197 5331 est
1234 5277 1514 5331 tentando
1550 5277 1712 5347 prius
1763 5279 1957 5349 ipsum
1991 5298 2086 5350 ag-

434 5367 618 5441 gredi,
650 5383 828 5438 quam
866 5368 1016 5421 fame
1050 5365 1411 5420 laborantem
1462 5365 1624 5435 vidit,
1660 5383 1785 5437 quae
1816 5368 2091 5427 humanas

437 5456 796 5511 inﬁrmitatis
830 5459 966 5509 nota
983 5452 1350 5525 est.Agnovit
1382 5454 1489 5510 hoc
1519 5454 1755 5511 deitatis
1786 5459 2089 5530 proprium

509 5598 553 5633 ⁸⁸
583 5597 745 5653 Rom.
779 5615 835 5666 χ,
873 5598 958 5651 10.

2190 4763 2284 4805 τος
2342 4740 2408 4795 τὰ
2460 4741 2689 4808 ζιζάνια,
2724 4742 2817 4792 τοῦ
2873 4742 3198 4816 φθονοῦντος
3255 4743 3373 4799 τοῖς
3430 4736 3621 4797 καλοῖς
3677 4731 3820 4785 ἅπασι

2196 4825 2478 4897 διαϐόλου,
2498 4826 2947 4904 τολμηροτέρους
2980 4825 3204 4889 ἑαυτοὺς
3238 4827 3563 4903 ἀπεφήνατε.
3580 4824 3818 4878 Ἐκεῖκος.

2195 4919 2285 4975 ὅτε
2317 4915 2452 4974 εἶδεν
2486 4917 2573 4972 ἐπὶ
2601 4915 2698 4971 τοῦ
2733 4913 3009 4989 Ἰορδάνου
3038 4916 3135 4984 τὴν
3194 4920 3292 4970 τοῦ
3352 4922 3610 4991 Σωτῆρος
3665 4905 3816 4969 ἔνθεον

2197 5007 2376 5081 δόξαν,
2407 5007 2652 5083 κέντροις
2700 5010 2797 5061 τοῦ
2841 5004 3043 5080 φθόνου
3087 5004 3439 5078 νυσσόμενος,
3475 5004 3537 5058 οὗ
3584 4998 3815 5075 πρότερον

2197 5098 2474 5172 ἐτόλμησε
2502 5100 2864 5171 προσαγαγεῖν
2897 5096 2994 5163 τήν
3023 5099 3235 5171 πεῖραν,
3266 5090 3370 5157 ἕως
3403 5093 3464 5148 οὗ
3524 5090 3652 5148 εἶδεν
3705 5085 3811 5155 ἁψα-

2203 5190 2364 5263 μένην
2437 5187 2536 5254 τήν
2618 5191 2824 5257 πεῖναν,
2886 5183 3230 5258 ἀνθρωπίνης
3288 5180 3489 5245 ἐνδείας
3544 5179 3811 5263 γνώρισμα.

2199 5261 2368 5340 Οὗτος
2399 5271 2520 5351 ᾔδει
2549 5282 2649 5344 τῆς
2683 5274 2943 5345 θεότητος
2970 5274 3034 5329 τὸ
3067 5272 3263 5335 ἀπαθὲς
3290 5269 3434 5328 Ἕδιον
3480 5273 3568 5327 καὶ
3626 5261 3819 5351 ἀπείρα-

2199 5386 2345 5422 στον·
2381 5365 2536 5438 ὑμεῖς
2586 5361 2643 5419 δὲ
2701 5364 2801 5433 τήν
2861 5367 3045 5418 πεῖναν
3105 5369 3194 5417 καί
3250 5362 3347 5431 τήν
3410 5354 3695 5436 δίψαν,καῖ
3741 5348 3825 5438 δσεξ

2198 5459 2444 5523 τοιαῦτα,
2474 5455 2576 5522 τῆς
2650 5451 2909 5522 θεότητος
2966 5450 3133 5520 αὒτῆς
3192 5451 3566 5528 ἀποφαίνεσθε,
3607 5444 3691 5501 καὶ
3743 5454 3826 5491 του

516 5736 628 5803 (25)
657 5734 855 5806 Vulg.,
886 5739 1323 5808 προσποιεῖσθαι,
1356 5741 1421 5793 ut
1447 5741 1507 5793 et
1536 5739 1711 5810 paulo
1742 5739 1900 5797 infra
1926 5742 2064 5818 φανή

2182 5750 2254 5805 θαι
2284 5755 2390 5814 pro
2418 5737 2735 5816 φανήσεσθε.
2770 5742 2926 5794 EDl'r.
