4104 6354
255 377 403 433 13⁸17

997 369 1650 433 CONFU’I‘ATIONES
1700 369 1966 438 QUAHU
1981 371 2030 425 Μ
2043 366 2207 425 DAM
2260 368 2768 428 PROPOSITION
2781 369 2917 430 UM.

3510 373 3662 432 I318

252 507 480 578 σταυροῦ
527 503 589 556 τὸ
638 503 807 563 πάθος
867 501 1001 575 αὐτῇ
1060 505 1129 574 τῇ
1192 500 1408 569 θεότητι
1460 503 1641 576 σαφῶς
1670 493 1894 574 περιφέ-

2022 515 2162 564 asse,
2195 515 2306 552 non
2343 499 2485 569 pati,
2523 516 2636 553 non
2669 500 2901 554 tentari.
2934 500 3050 558 Vos
3103 505 3307 556 contra
3356 508 3413 556 et
3442 501 3658 558 famem

249 612 382 666 ρετε.
415 594 653 652 Ἐκεῖνος
700 589 768 644 δι’
822 585 1130 664 ὑπερϐολὴν
1182 588 1446 664 πονηρίας
1478 589 1566 642 ἀπ’
1598 586 1776 662 ἀρχῆς
1808 586 1901 639 ἀν-

248 680 626 755 θρωποκτόνος
677 679 1117 755 προσηγορεύθηο
1173 679 1323 751 ὑμεῖς
1371 675 1426 732 δὲ
1477 674 1545 730 δι’
1589 670 1896 747 ὑπερϐολὴν

160 838 168 844 _
246 777 346 837 τῆς
395 770 529 824 κατά
577 771 704 824 Θεὸν
756 768 1008 829 ἀπονοίας
1059 768 1372 828 θεοκτόνους
1420 766 1546 826 τοὺς
1606 761 1898 824 Ἰουδαίους

249 858 693 934 προσαγορεύετε·
745 859 834 911 καὶ
893 857 991 911 οὐκ
1045 856 1359 933 αἰσχύνεσθε
1411 854 1632 927 μείζονα
1671 851 1896 924 δύναμιν

249 954 345 1003 τοῦ
379 945 707 1002 διδασκάλου
739 953 846 1001 τῶν
877 947 1138 1001 τοιούτων
1173 944 1454 1005 Ἰουδαίοις
1482 949 1600 1004 τοῖς
1636 947 1899 1015 μαθηταῖς

251 1037 631 1109 ἀπονέμοντες·
666 1035 753 1089 καὶ
787 1036 920 1089 κατὰ
948 1037 1045 1103 τήν
1083 1033 1345 1111 ἔγγραφον
1379 1031 1705 1108 κατηγορίαν
1739 1029 1899 1105 γνόν-

245 1148 329 1187 τες
359 1128 451 1180 τὸν
485 1127 633 1192 Θεὸν,
668 1125 776 1199 οὐχ
807 1126 879 1186 ὡς
910 1125 1036 1179 Θεὸν
1073 1122 1339 1194 δοξάζετε.
1368 1121 1612 1191 Παθητὸν
1637 1120 1738 1195 γάρ
1764 1121 1896 1173 εἶναι

246 1237 342 1270 κατ
352 1216 683 1282 ασκευάζετε.

2011 593 2066 641 et
2097 588 2281 652 sitim,
2309 595 2365 642 et
2396 588 2444 642 si
2475 606 2588 659 qua
2621 589 2800 658 hujus
2833 590 3062 660 generis
3095 591 3209 644 alia
3261 595 3418 659 sunt,
3454 590 3657 645 deitati

2010 677 2118 746 ipsi
2155 677 2434 740 tribuitis,
2471 683 2528 731 et
2582 677 2769 732 eidem
2822 679 3022 732 deitati
3076 679 3409 749 passionem
3469 680 3660 734 crucis

2012 767 2318 819 manifeste
2348 765 2773 821 ascribitis.llle
2801 773 3036 838 propter
3053 784 3348 823 summam
3373 767 3662 822 malitiam

2011 854 2302 908 homicida
2326 855 2396 908 ab
2419 853 2588 909 initio
2615 855 2810 910 dictus
2836 862 2956 910 est:
2985 873 3084 910 vos
3107 862 3342 928 propter
3366 872 3668 912 summum

2008 945 2289 998 adversus
2325 951 2500 998 Deum
2539 945 2794 999 furorem
2826 944 3060 1000 Judzeos
3117 947 3211 1000 Dei
3259 947 3668 1001 interfectores

2008 1031 2201 1086 dicitis
2235 1050 2247 1086 :
2283 1049 2387 1087 nec
2421 1035 2702 1101 majorem
2729 1034 3050 1104 potentiam
3083 1033 3305 1088 Judaeis
3335 1033 3667 1104 discipulis,

2008 1138 2185 1190 quam
2222 1122 2480 1192 ipsorum
2518 1121 2799 1194 magistro
2817 1123 3048 1177 diabolo
3080 1123 3334 1196 tribuere
3367 1123 3667 1178 veremini:

2011 1210 2263 1280 denique
2297 1216 2359 1264 ut
2390 1210 2563 1265 habet
2592 1211 2900 1282 Scriptura:
2940 1212 3260 1280 accusatio,
3293 1229 3429 1269 cum
3486 1212 3670 1268 Deum

245 1306 541 1370 noveritis,
579 1312 773 1360 tamen
806 1310 870 1360 ut
900 1305 1085 1360 Deum
1120 1321 1234 1359 non
1261 1301 1622 1376 gloriﬁcatis.
1658 1298 1964 1355 Patibilem
1996 1298 2151 1354 enim
2185 1315 2318 1354 eum
2347 1316 2473 1354 esse
2504 1301 2876 1356 contenditis.

997 1459 1144 1508 XIII.

250 1546 416 1618 ΠρὸςΔ
467 1544 596 1605 τους
628 1615 640 1618 _
685 1543 997 1618 λέγονταςη
1057 1542 1140 1618 ὅτι
1219 1543 1306 1596 καὶ
1380 1539 1604 1618 ἄγγελοι
1642 1538 1749 1618 ,ἐπὶ
1807 1539 1898 1592 τὸν

319 1610 571 1705 ’Ἀβραὰμ
627 1609 892 1678 ἐσθίοντες
946 1609 1007 1669 οὐ
1067 1613 1283 1674 πάντως
1365 1609 1559 1682 σαρκὸς
1639 1609 1895 1688 ἐπέφερον

319 1708 495 1765 φυσιν.

323 1809 553 1865 Πολλῶν
585 1812 674 1865 καὶ
719 1815 970 1885 πονηρῶν
1019 1810 1412 1884 τεχνασμάτων
1465 1807 1746 1883 γεγονότες
1795 1826 1899 1860 πα-

2759 1452 2911 1506 ΧΙΙΙ.

2008 1538 2283 1611 Adversus
2311 1554 2398 1593 eos
2445 1541 2542 1610 qui
2581 1539 2792 1608 dicunt,
2834 1542 3058 1608 angelos
3109 1542 3260 1611 apud
3298 1540 3674 1596 Abrahamum

2115 1610 2347 1676 edentes,
2378 1613 2562 1666 carnis
2604 1621 2870 1667 naturam
2899 1628 3011 1667 non
3042 1610 3266 1668 omnino
3297 1612 3565 1668 induisse.

2080 1806 2200 1861 Etsi
2238 1805 2555 1862 multorum
2609 1808 3020 1880 malorumque
3075 1813 3539 1866 commentorum
3572 1827 3676 1881 pa-

242 1900 414 1975 τὲρες,
450 1900 498 1954 oi
531 1900 596 1953 τὰ
626 1899 819 1953 αἰώνια
851 1899 974 1972 ὅρια
998 1904 1106 1952 τῶν
1149 1897 1417 1970 ἐνθέσμων
1476 1896 1723 1970 πατέρων
1782 1916 1905 1967 μετ-

2022 1901 2133 1949 tres
2165 1897 2298 1950 facti
2333 1901 2491 1951 sunt.
2527 1899 2626 1969 qui
2662 1903 2975 1969 perpetuos
2997 1898 3394 1970 legitimorum
3431 1904 3668 1972 patrum

247 1996 372 2064 ἆραι
428 1987 930 2062 φιλονεικήσαντες,
1002 1987 1099 2041 οὐκ
1172 1985 1505 2060 ἠρκέσθησαν
1564 1991 1680 2046 τοῖς
1743 1982 1903 2045 ίδίοις

246 2077 514 2151 ἐκγόνοις
549 2077 675 2132 ἀλλ’
711 2075 785 2132 ἔτι
819 2079 906 2131 καὶ
938 2081 1045 2130 τῶν
1077 2075 1249 2130 πάλαι
1279 2074 1562 2146 πολεμίων
1613 2081 1713 2142 τῆς
1765 2073 1904 2127 ἀπο-ο

247 2165 510 2234 στολικῆς
585 2165 910 2235 Ἐκκλησίας
972 2161 1360 2240 ἀμϐλωθρίδια
1424 2162 1654 2237 δυσγενῆ
1723 2166 1905 2223 κακῶς

245 2253 676 2327 ἀποκλέψαντες,
729 2255 804 2315 ὡς
856 2255 1049 2328 εὐγενῆ
1095 2254 1182 2308 καὶ
1229 2252 1437 2307 τέλειον
1493 2253 1650 2306 τόκον
1700 2249 1904 2327 δογμά-

238 2366 350 2398 των
428 2338 859 2417 προϐάλλονται,
932 2343 1021 2396 καὶ
1095 2340 1163 2396 δι’
1222 2342 1395 2396 αὐτῶν
1455 2343 1522 2395 τά
1583 2340 1902 2415 Μανιχαίων

241 2435 380 2501 ἡμῖν
434 2431 780 2503 ἐπισείουσιν,
833 2432 906 2493 ὡς
961 2431 1048 2485 ἐπὶ
1093 2429 1192 2485 τοῦ
1241 2426 1495 2505 Ἀϐραὰμ
1541 2429 1806 2505 ἀγγέλους
1836 2432 1904 2501 τῇ

247 2520 418 2591 οἰκείᾳ
493 2521 648 2597 φῦσει
719 2528 928 2598 τροφῆς
993 2520 1386 2595 μετεσχηκέναι
1466 2519 1903 2594 τερατευόμενοι,

245 2613 337 2664 καὶ
367 2611 466 2677 τὴν
502 2609 731 2679 θεότητα
760 2616 856 2663 τοῦ
889 2609 1158 2663 Δεσπότου
1205 2613 1436 2684 Χριστοῦ
1484 2610 1621 2662 κατὰ
1669 2608 1758 2660 τὸν
1811 2607 1902 2659 αὐ-

248 2700 343 2752 τὸν
373 2698 576 2772 τρόπον
612 2697 740 2774 δίχα
773 2699 967 2774 σαρκὸς
999 2699 1204 2774 τροφὴν
1255 2698 1344 2752 καὶ
1396 2697 1561 2751 ποτὸν
1622 2695 1905 2770 εἰληφέναι

248 2790 698 2866 ἀποφαινόμενον
754 2791 926 2845 καίτοι
985 2797 1085 2859 τῆς
1138 2790 1292 2864 ἁγίας
1347 2797 1562 2866 Γραφῆς
1596 2789 1656 2843 οὐ
1707 2792 1776 2862 τῇ
1809 2789 1906 2864 ιῨύ-

251 2901 333 2933 σει
362 2884 522 2933 τοῦτο
583 2887 927 2953 γεγενῆσθαι,
974 2883 1043 2953 τῇ
1096 2877 1152 2933 δὲ
1198 2877 1290 2952 ὄψι
1337 2879 1474 2951 μόνῃ
1532 2883 1712 2955 σαφῶς
1772 2897 1906 2951 παρ-

257 2968 515 3037 ιστώσης.
576 2968 639 3022 Ei
698 2968 801 3044 γὰρ
859 2969 924 3036 ἦν
987 2968 1137 3046 φύσει
1168 2969 1235 3022 τὰ
1264 2968 1546 3043 γινόμενα,
1612 2964 1716 3021 ἔδει
1779 2965 1907 3026 τους

245 3062 398 3133 τρεῖς
477 3056 712 3118 ἐκείνους
783 3055 976 3133 ἄνδρας
1058 3056 1439 3129 ὀνομάζεσθαι,
1519 3060 1551 3126 ἢ
1641 3053 1907 3132 ἀγγέλους

249 3145 749 3221 προσαγορεύεσθαι
781 3145 948 3217 (πολὺ
1005 3147 1105 3221 γὰρ
1163 3151 1267 3199 τῶν
1329 3143 1424 3199 δύο
1457 3151 1624 3219 γενῶν
1674 3145 1736 3199 τὸ
1788 3141 1906 3197 διά-

255 3247 474 3312 φορον)·
542 3234 616 3296 ὣς
686 3231 879 3307 ἄνδρας
943 3236 1036 3307 μὶν
1097 3231 1273 3301 ὄντας,
1337 3233 1507 3307 μηδὲν
1568 3234 1703 3288 κατὰ
1751 3233 1982 3334 φύσινϐ

264 3323 278 3334 .
391 3323 407 3334 .
491 3324 502 3334 .
607 3323 618 3334 .
700 3321 773 3334 κ.
1091 3325 1103 3334 .
1191 3323 1229 3334 ..
1399 3321 1437 3334 κ.
1526 3318 1548 3334 ,μ
1886 3322 1899 3334 .

253 3323 541 3397 ἀγγελικὸν
604 3321 1018 3387 ἐπιδείκνυσθαι·
1081 3323 1341 3400 ἀγγέλους
1395 3321 1452 3378 δὲ
1523 3318 1702 3389 ὄντας,
1772 3322 1910 3376 κατὰ

258 3409 429 3484 μηδὲν
489 3411 656 3484 μέλος
717 3414 1024 3485 σωματικὸν
1086 3415 1174 3467 καὶ
1245 3412 1635 3490 ἐπιφαίνεσθαι,
1697 3411 1783 3466 οἶα
1843 3407 1909 3478 δὴ

249 3500 553 3571 πνεύματα.
633 3505 758 3562 Πῶς
835 3502 923 3555 οὖν
1003 3499 1244 3556 διδόασιν
1321 3501 1505 3563 αὐτοῖς
1564 3501 1700 3554 κατὰ
1756 3498 1910 3576 φύσιν

246 3591 489 3666 τροφὴν,
523 3590 598 3651 ὡς
649 3587 907 3662 ἀνδράσι;
975 3588 1202 3652 Ψευδῶς
1259 3590 1436 3644 τοίνυν
1497 3587 1720 3664 ἄγγελοι
1784 3609 1916 3661 μνη-

256 3678 579 3752 μονεύοντα.
649 3677 799 3734 Ἀλλ’
864 3679 937 3740 ὡς
997 3679 1290 3755 ἀγγέλοις;
1351 3679 1439 3734 καὶ
1509 3679 1590 3740 τίς
1662 3676 1917 3751 μετουσία

265 3767 542 3838 πνεύμασι
597 3775 804 3845 τροφῆς
884 3767 1188 3838 αἱσθητῆς;
1249 3770 1283 3837 ἢ
1341 3770 1486 3844 τάχα
1547 3764 1916 3841 μυθολογοῦσι

262 3855 518 3918 καὶτοὺς
571 3854 834 3932 ἀγγέλους
887 3857 1397 3932 ὲνανθρωπήσαντας
1446 3862 1780 3929 σωματικοῖς
1833 3855 1920 3930 ὀρ-

262 3945 457 4021 γάνοις
530 3943 835 4001 ἀπολαῦσαι
912 3951 1234 4018 σωματικῶν
1317 3943 1664 4018 ἐδεσμάτων;
1745 3944 1802 3999 Ei
1863 3941 1921 3997 δὲ

265 4029 749 4107 μεταϐαλλόμενοι
814 4040 987 4108 φαῖεν,
1050 4032 1340 4104 ἐνδείξεως,
1396 4034 1457 4088 οὐ
1508 4033 1736 4111 φύσεως,
1788 4032 1917 4087 εἶναι

257 4125 366 4193 τὴν
424 4123 684 4199 εὐωχίαν,
743 4125 953 4185 πάντως
1086 4123 1498 4197 καταλείψουσιν
1550 4124 1625 4185 ὡς
1657 4121 1915 4177 ἀνοίκειον

256 4213 330 4270 τὸ
380 4210 748 4288 παράδειγμα,
808 4214 842 4281 ἢ
894 4212 980 4267 ἐπὶ
1034 4218 1131 4268 τοῦ
1191 4220 1449 4287 Σωτῆρος
1483 4211 1770 4290 φαντασίαν
1806 4210 1918 4266 ἀντὶ

255 4310 366 4372 τῆς
420 4300 680 4372 ἀληθείας
758 4302 1130 4378 ἐπεισάγοντες
1190 4303 1587 4378 εὸρεθήσονται.
1658 4305 1778 4362 Πῶς
1827 4297 1916 4354 οὖν

258 4389 546 4464 τολμῶσιν
599 4388 797 4459 ἕλκειν,
841 4391 913 4453 ὡς
965 4391 1156 4464 ὅμοιον
1190 4393 1252 4446 τὸ
1293 4391 1588 4464 άνόμοιον;
1623 4390 1682 4444 Τί
1736 4389 1915 4444 κοινὸν

257 4477 385 4556 ἔχει
442 4481 577 4555 πρὸς
631 4481 731 4548 τήν
795 4477 1038 4554 μεγάλην
1099 4481 1298 4550 ταύτην
1345 4479 1659 4552 οἰκονομίαν
1692 4481 1726 4548 ἡ
1789 4477 1922 4532 κατὰ

254 4569 392 4630 τοὺς
423 4567 693 4643 ἀγγέλους
725 4568 776 4623 ἐν
827 4571 1104 4643 σχήμασιν
1159 4570 1403 4645 inopia;
1455 4571 1543 4637 Μὴ
1603 4568 1917 4647 φαίνονται;

2019 1985 2163 2039 Iines
2199 1986 2512 2040 transferre
2545 1991 2683 2040 sunt
2723 1986 2935 2056 conati,
2971 2003 3083 2041 non
3117 1987 3261 2041 satis
3308 1991 3449 2041 sunt
3474 1992 3673 2042 tamen

2016 2073 2160 2144 ipsis
2194 2073 2344 2128 fetus
2374 2075 2594 2146 proprii
2631 2092 2643 2129 :
2679 2075 2776 2129 sed
2829 2075 2980 2130 male
3026 2076 3270 2146 insuper
3317 2075 3674 2130 sufferentes

2016 2178 2216 2217 eorum
2267 2163 2367 2234 qui
2420 2181 2480 2217 se
2553 2163 2686 2218 olim
2755 2165 3085 2235 apostolicae
3155 2163 3421 2219 Ecclesiae
3473 2164 3672 2220 hostes

2017 2251 2263 2321 professi
2300 2258 2456 2307 sunt:
2490 2253 2778 2323 ignobiles
2821 2254 2974 2306 fetus
3024 2253 3339 2320 abortivos,
3391 2269 3489 2307 eos
3539 2259 3672 2308 tan-

2018 2355 2196 2410 quam
2228 2355 2581 2410 generosum
2613 2345 2669 2395 et
2701 2340 3019 2410 perfectum
3053 2342 3398 2412 dogmatum
3433 2346 3668 2412 partum

2020 2431 2342 2498 proterunt,
2374 2445 2591 2500 perque
2624 2428 2754 2484 illos
2779 2430 3231 2484 Manichaeorum
3257 2431 3470 2501 dogma
3504 2431 3673 2484 nobis

2017 2516 2288 2570 nituntur
2341 2519 2611 2584 excitare,
2667 2519 3116 2573 commiscentes
3165 2518 3404 2589 angelos
3455 2520 3554 2590 qui
3586 2519 3672 2573 di-

2015 2609 2308 2660 verterunt
2340 2607 2410 2660 ad
2444 2607 2815 2661 Abrahanum
2865 2608 3099 2678 propria
3152 2613 3359 2662 natura
3407 2625 3515 2663 sua
3565 2607 3673 2662 ali-

2018 2694 2200 2749 menti
2237 2696 2421 2749 factos
2458 2697 2637 2749 fuisse
2662 2695 2999 2767 participes,
3031 2701 3087 2751 et
3121 2696 3239 2766 pari
3290 2699 3462 2751 modo
3493 2699 3674 2752 deita-

2021 2787 2136 2836 tem
2174 2782 2402 2837 Domini
2437 2783 2647 2839 Christi
2673 2784 2895 2854 absque
2929 2801 3100 2839 carne
3131 2785 3326 2840 cibum
3355 2791 3679 2856 potumque

2023 2872 2350 2942 sumpsisse
2373 2889 2477 2927 con
2491 2874 2791 2928 firmantes
2816 2890 2827 2926 :
2864 2873 2998 2927 licet
3020 2874 3322 2946 Scriptura
3349 2891 3534 2942 sacra,
3556 2891 3672 2929 non

2021 2961 2366 3016 naturaliter
2396 2963 2494 3016 sed
2540 2967 2890 3034 apparenter
2935 2962 3307 3017 solummodo
3341 2963 3394 3017 id
3433 2964 3671 3031 factum,

2020 3053 2234 3107 diserte
2267 3053 2705 3124 comprobante.
2733 3053 2790 3107 Si
2823 3055 2977 3107 enim
3014 3052 3356 3108 naturaliter
3379 3053 3490 3108 ista
3525 3055 3678 3109 facta

2021 3147 2156 3194 sunt
2197 3147 2422 3212 oportet
2479 3146 2597 3196 tres
2649 3140 2782 3196 illos
2832 3146 2932 3196 aut
2982 3142 3135 3196 viros
3205 3141 3519 3209 nominari,
3571 3147 3675 3198 aut

2022 3229 2258 3301 angelos
2292 3232 2619 3301 nuncupari
2674 3230 2952 3301 (multum
3004 3231 3161 3285 enim
3203 3230 3355 3286 inter
3393 3232 3508 3286 duo
3557 3233 3676 3287 hinc

2021 3335 2234 3390 genera
2264 3324 2352 3372 est
2395 3318 2775 3386 discriminis)
2825 3319 2931 3374 etsi
2988 3319 3227 3390 quidem
3277 3320 3381 3373 viri
3434 3321 3677 3391 fuerint,

2023 3406 2168 3461 nihil
2202 3408 2355 3478 quod
2389 3407 2459 3461 ad
2518 3411 2786 3461 naturam
2831 3407 3156 3477 angelicam
3205 3407 3510 3462 ostendere
3539 3425 3552 3475 ;
3585 3407 3677 3463 sin

2025 3494 2237 3567 angeli,
2291 3494 2451 3550 nullo
2497 3511 2772 3566 corporeo
2841 3497 3104 3550 membro
3153 3512 3311 3550 more
3356 3496 3676 3566 spirituum

2025 3601 2304 3655 apparere
2337 3583 2465 3638 illos
2496 3585 2773 3656 oportuit.
2801 3584 3101 3647 Quomodo
3129 3585 3308 3656 igitur
3335 3583 3529 3639 cibum
3564 3584 3681 3641 illis

2027 3676 2191 3729 daret
2220 3676 2544 3729 secundum
2580 3681 2850 3728 naturam
2882 3675 2909 3727 ?
2938 3675 3200 3744 nunquid
3230 3679 3292 3728 ut
3316 3673 3456 3728 viris
3476 3674 3503 3728 ?
3534 3673 3679 3730 falso

2028 3764 2207 3835 igitur
2236 3763 2425 3834 angeli
2459 3763 2640 3818 fuisse
2675 3769 3095 3818 memorantur.
3150 3762 3424 3832 Nunquid
3479 3770 3542 3817 ut
3573 3780 3676 3818 an-

2027 3853 2216 3924 gelis?
2244 3869 2428 3923 ecqua
2457 3852 2763 3923 Spiritibus
2791 3868 2924 3906 cum
2954 3851 3217 3906 sensibili
3249 3851 3376 3906 cibo
3409 3855 3498 3907 est
3519 3869 3678 3907 com-

2035 3941 2233 3996 munio
2267 3941 2294 3993 ‘7
2331 3943 2442 3994 nisi
2481 3941 2622 3995 forte
2655 3947 2711 3994 et
2741 3940 2979 4008 angelos
3016 3940 3278 3996 homines
3330 3940 3513 3995 factos
3545 3958 3674 3996 cor-

2031 4028 2327 4100 poralibus
2357 4030 2594 4099 organis
2643 4029 2769 4083 cibo
2821 4029 3106 4100 corporali
3153 4029 3268 4084 frui
3312 4029 3675 4084 fabulantur.

2030 4119 2089 4173 Si
2121 4121 2349 4172 mutata
2379 4116 2670 4172 sententia
2691 4117 2967 4183 dixerint,
3004 4135 3116 4172 non
3165 4134 3365 4174 revera
3395 4123 3453 4172 et
3501 4123 3674 4173 natu-

2031 4207 2246 4276 raliter,
2271 4206 2372 4262 sed
2407 4210 2755 4276 apparenter
2807 4207 2944 4260 istos
2990 4206 3263 4276 epulatos
3316 4206 3497 4262 fuisse
3533 4223 3544 4261 :
3579 4212 3680 4262 aut

2029 4295 2369 4365 relinquant
2398 4299 2624 4366 oportet
2653 4294 2983 4366 exemplum
3029 4295 3367 4366 angelorum
3403 4299 3467 4348 ut
3516 4311 3680 4365 pere-

2029 4385 2289 4457 grinum,
2316 4383 2491 4437 autin
2518 4382 2834 4450 Salvatore,
2861 4383 2984 4437 loco
3008 4383 3285 4449 veritatis,
3311 4383 3680 4454 phantasiam

2029 4474 2305 4528 indncere
2354 4472 2808 4544 comperiantur.
2864 4473 2987 4537 Qua
3035 4471 3216 4542 igitur
3265 4471 3454 4528 fronte
3503 4471 3680 4527 dissi-

2032 4561 2167 4618 mile
2196 4566 2480 4631 tanquam
2530 4561 2722 4616 simile
2773 4561 2841 4615 ad
2890 4560 3185 4616 Christum
3243 4561 3462 4616 audent
3492 4562 3683 4617 detor-

255 4657 438 4726 πύτε;
470 4657 504 4726 ἢ
560 4662 699 4725 ποῢ;
733 4657 766 4725 ἢ
801 4657 946 4731 παρὰ
973 4657 1117 4719 τίνος
1150 4644 1468 4733 ἐτέχθησαν,
1523 4658 1595 4719 ὡς
1617 4644 1671 4710 ”ὁ
1723 4655 1908 4711 Δεσπό-

2026 4651 2233 4723 quere?
2263 4651 2410 4713 Quid
2443 4666 2576 4704 cum
2597 4650 3222 4720 stupendamconomia
3244 4655 3418 4722 atque
3444 4651 3666 4722 dispen-

254 4768 365 4817 της
416 4747 682 4823 Χριστός;
718 4749 804 4814 Μὴ
856 4748 964 4825 ἀφῇ
1013 4747 1147 4801 κατὰ
1202 4748 1293 4800 τὸν
1358 4745 1467 4802 ἴσον
1532 4742 1915 4817 ὑπεϐλήθησαν

259 4835 508 4908 τρόπον;
562 4836 649 4904 Μὴ
709 4837 1012 4911 περιτομήν
1075 4832 1361 4905 ἐδέξαντο;
1426 4837 1502 4907 μὴ
1560 4837 1843 4910 προκοπὴν
1877 4836 1911 4904 ἢ

260 4919 489 4991 αὔξησιν
569 4919 943 4992 ἐπεδείξαντος
1047 4923 1123 4994 μὴ
1210 4921 1591 4990 νηστεύσαντες

260 5003 585 5070 ἐπείνασαν;
651 5005 725 5075 μὴ
767 5002 1119 5063 κοπιάσαντες
1169 5002 1219 5072 ἐξ
1270 4999 1586 5076 ὁδοιπορίας
1618 4999 1913 5075 ἐδίψησαν;

263 5093 346 5164 μὴ
377 5092 469 5146 τὸν
517 5091 681 5146 ὕπνον
732 5093 804 5153 ὡς
866 5092 1063 5146 οἰκεῖον
1108 5091 1440 5168 ἐγνώρισαν;
1477 5092 1552 5164 μὴ
1587 5096 1776 5166 πεῖραν
1809 5111 1916 5162 μα-

255 5181 461 5255 στίγων
496 5176 690 5236 ἔλαϐον
721 5201 733 5249 ;
775 5183 848 5252 μὴ
886 5179 1115 5246 θανάτου
1147 5179 1545 5254 παραπλησίως
1586 5180 1912 5256 ἐγεύσαντο;

255 5271 341 5342 μή
401 5274 546 5348 ταφῇ
603 5267 1015 5347 παρεδόθησαν;
1083 5272 1157 5343 μή
1212 5268 1531 5344 κατέλειψαν
1593 5269 1782 5342 ἱμάτια
1837 5269 1912 5330 εἰς

249 5359 508 5422 πολλοὺς
570 5361 919 5436 μεριζόμενα,
982 5359 1304 5416 διδάσκοντα
1361 5363 1430 5432 τῇ
1494 5361 1675 5437 πείρᾳ,
1741 5358 1911 5434 μηδὲν

248 5454 398 5504 νοεῖν
452 5449 587 5504 κατὰ
635 5448 878 5520 δόκησιν,
916 5449 1060 5506 ἀλλὰ
1101 5450 1272 5504 πάντα
1329 5451 1446 5504 καθ’
1503 5449 1791 5505 ὑπόστασιν
1824 5448 1912 5504 καὶ

251 5537 560 5609 ἀλήθειαν;
596 5539 660 5596 Ei
722 5539 824 5614 γὰρ
875 5536 1096 5610 δοκήσει
1153 5538 1313 5612 σῶμα
1369 5542 1537 5615 εἴχειν
1579 5539 1607 5592 ὁ
1656 5539 1910 5614 Χριστὸς,

335 5692 472 5764 (25')
499 5695 679 5761 Forte,
707 5693 874 5749 visio.

1696 4920 1942 4996 ὕστερον.

2033 4742 2260 4796 satione
2311 4755 2625 4794 commune
2678 4738 2855 4793 habet
2909 4739 3010 4794 illa
3069 4738 3412 4812 angelorum
3463 4739 3681 4794 visibili

2030 4829 2221 4900 specie
2252 4829 2660 4899 apparentium
2680 4828 3684 4901 historia(25')?Conspiciunturne?

2030 4917 2295 4988 quando?
2328 4923 2428 4971 aut
2461 4917 2590 4971 ubi?
2612 4922 2713 4972 aut
2744 4935 2810 4972 ex
2844 4935 2961 4988 qua
2993 4919 3111 4972 nati
3132 4923 3363 4988 sunt,ut
3393 4918 3680 4974 Dominus

2027 5007 2339 5061 Christus?
2374 5006 2514 5060 Eum
2547 5007 2749 5060 eodem
2784 5005 2865 5060 illi
2890 5007 3063 5062 modo
3082 5007 3260 5062 tactui
3282 5008 3517 5062 fuerunt
3539 5008 3679 5063 sub-

2018 5095 2160 5164 jecti
2183 5095 2210 5148 ‘7
2242 5094 2393 5148 Num
2426 5094 2762 5149 circumcisi
2815 5095 3004 5149 sunt?
3035 5112 3109 5150 an
3161 5095 3531 5166 profecerunt
3579 5099 3683 5151 aut

2027 5190 2332 5240 creverunt
2359 5183 2386 5239 ?
2419 5201 2556 5238 num
2589 5201 2721 5240 cum
2747 5185 3138 5256 jejunassent,
3191 5186 3430 5240 tandem
3459 5185 3678 5240 erurie-

2028 5273 2214 5330 runt?
2247 5289 2387 5327 num
2423 5273 2574 5328 508
2621 5290 2688 5328 ex
2739 5273 2943 5328 itinere
2997 5273 3131 5328 fessi
3183 5273 3502 5328 sitierunt?
3538 5290 3678 5328 num

2026 5360 2352 5416 naturalem
2388 5376 2661 5414 somnum
2687 5362 2904 5430 experti
2947 5359 3128 5415 sunt?
3161 5377 3300 5414 num
3335 5359 3527 5429 ﬂagris
3546 5369 3679 5422 caesi

2025 5453 2209 5506 sunt?
2241 5465 2382 5502 num
2417 5449 2616 5503 eodem
2651 5463 2766 5518 quo
2817 5446 2912 5502 ille
2968 5449 3138 5503 modo
3181 5453 3431 5503 mortem
3474 5455 3681 5520 gusta-

2025 5537 2347 5594 runtinum
2365 5535 2679 5606 sepultura:
2703 5539 2845 5592 sunt
2866 5536 3068 5590 traditi
3090 5537 3116 5590 ‘2
3147 5553 3290 5591 num
3315 5536 3683 5608 reliquerunt
