4104 6364
424 421 578 484 i379

1583 410 1650 472 S.
1693 403 2212 470 ATHANASIUS.
2247 435 2325 448 —
2362 394 2672 464 SPURIA.

3673 395 3816 463 1380

422 554 772 612 vestimenta
812 551 964 605 inter
1018 547 1216 621 plures
1267 545 1585 601 distributa
1615 543 1641 597 τ
1674 559 1800 614 quae
1857 554 2067 610 magno

2189 532 2365 610 ὥσπερ
2398 531 2616 603 δοκήσει
2651 540 2845 608 σχῆμα
2875 530 3084 608 ἀνδρῶν
3117 532 3174 587 οἱ
3219 529 3466 608 ἄγγελοι,
3526 527 3630 584 ἔδει
3685 527 3813 603 μηδὲ

425 645 772 717 argumento
819 643 976 705 sunt,
1029 636 1175 692 nihil
1222 637 1278 691 in
1325 635 1556 692 Christo
1607 629 2068 704 phantasticum.

421 714 560 788 vera
589 735 783 786 autem
816 734 872 783 et
911 724 1324 782 substantialia
1344 724 1543 779 omnia
1580 719 1975 790 intelligenda.
2010 714 2068 768 Si

425 821 578 877 enim
612 825 678 874 ut
708 816 899 889 angeli
940 816 1197 871 virorum
1230 814 1484 888 speciem
1535 809 1807 882 opinione
1864 805 2069 860 indue-

427 913 582 978 runt,
631 907 713 960 ita
761 903 1032 960 Christus
1092 901 1366 974 Opinione
1413 915 1625 970 corpus
1672 895 1920 950 habuit:
1955 907 2069 945 non

426 999 742 1070 potuerunt
770 993 951 1048 videri
996 997 1053 1048 et
1099 989 1279 1046 tactui
1327 986 1535 1060 subjici
1581 984 1925 1039 vestimenta
1959 980 2071 1034 Do-

426 1067 1100 1154 mini,quemadmodum
1124 1096 1228 1134 nec
1253 1077 1595 1151 angelorum
1631 1081 1782 1127 mole
1814 1067 2072 1140 corporis

427 1173 908 1238 carentium.Quo
942 1169 1125 1242 igitur
1154 1172 1322 1242 pacto
1353 1184 1444 1222 res
1479 1167 1629 1220 inter
1660 1180 1722 1218 se
1753 1157 2074 1216 dissimiles

426 1265 802 1337 impudenter
829 1263 1158 1328 conferunt,
1178 1266 1236 1315 et
1265 1276 1392 1331 quas
1422 1256 1602 1313 tantis
1625 1254 1905 1309 distincta
1937 1253 2076 1303 sunt

428 1356 619 1410 modis
649 1355 1002 1424 conjungere
1033 1355 1323 1407 conantur
1357 1352 1379 1404 Ρ
1409 1350 1526 1420 Age
1542 1362 1675 1401 vero
1705 1343 1880 1398 verba
1925 1339 2076 1394 inter

429 1461 492 1501 se
542 1449 740 1498 nostra
789 1447 846 1497 et
900 1440 1132 1496 illorum
1181 1438 1574 1498 conferamus.
1630 1435 1746 1490 Nos
1795 1431 2072 1492 dicimus,

430 1533 740 1590 Dominum
768 1548 900 1587 vere
948 1533 1273 1590 secundum
1325 1544 1557 1588 carnea
1612 1522 1962 1586 comedisse.
1994 1518 2077 1576 sic

429 1624 667 1695 quidem
697 1622 807 1676 hoc
837 1621 999 1676 omni
1029 1621 1187 1676 carni
1223 1619 1525 1692 proprium
1563 1634 1576 1684 ;
1611 1614 1698 1670 illi
1731 1614 1938 1669 dicunt
1966 1626 2078 1664 an-

428 1711 590 1785 gelos
643 1710 990 1777 comedisse,
1043 1709 1337 1780 siquidem
1381 1713 1522 1762 tunc
1573 1720 1696 1759 rem
1740 1698 2076 1772 huiusmodi

430 1798 775 1874 angelorum
815 1805 1030 1860 natura
1076 1798 1334 1855 admisit.
1380 1801 1498 1854 Nos
1545 1791 1958 1865 experientiam
1989 1793 2076 1846 tc-

430 1899 580 1950 stem
613 1892 937 1958 habemus;
963 1889 1049 1944 illi
1079 1895 1136 1944 et
1168 1889 1459 1945 rationum
1491 1891 1548 1942 et
1590 1885 1876 1942 factorum
1914 1877 2078 1936 testi-

432 1981 628 2042 monio
661 1980 1084 2036 destituuntur.
1114 1976 1232 2036 Nos
1262 1976 1380 2034 illis
1411 1980 1468 2034 et
1498 1976 1712 2032 famem
1743 1979 1795 2026 el
1828 1969 1988 2030 sitim
2011 1983 2081 2024 ex

432 2070 666 2126 Litteris
696 2067 880 2124 sacris
910 2065 1263 2138 proferimus
1289 2089 1304 2133 ε
1335 2065 1418 2120 illi
1458 2068 1733 2121 neutrum
1767 2060 1977 2118 horum
2006 2055 2080 2116 de

431 2157 656 2230 angelis
687 2161 935 2229 possunt
963 2156 1386 2212 demonstrare.
1418 2153 1534 2209 Nos
1558 2149 1843 2218 membra,
1877 2161 2081 2203 secun-

431 2249 574 2304 dum
597 2261 971 2302 communem
1003 2243 1310 2300 hominum
1360 2241 1765 2298 formationem
1795 2255 1809 2294 :
1842 2234 1926 2290 illi
1971 2250 2081 2290 uav

427 2341 624 2393 turam
673 2334 1037 2406 angelorum,
1091 2349 1268 2404 quam
1337 2331 1605 2389 membra
1643 2329 1860 2388 habere
1907 2338 2079 2380 nemo

429 2425 743 2498 quisquam
775 2441 956 2480 ausus
982 2423 1160 2478 fuerit
1187 2419 1776 2478 afﬁrmare.Membra
1806 2418 2002 2472 autem
2030 2411 2080 2468 si

427 2518 650 2581 desint,
680 2513 782 2585 qui
813 2518 903 2569 est
945 2513 1103 2583 quod
1150 2510 1578 2568 nulrimentum
1618 2503 1907 2578 recipiat?
1938 2500 2078 2572 quid

427 2606 584 2676 quod
618 2605 982 2662 comminuet
1005 2601 1034 2657 ‘I
1062 2603 1203 2674 quid
1235 2603 1390 2675 quod
1424 2601 1653 2672 digerat
1674 2598 1702 2654 ?
1731 2595 1873 2668 quid
1921 2591 2080 2663 quod

426 2693 728 2752 retineat?
766 2692 906 2764 quid
956 2693 1113 2764 quod
1155 2691 1588 2748 concoctionem
1611 2683 1912 2761 perﬁciet?
1935 2680 2077 2752 quid

429 2785 585 2858 quod
615 2783 861 2855 reliqua,
894 2800 1022 2856 quas
1053 2783 1294 2840 honoris
1323 2799 1503 2838 causa
1540 2785 1700 2836 taceo
1722 2777 1749 2832 Ἰ
1779 2772 2075 2840 Quemad-

2178 627 2276 678 τοῦ
2335 622 2531 699 Κυρίου
2592 619 2824 700 φανῆναί
2881 642 2939 676 τε
2994 621 3083 676 καὶ
3135 623 3243 699 ἁφῇ
3293 614 3813 692 ὑποϐληθῆναιὶμάο

2179 733 2286 783 τια,
2330 712 2566 786 καθάπερ
2625 710 2712 764 ἐπὶ
2769 714 2875 763 τῶν
2936 710 3240 782 ἀσωμάτων
3301 706 3549 784 ἀγγέλων
3603 705 3810 784 ἐγένετο.

2184 805 2303 862 Πῶς
2334 801 2424 856 οὗν
2457 800 2520 855 τὸ
2555 797 2724 874 μηδὲν
2769 798 2944 860 ἐοικὸς
2988 798 3160 854 ἐκεῖνο
3207 802 3286 870 τῷ
3324 798 3664 873 προκειμένῳ
3709 796 3812 852 ἐπι-

2182 888 2430 967 φέρουσιν
2461 886 2718 957 ἀναιδῶς,
2757 888 2845 942 καὶ
2896 887 3178 944 συνάπτειν
3228 891 3522 963 πειρῶνται
3579 887 3644 940 τὰ
3694 887 3815 941 κατὰ

2182 980 2477 1040 τοσούτους
2506 977 2742 1051 τρόπους
2786 974 3258 1053 παρηλλαγμένα;
3321 976 3420 1029 Καὶ
3470 976 3811 1048 σκοπήσωμεν

2183 1068 2244 1122 ἐκ
2272 1065 2638 1143 παραλλήλου
2693 1065 2818 1128 τοὺς
2868 1069 3027 1139 ἡμῶν
3080 1087 3138 1120 τε
3188 1065 3277 1121 καὶ
3329 1063 3545 1119 ἐκείνων
3603 1063 3810 1139 λόγους,

2182 1159 2370 1229 Ἡμεῖς
2404 1177 2576 1234 φαμεν
2605 1153 2828 1226 ἀληθῶς
2865 1149 3197 1231 βεϐρωκέναι
3236 1155 3372 1208 κατὰ
3414 1154 3514 1222 τὴν
3549 1151 3707 1229 σάρκα
3731 1156 3806 1207 τὸν

2184 1246 2402 1322 Κύριον,
2435 1243 2623 1314 ἐπειδὴ
2653 1249 2815 1299 τοῦτο
2846 1244 3024 1314 πάσης
3057 1243 3274 1320 σαρκός·
3319 1241 3514 1297 ἐκεῖνοί
3564 1263 3685 1317 φασι
3729 1242 3804 1318 βε-

2185 1332 2451 1412 ϐρωκέναι
2510 1335 2638 1399 τοὺς
2692 1334 2981 1411 ἀγγέλους,
3041 1331 3231 1402 ἐπειδή
3290 1333 3417 1388 τότε
3473 1333 3536 1388 τὸ
3590 1337 3807 1387 τοιοῦτον

2185 1425 2341 1503 φύσις
2373 1423 2624 1500 ἀγγέλων
2656 1421 2888 1494 ἐδέξατο.
2939 1425 3127 1497 Ἡμεῖς
3192 1423 3440 1498 μάρτυρα
3490 1422 3589 1490 τὴν
3646 1427 3810 1491 πεῖραν

2185 1514 2406 1590 ἔχομεν·
2457 1512 2611 1572 αὐτοὶ
2659 1512 2750 1570 καὶ
2803 1510 2985 1587 λόγων
3036 1510 3224 1570 ἄλλων
3273 1512 3369 1569 καὶ
3402 1508 3574 1587 ἔργων
3637 1530 3818 1584 μαρτυ-

2188 1605 2426 1679 ρούντων
2481 1603 2670 1665 αὺτοῖς
2734 1602 3056 1678 ἀποροῦσιν.
3114 1602 3303 1675 Ἡμεῖς
3356 1601 3448 1656 καὶ
3504 1605 3687 1656 πεῖναν
3743 1599 3820 1654 καὶ

2188 1692 2344 1767 δίψαν
2405 1693 2464 1748 ἐκ
2519 1696 2626 1746 τῶν
2695 1690 2857 1767 ἁγίων
2935 1695 3282 1766 παριστῶμεν
3346 1693 3572 1767 1¹ραιρῶν
3633 1687 3820 1749 αὐτοῖς·

2187 1783 2385 1840 ἐκεῖνοι
2412 1781 2618 1840 τούτων
2653 1778 2934 1855 οὐδέτερον
2968 1778 3056 1838 ἐπὶ
3085 1784 3192 1834 τῶν
3225 1778 3479 1856 ἀγγέλων
3535 1775 3697 1848 δεῖξαι
3744 1775 3824 1832 δυ·

2187 1874 2462 1942 νήσονται.
2517 1871 2703 1943 Ἡμεῖς
2757 1869 2900 1942 μέλη
2946 1869 3081 1926 κατὰ
3131 1869 3230 1936 τὴν
3278 1872 3377 1924 τοῦ
3409 1867 3608 1928 παντὸς
3638 1866 3823 1936 ἀνθρώ-

2187 1982 2309 2016 που·
2351 1958 2663 2015 διάπλασιν
2724 1957 2916 2015 ἐκεῖνοι
2975 1956 3130 2034 φύσιν
3193 1956 3464 2032 ἀγγέλων,
3665 1951 3825 2014 οὐδεὶς

2189 2049 2335 2126 ἔχειν
2387 2047 2527 2122 μέλη
2571 2047 2907 2120 τετόλμηκεν
2959 2047 3360 2124 ἀποφήνασθαι.
3411 2043 3612 2104 Μελῶν
3668 2041 3723 2098 δὲ
3753 2044 3821 2115 μὴ

2189 2135 2382 2212 ὄντων,
2429 2137 2481 2192 τί
2527 2137 2590 2192 τὸ
2639 2137 2997 2210 προσιέμενον
3027 2137 3127 2205 τὴν
3159 2136 3368 2213 τροφήν
3397 2153 3412 2204 ;
3461 2134 3516 2190 τί
3545 2134 3609 2188 τὸ
3642 2131 3826 2190 λεπτύ-

2187 2250 2278 2286 νον
2304 2247 2319 2298 ;
2349 2227 2402 2283 τί
2431 2227 2493 2282 τὸ
2525 2226 2724 2284 πὲπτον
2752 2244 2766 2295 ;
2798 2225 2850 2284 τί
2879 2227 2942 2281 τὸ
2970 2227 3202 2300 κατέχον
3229 2243 3242 2294 ;
3290 2223 3345 2279 τί
3396 2225 3461 2278 τὰ
3518 2223 3617 2292 τὴν
3677 2222 3826 2294 πέψιν

2188 2313 2590 2392 ἐργαζόμενον;
2647 2315 2699 2371 τί
2755 2316 2818 2380 τὸ
2877 2315 3017 2386 ἑξῆς,
3073 2314 3204 2389 ὅπερ
3243 2315 3470 2387 τιμήσω
3497 2311 3568 2386 τῇ
3619 2313 3827 2383 σιιιπῇὶ

2187 2409 2391 2480 ’Ὠσπερ
2449 2402 2540 2458 οὖν
2597 2401 2785 2478 ἄνδρες
2837 2403 3081 2482 φανέντες
3143 2404 3196 2458 oi.
3243 2401 3500 2477 ἄγγελοι,
3560 2398 3659 2456 οὐκ
3706 2401 3830 2466 ἦσαν

2189 2492 2373 2570 ἄνδρες
2431 2493 2499 2567 τῇ
2548 2492 2723 2570 φύσει·
2759 2493 2931 2557 οὕτως
2961 2490 3088 2548 ούδὶ
3116 2490 3309 2556 ἐσθίειν
3342 2489 3705 2563 νομισθέντες,
3735 2485 3830 2556 ἤσ-

2189 2587 2304 2644 θιον
2337 2582 2510 2659 φύσει·
2541 2581 2636 2638 τὸν
2670 2579 2951 2660 φιλόξενον
2984 2580 3041 2639 δὶ
3097 2580 3298 2657 τρόπον
3325 2585 3425 2635 τοῦ
3455 2573 3705 2654 Ἀϐραὰμ
3733 2576 3830 2636 ἐτι-

2193 2695 2307 2746 μων
2336 2675 2413 2746 τῷ
2465 2672 2712 2746 σχήματι
2758 2678 2859 2741 τῆς
2915 2670 3220 2745 μετουσίας,
3255 2667 3518 2740 ζηλωτήν
3550 2668 3711 2728 αὐτοῦ
3738 2666 3827 2733 τὴν

2189 2762 2383 2839 ἀρετὴν
2417 2759 2808 2832 ἀποφαίνοντες
2822 2803 2836 2819 .

425 2849 666 2932 modum
699 2849 879 2946 igitur
907 2849 1122 2944 angeli,
1154 2888 1290 2928 eum
1325 2871 1428 2927 viri
1459 2887 1588 2927 esse
1618 2859 2084 2934 viderentur,viri
2116 2863 2316 2912 tamen
2344 2855 2554 2908 natura
2585 2868 2701 2907 non
2733 2853 2971 2910 fuerunt
3006 2867 3020 2907 :
3053 2850 3211 2910 itaet
3239 2866 3375 2906 cum
3411 2849 3608 2906 cibum
3638 2861 3832 2919 capere

423 2934 876 3031 existimerEIur,
911 2934 1118 3018 resera
1140 2978 1256 3017 non
1285 2961 1689 3016 comederunt.
1725 2950 2194 3026 Hospitalitatem
2225 2945 2422 3002 autem
2455 2939 2776 2998 Abrahami
2809 2938 3484 3009 honorabant,consortii
3517 2936 3709 3009 specie
3724 2934 3828 2991 vir-

425 3056 608 3112 tutem
643 3050 772 3122 ejus
800 3050 1150 3109 imitandam
1179 3049 1563 3108 declarantes.

1187 3165 1330 3222 XIV.

2950 3162 3091 3219 XIV.

424 3256 694 3312 Adversus
720 3271 812 3311 eos
842 3255 938 3326 qui
965 3255 1186 3337 nullum
1214 3271 1328 3311 non
1357 3253 1696 3311 miraculum
1735 3250 2073 3306 imminuunl

2190 3255 2335 3332 Πρὸς
2363 3252 2490 3316 τοὺς
2520 3246 3161 3337 σμικρύνονταςὶέκαστον
3214 3253 3415 3321 θαῦμα,
3445 3253 3525 3321 τῷ
3573 3245 3830 3324 ἀρνεῖσθαι

903 3343 964 3382 ιο
994 3327 1140 3400 quod
1157 3343 1380 3382 carnem
1407 3330 1624 3395 negent.

494 3434 713 3490 Verum
746 3449 818 3489 ne
850 3433 1134 3489 miracula
1151 3433 1392 3506 quidem
1427 3431 1661 3489 Domini
1689 3427 1924 3486 insidiis
1955 3425 2080 3483 suis

429 3523 616 3579 libera
645 3528 704 3578 et
735 3523 905 3578 firma
936 3523 1319 3596 reliquerunt,
1354 3522 1451 3593 qui
1501 3521 1574 3577 ab
1623 3519 2078 3575 orthodoxorum

429 3612 606 3668 choro
659 3613 730 3667 ad
781 3613 1145 3668 adversarios
1189 3629 1252 3669 se
1301 3612 1673 3682 conjecerunt
1710 3627 1723 3665 :
1767 3608 1869 3664 sed
1919 3621 2078 3662 com-

430 3701 652 3774 pressis
683 3702 1111 3772 coarctatisque
1139 3702 1234 3773 iis,
1267 3701 1479 3757 horum
1513 3717 1626 3756 non
1658 3698 1933 3754 viderunt
1963 3711 2081 3750 ma-

427 3789 819 3863 gnitudinem,
862 3806 964 3862 per
1011 3807 1138 3864 qua:
1192 3790 1386 3846 carnis
1411 3788 1877 3861 assumptionem
1902 3800 2080 3857 nega-

429 3883 568 3934 runt
597 3896 610 3947 ;
643 3879 844 3933 deitati
877 3877 985 3934 soli
1012 3879 1134 3934 hazc
1184 3879 1564 3936 aecribentes.
1616 3878 1733 3933 Nos
1772 3893 1905 3932 vero
1937 3892 2078 3931 con-

426 3967 758 4022 sideremus
789 3983 966 4038 opera
993 3968 1140 4041 ipsa,
1175 3969 1468 4040 quomodo
1499 3968 1572 4024 ab
1601 3966 1770 4022 initio
1798 3966 1869 4021 ad
1903 3965 2077 4020 ﬁnem

429 4072 616 4128 usque
645 4055 1012 4128 praeclariora
1043 4058 1385 4125 reddantur,
1418 4057 1614 4114 carnis
1645 4055 2074 4127 assumptione:

425 4143 634 4200 viliora
673 4159 808 4200 vero
853 4147 1244 4217 reperiantur,
1314 4148 1519 4203 eadem
1568 4148 1806 4218 rejects.
1871 4146 2078 4200 Partus

427 4232 685 4305 Virginis
717 4250 998 4307 magnum
1031 4239 1089 4291 et
1127 4235 1351 4292 celebre
1383 4241 1473 4292 est
1518 4234 1853 4292 oeconomiae
1901 4238 2078 4304 atque

428 4322 888 4394 dispensationis
931 4326 1258 4381 exordium.
1308 4325 1369 4381 Si
1436 4330 1640 4381 natum
1689 4324 1834 4379 nihil
1880 4328 1969 4379 est
2006 4323 2077 4377 de

427 4410 668 4484 Virgine
712 4418 940 4483 sancta,
1013 4415 1113 4487 qui
1165 4430 1520 4488 magnopere
1585 4414 1837 4470 miratus
1903 4411 2078 4467 fuerit

426 4506 660 4572 partum
691 4499 904 4557 illum?
934 4519 1068 4558 cum
1101 4521 1207 4560 nec
1250 4509 1498 4571 matrem
1530 4503 1692 4559 illam
1721 4518 1857 4558 vere
1887 4500 2078 4556 dicere

428 4589 634 4660 possit,
668 4606 794 4661 quae
827 4591 1301 4648 eonsubtantiale
1332 4591 1480 4648 nihil
1530 4608 1599 4648 ex
1653 4607 1716 4646 se
1766 4589 2076 4663 prodeunti

426 4646 898 4735 communicasse
928 4646 1296 4754 intelligatur
1325 4646 1480 4738 εἶιᾶ
1528 4646 1888 4752 stupendum
1938 4677 2078 4750 quid
2113 4646 2160 4710 Β

425 4784 556 4823 esse
587 4767 906 4836 existimes,
943 4787 1070 4826 eam
1105 4788 1232 4845 quas
1266 4771 1452 4827 Mater
1467 4772 1621 4827 facta
1651 4771 1746 4841 sit,
1779 4769 2082 4842 Virginem

427 4872 686 4924 manere,
721 4858 1014 4929 siquidem
1048 4861 1302 4916 Verbum
1330 4878 1437 4917 sua
1467 4877 1574 4916 nos
1604 4859 1916 4932 praesentia
1946 4858 2083 4913 abs-

428 4961 541 5017 que
571 4945 837 5002 sensibili
869 4965 1112 5019 corpore
1144 4950 1450 5023 dignatum
1481 4953 1852 5005 est.Rursum
1887 4947 2083 5021 paucis

428 5035 653 5090 dictum
681 5039 791 5104 est,
823 5037 1028 5094 Jesum
1083 5039 1402 5110 profecisse
1451 5043 1640 5108 aetate,
1691 5037 1983 5110 sapientia
2028 5039 2086 5091 et

429 5124 636 5198 gratia.
669 5125 729 5180 Si
761 5143 999 5184 carnem
1031 5127 1365 5200 sustuleris,
1427 5128 1562 5200 quis
1606 5127 1665 5183 in
1699 5128 1868 5183 laude
1907 5130 2086 5199 ponet

434 5215 796 5272 incrementa
843 5221 901 5272 et
965 5216 1430 5274 meliorationem
1497 5216 1737 5273 deitatis
1804 5233 1933 5289 quae
2012 5216 2084 5272 ab

431 5307 649 5359 aeterno
695 5305 951 5376 perfecta
997 5311 1104 5376 est,
1155 5324 1280 5378 qua
1328 5323 1447 5362 non
1495 5308 1682 5379 pluris
1730 5307 1932 5380 indiga
1974 5310 2082 5372 est,

434 5409 562 5462 quae
611 5393 759 5449 nihil
809 5394 1046 5452 aliunde
1097 5395 1325 5452 auferre
1375 5401 1477 5452 aut
1535 5397 1798 5469 accipere
1841 5395 2086 5470 potest?

431 5480 809 5552 Consequens
840 5489 929 5540 est
971 5485 1155 5558 igitur
1205 5501 1439 5541 carnem
1488 5502 1638 5556 esse,
1684 5487 1855 5556 cujus
1908 5503 2086 5543 causa

431 5568 728 5641 profectus
757 5571 856 5628 ille
892 5573 1241 5644 celebratur,
1293 5578 1531 5647 propter
1551 5574 1677 5646 ejus
1709 5590 1844 5631 eum
1893 5573 2085 5633 Verbo

433 5657 810 5716 unionem.Et
842 5665 1168 5720 maximum
1189 5664 1461 5720 novimus
1491 5664 2084 5738 testimonium,quod

431 5746 595 5803 nullo
628 5764 690 5805 se
720 5767 983 5822 unquam
1012 5759 1248 5827 peccato
1296 5755 1736 5826 contaminarit,
1765 5756 1922 5828 quod
1954 5772 2087 5814 cum

2865 3323 2966 3391 τὴν
2996 3323 3168 3398 σάρκα

2256 3431 2434 3490 Ἀλλὰ
2485 3432 2591 3504 μὴν
2644 3426 2770 3485 οὐδὲ
2813 3430 2881 3484 τὰ
2930 3425 3180 3500 θαύματα
3226 3431 3324 3482 τοῦ
3357 3425 3555 3501 Κορίου
3611 3419 3828 3478 καταλε-

2186 3521 2410 3577 λοίπασι
2446 3526 2549 3589 τῆς
2593 3519 2720 3594 παρ’
2769 3517 2943 3573 αὐτῶν
2996 3511 3302 3585 ἐπιϐουλῆς
3351 3513 3610 3588 ἐλεύθερα
3663 3505 3827 3566 τεκαὶ

2186 3607 2553 3686 ἀνενόχλητα,
2609 3608 2660 3662 οἶ
2720 3607 2857 3680 πρὸς
2911 3607 3010 3675 τὴν
3043 3604 3276 3660 ἐναντίαν
3315 3609 3511 3684 μοῖραν
3541 3605 3638 3657 τοῦ
3666 3600 3829 3676 χοροῦ

2184 3704 2293 3755 τῶν
2336 3695 2640 3776 όρθοὸόξων
2703 3695 2926 3758 ἑαυτοὺς
2982 3693 3406 3772 ἀπορρήξαντες*
3466 3692 3830 3766 καθαιροῦντες

2189 3787 2366 3844 δὲκαὶ
2399 3785 2812 3855 συστέλλοντες,
2866 3787 2933 3841 τὸ
2987 3783 3195 3840 τούτων
3256 3782 3355 3837 οὐκ
3410 3778 3630 3862 ᾔδεισαν
3683 3777 3831 3851 μέγε-

2189 3880 2303 3952 θος,
2356 3875 2426 3932 δι’
2485 3878 2558 3931 ὧν
2613 3877 2922 3952 ἠρνήσαντο
2989 3876 3089 3943 τῆς
3149 3872 3343 3947 σαρκὸς
3391 3873 3493 3941 τὴν
3550 3866 3828 3939 ἀνάληψιν,

2189 3965 2577 4044 ἐπιγράψαντες
2631 3969 2799 4021 ταῦτα
2853 3966 3033 4040 γυμνῇ
3088 3966 3157 4036 τῇ
3208 3961 3448 4032 θεότητι.
3500 3959 3603 4016 Καὶ
3633 3954 3829 4044 σκοπήν-

2186 4077 2367 4130 σωμεν
2425 4053 2507 4110 ἐπ’
2568 4053 2743 4110 αὐτῶν
2800 4058 2909 4108 τῶν
2968 4047 3329 4128 πραγμάτων,
3373 4054 3492 4111 πῶς
3522 4047 3612 4102 ἀπ’
3666 4043 3830 4118 ἀρχῆς

2188 4129 2320 4222 ἅχρι
2378 4143 2575 4206 τέλους
2635 4141 2843 4220 μεγάλα
2914 4142 3008 4216 μὲν
3067 4138 3336 4195 δείκνυται
3389 4142 3460 4213 τῇ
3516 4143 3618 4205 τῆς
3648 4129 3827 4222 caper

2189 4217 2481 4309 ἀναλήψει,
2539 4217 2741 4304 ἥττονα
2800 4229 2860 4287 δὲ
2911 4230 3235 4307 εὑρίσκεται,
3287 4227 3496 4298 ταύτης
3548 4217 3826 4309 ἀθετουμέ-

2187 4345 2308 4396 νης.
2362 4307 2529 4386 Τόκος
2590 4321 2730 4378 ἐστὶν
2791 4321 2850 4377 ἐκ
2905 4319 3180 4396 Παρθένου
3229 4319 3292 4373 τὸ
3346 4317 3482 4392 μέγα
3511 4314 3600 4371 καὶ
3629 4307 3823 4377 ἔνδοξον

2187 4395 2288 4484 τῆς
2337 4411 2652 4486 οῗκονομίας
2709 4395 3024 4486 προοίμιον.
3081 4408 3147 4463 Ei’
3206 4403 3378 4481 μηδὲν
3433 4405 3494 4460 ἐκ
3546 4405 3642 4472 τῆς
3689 4395 3826 4486 ἁγίας

2190 4483 2463 4577 Παρθένου
2517 4483 2580 4556 τὸ
2636 4483 2825 4577 τεχθὲν
2880 4483 3194 4577 έπεφέρετο,
3254 4495 3338 4558 τίς
3385 4493 3446 4550 ἂν
3478 4491 3740 4577 ἐθαύμασε
3765 4483 3822 4577 τὸ

2187 4572 2516 4668 γενόμενον;
2582 4572 2740 4661 μήτε
2787 4572 3005 4664 μητέρα.
3053 4572 3228 4664 λέγειν
3260 4583 3430 4654 αὐτὴν
3460 4579 3626 4642 ὅντως
3683 4572 3822 4631 δυνά-

2196 4700 2353 4754 μενος
2383 4680 2444 4734 τὸ
2478 4675 2648 4752 μηδὲν
2704 4677 2874 4748 αὐτῆς
2925 4675 3217 4752 ὁμοούσιον
3258 4679 3338 4747 τῷ
3370 4669 3686 4748 προελθόντι
3717 4684 3825 4754 συν-

2199 4753 2346 4824 ιέναι·
2397 4771 2535 4842 μήτε
2583 4765 2884 4844 παράδοξον
2949 4765 3142 4844 κρίνων
3199 4764 3263 4818 τὸ
3314 4763 3556 4837 γενέςθαι
3615 4753 3823 4844 μητέρα)

2193 4858 2283 4914 καὶ
2319 4863 2494 4933 μεῖναι
2553 4856 2846 4933 Παρθένον,
2901 4852 3049 4932 εἷ’περ
3110 4852 3230 4908 ἄνευ
3289 4852 3545 4926 σώματος
3589 4841 3824 4911 αἴσθητοῦ

2193 4949 2292 5024 τὴν
2344 4950 2537 5004 ἑαυτοῦ
2594 4945 2888 5025 παρουσίαν
2943 4947 2971 5004 ὁ
3003 4943 3180 5020 Λόγος
3208 4944 3344 5015 ὑμῖν
3378 4938 3684 5025 ἐχαρίσατο.
3727 4934 3819 5025 Ha:

2197 5037 2282 5094 λιν
2316 5037 2526 5114 εἴρηται
2558 5012 2814 5114 προποπή
2847 5035 3116 5112 σύντομος
3147 5029 3368 5114 ἡλικλας
3414 5012 3502 5085 καί
3536 5023 3715 5106 σοφίης
3742 5012 3816 5114 κξῖ

2195 5102 2445 5203 χάριτος..
2500 5102 2622 5182 Ἐὰν
2679 5102 2884 5205 ἀφέλῃς
3099 5102 3296 5198 σάρκαξ
3349 5122 3433 5182 τίς
3481 5102 3814 5205 3éieisﬁ’f86‘

2195 5191 2412 5272 ἔπαινον
2447 5216 2704 5287 θεότητος
2726 5191 2960 5291 ἀὔξησιν
2991 5209 3082 5270 καῖ
3117 5191 3406 5287 βελτίωσιν
3436 5215 3536 5278 τῆς
3570 5205 3620 5275 ἐξ
3664 5191 3815 5291 ἀϊδίου

2193 5305 2429 5374 τελείας,
2459 5305 2549 5360 καὶ
2583 5276 2723 5380 μήτε
2752 5276 3006 5364 πλείονος
3036 5276 3320 5376 δεομένης,
3361 5276 3501 5376 μήτε
3529 5276 3816 5384 ἀφαιρεῖνῇ

2197 5389 2494 5472 λαμϐάνειν
2526 5395 2584 5450 ἐκ
2612 5400 2718 5450 τῶν
2753 5393 2944 5466 ἔξωθεν
2979 5389 3320 5465 δυναμένης
3358 5383 3671 5472 Έπαινετήγ
3714 5383 3821 5472 τογι·

2193 5458 2285 5540 νυν
2315 5485 2414 5556 τὴν
2449 5487 2736 5560 προκοπὴν
2837 5483 2963 5559 σὰρξ
2994 5458 3280 5560 ἄποιραίνει
3310 5458 3399 5536 διὰ
3428 5482 3527 5546 τῆς
3563 5469 3694 5560 πρὸς
3735 5458 3816 5516 τὸν

2195 5573 2368 5650 Λόγον
2402 5559 2667 5638 ένῶσεως.
2702 5573 2801 5629 Καὶ
2855 5559 3124 5650 μεγίστην
3166 5567 3460 5645 μαρτυρίαν
3508 5559 3827 5650 γινώσκιιέιιεν

2194 5639 2299 5735 τοῦῗ
2324 5665 2400 5737 μὴ
2431 5671 2658 5735 ποιῆσαι
2691 5639 3254 5739 αὑτὸν-ἁμαρτίανξέκί
3274 5639 3374 5720 rei}
3404 5655 3491 5718 καθ

2196 5728 2349 5823 θινῆν
2378 5728 2430 5808 έν
2460 5728 2628 5826 αὐτ-ᾦ,
2676 5751 2765 5810 καὶ
2828 5728 3185 5829 μηθὶΙῖχνος
3244 5743 3518 5823 ἁμαρτίας
3557 5740 3702 5813 δρᾷν.
3751 5728 3834 5785 Ὧς
