4104 6360
282 430 428 489 1381

1026 429 1680 490 CONFUTATIONES
1728 424 2235 498 QUARUMDAM
2284 424 2950 488 PROPOSITIONUM.

3548 425 3703 486 1382

281 558 388 634 εἴγε
445 556 568 631 περὲ
630 557 881 627 θεότητος
943 556 1162 633 ἒλὲγετο
1219 563 1308 613 νῦν
1358 561 1446 614 καὶ
1511 559 1680 632 μόνης
1731 559 1792 613 τὸ
1842 558 1933 613 ἀν-

2058 575 2282 613 carncm
2335 575 2528 614 veram
2580 558 2810 623 haheat,
2847 557 3077 610 nullum
3123 561 3317 611 tamen
3372 559 3592 629 peccati
3639 559 3697 612 in

281 647 612 722 αμάρτητον,
641 646 865 720 γελᾶσαι
905 645 1116 718 μᾶλλον
1162 648 1195 714 ἢ
1237 646 1507 720 Θαυμάσαι
1549 647 1675 710 τοὺς
1720 647 1945 701 ἀκούον-

280 758 374 798 τας
407 735 553 805 ἐνῆν,
593 736 668 807 μή
706 734 868 808 μόνον
916 742 1015 804 οῆς
1062 735 1318 806 θεότητος
1361 738 1668 812 κρεῖττονος
1717 737 1796 791 ἀεὶ
1843 738 1942 792 πά-

283 847 382 896 σης
421 826 680 897 μέμψεως
713 825 1030 901 πεφυκυίας,
1065 823 1191 879 ἀλλ’
1238 823 1346 895 ἤδη
1380 825 1468 880 καὶ
1528 823 1802 900 μυριάδων
1852 829 1941 903 ἀγ-

283 913 460 990 γέλων
495 912 884 989 φυλαξαμένων
932 915 994 967 τὸ
1040 913 1386 988 ἁμαρτάνειν.
1421 913 1596 969 Ἀλλᾶ
1653 913 1738 969 διὰ
1780 920 1940 970 τοῦτο

286 1006 517 1079 λέγεται,
552 1000 844 1077 ἐπειδήπερ
894 1002 945 1072 ἐξ
996 1002 1327 1078 ἁμαρτωλοῦ
1370 1005 1558 1078 γένους
1606 1003 1876 1081 ληφθεῖσα
1905 1007 1938 1074 ἡ

286 1092 559 1168 ἄχραντος
586 1092 735 1167 σάρξ,
785 1095 852 1164 τῇ
893 1093 1028 1167 πρὸς
1064 1092 1156 1146 τὸν
1191 1093 1318 1147 Θεὸν
1369 1093 1538 1168 Λόγον
1585 1093 1767 1148 ἑνώσει
1802 1095 1938 1166 μόνη

282 1182 372 1236 καὶ
431 1180 623 1255 πρώτη
688 1179 990 1252 μεμὲνηκεν
1054 1180 1454 1257 ἀναμάρτητος.
1514 1183 1789 1246 Ἐντεῦθεν
1851 1183 1940 1237 καὶ

283 1274 318 1340 ἡ
353 1270 490 1345 πρὸς
519 1270 610 1324 τὸν
645 1265 903 1324 διάϐολον
957 1268 1130 1340 πάλη,
1181 1271 1269 1324 καὶ
1319 1274 1352 1340 ἡ
1403 1271 1538 1326 κατᾶ
1583 1272 1778 1327 τούτου
1818 1272 1938 1342 νίκη

283 1357 588 1434 παράδοξος
637 1357 866 1432 γίνεται,
927 1360 1012 1412 ὅτι
1058 1365 1158 1428 τῆς
1203 1359 1536 1431 ἡττηθείσης
1588 1362 1782 1438 σαρκὸς
1841 1365 1939 1432 τήν

284 1448 541 1522 ἀπαρχὴν
596 1445 740 1522 ἔχων
793 1448 820 1501 ὁ
869 1449 969 1516 τὴν
1017 1453 1206 1521 πεῖραν
1260 1447 1564 1522 δεξάμενος,
1615 1451 1812 1522 ταύτην
1865 1475 1940 1505 νι-

285 1547 454 1615 κητὴν
513 1549 610 1599 τοῦ
665 1565 798 1598 ποτε
870 1547 1191 1615 νικήσαντος
1259 1547 1616 1623 ἀπειργάσατο
1652 1596 1666 1621 ,

286 1633 438 1710 φύσει
488 1633 549 1687 τὸ
596 1633 793 1708 κράτὸς
842 1631 1143 1710 δεδώρηται
1195 1637 1327 1690 κατὰ
1373 1641 1468 1690 τοῦ
1500 1636 1667 1692 πάλαι
1703 1636 1770 1692 δι’
1803 1640 1939 1694 ἀπά-

1725 1549 1812 1603 καῖ
1871 1554 1938 1628 τῇ

280 1743 382 1792 της
410 1743 474 1798 κρ
488 1724 809 1792 ατήσαντος.
840 1725 936 1776 Διά
982 1728 1142 1778 τοῦτο
1191 1724 1279 1778 καὶ
1310 1727 1378 1798 τῇ
1416 1728 1602 1799 μνήμῃ
1632 1732 1735 1780 τῶν
1773 1728 1938 1802 ἁγίων

285 1815 512 1887 Γραφῶν
570 1811 664 1872 τας
718 1810 1057 1885 ἐπαγομένας
1116 1808 1286 1874 λαϐὰς
1347 1811 1627 1886 ἀπεδύετο,
1691 1816 1788 1870 οὐκ
1847 1817 1938 1872 αὖ·

284 1898 466 1970 θεντίᾳ
504 1899 762 1966 θεότητος
815 1899 1262 1976 ἆποκρουόμενος
1307 1901 1398 1955 τὸν
1451 1900 1764 1973 ἀντίπαλον,
1819 1905 1948 1961 ἆκο-
1979 1924 2023 1985 Β

281 1986 482 2058 λουθίᾳ
533 1984 589 2042 δὲ
639 1987 1062 2064 ἀνθρωπότητος
1107 1991 1205 2057 τὴν
1257 1995 1364 2044 τῶν
1419 1996 1640 2068 Γραφῶν
1675 2015 1940 2071 φωταγω-

279 2076 400 2152 γίαν
433 2077 569 2152 πρὸς
603 2078 809 2131 ἅπαντα
858 2073 1336 2153 προϐαλλόμενος.
1375 2079 1439 2134 Εἰ
1473 2077 1518 2134 δ’
1550 2081 1578 2134 ὁ
1607 2083 1738 2144 Θεὸς
1768 2084 1942 2161 ⁴λόγος

277 2167 397 2220 καθ’
428 2167 615 2222 ἑαυτὸν
648 2166 1030 2244 ἀναμάρτητος
1081 2168 1169 2223 καὶ
1218 2169 1490 2240 ἀήττητος
1544 2170 1832 2245 ἐμηνύετο,
1864 2174 1946 2237 τίς

279 2255 344 2309 ἂν
375 2253 642 2334 ἐξεπλάγη
676 2257 812 2329 πρὸς
845 2257 911 2310 τά
943 2255 1249 2332 λεγόμενα;
1284 2258 1356 2312 Οὐ
1389 2257 1534 2330 ξενον
1563 2260 1624 2314 τὸ
1659 2263 1735 2333 μὴ
1771 2263 1945 2341 ἁμαρ-

275 2344 475 2411 τάνειν,
538 2341 679 2417 μηδὲ
725 2345 972 2400 νικᾶσθαι
1028 2346 1174 2421 παρᾶ
1235 2347 1530 2420 κτίσματος
1595 2346 1733 2404 ἰδίου
1792 2351 1945 2409 Θεόν.

279 2431 420 2487 Πότε
453 2433 556 2507 γὰρ
606 2435 919 2510 ἡμάρτηκεν
1048 2434 1348 2506 νενίκηται,
1392 2434 1484 2491 ’ίνα
1513 2441 1601 2491 νῦν
1649 2439 1723 2501 ὡς
1773 2443 1946 2517 παρά·-

283 2518 437 2591 δοξον
473 2519 750 2595 δεξώμεθα
796 2523 858 2577 τὸ
906 2522 1205 2598 λεγόμενον
1239 2544 1252 2595 ;
1290 2524 1467 2580 Ἀλλὰ
1520 2525 1662 2596 ξενον
1696 2529 1758 2583 τὸ
1791 2529 1944 2606 φύσιν

281 2610 630 2685 ἀνθρωπίνην
660 2611 726 2665 τά
787 2612 914 2688 ὑπὲρ
975 2612 1186 2690 φύσεως
1243 2620 1478 2692 φανερῶς
1538 2613 1946 2690 ἐπιδείξασθαι.

283 2699 435 2754 Ἐπεὶ
465 2698 553 2752 καὶ
583 2699 646 2755 τὸ
681 2697 893 2774 βαδίσαι
946 2700 1032 2756 ἐπὶ
1085 2701 1259 2757 νώτου
1311 2701 1583 2774 θαλάσσης
1632 2702 1802 2770 άδεῶς
1836 2707 1949 2779 ἅμα

279 2786 374 2841 καὶ
404 2785 699 2850 ἀκινδύνως
730 2788 941 2861 θεότητι
997 2791 1091 2862 μὶν
1127 2789 1336 2867 ῥᾴδιον,
1375 2792 1594 2867 μᾶλλον
1646 2791 1702 2850 δὲ
1733 2795 1823 2854 καὶ
1855 2795 1949 2871 ἀγ-

281 2874 489 2950 γέλοις·
539 2877 628 2930 καὶ
677 2877 776 2931 οὐκ
816 2878 874 2932 ἄν
914 2900 996 2941 τις
1047 2878 1346 2956 ἐκπλαγείη
1397 2887 1557 2937 τοῦτο
1607 2883 1946 2958 τεθεαμένος.

279 2974 663 3050 ἀνθρωπότητι
714 2973 772 3030 δὲ
827 2975 970 3052 ψιλῇ
1017 2975 1191 3051 πάντη
1243 2976 1531 3038 ἀδύνατον.
1584 2982 1688 3038 Καὶ
1741 2982 1948 3060 φρίττει

281 3061 507 3127 δικαίως
538 3065 565 3119 ὁ
598 3065 796 3141 σαρκὸς
828 3064 996 3130 πόδας
1039 3069 1138 3138 τήν
1188 3068 1446 3140 τοιαύτην
1500 3070 1722 3147 προείαν
1755 3093 1951 3127 ποιου-

293 3151 494 3226 μένους
529 3155 690 3230 ὁρῶν,
743 3155 831 3209 καὶ
879 3157 978 3224 τὴν
1025 3157 1316 3229 ἡνωμένην
1354 3155 1582 3233 δύναμιν
1630 3159 1827 3216 ἐννοῶν
1854 3167 1950 3218 τοῦ

280 3241 496 3316 Λόγου.
533 3241 594 3298 Εἴ
627 3240 683 3298 δέ
712 3265 818 3308 τις,
863 3246 962 3314 τὴν
1017 3247 1187 3320 σάρκα
1233 3248 1732 3324 παραιτησάμενος,
1785 3251 1951 3323 μόνον

284 3330 538 3416 φαίητὸν
573 3332 749 3407 Λόγον
799 3332 886 3392 ἐπὶ
932 3338 1038 3389 τῶν
1090 3335 1346 3408 κυμάτων
1400 3336 1656 3416 ὀφθῆναι,
1705 3339 1948 3414 περιεῖλε

284 3419 380 3473 τὸν
410 3415 572 3494 ὄγκον
605 3426 699 3476 τοῦ
733 3421 1030 3496 θαύματος,
1065 3421 1218 3480 οὐδὲν
1274 3423 1408 3503 μέγα
1446 3415 1949 3505 προσμαρτυρήσας

279 3511 364 3580 τῷ
391 3510 693 3584 πράγματι.
730 3511 876 3588 Μέγα
906 3512 1006 3589 γὰρ
1057 3507 1225 3575 ὅντως
1275 3514 1363 3569 καὶ
1395 3513 1568 3570 πάντα
1609 3520 1735 3570 νοῦν
1765 3522 1951 3587 νικῶν,

284 3595 398 3674 οὐχ
428 3597 552 3653 ὅταν
602 3605 815 3672 πνεῦμα
843 3605 1045 3680 κοῦφον
1096 3602 1186 3660 καὶ
1236 3598 1433 3682 ἀϐαρὲς
1484 3603 1709 3660 ἐπὶτῶν
1744 3603 1950 3662 ὑδάτων

288 3685 710 3762 μετεωρίζηται,
744 3688 871 3745 ἀλλ’
909 3689 1032 3745 ὅταν
1083 3693 1240 3762 σῶμα
1288 3694 1608 3769 παχυμερὲς
1639 3693 1730 3750 καὶ
1763 3695 1948 3772 βρίθον

284 3775 394 3830 ὑπὸ
447 3783 547 3845 τῆς
604 3775 820 3849 ἁπαλῆς
878 3778 966 3834 καὶ
1028 3777 1230 3855 ῥᾳδίως
1289 3781 1674 3854 ὁπακουοῦσης
1747 3783 1953 3862 φύσεως

281 3858 474 3939 ὄρθιον
536 3865 642 3921 ἄνω
703 3867 1033 3942 βαστάζηται
1073 3913 1085 3924 .
1145 3869 1319 3947 ’Όπερ
1392 3868 1484 3926 ⁹ίνα
1557 3858 1768 3928 πιστὸν⁷
1822 3878 1951 3929 πᾶσι

278 3955 494 4028 ποιήσῃ
538 3956 565 4009 ὁ
621 3954 835 4028 Κύριος,
887 3957 977 4012 καὶ
1025 3961 1104 4028 τῷ
1162 3958 1352 4036 Πέτρῳ
1416 3956 1634 4035 βαδίσαι
1693 3961 1828 4015 κατὰ
1857 3965 1953 4015 τοῦ

277 4040 558 4119 πελάγους
590 4043 784 4110 εὐθέως
817 4041 1006 4112 ἔδωκε,
1062 4045 1228 4125 μέχρι
1279 4048 1369 4106 τὸν
1422 4055 1522 4118 τῆς
1573 4047 1950 4125 όλιγοπιστίας

279 4129 385 4186 οὒκ
442 4129 662 4210 ἐδέχετο
721 4132 908 4192 σάλον.
935 4135 1004 4189 Τὸ
1065 4135 1161 4212 μὲν
1221 4134 1310 4192 οῦν
1366 4133 1580 4194 ὁδεῦσαι
1612 4139 1704 4194 τὸν
1747 4138 1948 4216 Πέτρον

279 4218 482 4295 οὕτως,
534 4219 770 4280 ἐδείκνυε
812 4230 911 4292 τῆς
963 4220 1290 4296 δεσποτικῆς
1343 4225 1537 4304 σαρκὸς
1571 4221 1948 4305 ἀναμφίϐολον

275 4311 382 4376 τήν
433 4310 675 4388 πορείαν·
727 4313 789 4368 τὸ
840 4309 897 4370 δὲ
945 4311 1261 4371 διστάσαντα
1323 4313 1517 4388 μηκέτι
1573 4315 1950 4392 βαστάζεσθαι,

276 4413 384 4470 τῆς
420 4407 617 4481 μεταξὺ
651 4405 913 4486 διαφορᾶς
958 4409 1021 4464 τὸ
1070 4411 1400 4487 ἀμέτρητον.
1457 4417 1747 4488 Πανταχοῦ
1775 4411 1954 4472 τοίνυν

279 4499 319 4565 ἡ
354 4503 451 4568 τῆς
482 4499 676 4574 σαρκὸς
711 4499 848 4574 πρὸς
900 4499 994 4554 τὸν
1044 4500 1216 4576 Λόγον
1245 4497 1433 4564 ἓνωσις
1480 4499 1712 4574 αὔξουσα
1742 4499 1949 4560 δείκνυ-

274 4606 371 4642 ται
400 4591 509 4642 τῶν
540 4588 848 4664 γενομένων
887 4588 948 4642 τὸ
997 4585 1233 4660 ἔνδοξον.
1280 4592 1379 4646 Καὶ
1425 4591 1712 4665 συντόμως
1755 4589 1946 4666 εἰπεῖν,

280 4671 403 4730 οὐδ’
445 4673 503 4730 ἃν
569 4675 699 4732 αὐτὸ
747 4677 808 4734 τὸ
856 4678 992 4733 κατὰ
1039 4683 1136 4734 τοῦ
1192 4679 1422 4743 θανάτου
1475 4681 1737 4756 τρόπαιον
1805 4678 1950 4736 ἔσται

279 4761 561 4838 λαμπρὸν,
627 4767 701 4838 μή
760 4764 1062 4841 προδήλως
1117 4767 1428 4843 ἀνθρωπίνη
1488 4769 1648 4847 φύσις
1685 4770 1946 4846 κρείττων

275 4858 382 4924 τῆς
427 4852 573 4910 κάτώ
629 4852 940 4931 τυραννίδος
981 4854 1187 4932 ἐγένετο
1235 4861 1304 4931 τῇ
1364 4854 1589 4931 δυνάμει
1643 4866 1743 4931 τῆς
1795 4861 1945 4936 ἀχω-

282 4940 483 5017 ρίστως
531 4943 820 5017 ἡνωμένης
878 4945 1158 5017 θεότητος·
1210 4946 1327 5004 ἐπεὶ
1373 4947 1436 5006 τὸ
1481 4949 1556 5020 μή
1609 4950 1947 5024 κρατηθῆναι

281 5031 414 5088 Θεὸν
444 5034 535 5088 τὸν
569 5030 845 5106 μηδέποτε
875 5036 1182 5108 κρατεῖσθαι
1229 5033 1528 5110 δυνάμενον
1579 5041 1687 5092 τῶν
1722 5036 1944 5096 εἷ’κότων

278 5121 374 5174 καὶ
431 5120 721 5178 εἰωθότων·
783 5123 844 5176 τὸ
905 5119 962 5180 δὲ
1020 5125 1100 5196 μὴ
1159 5132 1496 5200 κρατηθῆναι
1555 5127 1728 5202 σάρκα
1784 5131 1946 5182 τοῦτο

278 5212 520 5284 πρῶτον,
551 5215 712 5268 τοῦτο
754 5210 922 5282 ξενον·
971 5217 1132 5268 τοῦτο
1186 5213 1276 5272 καὶ
1323 5215 1422 5284 τήν
1473 5211 1683 5272 εἷ’σοδον
1714 5219 1812 5274 τοῦ
1844 5221 1946 5272 Ku-

280 5297 402 5372 ρίου
422 5300 522 5368 τήν
557 5296 646 5360 διὰ
671 5304 778 5354 τῶν
824 5299 1220 5374 κεκλεισμένων
1266 5304 1443 5380 θυρῶν
1476 5303 1772 5380 γενομένην
1807 5306 1949 5364 ἀποσ-

279 5386 459 5454 φαίνει
519 5390 749 5465 φρικτήν
783 5435 800 5462 ,
832 5387 914 5444 ὅτι
958 5395 1189 5447 συνοῦσα
1237 5398 1338 5466 τῆς
1374 5393 1569 5468 σαρκὸς
1603 5394 1638 5464 ἠ
1694 5393 1947 5471 παχύτης

280 5482 540 5555 ἐμποδὼν
599 5485 699 5546 οὐκ
740 5485 976 5563 ἐγένετο,
1029 5487 1220 5558 ἐπειδὴ
1258 5496 1443 5564 μεῖζον
1493 5496 1559 5561 ἦν
1599 5491 1663 5546 τὸ
1708 5503 1947 5566 θαυματ-

280 5579 514 5654 ουργοῦν
545 5580 644 5631 τοῦ
671 5573 1008 5636 κωλύοντος.
1040 5578 1102 5638 Ὁ
1140 5575 1199 5634 δὲ
1227 5580 1405 5656 χωρὶς
1451 5581 1706 5655 σώματος
1740 5583 1949 5660 ἂνθρω-

281 5661 445 5719 πίνου
503 5668 825 5741 γεγενῆσθαι
882 5665 1058 5740 λέγων
1116 5667 1178 5722 τὸ
1236 5674 1466 5745 πρᾶγμα
1499 5714 1513 5741 ,
1575 5670 1756 5725 κοινὸν
1818 5670 1947 5727 αὐτὸ

280 5760 434 5809 ποιεῖ
460 5755 596 5829 πρὸς
644 5753 770 5816 τοὺς
821 5753 1112 5830 ἀγγέλους,
1157 5757 1296 5827 πρὸς
1344 5762 1454 5815 τῶν
1495 5759 1792 5833 ἀνθρώπων
1843 5763 1946 5836 ψυ-

2054 665 2120 702 eo
2150 649 2459 715 vestigium
2507 652 2805 717 appareat.
2842 651 2923 700 Ila
2973 651 3036 700 ut
3087 648 3134 700 si
3186 647 3319 717 quis
3368 648 3436 700 de
3489 647 3702 702 (lcitate

2053 753 2235 808 eaque
2286 737 2407 790 sola
2438 737 2614 797 dicat,
2653 735 2807 806 quod
2858 751 3061 805 expers
3115 735 3330 805 peccati
3384 735 3478 803 sit,
3515 736 3699 790 risum

2053 823 2151 880 ille
2203 824 2397 896 potius
2440 841 2613 894 quam
2663 823 3110 877 admirationem
3161 823 3529 878 auditoribus
3579 841 3703 878 mo-

2052 918 2222 968 turus
2272 914 2395 968 sit:
2439 913 2916 984 quandoquidem
2968 927 3082 965 non
3136 911 3328 966 solum
3379 913 3703 968 divinitalis

2053 1002 2172 1057 haec
2205 1009 2413 1057 natura
2443 1007 2549 1068 est,
2587 1006 2649 1056 ut
2680 1001 2840 1056 omni
2891 999 3064 1072 culpa
3112 1017 3344 1072 semper
3392 1001 3574 1057 libera
3605 1003 3702 1068 sit,

2053 1093 2153 1147 sed
2188 1092 2374 1146 multa
2405 1091 2580 1147 etiam
2608 1089 2947 1157 angelorum
2977 1089 3163 1144 millia
3192 1107 3225 1144 a
3256 1096 3492 1161 peccato
3521 1108 3704 1147 vacua

2053 1185 2374 1236 serventur.
2407 1180 2623 1234 Verum
2685 1180 2835 1234 hanc
2894 1179 3082 1250 ipsam
3133 1180 3204 1233 ob
3263 1195 3494 1235 causam
3549 1183 3702 1237 509

2054 1269 2272 1324 dicitur
2326 1285 2480 1337 caro,
2532 1286 2599 1324 ex
2658 1284 2867 1339 genere
2929 1270 3231 1323 hominum
3294 1271 3543 1340 peccatis
3601 1272 3702 1324 ob-

2055 1359 2245 1425 noxio,
2278 1365 2532 1429 sumpta,
2566 1357 2692 1412 sola
2727 1358 3030 1428 primaque
3058 1358 3274 1428 peccati
3312 1375 3514 1430 expers
3547 1377 3710 1414 man-

2052 1448 2222 1512 sisse,
2266 1452 2500 1519 propter
2560 1447 2836 1501 unionem
2895 1463 3028 1500 cum
3080 1445 3191 1500 Deo
3246 1449 3450 1502 Verbo.
3508 1447 3704 1502 Proxi-

2053 1554 2213 1591 mum
2250 1535 2384 1590 huic
2417 1534 2768 1590 miraculum
2814 1541 2904 1590 est
2948 1534 3105 1588 lucta
3151 1534 3252 1589 illa
3283 1552 3415 1590 cum
3449 1535 3707 1606 diabolo,

2052 1630 2464 1697 reportataquc
2513 1626 2582 1678 ab
2615 1640 2680 1679 eo
2710 1624 2970 1689 victoria,
3005 1623 3142 1694 quia
3194 1624 3242 1679 is
3294 1625 3393 1695 qui
3445 1630 3704 1680 tentatus

2051 1720 2160 1781 est,
2190 1729 2323 1768 cum
2353 1713 2592 1768 devictae
2616 1713 2810 1767 carnis
2843 1712 3132 1783 primitias
3159 1713 3417 1783 haberet,
3442 1715 3706 1770 victorio-

2051 1820 2176 1858 sam
2239 1802 2398 1856 illam
2451 1803 2579 1872 ejus
2631 1803 2729 1872 qui
2779 1801 3096 1874 aliquando
3143 1802 3380 1867 vicerat,
3413 1803 3623 1867 elfecit,
3651 1807 3708 1858 et

2053 1896 2276 1945 naturae
2306 1891 2456 1945 vires
2499 1890 2778 1944 adversus
2829 1905 2960 1944 eum
3013 1890 3110 1962 qui
3162 1890 3300 1946 olim
3335 1891 3466 1946 dolo
3496 1892 3710 1947 vicerat

2053 1981 2286 2035 indidit.
2321 1979 2711 2044 Quamobrem
2737 1978 3007 2033 immissa
3037 1979 3094 2033 in
3123 1997 3184 2035 se
3211 1980 3602 2038 tentationum
3630 1985 3712 2038 te-

2057 2068 2131 2140 la,
2166 2068 2410 2141 repetita
2455 2084 2757 2123 sacrarum
2804 2067 3152 2124 Litterarum
3188 2070 3473 2124 memoria
3503 2086 3706 2128 excus-

2057 2157 2153 2222 sit,
2179 2173 2294 2210 non
2327 2156 2672 2211 auctoritate
2696 2155 2931 2211 deitatis
2955 2157 3354 2213 adversarium
3377 2158 3666 2234 repellens
3693 2178 3706 2216 :

2059 2255 2156 2310 sed
2194 2253 2517 2310 ministerio
2549 2252 2935 2310 humanitatis
2969 2255 3243 2326 prrevium
3278 2257 3588 2330 Scriptura
3621 2260 3711 2315 lu-

2060 2361 2193 2400 men
2227 2344 2296 2398 ad
2333 2343 2605 2398 universa
2645 2343 2870 2414 objecta
2903 2344 3218 2416 proferens.
3250 2345 3411 2409 Quod
3445 2346 3493 2403 si
3524 2348 3710 2406 Deum

2058 2432 2314 2488 Verbum
2351 2433 2407 2486 in
2441 2449 2568 2488 sese
2617 2432 2810 2486 omnis
2842 2449 3048 2504 expers
3082 2435 3297 2504 peccati
3334 2435 3714 2508 impeccabile

2059 2525 2116 2576 et
2160 2520 2440 2576 invictum
2487 2519 2915 2588 declarebatur,
2952 2521 3085 2594 quis
3136 2523 3512 2597 Obstupescat
3540 2526 3610 2580 ad
3645 2541 3714 2580 ea

2061 2627 2185 2682 quas
2221 2610 2377 2664 dicta
2417 2609 2600 2664 sunt?
2649 2609 2770 2664 Non
2823 2616 2912 2666 est
2969 2628 3182 2667 novum
3242 2617 3299 2667 et
3355 2613 3710 2686 inauditum,

2060 2699 2241 2754 Deum
2277 2715 2389 2754 non
2426 2715 2683 2772 peccare,
2719 2716 2820 2755 nec
2852 2716 2884 2756 a
2916 2701 3150 2774 propria
3180 2707 3448 2759 creatura
3477 2720 3714 2777 supera-

2061 2787 2128 2844 ri.
2163 2788 2404 2850 Quando
2455 2788 2610 2843 enim
2658 2789 2912 2860 peccavit
2955 2794 3056 2846 aut
3085 2790 3272 2846 victus
3320 2798 3428 2864 est,
3463 2798 3527 2850 ut
3557 2793 3712 2865 quod

2061 2894 2214 2934 nunc
2247 2877 2458 2933 dicitur
2488 2876 2756 2932 miraculi
2792 2877 2957 2934 nobis
2989 2877 3110 2934 loco
3133 2896 3260 2935 esse
3284 2881 3533 2938 debeat?
3565 2880 3715 2938 Illud

2063 2983 2274 3022 novum
2309 2971 2364 3022 et
2396 2965 2726 3021 inauditum
2757 2971 2843 3021 cst
2873 2983 2885 3021 :
2925 2973 3197 3023 naturam
3232 2969 3555 3026 humanam
3591 2987 3714 3026 rem

2062 3055 2570 3130 supernaturalem
2602 3060 2799 3127 aperte
2843 3055 3201 3113 exhibuisse.
3238 3058 3380 3114 Nam
3411 3059 3716 3117 ambulare

2062 3163 2242 3219 supra
2283 3161 2440 3200 mare
2488 3144 2647 3200 omni
2682 3161 2928 3202 vacuum
2991 3151 3144 3202 metu
3204 3151 3260 3204 et
3316 3147 3595 3220 periculo,
3626 3153 3718 3206 est

2063 3235 2206 3290 illud
2241 3233 2475 3304 quidem
2510 3231 2730 3299 deitati,
2765 3234 2882 3288 imo
2928 3233 3153 3306 angelis
3183 3236 3357 3290 etiam
3409 3237 3555 3308 ipsis
3587 3253 3715 3310 per-

2063 3341 2237 3398 quam
2275 3322 2440 3378 facile
2469 3340 2480 3378 :
2506 3338 2608 3378 nec
2633 3323 3009 3394 obstupescet
3038 3325 3450 3394 admiratione,
3477 3326 3583 3382 hoc
3615 3326 3719 3398 qui

2063 3412 2304 3468 viderit:
2335 3417 2394 3466 at
2421 3409 2775 3466 humanitati
2818 3411 2986 3466 nuda:
3021 3412 3181 3470 nullo
3213 3414 3384 3470 modo
3417 3415 3718 3488 possibile.

2063 3511 2179 3566 Nec
2212 3510 2504 3566 immerito
2548 3509 2924 3573 exhorrescit,
2949 3510 3050 3580 qui
3083 3509 3276 3567 carnis
3311 3513 3485 3582 pedes
3518 3512 3719 3570 istius-

2065 3599 2222 3655 modi
2252 3598 2358 3654 iter
2391 3598 2576 3653 facere
2619 3598 2797 3663 videt,
2831 3601 3099 3670 quamvis
3131 3598 3300 3656 Verbi
3335 3601 3557 3656 unitam
3591 3617 3718 3672 per-

2063 3705 2269 3748 sonam
2329 3687 2560 3760 cogitet.
2598 3687 2656 3742 Si
2715 3687 2848 3758 quis
2905 3693 3102 3746 autem
3164 3689 3470 3760 repudiata
3527 3706 3721 3755 carne,

2064 3779 2256 3835 solum
2279 3776 2534 3834 Verbum
2559 3776 2770 3832 dixerit
2794 3794 2972 3850 super
2998 3777 3276 3834 fluctibus
3303 3778 3484 3836 fuisse
3508 3779 3721 3845 visum,

2061 3867 2114 3922 is
2148 3865 2410 3922 inﬁrmat
2449 3864 2718 3936 tollitque
2751 3865 3022 3922 miraculi
3071 3866 3547 3938 amplitudinem,
3577 3867 3722 3924 nihil

2064 3955 2264 4028 magni
2297 3953 2709 4010 testiﬁcatione
2748 3972 2858 4010 sua
2905 3956 3066 4026 operi
3123 3957 3408 4013 tribuens.
3443 3957 3719 4028 Magnum

2063 4045 2219 4100 enim
2251 4059 2383 4100 vere
2413 4048 2523 4106 est,
2556 4048 2614 4098 et
2647 4043 2838 4113 majus
2870 4060 3049 4114 quam
3094 4050 3156 4100 ut
3195 4045 3506 4102 hominum
3540 4048 3727 4117 possit

2064 4138 2257 4190 mente
2304 4131 2746 4204 comprehendi,
2781 4149 2895 4188 non
2928 4149 3060 4187 cum
3111 4151 3282 4192 verus
3313 4139 3372 4190 et
3402 4135 3596 4192 omnis
3625 4152 3722 4194 ex-

2062 4239 2196 4294 pers
2226 4220 2503 4295 ponderis
2547 4219 2814 4291 spiritus,
2849 4221 3125 4276 ﬂuctibus
3157 4222 3214 4275 in
3257 4224 3444 4280 altum
3475 4223 3721 4292 tollitur,

2062 4311 2162 4367 sed
2193 4311 2426 4384 quando
2487 4325 2752 4365 crassum
2803 4315 2858 4364 et
2909 4326 3082 4382 grave
3139 4328 3352 4383 corpus
3382 4329 3416 4368 a
3446 4311 3608 4368 molli
3666 4317 3724 4370 et

2064 4409 2230 4468 facile
2251 4409 2493 4464 cedente
2525 4412 2734 4464 natura
2759 4413 3020 4464 erectum
3048 4425 3285 4465 sursum
3313 4410 3516 4466 fertur.
3541 4411 3722 4480 Cujus

2062 4499 2144 4554 rei
2176 4503 2240 4554 ut
2270 4497 2444 4554 ﬁdem
2476 4495 2752 4552 omnibus
2782 4496 3068 4554 Dominus
3118 4499 3350 4568 faceret,
3376 4498 3536 4555 dedit
3581 4515 3720 4556 con-

2060 4587 2226 4644 tinuo
2259 4591 2317 4642 et
2347 4586 2513 4643 Petro
2544 4589 2892 4656 potestatem
2944 4602 3049 4658 per
3097 4586 3340 4658 pelagus
3388 4587 3716 4660 gradiendi,

2061 4677 2244 4733 donec
2276 4674 2501 4747 pusillae
2536 4675 2671 4732 ﬁdei
2722 4675 2968 4731 ﬂuctum
3018 4693 3132 4733 non
3184 4676 3520 4733 sustineret.
3555 4677 3718 4740 Quod

2057 4784 2194 4839 ergo
2224 4766 2428 4822 Petrus
2466 4764 2553 4820 sic
2597 4763 2922 4821 ambulavit
2970 4783 3153 4835 supra
3205 4782 3386 4833 mare,
3421 4765 3718 4822 indubita-

2060 4861 2186 4911 tum
2227 4853 2533 4910 Dominicae
2567 4853 2762 4909 carnis
2794 4853 2906 4910 iter
2935 4853 3254 4910 declaravit
3285 4871 3297 4912 :
3331 4855 3486 4927 quod
3518 4859 3714 4910 autem

2060 4945 2340 5000 dubitans
2394 4960 2504 4998 non
2556 4943 2814 5014 amplius
2846 4949 3198 5014 portaretur,
3232 4944 3288 5000 id
3336 4944 3716 5012 immensum,

2061 5034 2217 5106 quod
2250 5033 2404 5090 inter
2436 5036 2755 5104 utrumque
2781 5037 2889 5099 est,
2922 5034 3241 5090 discrimen
3274 5033 3717 5089 demonstravit.

2060 5133 2286 5206 Ubique
2335 5134 2517 5205 igitur
2566 5132 2762 5188 carnis
2815 5148 2950 5187 cum
2992 5134 3180 5189 Verbo
3231 5133 3370 5188 unio
3429 5133 3716 5190 factorum

2059 5223 2273 5280 Christi
2304 5221 2661 5292 ampliﬁcare
2684 5219 2929 5292 gloriam
2956 5221 3263 5277 evincitur.
3285 5225 3475 5292 Atque
3497 5224 3563 5275 ut
3593 5236 3715 5275 rem

2060 5309 2264 5384 paucis
2293 5308 2670 5382 complectar,
2693 5308 2880 5380 ipsius
2902 5309 2973 5366 de
3002 5315 3186 5366 morte
3213 5309 3489 5382 reportati
3512 5309 3714 5380 tropei

2061 5400 2338 5474 splendor
2379 5397 2574 5455 omnis
2623 5397 2887 5454 deleatur
2931 5403 3177 5471 Oportet,
3202 5400 3252 5455 si
3285 5416 3400 5455 non
3458 5397 3719 5453 humana

2061 5495 2296 5558 natura,
2330 5487 2568 5545 deitatis
2599 5486 3070 5558 inseparabiliter
3111 5489 3222 5545 sibi
3273 5489 3451 5544 unitas
3477 5485 3714 5550 virtute,

2059 5578 2368 5653 tyrannide
2412 5574 2683 5634 infernali
2735 5576 2844 5631 fuit
2888 5579 3187 5650 superior;
3235 5574 3715 5649 quandoquidem

2059 5671 2242 5730 Deum
2275 5684 2392 5723 non
2437 5665 2723 5738 superari,
2750 5665 2850 5742 qui
2895 5665 3148 5727 invictus
3178 5672 3286 5738 est,
3318 5663 3596 5728 credibile
3624 5667 3717 5723 est

2032 5762 2115 5816 et
2143 5753 2496 5815 verisimile:
2522 5753 2624 5810 sed
2649 5769 2884 5809 carnem
2917 5770 3034 5811 non
3066 5755 3356 5828 superari,
3379 5755 3439 5810 id
3469 5753 3710 5809 domum
