4104 6356
411 387 569 447 1383

1577 386 1641 444 S.
1693 379 2215 443 A'l‘HANASlUS.
2251 413 2328 422 —
2355 379 2667 442 SPUHIA.

3667 390 3804 451 1388

410 518 730 590 singulare,
763 518 819 571 id
853 534 1066 572 novum
1111 522 1200 572 est
1226 534 1238 570 ι
1265 517 1373 571 hoc
1406 517 1545 572 item
1595 515 1785 570 reddit
1816 514 2066 569 miracu-

2185 510 2310 584 χὰς,
2342 511 2477 584 πρὸς
2534 511 2601 566 τὰ
2658 511 2868 566 ἂναντία
2924 512 3225 584 πνεύματα,
3259 510 3332 566 ὧν
3392 510 3478 567 διὰ
3520 515 3580 569 τὸ
3623 514 3801 573 λεπτὸν

411 605 604 660 losum
638 604 868 660 Domini
912 622 1014 676 per
1044 603 1275 659 clausas
1316 605 1535 675 januas
1581 604 1941 675 ingressum,
1973 601 2067 655 cui

410 711 476 750 ea
509 712 635 766 quae
669 694 890 765 corpori
945 695 1151 761 inerat,
1185 694 1506 757 crassities,
1543 693 1706 747 nullo
1740 692 1850 746 fuit
1882 691 2070 760 impe-

411 783 696 850 dimento,
730 784 1022 852 siquidem
1072 785 1260 853 major
1301 789 1422 837 erat
1456 781 1722 836 miraculi
1773 786 1975 835 auctor
2005 795 2072 833 eo

412 873 562 944 quod
595 872 791 943 ipsum
821 873 1153 943 ingressum
1181 871 1543 943 prohibebat.
1567 871 1671 934 Qui
1696 886 1829 924 vero
1854 870 2071 922 factum

412 961 521 1016 hoc
553 977 684 1015 esse
713 960 855 1014 dicit
885 960 1110 1031 absque
1157 977 1400 1031 corpore
1445 960 1723 1023 humano,
1760 959 1809 1013 is
1853 959 2069 1012 factum

413 1049 814 1105 communicat
860 1066 995 1104 cum
1050 1049 1296 1121 angelis,
1336 1065 1468 1104 cum
1521 1048 1834 1103 animabus
1884 1045 2071 1100 homi-

411 1156 576 1202 num,
602 1155 735 1193 cum
772 1138 917 1210 ipsis
947 1138 1200 1208 denique
1231 1137 1582 1192 adversariis
1615 1135 1943 1208 spiritibus,
1972 1135 2074 1206 qui

411 1233 649 1299 propter
704 1226 999 1282 levitatem
1063 1226 1427 1292 substantiae,
1474 1225 1765 1297 ejusmodi
1817 1223 2073 1278 transitu

2177 605 2278 668 τῆς
2325 598 2508 661 οὐσίας
2560 598 2843 663 ἀκώλυτος
2893 603 2927 670 ἡ
2976 600 3201 668 τοιαύτη
3236 596 3498 664 διάϐασις.
3532 605 3647 661 Ἐπὶ
3690 607 3802 662 τού-

2179 709 2294 750 τοις
2325 688 2414 742 καὶ
2445 691 2479 758 ἡ
2511 691 2647 763 πρὸς
2681 688 2906 766 οὐρανὸν
2957 683 3214 752 ἀνάϐασις
3263 694 3360 744 τοῦ
3404 691 3664 747 Δεσπότου
3716 697 3803 764 τὴν

2180 775 2345 844 αὐτῆν
2378 779 2512 850 ἡμῖν
2547 779 2775 854 παρέχει
2809 775 3072 850 διάνοιαν,
3106 778 3181 840 ὡς
3216 775 3412 833 εἰδέναι
3440 785 3535 836 τοῦ
3569 783 3656 854 μὶν
3688 783 3805 838 Θιοῦ

2183 865 2359 941 Λόγου
2406 867 2504 934 τὴν
2556 868 2608 921 ἓν
2660 867 2910 942 οὐρανοῖς
2961 863 3238 942 διαγωγὴν
3273 865 3468 936 ἀίδιον,
3499 869 3803 945 ἀχώριστον,

2182 953 2573 1032 ἀπερίγραφον,
2605 963 2706 1026 τῆς
2739 953 2796 1011 δὲ
2838 955 3184 1029 συνημμένης
3236 955 3454 1030 σαρκός,
3481 958 3602 1013 τότε
3643 981 3804 1015 καινο-

2181 1043 2529 1116 τομουμένην
2602 1046 2702 1114 τήν
2788 1046 2942 1116 ξένην
3022 1045 3318 1119 ἀνάληψιν,
3386 1048 3805 1120 μετοικιζομένης

2182 1131 2321 1187 ὅπου
2368 1135 2444 1206 μὴ
2494 1133 2756 1210 πρότερον
2812 1137 2899 1203 ἦν·
2935 1134 3051 1190 ἐπεὶ
3101 1131 3242 1208 μηδὶ
3271 1135 3332 1190 in
3362 1134 3568 1212 φύσεως
3597 1136 3704 1212 εἶχε
3749 1139 3802 1192 τὸ

2179 1219 2525 1288 τηλικούτων
2559 1223 2877 1293 ἀξιωθῆναι.

411 1332 526 1371 non
561 1321 810 1386 possunt
862 1315 1176 1385 prohiberi.
1214 1316 1492 1370 Praeterea
1522 1314 1673 1369 hanc
1722 1313 2074 1368 sententiam
2106 1310 2236 1381 ipsa
2265 1311 2498 1367 Domini
2553 1313 2610 1368 in
2663 1313 2872 1368 caelum
2920 1313 3184 1369 ascensio
3235 1314 3405 1370 nobis
3453 1315 3722 1386 suggerit,
3750 1321 3806 1370 ut

411 1405 691 1475 sciamus,
725 1410 904 1459 Deum
950 1405 1197 1460 Verbum
1232 1405 1467 1476 quidem
1520 1404 1578 1458 in
1635 1402 1796 1457 caelis
1839 1401 2028 1474 egisse
2075 1405 2374 1472 perpetuo,
2410 1401 2571 1457 nullo
2624 1402 2758 1458 inde
2808 1408 3069 1475 tempore
3116 1402 3439 1471 divulsum,
3476 1403 3648 1459 nullis
3678 1406 3808 1459 loco-

411 1509 544 1548 rum
577 1493 786 1564 spatiis
818 1493 1328 1564 circumscriptum
1366 1510 1378 1547 :
1414 1509 1646 1548 carnem
1695 1507 1830 1546 vero
1881 1490 1968 1544 illi
2017 1492 2392 1558 coniunctam
2433 1495 2562 1546 tum
2611 1492 2891 1563 primum,
2925 1493 3098 1547 modo
3150 1492 3322 1562 plane
3367 1493 3671 1564 stupendo,
3701 1508 3814 1547 eve-

411 1588 566 1638 ctam
615 1582 1079 1653 translatamque
1125 1598 1215 1650 eo,
1251 1582 1349 1638 ubi
1402 1583 1566 1654 prius
1598 1598 1713 1637 non
1745 1586 1902 1648 erat;
1957 1578 2250 1650 siquidem
2300 1597 2417 1635 non
2470 1586 2682 1636 natura
2727 1581 2837 1638 hoc
2885 1581 3160 1650 habebat,
3196 1586 3261 1637 ut
3289 1581 3387 1637 tali
3436 1580 3621 1654 gloria
3648 1580 3816 1636 dona-

413 1676 597 1727 retur.

1185 1760 1301 1816 XV.

413 1849 687 1908 Adversus
718 1866 807 1904 eos
835 1851 929 1920 qui
957 1849 1159 1904 damno
1199 1851 1456 1920 afﬁciunt
1491 1865 1664 1920 genus
1710 1852 2070 1920 nostrum,eo

487 1923 632 2004 quod
649 1919 857 2004 .noegeni
886 1919 1324 1976 Salvatorem'ea:
1343 1919 1549 1976 natura
1567 1925 1755 1976 nostra
1784 1919 2074 1990 sumpsisse

479 2002 792 2064 primum.

485 2099 690 2154 Omnis
734 2097 956 2153 malitia
1003 2103 1093 2154 est
1144 2115 1236 2154 res
1283 2098 1670 2166 detestabilis,
1706 2102 1817 2152 Deo
1847 2097 2069 2162 odiosa,

414 2190 472 2241 et
505 2186 843 2242 hominibus
875 2187 1133 2242 inimica.
1156 2189 1229 2241 At
1258 2204 1343 2253 ea,
1378 2204 1494 2258 qua
1527 2185 1792 2241 nonnulli
1826 2184 2071 2257 propriae

412 2276 570 2332 510
601 2275 777 2330 saluti
809 2275 1072 2330 invident
1101 2281 1158 2330 et
1187 2275 1406 2347 gloriae,
1432 2291 1667 2330 omnem
1695 2290 1932 2346 prorsus
1961 2273 2070 2326 im-

413 2365 761 2436 probitatem
813 2363 1160 2436 longissime
1190 2365 1388 2419 vincit.
1421 2366 1532 2419 Hoc
1561 2366 1683 2433 jam
1719 2368 1997 2434 praestant
2029 2360 2070 2414 ii

412 2454 511 2524 qui
547 2459 765 2525 negant
795 2452 1163 2508 Salvatorem
1200 2471 1267 2508 ex
1301 2460 1510 2508 natura
1543 2459 1746 2508 nostra
1785 2449 2072 2524 primitias

411 2543 880 2614 sumpsisse.Sed
905 2542 1108 2596 multis
1129 2543 1320 2598 modis
1341 2548 1735 2612 peccant,tum
1758 2543 1911 2614 quod
1928 2539 2074 2595 Scri-

410 2637 594 2703 ptume
628 2635 840 2686 sancta:
885 2633 1244 2701 testimonio,
1266 2637 1390 2686 tum
1427 2632 1617 2703 magis
1650 2631 1904 2703 Spiritus
1937 2647 2069 2685 san-

407 2721 484 2776 cti
513 2719 758 2775 oracalis
806 2721 1190 2774 adversentur
1217 2738 1229 2775 :
1259 2726 1384 2774 tum
1435 2721 1589 2791 quod
1621 2719 1852 2774 Domini
1886 2717 2070 2773 nostri

404 2809 464 2863 in
497 2809 765 2864 homines
799 2826 1056 2864 amorem
1101 2811 1417 2864 obscurare
1467 2827 1580 2864 non
1631 2809 1901 2863 dubitent
1934 2824 1946 2860 :
1983 2805 2069 2861 vel

405 2899 559 2969 quod
592 2899 788 2968 generi
834 2898 1142 2953 hominum
1177 2899 1450 2954 universo
1485 2898 1746 2970 praestita
1789 2897 2072 2952 beneﬁcia

408 2992 708 3058 respuant,
743 2987 1132 3058 maximeque,
1161 2990 1314 3057 quod
1347 3005 1618 3058 magnam
1651 2986 1941 3057 assumpti
1975 2986 2070 3040 ho-

411 3078 590 3131 minis
622 3080 1006 3132 ceconomiam
1043 3078 1310 3132 inutilem
1343 3078 1657 3132 declarent.
1689 3079 1812 3132 Non
1839 3093 2066 3132 assum-

408 3167 525 3236 psit
553 3183 620 3220 ex
652 3173 852 3222 nostra
880 3171 1086 3221 natura
1117 3183 1351 3222 carnem
1387 3183 1399 3222 :
1436 3167 1728 3238 quomodo
1759 3167 1940 3238 igitur
1971 3165 2066 3219 ha-

411 3255 615 3309 bitavit
648 3255 706 3310 in
741 3255 951 3311 nobis?
976 3257 1276 3320 Quomodo
1320 3273 1518 3311 semen
1566 3257 1805 3311 Abrahae
1835 3271 2066 3310 assum-

416 3343 578 3415 psit?
630 3346 931 3409 Quomodo
965 3344 1183 3399 dicitur
1216 3361 1271 3399 ;‹‹
1309 3346 1387 3399 Ex
1419 3344 1633 3416 quibus
1666 3345 1930 3400 Christus
1979 3360 2068 3399 se-

411 3435 673 3487 cundum
699 3449 932 3488 carnem
953 3434 996 3467 3"
1011 3432 1071 3486 ‘?»
1085 3433 1248 3488 Vana
1276 3434 1457 3505 igitur
1488 3435 1902 3505 prophetarum
1926 3434 2068 3488 vati-

407 3522 561 3576 cinia
587 3539 599 3576 :
624 3539 782 3576 vanae
816 3521 1011 3576 Davidi
1044 3523 1207 3577 factae
1241 3541 1273 3577 a
1306 3523 1420 3578 Deo
1458 3522 1879 3594 promissiones
1904 3539 1952 3579 ;‹‹
1991 3522 2070 3578 De

409 3613 595 3665 fructu
628 3613 850 3665 ventris
890 3611 976 3665 tui
1025 3628 1234 3680 ponam
1289 3629 1464 3683 super
1512 3612 1708 3666 sedem
1767 3619 1926 3667 tuam
1948 3613 2010 3665 ⁸⁸.
2042 3633 2071 3659 ››

411 3699 579 3754 Falso
631 3699 899 3755 Christus
947 3700 1152 3756 ﬁdeles
1203 3707 1372 3754 vocat
1433 3701 1640 3756 fratres
1691 3719 1876 3756 suos:
1923 3700 2070 3755 falso

409 3788 626 3844 Paulus
661 3790 741 3843 ait
766 3806 818 3842 ;‹‹
841 3789 986 3843 Nam
1020 3789 1210 3860 ipsius
1231 3807 1418 3861 genus
1443 3807 1652 3845 sumus
1673 3791 1737 3844 ⁸9.
1769 3815 1786 3838 ιι
1815 3791 2070 3862 Ecquem

409 3893 525 3932 non
571 3878 788 3947 pudeat
818 3883 903 3932 tot
950 3883 1262 3949 tantosque
1312 3883 1490 3933 testes
1539 3878 1913 3950 impudenter
1943 3881 2072 3950 reji-

405 3982 557 4034 cere,
591 3983 741 4020 nova
781 3967 1156 4038 absurdaque
1205 3968 1484 4038 dogmata
1536 3967 1840 4034 fabricare,
1875 3970 2071 4025 debito

407 4055 733 4126 gratiarum
756 4055 1001 4110 actionis
1027 4056 1246 4111 honore
1264 4056 1578 4111 Dominum
1601 4057 2072 4128 privare,damno

408 4143 663 4215 denique
693 4161 880 4215 genus
909 4150 1174 4200 nostrum
1204 4147 1543 4200 universum
1578 4147 1634 4200 in
1670 4146 1770 4202 illo
1804 4147 2073 4204 afﬁcere?

407 4232 530 4288 Non
563 4249 630 4288 ex
663 4234 832 4290 nobis
849 4241 938 4288 est
969 4250 1102 4290 caro
1133 4234 1234 4289 illa
1263 4241 1584 4306 assumpta.
1611 4236 1854 4302 Qualem
1887 4237 2074 4310 igitur

407 4321 617 4377 salutis
640 4339 804 4393 spem
831 4323 1156 4378 habemus?
1188 4323 1311 4378 Non
1342 4325 1534 4379 adhuc
1559 4324 1648 4380 lex
1671 4326 1912 4398 impleta
1933 4335 2024 4384 est
2056 4347 2069 4383 :

406 4411 598 4466 adhuc
626 4429 976 4467 accusamur
1006 4415 1076 4468 de
1110 4419 1346 4483 peccato
1372 4430 1384 4466 :
1412 4413 1605 4468 adhuc
1637 4415 2071 4472 maledictionis

2103 1758 2153 1823 B

2184 1845 2324 1917 [Ιρὸς
2385 1844 2512 1921 τοὺς
2572 1843 2898 1921 ζημιούντας
2955 1848 3118 1918 ἡμῶν
3173 1844 3238 1921 1_6_
3284 1845 3464 1921 γένος,
3495 1844 3574 1921 τῷ
3615 1866 3687 1921 μη
3736 1843 3815 1899 λέ-

2252 1866 2324 1907 ›ος
2385 1867 2512 1908 τους
2572 1866 2898 1920 ςημιουντας
2955 1866 3118 1918 ημων
3173 1866 3237 1900 το
3284 1866 3464 1921 γενος,
3495 1866 3574 1917 τῳ
3615 1867 3653 1912 μ
3737 1866 3812 1899 Λε-

2252 1937 2389 1996 γειν,
2422 1916 2482 1996 ζκ
2531 1920 2628 1986 τῆς
2686 1917 2894 1995 φύσεως
2952 1921 3112 1990 ἡμῶν
3173 1914 3460 1996 εἰληφέναι
3508 1917 3606 1986 τήν
3655 1866 3812 1990 ἔπαρ-

2253 1989 2362 2063 χῆν
2398 1989 2484 2044 τὸν
2522 1989 2773 2063 Σωτῆρα.

2254 2101 2403 2150 Πᾶσα
2446 2097 2540 2169 μὶν
2582 2095 2742 2151 κακία
2789 2102 3012 2171 πρᾶγμα
3061 2095 3286 2173 φευκτὸν
3332 2095 3425 2150 καὶ
3471 2094 3586 2168 Θεῷ
3634 2114 3814 2168 στυγη-

2179 2184 2291 2256 τὸν,
2324 2185 2413 2239 καὶ
2472 2185 2780 2260 ἀνθρώποις
2841 2184 3130 2259 πολέμιον’
3163 2185 3226 2240 τὸ
3284 2183 3342 2240 δὲ
3396 2184 3484 2239 καὶ
3538 2187 3605 2258 τῇ
3663 2181 3820 2252 οἰκείᾳ

2183 2274 2426 2349 σωτηρίᾳ
2481 2272 2571 2329 καί
2657 2270 2782 2348 δόξῃ
2845 2275 3145 2350 βασκαίνειν
3214 2275 3388 2347 τινας,
3448 2278 3606 2328 τοῦτο
3662 2277 3819 2326 πᾶσαν

2185 2358 2514 2438 ὑπερϐάλλει
2580 2363 2844 2438 πονηρίας
2916 2358 3250 2440 ὑπερϐολήν·
3303 2363 3435 2440 ὅπερ
3507 2365 3719 2417 ποιοῦσι
3763 2359 3824 2414 τὰ

2182 2457 2272 2505 νῦν
2327 2452 2376 2506 οἱ
2424 2451 2599 2528 λέγειν
2649 2451 2967 2525 τολμῶντες
3031 2453 3105 2526 μὴ
3158 2451 3216 2506 ἐκ
3263 2455 3364 2520 τῆς
3418 2451 3626 2530 φύσεως
3675 2452 3822 2522 ἡμῶν

2183 2541 2449 2616 παρᾶτοῦ
2483 2547 2745 2616 Σωτῆρος
2807 2541 3062 2618 εἰλῆφθαι
3112 2542 3209 2610 τήν
3267 2541 3548 2618 ἀπαρχήν.
3584 2538 3682 2595 Καὶ
3729 2558 3817 2592 που

2183 2629 2472 2705 λυτρόπως
2530 2635 2926 2706 παρανομοῦσι·
2983 2635 3145 2685 τοῦτο
3210 2631 3303 2704 μὲν
3363 2635 3442 2703 τῷ
3498 2634 3603 2684 τῶν
3664 2625 3818 2702 ἁγίων

2184 2724 2407 2798 Γραφῶν
2445 2719 2734 2795 μαρτυρίᾳ,
2770 2717 2984 2792 μᾶλλον
3020 2716 3076 2775 δὲ
3104 2723 3172 2793 τῇ
3203 2724 3299 2774 τοῦ
3331 2720 3488 2797 ἁγίου
3521 2716 3820 2790 Ηνεύματος

2178 2808 2472 2881 νομοθεσίᾳ
2533 2809 2860 2884 μαχόμενοι·
2916 2812 3076 2863 τοῦτο
3136 2805 3193 2863 δὲ
3248 2811 3348 2878 τήν
3409 2813 3504 2863 τοῦ
3565 2805 3822 2862 Δεσπότου

2181 2895 2586 2975 φιλανθρωπίαν
2635 2897 2962 2966 ἐπισκιάζειν
2996 2896 3370 2970 τολμήσαντες
3426 2901 3587 2952 τοῦτο
3636 2892 3691 2948 δὲ
3732 2893 3821 2960 τὴν

2179 2989 2367 3056 κοινὴν
2428 2987 2727 3062 ἀνθρώπων
2785 2985 3089 3062 εὐεργεσίαν
3152 2981 3537 3047 ἐκϐάλλοντες·
3589 2983 3665 3039 ἔτι
3725 2982 3821 3054 μὴν

2178 3077 2267 3130 καὶ
2300 3076 2558 3146 ἀνόνητον
2589 3077 2687 3144 τὴν
2728 3076 2968 3152 μεγάΛην
3001 3075 3325 3147 οἰκονομίαν
3355 3083 3458 3144 τῆς
3491 3071 3824 3147 ένανθρωπτς-

2177 3187 2311 3227 σεως
2368 3165 2776 3242 ἀποφαίνοντες.
2827 3165 2936 3218 Οὐκ
3012 3158 3202 3220 ἔλαϐεν
3286 3163 3344 3218 ἐκ
3400 3171 3502 3234 τῆς
3570 3161 3825 3235 ἡμετέρας

2177 3254 2386 3332 φύσεως
2448 3257 2636 3330 σάρκα·
2696 3258 2810 3315 πῶς
2871 3251 2961 3307 οὖν
3023 3251 3324 3323 ἐσκήνωσεν
3384 3253 3434 3307 ὲν
3496 3255 3630 3324 ἡμῖν
3663 3269 3674 3316 ;
3709 3251 3822 3306 Πῶς

2179 3344 2486 3421 σπέρματος
2543 3339 2793 3420 Ἀϐραὰμ
2848 3336 3182 3409 ἐπελάϐετο;
3220 3346 3343 3404 Πῶς
3396 3340 3630 3416 ε’ίρηται·
3669 3363 3695 3388 ››

2179 3437 2250 3489 ὧν
2299 3436 2326 3488 6
2357 3433 2586 3510 Χριστὸς
2635 3435 2697 3486 τὸ
2746 3432 2881 3486 κατὰ
2927 3432 3131 3500 stipata;
3186 3455 3212 3482 »
3266 3430 3498 3492 Ψευδεῖς
3545 3433 3652 3483 τῶν
3699 3447 3822 3498 προ-

2180 3525 2366 3602 φητῶν
2399 3524 2451 3577 αἱ
2483 3521 2835 3598 προρῥήσεις·
2872 3517 3089 3594 ψευδεῖς
3121 3520 3174 3574 αἱ
3225 3524 3325 3573 τοῦ
3378 3523 3514 3574 Θεοῦ
3563 3517 3696 3592 πρὸς
3737 3514 3821 3567 τὸν

2181 3607 2345 3668 Δαϐὶδ
2398 3611 2742 3685 ὑποσχέσεις·
2777 3611 2871 3665 ’m
2917 3613 3128 3681 καρποῦ
3175 3615 3275 3677 τῆς
3326 3607 3545 3669 κοιλίας
3595 3627 3688 3660 σου
3734 3604 3823 3670 θή-

2180 3723 2346 3774 σομαι
2377 3701 2463 3754 ἐπὶ
2492 3705 2589 3754 τοῦ
2620 3698 2815 3774 θρόνου
2862 3717 2978 3752 σου·
3014 3694 3224 3771 ψευδῶς
3273 3694 3547 3776 ἀδελφοὺς
3580 3696 3607 3749 6
3639 3692 3821 3767 Κύριος

2179 3792 2305 3854 τοὺς
2338 3789 2562 3851 πιστοὺς
2606 3789 2883 3860 ὀνομάζει·
2935 3785 3150 3859 ψευδῶς
3182 3787 3209 3840 6
3241 3785 3460 3848 Παῦλος
3508 3785 3640 3839 εἶπε.
3679 3807 3703 3832 ‹‹
3733 3783 3828 3833 Τοῦ

2179 3881 2280 3957 γάρ
2317 3880 2408 3935 καὶ
2440 3880 2594 3954 γένος
2628 3878 2808 3949 ἐσμέν.
2848 3903 2867 3928 ιι
2901 3875 2996 3937 Τίς
3059 3875 3157 3930 οὐκ
3209 3875 3542 3950 αἶ’σχύνηται
3599 3871 3684 3927 καὶ
3740 3889 3825 3922 1o-

2183 3970 2388 4024 σούτων
2467 3967 2753 4041 μαρτύρων
2832 3963 3047 4033 πλῆθος
3125 3962 3354 4025 ἀναιδῶς
3431 3967 3695 4038 παρορᾷν,
3747 3955 3828 4011 καὶ

2182 4057 2472 4134 δογμάτων
2526 4055 2748 4111 ἀτοπίαν
2799 4059 3170 4126 καινοτομεῖν,
3207 4053 3296 4107 καὶ
3335 4060 3436 4122 τῆς
3487 4050 3573 4106 ἐπὶ
3631 4047 3830 4104 τούτοις

2181 4147 2527 4225 εὐχαριστίας
2575 4146 2667 4200 τὸν
2729 4143 3003 4212 Δεσπότην
3059 4143 3396 4217 ἀποστερεῖν,
3447 4140 3537 4196 καὶ
3579 4139 3640 4194 τὸ
3682 4135 3828 4213 γένος

2181 4224 2340 4312 ἡμῶν
2393 4235 2523 4292 ὅλον
2585 4234 2636 4289 ἐν
2696 4233 2918 4294 ταύταις
2978 4235 3254 4305 ςημιοῦνς
3306 4231 3416 4286 Οὐκ
3475 4231 3525 4301 ἐξ
3585 4231 3742 4300 ἡμῶν
3793 4224 3824 4290 ἡ

2183 4328 2451 4404 ληφθεῖσα
2500 4325 2664 4398 σάρξς
2700 4323 2796 4378 Καὶ
2838 4321 2993 4377 ποίαν
3042 4318 3243 4397 ἔχομεν
3279 4320 3554 4395 σωτηρίας
3606 4312 3819 4404 ἐλπίδας

2184 4400 2302 4471 Ἔτι
2359 4417 2496 4487 ἡμῖν
2536 4415 2565 4467 6
2617 4412 2778 4485 νόμος
2825 4409 3177 4484 ἀπλήρωτος·
3214 4406 3290 4464 ἔτι
3328 4416 3429 4479 τῆς
3481 4400 3823 4484 παραϐάσεως

407 4515 580 4554 onere
615 4501 976 4571 premimur:
1004 4501 1197 4556 adhuc
1229 4518 1387 4556 mors
1413 4502 1469 4556 in
1496 4503 1664 4557 nobis
1690 4504 2068 4561 dominatur:

2185 4505 2527 4580 ἐγκλήματα·
2581 4499 2658 4556 ἔτι
2704 4505 2804 4570 τῆς
2853 4501 3089 4570 κατάρας
3138 4499 3200 4554 τὸ
3253 4500 3440 4575 βάρος·
3480 4497 3555 4553 ἔτι
3603 4498 3700 4551 τοῦ
3742 4502 3824 4580 ρα-

407 4587 600 4643 adhuc
649 4589 879 4661 generis
930 4589 1115 4644 nostri
1149 4591 1304 4661 viget
1351 4592 1784 4646 condemnatio.
1815 4593 1870 4646 Si
1921 4594 2074 4659 nihil

406 4678 648 4732 omnino
676 4680 747 4733 de
779 4679 1114 4733 substantia
1145 4678 1403 4733 humana
1437 4679 1647 4734 habuit
1677 4680 1727 4734 is
1749 4681 1849 4750 qui
1883 4680 2071 4752 legem

405 4764 697 4836 implevit,
724 4766 916 4821 adhuc
944 4771 1155 4822 natura
1177 4768 1659 4823 accusationibus
1686 4775 1775 4822 est
1800 4769 2051 4826 obnoxia

410 4855 700 4910 Fortassis
732 4855 831 4927 qui
865 4858 1096 4927 generis
1129 4857 1314 4911 nostri
1347 4861 1483 4911 sunt
1536 4856 1592 4910 in
1637 4857 1930 4925 judicium
1967 4848 2072 4929 pu:

408 4942 624 4998 blicum
660 4945 952 5000 vocabunt
984 4944 1400 5014 legislatorem,
1427 4951 1492 4999 ut
1526 4945 1626 5015 qui
1660 4946 1836 5001 nimis
1860 4950 2076 5005 arduas

407 5030 765 5103 inutilesque
798 5032 1136 5088 hominibus
1188 5032 1348 5105 leges
1398 5034 1757 5104 imposuisse
1786 5036 2052 5094 videatur

407 5138 473 5178 eo
505 5123 659 5194 quod
696 5139 867 5178 nemo
909 5138 1008 5177 eas
1064 5122 1249 5193 possit
1295 5121 1560 5192 implere.
1593 5123 1688 5177 Sic
1741 5126 1932 5182 carnis
1981 5103 2073 5184 re:

399 5211 580 5281 jectio
612 5209 1116 5282 blasphemiarum
1160 5211 1428 5265 omnium
1483 5209 1546 5264 ﬁt
1596 5212 2072 5288 fundamentum.

408 5299 817 5355 Necessarium
865 5300 1048 5370 igitur
1097 5304 1206 5365 est,
1243 5300 1361 5354 imo
1417 5303 1916 5371 pernecessarium
1949 5323 2072 5364 cre-

409 5390 545 5444 dere
577 5389 897 5460 Scripturis
948 5387 1193 5452 sanctis,
1221 5389 1484 5444 conﬁteri
1514 5406 1583 5444 ex
1614 5396 1813 5448 nostro
1864 5410 2076 5467 genere

413 5477 730 5548 primitias,
758 5477 1053 5533 celebrare
1098 5477 1460 5547 singularem
1495 5481 1853 5537 assumentis
1886 5484 1942 5538 in
1976 5502 2072 5557 ge-

414 5581 525 5619 nus
557 5564 862 5620 hominum
895 5583 1179 5637 amorem,
1211 5567 1626 5638 obstupescere
1657 5586 1904 5643 magnae,
1930 5593 2076 5632 (nco-

483 5687 528 5722 ⁸⁶τ
559 5687 728 5742 Rom.
760 5705 840 5754 ιχ,
870 5691 927 5743 5.

1000 5689 1045 5724 ⁸⁸
1077 5689 1230 5747 Psal.
1263 5707 1452 5761 CXXXI,
1488 5691 1573 5747 11.
1649 5692 1696 5728 ⁸⁹
1723 5695 1848 5752 Act.
1875 5714 2014 5773 xvu,
2046 5703 2137 5759 28.

2183 4575 2344 4649 νάτου
2369 4575 2434 4646 τὸ
2464 4592 2682 4667 κράτος·
2719 4585 2796 4643 ἔτι
2825 4592 2923 4643 τοῦ
2951 4588 3147 4662 γένους
3180 4591 3214 4658 ἡ
3247 4585 3536 4657 καταδίκη.
3574 4584 3636 4639 Ei
3672 4575 3825 4656 μηδὲν

2187 4683 2332 4759 εἶχεν
2361 4681 2421 4737 ἐκ
2447 4665 2546 4750 τῆς
2581 4679 2920 4753 ἀνθρωπίνης
2950 4676 3134 4738 οὐσίας
3175 4679 3204 4732 6
3249 4677 3340 4732 τὸν
3387 4676 3560 4748 νόμον
3610 4665 3826 4743 πΛηρώ·

2192 4793 2306 4844 σας,
2333 4768 2411 4827 ἔτι
2464 4775 2581 4832 ταῖς
2628 4767 2982 4844 κατηγορίαις
3037 4769 3072 4836 ἡ
3123 4764 3280 4844 φύσις
3333 4766 3645 4829 ὑπεύθυνος.
3678 4759 3825 4831 Τάχα

2191 4862 2279 4918 καὶ
2312 4859 2467 4932 δίκην
2503 4861 2552 4915 οἱ
2583 4863 2679 4914 τοῦ
2709 4857 2897 4932 γένους
2930 4857 3064 4931 πρὸς
3102 4856 3195 4910 τὸν
3231 4853 3538 4928 νομοθέτην
3589 4849 3826 4922 ἄντικρυς

2187 4953 2666 5028 συγκροτήσουσιν,
2698 4949 2771 5009 ὡς
2818 4947 3045 5022 περιττὰ
3074 4945 3164 5000 καὶ
3197 4944 3426 5010 ἀνόνητα
3472 4948 3591 5004 τοῖς
3631 4933 3823 5012 ἀνθρώ-

2185 5027 2309 5102 ποις
2365 5040 2828 5112 νομοθετήσαντα,
2887 5039 2968 5106 τῷ
3028 5031 3237 5106 μηδένα
3312 5033 3612 5103 δυνηθῆναι
3675 5027 3822 5112 ταῦτα

2186 5107 2499 5206 πληρῶσαι.
2533 5107 2715 5187 Οὕτως
2762 5127 2798 5194 ἡ
2846 5130 2946 5192 τῆς
2984 5125 3179 5199 σαρκὸς
3227 5122 3478 5192 ἀθέτησις
3532 5121 3706 5206 πάσης
3746 5107 3816 5184 γί-

2186 5203 2331 5274 νεται
2393 5215 2748 5295 βλασφημίας
2809 5212 3079 5275 ὑπόθεσις.
3126 5214 3445 5287 Ἀναγκαῖον
3506 5208 3622 5277 οὖν,
3679 5203 3821 5274 ἀναγ-

2185 5314 2337 5364 καῖον
2392 5310 2671 5361 πιστεῦσαι
2735 5308 2852 5364 ταῖς
2932 5301 3110 5377 ἁγίαις
3170 5306 3428 5378 Γραφαῖς,
3490 5295 3829 5378 ὁμολογῆσαι

2185 5399 2283 5467 τὴν
2317 5397 2365 5468 ἐξ
2397 5399 2556 5468 ἡμῶν
2589 5394 2868 5468 ἀπαρχὴν,
2901 5389 3116 5461 δοξάσαι
3157 5392 3256 5460 τὴν
3288 5377 3387 5445 τοῦ
3419 5383 3683 5444 λαϐόντος
3712 5377 3830 5457 φιλ·

2186 5484 2518 5560 ανθρωπίαν,
2549 5482 2884 5556 ἐκπλαγῆναι
2913 5480 2976 5536 τὸ
3021 5482 3202 5554 θαῦμα
3246 5482 3345 5547 τῆς
3400 5475 3647 5552 μεγάλης
3693 5468 3830 5524 obto-

2185 5574 2402 5647 νομίας,
2439 5574 2515 5646 μὴ
2549 5569 2847 5627 δεδοικέναι
2874 5571 2973 5638 τὴν
3032 5568 3092 5624 ἐκ
3139 5568 3313 5640 νόμου
3360 5567 3616 5640 κατάραν·
3658 5561 3832 5631 αΧρι·
