  <div class='ocr_page' id='page_1' title='image "/cluster/home/n/w/nwhite01/storage/ocr_20150623/28:no.4/coo.31924054873090/706.png"; bbox 0 0 4104 6350; ppageno 0'>
   <div class='ocr_carea' id='block_1_1' title="bbox 282 393 434 458">
    <p class='ocr_par' dir='ltr' id='par_1_1' title="bbox 282 393 434 458">
     <span class='ocr_line' id='line_1_1' title="bbox 282 393 434 458; baseline 0.013 -4"><span class='ocrx_word' id='word_1_1' title='bbox 282 393 434 458; x_wconf 76' lang='lat' dir='ltr'><strong>I385</strong></span> 
     </span>
    </p>
   </div>
   <div class='ocr_carea' id='block_1_2' title="bbox 1027 391 2947 466">
    <p class='ocr_par' dir='ltr' id='par_1_2' title="bbox 1027 391 2947 466">
     <span class='ocr_line' id='line_1_2' title="bbox 1027 391 2947 466; baseline 0.003 -10"><span class='ocrx_word' id='word_1_2' title='bbox 1027 391 1679 458; x_wconf 84' lang='lat' dir='ltr'><strong>CONFUTATIONES</strong></span> <span class='ocrx_word' id='word_1_3' title='bbox 1725 395 2054 466; x_wconf 81' lang='lat' dir='ltr'><strong>QUARUM</strong></span> <span class='ocrx_word' id='word_1_4' title='bbox 2070 391 2233 456; x_wconf 82' lang='lat' dir='ltr'><strong>DAM</strong></span> <span class='ocrx_word' id='word_1_5' title='bbox 2285 397 2800 462; x_wconf 72' lang='lat' dir='ltr'><strong>PROPOSITION</strong></span> <span class='ocrx_word' id='word_1_6' title='bbox 2813 399 2947 464; x_wconf 85' lang='lat' dir='ltr'><strong>UM.</strong></span> 
     </span>
    </p>
   </div>
   <div class='ocr_carea' id='block_1_3' title="bbox 3541 401 3698 464">
    <p class='ocr_par' dir='ltr' id='par_1_3' title="bbox 3541 401 3698 464">
     <span class='ocr_line' id='line_1_3' title="bbox 3541 401 3698 464; baseline 0 0"><span class='ocrx_word' id='word_1_7' title='bbox 3541 401 3698 464; x_wconf 79' lang='lat' dir='ltr'><strong>I386</strong></span> 
     </span>
    </p>
   </div>
   <div class='ocr_carea' id='block_1_4' title="bbox 283 524 1933 602">
    <p class='ocr_par' dir='ltr' id='par_1_4' title="bbox 283 524 1929 602">
     <span class='ocr_line' id='line_1_4' title="bbox 283 524 1929 602; baseline -0.001 -22"><span class='ocrx_word' id='word_1_8' title='bbox 283 528 404 588; x_wconf 88' lang='grc' dir='ltr'>στὸς</span> <span class='ocrx_word' id='word_1_9' title='bbox 451 528 556 602; x_wconf 87' lang='grc' dir='ltr'><strong>γάρ</strong></span> <span class='ocrx_word' id='word_1_10' title='bbox 605 529 755 600; x_wconf 81' lang='grc' dir='ltr'>ἡμᾶς</span> <span class='ocrx_word' id='word_1_11' title='bbox 803 525 1126 601; x_wconf 78' lang='grc' dir='ltr'><strong>ἐξηγόρασεν</strong></span> <span class='ocrx_word' id='word_1_12' title='bbox 1173 524 1234 580; x_wconf 84' lang='grc' dir='ltr'>ἐκ</span> <span class='ocrx_word' id='word_1_13' title='bbox 1277 527 1378 594; x_wconf 76' lang='grc' dir='ltr'><strong>της</strong></span> <span class='ocrx_word' id='word_1_14' title='bbox 1428 528 1799 599; x_wconf 85' lang='grc' dir='ltr'>κατάρας’του</span> <span class='ocrx_word' id='word_1_15' title='bbox 1838 525 1929 578; x_wconf 91' lang='grc' dir='ltr'>νό-</span> 
     </span>
    </p>
   </div>
   <div class='ocr_carea' id='block_1_5' title="bbox 2046 524 3694 602">
    <p class='ocr_par' dir='ltr' id='par_1_5' title="bbox 2047 528 3694 596">
     <span class='ocr_line' id='line_1_5' title="bbox 2047 528 3694 596; baseline 0.007 -16"><span class='ocrx_word' id='word_1_16' title='bbox 2047 528 2257 583; x_wconf 71' lang='grc' dir='ltr'><strong>[1011]ίῶ</strong></span> <span class='ocrx_word' id='word_1_17' title='bbox 2288 528 2630 585; x_wconf 84' lang='lat' dir='ltr'><strong>miraculum</strong></span> <span class='ocrx_word' id='word_1_18' title='bbox 2660 550 2670 596; x_wconf 90' lang='lat'><strong>;</strong></span> <span class='ocrx_word' id='word_1_19' title='bbox 2706 550 2820 588; x_wconf 92' lang='lat' dir='ltr'><strong>non</strong></span> <span class='ocrx_word' id='word_1_20' title='bbox 2855 535 3058 590; x_wconf 89' lang='lat' dir='ltr'><strong>timere</strong></span> <span class='ocrx_word' id='word_1_21' title='bbox 3090 536 3560 591; x_wconf 85' lang='lat' dir='ltr'><strong>maledictionem</strong></span> <span class='ocrx_word' id='word_1_22' title='bbox 3610 536 3694 591; x_wconf 89' lang='lat' dir='ltr'><strong>le-</strong></span> 
     </span>
    </p>
   </div>
   <div class='ocr_carea' id='block_1_6' title="bbox 286 611 1932 690">
    <p class='ocr_par' dir='ltr' id='par_1_6' title="bbox 286 611 1932 690">
     <span class='ocr_line' id='line_1_6' title="bbox 286 611 1932 690; baseline -0.003 -19"><span class='ocrx_word' id='word_1_23' title='bbox 286 636 410 688; x_wconf 89' lang='grc' dir='ltr'>μου·</span> <span class='ocrx_word' id='word_1_24' title='bbox 437 637 462 668; x_wconf 69' lang='grc' dir='ltr'><strong>ο</strong></span> <span class='ocrx_word' id='word_1_25' title='bbox 511 617 611 684; x_wconf 78' lang='grc' dir='ltr'><strong>τὴν</strong></span> <span class='ocrx_word' id='word_1_26' title='bbox 644 614 930 690; x_wconf 78' lang='grc' dir='ltr'>πλήρωσιν</span> <span class='ocrx_word' id='word_1_27' title='bbox 957 619 1053 669; x_wconf 80' lang='grc' dir='ltr'>τοῦ</span> <span class='ocrx_word' id='word_1_28' title='bbox 1105 613 1298 686; x_wconf 87' lang='grc' dir='ltr'>νόμου,</span> <span class='ocrx_word' id='word_1_29' title='bbox 1329 615 1426 681; x_wconf 78' lang='grc' dir='ltr'><strong>τήν</strong></span> <span class='ocrx_word' id='word_1_30' title='bbox 1481 611 1568 667; x_wconf 87' lang='grc' dir='ltr'><strong>διά</strong></span> <span class='ocrx_word' id='word_1_31' title='bbox 1613 621 1711 682; x_wconf 84' lang='grc' dir='ltr'>τῆς</span> <span class='ocrx_word' id='word_1_32' title='bbox 1762 613 1932 685; x_wconf 88' lang='grc' dir='ltr'>ἀπαρ-</span> 
     </span>
    </p>
   </div>
   <div class='ocr_carea' id='block_1_7' title="bbox 283 701 1931 780">
    <p class='ocr_par' dir='ltr' id='par_1_7' title="bbox 283 701 1931 780">
     <span class='ocr_line' id='line_1_7' title="bbox 283 701 1931 780; baseline -0.004 -19"><span class='ocrx_word' id='word_1_33' title='bbox 283 708 394 780; x_wconf 77' lang='grc' dir='ltr'><strong>χῆς</strong></span> <span class='ocrx_word' id='word_1_34' title='bbox 439 704 759 780; x_wconf 86' lang='grc' dir='ltr'>γενομένην,</span> <span class='ocrx_word' id='word_1_35' title='bbox 791 703 909 776; x_wconf 79' lang='grc' dir='ltr'>ὅλῳ</span> <span class='ocrx_word' id='word_1_36' title='bbox 959 703 1264 778; x_wconf 81' lang='grc' dir='ltr'>λογίζεσθαι</span> <span class='ocrx_word' id='word_1_37' title='bbox 1314 708 1391 773; x_wconf 76' lang='grc' dir='ltr'>τῷ</span> <span class='ocrx_word' id='word_1_38' title='bbox 1435 702 1729 778; x_wconf 72' lang='grc' dir='ltr'>φυράμασι-ι,</span> <span class='ocrx_word' id='word_1_39' title='bbox 1767 701 1931 774; x_wconf 85' lang='grc' dir='ltr'>γινώ-</span> 
     </span>
    </p>
   </div>
   <div class='ocr_carea' id='block_1_8' title="bbox 284 790 1933 868">
    <p class='ocr_par' dir='ltr' id='par_1_8' title="bbox 284 790 1933 868">
     <span class='ocr_line' id='line_1_8' title="bbox 284 790 1933 868; baseline -0.003 -20"><span class='ocrx_word' id='word_1_40' title='bbox 284 815 424 848; x_wconf 89' lang='grc' dir='ltr'>σκειν</span> <span class='ocrx_word' id='word_1_41' title='bbox 456 794 518 848; x_wconf 89' lang='grc' dir='ltr'>τὸ</span> <span class='ocrx_word' id='word_1_42' title='bbox 550 793 754 868; x_wconf 89' lang='grc' dir='ltr'>πρέπον</span> <span class='ocrx_word' id='word_1_43' title='bbox 805 793 894 847; x_wconf 89' lang='grc' dir='ltr'>καὶ</span> <span class='ocrx_word' id='word_1_44' title='bbox 937 793 1000 846; x_wconf 89' lang='grc' dir='ltr'>τὸ</span> <span class='ocrx_word' id='word_1_45' title='bbox 1051 790 1373 846; x_wconf 70' lang='grc' dir='ltr'>ἀκόλουθονι</span> <span class='ocrx_word' id='word_1_46' title='bbox 1410 796 1514 862; x_wconf 85' lang='grc' dir='ltr'>ὁτι,</span> <span class='ocrx_word' id='word_1_47' title='bbox 1547 795 1681 845; x_wconf 78' lang='grc' dir='ltr'><strong>Θεοῦ</strong></span> <span class='ocrx_word' id='word_1_48' title='bbox 1724 795 1933 865; x_wconf 87' lang='grc' dir='ltr'>γυμνοῦ</span> 
     </span>
    </p>
   </div>
   <div class='ocr_carea' id='block_1_9' title="bbox 277 877 1930 956">
    <p class='ocr_par' dir='ltr' id='par_1_9' title="bbox 277 877 1930 956">
     <span class='ocr_line' id='line_1_9' title="bbox 277 877 1930 956; baseline -0.004 -18"><span class='ocrx_word' id='word_1_49' title='bbox 277 884 370 938; x_wconf 91' lang='grc' dir='ltr'>τὸν</span> <span class='ocrx_word' id='word_1_50' title='bbox 401 884 570 955; x_wconf 86' lang='grc' dir='ltr'>νόμον</span> <span class='ocrx_word' id='word_1_51' title='bbox 602 881 1018 956; x_wconf 84' lang='grc' dir='ltr'>πληρώσαντος,</span> <span class='ocrx_word' id='word_1_52' title='bbox 1051 880 1182 954; x_wconf 80' lang='grc' dir='ltr'>ὅπερ</span> <span class='ocrx_word' id='word_1_53' title='bbox 1233 878 1361 934; x_wconf 72' lang='grc' dir='ltr'>οὐδὲ</span> <span class='ocrx_word' id='word_1_54' title='bbox 1411 878 1585 956; x_wconf 82' lang='grc' dir='ltr'>λέγειν</span> <span class='ocrx_word' id='word_1_55' title='bbox 1644 877 1930 952; x_wconf 73' lang='grc' dir='ltr'>ἁρμόδιον,</span> 
     </span>
    </p>
   </div>
   <div class='ocr_carea' id='block_1_10' title="bbox 277 968 1928 1044">
    <p class='ocr_par' dir='ltr' id='par_1_10' title="bbox 277 968 1928 1044">
     <span class='ocr_line' id='line_1_10' title="bbox 277 968 1928 1044; baseline -0.002 -18"><span class='ocrx_word' id='word_1_56' title='bbox 277 971 377 1026; x_wconf 84' lang='grc' dir='ltr'>ούκ</span> <span class='ocrx_word' id='word_1_57' title='bbox 425 972 490 1040; x_wconf 76' lang='grc' dir='ltr'><strong>ἦν</strong></span> <span class='ocrx_word' id='word_1_58' title='bbox 543 970 721 1040; x_wconf 82' lang='grc' dir='ltr'>ἀλλην</span> <span class='ocrx_word' id='word_1_59' title='bbox 773 969 960 1024; x_wconf 82' lang='grc' dir='ltr'>οὐσίαν</span> <span class='ocrx_word' id='word_1_60' title='bbox 1007 968 1254 1044; x_wconf 73' lang='grc' dir='ltr'><strong>μετέχειν</strong></span> <span class='ocrx_word' id='word_1_61' title='bbox 1323 973 1420 1022; x_wconf 78' lang='grc' dir='ltr'>τοῦ</span> <span class='ocrx_word' id='word_1_62' title='bbox 1482 969 1928 1043; x_wconf 59' lang='grc' dir='ltr'>κατορθώματος</span> 
     </span>
    </p>
   </div>
   <div class='ocr_carea' id='block_1_11' title="bbox 281 1055 1930 1134">
    <p class='ocr_par' dir='ltr' id='par_1_11' title="bbox 281 1055 1930 1134">
     <span class='ocr_line' id='line_1_11' title="bbox 281 1055 1930 1134; baseline -0.004 -19"><span class='ocrx_word' id='word_1_63' title='bbox 281 1061 476 1134; x_wconf 86' lang='grc' dir='ltr'>σαρκὸς</span> <span class='ocrx_word' id='word_1_64' title='bbox 511 1057 568 1113; x_wconf 74' lang='grc' dir='ltr'>δὲ</span> <span class='ocrx_word' id='word_1_65' title='bbox 599 1067 698 1126; x_wconf 80' lang='grc' dir='ltr'>τῆς</span> <span class='ocrx_word' id='word_1_66' title='bbox 726 1058 776 1129; x_wconf 80' lang='grc' dir='ltr'>ἐξ</span> <span class='ocrx_word' id='word_1_67' title='bbox 806 1061 966 1130; x_wconf 79' lang='grc' dir='ltr'>ἡμῶν</span> <span class='ocrx_word' id='word_1_68' title='bbox 999 1058 1051 1112; x_wconf 80' lang='grc' dir='ltr'>ἐν</span> <span class='ocrx_word' id='word_1_69' title='bbox 1099 1063 1177 1128; x_wconf 78' lang='grc' dir='ltr'>τῷ</span> <span class='ocrx_word' id='word_1_70' title='bbox 1225 1055 1578 1131; x_wconf 86' lang='grc' dir='ltr'>πληρώσαντι</span> <span class='ocrx_word' id='word_1_71' title='bbox 1628 1056 1718 1110; x_wconf 89' lang='grc' dir='ltr'>τὸν</span> <span class='ocrx_word' id='word_1_72' title='bbox 1765 1055 1930 1128; x_wconf 88' lang='grc' dir='ltr'>νόμον</span> 
     </span>
    </p>
   </div>
   <div class='ocr_carea' id='block_1_12' title="bbox 283 1145 1931 1224">
    <p class='ocr_par' dir='ltr' id='par_1_12' title="bbox 283 1145 1931 1224">
     <span class='ocr_line' id='line_1_12' title="bbox 283 1145 1931 1224; baseline -0.003 -22"><span class='ocrx_word' id='word_1_73' title='bbox 283 1147 721 1224; x_wconf 83' lang='grc' dir='ltr'>γνωριζομένης,</span> <span class='ocrx_word' id='word_1_74' title='bbox 766 1146 1106 1224; x_wconf 77' lang='grc' dir='ltr'><strong>ἀναφαίνεται</strong></span> <span class='ocrx_word' id='word_1_75' title='bbox 1153 1151 1250 1200; x_wconf 72' lang='grc' dir='ltr'>του</span> <span class='ocrx_word' id='word_1_76' title='bbox 1296 1146 1478 1221; x_wconf 91' lang='grc' dir='ltr'>γένους</span> <span class='ocrx_word' id='word_1_77' title='bbox 1526 1150 1587 1199; x_wconf 78' lang='grc' dir='ltr'><strong>τό</strong></span> <span class='ocrx_word' id='word_1_78' title='bbox 1646 1145 1931 1220; x_wconf 79' lang='grc' dir='ltr'>καύχημα,</span> 
     </span>
    </p>
   </div>
   <div class='ocr_carea' id='block_1_13' title="bbox 287 1233 1933 1308">
    <p class='ocr_par' dir='ltr' id='par_1_13' title="bbox 287 1233 1933 1308">
     <span class='ocr_line' id='line_1_13' title="bbox 287 1233 1933 1308; baseline -0.004 -16"><span class='ocrx_word' id='word_1_79' title='bbox 287 1239 361 1300; x_wconf 84' lang='grc' dir='ltr'><strong>ὡς</strong></span> <span class='ocrx_word' id='word_1_80' title='bbox 420 1241 741 1292; x_wconf 78' lang='grc' dir='ltr'>καταπατεῖν</span> <span class='ocrx_word' id='word_1_81' title='bbox 797 1233 968 1296; x_wconf 83' lang='grc' dir='ltr'>ἀδεῶς</span> <span class='ocrx_word' id='word_1_82' title='bbox 1031 1240 1119 1289; x_wconf 76' lang='grc' dir='ltr'>τοῦ</span> <span class='ocrx_word' id='word_1_83' title='bbox 1178 1233 1404 1297; x_wconf 78' lang='grc' dir='ltr'>θανάτου</span> <span class='ocrx_word' id='word_1_84' title='bbox 1453 1234 1514 1288; x_wconf 90' lang='grc' dir='ltr'>τὸ</span> <span class='ocrx_word' id='word_1_85' title='bbox 1574 1234 1812 1308; x_wconf 90' lang='grc' dir='ltr'>κέντρον,</span> <span class='ocrx_word' id='word_1_86' title='bbox 1847 1234 1933 1286; x_wconf 87' lang='grc' dir='ltr'>οἷα</span> 
     </span>
    </p>
   </div>
   <div class='ocr_carea' id='block_1_14' title="bbox 293 1319 1930 1400">
    <p class='ocr_par' dir='ltr' id='par_1_14' title="bbox 293 1319 1930 1400">
     <span class='ocr_line' id='line_1_14' title="bbox 293 1319 1930 1400; baseline -0.003 -22"><span class='ocrx_word' id='word_1_87' title='bbox 293 1326 478 1398; x_wconf 86' lang='grc' dir='ltr'>μηκέτι</span> <span class='ocrx_word' id='word_1_88' title='bbox 539 1327 724 1400; x_wconf 82' lang='grc' dir='ltr'>χώραν</span> <span class='ocrx_word' id='word_1_89' title='bbox 784 1319 911 1398; x_wconf 79' lang='grc' dir='ltr'>ἔχον</span> <span class='ocrx_word' id='word_1_90' title='bbox 973 1323 1108 1376; x_wconf 83' lang='grc' dir='ltr'><strong>κατά</strong></span> <span class='ocrx_word' id='word_1_91' title='bbox 1156 1325 1253 1390; x_wconf 71' lang='grc' dir='ltr'><strong>τῆς</strong></span> <span class='ocrx_word' id='word_1_92' title='bbox 1283 1321 1515 1398; x_wconf 79' lang='grc' dir='ltr'>φύσεως,</span> <span class='ocrx_word' id='word_1_93' title='bbox 1545 1324 1608 1390; x_wconf 72' lang='grc' dir='ltr'>ἧς</span> <span class='ocrx_word' id='word_1_94' title='bbox 1638 1323 1672 1389; x_wconf 75' lang='grc' dir='ltr'>ἡ</span> <span class='ocrx_word' id='word_1_95' title='bbox 1704 1320 1930 1395; x_wconf 83' lang='grc' dir='ltr'>ἀπαρχή</span> 
     </span>
    </p>
   </div>
   <div class='ocr_carea' id='block_1_15' title="bbox 288 1406 1928 1486">
    <p class='ocr_par' dir='ltr' id='par_1_15' title="bbox 288 1406 1928 1482">
     <span class='ocr_line' id='line_1_15' title="bbox 288 1406 1928 1482; baseline -0.004 -14"><span class='ocrx_word' id='word_1_96' title='bbox 288 1409 642 1468; x_wconf 71' lang='grc' dir='ltr'>πεολαϐοὖσα</span> <span class='ocrx_word' id='word_1_97' title='bbox 696 1412 1031 1480; x_wconf 77' lang='grc' dir='ltr'>κατεπάτησέ</span> <span class='ocrx_word' id='word_1_98' title='bbox 1087 1433 1144 1465; x_wconf 91' lang='grc' dir='ltr'><strong>τε</strong></span> <span class='ocrx_word' id='word_1_99' title='bbox 1197 1412 1283 1464; x_wconf 82' lang='grc' dir='ltr'>καὶ</span> <span class='ocrx_word' id='word_1_100' title='bbox 1341 1406 1614 1482; x_wconf 72' lang='grc' dir='ltr'>ἤμϐλυνε,</span> <span class='ocrx_word' id='word_1_101' title='bbox 1658 1410 1746 1463; x_wconf 86' lang='grc' dir='ltr'><strong>καὶ</strong></span> <span class='ocrx_word' id='word_1_102' title='bbox 1801 1416 1928 1463; x_wconf 78' lang='grc' dir='ltr'>πᾶσι</span> 
     </span>
    </p>
   </div>
   <div class='ocr_carea' id='block_1_16' title="bbox 291 1499 1930 1574">
    <p class='ocr_par' dir='ltr' id='par_1_16' title="bbox 291 1499 1930 1574">
     <span class='ocr_line' id='line_1_16' title="bbox 291 1499 1930 1574; baseline -0.004 -15"><span class='ocrx_word' id='word_1_103' title='bbox 291 1502 487 1558; x_wconf 64' lang='grc' dir='ltr'>δέδωκε</span> <span class='ocrx_word' id='word_1_104' title='bbox 533 1508 648 1563; x_wconf 83' lang='grc' dir='ltr'>τοῖς</span> <span class='ocrx_word' id='word_1_105' title='bbox 704 1500 1012 1555; x_wconf 87' lang='grc' dir='ltr'>πιστεύουσι</span> <span class='ocrx_word' id='word_1_106' title='bbox 1069 1499 1265 1574; x_wconf 83' lang='grc' dir='ltr'>λέγειν·</span> <span class='ocrx_word' id='word_1_107' title='bbox 1316 1525 1342 1550; x_wconf 79' lang='grc' dir='ltr'>(ι</span> <span class='ocrx_word' id='word_1_108' title='bbox 1402 1504 1513 1553; x_wconf 63' lang='lat' dir='ltr'><strong>llo?»</strong></span> <span class='ocrx_word' id='word_1_109' title='bbox 1559 1520 1674 1564; x_wconf 80' lang='grc' dir='ltr'>σου,</span> <span class='ocrx_word' id='word_1_110' title='bbox 1721 1499 1930 1566; x_wconf 75' lang='grc' dir='ltr'>θάνατε,</span> 
     </span>
    </p>
   </div>
   <div class='ocr_carea' id='block_1_17' title="bbox 283 1585 1928 1668">
    <p class='ocr_par' dir='ltr' id='par_1_17' title="bbox 283 1585 1928 1668">
     <span class='ocr_line' id='line_1_17' title="bbox 283 1585 1928 1668; baseline -0.005 -20"><span class='ocrx_word' id='word_1_111' title='bbox 283 1594 346 1648; x_wconf 84' lang='grc' dir='ltr'>τὸ</span> <span class='ocrx_word' id='word_1_112' title='bbox 393 1593 650 1668; x_wconf 87' lang='grc' dir='ltr'>κέντρον;</span> <span class='ocrx_word' id='word_1_113' title='bbox 702 1594 814 1644; x_wconf 80' lang='grc' dir='ltr'>Ηοῦ</span> <span class='ocrx_word' id='word_1_114' title='bbox 865 1611 980 1656; x_wconf 92' lang='grc' dir='ltr'>σου,</span> <span class='ocrx_word' id='word_1_115' title='bbox 1024 1585 1149 1658; x_wconf 69' lang='grc' dir='ltr'>ᾅδη,</span> <span class='ocrx_word' id='word_1_116' title='bbox 1194 1589 1257 1642; x_wconf 90' lang='grc' dir='ltr'>τὸ</span> <span class='ocrx_word' id='word_1_117' title='bbox 1305 1594 1518 1654; x_wconf 87' lang='grc' dir='ltr'>νεῖκος;</span> <span class='ocrx_word' id='word_1_118' title='bbox 1557 1612 1582 1637; x_wconf 86' lang='grc'><strong>››</strong></span> <span class='ocrx_word' id='word_1_119' title='bbox 1613 1587 1702 1641; x_wconf 78' lang='grc' dir='ltr'><strong>καὶ</strong></span> <span class='ocrx_word' id='word_1_120' title='bbox 1743 1585 1928 1641; x_wconf 74' lang='grc' dir='ltr'>πάλιν·</span> 
     </span>
    </p>
   </div>
   <div class='ocr_carea' id='block_1_18' title="bbox 284 1675 1930 1756">
    <p class='ocr_par' dir='ltr' id='par_1_18' title="bbox 284 1675 1930 1756">
     <span class='ocr_line' id='line_1_18' title="bbox 284 1675 1930 1756; baseline -0.003 -23"><span class='ocrx_word' id='word_1_121' title='bbox 284 1708 310 1733; x_wconf 86' lang='grc'><strong>‹‹</strong></span> <span class='ocrx_word' id='word_1_122' title='bbox 371 1685 573 1756; x_wconf 80' lang='grc' dir='ltr'>Ὥσπερ</span> <span class='ocrx_word' id='word_1_123' title='bbox 632 1677 701 1734; x_wconf 84' lang='grc' dir='ltr'>δι’</span> <span class='ocrx_word' id='word_1_124' title='bbox 759 1679 870 1740; x_wconf 72' lang='grc' dir='ltr'>ἕνὸς</span> <span class='ocrx_word' id='word_1_125' title='bbox 930 1678 1216 1751; x_wconf 82' lang='grc' dir='ltr'>ἀνθρώπου</span> <span class='ocrx_word' id='word_1_126' title='bbox 1274 1678 1302 1731; x_wconf 87' lang='grc' dir='ltr'>ὁ</span> <span class='ocrx_word' id='word_1_127' title='bbox 1362 1678 1607 1747; x_wconf 71' lang='grc' dir='ltr'>θάνατος,</span> <span class='ocrx_word' id='word_1_128' title='bbox 1640 1675 1784 1730; x_wconf 73' lang='grc' dir='ltr'>οὕτω</span> <span class='ocrx_word' id='word_1_129' title='bbox 1841 1675 1930 1729; x_wconf 81' lang='grc' dir='ltr'><strong>καὶ</strong></span> 
     </span>
    </p>
   </div>
   <div class='ocr_carea' id='block_1_19' title="bbox 282 1763 1932 1842">
    <p class='ocr_par' dir='ltr' id='par_1_19' title="bbox 282 1763 1932 1842">
     <span class='ocr_line' id='line_1_19' title="bbox 282 1763 1932 1842; baseline -0.005 -17"><span class='ocrx_word' id='word_1_130' title='bbox 282 1769 350 1826; x_wconf 87' lang='grc' dir='ltr'>δι’</span> <span class='ocrx_word' id='word_1_131' title='bbox 384 1771 496 1831; x_wconf 72' lang='grc' dir='ltr'>ἑνὸς</span> <span class='ocrx_word' id='word_1_132' title='bbox 553 1766 840 1842; x_wconf 87' lang='grc' dir='ltr'>ἀνθρώπου</span> <span class='ocrx_word' id='word_1_133' title='bbox 897 1767 1180 1826; x_wconf 79' lang='grc' dir='ltr'>ἀνάστασις</span> <span class='ocrx_word' id='word_1_134' title='bbox 1234 1769 1458 1840; x_wconf 83' lang='grc' dir='ltr'>νεκρῶν.</span> <span class='ocrx_word' id='word_1_135' title='bbox 1516 1788 1544 1815; x_wconf 86' lang='grc'><strong>››</strong></span> <span class='ocrx_word' id='word_1_136' title='bbox 1595 1769 1670 1818; x_wconf 85' lang='grc' dir='ltr'>Δι’</span> <span class='ocrx_word' id='word_1_137' title='bbox 1724 1763 1932 1838; x_wconf 84' lang='grc' dir='ltr'>ἀνθρώ·</span> 
     </span>
    </p>
   </div>
   <div class='ocr_carea' id='block_1_20' title="bbox 283 1851 1931 1934">
    <p class='ocr_par' dir='ltr' id='par_1_20' title="bbox 283 1851 1931 1934">
     <span class='ocr_line' id='line_1_20' title="bbox 283 1851 1931 1934; baseline -0.007 -19"><span class='ocrx_word' id='word_1_138' title='bbox 283 1881 389 1914; x_wconf 92' lang='grc' dir='ltr'>που</span> <span class='ocrx_word' id='word_1_139' title='bbox 422 1857 589 1934; x_wconf 83' lang='grc' dir='ltr'><strong>λέγει,</strong></span> <span class='ocrx_word' id='word_1_140' title='bbox 621 1857 687 1910; x_wconf 85' lang='grc' dir='ltr'><strong>ού</strong></span> <span class='ocrx_word' id='word_1_141' title='bbox 737 1856 883 1929; x_wconf 76' lang='grc' dir='ltr'>ποιρά</span> <span class='ocrx_word' id='word_1_142' title='bbox 932 1855 1241 1928; x_wconf 83' lang='grc' dir='ltr'>ἀνθρώπου.</span> <span class='ocrx_word' id='word_1_143' title='bbox 1273 1855 1339 1910; x_wconf 77' lang='grc' dir='ltr'><strong>’Ὁ</strong></span> <span class='ocrx_word' id='word_1_144' title='bbox 1386 1854 1485 1928; x_wconf 77' lang='grc' dir='ltr'><strong>γὰρ</strong></span> <span class='ocrx_word' id='word_1_145' title='bbox 1530 1853 1676 1925; x_wconf 82' lang='grc' dir='ltr'><strong>παρά</strong></span> <span class='ocrx_word' id='word_1_146' title='bbox 1724 1851 1931 1923; x_wconf 86' lang='grc' dir='ltr'>ἀνθρώ-</span> 
     </span>
    </p>
   </div>
   <div class='ocr_carea' id='block_1_21' title="bbox 280 1939 1932 2021">
    <p class='ocr_par' dir='ltr' id='par_1_21' title="bbox 280 1939 1932 2021">
     <span class='ocr_line' id='line_1_21' title="bbox 280 1939 1932 2021; baseline -0.006 -17"><span class='ocrx_word' id='word_1_147' title='bbox 280 1971 390 2004; x_wconf 89' lang='grc' dir='ltr'><strong>που</strong></span> <span class='ocrx_word' id='word_1_148' title='bbox 443 1947 682 2021; x_wconf 83' lang='grc' dir='ltr'>γίνεσθαι</span> <span class='ocrx_word' id='word_1_149' title='bbox 733 1941 991 1999; x_wconf 86' lang='grc' dir='ltr'>ἀδύνατον</span> <span class='ocrx_word' id='word_1_150' title='bbox 1040 1945 1130 2012; x_wconf 80' lang='grc' dir='ltr'>ἦν,</span> <span class='ocrx_word' id='word_1_151' title='bbox 1161 1947 1321 1997; x_wconf 74' lang='grc' dir='ltr'><strong>τοῦτο</strong></span> <span class='ocrx_word' id='word_1_152' title='bbox 1374 1939 1443 1996; x_wconf 86' lang='grc' dir='ltr'>δι’</span> <span class='ocrx_word' id='word_1_153' title='bbox 1491 1942 1781 2017; x_wconf 86' lang='grc' dir='ltr'>ἀνθρώπου</span> <span class='ocrx_word' id='word_1_154' title='bbox 1834 1944 1932 1995; x_wconf 76' lang='grc' dir='ltr'>τοῦ</span> 
     </span>
    </p>
   </div>
   <div class='ocr_carea' id='block_1_22' title="bbox 281 2028 1928 2108">
    <p class='ocr_par' dir='ltr' id='par_1_22' title="bbox 281 2028 1928 2108">
     <span class='ocr_line' id='line_1_22' title="bbox 281 2028 1928 2108; baseline -0.006 -16"><span class='ocrx_word' id='word_1_155' title='bbox 281 2037 634 2108; x_wconf 77' lang='grc' dir='ltr'>συνημμένου</span> <span class='ocrx_word' id='word_1_156' title='bbox 683 2038 801 2105; x_wconf 88' lang='grc' dir='ltr'><strong>Θεῷ</strong></span> <span class='ocrx_word' id='word_1_157' title='bbox 844 2031 1044 2108; x_wconf 76' lang='grc' dir='ltr'>ῥᾳδίως</span> <span class='ocrx_word' id='word_1_158' title='bbox 1093 2031 1320 2107; x_wconf 83' lang='grc' dir='ltr'>ἐγένετο.</span> <span class='ocrx_word' id='word_1_159' title='bbox 1351 2030 1510 2088; x_wconf 66' lang='grc' dir='ltr'>Οὕτω</span> <span class='ocrx_word' id='word_1_160' title='bbox 1555 2037 1656 2091; x_wconf 62' lang='grc' dir='ltr'>ταῖς</span> <span class='ocrx_word' id='word_1_161' title='bbox 1703 2028 1928 2083; x_wconf 80' lang='grc' dir='ltr'>ἀναστά-</span> 
     </span>
    </p>
   </div>
   <div class='ocr_carea' id='block_1_23' title="bbox 279 2119 1934 2198">
    <p class='ocr_par' dir='ltr' id='par_1_23' title="bbox 279 2119 1934 2198">
     <span class='ocr_line' id='line_1_23' title="bbox 279 2119 1934 2198; baseline -0.005 -18"><span class='ocrx_word' id='word_1_162' title='bbox 279 2147 416 2186; x_wconf 86' lang='grc' dir='ltr'>σεως</span> <span class='ocrx_word' id='word_1_163' title='bbox 476 2125 536 2178; x_wconf 89' lang='grc' dir='ltr'>τὸ</span> <span class='ocrx_word' id='word_1_164' title='bbox 591 2121 768 2198; x_wconf 89' lang='grc' dir='ltr'>δῶρον</span> <span class='ocrx_word' id='word_1_165' title='bbox 835 2121 1221 2197; x_wconf 84' lang='grc' dir='ltr'>καρπούμεθα·</span> <span class='ocrx_word' id='word_1_166' title='bbox 1282 2119 1425 2174; x_wconf 70' lang='grc' dir='ltr'>οὕτω</span> <span class='ocrx_word' id='word_1_167' title='bbox 1501 2121 1596 2188; x_wconf 76' lang='grc' dir='ltr'>την</span> <span class='ocrx_word' id='word_1_168' title='bbox 1671 2119 1934 2172; x_wconf 70' lang='grc' dir='ltr'>υἱοθεσίαν</span> 
     </span>
    </p>
   </div>
   <div class='ocr_carea' id='block_1_24' title="bbox 285 2205 1937 2286">
    <p class='ocr_par' dir='ltr' id='par_1_24' title="bbox 285 2205 1937 2286">
     <span class='ocr_line' id='line_1_24' title="bbox 285 2205 1937 2286; baseline -0.007 -17"><span class='ocrx_word' id='word_1_169' title='bbox 285 2208 788 2285; x_wconf 55' lang='grc' dir='ltr'>ἀπολαμϐάνομεν</span> <span class='ocrx_word' id='word_1_170' title='bbox 839 2211 1012 2272; x_wconf 74' lang='grc' dir='ltr'>οὕτως</span> <span class='ocrx_word' id='word_1_171' title='bbox 1070 2207 1295 2286; x_wconf 67' lang='grc' dir='ltr'>ἀδελφοὶ</span> <span class='ocrx_word' id='word_1_172' title='bbox 1349 2212 1446 2262; x_wconf 74' lang='grc' dir='ltr'><strong>τοῦ</strong></span> <span class='ocrx_word' id='word_1_173' title='bbox 1491 2205 1688 2279; x_wconf 79' lang='grc' dir='ltr'>Κυρίου</span> <span class='ocrx_word' id='word_1_174' title='bbox 1739 2205 1937 2260; x_wconf 83' lang='grc' dir='ltr'><strong>καλού⁹</strong></span> 
     </span>
    </p>
   </div>
   <div class='ocr_carea' id='block_1_25' title="bbox 289 2295 1930 2376">
    <p class='ocr_par' dir='ltr' id='par_1_25' title="bbox 289 2295 1930 2376">
     <span class='ocr_line' id='line_1_25' title="bbox 289 2295 1930 2376; baseline -0.006 -18"><span class='ocrx_word' id='word_1_175' title='bbox 289 2305 466 2376; x_wconf 84' lang='grc' dir='ltr'>μεθα’</span> <span class='ocrx_word' id='word_1_176' title='bbox 531 2301 672 2356; x_wconf 77' lang='grc' dir='ltr'>οὕτω</span> <span class='ocrx_word' id='word_1_177' title='bbox 751 2297 1195 2374; x_wconf 86' lang='grc' dir='ltr'>συγκληρονόμοι</span> <span class='ocrx_word' id='word_1_178' title='bbox 1271 2296 1580 2371; x_wconf 78' lang='grc' dir='ltr'>γινόμεθαο</span> <span class='ocrx_word' id='word_1_179' title='bbox 1642 2295 1784 2349; x_wconf 72' lang='grc' dir='ltr'>οὕτω</span> <span class='ocrx_word' id='word_1_180' title='bbox 1838 2295 1930 2348; x_wconf 87' lang='grc' dir='ltr'><strong>τὸν</strong></span> 
     </span>
    </p>
   </div>
   <div class='ocr_carea' id='block_1_26' title="bbox 284 2382 1930 2467">
    <p class='ocr_par' dir='ltr' id='par_1_26' title="bbox 284 2382 1930 2467">
     <span class='ocr_line' id='line_1_26' title="bbox 284 2382 1930 2467; baseline -0.007 -19"><span class='ocrx_word' id='word_1_181' title='bbox 284 2392 479 2467; x_wconf 81' lang='grc' dir='ltr'>ἐχθρὸν</span> <span class='ocrx_word' id='word_1_182' title='bbox 514 2390 564 2444; x_wconf 84' lang='grc' dir='ltr'>έν</span> <span class='ocrx_word' id='word_1_183' title='bbox 596 2394 665 2464; x_wconf 79' lang='grc' dir='ltr'><strong>τῇ</strong></span> <span class='ocrx_word' id='word_1_184' title='bbox 701 2391 923 2463; x_wconf 83' lang='grc' dir='ltr'>ἀπαρχῇ</span> <span class='ocrx_word' id='word_1_185' title='bbox 962 2389 1341 2460; x_wconf 73' lang='grc' dir='ltr'>νενικήκαμεν·</span> <span class='ocrx_word' id='word_1_186' title='bbox 1377 2385 1519 2439; x_wconf 74' lang='grc' dir='ltr'>οὕτω</span> <span class='ocrx_word' id='word_1_187' title='bbox 1566 2386 1666 2453; x_wconf 75' lang='grc' dir='ltr'>τὴν</span> <span class='ocrx_word' id='word_1_188' title='bbox 1719 2382 1930 2458; x_wconf 68' lang='grc' dir='ltr'>παρρη-</span> 
     </span>
    </p>
   </div>
   <div class='ocr_carea' id='block_1_27' title="bbox 284 2470 1932 2556">
    <p class='ocr_par' dir='ltr' id='par_1_27' title="bbox 284 2470 1932 2556">
     <span class='ocr_line' id='line_1_27' title="bbox 284 2470 1932 2556; baseline -0.007 -19"><span class='ocrx_word' id='word_1_189' title='bbox 284 2484 398 2537; x_wconf 86' lang='grc' dir='ltr'>σίαν</span> <span class='ocrx_word' id='word_1_190' title='bbox 429 2485 478 2556; x_wconf 79' lang='grc' dir='ltr'>εξ</span> <span class='ocrx_word' id='word_1_191' title='bbox 509 2482 718 2550; x_wconf 74' lang='grc' dir='ltr'>ἰκείνης</span> <span class='ocrx_word' id='word_1_192' title='bbox 751 2477 1045 2554; x_wconf 85' lang='grc' dir='ltr'>δεχόμεθα·</span> <span class='ocrx_word' id='word_1_193' title='bbox 1081 2478 1222 2532; x_wconf 77' lang='grc' dir='ltr'>οὕτω</span> <span class='ocrx_word' id='word_1_194' title='bbox 1251 2477 1313 2531; x_wconf 83' lang='grc' dir='ltr'>τὸ</span> <span class='ocrx_word' id='word_1_195' title='bbox 1344 2477 1478 2530; x_wconf 89' lang='grc' dir='ltr'><strong>κατά</strong></span> <span class='ocrx_word' id='word_1_196' title='bbox 1515 2480 1612 2530; x_wconf 72' lang='grc' dir='ltr'>τοῦ</span> <span class='ocrx_word' id='word_1_197' title='bbox 1666 2470 1932 2529; x_wconf 85' lang='grc' dir='ltr'>διαϐόλου</span> 
     </span>
    </p>
   </div>
   <div class='ocr_carea' id='block_1_28' title="bbox 279 2563 1932 2648">
    <p class='ocr_par' dir='ltr' id='par_1_28' title="bbox 279 2563 1932 2648">
     <span class='ocr_line' id='line_1_28' title="bbox 279 2563 1932 2648; baseline -0.007 -21"><span class='ocrx_word' id='word_1_198' title='bbox 279 2573 537 2648; x_wconf 88' lang='grc' dir='ltr'>τρόπαιον</span> <span class='ocrx_word' id='word_1_199' title='bbox 597 2570 673 2632; x_wconf 86' lang='grc' dir='ltr'>ὡς</span> <span class='ocrx_word' id='word_1_200' title='bbox 740 2569 1005 2641; x_wconf 73' lang='grc' dir='ltr'>ἡμέτερον</span> <span class='ocrx_word' id='word_1_201' title='bbox 1085 2566 1448 2638; x_wconf 87' lang='grc' dir='ltr'>οἰκειούμεθα,</span> <span class='ocrx_word' id='word_1_202' title='bbox 1509 2571 1606 2633; x_wconf 81' lang='grc' dir='ltr'>τῆς</span> <span class='ocrx_word' id='word_1_203' title='bbox 1664 2563 1714 2632; x_wconf 77' lang='grc' dir='ltr'>ἐξ</span> <span class='ocrx_word' id='word_1_204' title='bbox 1773 2563 1932 2634; x_wconf 77' lang='grc' dir='ltr'>ἡμῶν</span> 
     </span>
    </p>
   </div>
   <div class='ocr_carea' id='block_1_29' title="bbox 285 2651 1930 2739">
    <p class='ocr_par' dir='ltr' id='par_1_29' title="bbox 285 2651 1930 2739">
     <span class='ocr_line' id='line_1_29' title="bbox 285 2651 1930 2739; baseline -0.009 -22"><span class='ocrx_word' id='word_1_205' title='bbox 285 2660 581 2739; x_wconf 66' lang='grc' dir='ltr'>ληφθείσης</span> <span class='ocrx_word' id='word_1_206' title='bbox 612 2658 807 2732; x_wconf 81' lang='grc' dir='ltr'>σαρκὸς</span> <span class='ocrx_word' id='word_1_207' title='bbox 857 2656 1179 2717; x_wconf 80' lang='grc' dir='ltr'>ἐπισείοντες</span> <span class='ocrx_word' id='word_1_208' title='bbox 1224 2655 1397 2709; x_wconf 80' lang='grc' dir='ltr'>αὐτῶν</span> <span class='ocrx_word' id='word_1_209' title='bbox 1443 2656 1543 2722; x_wconf 79' lang='grc' dir='ltr'>τήν</span> <span class='ocrx_word' id='word_1_210' title='bbox 1590 2651 1767 2715; x_wconf 81' lang='grc' dir='ltr'>ἔνθεον</span> <span class='ocrx_word' id='word_1_211' title='bbox 1812 2653 1930 2725; x_wconf 79' lang='grc' dir='ltr'>ἀρι-</span> 
     </span>
    </p>
   </div>
   <div class='ocr_carea' id='block_1_30' title="bbox 284 2744 1933 2822">
    <p class='ocr_par' dir='ltr' id='par_1_30' title="bbox 284 2744 1933 2822">
     <span class='ocr_line' id='line_1_30' title="bbox 284 2744 1933 2822; baseline -0.007 -17"><span class='ocrx_word' id='word_1_212' title='bbox 284 2751 494 2805; x_wconf 88' lang='grc' dir='ltr'>στείαν·</span> <span class='ocrx_word' id='word_1_213' title='bbox 557 2747 700 2802; x_wconf 72' lang='grc' dir='ltr'>οὕτω</span> <span class='ocrx_word' id='word_1_214' title='bbox 756 2745 1074 2822; x_wconf 81' lang='grc' dir='ltr'>σύμμορφοι</span> <span class='ocrx_word' id='word_1_215' title='bbox 1143 2744 1382 2820; x_wconf 83' lang='grc' dir='ltr'>γενέσθαι</span> <span class='ocrx_word' id='word_1_216' title='bbox 1440 2747 1518 2813; x_wconf 76' lang='grc' dir='ltr'>τῷ</span> <span class='ocrx_word' id='word_1_217' title='bbox 1567 2744 1778 2813; x_wconf 80' lang='grc' dir='ltr'>σώματι</span> <span class='ocrx_word' id='word_1_218' title='bbox 1833 2747 1933 2808; x_wconf 77' lang='grc' dir='ltr'>τῆς</span> 
     </span>
    </p>
   </div>
   <div class='ocr_carea' id='block_1_31' title="bbox 287 2825 1932 2911">
    <p class='ocr_par' dir='ltr' id='par_1_31' title="bbox 287 2825 1932 2911">
     <span class='ocr_line' id='line_1_31' title="bbox 287 2825 1932 2911; baseline -0.007 -17"><span class='ocrx_word' id='word_1_219' title='bbox 287 2837 446 2911; x_wconf 80' lang='grc' dir='ltr'>δόξης</span> <span class='ocrx_word' id='word_1_220' title='bbox 497 2837 662 2891; x_wconf 83' lang='grc' dir='ltr'>αύτοῦ</span> <span class='ocrx_word' id='word_1_221' title='bbox 711 2835 903 2896; x_wconf 73' lang='grc' dir='ltr'>πάντες</span> <span class='ocrx_word' id='word_1_222' title='bbox 955 2835 1008 2888; x_wconf 78' lang='lat' dir='ltr'><strong>oi.</strong></span> <span class='ocrx_word' id='word_1_223' title='bbox 1051 2831 1391 2893; x_wconf 66' lang='grc' dir='ltr'>πιστεύοντες</span> <span class='ocrx_word' id='word_1_224' title='bbox 1436 2831 1676 2906; x_wconf 77' lang='grc' dir='ltr'>γνησίως</span> <span class='ocrx_word' id='word_1_225' title='bbox 1709 2825 1932 2882; x_wconf 80' lang='grc' dir='ltr'>ἀπεκδε-</span> 
     </span>
    </p>
   </div>
   <div class='ocr_carea' id='block_1_32' title="bbox 285 2919 1930 3004">
    <p class='ocr_par' dir='ltr' id='par_1_32' title="bbox 285 2919 1930 3004">
     <span class='ocr_line' id='line_1_32' title="bbox 285 2919 1930 3004; baseline -0.009 -21"><span class='ocrx_word' id='word_1_226' title='bbox 285 2928 518 3004; x_wconf 85' lang='grc' dir='ltr'>χόμεθα·</span> <span class='ocrx_word' id='word_1_227' title='bbox 574 2925 746 2986; x_wconf 72' lang='grc' dir='ltr'>οὕτως</span> <span class='ocrx_word' id='word_1_228' title='bbox 807 2923 1005 2992; x_wconf 73' lang='grc' dir='ltr'>ἀληθὲς</span> <span class='ocrx_word' id='word_1_229' title='bbox 1059 2921 1375 2996; x_wconf 80' lang='grc' dir='ltr'>εὑρίσκομεν</span> <span class='ocrx_word' id='word_1_230' title='bbox 1419 2921 1503 2989; x_wconf 81' lang='grc' dir='ltr'><strong>τὸ,</strong></span> <span class='ocrx_word' id='word_1_231' title='bbox 1538 2944 1564 2969; x_wconf 87' lang='grc'><strong>‹‹</strong></span> <span class='ocrx_word' id='word_1_232' title='bbox 1611 2919 1930 2993; x_wconf 76' lang='grc' dir='ltr'>Συνήγειρεν</span> 
     </span>
    </p>
   </div>
   <div class='ocr_carea' id='block_1_33' title="bbox 286 3008 1932 3088">
    <p class='ocr_par' dir='ltr' id='par_1_33' title="bbox 286 3008 1932 3088">
     <span class='ocr_line' id='line_1_33' title="bbox 286 3008 1932 3088; baseline -0.008 -17"><span class='ocrx_word' id='word_1_233' title='bbox 286 3019 432 3088; x_wconf 75' lang='grc' dir='ltr'><strong>ἡμᾶς</strong></span> <span class='ocrx_word' id='word_1_234' title='bbox 489 3015 578 3070; x_wconf 85' lang='grc' dir='ltr'>καὶ</span> <span class='ocrx_word' id='word_1_235' title='bbox 633 3013 969 3068; x_wconf 76' lang='grc' dir='ltr'>συνεκάθισεν</span> <span class='ocrx_word' id='word_1_236' title='bbox 1016 3011 1068 3065; x_wconf 78' lang='grc' dir='ltr'><strong>ἐν</strong></span> <span class='ocrx_word' id='word_1_237' title='bbox 1116 3015 1233 3072; x_wconf 86' lang='grc' dir='ltr'>τοῖς</span> <span class='ocrx_word' id='word_1_238' title='bbox 1293 3008 1655 3082; x_wconf 81' lang='grc' dir='ltr'>ἐπουρανίοις.</span> <span class='ocrx_word' id='word_1_239' title='bbox 1690 3030 1714 3060; x_wconf 79' lang='grc' dir='ltr'><strong>ιι</strong></span> <span class='ocrx_word' id='word_1_240' title='bbox 1749 3008 1932 3076; x_wconf 80' lang='grc' dir='ltr'>Μήπω</span> 
     </span>
    </p>
   </div>
   <div class='ocr_carea' id='block_1_34' title="bbox 283 3095 1933 3184">
    <p class='ocr_par' dir='ltr' id='par_1_34' title="bbox 283 3095 1933 3184">
     <span class='ocr_line' id='line_1_34' title="bbox 283 3095 1933 3184; baseline -0.007 -23"><span class='ocrx_word' id='word_1_241' title='bbox 283 3108 386 3184; x_wconf 75' lang='grc' dir='ltr'><strong>γὰρ</strong></span> <span class='ocrx_word' id='word_1_242' title='bbox 446 3105 782 3160; x_wconf 79' lang='grc' dir='ltr'>ἀναστάντων</span> <span class='ocrx_word' id='word_1_243' title='bbox 843 3104 1004 3175; x_wconf 78' lang='grc' dir='ltr'>ἡμῶν</span> <span class='ocrx_word' id='word_1_244' title='bbox 1057 3100 1108 3155; x_wconf 68' lang='grc' dir='ltr'><strong>ἂν</strong></span> <span class='ocrx_word' id='word_1_245' title='bbox 1160 3104 1228 3173; x_wconf 81' lang='grc' dir='ltr'><strong>τῇ</strong></span> <span class='ocrx_word' id='word_1_246' title='bbox 1279 3105 1394 3162; x_wconf 85' lang='grc' dir='ltr'>καθ’</span> <span class='ocrx_word' id='word_1_247' title='bbox 1421 3095 1644 3152; x_wconf 72' lang='grc' dir='ltr'>ἕκαστον</span> <span class='ocrx_word' id='word_1_248' title='bbox 1701 3097 1933 3150; x_wconf 81' lang='grc' dir='ltr'>ὑποστά-</span> 
     </span>
    </p>
   </div>
   <div class='ocr_carea' id='block_1_35' title="bbox 285 3183 1933 3268">
    <p class='ocr_par' dir='ltr' id='par_1_35' title="bbox 285 3183 1933 3268">
     <span class='ocr_line' id='line_1_35' title="bbox 285 3183 1933 3268; baseline -0.007 -18"><span class='ocrx_word' id='word_1_249' title='bbox 285 3183 387 3264; x_wconf 85' lang='grc' dir='ltr'>σει,</span> <span class='ocrx_word' id='word_1_250' title='bbox 450 3192 591 3268; x_wconf 73' lang='grc' dir='ltr'>μηδὲ</span> <span class='ocrx_word' id='word_1_251' title='bbox 643 3191 942 3268; x_wconf 88' lang='grc' dir='ltr'>γενομένων</span> <span class='ocrx_word' id='word_1_252' title='bbox 1004 3190 1055 3244; x_wconf 80' lang='grc' dir='ltr'><strong>ἐν</strong></span> <span class='ocrx_word' id='word_1_253' title='bbox 1109 3195 1224 3251; x_wconf 88' lang='grc' dir='ltr'>τοῖς</span> <span class='ocrx_word' id='word_1_254' title='bbox 1281 3187 1643 3262; x_wconf 80' lang='grc' dir='ltr'>ἐπουρανίοις,</span> <span class='ocrx_word' id='word_1_255' title='bbox 1691 3183 1780 3240; x_wconf 88' lang='grc' dir='ltr'><strong>διά</strong></span> <span class='ocrx_word' id='word_1_256' title='bbox 1834 3186 1933 3253; x_wconf 79' lang='grc' dir='ltr'>τήν</span> 
     </span>
    </p>
   </div>
   <div class='ocr_carea' id='block_1_36' title="bbox 2042 618 3698 696">
    <p class='ocr_par' dir='ltr' id='par_1_36' title="bbox 2042 618 3698 696">
     <span class='ocr_line' id='line_1_36' title="bbox 2042 618 3698 696; baseline 0.005 -25"><span class='ocrx_word' id='word_1_257' title='bbox 2042 618 2132 688; x_wconf 81' lang='lat' dir='ltr'><strong>gis</strong></span> <span class='ocrx_word' id='word_1_258' title='bbox 2166 635 2177 672; x_wconf 93' lang='lat'>:</span> <span class='ocrx_word' id='word_1_259' title='bbox 2215 641 2242 668; x_wconf 86' lang='lat'><strong>«</strong></span> <span class='ocrx_word' id='word_1_260' title='bbox 2275 618 2542 675; x_wconf 80' lang='lat' dir='ltr'><strong>Christus</strong></span> <span class='ocrx_word' id='word_1_261' title='bbox 2574 624 2726 674; x_wconf 90' lang='lat' dir='ltr'><strong>enim</strong></span> <span class='ocrx_word' id='word_1_262' title='bbox 2786 641 2890 677; x_wconf 88' lang='lat' dir='ltr'><strong>nos</strong></span> <span class='ocrx_word' id='word_1_263' title='bbox 2911 641 2944 677; x_wconf 88' lang='lat' dir='ltr'><strong>a</strong></span> <span class='ocrx_word' id='word_1_264' title='bbox 2975 626 3284 679; x_wconf 89' lang='lat' dir='ltr'><strong>maledicto</strong></span> <span class='ocrx_word' id='word_1_265' title='bbox 3316 626 3460 696; x_wconf 82' lang='lat' dir='ltr'><strong>legis</strong></span> <span class='ocrx_word' id='word_1_266' title='bbox 3491 626 3698 681; x_wconf 87' lang='lat' dir='ltr'><strong>libera-</strong></span> 
     </span>
    </p>
   </div>
   <div class='ocr_carea' id='block_1_37' title="bbox 2041 707 3692 784">
    <p class='ocr_par' dir='ltr' id='par_1_37' title="bbox 2041 707 3692 784">
     <span class='ocr_line' id='line_1_37' title="bbox 2041 707 3692 784; baseline 0.004 -25"><span class='ocrx_word' id='word_1_267' title='bbox 2041 707 2124 760; x_wconf 89' lang='lat' dir='ltr'><strong>vit</strong></span> <span class='ocrx_word' id='word_1_268' title='bbox 2151 707 2214 775; x_wconf 72' lang='lat'><strong>’0,</strong></span> <span class='ocrx_word' id='word_1_269' title='bbox 2250 730 2278 755; x_wconf 88' lang='grc'><strong>››</strong></span> <span class='ocrx_word' id='word_1_270' title='bbox 2307 708 2706 779; x_wconf 88' lang='lat' dir='ltr'><strong>impletioncm</strong></span> <span class='ocrx_word' id='word_1_271' title='bbox 2744 711 2889 782; x_wconf 81' lang='lat' dir='ltr'><strong>legis</strong></span> <span class='ocrx_word' id='word_1_272' title='bbox 2921 731 2952 765; x_wconf 76' lang='grc' dir='ltr'><strong>ιι</strong></span> <span class='ocrx_word' id='word_1_273' title='bbox 2985 714 3261 784; x_wconf 90' lang='lat' dir='ltr'><strong>primitiis</strong></span> <span class='ocrx_word' id='word_1_274' title='bbox 3321 714 3534 768; x_wconf 80' lang='lat' dir='ltr'><strong>factam</strong></span> <span class='ocrx_word' id='word_1_275' title='bbox 3589 715 3692 768; x_wconf 90' lang='lat' dir='ltr'><strong>toti</strong></span> 
     </span>
    </p>
   </div>
   <div class='ocr_carea' id='block_1_38' title="bbox 2045 797 3690 872">
    <p class='ocr_par' dir='ltr' id='par_1_38' title="bbox 2045 797 3690 872">
     <span class='ocr_line' id='line_1_38' title="bbox 2045 797 3690 872; baseline 0.005 -25"><span class='ocrx_word' id='word_1_276' title='bbox 2045 811 2252 849; x_wconf 76' lang='lat' dir='ltr'><strong>massae</strong></span> <span class='ocrx_word' id='word_1_277' title='bbox 2311 797 2948 867; x_wconf 71' lang='lat' dir='ltr'><strong>ascribore,ugnoscere</strong></span> <span class='ocrx_word' id='word_1_278' title='bbox 2979 802 3116 870; x_wconf 93' lang='lat' dir='ltr'><strong>quid</strong></span> <span class='ocrx_word' id='word_1_279' title='bbox 3153 807 3440 871; x_wconf 81' lang='lat' dir='ltr'><strong>congruat</strong></span> <span class='ocrx_word' id='word_1_280' title='bbox 3467 808 3524 856; x_wconf 89' lang='lat' dir='ltr'><strong>et</strong></span> <span class='ocrx_word' id='word_1_281' title='bbox 3552 803 3690 872; x_wconf 84' lang='lat' dir='ltr'><strong>quid</strong></span> 
     </span>
    </p>
   </div>
   <div class='ocr_carea' id='block_1_39' title="bbox 2043 886 3690 961">
    <p class='ocr_par' dir='ltr' id='par_1_39' title="bbox 2043 886 3690 961">
     <span class='ocr_line' id='line_1_39' title="bbox 2043 886 3690 961; baseline 0.004 -24"><span class='ocrx_word' id='word_1_282' title='bbox 2043 894 2454 954; x_wconf 78' lang='lat' dir='ltr'><strong>consequatur.</strong></span> <span class='ocrx_word' id='word_1_283' title='bbox 2492 886 2634 940; x_wconf 87' lang='lat' dir='ltr'><strong>Nam</strong></span> <span class='ocrx_word' id='word_1_284' title='bbox 2669 887 2717 941; x_wconf 87' lang='lat' dir='ltr'><strong>si</strong></span> <span class='ocrx_word' id='word_1_285' title='bbox 2755 888 2918 943; x_wconf 88' lang='lat' dir='ltr'><strong>solus</strong></span> <span class='ocrx_word' id='word_1_286' title='bbox 2952 889 3102 943; x_wconf 85' lang='lat' dir='ltr'><strong>Deus</strong></span> <span class='ocrx_word' id='word_1_287' title='bbox 3160 889 3344 958; x_wconf 85' lang='lat' dir='ltr'><strong>legem</strong></span> <span class='ocrx_word' id='word_1_288' title='bbox 3405 890 3690 961; x_wconf 84' lang='lat' dir='ltr'><strong>implevit,</strong></span> 
     </span>
    </p>
   </div>
   <div class='ocr_carea' id='block_1_40' title="bbox 2045 973 3692 1045">
    <p class='ocr_par' dir='ltr' id='par_1_40' title="bbox 2045 973 3692 1045">
     <span class='ocr_line' id='line_1_40' title="bbox 2045 973 3692 1045; baseline 0.004 -20"><span class='ocrx_word' id='word_1_289' title='bbox 2045 973 2198 1042; x_wconf 90' lang='lat' dir='ltr'><strong>quod</strong></span> <span class='ocrx_word' id='word_1_290' title='bbox 2235 989 2305 1028; x_wconf 87' lang='lat' dir='ltr'><strong>ne</strong></span> <span class='ocrx_word' id='word_1_291' title='bbox 2335 974 2524 1028; x_wconf 85' lang='lat' dir='ltr'><strong>dicere</strong></span> <span class='ocrx_word' id='word_1_292' title='bbox 2558 976 2792 1045; x_wconf 88' lang='lat' dir='ltr'><strong>quidem</strong></span> <span class='ocrx_word' id='word_1_293' title='bbox 2824 979 3114 1045; x_wconf 85' lang='lat' dir='ltr'><strong>convenit,</strong></span> <span class='ocrx_word' id='word_1_294' title='bbox 3147 977 3310 1031; x_wconf 90' lang='lat' dir='ltr'><strong>nulla</strong></span> <span class='ocrx_word' id='word_1_295' title='bbox 3339 979 3453 1032; x_wconf 87' lang='lat' dir='ltr'><strong>alia</strong></span> <span class='ocrx_word' id='word_1_296' title='bbox 3483 985 3692 1033; x_wconf 87' lang='lat' dir='ltr'><strong>natura</strong></span> 
     </span>
    </p>
   </div>
   <div class='ocr_carea' id='block_1_41' title="bbox 2044 1060 3690 1136">
    <p class='ocr_par' dir='ltr' id='par_1_41' title="bbox 2044 1060 3690 1136">
     <span class='ocr_line' id='line_1_41' title="bbox 2044 1060 3690 1136; baseline 0.004 -23"><span class='ocrx_word' id='word_1_297' title='bbox 2044 1060 2303 1130; x_wconf 61' lang='lat' dir='ltr'><strong>praclari</strong></span> <span class='ocrx_word' id='word_1_298' title='bbox 2339 1061 2470 1116; x_wconf 82' lang='lat' dir='ltr'><strong>facti</strong></span> <span class='ocrx_word' id='word_1_299' title='bbox 2505 1071 2592 1116; x_wconf 88' lang='lat' dir='ltr'><strong>est</strong></span> <span class='ocrx_word' id='word_1_300' title='bbox 2620 1065 2931 1136; x_wconf 81' lang='lat' dir='ltr'><strong>particeps.</strong></span> <span class='ocrx_word' id='word_1_301' title='bbox 2956 1069 3027 1119; x_wconf 85' lang='lat' dir='ltr'><strong>At</strong></span> <span class='ocrx_word' id='word_1_302' title='bbox 3047 1065 3097 1120; x_wconf 89' lang='lat' dir='ltr'><strong>si</strong></span> <span class='ocrx_word' id='word_1_303' title='bbox 3120 1073 3395 1135; x_wconf 86' lang='lat' dir='ltr'><strong>suscepta</strong></span> <span class='ocrx_word' id='word_1_304' title='bbox 3423 1083 3490 1121; x_wconf 87' lang='lat' dir='ltr'><strong>ex</strong></span> <span class='ocrx_word' id='word_1_305' title='bbox 3523 1067 3690 1121; x_wconf 88' lang='lat' dir='ltr'><strong>nobis</strong></span> 
     </span>
    </p>
   </div>
   <div class='ocr_carea' id='block_1_42' title="bbox 2043 1151 3690 1225">
    <p class='ocr_par' dir='ltr' id='par_1_42' title="bbox 2043 1151 3690 1225">
     <span class='ocr_line' id='line_1_42' title="bbox 2043 1151 3690 1225; baseline 0.003 -23"><span class='ocrx_word' id='word_1_306' title='bbox 2043 1164 2176 1204; x_wconf 89' lang='lat' dir='ltr'><strong>caro</strong></span> <span class='ocrx_word' id='word_1_307' title='bbox 2209 1153 2265 1203; x_wconf 93' lang='lat' dir='ltr'><strong>in</strong></span> <span class='ocrx_word' id='word_1_308' title='bbox 2296 1166 2384 1215; x_wconf 85' lang='lat' dir='ltr'><strong>eo,</strong></span> <span class='ocrx_word' id='word_1_309' title='bbox 2417 1153 2515 1220; x_wconf 92' lang='lat' dir='ltr'><strong>qui</strong></span> <span class='ocrx_word' id='word_1_310' title='bbox 2550 1151 2733 1222; x_wconf 84' lang='lat' dir='ltr'><strong>legem</strong></span> <span class='ocrx_word' id='word_1_311' title='bbox 2768 1153 3049 1224; x_wconf 83' lang='lat' dir='ltr'><strong>implevit,</strong></span> <span class='ocrx_word' id='word_1_312' title='bbox 3081 1162 3449 1225; x_wconf 74' lang='lat' dir='ltr'><strong>agnoscatur,</strong></span> <span class='ocrx_word' id='word_1_313' title='bbox 3503 1155 3690 1210; x_wconf 88' lang='lat' dir='ltr'><strong>mani-</strong></span> 
     </span>
    </p>
   </div>
   <div class='ocr_carea' id='block_1_43' title="bbox 2044 1237 3692 1313">
    <p class='ocr_par' dir='ltr' id='par_1_43' title="bbox 2044 1237 3692 1313">
     <span class='ocr_line' id='line_1_43' title="bbox 2044 1237 3692 1313; baseline 0.005 -23"><span class='ocrx_word' id='word_1_314' title='bbox 2044 1237 2190 1293; x_wconf 82' lang='lat' dir='ltr'><strong>festa</strong></span> <span class='ocrx_word' id='word_1_315' title='bbox 2220 1239 2286 1292; x_wconf 81' lang='lat' dir='ltr'><strong>ﬁt</strong></span> <span class='ocrx_word' id='word_1_316' title='bbox 2314 1241 2544 1309; x_wconf 86' lang='lat' dir='ltr'><strong>generis</strong></span> <span class='ocrx_word' id='word_1_317' title='bbox 2579 1243 2794 1296; x_wconf 86' lang='lat' dir='ltr'><strong>nostris</strong></span> <span class='ocrx_word' id='word_1_318' title='bbox 2825 1243 3028 1312; x_wconf 85' lang='lat' dir='ltr'><strong>gloria,</strong></span> <span class='ocrx_word' id='word_1_319' title='bbox 3063 1244 3216 1313; x_wconf 91' lang='lat' dir='ltr'><strong>quod</strong></span> <span class='ocrx_word' id='word_1_320' title='bbox 3251 1261 3452 1299; x_wconf 71' lang='lat' dir='ltr'><strong>secure</strong></span> <span class='ocrx_word' id='word_1_321' title='bbox 3484 1245 3692 1298; x_wconf 90' lang='lat' dir='ltr'><strong>mortis</strong></span> 
     </span>
    </p>
   </div>
   <div class='ocr_carea' id='block_1_44' title="bbox 2042 1327 3692 1402">
    <p class='ocr_par' dir='ltr' id='par_1_44' title="bbox 2042 1327 3692 1402">
     <span class='ocr_line' id='line_1_44' title="bbox 2042 1327 3692 1402; baseline 0.004 -23"><span class='ocrx_word' id='word_1_322' title='bbox 2042 1327 2348 1380; x_wconf 87' lang='lat' dir='ltr'><strong>stimulum</strong></span> <span class='ocrx_word' id='word_1_323' title='bbox 2385 1331 2571 1398; x_wconf 90' lang='lat' dir='ltr'><strong>possit</strong></span> <span class='ocrx_word' id='word_1_324' title='bbox 2600 1329 2963 1394; x_wconf 83' lang='lat' dir='ltr'><strong>conculcare,</strong></span> <span class='ocrx_word' id='word_1_325' title='bbox 2988 1333 3203 1402; x_wconf 88' lang='lat' dir='ltr'><strong>quippe</strong></span> <span class='ocrx_word' id='word_1_326' title='bbox 3233 1333 3324 1385; x_wconf 92' lang='lat' dir='ltr'><strong>cui</strong></span> <span class='ocrx_word' id='word_1_327' title='bbox 3361 1333 3503 1386; x_wconf 87' lang='lat' dir='ltr'><strong>nihil</strong></span> <span class='ocrx_word' id='word_1_328' title='bbox 3539 1331 3692 1386; x_wconf 89' lang='lat' dir='ltr'><strong>ultra</strong></span> 
     </span>
    </p>
   </div>
   <div class='ocr_carea' id='block_1_45' title="bbox 2041 1414 3692 1491">
    <p class='ocr_par' dir='ltr' id='par_1_45' title="bbox 2041 1414 3692 1491">
     <span class='ocr_line' id='line_1_45' title="bbox 2041 1414 3692 1491; baseline 0.004 -23"><span class='ocrx_word' id='word_1_329' title='bbox 2041 1414 2099 1468; x_wconf 89' lang='lat' dir='ltr'><strong>in</strong></span> <span class='ocrx_word' id='word_1_330' title='bbox 2129 1431 2256 1469; x_wconf 83' lang='lat' dir='ltr'><strong>eam</strong></span> <span class='ocrx_word' id='word_1_331' title='bbox 2291 1421 2559 1469; x_wconf 88' lang='lat' dir='ltr'><strong>naturam</strong></span> <span class='ocrx_word' id='word_1_332' title='bbox 2585 1417 2742 1485; x_wconf 84' lang='lat' dir='ltr'><strong>juris</strong></span> <span class='ocrx_word' id='word_1_333' title='bbox 2774 1419 2869 1482; x_wconf 88' lang='lat' dir='ltr'><strong>sit,</strong></span> <span class='ocrx_word' id='word_1_334' title='bbox 2931 1436 2963 1471; x_wconf 88' lang='lat' dir='ltr'><strong>a</strong></span> <span class='ocrx_word' id='word_1_335' title='bbox 2995 1421 3164 1489; x_wconf 88' lang='lat' dir='ltr'><strong>cujus</strong></span> <span class='ocrx_word' id='word_1_336' title='bbox 3199 1421 3474 1489; x_wconf 89' lang='lat' dir='ltr'><strong>primitiis</strong></span> <span class='ocrx_word' id='word_1_337' title='bbox 3503 1419 3692 1491; x_wconf 84' lang='lat' dir='ltr'><strong>(Chri-</strong></span> 
     </span>
    </p>
   </div>
   <div class='ocr_carea' id='block_1_46' title="bbox 2041 1504 3692 1574">
    <p class='ocr_par' dir='ltr' id='par_1_46' title="bbox 2041 1504 3692 1574">
     <span class='ocr_line' id='line_1_46' title="bbox 2041 1504 3692 1574; baseline 0.004 -16"><span class='ocrx_word' id='word_1_338' title='bbox 2041 1505 2154 1574; x_wconf 86' lang='lat' dir='ltr'><strong>sto)</strong></span> <span class='ocrx_word' id='word_1_339' title='bbox 2177 1506 2301 1573; x_wconf 87' lang='lat' dir='ltr'><strong>jam</strong></span> <span class='ocrx_word' id='word_1_340' title='bbox 2335 1504 2470 1559; x_wconf 91' lang='lat' dir='ltr'><strong>olim</strong></span> <span class='ocrx_word' id='word_1_341' title='bbox 2505 1506 2613 1559; x_wconf 84' lang='lat' dir='ltr'><strong>fuit</strong></span> <span class='ocrx_word' id='word_1_342' title='bbox 2641 1507 2889 1560; x_wconf 83' lang='lat' dir='ltr'><strong>contrita</strong></span> <span class='ocrx_word' id='word_1_343' title='bbox 2918 1513 2973 1560; x_wconf 90' lang='lat' dir='ltr'><strong>et</strong></span> <span class='ocrx_word' id='word_1_344' title='bbox 3004 1508 3207 1572; x_wconf 84' lang='lat' dir='ltr'><strong>fracta,</strong></span> <span class='ocrx_word' id='word_1_345' title='bbox 3245 1517 3307 1562; x_wconf 90' lang='lat' dir='ltr'><strong>ut</strong></span> <span class='ocrx_word' id='word_1_346' title='bbox 3335 1525 3539 1564; x_wconf 88' lang='lat' dir='ltr'><strong>omnes</strong></span> <span class='ocrx_word' id='word_1_347' title='bbox 3571 1525 3692 1564; x_wconf 90' lang='lat' dir='ltr'><strong>cre-</strong></span> 
     </span>
    </p>
   </div>
   <div class='ocr_carea' id='block_1_47' title="bbox 2042 1593 3694 1665">
    <p class='ocr_par' dir='ltr' id='par_1_47' title="bbox 2042 1593 3694 1665">
     <span class='ocr_line' id='line_1_47' title="bbox 2042 1593 3694 1665; baseline 0.003 -20"><span class='ocrx_word' id='word_1_348' title='bbox 2042 1593 2245 1646; x_wconf 86' lang='lat' dir='ltr'><strong>dentes</strong></span> <span class='ocrx_word' id='word_1_349' title='bbox 2277 1609 2431 1646; x_wconf 90' lang='lat' dir='ltr'><strong>nunc</strong></span> <span class='ocrx_word' id='word_1_350' title='bbox 2465 1594 2690 1662; x_wconf 88' lang='lat' dir='ltr'><strong>possint</strong></span> <span class='ocrx_word' id='word_1_351' title='bbox 2721 1595 2912 1650; x_wconf 80' lang='lat' dir='ltr'><strong>dicere</strong></span> <span class='ocrx_word' id='word_1_352' title='bbox 2945 1612 2958 1649; x_wconf 94' lang='lat'><strong>:</strong></span> <span class='ocrx_word' id='word_1_353' title='bbox 2998 1619 3017 1644; x_wconf 77' lang='grc' dir='ltr'><strong>α</strong></span> <span class='ocrx_word' id='word_1_354' title='bbox 3057 1596 3158 1651; x_wconf 91' lang='lat' dir='ltr'><strong>Ubi</strong></span> <span class='ocrx_word' id='word_1_355' title='bbox 3191 1601 3352 1665; x_wconf 70' lang='lat' dir='ltr'><strong>eet,o</strong></span> <span class='ocrx_word' id='word_1_356' title='bbox 3385 1613 3564 1663; x_wconf 89' lang='lat' dir='ltr'><strong>mors,</strong></span> <span class='ocrx_word' id='word_1_357' title='bbox 3589 1598 3694 1652; x_wconf 81' lang='lat' dir='ltr'><strong>sti-</strong></span> 
     </span>
    </p>
   </div>
   <div class='ocr_carea' id='block_1_48' title="bbox 2042 1680 3694 1750">
    <p class='ocr_par' dir='ltr' id='par_1_48' title="bbox 2042 1680 3694 1750">
     <span class='ocr_line' id='line_1_48' title="bbox 2042 1680 3694 1750; baseline 0.004 -16"><span class='ocrx_word' id='word_1_358' title='bbox 2042 1680 2240 1734; x_wconf 90' lang='lat' dir='ltr'><strong>mulus</strong></span> <span class='ocrx_word' id='word_1_359' title='bbox 2269 1682 2438 1736; x_wconf 83' lang='lat' dir='ltr'><strong>tuus?</strong></span> <span class='ocrx_word' id='word_1_360' title='bbox 2472 1681 2574 1736; x_wconf 93' lang='lat' dir='ltr'><strong>Ubi</strong></span> <span class='ocrx_word' id='word_1_361' title='bbox 2609 1688 2732 1744; x_wconf 85' lang='lat' dir='ltr'><strong>tua.</strong></span> <span class='ocrx_word' id='word_1_362' title='bbox 2767 1685 3009 1750; x_wconf 79' lang='lat' dir='ltr'><strong>inferne,</strong></span> <span class='ocrx_word' id='word_1_363' title='bbox 3041 1685 3280 1740; x_wconf 87' lang='lat' dir='ltr'><strong>victoria</strong></span> <span class='ocrx_word' id='word_1_364' title='bbox 3305 1684 3381 1739; x_wconf 67' lang='lat'><strong>9&#39;?</strong></span> <span class='ocrx_word' id='word_1_365' title='bbox 3413 1708 3439 1734; x_wconf 87' lang='grc'><strong>››</strong></span> <span class='ocrx_word' id='word_1_366' title='bbox 3474 1686 3538 1739; x_wconf 86' lang='lat' dir='ltr'><strong>Et</strong></span> <span class='ocrx_word' id='word_1_367' title='bbox 3565 1701 3694 1740; x_wconf 89' lang='lat' dir='ltr'><strong>rur-</strong></span> 
     </span>
    </p>
   </div>
   <div class='ocr_carea' id='block_1_49' title="bbox 2042 1769 3694 1846">
    <p class='ocr_par' dir='ltr' id='par_1_49' title="bbox 2042 1769 3694 1846">
     <span class='ocr_line' id='line_1_49' title="bbox 2042 1769 3694 1846; baseline 0.004 -23"><span class='ocrx_word' id='word_1_368' title='bbox 2042 1784 2172 1823; x_wconf 90' lang='lat' dir='ltr'><strong>sum</strong></span> <span class='ocrx_word' id='word_1_369' title='bbox 2210 1784 2222 1822; x_wconf 93' lang='lat'><strong>:</strong></span> <span class='ocrx_word' id='word_1_370' title='bbox 2257 1791 2285 1818; x_wconf 88' lang='lat'><strong>«</strong></span> <span class='ocrx_word' id='word_1_371' title='bbox 2321 1769 2484 1824; x_wconf 87' lang='lat' dir='ltr'><strong>Sicut</strong></span> <span class='ocrx_word' id='word_1_372' title='bbox 2516 1787 2616 1841; x_wconf 89' lang='lat' dir='ltr'><strong>per</strong></span> <span class='ocrx_word' id='word_1_373' title='bbox 2649 1788 2832 1826; x_wconf 90' lang='lat' dir='ltr'><strong>unum</strong></span> <span class='ocrx_word' id='word_1_374' title='bbox 2867 1772 3165 1827; x_wconf 90' lang='lat' dir='ltr'><strong>hominem</strong></span> <span class='ocrx_word' id='word_1_375' title='bbox 3212 1790 3372 1830; x_wconf 89' lang='lat' dir='ltr'><strong>mors</strong></span> <span class='ocrx_word' id='word_1_376' title='bbox 3408 1793 3420 1830; x_wconf 92' lang='lat'>:</span> <span class='ocrx_word' id='word_1_377' title='bbox 3455 1775 3536 1829; x_wconf 91' lang='lat' dir='ltr'><strong>ita</strong></span> <span class='ocrx_word' id='word_1_378' title='bbox 3592 1791 3694 1846; x_wconf 87' lang='lat' dir='ltr'><strong>per</strong></span> 
     </span>
    </p>
   </div>
   <div class='ocr_carea' id='block_1_50' title="bbox 2041 1858 3696 1918">
    <p class='ocr_par' dir='ltr' id='par_1_50' title="bbox 2041 1858 3696 1918">
     <span class='ocr_line' id='line_1_50' title="bbox 2041 1858 3696 1918; baseline 0.005 -8"><span class='ocrx_word' id='word_1_379' title='bbox 2041 1873 2226 1911; x_wconf 90' lang='lat' dir='ltr'><strong>unum</strong></span> <span class='ocrx_word' id='word_1_380' title='bbox 2286 1858 2585 1913; x_wconf 89' lang='lat' dir='ltr'><strong>hominem</strong></span> <span class='ocrx_word' id='word_1_381' title='bbox 2647 1861 2995 1915; x_wconf 88' lang='lat' dir='ltr'><strong>resurrectio</strong></span> <span class='ocrx_word' id='word_1_382' title='bbox 3026 1867 3393 1917; x_wconf 87' lang='lat' dir='ltr'><strong>mortuorum</strong></span> <span class='ocrx_word' id='word_1_383' title='bbox 3423 1863 3491 1918; x_wconf 76' lang='lat'><strong>“.</strong></span> <span class='ocrx_word' id='word_1_384' title='bbox 3528 1885 3556 1913; x_wconf 66' lang='grc' dir='ltr'>κ</span> <span class='ocrx_word' id='word_1_385' title='bbox 3588 1863 3696 1918; x_wconf 90' lang='lat' dir='ltr'><strong>Per</strong></span> 
     </span>
    </p>
   </div>
   <div class='ocr_carea' id='block_1_51' title="bbox 2043 1944 3692 2016">
    <p class='ocr_par' dir='ltr' id='par_1_51' title="bbox 2043 1944 3692 2016">
     <span class='ocr_line' id='line_1_51' title="bbox 2043 1944 3692 2016; baseline 0.005 -17"><span class='ocrx_word' id='word_1_386' title='bbox 2043 1944 2342 2001; x_wconf 89' lang='lat' dir='ltr'><strong>hominem</strong></span> <span class='ocrx_word' id='word_1_387' title='bbox 2373 1947 2532 2015; x_wconf 88' lang='lat' dir='ltr'><strong>dicit,</strong></span> <span class='ocrx_word' id='word_1_388' title='bbox 2566 1964 2681 2002; x_wconf 87' lang='lat' dir='ltr'><strong>non</strong></span> <span class='ocrx_word' id='word_1_389' title='bbox 2735 1949 2806 2003; x_wconf 87' lang='lat' dir='ltr'><strong>ab</strong></span> <span class='ocrx_word' id='word_1_390' title='bbox 2869 1948 3122 2004; x_wconf 88' lang='lat' dir='ltr'><strong>homine.</strong></span> <span class='ocrx_word' id='word_1_391' title='bbox 3185 1951 3347 2016; x_wconf 88' lang='lat' dir='ltr'><strong>Quod</strong></span> <span class='ocrx_word' id='word_1_392' title='bbox 3405 1952 3561 2006; x_wconf 89' lang='lat' dir='ltr'><strong>enim</strong></span> <span class='ocrx_word' id='word_1_393' title='bbox 3621 1953 3692 2008; x_wconf 91' lang='lat' dir='ltr'><strong>ab</strong></span> 
     </span>
    </p>
   </div>
   <div class='ocr_carea' id='block_1_52' title="bbox 2044 2034 3693 2109">
    <p class='ocr_par' dir='ltr' id='par_1_52' title="bbox 2044 2034 3693 2109">
     <span class='ocr_line' id='line_1_52' title="bbox 2044 2034 3693 2109; baseline 0.005 -21"><span class='ocrx_word' id='word_1_394' title='bbox 2044 2034 2281 2090; x_wconf 86' lang='lat' dir='ltr'><strong>homine</strong></span> <span class='ocrx_word' id='word_1_395' title='bbox 2312 2052 2422 2089; x_wconf 92' lang='lat' dir='ltr'><strong>non</strong></span> <span class='ocrx_word' id='word_1_396' title='bbox 2457 2037 2578 2090; x_wconf 82' lang='lat' dir='ltr'><strong>ﬁeri</strong></span> <span class='ocrx_word' id='word_1_397' title='bbox 2613 2053 2725 2091; x_wconf 92' lang='lat' dir='ltr'><strong>non</strong></span> <span class='ocrx_word' id='word_1_398' title='bbox 2762 2042 3006 2107; x_wconf 90' lang='lat' dir='ltr'><strong>poterat,</strong></span> <span class='ocrx_word' id='word_1_399' title='bbox 3032 2039 3087 2093; x_wconf 91' lang='lat' dir='ltr'><strong>id</strong></span> <span class='ocrx_word' id='word_1_400' title='bbox 3122 2055 3224 2109; x_wconf 91' lang='lat' dir='ltr'><strong>per</strong></span> <span class='ocrx_word' id='word_1_401' title='bbox 3254 2040 3549 2095; x_wconf 86' lang='lat' dir='ltr'><strong>hominem</strong></span> <span class='ocrx_word' id='word_1_402' title='bbox 3579 2040 3693 2096; x_wconf 90' lang='lat' dir='ltr'><strong>Deo</strong></span> 
     </span>
    </p>
   </div>
   <div class='ocr_carea' id='block_1_53' title="bbox 2041 2123 3695 2195">
    <p class='ocr_par' dir='ltr' id='par_1_53' title="bbox 2041 2123 3695 2195">
     <span class='ocr_line' id='line_1_53' title="bbox 2041 2123 3695 2195; baseline 0.006 -19"><span class='ocrx_word' id='word_1_403' title='bbox 2041 2123 2381 2193; x_wconf 84' lang='lat' dir='ltr'><strong>cOpulatum</strong></span> <span class='ocrx_word' id='word_1_404' title='bbox 2418 2124 2580 2178; x_wconf 89' lang='lat' dir='ltr'><strong>nullo</strong></span> <span class='ocrx_word' id='word_1_405' title='bbox 2611 2126 2844 2195; x_wconf 84' lang='lat' dir='ltr'><strong>negotio</strong></span> <span class='ocrx_word' id='word_1_406' title='bbox 2872 2127 3059 2182; x_wconf 82' lang='lat' dir='ltr'><strong>ﬁebat.</strong></span> <span class='ocrx_word' id='word_1_407' title='bbox 3118 2128 3207 2181; x_wconf 82' lang='lat' dir='ltr'><strong>Sic</strong></span> <span class='ocrx_word' id='word_1_408' title='bbox 3250 2130 3695 2186; x_wconf 89' lang='lat' dir='ltr'><strong>resurrectionis</strong></span> 
     </span>
    </p>
   </div>
   <div class='ocr_carea' id='block_1_54' title="bbox 2043 2211 3690 2286">
    <p class='ocr_par' dir='ltr' id='par_1_54' title="bbox 2043 2211 3690 2286">
     <span class='ocr_line' id='line_1_54' title="bbox 2043 2211 3690 2286; baseline 0.006 -22"><span class='ocrx_word' id='word_1_409' title='bbox 2043 2211 2262 2264; x_wconf 92' lang='lat' dir='ltr'><strong>donum</strong></span> <span class='ocrx_word' id='word_1_410' title='bbox 2289 2215 2722 2282; x_wconf 87' lang='lat' dir='ltr'><strong>consequimur;</strong></span> <span class='ocrx_word' id='word_1_411' title='bbox 2750 2214 2831 2267; x_wconf 88' lang='lat' dir='ltr'><strong>sic</strong></span> <span class='ocrx_word' id='word_1_412' title='bbox 2854 2215 3225 2286; x_wconf 85' lang='lat' dir='ltr'><strong>adOptionem</strong></span> <span class='ocrx_word' id='word_1_413' title='bbox 3261 2218 3690 2285; x_wconf 89' lang='lat' dir='ltr'><strong>nanciscimur;</strong></span> 
     </span>
    </p>
   </div>
   <div class='ocr_carea' id='block_1_55' title="bbox 2043 2299 3692 2372">
    <p class='ocr_par' dir='ltr' id='par_1_55' title="bbox 2043 2299 3692 2372">
     <span class='ocr_line' id='line_1_55' title="bbox 2043 2299 3692 2372; baseline 0.004 -19"><span class='ocrx_word' id='word_1_414' title='bbox 2043 2300 2128 2353; x_wconf 86' lang='lat' dir='ltr'><strong>sic</strong></span> <span class='ocrx_word' id='word_1_415' title='bbox 2160 2299 2391 2354; x_wconf 90' lang='lat' dir='ltr'><strong>Domini</strong></span> <span class='ocrx_word' id='word_1_416' title='bbox 2422 2300 2626 2355; x_wconf 84' lang='lat' dir='ltr'><strong>fratres</strong></span> <span class='ocrx_word' id='word_1_417' title='bbox 2656 2301 3055 2372; x_wconf 88' lang='lat' dir='ltr'><strong>appellamur;</strong></span> <span class='ocrx_word' id='word_1_418' title='bbox 3087 2305 3171 2358; x_wconf 81' lang='lat' dir='ltr'><strong>sic</strong></span> <span class='ocrx_word' id='word_1_419' title='bbox 3201 2304 3529 2361; x_wconf 63' lang='lat' dir='ltr'><strong>coheredes</strong></span> <span class='ocrx_word' id='word_1_420' title='bbox 3569 2305 3692 2361; x_wconf 80' lang='lat' dir='ltr'><strong>effi-</strong></span> 
     </span>
    </p>
   </div>
   <div class='ocr_carea' id='block_1_56' title="bbox 2043 2387 3692 2461">
    <p class='ocr_par' dir='ltr' id='par_1_56' title="bbox 2043 2387 3692 2461">
     <span class='ocr_line' id='line_1_56' title="bbox 2043 2387 3692 2461; baseline 0.004 -20"><span class='ocrx_word' id='word_1_421' title='bbox 2043 2387 2263 2454; x_wconf 90' lang='lat' dir='ltr'><strong>cimur;</strong></span> <span class='ocrx_word' id='word_1_422' title='bbox 2294 2388 2380 2444; x_wconf 91' lang='lat' dir='ltr'><strong>sic</strong></span> <span class='ocrx_word' id='word_1_423' title='bbox 2412 2388 2639 2443; x_wconf 89' lang='lat' dir='ltr'><strong>hostem</strong></span> <span class='ocrx_word' id='word_1_424' title='bbox 2673 2391 2729 2443; x_wconf 92' lang='lat' dir='ltr'><strong>in</strong></span> <span class='ocrx_word' id='word_1_425' title='bbox 2763 2390 3041 2461; x_wconf 90' lang='lat' dir='ltr'><strong>primitiis</strong></span> <span class='ocrx_word' id='word_1_426' title='bbox 3071 2393 3394 2458; x_wconf 83' lang='lat' dir='ltr'><strong>vincimus;</strong></span> <span class='ocrx_word' id='word_1_427' title='bbox 3427 2395 3512 2448; x_wconf 87' lang='lat' dir='ltr'><strong>sic</strong></span> <span class='ocrx_word' id='word_1_428' title='bbox 3544 2395 3692 2449; x_wconf 81' lang='lat' dir='ltr'><strong>{idu-</strong></span> 
     </span>
    </p>
   </div>
   <div class='ocr_carea' id='block_1_57' title="bbox 2041 2475 3694 2550">
    <p class='ocr_par' dir='ltr' id='par_1_57' title="bbox 2041 2475 3694 2550">
     <span class='ocr_line' id='line_1_57' title="bbox 2041 2475 3694 2550; baseline 0.004 -20"><span class='ocrx_word' id='word_1_429' title='bbox 2041 2475 2190 2530; x_wconf 90' lang='lat' dir='ltr'><strong>ciam</strong></span> <span class='ocrx_word' id='word_1_430' title='bbox 2227 2492 2295 2530; x_wconf 81' lang='lat' dir='ltr'><strong>ex</strong></span> <span class='ocrx_word' id='word_1_431' title='bbox 2325 2477 2442 2532; x_wconf 91' lang='lat' dir='ltr'><strong>illis</strong></span> <span class='ocrx_word' id='word_1_432' title='bbox 2473 2477 2909 2548; x_wconf 79' lang='lat' dir='ltr'><strong>accipimua;sic</strong></span> <span class='ocrx_word' id='word_1_433' title='bbox 2941 2487 3188 2550; x_wconf 67' lang='lat' dir='ltr'><strong>sumptae</strong></span> <span class='ocrx_word' id='word_1_434' title='bbox 3211 2498 3279 2535; x_wconf 85' lang='lat' dir='ltr'><strong>ex</strong></span> <span class='ocrx_word' id='word_1_435' title='bbox 3312 2482 3478 2536; x_wconf 89' lang='lat' dir='ltr'><strong>nobis</strong></span> <span class='ocrx_word' id='word_1_436' title='bbox 3501 2483 3694 2537; x_wconf 89' lang='lat' dir='ltr'><strong>carnis</strong></span> 
     </span>
    </p>
   </div>
   <div class='ocr_carea' id='block_1_58' title="bbox 2042 2565 3692 2637">
    <p class='ocr_par' dir='ltr' id='par_1_58' title="bbox 2042 2565 3692 2637">
     <span class='ocr_line' id='line_1_58' title="bbox 2042 2565 3692 2637; baseline 0.004 -18"><span class='ocrx_word' id='word_1_437' title='bbox 2042 2565 2325 2620; x_wconf 87' lang='lat' dir='ltr'><strong>adversus</strong></span> <span class='ocrx_word' id='word_1_438' title='bbox 2356 2566 2653 2621; x_wconf 87' lang='lat' dir='ltr'><strong>diabolum</strong></span> <span class='ocrx_word' id='word_1_439' title='bbox 2690 2572 2970 2637; x_wconf 72' lang='lat' dir='ltr'><strong>tropaeum</strong></span> <span class='ocrx_word' id='word_1_440' title='bbox 3006 2571 3175 2624; x_wconf 90' lang='lat' dir='ltr'><strong>nobis</strong></span> <span class='ocrx_word' id='word_1_441' title='bbox 3207 2570 3692 2635; x_wconf 89' lang='lat' dir='ltr'><strong>vindicamus,di-</strong></span> 
     </span>
    </p>
   </div>
   <div class='ocr_carea' id='block_1_59' title="bbox 2042 2654 3695 2730">
    <p class='ocr_par' dir='ltr' id='par_1_59' title="bbox 2042 2654 3695 2730">
     <span class='ocr_line' id='line_1_59' title="bbox 2042 2654 3695 2730; baseline 0.007 -26"><span class='ocrx_word' id='word_1_442' title='bbox 2042 2654 2242 2708; x_wconf 87' lang='lat' dir='ltr'><strong>vinum</strong></span> <span class='ocrx_word' id='word_1_443' title='bbox 2303 2654 2533 2709; x_wconf 90' lang='lat' dir='ltr'><strong>illorum</strong></span> <span class='ocrx_word' id='word_1_444' title='bbox 2561 2656 2739 2710; x_wconf 90' lang='lat' dir='ltr'><strong>robur</strong></span> <span class='ocrx_word' id='word_1_445' title='bbox 2768 2656 3192 2728; x_wconf 88' lang='lat' dir='ltr'><strong>concutientes,</strong></span> <span class='ocrx_word' id='word_1_446' title='bbox 3221 2659 3305 2713; x_wconf 92' lang='lat' dir='ltr'><strong>sic</strong></span> <span class='ocrx_word' id='word_1_447' title='bbox 3335 2676 3562 2726; x_wconf 87' lang='lat' dir='ltr'><strong>omnes,</strong></span> <span class='ocrx_word' id='word_1_448' title='bbox 3594 2662 3695 2730; x_wconf 93' lang='lat' dir='ltr'><strong>qui</strong></span> 
     </span>
    </p>
   </div>
   <div class='ocr_carea' id='block_1_60' title="bbox 2041 2742 3695 2818">
    <p class='ocr_par' dir='ltr' id='par_1_60' title="bbox 2041 2742 3695 2818">
     <span class='ocr_line' id='line_1_60' title="bbox 2041 2742 3695 2818; baseline 0.005 -22"><span class='ocrx_word' id='word_1_449' title='bbox 2041 2759 2171 2797; x_wconf 86' lang='lat' dir='ltr'><strong>vero</strong></span> <span class='ocrx_word' id='word_1_450' title='bbox 2201 2742 2516 2810; x_wconf 89' lang='lat' dir='ltr'><strong>credimus,</strong></span> <span class='ocrx_word' id='word_1_451' title='bbox 2550 2749 2958 2816; x_wconf 87' lang='lat' dir='ltr'><strong>exspectamus</strong></span> <span class='ocrx_word' id='word_1_452' title='bbox 2991 2763 3097 2800; x_wconf 90' lang='lat' dir='ltr'><strong>nos</strong></span> <span class='ocrx_word' id='word_1_453' title='bbox 3128 2746 3384 2817; x_wconf 91' lang='lat' dir='ltr'><strong>glorioso</strong></span> <span class='ocrx_word' id='word_1_454' title='bbox 3413 2750 3542 2818; x_wconf 85' lang='lat' dir='ltr'><strong>ejus</strong></span> <span class='ocrx_word' id='word_1_455' title='bbox 3570 2764 3695 2804; x_wconf 89' lang='lat' dir='ltr'><strong>cor-</strong></span> 
     </span>
    </p>
   </div>
   <div class='ocr_carea' id='block_1_61' title="bbox 2045 2832 3694 2909">
    <p class='ocr_par' dir='ltr' id='par_1_61' title="bbox 2045 2832 3694 2909">
     <span class='ocr_line' id='line_1_61' title="bbox 2045 2832 3694 2909; baseline 0.005 -25"><span class='ocrx_word' id='word_1_456' title='bbox 2045 2832 2165 2901; x_wconf 90' lang='lat' dir='ltr'><strong>pori</strong></span> <span class='ocrx_word' id='word_1_457' title='bbox 2197 2836 2524 2887; x_wconf 83' lang='lat' dir='ltr'><strong>cont&#39;ormes</strong></span> <span class='ocrx_word' id='word_1_458' title='bbox 2558 2833 2694 2886; x_wconf 81' lang='lat' dir='ltr'><strong>fore.</strong></span> <span class='ocrx_word' id='word_1_459' title='bbox 2727 2833 2821 2887; x_wconf 90' lang='lat' dir='ltr'><strong>Sic</strong></span> <span class='ocrx_word' id='word_1_460' title='bbox 2852 2850 3050 2888; x_wconf 86' lang='lat' dir='ltr'><strong>verum</strong></span> <span class='ocrx_word' id='word_1_461' title='bbox 3085 2835 3227 2889; x_wconf 91' lang='lat' dir='ltr'><strong>illud</strong></span> <span class='ocrx_word' id='word_1_462' title='bbox 3272 2853 3401 2891; x_wconf 89' lang='lat' dir='ltr'><strong>esse</strong></span> <span class='ocrx_word' id='word_1_463' title='bbox 3458 2854 3694 2909; x_wconf 88' lang='lat' dir='ltr'><strong>compe-</strong></span> 
     </span>
    </p>
   </div>
   <div class='ocr_carea' id='block_1_62' title="bbox 2043 2920 3694 2982">
    <p class='ocr_par' dir='ltr' id='par_1_62' title="bbox 2043 2920 3694 2982">
     <span class='ocr_line' id='line_1_62' title="bbox 2043 2920 3694 2982; baseline 0.004 -8"><span class='ocrx_word' id='word_1_464' title='bbox 2043 2920 2251 2975; x_wconf 91' lang='lat' dir='ltr'><strong>rimus.</strong></span> <span class='ocrx_word' id='word_1_465' title='bbox 2285 2944 2310 2970; x_wconf 84' lang='lat'><strong>«</strong></span> <span class='ocrx_word' id='word_1_466' title='bbox 2346 2921 2834 2976; x_wconf 78' lang='lat' dir='ltr'><strong>Conresuscitavit</strong></span> <span class='ocrx_word' id='word_1_467' title='bbox 2864 2937 2968 2976; x_wconf 91' lang='lat' dir='ltr'><strong>nos</strong></span> <span class='ocrx_word' id='word_1_468' title='bbox 3000 2929 3057 2977; x_wconf 89' lang='lat' dir='ltr'><strong>et</strong></span> <span class='ocrx_word' id='word_1_469' title='bbox 3087 2927 3401 2981; x_wconf 82' lang='lat' dir='ltr'><strong>consedere</strong></span> <span class='ocrx_word' id='word_1_470' title='bbox 3449 2927 3580 2981; x_wconf 78' lang='lat' dir='ltr'><strong>fecit</strong></span> <span class='ocrx_word' id='word_1_471' title='bbox 3637 2928 3694 2982; x_wconf 94' lang='lat' dir='ltr'><strong>in</strong></span> 
     </span>
    </p>
   </div>
   <div class='ocr_carea' id='block_1_63' title="bbox 2043 3009 3695 3087">
    <p class='ocr_par' dir='ltr' id='par_1_63' title="bbox 2043 3009 3695 3087">
     <span class='ocr_line' id='line_1_63' title="bbox 2043 3009 3695 3087; baseline 0.004 -23"><span class='ocrx_word' id='word_1_472' title='bbox 2043 3009 2376 3064; x_wconf 65' lang='lat' dir='ltr'><strong>caelestibus</strong></span> <span class='ocrx_word' id='word_1_473' title='bbox 2424 3011 2486 3062; x_wconf 66' lang='grc' dir='ltr'><strong>νδ.</strong></span> <span class='ocrx_word' id='word_1_474' title='bbox 2526 3032 2551 3056; x_wconf 80' lang='lat' dir='ltr'><strong>n</strong></span> <span class='ocrx_word' id='word_1_475' title='bbox 2586 3009 2701 3063; x_wconf 87' lang='lat' dir='ltr'><strong>Etsi</strong></span> <span class='ocrx_word' id='word_1_476' title='bbox 2732 3011 2885 3065; x_wconf 93' lang='lat' dir='ltr'><strong>enim</strong></span> <span class='ocrx_word' id='word_1_477' title='bbox 2916 3010 2974 3066; x_wconf 88' lang='lat' dir='ltr'><strong>in</strong></span> <span class='ocrx_word' id='word_1_478' title='bbox 3006 3019 3203 3069; x_wconf 87' lang='lat' dir='ltr'><strong>nostro</strong></span> <span class='ocrx_word' id='word_1_479' title='bbox 3235 3014 3486 3084; x_wconf 88' lang='lat' dir='ltr'><strong>quisque</strong></span> <span class='ocrx_word' id='word_1_480' title='bbox 3516 3015 3695 3087; x_wconf 87' lang='lat' dir='ltr'><strong>hypo-</strong></span> 
     </span>
    </p>
   </div>
   <div class='ocr_carea' id='block_1_64' title="bbox 2045 3099 3697 3167">
    <p class='ocr_par' dir='ltr' id='par_1_64' title="bbox 2045 3099 3697 3167">
     <span class='ocr_line' id='line_1_64' title="bbox 2045 3099 3697 3167; baseline 0.004 -15"><span class='ocrx_word' id='word_1_481' title='bbox 2045 3099 2185 3152; x_wconf 87' lang='lat' dir='ltr'><strong>stasi</strong></span> <span class='ocrx_word' id='word_1_482' title='bbox 2223 3099 2481 3152; x_wconf 90' lang='lat' dir='ltr'><strong>nondum</strong></span> <span class='ocrx_word' id='word_1_483' title='bbox 2521 3100 3033 3167; x_wconf 87' lang='lat' dir='ltr'><strong>resurrexerimus,</strong></span> <span class='ocrx_word' id='word_1_484' title='bbox 3090 3119 3192 3156; x_wconf 87' lang='lat' dir='ltr'><strong>nec</strong></span> <span class='ocrx_word' id='word_1_485' title='bbox 3240 3102 3297 3156; x_wconf 89' lang='lat' dir='ltr'><strong>in</strong></span> <span class='ocrx_word' id='word_1_486' title='bbox 3357 3104 3697 3160; x_wconf 71' lang='lat' dir='ltr'><strong>coelestibus</strong></span> 
     </span>
    </p>
   </div>
   <div class='ocr_carea' id='block_1_65' title="bbox 2043 3189 3694 3263">
    <p class='ocr_par' dir='ltr' id='par_1_65' title="bbox 2043 3189 3694 3263">
     <span class='ocr_line' id='line_1_65' title="bbox 2043 3189 3694 3263; baseline 0.004 -23"><span class='ocrx_word' id='word_1_487' title='bbox 2043 3189 2232 3241; x_wconf 88' lang='lat' dir='ltr'><strong>simus</strong></span> <span class='ocrx_word' id='word_1_488' title='bbox 2293 3203 2304 3241; x_wconf 76' lang='grc' dir='ltr'>ε</span> <span class='ocrx_word' id='word_1_489' title='bbox 2367 3191 2602 3258; x_wconf 88' lang='lat' dir='ltr'><strong>propter</strong></span> <span class='ocrx_word' id='word_1_490' title='bbox 2658 3189 3064 3258; x_wconf 85' lang='lat' dir='ltr'><strong>cognationem</strong></span> <span class='ocrx_word' id='word_1_491' title='bbox 3115 3198 3304 3246; x_wconf 90' lang='lat' dir='ltr'><strong>tamen</strong></span> <span class='ocrx_word' id='word_1_492' title='bbox 3335 3208 3465 3246; x_wconf 92' lang='lat' dir='ltr'><strong>cum</strong></span> <span class='ocrx_word' id='word_1_493' title='bbox 3497 3208 3563 3247; x_wconf 88' lang='lat' dir='ltr'><strong>eo</strong></span> <span class='ocrx_word' id='word_1_494' title='bbox 3596 3193 3694 3263; x_wconf 91' lang='lat' dir='ltr'><strong>qui</strong></span> 
     </span>
    </p>
   </div>
   <div class='ocr_carea' id='block_1_66' title="bbox 287 3271 1933 3360">
    <p class='ocr_par' dir='ltr' id='par_1_66' title="bbox 287 3274 1932 3360">
     <span class='ocr_line' id='line_1_66' title="bbox 287 3274 1932 3360; baseline -0.009 -20"><span class='ocrx_word' id='word_1_495' title='bbox 287 3285 422 3360; x_wconf 86' lang='grc' dir='ltr'>πρὸς</span> <span class='ocrx_word' id='word_1_496' title='bbox 453 3284 545 3338; x_wconf 85' lang='grc' dir='ltr'>τὸν</span> <span class='ocrx_word' id='word_1_497' title='bbox 578 3281 866 3336; x_wconf 78' lang='grc' dir='ltr'>ἀνελθόντα</span> <span class='ocrx_word' id='word_1_498' title='bbox 920 3279 1008 3334; x_wconf 81' lang='grc' dir='ltr'>καὶ</span> <span class='ocrx_word' id='word_1_499' title='bbox 1065 3276 1396 3339; x_wconf 77' lang='grc' dir='ltr'>κατελθόντα</span> <span class='ocrx_word' id='word_1_500' title='bbox 1453 3274 1752 3350; x_wconf 87' lang='grc' dir='ltr'>συγγένειαν</span> <span class='ocrx_word' id='word_1_501' title='bbox 1809 3295 1932 3327; x_wconf 84' lang='grc' dir='ltr'>κατ-</span> 
     </span>
    </p>
   </div>
   <div class='ocr_carea' id='block_1_67' title="bbox 2046 3271 3698 3360">
    <p class='ocr_par' dir='ltr' id='par_1_67' title="bbox 2049 3276 3698 3349">
     <span class='ocr_line' id='line_1_67' title="bbox 2049 3276 3698 3349; baseline 0.004 -18"><span class='ocrx_word' id='word_1_502' title='bbox 2049 3276 2312 3331; x_wconf 86' lang='lat' dir='ltr'><strong>ascendit</strong></span> <span class='ocrx_word' id='word_1_503' title='bbox 2341 3282 2396 3329; x_wconf 87' lang='lat' dir='ltr'><strong>et</strong></span> <span class='ocrx_word' id='word_1_504' title='bbox 2428 3277 2748 3342; x_wconf 87' lang='lat' dir='ltr'><strong>descendit,</strong></span> <span class='ocrx_word' id='word_1_505' title='bbox 2781 3276 2910 3348; x_wconf 89' lang='lat' dir='ltr'><strong>ipsa</strong></span> <span class='ocrx_word' id='word_1_506' title='bbox 2942 3277 3147 3332; x_wconf 89' lang='lat' dir='ltr'><strong>talium</strong></span> <span class='ocrx_word' id='word_1_507' title='bbox 3180 3297 3281 3349; x_wconf 88' lang='lat' dir='ltr'><strong>spe</strong></span> <span class='ocrx_word' id='word_1_508' title='bbox 3312 3283 3478 3336; x_wconf 88' lang='lat' dir='ltr'><strong>tirma</strong></span> <span class='ocrx_word' id='word_1_509' title='bbox 3537 3286 3698 3337; x_wconf 86' lang='lat' dir='ltr'><strong>tene-</strong></span> 
     </span>
    </p>
   </div>
   <div class='ocr_carea' id='block_1_68' title="bbox 291 3362 1935 3448">
    <p class='ocr_par' dir='ltr' id='par_1_68' title="bbox 291 3362 1935 3448">
     <span class='ocr_line' id='line_1_68' title="bbox 291 3362 1935 3448; baseline -0.008 -20"><span class='ocrx_word' id='word_1_510' title='bbox 291 3374 491 3448; x_wconf 80' lang='grc' dir='ltr'>έχομεν</span> <span class='ocrx_word' id='word_1_511' title='bbox 544 3371 595 3426; x_wconf 78' lang='grc' dir='ltr'>ἐν</span> <span class='ocrx_word' id='word_1_512' title='bbox 653 3373 724 3442; x_wconf 79' lang='grc' dir='ltr'><strong>τῇ</strong></span> <span class='ocrx_word' id='word_1_513' title='bbox 775 3373 881 3424; x_wconf 89' lang='grc' dir='ltr'><strong>τῶν</strong></span> <span class='ocrx_word' id='word_1_514' title='bbox 939 3367 1202 3423; x_wconf 76' lang='grc' dir='ltr'>τοιούτων</span> <span class='ocrx_word' id='word_1_515' title='bbox 1263 3363 1444 3420; x_wconf 85' lang='grc' dir='ltr'>ἐλπίδι</span> <span class='ocrx_word' id='word_1_516' title='bbox 1496 3363 1710 3440; x_wconf 80' lang='grc' dir='ltr'>ἀσφαλῆ</span> <span class='ocrx_word' id='word_1_517' title='bbox 1757 3363 1823 3417; x_wconf 86' lang='grc' dir='ltr'><strong>τά</strong></span> <span class='ocrx_word' id='word_1_518' title='bbox 1854 3362 1935 3416; x_wconf 85' lang='grc' dir='ltr'><strong>έν-</strong></span> 
     </span>
    </p>
   </div>
   <div class='ocr_carea' id='block_1_69' title="bbox 290 3449 1934 3537">
    <p class='ocr_par' dir='ltr' id='par_1_69' title="bbox 290 3449 1934 3537">
     <span class='ocr_line' id='line_1_69' title="bbox 290 3449 1934 3537; baseline -0.008 -21"><span class='ocrx_word' id='word_1_519' title='bbox 290 3464 478 3537; x_wconf 84' lang='grc' dir='ltr'>έχυρα.</span> <span class='ocrx_word' id='word_1_520' title='bbox 516 3460 689 3515; x_wconf 90' lang='grc' dir='ltr'>Πόσον</span> <span class='ocrx_word' id='word_1_521' title='bbox 748 3458 839 3512; x_wconf 70' lang='grc' dir='ltr'><strong>οὖν</strong></span> <span class='ocrx_word' id='word_1_522' title='bbox 896 3456 1033 3527; x_wconf 77' lang='grc' dir='ltr'>ἄξιοι</span> <span class='ocrx_word' id='word_1_523' title='bbox 1097 3457 1284 3528; x_wconf 79' lang='grc' dir='ltr'>μίσους</span> <span class='ocrx_word' id='word_1_524' title='bbox 1315 3455 1366 3508; x_wconf 73' lang='grc' dir='ltr'>οἱ</span> <span class='ocrx_word' id='word_1_525' title='bbox 1399 3458 1609 3530; x_wconf 74' lang='grc' dir='ltr'>φθονεῖν</span> <span class='ocrx_word' id='word_1_526' title='bbox 1660 3453 1794 3523; x_wconf 69' lang='grc' dir='ltr'><strong>⁸ἡμῖν</strong></span> <span class='ocrx_word' id='word_1_527' title='bbox 1848 3449 1934 3504; x_wconf 78' lang='grc' dir='ltr'><strong>ἐπὶ</strong></span> 
     </span>
    </p>
   </div>
   <div class='ocr_carea' id='block_1_70' title="bbox 284 3539 1935 3619">
    <p class='ocr_par' dir='ltr' id='par_1_70' title="bbox 284 3539 1935 3619">
     <span class='ocr_line' id='line_1_70' title="bbox 284 3539 1935 3619; baseline -0.007 -15"><span class='ocrx_word' id='word_1_528' title='bbox 284 3549 572 3611; x_wconf 73' lang='grc' dir='ltr'>τοσούτοις</span> <span class='ocrx_word' id='word_1_529' title='bbox 604 3547 694 3602; x_wconf 81' lang='grc' dir='ltr'>καὶ</span> <span class='ocrx_word' id='word_1_530' title='bbox 740 3545 1092 3613; x_wconf 77' lang='grc' dir='ltr'>τηλικούτοις</span> <span class='ocrx_word' id='word_1_531' title='bbox 1153 3545 1372 3619; x_wconf 82' lang='grc' dir='ltr'>ἀγαθοῖς</span> <span class='ocrx_word' id='word_1_532' title='bbox 1432 3540 1520 3596; x_wconf 87' lang='grc' dir='ltr'><strong>διά</strong></span> <span class='ocrx_word' id='word_1_533' title='bbox 1569 3549 1668 3609; x_wconf 74' lang='grc' dir='ltr'><strong>τῆς</strong></span> <span class='ocrx_word' id='word_1_534' title='bbox 1728 3539 1935 3600; x_wconf 55' lang='grc' dir='ltr'>οῗκείας</span> 
     </span>
    </p>
   </div>
   <div class='ocr_carea' id='block_1_71' title="bbox 281 3629 1935 3710">
    <p class='ocr_par' dir='ltr' id='par_1_71' title="bbox 281 3629 1935 3710">
     <span class='ocr_line' id='line_1_71' title="bbox 281 3629 1935 3710; baseline -0.007 -16"><span class='ocrx_word' id='word_1_535' title='bbox 281 3635 601 3708; x_wconf 80' lang='grc' dir='ltr'>κακοδοξίας</span> <span class='ocrx_word' id='word_1_536' title='bbox 676 3635 1094 3710; x_wconf 85' lang='grc' dir='ltr'>ἀγωνιζόμενοι,</span> <span class='ocrx_word' id='word_1_537' title='bbox 1170 3632 1258 3686; x_wconf 86' lang='grc' dir='ltr'>καὶ</span> <span class='ocrx_word' id='word_1_538' title='bbox 1334 3631 1640 3691; x_wconf 87' lang='grc' dir='ltr'>κωλύοντες</span> <span class='ocrx_word' id='word_1_539' title='bbox 1719 3630 1812 3701; x_wconf 75' lang='grc' dir='ltr'>μὶν</span> <span class='ocrx_word' id='word_1_540' title='bbox 1873 3629 1935 3682; x_wconf 83' lang='grc' dir='ltr'>τὸ</span> 
     </span>
    </p>
   </div>
   <div class='ocr_carea' id='block_1_72' title="bbox 283 3718 1934 3803">
    <p class='ocr_par' dir='ltr' id='par_1_72' title="bbox 283 3718 1934 3803">
     <span class='ocr_line' id='line_1_72' title="bbox 283 3718 1934 3803; baseline -0.007 -21"><span class='ocrx_word' id='word_1_541' title='bbox 283 3726 440 3803; x_wconf 86' lang='grc' dir='ltr'>γένος</span> <span class='ocrx_word' id='word_1_542' title='bbox 525 3723 921 3798; x_wconf 86' lang='grc' dir='ltr'>σεμνύνεσθαι,</span> <span class='ocrx_word' id='word_1_543' title='bbox 976 3721 1306 3798; x_wconf 83' lang='grc' dir='ltr'>χωρίζοντες</span> <span class='ocrx_word' id='word_1_544' title='bbox 1395 3718 1451 3775; x_wconf 72' lang='grc' dir='ltr'>δὲ</span> <span class='ocrx_word' id='word_1_545' title='bbox 1535 3720 1631 3787; x_wconf 77' lang='grc' dir='ltr'>τήν</span> <span class='ocrx_word' id='word_1_546' title='bbox 1726 3719 1934 3788; x_wconf 77' lang='grc' dir='ltr'>σάρκα,</span> 
     </span>
    </p>
   </div>
   <div class='ocr_carea' id='block_1_73' title="bbox 283 3808 1933 3887">
    <p class='ocr_par' dir='ltr' id='par_1_73' title="bbox 283 3808 1933 3887">
     <span class='ocr_line' id='line_1_73' title="bbox 283 3808 1933 3887; baseline -0.007 -16"><span class='ocrx_word' id='word_1_547' title='bbox 283 3820 352 3887; x_wconf 79' lang='grc' dir='ltr'>ἣν</span> <span class='ocrx_word' id='word_1_548' title='bbox 413 3817 587 3886; x_wconf 72' lang='grc' dir='ltr'>ἑαυτῷ</span> <span class='ocrx_word' id='word_1_549' title='bbox 663 3809 982 3886; x_wconf 73' lang='grc' dir='ltr'>παραδόξως</span> <span class='ocrx_word' id='word_1_550' title='bbox 1049 3813 1077 3866; x_wconf 83' lang='grc' dir='ltr'>ὁ</span> <span class='ocrx_word' id='word_1_551' title='bbox 1152 3809 1324 3885; x_wconf 85' lang='grc' dir='ltr'>Λόγος</span> <span class='ocrx_word' id='word_1_552' title='bbox 1400 3808 1700 3877; x_wconf 77' lang='grc' dir='ltr'>συνέζευξεν</span> <span class='ocrx_word' id='word_1_553' title='bbox 1736 3851 1750 3877; x_wconf 87' lang='grc'><strong>,</strong></span> <span class='ocrx_word' id='word_1_554' title='bbox 1812 3809 1933 3870; x_wconf 84' lang='grc' dir='ltr'>ἀνθ-</span> 
     </span>
    </p>
   </div>
   <div class='ocr_carea' id='block_1_74' title="bbox 287 3895 1934 3977">
    <p class='ocr_par' dir='ltr' id='par_1_74' title="bbox 287 3895 1934 3977">
     <span class='ocr_line' id='line_1_74' title="bbox 287 3895 1934 3977; baseline -0.007 -17"><span class='ocrx_word' id='word_1_555' title='bbox 287 3906 565 3977; x_wconf 82' lang='grc' dir='ltr'>ιστάμενοι</span> <span class='ocrx_word' id='word_1_556' title='bbox 625 3899 683 3956; x_wconf 75' lang='grc' dir='ltr'>δὲ</span> <span class='ocrx_word' id='word_1_557' title='bbox 738 3900 936 3973; x_wconf 85' lang='grc' dir='ltr'>[Ιαύλῳ</span> <span class='ocrx_word' id='word_1_558' title='bbox 997 3901 1217 3975; x_wconf 80' lang='grc' dir='ltr'>βοῶντι.</span> <span class='ocrx_word' id='word_1_559' title='bbox 1255 3924 1279 3949; x_wconf 84' lang='lat' dir='ltr'><strong>u</strong></span> <span class='ocrx_word' id='word_1_560' title='bbox 1311 3900 1375 3952; x_wconf 70' lang='grc' dir='ltr'><em>’Ἄ</em></span> <span class='ocrx_word' id='word_1_561' title='bbox 1430 3899 1458 3951; x_wconf 84' lang='grc' dir='ltr'>ὁ</span> <span class='ocrx_word' id='word_1_562' title='bbox 1507 3897 1633 3957; x_wconf 87' lang='grc' dir='ltr'>Θεὸς</span> <span class='ocrx_word' id='word_1_563' title='bbox 1692 3895 1934 3964; x_wconf 81' lang='grc' dir='ltr'>συνέζευ-</span> 
     </span>
    </p>
   </div>
   <div class='ocr_carea' id='block_1_75' title="bbox 284 3982 1933 4066">
    <p class='ocr_par' dir='ltr' id='par_1_75' title="bbox 284 3982 1933 4066">
     <span class='ocr_line' id='line_1_75' title="bbox 284 3982 1933 4066; baseline -0.008 -17"><span class='ocrx_word' id='word_1_564' title='bbox 284 3995 390 4066; x_wconf 82' lang='grc' dir='ltr'>ξεν,</span> <span class='ocrx_word' id='word_1_565' title='bbox 445 3991 727 4066; x_wconf 74' lang='grc' dir='ltr'>ἄνθρωπος</span> <span class='ocrx_word' id='word_1_566' title='bbox 790 3990 863 4062; x_wconf 85' lang='grc' dir='ltr'>μή</span> <span class='ocrx_word' id='word_1_567' title='bbox 927 3989 1234 4064; x_wconf 82' lang='grc' dir='ltr'>χωριζέτω,</span> <span class='ocrx_word' id='word_1_568' title='bbox 1292 4012 1320 4037; x_wconf 88' lang='grc'><strong>››</strong></span> <span class='ocrx_word' id='word_1_569' title='bbox 1381 3989 1696 4058; x_wconf 78' lang='grc' dir='ltr'>μισθοῦντες</span> <span class='ocrx_word' id='word_1_570' title='bbox 1738 3982 1794 4038; x_wconf 74' lang='grc' dir='ltr'>δὲ</span> <span class='ocrx_word' id='word_1_571' title='bbox 1834 3985 1933 4052; x_wconf 81' lang='grc' dir='ltr'><strong>τήν</strong></span> 
     </span>
    </p>
   </div>
   <div class='ocr_carea' id='block_1_76' title="bbox 283 4070 1939 4156">
    <p class='ocr_par' dir='ltr' id='par_1_76' title="bbox 283 4070 1939 4156">
     <span class='ocr_line' id='line_1_76' title="bbox 283 4070 1939 4156; baseline -0.008 -19"><span class='ocrx_word' id='word_1_572' title='bbox 283 4081 536 4156; x_wconf 86' lang='grc' dir='ltr'>γλῶτταν</span> <span class='ocrx_word' id='word_1_573' title='bbox 565 4084 644 4150; x_wconf 79' lang='grc' dir='ltr'>τῷ</span> <span class='ocrx_word' id='word_1_574' title='bbox 675 4074 922 4148; x_wconf 80' lang='grc' dir='ltr'>διαϐόλῳ</span> <span class='ocrx_word' id='word_1_575' title='bbox 971 4077 1108 4151; x_wconf 86' lang='grc' dir='ltr'>πρὸς</span> <span class='ocrx_word' id='word_1_576' title='bbox 1147 4075 1209 4129; x_wconf 87' lang='grc' dir='ltr'>τὸ</span> <span class='ocrx_word' id='word_1_577' title='bbox 1250 4073 1504 4150; x_wconf 81' lang='grc' dir='ltr'>κρύπτειν</span> <span class='ocrx_word' id='word_1_578' title='bbox 1550 4073 1618 4127; x_wconf 69' lang='grc' dir='ltr'>τὰ</span> <span class='ocrx_word' id='word_1_579' title='bbox 1660 4073 1775 4126; x_wconf 89' lang='grc' dir='ltr'>κατ’</span> <span class='ocrx_word' id='word_1_580' title='bbox 1809 4070 1939 4125; x_wconf 82' lang='grc' dir='ltr'>ἐκεί-</span> 
     </span>
    </p>
   </div>
   <div class='ocr_carea' id='block_1_77' title="bbox 281 4161 1934 4246">
    <p class='ocr_par' dir='ltr' id='par_1_77' title="bbox 281 4161 1934 4246">
     <span class='ocr_line' id='line_1_77' title="bbox 281 4161 1934 4246; baseline -0.007 -21"><span class='ocrx_word' id='word_1_581' title='bbox 281 4192 379 4225; x_wconf 87' lang='grc' dir='ltr'>νου</span> <span class='ocrx_word' id='word_1_582' title='bbox 403 4169 702 4246; x_wconf 71' lang='grc' dir='ltr'>γενόμενας</span> <span class='ocrx_word' id='word_1_583' title='bbox 745 4163 908 4220; x_wconf 72' lang='grc' dir='ltr'>Οὐδὲν</span> <span class='ocrx_word' id='word_1_584' title='bbox 957 4165 1060 4238; x_wconf 79' lang='grc' dir='ltr'><strong>γὰρ</strong></span> <span class='ocrx_word' id='word_1_585' title='bbox 1106 4163 1277 4225; x_wconf 75' lang='grc' dir='ltr'>οὕτως</span> <span class='ocrx_word' id='word_1_586' title='bbox 1329 4162 1514 4234; x_wconf 67' lang='grc' dir='ltr'>ἐκείνῳ</span> <span class='ocrx_word' id='word_1_587' title='bbox 1563 4161 1698 4236; x_wconf 76' lang='grc' dir='ltr'>βαρὺ</span> <span class='ocrx_word' id='word_1_588' title='bbox 1744 4161 1832 4214; x_wconf 79' lang='grc' dir='ltr'>καὶ</span> <span class='ocrx_word' id='word_1_589' title='bbox 1873 4161 1934 4214; x_wconf 83' lang='grc' dir='ltr'>οὐ</span> 
     </span>
    </p>
   </div>
   <div class='ocr_carea' id='block_1_78' title="bbox 285 4248 1934 4335">
    <p class='ocr_par' dir='ltr' id='par_1_78' title="bbox 285 4248 1934 4335">
     <span class='ocr_line' id='line_1_78' title="bbox 285 4248 1934 4335; baseline -0.007 -21"><span class='ocrx_word' id='word_1_590' title='bbox 285 4260 546 4335; x_wconf 79' lang='grc' dir='ltr'>φορητὸν,</span> <span class='ocrx_word' id='word_1_591' title='bbox 581 4257 655 4318; x_wconf 83' lang='grc' dir='ltr'>ὡς</span> <span class='ocrx_word' id='word_1_592' title='bbox 685 4255 748 4309; x_wconf 89' lang='grc' dir='ltr'>τὸ</span> <span class='ocrx_word' id='word_1_593' title='bbox 781 4252 912 4308; x_wconf 74' lang='grc' dir='ltr'>ἰδεῖν</span> <span class='ocrx_word' id='word_1_594' title='bbox 955 4254 1055 4321; x_wconf 75' lang='grc' dir='ltr'>τήν</span> <span class='ocrx_word' id='word_1_595' title='bbox 1105 4253 1192 4306; x_wconf 83' lang='grc' dir='ltr'><strong>ὑπ’</strong></span> <span class='ocrx_word' id='word_1_596' title='bbox 1224 4251 1388 4306; x_wconf 75' lang='grc' dir='ltr'>αὐτοῦ</span> <span class='ocrx_word' id='word_1_597' title='bbox 1436 4249 1798 4320; x_wconf 80' lang='grc' dir='ltr'>πλανηθεῖσαν</span> <span class='ocrx_word' id='word_1_598' title='bbox 1833 4248 1934 4326; x_wconf 81' lang='grc' dir='ltr'>φύ-</span> 
     </span>
    </p>
   </div>
   <div class='ocr_carea' id='block_1_79' title="bbox 287 4337 1933 4423">
    <p class='ocr_par' dir='ltr' id='par_1_79' title="bbox 287 4337 1933 4423">
     <span class='ocr_line' id='line_1_79' title="bbox 287 4337 1933 4423; baseline -0.007 -21"><span class='ocrx_word' id='word_1_599' title='bbox 287 4369 368 4402; x_wconf 91' lang='grc' dir='ltr'>σιν</span> <span class='ocrx_word' id='word_1_600' title='bbox 403 4345 800 4423; x_wconf 76' lang='grc' dir='ltr'>ἀναληφθεῖσαν</span> <span class='ocrx_word' id='word_1_601' title='bbox 837 4342 930 4414; x_wconf 75' lang='grc' dir='ltr'><strong>μὲν</strong></span> <span class='ocrx_word' id='word_1_602' title='bbox 969 4344 1036 4414; x_wconf 80' lang='grc' dir='ltr'><strong>τῇ</strong></span> <span class='ocrx_word' id='word_1_603' title='bbox 1091 4339 1313 4415; x_wconf 79' lang='grc' dir='ltr'>ἀπαρχῇ</span> <span class='ocrx_word' id='word_1_604' title='bbox 1362 4339 1508 4414; x_wconf 87' lang='grc' dir='ltr'><strong>παρά</strong></span> <span class='ocrx_word' id='word_1_605' title='bbox 1546 4343 1643 4393; x_wconf 77' lang='grc' dir='ltr'>τοῦ</span> <span class='ocrx_word' id='word_1_606' title='bbox 1689 4343 1795 4392; x_wconf 87' lang='grc' dir='ltr'><strong>τῶν</strong></span> <span class='ocrx_word' id='word_1_607' title='bbox 1844 4337 1933 4392; x_wconf 83' lang='grc' dir='ltr'><strong>οὐ·</strong></span> 
     </span>
    </p>
   </div>
   <div class='ocr_carea' id='block_1_80' title="bbox 290 4425 1938 4512">
    <p class='ocr_par' dir='ltr' id='par_1_80' title="bbox 290 4425 1938 4512">
     <span class='ocr_line' id='line_1_80' title="bbox 290 4425 1938 4512; baseline -0.007 -21"><span class='ocrx_word' id='word_1_608' title='bbox 290 4441 465 4512; x_wconf 85' lang='grc' dir='ltr'>ρανῶν</span> <span class='ocrx_word' id='word_1_609' title='bbox 518 4431 809 4510; x_wconf 83' lang='grc' dir='ltr'>βασιλέως,</span> <span class='ocrx_word' id='word_1_610' title='bbox 850 4427 1316 4502; x_wconf 86' lang='grc' dir='ltr'>πολιτευσαμένην</span> <span class='ocrx_word' id='word_1_611' title='bbox 1369 4425 1426 4482; x_wconf 79' lang='grc' dir='ltr'>δὲ</span> <span class='ocrx_word' id='word_1_612' title='bbox 1477 4426 1841 4503; x_wconf 77' lang='grc' dir='ltr'>μεγαλοφυῶς</span> <span class='ocrx_word' id='word_1_613' title='bbox 1881 4447 1938 4482; x_wconf 75' lang='grc' dir='ltr'><strong>τε</strong></span> 
     </span>
    </p>
   </div>
   <div class='ocr_carea' id='block_1_81' title="bbox 285 4515 1936 4598">
    <p class='ocr_par' dir='ltr' id='par_1_81' title="bbox 285 4515 1936 4598">
     <span class='ocr_line' id='line_1_81' title="bbox 285 4515 1936 4598; baseline -0.005 -20"><span class='ocrx_word' id='word_1_614' title='bbox 285 4525 376 4579; x_wconf 81' lang='grc' dir='ltr'><strong>καὶ</strong></span> <span class='ocrx_word' id='word_1_615' title='bbox 410 4524 542 4598; x_wconf 78' lang='grc' dir='ltr'>ὑπὶρ</span> <span class='ocrx_word' id='word_1_616' title='bbox 584 4519 815 4577; x_wconf 77' lang='grc' dir='ltr'>ἔπαινον·</span> <span class='ocrx_word' id='word_1_617' title='bbox 867 4518 1159 4594; x_wconf 85' lang='grc' dir='ltr'>γενομένην</span> <span class='ocrx_word' id='word_1_618' title='bbox 1207 4515 1264 4572; x_wconf 74' lang='grc' dir='ltr'>δὲ</span> <span class='ocrx_word' id='word_1_619' title='bbox 1314 4517 1593 4591; x_wconf 80' lang='grc' dir='ltr'>κρείττονα</span> <span class='ocrx_word' id='word_1_620' title='bbox 1641 4521 1736 4570; x_wconf 79' lang='grc' dir='ltr'>τοῦ</span> <span class='ocrx_word' id='word_1_621' title='bbox 1779 4518 1936 4570; x_wconf 81' lang='grc' dir='ltr'>θανά-</span> 
     </span>
    </p>
   </div>
   <div class='ocr_carea' id='block_1_82' title="bbox 2046 3366 3697 3442">
    <p class='ocr_par' dir='ltr' id='par_1_82' title="bbox 2046 3366 3697 3442">
     <span class='ocr_line' id='line_1_82' title="bbox 2046 3366 3697 3442; baseline 0.003 -22"><span class='ocrx_word' id='word_1_622' title='bbox 2046 3383 2176 3420; x_wconf 90' lang='lat' dir='ltr'><strong>mus</strong></span> <span class='ocrx_word' id='word_1_623' title='bbox 2211 3366 2712 3437; x_wconf 83' lang='lat' dir='ltr'><strong>pignora.Quanto</strong></span> <span class='ocrx_word' id='word_1_624' title='bbox 2746 3366 2922 3437; x_wconf 88' lang='lat' dir='ltr'><strong>igitur</strong></span> <span class='ocrx_word' id='word_1_625' title='bbox 2951 3368 3083 3422; x_wconf 88' lang='lat' dir='ltr'><strong>odio</strong></span> <span class='ocrx_word' id='word_1_626' title='bbox 3117 3367 3272 3436; x_wconf 77' lang='lat' dir='ltr'><strong>digni</strong></span> <span class='ocrx_word' id='word_1_627' title='bbox 3306 3369 3411 3434; x_wconf 84' lang='lat' dir='ltr'><strong>illi,</strong></span> <span class='ocrx_word' id='word_1_628' title='bbox 3435 3371 3533 3440; x_wconf 89' lang='lat' dir='ltr'><strong>qui</strong></span> <span class='ocrx_word' id='word_1_629' title='bbox 3569 3387 3697 3442; x_wconf 89' lang='lat' dir='ltr'><strong>per-</strong></span> 
     </span>
    </p>
   </div>
   <div class='ocr_carea' id='block_1_83' title="bbox 2043 3453 3700 3512">
    <p class='ocr_par' dir='ltr' id='par_1_83' title="bbox 2043 3453 3700 3512">
     <span class='ocr_line' id='line_1_83' title="bbox 2043 3453 3700 3512; baseline 0.003 -5"><span class='ocrx_word' id='word_1_630' title='bbox 2043 3471 2209 3508; x_wconf 90' lang='lat' dir='ltr'><strong>versa</strong></span> <span class='ocrx_word' id='word_1_631' title='bbox 2240 3471 2346 3508; x_wconf 88' lang='lat' dir='ltr'><strong>sua</strong></span> <span class='ocrx_word' id='word_1_632' title='bbox 2382 3453 2647 3508; x_wconf 87' lang='lat' dir='ltr'><strong>doctrina</strong></span> <span class='ocrx_word' id='word_1_633' title='bbox 2679 3460 2837 3508; x_wconf 86' lang='lat' dir='ltr'><strong>tanta</strong></span> <span class='ocrx_word' id='word_1_634' title='bbox 2869 3471 2935 3508; x_wconf 82' lang='lat' dir='ltr'><strong>ac</strong></span> <span class='ocrx_word' id='word_1_635' title='bbox 2966 3456 3104 3509; x_wconf 87' lang='lat' dir='ltr'><strong>talia</strong></span> <span class='ocrx_word' id='word_1_636' title='bbox 3136 3458 3304 3511; x_wconf 91' lang='lat' dir='ltr'><strong>nobis</strong></span> <span class='ocrx_word' id='word_1_637' title='bbox 3349 3461 3500 3512; x_wconf 82' lang='lat' dir='ltr'><strong>bona</strong></span> <span class='ocrx_word' id='word_1_638' title='bbox 3558 3459 3700 3512; x_wconf 90' lang='lat' dir='ltr'><strong>invi-</strong></span> 
     </span>
    </p>
   </div>
   <div class='ocr_carea' id='block_1_84' title="bbox 2045 3543 3697 3614">
    <p class='ocr_par' dir='ltr' id='par_1_84' title="bbox 2045 3543 3697 3614">
     <span class='ocr_line' id='line_1_84' title="bbox 2045 3543 3697 3614; baseline 0.003 -17"><span class='ocrx_word' id='word_1_639' title='bbox 2045 3545 2180 3598; x_wconf 89' lang='lat' dir='ltr'><strong>dere</strong></span> <span class='ocrx_word' id='word_1_640' title='bbox 2241 3560 2352 3597; x_wconf 90' lang='lat' dir='ltr'><strong>non</strong></span> <span class='ocrx_word' id='word_1_641' title='bbox 2408 3543 2681 3597; x_wconf 90' lang='lat' dir='ltr'><strong>dubitant</strong></span> <span class='ocrx_word' id='word_1_642' title='bbox 2715 3561 2726 3597; x_wconf 91' lang='lat'><strong>:</strong></span> <span class='ocrx_word' id='word_1_643' title='bbox 2763 3544 2859 3614; x_wconf 91' lang='lat' dir='ltr'><strong>qui</strong></span> <span class='ocrx_word' id='word_1_644' title='bbox 2903 3560 3090 3614; x_wconf 87' lang='lat' dir='ltr'><strong>genus</strong></span> <span class='ocrx_word' id='word_1_645' title='bbox 3123 3552 3388 3600; x_wconf 90' lang='lat' dir='ltr'><strong>nostrum</strong></span> <span class='ocrx_word' id='word_1_646' title='bbox 3424 3547 3697 3602; x_wconf 84' lang='lat' dir='ltr'><strong>honorari</strong></span> 
     </span>
    </p>
   </div>
   <div class='ocr_carea' id='block_1_85' title="bbox 2046 3631 3699 3706">
    <p class='ocr_par' dir='ltr' id='par_1_85' title="bbox 2046 3631 3699 3706">
     <span class='ocr_line' id='line_1_85' title="bbox 2046 3631 3699 3706; baseline 0.003 -19"><span class='ocrx_word' id='word_1_647' title='bbox 2046 3631 2415 3702; x_wconf 84' lang='lat' dir='ltr'><strong>nolunt;qui</strong></span> <span class='ocrx_word' id='word_1_648' title='bbox 2449 3648 2682 3687; x_wconf 89' lang='lat' dir='ltr'><strong>carnem</strong></span> <span class='ocrx_word' id='word_1_649' title='bbox 2739 3639 3034 3704; x_wconf 84' lang='lat' dir='ltr'><strong>separant,</strong></span> <span class='ocrx_word' id='word_1_650' title='bbox 3093 3652 3269 3706; x_wconf 85' lang='lat' dir='ltr'><strong>quam</strong></span> <span class='ocrx_word' id='word_1_651' title='bbox 3329 3635 3464 3702; x_wconf 90' lang='lat' dir='ltr'><strong>sibi,</strong></span> <span class='ocrx_word' id='word_1_652' title='bbox 3526 3639 3699 3692; x_wconf 89' lang='lat' dir='ltr'><strong>modo</strong></span> 
     </span>
    </p>
   </div>
   <div class='ocr_carea' id='block_1_86' title="bbox 2046 3723 3696 3796">
    <p class='ocr_par' dir='ltr' id='par_1_86' title="bbox 2046 3723 3696 3796">
     <span class='ocr_line' id='line_1_86' title="bbox 2046 3723 3696 3796; baseline 0.002 -18"><span class='ocrx_word' id='word_1_653' title='bbox 2046 3724 2219 3796; x_wconf 88' lang='lat' dir='ltr'><strong>plane</strong></span> <span class='ocrx_word' id='word_1_654' title='bbox 2277 3724 2588 3794; x_wconf 85' lang='lat' dir='ltr'><strong>stupeudo,</strong></span> <span class='ocrx_word' id='word_1_655' title='bbox 2623 3723 2880 3780; x_wconf 90' lang='lat' dir='ltr'><strong>Verbum</strong></span> <span class='ocrx_word' id='word_1_656' title='bbox 2915 3724 3237 3794; x_wconf 86' lang='lat' dir='ltr'><strong>conjunxit,</strong></span> <span class='ocrx_word' id='word_1_657' title='bbox 3297 3726 3444 3783; x_wconf 75' lang='lat' dir='ltr'><strong>5H</strong></span> <span class='ocrx_word' id='word_1_658' title='bbox 3491 3728 3696 3782; x_wconf 86' lang='lat' dir='ltr'><strong>adver-</strong></span> 
     </span>
    </p>
   </div>
   <div class='ocr_carea' id='block_1_87' title="bbox 2046 3811 3696 3884">
    <p class='ocr_par' dir='ltr' id='par_1_87' title="bbox 2046 3811 3696 3884">
     <span class='ocr_line' id='line_1_87' title="bbox 2046 3811 3696 3884; baseline 0.001 -16"><span class='ocrx_word' id='word_1_659' title='bbox 2046 3820 2241 3868; x_wconf 80' lang='lat' dir='ltr'><strong>santes</strong></span> <span class='ocrx_word' id='word_1_660' title='bbox 2272 3811 2447 3867; x_wconf 91' lang='lat' dir='ltr'><strong>Paulo</strong></span> <span class='ocrx_word' id='word_1_661' title='bbox 2478 3811 2750 3866; x_wconf 83' lang='lat' dir='ltr'><strong>clamanti</strong></span> <span class='ocrx_word' id='word_1_662' title='bbox 2775 3828 2788 3868; x_wconf 91' lang='lat'>:</span> <span class='ocrx_word' id='word_1_663' title='bbox 2813 3813 2978 3876; x_wconf 71' lang='lat' dir='ltr'><strong>aQute</strong></span> <span class='ocrx_word' id='word_1_664' title='bbox 3011 3819 3156 3868; x_wconf 84' lang='lat' dir='ltr'><strong>Deus</strong></span> <span class='ocrx_word' id='word_1_665' title='bbox 3190 3815 3696 3884; x_wconf 84' lang='lat' dir='ltr'><strong>conjunxit,bomo</strong></span> 
     </span>
    </p>
   </div>
   <div class='ocr_carea' id='block_1_88' title="bbox 2047 3899 3696 3971">
    <p class='ocr_par' dir='ltr' id='par_1_88' title="bbox 2047 3899 3696 3971">
     <span class='ocr_line' id='line_1_88' title="bbox 2047 3899 3696 3971; baseline 0.002 -17"><span class='ocrx_word' id='word_1_666' title='bbox 2047 3917 2160 3954; x_wconf 85' lang='lat' dir='ltr'><strong>non</strong></span> <span class='ocrx_word' id='word_1_667' title='bbox 2191 3905 2420 3970; x_wconf 86' lang='lat' dir='ltr'><strong>separet</strong></span> <span class='ocrx_word' id='word_1_668' title='bbox 2450 3899 2664 3968; x_wconf 58' lang='lat' dir='ltr'><strong>“pqui</strong></span> <span class='ocrx_word' id='word_1_669' title='bbox 2700 3900 2952 3971; x_wconf 89' lang='lat' dir='ltr'><strong>denique</strong></span> <span class='ocrx_word' id='word_1_670' title='bbox 2988 3899 3249 3970; x_wconf 85' lang='lat' dir='ltr'><strong>linguam</strong></span> <span class='ocrx_word' id='word_1_671' title='bbox 3281 3901 3514 3957; x_wconf 89' lang='lat' dir='ltr'><strong>diabolo</strong></span> <span class='ocrx_word' id='word_1_672' title='bbox 3547 3919 3696 3958; x_wconf 92' lang='lat' dir='ltr'><strong>mer-</strong></span> 
     </span>
    </p>
   </div>
   <div class='ocr_carea' id='block_1_89' title="bbox 2044 3987 3692 4063">
    <p class='ocr_par' dir='ltr' id='par_1_89' title="bbox 2044 3987 3692 4063">
     <span class='ocr_line' id='line_1_89' title="bbox 2044 3987 3692 4063; baseline 0.001 -19"><span class='ocrx_word' id='word_1_673' title='bbox 2044 3988 2182 4044; x_wconf 87' lang='lat' dir='ltr'><strong>cede</strong></span> <span class='ocrx_word' id='word_1_674' title='bbox 2214 3989 2405 4041; x_wconf 87' lang='lat' dir='ltr'><strong>locant</strong></span> <span class='ocrx_word' id='word_1_675' title='bbox 2435 3988 2502 4040; x_wconf 87' lang='lat' dir='ltr'><strong>ad</strong></span> <span class='ocrx_word' id='word_1_676' title='bbox 2536 3987 2883 4042; x_wconf 87' lang='lat' dir='ltr'><strong>occultanda</strong></span> <span class='ocrx_word' id='word_1_677' title='bbox 2912 4005 3002 4051; x_wconf 89' lang='lat' dir='ltr'><strong>ea,</strong></span> <span class='ocrx_word' id='word_1_678' title='bbox 3059 4006 3185 4059; x_wconf 79' lang='lat' dir='ltr'><strong>quae</strong></span> <span class='ocrx_word' id='word_1_679' title='bbox 3241 3996 3442 4046; x_wconf 91' lang='lat' dir='ltr'><strong>contra</strong></span> <span class='ocrx_word' id='word_1_680' title='bbox 3499 3992 3692 4063; x_wconf 88' lang='lat' dir='ltr'><strong>ipsum</strong></span> 
     </span>
    </p>
   </div>
   <div class='ocr_carea' id='block_1_90' title="bbox 2046 4075 3695 4141">
    <p class='ocr_par' dir='ltr' id='par_1_90' title="bbox 2046 4075 3695 4141">
     <span class='ocr_line' id='line_1_90' title="bbox 2046 4075 3695 4141; baseline 0.004 -12"><span class='ocrx_word' id='word_1_681' title='bbox 2046 4077 2196 4131; x_wconf 88' lang='lat' dir='ltr'><strong>facta</strong></span> <span class='ocrx_word' id='word_1_682' title='bbox 2236 4083 2395 4130; x_wconf 91' lang='lat' dir='ltr'><strong>sunt.</strong></span> <span class='ocrx_word' id='word_1_683' title='bbox 2430 4075 2582 4128; x_wconf 88' lang='lat' dir='ltr'><strong>Nihil</strong></span> <span class='ocrx_word' id='word_1_684' title='bbox 2615 4075 2770 4130; x_wconf 88' lang='lat' dir='ltr'><strong>enim</strong></span> <span class='ocrx_word' id='word_1_685' title='bbox 2805 4075 2883 4130; x_wconf 93' lang='lat' dir='ltr'><strong>illi</strong></span> <span class='ocrx_word' id='word_1_686' title='bbox 2917 4077 3207 4141; x_wconf 90' lang='lat' dir='ltr'><strong>acerbius,</strong></span> <span class='ocrx_word' id='word_1_687' title='bbox 3240 4078 3383 4132; x_wconf 89' lang='lat' dir='ltr'><strong>nihil</strong></span> <span class='ocrx_word' id='word_1_688' title='bbox 3416 4078 3695 4134; x_wconf 89' lang='lat' dir='ltr'><strong>intolera-</strong></span> 
     </span>
    </p>
   </div>
   <div class='ocr_carea' id='block_1_91' title="bbox 2045 4165 3700 4235">
    <p class='ocr_par' dir='ltr' id='par_1_91' title="bbox 2045 4165 3700 4235">
     <span class='ocr_line' id='line_1_91' title="bbox 2045 4165 3700 4235; baseline 0.002 -15"><span class='ocrx_word' id='word_1_689' title='bbox 2045 4166 2224 4220; x_wconf 89' lang='lat' dir='ltr'><strong>bilius</strong></span> <span class='ocrx_word' id='word_1_690' title='bbox 2257 4165 2513 4218; x_wconf 88' lang='lat' dir='ltr'><strong>accidere</strong></span> <span class='ocrx_word' id='word_1_691' title='bbox 2545 4170 2752 4233; x_wconf 83' lang='lat' dir='ltr'><strong>potest,</strong></span> <span class='ocrx_word' id='word_1_692' title='bbox 2787 4182 2962 4235; x_wconf 85' lang='lat' dir='ltr'><strong>quam</strong></span> <span class='ocrx_word' id='word_1_693' title='bbox 2997 4167 3043 4220; x_wconf 93' lang='lat' dir='ltr'><strong>si</strong></span> <span class='ocrx_word' id='word_1_694' title='bbox 3079 4167 3270 4221; x_wconf 84' lang='lat' dir='ltr'><strong>videat</strong></span> <span class='ocrx_word' id='word_1_695' title='bbox 3307 4169 3610 4222; x_wconf 88' lang='lat' dir='ltr'><strong>seductam</strong></span> <span class='ocrx_word' id='word_1_696' title='bbox 3667 4185 3700 4224; x_wconf 86' lang='lat' dir='ltr'><strong>a</strong></span> 
     </span>
    </p>
   </div>
   <div class='ocr_carea' id='block_1_92' title="bbox 2045 4252 3699 4325">
    <p class='ocr_par' dir='ltr' id='par_1_92' title="bbox 2045 4252 3699 4325">
     <span class='ocr_line' id='line_1_92' title="bbox 2045 4252 3699 4325; baseline 0.002 -15"><span class='ocrx_word' id='word_1_697' title='bbox 2045 4272 2108 4310; x_wconf 86' lang='lat' dir='ltr'><strong>se</strong></span> <span class='ocrx_word' id='word_1_698' title='bbox 2140 4260 2406 4309; x_wconf 88' lang='lat' dir='ltr'><strong>naturam</strong></span> <span class='ocrx_word' id='word_1_699' title='bbox 2438 4269 2472 4307; x_wconf 88' lang='lat' dir='ltr'><strong>a</strong></span> <span class='ocrx_word' id='word_1_700' title='bbox 2501 4252 2719 4308; x_wconf 72' lang='lat' dir='ltr'><strong>cmlesti</strong></span> <span class='ocrx_word' id='word_1_701' title='bbox 2751 4254 2902 4324; x_wconf 81' lang='lat' dir='ltr'><strong>Rege</strong></span> <span class='ocrx_word' id='word_1_702' title='bbox 2933 4254 2993 4309; x_wconf 93' lang='lat' dir='ltr'><strong>in</strong></span> <span class='ocrx_word' id='word_1_703' title='bbox 3020 4255 3296 4325; x_wconf 89' lang='lat' dir='ltr'><strong>primitiis</strong></span> <span class='ocrx_word' id='word_1_704' title='bbox 3313 4273 3586 4312; x_wconf 89' lang='lat' dir='ltr'><strong>sursume</strong></span> <span class='ocrx_word' id='word_1_705' title='bbox 3610 4273 3699 4314; x_wconf 83' lang='lat' dir='ltr'><strong>ve-</strong></span> 
     </span>
    </p>
   </div>
   <div class='ocr_carea' id='block_1_93' title="bbox 2046 4339 3698 4412">
    <p class='ocr_par' dir='ltr' id='par_1_93' title="bbox 2046 4339 3698 4412">
     <span class='ocr_line' id='line_1_93' title="bbox 2046 4339 3698 4412; baseline 0 -13"><span class='ocrx_word' id='word_1_706' title='bbox 2046 4349 2223 4411; x_wconf 89' lang='lat' dir='ltr'><strong>ctam,</strong></span> <span class='ocrx_word' id='word_1_707' title='bbox 2256 4346 2311 4396; x_wconf 88' lang='lat' dir='ltr'><strong>et</strong></span> <span class='ocrx_word' id='word_1_708' title='bbox 2341 4339 2566 4395; x_wconf 84' lang='lat' dir='ltr'><strong>excelso</strong></span> <span class='ocrx_word' id='word_1_709' title='bbox 2598 4341 2794 4395; x_wconf 88' lang='lat' dir='ltr'><strong>animo</strong></span> <span class='ocrx_word' id='word_1_710' title='bbox 2825 4357 2890 4396; x_wconf 89' lang='lat' dir='ltr'><strong>ac</strong></span> <span class='ocrx_word' id='word_1_711' title='bbox 2935 4359 3113 4412; x_wconf 90' lang='lat' dir='ltr'><strong>supra</strong></span> <span class='ocrx_word' id='word_1_712' title='bbox 3169 4341 3402 4398; x_wconf 86' lang='lat' dir='ltr'><strong>laudem</strong></span> <span class='ocrx_word' id='word_1_713' title='bbox 3463 4360 3698 4399; x_wconf 90' lang='lat' dir='ltr'><strong>omnem</strong></span> 
     </span>
    </p>
   </div>
   <div class='ocr_carea' id='block_1_94' title="bbox 2044 4429 3703 4499">
    <p class='ocr_par' dir='ltr' id='par_1_94' title="bbox 2044 4429 3703 4499">
     <span class='ocr_line' id='line_1_94' title="bbox 2044 4429 3703 4499; baseline 0 -11"><span class='ocrx_word' id='word_1_714' title='bbox 2044 4429 2848 4499; x_wconf 85' lang='lat' dir='ltr'><strong>conversam,etsuperiorem</strong></span> <span class='ocrx_word' id='word_1_715' title='bbox 2884 4431 3095 4485; x_wconf 79' lang='lat' dir='ltr'><strong>factam</strong></span> <span class='ocrx_word' id='word_1_716' title='bbox 3131 4437 3314 4487; x_wconf 86' lang='lat' dir='ltr'><strong>morte</strong></span> <span class='ocrx_word' id='word_1_717' title='bbox 3341 4433 3703 4488; x_wconf 86' lang='lat' dir='ltr'><strong>destruxisse</strong></span> 
     </span>
    </p>
   </div>
   <div class='ocr_carea' id='block_1_95' title="bbox 2045 4519 3704 4594">
    <p class='ocr_par' dir='ltr' id='par_1_95' title="bbox 2045 4519 3704 4594">
     <span class='ocr_line' id='line_1_95' title="bbox 2045 4519 3704 4594; baseline -0.001 -17"><span class='ocrx_word' id='word_1_718' title='bbox 2045 4523 2234 4594; x_wconf 91' lang='lat' dir='ltr'><strong>ipsius</strong></span> <span class='ocrx_word' id='word_1_719' title='bbox 2266 4519 2659 4591; x_wconf 80' lang='lat' dir='ltr'><strong>tyrannidem,</strong></span> <span class='ocrx_word' id='word_1_720' title='bbox 2691 4523 2748 4573; x_wconf 90' lang='lat' dir='ltr'><strong>et</strong></span> <span class='ocrx_word' id='word_1_721' title='bbox 2779 4525 3147 4590; x_wconf 87' lang='lat' dir='ltr'><strong>assumptam</strong></span> <span class='ocrx_word' id='word_1_722' title='bbox 3181 4520 3238 4574; x_wconf 90' lang='lat' dir='ltr'><strong>in</strong></span> <span class='ocrx_word' id='word_1_723' title='bbox 3286 4520 3519 4588; x_wconf 78' lang='lat' dir='ltr'><strong>cmlum,</strong></span> <span class='ocrx_word' id='word_1_724' title='bbox 3577 4522 3704 4593; x_wconf 88' lang='lat' dir='ltr'><strong>glo-</strong></span> 
     </span>
    </p>
   </div>
   <div class='ocr_carea' id='block_1_96' title="bbox 286 4601 1933 4699">
    <p class='ocr_par' dir='ltr' id='par_1_96' title="bbox 286 4603 1933 4681">
     <span class='ocr_line' id='line_1_96' title="bbox 286 4603 1933 4681; baseline -0.005 -13"><span class='ocrx_word' id='word_1_725' title='bbox 286 4627 404 4668; x_wconf 74' lang='grc' dir='ltr'>τουο</span> <span class='ocrx_word' id='word_1_726' title='bbox 463 4610 838 4666; x_wconf 87' lang='grc' dir='ltr'>καταλύσασαν</span> <span class='ocrx_word' id='word_1_727' title='bbox 897 4605 954 4662; x_wconf 78' lang='grc' dir='ltr'>δὶ</span> <span class='ocrx_word' id='word_1_728' title='bbox 999 4609 1098 4675; x_wconf 77' lang='grc' dir='ltr'><strong>τὴν</strong></span> <span class='ocrx_word' id='word_1_729' title='bbox 1153 4606 1316 4660; x_wconf 80' lang='grc' dir='ltr'>αὐτοῦ</span> <span class='ocrx_word' id='word_1_730' title='bbox 1377 4603 1676 4681; x_wconf 87' lang='grc' dir='ltr'>τυραννίδα·</span> <span class='ocrx_word' id='word_1_731' title='bbox 1732 4604 1933 4675; x_wconf 78' lang='grc' dir='ltr'>ἀναληο</span> 
     </span>
    </p>
   </div>
   <div class='ocr_carea' id='block_1_97' title="bbox 2046 4601 3698 4699">
    <p class='ocr_par' dir='ltr' id='par_1_97' title="bbox 2046 4601 3698 4682">
     <span class='ocr_line' id='line_1_97' title="bbox 2046 4601 3698 4682; baseline -0.002 -15"><span class='ocrx_word' id='word_1_732' title='bbox 2046 4613 2316 4680; x_wconf 77' lang='lat' dir='ltr'><strong>riosaque</strong></span> <span class='ocrx_word' id='word_1_733' title='bbox 2367 4609 2504 4663; x_wconf 79' lang='lat' dir='ltr'><strong>sede</strong></span> <span class='ocrx_word' id='word_1_734' title='bbox 2537 4607 2715 4662; x_wconf 80' lang='lat' dir='ltr'><strong>fuisse</strong></span> <span class='ocrx_word' id='word_1_735' title='bbox 2748 4607 3114 4677; x_wconf 86' lang='lat' dir='ltr'><strong>honoratam,</strong></span> <span class='ocrx_word' id='word_1_736' title='bbox 3147 4613 3205 4664; x_wconf 89' lang='lat' dir='ltr'><strong>et</strong></span> <span class='ocrx_word' id='word_1_737' title='bbox 3233 4610 3386 4681; x_wconf 90' lang='lat' dir='ltr'><strong>apud</strong></span> <span class='ocrx_word' id='word_1_738' title='bbox 3419 4626 3552 4664; x_wconf 88' lang='lat' dir='ltr'><strong>eum</strong></span> <span class='ocrx_word' id='word_1_739' title='bbox 3592 4601 3698 4682; x_wconf 77' lang='lat' dir='ltr'><strong>qui</strong></span> 
     </span>
    </p>
   </div>
   <div class='ocr_carea' id='block_1_98' title="bbox 288 4692 1938 4777">
    <p class='ocr_par' dir='ltr' id='par_1_98' title="bbox 288 4692 1938 4777">
     <span class='ocr_line' id='line_1_98' title="bbox 288 4692 1938 4777; baseline -0.005 -21"><span class='ocrx_word' id='word_1_740' title='bbox 288 4706 507 4777; x_wconf 81' lang='grc' dir='ltr'>φθεῖσαν</span> <span class='ocrx_word' id='word_1_741' title='bbox 564 4697 621 4754; x_wconf 71' lang='grc' dir='ltr'>δὲ</span> <span class='ocrx_word' id='word_1_742' title='bbox 677 4697 752 4759; x_wconf 82' lang='grc' dir='ltr'><strong>εἷς</strong></span> <span class='ocrx_word' id='word_1_743' title='bbox 812 4696 1060 4771; x_wconf 80' lang='grc' dir='ltr'>οὐρανὸν,</span> <span class='ocrx_word' id='word_1_744' title='bbox 1110 4695 1198 4750; x_wconf 81' lang='grc' dir='ltr'>καὶ</span> <span class='ocrx_word' id='word_1_745' title='bbox 1251 4697 1350 4762; x_wconf 80' lang='grc' dir='ltr'><strong>τῆς</strong></span> <span class='ocrx_word' id='word_1_746' title='bbox 1408 4692 1622 4763; x_wconf 79' lang='grc' dir='ltr'>ἐνδόξου</span> <span class='ocrx_word' id='word_1_747' title='bbox 1680 4692 1938 4770; x_wconf 88' lang='grc' dir='ltr'>καθέδρας</span> 
     </span>
    </p>
   </div>
   <div class='ocr_carea' id='block_1_99' title="bbox 295 4777 1943 4860">
    <p class='ocr_par' dir='ltr' id='par_1_99' title="bbox 295 4777 1943 4860">
     <span class='ocr_line' id='line_1_99' title="bbox 295 4777 1943 4860; baseline -0.005 -16"><span class='ocrx_word' id='word_1_748' title='bbox 295 4791 631 4860; x_wconf 80' lang='grc' dir='ltr'>ἀξιωθεῖσαν,</span> <span class='ocrx_word' id='word_1_749' title='bbox 666 4783 717 4841; x_wconf 80' lang='grc' dir='ltr'><strong>ἔν</strong></span> <span class='ocrx_word' id='word_1_750' title='bbox 749 4807 808 4841; x_wconf 88' lang='grc' dir='ltr'><strong>τε</strong></span> <span class='ocrx_word' id='word_1_751' title='bbox 840 4786 974 4860; x_wconf 86' lang='grc' dir='ltr'>πρὸς</span> <span class='ocrx_word' id='word_1_752' title='bbox 1013 4783 1106 4838; x_wconf 87' lang='grc' dir='ltr'><strong>τὸν</strong></span> <span class='ocrx_word' id='word_1_753' title='bbox 1153 4777 1493 4837; x_wconf 86' lang='grc' dir='ltr'>ἀναλαϐόντα</span> <span class='ocrx_word' id='word_1_754' title='bbox 1533 4783 1676 4856; x_wconf 78' lang='grc' dir='ltr'>πασῃ</span> <span class='ocrx_word' id='word_1_755' title='bbox 1712 4788 1780 4857; x_wconf 79' lang='grc' dir='ltr'><strong>τῇ</strong></span> <span class='ocrx_word' id='word_1_756' title='bbox 1828 4783 1943 4837; x_wconf 89' lang='grc' dir='ltr'>κτί-</span> 
     </span>
    </p>
   </div>
   <div class='ocr_carea' id='block_1_100' title="bbox 291 4871 1943 4956">
    <p class='ocr_par' dir='ltr' id='par_1_100' title="bbox 291 4871 1943 4956">
     <span class='ocr_line' id='line_1_100' title="bbox 291 4871 1943 4956; baseline -0.005 -22"><span class='ocrx_word' id='word_1_757' title='bbox 291 4902 370 4935; x_wconf 91' lang='grc' dir='ltr'><strong>σει</strong></span> <span class='ocrx_word' id='word_1_758' title='bbox 422 4878 830 4956; x_wconf 81' lang='grc' dir='ltr'>γινωσκομένην</span> <span class='ocrx_word' id='word_1_759' title='bbox 887 4879 956 4948; x_wconf 84' lang='grc' dir='ltr'><strong>τῇ</strong></span> <span class='ocrx_word' id='word_1_760' title='bbox 1016 4873 1153 4949; x_wconf 77' lang='grc' dir='ltr'>ἄκρᾳ</span> <span class='ocrx_word' id='word_1_761' title='bbox 1203 4873 1480 4949; x_wconf 79' lang='grc' dir='ltr'>συναφείᾳ,</span> <span class='ocrx_word' id='word_1_762' title='bbox 1510 4877 1578 4946; x_wconf 83' lang='grc' dir='ltr'><strong>τῇ</strong></span> <span class='ocrx_word' id='word_1_763' title='bbox 1630 4880 1727 4942; x_wconf 83' lang='grc' dir='ltr'><strong>τῆς</strong></span> <span class='ocrx_word' id='word_1_764' title='bbox 1783 4871 1943 4944; x_wconf 79' lang='grc' dir='ltr'>δόξης</span> 
     </span>
    </p>
   </div>
   <div class='ocr_carea' id='block_1_101' title="bbox 291 4961 1944 5039">
    <p class='ocr_par' dir='ltr' id='par_1_101' title="bbox 291 4961 1944 5039">
     <span class='ocr_line' id='line_1_101' title="bbox 291 4961 1944 5039; baseline -0.007 -14"><span class='ocrx_word' id='word_1_765' title='bbox 291 4969 554 5038; x_wconf 76' lang='grc' dir='ltr'>κοινωνίᾳ</span> <span class='ocrx_word' id='word_1_766' title='bbox 589 4971 663 5039; x_wconf 81' lang='grc' dir='ltr'><strong>τῷ</strong></span> <span class='ocrx_word' id='word_1_767' title='bbox 693 4965 1000 5039; x_wconf 86' lang='grc' dir='ltr'>Θμερίστῳ,</span> <span class='ocrx_word' id='word_1_768' title='bbox 1031 4965 1129 5032; x_wconf 74' lang='grc' dir='ltr'><strong>τῆς</strong></span> <span class='ocrx_word' id='word_1_769' title='bbox 1174 4961 1304 5037; x_wconf 79' lang='grc' dir='ltr'>ὑπὲρ</span> <span class='ocrx_word' id='word_1_770' title='bbox 1347 4961 1519 5016; x_wconf 76' lang='grc' dir='ltr'>πάντα</span> <span class='ocrx_word' id='word_1_771' title='bbox 1565 4961 1728 5036; x_wconf 86' lang='grc' dir='ltr'>λόγον</span> <span class='ocrx_word' id='word_1_772' title='bbox 1781 4962 1944 5031; x_wconf 82' lang='grc' dir='ltr'>ἀξίας.</span> 
     </span>
    </p>
   </div>
   <div class='ocr_carea' id='block_1_102' title="bbox 2055 4698 3706 4769">
    <p class='ocr_par' dir='ltr' id='par_1_102' title="bbox 2055 4698 3706 4769">
     <span class='ocr_line' id='line_1_102' title="bbox 2055 4698 3706 4769; baseline -0.001 -13"><span class='ocrx_word' id='word_1_773' title='bbox 2055 4703 2478 4769; x_wconf 87' lang='lat' dir='ltr'><strong>assumpserat,</strong></span> <span class='ocrx_word' id='word_1_774' title='bbox 2513 4698 2664 4751; x_wconf 88' lang='lat' dir='ltr'><strong>inter</strong></span> <span class='ocrx_word' id='word_1_775' title='bbox 2711 4714 2915 4751; x_wconf 90' lang='lat' dir='ltr'><strong>omnes</strong></span> <span class='ocrx_word' id='word_1_776' title='bbox 2973 4704 3290 4762; x_wconf 87' lang='lat' dir='ltr'><strong>creaturas,</strong></span> <span class='ocrx_word' id='word_1_777' title='bbox 3352 4699 3410 4754; x_wconf 92' lang='lat' dir='ltr'><strong>in</strong></span> <span class='ocrx_word' id='word_1_778' title='bbox 3470 4709 3706 4755; x_wconf 67' lang='lat' dir='ltr'><strong>summa</strong></span> 
     </span>
    </p>
   </div>
   <div class='ocr_carea' id='block_1_103' title="bbox 2055 4786 3705 4861">
    <p class='ocr_par' dir='ltr' id='par_1_103' title="bbox 2055 4786 3705 4861">
     <span class='ocr_line' id='line_1_103' title="bbox 2055 4786 3705 4861; baseline 0 -16"><span class='ocrx_word' id='word_1_779' title='bbox 2055 4787 2464 4860; x_wconf 79' lang='lat' dir='ltr'><strong>coniunctione</strong></span> <span class='ocrx_word' id='word_1_780' title='bbox 2523 4786 2841 4856; x_wconf 83' lang='lat' dir='ltr'><strong>cognitum,</strong></span> <span class='ocrx_word' id='word_1_781' title='bbox 2894 4786 2953 4842; x_wconf 89' lang='lat' dir='ltr'><strong>in</strong></span> <span class='ocrx_word' id='word_1_782' title='bbox 3014 4787 3458 4859; x_wconf 87' lang='lat' dir='ltr'><strong>participatione</strong></span> <span class='ocrx_word' id='word_1_783' title='bbox 3513 4788 3705 4861; x_wconf 69' lang='lat' dir='ltr'><strong>gloriae</strong></span> 
     </span>
    </p>
   </div>
   <div class='ocr_carea' id='block_1_104' title="bbox 2056 4873 3706 4948">
    <p class='ocr_par' dir='ltr' id='par_1_104' title="bbox 2056 4873 3706 4948">
     <span class='ocr_line' id='line_1_104' title="bbox 2056 4873 3706 4948; baseline 0.001 -15"><span class='ocrx_word' id='word_1_784' title='bbox 2056 4895 2190 4934; x_wconf 89' lang='lat' dir='ltr'><strong>cum</strong></span> <span class='ocrx_word' id='word_1_785' title='bbox 2221 4892 2288 4931; x_wconf 90' lang='lat' dir='ltr'><strong>eo</strong></span> <span class='ocrx_word' id='word_1_786' title='bbox 2321 4874 2422 4946; x_wconf 92' lang='lat' dir='ltr'><strong>qui</strong></span> <span class='ocrx_word' id='word_1_787' title='bbox 2445 4891 2557 4930; x_wconf 89' lang='lat' dir='ltr'><strong>ase</strong></span> <span class='ocrx_word' id='word_1_788' title='bbox 2589 4879 2678 4929; x_wconf 90' lang='lat' dir='ltr'><strong>est</strong></span> <span class='ocrx_word' id='word_1_789' title='bbox 2711 4873 3153 4946; x_wconf 68' lang='lat' dir='ltr'><strong>indivisus,quaa</strong></span> <span class='ocrx_word' id='word_1_790' title='bbox 3184 4875 3443 4948; x_wconf 85' lang='lat' dir='ltr'><strong>dignitas</strong></span> <span class='ocrx_word' id='word_1_791' title='bbox 3473 4893 3706 4934; x_wconf 86' lang='lat' dir='ltr'><strong>omnem</strong></span> 
     </span>
    </p>
   </div>
   <div class='ocr_carea' id='block_1_105' title="bbox 2057 4967 2739 5034">
    <p class='ocr_par' dir='ltr' id='par_1_105' title="bbox 2057 4967 2739 5034">
     <span class='ocr_line' id='line_1_105' title="bbox 2057 4967 2739 5034; baseline -0.01 -11"><span class='ocrx_word' id='word_1_792' title='bbox 2057 4967 2376 5022; x_wconf 86' lang='lat' dir='ltr'><strong>orationem</strong></span> <span class='ocrx_word' id='word_1_793' title='bbox 2412 4967 2739 5034; x_wconf 81' lang='lat' dir='ltr'><strong>exsuperat.</strong></span> 
     </span>
    </p>
   </div>
   <div class='ocr_carea' id='block_1_106' title="bbox 1043 5069 2962 5126">
    <p class='ocr_par' dir='ltr' id='par_1_106' title="bbox 1043 5069 2962 5126">
     <span class='ocr_line' id='line_1_106' title="bbox 1043 5069 2962 5126; baseline -0.001 -1"><span class='ocrx_word' id='word_1_794' title='bbox 1043 5070 1186 5126; x_wconf 85' lang='lat' dir='ltr'><strong>XVI.</strong></span> <span class='ocrx_word' id='word_1_795' title='bbox 2820 5069 2962 5124; x_wconf 87' lang='lat' dir='ltr'><strong>XVI.</strong></span> 
     </span>
    </p>
   </div>
   <div class='ocr_carea' id='block_1_107' title="bbox 297 5155 1933 5241">
    <p class='ocr_par' dir='ltr' id='par_1_107' title="bbox 297 5155 1933 5241">
     <span class='ocr_line' id='line_1_107' title="bbox 297 5155 1933 5241; baseline -0.006 -20"><span class='ocrx_word' id='word_1_796' title='bbox 297 5165 440 5241; x_wconf 80' lang='grc' dir='ltr'>Πρὸς</span> <span class='ocrx_word' id='word_1_797' title='bbox 544 5162 673 5223; x_wconf 79' lang='grc' dir='ltr'>τοὺς</span> <span class='ocrx_word' id='word_1_798' title='bbox 779 5159 1095 5241; x_wconf 75' lang='grc' dir='ltr'>κελεύοντας</span> <span class='ocrx_word' id='word_1_799' title='bbox 1191 5155 1407 5241; x_wconf 46' lang='grc' dir='ltr'>ἁπλῶς-</span> <span class='ocrx_word' id='word_1_800' title='bbox 1483 5157 1749 5241; x_wconf 77' lang='grc' dir='ltr'>πιστεύειν</span> <span class='ocrx_word' id='word_1_801' title='bbox 1831 5163 1933 5241; x_wconf 55' lang='grc' dir='ltr'>τοῖς</span> 
     </span>
    </p>
   </div>
   <div class='ocr_carea' id='block_1_108' title="bbox 2046 5155 3711 5241">
    <p class='ocr_par' dir='ltr' id='par_1_108' title="bbox 2060 5159 3711 5241">
     <span class='ocr_line' id='line_1_108' title="bbox 2060 5159 3711 5241; baseline -0.001 -24"><span class='ocrx_word' id='word_1_802' title='bbox 2060 5163 2323 5241; x_wconf 49' lang='lat' dir='ltr'><strong>Adversus</strong></span> <span class='ocrx_word' id='word_1_803' title='bbox 2349 5175 2434 5241; x_wconf 55' lang='lat' dir='ltr'><strong>eos</strong></span> <span class='ocrx_word' id='word_1_804' title='bbox 2466 5161 2562 5229; x_wconf 76' lang='lat' dir='ltr'><strong>qui</strong></span> <span class='ocrx_word' id='word_1_805' title='bbox 2593 5161 2777 5212; x_wconf 77' lang='lat' dir='ltr'><strong>volunt</strong></span> <span class='ocrx_word' id='word_1_806' title='bbox 2805 5159 3140 5241; x_wconf 62' lang='lat' dir='ltr'><strong>simpliciter:</strong></span> <span class='ocrx_word' id='word_1_807' title='bbox 3168 5161 3237 5213; x_wconf 81' lang='lat' dir='ltr'><strong>iis</strong></span> <span class='ocrx_word' id='word_1_808' title='bbox 3267 5159 3556 5241; x_wconf 55' lang='lat' dir='ltr'><strong>quaedicla</strong></span> <span class='ocrx_word' id='word_1_809' title='bbox 3584 5169 3711 5241; x_wconf 59' lang='lat' dir='ltr'><strong>sunt</strong></span> 
     </span>
    </p>
   </div>
   <div class='ocr_carea' id='block_1_109' title="bbox 367 5229 1933 5316">
    <p class='ocr_par' dir='ltr' id='par_1_109' title="bbox 367 5229 1933 5310">
     <span class='ocr_line' id='line_1_109' title="bbox 367 5229 1933 5310; baseline -0.006 -19"><span class='ocrx_word' id='word_1_810' title='bbox 367 5234 689 5310; x_wconf 85' lang='grc' dir='ltr'>λεγομένοις</span> <span class='ocrx_word' id='word_1_811' title='bbox 725 5277 738 5303; x_wconf 94' lang='grc'><strong>,</strong></span> <span class='ocrx_word' id='word_1_812' title='bbox 815 5232 905 5286; x_wconf 82' lang='grc' dir='ltr'>καὶ</span> <span class='ocrx_word' id='word_1_813' title='bbox 995 5232 1071 5304; x_wconf 74' lang='grc' dir='ltr'><strong>μὴ</strong></span> <span class='ocrx_word' id='word_1_814' title='bbox 1155 5235 1432 5284; x_wconf 83' lang='grc' dir='ltr'>κατανοεῖν</span> <span class='ocrx_word' id='word_1_815' title='bbox 1509 5229 1571 5284; x_wconf 83' lang='grc' dir='ltr'>τὸ</span> <span class='ocrx_word' id='word_1_816' title='bbox 1648 5230 1853 5305; x_wconf 88' lang='grc' dir='ltr'>πρέπον</span> <span class='ocrx_word' id='word_1_817' title='bbox 1917 5231 1933 5282; x_wconf 78' lang='lat' dir='ltr'><strong>i</strong></span> 
     </span>
    </p>
   </div>
   <div class='ocr_carea' id='block_1_110' title="bbox 2046 5229 3711 5316">
    <p class='ocr_par' dir='ltr' id='par_1_110' title="bbox 2130 5229 3711 5316">
     <span class='ocr_line' id='line_1_110' title="bbox 2130 5229 3711 5316; baseline 0.001 -28"><span class='ocrx_word' id='word_1_818' title='bbox 2130 5233 2459 5288; x_wconf 78' lang='lat' dir='ltr'><strong>credendum</strong></span> <span class='ocrx_word' id='word_1_819' title='bbox 2489 5247 2624 5295; x_wconf 71' lang='lat' dir='ltr'><strong>esse,</strong></span> <span class='ocrx_word' id='word_1_820' title='bbox 2650 5248 2747 5312; x_wconf 70' lang='lat' dir='ltr'><strong>nec</strong></span> <span class='ocrx_word' id='word_1_821' title='bbox 2774 5230 3234 5316; x_wconf 65' lang='lat' dir='ltr'><strong>considerandum</strong></span> <span class='ocrx_word' id='word_1_822' title='bbox 3265 5229 3400 5301; x_wconf 75' lang='lat' dir='ltr'><strong>quid</strong></span> <span class='ocrx_word' id='word_1_823' title='bbox 3421 5235 3711 5289; x_wconf 80' lang='lat' dir='ltr'><strong>conveniat</strong></span> 
     </span>
    </p>
   </div>
   <div class='ocr_carea' id='block_1_111' title="bbox 371 5304 1933 5382">
    <p class='ocr_par' dir='ltr' id='par_1_111' title="bbox 371 5304 1698 5382">
     <span class='ocr_line' id='line_1_111' title="bbox 371 5304 1698 5382; baseline -0.004 -20"><span class='ocrx_word' id='word_1_824' title='bbox 371 5304 624 5382; x_wconf 81' lang='grc' dir='ltr'>ἀπρεπές.</span> <span class='ocrx_word' id='word_1_825' title='bbox 1695 5304 1698 5305; x_wconf 47' lang='grc'><strong><em>⁷</em></strong></span> 
     </span>
    </p>
   </div>
   <div class='ocr_carea' id='block_1_112' title="bbox 2046 5304 2810 5382">
    <p class='ocr_par' dir='ltr' id='par_1_112' title="bbox 2129 5304 2810 5376">
     <span class='ocr_line' id='line_1_112' title="bbox 2129 5304 2810 5376; baseline -0.012 -14"><span class='ocrx_word' id='word_1_826' title='bbox 2129 5311 2179 5362; x_wconf 82' lang='lat' dir='ltr'><strong>et</strong></span> <span class='ocrx_word' id='word_1_827' title='bbox 2203 5304 2337 5376; x_wconf 80' lang='lat' dir='ltr'><strong>quid</strong></span> <span class='ocrx_word' id='word_1_828' title='bbox 2368 5318 2472 5356; x_wconf 85' lang='lat' dir='ltr'><strong>non</strong></span> <span class='ocrx_word' id='word_1_829' title='bbox 2505 5304 2810 5356; x_wconf 77' lang='lat' dir='ltr'><strong>conveniat.</strong></span> 
     </span>
    </p>
   </div>
   <div class='ocr_carea' id='block_1_113' title="bbox 2131 5407 3689 5482">
    <p class='ocr_par' dir='ltr' id='par_1_113' title="bbox 2131 5407 3689 5482">
     <span class='ocr_line' id='line_1_113' title="bbox 2131 5407 3689 5482; baseline -0.001 -15"><span class='ocrx_word' id='word_1_830' title='bbox 2131 5412 2249 5467; x_wconf 88' lang='lat' dir='ltr'><strong>Etsi</strong></span> <span class='ocrx_word' id='word_1_831' title='bbox 2283 5408 2848 5464; x_wconf 85' lang='lat' dir='ltr'><strong>multaetborrenda</strong></span> <span class='ocrx_word' id='word_1_832' title='bbox 2877 5409 3152 5478; x_wconf 87' lang='lat' dir='ltr'><strong>dogmata</strong></span> <span class='ocrx_word' id='word_1_833' title='bbox 3189 5407 3245 5462; x_wconf 89' lang='lat' dir='ltr'><strong>in</strong></span> <span class='ocrx_word' id='word_1_834' title='bbox 3293 5408 3599 5464; x_wconf 90' lang='lat' dir='ltr'><strong>hominum</strong></span> <span class='ocrx_word' id='word_1_835' title='bbox 3618 5426 3689 5482; x_wconf 86' lang='lat' dir='ltr'><strong>ge</strong></span> 
     </span>
    </p>
   </div>
   <div class='ocr_carea' id='block_1_114' title="bbox 2062 5495 3718 5568">
    <p class='ocr_par' dir='ltr' id='par_1_114' title="bbox 2062 5495 3718 5568">
     <span class='ocr_line' id='line_1_114' title="bbox 2062 5495 3718 5568; baseline -0.004 -12"><span class='ocrx_word' id='word_1_836' title='bbox 2062 5517 2174 5555; x_wconf 91' lang='lat' dir='ltr'><strong>nus</strong></span> <span class='ocrx_word' id='word_1_837' title='bbox 2204 5499 2303 5554; x_wconf 88' lang='lat' dir='ltr'><strong>ille</strong></span> <span class='ocrx_word' id='word_1_838' title='bbox 2332 5497 2519 5552; x_wconf 87' lang='lat' dir='ltr'><strong>omnis</strong></span> <span class='ocrx_word' id='word_1_839' title='bbox 2551 5495 2778 5550; x_wconf 89' lang='lat' dir='ltr'><strong>honesti</strong></span> <span class='ocrx_word' id='word_1_840' title='bbox 2810 5511 2945 5550; x_wconf 84' lang='lat' dir='ltr'><strong>osor</strong></span> <span class='ocrx_word' id='word_1_841' title='bbox 2974 5496 3198 5550; x_wconf 70' lang='lat' dir='ltr'><strong>daamon</strong></span> <span class='ocrx_word' id='word_1_842' title='bbox 3231 5495 3541 5567; x_wconf 82' lang='lat' dir='ltr'><strong>invexit,ut</strong></span> <span class='ocrx_word' id='word_1_843' title='bbox 3569 5497 3718 5568; x_wconf 87' lang='lat' dir='ltr'><strong>peri-</strong></span> 
     </span>
    </p>
   </div>
   <div class='ocr_carea' id='block_1_115' title="bbox 374 5406 1950 5484">
    <p class='ocr_par' dir='ltr' id='par_1_115' title="bbox 374 5406 1950 5484">
     <span class='ocr_line' id='line_1_115' title="bbox 374 5406 1950 5484; baseline -0.005 -14"><span class='ocrx_word' id='word_1_844' title='bbox 374 5411 606 5470; x_wconf 80' lang='grc' dir='ltr'>Πολλῶν</span> <span class='ocrx_word' id='word_1_845' title='bbox 638 5409 826 5466; x_wconf 85' lang='grc' dir='ltr'>δεινῶν</span> <span class='ocrx_word' id='word_1_846' title='bbox 884 5408 1236 5484; x_wconf 85' lang='grc' dir='ltr'>ὑπαρχόντων</span> <span class='ocrx_word' id='word_1_847' title='bbox 1297 5406 1604 5483; x_wconf 81' lang='grc' dir='ltr'>δογμάτων,</span> <span class='ocrx_word' id='word_1_848' title='bbox 1655 5409 1727 5462; x_wconf 87' lang='grc' dir='ltr'>ὡν</span> <span class='ocrx_word' id='word_1_849' title='bbox 1780 5408 1950 5464; x_wconf 81' lang='grc' dir='ltr'>ἐπεισ-</span> 
     </span>
    </p>
   </div>
   <div class='ocr_carea' id='block_1_116' title="bbox 305 5495 1947 5580">
    <p class='ocr_par' dir='ltr' id='par_1_116' title="bbox 305 5495 1947 5580">
     <span class='ocr_line' id='line_1_116' title="bbox 305 5495 1947 5580; baseline -0.005 -21"><span class='ocrx_word' id='word_1_850' title='bbox 305 5505 473 5580; x_wconf 71' lang='grc' dir='ltr'>ήγαγε</span> <span class='ocrx_word' id='word_1_851' title='bbox 500 5505 580 5574; x_wconf 82' lang='grc' dir='ltr'><strong>τῷ</strong></span> <span class='ocrx_word' id='word_1_852' title='bbox 613 5500 720 5577; x_wconf 86' lang='grc' dir='ltr'>βίῳ</span> <span class='ocrx_word' id='word_1_853' title='bbox 747 5503 856 5554; x_wconf 81' lang='grc' dir='ltr'><strong>τῶν</strong></span> <span class='ocrx_word' id='word_1_854' title='bbox 886 5497 1183 5572; x_wconf 78' lang='grc' dir='ltr'>ἀνθρώπων</span> <span class='ocrx_word' id='word_1_855' title='bbox 1218 5497 1292 5559; x_wconf 84' lang='grc' dir='ltr'>εἷς</span> <span class='ocrx_word' id='word_1_856' title='bbox 1344 5495 1679 5552; x_wconf 78' lang='grc' dir='ltr'>ἐπικίνδυνον</span> <span class='ocrx_word' id='word_1_857' title='bbox 1740 5499 1947 5568; x_wconf 77' lang='grc' dir='ltr'>ἀπάτην</span> 
     </span>
    </p>
   </div>
   <div class='ocr_carea' id='block_1_117' title="bbox 371 5689 1933 5777">
    <p class='ocr_par' dir='ltr' id='par_1_117' title="bbox 371 5700 1880 5774">
     <span class='ocr_line' id='line_1_117' title="bbox 371 5700 1880 5774; baseline -0.001 -12"><span class='ocrx_word' id='word_1_858' title='bbox 371 5705 418 5742; x_wconf 74' lang='grc' dir='ltr'><strong>⁸ο</strong></span> <span class='ocrx_word' id='word_1_859' title='bbox 447 5705 632 5762; x_wconf 84' lang='lat' dir='ltr'><strong>Galat.</strong></span> <span class='ocrx_word' id='word_1_860' title='bbox 667 5719 752 5774; x_wconf 80' lang='lat' dir='ltr'><strong>In,</strong></span> <span class='ocrx_word' id='word_1_861' title='bbox 790 5703 882 5757; x_wconf 83' lang='lat' dir='ltr'><strong>I3.</strong></span> <span class='ocrx_word' id='word_1_862' title='bbox 949 5701 992 5737; x_wconf 78' lang='grc'>⁹¹</span> <span class='ocrx_word' id='word_1_863' title='bbox 1029 5700 1050 5757; x_wconf 94' lang='grc' dir='ltr'>Ι</span> <span class='ocrx_word' id='word_1_864' title='bbox 1079 5701 1209 5759; x_wconf 84' lang='lat' dir='ltr'><strong>Cor.</strong></span> <span class='ocrx_word' id='word_1_865' title='bbox 1241 5716 1334 5768; x_wconf 82' lang='lat' dir='ltr'><strong>xv,</strong></span> <span class='ocrx_word' id='word_1_866' title='bbox 1365 5702 1455 5759; x_wconf 84' lang='lat'><strong>55.</strong></span> <span class='ocrx_word' id='word_1_867' title='bbox 1531 5702 1578 5740; x_wconf 72' lang='grc' dir='ltr'><strong>θ’</strong></span> <span class='ocrx_word' id='word_1_868' title='bbox 1614 5702 1757 5760; x_wconf 89' lang='lat' dir='ltr'><strong>Ibid.</strong></span> <span class='ocrx_word' id='word_1_869' title='bbox 1791 5706 1880 5762; x_wconf 82' lang='lat'><strong>22.</strong></span> 
     </span>
    </p>
   </div>
   <div class='ocr_carea' id='block_1_118' title="bbox 2046 5689 3019 5777">
    <p class='ocr_par' dir='ltr' id='par_1_118' title="bbox 2046 5689 3019 5777">
     <span class='ocr_line' id='line_1_118' title="bbox 2046 5689 3019 5777; baseline -0.008 -17"><span class='ocrx_word' id='word_1_870' title='bbox 2046 5703 2245 5777; x_wconf 69' lang='lat' dir='ltr'><strong>Bphes.</strong></span> <span class='ocrx_word' id='word_1_871' title='bbox 2279 5716 2341 5772; x_wconf 83' lang='grc' dir='ltr'><strong>ιι,</strong></span> <span class='ocrx_word' id='word_1_872' title='bbox 2373 5701 2426 5758; x_wconf 84' lang='grc'><strong>6.</strong></span> <span class='ocrx_word' id='word_1_873' title='bbox 2503 5699 2548 5736; x_wconf 70' lang='grc'>⁸⁸</span> <span class='ocrx_word' id='word_1_874' title='bbox 2578 5697 2782 5756; x_wconf 79' lang='lat' dir='ltr'><strong>Matth.</strong></span> <span class='ocrx_word' id='word_1_875' title='bbox 2816 5689 2933 5769; x_wconf 76' lang='lat' dir='ltr'><strong>xix,</strong></span> <span class='ocrx_word' id='word_1_876' title='bbox 2967 5697 3019 5752; x_wconf 85' lang='lat'><strong>6.</strong></span> 
     </span>
    </p>
   </div>
   <div class='ocr_carea' id='block_1_119' title="bbox 629 5824 3404 5892">
    <p class='ocr_par' dir='ltr' id='par_1_119' title="bbox 629 5824 3404 5892">
     <span class='ocr_line' id='line_1_119' title="bbox 629 5824 3404 5892; baseline -0.003 0"><span class='ocrx_word' id='word_1_877' title='bbox 629 5831 894 5892; x_wconf 73' lang='lat' dir='ltr'><strong>PA&#39;I‘BOL.</strong></span> <span class='ocrx_word' id='word_1_878' title='bbox 942 5830 1053 5890; x_wconf 75' lang='lat' dir='ltr'><strong>Gn.</strong></span> <span class='ocrx_word' id='word_1_879' title='bbox 1104 5829 1378 5892; x_wconf 81' lang='lat' dir='ltr'><strong>XXVIII.</strong></span> <span class='ocrx_word' id='word_1_880' title='bbox 3323 5824 3404 5884; x_wconf 74' lang='grc'>44</span> 
     </span>
    </p>
   </div>
  </div>
