4104 6352
417 375 440 428 1
454 370 570 429 387

1586 372 1652 429 S.
1700 364 2229 430 ATHANASIUS.
2257 399 2334 412 —
2368 364 2678 431 SPURIA.

3681 371 3827 435 1388

413 503 617 560 culosa
643 501 873 559 fallacia
895 503 1282 560 assentientes
1311 501 1657 559 involveret:
1682 506 1878 557 tamen
1913 500 2061 555 haud

2181 501 2289 553 τῶν
2339 495 2655 574 δεχομένων
2708 499 2736 553 ὁ
2790 497 3088 571 μισόκαλος
3132 495 3368 574 δαίμων,
3399 501 3500 556 οὐκ
3542 499 3642 557 οἶδ’
3687 501 3732 558 εἳ
3774 525 3823 559 τι

418 593 540 649 scio
572 610 643 648 an
676 592 1081 664 superioribus
1110 593 1478 665 temporibus
1530 591 1875 662 hujusmodi
1933 589 2073 661 quid

416 681 790 754 partui-iverit
838 680 1009 752 quale
1041 699 1196 736 nunc
1229 682 1498 751 parturit.
1538 681 1680 736 Nam
1713 696 1912 735 earum
1948 695 2075 749 quae

412 772 726 843 viguerunt
755 769 1285 842 haereses,quaaque
1313 770 1466 825 alius
1488 776 1664 841 atque
1686 769 1837 823 alius
1860 767 2075 823 erroris

416 864 603 916 mater
634 860 842 915 fuit.At
864 875 993 929 qua
1025 876 1181 914 nunc
1204 860 1529 915 novissima
1548 857 1813 913 omnium
1842 857 2076 912 inventa

413 952 523 1017 est,
554 964 622 1004 ea
651 952 894 1003 cunctas
927 947 1245 1016 renovavit,
1277 954 1519 1003 cunctas
1550 947 1795 1002 audacia
1833 962 2074 1017 supera-

410 1039 820 1110 vit,postremo
853 1054 968 1107 pra:
1002 1038 1228 1092 caeteris
1259 1036 1536 1092 omnibus
1571 1035 1856 1092 malorum
1880 1040 2071 1091 ortum

411 1127 712 1183 indicavit.
749 1130 899 1182 Vere
954 1148 982 1176 ‹‹
1048 1126 1319 1198 parturiit
1376 1125 1753 1198 injustitiam,
1809 1125 2077 1196 concepit

412 1215 674 1271 dolorem
704 1220 763 1269 et
791 1214 1017 1285 peperit
1048 1214 1425 1285 iniquitatem
1457 1214 1519 1267 ⁸⁸.
1555 1236 1583 1263 ››
1612 1212 1928 1267 Parturivit
1958 1213 2072 1266 im-

411 1304 650 1376 pietatis
682 1302 1050 1376 propositum
1074 1319 1086 1356 :
1109 1303 1377 1374 concepit
1408 1300 1577 1357 mala:
1603 1301 1747 1357 artis
1777 1302 2073 1375 instituta,

411 1393 473 1447 in
505 1392 723 1465 quibus
740 1397 797 1446 et
813 1390 908 1446 alii
942 1390 1470 1462 errarunt:peperit
1504 1389 1891 1444 multifarium
1915 1389 2072 1445 aliud

411 1480 634 1537 malum
667 1496 774 1537 suo
805 1479 1035 1551 quidvis
1067 1480 1348 1535 arbitratu
1380 1477 1876 1542 innovandi.Quin
1895 1478 2071 1533 etiam

410 1574 475 1624 ut
531 1584 734 1624 omnes
785 1584 847 1623 se
877 1573 1223 1638 sequantur,
1254 1566 1566 1638 imperiose
1599 1566 1860 1637 prszcipit
1892 1584 1905 1621 :
1935 1571 2070 1621 Am-

408 1658 756 1731 plectimini,
785 1657 999 1729 inquit,
1033 1656 1401 1728 simpliciter,
1435 1673 1562 1728 quae
1614 1656 1916 1722 dicuntur,
1967 1672 2074 1712 nec

407 1748 671 1820 inquirat
700 1747 1018 1819 quisquam
1052 1746 1191 1817 quid
1228 1745 1287 1799 in
1322 1744 1394 1800 iis
1424 1744 1777 1799 conveniens
1810 1744 1906 1810 sit,
1932 1745 2071 1817 quid

2180 585 2426 642 τοιοῦτον
2462 586 2512 641 ἐν
2564 593 2681 650 τοῖς
2733 588 2982 643 ἀνέκαθεν
3034 588 3261 664 χρόνοις
3313 584 3527 660 ὤδινεν,
3561 592 3673 646 οἷον
3717 597 3824 649 νῦν.

2182 675 2414 746 Ἐκάστη
2452 678 2544 749 μὲν
2577 678 2682 753 γάρ
2711 682 2818 732 τῶν
2851 677 2959 732 ἀπὸ
2988 682 3097 733 τῶν
3134 680 3394 753 αἱρέσεων
3443 677 3611 749 τῆσδε
3638 680 3672 749 ἢ
3700 689 3823 750 τῆσ-

2185 763 2242 820 δε
2287 773 2387 835 τῆς
2436 763 2652 837 πλάνης
2699 768 2886 842 γέγονε
2936 769 3144 844 μήτηρ·
3178 770 3213 838 ἡ
3250 765 3309 824 δὲ
3335 773 3421 823 νῦν
3477 770 3613 842 μετά
3665 772 3825 834 πάσας

2184 853 2524 931 ἐφευρεθεῖσα
2573 856 2744 917 πάσας
2792 854 3145 924 ἀνενεώσατο,
3193 857 3286 910 καὶ
3340 857 3513 919 πάσας
3579 853 3827 934 ὑπερεϐά-

2183 938 2335 1008 λετο,
2384 942 2474 997 καὶ
2527 942 2659 1019 ὑπὲρ
2711 948 2883 997 πᾶσαν
2932 944 3032 1013 τὴν
3079 948 3187 999 τῶν
3248 950 3429 1000 κακῶν
3496 947 3698 1020 γένεσιν
3749 945 3827 1002 ἐπ-

2184 1027 2440 1100 εδείξατο.
2475 1032 2683 1093 Ὄντως
2714 1056 2741 1083 ‹‹
2792 1030 3056 1103 ὠδίνησεν
3108 1029 3337 1101 ἀδικίαν,
3371 1034 3635 1090 συνέλασε
3678 1036 3823 1091 πόνον

2182 1119 2272 1173 καὶ
2330 1115 2502 1174 ἔτεκεν
2564 1120 2815 1193 ἀνομίαν.
2880 1145 2909 1173 ››
2959 1118 3207 1191 Ὠδίνησε
3261 1122 3516 1199 πρόθεσιν
3575 1119 3824 1198 ἀσεϐείας,

2184 1201 2446 1262 συνέλαϐε
2489 1208 2589 1277 τὴν
2642 1207 2838 1272 ἄλλοις
2885 1207 3252 1280 πλανηθεῖσαν
3317 1210 3571 1282 πρόθεσιν
3622 1233 3824 1268 κακοτε-

2184 1296 2366 1371 χνίας·
2401 1295 2549 1352 ἔτεκε
2575 1295 2638 1352 τὸ
2668 1296 2924 1354 ποικίλον
2957 1300 3120 1353 κακὸν
3160 1306 3261 1369 τῆς
3307 1299 3619 1374 αὐτονόμου
3660 1322 3821 1357 καινο-

2181 1385 2400 1459 τομίας,
2434 1386 2524 1440 καὶ
2573 1386 2774 1449 πάντας
2825 1386 3147 1453 ἀκολουθεῖν
3198 1388 3470 1444 ἐπιτάττει
3524 1391 3659 1464 μετά
3704 1390 3826 1445 πολ-

2184 1472 2287 1544 λῆς
2337 1474 2597 1548 ἐξουσίας·
2649 1476 2905 1552 Δέχεσθε,
2952 1476 3138 1554 φησὶν,
3187 1476 3380 1540 ἁπλῶς
3432 1479 3503 1533 τὰ
3551 1477 3826 1554 λεγόμενα,

2180 1562 2270 1617 καὶ
2331 1560 2527 1635 μηδεὶς
2587 1563 2898 1637 ἐξεταζέτω,
2946 1564 3013 1639 ,τί
3068 1567 3277 1642 πρέπον
3332 1565 3386 1620 ἐν
3442 1565 3648 1640 αὐτοῖς,
3704 1570 3738 1637 ἢ
3783 1567 3833 1622 τί

2180 1650 2436 1724 ἀπρεπές.
2486 1652 2590 1708 Καὶ
2638 1652 2817 1708 πίστιν
2869 1653 3124 1727 ὀνομάζει
3170 1658 3271 1724 τήν
3339 1649 3692 1711 ἀϐασάνιστον
3750 1655 3831 1711 ἐπὶ

2177 1745 2296 1802 τοῖς
2347 1741 2595 1803 ἀπάταις
2648 1741 2738 1796 καὶ
2804 1741 3208 1806 ἀναποδείκτοις
3275 1742 3363 1798 ἐπὶ
3416 1738 3599 1819 βλάϐῃ
3648 1766 3833 1821 συγκα-

406 1834 851 1892 inconveniens.
882 1840 964 1891 Ac
1014 1834 1191 1889 fidem
1255 1832 1521 1887 nominat
1576 1833 2061 1888 inconsileratam

2181 1830 2408 1885 τάθεσιν.
2462 1829 2706 1906 Ἀλόγως
2754 1831 3066 1901 «mede-co;
3098 1832 3189 1888 καὶ
3240 1834 3317 1905 μὴ
3373 1831 3606 1906 ἐξετάσω
3652 1833 3706 1889 τί
3751 1830 3835 1888 δυο

410 1924 765 1995 noxiamque
822 1921 1302 1994 approbationem
1364 1921 1735 1975 inlirmorum
1784 1921 2077 1992 nullisque

413 2013 1022 2071 demonstrationibus
1055 2013 1478 2067 instructorum
1514 2012 1879 2083 dogmatum.
1943 2012 2076 2067 Cre-

414 2103 628 2159 damne
680 2102 808 2158 sine
850 2099 1124 2172 judicio?
1159 2115 1262 2154 nec
1296 2100 1611 2170 inquiram,
1645 2100 1785 2169 quid
1818 2103 1920 2154 aut
1951 2090 2076 2154 fieri

413 2191 623 2263 possit,
657 2198 759 2245 aut
789 2189 930 2244 utile
959 2188 1055 2255 sit,
1091 2193 1193 2243 aut
1221 2189 1442 2255 deceat,
1489 2193 1590 2242 aut
1648 2188 1761 2242 Deo
1816 2194 2074 2259 gratum,

413 2284 517 2334 aut
570 2283 791 2334 natura;
823 2293 1171 2348 congruum,
1201 2280 1304 2330 aut
1337 2275 1558 2331 veritati
1593 2292 1940 2345 consonum,
1973 2283 2075 2332 aut

411 2384 587 2439 scopo
617 2366 1259 2432 accommodatum,aut
1279 2364 1554 2435 mysterio
1587 2370 2071 2434 consentaneum,

408 2460 513 2510 aut
543 2455 756 2527 pietate
785 2455 1030 2525 dignum
1064 2452 1183 2507 sit?
1215 2454 1409 2523 Ecqua
1445 2452 1665 2507 utililas
1715 2454 1825 2507 erit
1883 2454 2071 2508 mihi?

407 2549 525 2599 Aut
553 2544 686 2615 quis
717 2543 895 2598 menti
933 2543 1157 2596 fructus
1188 2558 1315 2611 quae
1347 2540 1558 2596 horum
1583 2540 1730 2596 nihil
1762 2557 1959 2596 secum
1987 2560 2069 2598 re-

406 2632 760 2703 putavit,sed
792 2631 1061 2686 auditum
1091 2630 1328 2701 quidem
1350 2646 1492 2684 sono
1506 2629 1814 2683 verborum
1833 2630 2066 2697 obtulit,

405 2721 631 2778 nullam
658 2738 792 2777 vero
816 2719 1104 2775 dictorum
1128 2720 1281 2790 cepit
1313 2718 1793 2790 intelligentiam?
1816 2721 1931 2775 lloc
1963 2720 2065 2774 ad-

406 2814 681 2871 versariis
705 2814 983 2869 omnibus
1001 2812 1215 2868 erroris
1233 2812 1755 2882 universorumque
1775 2813 2062 2869 malorum

406 2920 587 2959 causa
614 2908 724 2959 est.
758 2901 901 2967 Quis
930 2901 1085 2956 enim
1117 2906 1207 2956 est
1237 2900 1611 2956 inimicorum
1648 2900 1916 2957 Ecclesia»
1962 2921 2061 2957 ca-

407 2992 636 3048 tholicis
667 2992 766 3063 qui
798 3008 911 3046 non
946 2989 1202 3061 postulet
1228 2988 1399 3044 dictis
1429 2988 1707 3044 omnibus
1739 2991 1887 3053 suis,
1928 2991 2062 3047 abs-

405 3098 521 3153 que
552 3081 760 3153 praavio
789 3079 1075 3142 examine,
1103 3078 1274 3132 fidem
1303 3077 1537 3133 haberi?
1568 3077 1845 3139 Quamvis
1876 3078 2063 3149 genti-

405 3169 519 3226 lem
553 3168 789 3233 dixeris,
823 3168 943 3223 sive
977 3165 1386 3234 Manichazum,
1420 3166 1539 3221 sive
1570 3166 1687 3221 Arii
1713 3170 1815 3221 aut
1842 3167 2061 3240 Apolli-

2183 1918 2365 1989 νατὸν,
2426 1919 2460 1987 ἢ
2510 1919 2807 1997 συμφέρον,
2854 1921 2889 1990 ἢ
2943 1920 3172 1995 πρέπον,
3220 1922 3256 1990 ἣ
3312 1925 3431 1993 Θεῷ
3485 1919 3731 1999 φίλον,ἣ
3766 1926 3831 1998 τῇ

2187 2004 2342 2082 φύσει
2396 2005 2773 2081 κατάλληλον,
2822 2011 2856 2078 ἢ
2906 2013 2974 2083 τῇ
3037 2009 3269 2081 ἀληθείᾳ
3327 2009 3643 2089 σύμφωνον,
3689 2012 3828 2084 ἦτῷ

2137 2101 2145 2108 ’
2186 2099 2374 2167 σκοπῷ
2425 2095 2749 2166 ἀκόλουθον,
2802 2099 2836 2166 ἢ
2880 2103 2960 2171 τῷ
3012 2099 3299 2173 μυστηρίῳ
3358 2096 3649 2176 ἁρμόδιον,
3678 2102 3712 2171 ἢ
3740 2103 3829 2170 τῆς

2184 2178 2452 2246 εὐσεϐείας
2485 2183 2668 2255 ἅξιονς
2704 2186 2801 2242 Καὶ
2830 2186 2882 2241 τί
2929 2185 3122 2263 κέρδος
3151 2184 3290 2259 ἓξω;
3322 2189 3357 2257 ἢ
3407 2189 3493 2252 τίς
3536 2184 3720 2261 ὄνησις
3764 2193 3827 2263 τῇ

2183 2270 2395 2344 διανοίᾳ
2418 2277 2485 2347 τῇ
2522 2271 2690 2347 μηδὲν
2721 2275 2928 2331 τούτων
2973 2274 3327 2351 λογιζομένῃ,
3361 2276 3490 2333 ἀλλ’
3534 2278 3698 2348 ἀκοήν
3741 2279 3827 2353 μὲν

2178 2366 2257 2432 τῷ
2286 2358 2417 2437 ἤχῳ
2442 2366 2549 2417 τῶν
2584 2362 2847 2439 ῥημάτιον
2887 2362 3204 2441 βάλλεσθαι,
3239 2367 3425 2442 ψυχὴν
3462 2364 3521 2422 δὲ
3565 2365 3826 2440 μηδεμίαν

2177 2454 2283 2503 τῶν
2336 2449 2645 2527 λεγομένων
2697 2451 2904 2508 σύνεσιν
2962 2451 3255 2530 δέχεσθαι;
3306 2460 3478 2511 Τοῦτο
3527 2456 3649 2531 περὶ
3704 2463 3825 2511 πᾶσι

2175 2545 2291 2602 τοῖς
2323 2539 2640 2616 ἀλλοτρίοις
2669 2544 2767 2611 τῆς
2797 2543 3009 2615 πλάνης
3039 2545 3130 2599 καὶ
3170 2549 3281 2600 τῶν
3323 2549 3503 2600 κακῶν
3557 2543 3701 2600 ὅλων
3747 2543 3824 2601 α’ί-

2174 2649 2289 2683 τιον
2337 2629 2560 2704 γίνεται.
2602 2630 2691 2693 Τίς
2740 2632 2843 2706 γὰρ
2889 2637 2998 2687 τῶν
3052 2632 3337 2705 πολεμίων
3381 2635 3483 2703 τῆς
3531 2633 3823 2704 καθολικῆς

2175 2715 2504 2788 Ἐκκλησίας
2538 2719 2638 2774 οὐκ
2668 2720 2810 2792 ἁξιοῖ
2839 2725 2967 2775 πᾶσι
2997 2726 3114 2783 τοῖς
3169 2722 3256 2775 ὑπ’
3286 2720 3454 2777 αὐτοῦ
3516 2721 3822 2799 λεγομένοις

2173 2805 2410 2881 ἀκρίτως
2460 2808 2768 2877 πιστεύειν;
2819 2808 2927 2864 Κᾶν
2973 2808 3225 2880 Ἕλληνα
3284 2810 3430 2885 εἷ’-πη,
3490 2811 3586 2866 κᾶν
3654 2814 3819 2869 Μανι-

2174 2900 2357 2970 χαῖον,
2389 2895 2484 2951 κᾶν
2546 2898 2783 2972 Ἀρείου,
2834 2896 2930 2953 κᾶν
2991 2897 3437 2974 Ἀπόλλιναρίου,
3499 2900 3595 2956 κᾶν
3651 2899 3815 2957 ἄλλου

2170 2984 2421 3039 τοιούτου
2448 2985 2596 3048 τινὸς
2627 2983 3002 3058 κληρονόμον,
3036 2986 3164 3062 οὐχὶ
3213 2994 3556 3064 παραιτεῖται
3599 2990 3696 3058 τὴν
3745 2988 3818 3059 ἐξ·

2171 3070 2368 3144 έτασιν,
2397 3071 2489 3127 ἵνα
2548 3074 2688 3151 φύγῃ
2741 3075 2833 3130 τὸν
2891 3073 3161 3152 ἔλεγχον;
3196 3076 3274 3133 Οὐ
3330 3078 3398 3131 τά
3457 3077 3555 3150 μὶν
3615 3075 3814 3133 οἴκοθεν

2172 3159 2547 3239 ἐρευγόμενος,
2577 3165 2645 3218 τὰ
2674 3160 2732 3218 δὲ
2783 3162 2843 3218 ἐκ
2893 3171 2993 3234 τῆς
3027 3164 3170 3227 Θείας
3202 3169 3306 3220 τῶν
3367 3170 3597 3246 Γραφῶν
3649 3166 3819 3243 ἀρμο-

404 3260 681 3329 narii,aut
707 3258 953 3313 alterius
986 3255 1327 3326 hujusmodi
1363 3256 1796 3321 haeredemmon
1831 3263 2061 3314 recusat

2171 3250 2286 3313 νίας
2316 3251 2619 3325 ἀποκόψας,
2650 3251 2739 3306 καὶ
2771 3253 2908 3326 πρὸς
2937 3253 3030 3307 τὸν
3075 3252 3276 3308 οἰκεῖον
3328 3255 3536 3309 σκοπὸν
3572 3254 3819 3325 ἑλκύσας,

401 3365 667 3412 examen,
702 3352 766 3402 ut
798 3346 983 3417 fugiat
1014 3344 1459 3400 convictionem.
1525 3345 1725 3399 Nonne
1782 3344 1897 3400 alia
1953 3363 2060 3402 suo

402 3444 590 3493 marte
621 3433 1039 3500 erucians,alia
1070 3450 1140 3488 ex
1169 3432 1483 3503 Scriptura
1514 3432 1723 3488 divinae
1754 3432 2062 3489 harmonia

401 3542 672 3582 resecans
701 3529 760 3579 et
789 3524 860 3578 ad
888 3537 1132 3594 scopum
1185 3519 1426 3575 trahens
1477 3536 1677 3586 suum,
1708 3526 2062 3591 argumenta

401 3618 639 3689 profert,
700 3629 829 3685 quas
887 3627 921 3665 a
972 3609 1225 3675 nomine,
1260 3614 1326 3662 ut
1355 3611 1519 3679 optat
1547 3608 1694 3678 ipse,
1727 3608 2061 3680 indaganda

403 3700 784 3778 pronuntiat?
816 3699 1101 3769 Deinceps
1133 3697 1182 3751 si
1215 3696 1493 3750 omnibus
1521 3694 1870 3767 simpliciter
1899 3698 2062 3752 adbio

405 3797 650 3849 beamus
680 3804 904 3854 aurem,
937 3803 1042 3841 nec
1067 3788 1445 3840 enascentem
1504 3799 1574 3839 ex
1629 3800 1831 3841 eorum
1889 3787 2060 3842 dictis

403 3882 830 3939 absurditatem
888 3874 1405 3940 confutaverimus,
1438 3890 1544 3929 nec
1574 3874 1919 3945 dogmatum
1954 3894 2057 3948 pu-

403 3988 551 4045 gms,
584 3985 713 4041 quae.
743 3983 812 4023 ex
843 3979 1112 4036 perversa
1140 3961 1377 4016 illorum
1409 3961 1886 4033 interpretatione
1942 3964 2061 4020 ori-

399 4067 518 4130 tur,
549 4056 904 4114 solutionem
934 4049 1470 4124 efﬂagitaverimus,
1501 4066 1634 4122 qms
1667 4050 1724 4104 in
1759 4054 2055 4122 posterum

401 4148 657 4221 amplius
685 4144 955 4199 veritatis
980 4142 1136 4196 viam
1166 4139 1461 4195 inveniet?
1492 4139 1622 4211 quis
1655 4157 1768 4195 non
1798 4139 1964 4197 facile
1996 4142 2055 4198 in

398 4235 784 4313 pra-cipitium
818 4232 1223 4289 haereticorum
1257 4230 1597 4302 dogmatum
1643 4229 1881 4296 incidet,
1937 4248 2053 4287 non

396 4327 776 4385 considerans
809 4336 1090 4378 novorum
1123 4320 1465 4390 dogmatum
1500 4318 2050 4387 inconvenientiam,

396 4434 500 4475 nec
529 4413 791 4472 veritatis
822 4411 1062 4483 exigens
1090 4406 1557 4464 convenientiam
1576 4406 1605 4461 ?
1636 4407 1784 4471 Quid
1818 4409 2051 4465 credam

394 4508 568 4566 corde
596 4505 668 4560 ad
692 4499 1034 4574 justitiam?
1066 4499 1206 4569 quid
1238 4496 1446 4568 loquar
1486 4512 1584 4552 ore
1641 4498 1711 4551 ad
1773 4495 2049 4563 salutem,

2168 3334 2473 3414 προϐάλλει
2507 3341 2601 3413 μὲν
2660 3342 3006 3409 κατασκευάς,
3040 3340 3101 3404 ἃς
3162 3342 3237 3404 ὡς
3300 3340 3559 3418 βούλεται
3622 3342 3820 3417 μηδένα

2168 3436 2375 3505 χρῆναι
2404 3428 2891 3505 πολυπραγμονεῖν
2938 3429 3330 3509 ἀποφαίνεται;
3366 3431 3519 3498 Εἶτα,
3552 3432 3612 3488 ἂν
3663 3440 3812 3487 πᾶσιν

2170 3515 2360 3579 ἁπλῶς
2388 3517 2485 3579 τὰς
2514 3517 2677 3580 ἀκοάς
2708 3518 3093 3592 ὑποθήσωμεν,
3124 3521 3214 3575 καὶ
3263 3521 3363 3589 τὴν
3419 3521 3817 3594 ἀνακηρύττου-

2169 3625 2260 3659 σαν
2295 3607 2385 3680 ἀφ’
2433 3606 2506 3660 ὧν
2556 3604 2808 3681 λέγουσιν
2858 3606 3102 3679 ἀτοπίαν,
3148 3605 3278 3681 μηδ’
3324 3607 3653 3685 ἐλέγξωμεν,
3683 3606 3815 3683 μηδὶ

2166 3695 2265 3763 τήν
2300 3693 2453 3750 λύσιν
2482 3701 2582 3763 τῆς
2614 3699 2721 3749 τῶν
2755 3692 3046 3771 δογμάτων
3082 3698 3267 3773 μάχης
3296 3705 3399 3767 τῆς
3431 3699 3707 3777 φυομένης
3730 3696 3814 3753 διὰ

2165 3789 2267 3851 τῆς
2326 3790 2497 3853 κακῆς
2552 3782 2839 3859 ἑρμηνείας
2898 3785 3072 3840 αὐτῶν
3123 3787 3536 3860 ἀπαιτήσωμενα
3595 3788 3681 3844 καὶ
3734 3786 3811 3848 τίς

2168 3872 2383 3946 εὑρήσει
2416 3869 2609 3927 λοιπὸν
2638 3869 2715 3927 ἔτι
2745 3870 3002 3943 ἀληθείας
3033 3871 3157 3929 ὀδόν
3183 3893 3197 3941 ;
3230 3874 3314 3937 τίς
3358 3874 3458 3931 οὐκ
3506 3876 3808 3949 ἐμπεσεῖται

2169 3958 2367 4037 ῥᾳδίως
2399 3961 2473 4022 εἷς
2504 3958 2825 4034 κακοδοξίας
2864 3963 3133 4037 κρημνὸν,
3171 3963 3251 4036 μή
3303 3969 3522 4019 σκοπῶν
3561 3972 3657 4035 τῆς
3702 3985 3811 4018 και-

2164 4050 2422 4122 νοτομίας
2480 4050 2542 4105 τὸ
2598 4050 2856 4126 ἀπρεπὲς,
2900 4053 3040 4123 μήτε
3096 4050 3343 4107 ἀπαιτῶν
3403 4059 3509 4122 τῆς
3567 4051 3813 4125 ἀληθείας

2161 4139 2224 4193 τὸ
2255 4137 2458 4214 πρέπον
2488 4156 2503 4206 ;
2533 4138 2593 4192 Τί
2640 4139 2912 4193 πιστεύσω
2960 4143 3028 4212 τῇ
3076 4137 3273 4216 καρδίᾳ
3312 4140 3390 4204 εἰς
3437 4138 3805 4212 δικαιοσύνην;

2160 4227 2213 4282 τί
2244 4225 2475 4297 λαλήσω
2502 4232 2582 4299 τῷ
2612 4227 2841 4300 στόματι
2873 4226 2951 4290 εἷς
2994 4228 3290 4305 σωτηρίαν,
3322 4229 3447 4285 ὅταν
3500 4226 3804 4307 προϐάλωσι

2160 4318 2448 4386 κακοήθως
2477 4316 2565 4384 τὸ,
2597 4339 2625 4367 ‹‹
2674 4316 2736 4373 Ὁ
2762 4315 2981 4390 πέμψας
3016 4338 3082 4390 με
3133 4321 3162 4371 ὁ
3213 4320 3400 4395 Πατήρ
3463 4319 3658 4392 μείζων
3707 4337 3800 4391 μου

2161 4404 2340 4474 ἐστίνς
2376 4429 2404 4456 ››
2457 4403 2674 4466 ’Λπλῶς
2715 4403 2973 4479 δέξομαι;
3007 4412 3296 4480 προπετῶς
3345 4413 3662 4482 συνθῶμαι;
3691 4404 3803 4462 τολ-

2164 4498 2356 4569 μηρῶς
2406 4494 2788 4570 ἀποφανοῦμαι
2843 4498 2941 4548 τοῦ
3005 4496 3211 4571 [ἰατρὸς
3259 4494 3463 4565 ἥττονα
3511 4498 3602 4553 τὸν
3651 4494 3799 4559 Υἱόν;

394 4614 529 4654 cum
588 4592 732 4649 mihi
791 4589 1049 4661 maligne
1090 4586 1412 4656 objecerint
1441 4585 1587 4639 illud
1625 4602 1637 4639 :
1672 4606 1700 4634 «
1734 4584 1917 4649 Pater,
1952 4585 2052 4655 qui

2169 4581 2250 4636 καὶ
2285 4578 2453 4653 μηδὲν
2486 4580 2632 4644 ὅλως
2669 4580 2991 4657 λογίσομαι.
3027 4585 3158 4657 μήθ’
3196 4584 3279 4640 ὅτι
3307 4587 3405 4655 τῆς
3437 4584 3744 4659 οἰκονομίας
3771 4582 3796 4635 ὁ

395 4686 561 4743 misit
591 4680 901 4749 me,major
931 4692 1023 4732 me
1053 4680 1144 4731 est
1161 4673 1713 4745 ’5?»Simpliciterne
1742 4672 2052 4745 accipiam,

396 4793 469 4831 an
501 4770 935 4846 praecipitanter
964 4763 1296 4821 assentiar?
1330 4764 1607 4817 audacter
1642 4760 1850 4815 Filium
1884 4761 2049 4817 Patre

393 4864 729 4925 inferiorem
750 4856 1223 4931 pronuntiabo,ct
1241 4853 1386 4908 nihil
1406 4853 1647 4905 omnino
1668 4851 2044 4923 perpendam,

393 4972 586 5030 neque
611 4953 766 5025 quod
799 4946 1130 5005 oeconomia:
1159 4947 1272 5001 iste
1302 4959 1498 4999 sermo
1523 4941 1619 5004 sit,
1656 4956 1845 5010 neque
1891 4942 2043 5013 quod

391 5047 655 5121 ejusdem
689 5043 797 5097 hoc
828 5039 1053 5093 dictum
1084 5037 1357 5106 sit:«Ego
1388 5038 1445 5085 et
1474 5031 1628 5121 512
1664 5030 1829 5121 Pater
1858 5047 2041 5121 unum

387 5118 597 5195 sumus
628 5133 707 5199 0";
740 5153 768 5181 »
802 5131 860 5184 et
891 5144 903 5183 :
941 5151 968 5177 ιι
1001 5126 1072 5181 Ut
1104 5125 1389 5179 honorent
1421 5119 1828 5189 Filium,sicut
1859 5118 2041 5175 hono-

381 5230 517 5284 rant
548 5225 771 5279 Patrem
797 5218 874 5286 9‘;
910 5238 939 5266 ιθ
971 5222 1030 5270 et
1060 5231 1073 5267 :
1109 5235 1138 5264 «
1170 5212 1280 5277 Qui
1310 5210 1456 5265 vidit
1487 5224 1602 5277 me,
1634 5207 1781 5262 vidit
1825 5212 1883 5263 et
1934 5207 2039 5264 Pa-

378 5322 528 5372 trem
561 5313 635 5380 ”;
669 5332 695 5359 ››
728 5312 784 5365 et
814 5305 1047 5361 inﬁnita
1078 5302 1347 5373 alia,quze
1381 5297 1775 5371 aequalitatem
1810 5313 2037 5368 parem-

380 5421 494 5478 que
523 5399 710 5457 Putris
731 5402 789 5453 et
811 5394 938 5451 Filii
976 5395 1251 5448 honorem
1288 5390 1343 5444 in
1379 5386 1657 5445 omnibus
1689 5385 2039 5442 declarant?

378 5492 438 5549 Si
466 5490 649 5563 igitur
677 5483 823 5541 nihil
853 5498 1056 5538 eorum
1088 5498 1215 5552 quae
1246 5478 1380 5533 inde
1439 5479 1880 5545 consequuntur
1933 5489 2033 5529 ex-

2162 4668 2354 4745 λόγος,
2389 4672 2518 4743 μήθ’
2549 4669 2631 4725 ὅτι
2662 4674 2758 4726 τοῦ
2788 4671 2953 4726 αὐτοῦ
2984 4675 3157 4750 φωνή·
3194 4699 3222 4727 ‹‹
3254 4675 3403 4749 Ἐγὼ
3437 4676 3528 4730 καὶ
3570 4678 3598 4731 ὁ
3632 4672 3798 4745 Πατήρ

2158 4756 2213 4814 ἓν
2245 4758 2425 4833 ἐσμεν·
2462 4784 2490 4811 ››
2529 4758 2640 4829 καὶ,
2677 4783 2704 4811 (ι
2751 4763 2866 4818 Ἵνα
2910 4766 3114 4835 τιμῶσι
3161 4763 3252 4818 τὸν
3304 4764 3453 4832 nev,
3503 4764 3679 4829 καθὼς
3724 4779 3795 4813 τι·

2162 4852 2304 4920 μῶσι
2360 4849 2450 4903 τὸν
2504 4848 2730 4922 Πατέρα.
2767 4873 2793 4901 »
2828 4849 2939 4920 καὶ,
2970 4874 2997 4902 ι(
3051 4855 3104 4906 Ὀ
3155 4851 3410 4927 ἑωρακὼς
3459 4852 3559 4925 ἐμὲ
3609 4852 3793 4926 ἑώρακε

2153 4937 2245 4991 τὸν
2276 4938 2503 5012 Ηατέρα.
2539 4960 2565 4987 ›)
2595 4936 2683 4991 καὶ
2717 4936 2863 4992 ἄλλα
2893 4934 2950 4992 δὲ
2984 4938 3173 5013 μυρία,
3203 4940 3271 4994 τά
3312 4941 3412 5010 τήν
3446 4938 3668 5010 ἰσότητα
3708 4932 3787 4991 καὶ

2151 5026 2251 5094 τήν
2283 5024 2579 5098 ὁμοτιμίαν
2613 5024 2662 5079 ἐν
2699 5032 2828 5080 πᾶσι
2861 5026 3232 5102 γνωρίζοντα;
3264 5028 3329 5083 Εἴ
3360 5026 3453 5084 οὖν
3511 5026 3673 5103 μηδὲν
3718 5020 3790 5078 δεῖ

2149 5119 2258 5169 τῶν
2313 5112 2720 5169 ἀνακυπτόντων
2781 5116 2928 5190 ὁρᾷν,
2965 5117 3104 5187 μήτε
3160 5117 3251 5171 τὸν
3310 5117 3588 5191 πρέποντα
3642 5112 3776 5186 λόγον

2150 5200 2468 5258 ἀποδιδόναι
2500 5202 2625 5277 περὶ
2651 5207 2758 5257 τῶν
2793 5201 3208 5260 ἀκακυπτόντων
3244 5206 3334 5261 καὶ
3366 5205 3618 5263 ἐναντίων
3664 5199 3777 5257 εἶναι

2151 5289 2476 5361 δοκούντων,
2509 5295 2627 5354 πῶς
2658 5291 2919 5369 σόμφωνα
2951 5290 3194 5367 δείξομαι
3227 5296 3293 5350 τά
3336 5301 3595 5351 τοσοῦτον
3626 5288 3782 5358 ἀλλή-

2149 5379 2259 5436 λων
2293 5382 2429 5436 κατὲι
2481 5381 2545 5435 τὸ
2602 5381 2898 5457 πρόχειρον
2956 5389 3058 5453 τῆς
3108 5382 3433 5462 ἐπαγγελίας
3486 5380 3777 5456 ἀπᾴδοντα;

2148 5477 2272 5534 Πῶς
2306 5469 2464 5533 αὐτὸς
2496 5472 2788 5549 φανήσεται
2820 5469 2909 5527 καὶ
2946 5474 3248 5550 μονογενὴς
3292 5476 3385 5531 καὶ
3433 5471 3785 5553 πρωτότοκος,

453 5702 498 5738 ⁸⁸
529 5697 680 5767 Psal.
713 5713 810 5766 vu,
845 5698 931 5751 15.
1006 5695 1050 5731 9°
1078 5694 1245 5750 Jsan.
1279 5707 1397 5764 xw,
1428 5691 1519 5746 28.
1596 5687 1641 5726 ’7
1671 5688 1837 5745 Joan.
1869 5705 1925 5760 χ,
1954 5689 2045 5745 30.
2120 5689 2167 5726 ⁸⁸
2193 5690 2363 5743 Joan.
2397 5704 2454 5755 v,
2484 5687 2576 5743 23.
2655 5687 2700 5725 9°
2724 5688 2897 5746 Joan.
2927 5705 3044 5763 xxv,
3075 5690 3131 5749 9.
