4104 6362
332 442 494 504 1389

1086 428 1639 494 CUNFUTATION
1652 427 1739 486 ES
1786 424 1941 495 QUA
1954 424 2053 484 RU
2066 418 2291 481 MDAM
2341 418 3006 481 PROPOSITIONUM.

3597 418 3752 477 1390

332 580 460 629 πᾶσι
492 571 668 643 δήλου
698 570 1094 645 τυγχάνοντος,
1130 567 1205 639 μὴ
1240 559 1555 634 συμϐαίνειν
1602 557 1874 627 ἀλλήλοις
1924 554 1989 609 τὰ

2128 554 2478 609 iendendum
2524 560 2636 620 est,
2685 554 2731 607 si
2784 569 2888 607 nec
2933 552 3078 607 ratio
3127 568 3326 607 eorum
3373 568 3500 622 quae
3549 567 3749 605 conse-

336 661 432 717 δύο
460 661 583 735 περὶ
630 660 722 714 τὸν
764 656 857 711 ἕνα
912 656 1004 710 τὸν
1056 653 1108 708 ἐν
1155 658 1251 727 μιᾷ
1299 650 1668 725 θεωρούμενον
1705 666 1856 723 φύσει
1884 662 1898 711 ;
1928 649 1988 700 Ὀ

340 754 433 825 μὲν
460 732 563 825 γὰρ
598 748 897 822 μονογενής
931 745 1006 817 μὴ
1040 741 1182 818 ἔχων
1222 739 1509 817 ἀδελφοὺς,
1540 740 1629 791 οἶα
1665 732 1987 808 μονογενὴς.

335 838 682 916 πρωτότοκος
730 820 1012 897 διαλεῖσθαι
1059 830 1121 887 ού
1172 828 1409 884 δύναται·
1479 824 1827 899 πρωτότοκον
1886 820 1989 893 γὰρ

338 908 476 984 εἶπεν
511 928 538 981 ὁ
572 924 787 986 Παῦλος
813 923 863 977 ἐν
888 920 1124 982 πολλοῖς
1159 916 1439 995 ἀδελφοῖς*
1474 916 1502 968 ὁ
1534 911 1579 968 δ’
1614 910 1678 966 αὖ
1709 908 1991 985 πρωτότο-

335 1040 457 1085 κος,
508 1016 676 1091 ἔχων,
732 1014 804 1073 ὡς
843 1012 1010 1081 εἰκὸς,
1064 1007 1354 1085 ἀδελφοὺς,
1420 1002 1711 1078 μονογενὴς
1762 997 1859 1052 οὐκ
1916 995 1991 1050 ἔτι

337 1102 817 1183 προσαγορεύεται.
854 1098 1023 1154 Πάλιν
1060 1099 1087 1151 ὁ
1120 1098 1278 1158 αὐτὸς
1328 1095 1419 1148 καὶ
1468 1092 1779 1167 πρόσφατος
1840 1086 1993 1160 λὲγε-

334 1217 419 1250 ται
448 1194 538 1248 καὶ
569 1193 811 1252 αἷώνιος·
852 1214 879 1239 ››
908 1190 1115 1258 Ἰησοῦς
1152 1186 1379 1261 Χριστὸς
1426 1182 1557 1258 χΟὶς
1591 1179 1678 1234 καὶ
1731 1179 1993 1249 σήμερον,

339 1287 367 1339 ὁ
398 1283 558 1344 αὐτὸς
588 1280 678 1335 καὶ
740 1278 815 1341 εἷς
847 1277 975 1339 τοὺς
1006 1275 1226 1336 αἰῶνας.
1283 1298 1309 1323 υ
1340 1272 1412 1326 Τὸ
1457 1269 1640 1344 ἕτερον
1689 1267 1858 1338 ἒτέρῳ
1905 1262 1995 1317 ἀν-

340 1372 731 1435 τικαθίσταται.
787 1367 850 1423 Εἰ
899 1365 1229 1441 πρόσφατος,
1276 1366 1392 1422 πῶς
1441 1358 1698 1423 αἰώνιος;
1743 1354 1806 1408 Εἰ
1863 1350 1995 1406 αἶ’ώ-

344 1482 479 1527 νιος,
510 1459 708 1519 πάντος
742 1456 803 1510 ού
836 1454 1168 1531 πρόσφατος.
1201 1452 1271 1506 Τὸ
1326 1447 1403 1519 δὲ,
1438 1474 1464 1499 ‹‹
1521 1447 1797 1518 Ἀπάτωρ,
1851 1441 2002 1512 ἀμή-

346 1569 482 1623 τωρ,
512 1544 958 1622 ἀγενεαλόγητος,
1062 1545 1178 1613 μῶς
1212 1538 1274 1593 οὐ
1304 1534 1602 1614 προδήλως
1634 1538 1751 1593 τοῖς
1804 1530 1997 1623 ἄλλοις

353 1640 610 1712 μάχεται,
643 1632 711 1689 δι’
740 1635 812 1687 ὧν
852 1632 1187 1704 μανθάνομεν
1232 1628 1322 1681 καὶ
1385 1625 1594 1696 Πατέρα
1640 1621 1798 1676 αὐτὸν
1854 1616 1998 1692 ἔχειν

354 1727 404 1780 ἐν
440 1726 709 1801 οὐρανοῖς,
739 1722 827 1776 καὶ
864 1719 1071 1794 μητέρα
1102 1718 1189 1771 ἐπὶ
1219 1724 1317 1784 τῆς
1349 1721 1472 1789 γῆς,
1525 1713 1614 1766 καὶ
1664 1706 2001 1785 γενεαλογεῖ-

350 1818 467 1869 σθαι
509 1794 709 1890 ’σαφῶς
768 1810 913 1885 παρά
966 1814 1083 1868 τοῖς
1144 1803 1377 1873 ἐνδόξοις
1438 1798 1888 1875 εύαγγελισταῖς;
1939 1794 2001 1890 ἱεΞῖ

2103 648 2367 715 quuutur
2398 652 2455 697 et
2496 642 2790 697 contraria
2836 642 3108 695 videntur
3150 656 3408 711 congrua
3456 640 3752 693 reddenda

2101 737 2211 787 est.
2246 731 2538 801 quomodo
2569 730 3014 784 conciliabimus
3046 746 3168 797 qua:
3189 728 3377 799 prima
3407 728 3750 799 pronuntia-

2102 821 2279 875 tionis
2312 821 2497 874 fronte
2536 821 2685 873 inter
2715 835 2777 873 se
2823 818 3157 887 discrepant
3185 816 3212 870 ’ἲ
3240 817 3539 880 Quomodo
3594 815 3749 869 idem

2102 908 2390 962 videbitur
2417 912 2472 961 et
2498 906 2837 977 unigenitus
2868 910 2923 960 et
2973 905 3393 976 primogenitus
3417 905 3443 958 ?
3475 921 3606 958 cum
3651 921 3752 975 pa-

2103 996 2221 1051 lam
2255 996 2332 1051 sit
2361 997 2658 1062 omnibus,
2692 996 2808 1049 duo
2840 994 3023 1049 relata
3052 995 3125 1047 ad
3160 1010 3367 1059 unum,
3411 1009 3661 1063 eumque
3694 992 3752 1046 in

2107 1103 2223 1139 una
2252 1085 2686 1140 consideratum
2726 1088 2960 1147 natura,
2996 1080 3237 1136 minime
3280 1082 3431 1136 inter
3462 1098 3521 1136 se
3552 1099 3755 1135 conve-

2109 1175 2251 1229 nire.
2288 1174 2512 1228 Etenim
2558 1173 2918 1245 unigenitus,
2965 1171 3058 1227 cui
3104 1180 3167 1225 ut
3200 1170 3498 1242 unigenito
3548 1172 3758 1226 fratres

2109 1262 2253 1318 nulli
2287 1268 2446 1329 sunt,
2480 1279 2595 1317 non
2630 1267 2817 1332 potest
2846 1260 3127 1331 appellari
3158 1259 3758 1331 primogenitus.Pau-

2110 1350 2203 1405 lus
2222 1351 2377 1405 enim
2397 1350 2849 1421 primogenitum
2872 1348 3086 1403 dixitin
3112 1350 3315 1403 multis
3339 1349 3759 1405 t'ratribus.Nec

2112 1457 2346 1495 rursum
2381 1439 2835 1510 primogenitus,
2869 1441 3078 1492 fratres
3125 1437 3371 1505 habens,
3421 1438 3761 1509 unigenitus

2110 1534 2350 1583 vocatur
2378 1526 2655 1598 amplius.
2693 1527 2946 1581 Rursum
2979 1526 3131 1579 idem
3167 1524 3263 1579 ille
3293 1531 3350 1580 et
3406 1525 3761 1581 novissimus

2113 1618 2326 1672 dicitur
2357 1621 2415 1671 et
2444 1621 2695 1670 aeternus
2732 1632 2742 1669 :
2778 1636 2807 1665 n
2840 1617 3008 1669 Jesus
3039 1614 3309 1669 Christus
3328 1614 3449 1668 heri
3483 1620 3538 1669 et
3568 1614 3767 1681 hodie,

2113 1707 2236 1777 ipse
2264 1712 2320 1760 et
2353 1706 2410 1759 in
2444 1705 2654 1759 saecula
2685 1706 2761 1757 ¹.››
2796 1704 2897 1758 Hic
2920 1702 3169 1757 alterum
3201 1702 3368 1757 alteri
3399 1704 3760 1759 adversatur.

2113 1796 2167 1850 Si
2201 1794 2561 1849 novissimus
2592 1801 2697 1861 est,
2735 1792 3026 1862 quomodo
3057 1792 3345 1846 aaternusl
3381 1791 3439 1847 Si
3488 1799 3762 1857 internus,

354 1904 600 1976 ἀπάτωρ,
634 1905 751 1961 πῶς
800 1896 1050 1972 οὐρανίου
1101 1893 1348 1967 Πατρόςς
1397 1890 1441 1944 εἷ
1494 1891 1747 1961 ἀμήτωρ,
1798 1889 1915 1945 πῶς
1947 1881 2005 1936 ἐκ

2128 1901 2230 1938 non
2283 1883 2467 1953 igitur
2511 1881 2885 1935 novissimus.
2930 1884 3059 1935 Jam
3112 1878 3256 1934 illud
3292 1898 3304 1934 :
3341 1903 3368 1930 «
3404 1880 3539 1935 Sine
3571 1884 3761 1946 Patre,

353 1999 455 2061 τῆς
490 1970 760 2065 Παρθένου
796 1970 1003 2060 μητρός
1032 2003 1045 2053 ;
1078 1984 1125 2037 εἷ’
1154 1979 1610 2056 ἀγενεαλόγητος,
1668 1979 1784 2035 πῶς
1922 1970 2001 2043 βίν

356 2076 494 2141 ὅλος
523 2077 782 2153 γενέσεως
817 2078 995 2145 Ἰησοῦ
1035 2075 1305 2143 Χριστοῦ;
1334 2090 1360 2121 η
1396 2065 1677 2121 Τοσούτων
1712 2063 1802 2116 οὖν
1837 2055 2007 2115 ὄντων

354 2170 443 2224 καὶ
491 2150 690 2238 πολλῷ
724 2163 992 2220 πλειόνων
1019 2166 1125 2215 τῶν
1160 2160 1331 2219 οὕτως
1363 2154 1628 2225 ἀλλήλων
1662 2150 2005 2227 ἀσυμφώνων

355 2260 487 2314 εἴναι
522 2254 851 2324 δοκοῦντων,
875 2250 929 2306 τί
962 2250 1062 2325 ἄρα
1090 2247 1403 2303 κελεύουσιν
1446 2246 1592 2316 ἡμᾶς
1643 2236 2009 2297 ἀϐασανίστως

355 2346 636 2417 δέξασθαι;
688 2340 739 2396 δί
796 2339 853 2396 δὲ
905 2340 1260 2403 ἀπώσασθαι;
1321 2333 1392 2387 Ού
1424 2334 1527 2407 γὰρ
1588 2330 1701 2384 οἷόν
1734 2349 1792 2381 τε
1849 2331 2007 2380 πᾶσιν

360 2434 568 2509 ὁμοίως
602 2428 973 2489 ἕπεσθαιτοῦς
1037 2428 1112 2499 μὴ
1170 2426 1269 2491 τήν
1325 2421 1665 2497 ἁρμόζουσαν
1702 2417 1853 2472 λύσιν
1910 2421 2009 2482 τῆς

362 2507 736 2596 νομιζομένης
781 2516 1073 2592 διαφωνίας
1126 2513 1488 2587 εὑρίσκοντας.
1550 2508 1613 2565 Ei
1672 2507 1731 2559 τὸ
1776 2530 1802 2555 ‹‹
1850 2524 2010 2576 μονο-

365 2591 524 2690 γενής
562 2591 588 2661 vi
619 2607 846 2677 ἀληθὲς,
887 2591 964 2660 τὸ
996 2629 1023 2657 ‹‹
1081 2601 1430 2678 πρωτότοκος
1466 2624 1494 2649 ››
1526 2597 1587 2651 ού
1643 2599 1911 2650 τοιοῦτον.
1952 2591 2013 2645 Ei

365 2681 428 2758 τὸ
459 2728 487 2753 ι(
522 2697 871 2774 πρωτότοκος
908 2719 934 2745 ››
961 2690 1209 2765 ἀψευδὲς,
1253 2692 1313 2744 τὸ
1362 2714 1389 2741 ‹‹
1447 2686 1748 2760 μονογενής
1797 2707 1823 2733 ››
1873 2681 2015 2734 ἐναν-

366 2791 505 2846 τίον.
539 2769 603 2846 Ei
659 2789 722 2841 τὸ
770 2810 797 2837 ‹‹
851 2784 981 2859 χθὲς
1027 2781 1116 2835 καὶ
1166 2781 1403 2853 σήμερον
1456 2800 1484 2827 ››
1516 2772 1894 2846 ὡμολόγηται,
1952 2769 2015 2823 τὸ

370 2905 397 2931 ‹‹
432 2877 651 2932 αἰώνιον
696 2896 724 2927 ι
780 2870 1013 2948 οἷ’χεται.
1066 2869 1129 2926 Εἰ
1175 2870 1237 2922 τὸ
1298 2892 1325 2919 ‹‹
1375 2865 1597 2937 ἀπάτωρ
1654 2888 1673 2912 ι
1711 2859 1920 2929 ἔστηκε,
1953 2859 2017 2911 τὸ

370 2966 516 3043 ἔχειν
570 2962 781 3039 Πατέρα
830 2961 1140 3030 λυθήσεται.
1194 2956 1254 3013 Ei
1304 2955 1367 3009 τὸ
1398 2979 1424 3005 (ι
1459 2953 1690 3043 ἀμήτωρ
1725 2974 1756 3043 (ι
1784 2950 2015 3043 πέπηγε,

367 3034 440 3111 τῦ
466 3055 675 3130 μητερα
723 3047 868 3127 ἔχειν
928 3048 1380 3123 ἀνατραπήσεται.
1434 3042 1493 3099 Εἰ
1542 3041 1603 3095 τὸ
1656 3064 1682 3091 ‹‹
1734 3034 2021 3112 ἀγενεαλό-

369 3123 538 3221 γητον
586 3123 620 3193 ii
664 3123 847 3216 ἄραρε,
900 3143 1015 3199 πῶς
1069 3140 1138 3209 τῇ
1186 3130 1509 3221 γενεαλογίᾳ
1544 3127 1921 3221 ,προσὲξομενς
1954 3123 2019 3181 Εἰ

467 3233 544 3305 μὴ
577 3210 709 3306 ἔχον·
737 3210 915 3304 ἀρχὴν
945 3227 1169 3297 ἡμερῶν
1198 3221 1233 3290 ἢ
1264 3220 1419 3279 τὲλες
1472 3211 1709 3292 βέϐαιον,
1743 3210 1858 3273 πῶς
1888 3232 2019 3280 νοη-

2116 1974 2241 2028 sine
2274 1977 2477 2035 matre,
2514 1970 2641 2024 sine
2685 1968 3027 2039 genealogis
3056 1969 3099 2033 ²,
3134 1990 3161 2016 ›ι
3212 1984 3405 2023 annon
3458 1970 3767 2023 manifeste

2118 2064 2341 2132 pugnat
2372 2076 2503 2113 cum
2537 2058 2691 2125 aliis,
2724 2074 2791 2112 ex
2833 2058 3050 2129 quibus
3100 2056 3388 2111 discimus
3432 2061 3489 2112 et
3537 2061 3765 2113 Patrem

2119 2151 2312 2221 ipsum
2350 2148 2404 2201 in
2440 2146 2602 2202 cmlis
2636 2146 2848 2200 habere
2880 2150 2937 2200 et
2968 2150 3212 2199 matrem
3251 2145 3306 2199 in
3340 2151 3515 2215 terra,
3548 2150 3606 2201 et
3646 2162 3765 2200 ma-

2112 2239 2272 2308 jores
2288 2238 2416 2307 ejus
2430 2253 2462 2290 a
2476 2234 2771 2306 praeclaris
2788 2233 3158 2303 evangelistis
3172 2234 3387 2289 diserte
3407 2234 3771 2289 nominatos?

2107 2328 2178 2381 ‘Si
2215 2328 2341 2379 sine
2372 2329 2562 2390 Patre,
2595 2324 2889 2394 quomodo
2932 2322 3118 2377 Patris
3167 2322 3418 2378 ctelestis
3454 2323 3680 2378 Filius?
3710 2323 3768 2379 Si

2122 2415 2247 2469 sine
2281 2419 2485 2481 matre,
2529 2412 2818 2481 quomodo
2849 2428 2917 2465 ex
2961 2410 3195 2483 Virgine
3241 2417 3425 2466 matre
3447 2411 3476 2466 ?
3503 2412 3637 2467 Sine
3666 2428 3770 2483 ge-

2123 2502 2409 2573 nealogia,
2446 2501 2652 2566 unde,«
2690 2500 2855 2553 Liber
2874 2499 3267 2571 generationis
3294 2500 3433 2554 Jesu
3466 2500 3769 2555 ()hristi'?»

2120 2592 2265 2646 Cum
2299 2590 2477 2661 igitur
2507 2594 2589 2643 tot
2621 2605 2687 2642 ac
2715 2593 2879 2641 tanta
2921 2587 3039 2640 sint
3070 2593 3128 2641 et
3161 2589 3343 2643 multo
3396 2590 3586 2659 plura,
3639 2606 3766 2661 qua:

2122 2682 2272 2734 inter
2302 2695 2363 2733 se
2390 2678 2661 2731 videntur
2692 2692 2974 2747 pugnare,
3008 2677 3288 2746 quidnam
3335 2678 3421 2731 illi
3456 2695 3561 2734 nos
3611 2678 3772 2733 inex‘

2124 2772 2413 2843 ploratum
2439 2769 2651 2839 jubeut
2672 2768 3099 2837 accipere,quid
3128 2768 3370 2835 ejicere?
3392 2768 3590 2839 Neque
3616 2770 3776 2824 enim

2127 2861 2401 2915 omnibus
2432 2874 2593 2927 aeque
2642 2856 2911 2910 assentiri
2965 2862 3232 2926 possunt,
3289 2856 3387 2927 qui
3438 2858 3776 2928 apparentia

2128 2946 2535 3017 discrepantia
2567 2945 3005 2999 convenientem
3052 2944 3405 2999 solutionem
3450 2963 3565 3000 non
3617 2946 3774 3000 inve-

2130 3038 2322 3091 niunt.
2357 3036 2415 3089 Si
2448 3049 2648 3088 verum
2684 3032 2825 3086 illud
2856 3050 2866 3087 :
2903 3054 2931 3081 ‹‹
2966 3032 3361 3103 unigenitus,»
3397 3032 3607 3089 falsum
3644 3034 3772 3104 hoc,

2130 3148 2157 3175 «
2195 3122 2630 3195 primogenitas.
2668 3144 2694 3168 ι)
2725 3122 2778 3173 Si
2810 3138 3006 3175 verum
3044 3120 3153 3174 hoc
3190 3138 3200 3175 :
3236 3143 3261 3170 ι(
3291 3121 3770 3193 primogenitus,»

2136 3214 2347 3268 falsum
2380 3216 2599 3273 contra,
2635 3233 2662 3259 ‹‹
2696 3210 3089 3281 unigenitus,»
3124 3211 3180 3264 Si
3216 3212 3560 3280 proﬁtemur
3591 3212 3731 3266 illud
3760 3229 3772 3266 :

375 3280 537 3393 σομῐν
711 3280 848 3384 τὶξνκ
871 3314 1050 3389 ἀρχὴν
1098 3314 1321 3386 ἡμερῶν
1369 3307 1457 3363 καὶ
1486 3306 1549 3361 τὸ
1577 3304 1734 3364 τέλος
1789 3305 2015 3393 μηνῦον,

2136 3326 2163 3351 ‹‹
2216 3301 2345 3357 Heri
2399 3306 2455 3355 et
2502 3299 2694 3365 hodie,
2744 3300 3038 3353 evanescit
3085 3298 3357 3363 alterum,
3393 3320 3421 3349 «
3469 3301 3778 3370 sempiter-

376 3436 402 3462 ‹‹
434 3387 540 3464 ’ίόῦ
571 3410 753 3477 Ἰησοῦ
810 3387 1156 3479 γεννῂὸὲντος
1202 3400 1252 3453 ἐν
1308 3396 1559 3467 Βηθλεὲμ
1602 3400 1701 3461 τῆς
1757 3387 2018 3479 Ἰουδαίας

374 3498 425 3553 ἐν
457 3474 691 3571 ἣμερα-ις
724 3474 974 3568 Ἡρωδου
1014 3494 1111 3543 τοῦ
1147 3485 1438 3562 βασιλέως,
1476 3508 1504 3534 ››
1536 3478 1933 3571 παυρωθὲντος
1965 3474 2022 3571 δε

377 3586 464 3642 ἐπὶ
498 3563 732 3641 Ποντίου
781 3563 1058 3645 ίιιλάτου;
1122 3574 1263 3631 ἰδοὺ
1312 3573 1401 3628 καὶ
1454 3571 1601 3646 ἀρχὴ
1661 3564 1883 3639 ἡμερῶν
1932 3563 2021 3618 καὶ

380 3681 523 3744 ζωῆς
554 3672 734 3733 τέλος.
766 3669 825 3723 Τί
883 3666 975 3723 οὖν
1031 3667 1374 3737 ποιήσωμεν,
1425 3658 1479 3715 εἷ’
1516 3680 1598 3720 τις
1647 3662 1752 3711 τῶν
1786 3654 2024 3710 ἀπίστων

379 3766 523 3837 ἡμᾶς
558 3759 812 3828 ἀπαιτοίη
848 3756 1030 3832 λόγον,
1075 3756 1394 3829 κατηγορῶν
1439 3752 1536 3818 τῆς
1584 3746 1737 3821 ἁγίας
1785 3745 2022 3837 Γραφῆς,

377 3854 452 3915 ὡς
482 3850 701 3907 ἐναντία
731 3847 1001 3923 λεγούσης
1027 3863 1041 3913 ;
1075 3842 1335 3915 εἷ’πωμεν,
1379 3839 1663 3895 Πίστευσον
1711 3841 1839 3889 πᾶσι
1866 3853 1879 3903 ;
1928 3832 2023 3886 Καὶ

375 3940 459 4004 τίς
493 3940 593 3995 ούκ
622 3940 681 3993 ἄν
722 3932 1081 4004 ἀποπηδήσας
1131 3928 1566 4003 καταγελάσειεν,
1614 3921 1867 3995 οὐδαμῶς
1911 3921 2024 3982 οἶός

377 4052 436 4085 τι
485 4029 557 4083 ὢν
604 4028 673 4082 τὰ
719 4023 998 4094 ἀλλήλοις
1052 4019 1361 4095 μαχόμενα,
1408 4016 1497 4069 καὶ
1556 4010 1825 4086 μηδεμίαν
1874 4009 2027 4095 λύσιν

380 4114 752 4192 λαμϐάνοντα,
787 4114 862 4175 ὡς
893 4094 1175 4181 ἀξιόπιστα
1206 4105 1453 4181 δέχεσθαι
1481 4122 1495 4172 ;
1549 4103 1651 4192 Δύο
1702 4101 1805 4192 γάρ
1828 4094 2023 4192 ’ὄντων

380 4186 629 4263 ἐναντίων
678 4203 883 4277 λόγων,
925 4199 1130 4274 ἀνάγκη
1184 4195 1243 4250 τὰ
1286 4193 1466 4269 ἕτερον
1526 4188 1697 4265 ψευδῆ
1744 4186 2025 4277 διελέγχε-

382 4300 521 4352 σθαι.
552 4294 613 4348 Τί
643 4274 778 4369 πρὸς
805 4295 969 4345 ταῦτα
1004 4286 1229 4364 ἐροῦμεν
1256 4304 1270 4353 ;
1303 4289 1376 4339 ’Ἠ
1429 4281 1517 4369 καὶ
1559 4282 1722 4369 ,ἡμεῖς
1777 4274 2031 4369 ἀπαιτού-

386 4407 542 4460 μενοι
570 4384 634 4439 τὸ
682 4364 948 4437 πιστεύειν
999 4374 1259 4452 δόγμασιν
1310 4367 1719 4429 ἀναποδείκτοις
1762 4365 1851 4420 καὶ
1900 4364 2027 4418 ἀσυ-

382 4475 598 4534 στάτοις
656 4471 939 4544 αἱρετικῶν
1109 4462 1413 4532 Ἑλλήνων,
1471 4459 1609 4512 κατὰ
1641 4456 1738 4523 τὴν
1770 4452 2024 4522 τοιαύτην

384 4562 643 4638 πρότασιν
686 4542 1097 4627 συνθησόμεθα;
1132 4551 1283 4609 Ἀλλ’
1329 4547 1529 4624 ἅπαγεί
1589 4546 1710 4600 οὑτε
1764 4542 2029 4597 ἀσύστατα

2134 3408 2333 3445 num.»
2364 3390 2417 3442 Si
2453 3394 2568 3443 stat
2600 3388 2798 3451 illud,"
2839 3388 2963 3441 sine
2997 3391 3223 3453 Patre,»
3258 3390 3475 3442 corruit
3504 3388 3776 3445 alterum.

2132 3481 2285 3551 quod
2319 3480 2545 3533 Patrem
2598 3476 2827 3531 habeat.
2883 3476 2937 3529 Si
2976 3482 3173 3529 manet
3216 3494 3281 3530 ac
3314 3477 3490 3531 fixum
3528 3482 3617 3531 est
3647 3478 3776 3546 hor,

2137 3590 2160 3619 σι
2193 3570 2330 3623 Sine
2355 3574 2559 3621 matre.
2597 3588 2622 3613 »
2658 3565 2814 3619 labat
2844 3565 3240 3631 illud,habere
3270 3570 3540 3620 matrem.
3570 3567 3627 3621 Si
3658 3566 3777 3636 pla-

2133 3659 2255 3712 cuit
2285 3654 2485 3721 illud,¢
2520 3654 2644 3708 sine
2669 3652 3063 3725 genealogia,»
3088 3654 3378 3724 quomodo
3409 3657 3779 3709 attendemus

2134 3743 2526 3816 genealogis}?
2557 3742 2613 3797 Si
2660 3742 2895 3795 firmum
2936 3746 3025 3795 est
3054 3741 3218 3808 illud,
3249 3743 3401 3813 quod
3437 3760 3624 3813 neque
3671 3744 3781 3799 ini-

2135 3835 2281 3888 tium
2314 3848 2503 3903 neque
2527 3832 2699 3884 finem
2721 3816 2945 3884 dierum
2981 3829 3480 3900 habet,quomodo
3502 3832 3785 3903 intellige-

2136 3938 2270 3976 mus
2301 3923 2430 3987 hoc;
2464 3920 2617 3990 quod
2645 3924 2701 3973 et
2728 3918 2959 3972 initium
2992 3924 3049 3971 et
3080 3919 3251 3973 ﬁnem
3275 3919 3501 3974 dierum
3535 3921 3786 3976 indicat:

2142 4034 2167 4058 ‹‹
2203 4010 2343 4065 Cum
2396 4014 2571 4062 natus
2613 4014 2769 4061 esset
2816 4010 2987 4061 Jesus
3039 4009 3097 4061 in
3148 4007 3443 4063 Bethleem
3482 4009 3695 4064 Judaazn
3731 4011 3785 4064 in

2138 4098 2347 4151 diebus
2381 4096 2628 4150 Herodis
2674 4096 2830 4165 regis
2884 4096 2949 4148 ‘z
2998 4116 3024 4142 »
3076 4096 3390 4150 crucifixus
3437 4104 3631 4152 autem
3683 4100 3792 4153 sub

2142 4186 2341 4241 Pontio
2374 4185 2558 4237 Pilato
2582 4184 2608 4236 ‘?
2639 4184 2723 4237 En
2772 4183 2878 4236 tibi
2912 4188 2968 4236 et
3000 4182 3232 4237 initium
3284 4183 3510 4238 dierum
3559 4191 3617 4241 et
3666 4186 3793 4240 vita:

2140 4275 2337 4327 ﬁnem.
2394 4272 2540 4336 Quid
2582 4270 2764 4341 igitur
2815 4271 3097 4325 faciemus
3153 4270 3197 4323 si
3270 4272 3403 4341 quis
3465 4273 3793 4328 infidelium

2138 4361 2499 4431 Scripturam
2535 4366 2799 4413 sanctam
2834 4359 2905 4412 de
2934 4358 3107 4413 dictis
3146 4361 3455 4415 contrariis
3488 4377 3793 4428 accusans,

2139 4450 2421 4504 rationem
2444 4465 2475 4501 a
2496 4447 2661 4502 nobis
2675 4447 2913 4517 exigat?
2934 4446 3357 4517 jubebimusne
3374 4464 3505 4503 eum
3521 4451 3798 4505 omnibus

2145 4538 2423 4593 credere?
2456 4537 2524 4590 Et
2554 4535 2686 4606 quis
2720 4552 2834 4589 non
2859 4533 3126 4589 resiliens
3154 4534 3670 4610 deriserit,quippe
3696 4556 3798 4610 qui

382 4624 449 4707 τά
478 4650 739 4724 ἡμέτερα,
774 4624 897 4701 οὔτε
925 4624 1198 4713 ἀλλήλοις
1249 4638 1558 4713 μαχόμενα,
1597 4634 1788 4724 aueo:
1817 4631 2015 4724 ,ἐῤῥὲῦτ

2145 4626 2305 4682 nullo
2323 4626 2495 4680 modo
2520 4624 2708 4696 possit
2729 4641 2793 4679 ea
2822 4630 3098 4693 tanquam
3120 4624 3231 4677 ﬁde
3253 4624 3433 4695 digna
3454 4628 3795 4698 amplexari,

388 4720 535 4815 παρά
586 4720 695 4791 τῶν
753 4734 922 4809 ἁγίων
976 4730 1261 4801 νοούμενα.
1313 4721 1742 4815 Ἐῥρἐθηῂδὲᾳτά
1776 4722 1870 4815 μεν
1899 4720 2033 4815 πρός

543 4808 872 4901 γνωσθεῖσαν
924 4821 1059 4892 ἡμῖν
1121 4814 1460 4887 οἰκονομίαν,
1518 4810 1593 4901 τὰ,
1642 4808 1697 4864 δὲ
1746 4810 1880 4901 πρός
1936 4809 2033 4875 τήν

393 4886 781 4975 ἀάατάληπτον
812 4905 910 4957 τοῦ
949 4886 1138 4973 λόγου
1169 4886 1373 4964 οὐσίαν,
1403 4891 1493 4947 καὶ
1526 4890 1697 4945 πάντα
1737 4886 2036 4963 εὑρίσκεται

393 4973 657 5074 σύμφωνα
697 4993 787 5047 καὶ
837 4988 1129 5056 ἀκόλουθα,
1180 4984 1301 5059 περὶ
1354 4983 1414 5036 τὸ
1464 4980 1594 5035 αὐτὸ
1625 4978 1759 5033 κατά
1789 4978 1883 5038 τὰς
1942 4973 2038 5029 δύο

388 5064 573 5163 φῦσε-ις
618 5074 1089 5153 ἐκλαμϐανόμωα⁹
1147 5073 1221 5134 ὡς
1272 5073 1407 5126 εἶναι
1461 5070 1524 5123 τὸ
1575 5068 1697 5163 μὲν-
1729 5064 2037 5163 πρόσφατον

388 5152 487 5243 τῆς
521 5171 740 5249 σαρκὸς,
764 5152 835 5224 τὸ
867 5167 923 5222 δὲ
953 5166 1174 5221 αἰώνιον
1206 5165 1304 5217 τοῦ
1336 5164 1489 5215 Θεοῦ.
1523 5157 1601 5215 Τὸ
1634 5157 1707 5230 μή
1761 5152 1905 5231 ἔχειν
1954 5155 2044 5229 ἀρ-

391 5264 500 5338 χὴν
551 5242 776 5334 ἡμερῶν
815 5254 958 5311 ἴδιον
1002 5258 1099 5309 τοῦ
1140 5251 1341 5326 Λόγουο
1372 5249 1434 5303 τὸ
1465 5252 1787 5338 γεννηύῆναι
1821 5242 1871 5297 ἐν
1904 5242 2043 5338 ἡμέ-

394 5332 786 5425 ρναιςἹ-Ιγρῶδου
842 5344 1042 5399 οἰκεῖον
1098 5348 1197 5411 τῆς
1253 5340 1532 5414 ἀπαρχῆς.
1588 5335 1658 5388 Τὸ
1706 5336 1879 5401 πάντη
1924 5332 2045 5405 ἀγε-

393 5422 725 5513 νεαλόγήτον
760 5435 848 5490 ἐπὶ
878 5440 978 5503 τῆς
1011 5432 1117 5507 πρὸ
1149 5429 1362 5484 αἶ’ώνων
1409 5426 1469 5481 ἐκ
1517 5424 1723 5499 [ἰατρὸς
1772 5422 2047 5497 ὑπάρξεως

395 5531 492 5581 τοῦ
524 5510 671 5581 Υίοῦ·
698 5550 726 5579 ‹‹
758 5525 893 5593 Τὴν,
920 5521 1045 5599 γὰρ,
1076 5519 1258 5596 γενεάν
1290 5516 1453 5571 αὐτοῦ
1483 5514 1566 5576 τίς
1598 5510 1951 5587 αδιηγγςσεται
1979 5529 1992 5578 ;
2019 5534 2045 5559 ))

474 5740 492 5774 ¹
524 5738 665 5797 Heb.
697 5752 823 5806 xm,
853 5736 908 5790 8.

988 5736 1007 5769 *
1040 5734 1208 5790 Hebr.
1242 5747 1339 5799 vn,
1371 5731 1427 5787 3.
1501 5731 1523 5766 ³
1556 5727 1763 5785 Matth.
1797 5743 1835 5795 ι,
1869 5726 1920 5781 1.

2146 4733 2272 4787 quae
2304 4715 2457 4769 inter
2481 4729 2542 4768 es
2575 4720 2972 4784 pugnant,nec
2996 4711 3346 4768 solutionem
3382 4714 3562 4770 ullam
3586 4716 3797 4770 admit-

2148 4802 2319 4857 lunt?
2351 4802 2607 4857 Duorum
2632 4800 2787 4856 enim
2812 4801 3236 4856 contrariorum
3256 4801 3545 4859 dictorum
3564 4821 3799 4861 necesse

2149 4897 2236 4947 est
2268 4891 2515 4945 alterum
2550 4889 2821 4945 falsitatis
2868 4891 3150 4945 convinci.
3207 4892 3354 4956 Quid
3406 4894 3475 4947 ad
3511 4893 3618 4949 hoc
3643 4895 3798 4950 dicc-

2151 4980 2333 5034 mus?
2364 4980 2513 5033 Num
2548 4986 2603 5033 et
2637 4996 2741 5033 nos
2771 4980 2954 5050 rogati
2990 4986 3053 5033 ut
3098 4979 3259 5034 nulla
3304 4981 3803 5038 demonstratione

2151 5070 2412 5139 probatis
2454 5068 2823 5139 infirmisque
2878 5067 3282 5122 hereticorum
3335 5074 3435 5123 aut
3479 5072 3804 5127 Graecorum

2153 5158 2528 5229 dogmatibus
2552 5157 2781 5210 credam
2796 5157 3177 5226 us,ejusmodi
3207 5159 3587 5228 prOpositioni
3612 5177 3811 5215 assen-

2161 5246 2424 5300 tiemur‘?
2455 5247 2559 5299 Sed
2596 5244 2810 5316 apage!
2846 5260 3033 5314 neque
3078 5244 3230 5299 enim
3268 5252 3486 5313 nostra;
3536 5249 3583 5303 si
3630 5266 3744 5319 quo
3777 5268 3810 5304 a

2153 5336 2373 5389 sanctis
2413 5336 2569 5388 dicta
2592 5338 2731 5387 sunt
2772 5350 2948 5387 sensu
2993 5333 3374 5404 accipiantur,
3411 5336 3627 5391 velnon
3672 5355 3808 5392 con-

2166 5423 2374 5479 sistere
2409 5427 2676 5493 possunt,
2711 5422 2795 5476 vel
2829 5421 2941 5475 sibi
2974 5422 3082 5493 ipsi
3122 5429 3262 5476 sunt
3300 5426 3611 5479 contraria.
3646 5426 3811 5481 Dicta

2157 5517 2351 5567 autem
2386 5516 2525 5567 sunt
2556 5511 2655 5566 illa
2684 5510 2921 5582 quidem
2956 5510 3178 5566 ratione
3209 5512 3449 5582 cognitas
3477 5514 3645 5571 nobis
3667 5532 3811 5572 (eco-

2023 5724 2047 5759 ‘
2076 5722 2283 5781 Matth.
2316 5739 2380 5795 ιι,
2418 5726 2468 5778 1.
