4104 6364
344 440 492 504 1391
1490 438 1553 497 S.
1600 438 1960 501 ATHANAS

2072 440 2123 502 5.
2154 473 2233 485 -
2258 438 2572 505 SPURIA.
3611 449 3768 511 1392

345 570 577 639 υοωίεο,
609 574 782 642 atque
813 568 1275 640 dispensationis
1304 586 1316 624 :
1352 568 1475 624 haec
1502 586 1635 624 vero
1669 570 1960 625 rationein

2072 637 2078 644 _
2110 570 2184 626 Τὸ
2215 567 2273 625 δὲ
2301 569 2742 647 γενεαλογεῖσθποι
2775 573 2955 654 σαφῶς
2990 575 3077 632 ἐπὶ
3124 584 3221 649 τῆς
3269 578 3403 633 κατά
3452 579 3625 653 σάρκα
3669 600 3763 654 γε-

341 658 895 732 comprehensibilis
917 657 1087 713 Verbi
1119 658 1484 713 substantiae.
1508 662 1685 728 Atque
1698 659 1806 713 hoc
1828 660 1958 714 mod

2108 658 2304 721 νέσεως
2352 664 2449 715 τοῦ
2480 660 2663 718 αὑτοῦ.
2712 663 2873 721 Οὕτω
2901 664 2992 720 καὶ
3028 668 3336 742 μονογενὴς
3366 667 3505 723 κατά
3531 667 3631 736 τήν
3664 673 3765 722 τοῦ

343 749 709 807 omniainter
729 764 792 803 se
833 746 1213 802 consentiunt
1236 746 1465 818 sibique
1488 751 1960 818 sunteonsequen

2107 747 2286 824 Λόγου
2317 746 2525 818 οὑσίαν,
2556 751 2644 805 καὶ
2676 752 3028 828 πρωτότοκος
3058 756 3195 810 κατὰ
3230 757 3331 825 τὴν
3378 754 3632 832 ἕνσαρκον
3685 758 3766 810 οἳ-

342 837 524 903 tia,de
555 853 674 892 uno
705 842 763 892 et
792 836 993 891 eodem
1025 835 1083 889 in
1112 835 1342 889 duabus
1376 836 1602 890 naturis
1634 836 1960 891 considerat

2106 837 2391 909 κονομίαν.
2426 838 2580 893 Οὕτω
2609 840 2698 895 καὶ
2728 842 2790 896 τὸ
2817 842 3012 918 ἐχθρὸν
3055 845 3090 914 ἢ
3140 843 3398 918 πείσομεν
3451 844 3486 914 ἢ
3538 848 3761 915 νικήσο-

344 932 602 998 accepta,
637 930 701 980 ut
736 924 1003 979 Christus
1051 922 1414 995 intelligatur
1460 923 1820 979 nobissimus
1869 941 1960 979 ess

2110 946 2228 997 μεν,
2260 927 2348 981 καὶ
2369 928 2469 994 τήν
2504 928 2659 1003 ἁγίαν
2694 933 2911 1009 Γραφῆν
2943 933 3236 1012 σύμφωνον
3279 934 3636 1007 ἐπιδείξομεν.
3668 935 3760 989 καὶ

344 1016 669 1071 secundum
718 1030 978 1081 carnem,
1027 1019 1280 1067 saternus
1333 1014 1656 1067 secundum
1697 1014 1960 1068 deitatem

2102 1019 2200 1067 τοῦ
2236 1016 2539 1092 μυστηρίου
2569 1019 2666 1087 τὴν
2697 1017 2848 1091 δόξαν
2878 1020 3151 1096 ένθέσμως
3182 1023 3512 1099 κηρύξομεν,
3537 1023 3628 1078 καὶ
3656 1024 3755 1092 τήν

339 1104 466 1159 Non
499 1104 711 1159 habere
741 1101 977 1157 initium
1021 1100 1251 1155 dierum
1306 1101 1635 1172 preprietas
1682 1108 1771 1156 est
1804 1102 1960 1156 Verbi

2104 1104 2442 1178 ἁρμόζουσαν
2477 1106 2857 1186 πληροφορίαν
2893 1109 2944 1164 ἐν
2975 1117 3094 1174 ταῖς
3124 1116 3327 1187 ψυχαῖς
3356 1115 3518 1186 ἡμῶν
3550 1113 3757 1183 θησαυ-

337 1196 541 1248 natum
574 1208 703 1247 esse
732 1191 793 1245 in
817 1190 1024 1245 diebus
1048 1188 1648 1261 Herodis,preprietas
1677 1194 1766 1245 est
1787 1190 1960 1261 primi

2104 1191 2352 1267 ρίσομεν,
2391 1197 2531 1267 μήτε
2562 1198 2738 1272 χωρὶς
2770 1196 2941 1275 λόγου
2971 1201 3332 1271 πιστεύοντες,
3389 1204 3527 1274 μήτε
3577 1201 3756 1278 ’χωρὶς

333 1282 553 1337 tiarum
583 1299 596 1348 ;
631 1280 769 1335 Sine
798 1278 1140 1351 genealogis.
1168 1294 1315 1344 esse,
1348 1278 1575 1333 ratione
1605 1284 1832 1333 (eterna:
1865 1278 1960 1333 Fili

2099 1279 2330 1345 πίστεως
2365 1280 2635 1360 λέγοντες.

330 1386 399 1426 ex
431 1374 600 1426 Patre
656 1368 976 1425 existentiae
1014 1385 1026 1422 :
1054 1384 1185 1423 nam
1219 1391 1248 1417 «
1280 1368 1717 1439 generationem
1751 1368 1880 1438 ejus
1903 1369 2004 1440 qui
2037 1374 2336 1428 enarrabit
2364 1374 2431 1429 δ’(
2462 1397 2489 1423 ››
2523 1376 2937 1449 Genealogiam
2970 1380 3205 1447 habere,
3240 1381 3466 1438 ratione
3499 1381 3759 1437 carnalis

325 1458 518 1531 ipsius
541 1458 881 1514 nativitatis.
914 1457 1005 1512 Sie
1035 1461 1091 1511 et
1120 1456 1460 1528 unigenitus
1492 1463 1582 1511 est
1614 1459 1938 1512 secundum
1973 1460 2147 1515 Verbi
2179 1462 2579 1519 substantiam
2613 1483 2627 1521 :
2659 1470 2718 1522 et
2753 1468 3181 1540 primogenitus
3212 1472 3540 1526 secundum
3573 1470 3763 1525 incar-

328 1546 585 1604 nationis
614 1546 1019 1603 mconomiam.
1052 1545 1147 1601 Sic
1180 1545 1534 1600 adversariis
1566 1562 1824 1617 quoque,
1855 1551 1958 1601 aut
1979 1548 2050 1603 de
2076 1549 2318 1605 veritate
2350 1554 2866 1623 persuadebimus,
2897 1558 3052 1615 513
3085 1563 3187 1613 aut
3215 1558 3518 1615 victoriam
3550 1575 3753 1631 repor-

320 1636 586 1696 tabimus
619 1652 631 1689 :
666 1635 751 1691 sic
781 1634 1096 1707 Scriptura;
1120 1640 1334 1689 sanctae
1366 1635 1739 1690 concordiam
1770 1637 2148 1692 ostendemus
2182 1653 2195 1690 :
2230 1637 2314 1694 sic
2346 1641 2610 1713 mysterii
2656 1635 2904 1714 gloriam
2950 1644 3210 1717 legitime
3258 1648 3755 1719 pmdicabimus:

324 1727 416 1783 sie
452 1728 876 1798 congruentem
910 1723 1046 1779 ﬁdei
1076 1722 1483 1779 eertitudinem
1520 1724 1580 1778 in
1614 1722 1927 1779 animabus
1959 1724 2179 1781 nostris
2203 1728 2609 1796 recondemus,
2644 1748 2750 1788 nec
2780 1733 2906 1789 sine
2937 1734 3111 1791 verbo
3168 1728 3606 1805 e‘redentes,nee
3628 1737 3759 1793 sine

324 1813 442 1872 ﬁde
469 1813 802 1886 loquente.

1069 1928 1244 1983 XVII.

320 2019 590 2074 Adversus
614 2035 702 2073 eos
732 2019 828 2089 qui
856 2017 1094 2072 duarum
1142 2025 1474 2072 naturarum
1515 2018 1815 2073 discrimen.
1863 2028 1979 2084 post

619 2092 936 2161 passionem
967 2098 1018 2143 et
1047 2090 1413 2143 ascensionem
1445 2089 1668 2143 tollunt.

391 2198 513 2254 Etsi
548 2213 762 2270 magna
791 2202 849 2252 et
880 2194 1233 2251 immortalis
1260 2195 1523 2250 veritatis
1546 2197 1631 2249 vis
1663 2213 1696 2249 a
1718 2194 1979 2267 complu-

317 2287 485 2343 ribus
532 2304 685 2359 saape
735 2284 1107 2358 multumque
1156 2289 1497 2357 oppugnata
1528 2289 1662 2340 est:
1700 2285 1973 2341 invictam

314 2379 511 2432 tamen
544 2392 673 2432 eam
704 2391 834 2431 esse
878 2374 1007 2445 ipsa
1056 2374 1293 2428 tandem
1346 2390 1439 2427 res
1488 2378 1843 2444 eventusque
1875 2375 1975 2429 do-

318 2468 586 2521 cuerunt.
618 2465 764 2519 Ecce
793 2463 896 2518 tibi
930 2462 1086 2518 enim
1120 2461 1337 2517 multos
1391 2463 1672 2518 adversus
1721 2479 1847 2517 eam
1884 2481 1974 2518 ar-

322 2558 533 2624 matos,
565 2553 664 2624 qui
698 2569 832 2608 cum
876 2568 988 2607 non
1027 2568 1214 2623 pauca
1267 2567 1577 2622 pravorum
1630 2552 1973 2624 dogmatum

322 2642 440 2698 tela
469 2641 832 2710 emisissent,
866 2656 1049 2712 eaque
1079 2638 1285 2695 solidis
1327 2639 1851 2695 demonstrationis
1882 2657 1975 2695 ar-

326 2730 445 2787 mis
473 2729 720 2800 resilire,
751 2734 808 2785 et
838 2729 1037 2785 inania
1084 2728 1527 2800 inefﬁcaciaque
1570 2730 1639 2782 ad
1694 2744 1758 2783 se
1788 2729 1974 2784 redire

324 2819 635 2886 vidissent,
660 2823 1019 2891 postremum
1043 2816 1304 2873 omnium
1330 2817 1618 2889 ejusmodi
1651 2817 1976 2873 emisesunt

324 2907 694 2981 telum,quod
717 2907 1222 2962 manifestioribus
1242 2906 1416 2961 etiam
1444 2905 1806 2976 argumentis
1838 2923 1972 2961 con-

323 2997 433 3053 teri
466 3001 657 3069 potest
684 3001 741 3052 et
769 2996 1077 3064 confringi.
1110 2994 1682 3066 Etiamsi,inquiunt,
1714 2995 1848 3066 quis
1868 2996 1970 3050 de-

323 3085 496 3153 derit,
531 3087 780 3141 duarum
815 3084 873 3140 in
907 3084 1136 3139 Christo
1170 3089 1511 3139 naturarum
1545 3085 1756 3138 factam
1793 3084 1973 3140 fuisse

322 3172 793 3245 conjunctionem
821 3191 834 3228 :
869 3191 904 3229 a
932 3173 1205 3246 passione
1258 3177 1451 3228 tamen
1484 3178 1540 3228 et
1571 3173 1973 3245 assumptione

2830 1938 2998 1995 XVII.

2091 2018 2233 2093 Πρὸς
2266 2040 2394 2081 τους
2427 2021 2777 2107 ἀναιρουντας
2810 2026 2909 2107 τῂν
2945 2024 3059 2107 τῶν
3085 2026 3295 2107 φιξσεων
3316 2026 3577 2107 διαφορὰν
3613 2030 3752 2102 μετά

2488 2095 2752 2159 τὸ’πάθος
2783 2098 2873 2152 καὶ
2900 2100 3001 2168 τήν
3035 2095 3330 2172 ἀνᾶληψιν.

2162 2194 2354 2265 Πολλῆ
2388 2199 2475 2252 xui
2523 2201 2746 2277 ἀγήρως
2792 2211 2892 2274 τῆς
2940 2204 3201 2274 ἀληθείας
3245 2209 3280 2277 ἡ
3315 2203 3567 2281 δύναμις,
3600 2208 3749 2282 παρὰ

2086 2282 2313 2338 πολλῶν
2347 2288 2440 2359 μὲν
2476 2288 2747 2354 πολλάκις
2778 2291 3196 2368 πολεμουμένῃ,
3244 2297 3308 2350 τὸ
3354 2294 3412 2351 δὲ
3463 2297 3538 2359 εἷς
3582 2297 3747 2360 τέλος

2086 2370 2355 2443 ἀήττητον
2378 2373 2560 2451 ἔργοις
2593 2378 2777 2442 αὐτοῖς
2813 2378 3253 2453 ἐπιδεικνυμένη.
3302 2380 3444 2439 Ἰδοὺ
3472 2386 3573 2461 γὰρ
3602 2383 3749 2441 πολ-

2087 2457 2177 2549 λοὶ
2228 2461 2336 2516 τῶν
2368 2466 2484 2519 κατ’
2514 2466 2683 2537 αὐτῆς
2714 2467 3107 2542 ὁπλισθέντων,
3139 2470 3325 2528 πολλά
3350 2457 3746 2549 βέληνκακοδο-

2086 2548 2198 2618 ξίας
2249 2549 2640 2627 ἐκπέμψαντες,
2692 2558 2781 2611 xui
2831 2556 3035 2622 εἰδότες
3083 2564 3162 2633 τῷ
3211 2548 3418 2638 στερῥῷ
3444 2569 3544 2631 τῆς
3603 2563 3744 2618 ἀπο-

2085 2634 2301 2725 θείξεως
2361 2640 2521 2715 ὅπλῳ
2570 2649 2738 2700 ταῦτα
2784 2646 2947 2703 πάλιν
2999 2648 3458 2725 ἀποκρουσθέντα,
3491 2651 3580 2706 καὶ
3613 2654 3748 2708 κενά

2086 2720 2143 2778 δὲ
2172 2726 2260 2781 καὶ
2292 2728 2619 2806 ἀνενέργητα
2655 2735 2784 2808 πρὸς
2814 2735 3013 2799 αὐτοὺς
3070 2738 3500 2815 ὑποστρέψαντα,
3550 2738 3743 2796 τελευ-

2080 2819 2231 2868 ταῖον
2261 2821 2368 2905 ¹τῶν
2402 2817 2589 2874 ἄλλων
2621 2820 2864 2897 ἔπεμψαν
2903 2824 3066 2899 βέλος
3102 2827 3447 2904 σαφεστέροις
3480 2827 3743 2905 ἐλέγχοις

2084 2900 2429 2979 συντριϐῆναι
2480 2905 2794 2983 δυνάμενον.
2855 2913 2918 2967 Ei
2976 2914 3066 2969 καί
3121 2900 3202 2977 τις
3239 2900 3400 2988 δοίη,
3451 2900 3741 2995 enea-.3130

2083 2990 2291 3068 φύσεων
2347 2993 2399 3049 ἦν
2458 2999 2677 3072 Χριστῷ
2725 3005 3044 3076 γεγενῆσθαι
3094 3003 3341 3078 σύνοδον,
3388 2990 3516 3061 ἀλλ’
3547 3006 3638 3062 οὖν
3674 3030 3739 3084 γε

2085 3086 2220 3152 μετὰ
2247 3083 2309 3137 τὸ
2340 3083 2510 3149 πάθος
2540 3087 2630 3142 καὶ
2658 3090 2757 3157 τὴν
2811 3090 3079 3166 ἀναληψιν
3135 3094 3234 3150 οὐκ
3263 3093 3340 3150 ἔτι
3393 3093 3487 3151 δύο
3530 3083 3734 3167 νοήσο-

2085 3189 2203 3242 μεν,
2236 3168 2359 3227 οὔτε
2386 3173 2506 3228 τινά
2532 3173 2791 3254 διαφορὰν
2823 3181 2959 3235 κατά
2998 3185 3154 3258 φύσιν
3190 3183 3394 3257 ματαξὺ
3418 3189 3515 3240 τοῦ
3548 3185 3734 3262 Λόγου

319 3262 471 3334 ejus,
500 3278 605 3318 nec
634 3262 782 3318 duas
803 3262 1062 3334 amplius
1088 3277 1611 3334 agnoscemus,nec
1641 3262 1960 3317 secundum

323 3357 585 3371 “te”-
644 3351 947 3371 ,μμεμη
998 3350 1231 3371 ων--.
1289 3352 1583 3371 ,μμ---Α
1632 3350 1781 3371 gs.”
1828 3356 1935 3371 πω

2078 3257 2168 3312 καὶ
2196 3266 2298 3329 τῆς
2331 3264 2525 3335 σαρκὸς
2570 3265 2926 3340 πιστεύσομεν
2980 3257 3265 3348 ὑπάρχειν.
3320 3273 3381 3328 Τί
3421 3272 3605 3351 λέγετε
3627 3257 3651 3345 ;'
3674 3277 3729 3331 τί

2081 3345 2289 3371 2.__-__,I,
2324 3370 2332 3371 ,
2378 3352 2403 3371 Λ
2542 3350 2565 3371 π
2797 3361 2824 3371 η.
2968 3357 2981 3371 ι
3220 3361 3232 3371 ι
3296 3359 3320 3371 ρ.
3366 3362 3375 3371 .
3707 3365 3717 3371 .

322 3357 591 3407 naturam
636 3351 954 3408 discrimen
994 3350 1233 3423 aliquod
1283 3352 1588 3406 credemus
1632 3350 1785 3406 inter
1828 3356 1967 3407 Ver-

322 3440 462 3495 bum
513 3446 570 3495 et
622 3457 881 3496 carnem.
943 3440 1092 3504 Quid
1146 3438 1389 3495 dicitis?
1420 3440 1558 3511 quid
1610 3439 1969 3496 afﬁrmatis?

320 3529 590 3600 nunquid
621 3529 913 3584 evanescit
942 3533 1283 3583 naturarum
1325 3527 1663 3595 discrimen,
1698 3544 1804 3583 nec
1833 3529 1964 3585 reli-

316 3634 497 3690 quum
532 3622 621 3671 est
654 3617 839 3673 ullum
876 3616 1085 3672 horum
1138 3616 1467 3671 indicium?
1495 3616 1616 3679 Quo
1657 3616 1838 3688 igitur
1867 3634 1966 3673 no-

314 3706 474 3762 mine
504 3704 935 3778 appellabimus
962 3706 1015 3759 id
1051 3705 1205 3776 quod
1241 3704 1407 3760 nobis
1439 3709 1528 3760 est
1556 3706 1915 3776 propositum
1937 3706 1965 3762 ?

313 3794 651 3851 Verbumne
682 3795 872 3850 solum
897 3793 925 3848 ‘?
958 3796 1168 3865 (Neque
1198 3793 1354 3848 enim
1389 3809 1625 3847 carnem
1675 3794 1959 3862 dixeritis,

315 3884 414 3956 qui
445 3882 667 3938 scilicet
700 3884 805 3938 hoc
836 3883 963 3955 ipso
1001 3882 1280 3938 honorem
1316 3882 1519 3936 afferre
1566 3882 1961 3955 existimatis.)

314 3973 383 4028 Et
413 3970 513 4044 qui
547 3988 657 4026 non
691 3970 906 4042 injuria
940 3970 1083 4025 illud
1117 3971 1372 4041 efﬁcitis,
1415 3972 1553 4026 dum
1611 3971 1961 4028 existimatis

313 4060 602 4133 ejusmodi
636 4059 995 4115 subtantiani
1028 4076 1179 4127 esse,
1214 4065 1279 4115 ut
1311 4058 1426 4115 alia
1456 4060 1510 4114 in
1546 4059 1742 4132 ipsum
1778 4062 1961 4132 possit

310 4154 504 4206 creata
525 4149 860 4205 substantia
882 4148 1129 4204 mutari?
1151 4149 1331 4218 Cujus
1350 4150 1503 4204 enim
1524 4149 1799 4206 inferiora
1820 4156 1961 4207 sunt

309 4238 565 4311 capacia,
597 4237 653 4292 id
692 4236 892 4293 multis
922 4254 1253 4306 commune,
1289 4256 1403 4293 non
1442 4238 1616 4293 unius
1662 4244 1749 4294 est
1783 4257 1958 4311 pecu-

309 4328 474 4384 liare.
505 4326 611 4383 Cui
641 4343 774 4383 vero
806 4326 914 4383 soli
947 4326 1003 4381 in
1040 4327 1338 4399 proprium
1373 4332 1483 4393 est,
1509 4328 1661 4399 quod
1691 4328 1768 4383 sit
1798 4329 1955 4386 inac-

308 4432 563 4485 cessum,
599 4414 733 4470 huic
759 4415 1054 4487 quomodo
1086 4415 1449 4471 inaccessum
1484 4416 1731 4472 alterum
1762 4418 1958 4488 adjici-

304 4509 403 4561 tur
420 4505 448 4561 ?
478 4504 592 4560 Nec
620 4503 874 4559 Verbum
909 4506 1194 4560 duntaxat
1212 4505 1445 4560 afficitis
1468 4505 1954 4574 contumelia,sed

303 4593 480 4648 etiam
512 4591 704 4647 carnis
736 4592 1079 4663 hypostasin
1103 4593 1368 4649 aufertis.
1420 4593 1602 4663 Cujus
1642 4593 1797 4647 enim
1825 4593 1953 4648 nul-

2078 3345 2471 3424 ἀποφαίνεσθει
2505 3350 2715 3429 οἷίχεται
2758 3361 2864 3428 τῶν
2915 3345 3243 3436 φύσεώνντὸ
3292 3345 3570 3439 διάφορον,
3629 3365 3723 3420 καὶ

2073 3431 2227 3490 οὐδὲν
2258 3438 2472 3513 φέρεται
2502 3440 2709 3497 τούτων
2753 3446 3073 3521 γνώρισμα;
3124 3449 3183 3503 Τί
3232 3448 3323 3505 οὖν
3381 3431 3724 3527 όνόμάσομεν

2071 3524 2133 3618 τὸ
2163 3527 2521 3618 προκείμενον
2547 3548 2586 3618 ;7
2617 3531 2793 3607 Λόγον
2843 3534 3006 3605 μόνον
3059 3536 3143 3610 (οὐ
3173 3539 3273 3614 γὰρ
3305 3540 3501 3617 φαίητε
3531 3524 3725 3618 σάρκα,

2074 3610 2125 3665 ἐν
2158 3613 2340 3687 τούτῳ
2369 3623 2532 3690 τιμᾷν
2570 3617 2726 3689 δῆθεν
2759 3622 3022 3698 οἰόμενοι)
3057 3645 3071 3695 ;
3107 3610 3203 3681 Kui
3410 3630 3519 3706 οὐχ
3570 3610 3726 3707 ὑίόριέ

2076 3704 2191 3790 ςετε
2233 3705 2490 3776 τοιαύτην
2539 3707 2704 3763 αὐτοῦ
2753 3712 2850 3780 τήν
2901 3711 3084 3768 οὐσίαν
3106 3714 3424 3789 νομίζοντες
3457 3704 3613 3790 εἶναι,
3641 3704 3724 3784 ὧς

2073 3785 2293 3845 δυνατὸν
2324 3791 2476 3868 ἑτέρᾳ
2503 3794 2657 3867 οὐσίᾳ
2679 3802 2868 3874 κτιστῇ
2896 3802 3029 3874 πρὸς
3059 3802 3216 3859 αὑτὸν
3254 3815 3579 3879 μεταστῆναι
3605 3829 3619 3878 ;
3651 3811 3725 3865 Τὸ

2071 3877 2176 3953 γὰρ
2207 3885 2321 3943 τοῖς
2351 3879 2540 3950 ἥττοσι
2571 3887 2828 3962 χωρητὸν
2860 3891 3039 3945 κοινὸν
3069 3878 3176 3947 τῶν
3209 3877 3434 3950 πολλῶν
3464 3897 3571 3974 οὐχ
3603 3877 3722 3962 ένὸς

2071 3964 2358 4042 ἐξαίρετον.
2391 3970 2468 4028 Οὖ
2500 3972 2557 4027 δὲ
2592 3974 2752 4047 μόνον
2775 3978 2836 4031 τὸ
2862 3977 3153 4054 ἀπρόσιτον
3189 3980 3346 4049 ἴδιον,
3377 3964 3571 4058 τούτου.
3607 3991 3725 4049 πῶς

2069 4057 2412 4126 προστίθεται
2446 4061 2754 4137 ἀπρόσιτον·
2778 4064 2959 4142 ἓτερον
2986 4088 3000 4137 ;
3036 4069 3133 4124 Καὶ
3158 4070 3219 4125 οὑ
3244 4072 3407 4145 μόνον
3433 4057 3723 4151 τὸνΛόγον

2072 4140 2331 4218 ὑϐρίζετε,
2366 4147 2628 4205 ἀλλὰκαὶ
2676 4160 2776 4222 τῆς
2823 4157 3018 4231 σαρκὸς
3071 4159 3360 4215 ὑπόστασιν
3414 4140 3716 4240 ἀφανίζετε.

2069 4236 2167 4328 Ἦς
2226 4237 2329 4311 γὰρ
2391 4236 2560 4328 μηδὲν
2611 4238 2688 4295 ἔτι
2722 4241 2963 4299 λείπεται
2996 4248 3302 4322 γνώρισμα,
3333 4236 3535 4323 ταύτης
3576 4254 3725 4328 ποίῳ

2064 4323 2254 4399 τρόπῳ
2278 4327 2377 4394 τήν
2409 4324 2562 4399 δόξαν
2596 4335 3003 4406 κατανοήσομεν
3029 4381 3041 4404 ,
3078 4336 3135 4391 Ei
3164 4337 3214 4392 ἐν
3245 4337 3324 4412 τῷ
3355 4339 3486 4394 εἶναι
3519 4323 3721 4418 γνωρίζ

2068 4417 2233 4483 ζεται,
2267 4413 2491 4479 εἰκότως
2522 4414 2818 4503 δοξάζεται*
2853 4422 2898 4477 εἰ
2928 4420 2984 4478 δὲ
3019 4426 3094 4496 μή
3131 4423 3244 4502 ἔχει
3275 4428 3338 4483 τὸ
3388 4413 3547 4503 εἶναι,
3600 4413 3723 4495 πῶς

2063 4506 2363 4573 καρποῦται
2393 4511 2493 4572 τῆς
2526 4502 2686 4577 δόξης
2715 4509 2779 4564 τὸ
2815 4511 3074 4587 μέγεθος;
3122 4515 3244 4570 ’Κάν
3300 4520 3375 4589 μή
3418 4502 3628 4591 δείξῃτε
3657 4523 3721 4577 τὸ

2059 4609 2111 4643 τι
2121 4590 2463 4662 μιέ›μενον,οὐ
2496 4595 2727 4666 μηνύετε
2747 4606 2847 4667 τῆς
2874 4598 3033 4671 δόξης
3054 4604 3114 4658 τὸ
3141 4604 3460 4682 ὑπέρογκον.
3479 4610 3717 4686 Ἀνάγκη

299 4681 423 4737 lum
459 4681 740 4735 indicium
768 4679 1055 4752 reliquum
1090 4682 1385 4752 est,huius
1415 4681 1660 4752 gloriam
1679 4687 1940 4753 quotan-

2072 4677 2232 4731 τοίνυν
2256 4679 2551 4754 ὁμολογεῖν
2574 4683 2882 4762 ἀσῦγχυτον
2906 4694 3013 4744 τῶν
3035 4688 3132 4746 δύο
3153 4694 3251 4763 τὴν
3270 4666 3718 4764 ἓνωσινρῦτέεῖς

303 4771 436 4825 dem
471 4768 644 4823 modo
678 4767 1136 4841 perspiciemusl?
1167 4770 1212 4822 si
1247 4787 1312 4825 eo
1335 4771 1486 4840 quod
1521 4770 1955 4842 exsistit,agnn-

300 4859 504 4924 scitur,
553 4856 760 4911 merito
807 4858 1171 4926 gloriﬁcatur
1200 4876 1218 4912 :
1251 4857 1298 4913 si
1348 4875 1459 4912 non
1509 4857 1755 4927 exsistit,
1806 4875 1950 4930 quo-

299 4946 474 5001 modo
519 4943 909 5016 amplitudine
958 4946 1156 5017 gloriae
1216 4946 1488 5001 fruetur?
1534 4946 1656 5001 Non
1706 4950 1949 5018 potestis

293 5033 491 5106 glorias
524 5033 784 5090 indicare
814 5034 1241 5097 excellentiam,
1282 5035 1393 5089 nisi
1432 5035 1592 5106 prius
1623 5038 1946 5092 ostenderi-

292 5123 372 5179 tis
402 5124 460 5179 id
492 5123 646 5196 quod
682 5122 1024 5179 honoratur.
1058 5124 1458 5179 Conﬁteamur
1500 5124 1683 5197 igitur
1713 5142 1946 5184 necesse

291 5215 381 5266 est
408 5210 778 5266 inconfusam
800 5211 1049 5265 duarum
1073 5215 1419 5265 naturarum
1450 5210 1725 5267 unionem
1743 5219 1819 5277 ,ut
1837 5231 1943 5271 nee

290 5304 553 5355 mutetur
585 5315 919 5367 assumens,
970 5315 1076 5353 nec
1125 5310 1497 5371 assumptum
1550 5301 1807 5371 tollatur,
1842 5309 1940 5358 sed

2062 4767 2271 4840 τροπὴν
2290 4773 2385 4821 τοῦ
2404 4765 2821 4841 λαϐόντος,οῧτε
2843 4776 2918 4840 εἰς
2940 4779 3240 4855 ἀφανισμὸν
3258 4787 3357 4837 τοῦ
3385 4783 3715 4862 ληφθέντος,

2063 4854 2189 4910 ἀλλ’
2212 4855 2286 4949 sic
2309 4860 2591 4914 κοινωνίαν
2617 4859 2778 4933 δόξης
2805 4862 2884 4941 ἐφ’
2920 4854 3036 4928 ἑνὸς
3053 4870 3353 4943 προσώπου
3373 4854 3717 4949 κηρυσσομέξ

2057 4942 2284 5013 νης.Κᾶν
2308 4946 2412 5021 γὰρ
2443 4948 2770 5020 ὑπομείνητε
2800 4953 2974 5028 Λόγον
3008 4942 3174 5027 μόνον
3210 4942 3495 5031 ὀνομάζειν
3527 4963 3590 5017 τὸ
3619 4942 3714 5019 συ-

2055 5032 2607 5110 ναμφότερον,καίτοι
2632 5046 2730 5108 τῆς
2753 5040 2962 5117 φύσεως
2980 5044 3515 5121 ἀνθισταμένης,οὐδ’
3537 5050 3713 5117 οὕτως

2054 5122 2374 5216 κρὺψετειτὸ
2405 5121 2681 5216 διάφορον
2717 5128 2882 5185 ὁπότε
2905 5133 2968 5186 τὸ
3002 5134 3097 5205 μὲν
3130 5135 3196 5204 ἦν
3218 5137 3310 5191 ἀπ’
3339 5138 3544 5216 ἀρχῆς,
3573 5143 3636 5198 τὸ
3662 5141 3715 5198 δ’

2053 5210 2204 5273 αὖθις
2232 5210 2456 5287 ἐγένετο·
2494 5215 2583 5270 xui
2613 5216 2676 5271 τὸ
2711 5218 2805 5289 μὲν
2840 5216 3071 5293 ἀόρατον
3103 5224 3193 5279 καὶ
3233 5210 3597 5307 amissum
3632 5232 3705 5295 εδς

2052 5302 2271 5392 ἄπειρον
2307 5300 2634 5392 ἀπείρου,
2682 5307 2745 5362 τὸ
2796 5306 2853 5363 δὲ
2895 5309 2947 5381 ἐξ
2996 5312 3194 5388 ὁρατοῦ
3240 5316 3330 5370 καὶ
3368 5300 3710 5392 ψήλαωητοῦ

284 5387 505 5457 gloriae,
538 5389 611 5443 de
639 5405 758 5443 una
791 5403 1040 5458 persona
1076 5387 1416 5454 prmdicatae,
1449 5389 1784 5445 communio
1815 5409 1937 5445 ser-

282 5480 473 5531 vetur.
526 5477 687 5541 Quod
735 5476 782 5531 si
810 5480 1126 5547 utrumque
1171 5476 1830 5548 simul,quantumlibet
1850 5498 1938 5536 re-

275 5561 541 5619 luctante
570 5567 803 5633 natum,
833 5560 1093 5618 Verbum
1139 5561 1332 5618 solum
1382 5563 1671 5630 dixeritis,
1726 5581 1797 5621 ne
1850 5568 1934 5623 sic

2048 5390 2186 5461 πρὸς
2214 5390 2276 5443 τὸ
2306 5390 2535 5465 ἀόρατον
2562 5394 2651 5449 καὶ
2693 5394 2891 5473 ἀναφὲς
2946 5397 3305 5472 μεταϐέϐηκε’
3353 5405 3442 5461 καί
3484 5408 3551 5464 τὸ
3594 5390 3704 5483 μὲν

2046 5476 2446 5570 ἀναλλοίωτον
2478 5482 2637 5570 ἅπαξ,
2693 5485 2756 5539 τὸ
2826 5483 2884 5540 δὲ
2924 5484 2994 5541 δι’
3050 5488 3410 5557 ἀλλοιώσεως
3456 5495 3545 5551 ἐπὶ
3602 5476 3708 5570 τὴν

2045 5565 2325 5643 κρείττονα
2356 5567 2508 5639 λῆξιν
2541 5568 2831 5642 ἐλήλυθεν.
2866 5576 3019 5649 Εἶτα,
3052 5578 3097 5633 εἱ
3131 5579 3296 5654 μόνον
3320 5579 3498 5663 Λόγος
3515 5587 3579 5642 τὸ
3603 5565 3702 5665 μέ-

349 5738 371 5773 ⁸
401 5737 514 5795 Ila.
547 5751 668 5806 LIII,
698 5738 754 5793 8.
