  <div class='ocr_page' id='page_1' title='image "/cluster/home/n/w/nwhite01/storage/ocr_20150623/28:no.4/coo.31924054873090/710.png"; bbox 0 0 4104 6368; ppageno 0'>
   <div class='ocr_carea' id='block_1_1' title="bbox 350 456 504 516">
    <p class='ocr_par' dir='ltr' id='par_1_1' title="bbox 350 456 504 516">
     <span class='ocr_line' id='line_1_1' title="bbox 350 456 504 516; baseline -0.013 -1"><span class='ocrx_word' id='word_1_1' title='bbox 350 456 504 516; x_wconf 77' lang='grc'><strong>1393</strong></span> 
     </span>
    </p>
   </div>
   <div class='ocr_carea' id='block_1_2' title="bbox 1099 454 3015 526">
    <p class='ocr_par' dir='ltr' id='par_1_2' title="bbox 1099 454 3015 526">
     <span class='ocr_line' id='line_1_2' title="bbox 1099 454 3015 526; baseline 0.001 -11"><span class='ocrx_word' id='word_1_2' title='bbox 1099 456 1652 518; x_wconf 82' lang='lat' dir='ltr'>CONFUTATION</span> <span class='ocrx_word' id='word_1_3' title='bbox 1666 457 1753 516; x_wconf 85' lang='lat' dir='ltr'>ES</span> <span class='ocrx_word' id='word_1_4' title='bbox 1801 454 2302 526; x_wconf 79' lang='lat' dir='ltr'>QUARUMDAM</span> <span class='ocrx_word' id='word_1_5' title='bbox 2353 455 3015 520; x_wconf 81' lang='lat' dir='ltr'>PROPOSITIONUM.</span> 
     </span>
    </p>
   </div>
   <div class='ocr_carea' id='block_1_3' title="bbox 3603 460 3759 522">
    <p class='ocr_par' dir='ltr' id='par_1_3' title="bbox 3603 460 3759 522">
     <span class='ocr_line' id='line_1_3' title="bbox 3603 460 3759 522; baseline 0.026 -4"><span class='ocrx_word' id='word_1_6' title='bbox 3603 460 3759 522; x_wconf 70' lang='grc'>1394</span> 
     </span>
    </p>
   </div>
   <div class='ocr_carea' id='block_1_4' title="bbox 344 584 1968 661">
    <p class='ocr_par' dir='ltr' id='par_1_4' title="bbox 344 584 1968 660">
     <span class='ocr_line' id='line_1_4' title="bbox 344 584 1968 660; baseline 0.002 -25"><span class='ocrx_word' id='word_1_7' title='bbox 344 605 462 650; x_wconf 81' lang='grc' dir='ltr'>νον,</span> <span class='ocrx_word' id='word_1_8' title='bbox 520 588 636 645; x_wconf 91' lang='grc' dir='ltr'>πῶς</span> <span class='ocrx_word' id='word_1_9' title='bbox 697 585 794 638; x_wconf 70' lang='grc' dir='ltr'>οὐκ</span> <span class='ocrx_word' id='word_1_10' title='bbox 844 584 1057 659; x_wconf 68' lang='grc' dir='ltr'>ἐρῥέθη,</span> <span class='ocrx_word' id='word_1_11' title='bbox 1110 584 1192 639; x_wconf 78' lang='grc' dir='ltr'>ὅτι</span> <span class='ocrx_word' id='word_1_12' title='bbox 1249 587 1306 637; x_wconf 82' lang='grc' dir='ltr'>Ἣ</span> <span class='ocrx_word' id='word_1_13' title='bbox 1361 585 1484 660; x_wconf 70' lang='grc' dir='ltr'>σὰρξ</span> <span class='ocrx_word' id='word_1_14' title='bbox 1536 584 1707 659; x_wconf 75' lang='grc' dir='ltr'>Λόγος</span> <span class='ocrx_word' id='word_1_15' title='bbox 1758 584 1968 658; x_wconf 86' lang='grc' dir='ltr'>ἐγένετο</span> 
     </span>
    </p>
   </div>
   <div class='ocr_carea' id='block_1_5' title="bbox 2081 584 3756 661">
    <p class='ocr_par' dir='ltr' id='par_1_5' title="bbox 2109 585 3756 661">
     <span class='ocr_line' id='line_1_5' title="bbox 2109 585 3756 661; baseline 0.004 -24"><span class='ocrx_word' id='word_1_16' title='bbox 2109 585 2342 656; x_wconf 83' lang='lat' dir='ltr'>quidem</span> <span class='ocrx_word' id='word_1_17' title='bbox 2378 586 2690 640; x_wconf 75' lang='lat' dir='ltr'>discrimen</span> <span class='ocrx_word' id='word_1_18' title='bbox 2737 587 3104 644; x_wconf 90' lang='lat' dir='ltr'>occultabitis</span> <span class='ocrx_word' id='word_1_19' title='bbox 3138 607 3150 645; x_wconf 91' lang='lat'><strong>:</strong></span> <span class='ocrx_word' id='word_1_20' title='bbox 3184 591 3417 661; x_wconf 78' lang='lat' dir='ltr'>quando</span> <span class='ocrx_word' id='word_1_21' title='bbox 3446 589 3588 644; x_wconf 91' lang='lat' dir='ltr'>illud</span> <span class='ocrx_word' id='word_1_22' title='bbox 3623 591 3756 661; x_wconf 58' lang='lat' dir='ltr'>qui.</span> 
     </span>
    </p>
   </div>
   <div class='ocr_carea' id='block_1_6' title="bbox 347 669 1991 748">
    <p class='ocr_par' dir='ltr' id='par_1_6' title="bbox 347 669 1991 748">
     <span class='ocr_line' id='line_1_6' title="bbox 347 669 1991 748; baseline -0.001 -22"><span class='ocrx_word' id='word_1_23' title='bbox 347 671 472 727; x_wconf 82' lang='grc' dir='ltr'>ἀλλ’</span> <span class='ocrx_word' id='word_1_24' title='bbox 527 699 551 723; x_wconf 72' lang='grc' dir='ltr'>ιι</span> <span class='ocrx_word' id='word_1_25' title='bbox 605 675 660 725; x_wconf 83' lang='grc' dir='ltr'><strong>Ὀ</strong></span> <span class='ocrx_word' id='word_1_26' title='bbox 693 669 870 746; x_wconf 77' lang='grc' dir='ltr'>Λόγος</span> <span class='ocrx_word' id='word_1_27' title='bbox 922 674 1082 748; x_wconf 84' lang='grc' dir='ltr'>σάρξ;</span> <span class='ocrx_word' id='word_1_28' title='bbox 1122 700 1149 724; x_wconf 70' lang='grc' dir='ltr'>ρ)</span> <span class='ocrx_word' id='word_1_29' title='bbox 1207 674 1293 734; x_wconf 86' lang='grc' dir='ltr'>Τίς</span> <span class='ocrx_word' id='word_1_30' title='bbox 1339 671 1395 728; x_wconf 74' lang='grc' dir='ltr'>δὶ</span> <span class='ocrx_word' id='word_1_31' title='bbox 1445 673 1585 727; x_wconf 70' lang='grc' dir='ltr'>οὕτω</span> <span class='ocrx_word' id='word_1_32' title='bbox 1622 676 1874 745; x_wconf 83' lang='grc' dir='ltr'>μεμηνὼς</span> <span class='ocrx_word' id='word_1_33' title='bbox 1905 674 1991 727; x_wconf 80' lang='grc' dir='ltr'>καὶ</span> 
     </span>
    </p>
   </div>
   <div class='ocr_carea' id='block_1_7' title="bbox 345 762 1991 840">
    <p class='ocr_par' dir='ltr' id='par_1_7' title="bbox 345 762 1991 840">
     <span class='ocr_line' id='line_1_7' title="bbox 345 762 1991 840; baseline -0.001 -22"><span class='ocrx_word' id='word_1_34' title='bbox 345 762 684 840; x_wconf 71' lang='grc' dir='ltr'>φρενοπλῆξ,</span> <span class='ocrx_word' id='word_1_35' title='bbox 744 766 819 826; x_wconf 86' lang='grc' dir='ltr'>ὡς</span> <span class='ocrx_word' id='word_1_36' title='bbox 876 764 1154 836; x_wconf 80' lang='grc' dir='ltr'>τολμῆσαι</span> <span class='ocrx_word' id='word_1_37' title='bbox 1215 765 1382 819; x_wconf 72' lang='grc' dir='ltr'>εἰπεῖν</span> <span class='ocrx_word' id='word_1_38' title='bbox 1457 766 1553 832; x_wconf 77' lang='grc' dir='ltr'>την</span> <span class='ocrx_word' id='word_1_39' title='bbox 1613 764 1754 818; x_wconf 81' lang='grc' dir='ltr'>θείαν</span> <span class='ocrx_word' id='word_1_40' title='bbox 1811 764 1991 818; x_wconf 78' lang='grc' dir='ltr'>οὐσίαν</span> 
     </span>
    </p>
   </div>
   <div class='ocr_carea' id='block_1_8' title="bbox 340 847 1991 929">
    <p class='ocr_par' dir='ltr' id='par_1_8' title="bbox 340 847 1991 929">
     <span class='ocr_line' id='line_1_8' title="bbox 340 847 1991 929; baseline 0.001 -25"><span class='ocrx_word' id='word_1_41' title='bbox 340 847 674 926; x_wconf 75' lang='grc' dir='ltr'>προσλαϐεῖν</span> <span class='ocrx_word' id='word_1_42' title='bbox 707 850 886 921; x_wconf 79' lang='grc' dir='ltr'>ἄλλης</span> <span class='ocrx_word' id='word_1_43' title='bbox 920 852 1174 921; x_wconf 82' lang='grc' dir='ltr'>θεότητος</span> <span class='ocrx_word' id='word_1_44' title='bbox 1199 851 1404 919; x_wconf 79' lang='grc' dir='ltr'>οὐσίαν,</span> <span class='ocrx_word' id='word_1_45' title='bbox 1447 851 1497 921; x_wconf 87' lang='grc' dir='ltr'>ἐξ</span> <span class='ocrx_word' id='word_1_46' title='bbox 1549 852 1728 925; x_wconf 78' lang='grc' dir='ltr'>ἐτέρας</span> <span class='ocrx_word' id='word_1_47' title='bbox 1781 852 1991 929; x_wconf 86' lang='grc' dir='ltr'>φύσεως</span> 
     </span>
    </p>
   </div>
   <div class='ocr_carea' id='block_1_9' title="bbox 340 937 1992 1016">
    <p class='ocr_par' dir='ltr' id='par_1_9' title="bbox 340 937 1992 1016">
     <span class='ocr_line' id='line_1_9' title="bbox 340 937 1992 1016; baseline 0.001 -23"><span class='ocrx_word' id='word_1_48' title='bbox 340 939 749 1015; x_wconf 82' lang='grc' dir='ltr'>ἐπιγενομένην·</span> <span class='ocrx_word' id='word_1_49' title='bbox 795 939 867 992; x_wconf 49' lang='grc' dir='ltr'>θίν’</span> <span class='ocrx_word' id='word_1_50' title='bbox 916 937 1134 1010; x_wconf 65' lang='grc' dir='ltr'>αὔξησιν</span> <span class='ocrx_word' id='word_1_51' title='bbox 1185 940 1561 1016; x_wconf 74' lang='grc' dir='ltr'>παρασκευάσῃ</span> <span class='ocrx_word' id='word_1_52' title='bbox 1607 945 1843 1002; x_wconf 74' lang='grc' dir='ltr'>νοεῖσθαι</span> <span class='ocrx_word' id='word_1_53' title='bbox 1904 937 1992 994; x_wconf 73' lang='grc' dir='ltr'>διὰ</span> 
     </span>
    </p>
   </div>
   <div class='ocr_carea' id='block_1_10' title="bbox 337 1027 1987 1106">
    <p class='ocr_par' dir='ltr' id='par_1_10' title="bbox 337 1027 1987 1106">
     <span class='ocr_line' id='line_1_10' title="bbox 337 1027 1987 1106; baseline 0.001 -25"><span class='ocrx_word' id='word_1_54' title='bbox 337 1035 438 1096; x_wconf 78' lang='grc' dir='ltr'>τῆς</span> <span class='ocrx_word' id='word_1_55' title='bbox 496 1029 752 1098; x_wconf 90' lang='grc' dir='ltr'>τοιαύτης</span> <span class='ocrx_word' id='word_1_56' title='bbox 810 1031 1127 1105; x_wconf 75' lang='grc' dir='ltr'>προσθήκης</span> <span class='ocrx_word' id='word_1_57' title='bbox 1181 1034 1278 1083; x_wconf 80' lang='grc' dir='ltr'>τοῦ</span> <span class='ocrx_word' id='word_1_58' title='bbox 1328 1029 1462 1083; x_wconf 79' lang='grc' dir='ltr'>κατᾶ</span> <span class='ocrx_word' id='word_1_59' title='bbox 1512 1029 1666 1106; x_wconf 84' lang='grc' dir='ltr'>φύσιν</span> <span class='ocrx_word' id='word_1_60' title='bbox 1712 1027 1987 1090; x_wconf 68' lang='grc' dir='ltr'>ἀ¹θενδεοῦς</span> 
     </span>
    </p>
   </div>
   <div class='ocr_carea' id='block_1_11' title="bbox 335 1114 1986 1192">
    <p class='ocr_par' dir='ltr' id='par_1_11' title="bbox 335 1114 1986 1192">
     <span class='ocr_line' id='line_1_11' title="bbox 335 1114 1986 1192; baseline -0.002 -22"><span class='ocrx_word' id='word_1_61' title='bbox 335 1116 424 1170; x_wconf 81' lang='grc' dir='ltr'>καὶ</span> <span class='ocrx_word' id='word_1_62' title='bbox 455 1115 666 1170; x_wconf 76' lang='grc' dir='ltr'>τελείου</span> <span class='ocrx_word' id='word_1_63' title='bbox 693 1135 705 1171; x_wconf 93' lang='lat'>:</span> <span class='ocrx_word' id='word_1_64' title='bbox 745 1121 868 1178; x_wconf 87' lang='grc' dir='ltr'>Πῶς</span> <span class='ocrx_word' id='word_1_65' title='bbox 903 1115 959 1170; x_wconf 69' lang='grc' dir='ltr'>δῖε</span> <span class='ocrx_word' id='word_1_66' title='bbox 991 1118 1040 1170; x_wconf 80' lang='lat' dir='ltr'>o&#39;t</span> <span class='ocrx_word' id='word_1_67' title='bbox 1074 1122 1207 1180; x_wconf 73' lang='grc' dir='ltr'>θεῖοι</span> <span class='ocrx_word' id='word_1_68' title='bbox 1232 1115 1386 1192; x_wconf 88' lang='grc' dir='ltr'>λόγοι</span> <span class='ocrx_word' id='word_1_69' title='bbox 1415 1117 1502 1170; x_wconf 79' lang='grc' dir='ltr'>καὶ</span> <span class='ocrx_word' id='word_1_70' title='bbox 1541 1117 1674 1188; x_wconf 84' lang='grc' dir='ltr'>μετά</span> <span class='ocrx_word' id='word_1_71' title='bbox 1702 1117 1799 1183; x_wconf 72' lang='grc' dir='ltr'>τήν</span> <span class='ocrx_word' id='word_1_72' title='bbox 1834 1114 1986 1188; x_wconf 81' lang='grc' dir='ltr'>ξένην</span> 
     </span>
    </p>
   </div>
   <div class='ocr_carea' id='block_1_12' title="bbox 337 1200 1986 1279">
    <p class='ocr_par' dir='ltr' id='par_1_12' title="bbox 337 1200 1986 1279">
     <span class='ocr_line' id='line_1_12' title="bbox 337 1200 1986 1279; baseline -0.001 -22"><span class='ocrx_word' id='word_1_73' title='bbox 337 1200 527 1257; x_wconf 74' lang='grc' dir='ltr'>ἄνοδον</span> <span class='ocrx_word' id='word_1_74' title='bbox 561 1201 638 1257; x_wconf 81' lang='grc' dir='ltr'>ἔτι</span> <span class='ocrx_word' id='word_1_75' title='bbox 670 1202 1002 1277; x_wconf 89' lang='grc' dir='ltr'>κηρύσσουσι</span> <span class='ocrx_word' id='word_1_76' title='bbox 1033 1204 1098 1258; x_wconf 81' lang='grc' dir='ltr'>τά</span> <span class='ocrx_word' id='word_1_77' title='bbox 1136 1211 1236 1272; x_wconf 78' lang='grc' dir='ltr'>τῆς</span> <span class='ocrx_word' id='word_1_78' title='bbox 1288 1203 1482 1278; x_wconf 86' lang='grc' dir='ltr'>σαρκὸς</span> <span class='ocrx_word' id='word_1_79' title='bbox 1536 1200 1879 1279; x_wconf 82' lang='grc' dir='ltr'>διαφέροντα,</span> <span class='ocrx_word' id='word_1_80' title='bbox 1925 1203 1986 1256; x_wconf 87' lang='grc' dir='ltr'>τὸ</span> 
     </span>
    </p>
   </div>
   <div class='ocr_carea' id='block_1_13' title="bbox 335 1286 1981 1369">
    <p class='ocr_par' dir='ltr' id='par_1_13' title="bbox 335 1286 1981 1369">
     <span class='ocr_line' id='line_1_13' title="bbox 335 1286 1981 1369; baseline 0.001 -24"><span class='ocrx_word' id='word_1_81' title='bbox 335 1291 499 1347; x_wconf 83' lang='grc' dir='ltr'>πάλιν</span> <span class='ocrx_word' id='word_1_82' title='bbox 535 1291 732 1361; x_wconf 83' lang='grc' dir='ltr'>ἐλθεῖν,</span> <span class='ocrx_word' id='word_1_83' title='bbox 781 1293 842 1346; x_wconf 88' lang='grc' dir='ltr'>τὸ</span> <span class='ocrx_word' id='word_1_84' title='bbox 885 1294 1020 1346; x_wconf 70' lang='grc' dir='ltr'>κατὰ</span> <span class='ocrx_word' id='word_1_85' title='bbox 1048 1293 1136 1346; x_wconf 90' lang='grc' dir='ltr'>τὸν</span> <span class='ocrx_word' id='word_1_86' title='bbox 1173 1292 1328 1346; x_wconf 73' lang='grc' dir='ltr'>αὐτὸν</span> <span class='ocrx_word' id='word_1_87' title='bbox 1365 1291 1694 1369; x_wconf 80' lang='grc' dir='ltr'>ὀφθήσεσθαι</span> <span class='ocrx_word' id='word_1_88' title='bbox 1744 1286 1981 1365; x_wconf 84' lang='grc' dir='ltr'>τρόπον;</span> 
     </span>
    </p>
   </div>
   <div class='ocr_carea' id='block_1_14' title="bbox 335 1380 1983 1455">
    <p class='ocr_par' dir='ltr' id='par_1_14' title="bbox 335 1380 1983 1455">
     <span class='ocr_line' id='line_1_14' title="bbox 335 1380 1983 1455; baseline -0.001 -21"><span class='ocrx_word' id='word_1_89' title='bbox 335 1386 405 1434; x_wconf 83' lang='grc' dir='ltr'>’Ἠ</span> <span class='ocrx_word' id='word_1_90' title='bbox 455 1381 541 1435; x_wconf 81' lang='grc' dir='ltr'>καὶ</span> <span class='ocrx_word' id='word_1_91' title='bbox 590 1387 706 1440; x_wconf 81' lang='grc' dir='ltr'>τοῖς</span> <span class='ocrx_word' id='word_1_92' title='bbox 757 1380 1019 1455; x_wconf 78' lang='grc' dir='ltr'>ἀγγέλοις</span> <span class='ocrx_word' id='word_1_93' title='bbox 1071 1380 1279 1436; x_wconf 77' lang='grc' dir='ltr'>ἐναντία</span> <span class='ocrx_word' id='word_1_94' title='bbox 1321 1383 1732 1454; x_wconf 86' lang='grc' dir='ltr'>νομοθετήσετε,</span> <span class='ocrx_word' id='word_1_95' title='bbox 1765 1387 1878 1441; x_wconf 88' lang='grc' dir='ltr'>τοῖς</span> <span class='ocrx_word' id='word_1_96' title='bbox 1909 1381 1983 1434; x_wconf 66' lang='grc' dir='ltr'>εἶ-</span> 
     </span>
    </p>
   </div>
   <div class='ocr_carea' id='block_1_15' title="bbox 336 1468 1982 1546">
    <p class='ocr_par' dir='ltr' id='par_1_15' title="bbox 336 1468 1982 1546">
     <span class='ocr_line' id='line_1_15' title="bbox 336 1468 1982 1546; baseline -0.001 -22"><span class='ocrx_word' id='word_1_97' title='bbox 336 1468 525 1540; x_wconf 82' lang='grc' dir='ltr'>ρηκόσι</span> <span class='ocrx_word' id='word_1_98' title='bbox 583 1474 786 1546; x_wconf 87' lang='grc' dir='ltr'>σαφῶς·</span> <span class='ocrx_word' id='word_1_99' title='bbox 839 1492 865 1523; x_wconf 80' lang='grc' dir='ltr'>ιι</span> <span class='ocrx_word' id='word_1_100' title='bbox 915 1469 1086 1531; x_wconf 76' lang='grc' dir='ltr'>Οὗτος</span> <span class='ocrx_word' id='word_1_101' title='bbox 1138 1471 1166 1523; x_wconf 99' lang='lat'>6</span> <span class='ocrx_word' id='word_1_102' title='bbox 1218 1471 1425 1539; x_wconf 80' lang='grc' dir='ltr'>Ἰησοῦς</span> <span class='ocrx_word' id='word_1_103' title='bbox 1469 1469 1496 1523; x_wconf 92' lang='lat'>6</span> <span class='ocrx_word' id='word_1_104' title='bbox 1537 1469 1862 1545; x_wconf 73' lang='grc' dir='ltr'>ἀναληφθεὶς</span> <span class='ocrx_word' id='word_1_105' title='bbox 1892 1469 1982 1546; x_wconf 85' lang='grc' dir='ltr'>ἀφ’</span> 
     </span>
    </p>
   </div>
   <div class='ocr_carea' id='block_1_16' title="bbox 337 1553 1977 1631">
    <p class='ocr_par' dir='ltr' id='par_1_16' title="bbox 337 1553 1977 1631">
     <span class='ocr_line' id='line_1_16' title="bbox 337 1553 1977 1631; baseline -0.001 -19"><span class='ocrx_word' id='word_1_106' title='bbox 337 1559 485 1628; x_wconf 80' lang='grc' dir='ltr'>ὑμῶν</span> <span class='ocrx_word' id='word_1_107' title='bbox 537 1557 708 1619; x_wconf 76' lang='grc' dir='ltr'>οὕτως</span> <span class='ocrx_word' id='word_1_108' title='bbox 766 1556 1061 1624; x_wconf 75' lang='grc' dir='ltr'>ἐλεύσεται,</span> <span class='ocrx_word' id='word_1_109' title='bbox 1112 1553 1169 1610; x_wconf 75' lang='grc' dir='ltr'>ὄν</span> <span class='ocrx_word' id='word_1_110' title='bbox 1214 1557 1413 1631; x_wconf 88' lang='grc' dir='ltr'>τρόπον</span> <span class='ocrx_word' id='word_1_111' title='bbox 1490 1557 1774 1620; x_wconf 76' lang='grc' dir='ltr'>ἐθεάσασθε</span> <span class='ocrx_word' id='word_1_112' title='bbox 1820 1557 1977 1611; x_wconf 76' lang='grc' dir='ltr'>αὐτὸν</span> 
     </span>
    </p>
   </div>
   <div class='ocr_carea' id='block_1_17' title="bbox 331 1642 1976 1722">
    <p class='ocr_par' dir='ltr' id='par_1_17' title="bbox 331 1642 1976 1722">
     <span class='ocr_line' id='line_1_17' title="bbox 331 1642 1976 1722; baseline 0 -23"><span class='ocrx_word' id='word_1_113' title='bbox 331 1645 698 1720; x_wconf 82' lang='grc' dir='ltr'>πορευόμενον</span> <span class='ocrx_word' id='word_1_114' title='bbox 731 1646 806 1708; x_wconf 83' lang='grc' dir='ltr'>εἷς</span> <span class='ocrx_word' id='word_1_115' title='bbox 837 1647 925 1700; x_wconf 87' lang='grc' dir='ltr'>τὸν</span> <span class='ocrx_word' id='word_1_116' title='bbox 959 1645 1183 1720; x_wconf 63' lang='grc' dir='ltr'>οὐρανόν</span> <span class='ocrx_word' id='word_1_117' title='bbox 1213 1666 1226 1715; x_wconf 91' lang='grc'><strong>;</strong></span> <span class='ocrx_word' id='word_1_118' title='bbox 1258 1667 1284 1698; x_wconf 75' lang='grc' dir='ltr'>ι»</span> <span class='ocrx_word' id='word_1_119' title='bbox 1341 1645 1517 1699; x_wconf 81' lang='grc' dir='ltr'>Πάντα</span> <span class='ocrx_word' id='word_1_120' title='bbox 1573 1646 1701 1719; x_wconf 84' lang='grc' dir='ltr'>πρὸς</span> <span class='ocrx_word' id='word_1_121' title='bbox 1747 1642 1976 1722; x_wconf 76' lang='grc' dir='ltr'>ἔμφασιν</span> 
     </span>
    </p>
   </div>
   <div class='ocr_carea' id='block_1_18' title="bbox 332 1732 1982 1809">
    <p class='ocr_par' dir='ltr' id='par_1_18' title="bbox 332 1732 1982 1809">
     <span class='ocr_line' id='line_1_18' title="bbox 332 1732 1982 1809; baseline 0 -21"><span class='ocrx_word' id='word_1_122' title='bbox 332 1735 548 1809; x_wconf 86' lang='grc' dir='ltr'>σαρκὸς,</span> <span class='ocrx_word' id='word_1_123' title='bbox 581 1739 673 1788; x_wconf 79' lang='grc' dir='ltr'>νῦν</span> <span class='ocrx_word' id='word_1_124' title='bbox 706 1735 800 1806; x_wconf 80' lang='grc' dir='ltr'>μὶν</span> <span class='ocrx_word' id='word_1_125' title='bbox 835 1732 960 1804; x_wconf 82' lang='grc' dir='ltr'>ὧδε,</span> <span class='ocrx_word' id='word_1_126' title='bbox 993 1739 1080 1787; x_wconf 76' lang='grc' dir='ltr'>νῦν</span> <span class='ocrx_word' id='word_1_127' title='bbox 1116 1732 1173 1788; x_wconf 74' lang='grc' dir='ltr'>δὲ</span> <span class='ocrx_word' id='word_1_128' title='bbox 1205 1732 1310 1788; x_wconf 85' lang='grc' dir='ltr'>ὧδε</span> <span class='ocrx_word' id='word_1_129' title='bbox 1354 1735 1736 1808; x_wconf 73' lang='grc' dir='ltr'>θεωρουμένῳ·</span> <span class='ocrx_word' id='word_1_130' title='bbox 1764 1733 1820 1788; x_wconf 79' lang='grc' dir='ltr'>ὅν</span> <span class='ocrx_word' id='word_1_131' title='bbox 1852 1734 1982 1807; x_wconf 74' lang='grc' dir='ltr'>πρό-</span> 
     </span>
    </p>
   </div>
   <div class='ocr_carea' id='block_1_19' title="bbox 328 1821 2021 1900">
    <p class='ocr_par' dir='ltr' id='par_1_19' title="bbox 328 1821 2021 1900">
     <span class='ocr_line' id='line_1_19' title="bbox 328 1821 2021 1900; baseline 0.001 -24"><span class='ocrx_word' id='word_1_132' title='bbox 328 1843 482 1897; x_wconf 89' lang='grc' dir='ltr'>τερον</span> <span class='ocrx_word' id='word_1_133' title='bbox 544 1821 843 1890; x_wconf 78' lang='grc' dir='ltr'>ἐθεάσασθε,</span> <span class='ocrx_word' id='word_1_134' title='bbox 893 1824 1037 1877; x_wconf 70' lang='grc' dir='ltr'>τοῦτ’</span> <span class='ocrx_word' id='word_1_135' title='bbox 1088 1821 1196 1877; x_wconf 80' lang='grc' dir='ltr'>ἔστι</span> <span class='ocrx_word' id='word_1_136' title='bbox 1245 1828 1361 1884; x_wconf 90' lang='grc' dir='ltr'>τοῖς</span> <span class='ocrx_word' id='word_1_137' title='bbox 1421 1824 1520 1891; x_wconf 65' lang='grc' dir='ltr'>τῆς</span> <span class='ocrx_word' id='word_1_138' title='bbox 1556 1823 1747 1898; x_wconf 86' lang='grc' dir='ltr'>σαρκὸς</span> <span class='ocrx_word' id='word_1_139' title='bbox 1779 1822 2021 1900; x_wconf 72' lang='grc' dir='ltr'>ὀφθαλο-</span> 
     </span>
    </p>
   </div>
   <div class='ocr_carea' id='block_1_20' title="bbox 333 1909 1981 1986">
    <p class='ocr_par' dir='ltr' id='par_1_20' title="bbox 333 1909 1981 1986">
     <span class='ocr_line' id='line_1_20' title="bbox 333 1909 1981 1986; baseline 0.001 -22"><span class='ocrx_word' id='word_1_140' title='bbox 333 1915 479 1982; x_wconf 57' lang='grc' dir='ltr'>μοῖς</span> <span class='ocrx_word' id='word_1_141' title='bbox 514 1912 647 1985; x_wconf 78' lang='grc' dir='ltr'>ἅπερ</span> <span class='ocrx_word' id='word_1_142' title='bbox 671 1912 698 1965; x_wconf 89' lang='grc' dir='ltr'>ὁ</span> <span class='ocrx_word' id='word_1_143' title='bbox 733 1912 810 1984; x_wconf 76' lang='grc' dir='ltr'>μὴ</span> <span class='ocrx_word' id='word_1_144' title='bbox 845 1909 1147 1986; x_wconf 81' lang='grc' dir='ltr'>δεχόμενος</span> <span class='ocrx_word' id='word_1_145' title='bbox 1183 1911 1356 1973; x_wconf 69' lang='grc' dir='ltr'>οὕτως</span> <span class='ocrx_word' id='word_1_146' title='bbox 1389 1910 1450 1964; x_wconf 77' lang='grc' dir='ltr'>οὐ</span> <span class='ocrx_word' id='word_1_147' title='bbox 1487 1912 1648 1984; x_wconf 84' lang='grc' dir='ltr'>μόνον</span> <span class='ocrx_word' id='word_1_148' title='bbox 1679 1916 1796 1972; x_wconf 85' lang='grc' dir='ltr'>τοῖς</span> <span class='ocrx_word' id='word_1_149' title='bbox 1825 1910 1981 1986; x_wconf 84' lang='grc' dir='ltr'>ἀγγέ-</span> 
     </span>
    </p>
   </div>
   <div class='ocr_carea' id='block_1_21' title="bbox 330 1997 1973 2076">
    <p class='ocr_par' dir='ltr' id='par_1_21' title="bbox 330 1997 1973 2076">
     <span class='ocr_line' id='line_1_21' title="bbox 330 1997 1973 2076; baseline 0 -22"><span class='ocrx_word' id='word_1_150' title='bbox 330 1997 448 2060; x_wconf 88' lang='grc' dir='ltr'>λοις</span> <span class='ocrx_word' id='word_1_151' title='bbox 482 2001 738 2076; x_wconf 82' lang='grc' dir='ltr'>μάχεται,</span> <span class='ocrx_word' id='word_1_152' title='bbox 790 1997 935 2054; x_wconf 76' lang='grc' dir='ltr'>ἀλλὰ</span> <span class='ocrx_word' id='word_1_153' title='bbox 984 2000 1072 2054; x_wconf 83' lang='grc' dir='ltr'>καὶ</span> <span class='ocrx_word' id='word_1_154' title='bbox 1103 2005 1217 2061; x_wconf 87' lang='grc' dir='ltr'>τοῖς</span> <span class='ocrx_word' id='word_1_155' title='bbox 1247 2004 1343 2054; x_wconf 73' lang='grc' dir='ltr'>τοῦ</span> <span class='ocrx_word' id='word_1_156' title='bbox 1376 1999 1526 2074; x_wconf 79' lang='grc' dir='ltr'>άγίου</span> <span class='ocrx_word' id='word_1_157' title='bbox 1557 2000 1866 2072; x_wconf 88' lang='grc' dir='ltr'>Πνεύματος</span> <span class='ocrx_word' id='word_1_158' title='bbox 1895 2001 1973 2054; x_wconf 75' lang='grc' dir='ltr'>ἱε-</span> 
     </span>
    </p>
   </div>
   <div class='ocr_carea' id='block_1_22' title="bbox 331 2087 1973 2164">
    <p class='ocr_par' dir='ltr' id='par_1_22' title="bbox 331 2087 1973 2164">
     <span class='ocr_line' id='line_1_22' title="bbox 331 2087 1973 2164; baseline 0.001 -23"><span class='ocrx_word' id='word_1_159' title='bbox 331 2093 445 2162; x_wconf 88' lang='grc' dir='ltr'>ροῖς</span> <span class='ocrx_word' id='word_1_160' title='bbox 520 2087 710 2162; x_wconf 87' lang='grc' dir='ltr'>λόγοις</span> <span class='ocrx_word' id='word_1_161' title='bbox 787 2089 1236 2144; x_wconf 70' lang='grc' dir='ltr'>ἀντικαθίσταται.</span> <span class='ocrx_word' id='word_1_162' title='bbox 1305 2092 1427 2150; x_wconf 88' lang='grc' dir='ltr'>Πῶς</span> <span class='ocrx_word' id='word_1_163' title='bbox 1477 2087 1791 2163; x_wconf 75' lang='grc' dir='ltr'>ἐντυγχάνει</span> <span class='ocrx_word' id='word_1_164' title='bbox 1845 2089 1973 2164; x_wconf 70' lang='grc' dir='ltr'>ὑπὲρ</span> 
     </span>
    </p>
   </div>
   <div class='ocr_carea' id='block_1_23' title="bbox 320 2177 1970 2252">
    <p class='ocr_par' dir='ltr' id='par_1_23' title="bbox 320 2177 1970 2252">
     <span class='ocr_line' id='line_1_23' title="bbox 320 2177 1970 2252; baseline 0.001 -22"><span class='ocrx_word' id='word_1_165' title='bbox 320 2177 479 2248; x_wconf 79' lang='grc' dir='ltr'>ἡμῶν</span> <span class='ocrx_word' id='word_1_166' title='bbox 514 2178 542 2231; x_wconf 91' lang='lat'>6</span> <span class='ocrx_word' id='word_1_167' title='bbox 574 2177 848 2246; x_wconf 82' lang='grc' dir='ltr'>Δεσπότης</span> <span class='ocrx_word' id='word_1_168' title='bbox 882 2177 1146 2252; x_wconf 78' lang='grc' dir='ltr'>Χριπός;</span> <span class='ocrx_word' id='word_1_169' title='bbox 1180 2177 1253 2238; x_wconf 84' lang='grc' dir='ltr'>ὡς</span> <span class='ocrx_word' id='word_1_170' title='bbox 1279 2177 1446 2252; x_wconf 51' lang='grc' dir='ltr'>,λόγος</span> <span class='ocrx_word' id='word_1_171' title='bbox 1483 2177 1646 2248; x_wconf 82' lang='grc' dir='ltr'>μόνον</span> <span class='ocrx_word' id='word_1_172' title='bbox 1677 2197 1690 2245; x_wconf 87' lang='grc'>;</span> <span class='ocrx_word' id='word_1_173' title='bbox 1731 2177 1829 2233; x_wconf 78' lang='grc' dir='ltr'>Καὶ</span> <span class='ocrx_word' id='word_1_174' title='bbox 1865 2181 1970 2231; x_wconf 78' lang='grc' dir='ltr'>ποῦ</span> 
     </span>
    </p>
   </div>
   <div class='ocr_carea' id='block_1_24' title="bbox 315 2265 1968 2340">
    <p class='ocr_par' dir='ltr' id='par_1_24' title="bbox 315 2265 1968 2340">
     <span class='ocr_line' id='line_1_24' title="bbox 315 2265 1968 2340; baseline 0 -21"><span class='ocrx_word' id='word_1_175' title='bbox 315 2265 383 2319; x_wconf 70' lang='grc' dir='ltr'>τά</span> <span class='ocrx_word' id='word_1_176' title='bbox 435 2273 535 2334; x_wconf 84' lang='grc' dir='ltr'>τῆς</span> <span class='ocrx_word' id='word_1_177' title='bbox 591 2267 886 2339; x_wconf 85' lang='grc' dir='ltr'>ὁμοτιμίας</span> <span class='ocrx_word' id='word_1_178' title='bbox 941 2268 1029 2320; x_wconf 87' lang='grc' dir='ltr'>καὶ</span> <span class='ocrx_word' id='word_1_179' title='bbox 1080 2266 1225 2336; x_wconf 82' lang='grc' dir='ltr'>ἀξίας</span> <span class='ocrx_word' id='word_1_180' title='bbox 1274 2272 1374 2335; x_wconf 85' lang='grc' dir='ltr'>τῆς</span> <span class='ocrx_word' id='word_1_181' title='bbox 1423 2266 1559 2340; x_wconf 88' lang='grc' dir='ltr'>πρὸς</span> <span class='ocrx_word' id='word_1_182' title='bbox 1588 2266 1679 2319; x_wconf 91' lang='grc' dir='ltr'>τὸν</span> <span class='ocrx_word' id='word_1_183' title='bbox 1737 2267 1968 2340; x_wconf 88' lang='grc' dir='ltr'>Πατέρα,</span> 
     </span>
    </p>
   </div>
   <div class='ocr_carea' id='block_1_25' title="bbox 318 2351 1969 2431">
    <p class='ocr_par' dir='ltr' id='par_1_25' title="bbox 318 2351 1969 2431">
     <span class='ocr_line' id='line_1_25' title="bbox 318 2351 1969 2431; baseline 0 -23"><span class='ocrx_word' id='word_1_184' title='bbox 318 2351 467 2426; x_wconf 73' lang='grc' dir='ltr'>εἶ’περ</span> <span class='ocrx_word' id='word_1_185' title='bbox 501 2354 838 2431; x_wconf 72' lang='grc' dir='ltr'>ἐντυγχάνων</span> <span class='ocrx_word' id='word_1_186' title='bbox 893 2354 1126 2426; x_wconf 77' lang='grc' dir='ltr'>καθάπερ</span> <span class='ocrx_word' id='word_1_187' title='bbox 1162 2353 1566 2430; x_wconf 71' lang='grc' dir='ltr'>ὑποδεέστερος,</span> <span class='ocrx_word' id='word_1_188' title='bbox 1600 2354 1690 2408; x_wconf 73' lang='grc' dir='ltr'>καὶ</span> <span class='ocrx_word' id='word_1_189' title='bbox 1737 2353 1799 2407; x_wconf 79' lang='grc' dir='ltr'>ού</span> <span class='ocrx_word' id='word_1_190' title='bbox 1835 2355 1969 2426; x_wconf 85' lang='grc' dir='ltr'>μετά</span> 
     </span>
    </p>
   </div>
   <div class='ocr_carea' id='block_1_26' title="bbox 317 2439 1963 2519">
    <p class='ocr_par' dir='ltr' id='par_1_26' title="bbox 317 2439 1963 2519">
     <span class='ocr_line' id='line_1_26' title="bbox 317 2439 1963 2519; baseline 0.001 -23"><span class='ocrx_word' id='word_1_191' title='bbox 317 2442 594 2507; x_wconf 77' lang='grc' dir='ltr'>αὐθεντίας</span> <span class='ocrx_word' id='word_1_192' title='bbox 653 2444 878 2519; x_wconf 82' lang='grc' dir='ltr'>ἐνεργεῖ,</span> <span class='ocrx_word' id='word_1_193' title='bbox 932 2443 1050 2498; x_wconf 56' lang='grc' dir='ltr'>τίσον</span> <span class='ocrx_word' id='word_1_194' title='bbox 1102 2442 1245 2518; x_wconf 82' lang='grc' dir='ltr'>ἔχων</span> <span class='ocrx_word' id='word_1_195' title='bbox 1277 2443 1340 2497; x_wconf 90' lang='grc' dir='ltr'>τὸ</span> <span class='ocrx_word' id='word_1_196' title='bbox 1381 2439 1834 2514; x_wconf 84' lang='grc' dir='ltr'>παντοδύναμον;</span> <span class='ocrx_word' id='word_1_197' title='bbox 1893 2444 1963 2498; x_wconf 86' lang='grc' dir='ltr'><em>’Ἡ</em></span> 
     </span>
    </p>
   </div>
   <div class='ocr_carea' id='block_1_27' title="bbox 313 2529 1964 2608">
    <p class='ocr_par' dir='ltr' id='par_1_27' title="bbox 313 2529 1964 2608">
     <span class='ocr_line' id='line_1_27' title="bbox 313 2529 1964 2608; baseline -0.001 -22"><span class='ocrx_word' id='word_1_198' title='bbox 313 2529 574 2601; x_wconf 83' lang='grc' dir='ltr'>δηλονότι</span> <span class='ocrx_word' id='word_1_199' title='bbox 604 2540 702 2602; x_wconf 77' lang='grc' dir='ltr'>τῆς</span> <span class='ocrx_word' id='word_1_200' title='bbox 737 2533 992 2608; x_wconf 80' lang='grc' dir='ltr'>ἀπαρχῆς</span> <span class='ocrx_word' id='word_1_201' title='bbox 1026 2533 1086 2586; x_wconf 88' lang='grc' dir='ltr'>τὸ</span> <span class='ocrx_word' id='word_1_202' title='bbox 1111 2532 1456 2606; x_wconf 78' lang='grc' dir='ltr'>ἐντυγχάνειν</span> <span class='ocrx_word' id='word_1_203' title='bbox 1484 2531 1615 2606; x_wconf 75' lang='grc' dir='ltr'>ὑπὲρ</span> <span class='ocrx_word' id='word_1_204' title='bbox 1638 2536 1732 2584; x_wconf 79' lang='grc' dir='ltr'>τοῦ</span> <span class='ocrx_word' id='word_1_205' title='bbox 1756 2530 1964 2585; x_wconf 74' lang='grc' dir='ltr'>οἰκείου</span> 
     </span>
    </p>
   </div>
   <div class='ocr_carea' id='block_1_28' title="bbox 315 2619 1961 2697">
    <p class='ocr_par' dir='ltr' id='par_1_28' title="bbox 315 2619 1961 2697">
     <span class='ocr_line' id='line_1_28' title="bbox 315 2619 1961 2697; baseline -0.001 -23"><span class='ocrx_word' id='word_1_206' title='bbox 315 2621 654 2697; x_wconf 75' lang='grc' dir='ltr'>φυράματος,</span> <span class='ocrx_word' id='word_1_207' title='bbox 680 2620 771 2676; x_wconf 70' lang='grc' dir='ltr'>’ίνα</span> <span class='ocrx_word' id='word_1_208' title='bbox 804 2620 967 2695; x_wconf 80' lang='grc' dir='ltr'>δείξῃ,</span> <span class='ocrx_word' id='word_1_209' title='bbox 1002 2621 1142 2688; x_wconf 86' lang='grc' dir='ltr'>πόση</span> <span class='ocrx_word' id='word_1_210' title='bbox 1194 2620 1315 2694; x_wconf 75' lang='grc' dir='ltr'>περὶ</span> <span class='ocrx_word' id='word_1_211' title='bbox 1347 2621 1446 2688; x_wconf 74' lang='grc' dir='ltr'>τὴν</span> <span class='ocrx_word' id='word_1_212' title='bbox 1477 2627 1577 2688; x_wconf 78' lang='grc' dir='ltr'>τῆς</span> <span class='ocrx_word' id='word_1_213' title='bbox 1623 2619 1819 2694; x_wconf 80' lang='grc' dir='ltr'>σαρκὸς</span> <span class='ocrx_word' id='word_1_214' title='bbox 1864 2619 1961 2696; x_wconf 68' lang='grc' dir='ltr'>φύε</span> 
     </span>
    </p>
   </div>
   <div class='ocr_carea' id='block_1_29' title="bbox 315 2701 1960 2786">
    <p class='ocr_par' dir='ltr' id='par_1_29' title="bbox 315 2701 1960 2786">
     <span class='ocr_line' id='line_1_29' title="bbox 315 2701 1960 2786; baseline -0.008 -13"><span class='ocrx_word' id='word_1_215' title='bbox 315 2730 396 2773; x_wconf 68' lang='grc' dir='ltr'>σιν</span> <span class='ocrx_word' id='word_1_216' title='bbox 448 2713 482 2779; x_wconf 76' lang='grc' dir='ltr'>ἡ</span> <span class='ocrx_word' id='word_1_217' title='bbox 544 2712 751 2786; x_wconf 69' lang='grc' dir='ltr'>σχέσις.</span> <span class='ocrx_word' id='word_1_218' title='bbox 795 2701 933 2768; x_wconf 63' lang='grc' dir='ltr'>Τίνα</span> <span class='ocrx_word' id='word_1_219' title='bbox 1001 2707 1057 2764; x_wconf 78' lang='grc' dir='ltr'>δὲ</span> <span class='ocrx_word' id='word_1_220' title='bbox 1105 2709 1205 2763; x_wconf 74' lang='grc' dir='ltr'>οὐκ</span> <span class='ocrx_word' id='word_1_221' title='bbox 1251 2708 1489 2783; x_wconf 75' lang='grc' dir='ltr'>ἐντρέπει</span> <span class='ocrx_word' id='word_1_222' title='bbox 1538 2713 1634 2762; x_wconf 71' lang='grc' dir='ltr'>τοῦ</span> <span class='ocrx_word' id='word_1_223' title='bbox 1685 2708 1960 2786; x_wconf 79' lang='grc' dir='ltr'>πανσόφου</span> 
     </span>
    </p>
   </div>
   <div class='ocr_carea' id='block_1_30' title="bbox 316 2796 1956 2872">
    <p class='ocr_par' dir='ltr' id='par_1_30' title="bbox 316 2796 1956 2872">
     <span class='ocr_line' id='line_1_30' title="bbox 316 2796 1956 2872; baseline -0.001 -20"><span class='ocrx_word' id='word_1_224' title='bbox 316 2797 534 2854; x_wconf 88' lang='grc' dir='ltr'>Παύλου</span> <span class='ocrx_word' id='word_1_225' title='bbox 579 2799 640 2853; x_wconf 90' lang='grc' dir='ltr'>τὸ</span> <span class='ocrx_word' id='word_1_226' title='bbox 680 2799 1003 2872; x_wconf 76' lang='grc' dir='ltr'>τρανότατον</span> <span class='ocrx_word' id='word_1_227' title='bbox 1048 2800 1328 2872; x_wconf 86' lang='grc' dir='ltr'>κήρυγμα,</span> <span class='ocrx_word' id='word_1_228' title='bbox 1376 2796 1457 2851; x_wconf 76' lang='grc' dir='ltr'>ὅτι</span> <span class='ocrx_word' id='word_1_229' title='bbox 1501 2820 1522 2848; x_wconf 74' lang='grc' dir='ltr'>ι</span> <span class='ocrx_word' id='word_1_230' title='bbox 1556 2796 1692 2859; x_wconf 67' lang='grc' dir='ltr'>Τοὺς</span> <span class='ocrx_word' id='word_1_231' title='bbox 1723 2796 1956 2872; x_wconf 86' lang='grc' dir='ltr'>χρόνους</span> 
     </span>
    </p>
   </div>
   <div class='ocr_carea' id='block_1_31' title="bbox 310 2883 1957 2963">
    <p class='ocr_par' dir='ltr' id='par_1_31' title="bbox 310 2883 1957 2963">
     <span class='ocr_line' id='line_1_31' title="bbox 310 2883 1957 2963; baseline -0.001 -23"><span class='ocrx_word' id='word_1_232' title='bbox 310 2894 411 2956; x_wconf 81' lang='grc' dir='ltr'>τῆς</span> <span class='ocrx_word' id='word_1_233' title='bbox 465 2887 678 2963; x_wconf 83' lang='grc' dir='ltr'>ἀγνοίας</span> <span class='ocrx_word' id='word_1_234' title='bbox 728 2885 995 2963; x_wconf 76' lang='grc' dir='ltr'>ὕπεριδὼν</span> <span class='ocrx_word' id='word_1_235' title='bbox 1031 2888 1058 2941; x_wconf 89' lang='lat'>6</span> <span class='ocrx_word' id='word_1_236' title='bbox 1089 2888 1236 2952; x_wconf 85' lang='grc' dir='ltr'>Θεὸς,</span> <span class='ocrx_word' id='word_1_237' title='bbox 1269 2883 1633 2961; x_wconf 70' lang='grc' dir='ltr'>παραγγέλλει</span> <span class='ocrx_word' id='word_1_238' title='bbox 1666 2892 1792 2939; x_wconf 76' lang='grc' dir='ltr'>πᾶσι</span> <span class='ocrx_word' id='word_1_239' title='bbox 1825 2907 1957 2940; x_wconf 72' lang='grc' dir='ltr'>πανο</span> 
     </span>
    </p>
   </div>
   <div class='ocr_carea' id='block_1_32' title="bbox 305 2973 1953 3051">
    <p class='ocr_par' dir='ltr' id='par_1_32' title="bbox 305 2973 1953 3051">
     <span class='ocr_line' id='line_1_32' title="bbox 305 2973 1953 3051; baseline -0.007 -20"><span class='ocrx_word' id='word_1_240' title='bbox 305 2981 484 3051; x_wconf 74' lang='grc' dir='ltr'>ταχοῦ</span> <span class='ocrx_word' id='word_1_241' title='bbox 519 2983 819 3048; x_wconf 80' lang='grc' dir='ltr'>μετανοεῖν,</span> <span class='ocrx_word' id='word_1_242' title='bbox 851 2977 1037 3031; x_wconf 82' lang='grc' dir='ltr'>καθότι</span> <span class='ocrx_word' id='word_1_243' title='bbox 1071 2975 1288 3046; x_wconf 80' lang='grc' dir='ltr'>ἔστησεν</span> <span class='ocrx_word' id='word_1_244' title='bbox 1314 2973 1543 3048; x_wconf 75' lang='grc' dir='ltr'>ἡμέραν,</span> <span class='ocrx_word' id='word_1_245' title='bbox 1596 2973 1646 3028; x_wconf 82' lang='grc' dir='ltr'>ἐν</span> <span class='ocrx_word' id='word_1_246' title='bbox 1766 2974 1953 3047; x_wconf 73' lang='grc' dir='ltr'>μέλλει</span> 
     </span>
    </p>
   </div>
   <div class='ocr_carea' id='block_1_33' title="bbox 306 3061 1954 3140">
    <p class='ocr_par' dir='ltr' id='par_1_33' title="bbox 306 3061 1954 3140">
     <span class='ocr_line' id='line_1_33' title="bbox 306 3061 1954 3140; baseline -0.002 -21"><span class='ocrx_word' id='word_1_247' title='bbox 306 3066 510 3140; x_wconf 88' lang='grc' dir='ltr'>κρίνειν</span> <span class='ocrx_word' id='word_1_248' title='bbox 557 3068 656 3134; x_wconf 73' lang='grc' dir='ltr'>την</span> <span class='ocrx_word' id='word_1_249' title='bbox 699 3066 1051 3138; x_wconf 81' lang='grc' dir='ltr'>οἰκουμένην,</span> <span class='ocrx_word' id='word_1_250' title='bbox 1103 3065 1153 3120; x_wconf 89' lang='grc' dir='ltr'>ἐν</span> <span class='ocrx_word' id='word_1_251' title='bbox 1215 3061 1546 3138; x_wconf 81' lang='grc' dir='ltr'>δικαιοσύνῃ,</span> <span class='ocrx_word' id='word_1_252' title='bbox 1598 3063 1648 3116; x_wconf 90' lang='grc' dir='ltr'>ἐν</span> <span class='ocrx_word' id='word_1_253' title='bbox 1683 3061 1858 3137; x_wconf 83' lang='grc' dir='ltr'>ἀνδρὶ,</span> <span class='ocrx_word' id='word_1_254' title='bbox 1910 3065 1954 3135; x_wconf 84' lang='grc' dir='ltr'>ᾧ</span> 
     </span>
    </p>
   </div>
   <div class='ocr_carea' id='block_1_34' title="bbox 307 3151 1956 3230">
    <p class='ocr_par' dir='ltr' id='par_1_34' title="bbox 307 3151 1956 3230">
     <span class='ocr_line' id='line_1_34' title="bbox 307 3151 1956 3230; baseline -0.001 -21"><span class='ocrx_word' id='word_1_255' title='bbox 307 3152 492 3228; x_wconf 78' lang='grc' dir='ltr'>ὥρισε,</span> <span class='ocrx_word' id='word_1_256' title='bbox 540 3155 714 3210; x_wconf 79' lang='grc' dir='ltr'>πίστιν</span> <span class='ocrx_word' id='word_1_257' title='bbox 767 3156 1062 3230; x_wconf 76' lang='grc' dir='ltr'>παρασχὼν</span> <span class='ocrx_word' id='word_1_258' title='bbox 1112 3160 1293 3224; x_wconf 80' lang='grc' dir='ltr'>πᾶσιν,</span> <span class='ocrx_word' id='word_1_259' title='bbox 1344 3152 1643 3223; x_wconf 80' lang='grc' dir='ltr'>ἀναστήσας</span> <span class='ocrx_word' id='word_1_260' title='bbox 1691 3151 1849 3206; x_wconf 63' lang='grc' dir='ltr'>αύτὸδ</span> <span class='ocrx_word' id='word_1_261' title='bbox 1897 3151 1956 3207; x_wconf 86' lang='grc' dir='ltr'>ἐκ</span> 
     </span>
    </p>
   </div>
   <div class='ocr_carea' id='block_1_35' title="bbox 304 3240 1949 3320">
    <p class='ocr_par' dir='ltr' id='par_1_35' title="bbox 304 3240 1949 3320">
     <span class='ocr_line' id='line_1_35' title="bbox 304 3240 1949 3320; baseline -0.001 -25"><span class='ocrx_word' id='word_1_262' title='bbox 304 3247 508 3319; x_wconf 78' lang='grc' dir='ltr'>νεκρῶν</span> <span class='ocrx_word' id='word_1_263' title='bbox 536 3264 549 3313; x_wconf 90' lang='grc'><strong>;</strong></span> <span class='ocrx_word' id='word_1_264' title='bbox 588 3270 608 3293; x_wconf 79' lang='grc' dir='ltr'>ι</span> <span class='ocrx_word' id='word_1_265' title='bbox 647 3244 740 3312; x_wconf 79' lang='grc' dir='ltr'>Μὴ</span> <span class='ocrx_word' id='word_1_266' title='bbox 774 3243 1037 3319; x_wconf 73' lang='grc' dir='ltr'>ἀνῄρηται</span> <span class='ocrx_word' id='word_1_267' title='bbox 1061 3243 1095 3312; x_wconf 76' lang='grc' dir='ltr'>η</span> <span class='ocrx_word' id='word_1_268' title='bbox 1129 3240 1396 3320; x_wconf 86' lang='grc' dir='ltr'>διαφορά;</span> <span class='ocrx_word' id='word_1_269' title='bbox 1431 3243 1524 3310; x_wconf 75' lang='grc' dir='ltr'>Μὴ</span> <span class='ocrx_word' id='word_1_270' title='bbox 1557 3241 1656 3296; x_wconf 84' lang='grc' dir='ltr'>ούκ</span> <span class='ocrx_word' id='word_1_271' title='bbox 1678 3241 1792 3296; x_wconf 81' lang='grc' dir='ltr'>εἶπε</span> <span class='ocrx_word' id='word_1_272' title='bbox 1821 3241 1949 3296; x_wconf 91' lang='grc' dir='ltr'>Θεὸν</span> 
     </span>
    </p>
   </div>
   <div class='ocr_carea' id='block_1_36' title="bbox 2107 674 3752 736">
    <p class='ocr_par' dir='ltr' id='par_1_36' title="bbox 2107 674 3752 736">
     <span class='ocr_line' id='line_1_36' title="bbox 2107 674 3752 736; baseline 0.004 -9"><span class='ocrx_word' id='word_1_273' title='bbox 2107 674 2240 727; x_wconf 89' lang='lat' dir='ltr'>dem</span> <span class='ocrx_word' id='word_1_274' title='bbox 2272 681 2395 728; x_wconf 83' lang='lat' dir='ltr'>erat</span> <span class='ocrx_word' id='word_1_275' title='bbox 2425 675 2498 728; x_wconf 88' lang='lat' dir='ltr'>ab</span> <span class='ocrx_word' id='word_1_276' title='bbox 2529 675 2716 736; x_wconf 90' lang='lat' dir='ltr'>initio,</span> <span class='ocrx_word' id='word_1_277' title='bbox 2744 675 2848 729; x_wconf 89' lang='lat' dir='ltr'>hoc</span> <span class='ocrx_word' id='word_1_278' title='bbox 2881 677 3086 732; x_wconf 87' lang='lat' dir='ltr'>deinde</span> <span class='ocrx_word' id='word_1_279' title='bbox 3120 681 3331 733; x_wconf 80' lang='lat' dir='ltr'>factum</span> <span class='ocrx_word' id='word_1_280' title='bbox 3364 683 3453 733; x_wconf 91' lang='lat' dir='ltr'>est</span> <span class='ocrx_word' id='word_1_281' title='bbox 3487 697 3500 735; x_wconf 91' lang='lat'>:</span> <span class='ocrx_word' id='word_1_282' title='bbox 3532 679 3752 734; x_wconf 91' lang='lat' dir='ltr'>etillud</span> 
     </span>
    </p>
   </div>
   <div class='ocr_carea' id='block_1_37' title="bbox 2106 763 3754 833">
    <p class='ocr_par' dir='ltr' id='par_1_37' title="bbox 2106 763 3754 833">
     <span class='ocr_line' id='line_1_37' title="bbox 2106 763 3754 833; baseline 0.004 -18"><span class='ocrx_word' id='word_1_283' title='bbox 2106 764 2343 833; x_wconf 89' lang='lat' dir='ltr'>quidem</span> <span class='ocrx_word' id='word_1_284' title='bbox 2368 763 2657 818; x_wconf 81' lang='lat' dir='ltr'>invisibile</span> <span class='ocrx_word' id='word_1_285' title='bbox 2686 770 2741 818; x_wconf 89' lang='lat' dir='ltr'>et</span> <span class='ocrx_word' id='word_1_286' title='bbox 2774 765 3159 830; x_wconf 88' lang='lat' dir='ltr'>intactum,in</span> <span class='ocrx_word' id='word_1_287' title='bbox 3191 767 3485 822; x_wconf 81' lang='lat' dir='ltr'>inﬁnitum</span> <span class='ocrx_word' id='word_1_288' title='bbox 3518 784 3587 822; x_wconf 84' lang='lat' dir='ltr'>ex</span> <span class='ocrx_word' id='word_1_289' title='bbox 3617 769 3754 822; x_wconf 79' lang='lat' dir='ltr'>inti-</span> 
     </span>
    </p>
   </div>
   <div class='ocr_carea' id='block_1_38' title="bbox 2107 851 3752 925">
    <p class='ocr_par' dir='ltr' id='par_1_38' title="bbox 2107 851 3752 925">
     <span class='ocr_line' id='line_1_38' title="bbox 2107 851 3752 925; baseline 0.003 -21"><span class='ocrx_word' id='word_1_290' title='bbox 2107 852 2248 920; x_wconf 91' lang='lat' dir='ltr'>nito,</span> <span class='ocrx_word' id='word_1_291' title='bbox 2281 851 2389 906; x_wconf 91' lang='lat' dir='ltr'>hoc</span> <span class='ocrx_word' id='word_1_292' title='bbox 2422 869 2554 906; x_wconf 90' lang='lat' dir='ltr'>vero</span> <span class='ocrx_word' id='word_1_293' title='bbox 2605 869 2671 906; x_wconf 82' lang='lat' dir='ltr'>ex</span> <span class='ocrx_word' id='word_1_294' title='bbox 2702 853 2918 908; x_wconf 88' lang='lat' dir='ltr'>visibili</span> <span class='ocrx_word' id='word_1_295' title='bbox 2951 859 3006 908; x_wconf 92' lang='lat' dir='ltr'>et</span> <span class='ocrx_word' id='word_1_296' title='bbox 3053 855 3477 925; x_wconf 86' lang='lat' dir='ltr'>contrectabili,</span> <span class='ocrx_word' id='word_1_297' title='bbox 3515 857 3570 911; x_wconf 93' lang='lat' dir='ltr'>in</span> <span class='ocrx_word' id='word_1_298' title='bbox 3600 856 3752 910; x_wconf 90' lang='lat' dir='ltr'>invi-</span> 
     </span>
    </p>
   </div>
   <div class='ocr_carea' id='block_1_39' title="bbox 2104 939 3754 1014">
    <p class='ocr_par' dir='ltr' id='par_1_39' title="bbox 2104 939 3754 1014">
     <span class='ocr_line' id='line_1_39' title="bbox 2104 939 3754 1014; baseline 0.003 -20"><span class='ocrx_word' id='word_1_299' title='bbox 2104 939 2274 994; x_wconf 87' lang='lat' dir='ltr'>sibile</span> <span class='ocrx_word' id='word_1_300' title='bbox 2294 946 2351 994; x_wconf 90' lang='lat' dir='ltr'>et</span> <span class='ocrx_word' id='word_1_301' title='bbox 2372 939 2627 994; x_wconf 85' lang='lat' dir='ltr'>intactile</span> <span class='ocrx_word' id='word_1_302' title='bbox 2651 941 2900 995; x_wconf 81' lang='lat' dir='ltr'>transiit.</span> <span class='ocrx_word' id='word_1_303' title='bbox 2934 941 3193 1012; x_wconf 85' lang='lat' dir='ltr'>Denique</span> <span class='ocrx_word' id='word_1_304' title='bbox 3223 942 3369 997; x_wconf 90' lang='lat' dir='ltr'>illud</span> <span class='ocrx_word' id='word_1_305' title='bbox 3394 961 3632 1014; x_wconf 79' lang='lat' dir='ltr'>prorsus</span> <span class='ocrx_word' id='word_1_306' title='bbox 3663 950 3754 999; x_wconf 90' lang='lat' dir='ltr'>est</span> 
     </span>
    </p>
   </div>
   <div class='ocr_carea' id='block_1_40' title="bbox 2105 1027 3753 1100">
    <p class='ocr_par' dir='ltr' id='par_1_40' title="bbox 2105 1027 3753 1100">
     <span class='ocr_line' id='line_1_40' title="bbox 2105 1027 3753 1100; baseline 0.004 -20"><span class='ocrx_word' id='word_1_307' title='bbox 2105 1027 2494 1097; x_wconf 70' lang='lat' dir='ltr'>immutabile,</span> <span class='ocrx_word' id='word_1_308' title='bbox 2519 1029 2627 1083; x_wconf 92' lang='lat' dir='ltr'>hoc</span> <span class='ocrx_word' id='word_1_309' title='bbox 2660 1046 2760 1100; x_wconf 89' lang='lat' dir='ltr'>per</span> <span class='ocrx_word' id='word_1_310' title='bbox 2791 1031 3174 1085; x_wconf 82' lang='lat' dir='ltr'>mutationem</span> <span class='ocrx_word' id='word_1_311' title='bbox 3202 1032 3273 1086; x_wconf 88' lang='lat' dir='ltr'>ad</span> <span class='ocrx_word' id='word_1_312' title='bbox 3308 1031 3604 1088; x_wconf 81' lang='lat' dir='ltr'>meliorem</span> <span class='ocrx_word' id='word_1_313' title='bbox 3638 1039 3753 1087; x_wconf 85' lang='lat' dir='ltr'>sta-</span> 
     </span>
    </p>
   </div>
   <div class='ocr_carea' id='block_1_41' title="bbox 2100 1117 3750 1192">
    <p class='ocr_par' dir='ltr' id='par_1_41' title="bbox 2100 1117 3750 1192">
     <span class='ocr_line' id='line_1_41' title="bbox 2100 1117 3750 1192; baseline 0.004 -22"><span class='ocrx_word' id='word_1_314' title='bbox 2100 1123 2226 1170; x_wconf 87' lang='lat' dir='ltr'>tum</span> <span class='ocrx_word' id='word_1_315' title='bbox 2259 1117 2434 1170; x_wconf 85' lang='lat' dir='ltr'>venit.</span> <span class='ocrx_word' id='word_1_316' title='bbox 2470 1117 2680 1171; x_wconf 85' lang='lat' dir='ltr'>Deinde</span> <span class='ocrx_word' id='word_1_317' title='bbox 2713 1117 2759 1172; x_wconf 94' lang='lat' dir='ltr'>si</span> <span class='ocrx_word' id='word_1_318' title='bbox 2803 1118 2994 1173; x_wconf 89' lang='lat' dir='ltr'>solum</span> <span class='ocrx_word' id='word_1_319' title='bbox 3027 1118 3280 1174; x_wconf 81' lang='lat' dir='ltr'>Verbum</span> <span class='ocrx_word' id='word_1_320' title='bbox 3332 1126 3614 1192; x_wconf 80' lang='lat' dir='ltr'>remanet,</span> <span class='ocrx_word' id='word_1_321' title='bbox 3647 1138 3750 1176; x_wconf 89' lang='lat' dir='ltr'>cur</span> 
     </span>
    </p>
   </div>
   <div class='ocr_carea' id='block_1_42' title="bbox 2102 1205 3749 1273">
    <p class='ocr_par' dir='ltr' id='par_1_42' title="bbox 2102 1205 3749 1273">
     <span class='ocr_line' id='line_1_42' title="bbox 2102 1205 3749 1273; baseline 0.004 -14"><span class='ocrx_word' id='word_1_322' title='bbox 2102 1222 2216 1259; x_wconf 90' lang='lat' dir='ltr'>non</span> <span class='ocrx_word' id='word_1_323' title='bbox 2267 1205 2482 1259; x_wconf 88' lang='lat' dir='ltr'>dicitur</span> <span class='ocrx_word' id='word_1_324' title='bbox 2513 1222 2525 1258; x_wconf 88' lang='lat'>:</span> <span class='ocrx_word' id='word_1_325' title='bbox 2561 1206 2705 1260; x_wconf 83' lang='lat' dir='ltr'>Caro</span> <span class='ocrx_word' id='word_1_326' title='bbox 2754 1206 3012 1261; x_wconf 87' lang='lat' dir='ltr'>Verbum</span> <span class='ocrx_word' id='word_1_327' title='bbox 3064 1209 3214 1262; x_wconf 82' lang='lat' dir='ltr'>facta</span> <span class='ocrx_word' id='word_1_328' title='bbox 3261 1213 3374 1273; x_wconf 89' lang='lat' dir='ltr'>est,</span> <span class='ocrx_word' id='word_1_329' title='bbox 3420 1210 3520 1264; x_wconf 88' lang='lat' dir='ltr'>sed</span> <span class='ocrx_word' id='word_1_330' title='bbox 3553 1232 3581 1259; x_wconf 84' lang='lat'><strong>«</strong></span> <span class='ocrx_word' id='word_1_331' title='bbox 3618 1210 3749 1264; x_wconf 88' lang='lat' dir='ltr'>Ver-</span> 
     </span>
    </p>
   </div>
   <div class='ocr_carea' id='block_1_43' title="bbox 2098 1294 3743 1366">
    <p class='ocr_par' dir='ltr' id='par_1_43' title="bbox 2098 1294 3743 1366">
     <span class='ocr_line' id='line_1_43' title="bbox 2098 1294 3743 1366; baseline 0.003 -19"><span class='ocrx_word' id='word_1_332' title='bbox 2098 1294 2236 1347; x_wconf 92' lang='lat' dir='ltr'>bum</span> <span class='ocrx_word' id='word_1_333' title='bbox 2271 1310 2403 1347; x_wconf 89' lang='lat' dir='ltr'>caro</span> <span class='ocrx_word' id='word_1_334' title='bbox 2436 1294 2652 1348; x_wconf 80' lang='lat' dir='ltr'>factum</span> <span class='ocrx_word' id='word_1_335' title='bbox 2687 1300 2776 1349; x_wconf 88' lang='lat' dir='ltr'>est</span> <span class='ocrx_word' id='word_1_336' title='bbox 2805 1295 2872 1348; x_wconf 74' lang='lat'>6?</span> <span class='ocrx_word' id='word_1_337' title='bbox 2907 1318 2934 1343; x_wconf 84' lang='lat'><strong><em>»</em></strong></span> <span class='ocrx_word' id='word_1_338' title='bbox 2967 1296 3108 1360; x_wconf 86' lang='lat' dir='ltr'>Quis</span> <span class='ocrx_word' id='word_1_339' title='bbox 3137 1296 3294 1352; x_wconf 88' lang='lat' dir='ltr'>enim</span> <span class='ocrx_word' id='word_1_340' title='bbox 3322 1303 3439 1352; x_wconf 89' lang='lat' dir='ltr'>tam</span> <span class='ocrx_word' id='word_1_341' title='bbox 3476 1298 3743 1366; x_wconf 88' lang='lat' dir='ltr'>insanus,</span> 
     </span>
    </p>
   </div>
   <div class='ocr_carea' id='block_1_44' title="bbox 2095 1382 3740 1454">
    <p class='ocr_par' dir='ltr' id='par_1_44' title="bbox 2095 1382 3740 1454">
     <span class='ocr_line' id='line_1_44' title="bbox 2095 1382 3740 1454; baseline 0.004 -19"><span class='ocrx_word' id='word_1_342' title='bbox 2095 1385 2214 1436; x_wconf 89' lang='lat' dir='ltr'>tam</span> <span class='ocrx_word' id='word_1_343' title='bbox 2246 1398 2448 1437; x_wconf 87' lang='lat' dir='ltr'>amens</span> <span class='ocrx_word' id='word_1_344' title='bbox 2496 1388 2604 1451; x_wconf 88' lang='lat' dir='ltr'>est,</span> <span class='ocrx_word' id='word_1_345' title='bbox 2639 1382 2736 1453; x_wconf 88' lang='lat' dir='ltr'>qui</span> <span class='ocrx_word' id='word_1_346' title='bbox 2769 1399 3028 1438; x_wconf 85' lang='lat' dir='ltr'>asserere</span> <span class='ocrx_word' id='word_1_347' title='bbox 3081 1386 3313 1454; x_wconf 80' lang='lat' dir='ltr'>audeat,</span> <span class='ocrx_word' id='word_1_348' title='bbox 3347 1386 3740 1442; x_wconf 89' lang='lat' dir='ltr'>substantiam</span> 
     </span>
    </p>
   </div>
   <div class='ocr_carea' id='block_1_45' title="bbox 2096 1469 3742 1543">
    <p class='ocr_par' dir='ltr' id='par_1_45' title="bbox 2096 1469 3742 1543">
     <span class='ocr_line' id='line_1_45' title="bbox 2096 1469 3742 1543; baseline 0.004 -20"><span class='ocrx_word' id='word_1_349' title='bbox 2096 1470 2377 1540; x_wconf 86' lang='lat' dir='ltr'>divinam,</span> <span class='ocrx_word' id='word_1_350' title='bbox 2410 1469 2560 1525; x_wconf 92' lang='lat' dir='ltr'>alius</span> <span class='ocrx_word' id='word_1_351' title='bbox 2605 1471 2835 1526; x_wconf 84' lang='lat' dir='ltr'>deitatis</span> <span class='ocrx_word' id='word_1_352' title='bbox 2883 1473 3293 1543; x_wconf 84' lang='lat' dir='ltr'>substantiam,</span> <span class='ocrx_word' id='word_1_353' title='bbox 3326 1491 3394 1529; x_wconf 76' lang='lat' dir='ltr'>ex</span> <span class='ocrx_word' id='word_1_354' title='bbox 3426 1473 3609 1530; x_wconf 88' lang='lat' dir='ltr'>altera</span> <span class='ocrx_word' id='word_1_355' title='bbox 3641 1493 3742 1530; x_wconf 87' lang='lat' dir='ltr'>na-</span> 
     </span>
    </p>
   </div>
   <div class='ocr_carea' id='block_1_46' title="bbox 2093 1561 3739 1634">
    <p class='ocr_par' dir='ltr' id='par_1_46' title="bbox 2093 1561 3739 1634">
     <span class='ocr_line' id='line_1_46' title="bbox 2093 1561 3739 1634; baseline 0.004 -22"><span class='ocrx_word' id='word_1_356' title='bbox 2093 1563 2225 1614; x_wconf 85' lang='lat' dir='ltr'>tura</span> <span class='ocrx_word' id='word_1_357' title='bbox 2272 1564 2639 1630; x_wconf 84' lang='lat' dir='ltr'>prognatam,</span> <span class='ocrx_word' id='word_1_358' title='bbox 2690 1561 3112 1632; x_wconf 88' lang='lat' dir='ltr'>assumpsisse;</span> <span class='ocrx_word' id='word_1_359' title='bbox 3144 1567 3208 1617; x_wconf 92' lang='lat' dir='ltr'>ut</span> <span class='ocrx_word' id='word_1_360' title='bbox 3250 1579 3352 1634; x_wconf 92' lang='lat' dir='ltr'>per</span> <span class='ocrx_word' id='word_1_361' title='bbox 3400 1563 3739 1634; x_wconf 87' lang='lat' dir='ltr'>hujusmodi</span> 
     </span>
    </p>
   </div>
   <div class='ocr_carea' id='block_1_47' title="bbox 2093 1648 3737 1723">
    <p class='ocr_par' dir='ltr' id='par_1_47' title="bbox 2093 1648 3737 1723">
     <span class='ocr_line' id='line_1_47' title="bbox 2093 1648 3737 1723; baseline 0.004 -22"><span class='ocrx_word' id='word_1_362' title='bbox 2093 1648 2563 1703; x_wconf 82' lang='lat' dir='ltr'>additamentum</span> <span class='ocrx_word' id='word_1_363' title='bbox 2614 1649 2897 1704; x_wconf 87' lang='lat' dir='ltr'>indicaret</span> <span class='ocrx_word' id='word_1_364' title='bbox 2927 1651 3245 1707; x_wconf 86' lang='lat' dir='ltr'>accessisse</span> <span class='ocrx_word' id='word_1_365' title='bbox 3285 1651 3506 1723; x_wconf 91' lang='lat' dir='ltr'>aliquid</span> <span class='ocrx_word' id='word_1_366' title='bbox 3540 1653 3591 1707; x_wconf 91' lang='lat' dir='ltr'>ei</span> <span class='ocrx_word' id='word_1_367' title='bbox 3639 1655 3737 1723; x_wconf 85' lang='lat' dir='ltr'>qui</span> 
     </span>
    </p>
   </div>
   <div class='ocr_carea' id='block_1_48' title="bbox 2095 1737 3738 1811">
    <p class='ocr_par' dir='ltr' id='par_1_48' title="bbox 2095 1737 3738 1811">
     <span class='ocr_line' id='line_1_48' title="bbox 2095 1737 3738 1811; baseline 0.004 -22"><span class='ocrx_word' id='word_1_368' title='bbox 2095 1742 2300 1791; x_wconf 88' lang='lat' dir='ltr'>natura</span> <span class='ocrx_word' id='word_1_369' title='bbox 2333 1754 2441 1792; x_wconf 88' lang='lat' dir='ltr'>sua</span> <span class='ocrx_word' id='word_1_370' title='bbox 2472 1737 2694 1792; x_wconf 88' lang='lat' dir='ltr'>nullius</span> <span class='ocrx_word' id='word_1_371' title='bbox 2727 1739 2997 1810; x_wconf 85' lang='lat' dir='ltr'>indigens</span> <span class='ocrx_word' id='word_1_372' title='bbox 3024 1745 3132 1807; x_wconf 89' lang='lat' dir='ltr'>est,</span> <span class='ocrx_word' id='word_1_373' title='bbox 3167 1745 3224 1795; x_wconf 88' lang='lat' dir='ltr'>et</span> <span class='ocrx_word' id='word_1_374' title='bbox 3254 1740 3592 1811; x_wconf 85' lang='lat' dir='ltr'>perfectus?</span> <span class='ocrx_word' id='word_1_375' title='bbox 3624 1743 3738 1798; x_wconf 89' lang='lat' dir='ltr'>Cur</span> 
     </span>
    </p>
   </div>
   <div class='ocr_carea' id='block_1_49' title="bbox 2093 1825 3735 1900">
    <p class='ocr_par' dir='ltr' id='par_1_49' title="bbox 2093 1825 3735 1900">
     <span class='ocr_line' id='line_1_49' title="bbox 2093 1825 3735 1900; baseline 0.005 -23"><span class='ocrx_word' id='word_1_376' title='bbox 2093 1841 2224 1878; x_wconf 91' lang='lat' dir='ltr'>vero</span> <span class='ocrx_word' id='word_1_377' title='bbox 2259 1825 2463 1880; x_wconf 70' lang='lat' dir='ltr'>litterae</span> <span class='ocrx_word' id='word_1_378' title='bbox 2513 1843 2689 1881; x_wconf 70' lang='lat' dir='ltr'>sacrae</span> <span class='ocrx_word' id='word_1_379' title='bbox 2739 1829 2913 1881; x_wconf 90' lang='lat' dir='ltr'>etiam</span> <span class='ocrx_word' id='word_1_380' title='bbox 2966 1832 3097 1898; x_wconf 90' lang='lat' dir='ltr'>post</span> <span class='ocrx_word' id='word_1_381' title='bbox 3147 1829 3500 1900; x_wconf 90' lang='lat' dir='ltr'>stupendam</span> <span class='ocrx_word' id='word_1_382' title='bbox 3533 1847 3735 1886; x_wconf 84' lang='lat' dir='ltr'>ascen-</span> 
     </span>
    </p>
   </div>
   <div class='ocr_carea' id='block_1_50' title="bbox 2091 1911 3732 1988">
    <p class='ocr_par' dir='ltr' id='par_1_50' title="bbox 2091 1911 3732 1988">
     <span class='ocr_line' id='line_1_50' title="bbox 2091 1911 3732 1988; baseline 0.002 -21"><span class='ocrx_word' id='word_1_383' title='bbox 2091 1911 2337 1980; x_wconf 86' lang='lat' dir='ltr'>sionem,</span> <span class='ocrx_word' id='word_1_384' title='bbox 2388 1914 2582 1968; x_wconf 89' lang='lat' dir='ltr'>carnis</span> <span class='ocrx_word' id='word_1_385' title='bbox 2609 1931 2642 1968; x_wconf 91' lang='lat' dir='ltr'>a</span> <span class='ocrx_word' id='word_1_386' title='bbox 2673 1914 2859 1968; x_wconf 85' lang='lat' dir='ltr'>Verbo</span> <span class='ocrx_word' id='word_1_387' title='bbox 2911 1914 3348 1970; x_wconf 87' lang='lat' dir='ltr'>distinctionem</span> <span class='ocrx_word' id='word_1_388' title='bbox 3383 1917 3732 1988; x_wconf 69' lang='lat' dir='ltr'>praedicant;</span> 
     </span>
    </p>
   </div>
   <div class='ocr_carea' id='block_1_51' title="bbox 2089 2002 3736 2072">
    <p class='ocr_par' dir='ltr' id='par_1_51' title="bbox 2089 2002 3736 2072">
     <span class='ocr_line' id='line_1_51' title="bbox 2089 2002 3736 2072; baseline 0.004 -17"><span class='ocrx_word' id='word_1_389' title='bbox 2089 2002 2288 2072; x_wconf 87' lang='lat' dir='ltr'>qualia</span> <span class='ocrx_word' id='word_1_390' title='bbox 2317 2007 2474 2068; x_wconf 90' lang='lat' dir='ltr'>sunt,</span> <span class='ocrx_word' id='word_1_391' title='bbox 2510 2019 2744 2057; x_wconf 89' lang='lat' dir='ltr'>rursum</span> <span class='ocrx_word' id='word_1_392' title='bbox 2779 2003 3290 2070; x_wconf 89' lang='lat' dir='ltr'>rediturum,item</span> <span class='ocrx_word' id='word_1_393' title='bbox 3322 2003 3510 2060; x_wconf 89' lang='lat' dir='ltr'>visum</span> <span class='ocrx_word' id='word_1_394' title='bbox 3541 2005 3612 2060; x_wconf 89' lang='lat' dir='ltr'>iri</span> <span class='ocrx_word' id='word_1_395' title='bbox 3641 2023 3736 2062; x_wconf 90' lang='lat' dir='ltr'>eo-</span> 
     </span>
    </p>
   </div>
   <div class='ocr_carea' id='block_1_52' title="bbox 2086 2091 3734 2165">
    <p class='ocr_par' dir='ltr' id='par_1_52' title="bbox 2086 2091 3734 2165">
     <span class='ocr_line' id='line_1_52' title="bbox 2086 2091 3734 2165; baseline 0.005 -21"><span class='ocrx_word' id='word_1_396' title='bbox 2086 2092 2215 2144; x_wconf 90' lang='lat' dir='ltr'>dem</span> <span class='ocrx_word' id='word_1_397' title='bbox 2252 2107 2366 2159; x_wconf 88' lang='lat' dir='ltr'>quo</span> <span class='ocrx_word' id='word_1_398' title='bbox 2398 2094 2568 2144; x_wconf 86' lang='lat' dir='ltr'>antea</span> <span class='ocrx_word' id='word_1_399' title='bbox 2599 2091 2792 2146; x_wconf 91' lang='lat' dir='ltr'>modo.</span> <span class='ocrx_word' id='word_1_400' title='bbox 2825 2097 2908 2147; x_wconf 87' lang='lat' dir='ltr'>An</span> <span class='ocrx_word' id='word_1_401' title='bbox 2940 2107 3039 2146; x_wconf 91' lang='lat' dir='ltr'>vos</span> <span class='ocrx_word' id='word_1_402' title='bbox 3071 2091 3364 2148; x_wconf 88' lang='lat' dir='ltr'>contraria</span> <span class='ocrx_word' id='word_1_403' title='bbox 3391 2093 3734 2165; x_wconf 88' lang='lat' dir='ltr'>angelorum</span> 
     </span>
    </p>
   </div>
   <div class='ocr_carea' id='block_1_53' title="bbox 2085 2178 3732 2250">
    <p class='ocr_par' dir='ltr' id='par_1_53' title="bbox 2085 2178 3732 2250">
     <span class='ocr_line' id='line_1_53' title="bbox 2085 2178 3732 2250; baseline 0.005 -18"><span class='ocrx_word' id='word_1_404' title='bbox 2085 2179 2254 2232; x_wconf 92' lang='lat' dir='ltr'>dictis</span> <span class='ocrx_word' id='word_1_405' title='bbox 2304 2178 2632 2234; x_wconf 88' lang='lat' dir='ltr'>sancietis?</span> <span class='ocrx_word' id='word_1_406' title='bbox 2663 2179 2759 2250; x_wconf 90' lang='lat' dir='ltr'>qui</span> <span class='ocrx_word' id='word_1_407' title='bbox 2811 2185 3009 2250; x_wconf 87' lang='lat' dir='ltr'>aperte</span> <span class='ocrx_word' id='word_1_408' title='bbox 3059 2179 3253 2236; x_wconf 81' lang='lat' dir='ltr'>dixere</span> <span class='ocrx_word' id='word_1_409' title='bbox 3286 2222 3299 2235; x_wconf 94' lang='lat'>.</span> <span class='ocrx_word' id='word_1_410' title='bbox 3347 2204 3374 2231; x_wconf 82' lang='grc' dir='ltr'>α</span> <span class='ocrx_word' id='word_1_411' title='bbox 3411 2181 3510 2236; x_wconf 87' lang='lat' dir='ltr'>Hic</span> <span class='ocrx_word' id='word_1_412' title='bbox 3555 2183 3732 2240; x_wconf 87' lang='lat' dir='ltr'>Jesus</span> 
     </span>
    </p>
   </div>
   <div class='ocr_carea' id='block_1_54' title="bbox 2083 2267 3728 2338">
    <p class='ocr_par' dir='ltr' id='par_1_54' title="bbox 2083 2267 3728 2338">
     <span class='ocr_line' id='line_1_54' title="bbox 2083 2267 3728 2338; baseline 0.004 -18"><span class='ocrx_word' id='word_1_413' title='bbox 2083 2267 2180 2336; x_wconf 92' lang='lat' dir='ltr'>qui</span> <span class='ocrx_word' id='word_1_414' title='bbox 2229 2271 2573 2338; x_wconf 88' lang='lat' dir='ltr'>assumptus</span> <span class='ocrx_word' id='word_1_415' title='bbox 2629 2272 2717 2322; x_wconf 91' lang='lat' dir='ltr'>est</span> <span class='ocrx_word' id='word_1_416' title='bbox 2747 2284 2780 2322; x_wconf 88' lang='lat' dir='ltr'>a</span> <span class='ocrx_word' id='word_1_417' title='bbox 2811 2267 2974 2322; x_wconf 82' lang='lat' dir='ltr'>vobis</span> <span class='ocrx_word' id='word_1_418' title='bbox 3025 2267 3083 2322; x_wconf 92' lang='lat' dir='ltr'>in</span> <span class='ocrx_word' id='word_1_419' title='bbox 3133 2267 3368 2335; x_wconf 70' lang='lat' dir='ltr'>coelum,</span> <span class='ocrx_word' id='word_1_420' title='bbox 3401 2270 3485 2325; x_wconf 88' lang='lat' dir='ltr'>sic</span> <span class='ocrx_word' id='word_1_421' title='bbox 3516 2271 3728 2338; x_wconf 88' lang='lat' dir='ltr'>veniet,</span> 
     </span>
    </p>
   </div>
   <div class='ocr_carea' id='block_1_55' title="bbox 2080 2355 3729 2425">
    <p class='ocr_par' dir='ltr' id='par_1_55' title="bbox 2080 2355 3729 2425">
     <span class='ocr_line' id='line_1_55' title="bbox 2080 2355 3729 2425; baseline 0.001 -17"><span class='ocrx_word' id='word_1_422' title='bbox 2080 2357 2577 2425; x_wconf 89' lang='lat' dir='ltr'>quemadmodum</span> <span class='ocrx_word' id='word_1_423' title='bbox 2611 2355 2838 2410; x_wconf 87' lang='lat' dir='ltr'>vidistis</span> <span class='ocrx_word' id='word_1_424' title='bbox 2868 2373 3001 2410; x_wconf 89' lang='lat' dir='ltr'>eum</span> <span class='ocrx_word' id='word_1_425' title='bbox 3034 2362 3268 2411; x_wconf 89' lang='lat' dir='ltr'>euntem</span> <span class='ocrx_word' id='word_1_426' title='bbox 3301 2357 3360 2412; x_wconf 93' lang='lat' dir='ltr'>in</span> <span class='ocrx_word' id='word_1_427' title='bbox 3393 2357 3602 2414; x_wconf 72' lang='lat' dir='ltr'>coelum</span> <span class='ocrx_word' id='word_1_428' title='bbox 3635 2361 3675 2415; x_wconf 87' lang='grc'>⁷.</span> <span class='ocrx_word' id='word_1_429' title='bbox 3701 2383 3729 2410; x_wconf 80' lang='lat' dir='ltr'>n</span> 
     </span>
    </p>
   </div>
   <div class='ocr_carea' id='block_1_56' title="bbox 2079 2443 3727 2518">
    <p class='ocr_par' dir='ltr' id='par_1_56' title="bbox 2079 2443 3727 2518">
     <span class='ocr_line' id='line_1_56' title="bbox 2079 2443 3727 2518; baseline 0.005 -22"><span class='ocrx_word' id='word_1_430' title='bbox 2079 2443 2284 2497; x_wconf 91' lang='lat' dir='ltr'>Omnia</span> <span class='ocrx_word' id='word_1_431' title='bbox 2334 2445 2403 2498; x_wconf 93' lang='lat' dir='ltr'>ad</span> <span class='ocrx_word' id='word_1_432' title='bbox 2455 2443 2903 2515; x_wconf 83' lang='lat' dir='ltr'>signiﬁcandam</span> <span class='ocrx_word' id='word_1_433' title='bbox 2953 2461 3185 2499; x_wconf 88' lang='lat' dir='ltr'>carnem</span> <span class='ocrx_word' id='word_1_434' title='bbox 3238 2447 3365 2516; x_wconf 87' lang='lat' dir='ltr'>ejus</span> <span class='ocrx_word' id='word_1_435' title='bbox 3415 2446 3514 2518; x_wconf 90' lang='lat' dir='ltr'>qui</span> <span class='ocrx_word' id='word_1_436' title='bbox 3570 2465 3727 2505; x_wconf 90' lang='lat' dir='ltr'>nunc</span> 
     </span>
    </p>
   </div>
   <div class='ocr_carea' id='block_1_57' title="bbox 2075 2531 3723 2607">
    <p class='ocr_par' dir='ltr' id='par_1_57' title="bbox 2075 2531 3723 2607">
     <span class='ocr_line' id='line_1_57' title="bbox 2075 2531 3723 2607; baseline 0.005 -23"><span class='ocrx_word' id='word_1_437' title='bbox 2075 2532 2313 2601; x_wconf 90' lang='lat' dir='ltr'>quidem</span> <span class='ocrx_word' id='word_1_438' title='bbox 2347 2531 2461 2597; x_wconf 91' lang='lat' dir='ltr'>hic,</span> <span class='ocrx_word' id='word_1_439' title='bbox 2497 2549 2650 2586; x_wconf 89' lang='lat' dir='ltr'>nunc</span> <span class='ocrx_word' id='word_1_440' title='bbox 2696 2549 2828 2586; x_wconf 89' lang='lat' dir='ltr'>vero</span> <span class='ocrx_word' id='word_1_441' title='bbox 2861 2532 2952 2586; x_wconf 91' lang='lat' dir='ltr'>hic</span> <span class='ocrx_word' id='word_1_442' title='bbox 2984 2532 3146 2588; x_wconf 87' lang='lat' dir='ltr'>visus</span> <span class='ocrx_word' id='word_1_443' title='bbox 3184 2539 3273 2589; x_wconf 91' lang='lat' dir='ltr'>est</span> <span class='ocrx_word' id='word_1_444' title='bbox 3306 2550 3317 2589; x_wconf 93' lang='lat'>:</span> <span class='ocrx_word' id='word_1_445' title='bbox 3352 2551 3526 2606; x_wconf 90' lang='lat' dir='ltr'>quem</span> <span class='ocrx_word' id='word_1_446' title='bbox 3562 2536 3723 2607; x_wconf 90' lang='lat' dir='ltr'>prius</span> 
     </span>
    </p>
   </div>
   <div class='ocr_carea' id='block_1_58' title="bbox 2074 2620 3721 2694">
    <p class='ocr_par' dir='ltr' id='par_1_58' title="bbox 2074 2620 3721 2694">
     <span class='ocr_line' id='line_1_58' title="bbox 2074 2620 3721 2694; baseline 0.005 -21"><span class='ocrx_word' id='word_1_447' title='bbox 2074 2621 2325 2690; x_wconf 90' lang='lat' dir='ltr'>vidistis,</span> <span class='ocrx_word' id='word_1_448' title='bbox 2360 2621 2550 2676; x_wconf 89' lang='lat' dir='ltr'>carnis</span> <span class='ocrx_word' id='word_1_449' title='bbox 2598 2621 2866 2676; x_wconf 90' lang='lat' dir='ltr'>videlicet</span> <span class='ocrx_word' id='word_1_450' title='bbox 2895 2620 3098 2676; x_wconf 90' lang='lat' dir='ltr'>oculis.</span> <span class='ocrx_word' id='word_1_451' title='bbox 3133 2623 3267 2688; x_wconf 62' lang='lat' dir='ltr'>Qua;</span> <span class='ocrx_word' id='word_1_452' title='bbox 3299 2624 3399 2694; x_wconf 90' lang='lat' dir='ltr'>qui</span> <span class='ocrx_word' id='word_1_453' title='bbox 3443 2623 3551 2680; x_wconf 86' lang='lat' dir='ltr'>hoc</span> <span class='ocrx_word' id='word_1_454' title='bbox 3582 2641 3721 2680; x_wconf 91' lang='lat' dir='ltr'>sen-</span> 
     </span>
    </p>
   </div>
   <div class='ocr_carea' id='block_1_59' title="bbox 2071 2710 3718 2784">
    <p class='ocr_par' dir='ltr' id='par_1_59' title="bbox 2071 2710 3718 2784">
     <span class='ocr_line' id='line_1_59' title="bbox 2071 2710 3718 2784; baseline 0.003 -20"><span class='ocrx_word' id='word_1_455' title='bbox 2071 2727 2136 2764; x_wconf 90' lang='lat' dir='ltr'>su</span> <span class='ocrx_word' id='word_1_456' title='bbox 2176 2727 2287 2765; x_wconf 91' lang='lat' dir='ltr'>non</span> <span class='ocrx_word' id='word_1_457' title='bbox 2339 2710 2565 2782; x_wconf 87' lang='lat' dir='ltr'>accipit,</span> <span class='ocrx_word' id='word_1_458' title='bbox 2602 2711 2649 2765; x_wconf 89' lang='lat' dir='ltr'>is</span> <span class='ocrx_word' id='word_1_459' title='bbox 2682 2727 2795 2765; x_wconf 93' lang='lat' dir='ltr'>non</span> <span class='ocrx_word' id='word_1_460' title='bbox 2846 2710 3070 2782; x_wconf 90' lang='lat' dir='ltr'>angelis</span> <span class='ocrx_word' id='word_1_461' title='bbox 3101 2711 3291 2766; x_wconf 91' lang='lat' dir='ltr'>solum</span> <span class='ocrx_word' id='word_1_462' title='bbox 3343 2713 3718 2784; x_wconf 87' lang='lat' dir='ltr'>adversatur,</span> 
     </span>
    </p>
   </div>
   <div class='ocr_carea' id='block_1_60' title="bbox 2071 2799 3715 2874">
    <p class='ocr_par' dir='ltr' id='par_1_60' title="bbox 2071 2799 3715 2874">
     <span class='ocr_line' id='line_1_60' title="bbox 2071 2799 3715 2874; baseline 0.003 -21"><span class='ocrx_word' id='word_1_463' title='bbox 2071 2800 2168 2853; x_wconf 83' lang='lat' dir='ltr'>sed</span> <span class='ocrx_word' id='word_1_464' title='bbox 2203 2801 2385 2855; x_wconf 88' lang='lat' dir='ltr'>sacris</span> <span class='ocrx_word' id='word_1_465' title='bbox 2432 2799 2604 2855; x_wconf 89' lang='lat' dir='ltr'>etiam</span> <span class='ocrx_word' id='word_1_466' title='bbox 2637 2799 2902 2870; x_wconf 62' lang='lat' dir='ltr'>Spiritus</span> <span class='ocrx_word' id='word_1_467' title='bbox 2951 2800 3137 2855; x_wconf 89' lang='lat' dir='ltr'>sancti</span> <span class='ocrx_word' id='word_1_468' title='bbox 3168 2801 3359 2856; x_wconf 89' lang='lat' dir='ltr'>verbis</span> <span class='ocrx_word' id='word_1_469' title='bbox 3408 2809 3715 2874; x_wconf 83' lang='lat' dir='ltr'>repugnat.</span> 
     </span>
    </p>
   </div>
   <div class='ocr_carea' id='block_1_61' title="bbox 2069 2889 3715 2961">
    <p class='ocr_par' dir='ltr' id='par_1_61' title="bbox 2069 2889 3715 2961">
     <span class='ocr_line' id='line_1_61' title="bbox 2069 2889 3715 2961; baseline 0.003 -19"><span class='ocrx_word' id='word_1_470' title='bbox 2069 2889 2367 2954; x_wconf 90' lang='lat' dir='ltr'>Quomodo</span> <span class='ocrx_word' id='word_1_471' title='bbox 2399 2889 2689 2961; x_wconf 85' lang='lat' dir='ltr'>supplicat</span> <span class='ocrx_word' id='word_1_472' title='bbox 2719 2889 2874 2945; x_wconf 71' lang='grc'>514</span> <span class='ocrx_word' id='word_1_473' title='bbox 2907 2906 3008 2960; x_wconf 89' lang='lat' dir='ltr'>pro</span> <span class='ocrx_word' id='word_1_474' title='bbox 3041 2889 3208 2945; x_wconf 88' lang='lat' dir='ltr'>nobis</span> <span class='ocrx_word' id='word_1_475' title='bbox 3242 2890 3526 2947; x_wconf 89' lang='lat' dir='ltr'>Dominus</span> <span class='ocrx_word' id='word_1_476' title='bbox 3553 2893 3715 2948; x_wconf 89' lang='lat' dir='ltr'>Chri-</span> 
     </span>
    </p>
   </div>
   <div class='ocr_carea' id='block_1_62' title="bbox 2065 2977 3713 3052">
    <p class='ocr_par' dir='ltr' id='par_1_62' title="bbox 2065 2977 3713 3052">
     <span class='ocr_line' id='line_1_62' title="bbox 2065 2977 3713 3052; baseline 0.002 -19"><span class='ocrx_word' id='word_1_477' title='bbox 2065 2978 2239 3033; x_wconf 87' lang='lat' dir='ltr'>stus?</span> <span class='ocrx_word' id='word_1_478' title='bbox 2271 2978 2534 3047; x_wconf 90' lang='lat' dir='ltr'>nunquid</span> <span class='ocrx_word' id='word_1_479' title='bbox 2573 2983 2636 3032; x_wconf 92' lang='lat' dir='ltr'>ut</span> <span class='ocrx_word' id='word_1_480' title='bbox 2669 2977 2920 3032; x_wconf 88' lang='lat' dir='ltr'>Verbum</span> <span class='ocrx_word' id='word_1_481' title='bbox 2958 2983 3184 3033; x_wconf 90' lang='lat' dir='ltr'>tantum</span> <span class='ocrx_word' id='word_1_482' title='bbox 3211 2978 3238 3032; x_wconf 81' lang='lat'><strong>?</strong></span> <span class='ocrx_word' id='word_1_483' title='bbox 3267 2978 3373 3034; x_wconf 90' lang='lat' dir='ltr'>Ubi</span> <span class='ocrx_word' id='word_1_484' title='bbox 3405 2979 3585 3052; x_wconf 77' lang='lat' dir='ltr'>igitur</span> <span class='ocrx_word' id='word_1_485' title='bbox 3606 2998 3713 3052; x_wconf 87' lang='lat' dir='ltr'>par</span> 
     </span>
    </p>
   </div>
   <div class='ocr_carea' id='block_1_63' title="bbox 2065 3066 3712 3138">
    <p class='ocr_par' dir='ltr' id='par_1_63' title="bbox 2065 3066 3712 3138">
     <span class='ocr_line' id='line_1_63' title="bbox 2065 3066 3712 3138; baseline 0.003 -17"><span class='ocrx_word' id='word_1_486' title='bbox 2065 3069 2191 3138; x_wconf 85' lang='lat' dir='ltr'>ejus</span> <span class='ocrx_word' id='word_1_487' title='bbox 2223 3084 2355 3122; x_wconf 91' lang='lat' dir='ltr'>cum</span> <span class='ocrx_word' id='word_1_488' title='bbox 2408 3067 2572 3121; x_wconf 89' lang='lat' dir='ltr'>Patre</span> <span class='ocrx_word' id='word_1_489' title='bbox 2622 3066 2806 3122; x_wconf 89' lang='lat' dir='ltr'>honor</span> <span class='ocrx_word' id='word_1_490' title='bbox 2854 3072 2910 3121; x_wconf 93' lang='lat' dir='ltr'>et</span> <span class='ocrx_word' id='word_1_491' title='bbox 2958 3069 3238 3138; x_wconf 88' lang='lat' dir='ltr'>majestas</span> <span class='ocrx_word' id='word_1_492' title='bbox 3267 3088 3281 3137; x_wconf 68' lang='grc' dir='ltr'>ς</span> <span class='ocrx_word' id='word_1_493' title='bbox 3313 3068 3606 3138; x_wconf 90' lang='lat' dir='ltr'>siquidem</span> <span class='ocrx_word' id='word_1_494' title='bbox 3660 3069 3712 3127; x_wconf 87' lang='lat' dir='ltr'>is</span> 
     </span>
    </p>
   </div>
   <div class='ocr_carea' id='block_1_64' title="bbox 2063 3155 3713 3228">
    <p class='ocr_par' dir='ltr' id='par_1_64' title="bbox 2063 3155 3713 3228">
     <span class='ocr_line' id='line_1_64' title="bbox 2063 3155 3713 3228; baseline 0.003 -18"><span class='ocrx_word' id='word_1_495' title='bbox 2063 3155 2356 3228; x_wconf 88' lang='lat' dir='ltr'>supplicat</span> <span class='ocrx_word' id='word_1_496' title='bbox 2388 3159 2449 3209; x_wconf 81' lang='lat' dir='ltr'>ut</span> <span class='ocrx_word' id='word_1_497' title='bbox 2498 3155 2870 3226; x_wconf 78' lang='lat' dir='ltr'>indigentior,</span> <span class='ocrx_word' id='word_1_498' title='bbox 2905 3172 3020 3210; x_wconf 89' lang='lat' dir='ltr'>non</span> <span class='ocrx_word' id='word_1_499' title='bbox 3053 3159 3115 3211; x_wconf 92' lang='lat' dir='ltr'>ut</span> <span class='ocrx_word' id='word_1_500' title='bbox 3161 3155 3446 3228; x_wconf 75' lang='lat' dir='ltr'>aequalem</span> <span class='ocrx_word' id='word_1_501' title='bbox 3487 3157 3713 3215; x_wconf 87' lang='lat' dir='ltr'>habens</span> 
     </span>
    </p>
   </div>
   <div class='ocr_carea' id='block_1_65' title="bbox 2065 3244 3713 3316">
    <p class='ocr_par' dir='ltr' id='par_1_65' title="bbox 2065 3244 3713 3316">
     <span class='ocr_line' id='line_1_65' title="bbox 2065 3244 3713 3316; baseline 0.002 -18"><span class='ocrx_word' id='word_1_502' title='bbox 2065 3244 2573 3316; x_wconf 87' lang='lat' dir='ltr'>omnipotentiam,</span> <span class='ocrx_word' id='word_1_503' title='bbox 2606 3261 2737 3298; x_wconf 93' lang='lat' dir='ltr'>cum</span> <span class='ocrx_word' id='word_1_504' title='bbox 2791 3245 3139 3299; x_wconf 89' lang='lat' dir='ltr'>auctoritate</span> <span class='ocrx_word' id='word_1_505' title='bbox 3185 3245 3505 3315; x_wconf 80' lang='lat' dir='ltr'>operatur?</span> <span class='ocrx_word' id='word_1_506' title='bbox 3529 3246 3713 3301; x_wconf 90' lang='lat' dir='ltr'>Nimi-</span> 
     </span>
    </p>
   </div>
   <div class='ocr_carea' id='block_1_66' title="bbox 310 3319 1968 3409">
    <p class='ocr_par' dir='ltr' id='par_1_66' title="bbox 310 3319 1958 3409">
     <span class='ocr_line' id='line_1_66' title="bbox 310 3319 1958 3409; baseline -0.002 -21"><span class='ocrx_word' id='word_1_507' title='bbox 310 3332 362 3388; x_wconf 80' lang='grc' dir='ltr'>ἐν</span> <span class='ocrx_word' id='word_1_508' title='bbox 411 3330 604 3409; x_wconf 85' lang='grc' dir='ltr'>ἀνδρί;</span> <span class='ocrx_word' id='word_1_509' title='bbox 660 3334 733 3405; x_wconf 80' lang='grc' dir='ltr'>μή</span> <span class='ocrx_word' id='word_1_510' title='bbox 783 3333 881 3388; x_wconf 77' lang='grc' dir='ltr'>οὐκ</span> <span class='ocrx_word' id='word_1_511' title='bbox 929 3330 1092 3402; x_wconf 78' lang='grc' dir='ltr'>ἔδειξε</span> <span class='ocrx_word' id='word_1_512' title='bbox 1139 3319 1239 3385; x_wconf 87' lang='grc' dir='ltr'>τὸν</span> <span class='ocrx_word' id='word_1_513' title='bbox 1265 3330 1542 3407; x_wconf 78' lang='grc' dir='ltr'>ἐγείροντα</span> <span class='ocrx_word' id='word_1_514' title='bbox 1591 3330 1716 3386; x_wconf 86' lang='grc' dir='ltr'>Θεὸν</span> <span class='ocrx_word' id='word_1_515' title='bbox 1750 3331 1837 3385; x_wconf 80' lang='grc' dir='ltr'>καὶ</span> <span class='ocrx_word' id='word_1_516' title='bbox 1866 3330 1958 3384; x_wconf 87' lang='grc' dir='ltr'>τὸν</span> 
     </span>
    </p>
   </div>
   <div class='ocr_carea' id='block_1_67' title="bbox 2081 3319 3715 3409">
    <p class='ocr_par' dir='ltr' id='par_1_67' title="bbox 2081 3332 3715 3404">
     <span class='ocr_line' id='line_1_67' title="bbox 2081 3332 3715 3404; baseline 0.002 -16"><span class='ocrx_word' id='word_1_517' title='bbox 2081 3351 2200 3388; x_wconf 87' lang='lat' dir='ltr'>rum</span> <span class='ocrx_word' id='word_1_518' title='bbox 2234 3333 2318 3388; x_wconf 88' lang='lat' dir='ltr'>sic</span> <span class='ocrx_word' id='word_1_519' title='bbox 2349 3332 2455 3388; x_wconf 92' lang='lat' dir='ltr'>hoc</span> <span class='ocrx_word' id='word_1_520' title='bbox 2488 3333 2890 3404; x_wconf 85' lang='lat' dir='ltr'>accipiendum</span> <span class='ocrx_word' id='word_1_521' title='bbox 2922 3333 3326 3404; x_wconf 87' lang='lat' dir='ltr'>est,primitias</span> <span class='ocrx_word' id='word_1_522' title='bbox 3359 3333 3715 3391; x_wconf 87' lang='lat' dir='ltr'>intercedere</span> 
     </span>
    </p>
   </div>
   <div class='ocr_carea' id='block_1_68' title="bbox 311 3417 1958 3497">
    <p class='ocr_par' dir='ltr' id='par_1_68' title="bbox 311 3417 1958 3497">
     <span class='ocr_line' id='line_1_68' title="bbox 311 3417 1958 3497; baseline -0.001 -22"><span class='ocrx_word' id='word_1_523' title='bbox 311 3423 604 3477; x_wconf 80' lang='grc' dir='ltr'>ἀναστάντα</span> <span class='ocrx_word' id='word_1_524' title='bbox 632 3419 835 3494; x_wconf 54' lang='lat' dir='ltr'>iii/891;</span> <span class='ocrx_word' id='word_1_525' title='bbox 871 3420 1028 3477; x_wconf 86' lang='grc' dir='ltr'>Ἀλλ’</span> <span class='ocrx_word' id='word_1_526' title='bbox 1082 3421 1126 3476; x_wconf 85' lang='grc' dir='ltr'>εἰ</span> <span class='ocrx_word' id='word_1_527' title='bbox 1159 3422 1249 3475; x_wconf 86' lang='grc' dir='ltr'>καὶ</span> <span class='ocrx_word' id='word_1_528' title='bbox 1279 3421 1340 3475; x_wconf 89' lang='grc' dir='ltr'>τὸ</span> <span class='ocrx_word' id='word_1_529' title='bbox 1371 3417 1628 3497; x_wconf 82' lang='grc' dir='ltr'>διάφορον</span> <span class='ocrx_word' id='word_1_530' title='bbox 1673 3417 1857 3490; x_wconf 76' lang='grc' dir='ltr'>ἔδειξε,</span> <span class='ocrx_word' id='word_1_531' title='bbox 1896 3420 1958 3474; x_wconf 91' lang='grc' dir='ltr'>τὸ</span> 
     </span>
    </p>
   </div>
   <div class='ocr_carea' id='block_1_69' title="bbox 307 3509 1958 3588">
    <p class='ocr_par' dir='ltr' id='par_1_69' title="bbox 307 3509 1958 3588">
     <span class='ocr_line' id='line_1_69' title="bbox 307 3509 1958 3588; baseline -0.001 -24"><span class='ocrx_word' id='word_1_532' title='bbox 307 3511 616 3588; x_wconf 80' lang='grc' dir='ltr'>ἀχώριστον</span> <span class='ocrx_word' id='word_1_533' title='bbox 651 3512 712 3566; x_wconf 82' lang='grc' dir='ltr'>οὐ</span> <span class='ocrx_word' id='word_1_534' title='bbox 763 3510 1082 3585; x_wconf 83' lang='grc' dir='ltr'>παρέλιπεν.</span> <span class='ocrx_word' id='word_1_535' title='bbox 1135 3510 1207 3563; x_wconf 82' lang='grc' dir='ltr'>Οὐ</span> <span class='ocrx_word' id='word_1_536' title='bbox 1257 3510 1358 3584; x_wconf 74' lang='grc' dir='ltr'>γὰρ</span> <span class='ocrx_word' id='word_1_537' title='bbox 1392 3509 1508 3564; x_wconf 79' lang='grc' dir='ltr'>εἶπε</span> <span class='ocrx_word' id='word_1_538' title='bbox 1539 3509 1666 3563; x_wconf 86' lang='grc' dir='ltr'>Θεὸν</span> <span class='ocrx_word' id='word_1_539' title='bbox 1705 3509 1837 3582; x_wconf 83' lang='grc' dir='ltr'>μετά</span> <span class='ocrx_word' id='word_1_540' title='bbox 1868 3510 1958 3563; x_wconf 85' lang='grc' dir='ltr'>ἆν-</span> 
     </span>
    </p>
   </div>
   <div class='ocr_carea' id='block_1_70' title="bbox 306 3595 1958 3674">
    <p class='ocr_par' dir='ltr' id='par_1_70' title="bbox 306 3595 1958 3674">
     <span class='ocr_line' id='line_1_70' title="bbox 306 3595 1958 3674; baseline -0.001 -20"><span class='ocrx_word' id='word_1_541' title='bbox 306 3597 450 3674; x_wconf 83' lang='grc' dir='ltr'>δρὸς,</span> <span class='ocrx_word' id='word_1_542' title='bbox 487 3598 631 3656; x_wconf 83' lang='grc' dir='ltr'>ἀλλά</span> <span class='ocrx_word' id='word_1_543' title='bbox 689 3601 815 3655; x_wconf 88' lang='grc' dir='ltr'>Θεὸν</span> <span class='ocrx_word' id='word_1_544' title='bbox 877 3600 928 3654; x_wconf 78' lang='grc' dir='ltr'>έν</span> <span class='ocrx_word' id='word_1_545' title='bbox 979 3596 1149 3672; x_wconf 88' lang='grc' dir='ltr'>ἀνδρί.</span> <span class='ocrx_word' id='word_1_546' title='bbox 1205 3603 1325 3660; x_wconf 90' lang='grc' dir='ltr'>Πῶς</span> <span class='ocrx_word' id='word_1_547' title='bbox 1362 3595 1420 3652; x_wconf 74' lang='grc' dir='ltr'>δὲ</span> <span class='ocrx_word' id='word_1_548' title='bbox 1467 3599 1735 3670; x_wconf 87' lang='grc' dir='ltr'>νοήσομεν</span> <span class='ocrx_word' id='word_1_549' title='bbox 1778 3598 1864 3652; x_wconf 81' lang='grc' dir='ltr'>καὶ</span> <span class='ocrx_word' id='word_1_550' title='bbox 1896 3598 1958 3652; x_wconf 87' lang='grc' dir='ltr'>τὸ</span> 
     </span>
    </p>
   </div>
   <div class='ocr_carea' id='block_1_71' title="bbox 305 3687 1956 3762">
    <p class='ocr_par' dir='ltr' id='par_1_71' title="bbox 305 3687 1956 3762">
     <span class='ocr_line' id='line_1_71' title="bbox 305 3687 1956 3762; baseline -0.001 -20"><span class='ocrx_word' id='word_1_551' title='bbox 305 3714 332 3740; x_wconf 70' lang='grc' dir='ltr'>(ι</span> <span class='ocrx_word' id='word_1_552' title='bbox 370 3692 632 3744; x_wconf 71' lang='grc' dir='ltr'>“¹(ί)ὼονται</span> <span class='ocrx_word' id='word_1_553' title='bbox 659 3689 733 3750; x_wconf 81' lang='grc' dir='ltr'>εἰς</span> <span class='ocrx_word' id='word_1_554' title='bbox 783 3687 840 3743; x_wconf 80' lang='grc' dir='ltr'>δν</span> <span class='ocrx_word' id='word_1_555' title='bbox 895 3688 1261 3758; x_wconf 76' lang='grc' dir='ltr'>ἐξεκέντησαν,</span> <span class='ocrx_word' id='word_1_556' title='bbox 1296 3711 1322 3738; x_wconf 84' lang='grc'><strong>››</strong></span> <span class='ocrx_word' id='word_1_557' title='bbox 1358 3687 1404 3740; x_wconf 73' lang='grc' dir='ltr'>εἶ’</span> <span class='ocrx_word' id='word_1_558' title='bbox 1436 3688 1510 3760; x_wconf 78' lang='grc' dir='ltr'>μὴ</span> <span class='ocrx_word' id='word_1_559' title='bbox 1543 3693 1642 3755; x_wconf 81' lang='grc' dir='ltr'>τῆς</span> <span class='ocrx_word' id='word_1_560' title='bbox 1677 3687 1873 3762; x_wconf 86' lang='grc' dir='ltr'>σαρκὸς</span> <span class='ocrx_word' id='word_1_561' title='bbox 1922 3689 1956 3756; x_wconf 79' lang='grc' dir='ltr'><strong>ἡ</strong></span> 
     </span>
    </p>
   </div>
   <div class='ocr_carea' id='block_1_72' title="bbox 305 3773 1960 3855">
    <p class='ocr_par' dir='ltr' id='par_1_72' title="bbox 305 3773 1960 3855">
     <span class='ocr_line' id='line_1_72' title="bbox 305 3773 1960 3855; baseline -0.002 -23"><span class='ocrx_word' id='word_1_562' title='bbox 305 3778 546 3855; x_wconf 80' lang='grc' dir='ltr'>φύσις,</span> <span class='ocrx_word' id='word_1_563' title='bbox 581 3776 842 3851; x_wconf 79' lang='grc' dir='ltr'>δεξαμένη</span> <span class='ocrx_word' id='word_1_564' title='bbox 880 3777 1002 3840; x_wconf 67' lang='grc' dir='ltr'>τοὺς</span> <span class='ocrx_word' id='word_1_565' title='bbox 1037 3775 1230 3846; x_wconf 69' lang='grc' dir='ltr'>ἥλους,</span> <span class='ocrx_word' id='word_1_566' title='bbox 1280 3775 1416 3844; x_wconf 76' lang='grc' dir='ltr'>αὐτὴ</span> <span class='ocrx_word' id='word_1_567' title='bbox 1469 3781 1649 3853; x_wconf 88' lang='grc' dir='ltr'>σαφῶς</span> <span class='ocrx_word' id='word_1_568' title='bbox 1705 3773 1960 3850; x_wconf 78' lang='grc' dir='ltr'>ἀποδείξῃ</span> 
     </span>
    </p>
   </div>
   <div class='ocr_carea' id='block_1_73' title="bbox 303 3860 1959 3942">
    <p class='ocr_par' dir='ltr' id='par_1_73' title="bbox 303 3860 1959 3942">
     <span class='ocr_line' id='line_1_73' title="bbox 303 3860 1959 3942; baseline -0.002 -20"><span class='ocrx_word' id='word_1_569' title='bbox 303 3867 432 3929; x_wconf 70' lang='grc' dir='ltr'>τοὺς</span> <span class='ocrx_word' id='word_1_570' title='bbox 483 3868 722 3935; x_wconf 75' lang='grc' dir='ltr'>τύπουςς</span> <span class='ocrx_word' id='word_1_571' title='bbox 779 3867 851 3921; x_wconf 81' lang='grc' dir='ltr'>Ού</span> <span class='ocrx_word' id='word_1_572' title='bbox 891 3869 990 3942; x_wconf 71' lang='grc' dir='ltr'>γὰρ</span> <span class='ocrx_word' id='word_1_573' title='bbox 1024 3865 1279 3934; x_wconf 86' lang='grc' dir='ltr'>θεότητος</span> <span class='ocrx_word' id='word_1_574' title='bbox 1315 3865 1470 3919; x_wconf 71' lang='grc' dir='ltr'>οὐσία</span> <span class='ocrx_word' id='word_1_575' title='bbox 1518 3867 1552 3933; x_wconf 81' lang='grc' dir='ltr'>ἡ</span> <span class='ocrx_word' id='word_1_576' title='bbox 1587 3860 1815 3936; x_wconf 78' lang='grc' dir='ltr'>ἀόρατος</span> <span class='ocrx_word' id='word_1_577' title='bbox 1871 3865 1959 3918; x_wconf 81' lang='grc' dir='ltr'>καὶ</span> 
     </span>
    </p>
   </div>
   <div class='ocr_carea' id='block_1_74' title="bbox 306 3951 1957 4034">
    <p class='ocr_par' dir='ltr' id='par_1_74' title="bbox 306 3951 1957 4034">
     <span class='ocr_line' id='line_1_74' title="bbox 306 3951 1957 4034; baseline -0.002 -24"><span class='ocrx_word' id='word_1_578' title='bbox 306 3956 584 4034; x_wconf 82' lang='grc' dir='ltr'>ἀνεπαφής</span> <span class='ocrx_word' id='word_1_579' title='bbox 609 3955 741 4032; x_wconf 66' lang='grc' dir='ltr'>⁹ίχνη</span> <span class='ocrx_word' id='word_1_580' title='bbox 775 3953 999 4011; x_wconf 90' lang='grc' dir='ltr'>πολλῶν</span> <span class='ocrx_word' id='word_1_581' title='bbox 1035 3953 1110 4016; x_wconf 80' lang='grc' dir='ltr'>εἰς</span> <span class='ocrx_word' id='word_1_582' title='bbox 1145 3953 1373 4029; x_wconf 76' lang='grc' dir='ltr'>ἔλεγχον</span> <span class='ocrx_word' id='word_1_583' title='bbox 1411 3953 1748 4030; x_wconf 82' lang='grc' dir='ltr'>ἐπιφέρεσθαι</span> <span class='ocrx_word' id='word_1_584' title='bbox 1781 3951 1957 4025; x_wconf 69' lang='grc' dir='ltr'>ἤμελ-</span> 
     </span>
    </p>
   </div>
   <div class='ocr_carea' id='block_1_75' title="bbox 311 4041 1960 4119">
    <p class='ocr_par' dir='ltr' id='par_1_75' title="bbox 311 4041 1960 4119">
     <span class='ocr_line' id='line_1_75' title="bbox 311 4041 1960 4119; baseline -0.004 -18"><span class='ocrx_word' id='word_1_585' title='bbox 311 4044 417 4101; x_wconf 88' lang='grc' dir='ltr'>λεν·</span> <span class='ocrx_word' id='word_1_586' title='bbox 453 4045 578 4101; x_wconf 90' lang='grc' dir='ltr'>ἀλλ’</span> <span class='ocrx_word' id='word_1_587' title='bbox 676 4045 733 4100; x_wconf 87' lang='grc' dir='ltr'>ἐκ</span> <span class='ocrx_word' id='word_1_588' title='bbox 762 4049 858 4100; x_wconf 79' lang='grc' dir='ltr'>τοῦ</span> <span class='ocrx_word' id='word_1_589' title='bbox 888 4047 1135 4113; x_wconf 79' lang='grc' dir='ltr'>παθητοῦ</span> <span class='ocrx_word' id='word_1_590' title='bbox 1165 4042 1351 4119; x_wconf 84' lang='grc' dir='ltr'>γένους</span> <span class='ocrx_word' id='word_1_591' title='bbox 1407 4041 1675 4118; x_wconf 77' lang='grc' dir='ltr'>ληφθεῖσα</span> <span class='ocrx_word' id='word_1_592' title='bbox 1705 4042 1802 4109; x_wconf 76' lang='grc' dir='ltr'>τήν</span> <span class='ocrx_word' id='word_1_593' title='bbox 1852 4045 1960 4094; x_wconf 88' lang='grc' dir='ltr'>τῶν</span> 
     </span>
    </p>
   </div>
   <div class='ocr_carea' id='block_1_76' title="bbox 306 4130 1957 4209">
    <p class='ocr_par' dir='ltr' id='par_1_76' title="bbox 306 4130 1957 4209">
     <span class='ocr_line' id='line_1_76' title="bbox 306 4130 1957 4209; baseline -0.003 -20"><span class='ocrx_word' id='word_1_594' title='bbox 306 4130 658 4204; x_wconf 63' lang='grc' dir='ltr'>ἠσεϐηκότων</span> <span class='ocrx_word' id='word_1_595' title='bbox 688 4132 888 4209; x_wconf 79' lang='grc' dir='ltr'>ἐλέγξει</span> <span class='ocrx_word' id='word_1_596' title='bbox 911 4131 1270 4207; x_wconf 87' lang='grc' dir='ltr'>παρανομίαν.</span> <span class='ocrx_word' id='word_1_597' title='bbox 1305 4131 1588 4205; x_wconf 76' lang='grc' dir='ltr'>γνωρίζειν</span> <span class='ocrx_word' id='word_1_598' title='bbox 1622 4132 1957 4202; x_wconf 58' lang='grc' dir='ltr'>συνωθουμέ-</span> 
     </span>
    </p>
   </div>
   <div class='ocr_carea' id='block_1_77' title="bbox 304 4218 1957 4297">
    <p class='ocr_par' dir='ltr' id='par_1_77' title="bbox 304 4218 1957 4297">
     <span class='ocr_line' id='line_1_77' title="bbox 304 4218 1957 4297; baseline -0.002 -21"><span class='ocrx_word' id='word_1_599' title='bbox 304 4246 410 4277; x_wconf 88' lang='grc' dir='ltr'>νων</span> <span class='ocrx_word' id='word_1_600' title='bbox 443 4223 494 4278; x_wconf 86' lang='grc' dir='ltr'>ἐν</span> <span class='ocrx_word' id='word_1_601' title='bbox 525 4231 592 4292; x_wconf 79' lang='grc' dir='ltr'>τῆ</span> <span class='ocrx_word' id='word_1_602' title='bbox 624 4223 888 4297; x_wconf 81' lang='grc' dir='ltr'>τρωθείσῃ</span> <span class='ocrx_word' id='word_1_603' title='bbox 921 4221 1073 4296; x_wconf 82' lang='grc' dir='ltr'>σαρκὶ</span> <span class='ocrx_word' id='word_1_604' title='bbox 1105 4221 1170 4274; x_wconf 74' lang='grc' dir='ltr'>τὰ</span> <span class='ocrx_word' id='word_1_605' title='bbox 1204 4219 1377 4274; x_wconf 80' lang='grc' dir='ltr'>οἷκεῖα</span> <span class='ocrx_word' id='word_1_606' title='bbox 1407 4218 1764 4292; x_wconf 76' lang='grc' dir='ltr'>τολμήματα.</span> <span class='ocrx_word' id='word_1_607' title='bbox 1799 4218 1957 4275; x_wconf 58' lang='grc' dir='ltr'>Οὕτω</span> 
     </span>
    </p>
   </div>
   <div class='ocr_carea' id='block_1_78' title="bbox 307 4306 1956 4387">
    <p class='ocr_par' dir='ltr' id='par_1_78' title="bbox 307 4306 1956 4387">
     <span class='ocr_line' id='line_1_78' title="bbox 307 4306 1956 4387; baseline -0.003 -20"><span class='ocrx_word' id='word_1_608' title='bbox 307 4309 570 4367; x_wconf 83' lang='grc' dir='ltr'>δέδεικται</span> <span class='ocrx_word' id='word_1_609' title='bbox 601 4313 689 4366; x_wconf 78' lang='grc' dir='ltr'>καὶ</span> <span class='ocrx_word' id='word_1_610' title='bbox 718 4312 785 4366; x_wconf 76' lang='grc' dir='ltr'>τὰ</span> <span class='ocrx_word' id='word_1_611' title='bbox 818 4309 1090 4383; x_wconf 81' lang='grc' dir='ltr'>ἰδιώματα</span> <span class='ocrx_word' id='word_1_612' title='bbox 1118 4314 1225 4364; x_wconf 89' lang='grc' dir='ltr'>τῶν</span> <span class='ocrx_word' id='word_1_613' title='bbox 1262 4308 1471 4387; x_wconf 89' lang='grc' dir='ltr'>φύσεων</span> <span class='ocrx_word' id='word_1_614' title='bbox 1500 4306 1839 4386; x_wconf 75' lang='grc' dir='ltr'>διαφέροντα,</span> <span class='ocrx_word' id='word_1_615' title='bbox 1868 4310 1956 4362; x_wconf 87' lang='grc' dir='ltr'>καὶ</span> 
     </span>
    </p>
   </div>
   <div class='ocr_carea' id='block_1_79' title="bbox 304 4397 1957 4476">
    <p class='ocr_par' dir='ltr' id='par_1_79' title="bbox 304 4397 1957 4476">
     <span class='ocr_line' id='line_1_79' title="bbox 304 4397 1957 4476; baseline -0.002 -22"><span class='ocrx_word' id='word_1_616' title='bbox 304 4401 366 4454; x_wconf 90' lang='grc' dir='ltr'>τὸ</span> <span class='ocrx_word' id='word_1_617' title='bbox 397 4399 588 4476; x_wconf 82' lang='grc' dir='ltr'>κέρδος</span> <span class='ocrx_word' id='word_1_618' title='bbox 639 4408 736 4470; x_wconf 78' lang='grc' dir='ltr'>τῆς</span> <span class='ocrx_word' id='word_1_619' title='bbox 789 4400 1246 4474; x_wconf 82' lang='grc' dir='ltr'>ἐνανθρωπήσεως</span> <span class='ocrx_word' id='word_1_620' title='bbox 1305 4397 1710 4473; x_wconf 69' lang='grc' dir='ltr'>ἀναπίρρητον,</span> <span class='ocrx_word' id='word_1_621' title='bbox 1763 4397 1850 4451; x_wconf 82' lang='grc' dir='ltr'>καὶ</span> <span class='ocrx_word' id='word_1_622' title='bbox 1895 4398 1957 4451; x_wconf 88' lang='grc' dir='ltr'>τὸ</span> 
     </span>
    </p>
   </div>
   <div class='ocr_carea' id='block_1_80' title="bbox 307 4485 1958 4564">
    <p class='ocr_par' dir='ltr' id='par_1_80' title="bbox 307 4485 1958 4564">
     <span class='ocr_line' id='line_1_80' title="bbox 307 4485 1958 4564; baseline -0.003 -20"><span class='ocrx_word' id='word_1_623' title='bbox 307 4487 647 4564; x_wconf 74' lang='grc' dir='ltr'>ἐπιχείρημα</span> <span class='ocrx_word' id='word_1_624' title='bbox 701 4493 808 4542; x_wconf 87' lang='grc' dir='ltr'>τῶν</span> <span class='ocrx_word' id='word_1_625' title='bbox 865 4485 1259 4562; x_wconf 78' lang='grc' dir='ltr'>ἀντιλεγόντων</span> <span class='ocrx_word' id='word_1_626' title='bbox 1321 4487 1704 4562; x_wconf 84' lang='grc' dir='ltr'>ἀναίσχυντον,</span> <span class='ocrx_word' id='word_1_627' title='bbox 1764 4487 1852 4540; x_wconf 83' lang='grc' dir='ltr'>καὶ</span> <span class='ocrx_word' id='word_1_628' title='bbox 1897 4487 1958 4540; x_wconf 90' lang='grc' dir='ltr'>τὸ</span> 
     </span>
    </p>
   </div>
   <div class='ocr_carea' id='block_1_81' title="bbox 308 4574 1428 4650">
    <p class='ocr_par' dir='ltr' id='par_1_81' title="bbox 308 4574 1428 4650">
     <span class='ocr_line' id='line_1_81' title="bbox 308 4574 1428 4650; baseline 0.001 -20"><span class='ocrx_word' id='word_1_629' title='bbox 308 4574 526 4631; x_wconf 85' lang='grc' dir='ltr'>δννατὸν</span> <span class='ocrx_word' id='word_1_630' title='bbox 553 4585 652 4646; x_wconf 73' lang='grc' dir='ltr'>τῆς</span> <span class='ocrx_word' id='word_1_631' title='bbox 686 4576 943 4648; x_wconf 86' lang='grc' dir='ltr'>ἀληθείας</span> <span class='ocrx_word' id='word_1_632' title='bbox 978 4577 1428 4650; x_wconf 87' lang='grc' dir='ltr'>ἀκαταμάχητον.</span> 
     </span>
    </p>
   </div>
   <div class='ocr_carea' id='block_1_82' title="bbox 2071 3421 3714 3494">
    <p class='ocr_par' dir='ltr' id='par_1_82' title="bbox 2071 3421 3714 3494">
     <span class='ocr_line' id='line_1_82' title="bbox 2071 3421 3714 3494; baseline 0.001 -18"><span class='ocrx_word' id='word_1_633' title='bbox 2071 3440 2172 3494; x_wconf 90' lang='lat' dir='ltr'>pro</span> <span class='ocrx_word' id='word_1_634' title='bbox 2206 3439 2402 3476; x_wconf 82' lang='lat' dir='ltr'>massa</span> <span class='ocrx_word' id='word_1_635' title='bbox 2449 3421 2702 3493; x_wconf 87' lang='lat' dir='ltr'>propria,</span> <span class='ocrx_word' id='word_1_636' title='bbox 2735 3430 2797 3475; x_wconf 90' lang='lat' dir='ltr'>ut</span> <span class='ocrx_word' id='word_1_637' title='bbox 2828 3421 3142 3476; x_wconf 87' lang='lat' dir='ltr'>ostendant</span> <span class='ocrx_word' id='word_1_638' title='bbox 3191 3427 3412 3494; x_wconf 88' lang='lat' dir='ltr'>quanta</span> <span class='ocrx_word' id='word_1_639' title='bbox 3443 3426 3714 3478; x_wconf 86' lang='lat' dir='ltr'>naturam</span> 
     </span>
    </p>
   </div>
   <div class='ocr_carea' id='block_1_83' title="bbox 2071 3510 3714 3584">
    <p class='ocr_par' dir='ltr' id='par_1_83' title="bbox 2071 3510 3714 3584">
     <span class='ocr_line' id='line_1_83' title="bbox 2071 3510 3714 3584; baseline 0.001 -18"><span class='ocrx_word' id='word_1_640' title='bbox 2071 3511 2264 3566; x_wconf 91' lang='lat' dir='ltr'>carnis</span> <span class='ocrx_word' id='word_1_641' title='bbox 2299 3511 2731 3566; x_wconf 85' lang='lat' dir='ltr'>necessitudine</span> <span class='ocrx_word' id='word_1_642' title='bbox 2761 3510 3258 3582; x_wconf 85' lang='lat' dir='ltr'>attingant.Quem</span> <span class='ocrx_word' id='word_1_643' title='bbox 3293 3529 3426 3567; x_wconf 89' lang='lat' dir='ltr'>vero</span> <span class='ocrx_word' id='word_1_644' title='bbox 3458 3529 3574 3568; x_wconf 90' lang='lat' dir='ltr'>non</span> <span class='ocrx_word' id='word_1_645' title='bbox 3609 3529 3714 3584; x_wconf 88' lang='lat' dir='ltr'>pu-</span> 
     </span>
    </p>
   </div>
   <div class='ocr_carea' id='block_1_84' title="bbox 2068 3597 3716 3671">
    <p class='ocr_par' dir='ltr' id='par_1_84' title="bbox 2068 3597 3716 3671">
     <span class='ocr_line' id='line_1_84' title="bbox 2068 3597 3716 3671; baseline 0.002 -16"><span class='ocrx_word' id='word_1_646' title='bbox 2068 3601 2207 3655; x_wconf 92' lang='lat' dir='ltr'>dore</span> <span class='ocrx_word' id='word_1_647' title='bbox 2257 3599 2560 3655; x_wconf 78' lang='lat' dir='ltr'>suti‘undat</span> <span class='ocrx_word' id='word_1_648' title='bbox 2611 3597 2709 3653; x_wconf 88' lang='lat' dir='ltr'>illa</span> <span class='ocrx_word' id='word_1_649' title='bbox 2757 3599 3180 3671; x_wconf 87' lang='lat' dir='ltr'>sapientissimi</span> <span class='ocrx_word' id='word_1_650' title='bbox 3242 3599 3402 3655; x_wconf 87' lang='lat' dir='ltr'>Pauli</span> <span class='ocrx_word' id='word_1_651' title='bbox 3464 3601 3716 3657; x_wconf 86' lang='lat' dir='ltr'>maxime</span> 
     </span>
    </p>
   </div>
   <div class='ocr_carea' id='block_1_85' title="bbox 2071 3688 3715 3762">
    <p class='ocr_par' dir='ltr' id='par_1_85' title="bbox 2071 3688 3715 3762">
     <span class='ocr_line' id='line_1_85' title="bbox 2071 3688 3715 3762; baseline 0.001 -19"><span class='ocrx_word' id='word_1_652' title='bbox 2071 3689 2378 3762; x_wconf 87' lang='lat' dir='ltr'>perspicua</span> <span class='ocrx_word' id='word_1_653' title='bbox 2410 3688 2741 3760; x_wconf 68' lang='lat' dir='ltr'>praedicatio</span> <span class='ocrx_word' id='word_1_654' title='bbox 2763 3688 2960 3760; x_wconf 70' lang='lat' dir='ltr'>‘Iquod</span> <span class='ocrx_word' id='word_1_655' title='bbox 2998 3712 3022 3738; x_wconf 81' lang='grc'>‹‹</span> <span class='ocrx_word' id='word_1_656' title='bbox 3056 3693 3320 3761; x_wconf 89' lang='lat' dir='ltr'>tempora</span> <span class='ocrx_word' id='word_1_657' title='bbox 3349 3688 3529 3760; x_wconf 87' lang='lat' dir='ltr'>hujus</span> <span class='ocrx_word' id='word_1_658' title='bbox 3551 3689 3715 3761; x_wconf 89' lang='lat' dir='ltr'>igno-</span> 
     </span>
    </p>
   </div>
   <div class='ocr_carea' id='block_1_86' title="bbox 2069 3777 3716 3850">
    <p class='ocr_par' dir='ltr' id='par_1_86' title="bbox 2069 3777 3716 3850">
     <span class='ocr_line' id='line_1_86' title="bbox 2069 3777 3716 3850; baseline 0.001 -17"><span class='ocrx_word' id='word_1_659' title='bbox 2069 3779 2271 3834; x_wconf 78' lang='lat' dir='ltr'>rantia:</span> <span class='ocrx_word' id='word_1_660' title='bbox 2303 3778 2632 3850; x_wconf 87' lang='lat' dir='ltr'>despiciens</span> <span class='ocrx_word' id='word_1_661' title='bbox 2667 3779 2999 3846; x_wconf 84' lang='lat' dir='ltr'>Deus,nunc</span> <span class='ocrx_word' id='word_1_662' title='bbox 3033 3777 3345 3833; x_wconf 87' lang='lat' dir='ltr'>annuntiat</span> <span class='ocrx_word' id='word_1_663' title='bbox 3373 3778 3716 3834; x_wconf 88' lang='lat' dir='ltr'>hominibus</span> 
     </span>
    </p>
   </div>
   <div class='ocr_carea' id='block_1_87' title="bbox 2072 3865 3716 3939">
    <p class='ocr_par' dir='ltr' id='par_1_87' title="bbox 2072 3865 3716 3939">
     <span class='ocr_line' id='line_1_87' title="bbox 2072 3865 3716 3939; baseline 0.001 -16"><span class='ocrx_word' id='word_1_664' title='bbox 2072 3874 2132 3923; x_wconf 92' lang='lat' dir='ltr'>ut</span> <span class='ocrx_word' id='word_1_665' title='bbox 2164 3884 2366 3922; x_wconf 89' lang='lat' dir='ltr'>omnes</span> <span class='ocrx_word' id='word_1_666' title='bbox 2398 3866 2612 3938; x_wconf 84' lang='lat' dir='ltr'>ubique</span> <span class='ocrx_word' id='word_1_667' title='bbox 2648 3865 3049 3938; x_wconf 72' lang='lat' dir='ltr'>paenitentiam</span> <span class='ocrx_word' id='word_1_668' title='bbox 3084 3871 3281 3939; x_wconf 85' lang='lat' dir='ltr'>agant,</span> <span class='ocrx_word' id='word_1_669' title='bbox 3313 3885 3378 3922; x_wconf 86' lang='lat' dir='ltr'>eo</span> <span class='ocrx_word' id='word_1_670' title='bbox 3411 3868 3561 3938; x_wconf 85' lang='lat' dir='ltr'>quod</span> <span class='ocrx_word' id='word_1_671' title='bbox 3595 3873 3716 3926; x_wconf 89' lang='lat' dir='ltr'>sta-</span> 
     </span>
    </p>
   </div>
   <div class='ocr_carea' id='block_1_88' title="bbox 2070 3956 3716 4030">
    <p class='ocr_par' dir='ltr' id='par_1_88' title="bbox 2070 3956 3716 4030">
     <span class='ocr_line' id='line_1_88' title="bbox 2070 3956 3716 4030; baseline 0.002 -20"><span class='ocrx_word' id='word_1_672' title='bbox 2070 3957 2184 4010; x_wconf 91' lang='lat' dir='ltr'>tuit</span> <span class='ocrx_word' id='word_1_673' title='bbox 2206 3956 2448 4025; x_wconf 88' lang='lat' dir='ltr'>diem,in</span> <span class='ocrx_word' id='word_1_674' title='bbox 2473 3972 2587 4026; x_wconf 87' lang='lat' dir='ltr'>quo</span> <span class='ocrx_word' id='word_1_675' title='bbox 2613 3956 2981 4024; x_wconf 83' lang='lat' dir='ltr'>iudicaturus</span> <span class='ocrx_word' id='word_1_676' title='bbox 3004 3960 3090 4012; x_wconf 79' lang='lat' dir='ltr'>est</span> <span class='ocrx_word' id='word_1_677' title='bbox 3115 3957 3315 4012; x_wconf 87' lang='lat' dir='ltr'>orbem</span> <span class='ocrx_word' id='word_1_678' title='bbox 3340 3957 3396 4010; x_wconf 93' lang='lat' dir='ltr'>in</span> <span class='ocrx_word' id='word_1_679' title='bbox 3421 3957 3716 4030; x_wconf 67' lang='lat' dir='ltr'>aequitate,</span> 
     </span>
    </p>
   </div>
   <div class='ocr_carea' id='block_1_89' title="bbox 2071 4043 3720 4119">
    <p class='ocr_par' dir='ltr' id='par_1_89' title="bbox 2071 4043 3720 4119">
     <span class='ocr_line' id='line_1_89' title="bbox 2071 4043 3720 4119; baseline 0.003 -21"><span class='ocrx_word' id='word_1_680' title='bbox 2071 4045 2127 4098; x_wconf 90' lang='lat' dir='ltr'>in</span> <span class='ocrx_word' id='word_1_681' title='bbox 2160 4043 2279 4098; x_wconf 89' lang='lat' dir='ltr'>viro</span> <span class='ocrx_word' id='word_1_682' title='bbox 2329 4044 2384 4096; x_wconf 90' lang='lat' dir='ltr'>in</span> <span class='ocrx_word' id='word_1_683' title='bbox 2432 4062 2548 4115; x_wconf 77' lang='lat' dir='ltr'>quo</span> <span class='ocrx_word' id='word_1_684' title='bbox 2596 4044 2824 4114; x_wconf 79' lang='lat' dir='ltr'>statuit,</span> <span class='ocrx_word' id='word_1_685' title='bbox 2877 4045 3050 4099; x_wconf 82' lang='lat' dir='ltr'>ﬁdem</span> <span class='ocrx_word' id='word_1_686' title='bbox 3109 4045 3370 4115; x_wconf 64' lang='lat' dir='ltr'>praebens</span> <span class='ocrx_word' id='word_1_687' title='bbox 3418 4046 3720 4119; x_wconf 90' lang='lat' dir='ltr'>omnibus,</span> 
     </span>
    </p>
   </div>
   <div class='ocr_carea' id='block_1_90' title="bbox 2069 4131 3722 4204">
    <p class='ocr_par' dir='ltr' id='par_1_90' title="bbox 2069 4131 3722 4204">
     <span class='ocr_line' id='line_1_90' title="bbox 2069 4131 3722 4204; baseline 0.004 -17"><span class='ocrx_word' id='word_1_688' title='bbox 2069 4131 2364 4187; x_wconf 80' lang='lat' dir='ltr'>suscitans</span> <span class='ocrx_word' id='word_1_689' title='bbox 2394 4149 2526 4186; x_wconf 90' lang='lat' dir='ltr'>eum</span> <span class='ocrx_word' id='word_1_690' title='bbox 2563 4149 2594 4185; x_wconf 90' lang='lat' dir='ltr'>a</span> <span class='ocrx_word' id='word_1_691' title='bbox 2628 4132 2875 4186; x_wconf 86' lang='lat' dir='ltr'>mortuis</span> <span class='ocrx_word' id='word_1_692' title='bbox 2905 4133 2946 4185; x_wconf 80' lang='grc'>⁸.</span> <span class='ocrx_word' id='word_1_693' title='bbox 2984 4155 3011 4180; x_wconf 88' lang='grc'><strong>››</strong></span> <span class='ocrx_word' id='word_1_694' title='bbox 3045 4132 3317 4204; x_wconf 58' lang='lat' dir='ltr'>Nunquid</span> <span class='ocrx_word' id='word_1_695' title='bbox 3369 4133 3598 4190; x_wconf 80' lang='lat' dir='ltr'>sublata</span> <span class='ocrx_word' id='word_1_696' title='bbox 3632 4141 3722 4192; x_wconf 83' lang='lat' dir='ltr'>est</span> 
     </span>
    </p>
   </div>
   <div class='ocr_carea' id='block_1_91' title="bbox 2069 4221 3718 4286">
    <p class='ocr_par' dir='ltr' id='par_1_91' title="bbox 2069 4221 3718 4286">
     <span class='ocr_line' id='line_1_91' title="bbox 2069 4221 3718 4286; baseline 0.003 -11"><span class='ocrx_word' id='word_1_697' title='bbox 2069 4221 2440 4276; x_wconf 66' lang='lat' dir='ltr'>differentia?</span> <span class='ocrx_word' id='word_1_698' title='bbox 2469 4223 2674 4276; x_wconf 85' lang='lat' dir='ltr'>Annon</span> <span class='ocrx_word' id='word_1_699' title='bbox 2729 4221 2894 4286; x_wconf 83' lang='lat' dir='ltr'>dixit,</span> <span class='ocrx_word' id='word_1_700' title='bbox 2948 4222 3125 4275; x_wconf 83' lang='lat' dir='ltr'>Deum</span> <span class='ocrx_word' id='word_1_701' title='bbox 3178 4221 3235 4276; x_wconf 89' lang='lat' dir='ltr'>in</span> <span class='ocrx_word' id='word_1_702' title='bbox 3290 4222 3460 4276; x_wconf 88' lang='lat' dir='ltr'>viro?</span> <span class='ocrx_word' id='word_1_703' title='bbox 3509 4229 3718 4280; x_wconf 87' lang='lat' dir='ltr'>Annon</span> 
     </span>
    </p>
   </div>
   <div class='ocr_carea' id='block_1_92' title="bbox 2068 4309 3720 4381">
    <p class='ocr_par' dir='ltr' id='par_1_92' title="bbox 2068 4309 3720 4381">
     <span class='ocr_line' id='line_1_92' title="bbox 2068 4309 3720 4381; baseline 0.002 -16"><span class='ocrx_word' id='word_1_704' title='bbox 2068 4311 2322 4365; x_wconf 85' lang='lat' dir='ltr'>ostendit</span> <span class='ocrx_word' id='word_1_705' title='bbox 2353 4309 2737 4364; x_wconf 87' lang='lat' dir='ltr'>suscitantem</span> <span class='ocrx_word' id='word_1_706' title='bbox 2760 4310 2942 4364; x_wconf 90' lang='lat' dir='ltr'>Deum</span> <span class='ocrx_word' id='word_1_707' title='bbox 2975 4314 3032 4364; x_wconf 87' lang='lat' dir='ltr'>et</span> <span class='ocrx_word' id='word_1_708' title='bbox 3064 4316 3462 4381; x_wconf 87' lang='lat' dir='ltr'>resurgentem</span> <span class='ocrx_word' id='word_1_709' title='bbox 3490 4313 3720 4368; x_wconf 83' lang='lat' dir='ltr'>virum?</span> 
     </span>
    </p>
   </div>
   <div class='ocr_carea' id='block_1_93' title="bbox 2069 4398 3721 4473">
    <p class='ocr_par' dir='ltr' id='par_1_93' title="bbox 2069 4398 3721 4473">
     <span class='ocr_line' id='line_1_93' title="bbox 2069 4398 3721 4473; baseline 0.002 -20"><span class='ocrx_word' id='word_1_710' title='bbox 2069 4415 2404 4472; x_wconf 71' lang='lat' dir='ltr'>quanquam</span> <span class='ocrx_word' id='word_1_711' title='bbox 2440 4404 2634 4454; x_wconf 89' lang='lat' dir='ltr'>autem</span> <span class='ocrx_word' id='word_1_712' title='bbox 2669 4398 3024 4454; x_wconf 82' lang='lat' dir='ltr'>ostendisset</span> <span class='ocrx_word' id='word_1_713' title='bbox 3055 4399 3721 4473; x_wconf 78' lang='lat' dir='ltr'>diﬂ‘erentiam,insepa—</span> 
     </span>
    </p>
   </div>
   <div class='ocr_carea' id='block_1_94' title="bbox 2069 4487 3720 4559">
    <p class='ocr_par' dir='ltr' id='par_1_94' title="bbox 2069 4487 3720 4559">
     <span class='ocr_line' id='line_1_94' title="bbox 2069 4487 3720 4559; baseline 0.001 -15"><span class='ocrx_word' id='word_1_714' title='bbox 2069 4487 2422 4544; x_wconf 86' lang='lat' dir='ltr'>rabilitatem</span> <span class='ocrx_word' id='word_1_715' title='bbox 2459 4493 2650 4543; x_wconf 90' lang='lat' dir='ltr'>tamen</span> <span class='ocrx_word' id='word_1_716' title='bbox 2678 4505 2791 4544; x_wconf 90' lang='lat' dir='ltr'>non</span> <span class='ocrx_word' id='word_1_717' title='bbox 2827 4487 3122 4559; x_wconf 73' lang='lat' dir='ltr'>praeteriit.</span> <span class='ocrx_word' id='word_1_718' title='bbox 3157 4488 3356 4559; x_wconf 87' lang='lat' dir='ltr'>Neque</span> <span class='ocrx_word' id='word_1_719' title='bbox 3377 4489 3532 4544; x_wconf 88' lang='lat' dir='ltr'>enim</span> <span class='ocrx_word' id='word_1_720' title='bbox 3553 4489 3720 4557; x_wconf 82' lang='lat' dir='ltr'>dixit,</span> 
     </span>
    </p>
   </div>
   <div class='ocr_carea' id='block_1_95' title="bbox 2069 4575 3723 4650">
    <p class='ocr_par' dir='ltr' id='par_1_95' title="bbox 2069 4575 3723 4650">
     <span class='ocr_line' id='line_1_95' title="bbox 2069 4575 3723 4650; baseline 0 -16"><span class='ocrx_word' id='word_1_721' title='bbox 2069 4578 2251 4634; x_wconf 89' lang='lat' dir='ltr'>Deum</span> <span class='ocrx_word' id='word_1_722' title='bbox 2286 4595 2419 4632; x_wconf 91' lang='lat' dir='ltr'>cum</span> <span class='ocrx_word' id='word_1_723' title='bbox 2455 4578 2595 4647; x_wconf 89' lang='lat' dir='ltr'>viro,</span> <span class='ocrx_word' id='word_1_724' title='bbox 2627 4577 2725 4633; x_wconf 90' lang='lat' dir='ltr'>sed</span> <span class='ocrx_word' id='word_1_725' title='bbox 2759 4577 2938 4632; x_wconf 90' lang='lat' dir='ltr'>Deum</span> <span class='ocrx_word' id='word_1_726' title='bbox 2971 4575 3028 4631; x_wconf 89' lang='lat' dir='ltr'>in</span> <span class='ocrx_word' id='word_1_727' title='bbox 3061 4577 3184 4632; x_wconf 91' lang='lat' dir='ltr'>viro</span> <span class='ocrx_word' id='word_1_728' title='bbox 3215 4579 3235 4599; x_wconf 74' lang='lat'><strong><em>‘</em></strong></span> <span class='ocrx_word' id='word_1_729' title='bbox 3261 4593 3496 4632; x_wconf 88' lang='lat' dir='ltr'>rursum</span> <span class='ocrx_word' id='word_1_730' title='bbox 3533 4582 3589 4633; x_wconf 91' lang='lat' dir='ltr'>et</span> <span class='ocrx_word' id='word_1_731' title='bbox 3621 4596 3723 4650; x_wconf 90' lang='lat' dir='ltr'>per</span> 
     </span>
    </p>
   </div>
   <div class='ocr_carea' id='block_1_96' title="bbox 306 4665 3719 4738">
    <p class='ocr_par' dir='ltr' id='par_1_96' title="bbox 306 4665 3719 4738">
     <span class='ocr_line' id='line_1_96' title="bbox 306 4665 3719 4738; baseline 0.001 -18"><span class='ocrx_word' id='word_1_732' title='bbox 306 4669 516 4724; x_wconf 89' lang='lat' dir='ltr'>virum.</span> <span class='ocrx_word' id='word_1_733' title='bbox 554 4669 853 4734; x_wconf 80' lang='lat' dir='ltr'>Quomodo</span> <span class='ocrx_word' id='word_1_734' title='bbox 902 4667 1300 4738; x_wconf 86' lang='lat' dir='ltr'>intelligemus</span> <span class='ocrx_word' id='word_1_735' title='bbox 1332 4671 1388 4721; x_wconf 88' lang='lat' dir='ltr'>et</span> <span class='ocrx_word' id='word_1_736' title='bbox 1431 4665 1586 4721; x_wconf 86' lang='lat' dir='ltr'>hoc?</span> <span class='ocrx_word' id='word_1_737' title='bbox 1622 4688 1648 4715; x_wconf 88' lang='grc'><strong>‹‹</strong></span> <span class='ocrx_word' id='word_1_738' title='bbox 1680 4666 1980 4733; x_wconf 82' lang='lat' dir='ltr'>videbunt,</span> <span class='ocrx_word' id='word_1_739' title='bbox 2013 4668 2070 4722; x_wconf 91' lang='lat' dir='ltr'>in</span> <span class='ocrx_word' id='word_1_740' title='bbox 2121 4683 2291 4738; x_wconf 90' lang='lat' dir='ltr'>quem</span> <span class='ocrx_word' id='word_1_741' title='bbox 2346 4667 2767 4722; x_wconf 81' lang='lat' dir='ltr'>transﬁxerunt</span> <span class='ocrx_word' id='word_1_742' title='bbox 2796 4668 2837 4736; x_wconf 72' lang='lat'>9,</span> <span class='ocrx_word' id='word_1_743' title='bbox 2869 4688 2897 4717; x_wconf 83' lang='lat'>»</span> <span class='ocrx_word' id='word_1_744' title='bbox 2935 4665 3044 4720; x_wconf 89' lang='lat' dir='ltr'>nisi</span> <span class='ocrx_word' id='word_1_745' title='bbox 3081 4666 3208 4738; x_wconf 90' lang='lat' dir='ltr'>ipsa</span> <span class='ocrx_word' id='word_1_746' title='bbox 3260 4669 3472 4722; x_wconf 88' lang='lat' dir='ltr'>natura</span> <span class='ocrx_word' id='word_1_747' title='bbox 3503 4667 3719 4724; x_wconf 63' lang='lat' dir='ltr'>carnis,</span> 
     </span>
    </p>
   </div>
   <div class='ocr_carea' id='block_1_97' title="bbox 306 4754 3719 4829">
    <p class='ocr_par' dir='ltr' id='par_1_97' title="bbox 306 4754 3719 4829">
     <span class='ocr_line' id='line_1_97' title="bbox 306 4754 3719 4829; baseline -0 -16"><span class='ocrx_word' id='word_1_748' title='bbox 306 4775 437 4829; x_wconf 76' lang='lat' dir='ltr'>quae</span> <span class='ocrx_word' id='word_1_749' title='bbox 487 4759 680 4814; x_wconf 89' lang='lat' dir='ltr'>clavos</span> <span class='ocrx_word' id='word_1_750' title='bbox 729 4757 930 4825; x_wconf 86' lang='lat' dir='ltr'>sensit,</span> <span class='ocrx_word' id='word_1_751' title='bbox 963 4757 1207 4828; x_wconf 83' lang='lat' dir='ltr'>vestigia</span> <span class='ocrx_word' id='word_1_752' title='bbox 1260 4773 1460 4811; x_wconf 84' lang='lat' dir='ltr'>eorum</span> <span class='ocrx_word' id='word_1_753' title='bbox 1516 4755 1670 4812; x_wconf 90' lang='lat' dir='ltr'>clare</span> <span class='ocrx_word' id='word_1_754' title='bbox 1719 4757 1795 4812; x_wconf 89' lang='lat' dir='ltr'>sit</span> <span class='ocrx_word' id='word_1_755' title='bbox 1844 4757 2220 4813; x_wconf 87' lang='lat' dir='ltr'>indicatura?</span> <span class='ocrx_word' id='word_1_756' title='bbox 2251 4757 2373 4813; x_wconf 92' lang='lat' dir='ltr'>Non</span> <span class='ocrx_word' id='word_1_757' title='bbox 2425 4757 2580 4812; x_wconf 89' lang='lat' dir='ltr'>enim</span> <span class='ocrx_word' id='word_1_758' title='bbox 2612 4757 2844 4812; x_wconf 83' lang='lat' dir='ltr'>deitatis</span> <span class='ocrx_word' id='word_1_759' title='bbox 2897 4761 3127 4826; x_wconf 89' lang='lat' dir='ltr'>natura,</span> <span class='ocrx_word' id='word_1_760' title='bbox 3162 4759 3226 4810; x_wconf 90' lang='lat' dir='ltr'>ut</span> <span class='ocrx_word' id='word_1_761' title='bbox 3259 4754 3428 4811; x_wconf 90' lang='lat' dir='ltr'>multi</span> <span class='ocrx_word' id='word_1_762' title='bbox 3479 4756 3719 4812; x_wconf 89' lang='lat' dir='ltr'>convin-</span> 
     </span>
    </p>
   </div>
   <div class='ocr_carea' id='block_1_98' title="bbox 304 4843 3718 4918">
    <p class='ocr_par' dir='ltr' id='par_1_98' title="bbox 304 4843 3718 4918">
     <span class='ocr_line' id='line_1_98' title="bbox 304 4843 3718 4918; baseline -0.001 -16"><span class='ocrx_word' id='word_1_763' title='bbox 304 4854 531 4916; x_wconf 89' lang='lat' dir='ltr'>cantur,</span> <span class='ocrx_word' id='word_1_764' title='bbox 566 4847 810 4917; x_wconf 86' lang='lat' dir='ltr'>vestigia</span> <span class='ocrx_word' id='word_1_765' title='bbox 856 4845 1150 4900; x_wconf 87' lang='lat' dir='ltr'>clavorum</span> <span class='ocrx_word' id='word_1_766' title='bbox 1199 4843 1614 4899; x_wconf 90' lang='lat' dir='ltr'>circumlatura</span> <span class='ocrx_word' id='word_1_767' title='bbox 1645 4849 1754 4912; x_wconf 87' lang='lat' dir='ltr'>est,</span> <span class='ocrx_word' id='word_1_768' title='bbox 1787 4861 1919 4900; x_wconf 89' lang='lat' dir='ltr'>cum</span> <span class='ocrx_word' id='word_1_769' title='bbox 1972 4845 2284 4901; x_wconf 89' lang='lat' dir='ltr'>invisibilis</span> <span class='ocrx_word' id='word_1_770' title='bbox 2331 4851 2388 4901; x_wconf 93' lang='lat' dir='ltr'>et</span> <span class='ocrx_word' id='word_1_771' title='bbox 2437 4845 2719 4900; x_wconf 85' lang='lat' dir='ltr'>intactilis</span> <span class='ocrx_word' id='word_1_772' title='bbox 2771 4845 2892 4901; x_wconf 87' lang='lat' dir='ltr'>sit:</span> <span class='ocrx_word' id='word_1_773' title='bbox 2929 4845 3028 4900; x_wconf 91' lang='lat' dir='ltr'>sed</span> <span class='ocrx_word' id='word_1_774' title='bbox 3070 4861 3198 4916; x_wconf 70' lang='lat' dir='ltr'>quae</span> <span class='ocrx_word' id='word_1_775' title='bbox 3248 4861 3316 4900; x_wconf 86' lang='lat' dir='ltr'>ex</span> <span class='ocrx_word' id='word_1_776' title='bbox 3347 4861 3558 4918; x_wconf 87' lang='lat' dir='ltr'>genere</span> <span class='ocrx_word' id='word_1_777' title='bbox 3605 4863 3718 4918; x_wconf 89' lang='lat' dir='ltr'>pa-</span> 
     </span>
    </p>
   </div>
   <div class='ocr_carea' id='block_1_99' title="bbox 306 4932 3719 5008">
    <p class='ocr_par' dir='ltr' id='par_1_99' title="bbox 306 4932 3719 5008">
     <span class='ocr_line' id='line_1_99' title="bbox 306 4932 3719 5008; baseline -0.001 -18"><span class='ocrx_word' id='word_1_778' title='bbox 306 4938 454 4991; x_wconf 89' lang='lat' dir='ltr'>tibili</span> <span class='ocrx_word' id='word_1_779' title='bbox 508 4943 816 5008; x_wconf 90' lang='lat' dir='ltr'>assumpta</span> <span class='ocrx_word' id='word_1_780' title='bbox 869 4941 958 4990; x_wconf 74' lang='lat' dir='ltr'>est</span> <span class='ocrx_word' id='word_1_781' title='bbox 1021 4940 1248 4998; x_wconf 85' lang='lat' dir='ltr'>natura,</span> <span class='ocrx_word' id='word_1_782' title='bbox 1284 4932 1383 4988; x_wconf 89' lang='lat' dir='ltr'>illa</span> <span class='ocrx_word' id='word_1_783' title='bbox 1429 4932 1743 5005; x_wconf 88' lang='lat' dir='ltr'>impiorum</span> <span class='ocrx_word' id='word_1_784' title='bbox 1796 4935 2326 5006; x_wconf 88' lang='lat' dir='ltr'>transgressionem</span> <span class='ocrx_word' id='word_1_785' title='bbox 2375 4936 2702 5006; x_wconf 80' lang='lat' dir='ltr'>redarguet,</span> <span class='ocrx_word' id='word_1_786' title='bbox 2756 4933 2855 5007; x_wconf 88' lang='lat' dir='ltr'>qui</span> <span class='ocrx_word' id='word_1_787' title='bbox 2906 4950 3076 4989; x_wconf 89' lang='lat' dir='ltr'>suam</span> <span class='ocrx_word' id='word_1_788' title='bbox 3126 4932 3430 4989; x_wconf 88' lang='lat' dir='ltr'>audaciam</span> <span class='ocrx_word' id='word_1_789' title='bbox 3484 4934 3542 4989; x_wconf 92' lang='lat' dir='ltr'>in</span> <span class='ocrx_word' id='word_1_790' title='bbox 3590 4932 3719 4988; x_wconf 84' lang='lat' dir='ltr'>vul-</span> 
     </span>
    </p>
   </div>
   <div class='ocr_carea' id='block_1_100' title="bbox 304 5021 3722 5096">
    <p class='ocr_par' dir='ltr' id='par_1_100' title="bbox 304 5021 3722 5096">
     <span class='ocr_line' id='line_1_100' title="bbox 304 5021 3722 5096; baseline -0.001 -15"><span class='ocrx_word' id='word_1_791' title='bbox 304 5033 506 5082; x_wconf 87' lang='lat' dir='ltr'>nerata</span> <span class='ocrx_word' id='word_1_792' title='bbox 563 5043 736 5081; x_wconf 90' lang='lat' dir='ltr'>carne</span> <span class='ocrx_word' id='word_1_793' title='bbox 795 5024 1118 5096; x_wconf 85' lang='lat' dir='ltr'>prodidere.</span> <span class='ocrx_word' id='word_1_794' title='bbox 1152 5023 1246 5078; x_wconf 89' lang='lat' dir='ltr'>Sic</span> <span class='ocrx_word' id='word_1_795' title='bbox 1305 5022 1485 5094; x_wconf 86' lang='lat' dir='ltr'>igitur</span> <span class='ocrx_word' id='word_1_796' title='bbox 1541 5027 1597 5077; x_wconf 90' lang='lat' dir='ltr'>et</span> <span class='ocrx_word' id='word_1_797' title='bbox 1653 5023 1962 5079; x_wconf 88' lang='lat' dir='ltr'>distinctas</span> <span class='ocrx_word' id='word_1_798' title='bbox 2021 5029 2362 5080; x_wconf 85' lang='lat' dir='ltr'>naturarum</span> <span class='ocrx_word' id='word_1_799' title='bbox 2428 5024 2830 5096; x_wconf 85' lang='lat' dir='ltr'>prOprietates,</span> <span class='ocrx_word' id='word_1_800' title='bbox 2890 5027 2945 5079; x_wconf 90' lang='lat' dir='ltr'>et</span> <span class='ocrx_word' id='word_1_801' title='bbox 3005 5021 3424 5078; x_wconf 82' lang='lat' dir='ltr'>incarnationis</span> <span class='ocrx_word' id='word_1_802' title='bbox 3478 5023 3722 5078; x_wconf 90' lang='lat' dir='ltr'>minime</span> 
     </span>
    </p>
   </div>
   <div class='ocr_carea' id='block_1_101' title="bbox 305 5111 3722 5185">
    <p class='ocr_par' dir='ltr' id='par_1_101' title="bbox 305 5111 3722 5185">
     <span class='ocr_line' id='line_1_101' title="bbox 305 5111 3722 5185; baseline -0.001 -17"><span class='ocrx_word' id='word_1_803' title='bbox 305 5116 516 5172; x_wconf 89' lang='lat' dir='ltr'>dubios</span> <span class='ocrx_word' id='word_1_804' title='bbox 572 5115 834 5182; x_wconf 81' lang='lat' dir='ltr'>fructus,</span> <span class='ocrx_word' id='word_1_805' title='bbox 896 5119 953 5169; x_wconf 90' lang='lat' dir='ltr'>et</span> <span class='ocrx_word' id='word_1_806' title='bbox 1013 5113 1383 5184; x_wconf 85' lang='lat' dir='ltr'>impudentes</span> <span class='ocrx_word' id='word_1_807' title='bbox 1443 5111 1912 5168; x_wconf 85' lang='lat' dir='ltr'>adversariorum</span> <span class='ocrx_word' id='word_1_808' title='bbox 1989 5119 2278 5182; x_wconf 87' lang='lat' dir='ltr'>conatus,</span> <span class='ocrx_word' id='word_1_809' title='bbox 2337 5120 2394 5170; x_wconf 91' lang='lat' dir='ltr'>et</span> <span class='ocrx_word' id='word_1_810' title='bbox 2465 5112 2973 5185; x_wconf 79' lang='lat' dir='ltr'>inexpugnabilem</span> <span class='ocrx_word' id='word_1_811' title='bbox 3031 5111 3296 5168; x_wconf 88' lang='lat' dir='ltr'>veritatis</span> <span class='ocrx_word' id='word_1_812' title='bbox 3352 5111 3469 5167; x_wconf 90' lang='lat' dir='ltr'>vim</span> <span class='ocrx_word' id='word_1_813' title='bbox 3527 5116 3722 5168; x_wconf 87' lang='lat' dir='ltr'>osten-</span> 
     </span>
    </p>
   </div>
   <div class='ocr_carea' id='block_1_102' title="bbox 303 5206 527 5262">
    <p class='ocr_par' dir='ltr' id='par_1_102' title="bbox 303 5206 527 5262">
     <span class='ocr_line' id='line_1_102' title="bbox 303 5206 527 5262; baseline -0.004 -2"><span class='ocrx_word' id='word_1_814' title='bbox 303 5206 527 5262; x_wconf 87' lang='lat' dir='ltr'>dimus.</span> 
     </span>
    </p>
   </div>
   <div class='ocr_carea' id='block_1_103' title="bbox 371 5361 1926 5434">
    <p class='ocr_par' dir='ltr' id='par_1_103' title="bbox 371 5361 1926 5434">
     <span class='ocr_line' id='line_1_103' title="bbox 371 5361 1926 5434; baseline -0.003 -14"><span class='ocrx_word' id='word_1_815' title='bbox 371 5367 394 5401; x_wconf 72' lang='grc'>⁸</span> <span class='ocrx_word' id='word_1_816' title='bbox 423 5366 596 5421; x_wconf 88' lang='lat' dir='ltr'>Joan.</span> <span class='ocrx_word' id='word_1_817' title='bbox 632 5383 672 5434; x_wconf 80' lang='grc' dir='ltr'>ι,</span> <span class='ocrx_word' id='word_1_818' title='bbox 709 5365 792 5419; x_wconf 74' lang='grc'>14.</span> <span class='ocrx_word' id='word_1_819' title='bbox 871 5366 890 5399; x_wconf 84' lang='grc'><strong>⁷</strong></span> <span class='ocrx_word' id='word_1_820' title='bbox 925 5368 1048 5417; x_wconf 85' lang='lat' dir='ltr'>Act.</span> <span class='ocrx_word' id='word_1_821' title='bbox 1082 5380 1137 5432; x_wconf 85' lang='lat' dir='ltr'>x,</span> <span class='ocrx_word' id='word_1_822' title='bbox 1175 5363 1260 5416; x_wconf 85' lang='grc'>11.</span> <span class='ocrx_word' id='word_1_823' title='bbox 1337 5362 1356 5396; x_wconf 79' lang='grc'><strong><em>⁸</em></strong></span> <span class='ocrx_word' id='word_1_824' title='bbox 1387 5363 1510 5417; x_wconf 83' lang='lat' dir='ltr'>Act.</span> <span class='ocrx_word' id='word_1_825' title='bbox 1544 5377 1683 5433; x_wconf 84' lang='lat' dir='ltr'>xvn,</span> <span class='ocrx_word' id='word_1_826' title='bbox 1715 5361 1805 5428; x_wconf 91' lang='lat'>30,</span> <span class='ocrx_word' id='word_1_827' title='bbox 1838 5362 1926 5417; x_wconf 87' lang='grc'>31.</span> 
     </span>
    </p>
   </div>
   <div class='ocr_carea' id='block_1_104' title="bbox 2005 5363 2492 5430">
    <p class='ocr_par' dir='ltr' id='par_1_104' title="bbox 2005 5363 2492 5430">
     <span class='ocr_line' id='line_1_104' title="bbox 2005 5363 2492 5430; baseline -0.004 -11"><span class='ocrx_word' id='word_1_828' title='bbox 2005 5363 2026 5398; x_wconf 82' lang='lat'><strong>°</strong></span> <span class='ocrx_word' id='word_1_829' title='bbox 2053 5363 2223 5418; x_wconf 90' lang='lat' dir='ltr'>Joan.</span> <span class='ocrx_word' id='word_1_830' title='bbox 2256 5379 2371 5430; x_wconf 69' lang='lat' dir='ltr'><strong>xxx,</strong></span> <span class='ocrx_word' id='word_1_831' title='bbox 2403 5364 2492 5417; x_wconf 90' lang='lat'>37.</span> 
     </span>
    </p>
   </div>
  </div>
