4104 6356
355 377 512 439 I395

1528 380 1594 441 S.
1640 378 2171 442 ATHANASIUS.
2193 409 2273 424 —
2293 378 2438 442 SPU
2451 379 2607 440 RlA.

3623 381 3786 444 I396

1062 641 1137 696 IN
1176 640 1579 705 SEQUENTIA
1617 640 1984 698 OPUSCULA
2024 640 2114 696 ET
2155 640 2597 697 FRAGMENTA
2636 640 3058 698 ADMONITIO.

427 763 554 831 Quae
581 766 893 833 sequuntur
936 778 1010 818 ea:
1060 766 1354 819 Vaticanis
1393 763 1668 819 codicibus
1715 765 1886 820 Roma
1915 780 1949 819 τι
1976 763 2258 837 fratribus
2302 764 2508 819 nostris
2548 765 2870 820 transmissa
2916 764 3075 819 nobis
3119 768 3269 833 sunt,
3319 766 3671 823 exscribente
3718 767 3789 822 D-

353 853 562 908 Joanne
585 853 814 917 Guillot,
841 852 939 923 qui
964 854 1153 907 omnia
1186 853 1375 908 islha’c
1417 861 1675 908 accurate
1716 852 1957 922 collegit,
1985 867 2193 923 suaque
2236 868 2414 908 manu
2445 854 2747 919 exaravit;
2776 850 2960 923 νοθείᾳ
2985 867 3148 924 porro
3196 853 3454 910 laborare
3482 869 3644 910 nemo
3670 870 3787 910 non

352 941 514 1012 videt,
544 957 648 997 nec
670 950 748 997 est
775 958 843 997 ea
872 945 934 998 in
966 958 1025 997 re
1049 942 1334 1012 probanda
1362 942 1744 998 insistendum.
1777 942 2057 997 Prodeunt
2087 949 2270 997 autem
2314 958 2387 997 ex
2414 941 2531 997 cod.
2561 958 2665 998 ms.
2702 941 2874 1000 Graec.
2907 942 3246 998 bibliotheca
3282 943 3559 999 Vaticana
3585 945 3651 998 in
3678 944 3783 1017 fol.

354 1046 509 1086 num.
542 1031 670 1099 850,
701 1028 948 1101 eleganti
975 1033 1113 1086 satis
1142 1033 1197 1086 et
1224 1030 1482 1101 diligenti
1509 1046 1682 1086 manu
1709 1038 1945 1087 exarata
1974 1033 2036 1087 in
2062 1031 2262 1086 charta
2287 1046 2599 1103 papyracea
2625 1052 2646 1085 .-
2677 1032 2774 1103 qui
2801 1046 2915 1087 non
2944 1030 3155 1087 excedit
3181 1047 3356 1089 annos
3384 1032 3513 1088 200.

1530 1309 1657 1358 ΤΟΥ
1693 1306 1783 1360 ΕΝ
1821 1308 2052 1359 ΑΓΙΟΙΣ
2092 1303 2365 1360 ΠΑΤΡΟΣ
2406 1309 2599 1358 ΗΜΩΝ

1699 1454 2434 1551 ΑΘΑΝΑΣΙΟΥ

891 1617 1040 1694 Ιῐρός
1069 1639 1190 1675 τινα
1219 1618 1528 1691 πολιτικὸν,
1561 1618 1840 1695 σύνταγμα
1867 1619 2006 1674 πάνυ
2029 1617 2486 1697 ὠφελιμώτατον,
2517 1618 2605 1674 καὶ
2638 1617 2785 1675 πολὺ
2816 1616 3197 1696 ὠφελέστατον

1483 1870 1576 1963 S.
1641 1871 1738 1961 P.
1793 1871 1900 1963 N.
1955 1870 2632 1964 ATHANASII

1324 2047 1403 2104 Ad
1430 2046 1724 2120 quemdam
1754 2046 2057 2104 Politicum
2084 2052 2389 2120 :yntagma
2416 2049 2797 2105 utilissimum.

428 2289 480 2344 1.
513 2288 1027 2359 Quandoquidem,
1062 2288 1366 2368 ingeniose
1413 2288 1611 2361 homo,
1664 2305 2008 2361 summeque

2196 2290 2246 2344 1.
2280 2284 2503 2359 amart
2552 2308 2636 2342 σοι
2665 2292 2747 2361 τῷ
2775 2285 3062 2365 messem»
3090 2288 3181 2343 καὶ
3216 2283 3647 2365 μεγαλεπιδδλφ
3673 2295 3781 2358 τῆς

357 2376 715 2434 naturalium
740 2392 936 2433 rerum
963 2376 1311 2450 explorator,
1346 2377 1635 2450 acquisita
1675 2377 1887 2435 bellicae
1917 2395 2008 2433 ar-

355 2466 434 2523 tis
466 2455 820 2540 cognitione,
853 2470 1242 2539 susceptaque
1287 2466 1654 2539 politicarum
1687 2485 1881 2524 rerum
1914 2484 2007 2523 ac-

357 2560 559 2612 curata
589 2554 820 2623 notitia,
852 2557 1223 2611 sacerdotum
1278 2559 1474 2612 tamen
1506 2556 1739 2629 eloquia
1771 2556 2010 2613 minime

356 2643 610 2718 negiigis
637 2643 725 2699 vel
760 2645 1033 2717 respuis;
1064 2645 1184 2701 imo
1215 2649 1377 2700 tanto
1407 2645 1479 2701 iis
1510 2645 1705 2702 studio
1734 2647 1839 2701 das
1874 2662 2008 2718 ope-

360 2750 510 2800 ram,
544 2738 608 2788 ut
639 2732 1005 2805 plerumque,
1025 2734 1166 2789 dum
1193 2734 1418 2807 corpori
1452 2734 1729 2791 alimenta
1761 2736 2006 2807 praebes.

357 2823 616 2880 animam
660 2839 691 2877 a
723 2822 855 2879 cibo
904 2821 1233 2879 litterarum
1269 2823 1513 2879 minime
1563 2822 1874 2892 cohibens;
1906 2825 2006 2880 sed

356 2928 511 2978 eam,
542 2927 648 2968 ceu
680 2911 935 2984 quodam
968 2912 1166 2969 divino
1197 2912 1592 2981 sale,Patrum
1624 2914 1935 2970 sententiis
1955 2918 2013 2968 ot

358 3000 670 3074 colloquiis
700 3000 760 3055 in
810 3001 940 3073 ipsa
988 3018 1193 3059 mensa
1242 3002 1523 3059 admissis
1571 3002 1802 3070 foveas;
1842 3002 2012 3072 illud,

359 3089 622 3162 inquam,
655 3089 715 3144 in
767 3105 943 3146 causa
979 3090 1122 3146 mihi
1180 3091 1309 3161 fuit,
1337 3094 1403 3146 ut
1432 3107 1639 3164 pauca,
1670 3092 1768 3147 sed
1820 3091 2011 3147 utilis-

363 3177 538 3246 sima,
568 3177 629 3233 in
676 3178 1090 3250 compendium
1142 3196 1177 3235 a
1207 3195 1300 3235 me
1347 3180 1602 3247 redacta,
1651 3197 1719 3235 ex
1768 3179 2016 3236 lectione

362 3265 827 3324 Christianorum
856 3268 1118 3322 omnium
1154 3280 1482 3336 auctorum,
1519 3270 1886 3341 maximeque
1918 3285 2012 3325 eo-

364 3372 495 3410 rum
528 3355 626 3428 qui
678 3356 815 3429 vita,
870 3357 1219 3425 eruditione,
1273 3357 1599 3426 nobilitate,
1630 3363 1688 3414 et
1735 3357 2015 3430 dignitate

363 3444 937 3516 prmcelluere,veluti
970 3446 1190 3501 donum
1224 3446 1543 3519 quoddam,
1576 3446 1705 3513 tibi,
1738 3464 1771 3503 ο
1799 3446 2014 3503 amico-

364 3550 496 3588 rum
526 3533 766 3605 optime,
787 3533 909 3589 viro
934 3532 1202 3589 lectionis
1234 3535 1501 3592 studioso
1530 3551 1595 3590 ac
1627 3534 1899 3608 religioso
1930 3534 2014 3591 of-

2123 2375 2336 2455 φόσεως
2399 2376 2534 2450 μετᾶ
2587 2383 2689 2446 τῆς
2749 2382 2857 2433 τῶν
2913 2382 3181 2434 τακτικῶν
3241 2376 3526 2452 ἐμπειρίας
3580 2398 3641 2432 τε
3687 2378 3782 2432 καὶ

2123 2467 2430 2539 μαθήσεως,
2492 2461 2570 2521 ἔτι
2622 2463 2680 2521 δὶ
2726 2463 2815 2521 καί
2863 2472 2965 2536 τῆς
3011 2469 3121 2521 τῶν
3151 2465 3453 2522 πολιτικῶν
3511 2466 3780 2541 πραγμά-

2115 2576 2224 2611 των
2261 2549 2521 2630 ἀκριϐοῦς
2573 2553 2958 2629 μεταλήψεως,
3009 2552 3136 2611 οὐδὲ
3189 2554 3258 2611 τὰ
3306 2559 3413 2610 τῶν
3445 2555 3635 2632 ἱερέων
3669 2549 3776 2609 λό-

2116 2665 2208 2722 για
2250 2642 2606 2719 ἀμελετήτως
2657 2645 3028 2721 παρεώραται.
3073 2642 3201 2700 ἀλλ’
3257 2640 3336 2700 ἔτι
3373 2642 3632 2700 τοσοῦτόν
3684 2664 3775 2698 σοι

2117 2732 2207 2789 καὶ
2266 2730 2433 2788 ταῦτα
2479 2731 2940 2812 πεφιλοπόνηται,
3001 2731 3139 2788 ὣστε
3179 2733 3244 2788 τὸ
3278 2737 3439 2807 σῶμα
3494 2729 3773 2794 πολλάκις

2120 2821 2310 2884 σιτίοις
2354 2822 2590 2901 τρέφων,
2635 2819 2760 2877 οὐδὲ
2805 2825 2904 2891 τήν
2959 2823 3147 2898 ψυχήν
3199 2822 3514 2894 ἀποστερεῖς
3557 2827 3659 2891 τῆς
3715 2819 3779 2876 ἐκ

2116 2915 2227 2967 τῶν
2278 2909 2455 2987 λόγων
2503 2910 2771 2973 σιτίσεως’
2822 2909 2949 2967 ἀλλ’
2999 2911 3072 2972 ὡς
3120 2907 3220 2966 ἀνά
3264 2932 3373 2966 τινι
3419 2910 3551 2983 θείῳ
3611 2908 3778 2966 ἅλατι

2118 3005 2236 3062 τοῖς
2292 3000 2401 3054 τῶν
2456 2999 2708 3075 Πατὲριον
2768 2997 3168 3078 ἀποφθέγμασι,
3225 2999 3317 3055 καὶ
3381 3004 3500 3062 ταῖς
3560 2998 3779 3074 ἐπιτραν

2120 3087 2330 3158 πεζίοις
2386 3087 2713 3164 παραρτόεις
2763 3085 3033 3160 ὁμιλίαις·
3086 3085 3204 3143 ἰδοὺ
3252 3088 3344 3143 καὶ
3391 3086 3573 3157 αὐτὸς,
3612 3087 3785 3164 μικρά

2121 3198 2242 3234 τινα
2289 3176 2582 3252 συνοψίσας
2638 3181 2746 3233 τῶν
2806 3177 3104 3254 χρησίμων
3161 3176 3252 3232 καὶ
3312 3175 3637 3248 λυσιτελῶν,
3690 3181 3787 3233 xui

2123 3266 2512 3342 ἀναγινώσκων
2565 3265 2739 3321 πάντα
2778 3267 2874 3339 μὲν
2923 3266 3266 3342 Χριστιανὸν,
3329 3263 3498 3321 πλέον
3549 3264 3607 3322 δὶ
3654 3265 3789 3329 τοὺς

2124 3354 2241 3411 ὅσοι
2271 3353 2361 3410 καὶ
2422 3353 2549 3431 βίῳ,
2600 3356 2690 3411 καὶ
2748 3353 2922 3432 λόγῳ,
2965 3354 3056 3410 καὶ
3087 3354 3349 3431 εὐγενείᾳ,
3382 3354 3475 3412 καὶ
3510 3354 3787 3429 ἀξιώματι

2125 3445 2616 3517 ὑπερινεστήκασιν
2692 3440 2838 3518 ὕψει,
2921 3442 3033 3499 οἶόν
3111 3464 3162 3498 τι
3250 3441 3426 3520 δῶρον
3509 3443 3786 3521 αὐτοσχε-

2125 3531 2313 3594 διάσας
2345 3530 2498 3608 ἀνδρί
2530 3531 2822 3610 φιλολόγῳ
2846 3532 2937 3588 xui
2967 3530 3208 3612 φιλοθὲῳ
3261 3531 3500 3606 μάλιστα
3551 3532 3783 3610 πρέπον,

365 3622 598 3690 ferrem,
650 3620 761 3677 hoc
809 3622 1031 3679 scilicet
1077 3628 1388 3696 syntagma
1438 3640 1655 3695 meum,
1714 3623 1891 3679 variis
1947 3639 2015 3678 ex

2127 3621 2172 3677 ὦ
2241 3619 2416 3697 φίλων
2471 3618 2676 3696 ἄριστε,
2730 3622 2793 3676 τὸ
2848 3620 3021 3698 παρόν
3078 3641 3164 3676 σοι
3214 3623 3598 3699 προσενήνοχα
3654 3621 3787 3677 σύν-

2380 3710 2395 3726 .
2495 3707 2522 3726 ιι
2638 3710 2651 3726 .
2863 3710 2880 3726 .
2980 3716 3024 3726 _
3101 3708 3113 3726 .
3360 3710 3375 3726 ι
3447 3710 3462 3726 .
3708 3715 3736 3726 -

366 3711 639 3767 Patribus
696 3716 755 3766 et
814 3727 884 3766 ex
941 3711 1160 3767 auditis
1219 3712 1591 3769 sermonibus
1649 3713 2013 3784 decerptum,

368 3800 524 3854 unde
556 3816 672 3855 non
703 3801 1037 3873 spernenda
1065 3801 1332 3856 doctrina
1362 3805 1420 3857 et
1449 3801 1658 3857 notitia
1687 3800 2018 3873 legentibus

367 3888 607 3942 accedat
637 3904 651 3943 :
684 3888 970 3942 rationem
1021 3888 1175 3943 enim
1209 3893 1267 3944 et
1298 3906 1415 3944 una
1453 3889 1799 3946 divisionem
1826 3890 2015 3947 conti-

369 3982 465 4030 net
503 3974 753 4048 triplicis
802 3976 1010 4032 animm
1061 3982 1274 4033 nostra:
1320 3978 1538 4051 partis;
1571 3980 1854 4052 docetque
1904 3997 2018 4050 quo

369 4069 538 4135 pacto
569 4081 773 4121 omnes
806 4068 1308 4126 moveamurlﬂli
1343 4067 1698 4139 humines,ct
1727 4071 2019 4142 quomodo

372 4154 442 4209 ad
475 4152 747 4224 salutem,
782 4154 862 4211 vel
895 4155 966 4210 ad
1021 4155 1333 4228 perniciem
1382 4156 1778 4229 impellamur.
1807 4158 2021 4215 Deﬁnit

370 4246 563 4298 autem
598 4243 1232 4315 cogitationes.quibus
1264 4246 1513 4318 quodvis
1544 4251 1846 4319 peccatum
1880 4265 2019 4303 con-

370 4337 725 4387 summatur.
765 4332 1077 4405 Distinguit
1106 4333 1242 4390 item
1297 4335 1600 4407 passiones
1632 4339 1881 4403 nostras,
1917 4336 2017 4391 do-

369 4438 510 4477 cens
541 4438 807 4494 quasnam
862 4422 1093 4490 anime,
1126 4439 1396 4495 quaenam
1448 4424 1710 4495 corporis
1740 4425 1879 4479 sint.
1914 4425 2019 4479 Ex-

374 4511 510 4567 inde
542 4528 674 4568 vero
719 4510 977 4567 declarat
1004 4511 1196 4568 varios
1241 4512 1332 4568 Dei
1368 4512 1742 4585 providentiae
1789 4514 2020 4568 modos.

374 4602 522 4656 Hinc
551 4601 623 4656 de
646 4600 828 4655 libero
857 4599 1115 4656 hominis
1145 4600 1383 4656 arbitrio
1416 4600 1671 4663 disserit.
1698 4603 1883 4669 deque
1915 4618 2022 4656 no-

375 4694 497 4746 stro
526 4689 584 4747 in
621 4689 796 4744 rebus
844 4690 1087 4761 agendis
1135 4690 1345 4745 abusu.
1379 4688 1739 4762 Compendio
1789 4689 2024 4746 exhibet

374 4778 551 4833 ﬁdem
599 4778 661 4833 in
713 4782 974 4831 sanctam
1025 4782 1081 4833 et
1141 4778 1369 4832 beatam
1422 4778 1788 4834 Trinitatem.
1853 4783 2024 4835 Docet

374 4866 518 4937 quid
551 4865 624 4921 de
652 4864 881 4922 Domini
914 4863 1335 4936 incarnatione,
1367 4867 1439 4922 de
1476 4866 1817 4923 discrimine
1842 4869 2022 4924 virtu-

373 4960 526 5021 tum,
558 4954 629 5009 de
660 4950 1009 5008 discretione
1041 4958 1262 5009 natura:
1294 4970 1487 5010 rerum
1530 4956 1885 5012 credendum
1923 4956 2018 5013 sit.

2121 3730 2325 3787 ταγμα,
2378 3710 2438 3766 ἐκ
2492 3707 2766 3789 διαφόρων
2824 3710 2918 3784 μὲν
2980 3708 3232 3786 Πατὲρων
3286 3710 3378 3766 καὶ
3436 3710 3783 3788 ἀκροατικῶν

2127 3798 2304 3876 λόγων
2334 3798 2671 3869 ἀπανθισθὶν,
2706 3798 2805 3854 οὐκ
2831 3797 3270 3876 ἀκαταφρόνητον
3303 3801 3385 3873 (a)
3416 3795 3475 3854 δὶ
3502 3800 3602 3869 τὴν
3635 3803 3785 3875 γνῶ-

2126 3908 2208 3942 σιν
2253 3892 2368 3949 τοῖς
2419 3890 2691 3961 μετιοῦσιν
2750 3886 3036 3961 ἐμποιοῦν·
3117 3885 3403 3961 διάγνωσιν
3455 3887 3557 3964 γὰρ
3632 3886 3780 3961 ὀμοῦ

2125 3976 2215 4032 καὶ
2247 3973 2503 4053 διαίρεσιν
2536 3980 2634 4031 τοῦ
2661 3976 2956 4052 τριμεροῦς
2981 3983 3083 4048 τῆς
3115 3975 3167 4032 ἐν
3215 3979 3352 4050 ἡμῖν
3400 3972 3518 4053 ἔχει
3567 3979 3787 4052 ψυχῆς,

2125 4067 2303 4129 καθὼς
2358 4065 2553 4128 πάντες
2609 4065 2913 4139 κινούμεθα
2967 4063 3268 4143 ἅνθρωποι,
3326 4065 3417 4121 καὶ
3460 4069 3583 4128 πῶς
3638 4068 3781 4142 πρὸς

2127 4153 2399 4230 σωτηρίαν
2449 4156 2483 4223 ἢ
2530 4151 2807 4209 ἀπώλειαν
2852 4153 3257 4228 συνωθούμεθα.
3305 4153 3506 4231 Ὀρίζει
3555 4151 3615 4209 δὲ
3650 4153 3784 4218 τοὺς

2129 4242 2457 4321 λογισμοὺς,
2517 4240 2589 4298 δι’
2637 4244 2711 4298 ὧν
2771 4247 2915 4298 πᾶσα
2972 4242 3213 4320 ἁμαρτία
3265 4240 3523 4300 τελεῖται.
3575 4250 3789 4317 Διαιρεῖ

2131 4331 2189 4389 δὲ
2215 4333 2305 4388 καὶ
2358 4332 2426 4388 τὰ
2484 4330 2534 4388 ἒν
2593 4334 2729 4406 ἡμῖν
2771 4331 2938 4404 πάθη,
2982 4331 3103 4387 τίνα
3149 4332 3244 4405 μὶν
3287 4334 3517 4409 ψυχικὲ,
3548 4331 3672 4388 τίνα
3726 4330 3787 4389 δὲ

2128 4426 2224 4477 τοῦ
2271 4421 2548 4493 σώματος.
2600 4420 2826 4497 Ἐφεξῆς
2874 4420 2932 4475 δὶ
2989 4420 3078 4475 xui
3135 4421 3262 4484 τοὺς
3309 4421 3547 4498 τρόπους
3591 4422 3786 4477 ὑποτί-

2130 4522 2276 4575 θεται
2326 4515 2427 4579 τῆς
2474 4513 2572 4562 τοῦ
2619 4507 2754 4565 Θεοῦ
2794 4508 3071 4584 προνοίας.
3105 4510 3238 4566 Εἶτα
3262 4510 3354 4566 καὶ
3401 4511 3524 4587 περὶ
3554 4516 3656 4581 τῆς
3684 4514 3786 4566 τοῦ

2127 4599 2416 4673 ἀνθρώπου
2494 4596 2977 4669 αὖτεξουσιότητος
3054 4595 3439 4673 διαλαμϐάνει,
3511 4598 3605 4655 καὶ
3680 4606 3787 4670 τῆς

2129 4690 2291 4761 ἡμῶν
2343 4685 2394 4742 ἐν
2447 4691 2564 4749 τοῖς
2607 4688 2887 4764 πράγμασι
2939 4690 3364 4766 παραχρήσεως.
3400 4688 3692 4763 Συνοψίζει
3725 4686 3788 4744 δὲ

2127 4777 2218 4832 καὶ
2247 4778 2345 4846 τήν
2382 4774 2430 4829 ἐν
2491 4779 2559 4849 τῇ
2613 4775 2738 4853 ἁγίᾳ
2779 4776 2869 4831 καὶ
2913 4776 3152 4853 μακαρίᾳ
3177 4775 3368 4853 Τριάδι
3397 4776 3599 4834 πίστιν.
3659 4779 3786 4835 Ἔτι

2131 4864 2189 4923 δὲ
2215 4867 2304 4922 καὶ
2335 4864 2485 4927 ὅπως
2519 4863 2602 4920 δεῖ
2629 4865 2895 4920 πιστεύειν
2926 4865 3049 4942 περὶ
3099 4873 3198 4937 τῆς
3238 4870 3337 4921 τοῦ
3385 4866 3591 4944 Κυρίου
3643 4867 3788 4923 ἐναν-

2130 4957 2490 5033 θρωπ-ιςσεως,
2539 4954 2664 5028 περὶ
2713 4952 2975 5033 διαφορᾶς
3022 4975 3081 5010 τε
3142 4955 3359 5031 ἀρετῆς,
3418 4955 3508 5010 καὶ
3576 4951 3785 5032 διακρί-

377 5044 497 5101 Uno
527 5041 723 5106 verbo,
755 5045 841 5097 est
875 5057 977 5097 ceu
1011 5041 1423 5113 compendiosa
1467 5043 1723 5115 cognitio
1753 5050 2015 5101 nostrum

2134 5027 2268 5108 σεως
2341 5050 2444 5112 τῆς
2519 5027 2626 5098 τῶν
2695 5027 3027 5120 πραγμάτων
3089 5027 3331 5100 διδάσκει
3388 5045 3624 5123 φύσεως.
3682 5027 3784 5102 Καὶ

371 5132 659 5204 ipsorum,
691 5147 797 5186 nec
830 5147 939 5186 non
976 5135 1194 5186 natum
1226 5136 1439 5189 nostras
1467 5138 1642 5205 atque
1672 5134 1827 5189 ﬁdei.
1860 5134 2022 5198 Quod

371 5219 722 5294 opusculum
754 5219 892 5275 dum
927 5219 1319 5287 circumferas,
1339 5226 1515 5295 atque
1546 5227 1815 5279 accurate
1843 5222 2021 5295 leges,

370 5327 437 5366 ex
467 5327 650 5382 eoque
682 5308 994 5365 utilitatem
1033 5309 1339 5382 percipies,
1374 5328 1487 5367 non
1526 5310 1891 5383 obliviscere,
1916 5312 2023 5370 hoc

370 5401 518 5455 bene
550 5398 703 5466 novi,
735 5400 864 5471 ejus
898 5398 997 5472 qui
1032 5398 1269 5471 propria
1301 5416 1478 5456 manu
1520 5400 1850 5474 descripsit,
1886 5401 2019 5457 tibi-

369 5503 482 5559 que
511 5486 746 5545 obtulit.

439 5679 518 5751 (a)
549 5680 714 5736 Forte
741 5680 856 5751 leg.
888 5678 951 5735 οὐ
981 5679 1411 5758 καταφρόνητον.
1444 5685 1602 5742 Enrr.
1636 5685 1881 5742 PATROL.

2132 5134 2279 5196 ’ὀλως
2311 5131 2574 5204 ἐπίτομός
2600 5131 2684 5193 τίς
2715 5131 2825 5186 tam
2854 5135 3055 5209 γνῶσις
3110 5134 3271 5206 ἡμῶν
3323 5154 3382 5189 τε
3436 5133 3527 5189 καὶ
3585 5133 3787 5207 αὐτῶν,

2129 5221 2218 5278 καί
2277 5229 2375 5291 τῆς
2447 5225 2556 5276 τῶν
2616 5221 2736 5285 καθ’
2790 5223 2939 5294 ἡμᾶς
2993 5220 3202 5300 φύσεώς
3260 5243 3320 5278 τε
3382 5221 3475 5279 xui
3526 5223 3789 5287 πίστεως.

2130 5317 2198 5366 "0
2232 5309 2299 5380 δὴ
2359 5310 2448 5365 καὶ
2515 5311 2823 5388 περιφέρων
2881 5310 2957 5373 εἰς
3013 5316 3228 5387 χεῖρας,
3276 5310 3699 5389 ὲπιμελέστερόν
3730 5334 3793 5369 τε

2133 5400 2355 5475 μετιὼν,
2415 5397 2504 5454 καὶ
2550 5399 2650 5467 τὴν
2709 5397 2952 5464 ἐντεῦθεν
2996 5401 3374 5476 καρπούμενος
3431 5396 3643 5472 ὄνησιν,
3686 5401 3793 5458 οὐκ

2127 5491 2562 5564 ἀμνημονήσεις,
2594 5486 2651 5542 εὗ
2683 5485 2788 5543 οἶδ’
2819 5486 2925 5560 ὅτι,
2955 5492 3053 5544 τοῦ
3083 5488 3404 5568 αὐτοχειρίᾳ
3458 5491 3548 5547 xui
3596 5512 3788 5569 γεγρα-

2128 5579 2311 5658 φότος,
2342 5577 2432 5632 xui
2465 5573 2789 5639 δεδωκότος.
