4104 6394
388 433 414 491 1
427 433 539 493 397

650 559 953 636 Διάγνωσις
982 560 1077 616 τοῦ
1108 570 1400 639 τριμεροῦς
1433 573 1529 634 τῆς
1555 570 1761 642 ψυχῆς.
1788 581 1792 586 ’

451 651 570 706 ’Ότι
602 656 746 704 πᾶσα
774 652 927 726 ψοχή
964 649 1164 726 λογική
1195 654 1318 725 τρία
1373 653 1506 725 μέρη
1563 657 1836 726 κέκτηται·
1873 657 2028 731 λογι-

376 739 537 811 σμὸν,
571 740 762 811 θυμὸν,
794 740 883 794 καὶ
935 740 1240 814 ἐπιθυμίαν.
1296 742 1416 799 Ἐάν
1471 743 1611 800 ἐστιν
1662 746 1713 799 έν
1753 753 1832 819 τῷ
1881 749 2036 820 θυμῷ

379 827 559 902 ἀγάπη
592 829 681 883 καὶ
715 828 1115 906 φιλανθρωπία,
1148 831 1236 885 καὶ
1283 831 1334 886 ἐν
1385 837 1453 906 τῇ
1499 833 1755 906 ἐπιθυμίᾳ
1802 835 2032 911 καθαρό-

377 938 479 986 της
527 918 615 971 καὶ
662 919 1008 994 σωφροσύνη,
1049 921 1076 973 6
1109 918 1379 994 λογισμός
1429 921 1540 977 ἐστι
1600 926 2031 1001 πεφωτισμένος·

379 1005 466 1060 ἐὰν
499 1002 555 1060 δέ
584 1004 723 1061 ἐστιν
759 1007 810 1061 ἐν
841 1012 919 1078 τῷ
950 1013 1106 1080 θυμῷ
1140 1011 1536 1082 μισανθρωπία,
1571 1013 1661 1066 καὶ
1696 1013 1746 1066 ἐν
1795 1018 1862 1083 τῇ
1917 1013 2032 1068 ἐπι-

377 1092 546 1164 θυμίᾳ
574 1093 860 1165 ἀκολασία,
895 1096 923 1149 ὁ
957 1095 1221 1171 λογισμός
1256 1097 1396 1151 ἐστιν
1429 1098 1826 1172 ἐσκοτισμένος.
1851 1103 1907 1154 Ὀ
1941 1103 2035 1173 μὲν

374 1181 464 1237 οὖν
499 1181 769 1258 λογισμὸς
799 1185 922 1238 τότε
958 1185 1304 1259 ὑγιαίνει,καὲ
1341 1195 1629 1265 σωφρονεῖ,
1651 1189 1774 1244 ὅταν
1800 1191 1864 1243 τὰ
1885 1192 2030 1260 πάθη

374 1271 476 1348 ἔχῃ
519 1273 946 1349 ὑποτεταγμένα,
997 1275 1086 1330 καὶ
1134 1276 1260 1338 τοὺς
1311 1275 1509 1352 λόγους
1568 1284 1672 1332 τῶν
1722 1280 2030 1352 κτισμάτων

371 1362 468 1418 τοῦ
527 1365 664 1418 Θεοῦ
713 1371 1093 1439 πνευματικῶς
1143 1371 1344 1442 θεωρῇ,
1396 1369 1486 1423 καὶ
1537 1371 1675 1446 πρὸς
1723 1372 1822 1439 τήν
1876 1371 2027 1445 άγίαν

373 1454 463 1508 καὶ
494 1454 758 1530 μακαρίαν
784 1453 984 1524 Τριάδα
1016 1453 1190 1532 διάγῃ.
1225 1459 1286 1513 Ὀ
1317 1456 1374 1512 δὲ
1422 1457 1586 1513 πάλιν
1635 1459 1758 1514 τότε
1805 1466 2030 1515 κινεῖται

372 1544 507 1596 κατὰ
537 1543 712 1619 φύσιν,
746 1543 871 1598 ὅταν
907 1544 1107 1604 πάντας
1159 1545 1480 1617 ἀνθρώπους
1515 1549 1717 1621 ἀγαπᾷ,
1750 1550 1840 1603 καὶ
1892 1550 2029 1623 πρὸς

374 1630 566 1686 οὐδένα
605 1632 780 1688 αὐτῶν
835 1632 1014 1704 λύπην
1061 1636 1095 1702 ἢ
1150 1636 1505 1707 μνησικακίαν
1556 1636 1830 1707 κέκτηται.
1863 1641 1924 1692 Ἡ
1973 1635 2031 1696 δὲ

369 1717 650 1793 ἐπιθυμία,
684 1722 810 1776 ὅταν
846 1723 950 1776 ὑπὸ
1004 1721 1337 1797 ἐγκρατείας,
1369 1725 1456 1778 καὶ
1505 1728 2028 1804 ταπεινοφροσύνης,

363 1812 452 1865 καὶ
503 1811 888 1881 ἀκτημοσύνης
937 1812 1180 1886 νεκρώσῃ
1222 1813 1289 1866 τὰ
1332 1815 1500 1883 πάθη,
1549 1817 1816 1887 τουτέστι,
1856 1817 1930 1888 μή

1333 437 1764 501 SYNTAGMA
1808 441 1910 499 AD
1957 439 2346 511 QUEMDAM
2395 439 2848 502 POLITICUM.

2067 574 2118 637 A

3643 443 3799 504 i398

2448 571 2767 640 Explicatio
2798 572 3038 641 triplicis
3069 575 3276 628 animm
3301 574 3496 642 partis.

2216 660 2428 714 Anima
2469 659 2660 714 omnis
2705 660 3004 714 rationalis
3037 667 3154 716 tres
3186 661 3359 716 habet
3391 667 3603 734 partes,
3637 663 3796 733 cogi-

2145 748 2446 815 tationem,
2499 748 2762 802 animum
2810 753 2866 802 et
2908 751 3461 821 concupiscentiam.
3512 750 3567 803 Si
3618 751 3696 805 sit
3736 751 3794 804 in

2145 837 2341 892 animo
2386 837 2639 892 charitas
2669 843 2727 892 et
2757 837 3095 894 humanitas
3125 845 3181 894 et
3233 842 3290 893 in
3323 840 3796 911 concupiscentia

2145 927 2372 998 puritas
2403 932 2460 981 et
2491 928 2899 998 temperantia,
2943 933 3067 982 tum
3120 928 3391 999 cogitatio
3435 935 3524 983 est
3571 928 3793 983 illumi-

2146 1022 2320 1080 nata;
2355 1015 2442 1069 sin
2477 1023 2671 1070 autem
2706 1016 2762 1069 in
2800 1016 2995 1070 animo
3028 1017 3105 1071 sit
3137 1016 3357 1082 odium,
3393 1022 3449 1072 et
3497 1018 3552 1071 in
3587 1033 3794 1071 concu-

2146 1103 2432 1173 piscentia
2459 1104 2930 1174 intemperantia,
2965 1105 3235 1176 cogitatio
3266 1111 3355 1159 est
3400 1105 3657 1160 tenebris
3705 1108 3792 1160 ot-

2147 1193 2295 1246 fusa.
2331 1193 2475 1247 Tum
2511 1210 2682 1264 porro
2734 1209 2877 1247 sana
2924 1194 3196 1263 cogitatio
3231 1197 3320 1247 est
3350 1199 3406 1247 et
3435 1198 3790 1264 temperans,

2143 1297 2274 1335 cum
2309 1285 2465 1335 tenet
2488 1282 2598 1335 sibi
2624 1281 2894 1336 subditas
2919 1281 3243 1352 passiones,
3262 1297 3512 1352 cumque
3540 1281 3795 1335 rationes

2143 1385 2335 1423 rerum
2365 1386 2397 1424 a
2419 1370 2533 1424 Deo
2565 1376 2893 1424 createrum
2929 1370 3316 1440 spiritualiter
3345 1369 3796 1440 contemplatur,

2139 1465 2347 1514 etcum
2373 1464 2575 1512 sancta
2596 1475 2662 1515 ac
2695 1460 2859 1514 beata
2890 1458 3174 1514 Trinitate
3205 1463 3489 1513 versatur.
3523 1459 3796 1530 Tumque

2141 1548 2464 1602 secundum
2499 1553 2768 1601 naturam
2804 1553 3087 1612 movetur,
3109 1563 3238 1601 eum
3273 1563 3476 1602 omnes
3504 1552 3663 1601 amat
3693 1547 3794 1601 ho-

2143 1635 2352 1697 mines,
2381 1634 2724 1704 nullamque
2746 1637 3027 1689 adversus
3051 1636 3387 1705 quempiam
3416 1635 3623 1690 retinet
3641 1635 3796 1688 indi-

2140 1725 2473 1792 gnationem
2503 1732 2603 1778 aut
2622 1725 2970 1794 injuriarum
2995 1725 3793 1794 memoriam.Concupiscen-

2139 1812 2222 1866 tia
2251 1817 2446 1866 autem
2480 1829 2612 1866 cum
2649 1829 2748 1882 per
2788 1813 3257 1883 temperantiam,
3294 1812 3683 1867 humilitatem
3733 1817 3792 1867 et

370 1897 542 1969 δούλη
593 1900 788 1976 σαρκὸς
833 1899 1257 1977 ἐσχημάτισται,
1288 1902 1378 1956 καὶ
1431 1900 1593 1972 δόξης
1641 1903 2026 1980 παρεχομένης

2142 1905 2568 1971 paupertatem,
2593 1902 2895 1970 passiones
2931 1902 3264 1966 mortificat,
3287 1902 3344 1955 id
3376 1905 3482 1968 est,
3507 1918 3640 1956 cum
3677 1917 3788 1955 non

367 1985 562 2066 ἔφεσιν,
597 1989 686 2043 καὶ
715 1993 896 2063 τραπῇ
928 1990 1063 2064 πρὸς
1111 1990 1202 2044 τὸν
1253 1992 1401 2044 θεῖον
1443 1991 1532 2044 καὶ
1581 1992 1840 2047 ἀθάνατον
1892 1992 2026 2068 ἔρω-

370 2097 459 2134 τα.
492 2077 590 2131 Καὶ
638 2078 741 2152 γάρ
785 2081 819 2147 ἡ
853 2078 1112 2150 ἐπιθυμία
1161 2080 1299 2154 πρὸς
1346 2079 1471 2154 τρία
1513 2081 1612 2149 τὴν
1647 2081 1856 2150 κίνησιν
1891 2078 2047 2156 ἔχει,

376 2165 413 2234 ἢ
461 2166 599 2242 πρὸς
649 2164 853 2235 ἡδονὴν
897 2167 1114 2242 σαρκὸς,
1166 2168 1199 2235 ἢ
1253 2169 1389 2242 πρὸς
1431 2165 1585 2238 δόξαν
1616 2171 1798 2238 κενὴν.
1831 2172 1865 2240 ἣ
1898 2170 2033 2242 πρὸς

379 2254 591 2322 ἀπάτην
653 2255 976 2330 χρημάτων
1008 2255 1097 2309 καὶ
1163 2253 1251 2309 διὰ
1304 2257 1404 2324 τήν
1461 2257 1771 2333 παράλογον
1830 2259 2030 2328 ταύτην

375 2341 552 2420 ἔφεσιν
601 2350 928 2421 καταφρονεῖ
976 2349 1072 2398 τοῦ
1117 2350 1270 2412 Θεοῦ,
1302 2346 1390 2399 καὶ
1438 2351 1545 2400 τῶν
1597 2346 1777 2415 θείων,
1809 2348 1899 2401 καὶ
1936 2351 2033 2415 τῆς

373 2430 576 2493 οἰκείας
627 2431 890 2508 εὐγενείας
945 2431 1377 2505 ἐπιλανθάνεται,
1419 2435 1509 2488 καὶ
1559 2435 1694 2510 πρὸς
1743 2437 1832 2489 τὸν
1884 2435 2032 2505 πλη-

371 2519 486 2574 σίον
546 2518 916 2595 έκθηριοῦται,
948 2521 1036 2575 καὶ
1089 2523 1180 2575 τὸν
1241 2520 1509 2596 λογισμὸν
1561 2522 1818 2591 σκοτίζει,
1850 2524 1938 2577 καὶ
1969 2523 2031 2577 οὐ

369 2614 655 2684 συγχωρεῖ
687 2604 990 2683 ἀναϐλέψαι
1023 2611 1160 2683 πρὸς
1207 2611 1306 2678 τὴν
1359 2611 1638 2680 ἀλήθειαν.
1671 2614 1763 2666 Ὦ)
1819 2613 1846 2666 ὁ
1893 2613 2032 2666 ἀνώ-

368 2717 522 2772 τερον
576 2699 914 2770 κτησάμενος
976 2699 1231 2777 φρόνημα
1305 2699 1396 2753 ἀπ’
1455 2698 1688 2763 ἐντεῦθεν
1765 2700 2029 2756 ἀπολαύει

368 2788 468 2853 τῆς
503 2785 779 2861 βασιλείας
819 2792 927 2841 τῶν
981 2787 1244 2862 οὐρανῶν,
1273 2787 1361 2842 καὶ
1414 2791 1477 2861 ζῇ
1535 2787 1799 2862 μακαρίαν
1860 2789 2028 2859 ζωὴν,

369 2871 690 2949 προσδοκῶν
734 2877 836 2943 τὴν
885 2876 1255 2947 ἀποκειμένην
1307 2877 1680 2952 μακαριότητα
1735 2884 1852 2940 τοῖς
1896 2878 2028 2952 ἀγα-

372 2967 514 3018 πῶσι
543 2965 634 3018 τὸν
673 2964 896 3038 Κύριον.

557 3069 824 3146 Διαίρεσις
854 3073 945 3126 καὶ
979 3069 1345 3217 duciming
1376 3070 1722 3149 λεπτομερὴς
1750 3075 1850 3142 τῆς

1130 3163 1332 3217 υχηςυ

1130 3151 1296 3219 υχῆς.
1321 3173 1332 3181 ·

444 3249 506 3304 Ἡ
534 3249 686 3325 ψυχή
739 3247 1026 3326 διαιρεῖται
1078 3250 1153 3313 είς
1202 3250 1265 3304 τὸ
1315 3248 1652 3325 λογιστικὸν,
1682 3251 1745 3306 τὸ
1796 3252 2024 3324 θυμικὸν

372 3337 460 3392 καὶ
491 3339 554 3392 τὸ
587 3337 1002 3410 ἐπιθυμητικόν.
1036 3341 1145 3397 Τοῦ
1187 3338 1500 3414 λογιστικοῦ
1543 3341 1610 3394 τὰ
1659 3342 2028 3416 ἁμαρτήματά

373 3425 476 3480 εἱσι
504 3431 691 3484 ταῦτα·
724 3430 758 3496 ἡ
792 3427 1034 3500 ἀπιστία,
1067 3431 1102 3498 ἡ
1135 3426 1361 3504 αἵρεσις,
1393 3430 1427 3497 ἡ
1462 3429 1759 3505 ἀφροσύνη.
1806 3432 1840 3499 ἡ
1875 3427 2025 3484 ἀδια-

370 3515 574 3590 κρισία,
623 3519 658 3586 ἠ
715 3516 1061 3594 βλασφημία,
1115 3518 1169 3571 αἱ
1219 3517 1625 3592 συγκαταθέσεις
1691 3522 1798 3573 τῶν
1850 3520 2024 3594 ἁμαρ-

367 3604 630 3677 τημάτων
678 3611 783 3660 τῶν
836 3606 895 3661 ἐκ
937 3611 1034 3660 τοῦ
1099 3608 1404 3677 παθητικοῦ
1477 3609 1696 3682 μέρους.
1749 3610 1918 3670 ’Ίασις
1970 3606 2028 3663 δὲ

369 3694 576 3748 τούτων
627 3694 714 3748 καὶ
767 3695 1023 3771 θεραπεία
1072 3697 1106 3765 ἡ
1157 3693 1474 3757 ἀδίστακτος
1521 3696 1697 3759 πίστις
1751 3698 1887 3772 πρὸς
1931 3697 2024 3752 τὸν

372 3785 500 3838 Θεὸν
531 3784 621 3838 καὶ
651 3785 717 3839 τὰ
745 3784 982 3855 ἀληθινά
1012 3783 1279 3859 δόγματα,
1314 3787 1348 3854 ἠ
1384 3787 1617 3861 συνεχής
1673 3785 1873 3858 μελέτη
1919 3791 2027 3842 τῶν

374 3873 580 3948 λογίων
627 3877 724 3928 τοῦ
775 3873 1108 3946 Πνεύματος,
1155 3877 1189 3943 ἠ
1237 3875 1444 3947 καθαρά
1490 3877 1798 3950 προσευχὴ,
1852 3875 1942 3929 καὶ
1989 3877 2022 3945 ἠ

372 3958 724 4024 ἀδιάλειπτος
771 3963 908 4038 πρὸς
958 3963 1084 4017 Θεὸν
1136 3962 1472 4038 εὐχαριστία.
1527 3966 1636 4020 Τοῦ
1682 3964 1915 4034 θυμικοῦ
1960 3964 2029 4018 τὰ

371 4052 740 4126 ἁμαρτήματα
767 4053 802 4121 ἠ
835 4051 1206 4128 ἀσπλαγχνία,
1235 4052 1299 4106 τὸ
1353 4057 1530 4124 μῖσος,
1579 4053 1642 4106 τὸ
1692 4053 2025 4125 ἀσυμπαθὶς,

367 4141 429 4195 τὸ
491 4141 850 4213 μνησίκακον,
885 4143 913 4196 6
967 4140 1186 4218 φθόνος,
1239 4141 1267 4195 6
1329 4140 1514 4219 φόνος,
1550 4141 1639 4195 καὶ
1699 4143 1732 4210 ἡ
1793 4143 2026 4216 συνεχὴς

367 4230 490 4306 περὶ
536 4230 603 4284 τά
639 4235 861 4285 τοιαῦτα
916 4229 1139 4304 μελέτη.
1175 4232 1342 4293 Ἴασις
1391 4229 1602 4285 τούτων
1653 4230 1742 4284 καὶ
1772 4230 2027 4306 θεραπεία

367 4318 401 4388 ἡ
437 4317 838 4396 φιλανθρωπία,
888 4321 920 4389 ἠ
975 4320 1184 4394 ἀγάπη,
1231 4320 1266 4389 ἠ
1321 4316 1673 4398 φιλαδελφία,
1727 4320 1757 4388 ἠ
1809 4319 2024 4392 συμπά-

366 4408 502 4479 θεια,
551 4409 586 4477 ἠ
628 4408 953 4479 ἀνεξικακία,
1007 4409 1040 4478 ἠ
1092 4408 1430 4485 χρηστότης.
1475 4412 1579 4462 Τοῦ
1628 4407 2024 4480 ἐπιθυμητικοῦ

366 4497 430 4550 τὰ
481 4499 848 4572 ἁμαρτήματα
896 4499 929 4566 ἡ
976 4496 1404 4572 γαστριμαργία,
1437 4503 1470 4566 ἧ
1526 4496 1768 4572 πορνεία,
1813 4498 1847 4566 ἠ
1903 4499 2028 4552 ἀκα-

367 4584 578 4659 θαρσία,
611 4587 646 4655 ἠ
679 4584 950 4662 ἀσέλγεια,
983 4587 1017 4655 ἠ
1051 4585 1494 4663 φιλοχρηματία,
1522 4588 1556 4656 ἠ
1587 4593 1688 4656 τῆς
1722 4581 1884 4657 δόξης
1915 4585 2024 4641 ἐπι-

367 4673 556 4746 θυμία.
590 4681 760 4736 Ἴασις
814 4675 1023 4729 τούτων
1079 4675 1170 4730 καὶ
1232 4675 1506 4750 θεραπεία,
1541 4677 1574 4744 ἠ
1628 4674 1935 4752 ὲγκράτεια,
1984 4678 2018 4746 ἠ
2053 4663 2098 4727 D

365 4763 604 4832 νηστεία,
647 4766 682 4834 ἡ
728 4763 1078 4838 κακοπάθεια,
1130 4764 1164 4832 ἠ
1215 4763 1595 4835 ἀκτημοσύνη,
1643 4765 1670 4818 ὁ
1719 4769 1826 4819 τῶν
1875 4784 2020 4840 χρη-

371 4853 554 4924 μάτων
605 4853 740 4928 πρὸς
799 4851 1030 4923 πένηνας
1090 4853 1452 4926 σκορπισμὸς,
1492 4853 1525 4921 ἠ
1579 4856 1687 4906 τῶν
1747 4854 2023 4907 ἀθανάτων

366 4940 583 4996 ἐκείνων
618 4940 815 5020 ἔφεσις,
850 4965 882 5011 η
915 4942 1015 5010 τῆς
1053 4938 1332 5016 βασιλείας
1373 4945 1470 4995 τοῦ
1520 4945 1658 4996 Θεοῦ
1708 4935 1902 5014 ὄρεξις,
1931 4941 2020 4996 καὶ

366 5030 400 5098 ἠ
433 5037 535 5100 τῆς
565 5030 836 5094 υἱοθεσίας
869 5029 1149 5103 ἐπιθυμία.

490 5135 784 5213 Διάγνωσις
817 5142 924 5191 τῶν
955 5135 1257 5215 λογισμῶν,
1290 5132 1359 5189 δι’
1390 5136 1462 5188 ὧν
1497 5140 1639 5189 πᾶσα
1664 5133 1900 5211 ἁμαρτία

1059 5213 1318 5264 τελεῖται.

435 5317 606 5370 Ὀκτώ
639 5315 737 5370 sic:
772 5315 962 5378 πάντες
994 5317 1046 5369 oi
1094 5312 1424 5380 περιεκτικοὶ
1476 5311 1761 5387 λογισμοί.
1796 5316 2016 5389 Πρῶτος

367 5403 394 5457 6
427 5410 525 5474 τῆς
571 5404 1020 5480 γαστριμαργίας·
1076 5402 1321 5479 δεύτερος
1377 5403 1404 5456 6
1452 5409 1552 5472 τῆς
1600 5401 1872 5476 πορνείας·
1904 5401 2020 5478 τρί-

365 5513 460 5554 τος
501 5493 529 5546 ὁ
559 5500 658 5561 τῆς
693 5493 1074 5572 φιλαργυρίας·
1108 5492 1360 5565 τέταρτος
1412 5491 1439 5545 6
1489 5497 1587 5560 τῆς
1644 5491 1831 5567 ὀργῆς·
1878 5489 2017 5562 πέμ-

369 5602 502 5644 πτος
536 5583 564 5636 ὁ
594 5589 694 5651 τῆς
728 5581 931 5652 λύπης·
965 5579 1115 5643 ἕκτος
1151 5582 1178 5634 6
1209 5587 1308 5649 τῆς
1339 5576 1581 5650 ἀκηὸίας·
1605 5575 1838 5652 ἕϐδομος
1862 5580 1889 5634 6
1921 5586 2019 5648 τῆς

367 5668 701 5741 κενοδοξίας·
739 5666 932 5746 ὄγδοος
965 5671 992 5724 ὁ
1023 5676 1122 5738 τῆς
1174 5668 1560 5746 ὑπερηφανίας.
1605 5668 1836 5730 Τούτους
1884 5669 2012 5721 πάν·

372 5780 464 5822 τας
496 5759 624 5822 τοὺς
660 5757 966 5835 λογισμοὺς
998 5757 1359 5834 παρενοχλεῖν
1390 5757 1484 5830 μὶν
1508 5759 1642 5830 ἡμῖν
1668 5759 1702 5826 ἣ
1732 5759 1808 5830 μή
1832 5777 2020 5831 παρεν-

2142 1993 2229 2043 est
2259 1990 2452 2044 carnis
2483 2004 2667 2058 serva,
2702 2005 2807 2044 nec
2847 2005 3058 2044 vanam
3109 1989 3354 2060 gloriam
3403 1990 3647 2060 appetit,
3688 1989 3789 2044 sed

2140 2077 2388 2131 vertitur
2436 2078 2506 2132 ad
2557 2078 2820 2132 divinum
2871 2077 3260 2132 immortalem
3317 2094 3595 2132 amorem.
3649 2077 3794 2132 Con-

2140 2165 2501 2236 cupiscentia
2532 2182 2781 2236 namque
2831 2167 2902 2220 ad
2955 2167 3067 2220 tria
3111 2171 3334 2221 motum
3383 2166 3559 2221 habet
3589 2182 3790 2234 suum,

2143 2255 2211 2308 ad
2246 2255 2440 2309 carnis
2484 2256 2866 2324 voluptatem,
2901 2259 3003 2309 aut
3051 2255 3121 2308 ad
3153 2270 3363 2308 vanam
3395 2253 3664 2324 gloriam,
3694 2258 3797 2308 aut

2142 2343 2212 2397 ad
2249 2343 2547 2397 fallaciam
2581 2344 2950 2398 divitiarum:
2985 2347 3161 2413 atque
3190 2359 3293 2414 per
3316 2343 3556 2397 stultam
3590 2343 3796 2413 hujus-

2141 2432 2299 2486 modi
2356 2433 2691 2503 cupidinem
2747 2434 2924 2486 Deum
2975 2431 3218 2502 spernit,
3271 2431 3526 2500 itemque
3575 2431 3792 2498 divina,

2140 2537 2257 2574 suae
2289 2520 2656 2576 obliviscitur
2686 2520 3035 2586 nobilitatis,
3067 2536 3133 2574 ac
3163 2520 3219 2573 in
3256 2521 3585 2590 proximum
3619 2535 3794 2574 suum

2139 2609 2364 2674 ferocit,
2399 2609 2815 2679 cogitationem
2867 2609 3228 2677 obtenebrat,
3263 2623 3452 2678 neque
3497 2607 3637 2662 sinit
3665 2624 3794 2662 eam

2139 2697 2428 2768 respicere
2476 2697 2798 2752 veritatem.
2853 2699 2924 2752 At
2968 2697 3069 2768 qui
3117 2695 3461 2752 sublimiore
3519 2695 3793 2766 preditus

2138 2791 2228 2839 est
2259 2792 2451 2840 mente
2475 2787 2598 2854 jam
2631 2802 2698 2840 ex
2730 2787 2839 2840 hac
2869 2787 2987 2840 vita
3013 2786 3246 2851 fruitur,
3281 2801 3458 2857 regno
3489 2783 3790 2853 caelorum,

2138 2872 2434 2944 vitamque
2464 2875 2624 2929 ducit
2674 2876 2922 2943 beatam,
2973 2890 3100 2929 eam
3151 2879 3495 2945 exspectans
3548 2872 3791 2929 felicita-

2137 2965 2278 3025 tem,
2314 2978 2443 3033 quaa
2473 2963 2854 3034 diligentibus
2886 2964 3066 3019 Deum
3099 2967 3353 3035 reposita
3383 2966 3491 3018 est.

2369 3107 2574 3162 Divisio
2597 3113 2649 3161 et
2678 3105 2974 3162 subdivisio
3005 3106 3297 3178 multiplex
3324 3120 3551 3163 ammaz.

2209 3267 2420 3321 Anima
2461 3266 2741 3320 dividitur
2771 3266 2828 3320 in
2884 3265 3317 3332 rationabilem,
3349 3265 3701 3321 irascibilem
3734 3271 3792 3322 et

2140 3355 2675 3428 concupiscibilcm.
2725 3354 3109 3410 Rationabilis
3153 3360 3387 3427 peccata
3432 3355 3554 3410 haec
3601 3360 3788 3412 sunt:

2139 3445 2481 3514 inﬁdelitas,
2541 3444 2798 3516 haeresis,
2843 3443 3200 3517 insipientia:
3253 3444 3613 3511 indiscretio,
3667 3443 3792 3500 bla-

2138 3533 2424 3605 sphemia,
2459 3551 2783 3589 consensus
2814 3534 2885 3588 ad
2931 3534 3320 3605 perpetranda
3374 3539 3628 3606 peccata,
3661 3550 3788 3605 qua

2137 3639 2204 3677 ex
2234 3621 2458 3695 patibili
2491 3627 2651 3694 parte
2684 3623 3022 3694 procedunt.
3071 3623 3289 3678 Horum
3341 3640 3513 3695 porro
3561 3622 3786 3679 medela

2134 3728 2269 3766 vera
2300 3712 2520 3766 curatio
2553 3717 2640 3767 est
2674 3729 2686 3767 :
2724 3712 3050 3767 indubitata
3102 3711 3244 3766 fides
3307 3714 3365 3766 in
3401 3713 3580 3767 Deum
3641 3716 3697 3767 et
3727 3711 3788 3768 in

2135 3817 2272 3855 vera
2301 3801 2594 3872 dogmata,
2630 3801 2901 3872 frequens
2933 3801 3232 3858 meditatio
3254 3801 3622 3858 oraculorum
3655 3801 3789 3872 Spi-

2138 3890 2308 3956 ritus,
2333 3906 2478 3960 pura
2499 3890 2706 3956 oratio,
2735 3895 2789 3944 et
2811 3890 3134 3961 gratiarum
3167 3890 3316 3947 actio
3339 3891 3467 3945 sine
3500 3890 3796 3946 intermis-

2136 3978 2301 4032 sione
2334 3982 2444 4032 Deo
2477 3977 2688 4032 oblata.
2737 3977 3056 4033 Irascibilis
3091 3984 3323 4050 peccata
3364 3984 3503 4034 sunt
3533 3979 3792 4035 immise-

2137 4065 2409 4136 ricordia,
2443 4065 2666 4132 odium,
2700 4067 2938 4121 animus
2999 4066 3532 4122 commiserationis
3561 4083 3788 4140 expers,

2136 4155 2458 4209 recordatio
2493 4154 2868 4224 injuriarum,
2905 4155 3141 4223 invidia,
3175 4157 3379 4221 caedes,
3418 4173 3483 4211 ac
3517 4157 3793 4226 frequens

2134 4259 2331 4298 earum
2369 4259 2560 4297 rerum
2598 4243 2922 4299 meditatio.
2960 4248 3180 4299 Horum
3215 4244 3444 4299 medela
3472 4249 3529 4299 et
3561 4245 3787 4300 curatio

2133 4336 2224 4388 est
2255 4348 2267 4386 :
2304 4331 2663 4398 humanitas,
2697 4332 2978 4401 charitas,
3006 4333 3253 4387 fratrum
3286 4333 3792 4402 dilectio,commi-

2136 4421 2369 4491 seratio,
2405 4420 2706 4493 patientia,
2743 4421 3643 4493 mansuetudo.Concupiscibilis
3669 4438 3796 4493 pec-

2136 4513 2263 4563 cata
2293 4515 2429 4564 sunt
2467 4525 2478 4564 :
2510 4510 2791 4576 edacitas,
2817 4509 3141 4580 fornicatio,
3168 4509 3506 4581 impuritas,
3534 4508 3793 4579 lascivia,

2135 4598 2373 4669 aVarita,
2431 4597 2628 4670 gloria:
2677 4598 2907 4670 cupido.
2960 4598 3180 4654 Horum
3239 4597 3562 4653 remedium
3613 4602 3790 4670 atque

2131 4688 2354 4742 curatio
2388 4692 2509 4743 est:
2541 4687 3286 4758 temperantia,jojunium,
3315 4685 3602 4741 malorum
3636 4686 3785 4742 tole-

2132 4777 2338 4847 rantia,
2395 4781 2726 4848 paupertas,
2803 4775 3033 4848 largitio
3081 4775 3367 4831 bonorum
3429 4775 3788 4848 pauperibus

2129 4867 2305 4936 facta,
2339 4866 2623 4921 bonorum
2663 4865 2892 4920 illorum
2942 4864 3370 4921 immortalium
3403 4864 3784 4932 desiderium,

2131 4955 2292 5027 regni
2326 4955 2426 5010 Dei
2458 4955 2756 5028 appetitio,
2800 4954 3133 5028 adoptionis
3164 4954 3478 5027 cupiditas.

2130 5135 2285 5191 516
2333 5135 2543 5191 Notitia
2588 5135 2983 5206 cogitationum
3032 5134 3226 5204 quibus
3270 5135 3552 5204 peccatum
3623 5146 3781 5189 omne

2802 5207 3108 5277 perﬁcitur.

2199 5311 2592 5383 Cogitationes
2625 5329 2825 5367 omnes
2856 5317 2981 5368 octo
3015 5327 3256 5366 numero
3288 5313 3447 5367 sunt.
3467 5311 3663 5365 Prima
3692 5314 3783 5366 est

2127 5399 2276 5472 gulae
2331 5419 2344 5468 ;
2394 5403 2672 5466 secunda,
2735 5400 3183 5468 fornicationis;
3235 5401 3424 5466 tertia,
3484 5399 3780 5466 avaritiae;

2132 5495 2357 5558 quarta,
2391 5490 2521 5558 ira};
2557 5491 2781 5561 quinta,
2816 5490 3102 5556 tristitiae;
3145 5493 3326 5553 sexta,
3362 5487 3650 5560 pigritiae;
3684 5504 3779 5543 se-

2129 5578 2334 5650 ptima,
2384 5579 2575 5633 inanis
2625 5578 2820 5649 gloria:
2867 5605 2880 5645 ;
2924 5585 3145 5647 octava,
3198 5577 3503 5648 superbiai.
3555 5577 3775 5632 Nostrae

2130 5684 2298 5738 porro
2333 5667 2624 5722 facultatis
2659 5685 2771 5722 non
2795 5673 2903 5734 est,
2932 5673 2991 5720 ut
3024 5668 3107 5721 hae
3145 5685 3348 5722 omnes
3371 5665 3775 5737 cogitationes,

2130 5755 2457 5810 molestiam
2490 5755 2577 5810 vel
2609 5755 2874 5820 afferant,
2911 5755 2992 5809 vel
3038 5771 3152 5810 non
3201 5755 3480 5821 afferant;
3537 5759 3598 5808 ut
3638 5770 3769 5808 vero
