4104 6408
326 422 478 482 1399

1488 417 1553 479 S.
1600 412 2124 477 ATHANASIUS.
2150 447 2228 457 —
2259 413 2568 476 Sl’URlA.

3591 416 3754 476 1400

326 559 624 619 maneant,
656 560 713 609 ct
765 554 1068 627 passiones
1120 553 1393 619 excitent,
1436 551 1521 608 vel
1559 566 1669 605 non
1702 548 1975 605 excitent.

2098 543 2286 619 οχλεῖν
2302 550 2431 600 ’τῶν
2457 545 2556 600 οὐκ
2586 545 2667 623 ἐφ’
2712 548 2848 619 ἡμῖν
2899 547 3061 603 ἐστιν·
3107 547 3361 621 ἐμμένειν
3414 545 3492 618 δὲ,
3525 549 3559 616 ἢ
3596 546 3750 617 πάθη

328 648 539 700 nostris
572 642 867 699 facultatis
897 645 1004 697 est.
1031 640 1201 697 Aliud
1234 641 1389 697 enim
1412 645 1501 695 est
1525 636 1794 709 irruptio,
1819 635 1976 690 aliud

330 733 607 798 udhaasio,
641 732 801 787 aliud
835 731 1051 802 passio,
1084 730 1239 784 aliud
1275 746 1492 801 pugna,
1536 726 1692 781 aliud
1729 740 1978 779 consen~

330 839 454 889 sus,
478 821 634 877 aliud
667 820 947 891 operatio.
974 819 1042 873 Et
1071 818 1313 888 irruptio
1344 817 1582 889 quidem
1614 819 1702 868 est
1731 811 1980 883 simplex

331 908 770 966 reminiscentia
814 908 887 963 ab
935 907 1176 961 inimico
1223 907 1500 971 inducta;
1543 902 1735 975 qualis
1783 906 1872 955 est
1901 900 1977 955 is-

330 1001 478 1055 thzec
510 1016 524 1053 :
563 1001 675 1053 Hoc
704 997 894 1061 facito,
932 995 1016 1050 vel
1045 995 1190 1062 illud
1216 1011 1229 1050 :
1266 998 1328 1050 ut
1358 994 1584 1048 Christo
1614 991 1752 1047 olim
1786 994 1843 1045 et
1863 989 1979 1044 Deo

331 1094 528 1145 nostro
579 1087 800 1143 dictum
853 1091 941 1141 est
990 1102 1003 1140 :
1056 1106 1081 1134 .‹
1137 1084 1235 1138 Dic
1279 1088 1342 1138 ut
1389 1082 1613 1152 lapides
1661 1078 1758 1134 isti
1800 1093 1979 1149 panes

328 1179 475 1233 flant
503 1178 567 1231 ¹⁰.
604 1198 632 1227 ››
664 1176 803 1242 Hoc,
833 1173 916 1228 uti
948 1174 1164 1228 dictum
1200 1178 1308 1240 est,
1341 1188 1519 1243 penes
1551 1186 1657 1225 nos
1690 1185 1805 1224 non
1866 1172 1975 1222 est.

326 1266 596 1323 Adhaesio
642 1270 733 1321 est
781 1263 1066 1319 admissio
1098 1263 1349 1317 inductae
1380 1261 1453 1316 ab
1486 1258 1725 1314 inimico
1756 1258 1976 1329 cogita-

326 1354 525 1421 tionis,
558 1358 616 1409 et
653 1353 824 1424 quasi
876 1351 1174 1407 meditatio
1205 1355 1263 1406 et
1303 1364 1656 1421 congressus
1703 1362 1835 1401 cum
1880 1343 2013 1409 illo,

326 1444 482 1500 circa
524 1442 891 1515 propositum
941 1445 1228 1496 nostrum.
1295 1438 1489 1494 Passio
1536 1442 1626 1493 est
1654 1436 1883 1490 alfe:tio
1912 1450 1980 1489 ex

328 1532 665 1589 adhaesione
696 1534 883 1601 parte,
935 1534 1090 1584 mota
1122 1528 1195 1583 ab
1240 1527 1499 1590 inimico,
1542 1525 1817 1596 passione
1867 1523 1980 1579 sci-

328 1623 465 1677 licet
492 1623 565 1675 ab
597 1619 695 1675 illo
725 1619 974 1674 excitata
998 1636 1011 1686 ;
1034 1623 1241 1688 estque
1274 1616 1428 1670 velut
1457 1614 1761 1680 admissio,
1796 1612 1979 1667 medi-

330 1710 494 1777 tatio,
525 1713 582 1764 et
612 1707 943 1780 phantasia.
977 1707 1180 1777 Pugna
1220 1710 1312 1761 est
1353 1702 1709 1770 colluctatio,
1764 1706 1866 1756 aut
1908 1702 1981 1757 ad

332 1797 752 1853 eliminandam
784 1794 1197 1867 cogitationem
1245 1791 1559 1864 passionis,
1592 1796 1694 1845 aut
1738 1790 1810 1844 ad
1842 1807 1984 1845 con-

332 1902 598 1955 sensum,
630 1891 697 1940 ut
725 1884 808 1939 ait
834 1882 1148 1955 Apostolus
1182 1899 1195 1937 :
1232 1904 1260 1931 ‹‹
1292 1883 1435 1937 Caro
1483 1878 1847 1950 concupiscit
1881 1878 1978 1934 ad-

332 1992 537 2032 versus
569 1974 868 2045 spiritum,
894 1978 952 2027 et
979 1972 1225 2042 spiritus
1250 1971 1535 2024 adversus
1563 1983 1820 2023 carnem.
1853 1967 1983 2023 Haec

331 2070 526 2120 autem
559 2063 671 2119 sibi
704 2063 1107 2116 adversantur.
1142 2062 1209 2113 ιι.
1248 2081 1274 2107 ››
1302 2059 1637 2113 Consensus
1667 2063 1866 2112 autem
1897 2062 1987 2113 est

330 2158 515 2208 nutus
546 2152 617 2207 ad
652 2150 987 2223 passionem
1020 2147 1411 2221 cogitationis.
1444 2145 1716 2218 Operatio
1743 2150 1833 2202 est
1860 2145 1986 2217 ipse

330 2247 518 2297 actus.
555 2238 784 2295 Deletur
832 2253 968 2293 vero
1002 2236 1411 2305 temperantia,
1456 2235 1752 2301 edacitas;
1785 2234 1980 2289 divino

329 2347 530 2387 amore
558 2333 615 2383 et
644 2330 975 2384 futurorum
1009 2325 1318 2392 desiderio,
1353 2323 1696 2387 fornicatio;
1740 2322 1988 2378 commi-

329 2419 619 2476 seratione
664 2432 802 2488 erga
861 2431 1169 2488 pauperes,
1201 2413 1482 2478 avaritia;
1537 2412 1901 2484 benignitate
1930 2399 1988 2466 et

329 2508 614 2564 cbaritate
641 2522 780 2577 erga
807 2520 1034 2560 omnes.
1065 2503 1190 2570 ira;
1224 2500 1512 2571 spirituali
1544 2500 1780 2573 gaudio,
1814 2516 1983 2554 mun-

332 2598 493 2653 dana
521 2594 764 2651 tristitia
792 2610 806 2661 ;
840 2592 1122 2665 patientia
1158 2596 1216 2646 et
1244 2590 1636 2658 tolerantia,et
1666 2588 1990 2661 gratiarum

334 2686 560 2741 actione
590 2684 705 2740 Deo
738 2684 912 2747 facta,
944 2681 1179 2754 pigritia
1206 2698 1220 2747 ;
1252 2678 1499 2735 occultis
1528 2680 1812 2733 virtutum
1846 2692 1987 2746 ope-

334 2774 523 2839 ribus,
558 2788 624 2827 ac
655 2770 944 2843 frequenti
974 2770 1259 2832 oratione,
1282 2768 1477 2824 inanis
1506 2766 1730 2840 gloria:
1757 2766 1987 2821 nullum

322 2861 649 2933 judicando
670 2859 756 2915 vel
790 2859 1141 2931 spernendo,
1167 2859 1496 2928 utjactator
1512 2854 1612 2910 ille
1634 2854 1987 2921 Pharisaaus,

333 2967 578 3023 seseque
603 2949 870 3005 omnium
904 2954 1265 3018 postremum
1301 2945 1650 3016 reputando.
1689 2943 1986 3015 superbia.

334 3039 435 3094 His
466 3037 650 3104 igitur
677 3053 852 3108 supra
886 3035 1061 3091 dictis
1095 3034 1472 3107 passionibus
1522 3033 1765 3087 liberata
1796 3046 1987 3099 mens,

331 3132 390 3182 et
422 3127 489 3181 ad
512 3126 693 3181 Deum
717 3128 929 3185 erecte,
947 3126 1071 3195 jam
1095 3140 1163 3179 ex
1187 3122 1295 3178 hoc
1318 3122 1539 3177 mundo
1572 3122 1802 3176 beatam
1828 3120 1991 3174 ducit

334 3215 539 3277 vitam.
558 3219 796 3287 accepto
816 3213 1068 3286 Spiritus
1095 3212 1422 3268 arrhabone
1444 3227 1457 3265 :
1479 3216 1655 3282 atque
1687 3210 1824 3264 hinc
1854 3225 1988 3279 pro-

330 3305 480 3360 fecta
530 3291 873 3376 passionum
928 3318 1156 3374 expers,
1189 3317 1320 3356 cum
1365 3317 1499 3355 vera
1527 3299 1882 3371 cognitione,
1917 3297 1989 3352 ad

2087 638 2279 701 κινεῖν,
2310 634 2344 702 ἣ
2377 635 2453 705 μή
2503 640 2692 705 κινεῖν,
2724 634 2934 707 ὁμοίως
2981 640 3090 691 τῶν
3140 637 3226 713 ἐφδ
3268 638 3429 709 ἡμῖν.
3461 633 3644 693 νΑλλο
3688 633 3753 691 δέ

2088 721 2199 776 ἐστι
2232 716 2544 797 προσϐολή,
2576 723 2666 777 καὶ
2694 723 2834 779 ἄλλο
2866 722 3228 798 συνδυασμὸς,
3258 726 3348 780 καὶ
3381 721 3523 781 ἄλλο
3553 724 3755 793 πάθος,

2089 810 2178 865 καὶ
2210 808 2351 865 ἄλλο
2383 810 2558 882 πάλη,
2591 811 2679 866 καὶ
2714 809 2856 867 ἄλλο
2887 813 3395 887 συγκατάθεσις,καὶ
3427 811 3572 869 ἄλλο
3600 812 3754 889 ἐνὲρ-
3811 858 3816 861 .

2091 919 2229 972 γεια.
2264 898 2364 953 Καὶ
2395 894 2679 973 προσϐολὴ
2718 901 2811 972 μὲν
2843 896 2983 956 ἔστιν
3014 903 3049 971 ἡ
3098 900 3288 963 ἁπλῶς
3333 900 3616 976 γινομένη.
3648 906 3753 956 τοῦ

2091 986 2297 1063 ἐχθροῦ
2330 987 2657 1060 ὑπόμνησις·
2691 989 2823 1057 οἷον,
2858 990 3094 1060 Ποίησον
3121 988 3267 1057 τόδε,
3298 991 3333 1059 ἣ
3359 987 3504 1045 τόδε·
3540 991 3616 1052 ὡς
3658 988 3750 1044 ἐπὶ

2086 1080 2185 1132 τοῦ
2216 1080 2450 1152 Χριστοῦ
2480 1077 2571 1131 καὶ
2611 1082 2745 1133 Θεοῦ
2776 1078 2959 1151 ἠμῶνσ
2995 1103 3023 1131 ‹‹
3056 1078 3189 1134 Eine
3214 1077 3308 1134 'iva
3337 1080 3391 1134 οἱ
3416 1077 3562 1134 λίθοι
3593 1079 3749 1134 οὗτοι

2089 1166 2243 1241 ἄρτοι
2290 1165 2573 1242 γένωνται.
2609 1190 2637 1219 ››
2676 1171 2869 1235 Τοῦτο,
2920 1167 2994 1230 ὡς
3044 1165 3277 1240 ε’ίρηται,
3311 1166 3413 1222 οὐκ
3452 1166 3533 1245 ἐφ’
3581 1168 3747 1239 ἡμῖν.

2091 1251 2439 1326 Συνδυασμὸς
2476 1251 2533 1310 δέ
2562 1254 2702 1311 ἐστιν
2735 1256 2769 1325 ἠ
2803 1253 3094 1332 παραδοχὴ
3142 1260 3240 1311 τοῦ
3281 1252 3749 1330 ὑποϐαλλομένου

2089 1343 2363 1417 λογισμοῦ
2402 1343 2549 1419 παρὰ
2576 1348 2674 1399 τοῦ
2723 1343 2944 1420 ἐχθροῖν
2972 1346 3084 1400 οἷον
3149 1352 3262 1418 μετ’
3310 1345 3477 1402 αὐτοῦ
3538 1345 3748 1419 μελέτη

2088 1433 2178 1488 καὶ
2212 1432 2408 1505 ὁμιλία
2437 1432 2569 1506 ὑπὲρ
2601 1437 2668 1507 τῇ
2699 1435 3011 1509 προαιρέσει
3060 1437 3242 1509 ἡμῶν.
3281 1434 3455 1498 Πάθος
3497 1432 3556 1491 δέ
3605 1434 3753 1490 ἐστιν

2090 1521 2126 1590 ἠ
2159 1520 2267 1575 ἀπὸ
2294 1524 2393 1575 τοῦ
2436 1518 2782 1593 συνδυασμοῦ
2808 1518 2915 1592 1ίίξις
2942 1521 3203 1597 γινομένη
3236 1523 3383 1598 παρὰ
3410 1527 3509 1578 τοῦ
3541 1521 3751 1597 ἐχθροῦ

2093 1603 2551 1682 ὑποϐαλλομένου
2594 1610 2820 1674 πάθους’
2845 1611 2944 1665 καὶ
3001 1613 3115 1665 οἷον
3160 1612 3195 1681 ἡ
3247 1612 3481 1687 συνοχὴ,
3517 1609 3753 1683 μελέτη,

2090 1696 2181 1752 καὶ
2228 1697 2510 1774 φαντασία.
2562 1696 2717 1768 Πάλη
2780 1696 2839 1753 δὲ
2885 1698 3026 1754 ἐστιν
3077 1700 3112 1769 ἡ
3158 1698 3485 1768 ἀντίστασις,
3525 1701 3560 1769 ἢ
3606 1699 3752 1772 πρὸς

2091 1785 2361 1860 ἀναίρεσιν
2392 1790 2489 1841 τοῦ
2522 1786 2797 1861 λογισμοῦ
2834 1792 2933 1843 τοῦ
2980 1787 3207 1858 πάθους,
3237 1790 3272 1858 ἢ
3300 1788 3436 1863 πρὸς
3486 1788 3756 1863 συγκατάο

2095 1886 2261 1944 θεσιν,
2290 1876 2469 1939 καθώς
2516 1896 2678 1952 φησιν
2727 1876 2756 1931 ὁ
2799 1874 3150 1939 Ἀπόστολος.
3200 1901 3229 1929 ‹‹
3273 1878 3336 1932 Ἡ
3382 1876 3511 1953 σάρξ
3562 1877 3755 1941 ἐπιθυ-

2096 1967 2189 2035 μεῖ
2243 1964 2380 2017 κατὰ
2433 1967 2530 2017 τοῦ
2578 1963 2907 2037 πνεύματος,
2946 1965 3009 2019 τὸ
3066 1963 3125 2020 δὲ
3181 1969 3398 2039 πνεῦμα
3452 1966 3589 2020 κατᾶ
3645 1971 3754 2034 τῆς

2058 2051 2313 2125 ’σαρκός.
2362 2057 2532 2107 Ταῦτα
2581 2050 2639 2108 δὲ
2681 2053 3002 2109 ἀντίκεινται
3050 2052 3353 2125 ἀλλήλοις.
3387 2079 3410 2108 ε
3468 2052 3756 2129 Συγκατά-

2094 2141 2235 2203 θεσις
2285 2138 2342 2195 δὲ
2370 2142 2405 2211 ἠ
2436 2142 2750 2205 κατάνευσις
2804 2143 2940 2219 πρὸς
2989 2143 3054 2199 τὸ
3102 2144 3274 2205 πάθος
3323 2147 3422 2199 τοῦ
3454 2141 3755 2219 λογισμου.

2096 2228 2368 2305 Ἐνέργεια
2418 2227 2475 2284 δὲ
2522 2231 2556 2300 ἠ
2590 2230 2726 2299 αὐτή
2777 2232 2986 2307 πρᾶξις.
3021 2232 3350 2306 Ἀναιρεῖται
3401 2229 3459 2287 δὶ
3499 2232 3602 2287 ὑπὸ
3655 2232 3757 2304 μὲν

2093 2325 2194 2386 τῆς
2252 2316 2559 2394 ἐγκρατείας
2609 2320 2643 2389 ἠ
2695 2320 3115 2397 γαστριμαργία,
3177 2321 3278 2377 61:6
3338 2318 3397 2376 δὲ
3447 2324 3546 2376 τοῦ
3603 2320 3759 2385 θείου

2092 2406 2267 2461 πόθου
2322 2408 2412 2461 καὶ
2459 2410 2557 2475 τῆς
2613 2412 2720 2462 τῶν
2774 2407 3089 2481 μελλόντιυν
3141 2408 3373 2488 ἐφέσεως
3424 2412 3459 2479 ἠ
3502 2409 3755 2486 πορνεία*

2097 2495 2201 2551 ὑπὸ
2233 2493 2292 2550 δὲ
2317 2502 2418 2566 τῆς
2451 2497 2786 2570 συμπαθείας
2815 2500 2913 2567 τῆς
2943 2499 3079 2574 πρὸς
3118 2498 3247 2561 τοὺς
3292 2499 3528 2565 πένητας
3553 2500 3589 2569 ἦ
3624 2498 3759 2577 φιλο

2095 2585 2348 2660 αργυρία’
2386 2585 2489 2639 ὑπὸ
2521 2583 2579 2640 δὲ
2622 2588 2722 2652 τῆς
2771 2585 3106 2661 ἀγαθότητος
3151 2587 3243 2643 καὶ
3290 2590 3391 2657 τῆς
3438 2588 3574 2661 πρὸς
3622 2587 3758 2642 πάν-

2095 2693 2190 2735 τας
2223 2673 2439 2748 ἀγάπης
2470 2676 2505 2744 ἡ
2558 2676 2716 2751 ὁργήσ
2751 2676 2855 2731 61:6
2900 2673 2961 2730 δὲ
3004 2683 3105 2746 τῆς
3154 2679 3524 2750 πνευματικῆς
3576 2683 3759 2753 χαρᾶς

2097 2764 2132 2831 ἡ
2164 2764 2402 2835 κοσμικὴ
2432 2761 2603 2833 λύπη·
2639 2764 2742 2819 61:6
2773 2762 2831 2819 δὲ
2858 2768 2957 2834 τῆς
2991 2766 3299 2837 ὑπομονῆς,
3324 2766 3412 2821 καὶ
3441 2765 3760 2842 καρτερίας,

2097 2850 2185 2905 καὶ
2215 2858 2315 2920 τῆς
2347 2853 2482 2927 πρὸς
2513 2853 2641 2907 Θεὸν
2698 2853 3065 2929 εὐχαριστίας,
3096 2856 3131 2924 ἠ
3165 2852 3382 2921 άκηδία’
3418 2855 3520 2910 61:6
3563 2852 3622 2910 δὲ
3650 2862 3757 2924 τῆς

2097 2943 2343 3014 κρυπτῆς
2396 2946 2505 2996 τῶν
2583 2940 2787 3014 ἀρετῶν
2848 2940 3125 3017 ἐργασίας,
3183 2945 3274 2998 καὶ
3330 2950 3432 3013 τῆς
3488 2949 3759 3020 ωνεχοῦς

2098 3034 2412 3101 προσευχῆς
2440 3030 2474 3099 ἠ
2515 3027 2813 3101 κενοδοξία·
2849 3030 2952 3085 61:6
2996 3028 3054 3086 δὲ
3095 3035 3193 3086 τοῦ
3247 3032 3324 3105 μὴ
3374 3032 3570 3107 κρίνειν
3614 3034 3764 3101 τινα,

2099 3120 2134 3188 ἢ
2162 3119 2480 3193 ἐξουθενεῖν,
2514 3121 2589 3182 ὡς
2620 3123 2648 3176 6
2683 3121 3037 3199 μεγάλαυχος
3088 3129 3412 3199 Φαρισαῖος,
3447 3123 3572 3181 ἀλλ’
3602 3126 3768 3201 ἠγεῖ-

2101 3220 2225 3272 σθαι
2280 3209 2467 3265 ἑαυτὸν
2530 3209 2759 3288 ἔσχατον
2808 3212 3048 3279 πάντων,
3079 3214 3114 3283 ἠ
3149 3213 3506 3293 ὑπερηφανία.
3538 3215 3768 3270 Τούτων

2105 3295 2198 3351 οῦν
2254 3302 2365 3352 τῶν
2426 3299 2731 3376 εἰρημένων
2777 3304 2963 3366 παθῶν
2991 3303 3020 3357 6
3056 3306 3185 3364 νοῦς
3234 3301 3636 3378 ἐλευθερωθεὶς,
3671 3304 3768 3359 καὶ

334 3391 533 3447 lumen
563 3398 777 3448 sanctas
810 3408 875 3446 ac
907 3391 1086 3446 beatae
1106 3389 1412 3445 Trinitatis
1443 3389 1678 3443 sistitur
1699 3387 1755 3442 in
1781 3385 1985 3442 saecula

2104 3387 2243 3461 πρὸς
2302 3389 2431 3443 Θεὸν
2486 3388 2811 3462 ἀνυψωθεὶς,
2844 3391 3156 3455 ἁπεντεῦθεν
3218 3395 3284 3466 ζῇ
3331 3393 3430 3461 τήν
3496 3392 3768 3469 μακαρίαν

337 3481 567 3536 intlnita
598 3498 730 3537 cum
765 3480 984 3535 sanctis
1016 3479 1242 3551 angelis
1273 3477 1592 3549 refulgens.

2112 3476 2281 3546 ζωὴν,
2312 3476 2404 3531 τὸν
2458 3473 2747 3554 ἀρραϐῶνα
2795 3476 3093 3555 δεχόμενος
3143 3484 3239 3535 τοῦ
3292 3479 3626 3554 Πνεύματος’
3676 3493 3775 3545 καὶ

336 3573 444 3622 τῶν
509 3567 743 3633 ἐντεῦθεν
803 3564 1170 3638 ἀποδημήσας
1232 3564 1368 3639 μετὰ
1425 3563 1684 3625 ἀπαθείας
1759 3562 1849 3617 καὶ
1934 3560 2190 3635 γνώσεως
2275 3564 2537 3636 ἀληθοῦς,
2596 3565 2918 3643 παρίσταται
2971 3573 3052 3641 τῷ
3108 3569 3249 3648 φωτὶ
3308 3576 3406 3641 τῆς
3464 3570 3621 3647 ἁγίας
3679 3568 3775 3627 καὶ

355 3657 621 3733 μακαρίας
654 3653 889 3732 Τριάδος
921 3656 995 3718 εἷς
1027 3655 1226 3716 αἰῶνας
1258 3653 1589 3726 ἀπεράντους
1624 3652 1758 3725 μετὰ
1785 3655 1892 3705 τῶν
1928 3650 2090 3726 ἁγίων
2124 3651 2374 3727 ἀγγέλων
2408 3653 2923 3729 καταλαμπόμενος.

814 3776 1101 3831 Distinctio
1135 3775 1481 3845 passionum.

413 3885 754 3940 Passienum
779 3883 904 3939 alia:
925 3899 1212 3954 corporea:
1236 3885 1396 3951 sunt,
1425 3880 1550 3936 alia:
1573 3880 1830 3935 animam
1864 3896 1995 3950 spe-

339 3978 520 4029 ctant.
576 3974 895 4045 Corporeas
949 3971 1227 4038 dicimus,
1259 3970 1630 4037 edacitatem,
1664 3967 1994 4023 fornicatio-

340 4078 498 4129 nem,
529 4061 893 4129 ebrietatem,
927 4059 1251 4115 lasciviam.
1280 4059 1552 4115 Animam
1604 4063 1864 4128 spectare
1908 4056 1995 4111 di-

340 4150 531 4207 cimus
561 4150 755 4219 hasce,
779 4150 978 4205 odium
1013 4166 1150 4220 erga
1183 4148 1537 4220 proximum,
1560 4146 1731 4216 iram,
1758 4153 1990 4202 conten-

338 4239 579 4308 tionem,
636 4240 866 4294 inanem
920 4238 1190 4310 gloriam.
1244 4242 1342 4294 Hae
1409 4236 1468 4292 in
1533 4239 1731 4293 anima
1796 4242 1995 4292 nostra

337 4332 674 4400 operantur,
705 4330 948 4384 absente
978 4327 1265 4383 cbaritate
1295 4332 1353 4382 et
1384 4324 1806 4399 temperantia;
1845 4342 1993 4396 pra:-

339 4422 505 4474 sente
546 4422 742 4472 autem
796 4416 1079 4472 cbaritate
1126 4422 1304 4487 atque
1350 4413 1760 4487 temperantia,
1792 4412 1994 4469 istbmc

338 4506 536 4561 omnia
566 4504 874 4571 delentur;
905 4505 1022 4561 alia
1061 4522 1163 4576 per
1204 4504 1569 4575 spiritualem
1619 4502 1989 4572 charitatem,

335 4595 452 4651 alia
502 4611 602 4667 per
641 4595 935 4665 jejunium
986 4599 1045 4649 et
1088 4594 1558 4665 temperantiam.
1609 4593 1774 4647 Tunc
1832 4592 1989 4646 enim

339 4699 506 4739 mens
533 4682 926 4739 domesticum
978 4682 1179 4738 lumen
1227 4682 1458 4754 accipit,
1489 4698 1557 4738 ac
1609 4682 1790 4736 Deum
1831 4677 1990 4734 nullo

335 4774 501 4829 obice
526 4771 701 4831 videt.

867 4879 942 4933 De
971 4880 1069 4935 Dei
1096 4880 1458 4951 providentia.

404 5000 615 5059 Omnia
645 5018 711 5057 ex
744 5001 861 5057 Deo
913 5008 1073 5068 sunt,
1105 5003 1281 5069 bona,
1314 5002 1526 5071 tristia,
1572 5000 1851 5074 indigna;
1884 5002 1985 5057 sed

335 5091 452 5148 alia
481 5092 717 5163 quidem
755 5090 964 5163 placito
995 5093 1162 5163 ejus;
1198 5091 1330 5159 alia,
1365 5092 1838 5162 dispensatione;
1874 5089 1988 5148 alia

338 5180 744 5253 permissione.
772 5184 905 5247 Quae
938 5179 1150 5253 placito
1181 5180 1309 5251 ejus
1338 5180 1660 5251 (eveniunt)
1681 5196 1813 5234 cum
1835 5180 1987 5235 scili-

330 5274 419 5325 cet
448 5269 623 5324 vitam
659 5269 714 5324 in
749 5270 963 5325 virtute
990 5270 1219 5341 agimus
1244 5287 1258 5338 ;
1282 5269 1403 5324 vult
1425 5286 1681 5341 namque
1703 5269 1855 5325 Deus
1878 5287 1985 5326 nos

330 5358 456 5415 sine
488 5364 721 5432 peccato
755 5360 987 5431 degere,
1022 5364 1193 5430 atque
1246 5374 1376 5414 cum
1429 5359 1641 5431 pietate
1687 5362 1739 5413 et
1771 5358 1984 5414 virtute

325 5447 502 5504 vitam
563 5447 891 5502 instituere.
961 5448 1404 5520 ltispcnsatione
1470 5456 1684 5517 autem,
1745 5449 1981 5518 quando

325 5536 475 5609 lapsi
498 5541 557 5595 et
577 5542 708 5608 post
740 5540 1043 5608 peccatum
1079 5536 1402 5593 admissum
1434 5536 1811 5609 castigamur.
1848 5541 1981 5592 Per-

400 5730 446 5765 ¹⁰
473 5726 681 5784 Matth.
714 5743 792 5796 ιν,
823 5728 878 5783 2.
957 5731 1001 5766 ¹¹
1037 5728 1225 5787 Galat.
1257 5748 1314 5800 v,
1348 5732 1433 5790 17.

2018 4839 2066 4904 D

2611 3772 2854 3838 Διάθεσις
2893 3780 3000 3831 τῶν
3041 3777 3248 3836 παθῶν.

2180 3877 2305 3932 Τῶν
2356 3880 2539 3934 παθῶν
2592 3879 2657 3935 τὰ
2704 3881 2800 3954 μὲν
2830 3878 2941 3937 ἔστι
2973 3883 3371 3955 σωματικὰ,τᾶ
3424 3881 3483 3939 δὶ
3534 3883 3771 3959 ψυχικά.

2106 3966 2205 4020 Καὶ
2239 3969 2525 4039 σωματικὰ
2581 3971 2676 4042 μὲν
2728 3970 2963 4045 λέγομεν
2994 3971 3449 4048 γαστριμαργίαν,
3480 3971 3765 4046 πορνείαν,

2108 4054 2301 4128 μέθην,
2333 4056 2638 4133 άσὲλγειαψ
2672 4059 2883 4135 ψυχικα
2914 4058 2972 4116 δὲ
3005 4066 3163 4133 μῖσος
3194 4062 3329 4136 πρὸς
3376 4061 3471 4116 τὸν
3498 4059 3763 4131 πλησίον,

2105 4145 2322 4222 φθόνος,
2355 4141 2489 4223 ἔρις,
2540 4146 2836 4220 κενοδοξία,
2889 4148 3247 4227 ὑπερηφανία.
3279 4153 3457 4204 Ταῦτα
3505 4146 3564 4203 δὲ
3614 4149 3763 4225 ἐνερ-

2102 4238 2289 4307 γοῦσιν
2323 4234 2398 4297 εἰς
2429 4237 2529 4305 τήν
2561 4236 2829 4312 ἡμετέραν
2871 4239 3083 4312 ψυχὴν,
3118 4237 3362 4308 ἀπούσης
3410 4236 3629 4313 ἀγάπης
3672 4237 3764 4292 καὶ

2103 4320 2415 4397 ἐγκρατείας
2443 4344 2456 4356 ·
2516 4324 2797 4400 παρούσης
2844 4321 2902 4380 δὲ
2961 4325 3176 4400 ἀγάπης
3254 4326 3345 4381 καὶ
3421 4324 3766 4402 ἐγκρατείας,

2099 4415 2267 4467 ταῦτα
2327 4412 2501 4469 πάντα
2557 4413 2983 4492 ἐξαφανίζονται,
3031 4417 3099 4471 τά
3180 4417 3274 4489 μὲν
3356 4416 3459 4471 ὑπὸ
3542 4415 3764 4492 ἀγάπης

2101 4508 2493 4572 πνευματικῆς,
2548 4503 2616 4557 τὰ
2672 4500 2729 4557 δὲ
2786 4504 2889 4558 ὑπὸ
2945 4504 3194 4575 νηστείας
3258 4504 3349 4559 καὶ
3424 4502 3761 4579 ἐγκρατείας.

2100 4588 2231 4644 Τότε
2260 4590 2359 4665 γὰρ
2392 4591 2420 4645 ὁ
2451 4595 2575 4654 νοῦς
2605 4592 2696 4647 καὶ
2723 4593 2787 4648 τὸ
2819 4594 3019 4648 οἰκεῖον
3062 4598 3177 4672 φῶς
3232 4588 3617 4667 ἀπολαμϐάνει
3670 4594 3763 4649 καὶ

2100 4677 2189 4732 τὸν
2224 4679 2351 4733 Θεὸν
2384 4678 2873 4757 άπαρεμποδίστως
2904 4682 3025 4758 ὁρᾷ.

2489 4878 2618 4955 Περὶ
2647 4886 2747 4947 τῆς
2773 4884 2872 4934 τοῦ
2900 4884 3036 4935 Θεοῦ
3064 4879 3347 4956 προνοίας.

2169 5003 2341 5057 Πάντα
2391 5002 2450 5058 ἐκ
2495 5006 2592 5058 τοῦ
2641 5007 2793 5071 Θεοῦ,
2829 5002 2919 5058 καὶ
2965 5003 3033 5059 τὰ
3077 5004 3266 5081 ἀγαθὰ,
3297 5003 3387 5059 καὶ
3432 5004 3501 5059 τὰ
3531 5002 3759 5080 λυπηρὰ

2093 5091 2182 5146 καὶ
2210 5091 2278 5147 τά
2305 5091 2506 5163 ἀνάξια·
2535 5089 2683 5147 ἀλλὰ
2711 5091 2777 5147 τά
2808 5092 2902 5166 μὲν
2955 5091 3193 5166 εὐδοκία,
3224 5092 3291 5148 τὰ
3334 5090 3393 5149 δέ
3437 5092 3751 5168 οίκονομίᾳ,

2092 5181 2160 5235 τὰ
2208 5178 2266 5235 δὲ
2312 5181 2725 5257 παραχωρήσει.
2756 5180 2855 5235 Καὶ
2910 5181 2975 5236 τὰ
3025 5183 3142 5236 κατ’
3192 5177 3460 5254 εὐδοκίαν,
3492 5180 3585 5236 ὅτε
3631 5182 3754 5237 κατ’

2096 5270 2289 5345 ἀρετὴν
2342 5267 2761 5342 πολιτευώμεθα
2792 5287 2804 5301 ·
2867 5267 3122 5346 βούλεται
3178 5271 3283 5347 γὰρ
3336 5270 3487 5344 ἡμᾶς
3538 5270 3566 5323 6
3618 5270 3755 5332 Θεὸς

2095 5361 2507 5433 ἀναμαρτήτους
2556 5355 2781 5435 διάγειν,
2828 5358 2919 5413 καὶ
2971 5359 3106 5432 μετᾶ
3151 5366 3252 5430 τῆς
3311 5353 3608 5426 εὐσεϐείας,
3658 5359 3753 5413 καὶ

2094 5449 2289 5524 ἀρετῆς
2328 5446 2724 5503 πολιτεύεσθαι.
2758 5448 2883 5503 Κατ’
2930 5447 3249 5523 οἰκονομίαν
3280 5445 3358 5519 δὲ,
3392 5446 3517 5503 ὅταν
3570 5446 3754 5527 σφαλ-

2093 5537 2322 5610 λόμενοι
2377 5536 2465 5591 καὶ
2534 5536 2931 5613 ἁμαρτάνοντες
2988 5535 3393 5612 παιδευώμεθα.
3448 5537 3594 5593 Κατὰ
3639 5558 3753 5593 πα-

2092 5627 2415 5703 ραχώρησιν
2477 5622 2557 5697 δὲ,
2588 5624 2711 5681 ὅταν
2763 5623 3147 5702 παιδευόμενοι
3201 5627 3279 5700 μὴ
3311 5625 3744 5704 ἐπιστρὲφωμεν·
