4104 6374
331 473 465 531 MOI

1275 453 1702 516 SYN'I'AGMA
1748 452 1850 508 AD
1895 447 2286 517 QUEMDAM
2334 440 2782 503 POLITICUM.

3575 431 3600 485 -1
3612 425 3730 484 402

321 601 582 670 εὖδὸκητε
621 601 721 673 γὲιρ
757 601 781 651 6
817 597 942 673 Θεὸς
993 594 1082 646 τὸν
1128 593 1408 663 ἄνθρωπον
1473 591 1729 651 σωθῆναι,
1790 581 1964 640 καθὼς

2091 578 2364 632 missione
2390 592 2680 644 vero,cum
2715 570 2979 642 castigati
3014 587 3124 624 non
3162 560 3726 622 convertimur.Nam

2091 668 2111 673 _
2253 667 2264 673 .
2349 668 2359 673 -
2589 665 2636 673 ..
2773 664 2781 673 ι
3019 660 3030 673 ι
3205 657 3233 673 n
3312 656 3321 664 '
3396 650 3700 673 ,,,____J__‘.-

319 693 407 746 καὶ
441 692 491 743 οἱ
542 687 762 764 αγγελοι
810 680 978 738 ἐϐόων
1031 679 1304 754 λέγοντες·
1352 700 1378 725 ‹‹
1429 675 1560 742 Δόξα
1613 671 1663 725 ἐν
1726 670 1968 742 ὑψίστοις

321 784 456 850 Θεῷ,
508 776 595 832 καί
649 776 837 850 εἰρήνη
887 771 973 825 ἐπὶ
1023 777 1127 843 γῆς
1172 767 1221 820 ἐν
1273 764 1575 834 ἀνθηέπτοις
1629 757 1891 818 εὐδοκίας.
1939 780 1967 806 ››

321 870 702 938 Οἶκονομικῶς
747 861 804 917 δὲ
850 859 1013 914 πάλιν
1065 853 1304 910 παιδεύει
1351 855 1499 924 ἡμᾶς
1546 848 1968 923 ἁμαρτάνοντας,

333 982 358 1012 α
382 958 473 1010 τίνα
505 956 578 1027 μή
615 955 705 1006 σὺν
739 973 819 1022 τῳ
849 949 1042 1020 κόσμῳ
1071 944 1505 1016 κατακριθῶμεν,
1544 964 1562 988 ι
1603 937 1676 998 ὥς
1723 957 1882 1014 φησιν
1942 934 1968 987 ὁ

326 1041 680 1102 Ἀττόσ-τολος·
722 1065 740 1088 ιι
781 1037 1097 1114 Κρινόμενοι
1127 1031 1182 1087 δὲ
1217 1031 1318 1086 ὑπὸ
1349 1033 1448 1082 τοῦ
1481 1026 1683 1101 Κυρίου
1714 1021 1968 1078 παιδευό-

326 1145 478 1206 μεθα.
543 1131 656 1187 Οὐκ
709 1127 819 1181 ἔστι
880 1125 1037 1179 κακία
1100 1122 1150 1176 έν
1198 1120 1380 1186 πόλει,
1435 1120 1498 1185 ἦν
1550 1117 1577 1168 6
1630 1113 1830 1187 Κύριος
1873 1111 1971 1166 οὐκ

323 1221 567 1286 ἐποίησε·
629 1239 655 1269 ιι
720 1215 962 1271 τουτέστι
1025 1210 1282 1282 λοιμοὺς,
1344 1205 1564 1278 λιμοὺς,
1620 1204 1826 1264 νόσους,
1879 1200 1968 1254 καὶ

323 1311 524 1388 σψαγὲις
583 1306 866 1378 πολέμων.
937 1306 1118 1359 Ταῦτα
1175 1299 1276 1373 γὰρ
1337 1295 1507 1349 πάντα
1555 1300 1652 1361 τῆς
1710 1289 1970 1365 ἁμαρτίας

323 1398 465 1453 ἐστὶν
526 1395 851 1470 ἀναιρετικάο
916 1393 1243 1466 Παραχωρεῖ
1298 1385 1353 1440 δὲ
1405 1383 1491 1438 καὶ
1541 1381 1763 1441 τελείως
1814 1379 1970 1451 ἐγκα-

322 1484 650 1558 ταλιμπιίνει
710 1483 836 1543 τοὺς
902 1482 977 1552 μὴ
1035 1478 1290 1536 θέλοντας
1359 1475 1393 1542 ἢ
1452 1472 1847 1544 ἀναμαρτήτοις
1897 1465 1973 1521 δι-

329 1577 499 1650 άγειν,
546 1577 582 1642 ἦ
640 1570 1063 1642 παιδευομένους
1117 1567 1189 1638 μὴ
1224 1561 1579 1639 ἔπιστρέφειν,
1615 1558 1739 1614 ἀλλ’
1773 1554 1848 1612 ἔτι
1903 1561 1971 1629 τῇ

327 1663 485 1734 κακίᾳ
516 1660 789 1734 ἐμμένειν,
822 1658 997 1717 καθὼς
1031 1655 1348 1730 γέγραπται,
1399 1651 1482 1704 ὅτι
1541 1674 1567 1700 ‹‹
1625 1647 1975 1724 Τετύφλωκεν

329 1754 357 1806 ὁ
389 1753 518 1812 Θεὸς
573 1747 745 1804 αὐτῶν
776 1747 902 1801 τους
935 1741 1274 1822 ὀφθαλμοὺς,
1306 1741 1394 1795 καὶ
1439 1739 1766 1809 πεπώρωκεν
1799 1735 1972 1788 αὐτῶν

323 1842 424 1909 τήν
455 1835 695 1915 καρδίαν·
738 1859 758 1888 ι
794 1835 903 1889 καί·
941 1858 968 1885 ι(
1003 1829 1316 1904 Παρέδωκεν
1351 1827 1544 1887 αὐτοὺς
1590 1826 1664 1886 είς
1713 1823 1976 1893 ἀδόκιμον

325 1934 450 1983 νοῦν
484 1933 653 1983 ποιεῖν
688 1927 756 1982 τὰ
788 1925 862 1997 μή
903 1925 1229 1993 καθήκοντα·
1284 1943 1304 1969 ιι
1356 1915 1652 1985 τουτέστιν,
1708 1912 1850 1968 εἶάσε
1890 1910 1978 1966 διὰ

324 2019 388 2073 τὸ
418 2016 778 2087 αὐτεξούσιον·
813 2013 901 2067 καί
940 2038 956 2061 σ
1000 2009 1331 2081 Σκληρῦνων
1375 2002 1665 2078 σκληρυνῶ
1694 2004 1790 2070 τὴν
1844 2021 1979 2072 καρ-

327 2106 440 2163 δίαν
475 2107 698 2182 Φαραώ·
756 2129 781 2153 n
813 2103 1077 2171 τουτέστι,
1129 2098 1522 2172 παραχωρήσω
1571 2092 1977 2167 σκληρυνθῆναι

327 2195 414 2252 διὰ
441 2197 540 2266 τὴν
575 2195 829 2250 ἀπαθειαν
863 2191 1048 2246 αὐτοῦ.

663 2283 788 2353 Περέ
820 2288 918 2350 τῆς
951 2275 1429 2349 αὖτεξουσιότητος
1463 2275 1642 2344 ἡμῶν.

396 2376 410 2395 ρ
577 2373 589 2392 .
717 2372 730 2388 ι
834 2371 854 2384 ς,
1208 2365 1220 2385 ,
1366 2364 1378 2382 ,
1555 2359 1577 2376 ,ι

413 2376 456 2431 Ο
501 2380 628 2434 Θεος
676 2392 769 2426 τον
830 2371 1109 2443 ανθρωπον
1165 2365 1500 2434 αυτεξουσιον
1555 2358 1773 2430 επλασε,
1829 2359 1979 2434 λόγῳ

325 2463 415 2519 καὶ
449 2461 612 2540 σοφίᾳ
663 2458 982 2533 τιμηθέντα,
1034 2456 1140 2530 πρὸ
1187 2453 1485 2532 ὀφθαλμῶν
1517 2450 1680 2503 αὖ»τοῦ
1713 2449 1824 2511 θεὶς
1878 2448 1976 2514 τὴν

332 2553 473 2622 ζωήν
505 2549 595 2605 καὶ
645 2570 735 2604 τον
771 2550 1016 2611 θάνατον·
1047 2543 1158 2614 ’ίνα,
1202 2543 1246 2598 εἷ
1283 2543 1376 2614 μὲν
1423 2537 1639 2609 θελήσει
1687 2541 1756 2611 τῇ
1798 2536 1978 2606 αὐτεξ-

329 2640 608 2706 ουσιότητι
637 2645 735 2707 τῆς
768 2642 934 2705 ζωῆς’
980 2634 1284 2708 παραθήσῃ,
1341 2631 1478 2703 ζήσῃ
1531 2628 1607 2689 εἰς
1654 2627 1746 2681 τὸν
1793 2625 1975 2693 αἶῶνᾳ’

330 2729 375 2784 εί
409 2727 466 2782 δὲ
518 2728 623 2782 ἀπὸ
680 2733 850 2794 κακῆς
912 2724 1279 2798 προαιρέσεως
1337 2719 1638 2792 παραθήσει
1694 2715 1792 2783 τήν
1854 2711 1976 2768 ὁδὸν

327 2822 424 2872 τοῦ
458 2818 707 2886 θανάτου,
736 2813 971 2874 αἶωνίως
995 2810 1318 2880 κολάζηται.
1349 2807 1430 2863 Τὰ
1460 2806 1562 2881 γὰρ
1611 2811 1710 2873 τῆς
1768 2802 1977 2879 φύσεως

329 2900 684 2977 ἀμετάϐλητα
723 2899 846 2957 οὔτε
887 2905 1164 2976 τιμωριῶν
1202 2897 1323 2952 οὔτε
1360 2901 1529 2969 τιμῆς
1591 2893 1729 2963 ἄξια,
1788 2889 1980 2952 Οὐδεὶς

328 2996 431 3070 γὰρ
463 2992 728 3063 ἐνεκλήθη
781 2991 912 3045 ποτε
957 2990 1020 3044 τὸ
1067 2991 1196 3043 εἶναι
1248 2987 1462 3052 λευκὸς,
1598 2980 1789 3055 μέλας,
1823 2982 1856 3050 ἢ
1914 2979 1977 3034 τὸ

331 3068 462 3137 εἶναι
499 3081 726 3156 μακρὸς,
790 3081 824 3148 ἢ
891 3077 1100 3153 μικρός·
1163 3075 1224 3129 οὐ
1281 3075 1379 3150 γὰρ
1435 3079 1533 3141 τῆς
1573 3071 1845 3145 ἡμετέρας
1875 3068 1978 3123 εἶσὶ

327 3169 717 3246 προαιρέσεως.
795 3172 910 3222 Τῶν
993 3166 1095 3241 γὰρ
1163 3171 1262 3232 τῆς
1339 3162 1705 3237 προαιρέσεως
1778 3157 1866 3212 καὶ
1924 3157 1978 3211 αἱ

326 3259 579 3320 κολάσεις
640 3257 742 3312 εἶσὶ
793 3255 880 3311 καὶ
939 3257 993 3310 αἱ
1052 3253 1225 3327 τιμαί.
1276 3252 1624 3328 Ἀμφοτέρων
1668 3249 1759 3302 οὗν
1793 3247 1974 3323 χρεία,

326 3347 541 3417 καὶτῆς
574 3345 842 3421 ἡμετέρας
898 3341 1104 3420 βουλῆς
1152 3341 1241 3395 ναὶ
1293 3339 1588 3410 θελήσεως,
1631 3337 1720 3391 καὶ
1750 3343 1850 3405 τῆς
1881 3339 1976 3390 τοῦ

331 3441 461 3490 Θεοῦ
521 3433 822 3510 συνεργείας
881 3433 970 3487 καὶ
1027 3429 1388 3503 ἀντιλήψεως·
1451 3427 1635 3501 ἑτέρου
1713 3425 1816 3500 γὰρ
1871 3423 1976 3479 λεί-

327 3545 521 3585 ποντος
579 3523 733 3599 ἀργεῖ
789 3521 878 3576 καὶ
931 3522 992 3575 τὸ
1047 3515 1251 3594 ἕτερον.
1301 3516 1556 3592 Προέγνω
1614 3516 1716 3590 γὰρ
1768 3515 1795 3568 6
1827 3512 1978 3580 Θεὸς,

325 3615 412 3668 καὶ
471 3614 768 3689 προιίιρισε,
821 3612 910 3665 καὶ
964 3608 1237 3675 ἐκάλεσεν,
1287 3604 1432 3662 ἀλλὰ
1474 3604 1602 3665 τοὺς
1661 3605 1795 3658 κατᾶ
1846 3600 1978 3674 πρό-

329 3715 470 3766 θεσιν
524 3699 766 3771 κλητοὺς
821 3695 996 3765 ὄντας,
1056 3698 1235 3759 καθώς
1305 3717 1459 3774 φησιν
1535 3695 1561 3748 6
1621 3691 1976 3762 Ἀπόστολος,

327 3791 570 3846 τουτέστι
617 3790 751 3844 κατᾶ
803 3788 1022 3858 θέλησιν
1073 3785 1161 3840 καὶ
1225 3784 1511 3861 βούλησιν·
1561 3781 1689 3844 τοὺς
1739 3784 1842 3856 γὰρ
1901 3782 1975 3853 μὴ

335 3879 702 3953 βουληθέντας
755 3875 896 3932 ε”ασε
947 3875 1025 3948 τῷ
1077 3874 1251 3930 αὐτῶν
1319 3872 1632 3947 πορεύεσθαι
1685 3867 1976 3942 θελήματι.

328 3967 404 4024 Οὖ
462 3968 562 4044 γὰρ
627 3967 903 4042 βλάζεται,
966 3961 1096 4019 οὐδὲ
1157 3961 1472 4036 λυμαίνεται
1519 3961 1581 4014 τὸ
1637 3957 1976 4028 αὐτεξούσιον

328 4059 510 4130 ἡμῶψ
561 4064 661 4126 τῆς
711 4058 813 4131 γὰρ
874 4055 958 4110 ἐπ’
1002 4050 1166 4130 ἄμφω
1197 4051 1393 4127 ῥοπῆς,
1424 4049 1559 4123 πρὸς
1592 4049 1804 4122 ἀρετήμ
1833 4068 1979 4123 φημι

326 4146 415 4200 καὶ
445 4145 655 4216 κακίαν,
686 4145 748 4198 τὸ
782 4143 1120 4213 αὐτεξούσιον
1155 4135 1442 4212 ἐλάϐομεν.
1477 4135 1644 4194 Οὐδὲν
1694 4141 1801 4190 τῶν
1835 4137 1980 4207 παρᾶ

326 4239 422 4290 τοῦ
453 4239 583 4288 Θεοῦ
617 4231 878 4288 δοθέντων
906 4234 1042 4304 ἡμῖν
1073 4230 1148 4292 είς
1180 4235 1403 4305 χρῆσιν,
1435 4225 1619 4280 κακόν’
1680 4224 1851 4278 πάντα
1875 4226 1977 4301 γὰρ

330 4323 428 4379 ὅσα
458 4323 517 4378 ἐκ
543 4328 640 4378 τοῦ
671 4321 804 4377 Θεοῦ
846 4320 1009 4392 καλὰ,
1055 4321 1146 4375 καὶ
1197 4318 1318 4374 λίαν
1367 4315 1527 4371 καλὰ·
1561 4317 1595 4383 ἡ
1629 4313 1976 4389 παράχρησις

331 4413 494 4486 μόνον
528 4411 708 4466 κακόν·
750 4415 846 4465 τοῦ
877 4410 980 4485 γὰρ
1012 4407 1283 4483 ἡμετέρου
1311 4405 1448 4462 ἐστίν
1491 4402 1852 4474 αὐτεξουσίου.
1885 4406 1978 4459 Διὸ

328 4502 388 4556 οὐ
419 4503 486 4555 τὰ
530 4502 796 4576 βρώματα
842 4500 1027 4567 κακὸν,
1089 4497 1215 4553 ἀλλ’
1271 4500 1306 4566 ἠ
1372 4493 1793 4571 γαστριμαργία·
1854 4492 1978 4550 οὐδὲ

330 4588 670 4661 παιδοποιία,
707 4587 833 4643 ἀλλ’
863 4591 897 4657 ἡ
931 4586 1174 4661 πορνεία·
1207 4582 1332 4640 οὐδὲ
1368 4582 1670 4656 μετάληψις
1699 4587 1794 4636 τοῦ
1826 4582 1976 4637 οἷ’νου

2081 668 2192 722 Ι)ρο
2214 667 2490 738 placitum
2517 669 2604 719 est
2626 664 2922 718 hominum
2952 660 3172 713 salvum
3204 650 3728 722 ﬁeri,quemadmo-

2080 759 2218 811 dum
2254 762 2309 810 et
2339 756 2524 826 angeli
2562 753 2894 808 clamabant
2927 749 3184 804 dierntcs
3221 763 3274 798 zu
3312 745 3505 798 Gloria
3537 740 3592 792 in
3630 754 3726 791 ex-

2078 848 2250 902 celsis
2299 851 2427 907 l_)eo,
2480 848 2536 896 et
2584 845 2640 896 in
2695 847 2845 896 terra
2898 857 3025 909 pax,
3074 837 3130 889 in
3183 835 3328 890 517
3390 828 3721 884 hominibus

2081 940 2242 992 bonze
2266 935 2583 991 voluntatis
2608 935 2672 999 ‘9,
2696 955 2720 981 ι)
2748 932 2889 986 Cum
2921 927 3238 984 (nconomia
3261 940 3392 977 vero
3419 939 3520 975 nos
3545 917 3723 974 corri-

2081 1027 2165 1098 pit
2199 1030 2526 1097 pcccantes,
2567 1043 2587 1067 α
2625 1027 2687 1074 ut.
2739 1038 2850 1074 non
2887 1034 3017 1071 rum
3073 1017 3176 1069 hoc
3213 1013 3430 1066 mundo
3481 1011 3721 1062 damne-

2082 1133 2270 1177 mur,»
2305 1120 2366 1168 ut
2396 1114 2477 1166 ait
2508 1112 2819 1183 Apostolus
2858 1126 2867 1162 :
2903 1131 2928 1154 (ι
2960 1108 3100 1160 Cum
3129 1102 3468 1173 judicamur
3499 1103 3716 1163 autem,

2081 1223 2112 1260 a
2130 1204 2373 1260 Domino
2393 1197 3008 1273 corripimur‘3.—Non
3030 1199 3117 1248 est
3141 1192 3358 1247 malum
3387 1191 3441 1242 in
3467 1188 3720 1256 civitate,

2081 1295 2234 1365 quod
2260 1310 2374 1346 non
2418 1291 2614 1345 fecerit
2653 1287 2935 1343 Dominus
2971 1287 3031 1346 ιδ,
3069 1307 3094 1330 ››
3121 1284 3173 1336 id
3208 1284 3318 1349 est,
3355 1285 3596 1350 pestem,
3637 1275 3722 1328 fa-

2083 1403 2260 1456 mem,
2293 1383 2572 1438 bellorum
2610 1381 2813 1435 credes.
2853 1383 2978 1432 Haec
3004 1377 3158 1432 enim
3193 1374 3390 1430 omnia
3423 1374 3727 1442 peccatum

2084 1475 2374 1528 auferunt.
2411 1471 2700 1525 Permittit
2729 1485 2861 1522 vero
2886 1471 3061 1536 atque
3085 1464 3323 1518 omnino
3351 1460 3492 1514 sinit
3517 1455 3729 1526 eosqui

2085 1563 2209 1618 sine
2245 1566 2478 1634 peccato
2525 1561 2730 1629 degere
2776 1556 3008 1621 nolunt,
3040 1557 3336 1623 correptos
3383 1566 3493 1602 non
3530 1562 3731 1601 emcn-

2085 1651 2231 1720 dari,
2267 1651 2364 1703 sed
2399 1650 2453 1702 in
2489 1646 2708 1702 malitia
2746 1659 3131 1716 perseverare,
3162 1639 3241 1694 uti
3279 1638 3558 1707 scriptum
3593 1638 3682 1688 est.
3716 1649 3728 1688 :

2086 1764 2114 1791 «
2143 1739 2458 1795 Excmcavit
2477 1738 2629 1792 Deus
2652 1734 2851 1788 oculos
2875 1737 3160 1795 eorum,et
3181 1745 3278 1783 cor
3298 1743 3495 1782 eorum
3521 1724 3730 1778 obscu-

2087 1831 2270 1897 ravit;
2300 1850 2324 1880 η
2362 1834 2417 1883 et
2449 1846 2460 1882 ζ
2491 1849 2516 1880 ι
2545 1825 2805 1880 Tradidit
2837 1841 2933 1876 ros
2964 1822 3020 1874 in
3052 1822 3362 1889 reprobum
3397 1817 3734 1879 sensum,ut

2010 1947 2057 2010 Β
2091 1921 2302 1975 faciant
2335 1935 2402 1973 ea
2432 1935 2556 1989 qum
2582 1933 2691 1970 non
2721 1913 3068 1967 conveniunt
3099 1911 3167 1972 '5;
3198 1931 3222 1953 η
3250 1909 3300 1958 id
3323 1911 3429 1966 est,
3469 1902 3734 1976 permisit

2091 2011 2162 2065 ob
2194 2009 2439 2064 liberum
2464 2005 2771 2060 arbitrium
2801 2020 2812 2069 ;
2839 2007 2894 2056 et
2921 2019 2930 2053 :
2962 2026 2984 2048 ‹‹
3015 2000 3301 2054 lndurnns
3331 1994 3614 2048 indurabo
3639 2008 3739 2046 cor

2093 2099 2412 2154 Pharaonis
2445 2098 2518 2163 '5;
2560 2119 2582 2142 n
2619 2095 2672 2148 id
2706 2098 2815 2162 est,
2849 2091 3180 2164 permittam
3215 2085 3474 2141 lt‘ttlUt‘al‘l
3508 2086 3577 2137 ob
3611 2084 3740 2154 ejus

2091 2190 2270 2245 animi
2307 2187 2654 2244 socordiam.

2150 2270 2159 2282 ’
2521 2280 2602 2330 De
2633 2275 2799 2329 libero
2830 2276 3016 2327 nostro
3047 2269 3298 2324 arbitrio.

2167 2373 2313 2422 Deus
2347 2365 2644 2421 hominem
2680 2363 2929 2416 liberum
2964 2360 3116 2424 fecit,
3149 2357 3322 2412 verbo
3354 2360 3408 2409 et
3454 2351 3742 2423 sapientia

2089 2460 2386 2524 ornatum,
2423 2454 2611 2526 posita
2644 2458 2777 2506 ante
2799 2451 2925 2520 ejus
2958 2450 3157 2503 oculos
3181 2447 3297 2499 vita
3322 2450 3495 2514 atque
3530 2447 3736 2502 morte,

2090 2551 2153 2602 ut
2184 2547 2230 2601 si
2266 2545 2502 2617 quidem
2537 2541 2781 2596 voluerit
2807 2541 2987 2593 libero
3011 2555 3116 2591 suo
3137 2535 3377 2591 arbitrio
3405 2533 3576 2584 vitam
3613 2547 3734 2584 am-

2091 2637 2286 2709 plecti,
2321 2634 2470 2688 vivat
2514 2633 2572 2687 in
2623 2630 2941 2695 szrculum;
2976 2628 3063 2682 sin
3120 2643 3291 2699 pravo
3342 2622 3586 2677 consilio
3633 2621 3737 2674 vias

2091 2725 2296 2781 mortis
2327 2723 2581 2787 insistat,
2616 2727 2893 2775 aeternum
2925 2718 3232 2773 crucietur.
3270 2722 3401 2780 Qua:
3435 2712 3589 2767 cnim
3632 2727 3738 2764 na-

2090 2820 2220 2870 tura
2243 2814 2416 2868 habet
2442 2809 3050 2877 immutabilia,nequc
3072 2803 3360 2876 supplicio
3385 2801 3559 2872 digna
3577 2803 3736 2867 sunt,

2089 2920 2278 2974 neque
2329 2901 2585 2973 praemio.
2633 2899 2812 2953 Nemo
2858 2896 3071 2967 quippe
3119 2908 3376 2961 unquam
3427 2894 3737 2943 accusatus

2090 2991 2217 3060 fuit,
2251 2989 2398 3060 quod
2454 2988 2528 3042 sit
2571 2986 2742 3041 albus
2788 2984 2870 3037 vel
2910 2983 3089 3054 niger,
3125 2986 3224 3035 aut
3273 2978 3426 3049 quod
3478 2975 3548 3028 sit
3602 2993 3737 3045 pro-

2090 3096 2231 3135 cerae
2264 3077 2346 3132 vel
2381 3093 2564 3149 parvae
2615 3079 2848 3128 staturae
2885 3089 2897 3126 :
2933 3088 2999 3125 ea
3029 3069 3183 3124 enim
3221 3085 3332 3121 non
3367 3081 3542 3138 penes
3575 3065 3735 3119 arbi-

2088 3168 2266 3224 trium
2302 3172 2568 3221 nostrum
2603 3164 2718 3217 sita
2750 3161 3058 3217 sunt.Nam
3094 3156 3380 3228 supplicia
3413 3161 3467 3209 et
3500 3152 3738 3224 praemia

2091 3257 2373 3313 voluntati
2406 3261 2462 3310 et
2511 3252 2804 3326 proposito
2854 3250 3214 3304 tribuuntur.
3251 3246 3504 3315 Utraque
3562 3243 3738 3314 igitur

2102 3307 2372 3313 """""‘"
2411 3307 2460 3310 "
2513 3307 2528 3326 ι
2621 3307 2635 3322 ι
3410 3307 3424 3315 ,
3583 3307 3613 3314 ν

2008 3307 2051 3374 C
2099 3365 2159 3403 re
2190 3364 2337 3419 opus
2387 3359 2515 3413 est;
2549 3342 2847 3397 voluntate
2897 3337 3138 3406 scilicet,
3173 3353 3272 3390 seu
3311 3333 3600 3405 proposito
3635 3347 3738 3384 no-

2097 3442 2240 3505 stro,
2271 3453 2336 3491 ac
2387 3436 2480 3490 Dei
2514 3431 2726 3488 auxilio
2773 3435 2830 3484 et
2859 3427 3196 3500 patrocinio.
3241 3422 3431 3477 Altero
3482 3435 3738 3490 namque

2089 3530 2436 3592 deﬁciente,
2497 3527 2744 3579 alterum
2805 3527 2894 3576 est
2947 3517 3175 3573 inutile.
3233 3514 3521 3570 Praescivnt
3579 3513 3734 3566 enim

2093 3624 2265 3686 Deus,
2301 3615 2700 3690 praedeﬁnivit,
2735 3618 2790 3666 et.
2835 3611 3075 3674 vocavit,
3110 3609 3207 3662 sed
3242 3623 3340 3660 eos
3390 3605 3487 3675 qui
3521 3619 3734 3658 secun-

2089 3709 2228 3764 dum
2283 3705 2645 3778 propositum
2695 3699 2882 3755 vocati
2930 3703 3086 3760 sunt,
3123 3692 3613 3767 quemadmodum
3651 3691 3736 3746 ait

2092 3795 2407 3869 Apostolus
2441 3797 2504 3862 ¹’¹,
2557 3794 2609 3847 id
2659 3796 2766 3857 est,
2819 3788 3140 3845 secundum
3195 3783 3550 3837 voluntatem
3588 3797 3600 3835 :
3637 3798 3736 3836 eos

2089 3889 2302 3960 quippe
2333 3886 2431 3956 qui
2464 3883 2780 3947 noluerint,
2814 3879 2953 3936 sinit
2996 3879 3120 3950 ipse
3151 3878 3221 3931 ad
3271 3892 3436 3930 suam
3470 3872 3736 3928 volunta-

2088 3981 2203 4031 tem
2237 3982 2291 4031 et
2323 3974 2686 4046 propositum
2739 3971 3024 4025 incedere.
3059 3972 3180 4021 Non
3215 3965 3328 4019 vim
3363 3964 3539 4018 infert
3582 3963 3734 4016 arbi-

2087 4065 2199 4119 trio
2230 4068 2453 4123 nostro,
2491 4077 2676 4131 neque
2723 4059 2880 4112 laedit
2924 4059 3136 4128 ipsum.
3181 4054 3524 4123 Accepimus
3576 4051 3735 4104 enim

2089 4161 2298 4208 nutum
2334 4152 2402 4205 ad
2441 4155 2750 4218 utramque
2787 4152 3049 4217 partem;
3083 4145 3150 4197 ad
3188 4143 3459 4195 virtutem
3507 4155 3733 4209 nempe,

2088 4243 2144 4294 et
2173 4240 2243 4292 ad
2270 4239 2494 4300 vitium,
2527 4235 2771 4290 liberum
2797 4233 3017 4287 scilicet
3041 4229 3372 4285 arbitrium.
3408 4227 3483 4280 Ex
3505 4226 3576 4280 iis
3609 4243 3734 4296 quas

2091 4344 2124 4383 a
2158 4333 2267 4382 Deo
2297 4325 2465 4380 nobis
2498 4325 2565 4377 ad
2603 4339 2771 4376 usum
2811 4324 2943 4376 data
2974 4325 3111 4374 sunt
3145 4317 3286 4371 nihil
3321 4322 3409 4371 est
3461 4314 3679 4369 malum
3715 4331 3727 4369 :

2088 4417 2287 4471 omnia
2315 4414 2470 4469 enim
2523 4430 2648 4485 quaa
2679 4429 2746 4467 ex
2776 4411 2891 4466 Deo
2943 4408 3261 4480 procedunt
3305 4407 3454 4460 bona
3487 4407 3642 4472 sunt=
3678 4408 3736 4458 et

2091 4504 2404 4560 admodum
2454 4503 2644 4565 bona;
2679 4500 2840 4555 solus
2885 4500 3105 4553 abusus
3155 4497 3365 4559 malus,
3399 4497 3494 4564 qui
3549 4494 3730 4547 nostri

2091 4595 2275 4649 solius
2306 4593 2527 4646 arbitrii
2561 4597 2666 4646 est.
2702 4591 3089 4655 Quamobrem
3124 4605 3238 4642 non
3290 4585 3402 4640 cibi
3440 4583 3594 4648 mali,
3633 4584 3733 4637 sed

334 4677 459 4734 ἀλλ’
490 4679 524 4748 ἡ
564 4677 722 4750 μέθη’
756 4674 882 4732 οόδὶ
910 4677 976 4730 τὰ
1019 4678 1302 4751 χρήματα,
1361 4672 1486 4729 ἀλλ’
1543 4675 1577 4741 ἡ
1629 4670 1975 4749 φιλαργυρία·

2091 4683 2326 4755 crapula
2359 4699 2370 4736 :
2409 4698 2595 4751 neque
2628 4680 2939 4735 liberorum
2981 4675 3316 4748 procreatio,
3350 4675 3449 4728 sed
3488 4672 3734 4727 lornica-

335 4764 459 4821 οὐδὲ
491 4767 525 4836 ή
560 4763 706 4837 δόξα,
738 4763 885 4821 ἀλλὰ
916 4767 951 4836 ἠ
984 4762 1282 4836 κενοδοξία.
1317 4763 1438 4838 Χρὴ
1471 4761 1561 4816 οὖν
1593 4761 1763 4817 πάντα
1784 4769 1981 4835 ποιεῖν,

337 4859 473 4914 ὥστε
501 4860 600 4928 τήν
634 4879 980 4935 παραχρησιν
1010 4855 1248 4934 φεύγειν,
1279 4855 1368 4910 καὶ
1399 4856 1704 4930 χρήσασθαι
1734 4860 1849 4918 τοῖς
1881 4877 1983 4911 πα-

339 4949 401 5023 ρὰ
434 4952 567 5002 Θεοῦ
600 4945 800 5002 δοθεῖσι
832 4946 1076 5008 δικαίως·
1107 4945 1251 5000 οὕτω
1280 4946 1379 5020 γὰρ
1410 4947 1714 5007 ποιοῦντες,
1764 4946 1854 4998 καὶ
1883 4951 1981 5013 τῆς

335 5036 525 5098 κακίας
556 5036 823 5114 ἀνώτεροι
857 5035 1216 5112 γενησόμεθα,
1249 5034 1338 5090 καὶ
1367 5040 1466 5103 τῆς
1500 5033 1693 5105 ἀρετῆς
1725 5033 1870 5095 ἐντὸς
1903 5035 1985 5089 εὑ-

336 5130 601 5201 ρεθῶμεν.

337 5304 608 5372 Συνήθεια
645 5304 840 5380 ⁸σαφὴς
871 5301 982 5380 ,καὶ
1040 5301 1331 5380 σιξντομος,
1354 5301 1514 5380 ᾉκαξλ
1537 5294 1829 5380 διάγνωσις
1884 5303 1984 5370 τῆς

593 5368 828 5436 πίστεως
859 5378 1020 5448 ἡμῶν
1044 5377 1142 5443 τῆς
1173 5368 1226 5428 ἐν
1253 5377 1321 5447 τῇ
1353 5368 1536 5447 Τριάδι
1572 5368 1714 5445 ἁγίᾳ.

407 5476 726 5554 Ὀφείλομεν
786 5478 1053 5534 πιστεῦιιν
1112 5479 1185 5540 ὡς
1253 5472 1672 5548 ἐϐαπτίσθημεν·
1754 5470 1981 5531 ἀϐαπτί-

333 5578 538 5638 σθτ,μεν
595 5564 652 5621 δὲ
711 5567 785 5629 είς
835 5568 897 5621 τὸ
954 5567 1124 5640 ὄνομα
1181 5571 1277 5621 τοῦ
1327 5563 1554 5642 Πατρός,
1585 5565 1675 5620 καὶ
1704 5569 1800 5620 τοῦ
1832 5564 1980 5637 Ι“ἱοῦ,

407 5695 451 5729 ¹²
485 5694 618 5750 Luc.
654 5711 716 5763 ιι,
750 5696 800 5751 1.
883 5696 924 5731 ¹³
954 5695 975 5750 Ι
1006 5695 1135 5750 Cor.
1169 5711 1270 5762 xu,
1302 5695 1392 5748 32.
1474 5695 1520 5730 ¹⁴
1545 5695 1723 5748 Amos
1753 5695 1908 5760 111,6.

331 5781 407 5830 Ix,
437 5765 527 5820 39.

1989 5694 2032 5730 ¹⁸
2059 5693 2225 5751 Joan.
2259 5712 2358 5759 xu,
2379 5696 2482 5764 4ος
2517 5697 2683 5752 Rom.
2719 5713 2756 5764 ι,
2787 5697 2875 5749 28.

2094 4771 2174 4826 tio
2208 4788 2221 4825 :
2257 4787 2361 4826 nec
2389 4770 2508 4824 vini
2541 4773 2730 4840 potus,
2756 4769 2853 4823 sed
2889 4767 3136 4822 ebrietas
3173 4783 3184 4819 :
3222 4782 3332 4820 non
3367 4762 3600 4830 divitiae,
3635 4761 3734 4814 sed

2094 4860 2337 4915 avaritia
2370 4877 2381 4913 :
2418 4876 2529 4914 non
2580 4857 2784 4930 gloria,
2820 4857 2916 4912 sed
2952 4873 3098 4911 vana
3137 4854 3338 4925 gloria.
3375 4851 3523 4908 Nihil
3563 4852 3740 4919 initur

2095 4965 2210 5004 non
2241 4949 2559 5019 agendum,
2592 4955 2656 5003 ut
2699 4948 2950 5002 abusum
3002 4946 3317 5016 fugiamus,
3352 4947 3527 5012 atque
3561 4940 3738 5011 probe

2095 5041 2331 5092 utamur
2360 5037 2432 5091 iis
2465 5037 2679 5108 quibus
2710 5054 2742 5091 a
2777 5041 2886 5090 Deo
2916 5035 3112 5090 donati
3160 5051 3369 5088 sumus
3426 5031 3569 5085 Nam
3596 5028 3651 5082 id
3688 5028 3736 5080 si

2093 5141 2362 5197 agamus,
2393 5130 2450 5181 et
2498 5126 2721 5180 malitia
2746 5125 3002 5196 vitioque
3047 5123 3376 5194 superiores
3406 5119 3650 5187 erimus,
3682 5122 3740 5172 et

2085 5215 2244 5271 intra
2275 5216 2504 5272 virtutis
2537 5215 2754 5272 limites
2786 5215 3172 5271 inveniemur.

2095 5325 2282 5378 Brevis
2311 5327 2366 5377 et
2407 5325 2568 5378 clara
2599 5323 2839 5395 formula
2873 5326 2922 5376 et
2970 5323 3167 5376 notitia
3197 5322 3328 5389 ﬁdei
3363 5323 3560 5375 nostra:
3590 5323 3740 5374 rirca

2603 5405 2848 5449 sanctam
2880 5395 3227 5448 Trinitatem.

2163 5481 2408 5537 Credere
2440 5481 2742 5548 debemus,
2779 5487 2842 5536 ut
2871 5481 3144 5550 baptizati
3179 5495 3425 5546 sumus;
3458 5480 3733 5550 baptizati

2093 5575 2287 5625 autem
2323 5587 2531 5626 sumus
2563 5570 2620 5624 in
2655 5571 2890 5625 nomine
2942 5569 3126 5624 Patris
3157 5575 3214 5624 et
3246 5568 3369 5623 Flllt
3399 5575 3455 5623 et
3485 5568 3739 5639 Spiritus

2954 5696 2995 5731 ¹⁸
3027 5697 3201 5751 Exod.
3237 5697 3419 5764 1v,2t.
3503 5696 3540 5728 ³⁷
3573 5694 3738 5750 Rom.
