4104 6370
428 410 583 471 1403

1586 413 1650 472 S.
1699 411 2225 471 ATHANASIUS.
2247 445 2324 456 —
2356 413 2672 475 SPUHIA.

3674 420 3812 478 1404

427 542 636 612 sancti,
671 543 729 598 in
773 560 946 599 unam
993 543 1216 600 scilicet
1262 543 1680 610 substantiam,
1716 550 1771 598 et
1801 544 2072 598 deitatem

2192 541 2275 595 καὶ
2327 549 2423 597 τοῦ
2456 545 2612 620 ἁγίου
2649 544 2979 617 Πνεύματος·
3025 544 3099 606 ε’ς
3153 543 3276 617 μίαν
3329 544 3510 599 οὐσίαν
3562 544 3815 618 δηλονότι,

429 637 482 688 et
516 633 573 687 in
608 650 791 688 unum
823 650 1090 706 regnum,
1113 634 1425 705 imperium
1451 637 1508 688 et
1527 633 1803 688 virtutem
1833 649 1844 687 :
1879 649 1945 686 ac
1970 637 2086 686 tres

429 723 794 796 hypostases,
851 722 968 778 sive
1014 739 1315 794 personas,
1366 726 1424 777 et
1474 722 1863 789 characteres,
1906 726 1964 776 et
2012 718 2084 792 (si

430 813 512 866 ita
562 811 853 882 appellare
898 811 1065 881 velis)
1099 811 1505 882 proprietates.
1541 811 1685 865 Nam
1737 810 1893 864 aliud
1946 815 2087 864 sunt

430 901 801 972 hypostases,
835 899 991 954 aliud
1026 899 1379 955 substantia.
1413 899 1811 954 Substantiam
1868 898 2084 970 quippe

430 988 798 1061 appellamus
857 989 1338 1043 communitatem
1398 989 1577 1042 trium
1626 987 2078 1059 hypostasium:

432 1086 606 1142 unius
637 1087 792 1141 enim
831 1092 1050 1142 naturae
1083 1092 1138 1141 et
1186 1087 1530 1142 substantia
1563 1092 1701 1142 sunt
1731 1092 1848 1141 tres
1883 1103 2076 1159 perso-

433 1175 896 1247 meliypostasin
933 1180 1128 1230 autem
1161 1180 1749 1246 vocamus,naturam
1782 1192 1913 1229 cum
1947 1175 2082 1228 cha-

432 1264 810 1320 racteristicis
842 1265 1336 1336 proprietatibus;
1373 1263 1524 1320 alius
1569 1265 1724 1319 enim
1757 1268 1846 1320 est
1893 1265 2079 1330 Pater,

433 1353 584 1407 alius
622 1353 820 1422 Filius,
854 1354 1001 1408 alius
1050 1353 1302 1424 Spiritus
1353 1358 1612 1410 sanctus.
1648 1355 1807 1419 Quod
1843 1354 2080 1424 quidem

433 1443 819 1514 proprietates
848 1459 949 1499 seu
999 1444 1341 1514 hvpostases
1375 1443 1598 1510 dividit,
1635 1444 1732 1497 sed
1769 1459 1880 1496 non
1911 1446 2084 1496 natu-

433 1548 577 1585 ram.
605 1531 725 1586 Non
767 1537 957 1586 tamen
993 1531 1150 1585 aliud
1181 1537 1237 1586 et
1267 1531 1445 1598 aliud,
1481 1533 1634 1604 quod
1669 1532 1949 1586 divideret
1980 1548 2081 1584 na-

429 1623 612 1686 turas;
645 1621 744 1675 sed
779 1622 1041 1688 ejusdem
1077 1625 1297 1675 naturae
1329 1625 1384 1675 et
1414 1621 1678 1691 ejusdem
1711 1621 2077 1675 substantiae.

428 1707 615 1763 Simul
642 1709 796 1776 enim
830 1710 999 1764 Pater
1023 1715 1079 1764 et
1100 1710 1280 1764 Filius
1303 1715 1359 1764 et
1397 1710 1647 1780 Spiritus
1671 1713 1911 1764 sanctus
1938 1727 1951 1776 ;
1977 1709 2078 1764 sed

427 1800 596 1852 Pater
648 1801 738 1852 est
770 1798 1089 1870 ingenitus,
1125 1799 1303 1854 Filius
1348 1798 1539 1870 proles
1570 1799 1775 1863 Patris,
1811 1799 1980 1870 quasi
2012 1814 2081 1854 ex

428 1885 552 1946 sole
600 1885 798 1941 lumen
849 1892 900 1941 et
949 1903 1016 1941 ex
1051 1891 1242 1942 mente
1292 1887 1558 1942 verbum.
1599 1887 1850 1958 Spiritus
1883 1891 2075 1942 autem
2109 1913 2160 1980 B

431 1979 692 2040 sanctus,
725 1974 964 2030 emissio
997 1975 1206 2030 Patris.
1241 1975 1548 2046 Proprium
1599 1991 1734 2046 ergo
1787 1975 1940 2032 518
1973 1975 2080 2030 Pa-

429 2062 538 2117 tris
568 2067 657 2118 est
686 2065 835 2133 quod
862 2064 940 2120 sit
965 2064 1260 2136 ingenitus
1285 2081 1386 2119 seu
1411 2082 1524 2119 non
1550 2066 1804 2136 genitus,
1836 2070 1892 2118 et
1925 2065 2077 2136 quod

429 2156 668 2208 vocetur
719 2154 926 2208 Pater:
962 2153 1260 2225 proprium
1319 2153 1469 2224 Filii,
1503 2155 1657 2224 quod
1706 2158 1940 2208 vocetur
1982 2153 2080 2207 Fi-

432 2241 569 2310 lius,
618 2244 676 2295 et
723 2241 999 2312 gignatur
1046 2258 1113 2298 ex
1164 2246 1381 2298 Patre:
1446 2243 1745 2315 proprium
1805 2243 2079 2314 Spiritus,

432 2329 587 2401 quod
619 2334 852 2384 vocetur
899 2330 1151 2401 Spiritus
1183 2334 1424 2386 sanctus
1455 2335 1512 2385 et
1564 2347 1630 2385 ex
1663 2331 1831 2386 Patre
1881 2348 2080 2402 proce-

434 2419 553 2474 dat.
600 2419 804 2473 Trium
855 2435 986 2474 vero
1055 2435 1437 2490 personarum
1484 2420 1605 2476 sive
1647 2419 2078 2492 bypostasium,

433 2524 550 2562 una
583 2512 812 2573 natura,
845 2525 963 2562 una
993 2508 1281 2576 voluntas,
1305 2525 1421 2563 una
1451 2509 1727 2580 operatio,
1763 2526 1882 2564 una
1913 2509 2082 2564 boni-

433 2601 543 2663 tas,
601 2614 719 2652 una
776 2597 981 2665 virtus,
1029 2615 1211 2652 unum
1266 2597 1569 2670 placitum.
1606 2598 1967 2670 Quapropter
2024 2601 2081 2653 et

430 2702 615 2741 unum
669 2686 851 2742 Deum
903 2687 1269 2741 conﬁtemur.
1304 2687 1425 2742 Non
1477 2687 1633 2743 enim
1665 2686 1818 2743 alius
1865 2689 1937 2742 ab
1967 2686 2079 2742 alio

433 2777 687 2848 separati
718 2781 876 2847 sunt,
911 2777 1060 2832 sicut
1108 2777 1397 2844 homines,
1432 2794 1621 2850 neque
1651 2778 1941 2834 sententia
1969 2778 2079 2832 dif-

430 2869 627 2923 ferunt
661 2885 672 2923 :
706 2869 806 2923 sed
833 2868 1010 2924 simul
1040 2873 1228 2937 Pater,
1254 2869 1456 2934 Filius,
1481 2875 1538 2926 et
1559 2871 1809 2941 Spiritus
1841 2874 2081 2927 sanctus

430 2976 546 3014 una
576 2959 906 3015 consistunt
951 2959 1080 3015 sine
1110 2960 1450 3017 confusione
1480 2965 1536 3016 et
1585 2960 1890 3017 divisione.
1926 2959 2078 3016 Una-

427 3066 675 3122 quaeque
701 3055 896 3106 autem
930 3056 1271 3122 persona,ut
1301 3051 1524 3107 dictum
1557 3058 1666 3122 est,
1695 3069 1862 3108 suam
1888 3057 2080 3108 servat

427 3137 863 3209 proprietatem,
910 3137 1024 3193 alia
1081 3137 1514 3210 paternitatem,
1548 3139 1662 3195 alia
1711 3139 2075 3209 ﬁliation'em,

427 3232 541 3288 alia
573 3233 1025 3305 processionem.
1058 3235 1115 3289 Si
1137 3251 1274 3307 ergo
1297 3239 1350 3290 te
1389 3235 1522 3306 quis
1543 3235 1894 3310 interroget:
1927 3237 2073 3302 Quid

425 3327 514 3378 est
563 3323 774 3379 Pater?
803 3325 1087 3396 responde
1133 3323 1216 3379 illi
1251 3341 1264 3379 :
1300 3327 1458 3391 Quod
1494 3325 1674 3382 Filius
1712 3332 1769 3381 et
1819 3327 2073 3398 Spiritus

425 3416 688 3480 sanctus,
739 3429 983 3469 manens
1033 3417 1227 3468 tamen
1280 3417 1470 3468 Pater.
1507 3415 1668 3479 Quod
1717 3415 1766 3470 si
1816 3415 2070 3471 dixerit:

427 3509 574 3574 Quid
600 3516 688 3566 est
711 3510 891 3566 Filius
910 3511 938 3566 ?
967 3512 1254 3584 responde
1281 3528 1294 3567 :
1325 3513 1486 3576 Quod
1528 3513 1694 3568 Pater
1724 3518 1780 3570 et
1800 3513 2074 3586 Spiritus,

430 3605 890 3656 manenstamen
925 3601 1126 3656 Filius.
1161 3600 1557 3673 Similiterque
1596 3603 1666 3657 de
1695 3603 1913 3674 Spiritu
1940 3620 2075 3659 san-

429 3693 521 3743 cto
556 3705 568 3742 :
600 3688 745 3744 illud
795 3690 951 3744 enim
985 3693 1075 3745 est
1104 3693 1254 3760 quod
1291 3694 1461 3746 Pater
1493 3695 1552 3745 et
1594 3691 1796 3761 Filius,
1831 3709 2078 3748 manens

426 3780 627 3832 tamen
687 3776 938 3847 Spiritus
996 3782 1257 3832 sanctus.
1319 3778 1651 3849 Proprietas
1732 3780 2077 3850 immobilis,

432 3866 928 3936 quemadmodum
961 3866 1043 3922 ait
1071 3865 1157 3920 vir
1189 3867 1247 3920 in
1285 3865 1571 3939 theologis
1623 3885 1874 3941 magnus
1905 3875 1962 3924 et
1992 3870 2078 3924 di-

431 3953 603 4009 vinus
659 3954 990 4026 Gregorius.
1025 3957 1327 4022 Quomodo
1381 3973 1636 4028 namque
1685 3957 1901 4014 dixeris
1950 3975 2082 4031 pro-

434 4044 744 4115 prietatem
801 4061 1058 4113 manere,
1092 4046 1138 4100 si
1204 4051 1503 4101 moveatur
1552 4052 1610 4102 et
1665 4048 1952 4105 concidat.
1987 4049 2085 4104 Est

433 4131 635 4203 itaque
686 4135 890 4201 deitas,
927 4139 991 4190 ut
1022 4134 1223 4205 paucis
1273 4134 1664 4203 absolvemus,
1708 4137 2083 4194 indivisibilis

438 4220 497 4275 in
524 4221 764 4290 divisis;
791 4222 932 4278 illud
961 4223 1287 4278 secundum
1312 4229 1608 4290 naturam,
1632 4225 2083 4282 hocsecundum

439 4310 822 4383 hypoetases.-
843 4314 1006 4369 Sicut
1032 4313 1092 4369 in
1113 4314 1307 4370 tribus
1332 4313 1558 4372 solibus
1583 4323 1790 4374 mutuo
1812 4317 2086 4374 haerenti-

437 4400 550 4456 bus
586 4419 701 4456 una
743 4402 891 4458 foret
917 4401 1067 4457 lucis
1115 4402 1467 4459 commistio.
1501 4407 1643 4460 Cum
1676 4407 1874 4479 itaque
1905 4408 2087 4463 deita-

437 4493 578 4556 tem,
603 4507 730 4562 quaa
757 4497 846 4547 est
867 4491 926 4546 in
947 4508 1063 4545 una
1079 4496 1308 4557 natura,
1335 4493 1804 4566 respiciemus,et
1835 4495 2085 4568 primam

441 4595 677 4636 causam
727 4587 784 4637 et
827 4581 1248 4650 monarchiam,
1303 4600 1487 4638 unum
1533 4589 1622 4640 est
1663 4586 1820 4657 quod
1867 4586 2084 4658 cogita-

442 4686 608 4738 mus;
665 4687 797 4726 cum
831 4674 1026 4726 autem
1059 4672 1444 4743 proprietates
1475 4678 1532 4728 et
1563 4691 1841 4745 personas
1869 4674 1927 4729 in
1959 4675 2086 4746 qui-

440 4759 551 4814 bus
582 4759 878 4828 divinitas,
913 4765 1033 4815 tres
1080 4766 1221 4816 sunt
1268 4778 1396 4832 quas
1445 4763 1781 4819 adorantur.
1819 4764 2092 4837 Exempla

440 4864 612 4919 porro
660 4848 876 4916 adsint,
911 4866 1037 4921 qua:
1070 4849 1382 4906 obscuram
1429 4853 1748 4923 quamdam
1805 4857 1979 4910 tanta:
2007 4855 2090 4910 rei

438 4935 757 5009 imaginem
791 4938 1390 5006 adumhrent,divinaa
1415 4957 1623 5012 nempe
1655 4947 1899 5014 naturae,
1923 4944 2093 5014 juxta

438 5025 778 5101 theologum
813 5028 1340 5100 Gregorium,oculi
1371 5035 1675 5102 aspectum
1709 5033 2090 5106 cogita,aquaa

435 5116 876 5190 scaturiginem,
924 5118 1144 5172 fontem
1187 5121 1244 5172 et
1294 5117 1577 5186 ﬂuvium;
1613 5119 1733 5176 haec
1781 5121 1935 5177 enim
1985 5139 2091 5178 nec

436 5208 700 5278 tempore
731 5207 927 5278 aliquo
961 5207 1203 5273 distant,
1229 5223 1413 5276 neque
1447 5213 1586 5262 sunt
1609 5209 1760 5266 inter
1780 5227 1842 5266 se
1867 5211 2088 5282 avulsa,

439 5299 504 5348 ut
533 5312 594 5351 se
629 5300 830 5352 mutuo
865 5313 978 5351 non
1014 5296 1360 5367 contingant
1385 5315 1397 5364 ;
1420 5299 1653 5353 tametsi
1679 5300 1947 5355 videntur
1966 5318 2092 5372 pro-

434 5385 784 5457 prietatibus
836 5385 960 5441 suis
1003 5385 1308 5456 distingui.
1344 5388 1644 5458 Perpende
1693 5387 1831 5443 item
1881 5389 2086 5459 solem,

437 5483 638 5537 lumen
671 5488 845 5554 atque
869 5481 1099 5537 radium
1123 5499 1136 5538 :
1162 5483 1688 5548 mentem,verbum
1709 5489 1767 5540 et
1788 5485 2085 5558 spiritum,

438 5570 540 5642 qui
569 5572 684 5625 exit
717 5589 832 5627 una
863 5587 995 5626 curn
1027 5571 1222 5626 verbo.
1258 5575 1491 5640 Verum,
1527 5578 1592 5628 ut
1620 5573 1858 5644 quidam
1893 5576 2036 5631 dixit
2069 5593 2082 5632 :

441 5661 612 5716 Fides
663 5661 780 5715 dux
826 5663 981 5728 estd‘,’
1005 5677 1118 5716 non
1172 5661 1614 5718 demonstratio.
1649 5663 1888 5736 Oportet
1928 5666 2086 5722 enim

441 5763 738 5818 quemque
784 5748 1108 5817 hominem,
1141 5764 1244 5820 per
1289 5766 1438 5820 pura
1491 5766 1556 5805 ac
1585 5751 1701 5809 Deo
1748 5753 2086 5810 illustrante

2195 631 2285 686 καὶ
2348 633 2597 704 θεότητα,
2655 634 2746 689 καὶ
2803 633 2929 706 μίαν
2991 631 3294 708 βασιλείαν,
3356 633 3444 688 καὶ
3501 635 3692 712 ἀρχὴν,
3737 639 3817 694 καὶ

2199 720 2378 796 ἰσχύν·
2433 725 2524 776 καὶ
2575 729 2723 798 τρεῖς
2782 723 3121 792 ὑποστάσεις,
3181 718 3354 777 εἷίτουν
3412 723 3689 800 πρόσωπα,
3739 729 3817 783 καὶ

2197 819 2570 887 χαρακτῆρας,
2605 811 2649 867 εἰ
2680 810 2737 867 δὲ
2771 811 2958 888 βούλει
2991 810 3200 879 καλεῖν,
3231 811 3318 866 καὶ
3342 810 3634 884 ἰδιότητας.
3657 814 3816 872 ’Δλλο

2194 901 2298 975 γὰρ
2360 900 2698 969 ὑποστάσεις,
2756 900 2845 956 καὶ
2901 899 3042 955 ἄλλο
3100 899 3276 957 οὐσία.
3334 901 3534 958 Οὐσίαν
3591 904 3690 980 γὰρ
3741 927 3822 960 κα-

2195 986 2398 1061 λοῦμεν
2438 991 2501 1044 τὸ
2557 990 2739 1045 κοινὸν
2786 994 2892 1044 τῶν
2948 994 3113 1064 τριῶν
3175 990 3541 1046 ὑποστάσεων·
3587 999 3704 1064 μιᾶς
3729 994 3819 1070 γὰρ

2193 1079 2402 1155 φύσεως
2432 1079 2522 1133 καὶ
2578 1078 2762 1140 οὐσίας
2811 1078 2877 1132 τὰ
2919 1079 3042 1152 τρία
3093 1077 3380 1154 πρόσωπα.
3431 1079 3734 1135 Ὑπόστασιν
3773 1080 3821 1137 δὲ

2189 1163 2463 1239 καλοῦμεν
2525 1166 2680 1244 φύσιν
2738 1166 2871 1238 μετᾶ
2928 1171 3438 1242 χαρακτηριπικῶν
3504 1166 3812 1242 ἰδιωμάτων·

2193 1261 2364 1325 ἄλλος
2393 1266 2494 1340 γὰρ
2527 1265 2554 1318 6
2588 1263 2797 1340 Πατὴρ.
2850 1264 2941 1318 καὶ
2975 1262 3147 1326 ἄλλος
3181 1265 3209 1319 ὁ
3239 1265 3389 1334 Υἱὸς,
3438 1266 3528 1320 καὶ
3587 1264 3744 1329 ἄλλος
3768 1269 3817 1323 τὸ

2193 1357 2413 1426 Πνεῦμα
2457 1354 2519 1407 τὸ
2570 1353 2742 1428 ἅγιον·
2794 1351 2927 1429 ὅπερ
2975 1351 3160 1426 τέμνει
3207 1354 3302 1415 τὰς
3349 1351 3626 1425 ἰδιότητας
3657 1357 3817 1428 μόνοντ

2191 1439 2362 1514 ἤγουν
2429 1442 2766 1510 ὑποστάσεις,
2822 1441 2884 1496 οὐ
2941 1442 3048 1513 μὴν
3094 1443 3183 1496 καὶ
3235 1442 3414 1520 φύσιν.
3467 1443 3578 1498 Ούκ
3617 1443 3746 1498 ἄλλο
3775 1443 3823 1499 δὲ

2189 1531 2280 1584 καὶ
2330 1528 2492 1599 ἄλλο,
2543 1529 2674 1608 ὅπερ
2730 1532 2914 1604 τέμνει
2964 1533 3060 1592 τὰς
3110 1528 3315 1609 φύσεις·
3368 1530 3517 1587 ἀλλὰ
3550 1540 3646 1603 τῆς
3677 1533 3823 1603 αὐτῆς

2191 1619 2424 1697 φύσεως,
2457 1620 2546 1675 καὶ
2577 1623 2674 1689 τῆς
2704 1619 2872 1689 αὐτῆς
2907 1619 3113 1682 οὐσίας.
3166 1623 3318 1693 ’Ἅμα
3375 1622 3480 1696 γὰρ
3521 1624 3702 1698 Πατὴρ
3746 1624 3825 1676 καὶ

2191 1709 2339 1774 Υἱὸς,
2397 1709 2486 1763 καὶ
2543 1710 2698 1783 ἅγιον
2770 1713 3010 1782 Πνεῦμα·
3071 1707 3198 1764 ἀλλ’
3258 1711 3286 1763 6
3349 1711 3446 1783 μὲν
3504 1713 3685 1785 Πατὴρ
3745 1713 3823 1766 καὶ

2191 1797 2499 1872 ἀγέννητος,
2533 1799 2561 1852 ὁ
2593 1795 2650 1852 δὲ
2675 1798 2798 1860 Υἱὸς
2828 1798 2918 1852 καὶ
2949 1797 3195 1871 γέννημα
3230 1804 3328 1853 τοῦ
3384 1800 3620 1872 Πατρὸς,
3667 1802 3737 1862 ὡς
3783 1801 3824 1873 ἐξ

2189 1885 2355 1956 ἡλίου
2387 1891 2524 1964 φῶς,
2556 1886 2645 1941 καὶ
2678 1885 2738 1942 έκ
2763 1891 2861 1941 νοῦ
2888 1885 3080 1963 λόγος·
3112 1887 3175 1941 τὸ
3207 1884 3265 1942 δὲ
3295 1892 3522 1960 Πνεῦμα
3569 1890 3717 1963 ἅγιον
3745 1890 3824 1944 καὶ

2189 1975 2501 2050 ἐκπόρευμα
2555 1980 2650 2030 τοῦ
2707 1975 2941 2050 Πατρός.
2996 1973 3164 2032 ’Ίδιον
3223 1976 3314 2031 οῦν
3381 1981 3482 2032 τοῦ
3544 1979 3744 2054 Πατρὸς
3792 1980 3822 2047 ἡ

2190 2064 2495 2140 ἆγεννησία,
2533 2065 2714 2119 καὶτὸ
2760 2070 3040 2129 καΛεῖσθαι
3098 2067 3304 2141 Πατήρ·
3353 2063 3493 2120 ἴδιον
3541 2071 3638 2122 τοῦ
3685 2067 3819 2136 Υὶοῦ,

2187 2153 2250 2207 τὸ
2306 2151 2584 2216 καλεῖσθαι
2645 2153 2790 2220 Υἳὸν,
2847 2153 2935 2208 καὶ
2993 2154 3272 2228 γεννᾶσθαι
3337 2153 3398 2208 ἐκ
3451 2159 3550 2209 τοῦ
3609 2155 3822 2229 Πατρός·

2187 2239 2327 2296 ἴδιον
2360 2239 2451 2296 οῦν
2481 2245 2578 2296 τοῦ
2609 2240 2922 2314 Πνεύματος
2950 2242 3014 2296 τὸ
3068 2241 3353 2306 καλεῖσθαι
3401 2241 3621 2317 Πνεῦμα
3666 2244 3825 2321 ἅγιον,

2188 2329 2278 2385 καὶ
2310 2328 2369 2385 ἐκ
2395 2335 2490 2385 τοῦ
2523 2331 2730 2406 Πατρὸς
2764 2329 3165 2406 ἐκπορεύεσθαι,
3198 2335 3314 2385 Τῶν
3351 2329 3408 2386 δὲ
3459 2333 3626 2407 τριὼν
3671 2352 3828 2409 προσ-

2191 2421 2381 2488 ώπων,
2423 2415 2596 2474 εἷίτουν
2649 2419 3016 2492 ὑποστάσεων,
3069 2419 3166 2492 μία
3218 2419 3394 2498 φύσις,
3453 2421 3551 2494 μία
3601 2419 3828 2493 θέλησις,

2193 2518 2291 2592 μία
2315 2517 2576 2594 ἐνέργεια,
2613 2517 2712 2591 μία
2758 2516 3045 2594 ἀγαθότης,
3101 2517 3199 2591 μία
3247 2514 3504 2592 δύναμις,
3569 2519 3663 2592 μία
3713 2519 3828 2595 βού-

2190 2607 2375 2683 ληησις.
2426 2607 2524 2662 Διὰ
2568 2612 2732 2662 τοῦτο
2787 2607 2877 2662 καὶ
2919 2603 3008 2662 ἕνα
3038 2607 3166 2663 Θεὸν
3200 2607 3607 2684 ὁμολογοῦμεν.
3640 2607 3709 2663 Ού
3739 2608 3829 2684 γὰρ

2190 2697 2588 2774 κεχωρισμένοι
2624 2696 2756 2751 εἰσὶν
2789 2696 2880 2751 ἀπ’
2910 2694 3200 2767 ἀλλήλων,
3248 2695 3429 2773 ὥσπερ
3490 2697 3580 2753 καὶ
3641 2699 3691 2752 οἰ
3748 2694 3828 2751 ἄν·

2190 2788 2423 2857 Θρωποι,
2458 2783 2582 2841 οὐδὲ
2610 2787 2708 2848 τὰς
2734 2786 2956 2862 γνώμας
2992 2783 3262 2863 διάφοροι·
3297 2784 3422 2842 ἀλλ’
3475 2787 3590 2861 ἅμα
3629 2787 3826 2859 Πατὴρ,

2188 2875 2337 2945 Υἱὸς,
2368 2876 2458 2930 καὶ
2512 2879 2728 2949 Πνεῦμα
2758 2875 2909 2951 ἅγιον
2943 2875 2995 2929 έν
3036 2872 3313 2946 ἀλλήλοις
3371 2875 3698 2953 ἀσυγχύτως
3749 2875 3830 2930 καὶ

2189 2962 2512 3042 ἀδιαιρέτως
2541 2968 2968 3041 περιχωροῦσιν.
3002 2965 3262 3019 ’Έκαστον
3297 2962 3352 3020 δὲ
3400 2965 3718 3042 πρόσωπον,
3765 2964 3831 3025 ὡς

2189 3053 2422 3130 εἷ’ρηται,
2480 3053 2738 3132 φυλάττει
2767 3053 2830 3108 τὸ
2860 3050 3022 3108 ἴδιον·
3074 3054 3136 3108 τὸ
3200 3054 3296 3127 μὶν
3345 3055 3446 3124 τὴν
3508 3054 3828 3131 πατρότητα,

2185 3145 2249 3200 τὸ
2305 3141 2364 3199 δὲ
2417 3146 2518 3214 τὴν
2578 3137 2825 3212 υἱὸτητα,
2884 3143 2947 3198 τὸ
3006 3139 3064 3198 δὲ
3108 3143 3208 3211 τὴν
3266 3142 3608 3219 έκπόρευσιν.
3645 3143 3706 3199 Εἰ
3746 3143 3828 3197 οῦν

2190 3229 2370 3307 ἔροιτό
2428 3232 2486 3286 σέ
2541 3252 2642 3294 τις.
2693 3230 2752 3285 Τί
2828 3229 2938 3285 ἐστι
2998 3231 3224 3304 Πατήρς
3284 3229 3616 3304 ἀποκρίθητι
3675 3229 3828 3301 αύτῷ·

2187 3333 2350 3406 Ὅπερ
2404 3329 2545 3385 ἐστὶν
2602 3329 2748 3396 Υἱὸς,
2801 3327 2890 3383 καὶ
2938 3327 3000 3382 τὸ
3032 3331 3252 3401 Πνεῦμα
3307 3329 3369 3383 τὸ
3427 3327 3609 3404 ἆγιον,
3674 3326 3834 3402 μένων

2183 3421 2392 3495 Πατήρ.
2452 3418 2516 3474 Εἰ
2574 3415 2631 3474 δὲ
2689 3415 2859 3494 λέγοι·
2920 3419 2980 3471 Τί
3038 3416 3178 3472 ἐστιν
3239 3416 3411 3487 Υἱός;
3493 3417 3830 3494 ἀποκρίθητι·

2153 3511 2350 3585 -Ὃπερ
2410 3507 2551 3563 ἐστὶν
2613 3509 2641 3564 ὁ
2700 3508 2886 3582 Πατὴρ
2935 3506 3025 3561 καὶ
3066 3506 3128 3562 τὸ
3180 3511 3420 3580 Πνεῦμα,
3475 3508 3651 3580 μένων
3695 3503 3830 3566 Υἱός.

2180 3591 2452 3660 Ὠσαύτως
2508 3597 2599 3652 καὶ
2658 3596 2746 3652 ἐπὶ
2799 3600 2897 3651 τοῦ
2956 3594 3270 3669 Πνεύματος
3321 3600 3418 3651 τοῦ
3447 3597 3627 3672 ἁγίου·
3684 3599 3832 3651 τοῦτο

2187 3689 2290 3763 γάρ
2324 3687 2463 3741 ἐστιν
2496 3684 2526 3740 6'
2584 3687 2612 3740 6
2667 3686 2853 3761 Πατὴρ
2904 3685 2993 3740 καὶ
3041 3686 3068 3740 ὁ
3119 3685 3265 3755 Υἱὸς,
3302 3684 3478 3758 μένων
3512 3690 3747 3759 Πνεῦμα.
3776 3683 3831 3739 Ἦ

2190 3774 2399 3845 ἰδιότης
2431 3775 2823 3845 ἀκοινώνητος,
2856 3774 3038 3839 καθώς
3066 3795 3228 3852 φησιν
3264 3775 3293 3830 6
3343 3773 3513 3850 μέγας
3560 3774 3612 3830 ἰν
3657 3770 3831 3838 θεολό-

2187 3887 2306 3943 γοις
2336 3865 2425 3920 καὶ
2487 3871 2628 3929 θεῖος
2674 3865 2994 3940 Γρηγόριος.
3055 3867 3176 3926 Πῶς
3235 3863 3361 3939 γὰρ,
3414 3865 3599 3942 φησὶν,
3637 3861 3830 3930 ίδιότης

2196 3954 2369 4029 μείνῃ,
2415 3952 2733 4027 κινουμένη,
2778 3952 2869 4008 καὶ
2933 3951 3377 4026 unanimous-ai;
3435 3954 3620 4010 Ἔστιν
3681 3951 3827 4018 οὖνὴ

2193 4044 2408 4116 θεότης,
2459 4043 2505 4099 εἰ
2555 4041 2639 4098 δεῖ
2685 4042 2967 4115 συντόμως
3020 4042 3210 4110 εἰπεῖν,
3256 4041 3552 4118 ἀμέριστος
3585 4042 3635 4097 ἐν
3671 4060 3829 4114 μεμε-

2195 4134 2498 4210 ρισμένοις,
2530 4131 2593 4187 τό
2627 4132 2720 4206 μὶν
2770 4135 2839 4206 τῇ
2875 4129 3050 4210 φύσει,
3081 4132 3144 4186 τὸ
3195 4128 3253 4186 δὲ
3297 4137 3415 4194 ταῖς
3465 4132 3827 4186 ὑποστάσεσιν·

2195 4224 2310 4278 οἷον
2367 4221 2417 4277 έν
2467 4219 2657 4292 ἠλίοις
2705 4222 2880 4294 τρισὶν
2933 4218 3224 4296 ἐχομένοις
3275 4218 3565 4292 ἀλλήλων,
3603 4218 3699 4294 μία
3745 4219 3831 4272 τοῦ

2195 4312 2375 4391 φωτὸς
2407 4311 2721 4388 σύγκρασις.
2749 4311 2913 4367 ’Όταν
2944 4313 3231 4386 τοιγαροῦν
3278 4309 3414 4383 πρὸς
3462 4310 3566 4378 τήν
3621 4307 3833 4377 θεότητα

2193 4402 2291 4470 τὴν
2325 4401 2378 4456 έν
2415 4405 2514 4474 μιᾷ
2541 4399 2693 4478 φύσει
2731 4399 3046 4474 βλέψωμεν,
3079 4403 3102 4425 ¹
3128 4398 3217 4454 καὶ
3247 4399 3346 4467 τήν
3390 4398 3618 4474 πρώτην
3651 4395 3829 4463 αἰτίαν,

2193 4491 2284 4545 καὶ
2312 4491 2412 4559 τὴν
2464 4488 2788 4565 μοναρχίαν,
2835 4485 2891 4542 ἓν
2941 4491 3078 4560 ἡμῖν
3131 4487 3196 4542 τὸ
3245 4487 3668 4565 φανταζόμενον·
3718 4483 3827 4539 ὅταν

2198 4577 2256 4634 δὲ
2284 4580 2419 4655 πρὸς
2449 4579 2544 4641 τὰς
2577 4575 2852 4649 ἰδιότητας
2880 4577 2970 4632 καὶ
2997 4577 3064 4633 τὰ
3094 4576 3360 4650 πρόσωπα
3401 4577 3454 4631 ἐν
3507 4578 3591 4639 οἷς
3639 4579 3672 4645 ἡ
3721 4571 3829 4627 θεό-

2191 4688 2313 4738 της,
2343 4666 2468 4744 τρία
2495 4667 2562 4722 τὰ
2590 4665 3054 4744 προσκυνούμενα.
3092 4663 3510 4742 Παραδείγματα
3561 4663 3620 4720 δὲ
3675 4681 3827 4737 ’προσ⁸

2200 4757 2394 4822 κείσθω
2441 4754 2685 4833 ἀμυδρὰν
2729 4777 2848 4812 τινα
2892 4755 3068 4810 εἰκόνα
3116 4752 3392 4826 δηλοῦντα
3437 4759 3536 4810 τοῦ
3585 4752 3828 4810 τοσούτου

2200 4847 2539 4924 πράγματος,
2571 4853 2670 4916 τῆς
2701 4847 2845 4908 Θείας
2877 4845 3022 4924 φημὶ
3083 4843 3316 4923 φύσεως,
3380 4845 3518 4899 κατὰ
3573 4845 3663 4900 τὸν
3718 4837 3828 4896 Θιό-

2201 4935 2367 5011 λογον
2424 4935 2750 5011 Γρηγόριον·
2811 4934 3097 5013 ὀφθαλμον
3159 4933 3270 4988 νόει
3334 4954 3427 5007 μοι
3490 4931 3704 5009 βλέψιν,
3750 4927 3827 4984 καὶ

2201 5025 2379 5102 ἀρχὴν
2414 5023 2631 5098 ὕδατος,
2681 5023 2772 5080 καὶ
2801 5025 3009 5101 πηγὴν,
3061 5023 3152 5078 καὶ
3199 5021 3468 5096 ποταμόν·
3527 5026 3693 5077 ταῦτα
3742 5017 3827 5094 γὰρ

2201 5113 2328 5170 οὔτε
2359 5115 2546 5190 χρόνῳ
2579 5111 2877 5186 διέστηκεν,
2928 5112 3052 5168 οὕτε
3101 5110 3367 5183 ἀλλήλων
3416 5110 3744 5189 ἀπέῤῥηκται
3770 5106 3828 5178 τῇ

2199 5205 2334 5280 πρὸς
2364 5202 2588 5275 ἄλληλα
2619 5201 2893 5280 συναφείᾳ,
2925 5201 3018 5257 κᾶν
3054 5199 3189 5275 δοκῇ
3241 5205 3360 5263 ταῖς
3393 5199 3627 5271 ἰδιότησι
3657 5197 3830 5270 τέμνε-

2199 5296 2339 5348 σθαι·
2373 5292 2606 5366 ἐνθυμοῦ
2637 5289 2934 5363 καίἤλιον,
2976 5290 3065 5346 καὶ
3115 5292 3253 5369 φῶς,
3299 5289 3385 5345 καὶ
3441 5290 3648 5345 ἀκτῖνα·
3698 5289 3832 5348 νοῦν,

2200 5382 2288 5438 καὶ
2320 5381 2506 5458 λόγον,
2538 5381 2628 5436 καὶ
2657 5384 2870 5454 πνεῦμα
2899 5383 2977 5452 τῷ
3009 5377 3163 5455 λύγῳ
3207 5379 3459 5450 συνεξιόν.
3514 5377 3663 5446 Πλὴν
3714 5370 3837 5429 κατᾶ

2197 5473 2288 5528 τὸν
2321 5472 2561 5528 εἰπόντα.
2595 5470 2782 5532 Πίστις
2814 5469 3078 5545 ἡγείσθω,
3135 5469 3225 5523 καὶ
3278 5470 3355 5542 μὴ
3405 5466 3699 5538 ἀπόδειξις,
3753 5460 3835 5516 καὶ

2201 5573 2312 5647 χρὴ
2371 5569 2541 5626 πάντα
2595 5568 2878 5645 ἄνθρωπον
2935 5565 3024 5622 διὰ
3083 5573 3319 5644 καθαρᾶς
3377 5569 3467 5622 καὶ
3501 5564 3835 5638 θεολαμποῦς

2200 5659 2468 5736 πράξεως,
2529 5655 2850 5735 ὁδηγῷτῷ
2905 5654 3180 5730 Πνεύματι
3220 5653 3650 5732 χρώμενον,⁹ίνα
3705 5647 3833 5736 φωτὶ

2199 5735 2680 5823 καταλαμϐάνηται
2727 5751 2863 5825 φῶς,
2917 5745 3180 5802 πιστεύειν
3228 5766 3288 5803 τι
3336 5745 3412 5809 εἰς
3471 5745 3693 5820 Πατέρα,
3747 5735 3829 5795 καί
