4104 6390
339 423 366 480 1
379 423 495 480 405

1294 420 1724 482 SYN'I‘AGMA
1769 423 1872 480 AD
1917 420 2310 493 QUEMDAM
2356 421 2807 485 POLITICUM.

3605 420 3630 479 l
3642 416 3761 478 406

336 553 487 618 Υἳὸν,
521 553 609 605 καὶ
663 554 812 627 ἅγιον
876 556 1110 624 Ηνεῦμα,
1159 552 1256 619 τήν
1318 551 1440 623 μίαν
1503 551 1733 621 θεότητά
1787 573 1844 606 τε
1899 553 1988 606 καὶ

2106 553 2261 608 edita
2291 570 2484 626 Opera,
2520 554 2666 606 duce
2701 569 2873 606 usum
2907 552 3125 624 Spiritu
3167 557 3392 618 sancto,
3426 556 3491 608 ut
3535 551 3760 606 lumine

339 638 564 713 δύναμιν
619 641 668 694 ἐν
716 641 853 713 τρισῖ
907 639 1311 717 γνωριζομένην
1375 640 1464 694 καὶ
1516 640 1995 716 προσκυνουμένην

337 735 454 790 ταῖς
488 729 860 786 ὑποστάσεσιν.

337 929 526 986 Ὅπως
584 922 665 979 δεῖ
722 924 989 979 πιστεύειν
1050 923 1174 998 περὶ
1244 931 1343 988 τῆς
1412 928 1508 977 τοῦ
1581 922 1788 998 Κυρίου
1846 921 1991 977 ἐνανν

985 997 1341 1071 θρωπήσεως.

407 1088 526 1139 Ὅτι
570 1084 728 1146 αὐτὸς
786 1085 814 1139 6
873 1089 970 1138 106
1023 1089 1156 1138 Θεοῦ
1215 1082 1386 1158 Λόγος
1435 1085 1462 1137 ὁ
1513 1083 1934 1160 ἀπερίγραπτος,
1967 1085 1994 1138 6

336 1173 650 1247 ἀσώματος,
683 1174 710 1228 6
768 1174 1069 1247 μονογενὴς
1110 1177 1206 1227 τοῦ
1254 1173 1460 1248 Πατρὸς
1505 1173 1648 1244 Υἱὸς,
1679 1173 1742 1226 τὸ
1790 1170 1848 1226 ἐκ
1898 1175 1994 1226 106

339 1263 518 1342 φωτὸς
569 1268 703 1340 φῶς,
735 1264 768 1332 ἠ
821 1264 975 1336 πηγὴ
1025 1269 1126 1331 τῆς
1180 1267 1346 1330 ζωῆς,
1391 1261 1480 1315 καῖ
1529 1268 1628 1330 τῆς
1683 1261 1993 1328 ἀθανασίας,

341 1353 405 1407 16
456 1351 785 1426 ἀπαύγασμα
839 1359 940 1420 τῆς
999 1349 1182 1422 δόξης.
1217 1353 1244 1405 ὁ
1277 1352 1560 1426 χαρακτὴρ
1605 1357 1707 1418 τῆς
1760 1349 1995 1404 ὑποστά-

345 1462 498 1510 σεως,
549 1445 616 1514 τῇ
677 1441 938 1516 βουλήσει
996 1446 1093 1494 τοῦ
1152 1440 1499 1515 προανάρχου
1558 1440 1645 1494 καὶ
1720 1436 1995 1493 συναϊδίου

341 1528 502 1584 αὐτοῦ
551 1531 782 1604 Πατρὸς,
817 1531 906 1583 καὶ
953 1529 1022 1603 τῇ
1069 1529 1346 1604 συνεργείᾳ
1389 1533 1486 1583 τοῦ
1543 1528 1696 1603 άγίου
1752 1528 1992 1600 Πνεύμα-

337 1639 450 1688 τος,
485 1617 545 1672 ἐκ
600 1621 707 1672 τῶν
761 1623 1095 1693 παρθενικῶν
1158 1617 1402 1689 αἱμάτων
1435 1625 1533 1686 τῆς
1587 1611 1873 1684 Θεοτόκου,
1905 1615 1991 1670 καὶ

335 1706 689 1782 ἀειπαρθένου
745 1706 972 1782 Μαρίας,
1025 1706 1074 1760 ἐν
1130 1710 1198 1778 τῇ
1258 1707 1431 1777 οἰκείᾳ
1484 1707 1648 1760 αὐτοῦ
1708 1706 1992 1760 ὑποστάσει

333 1793 526 1866 ἔπηξεν
587 1795 762 1868 ἑαυτῷ
823 1796 1007 1870 σάρκα
1085 1794 1517 1871 ἐμψυχωμένην,
1576 1795 1664 1848 ναὶ
1737 1794 1991 1868 λογικὴν,

2106 643 2305 698 lumen
2338 641 2813 714 comprehendat,
2848 643 3081 697 credere
3112 643 3170 696 in
3199 643 3426 698 Patrem
3460 647 3516 696 et
3549 640 3758 696 Filium

2106 738 2164 787 et
2196 731 2480 803 Spiritum
2514 736 2806 797 sanctum,
2843 748 3021 785 unam
3064 733 3339 785 deitatem
3375 737 3549 801 atque
3581 730 3760 783 virtu-

2106 825 2245 890 tem,
2275 821 2328 875 in
2362 821 2552 875 tribus
2581 819 3000 891 hypostasibus
3033 821 3314 874 creditam
3348 825 3401 874 et
3433 820 3758 874 adoratam.

2241 927 2380 995 Quid
2408 927 2740 982 credendum
2767 928 2839 980 sit
2869 925 2935 981 de
2965 927 3187 981 Domini
3216 926 3626 980 incarnatione.

2177 1088 2337 1151 Quod
2378 1088 2570 1159 ipsum
2605 1087 2702 1142 Dei
2735 1087 2992 1142 Verbum
3039 1085 3634 1156 incircumscriptum,
3671 1084 3760 1139 in-

2107 1193 2471 1248 corporeum,
2507 1175 2696 1230 Patris
2748 1175 3140 1246 unigenitum,
3174 1174 3374 1230 lumen
3405 1189 3474 1228 ex
3517 1173 3760 1239 lumine,

2108 1265 2236 1320 fons
2268 1265 2397 1320 vitae
2426 1270 2484 1320 et
2515 1263 2996 1331 immortalitatis,
3021 1265 3300 1334 splendor
3329 1263 3547 1335 gloriae,
3573 1263 3764 1333 ﬁgura

2106 1353 2446 1410 substantia:
2482 1355 2545 1422 ¹⁸,
2572 1353 2872 1408 voluntate
2905 1354 3110 1420 Patris,
3143 1354 3240 1424 qui
3275 1358 3409 1407 ante
3443 1351 3763 1414 initium,et

2105 1442 2217 1515 ipsi
2248 1449 2574 1498 coaeternus
2605 1447 2712 1512 est,
2744 1447 2799 1496 et
2828 1443 3231 1512 cooperatione
3262 1440 3514 1512 Spiritus
3549 1440 3759 1504 sancti,

2104 1549 2170 1587 ex
2217 1531 2476 1602 virgineo
2527 1531 2811 1602 sanguine
2849 1531 3104 1602 Deiparaa
3148 1535 3206 1583 et
3248 1545 3481 1600 semper
3519 1527 3760 1599 virginis

2109 1623 2322 1689 Marias,
2355 1622 2412 1676 in
2447 1623 2682 1693 propria
2720 1639 2824 1676 sua
2881 1621 3178 1692 hypostasi
3231 1635 3467 1675 carnem
3515 1618 3626 1672 sibi
3678 1618 3756 1672 ef-

2107 1711 2273 1766 ﬁnxit
2303 1710 2624 1765 animatam
2656 1714 2710 1764 et
2743 1709 3106 1776 rationalem,
3150 1714 3325 1779 atque
3358 1704 3518 1761 illam
3551 1722 3756 1761 novem

2104 1799 2398 1853 mensium
2427 1804 2687 1869 tempore
2720 1816 2784 1852 ex
2817 1798 2944 1867 ipsa
2974 1797 3335 1851 ell‘ormavit:
3361 1801 3652 1866 natusque
3671 1801 3760 1850 est

331 1883 422 1938 καὶ
452 1884 652 1955 ταύτην
701 1889 780 1957 τῷ
821 1883 1210 1958 ἐννεαμηνιαίῳ
1257 1884 1445 1960 χρόνῳ
1495 1881 1893 1956 διεπλασμένην
1936 1883 1984 1956 ἐξ

375 1971 386 1988 ,
439 1979 462 1988 ..
554 1971 568 1988 ς
729 1975 769 1988 .-
867 1979 895 1988 ,.
939 1973 951 1988 .
1054 1974 1067 1988 .
1109 1975 1133 1988 ,ι
1281 1973 1291 1988 .
1699 1973 1708 1988 .
1857 1978 1888 1988 Α
1930 1972 1941 1988 η

2105 1889 2258 1944 Deus
2289 1887 2741 1953 hominit‘ormis,
2773 1887 2828 1940 id
2862 1892 2971 1955 est,
3029 1889 3177 1940 Deus
3225 1893 3283 1940 et
3331 1885 3525 1949 homo,
3559 1885 3617 1938 in
3651 1885 3757 1956 hy-

328 1971 514 2042 αύτῆς·
550 1971 816 2048 ἐνεγγήθη
860 1973 990 2035 Θεὸς
1043 1973 1529 2050 ἀνθρωπόμορφος,
1561 1973 1801 2026 τουτέστι
1853 1972 1980 2034 Θεὸς

328 2061 418 2116 καὶ
451 2063 738 2137 ἄνθρωπος
771 2061 822 2116 ἐν
866 2067 964 2134 μιᾷ
1014 2062 1299 2117 ὑποστάσει
1349 2059 1444 2115 δύο
1499 2060 1681 2137 φύσεις
1733 2059 1986 2138 ἐπιφερό-

336 2171 518 2223 μενος,
551 2147 893 2226 ἀδιαιρέτως,
925 2150 1014 2205 καὶ
1047 2151 1392 2225 ἀσυγχύτως,
1425 2149 1514 2204 καὶ
1567 2146 1662 2203 δύο
1713 2148 1986 2219 θελήσεις,

329 2239 418 2292 καί
479 2238 768 2314 ἐνεργείας,
809 2239 990 2302 θεῖκάς
1049 2240 1190 2313 ὁμοῦ
1248 2238 1336 2293 καὶ
1393 2237 1757 2312 ἀνθρωπικὰς·
1820 2235 1990 2306 ἤθελε

332 2326 436 2402 γάρ
486 2327 560 2389 ὡς
609 2328 736 2389 Θεὸς
790 2328 878 2382 καὶ
929 2327 1168 2403 ἐνήργει,
1200 2327 1288 2382 καὶ
1343 2324 1536 2396 ἤθελεν
1589 2325 1662 2387 ὡς
1707 2327 1988 2401 ἅνθρωπος

335 2417 424 2470 καὶ
480 2415 717 2491 ἐυήργει·
763 2414 908 2471 ἀλλὰ
961 2417 1190 2494 φυσικὴν
1252 2413 1496 2486 θέλησιν,
1554 2415 1642 2468 καὶ
1702 2413 1988 2489 ἐνέργειαν,

341 2503 402 2558 οὐ
437 2506 512 2577 μὴ
568 2505 970 2578 ἀμαρτητικήν.
1004 2506 1423 2580 Ἀναμαρτήτως
1469 2502 1570 2577 γάρ
1631 2499 1988 2578 προσελήφθη

343 2594 376 2662 ἠ
437 2592 596 2670 φύσις
655 2594 689 2662 ἠ
748 2592 1207 2667 ἀνθρωπική·καὶ
1266 2591 1316 2662 ἐξ
1377 2590 1543 2660 αὐτῆς
1600 2597 1698 2659 τῆς
1756 2591 1992 2652 ἕνώσεως

339 2682 420 2752 τῷ
481 2681 751 2754 θελήματι
833 2681 1141 2751 ἠνώθησαν.
1187 2683 1356 2754 ’Ὀπερ
1417 2674 1672 2734 ἐϐούλετο
1727 2679 1790 2733 τὸ
1850 2679 1990 2732 θεῖον

340 2769 578 2842 θέλημα,
609 2769 769 2826 τοῦτο
797 2771 885 2825 καὶ
916 2771 978 2825 τὸ
1006 2776 1108 2838 τῆς
1140 2768 1528 2843 προσλήψεως.
1564 2765 1738 2823 Ἀλλά
1776 2765 1992 2840 θέλημα

339 2857 569 2934 λέγομεν
630 2860 718 2914 καὶ
779 2858 1041 2935 ἐνέργειαν
1103 2859 1170 2912 τὰ
1226 2857 1439 2935 φυσικά·
1477 2859 1613 2926 οἷον,
1671 2854 1838 2926 ἤθελε
1889 2877 1992 2933 φα-

336 2953 469 3023 γεῖν,
530 2946 692 3018 ἤθελε
747 2954 914 3016 πιεῖν,
975 2945 1141 3016 ἤθελε
1215 2953 1598 3023 περιπατῆσαι·
1659 2946 1750 3000 καὶ
1825 2949 1993 2999 ταῦτα

337 3034 573 3112 ἐνήργει,
603 3038 694 3090 καὶ
753 3034 968 3106 ἤθελεν.
1003 3034 1178 3093 Ἀλλά
1233 3041 1398 3090 ταῦτα
1459 3035 1628 3090 ἐποίει
1685 3041 1784 3104 τῆς
1845 3034 1990 3098 θείας

339 3125 548 3202 φύσεως
606 3123 1068 3200 παραχωρούσης,
1122 3125 1183 3179 οὐ
1255 3126 1364 3197 μὴν
1441 3122 1990 3199 κατηναγκασμένως,

336 3212 516 3289 ὥσπερ
565 3215 751 3287 ἡμεῖς·
784 3212 932 3269 ἀλλά
977 3215 1066 3268 καὶ
1115 3215 1177 3268 τὸ
1224 3218 1444 3284 κοπιᾷν,
1475 3213 1563 3267 καὶ
1611 3213 1674 3267 τὸ
1726 3213 1988 3287 ἀγωνιᾷν,

2095 1977 2314 2048 postasi
2347 1992 2464 2030 una
2494 1977 2641 2030 duas
2693 1980 2933 2047 gestans
2979 1979 3240 2038 naturas,
3277 1973 3401 2027 sine
3434 1972 3738 2037 divisione,

2097 2083 2162 2121 ac
2211 2066 2339 2123 sine
2390 2065 2734 2120 confusione
2785 2080 2799 2119 :
2850 2081 2916 2118 ac
2966 2064 3114 2118 duas
3163 2063 3427 2116 voluntas
3477 2061 3757 2132 duasque

2097 2157 2486 2226 Operationes,
2538 2153 2764 2208 divinas
2815 2152 2994 2208 simul
3044 2158 3100 2207 et
3149 2152 3466 2207 humanas.
3517 2151 3760 2205 Volebat

2101 2245 2259 2299 enim
2317 2249 2380 2299 ut
2431 2248 2603 2312 Deus,
2649 2247 2706 2297 et
2749 2242 3104 2312 operabatur
3152 2256 3164 2293 :
3222 2239 3446 2293 volebat
3506 2239 3645 2292 item
3696 2242 3762 2291 ut

2102 2332 2298 2400 homo,
2335 2338 2390 2387 et
2417 2331 2772 2403 operabatur
2797 2346 2806 2384 :
2829 2330 2930 2384 sed
2966 2329 3226 2383 humana
3260 2327 3550 2382 voluntate
3584 2331 3760 2397 atque

2100 2422 2457 2492 operatione,
2526 2436 2631 2475 nec
2691 2425 2922 2490 peccato
2976 2417 3244 2472 obnoxia.
3318 2418 3454 2472 Sine
3524 2420 3758 2486 peccato

2100 2511 2256 2566 enim
2289 2513 2596 2581 assumpta
2629 2515 2718 2563 est
2751 2511 2959 2562 natura
2991 2507 3248 2560 humana
3283 2523 3294 2558 :
3331 2511 3504 2576 atque
3541 2522 3608 2559 ex
3652 2505 3759 2558 hac

2103 2601 2232 2672 ipsa
2291 2596 2859 2664 unione,voluntate
2911 2597 3095 2650 ambas
3150 2596 3323 2648 unitze
3374 2600 3532 2648 sunt.
3593 2594 3753 2656 Quod

2103 2692 2334 2760 optaret
2363 2685 2561 2742 divina
2589 2684 2883 2749 voluntas,
2909 2684 2966 2738 id
2993 2685 3167 2739 etiam
3193 2683 3420 2738 volebat
3441 2688 3758 2754 assumpta:

2103 2782 2325 2832 natura
2357 2775 2645 2830 voluntas.
2671 2775 2782 2830 Sed
2811 2776 3168 2828 voluntatem
3193 2773 3447 2828 dicimus
3479 2771 3766 2843 Operatio-

2102 2879 2354 2936 nemque
2404 2864 2729 2920 naturalem
2767 2881 2780 2922 :
2825 2862 2997 2934 quale
3045 2870 3155 2930 est,
3208 2862 3359 2932 quod
3410 2861 3762 2915 manducare

2098 2953 2293 3020 vellet,
2340 2954 2558 3019 bibere,
2595 2952 2897 3008 ambulare
2931 2969 2943 3006 :
2991 2956 3047 3006 et
3078 2951 3195 3004 haec
3227 2950 3598 3019 operabatur,
3631 2948 3762 3002 haec

2101 3043 2348 3100 volebat.
2385 3042 2599 3097 Verum
2634 3042 2754 3096 hac
2785 3043 2994 3112 agebat
3037 3041 3234 3094 divina
3273 3039 3626 3093 concedente
3653 3054 3756 3090 na-

2101 3137 2274 3199 tura;
2314 3149 2425 3186 non
2459 3148 2528 3185 ex
2556 3133 2923 3196 necessitate,
2949 3129 3453 3200 quemadmodum
3486 3143 3622 3191 nos;
3658 3127 3759 3180 sed

2103 3223 2259 3293 quod
2286 3221 2732 3292 defatigaretur,
2764 3219 2917 3290 quod
2955 3219 3008 3272 in
3044 3234 3227 3288 agone
3257 3222 3431 3282 esset,
3464 3216 3614 3286 quod
3663 3231 3760 3286 pe-

340 3302 428 3356 καί
458 3302 520 3356 τὸ
548 3301 713 3357 αἰτεῖν
744 3302 836 3356 τὸν
883 3303 1094 3375 Πατέρα
1139 3300 1427 3376 παρελθεῖν
1471 3301 1533 3356 16
1579 3302 1867 3375 ποτήριον,
1898 3299 1988 3354 καὶ

2105 3285 2248 3366 teret
2280 3328 2313 3366 a
2343 3285 2512 3365 Patre
2562 3315 2624 3364 ut
2674 3285 2949 3364 transiret
2989 3285 3160 3372 calix,
3204 3307 3258 3361 id
3313 3285 3581 3359 humana:
3634 3285 3762 3358 erat

340 3395 501 3446 10610
549 3395 647 3446 τοῦ
690 3396 917 3469 φυσικοῦ
965 3389 1300 3463 θελήματος.
1348 3389 1522 3447 Ἀλλὰ
1570 3391 1660 3444 καὶ
1708 3389 1841 3462 μετὰ
1891 3390 1987 3458 την

335 3480 616 3535 ἀνάστασιν
671 3481 760 3536 καὶ
811 3482 910 3549 τὴν
972 3479 1030 3534 ἐκ
1087 3478 1272 3550 δεξιῶν
1334 3477 1429 3534 τοῦ
1479 3479 1684 3554 Πατρὸς
1726 3475 1986 3554 καθέδραν

339 3567 434 3624 δύο
494 3567 676 3648 φύσεις
729 3566 1117 3644 ὁμολογοῦμεν
1147 3568 1233 3623 ἐπὶ
1265 3573 1524 3643 Χριστοῦ,
1559 3566 1869 3639 θελητικάς,
1900 3567 1988 3621 καὶ

339 3657 705 3735 ἐνεργητικάς.
756 3661 933 3715 ’Όπου
987 3658 1089 3734 γὰρ
1139 3657 1295 3736 φύσις
1337 3655 1556 3733 λογική,
1608 3655 1716 3711 ἐκεῖ
1765 3657 1852 3710 καὶ
1903 3656 1988 3719 θέ-

339 3747 497 3818 λησις
529 3747 617 3803 καὶ
652 3746 910 3824 ἐνέργεια.
949 3746 1186 3809 Φυσικᾶις
1220 3743 1277 3801 δὲ
1308 3743 1403 3800 δύο
1452 3745 1724 3816 θελήσεις,
1757 3746 1987 3820 γνώμην

337 3833 394 3890 δὲ
454 3835 602 3909 μίαν·
637 3835 1038 3910 οἰκονομούσης
1093 3835 1193 3912 γάρ
1243 3842 1342 3904 τῆς
1403 3833 1683 3906 θεότητος,
1715 3833 1987 3906 ἑπομένης

337 3922 393 3980 δὲ
423 3933 520 3995 τῆς
551 3924 997 4000 ἀνθρωπότητος,
1029 3924 1118 3978 καὶ
1179 3922 1621 4000 παρα-χωρούσης
1664 3921 1800 3996 αὐτῇ
1851 3921 1992 3998 ἐνερ-

339 4018 452 4086 γεῖν
485 4013 552 4067 τά
581 4012 882 4090 ἀμφότερα.

695 4115 708 4122 ’
815 4102 948 4176 Περὶ
981 4099 1240 4178 διαφορᾶς
1272 4099 1504 4175 ἀρετῶν.

401 4186 703 4262 Ἑλάϐομεν
777 4190 998 4252 ἐντολὰς
1056 4191 1200 4264 παρά
1253 4194 1350 4244 τοῦ
1408 4193 1642 4266 Χριστοῦ
1703 4187 1792 4242 καὶ
1854 4195 1988 4244 Θεοῦ

334 4281 518 4353 ἡμῶν,
551 4281 644 4339 τὰς
677 4280 991 4334 ἀπεντεῦθεν
1023 4277 1515 4354 θεουργούσας,καὶ
1546 4277 1806 4339 ποιούσας
1839 4279 1986 4351 ἡμᾶς

334 4369 748 4441 ἀναμαρτήτους
801 4366 1025 4445 διάγειν,
1077 4368 1165 4422 καὶ
1216 4369 1289 4428 ὡς
1347 4365 1610 4443 ἀγγέλους
1664 4366 1984 4444 ἀναστρέφε-

335 4469 454 4521 σθαι
515 4458 649 4530 μετὰ
694 4462 802 4512 τῶν
847 4457 1165 4532 ἀνθρώπων·
1219 4457 1333 4511 οἷον
1390 4457 1489 4524 τήν
1546 4458 1856 4528 μετάνοιαν,
1886 4457 1984 4525 τὴν

333 4546 827 4624 ταπεινοφροσύνην
878 4546 967 4602 καὶ
1023 4547 1085 4601 τὸ
1137 4543 1381 4617 διηνεκὲς
1441 4545 1654 4616 πένθος,
1702 4545 1801 4614 την
1851 4545 1986 4619 πρὸς

2098 3400 2251 3456 519
2301 3397 2642 3453 voluntatis.
2691 3399 2809 3452 Imo
2859 3396 3035 3452 etiam
3087 3399 3217 3465 post
3266 3393 3754 3449 resurrectionem

2098 3492 2270 3558 atque
2298 3487 2622 3543 sessionem
2654 3487 2724 3541 ad
2757 3487 3052 3540 dexteram
3092 3486 3296 3550 Patris,
3328 3485 3476 3538 duas
3513 3488 3757 3537 naturas

2097 3578 2446 3633 conﬁtemur
2501 3578 2556 3630 in
2617 3575 2870 3638 Christo,
2923 3573 3220 3628 voluntate
3275 3580 3333 3627 et
3389 3571 3666 3644 operandi
3701 3571 3789 3624 vi-

2099 3665 2371 3739 preditas
2403 3682 2415 3720 :
2451 3664 2606 3720 enim
2641 3670 2852 3718 natura
2903 3662 3224 3725 rationalis,
3275 3662 3354 3716 ibi
3387 3668 3442 3716 et
3485 3659 3756 3714 voluntas

2099 3761 2157 3811 et
2211 3754 2493 3826 operatio.
2553 3752 2862 3808 Naturales
2936 3756 3131 3807 autem
3213 3752 3361 3806 duas
3428 3749 3757 3804 voluntates

2099 3843 2393 3908 dicimus,
2454 3843 2552 3898 sed
2616 3842 2848 3897 unicam
2911 3840 3311 3909 sententiam,
3375 3838 3753 3909 dispensante

2098 3931 2334 3998 deitate,
2370 3933 2769 4002 subsequente
2798 3937 2992 3986 autem
3027 3928 3591 4000 humanitate,atque
3623 3942 3756 3982 con-

2098 4021 2340 4076 cedente
2375 4025 2440 4074 ut
2471 4024 2718 4090 utraque
2749 4023 3107 4090 operaretur.

2558 4109 2629 4162 De
2667 4108 2986 4178 diﬂerentia
3015 4109 3302 4161 virtutum.

2172 4197 2442 4251 Mandata
2474 4197 2810 4266 accepimus
2836 4213 2869 4249 a
2899 4195 3130 4249 Christo
3156 4201 3212 4247 et
3237 4195 3348 4248 Deo
3381 4197 3600 4257 nostro,
3624 4208 3752 4263 quae

2098 4284 2310 4340 exinde
2341 4285 2605 4339 divinum
2654 4283 2914 4354 aperanti
2969 4283 3226 4354 praebent
3267 4281 3572 4347 auxilium,
3608 4298 3754 4351 pree-

2099 4378 2376 4445 stantque
2406 4379 2470 4428 ut
2499 4375 2722 4443 absque
2757 4378 2988 4449 peccato
3033 4372 3336 4443 degamus,
3370 4376 3428 4424 et
3461 4369 3616 4424 velut
3647 4387 3751 4423 an-

2098 4461 2210 4534 geli
2229 4479 2362 4517 cum
2387 4462 2725 4516 hominibus
2747 4476 3076 4515 versemur:
3100 4459 3497 4530 pcenitentiam
3520 4473 3752 4528 nempe,

2097 4550 2513 4616 humilitatem,
2570 4549 2794 4604 luctum
2847 4549 3179 4614 assiduum,
3232 4547 3569 4602 chariialem
3617 4562 3755 4615 erga

337 4636 496 4691 αὐτὸν
531 4636 742 4712 ἀγάπην
803 4637 902 4704 τήν
955 4635 1007 4706 ἐξ
1060 4634 1196 4705 ὅλης
1243 4633 1464 4710 καρδίας
1494 4633 1870 4710 έγγινομενην,
1900 4635 1990 4690 καὶ

2105 4639 2296 4711 ipsum
2330 4655 2398 4694 ex
2429 4644 2570 4703 toto,
2605 4639 2797 4707 corde,
2823 4637 3195 4692 dilectionem
3241 4635 3510 4708 proximi,
3545 4652 3752 4707 puram

337 4727 435 4794 τὴν
467 4726 604 4799 πρὸς
648 4726 739 4780 τὸν
788 4724 1024 4796 πλησίον
1058 4721 1315 4791 διάθεσιν,
1346 4725 1445 4792 τὴν
1493 4725 1726 4800 καθαρὰν
1771 4745 1996 4797 προσευ-

340 4816 472 4890 χὴν,
504 4816 594 4870 καὶ
624 4817 723 4884 τὴν
755 4817 958 4870 ἑαυτῶν
987 4813 1313 4888 ἀπάρνησιν,
1344 4813 1434 4867 καὶ
1474 4813 1537 4868 τὸ
1588 4810 1657 4866 δι’
1707 4811 1841 4868 ὅλου
1889 4815 1994 4886 πρὸ

342 4903 644 4982 ὀφθαλμῶν
688 4900 832 4980 ἔχειν
883 4904 974 4958 τὸν
1011 4902 1145 4977 ὑπὶρ
1185 4900 1348 4956 αὐτοῦ
1399 4900 1644 4972 θάνατον,
1679 4901 1767 4956 καὶ
1818 4902 1869 4956 ἐν
1913 4909 1992 4974 τῷ

337 4995 476 5071 φωτὶ
534 4992 698 5048 αὐτοῦ
758 4990 1122 5053 ἀδιαλείπτως
1180 4989 1525 5065 πορεύεσθαι,
1575 4989 1663 5043 καὶ
1722 4991 1786 5045 τὸ
1844 4989 1990 5065 ἔχειν

335 5083 522 5138 ἑαυτὸν
553 5082 656 5137 ὑπὸ
685 5083 864 5151 πάσης
915 5079 1166 5152 κτίσεως,
1200 5079 1290 5134 καὶ
1339 5076 1546 5142 δέεσθαι
1596 5077 1761 5132 αὐτοῦ
1811 5075 1992 5148 διηνε-

333 5176 460 5233 κῶς.
495 5171 700 5233 Ταύτας
759 5169 862 5246 γὰρ
919 5171 1014 5232 τὰς
1071 5167 1217 5230 θείας
1252 5165 1476 5229 ἐντολὰς
1507 5167 1534 5221 6
1569 5167 1704 5239 μετά
1757 5166 1992 5229 πίστεως

331 5259 718 5336 ἐργαζόμενος,
767 5263 902 5315 Θεοῦ
949 5260 1065 5321 υἱὸς
1116 5259 1342 5334 γίνεται,
1373 5256 1462 5312 καὶ
1515 5257 1630 5318 uiti;
1677 5256 1856 5332 φωτὸς
1902 5255 1992 5311 καὶ

331 5348 686 5424 κληρονόμος
745 5353 899 5416 Θεοῦ,
948 5347 1039 5403 καὶ
1085 5345 1538 5423 συγκληρονόμος
1589 5349 1850 5420 Χριστοῦ,
1903 5344 1993 5399 καὶ

333 5437 665 5516 σύμμορφος
695 5445 796 5507 τῆς
828 5437 1033 5499 εἰκόνος
1065 5436 1229 5492 αὐτοῦ
1267 5435 1356 5490 καὶ
1406 5434 1702 5511 σύμφυτος,
1731 5435 1821 5489 καὶ
1870 5456 1994 5488 συν-

335 5526 522 5598 τόμως
557 5527 646 5580 καὶ
681 5525 869 5588 άπλῶς
905 5525 1096 5594 εἰπεῖν,
1131 5523 1269 5588 θέσει
1303 5525 1438 5578 κατὰ
1486 5523 1646 5599 χάριν
1680 5521 1838 5585 Θεός.
1875 5521 1992 5579 Εἰσὶ

340 5613 399 5668 δὲ
440 5612 619 5689 ἕτεραι
663 5613 879 5669 ἐντολαὶ
926 5617 1022 5669 τοῦ
1080 5615 1336 5689 Χριστοῦ,
1386 5613 1440 5666 αἱ
1490 5612 1673 5690 ἄφεσιν
1724 5612 1817 5684 μὲν
1867 5632 2018 5687 προσ,

343 5704 606 5776 ξενοῦσαι,
641 5702 702 5758 ού
765 5704 871 5775 μὴν
924 5701 982 5758 δὲ
1037 5703 1126 5757 καὶ
1175 5699 1522 5772 τελειότητος
1579 5700 1842 5770 ἀξιοῦσαι·
1879 5701 1992 5755 οἷον

418 5803 460 5838 ¹⁸
494 5801 667 5857 Hebr.
701 5819 741 5872 1,
773 5802 827 5858 3.

2109 4729 2454 4793 orationem,
2508 4733 2768 4783 nostrum
2822 4727 3082 4798 ipsorum
3135 4725 3755 4790 abrenuntiationem;

2105 4823 2287 4889 utque
2317 4833 2549 4888 semper
2592 4821 2839 4872 mortem
2891 4833 2992 4887 pro
3041 4815 3141 4870 illo
3188 4814 3592 4870 sustinendam
3642 4830 3755 4883 prae

2103 4907 2290 4962 oculis
2322 4906 2665 4973 habeamus,
2689 4906 2746 4960 in
2776 4906 2906 4975 ejus
2930 4904 3152 4960 lumine
3174 4905 3300 4958 sine
3323 4902 3755 4958 intermissione

2104 4993 2474 5050 ambulemus
2509 5011 2613 5049 nos
2640 4994 2800 5048 omni
2827 4999 3096 5050 creatura
3125 4992 3426 5048 inferiores
3458 4991 3753 5046 existime-

2105 5099 2260 5149 mus,
2295 5087 2469 5153 atqus
2496 5083 2731 5137 assidue
2753 5081 2863 5154 ipsi
2896 5080 3317 5153 supplicemus.
3345 5079 3472 5134 Haac
3505 5094 3756 5148 namque

2104 5171 2302 5225 divina
2323 5170 2570 5241 jussa,si
2602 5169 2736 5241 quis
2757 5186 2889 5225 cum
2915 5171 3028 5225 ﬁde
3057 5168 3453 5240 compleverit,
3479 5166 3574 5222 Dei
3598 5165 3755 5220 ﬁlius

2103 5259 2413 5323 efﬁcietur,
2444 5259 2602 5315 ﬁlius
2645 5258 2816 5324 lucis,
2850 5259 3036 5313 haeres
3080 5257 3202 5322 Dei,
3253 5256 3507 5311 cohzeres
3558 5261 3751 5310 autem

2103 5347 2338 5413 Christi,
2373 5348 2692 5403 conformis
2725 5348 2966 5417 imagini
2999 5347 3148 5415 ejus,
3179 5351 3236 5399 et
3267 5343 3703 5415 complantatus
3740 5363 3751 5410 ;

2105 5441 2300 5506 atque,
2336 5441 2400 5490 ut
2430 5435 2632 5508 paucis
2663 5440 2719 5491 et
2750 5435 3094 5506 simpliciter
3125 5434 3410 5498 dicamus,
3445 5433 3756 5503 adoptione

2105 5525 2431 5580 secundum
2463 5524 2709 5597 gratiam
2751 5525 2918 5579 Deus.
2945 5525 3095 5579 Sunt
3125 5539 3295 5593 porro
3327 5521 3441 5576 alia
3472 5528 3756 5591 prmepta

2105 5612 2343 5680 Christi,
2377 5631 2503 5686 qua:
2539 5611 2948 5668 remissionem
2994 5611 3229 5682 quidem
3263 5609 3600 5677 conciliant,
3635 5610 3752 5662 imo

2104 5719 2238 5758 vero
2269 5705 2339 5758 ad
2374 5704 2784 5775 perfectionem
2819 5718 2925 5756 nos
2957 5700 3290 5767 deducunt;
3316 5698 3488 5770 quale
3509 5703 3754 5769 est,cou-
