4104 6416
347 389 497 452 1407
1541 395 1602 454 S.
1652 391 2027 454 ATHANAS.

2139 392 2174 448 ἰ.
2209 424 2284 432 -
2315 387 2628 451 SPUBIA.
3660 372 3814 431 1408

359 529 508 583 {iteri
527 545 594 584 ac
615 529 996 600 pronuntiare
1021 530 1255 600 propria
1293 531 1550 600 peccata,
1577 544 1689 581 non
1731 525 2019 593 judicare,

2139 541 2198 573 το
2232 518 2528 592 ὁμολογειν
2583 517 2673 571 καὶ
2725 515 3059 590 ἐξαγορεύειν
3104 514 3169 568 τὰ
3200 513 3383 566 οἰκεῖα
3417 507 3808 580 ἁμαρτήματα,

2416 607 2419 608 ,
2630 607 2634 608 ν
2756 606 2762 608 _
2909 603 2921 608 _
3270 607 3290 608 η
3430 598 3441 608 .
3526 592 3611 608 ιη
3651 591 3658 605 ν

368 635 484 674 non
517 635 644 674 sese
693 620 939 690 negotiis
989 619 1198 673 alienis
1249 618 1480 674 curiose
1528 617 1791 688 ingerere
1827 633 1838 668 :
1873 615 2018 669 elee—

2139 609 2192 661 ῖὸ
2227 609 2302 679 μὴ
2336 607 2650 678 κ,ἀί“ιει“α,τὸ
2703 606 2776 677 μὴ
2831 603 3320 679 πολυπραγμονεῖν
3383 598 3454 650 τὰ
3516 592 3803 669 ἀλλότρια,

368 724 673 780 mosynam
703 724 770 762 ex
803 707 1053 779 propriis
1087 707 1256 763 bonis
1304 722 1564 777 erogare,
1594 723 1721 776 qua:
1753 703 2024 759 accidunt

2139 695 2190 749 τὸ
2225 695 2394 750 ἐλεεῖν
2427 694 2486 748 ἐκ
2513 700 2620 748 τῶν
2656 693 3034 769 ὑπαρχόντων,
3064 691 3127 745 τὸ
3171 689 3354 765 φέρειν
3411 683 3681 761 γενναίως
3725 683 3810 738 καὶ

369 796 558 851 tristia
587 813 866 868 generose
914 802 970 851 et
1016 813 1149 852 cum
1201 796 1524 868 gratiarum
1577 794 1802 850 actione
1850 794 2020 859 ferre,

2139 786 2249 858 μετ’
2294 785 2638 861 εὐχαριστίας
2687 783 2757 838 τά
2805 781 3149 857 ἐπερχόμενα
3193 775 3546 868 λυπηράζτὸ
3578 771 3808 868 ,ὁμολο-

369 885 629 940 contiteri
655 903 716 940 se
740 886 923 957 gratis
947 891 1122 956 atque
1140 902 1206 940 ex
1231 885 1416 957 gratia
1449 883 1694 938 salutem
1720 881 2021 952 consequi.

363 973 420 1027 Si
452 975 648 1044 itaque
680 978 868 1045 prima
903 973 999 1027 illa
1032 991 1096 1029 ac
1135 974 1225 1028 Dei
1267 973 1484 1027 auxilio
1526 972 1822 1043 implenda
1857 988 2020 1025 nian-

367 1065 504 1118 data
535 1063 668 1133 quis
716 1063 1134 1134 compleverit;
1179 1063 1313 1117 inde
1363 1061 1572 1133 accipit
1629 1061 2020 1116 arrhabonam

369 1151 559 1206 sancti
595 1151 892 1220 Spiritus;
928 1152 1016 1205 sin
1063 1169 1174 1206 non
1224 1150 1325 1204 illa
1375 1150 1609 1221 quidem
1644 1149 1899 1204 secunda
1933 1153 2021 1201 ta-

371 1257 502 1295 men
557 1245 825 1295 accurate
877 1245 1087 1307 servet,
1137 1245 1200 1294 ut
1248 1239 1601 1311 flagitiorum
1650 1254 1891 1293 suorum
1928 1254 2022 1290 vc-

371 1331 527 1385 niam
555 1337 960 1400 consequatur.
997 1329 1154 1392 Quod
1191 1330 1238 1383 si
1275 1329 1507 1399 utrique
1537 1325 2023 1391 labatur,inutilis

371 1436 512 1475 sane
541 1424 629 1474 est
660 1417 996 1488 hujusmodi
1031 1418 1433 1485 homo,miser,
1469 1423 1524 1472 et
1553 1416 1788 1470 infelix:
1819 1432 2023 1486 exspe-

370 1514 600 1579 ctetque
627 1514 888 1578 paratum
914 1506 1266 1579 supplicium
1293 1506 1523 1561 diabolo
1547 1510 1604 1560 et
1626 1504 1849 1577 angelis
1871 1507 2019 1576 ejus.

550 1599 723 1652 Discri
743 1600 816 1652 ιίο
849 1600 1062 1651 naturae
1090 1597 1176 1667 (ac
1205 1596 1554 1666 conditionis)
1595 1612 1840 1667 operum.

442 1686 694 1757 Operum
745 1685 858 1740 alia
909 1686 1138 1757 proprie
1189 1685 1361 1754 bona,
1403 1685 1515 1739 alia
1583 1684 1812 1756 pr0prie
1872 1683 2024 1738 mala

369 1781 528 1842 sunt,
553 1775 667 1830 alia
699 1776 927 1841 media;
957 1774 1186 1846 proprie
1219 1774 1367 1828 bona
1397 1775 2020 1846 sunt,prudcntia,for-

2131 879 2245 949 γεῖν
2279 871 2482 946 δωρεὰν
2514 873 2603 926 καὶ
2635 873 2822 948 χάριτι
2855 871 3136 939 σώζεσθαι.
3171 867 3232 924 Εἰ
3265 867 3366 940 μὲν
3403 865 3502 919 οὗν
3533 861 3631 924 τὰς
3659 862 3806 937 πρώ-

2130 983 2221 1024 τας
2279 963 2367 1016 καὶ
2428 960 2790 1036 θεουργούσας
2852 959 3072 1020 ἐντολάς
3129 979 3212 1018 τις
3276 954 3596 1030 ἐργάζεται,
3651 952 3806 1004 ἀπεν-

2131 1054 2307 1106 τεῦθεν
2342 1046 2608 1124 λαμϐάνει
2639 1051 2728 1103 τὸν
2761 1042 3051 1126 ἀρραβῶνα
3077 1050 3175 1102 τοῦ
3207 1045 3366 1122 ἀγίου
3400 1039 3804 1114 Πνεύματοςοεί

2132 1138 2190 1195 δὲ
2225 1142 2325 1214 μὴ,
2355 1141 2450 1195 κᾶν
2492 1141 2587 1202 τὰς
2639 1136 2888 1210 δευτέρας
2947 1137 3060 1211 μετ’
3094 1132 3421 1208 ἐπιμελείας
3476 1129 3804 1206 έργαζέσθω,

2132 1229 2283 1291 ὅπως
2308 1228 2453 1302 τύχῃ
2486 1235 2584 1297 τῆς
2614 1231 2722 1282 τῶν
2756 1223 3275 1298 πλημμεληθέντων
3309 1221 3469 1293 αὐτῷ
3504 1219 3802 1294 συγχωρή-

2134 1339 2290 1380 σεως.
2324 1317 2387 1371 Εἰ
2419 1314 2466 1370 δ’
2495 1316 2821 1395 ἀμφοτέρων
2880 1313 3096 1387 ἐκπέσῃ,
3131 1312 3358 1388 ἀχρεῖος
3421 1307 3589 1369 οὗτος
3651 1306 3798 1381 ἀνὴρ,

2131 1406 2219 1461 καὶ
2253 1404 2464 1475 ἄθλιος,
2497 1404 2587 1460 xui
2616 1403 2985 1478 ταλαίπωροςο
3019 1402 3109 1457 καὶ
3139 1397 3515 1477 προσδοκάτω
3547 1397 3649 1464 τὴν
3683 1395 3805 1449 ἀποο

2131 1496 2384 1569 κειμένην
2412 1493 2637 1550 κόλασιν
2661 1499 2739 1566 τῷ
2770 1488 3016 1564 διαϐόλῳ
3045 1489 3136 1546 xui
3163 1495 3282 1552 τοῖς
3314 1486 3589 1564 ἀγγέλοις
3623 1485 3804 1539 αὐτοῦ.

2367 1601 2642 1677 Διάκρισις
2671 1603 2769 1670 τῆς
2801 1604 2908 1655 τῶν
2937 1599 3272 1675 πραγμάτων
3308 1594 3557 1673 φύσεως.

2200 1696 2316 1746 Τῶν
2367 1691 2704 1766 πραγμάτων
2747 1689 2812 1744 τὰ
2865 1689 2959 1762 μέν
3011 1687 3112 1741 εἰσι
3156 1685 3362 1762 κυρίως
3420 1681 3594 1752 καλὰ,
3638 1681 3706 1735 τὰ
3754 1677 3808 1734 δὲ

2130 1781 2333 1858 κυρίως
2381 1779 2538 1850 κακὰ,
2568 1779 2634 1833 τὰ
2666 1776 2723 1832 δὲ
2759 1778 2914 1852 μέσα’
2946 1776 3036 1830 καὶ
3067 1773 3270 1849 κυρίως
3325 1773 3425 1847 μὶν
3469 1769 3642 1839 καλὰ,
3678 1767 3804 1847 φρόο

372 1865 577 1931 titudo,
635 1865 1043 1934 temperantia,
1093 1862 1365 1932 justitia;
1398 1864 1629 1935 proprie
1673 1863 1827 1919 mala
1870 1863 2018 1919 insi-

2139 1855 2304 1941 νησις,
2374 1866 2610 1942 ἀνδρεία,
2662 1865 3007 1944 σωφροσύνη,
3059 1861 3402 1932 δικαιοσύνη
3468 1859 3680 1935 κυρίως
3748 1855 3802 1911 δὲ

372 1955 612 2025 pientia,
657 1953 909 2024 ignavia,
944 1952 1415 2022 intemperantia,
1448 1953 1763 2023 injustitia.
1808 1953 2012 2020 Media,

372 2042 606 2106 divitiis,
664 2047 997 2111 paupertas,
1047 2040 1251 2112 gloria,
1285 2041 1548 2108 infamia,
1583 2042 1826 2108 sanitas,
1862 2059 2016 2097 mor-

373 2134 484 2188 bus
535 2132 784 2186 eruditio
834 2129 1037 2195 multa,
1089 2129 1438 2201 ignorantia.
1491 2130 1677 2186 Media
1722 2147 1893 2202 porro
1939 2131 2021 2186 di-

371 2228 598 2288 centur,
631 2219 770 2291 quia
799 2237 901 2292 per
931 2237 1012 2290 se,
1052 2236 1155 2274 nec
1188 2220 1418 2292 proprie
1451 2221 1624 2292 bona,
1657 2238 1758 2277 nec
1789 2221 2021 2294 proprie

374 2311 528 2366 mala
558 2315 699 2367 sunt
734 2327 745 2364 :
780 2310 881 2365 sed
910 2310 1232 2366 secundum
1269 2327 1442 2366 usum
1474 2311 1545 2366 iis
1579 2314 1893 2378 utentium,
1922 2314 2022 2366 aut

374 2402 482 2456 hoc
514 2405 616 2456 aut
645 2399 803 2454 aliud
835 2400 1104 2456 evadunt.
1143 2400 1227 2455 Ita
1254 2401 1414 2455 dives
1447 2401 1546 2472 qui
1596 2400 1814 2472 probus
1856 2401 1931 2456 sit
1961 2401 2020 2455 in

373 2489 774 2557 eleemosynas
797 2488 1246 2560 bonaimpendil
1271 2507 1284 2556 ;
1309 2490 1407 2559 qui
1434 2488 1623 2545 malus
1655 2489 1725 2544 ad
1758 2489 2022 2562 volupta-

379 2585 466 2634 tes
499 2578 570 2633 iis
603 2578 806 2633 utitur.
842 2577 1125 2634 Similiter
1154 2580 1544 2650 paupertas,si
1581 2580 1732 2634 bona
1756 2580 1852 2646 sit,
1886 2579 2024 2636 tole-

380 2666 657 2732 rantiam,
703 2666 1029 2736 gratiarum
1078 2666 1367 2722 actionem
1425 2672 1481 2724 et
1534 2667 1864 2724 libertatem
1917 2687 2024 2726 nos

380 2755 582 2820 docet;
617 2755 668 2809 si
716 2753 895 2820 mala,
943 2755 1393 2826 blasphemiam,
1443 2757 1912 2825 illiberalitatem,
1957 2776 2026 2815 ex

377 2861 442 2899 eo
474 2844 629 2913 quod
665 2861 777 2898 non
804 2843 1115 2903 toleranter
1132 2861 1397 2915 agamus,
1422 2853 1680 2918 generat.
1710 2848 2024 2903 Bonaitem

377 2934 565 3005 gloria
593 2937 700 2996 est,
735 2949 867 2987 cum
895 2950 998 2989 nos
1031 2933 1424 2990 humilitatem
1475 2936 1698 3004 edocet,
1719 2941 1776 2992 et
1822 2941 2025 2992 futurae

378 3021 574 3093 gloria:
606 3021 966 3077 desiderium
990 3022 1239 3094 ingerit:
1275 3022 1431 3079 mala
1461 3030 1655 3080 autem
1688 3043 1821 3082 cum
1853 3027 2029 3082 servi-

381 3110 493 3166 lem
519 3111 782 3166 animum
809 3111 1068 3180 inducit;
1102 3119 1273 3181 atque
1301 3115 1510 3170 suadet
1539 3121 1603 3170 ut
1623 3132 1690 3170 ex
1722 3115 2025 3171 hominum

378 3200 589 3255 timore
621 3200 817 3254 omnia
847 3205 1116 3271 agantur.
1151 3201 1432 3257 Similiter
1481 3203 1633 3259 bona
1665 3209 1752 3260 est
1781 3207 2025 3274 sanitas,

382 3305 517 3344 cum
548 3305 616 3345 ea
649 3289 872 3344 utimur
897 3294 957 3344 ut
987 3289 1101 3345 Deo
1134 3289 1489 3362 placeamus,
1511 3297 1566 3348 et
1598 3295 1872 3350 mandata
1899 3296 2028 3366 ejus

381 3395 728 3450 operemur;
764 3378 919 3433 mala
966 3385 1184 3448 autem,
1220 3396 1351 3434 cum
1394 3398 1462 3436 ea
1511 3381 1582 3436 ad
1631 3382 2030 3454 intemperan-

379 3469 517 3524 tiam
552 3472 609 3524 et
636 3469 991 3538 injustitiam
1026 3469 1267 3524 utimur.
1304 3472 1442 3526 item
1499 3473 1762 3541 morbus,
1809 3474 1855 3528 si
1901 3493 2031 3544 gra-

362 3558 489 3614 tias
523 3575 791 3630 agamus,
823 3575 1007 3630 eoque
1035 3560 1202 3631 quasi
1238 3560 1504 3631 adjutorc
1554 3567 1808 3630 utamur,
1844 3565 2032 3620 bonus

377 3653 501 3715 est;
530 3647 742 3717 malus,
776 3647 824 3702 si
857 3648 1084 3720 ingrato
1118 3648 1307 3704 simus
1330 3650 1546 3717 animo,
1574 3657 1750 3722 atque
1781 3653 1852 3708 ad
1886 3652 2034 3709 blas-

383 3737 672 3808 phemiam
699 3741 755 3790 et
781 3737 926 3792 iram
960 3754 1066 3792 nos
1097 3737 1192 3792 ille
1227 3739 1676 3809 provocet.Bona
1709 3742 1924 3810 pariter
1944 3747 2036 3800 est

382 3825 569 3881 multa
599 3825 871 3894 eruditio,
902 3841 1035 3880 cum
1067 3843 1134 3881 ea
1164 3827 1236 3881 ad
1260 3827 1673 3894 docendum,et
1701 3830 1771 3884 ad
1794 3847 2030 3887 causam

384 3914 1032 3985 injuriaoppressorum
1047 3915 1356 3972 dicendam
1378 3917 1628 3985 utimur;
1649 3918 2030 3988 inalaautcm,

384 4020 516 4057 cum
570 4006 635 4057 ad
682 4019 889 4057 vanam
933 4001 1202 4074 gloriam,
1253 4010 1309 4060 et
1357 4005 1583 4077 injuriae
1616 4008 2029 4078 patrocinium.

385 4093 543 4146 Bona
575 4091 749 4146 etiam
788 4091 1118 4163 ignorantia
1146 4099 1254 4161 est,
1288 4111 1422 4149 cum
1457 4095 1510 4150 id
1544 4097 1722 4153 efﬁcit
1755 4102 1816 4153 ut
1847 4099 2042 4166 doctis

385 4180 870 4251 subjiciamur,ab
898 4181 1087 4253 iisque
1110 4183 1423 4239 utilitatem
1451 4186 1844 4258 accipiamus;
1880 4189 2036 4245 mala

386 4281 578 4325 autem
611 4287 745 4325 cum
779 4271 948 4327 nobis
974 4273 1227 4328 suaserit
1259 4279 1322 4329 ut
1345 4274 1400 4329 in
1424 4275 1659 4348 propria
1689 4277 2034 4335 incedamus

384 4361 753 4433 ignorantia;
787 4378 888 4416 nec
921 4362 1090 4418 nobis
1116 4364 1547 4441 praestantiores
1577 4383 1912 4437 sequamur.
1945 4369 2033 4424 Si-

385 4450 510 4505 mili
534 4451 689 4508 520
722 4451 891 4507 modo
923 4468 984 4507 se
1036 4451 1250 4508 habent
1279 4453 1507 4526 reliqua
1537 4455 1754 4525 omnia,
1787 4457 2032 4526 scilicet,

385 4540 684 4608 nobilitas,
707 4540 1064 4613 ignobilitas,
1093 4542 1335 4614 pulchra
1359 4543 1544 4599 forma
1574 4561 1638 4599 ac
1671 4545 2030 4616 deformitas,

2125 1961 2283 2032 κακὰ,
2343 1956 2640 2037 ἀφροσύνη,
2701 1953 2899 2022 δειλία,
2933 1953 3222 2021 ἀκολασία,
3272 1948 3484 2006 ἀδικία·
3527 1949 3669 2022 μέσα
3726 1945 3803 2014 δὲ,

2127 2035 2398 2118 πλοῦτος,
2418 2046 2590 2115 πενία,
2624 2043 2770 2116 δόξα,
2805 2042 3014 2115 ἀδοξία,
3065 2041 3266 2117 ὑγίεια,
3315 2039 3506 2110 νόσος,
3539 2035 3802 2110 πολυμα-

2131 2137 2239 2208 θία,
2298 2135 2520 2209 ἀμαθία.
2583 2136 2734 2192 Μέσα
2791 2131 2849 2189 δὲ
2906 2131 3156 2210 λέγονται
3215 2128 3306 2185 διὰ
3351 2129 3417 2183 τὸ
3468 2128 3595 2192 καθ’
3647 2125 3807 2180 ἑαυτά

2135 2228 2273 2301 μήτε
2326 2223 2529 2301 κυρίως
2589 2222 2732 2279 καλά
2791 2223 2948 2292 εἶναι,
2984 2223 3124 2296 μήτε
3179 2217 3385 2296 κυρίως
3433 2218 3598 2273 κακά·
3662 2213 3804 2270 ἄλλά

2130 2315 2276 2391 παρά
2322 2314 2389 2386 τῇ
2438 2315 2634 2389 χρήσει
2682 2316 2789 2367 τῶν
2841 2311 3148 2387 χρωμένων
3175 2311 3210 2378 ἣ
3245 2312 3409 2363 τοῦτο
3441 2307 3476 2375 ἣ
3511 2304 3691 2360 ἐκεῖνο
3721 2324 3802 2391 γι-

2129 2389 2347 2478 νόμενα·
2384 2405 2498 2458 οἷον
2533 2403 2560 2456 ὁ
2592 2396 2830 2464 πλοῦτος
2861 2400 3030 2462 καλὸς
3065 2399 3158 2472 μὲν
3193 2397 3269 2460 εἰς
3300 2395 3693 2470 ἐλεημοσύνην
3729 2389 3802 2447 δι-

2135 2493 2386 2567 δόμενος,
2417 2492 2579 2552 κακὸς
2628 2488 2685 2545 δὲ
2741 2491 2878 2565 πρὸς
2927 2485 3127 2558 ἡδονᾶς
3159 2483 3580 2558 δαπανώμενος.
3616 2480 3801 2536 Ὡσαύ-

2133 2605 2240 2645 τως
2270 2582 2359 2637 καὶ
2389 2581 2424 2651 ἠ
2457 2580 2612 2635 πενία
2639 2577 2783 2649 καλὴ
2834 2579 2927 2652 μὲν
2957 2575 3262 2653 καρτερίαν,
3294 2573 3384 2629 καὶ
3421 2571 3798 2650 εὐχαριστίαν,

2131 2674 2220 2728 καὶ
2270 2669 2572 2744 ἐλευθερίαν
2623 2670 2770 2742 ἡμᾶς
2822 2665 3163 2722 διδάσκουσα·
3214 2669 3354 2733 κακὴ
3419 2660 3480 2718 δὲ
3536 2661 3790 2738 βλασφη-

2136 2762 2280 2835 μίαν,
2330 2760 2419 2815 xui
2473 2757 2838 2832 ἀνελευθερίαν
2899 2756 2957 2811 έκ
3011 2759 3107 2811 τοῦ
3165 2755 3241 2828 μὴ
3298 2757 3585 2828 καρτερεῖν
3644 2751 3790 2822 ἡμᾶς

2133 2851 2516 2907 ἀποτίκτουσα.
2544 2847 2696 2916 Καλή
2749 2845 2805 2902 δὲ
2846 2846 2998 2916 καὶή
3047 2842 3192 2916 δόξα,
3243 2842 3368 2898 ὅταν
3425 2859 3791 2917 ταπεινοφρο-

2137 2941 2298 3011 σύνην
2328 2941 2475 3012 ἡμᾶς
2503 2935 2809 3011 ἐκδιδάσκῃ,
2841 2937 2930 2991 καὶ
2976 2942 3078 3005 τῆς
3127 2931 3443 3006 μελλούσης
3497 2929 3664 3001 δόξης
3708 2925 3796 3004 ἔφ-

2136 3050 2266 3086 εσιν·
2298 3029 2438 3098 κακὴ
2471 3025 2549 3093 δὲ,
2581 3026 2704 3083 ὅταν
2739 3023 3191 3101 δουλοπρέπειαν,
3224 3021 3314 3076 καὶ
3347 3018 3440 3075 διὰ
3471 3015 3648 3099 φόϐον
3700 3019 3795 3074 ἀν-

2137 3121 2406 3196 θρώπινον
2440 3119 2612 3172 πάντα
2640 3120 2815 3171 ποιεῖν
2851 3114 3135 3188 ἀναπείθῃ.
3164 3111 3435 3173 Ὡσαύτως
3490 3107 3640 3178 καλὴ
3697 3107 3791 3181 μὲν

2135 3211 2224 3264 καὶ
2257 3208 2449 3284 ὑγίεια,
2479 3205 2601 3262 ὅταν
2656 3205 2730 3268 εἰς
2781 3203 3124 3281 εὐαρέστησιν
3174 3205 3273 3256 τοῦ
3321 3204 3458 3256 Θεοῦ
3489 3199 3582 3254 καὶ
3634 3197 3793 3272 ἐργα-

2139 3299 2254 3354 σίαν
2287 3301 2394 3353 τῶν
2427 3296 2592 3352 αὐτοῦ
2623 3293 2857 3350 ἐντολῶν
2889 3292 3174 3370 χρώμεθα’
3209 3291 3348 3359 κακή
3383 3287 3464 3359 δὶ,
3497 3287 3627 3344 ὅταν
3659 3285 3795 3362 πρὸς

2141 3385 2432 3443 ἀκολασίαν
2492 3385 2582 3440 καὶ
2643 3381 2876 3440 ἀδικίαν.
2926 3380 3162 3455 Ὁμοίως
3219 3378 3309 3434 καὶ
3361 3379 3395 3448 ἠ
3448 3377 3634 3445 νόσος,
3676 3373 3797 3429 ὅταν

2141 3476 2550 3552 εὐχαριστῶμεν
2608 3473 2698 3528 καὶ
2750 3471 2986 3548 συνεργῴ
3041 3469 3208 3544 ταύτῃ
3279 3468 3571 3544 χρώμεθα,
3631 3462 3794 3552 καλής

2141 3548 2291 3633 κακῆ-
2315 3561 2392 3635 δὲ,
2425 3562 2549 3617 ὅταν
2601 3562 2734 3636 πρὸς
2784 3558 3129 3636 ἀχαριστίαν,
3159 3557 3249 3612 καὶ
3303 3553 3680 3633 βλασφημίαν,
3712 3548 3796 3605 καὶ

2147 3653 2315 3728 ὀργὴν
2351 3653 2501 3724 ἡμᾶς
2532 3648 2846 3723 συνελαύνῃ.
2883 3646 3034 3716 Καλή
3075 3645 3164 3702 καὶ
3216 3646 3250 3715 ἡ
3300 3641 3642 3717 πολυμαθία,
3676 3639 3795 3694 ὅταν

2142 3742 2276 3818 πρὸς
2338 3738 2684 3796 διδασκαλίαν
2738 3738 2827 3792 καὶ
2889 3739 3142 3814 βοήθειαν
3218 3738 3335 3795 τοῖς
3415 3729 3795 3818 ἀδικουμένοις

2140 3815 2308 3905 ταύτῃ
2355 3831 2639 3905 χρώμεθα·
2688 3828 2826 3895 κακὴ
2879 3824 2955 3898 δὲ,
2990 3824 3114 3880 ὅταν
3165 3824 3302 3897 πρὸς
3345 3819 3678 3892 κενοδοξίαν,
3708 3815 3794 3872 καὶ

2145 3919 2468 3996 συνηγορίαν
2495 3925 2596 3988 τῆς
2640 3916 2870 3979 ἀδικίας.
2921 3912 3074 3983 Καλὴ
3123 3912 3212 3968 xui
3260 3911 3484 3984 ἀμαθία,
3519 3910 3646 3966 ὅταν
3696 3926 3792 3960 πα-

2145 4009 2443 4087 ρασκευάζῃ
2491 4009 2637 4081 ἡμᾶς
2689 4004 3080 4067 ὑποτάσσεσθαι
3135 4007 3255 4063 τοῖς
3307 3999 3499 4073 εἰδόσι,
3552 3999 3642 4053 καὶ
3692 4013 3793 4068 παρ

2143 4085 2317 4156 αὐτῶν
2396 4097 2706 4174 πορίζεσθαι
2774 4095 2873 4162 τήν
2953 4090 3249 4170 ὠφέλειαν·
3313 4091 3452 4158 κακὴ
3516 4087 3610 4154 δὲ,
3670 4085 3787 4140 ὅταν

2143 4190 2300 4260 πείθῃ
2329 4189 2476 4262 ἡμᾶς
2522 4190 2592 4260 τῇ
2643 4183 2818 4256 οἰκείᾳ
2859 4186 3098 4257 στοιχεῖν
3160 4179 3382 4253 ἀμαθίᾳ,
3413 4180 3503 4233 καὶ
3559 4178 3634 4252 μὴ
3680 4177 3790 4233 τοῖς

2143 4277 2439 4351 κρείττοσιν
2510 4269 2745 4337 ἔπεσθαι·
2798 4269 3069 4332 Ὡσαύτως
3118 4268 3206 4323 καὶ
3249 4269 3316 4322 τά
3365 4266 3538 4322 λοιπὰ
3604 4264 3789 4330 πάντα,

2145 4350 2257 4423 οῖον
2312 4363 2546 4440 εὐγένεια
2594 4361 2683 4418 καὶ
2735 4359 3028 4437 δυσγένεια,
3063 4356 3333 4434 εὐμορφία
3388 4356 3478 4412 καὶ
3534 4350 3788 4430 ἀμορφία,

2142 4453 2487 4533 καλλιφωνία
2533 4453 2621 4508 καὶ
2673 4452 3007 4524 κακοφωνία,
3041 4448 3202 4525 ἰσχὺς
3249 4447 3337 4502 xui
3390 4444 3674 4520 ἀδυναμία,
3701 4460 3788 4496 τα-

2145 4531 2336 4620 χύτης
2373 4543 2463 4597 καὶ
2525 4539 2820 4618 βραδύτης,
2851 4539 3020 4615 τέχνη
3079 4538 3170 4593 xui
3228 4535 3468 4612 ἀτεχνία,
3517 4535 3608 4591 καὶ
3664 4531 3789 4605 πρὸς

385 4629 650 4685 celeritas
679 4636 735 4685 et
758 4631 1123 4701 tarditas,ars
1146 4636 1202 4685 et
1224 4632 1367 4688 artis
1400 4631 2027 4704 imperitia,dexteritas

2147 4616 2420 4693 διακονίας
2480 4616 2860 4699 ἐπιτηδειότης
2928 4626 3019 4682 καὶ
3096 4623 3565 4697 ἀνεπιτηδειότης.
3623 4624 3789 4676 Ταῦτα

385 4721 442 4774 in
480 4719 869 4774 ministrando
901 4724 958 4774 et
1003 4719 1359 4778 inhabilitas.
1392 4721 1523 4776 Haec
1577 4722 1795 4790 omnia,
1833 4727 1894 4778 ut
1941 4724 2029 4778 di-

387 4815 549 4865 ctum
581 4813 688 4874 est,
713 4809 767 4862 in
804 4809 996 4863 medio
1019 4809 1382 4876 consistunt;
1418 4816 1482 4865 ut
1512 4810 1612 4880 qui
1645 4809 1717 4866 iis
1741 4817 1894 4868 recte
1919 4819 2039 4868 uta-

387 4906 445 4954 tu
456 4898 653 4966 r,nihil
671 4898 914 4953 laedatur
927 4899 996 4952 ab
1013 4896 1177 4969 ipsis,
1192 4901 1670 4969 quemadmodum
1687 4902 1887 4958 beatus
1899 4903 2032 4960 Job.

388 4989 644 5060 Utroque
666 4987 822 5042 enim
849 4987 1019 5041 modo
1037 4989 1402 5060 exercitatus,
1428 4991 1742 5063 prazclarus
1768 5009 2034 5065 compro-

389 5081 560 5133 batus
591 5083 681 5133 est
710 5082 884 5149 atque
917 5076 1410 5150 inexpugnabilis,
1435 5098 1500 5136 ac
1533 5081 1592 5136 in
1623 5081 1894 5138 omnibus
1918 5082 2034 5138 Deo

385 5168 626 5239 placuit.
643 5167 766 5222 Non
792 5167 993 5222 decent
1018 5167 1210 5239 itaque
1232 5170 1408 5226 rebus
1433 5171 1576 5242 ipsis
1600 5171 1834 5243 culpam
1863 5173 2036 5228 ascri-

383 5258 521 5313 bere
553 5275 564 5312 :
600 5257 745 5312 nihil
777 5256 932 5312 enim
966 5275 1168 5313 eorum
1199 5277 1327 5331 quas
1359 5277 1392 5314 a
1423 5259 1537 5314 Deo
1569 5262 1705 5315 data
1737 5263 2032 5331 sunt,ma-

386 5348 548 5415 lum;
582 5349 682 5403 sed
715 5348 770 5403 id
809 5348 1024 5404 habent
1055 5366 1121 5403 ex
1155 5351 1394 5405 seducta
1428 5355 1627 5406 nostra
1657 5355 1832 5421 atque
1858 5367 2035 5422 spon-

385 5444 556 5494 tanea
587 5456 754 5494 serva
785 5438 1100 5506 voluntate,
1136 5443 1310 5510 atque
1359 5456 1423 5494 ex
1476 5440 1684 5494 animai
1735 5439 1889 5495 circa
1936 5455 2036 5495 eas

387 5543 479 5582 res
504 5529 728 5597 judicio
759 5529 828 5584 ad
863 5528 1165 5584 libidinem
1200 5545 1366 5584 suam
1397 5528 1511 5584 lato
1538 5528 1748 5584 :libere
1780 5544 2036 5600 namque

388 5614 488 5670 illa
515 5616 576 5670 in
609 5615 886 5673 harumce
919 5633 1111 5672 rerum
1142 5635 1249 5673 usu
1286 5617 1506 5673 labitur
1537 5635 1604 5672 ex
1636 5617 1871 5689 propria
1900 5616 2035 5672 libi-

388 5705 687 5768 dine,dum
712 5703 812 5758 Dei
843 5705 1200 5764 voluntatem
1223 5709 1468 5780 ejusque
1491 5723 1736 5782 regnum
1767 5707 2033 5778 despicit.

457 5812 536 5882 (α)
568 5812 715 5882 Lege
742 5830 1167 5886 καταφρονουσα.
1200 5816 1357 5872 EDIT.
1390 5820 1632 5872 PATROL.

2139 4725 2332 4792 πάντα,
2382 4721 2458 4783 ὡς
2511 4718 2742 4795 εἷ’ρηται,
2800 4723 2907 4773 τῶν
2955 4712 3130 4790 μέσων
3192 4714 3314 4772 εἰσί·
3372 4714 3459 4770 καὶ
3520 4715 3548 4770 ὁ
3605 4709 3778 4769 καλῶς

2143 4812 2357 4873 τούτοις
2389 4810 2678 4887 χρώμενος
2711 4805 2865 4863 οὐδὲν
2899 4805 3044 4882 παρὰ
3070 4804 3276 4860 τούτων
3325 4799 3678 4880 βλαϐήσεται,
3714 4799 3781 4858 ὡς

2145 4903 2173 4956 ὁ
2208 4901 2471 4977 μακάριος
2518 4893 2663 4956 Ἰώϐ.
2715 4897 2809 4960 Εἰς
2856 4891 3135 4973 ἀμφότερα
3181 4893 3284 4969 γὰρ
3335 4892 3646 4966 έξετασθεῖς,
3705 4886 3782 4943 εὐ-

2146 4989 2374 5064 δόκιμος
2424 4990 2657 5058 ἀνεφάνη
2708 4987 2798 5042 καὶ
2851 4982 3424 5061 ἀκαταγώνιστος,καῖ
3482 4979 3571 5037 διὰ
3627 4980 3785 5035 πάντα

2145 5063 2474 5154 εὐηρέστησε
2501 5082 2581 5148 τῷ
2612 5079 2748 5148 Θεῷ.
2781 5076 2941 5128 Ὥστε
2993 5070 3054 5127 οὐ
3115 5069 3196 5126 δεῖ
3249 5071 3316 5125 τά
3367 5069 3655 5146 πράγματα
3709 5063 3780 5119 αῖ-

2143 5175 2377 5232 τιᾶσθαι·
2416 5164 2567 5222 οὐδὶν
2629 5165 2730 5240 γὰρ
2789 5167 2894 5219 τῶν
2956 5161 3102 5237 πηρά
3147 5164 3282 5216 Θεοῦ
3313 5157 3577 5224 δοθέντων
3609 5155 3782 5221 κακὸν,

2147 5255 2290 5313 ἀλλά
2346 5255 2491 5332 παρά
2541 5255 2641 5323 τήν
2696 5248 3038 5330 έσφαλμένην
3087 5251 3246 5323 ἡμῶν
3296 5249 3386 5304 καὶ
3441 5243 3785 5304 έθελόδουλον

2143 5347 2478 5424 προαίρεσιν,
2509 5345 2599 5399 καὶ
2629 5344 2727 5412 τὴν
2778 5337 3242 5408 ἑθελοϐλέπουσαν
3295 5339 3418 5416 περὶ
3475 5343 3640 5394 ταῦτα
3690 5339 3781 5402 τῆς

2145 5441 2330 5512 ψυχῆς
2356 5437 2516 5508 ἡμῶν
2552 5431 2840 5510 διάκρισιν,
2862 5432 2984 5501 ἥτις
3016 5429 3370 5502 αὐτεξουσίως
3403 5429 3544 5505 πρὸς
3572 5429 3666 5497 τὴν
3697 5443 3787 5480 πα·

2147 5526 2414 5603 ράχρησιν
2459 5523 2665 5579 τούτων
2716 5520 3065 5593 έξολισθαίνει
3115 5520 3167 5592 EE
3216 5518 3417 5581 οἰκείας
3448 5514 3787 5596 φιΛηδονίας,

2145 5617 2364 5685 καὶτῆς
2390 5619 2486 5670 τοῦ
2521 5617 2654 5669 Θεοῦ
2683 5611 2773 5667 καὶ
2820 5611 2920 5681 τῆς
2969 5611 3133 5666 αὐτοῦ
3195 5607 3472 5688 βασιλείας
3529 5623 3790 5684 καταφρο-

2147 5710 2252 5761 νῶν
2285 5707 2385 5779 (τι).
