4104 6352
282 424 444 487 “09

1055 419 1320 484 SERMO
1365 421 1518 482 PRO
1563 420 1660 481 llS
1707 420 1837 491 OUl
1885 421 2211 483 SECULO
2262 421 2900 489 RENUNTIARUNT.

3542 440 3699 498 “10

1034 587 3684 619 Μ

1823 713 2162 769 MONITUM

347 855 453 908 Hoc
483 855 612 908 item
642 853 961 921 opusculum
994 851 1163 905 Itonia
1192 849 1347 904 nobis
1372 850 1600 902 missum
1629 857 1728 913 est,
1759 848 1826 902 de
1853 864 1956 919 quo
1986 848 2103 905 hac
2126 855 2274 904 notat
2319 853 2419 921 gui
2455 857 2770 923 exscripsit.
2828 857 2965 912 Mss.
3020 863 3196 916 codex
3243 865 3471 922 Graecus
3523 887 3687 926 num.

274 943 402 1011 658,
437 942 921 995 membranaceus
953 946 1007 993 et
1037 939 1220 1000 ἰπὶ-12,
1262 937 1511 1008 eleganti
1545 953 1721 990 manu
1762 944 2052 1004 cxaratus,
2089 939 2317 993 videtur
2357 939 2566 995 habere
2595 959 2726 998 ccce
2758 962 2942 1000 annos
2975 955 3031 1001 et
3064 958 3149 1005 est
3179 952 3540 1011 bibliothecas
3572 959 3685 1013 Va-

276 1031 506 1086 ticana.
540 1031 694 1085 Inter
725 1028 836 1084 alia
867 1028 1146 1092 continet,
1185 1045 1240 1098 p.
1277 1028 1399 1093 130,
1431 1030 1773 1096 sequentem
1805 1031 2118 1080 tractatum
2169 1027 2518 1083 attributum
2569 1039 2771 1087 sancto
2815 1036 3150 1092 Athanasio.
3181 1043 3243 1096 At
3273 1048 3351 1097 est
3382 1047 3564 1114 ignoti
3591 1065 3689 1102 cu-

277 1118 495 1176 iusdam
527 1122 580 1172 et
612 1119 915 1174 Athanasio
946 1119 1102 1186 longe
1133 1117 1414 1184 inferioris
1443 1116 1737 1186 scriptoris
1767 1131 1919 1186 opus,
1955 1121 2015 1170 ut
2041 1118 2221 1186 primo
2250 1129 2467 1188 aspectu
2494 1119 2730 1176 advertct
2762 1124 3006 1180 eruditus
3039 1128 3220 1184 lector.

966 1403 1096 1457 ΤΟΥ
1135 1402 1221 1455 EN
1266 1401 1496 1456 ΔΓΙΟΙΣ
1541 1401 1810 1457 ΙΙΔΤΡΟΣ
1852 1400 2040 1455 ΗΜΩΝ
2080 1405 2474 1458 ΑΩΑΝΑΣΙΟΥ
2511 1409 2640 1461 ΤΟΥ
2680 1409 3005 1463 ΜΕΓΑΛΟΥ

1473 1534 1909 1590 ΠΑΤΡΙΑΡΧΟΥ
1947 1537 2482 1592 ΑΛΕΞΑΝΔΡΕΙΑΣ

554 1667 726 1744 Λόγος
759 1664 1110 1744 διακριτικὸς,
1143 1667 1232 1722 καὶ
1261 1667 1335 1729 είς
1361 1669 1457 1730 τὰς
1489 1666 1706 1728 ἐντολάς
1735 1672 1832 1722 τοῦ
1862 1672 1996 1722 Θεοῦ
2025 1674 2140 1731 τοῖς
2174 1669 2596 1744 ἁποταξαμένοις
2627 1674 2714 1728 καὶ
2747 1679 2987 1746 σωθῆναι
3021 1682 3367 1756 θελουμένοις

1258 1956 1490 2012 SANCTI
1531 1955 1777 2011 PATRIS
1813 1955 2050 2012 NOSTRI
2089 1957 2441 2014 ATHANASII
2476 1961 2684 2017 MAGNI

1496 2089 1892 2145 PATRIARCH
1904 2093 1963 2144 ΑΞ
1999 2091 2040 2144 Α
2053 2089 2480 2147 LEXANDRUE

345 2222 534 2278 Sermo
583 2223 928 2278 discretionis
969 2223 1165 2294 plenus
1213 2224 1274 2276 in
1321 2225 1418 2278 Dei
1461 2223 1746 2290 mandata,
1792 2240 1894 2295 pro
1938 2224 2005 2349 ἱεὶς
2050 2227 2146 2293 qui
2193 2227 2391 2280 arcula
2438 2233 2837 2287 renuntiarunt
2875 2245 2925 2290 et
2965 2243 3063 2306 qui

1906 2311 1967 2349 vo
1994 2305 2110 2349 um.

1906 2305 2110 2349 volunt.

343 2624 394 2678 1.
429 2620 772 2695 Ἀγαπητοὶ,
824 2621 1198 2696 φροντίσωμεν
1255 2628 1353 2690 τῆς
1411 2619 1680 2695 σωτηρίας
1737 2622 1921 2694 ἡμῶν,
1956 2625 2006 2689 Α

267 2709 351 2764 ὅτι
385 2710 412 2762 6
443 2709 629 2782 καιρὸς
681 2708 1107 2781 συνεσταλμένος
1160 2709 1271 2764 ἐστὶ
1322 2707 1538 2763 λοιπόν
1589 2708 1678 2763 καὶ
1729 2708 1791 2763 οὐ
1841 2707 1928 2762 δύο

264 2797 421 2852 ναταί
452 2817 533 2858 τις
580 2797 860 2872 φροντίσαι
912 2805 1013 2867 τῆς
1045 2798 1236 2853 ἑαυτοῦ
1267 2801 1473 2872 ψυχῆς,
1505 2795 1609 2859 ἓως
1659 2797 1721 2852 οὗ
1761 2818 1925 2875 φρον-

265 2888 405 2955 τίζει
451 2887 518 2940 τὰ
566 2890 664 2940 τοῦ
713 2887 994 2959 σώματος.
1045 2889 1247 2961 ’Ὠσπερ
1295 2887 1399 2960 γὰρ
1459 2886 1520 2941 οὐ
1580 2883 1798 2941 δύναταί
1845 2907 1927 2948 τις

268 2975 564 3050 προσέχειν
615 2974 666 3029 ἐν
719 2975 793 3029 ἑνὶ
849 2975 1121 3053 ὀφθαλμῷ
1165 2975 1240 3037 εἷς
1285 2975 1378 3030 τὸν
1426 2975 1688 3050 οὐρανὸν,
1736 2974 1824 3030 καί
1875 2975 1925 3030 ἐν

273 3063 356 3117 ἑνὶ
389 3061 474 3116 ἐπὶ
505 3063 603 3131 τὴν
635 3069 756 3136 γῆν·
790 3062 960 3124 οὕτως
992 3063 1053 3117 οὐ
1085 3060 1298 3117 δύναται
1333 3061 1616 3138 ἄνθρωπος
1649 3065 1929 3142 φροντίσαι

271 3153 344 3206 τὰ
370 3155 466 3206 τοῦ
497 3156 632 3206 Θεοῦ
661 3150 751 3205 καὶ
781 3151 848 3205 τὰ
888 3155 985 3206 τοῦ
1033 3152 1312 3223 σώματος.
1345 3155 1546 3228 Ὥσπερ
1596 3152 1658 3207 οὐ
1711 3150 1928 3208 δύναται

279 3239 437 3312 πηγή
465 3238 524 3293 ἐκ
550 3245 652 3308 τῆς
706 3239 874 3308 αὐτῆς
925 3239 1065 3308 ὀπῆς
1117 3239 1400 3315 ἐξενεγκεῖν
1448 3239 1592 3314 ὕδωρ
1636 3239 1808 3317 γλυκὺ
1838 3243 1927 3295 καὶ

271 3327 488 3402 πικρὸν,
523 3326 694 3388 οὕτως
727 3327 789 3380 0'3
823 3325 1040 3382 δύναται
1073 3329 1356 3404 ἄνθρωπος
1387 3328 1476 3382 καὶ
1517 3334 1632 3400 Θεῷ
1663 3330 1925 3404 ἀρέσκειν,

272 3416 364 3469 καὶ
421 3418 614 3491 σαρκὸς
666 3415 952 3488 ἐπιθυμίας
1013 3415 1300 3473 ἐπιτελεῖν.
1351 3418 1551 3493 Ὠσπερ
1601 3417 1661 3472 οὐ
1709 3415 1926 3473 δύναται

270 3504 472 3558 ἄκανθα
513 3505 718 3579 καρπὸν
752 3502 938 3558 ἐλαίου
970 3500 1400 3579 προϐάλλεσθαι,
1432 3505 1602 3568 οὕτως
1657 3505 1718 3561 οὐ
1767 3505 1928 3562 δύνα-

266 3613 357 3647 ται
391 3594 674 3668 ἄνθρωπος
703 3593 792 3648 καὶ
837 3593 904 3648 τὰ
953 3593 1176 3668 οὐράνια
1225 3599 1424 3663 ζητεῖν,
1464 3595 1552 3649 καὶ
1605 3596 1670 3649 τὰ
1717 3594 1930 3670 ἐπίγεια

259 3683 472 3751 ποθεῖν,
520 3681 697 3742 καθώς
746 3703 907 3758 φησιν
955 3682 982 3735 6
1033 3682 1243 3756 Κύριος·
1279 3683 1356 3747 Οὐ
1409 3681 1633 3747 δύνασθε
1678 3685 1768 3738 καὶ
1813 3691 1928 3758 Θεῷ

261 3767 531 3842 ἀρέσκειν,
564 3767 654 3822 καὶ
706 3768 903 3840 σαρκὸς
951 3768 1234 3842 ἐπιθυμίας
1281 3769 1570 3828 ἐπιτελεῖν.
1622 3773 1780 3835 Ὅθεν
1838 3792 1927 3845 καὶ

259 3858 293 3911 6
327 3855 637 3918 ἀπόστολος
689 3857 908 3919 Παῦλος
952 3857 1184 3920 ἀκούσας
1229 3863 1416 3929 ταῦτα,
1447 3861 1536 3913 καὶ
1569 3859 1797 3934 ἐκκόψας
1829 3862 1927 3917 αὖ·

255 3949 360 3999 τοῦ
392 3944 564 3998 πάντα
612 3945 679 3998 τὰ
723 3952 822 4014 τῆς
872 3945 1067 4019 σαρκὸς
1118 3949 1460 4022 φρονήματα,
1509 3947 1659 4024 φησί’
1699 3973 1720 4001 ο
1758 3951 1834 4002 Δι’
1867 3951 1924 4004 ὃν

257 4033 437 4087 πάντα
489 4033 816 4106 ζημιοῦμαι,
866 4031 955 4087 ’ίνα
1005 4035 1236 4105 Χριστὸν
1285 4032 1560 4110 κερδήσω,
1592 4060 1619 4087 ››
1651 4038 1738 4090 καί
1772 4037 1918 4109 αὐτῷ

259 4117 704 4194 συμϐασιλεῦσω.
740 4147 766 4173 ‹‹
815 4123 1076 4196 Ἔχοντες
1125 4120 1182 4177 δὲ
1235 4119 1528 4201 διατροφὰς
1576 4124 1665 4178 καὶ
1714 4125 1913 4179 σκεπά-

259 4230 470 4282 σματα,
520 4209 734 4272 τούτοις
786 4211 1263 4285 ἁρκεσθησώμεθα.
1315 4213 1381 4268 Οἱ
1429 4213 1530 4288 γὰρ
1584 4212 1913 4287 βουλόμενοι

257 4297 519 4353 πλουτεῖν
559 4297 919 4371 ἐμπίπτουσιν
954 4298 1028 4360 εἷς
1056 4301 1383 4374 πειρασμὸν,
1411 4301 1500 4355 καὶ
1549 4299 1752 4376 παγίδα
1799 4299 1914 4358 δια·

254 4380 454 4457 δόλου,
486 4385 576 4442 καὶ
618 4385 905 4460 ἐπιθυμίας
937 4387 1197 4451 ἀτόπους.
1233 4413 1260 4442 η

327 4477 383 4531 2.
416 4475 490 4530 Σὺ
541 4472 618 4548 δὲ,
666 4475 738 4528 ὧν
790 4472 1010 4553 άδελφὲ,
1049 4478 1122 4548 μὴ
1175 4476 1448 4554 προσέχῃς
1497 4501 1548 4535 τι
1579 4484 1675 4535 τοῦ
1705 4479 1916 4553 κόσμου

249 4564 476 4636 τούτου,
505 4563 595 4620 τίνα
625 4562 859 4639 δυνηθῇς
889 4574 1152 4636 σωθῆναι,
1185 4566 1329 4622 ἀλλὰ
1359 4566 1596 4640 ἅσκησον
1640 4568 1914 4625 δικαιοσύ-

250 4676 380 4723 νην,
429 4653 517 4709 καί
569 4654 850 4724 ἀλήθειαν,
903 4656 993 4709 καὶ
1039 4655 1274 4730 ἀγάπην,
1326 4658 1412 4711 καὶ
1472 4655 1639 4736 φόϐον
1696 4661 1914 4735 Κυρίου,

252 4742 348 4796 καὶ
379 4742 681 4817 πραότητα,
739 4743 1002 4811 ὑπακοὴν,
1033 4744 1123 4797 καὶ
1173 4743 1508 4817 ἐγκράτειαν,
1551 4748 1639 4802 καὶ
1683 4750 1913 4820 ἀμνησι-

254 4831 449 4885 κακίαν
487 4877 498 4888 .
556 4831 796 4901 Μίσησον
853 4831 1049 4906 λόγους
1079 4833 1400 4905 κοτμικοὺς,
1447 4832 1538 4888 ’ίνα
1585 4835 1778 4911 καρδία
1821 4858 1916 4891 σου

257 4915 462 4992 ὄψηται
518 4920 608 4973 τὸν
655 4919 861 4976 καλόν.
925 4920 1230 4996 Ἀγάπησον
1288 4923 1350 4976 τὸ
1403 4929 1646 4999 συνεχῶς
1691 4927 1916 5000 προσεύ-

257 5010 473 5083 χεσθαι,
500 5006 590 5062 ’ίνα
628 5012 872 5086 φωτισθῇ
920 5029 1014 5062 σου
1133 5007 1326 5084 καρδία
1362 5054 1374 5066 .
1429 5009 1619 5073 Διάδος
1673 5013 1918 5086 ὑστερου-

264 5097 444 5170 μὲνοις
479 5095 748 5172 ὀφθαλμῷ
799 5095 1068 5170 πλουσίῳ,
1098 5097 1189 5152 ’ίνα
1244 5100 1318 5171 μή
1368 5105 1774 5176 καταισχυνθῇς
1820 5099 1916 5174 ἔμ-

256 5189 488 5262 προσθεν
519 5191 616 5240 τοῦ
649 5187 897 5261 βήματος
943 5192 1040 5241 τοῦ
1090 5191 1343 5260 Χριστοῦ·
1383 5188 1612 5261 μίσησον
1644 5191 1744 5258 τὴν
1795 5189 1918 5244 ἐπι-

253 5275 451 5346 θυμίαν
489 5273 541 5328 ἐν
593 5279 709 5336 τοῖς
775 5272 1077 5349 βρώμασιν,
1107 5273 1198 5330 ’ίνα
1259 5278 1333 5349 μὴ
1397 5277 1424 5330 6
1482 5276 1742 5351 Ἀμαλὴκ
1806 5284 1913 5333 τῶν

3099 2243 3334 2301 salutem
3363 2257 3617 2326 consequi

2114 2624 2160 2676 1.
2199 2624 2417 2723 Dilecti,
2451 2628 2521 2682 de
2551 2629 2740 2723 salute
2772 2640 2970 2690 nostra
3018 2639 3472 2705 sollicitudinem
3518 2670 3683 2723 gera-

2040 2727 2193 2782 mus,
2227 2715 2364 2783 quia
2394 2721 2627 2812 tempus
2660 2719 2830 2776 breve
2859 2731 2946 2778 est
2980 2743 2991 2779 :
3020 2745 3121 2783 nec
3154 2739 3343 2801 potest
3373 2715 3685 2812 quisquam

2039 2818 2205 2856 suam
2255 2820 2459 2859 curare
2509 2807 2788 2874 animam,
2839 2813 3022 2869 donec
3073 2826 3238 2875 curat
3289 2807 3417 2894 quae
3475 2807 3688 2903 corpus

2039 2894 2828 2990 spcctanhQuemadmodum
2853 2902 3006 2957 enim
3030 2922 3140 2960 non
3167 2917 3355 2990 potest
3373 2894 3687 2988 quisquam

2041 2994 2156 3033 uno
2189 2979 2354 3034 oculo
2390 2982 2443 3036 in
2478 2983 2686 3039 malum
2721 2989 3027 3061 respicere,
3061 3001 3118 3049 et
3169 2979 3284 3054 alio
3325 2979 3638 3063 in-terram
3670 3036 3684 3077 ;

2039 3065 2123 3122 ita
2157 3085 2266 3122 non
2302 3075 2490 3166 potest
2520 3071 2694 3127 homo
2740 3076 2810 3130 de
2852 3077 2965 3133 Deo
2997 3081 3174 3138 simul
3227 3093 3281 3141 et
3324 3091 3394 3145 de
3445 3065 3684 3166 corpore

2040 3172 2262 3210 curare.
2296 3157 2461 3213 Sicut
2488 3178 2600 3214 non
2651 3170 2838 3234 potest
2889 3169 3016 3223 t'ons
3064 3188 3128 3225 ex
3164 3177 3365 3232 eodem
3399 3157 3682 3240 foramine

2039 3246 2304 3341 emittere
2335 3265 2546 3317 aquam
2580 3251 2804 3308 dulcem
2840 3261 2894 3309 et
2925 3273 3207 3331 amaram,
3233 3264 3316 3319 sic
3349 3285 3459 3322 non
3496 3277 3688 3341 potest

2040 3331 2214 3388 homo
2245 3341 2301 3389 et
2352 3336 2465 3391 Deo
2499 3337 2746 3408 placere,
2796 3348 2854 3397 et
2900 3348 3093 3402 carnis
3146 3331 3681 3426 concupiscentiam

2039 3423 2334 3492 perficere.
2387 3425 2548 3480 Sicut
2605 3445 2716 3483 non
2779 3438 2967 3502 potest
3011 3437 3181 3507 spina
3239 3423 3373 3497 olea;
3430 3447 3684 3506 fructum

2041 3509 2206 3579 ferre,
2240 3513 2319 3567 ita
2353 3531 2464 3569 non
2501 3522 2690 3587 potest
2722 3520 2892 3575 homo
2945 3531 3001 3578 et
3032 3527 3282 3585 cculestia
3318 3551 3596 3606 qurerere,
3631 3545 3690 3596 et.

2039 3604 2269 3655 terrena
2300 3604 2732 3674 concupiscere,
2759 3616 2821 3662 ut
2854 3611 2933 3664 ait
2956 3613 3270 3674 Dominus:
3297 3621 3417 3677 Non
3443 3604 3687 3696 potestis

2040 3693 2096 3741 et
2118 3688 2232 3743 Dco
2255 3689 2479 3760 placere
2510 3699 2563 3746 et
2595 3699 2788 3750 carnis
2821 3704 3351 3774 concupiscentiam
3390 3688 3681 3782 perlicere.

2041 3776 2200 3832 Unde
2240 3783 2296 3832 et
2343 3783 2645 3849 apostolus
2691 3785 2908 3842 Paulus
2959 3789 3078 3846 haec
3128 3811 3258 3850 cum
3309 3776 3593 3867 audisset,
3627 3811 3684 3859 et

2037 3881 2244 3920 omnes
2275 3868 2467 3923 carnis
2498 3871 2738 3927 affectus
2772 3874 2825 3928 in
2861 3895 2921 3931 se
2952 3880 3320 3953 abscidisset,
3342 3889 3456 3944 ait:
3487 3910 3508 3936 α
3543 3895 3682 3947 Pro~

2039 3959 2166 4024 pter
2192 3969 2360 4022 quem
2394 3959 2593 4013 omnia
2617 3959 3036 4022 detrimentum
3089 3972 3212 4039 feci,
3261 3981 3324 4029 ut
3380 3979 3680 4036 Christum

2032 4041 2386 4097 lucrifaciam
2417 4046 2478 4111 ιθ,
2500 4068 2526 4095 ››
2562 4064 2626 4100 ac
2661 4067 2790 4103 cum
2829 4052 2924 4107 illo
2949 4073 3191 4126 regnare
3219 4066 3458 4133 possim.
3484 4069 3682 4124 «Cum

2025 4130 2153 4182 cibo
2186 4136 2380 4184 autem
2415 4133 2670 4202 petimur
2700 4144 2753 4189 et
2788 4141 3022 4202 vestitu.
3050 4144 3141 4199 his
3174 4130 3431 4206 contenti
3465 4154 3678 4210 simus.

2024 4216 2169 4271 Nam
2215 4219 2311 4288 qui
2345 4220 2554 4275 divites
2587 4240 2716 4277 esse
2752 4227 2973 4295 volunt,
3011 4232 3281 4289 incidunt
3313 4239 3369 4293 in
3404 4244 3682 4298 tentatio-

2029 4322 2183 4370 nem,
2215 4311 2272 4361 et
2305 4307 2357 4361 in
2393 4307 2661 4379 laqueum
2695 4313 2932 4380 diaboli,
2960 4335 3025 4374 ac
3059 4323 3113 4375 in
3147 4325 3435 4384 absurdae
3466 4348 3679 4386 concu-

2028 4394 2341 4465 piscentiae
2377 4398 2419 4432 ¹⁹
2452 4439 2462 4451 .
2498 4421 2525 4447 ››

2096 4486 2148 4574 2.
2185 4485 2268 4538 Tu
2301 4491 2516 4555 autem,
2558 4505 2590 4542 ο
2626 4489 2820 4554 frater.
2857 4512 2924 4549 nc
2973 4499 3220 4568 cuipiam
3257 4502 3436 4574 hujus
3471 4509 3679 4564 mundi

2027 4573 2107 4626 rei
2140 4573 2402 4628 animum
2436 4576 2735 4645 adhibeas,
2774 4591 2833 4634 ut
2866 4585 3107 4641 salutem
3143 4573 3420 4665 coxisequi
3458 4598 3674 4666 possis,

2027 4661 2436 4731 sedjustitiam
2462 4681 2679 4728 exerce,
2704 4674 2758 4720 et
2787 4672 3108 4740 veritatem,
3135 4661 3388 4736 amorem
3416 4661 3471 4738 et
3504 4661 3680 4739 tirno?

2028 4765 2148 4802 rem
2180 4751 2427 4815 Domini,
2459 4758 2990 4825 mansuetudinem,
3019 4765 3434 4836 obedientiam,
3461 4780 3677 4845 tempe-

2029 4838 2302 4904 rantiam,
2326 4841 2672 4911 injuriarum
2705 4846 3072 4907 oblivionem.
3104 4855 3247 4911 Odio
3275 4858 3482 4916 habeto
3518 4838 3681 4918 mun-

2028 4927 2180 4982 dana
2215 4931 2406 4995 verba,
2445 4935 2506 4984 ut
2531 4949 2631 4986 cor
2670 4937 2836 4990 tuum
2872 4938 3062 4996 videat
3110 4943 3352 5002 bonum.
3391 4955 3533 5005 Ama
3568 4952 3683 5006 fre-

2030 5021 2303 5086 quentem
2335 5019 2677 5085 orationem,
2717 5030 2775 5077 ut
2819 5025 3185 5087 illuminetur
3224 5052 3322 5089 cor
3372 5044 3560 5094 tuum.
3597 5039 3680 5097 Da

2029 5105 2385 5175 pauperibus
2418 5108 2594 5162 divite
2626 5113 2812 5181 oculo,
2846 5121 3002 5172 utne
3035 5122 3394 5180 confundare
3426 5137 3559 5182 ante
3583 5133 3680 5183 tri-

2029 5193 2206 5248 bunal
2256 5196 2490 5252 Christi.
2549 5202 2827 5258 Aversare
2882 5207 3146 5264 ciborum
3197 5214 3554 5283 cupidinem,
3607 5236 3679 5274 ne

2029 5284 2265 5338 Amalec
2301 5284 2394 5340 ille
2420 5288 2758 5356 passionum
2795 5298 2848 5348 te
2881 5294 3217 5356 circumdet.
3251 5303 3399 5374 \‘igil
3427 5313 3478 5360 et
3528 5306 3682 5363 celer

251 5364 440 5417 παθῶν
499 5361 758 5435 κυκλώσῃ
809 5383 884 5416 σε.
948 5365 1213 5438 Γοργεύου
1271 5365 1322 5418 ἐν
1380 5371 1496 5428 ταῖς
1563 5373 1918 5444 προσευχαῖς,

2038 5377 2153 5426 esto
2179 5375 2232 5426 in
2258 5375 2641 5441 orationibus,
2671 5397 2738 5434 ne
2760 5387 2814 5437 te
2839 5384 2955 5440 l'era
2986 5386 3237 5444 devoret.
3268 5361 3482 5447 Vinum
3517 5412 3678 5451 aver-

245 5449 343 5505 ’ἶνα
397 5452 473 5524 μή
505 5452 784 5528 καταφάγῃ
834 5471 892 5504 σε
934 5451 996 5505 τὸ
1038 5453 1253 5526 θηρίον.
1288 5460 1460 5530 Φεῦγε
1498 5458 1589 5510 τὸν
1627 5456 1796 5524 οἶνον,
1824 5456 1915 5511 *ἕνα

259 5539 338 5613 μὴ
391 5541 658 5616 στερηθῇς
716 5545 816 5608 τῆς
877 5537 1208 5616 εὐφροσύνης
1258 5547 1355 5597 τοῦ
1405 5548 1558 5602 Θεοῦ.
1604 5547 1914 5622 Ἀγάπησον

334 5707 381 5742 ¹⁹
410 5705 661 5780 Philipp.
695 5723 778 5778 in,
808 5706 864 5763 8.
943 5708 1012 5745 η’
1047 5709 1070 5764 Ι
1101 5708 1359 5768 Timoth.
1393 5729 1467 5782 vx,
1501 5713 1555 5785 8,
1589 5714 1643 5772 9.

2025 5478 2174 5528 sare,
2211 5479 2279 5516 ne
2312 5465 2553 5534 priveris
2586 5470 2800 5536 gaudio
2836 5475 2950 5528 Dei.
3003 5478 3148 5532 Ama
3197 5479 3418 5547 fideles,
3466 5489 3528 5538 ut
3579 5502 3681 5553 per

2024 5566 2122 5604 eos
2146 5549 2572 5623 eleemosynam
2599 5553 2889 5627 largiaris.
2917 5562 3101 5637 Dilige
3128 5575 3453 5639 sanctos,ut
3473 5549 3677 5632 eorum
