4104 6362
406 425 556 486 Ulli

1569 416 1637 477 S.
1684 408 2208 475 A'I‘HANASIUS.
2240 445 2319 456 —
2354 409 2665 475 SPURIA.
2704 422 2707 425 ’

3673 410 3835 473 1412

400 560 458 612 te
487 556 646 613 zelus
676 556 866 614 trahat
888 554 958 610 ad
990 554 1279 608 virtutem.
1307 551 1599 607 Memento
1630 549 1820 607 exitus
1850 545 2045 601 anima

2170 540 2295 603 τοὺς
2325 541 2572 615 πιστοὺς,
2608 540 2700 597 ’ίνα
2748 540 2836 597 διὰ
2874 541 3047 598 αὐτῶν
3101 541 3353 613 ἐλεήσης.
3404 543 3652 614 Πόθησον
3700 565 3833 607 τους

402 652 537 717 tuac,
569 652 621 702 et
657 664 768 702 non
804 643 1053 701 mullum
1090 641 1358 713 peccabis
1392 640 1449 695 in
1482 645 1685 696 Deum.
1734 635 2056 693 Recordare

402 736 548 793 52]
585 752 817 806 semper
849 733 1012 804 regni
1045 729 1344 794 caelorum,
1371 733 1437 783 ut
1458 731 1585 800 ejus
1608 724 1968 783 desiderium
2003 725 2057 776 te

396 822 601 876 trahat
630 822 701 876 ad
735 820 881 875 illud
916 819 1011 873 :in
1046 817 1241 871 animo
1274 815 1483 871 habeto
1515 815 1842 888 gehennam
1876 809 2054 883 ignis,

406 914 464 965 et
481 909 766 965 atrocium
786 906 1250 969 cruciatuum,ut
1268 904 1400 959 odio
1422 903 1641 959 habeas
1663 917 1838 975 prava
1859 914 2049 971 opera.

404 997 677 1070 Praapara
706 1002 763 1052 te
795 996 969 1068 igitur
999 994 1261 1066 quotidie
1288 993 1358 1047 ad
1391 991 1817 1048 occurrendum
1858 986 2051 1043 Chrisc

408 1091 505 1155 to;
541 1090 823 1142 venturus
855 1084 1070 1156 quippe
1102 1081 1200 1137 ille
1229 1086 1318 1137 est
1365 1080 1753 1136 invisibiliter.
1789 1075 2057 1142 Quotidie

410 1186 466 1232 te
495 1176 687 1248 ipsum
732 1173 1081 1242 examinato,
1132 1188 1198 1227 ac
1247 1169 1509 1242 disquire
1551 1186 1693 1225 num
1736 1165 2055 1239 quodpiam

410 1262 628 1320 Christi
659 1261 999 1317 mandatum
1035 1257 1375 1331 neglexeris,
1410 1266 1585 1328 atque
1617 1255 1758 1310 illud
1794 1252 2054 1326 impleto.

396 1351 645 1407 Videant
687 1350 895 1405 fratres
948 1347 1032 1403 tui
1065 1363 1242 1418 opera
1269 1350 1390 1411 tua,
1424 1350 1482 1400 et
1511 1343 1672 1400 zelus
1703 1342 1801 1398 ille
1834 1342 1934 1414 qui
1964 1356 2053 1396 se-

391 1440 650 1497 cundum
687 1444 865 1494 Deum
897 1443 987 1493 est
1016 1434 1318 1491 devorabit
1356 1451 1476 1490 eos.
1527 1434 1806 1505 Teipsum
1856 1429 2055 1502 quoti-

386 1530 479 1586 die
510 1528 862 1596 examinato,
898 1542 964 1582 ac
998 1525 1298 1597 perpende
1330 1540 1509 1595 quam
1539 1522 1873 1596 passionem
1905 1536 2059 1576 mor~

400 1617 736 1683 tiﬁcaveris,
769 1621 827 1672 et
878 1615 954 1670 da
982 1613 1229 1686 gloriam
1278 1616 1411 1679 Deo,
1462 1610 1621 1667 illius
1670 1625 1919 1680 namque
1965 1613 2057 1664 est

396 1705 819 1762 misericordia.
853 1702 935 1758 Ne
965 1706 1234 1773 reputato
1275 1705 1330 1755 te
1364 1700 1569 1755 fecisse
1600 1700 1822 1755 bonum
1854 1712 2052 1753 coram

406 1801 541 1866 Deo,
575 1795 653 1849 ait
684 1793 838 1849 enim
877 1809 890 1847 :
924 1814 953 1842 «
987 1796 1127 1845 Cum
1177 1788 1374 1844 omnia
1419 1787 1696 1854 feceritis;
1728 1792 1868 1841 tunc
1910 1784 2052 1841 dici-

389 1889 493 1940 te:
528 1882 686 1939 Servi
735 1880 974 1936 inutiles
1019 1894 1227 1934 sumus
1255 1877 1323 1931 ²⁰.
1359 1899 1386 1925 »ι
1434 1877 1516 1932 Ne
1556 1875 1866 1949 superbias
1915 1874 2053 1947 quia

394 1922 447 1940 ..υ
480 1925 493 1938 .
530 1922 686 1939 νυ...
737 1922 974 1936 ...υνηυυ
1020 1922 1227 1934 πη.--
1310 1922 1323 1931 .
1359 1922 1382 1925 ρ
1436 1922 1515 1932 -.ν
1557 1922 1865 1949 πηνα---
1919 1922 2053 1947 Ἴ-.-

390 1988 549 2028 nunc
579 1973 769 2027 bonus
798 1986 882 2036 es,
918 1984 1032 2023 non
1066 1972 1230 2040 potes
1279 1966 1435 2022 enim
1488 1965 1593 2021 tibi
1649 1964 1942 2021 confidere
1973 1963 2049 2019 ob
2085 1922 2130 1987 Β

400 2060 675 2116 inimicos
704 2064 857 2114 tuos.

453 2346 511 2415 3,
545 2344 628 2400 Ne
666 2343 930 2401 conﬁdas
957 2346 1056 2396 tuo
1087 2339 1279 2435 ipsius
1321 2338 1572 2411 corpori.
1608 2339 1671 2393 In
1704 2354 1770 2394 eo
1802 2337 1899 2408 qui
1933 2337 2053 2435 das-

394 2448 601 2490 mones
633 2428 1011 2504 pertimescit,
1064 2426 1369 2500 pr0palam
1419 2431 1510 2482 est
1542 2443 1653 2481 non
1702 2442 1831 2481 esse
1879 2426 2052 2480 timo-

389 2539 514 2579 rem
548 2520 666 2578 Dei.
699 2520 805 2586 Qui
840 2518 998 2574 enim
1032 2521 1210 2572 Deum
1245 2516 1414 2571 timet
1438 2531 1507 2570 ex
1535 2519 1658 2570 toto
1699 2516 1872 2569 corde
1920 2531 2054 2570 suo,

391 2611 604 2667 firmus
631 2614 724 2666 est
752 2608 1033 2663 adversus
1062 2604 1217 2660 illos.
1252 2604 1358 2668 Qui
1394 2621 1524 2660 sese
1555 2620 1670 2658 non
1708 2603 1948 2658 metitur
1994 2608 2052 2658 et

388 2700 650 2773 respicit,
682 2699 784 2755 sed
833 2699 1096 2769 ignotum
1148 2710 1213 2750 se
1260 2698 1437 2760 tenet,
1488 2693 1625 2748 hinc
1680 2698 2047 2766 compertum

388 2789 564 2845 habet
596 2805 659 2845 se
689 2804 804 2843 non
854 2800 1115 2858 quaerere
1161 2781 1518 2839 voluntatem
1569 2780 1813 2854 implere
1851 2799 2045 2851 suam,

388 2878 491 2934 sed
525 2877 806 2932 divinam.
827 2875 933 2940 Qui
960 2871 1165 2929 multis
1188 2887 1361 2926 suum
1384 2870 1605 2943 profert
1624 2876 1681 2926 et
1711 2870 2048 2925 manifestat

390 2981 745 3034 sermonem,
767 2963 903 3018 hinc
934 2964 1365 3018 commonstrat
1394 2959 1453 3014 in
1485 2958 1614 3030 ipso
1645 2974 1759 3014 non
1791 2974 1920 3015 esse
1942 2959 2041 3015 Dei

393 3055 686 3111 timorem.
721 3051 830 3119 Qui
861 3051 985 3106 vult
1016 3049 1212 3106 salvus
1242 3048 1389 3116 ﬁeri,
1430 3055 1539 3103 er
1596 3054 1782 3115 vacet,
1826 3054 1884 3104 et
1913 3065 2041 3119 pas~

397 3146 590 3201 siones
621 3142 1009 3201 conculcabit.
1034 3140 1186 3196 Cura
1214 3145 1272 3196 et
1290 3139 1623 3195 sollicitudo
1644 3139 1701 3194 in
1735 3139 2041 3212 cogitatio-

390 3234 565 3290 nibus
597 3233 760 3306 fugat
790 3231 1097 3305 passiones
1129 3245 1143 3285 :
1178 3229 1458 3302 scriptum
1490 3228 1649 3283 enim
1680 3235 1807 3285 est:
1838 3254 1859 3278 ι
1886 3229 2039 3285 Cura

384 3323 756 3395 superveniet
787 3323 843 3376 in
876 3320 1063 3375 virum
1095 3319 1443 3391 sapientem.
1466 3336 1494 3368 ιι
1525 3317 1594 3373 Ut
1625 3318 1860 3389 pigritia
1876 3318 2039 3374 auxi-

383 3412 461 3469 lio
494 3417 585 3469 est
617 3410 1015 3484 passiouibus,
1051 3409 1136 3464 sic
1166 3408 1581 3479 aequanimitas
1630 3413 1687 3462 et
1730 3407 2042 3463 tolerantia

382 3507 472 3558 est
508 3501 795 3558 virtutum
828 3499 1027 3554 robur.
1063 3499 1367 3553 Neminem
1412 3496 1681 3567 judicare
1729 3496 1786 3550 id
1834 3513 2042 3552 murus

381 3592 473 3644 est
503 3585 853 3659 pravalidus
882 3602 896 3652 ;
929 3584 1261 3655 vituperare
1291 3588 1485 3639 autem
1522 3587 1580 3638 et
1608 3584 1953 3653 obtrectare,
1981 3583 2041 3638 id

384 3677 647 3732 animam
681 3675 921 3746 conjicit
956 3674 1011 3727 in
1047 3672 1384 3744 perniciem.
1428 3671 1712 3743 Linguam
1745 3689 1913 3727 suam
1946 3688 2040 3728 co-

380 3764 582 3820 hibere
617 3781 814 3837 posse,
845 3762 903 3817 id
953 3761 1147 3834 palam
1183 3762 1319 3816 facit
1368 3762 1557 3816 virum
1606 3777 1735 3817 esse
1767 3762 1824 3816 in
1858 3762 2042 3817 virtu-

377 3851 540 3907 tibus
570 3850 989 3917 exercitatum;
1033 3848 1236 3920 lingua
1265 3854 1459 3904 autem
1502 3847 1738 3905 effrenis
1768 3866 2041 3922 compro-

381 3942 480 3996 bat
507 3940 808 3995 hominem
852 3956 963 3993 non
1009 3954 1139 3994 esse
1187 3937 1400 3992 virtute
1449 3937 1654 3993 intime
1703 3940 2036 4010 praeditum.

385 4028 792 4085 Misericordia
821 4045 949 4099 qua
978 4027 1032 4082 in
1067 4031 1279 4092 mente,
1305 4032 1363 4081 et
1391 4026 1744 4099 cogitatione
1789 4029 2038 4096 exsistit,

387 4116 541 4189 parit
569 4114 963 4189 prospiciendi
996 4114 1357 4183 facultatem,
1388 4132 1455 4170 ac
1486 4115 1651 4171 ducit
1681 4117 1752 4171 ad
1784 4116 2039 4172 charita-

381 4211 539 4277 tem;
573 4205 675 4262 sed
709 4205 945 4261 animus
976 4203 1399 4259 immisericors
1453 4204 1606 4275 parit
1636 4203 2038 4261 inhumanita-

380 4301 522 4351 tem.
556 4294 742 4350 Mater
780 4293 1063 4349 virtutum
1114 4299 1205 4347 est
1252 4293 1723 4359 commiseratio;
1778 4293 2038 4366 comple-

382 4388 647 4439 mentum
679 4386 874 4438 autcm
903 4380 1191 4436 malorum
1214 4386 1304 4435 est
1323 4380 2039 4452 inobsequentiaJlonitas

379 4472 533 4541 parit
575 4471 931 4540 castitatem,
985 4469 1288 4524 iracundia
1351 4469 1719 4525 inordinatos
1771 4471 2035 4526 affectus.

379 4561 584 4619 Cordis
610 4559 858 4616 durities
889 4558 1080 4631 gignit
1108 4557 1278 4613 iram.
1313 4556 1554 4631 Pigritia
1584 4559 1738 4629 parit
1767 4558 2037 4631 indigen-

2167 630 2374 705 ἁγίους,
2400 628 2491 684 ’ίνα
2519 631 2545 685 ὁ
2582 630 2749 701 ζῆλος
2773 631 2950 686 αὐτῶν
2974 630 3173 707 ὲΛκύσῃ
3203 652 3261 686 σε
3289 632 3426 707 πρὸς
3456 628 3837 709 ἀρετήν.Μνη⁶

2169 717 2359 791 μόνευε
2385 726 2486 789 τῆς
2521 718 2704 791 ἐξόδου
2734 728 2833 790 τῆς
2862 724 3047 796 ψυχῆς
3081 742 3197 790 σου,
3230 721 3317 776 καὶ
3350 722 3459 797 οὐχ
3488 720 3829 797 ἀμαρτήσεις

2165 804 2352 863 πολλά
2398 808 2532 884 πρὸς
2583 808 2734 864 Θεόν·
2770 809 3187 882 ἀναμιμνήσκω
3235 809 3317 864 ἀεὶ
3366 811 3464 879 τήν
3515 814 3625 865 τῶν
3671 810 3835 888 οὖρα-

2163 896 2272 951 νῶν
2306 894 2604 971 βασιλείαν,
2630 895 2723 953 ’ίνα
2766 901 2802 968 ἡ
2854 897 3112 973 ἐπιθυμία
3163 899 3328 969 αὐτῆς
3363 897 3563 974 ἐλκύσῃ
3603 920 3662 955 σε
3690 902 3832 976 πρὸς

2165 984 2357 1056 αὐτήν·
2412 983 2728 1062 διαλογίζου
2770 988 2867 1056 τήν
2927 987 3142 1063 γὲενναν
3190 993 3288 1043 τοῦ
3339 989 3533 1065 πυρὸς,
3583 988 3674 1043 καὶ
3718 995 3827 1043 τῶν

2170 1072 2412 1149 βασάνων
2437 1078 2544 1129 τῶν
2581 1073 2792 1145 δεινῶν,
2820 1074 2912 1130 ’ίνα
2961 1079 3195 1151 μισήσῃς
3228 1077 3294 1131 τά
3324 1074 3454 1154 ἔργα
3495 1077 3560 1133 τά
3590 1077 3830 1154 πονηρά.

2163 1161 2451 1236 Ἑτοίμαζε
2498 1161 2590 1219 οὖν
2642 1164 2850 1239 σεαυτῷ
2898 1166 3014 1221 καθ’
3064 1167 3275 1243 ἡμέραν
3337 1167 3641 1236 ὑπαντῆσαι
3692 1173 3832 1243 Χρι-

2166 1256 2294 1324 στῷ·
2358 1250 2552 1326 μέλλει
2609 1254 2715 1332 γάρ
2773 1254 3020 1330 ἀοράτως
3080 1254 3359 1332 ἔρχεσθαι.
3411 1257 3540 1311 Καθ’
3597 1254 3825 1328 ἑκάστην

2164 1342 2374 1418 ἡμέραν
2421 1341 2669 1420 ἀνάκρινε
2714 1345 2932 1400 σεαυτὸν
2986 1343 3045 1399 ἐκ
3095 1349 3204 1399 τῶν
3254 1343 3485 1401 ἐντολῶν
3540 1348 3639 1400 τοῦ
3691 1346 3828 1422 Χρι-

2165 1434 2314 1501 στοῦ,
2346 1430 2399 1485 τί
2432 1431 2743 1508 ὑστερησας,
2794 1433 2884 1488 καὶ
2935 1430 3284 1507 ἀνοικοδόμει
3332 1431 3486 1488 αὐτό.
3520 1430 3739 1491 Ἵδωσιν
3771 1433 3830 1488 οἱ

2164 1516 2392 1598 ἀδελφοί
2423 1541 2518 1575 σου
2545 1522 2615 1577 τά
2643 1518 2775 1598 ἔργα
2805 1544 2921 1590 σου,
2951 1522 3042 1577 καὶ
3072 1522 3100 1577 ὁ
3135 1519 3302 1592 ζῆλος
3336 1522 3364 1577 ὁ
3391 1522 3529 1577 κατά
3572 1522 3702 1578 Θεὸν
3731 1542 3832 1576 κα-

2160 1610 2454 1688 ταφάγεται
2513 1609 2729 1673 αὐτούς.
2779 1611 3098 1688 Ἐρεῦνησον
3152 1611 3374 1666 σεαυτὸν
3420 1612 3540 1675 καθ’
3599 1611 3834 1682 ἑκάστην

2162 1699 2395 1775 ἡμέραν,
2438 1704 2594 1754 ποῖον
2644 1698 2811 1762 πάθος
2860 1699 3166 1777 ἐνέκρωσας
3200 1745 3216 1769 ,
3244 1699 3338 1755 καὶ
3385 1696 3478 1763 δὸς
3527 1696 3686 1770 δόξαν
3742 1703 3828 1772 τῷ

2161 1793 2297 1860 Θεῷ·
2329 1788 2495 1844 αὐτοῦ
2524 1789 2625 1865 γάρ
2669 1787 2782 1844 ἐστι
2829 1789 2891 1844 τὸ
2923 1788 3097 1851 ἔλεος.
3134 1790 3225 1859 Μή
3276 1786 3500 1865 λογίζου
3531 1789 3719 1844 ἑαυτὸν
3754 1788 3833 1850 ὡς

2159 1878 2579 1954 κατορθώσαντα
2631 1879 2694 1933 τὸ
2750 1878 2948 1955 ἀγαθὸν
3008 1877 3241 1934 ἐνώπιον
3298 1882 3396 1933 τοῦ
3453 1882 3589 1933 Θεοῦ
3621 1896 3635 1910 ·
3696 1877 3831 1956 φησὶ

2164 1965 2286 2043 γάρ·
2322 1991 2349 2020 ιι
2381 1969 2548 2024 ’Ὀταν
2581 1969 2753 2023 πάντα
2775 1966 3193 2038 ποιήσητε,τότε
3225 1965 3431 2044 λέγετε,
3460 1965 3545 2045 ὅτι
3577 1968 3831 2043 Ἀχρεῖοι

2167 2053 2358 2111 δοῦλοί
2390 2055 2572 2130 ἐσμεν.
2606 2082 2634 2109 ››
2667 2058 2760 2126 Μή
2809 2054 3296 2134 ὑψηλοφρονήσῃς,
3329 2054 3416 2111 ὅτι
3460 2056 3551 2110 ἀπ’
3581 2052 3704 2130 ἄρτι
3731 2075 3832 2110 κα-

2167 2143 2263 2208 λὸς
2305 2145 2371 2200 εἶ·
2418 2146 2481 2201 οὐ
2531 2146 2636 2222 γὰρ
2676 2144 2808 2220 δύνῃ
2855 2150 3135 2201 πιστεῦσαι
3189 2144 3377 2200 ἑαυτὸν
3427 2149 3546 2207 τοῖς
3601 2142 3833 2220 ἐχθροῖς

2165 2254 2283 2291 σου.

2234 2343 2286 2397 3.
2320 2341 2409 2410 Μὴ
2458 2339 2731 2417 θαῤῥήσῃς
2783 2340 2974 2395 ἑαυτοῦ
3019 2344 3099 2412 τῷ
3148 2339 3384 2412 σώματι.
3434 2339 3496 2396 Ὁ
3544 2333 3829 2414 φοϐούμε-

2162 2450 2253 2491 νος
2305 2428 2433 2491 τοὺς
2481 2426 2743 2501 δαίμονας
2774 2426 2943 2499 δῆλον
3000 2429 3185 2484 ἑαυτὸν
3216 2433 3387 2494 ποιεῖ,
3438 2426 3521 2482 ὅτι
3571 2426 3671 2481 οὐκ
3709 2424 3830 2482 ἔστι

2162 2513 2329 2595 φόϐος
2359 2522 2492 2573 Θεοῦ
2543 2517 2595 2573 ἐν
2644 2516 2811 2591 αὐτῷ.
2845 2519 2903 2571 Ὀ
2950 2517 3052 2593 γὰρ
3103 2512 3445 2595 φοϐούμενος
3473 2516 3563 2571 τὸν
3608 2516 3740 2571 Θεὸν
3772 2517 3830 2588 ἐξ

2160 2604 2300 2677 ὅλης
2332 2605 2496 2662 αὐτοῦ
2524 2613 2625 2677 τῆς
2667 2603 2887 2682 καρδίας
2936 2604 3151 2682 ἐδραῖός
3195 2605 3335 2661 ἐστιν
3370 2604 3453 2661 ἐπ’
3499 2604 3707 2667 αὐτοῖς.
3744 2606 3828 2663 Τὸ

2161 2696 2239 2768 μὴ
2276 2702 2539 2771 μετρῆσαι
2572 2695 2783 2765 ἑαυτὸν,
2816 2694 2942 2751 ἀλλ’
2974 2695 3159 2750 ἑαυτὸν
3192 2693 3340 2770 ἔχειν
3391 2691 3685 2770 ἄγνωστον,
3717 2715 3825 2771 φα-

2155 2789 2303 2860 νεροῖ
2346 2788 2427 2857 τῷ
2481 2783 2772 2861 ἀνθρώπῳ,
2814 2782 2897 2838 ὅτι
2945 2783 3007 2838 οὐ
3062 2789 3215 2853 ζητεῖ
3264 2790 3493 2853 ποιῆσαι
3519 2782 3584 2837 τὸ
3623 2782 3824 2838 ἑαυτοῦ

2156 2872 2400 2946 θέλημα,
2429 2872 2576 2929 ἀλλά
2612 2873 2675 2928 τὸ
2704 2877 2803 2928 τοῦ
2828 2877 2984 2931 Θεοῦ,
3016 2873 3073 2926 Ὀ
3105 2872 3278 2948 λέγων
3308 2873 3400 2928 τὸν
3434 2868 3600 2947 λόγον
3647 2871 3821 2926 αὐτοῦ

2154 2962 2243 3018 ἐπὶ
2272 2960 2523 3033 πολλῶν,
2556 2958 2726 3031 δῆλον
2775 2961 2961 3017 ἑαυτὸν
2993 2967 3162 3035 ποιεῖ,
3194 2960 3278 3017 ὅτι
3329 2960 3429 3016 οὐκ
3477 2957 3589 3016 ἔστι
3640 2955 3818 3039 φόϐος

2153 3056 2287 3106 Θεοῦ
2336 3050 2387 3106 ἐν
2435 3050 2599 3122 αὐτῷ.
2632 3051 2695 3106 Ὀ
2747 3048 3082 3126 βουλόμενος
3131 3052 3372 3119 σωθῆναι
3421 3047 3687 3125 σχολάσει
3736 3053 3822 3122 τῷ

2150 3145 2286 3213 Θεῷ,
2318 3140 2408 3196 καὶ
2439 3141 2806 3211 καταπατήσει
2850 3140 2917 3195 τά
2946 3143 3115 3209 πάθη.
3163 3140 3234 3193 Τὸ
3266 3138 3550 3216 φροντίσαι
3578 3138 3632 3192 ἐν
3664 3137 3818 3213 γνὼ-

2152 3251 2232 3285 σει
2293 3227 2544 3286 ἐκδιώκει
2597 3229 2664 3283 τά
2719 3228 2888 3298 πάθη·
2950 3229 3253 3304 γέγραπται
3312 3230 3437 3304 γάρ·
3498 3252 3527 3280 ‹‹
3576 3229 3819 3303 Φροντὶς

2153 3318 2496 3375 ἐπελεύσεται
2528 3318 2609 3373 ἐπ’
2636 3315 2805 3393 ἄνδρα
2852 3317 3038 3395 σοφόν.
3069 3340 3099 3371 ››
3130 3319 3335 3394 Ὥσπερ
3364 3319 3400 3387 ἡ
3444 3313 3646 3386 άκηδία
3678 3316 3825 3391 βοή-

2152 3407 2267 3473 θειά
2315 3408 2425 3463 ἐστι
2472 3409 2579 3463 τῶν
2631 3410 2858 3479 παθῶν,
2911 3403 3056 3462 οὕτω
3104 3405 3195 3461 καὶ
3238 3408 3274 3476 ἡ
3330 3403 3684 3482 μακροθυμία
3726 3402 3828 3459 δύο

2148 3498 2307 3570 ναμίς
2339 3495 2451 3551 ἑστι
2480 3500 2587 3550 τῶν
2619 3496 2846 3571 ἀρετῶν.
2896 3496 2976 3553 Τὸ
3027 3495 3105 3568 μὴ
3152 3494 3354 3571 κρίνειν
3389 3494 3676 3570 ἄνθρωπον
3709 3498 3828 3548 τεῖ-

2150 3584 2251 3660 χός
2281 3584 2420 3640 ἐστιν
2456 3590 2474 3606 ⁶
2508 3584 2809 3653 ἀντίτητον·
2841 3584 2906 3639 τὸ
2950 3581 3009 3639 δὲ
3054 3584 3209 3658 ψέξαι
3238 3584 3273 3653 ἢ
3300 3582 3683 3651 καταλαλῆσαι
3709 3581 3827 3637 ἀπ-

2151 3674 2350 3729 ώλειαν
2379 3676 2449 3748 τῇ
2480 3676 2635 3748 ψυχῇ
2667 3674 3074 3749 κατεργάζεται.
3104 3673 3174 3727 Τὸ
3202 3679 3471 3747 κρατῆσαι
3497 3678 3599 3741 τῆς
3627 3670 3822 3747 γλὼτο

2147 3784 2247 3833 της
2280 3759 2684 3834 δηλοποιεῖται,
2734 3761 2818 3818 ὅτι
2866 3760 3164 3837 πρακτικός
3215 3761 3325 3816 ἐστι
3378 3761 3476 3834 μὲν
3521 3766 3642 3822 ταῖς
3684 3760 3825 3837 ἀρε-

2146 3857 2289 3913 ταῖς·
2321 3852 2356 3921 ἧ
2404 3848 2464 3906 δὶ
2513 3847 2833 3906 ἀπαιδευσία
2877 3857 2979 3920 τῆς
3008 3848 3270 3926 γλώσσης
3322 3849 3600 3923 σημαίνει,
3633 3849 3723 3904 ’ὁτι
3755 3849 3822 3904 οὗ

2146 3941 2402 4011 κέκτηται
2461 3940 2656 4016 ἀρετὴν
2716 3937 2953 4003 ἔνδοθεν.
3001 3940 3065 3995 Ἥ
3116 3939 3169 3994 ἐν
3215 3939 3414 4013 γνώσει
3458 3937 3816 4011 ἐλεημοσύνη

2145 4030 2314 4083 τίκτει
2362 4049 2425 4083 το
2463 4032 2726 4104 προορᾷν,
2772 4028 2860 4083 καὶ
2910 4024 3101 4103 ὁδηγεῖ
3153 4027 3228 4089 εἰς
3274 4028 3374 4096 τήν
3408 4027 3649 4101 ἀγάπην·
3682 4028 3719 4097 ἠ
3758 4023 3823 4082 δὲ

2146 4103 2557 4189 ἀνελεημοσύνη
2608 4117 2775 4172 τίκτει
2824 4118 2921 4185 τήν
2971 4114 3390 4192 ἀπανθρωπίαν.
3439 4103 3642 4189 Μήτηρ
3694 4116 3821 4191 ἀρε-

2144 4211 2252 4261 τῶν
2284 4205 2425 4261 ἐστιν
2457 4207 2492 4275 ἠ
2545 4206 2870 4277 συμπάθεια·
2905 4203 3190 4281 πλήρωμα
3230 4202 3290 4259 δὲ
3335 4208 3516 4261 κακῶν
3548 4204 3584 4273 ἡ
3616 4203 3825 4259 ἀνυπο-

2143 4294 2318 4364 ταξία.
2351 4295 2415 4352 Ἡ
2463 4293 2735 4369 ἀγαθότης
2782 4294 2952 4350 τίκτει
2998 4296 3099 4364 τὴν
3149 4293 3385 4369 ἁγνείαν·
3428 4294 3465 4363 ἠ
3515 4290 3575 4348 δὲ
3617 4292 3823 4368 ὀξυχο-

2147 4380 2243 4437 λία
2270 4381 2442 4437 τίκτει
2471 4383 2536 4436 τά
2568 4382 2737 4452 πάθη.
2767 4383 2831 4439 Ἣ
2854 4380 3267 4459 σκληροκαρδία
3286 4380 3458 4438 τίκτει
3486 4382 3589 4450 τὴν
3619 4381 3818 4457 ὀργήν·

2145 4471 2180 4540 ἠ
2228 4467 2285 4526 δὲ
2312 4468 2514 4541 ἀκηδία
2558 4470 2728 4526 τίκτει
2776 4471 2877 4539 τήν
2929 4468 3155 4529 ἔνδειαν.
3189 4471 3360 4546 Κόρος
3390 4471 3563 4526 ὕπνου
3595 4470 3820 4547 ταραχῆ

2146 4561 2332 4614 παθῶν
2383 4577 2395 4589 °
2458 4558 2703 4634 σωτηρία
2777 4558 2837 4616 δὶ
2909 4564 3095 4636 ψυχῆς
3170 4559 3441 4635 ἀγρυπνία
3512 4555 3819 4635 ἔμμετρος.

378 4650 545 4705 tiam.
579 4649 836 4704 Somnus
869 4646 1089 4702 nimius
1121 4645 1441 4702 tumultum
1465 4646 1654 4719 gignit
1682 4646 2026 4706 affectuum.

2158 4650 2341 4709 ’Υπνος
2377 4645 2428 4702 ἐν
2461 4646 2611 4721 κόρῳ
2658 4645 2874 4718 πλῆθος
2928 4654 3256 4727 φαντασιῶν·
3290 4646 3450 4711 ἄνθος
3482 4645 3542 4704 δὲ
3568 4653 3671 4704 τοῦ
3696 4653 3818 4716 νοῦ,

378 4737 551 4795 Salus
578 4742 776 4793 autem
806 4737 1012 4792 animis
1034 4740 1174 4791 sunt
1194 4733 1406 4808 vigiliae
1435 4736 2041 4793 moderataaSomnus

381 4828 604 4884 nimius
634 4828 871 4883 turbam
900 4826 1116 4881 excitat
1146 4824 1593 4896 phantasiarum
1643 4840 1656 4878 :
1704 4824 1809 4879 ﬂos
1840 4831 2038 4881 autem

380 4921 521 4973 sunt
550 4915 784 4982 animaz,
828 4913 1038 4986 vigilia:
1082 4929 1216 4968 cum
1262 4912 1543 4968 oratione.
1576 4911 1777 4967 Somni
1809 4913 2037 4970 diutur-

378 5006 533 5061 nitas
564 5022 663 5061 cor
692 5004 946 5070 hebetat,
978 5002 1080 5058 sed
1113 5001 1324 5071 vigilia:
1360 5000 1612 5056 excitant
1630 4999 1847 5073 ipsum.
1882 5003 2036 5077 Vigi-

379 5094 492 5151 lias
521 5094 653 5149 dico
685 5092 816 5149 illas
846 5109 973 5164 quae
1018 5089 1345 5147 secundum
1378 5087 1559 5144 Deum
1591 5098 1869 5161 aguntur,
1900 5108 2035 5148 cum

2148 4735 2416 4812 ἀγρυπνία
2446 4735 2499 4791 ἐν
2531 4736 2832 4813 προσευχῇ.
2868 4736 3048 4801 Πολὺς
3080 4738 3248 4801 ὕπνος
3293 4737 3523 4814 παχύνει
3559 4735 3816 4813 καρδίαν,

2149 4824 2417 4902 ἀγρυπνία
2448 4823 2506 4880 δὲ
2550 4824 2801 4881 λεπτύνει
2849 4826 3040 4897 αὐτήν·
3077 4827 3372 4903 ἀγρυπνίαν
3422 4824 3482 4881 δὲ
3531 4826 3682 4901 λέγω
3710 4828 3815 4896 τὴν

2147 4914 2284 4970 κατά
2338 4914 2466 4970 Θεὸν
2523 4914 2813 4990 γινομένην
2867 4914 2919 4970 ἐν
2977 4914 3246 4989 ψαλμοῖς,
3303 4916 3394 4971 καὶ
3443 4915 3660 4990 ὕμνοις.
3720 4916 3816 4972 καὶ

2147 5002 2319 5077 ᾠδαῖς
2372 5009 2764 5077 πνευματικαῖς
2800 5049 2811 5062 .
2872 5005 3101 5080 Ἀγαθὸς
3147 5006 3249 5081 γὰρ
3308 5004 3473 5067 ὕπνος
3512 5004 3565 5060 ἐν
3627 5009 3815 5080 σιωπῇ

2145 5098 2255 5149 τῶν
2287 5091 2707 5168 ἀγρυπνοῦντων
2742 5092 2795 5148 ἐν
2827 5092 3211 5171 ματαιολογίᾳ.

378 5181 649 5257 psalmis,
703 5181 941 5255 hymnis
988 5185 1047 5235 et
1095 5177 1339 5235 canticis
1388 5177 1819 5250 spiritualibus.
1871 5180 1948 5238 Iis
1995 5182 2152 5240 enim
2202 5182 2305 5256 qui
2350 5183 2583 5257 vigilias
2630 5183 3064 5242 confabulando
3116 5190 3174 5241 et
3202 5185 3516 5258 garriendo
3545 5184 3820 5258 exigunt,

379 5276 621 5347 praestat
650 5287 784 5327 cum
818 5269 1052 5326 silentio
1084 5266 1360 5323 dormire.

453 5362 506 5417 4.
533 5362 751 5417 Luctus
807 5358 1113 5433 passiones
1168 5358 1351 5428 fugat,
1381 5355 1538 5411 risus
1569 5373 1604 5412 a
1636 5356 1752 5414 Deo
1781 5364 2033 5432 separat.

379 5450 697 5507 Humilitas
723 5449 781 5505 id
811 5448 989 5505 eflicit
1013 5451 1075 5503 ut
1097 5445 1396 5502 hominem
1420 5462 1534 5501 non
1559 5447 2035 5520 reformidemus,

383 5538 571 5613 gloria
598 5544 794 5595 autem
828 5540 1139 5597 hominum
1162 5536 1313 5608 parit
1339 5535 1699 5609 superbiam.
1726 5539 1827 5595 Im
1846 5541 2039 5597 vacui-

457 5727 503 5763 ⁸ο
533 5728 667 5783 Luc.
697 5745 834 5797 xvu,
870 5730 957 5784 10.

2217 5362 2271 5417 4.
2303 5361 2373 5415 Τὸ
2403 5361 2595 5424 πὲνθος
2642 5358 2894 5417 ἐκδιώκει
2943 5362 3010 5418 τά
3040 5363 3211 5434 πάθη,
3263 5362 3326 5417 τὸ
3358 5359 3418 5418 δὶ
3459 5360 3640 5439 γίλως
3688 5381 3814 5438 χωσ-

2147 5448 2283 5524 ρίζει
2339 5451 2445 5504 ἀπὸ
2494 5454 2649 5507 Θεοῦ.
2679 5451 2750 5505 Τὸ
2802 5452 2901 5525 μὴ·
2934 5449 3139 5523 πλῆξαι
3188 5451 3473 5525 ἄνθρωπον
3511 5450 3684 5507 τίκτει
3715 5471 3816 5506 τα-

2145 5537 2400 5600 πείνωσις
2432 5557 2444 5571 ·
2479 5539 2514 5609 ἠ
2549 5536 2607 5594 δὲ
2654 5536 2782 5611 δόξα
2808 5545 2916 5597 τῶν
2962 5541 3261 5618 ἀνθρώπων
3308 5540 3476 5597 τίκτει
3505 5540 3608 5611 τὴν
3641 5540 3815 5618 ὓπερ-
