4104 6362
282 370 426 429 Hi3

1048 374 1311 436 SEltMO
1359 374 1512 436 PRO
1562 378 1656 436 IIS
1701 376 1835 446 QUI
1885 372 2211 437 S/EGELU
2261 375 2903 439 RENUNTlAltUN'I‘.

3530 380 3685 438 1414

268 498 516 576 ηφανίαν.
573 502 631 554 Ἡ
696 501 963 576 ἀοργησία
1015 503 1184 558 τίκτει
1239 507 1338 573 τήν
1399 500 1694 580 πραότητα·
1766 508 1800 574 ἡ
1860 503 1917 559 δὲ

2060 524 2121 561 as
2177 508 2327 577 parit
2377 510 2888 563 mansuetudinem
2935 528 2947 576 ;
2997 510 3349 580 injuriarum
3402 512 3687 566 memoria

276 590 602 661 μνησικακία
677 591 842 644 τίκτει
917 594 1015 659 τὴν
1096 592 1391 649 ἀπώλειαν.
1444 595 1513 647 Τὸ
1566 594 1776 667 ἀγαπᾷν
1828 594 1919 647 τὸν

273 679 589 750 πλατυσμὸν
653 676 900 734 ἐκδιώκει
956 681 1049 742 τὰς
1118 682 1326 756 ἀρετάς·
1475 682 1530 737 δε
1584 682 1924 758 στενοχωρία

272 772 517 821 ταπεινοῖ
560 768 627 821 τά
684 770 850 837 πάθη.
901 770 963 825 Ἡ
1021 768 1277 841 ἐπιθυμία
1331 776 1434 825 τῶν
1486 768 1791 843 ἐδεσμάτων
1840 769 1924 825 δια

272 855 392 929 άγει
426 855 500 916 είς
531 857 596 909 τὰ
626 858 794 925 πάθη·
830 860 863 925 ἡ
898 854 954 911 δὲ
999 857 1277 933 ἐγκράτεια
1322 858 1569 913 ἐκδιώκει
1623 860 1776 916 αὐτά.
1826 858 1925 913 Κό-

275 965 476 1017 σμησις
509 946 785 1017 σώματος,
820 949 1007 1021 ψυχῆς
1036 951 1405 1026 καταστροφή·
1458 951 1608 1020 τῆξις
1642 946 1699 1002 δὲ
1740 948 1925 1019 σώμα-

270 1056 391 1102 τος,
422 1036 806 1108 ἀνακαινισμὸς
838 1040 1042 1111 ψυχῆς.
1078 1038 1473 1114 Περιφρόνησις
1506 1040 1784 1110 σώματος,
1818 1060 1928 1091 σω-

270 1123 436 1197 τηρία
470 1128 676 1199 ψυχῆς·
712 1124 999 1197 ἐπιμέλεια
1030 1124 1086 1179 δὲ
1117 1126 1388 1199 σώματος,
1434 1128 1597 1201 παγὶς
1634 1131 1702 1199 τῇ
1752 1128 1924 1200 ψυχῇ.

270 1214 429 1281 Tagi;
465 1210 521 1266 δὲ
554 1211 806 1284 σώματος
841 1216 1120 1291 φωτισμὸς
1153 1218 1357 1289 ψυχῆς.
1392 1217 1466 1272 Τὸ
1514 1216 1805 1290 προσέχειν
1837 1215 1927 1268 τὸν

273 1306 396 1355 νοῦν
432 1301 541 1355 ἄνω
570 1301 818 1372 πάντοτε,
852 1302 1017 1356 τίκτει
1048 1305 1147 1371 τήν
1178 1304 1390 1379 ἀγάπην
1436 1306 1535 1372 τὴν
1594 1304 1730 1378 πρὸς
1780 1302 1927 1361 Θεόν·

274 1393 309 1459 ἡ
342 1388 399 1445 δὲ
433 1392 668 1463 μέριμνα
691 1388 788 1445 τοῦ
826 1391 944 1465 βίου
978 1390 1225 1447 ἐκδιώκει
1255 1394 1348 1453 τὰς
1380 1393 1588 1469 ἀρετάς.
1639 1392 1716 1449 Τὸ
1764 1392 1935 1469 φυλά-

281 1478 359 1547 ξαι
388 1479 451 1531 τὸ
481 1479 677 1550 στόμα,
713 1476 966 1553 διεγείρει
1014 1481 1115 1548 τήν
1160 1479 1402 1535 διάνοιαν
1450 1483 1586 1556 πρὸς
1633 1481 1725 1535 τὸν
1778 1480 1929 1534 Θεόν·

284 1570 318 1636 ἡ
352 1565 408 1621 δὲ
460 1566 771 1643 πολυλογία
824 1568 993 1623 τίκτει
1053 1570 1152 1637 τήν
1204 1568 1432 1640 ἀκηδίαν
1463 1570 1553 1624 καὶ
1582 1571 1684 1638 τὴν
1719 1569 1932 1642 μανίαν.

282 1657 353 1709 Τὸ
407 1663 634 1725 ποιῆσαι
684 1658 746 1710 τὸ
824 1656 1040 1729 θέλημα
1116 1663 1214 1712 τοῦ
1281 1658 1541 1728 πλησίον,
1604 1658 1933 1730 σημαίνειὸ

282 1750 402 1806 νοῦς
436 1748 513 1818 (α)
548 1744 768 1820 βλέπειν
799 1748 894 1807 τάς
927 1746 1141 1821 ἀρετάς·
1196 1748 1258 1801 τὸ
1308 1745 1363 1801 δὲ
1413 1756 1638 1816 ποιῆσαι
1685 1748 1747 1801 τὸ
1796 1746 1931 1801 ἴδιον

281 1834 774 1906 θέλημα,σημαίνει
809 1837 907 1903 τὴν
944 1834 1181 1910 ἄγνοιαν·
1216 1838 1275 1890 Ἡ
1314 1836 1512 1908 μελέτη
1549 1836 1599 1890 ἐν
1636 1831 1811 1914 φόϐῳ,
1836 1858 1933 1913 φυ-

402 1894 433 1905 ..
505 1894 515 1901 .
580 1894 609 1906 ..
868 1894 877 1903 .
989 1894 999 1910 .
1314 1894 1322 1908 .
1504 1894 1512 1905 -
1648 1894 1657 1914 .
1764 1894 1773 1907 ι
1802 1894 1810 1902 ι
1849 1894 1859 1913 .

283 1922 469 1977 λάσσει
497 1924 598 1989 τὴν
631 1924 815 1997 ψυχὴν
851 1924 955 1977 ἀπὸ
980 1926 1176 1985 παντὸς
1203 1929 1390 1978 κακοῦ·
1424 1924 1487 1978 τό
1520 1923 1575 1979 δὲ
1600 1924 1787 1979 λαλεῖν
1808 1925 1935 1986 τοὺς
1970 1894 2013 1958 Β

278 2010 577 2084 κοσμικοὺς
611 2010 812 2085 λόγους
844 2012 1079 2081 σκοτίζει
1108 2015 1206 2081 τήν
1255 2016 1463 2089 ψυχήν.
1496 2016 1566 2067 Τὸ
1596 2014 1807 2088 ἀγαπᾷν
1838 2014 1936 2081 τήν

285 2099 422 2169 ὕλην
456 2105 551 2154 τοῦ
599 2100 830 2173 κόσμου,
862 2101 1091 2175 χωρίζει
1124 2102 1229 2156 ἀπὸ
1260 2107 1357 2157 τοῦ
1398 2107 1531 2157 Θεοῦ
1584 2102 1676 2156 τὸν
1728 2107 1866 2156 νοῦν·
1902 2104 1936 2170 ἡ

289 2186 347 2243 δὲ
404 2188 758 2262 ἀκτημοσόνη
822 2190 1099 2266 παρρησίᾳ
1159 2190 1348 2265 βλέπει
1402 2192 1482 2263 τῷ
1538 2192 1675 2263 Θεῷ.
1734 2192 1805 2245 Τὸ
1864 2190 1939 2263 μή

290 2277 613 2350 ὲξάξαιτοὺς
646 2277 949 2353 λογισμοὺς
1000 2277 1404 2353 δηλοποιεῖται,
1454 2280 1539 2334 ὅτι
1590 2280 1804 2350 ἐκζητεῖ
1840 2281 1938 2347 τήν

295 2364 449 2436 δόξαν
482 2371 577 2420 τοῦ
603 2367 813 2439 κόσμου
864 2368 1060 2422 τούτου
1110 2370 1209 2437 τὴν
1262 2370 1494 2444 αἰσχράν
1550 2369 1640 2423 καὶ
1690 2369 1937 2440 ματαίαν·

294 2456 356 2509 τὸ
388 2452 445 2508 δὲ
491 2455 753 2529 γνωρίσαι
804 2456 938 2510 αῦτά
983 2463 1371 2529 πνευματικοῖς
1421 2457 1703 2531 πατράσιν,
1752 2454 1943 2510 ἐκδιώ-

296 2564 377 2598 κει
408 2543 560 2599 αῦτά.
611 2546 813 2620 Ὥσπερ
870 2547 899 2599 ὁ
961 2545 1040 2607 ἰὸς
1104 2541 1463 2621 βιϐρώσκεται
1504 2548 1532 2600 ὁ
1567 2547 1808 2620 μοναχὸς
1844 2545 1945 2599 ὑπὸ

295 2634 395 2701 τὴν
428 2630 583 2702 δόξαν
631 2638 738 2688 τῶν
794 2634 1113 2709 ἀνθρώπων,
1166 2634 1252 2689 ἐάν
1300 2638 1334 2704 ἡ
1393 2633 1587 2709 καρδία
1615 2634 1778 2688 αὐτοῦ
1810 2656 1946 2706 συμ-

298 2725 493 2796 πεισθῇ
526 2722 692 2794 αὐτῷ.
726 2725 927 2796 ’Ὠσπερ
960 2722 1204 2794 σκώληξ,
1249 2722 1373 2793 ἤτοι
1420 2724 1638 2796 σμίλαξ,
1696 2722 1947 2795 συμπλα-

297 2811 409 2872 κεὶς
540 2810 792 2884 ἀμπέλῳ,
843 2811 1084 2889 ἀφανίζει
1133 2813 1225 2867 τὸν
1271 2819 1475 2889 καρπὸν
1532 2813 1719 2882 αὐτῆς·
1774 2812 1945 2873 οὕτως

299 2899 534 2967 ἀθανίζει
581 2898 859 2971 κενοδοξία
903 2903 993 2955 τὸν
1045 2902 1249 2977 καρπὸν
1300 2906 1396 2956 τοῦ
1452 2906 1720 2977 μοναχοῦ,
1775 2900 1860 2956 ἐὰν
1912 2903 1947 2970 ἡ

296 2986 492 3061 καρδία
572 2988 735 3043 αὐτοῦ
810 2994 1115 3063 συμπεισθῇ
1184 2989 1342 3063 αὐτῇ.
1403 2991 1515 3066 Πρὸ
1574 2990 1783 3044 πάντων
1842 2994 1951 3043 τῶν

302 3079 505 3153 ἀρετῶν
566 3078 704 3132 ἐστιν
822 3078 1314 3156 ταπεινοφροσύνη·
1371 3080 1478 3155 πρὸ
1510 3077 1567 3133 δὲ
1597 3080 1807 3134 πάντων
1840 3084 1948 3133 τῶν

2034 596 2186 667 parit
2238 595 2500 651 exitium.
2536 598 2854 651 Dissolutio
2888 599 3048 670 pellit
3096 601 3375 663 virtutes;
3411 602 3689 672 angustia

2034 684 2312 756 deprimit
2374 686 2694 757 passiones.
2748 688 3237 757 Concupiscentia
3295 690 3560 744 ciborum
3628 691 3684 745 in

2037 791 2243 845 pravos
2295 776 2537 829 affectus
2592 776 2838 842 inducit,
2888 782 3275 847 temperantia
3324 779 3481 848 ejicit
3531 780 3684 834 illos.

2036 863 2243 917 Cultus
2294 864 2556 933 corporis
2588 871 2677 917 est
2720 867 2928 917 animm
2980 866 3285 935 pernicies,
3316 867 3530 921 macies
3561 885 3688 923 cor-

2039 950 2195 1020 poris
2228 956 2317 1004 est
2365 951 2659 1005 renovatio
2713 954 2942 1004 animm.
3007 953 3275 1024 Corporis
3326 962 3697 1026 contemptus

2038 1045 2127 1093 est
2179 1039 2339 1094 salus
2400 1040 2799 1105 anima),cura
2856 1042 3117 1111 corporis
3182 1043 3427 1112 laqueus
3488 1047 3694 1113 animi,

2039 1129 2257 1182 macies
2304 1129 2562 1199 corporis
2622 1135 2709 1183 est
2757 1129 3112 1184 illuminatio
3172 1132 3399 1185 animm.
3435 1133 3692 1189 Mentem

2041 1233 2279 1271 sursum
2298 1217 2855 1287 semperintendere,
2891 1218 2944 1272 id
2982 1220 3135 1289 parit
3165 1220 3509 1275 charitatem
3552 1238 3699 1294 erga

2042 1311 2263 1371 Deum;
2299 1305 2632 1359 sollicitudo
2663 1308 2791 1360 vita;
2825 1308 3067 1362 virtutes
3098 1308 3523 1365 eliminat.0ris
3555 1328 3687 1365 cus-

2042 1394 2202 1448 todia
2251 1395 2463 1448 excitat
2517 1400 2773 1449 mentem
2809 1397 2879 1449 ad
2941 1399 3141 1465 Deum,
3178 1398 3499 1468 loquacitas
3551 1402 3703 1470 parit

2043 1484 2370 1538 socordiam
2399 1490 2455 1537 et
2478 1484 3017 1538 furorem.Proximi
3047 1486 3405 1541 voluntatem
3434 1488 3700 1559 implere,

2045 1573 2099 1625 id
2136 1571 2433 1642 signiﬁcat
2482 1578 2735 1627 mentem
2769 1574 2836 1626 ad
2891 1574 3134 1628 virtutes
3185 1582 3447 1646 spectare
3483 1595 3494 1631 :
3530 1594 3701 1632 suam

2043 1677 2178 1714 vero
2210 1661 2375 1729 sequi
2398 1661 2776 1727 voluntatem,
2813 1662 2867 1715 id
2893 1662 3107 1717 indicat
3133 1664 3545 1733 ignorantiam.
3582 1667 3700 1721 Me-

2044 1749 2253 1803 ditatio
2277 1766 2407 1803 cum
2439 1750 2642 1803 timore
2661 1753 2918 1805 custodit
2950 1759 3200 1806 mentem
3227 1754 3298 1807 ali
3322 1754 3478 1808 omni
3506 1754 3703 1822 malo;

2048 1838 2345 1891 mundana
2377 1837 2533 1908 loqui
2568 1839 2823 1901 verba,id
2861 1840 3116 1893 animam
3145 1842 3405 1896 tenebris
3428 1845 3702 1897 oll'undit.

2048 1927 2248 1980 Mundi
2303 1943 2394 1980 res
2426 1931 2483 1980 et
2519 1928 2751 1997 negotia
2780 1928 3043 1999 diligere,
3078 1929 3131 1982 id
3186 1937 3439 1985 mentem
3474 1937 3705 2003 separat

2049 2032 2078 2069 a
2111 2015 2264 2081 Deo;
2301 2020 2612 2086 paupertas
2662 2016 2841 2069 efﬁcit
2873 2023 2936 2070 ut
2966 2034 3098 2071 cum
3154 2019 3367 2073 liducia
3403 2022 3551 2075 Deus
3585 2038 3707 2077 res-

2051 2104 2320 2175 piciatur.
2378 2104 2771 2173 Cogitationes
2823 2122 2933 2159 non
2986 2109 3232 2178 aperire,
3294 2108 3349 2162 id
3411 2110 3710 2181 signiﬁcat

2050 2192 2347 2247 hominem
2382 2194 2535 2249 522
2588 2211 2848 2263 quaerere
2880 2212 3083 2249 vanam
3119 2212 3184 2250 ac
3233 2203 3462 2267 turpem
3500 2199 3707 2254 mundi

2050 2280 2332 2352 gloriam;
2368 2282 2778 2352 spiritualibus
2809 2288 3003 2337 autem
3058 2286 3323 2355 patribus
3356 2288 3703 2357 patefacere,

2052 2370 2109 2423 id
2144 2386 2241 2424 eas
2273 2369 2555 2423 eliminat.
2584 2370 2906 2424 Monachus
2938 2388 3040 2425 ceu
3076 2374 3344 2443 rubigine
3375 2376 3706 2431 corroditur

2053 2457 2358 2511 hominum
2385 2456 2587 2528 gloria,
2621 2458 2667 2511 si
2704 2464 2892 2512 tamen
2917 2476 3015 2513 cor
3035 2460 3163 2529 ejus
3185 2462 3234 2514 ei
3270 2479 3485 2517 morem
3520 2471 3705 2533 gerat.

2054 2546 2561 2607 Quemadmodum
2593 2547 2808 2601 vermis
2841 2554 2942 2600 aut
2968 2548 3179 2603 smilax
3197 2550 3377 2605 vinea:
3394 2552 3709 2623 complica-

2054 2639 2151 2689 tus
2202 2635 2331 2704 ejus
2384 2635 2639 2689 fructum
2696 2640 2921 2698 enecat,
2958 2637 3040 2689 sic
3090 2655 3236 2692 vana
3283 2639 3467 2709 gloria
3508 2646 3713 2696 enecat

2058 2722 2329 2777 monachi
2366 2724 2643 2785 fructum,
2673 2724 2718 2777 si
2758 2729 2954 2777 tamen
2987 2742 3085 2779 cor
3114 2727 3243 2794 ejus
3275 2728 3386 2797 ipsi
3419 2732 3707 2799 obsequa-

2057 2811 2350 2867 tur.Praait
2380 2812 2657 2866 omnibus
2686 2812 3003 2867 virtutibus
3035 2814 3361 2881 humilitas,
3394 2819 3559 2887 prmit
3589 2835 3714 2872 om-

2060 2900 2231 2954 nibus
2265 2900 2640 2971 passionibus
2690 2901 2967 2955 edacitas.
3008 2903 3162 2956 Finis
3195 2904 3481 2959 virtutum
3513 2906 3708 2960 chari-

2058 2994 2171 3055 tas,
2203 2988 2698 3059 complementum
2752 2989 3038 3044 malorum
3090 2999 3197 3061 est,
3253 3010 3381 3048 sese
3434 3000 3705 3065 reputare

2053 3080 2306 3149 justum.

300 3170 483 3223 παθῶν
516 3167 655 3222 ἐστιν
688 3171 722 3238 ἠ
754 3170 1176 3245 γαστριμαργία.
1208 3168 1375 3232 Τέλος
1410 3171 1610 3246 ἀρετῶν
1644 3169 1853 3244 ἀγάπη·
1888 3168 2128 3245 λήρωμα
2163 3166 2219 3221 δὲ
2248 3172 2449 3232 κακῶν,
2477 3168 2539 3221 τὸ
2571 3167 2755 3221 ἑαυτὸν
2787 3165 3099 3243 λογίσασθαι
3135 3170 3266 3224 εἶναι
3300 3168 3529 3229 δίκαιον.

372 3260 423 3313 5.
459 3262 662 3332 ’Ὠσπερ
694 3256 915 3327 σκώληξ
946 3258 1232 3313 κατεσθίων
1284 3257 1442 3327 ξύλον
1498 3258 1741 3335 ἀφανίζει
1800 3258 1950 3327 αὐτὸ,
1983 3261 2025 3325 C

305 3344 476 3407 οὕτως
511 3346 753 3421 ἀφανίζει
790 3347 1118 3418 μνησικακία
1146 3349 1246 3415 τήν
1287 3348 1469 3422 ψυχὴν
1521 3351 1618 3401 τοῦ
1678 3350 1949 3421 μοναχοῦ.

305 3435 372 3488 Τὸ
394 3434 943 3511 παραρρίῲαιὲαυτὸν
978 3435 1206 3489 ἐνώπιον
1233 3441 1329 3489 τοῦ
1348 3440 1501 3505 Θεοῦ,
1522 3435 1690 3489 τίκτει
1721 3436 1781 3489 τὸ
1819 3436 1954 3488 ὑπο-

307 3523 483 3600 φὲρειν
518 3518 669 3598 ὕϐριν
702 3523 1014 3598 ἀταράχως·
1046 3524 1108 3578 τό
1154 3522 1211 3578 δὲ
1265 3526 1340 3596 μὴ
1398 3524 1689 3595 ἐξουθενεῖν
1748 3524 1951 3593 ἑαυτὸν,

302 3611 470 3665 τίκτει
500 3614 600 3680 τὴν
633 3612 1017 3689 ὑπερηφανίαν.
1055 3615 1140 3680 Μή
1178 3609 1267 3667 ἔσο
1306 3615 1584 3676 πεποιθὼς
1630 3612 1717 3667 ἐπὶ
1890 3610 1956 3685 σῇ

307 3698 552 3773 δυνάμει,
586 3701 673 3754 καὶ
706 3704 739 3769 ἡ
778 3701 1001 3775 βοήθεια
1031 3707 1127 3755 τοῦ
1160 3705 1294 3755 Θεοῦ
1327 3703 1650 3777 παροικήσει
1698 3723 1804 3758 σοι.
1865 3701 1953 3768 Μὴ

307 3787 402 3863 ἔχε
432 3785 628 3863 ἔχθραν
666 3788 799 3861 μετά
827 3810 997 3856 τινος,
1026 3789 1140 3843 ἐπεὶ
1164 3787 1528 3864 ἀπρόσδεκτός
1554 3790 1692 3844 ἐστιν
1726 3793 1760 3858 ἡ
1793 3810 1957 3865 προσ-

309 3879 445 3952 ευχή
494 3898 610 3932 σου.
670 3876 957 3947 Ἀλήθειαν
1015 3878 1213 3951 ἀγάπα·
1250 3882 1401 3947 *τῆς
1456 3880 1556 3953 γάρ
1618 3876 1957 3951 ψευδόμενος

308 3967 485 4021 ἀθετεῖ
512 3967 602 4020 τὸν
636 3966 824 4021 καλόν.
861 3966 1105 4036 Φύλαξον
1136 3966 1265 4027 τοὺς
1296 3966 1613 4042 ὀφθαλμούς
1656 3988 1773 4036 σου,
1804 3967 1893 4020 καὶ
1920 3969 1955 4034 ἡ

308 4053 503 4128 καρδία
534 4076 629 4109 σου
662 4055 724 4109 οῦ
758 4056 833 4127 μὴ
860 4054 955 4129 ἴδῃ
989 4055 1249 4129 πονηρόν.
1283 4057 1343 4111 Ὀ
1364 4057 1463 4131 γὰρ
1492 4054 1707 4131 βλέπων
1732 4061 1960 4129 γυναῖκα

310 4144 361 4198 ἐν
395 4142 591 4217 ἡδονῇ,
630 4142 881 4218 μοιχείαν
916 4143 1173 4199 ἐπιτελεῖ.
1209 4141 1461 4197 Φύλασσε
1506 4144 1605 4211 τήν
1640 4144 1806 4213 ἀκοήν
1842 4164 1958 4210 σου,

305 4232 399 4287 ’ίνα
432 4248 508 4306 μη
573 4232 887 4306 ἑπισυνάξῃς
944 4238 1150 4303 σεαυτῷ
1207 4234 1377 4286 πάντα
1433 4232 1672 4308 πονηρὸν
1734 4232 1957 4307 σπόρον.

312 4323 516 4394 Φεύξου
547 4322 653 4377 ἀπὸ
683 4321 1018 4384 καταλαλιᾶς
1048 4328 1145 4377 τοῦ
1175 4324 1556 4397 πονηροτάτου
1589 4320 1961 4395 δαίμονος,καὶ

311 4414 555 4489 εἰρήνευε
597 4412 729 4485 μετά
758 4416 994 4481 πάντων,
1020 4410 1112 4465 *ίνα
1140 4411 1484 4488 παῤῥησίασῃ
1520 4410 1837 4488 εὐχόμενος.
1873 4413 1960 4479 Μὴ

313 4503 579 4576 ἐπιποθῇς
634 4501 854 4556 ἀκοῦσαι
918 4497 1130 4577 βλάϐην
1183 4500 1368 4567 λύπης
1410 4502 1609 4563 παντὸς
1657 4502 1963 4577 ἀνθρώπου,

313 4592 398 4646 ἴνα
431 4593 507 4665 μή
540 4588 943 4652 ἀνταποδώσεις
974 4590 1133 4645 αὐτὸν
1168 4590 1219 4644 ἐν
1250 4594 1319 4663 τῇ
1366 4588 1561 4666 καρδίᾳ
1610 4612 1729 4647 σου.
1784 4592 1968 4665 Ἐργά-

316 4687 408 4751 ζου
439 4680 489 4734 ἐν
522 4685 600 4751 τῷ
631 4679 938 4755 ἐργοχείρῳ
969 4701 1085 4748 σου,
1114 4678 1203 4733 ’ίνα
1232 4679 1362 4753 εὕρῃ
1396 4679 1623 4754 πτωχὸς
1655 4679 1743 4733 σὸν
1780 4679 1958 4753 ἄρτον·

313 4772 347 4839 ἠ
397 4770 497 4846 γάρ
556 4769 719 4842 ἀργία
778 4768 1001 4828 θάνατός
1058 4767 1167 4821 ἐστι
1225 4768 1295 4839 τῇ
1354 4771 1530 4842 ψυχῇ.
1589 4767 1658 4820 Τὸ
1719 4772 1960 4842 συνεχῶς

314 4859 708 4932 προσεῦγεσθαι
765 4857 1056 4930 λυτροῦται
1111 4857 1209 4923 τὴν
1270 4857 1455 4930 ψυχὴν
1503 4856 1610 4909 ἀπὸ
1641 4858 1838 4917 παντὸς
1870 4877 1967 4909 κα-

313 4952 430 5002 κοῦ.
466 4949 539 5003 Τὸ
571 4946 647 4999 δὲ·
699 4942 1274 5021 καταμικραμελῆσαι,
1326 4944 1646 5017 οἰκητήριον
1691 4948 1797 4997 τῶν
1859 4940 1972 4997 δαι-

319 5036 495 5108 μόνων
531 5034 978 5097 ἀποκαθίσταται.
1036 5036 1352 5106 Καθημενος
1401 5032 1452 5086 ἐν
1509 5036 1577 5105 τῇ
1622 5031 1829 5103 κελλίῳ
1878 5053 1973 5085 σου

311 5130 421 5179 τῶν
451 5145 583 5179 ποτε
620 5123 826 5178 τούτων
879 5123 1132 5201 φρόντιζε
1172 5125 1437 5196 συνεχῶς·
1483 5127 1583 5189 τῆς
1629 5121 1820 5196 εὐχῆς,
1880 5119 1970 5174 καὶ

310 5222 413 5283 τῆς
450 5213 703 5286 μελετῆς,
734 5213 822 5266 καὶ
853 5218 950 5266 τοῦ
984 5212 1329 5288 ἐργοχείρου.
1386 5216 1509 5274 Καθ’
1560 5209 1785 5279 εκάστην
1838 5210 1973 5281 ἠμὲ-

316 5323 411 5377 ραν
476 5302 806 5375 μνημόνευε,
865 5305 970 5355 ποῦ
1033 5301 1132 5373 εἷς,
1190 5301 1279 5355 καὶ
1337 5300 1389 5355 τί
1446 5299 1665 5375 ἐργάζῃ,
1725 5297 1813 5352 καὶ
1843 5296 1966 5352 ὅταν

318 5397 346 5424 ⁸
379 5390 667 5464 μεταστῇς,
702 5395 806 5444 ποῦ
838 5388 984 5465 ἔχεις
1017 5388 1289 5458 ἀπελθεῖν,
1323 5389 1411 5445 καὶ
1446 5389 1683 5463 πρόσεχε
1739 5392 1965 5458 σεαυτῷ·

316 5482 439 5537 Ἐὰν
475 5482 503 5535 ὁ
535 5478 802 5555 λογισμός
834 5500 928 5533 σου
962 5485 980 5504 ”

1015 5478 1127 5546 ὕζει
1160 5500 1237 5545 σε,
1270 5478 1351 5533 ὅτι
1394 5476 1509 5554 ἔχει
1542 5499 1623 5540 τις
1670 5478 1806 5532 κατὰ
1849 5479 1969 5543 σοῦ,

388 5693 468 5767 (a)
500 5692 686 5763 Ἴσως,
713 5690 803 5745 τὸν
836 5694 987 5749 νοῦν.

2135 3258 2353 3312 5.Sicut
2374 3258 2588 3312 vermis
2612 3259 2971 3313 corrodendo
3004 3260 3227 3330 lignum
3270 3269 3471 3317 enecat
3497 3265 3715 3335 ipsum,

2062 3346 2145 3401 ita
2178 3345 2454 3400 memoria
2488 3346 2838 3415 injuriarum
2873 3358 3075 3402 enecat
3124 3351 3393 3405 monachi
3428 3353 3711 3409 animam.

2064 3435 2202 3489 Sese
2252 3440 2615 3505 prosternere
2663 3436 2718 3488 in
2770 3442 3087 3507 conspectu
3135 3439 3387 3505 Domini,
3435 3442 3489 3495 id
3537 3442 3715 3498 efiicit

2067 3529 2131 3576 ut
2162 3523 2520 3577 contumelia
2569 3526 2846 3579 toleretur
2898 3526 3023 3579 sine
3071 3529 3505 3597 perturbatione
3539 3548 3551 3585 :
3588 3548 3716 3587 sese

2066 3629 2182 3665 non
2217 3613 2535 3683 despicere,
2570 3613 2622 3666 id
2684 3615 2830 3684 parit
2864 3616 3225 3684 superbiam.
3258 3618 3337 3672 Ne
3370 3625 3479 3673 tua:
3511 3620 3715 3674 virtuti

2067 3701 2347 3762 confidas,
2387 3700 2608 3771 tibique
2659 3703 2844 3756 aderit
2877 3703 2967 3757 Dei
3012 3704 3315 3759 auxilium.
3350 3706 3431 3761 Ne
3462 3708 3715 3763 inimici-

2066 3788 2209 3843 tiam
2242 3806 2375 3844 cum
2407 3790 2603 3860 aliquo
2636 3790 2885 3859 habeto;
2919 3792 3176 3863 alioquin
3214 3796 3453 3850 minime
3484 3804 3724 3868 accepta

2069 3878 2180 3933 erit
2211 3878 2395 3932 oratio
2427 3879 2873 3935 tua.Veritatem
2907 3882 3084 3951 dilige
3116 3884 3156 3936 ε·
3190 3900 3323 3937 nam
3358 3886 3403 3939 si
3441 3887 3721 3943 mentiare

2070 3969 2287 4021 bonum
2322 3967 2897 4038 vilipeudis.Custodi
2930 3970 3129 4025 oculos
3161 3976 3311 4037 tuos,
3342 3979 3399 4027 et
3427 3992 3525 4028 cor
3552 3982 3718 4031 tuum

2070 4071 2140 4109 ne
2170 4054 2328 4108 vidat
2364 4054 2608 4109 malum.
2644 4057 2748 4119 Qui
2808 4075 3063 4127 namque
3096 4076 3227 4114 cum
3261 4062 3558 4132 voluptate
3589 4082 3725 4119 mu-

2068 4144 2268 4198 lierem
2324 4142 2579 4214 respicit,
2637 4144 2693 4197 in
2748 4146 3190 4201 l'ornicationem
3256 4148 3483 4205 incidit.
3536 4160 3725 4209 Aures

2071 4250 2237 4287 serva
2294 4238 2445 4295 tuas,
2483 4248 2553 4285 ne
2610 4235 3007 4305 quodcunque
3058 4252 3298 4305 pravum
3358 4254 3557 4293 semen
3616 4241 3726 4295 tibi

2072 4320 2496 4391 colligas.Fuge
2526 4322 3010 4377 obtrectationem
3047 4325 3476 4394 nequissimum
3513 4329 3727 4384 daemo-

2075 4426 2230 4477 nem,
2268 4425 2582 4480 pacemque
2614 4409 2761 4463 habe
2794 4427 2924 4463 cum
2961 4413 3257 4478 omnibus,
3281 4419 3344 4468 ut
3375 4414 3433 4469 in
3464 4417 3726 4473 oratione

2076 4499 2351 4552 fiduciam
2379 4498 2705 4552 habeas.Ne
2737 4500 2941 4567 cupias
2972 4500 3175 4554 audire
3206 4501 3529 4572 quidquam
3564 4505 3729 4561 triste

2077 4594 2134 4642 et
2164 4588 2515 4642 damnosum
2562 4604 2629 4641 ex
2660 4589 2865 4658 quovis
2898 4588 3133 4644 homine
3170 4608 3183 4645 :
3218 4607 3289 4645 ne
3319 4590 3430 4661 ipsi
3462 4591 3520 4646 in
3553 4594 3727 4649 corde

2074 4682 2173 4730 tuo
2208 4694 2311 4747 par
2343 4678 2576 4730 referas.
2613 4677 2780 4746 Operi
2818 4694 3099 4731 manuum
3134 4679 3430 4747 incumbe,
3465 4686 3532 4735 ut
3561 4698 3723 4736 men-

2073 4766 2238 4819 dicus
2272 4782 2478 4836 panem
2532 4783 2705 4819 suum
2739 4766 2890 4833 apud
2942 4772 2995 4821 te
3030 4769 3277 4837 reperiat
3312 4786 3323 4823 :
3361 4786 3492 4824 nam
3539 4770 3725 4826 otium

2085 4871 2242 4907 mors
2294 4859 2383 4908 est
2412 4854 2640 4907 animae.
2680 4855 2971 4924 Frequens
3012 4858 3197 4911 oratio
3229 4858 3483 4913 animam
3518 4858 3731 4915 liberat

2083 4945 2155 4997 ab
2178 4943 2337 4997 omni
2363 4942 2570 5008 malo,‘
2598 4958 2763 5014 nugae
2786 4945 3340 5011 autem,dzemonum
3363 4947 3728 5003 domicilium

2083 5032 2465 5085 constituunt.
2501 5031 2720 5085 Sedens
2756 5032 2811 5085 in
2846 5033 3057 5087 cellula
3110 5038 3230 5101 tua,
3266 5037 3335 5088 de
3370 5034 3460 5089 his
3493 5037 3731 5091 assidue

2082 5124 2205 5173 esto
2236 5119 2544 5183 sollicitus,
2572 5136 2779 5190 nempe
2811 5121 2880 5173 de
2913 5123 3193 5185 oratione,
3223 5124 3294 5176 de
3326 5125 3730 5193 meditatione,

2084 5210 2153 5261 de
2186 5224 2355 5278 opere
2389 5225 2695 5262 manuum.
2732 5209 3022 5263 Memento
3056 5212 3316 5281 quotidie
3350 5213 3589 5267 ubinam
3624 5215 3729 5280 sis,

2082 5301 2139 5350 et
2170 5296 2306 5365 quirl
2342 5297 2619 5367 opereris.
2655 5297 2814 5359 Quod
2841 5296 3146 5367 siquando
3170 5317 3317 5370 opus
3340 5300 3415 5354 sit
3438 5306 3501 5355 ut
3534 5301 3733 5372 aliquo

2083 5385 2473 5455 proficiscare,
2506 5402 2706 5438 curam
2743 5385 2822 5438 tui
2859 5386 3026 5440 habe.
3063 5387 3120 5441 Si
3172 5390 3402 5457 quando
3437 5390 3538 5444 tibi
3592 5407 3732 5463 sug-

2081 5478 2243 5545 gerat
2292 5473 2562 5545 cogitatio
2613 5481 2734 5540 tua,
2766 5492 3125 5546 quemquam
3176 5494 3303 5532 esse
3352 5479 3451 5550 qui
3507 5478 3733 5552 aliquid
