4104 6350
1591 339 1658 402 S.
1708 330 2236 399 ATHANASIUS.
2264 367 2339 379 —
2368 329 2679 397 SPURIA.

3673 344 3811 412 Mlti

425 494 637 550 habeat
667 490 979 545 adversum
1011 487 1088 550 te,
1121 496 1193 537 ne
1240 476 1530 551 despicias
1560 491 1716 545 eum,
1751 473 1852 529 sed
1902 470 2052 526 inelil

2192 469 2268 541 μὴ
2325 472 2743 547 καταφρονήσῃς
2798 471 2966 547 αὐτῷ,
3046 474 3194 532 ἀλλά
3253 473 3387 550 βάλε
3456 474 3598 550 αὖτῷ
3669 484 3813 554 μετά-

429 586 566 637 nato
596 586 653 634 te
682 581 817 632 ante
846 574 1036 629 illum.

496 671 551 725 6.
585 668 668 724 Ne
700 664 960 736 negligas
995 656 1322 714 ministeria
1352 652 1603 726 singulis
1634 650 1795 706 horis
1838 646 2079 736 implere

2187 578 2358 615 νοιαν.

2257 649 2311 702 6.
2347 645 2527 704 Βλέπε
2559 649 2635 722 μή
2689 653 3102 729 καταφρονήσῃς
3153 651 3347 728 ἑκάστῃ
3410 652 3523 730 ὥρᾳ
3574 655 3664 719 τάς
3708 655 3809 713 λει-

427 765 567 826 tua;
600 774 668 813 ea
705 734 879 810 enim
914 746 1409 805 illuminationem
1459 742 1710 798 all'erunt
1756 738 1983 794 animae.
2017 736 2052 792 S

2184 734 2440 812 τουργίας
2473 758 2568 792 σου
2599 737 2888 795 ἐπιτελεῖν·
2924 739 3055 795 αὐτα
3102 741 3206 815 γὰρ
3248 741 3466 820 φέρουσι
3524 743 3611 799 τὸν
3658 767 3807 821 φωτιο

426 850 581 904 bona
609 843 799 916 egeris
829 858 901 896 ne
931 838 1177 911 glorieie
1198 853 1211 903 ;
1236 833 1325 889 sin
1346 831 1532 887 multa
1562 828 1716 885 mala
1744 825 2076 895 admiseris,

427 954 498 992 ne
530 912 913 990 immoderate
945 926 1167 989 doleas,
1200 923 1300 977 sed
1333 927 1522 977 statue
1558 925 1610 973 te
1643 932 1944 986 nunquam
1979 912 2077 967 illa

422 1024 872 1085 commisurum,
905 1024 961 1073 et
990 1014 1241 1071 salutem
1291 1025 1666 1080 consequere.
1698 1006 1754 1059 Si
1802 1004 1906 1060 tibi
1950 1020 2072 1058 mo-

423 1114 655 1171 lestiam
716 1112 862 1165 ferat
917 1104 1190 1177 cogitatio
1264 1096 1683 1164 fornicationis,
1745 1093 2067 1150 orationem

423 1205 551 1260 sine
597 1197 1033 1256 intermissione
1064 1193 1177 1247 Deo
1226 1190 1387 1252 oll'er,
1420 1198 1474 1242 et
1524 1184 1755 1242 sedabit
1798 1181 1981 1237 illam.
2012 1179 2071 1234 Si

420 1293 581 1348 zelus
613 1295 670 1345 et
696 1287 917 1343 invidia
945 1301 1044 1339 cor
1075 1289 1237 1336 tuum
1287 1282 1605 1349 oppugnet,
1641 1278 1934 1329 memento
1966 1286 2070 1325 nos

423 1380 690 1436 membra
717 1391 846 1431 esse
897 1369 1111 1427 Christi
1143 1383 1369 1430 omnes,
1400 1370 1457 1419 et
1487 1364 1606 1418 sive
1638 1362 1916 1416 honorem
1950 1359 2070 1414 sive

418 1468 776 1542 vituperium
828 1460 1072 1537 proximi
1122 1476 1227 1514 nos
1279 1471 1485 1511 omnes
1531 1456 1812 1524 spectare,
1844 1454 1902 1505 et
1949 1453 2069 1505 ate

418 1538 606 1634 fugiet
655 1555 892 1612 invidia.
925 1552 1054 1607 Haec
1083 1547 1282 1603 omnia
1312 1545 1361 1601 si
1393 1543 1632 1615 colligat
1674 1538 1968 1608 discretio,
2001 1555 2068 1594 ac

416 1628 615 1707 secum
648 1647 749 1701 illa
779 1646 1026 1715 reputet,
1056 1639 1304 1693 virtutes
1335 1633 1572 1706 quidem
1625 1629 1740 1686 sibi
1770 1628 2066 1695 conciliat,

412 1741 558 1794 vitia
588 1741 780 1792 autem
814 1730 1099 1788 eliminat.
1126 1723 1497 1797 [inpossibile
1524 1727 1720 1776 autem
1748 1724 1839 1775 est
1865 1723 1929 1773 ut
1957 1716 2064 1772 tibi

2188 825 2323 895 σμὸν
2359 824 2411 880 ἐν
2441 825 2512 901 τῇ
2559 829 2735 903 ψυχῇ.
2788 828 2855 885 Εἴ
2899 829 3072 905 ἀγαθά
3118 829 3395 901 ἐποίησας,
3451 833 3525 904 μὴ
3572 854 3809 889 κατακαυο

2186 917 2292 988 χῶ·
2327 912 2374 969 εἴ
2405 912 2462 969 δὲ
2510 914 2696 971 πολλὰ
2745 916 3006 988 ἐποίησας
3053 920 3207 987 κατὰ,
3253 920 3328 992 μή
3373 920 3619 995 ἀμέτρως
3647 920 3806 993 λυπη-

2186 1004 2306 1075 θῇς,
2339 1001 2484 1058 ἀλλὰ
2515 1006 2692 1074 στῆθι,
2729 1005 2922 1078 μηκέτι
2972 1006 3106 1061 αὐτᾶ
3153 1007 3394 1080 πράξεις,
3445 1009 3533 1064 καὶ
3580 1013 3803 1085 σωθήσῃ.

2185 1091 2306 1146 Ἐὰν
2354 1090 2576 1168 ὀχλήσῃ
2622 1094 2872 1170 πορνείας
2920 1092 3214 1171 λογισμὸς,
3264 1096 3432 1174 εὖχὴν
3482 1094 3802 1156 ἀδιάϐειπτον

2182 1183 2340 1243 θῦσον
2382 1185 2462 1253 τῷ
2508 1187 2651 1255 Θεῷ,
2695 1182 2783 1238 καὶ
2834 1183 3118 1239 ἀναπαύσέ
3147 1206 3253 1243 σοι.
3304 1187 3427 1243 Ἐάν
3463 1188 3491 1242 6
3524 1186 3683 1257 ζῆλος
3726 1188 3802 1244 καὶ

2180 1270 2209 1324 ὁ
2242 1265 2434 1349 φθόνος
2465 1270 2688 1346 πολεμῇ
2718 1274 2817 1343 τὴν
2840 1271 3061 1348 καρδίαν
3094 1296 3212 1344 σου,
3249 1278 3550 1349 μνήσθησο,
3573 1276 3653 1332 ὅτι
3676 1278 3798 1350 μέλη

2178 1361 2413 1434 Χριστοῦ
2444 1360 2601 1435 ἐσμεν
2635 1361 2845 1435 πάντες,
2873 1364 2964 1418 καὶ
2996 1363 3078 1419 ὅτι
3118 1367 3153 1434 ἡ
3185 1368 3345 1439 τιμή.
3375 1365 3466 1421 καὶ
3507 1366 3569 1421 τὸ
3616 1361 3799 1429 ὄνειδος

2175 1454 2274 1506 τοῦ
2330 1449 2567 1521 πλησίον
2627 1451 2841 1507 πάντων
2896 1455 3057 1526 ἡμῶν
3118 1452 3253 1523 ἐστι,
3299 1454 3391 1509 καὶ
3422 1455 3659 1532 φεύξεται
3710 1455 3803 1511 ἀπὸ

2177 1544 2296 1596 σοῦ.
2359 1542 2542 1596 Ταῦτα
2598 1537 2658 1595 δὲ
2710 1542 2883 1597 πάντα
2938 1541 3247 1619 συνάγουσα
3302 1546 3337 1613 ἡ
3407 1541 3670 1620 διάκρισις
3723 1544 3803 1598 καὶ

2177 1627 2642 1705 ἀναλογιζομένη,
2674 1631 2767 1693 τάς
2797 1631 2892 1704 μὲν
2925 1630 3117 1706 ἀρετὰς
3146 1630 3505 1707 περιπύσεται
3529 1635 3627 1707 (a),
3654 1634 3715 1687 τὰ
3759 1629 3809 1687 δὶ

2174 1719 2387 1793 πονηρὲ
2444 1716 2689 1774 ἐκποδὼν
2747 1724 3005 1776 ποιεῖται.
3064 1717 3355 1777 Ἀδύνατον
3411 1718 3469 1776 δὲ
3517 1719 3685 1777 ἐλθεῖν
3732 1742 3806 1778 σοι

413 1828 654 1885 accedat
672 1820 970 1886 discretio,
1004 1816 1117 1873 nisi
1150 1815 1315 1887 prius
1346 1812 1593 1867 virtutes
1614 1808 1777 1888 illius
1807 1812 2052 1863 sectatus

2171 1808 2269 1897 τὴν
2305 1805 2594 1883 διάκρισιν,
2629 1808 2717 1864 ἐὰν
2752 1810 2828 1882 μὴ
2860 1814 3075 1897 πρῶτον
3108 1812 3202 1873 τὰς
3249 1811 3443 1886 ἀρετὰς
3487 1810 3651 1882 αὐτῆς
3696 1811 3807 1867 ἐπι-

412 1914 747 1988 impleveris
773 1929 787 1978 ;
821 1927 937 1981 prae
966 1905 1244 1976 omnibus
1287 1906 1485 1957 autem
1517 1898 1698 1954 animi
1728 1892 2061 1966 tranquilli-

310 2056 313 2059 .
410 1985 613 2062 ιειὲω.
646 1996 1068 2070 Tranquillitas
1115 1990 1297 2048 animi
1348 1989 1504 2061 parit
1541 1985 2060 2052 exercitationem;

409 2090 744 2151 exercitatio
779 2087 928 2160 parit
973 2080 1485 2155 compunetionem
1527 2080 1587 2132 et
1614 2075 1856 2141 ﬂetum;
1889 2072 2063 2128 ﬂetus

412 2182 600 2254 gignit
655 2179 967 2242 timorem;
1027 2171 1204 2227 timor
1262 2166 1695 2231 humilitatem;
1754 2161 2060 2217 humilitas

409 2250 800 2345 prospiciendi
858 2263 1193 2319 facultatem
1244 2276 1257 2326 ;
1324 2254 1713 2329 prospiciendi
1786 2250 2059 2317 facultas,

408 2339 669 2417 amorem
699 2372 896 2425 ;amor
926 2352 982 2407 id
1015 2350 1229 2406 animae
1258 2348 1651 2417 eomparat,ut
1681 2358 1814 2398 cum
1833 2339 2057 2413 angelis

407 2453 685 2505 versetur.
720 2446 885 2500 Tunc
940 2446 1133 2497 autem
1186 2441 1489 2507 postremo
1532 2431 1833 2503 cognoscit
1880 2430 2055 2485 homo

406 2539 561 2609 quod
599 2537 677 2592 sit
704 2552 739 2589 a
772 2535 881 2588 Deo
905 2530 1075 2600 longe
1096 2530 1375 2583 remotus.
1407 2522 1515 2587 Qui
1548 2521 1674 2578 vult
1705 2521 1904 2591 igitur,
1938 2518 2052 2573 fra-

406 2608 542 2694 tres,
574 2626 644 2681 ad
680 2622 966 2696 pretiosas
1008 2620 1150 2673 istas
1202 2629 1406 2669 omnes
1436 2612 1680 2666 virtutes
1732 2608 2053 2682 pervenire,

405 2715 666 2789 cujusvis
720 2710 934 2783 negotii
966 2723 1108 2763 cura
1153 2720 1371 2759 vacuus
1403 2702 1480 2756 sit
1526 2705 1773 2771 oportet,
1805 2699 2054 2770 odioque

408 2788 695 2863 mundum
728 2801 884 2856 hunc
912 2797 1145 2853 habeat.
1170 2800 1249 2849 Ae
1276 2790 1670 2867 tum'demum
1700 2789 1916 2861 dignus
1950 2788 2050 2843 ha-

405 2898 598 2961 betur,
632 2893 730 2964 qui
762 2891 936 2945 hasce
966 2886 1212 2940 virtutes
1242 2880 1502 2936 obtineat
1531 2896 1565 2934 a
1594 2878 1862 2933 Domino.

473 2987 527 3040 7.
562 2984 680 3038 Hoc
709 2984 904 3035 autem
935 2974 1166 3037 discito,
1200 2971 1395 3039 frater,
1428 2967 1698 3039 quisquis
1736 2966 1910 3023 homo
1941 2967 2052 3024 im-

404 3075 700 3131 moderate
730 3069 849 3125 edit
877 3071 979 3123 aut
1009 3063 1178 3129 bibit,
1203 3066 1302 3115 aut
1331 3076 1463 3114 cum
1496 3058 1604 3113 hoc
1638 3059 1855 3113 mundo
1886 3061 2051 3116 abre-

405 3171 541 3237 ptus
573 3160 1002 3218 circumfertur,
1038 3153 1083 3207 is
1116 3152 1332 3222 dignus
1377 3146 1614 3203 habitus
1661 3163 1776 3202 non
1812 3147 1919 3202 fuit
1949 3147 2049 3220 qui

402 3235 473 3308 ad
525 3252 701 3307 hosce
750 3245 1033 3302 terminos
1080 3239 1397 3296 accederet.
1449 3237 1592 3293 Nam
1639 3235 1688 3291 si
1741 3237 1949 3304 praedia
1991 3243 2048 3293 et

401 3342 630 3396 vineam
684 3337 886 3401 habes,
929 3338 1031 3388 aut
1079 3326 1397 3391 domicilia,
1452 3341 1552 3381 seu
1604 3324 1837 3395 quidvis
1890 3326 2049 3381 aliud

408 3432 655 3500 hujusce
702 3423 919 3493 saeculi,
952 3438 1058 3477 cur
1088 3436 1202 3475 non
1257 3432 1493 3471 uxorem
1524 3414 1698 3468 etiam
1726 3414 2052 3486 accepisti?

401 3521 516 3575 Cur
546 3526 604 3574 te
634 3518 757 3587 ipse
786 3511 1019 3569 seducis
1054 3509 1331 3580 ignorans
1359 3521 1494 3559 eum
1527 3503 1625 3573 qui
1658 3504 1717 3556 in
1748 3502 1935 3574 spinis
1966 3520 2051 3559 se-

401 3609 681 3673 minatur,
715 3620 829 3659 non
877 3601 948 3657 ad
982 3600 1293 3671 perfectam
1330 3593 1688 3649 feracitatem
1735 3592 2051 3647 deVenire?

397 3696 505 3760 Qui
542 3711 709 3767 porro
757 3693 995 3753 otiatur,
1029 3703 1142 3741 non
1193 3689 1383 3755 potest
1436 3696 1609 3735 nosse
1660 3682 1857 3735 Deum.
1891 3681 2047 3737 528

396 3785 603 3841 Moneo
633 3783 809 3838 etiam
844 3775 1114 3850 quemvis
1163 3771 1474 3828 hominum
1507 3769 1606 3839 qui
1640 3768 2045 3839 paenitentiam

394 3889 564 3929 suam
597 3876 711 3926 Deo
760 3869 967 3923 oll'erre
1008 3862 1168 3931 velit,
1199 3866 1265 3915 ut
1305 3876 1435 3914 sese
1483 3857 1751 3913 cohibeat
1780 3874 1815 3912 a
1864 3857 2045 3914 nimio

391 3961 513 4015 vini
544 3965 682 4031 potu
714 3975 726 4012 :
757 3954 922 4010 multi
956 3967 1213 4022 namque
1239 3949 1348 4003 hac
1378 3947 1437 4001 in
1470 3963 1529 4001 re
1561 3952 1703 4001 sunt
1731 3944 2044 4016 lapsus.Ne

391 4065 651 4121 pugnam
685 4047 865 4117 igitur
890 4042 1225 4098 consideres
1253 4044 1310 4093 et
1341 4035 1741 4108 pertimescas,
1769 4035 1950 4091 donec
1979 4053 2041 4091 es

390 4138 449 4194 in
482 4139 590 4194 hoc
639 4152 898 4208 corpore,
948 4147 1136 4202 neque
1185 4129 1287 4184 tibi
1336 4126 1447 4199 ipsi
1498 4125 1777 4180 confidas.
1809 4127 2040 4182 Stemus

389 4230 850 4302 itaque,l‘ratres,
885 4232 1109 4280 stemus
1141 4221 1199 4275 in
1232 4222 1442 4274 timore
1472 4217 1726 4307 Domini,
1761 4234 1948 4289 neque
1981 4219 2037 4273 in

387 4318 500 4375 hac
532 4334 729 4391 pugna
760 4316 956 4371 animo
979 4312 1379 4368 deficiamus.«
1406 4307 1531 4361 Non
1561 4307 1717 4363 enim
1750 4313 1840 4362 est
1871 4307 2039 4363 nobis

386 4424 586 4480 pugna
616 4423 748 4462 cum
781 4421 955 4460 carne
985 4407 1042 4457 et
1070 4399 1381 4471 sanguine,
1398 4397 1498 4453 sed
1531 4413 1664 4451 eum
1699 4395 2037 4467 principatio

385 4499 520 4562 bus,
569 4513 702 4551 cum
756 4494 1163 4565 potestatibus,
1196 4489 1477 4543 adversus
1528 4484 1732 4540 mundi
1786 4487 2036 4540 rectores

2168 1895 2420 1972 τελέσῇς,
2476 1899 2583 1973 πρὸ
2639 1899 2851 1954 πάντων
2914 1896 2971 1954 δὲ
3022 1900 3123 1969 τήν
3181 1899 3444 1976 ἡσυχίαν.
3503 1903 3566 1957 Ἣ
3618 1902 3806 1978 ἡσυχία

2170 1985 2338 2042 τίκτει
2387 1987 2486 2056 τὴν
2542 1985 2788 2058 ἄσκησιν·
2849 1991 2884 2059 ἡ
2938 1989 3165 2058 ἄσκησις
3210 1989 3380 2045 τίκτει
3411 1992 3512 2060 τὴν
3542 1990 3804 2061 κατάνυξιν

2169 2075 2258 2129 καί
2317 2075 2409 2131 τὸν
2464 2073 2766 2151 κλαυθμόν·
2829 2079 2857 2133 6
2914 2075 3198 2151 κλαυθμὸς
3246 2076 3419 2134 τίκτει
3447 2078 3541 2135 τὸν
3569 2074 3804 2157 φόϐον·6

2170 2158 2339 2241 φόϐος
2384 2165 2552 2220 τίκτει
2598 2168 2697 2234 τὴν
2742 2166 3065 2222 ταπείνωσιν
3117 2166 3153 2236 ἢ
3197 2165 3526 2231 ταπείνωσις
3565 2168 3724 2224 τίκτει
3750 2167 3808 2223 τὸ

2167 2259 2429 2329 πραορᾷν·
2486 2255 2549 2310 τὸ
2597 2261 2834 2331 προορᾷν
2894 2256 3061 2311 τίκτει
3116 2257 3216 2324 τήν
3277 2256 3517 2331 ἀγάπην·
3570 2260 3605 2328 ἡ
3636 2258 3809 2333 ἀγάπη

2164 2342 2331 2399 τίκτει
2361 2343 2429 2418 τῇ
2457 2348 2612 2420 ψυχῇ
2642 2346 2706 2399 τὸ
2769 2345 2902 2418 μετά
2942 2344 3188 2421 ἀγγέλων
3221 2344 3462 2418 ὁμιλεῖν.
3491 2346 3621 2402 Τότε
3646 2348 3806 2424 γιγώ-

2165 2453 2280 2488 σκει
2311 2434 2339 2488 ὃ
2370 2435 2654 2509 ἄνθρωπος
2685 2433 2903 2499 λοιπὸν,
2937 2433 3022 2489 ὅτι
3056 2433 3261 2509 μακράν
3320 2433 3464 2491 ἐστιν
3505 2435 3611 2491 ἀπὸ
3657 2440 3801 2492 Θεοῦ.

2163 2522 2223 2580 Ὁ
2256 2521 2429 2578 θέλων
2462 2523 2578 2593 οὖν,
2613 2520 2862 2601 ἀδελφοὶ,
2896 2522 3072 2587 ἐλθεῖν
3103 2522 3189 2578 ἐπὶ
3219 2525 3392 2587 πάσας
3425 2525 3519 2588 τὰς
3568 2524 3807 2598 ἐντίμους

2162 2612 2354 2689 ἀρετὰς
2384 2613 2604 2683 ταῦτας,
2635 2612 2936 2687 ἀμὲριμνός
2965 2632 3024 2668 τε
3055 2610 3139 2667 δεῖ
3167 2612 3302 2667 εἶναι
3336 2613 3475 2669 εἶναι
3496 2614 3602 2670 ἀπὸ
3621 2614 3807 2675 παντὸς

2161 2700 2503 2777 πράγματος,
2536 2701 2627 2757 καὶ
2663 2709 2883 2775 μιῆναι
2914 2702 3005 2757 τὸν
3039 2701 3254 2775 κόσμοκ
3289 2707 3508 2758 τοῦτον·
3558 2703 3647 2759 καὶ
3693 2704 3806 2759 λοι-

2159 2792 2260 2847 πὸν
2290 2791 2414 2846 τότε
2456 2790 2694 2861 ἀξιοῦται
2742 2792 3039 2862 κτήσασθαι
3096 2790 3191 2852 τὰς
3220 2790 3413 2866 ἀρετὰς
3442 2792 3640 2855 ταύτας
3668 2790 3803 2868 παρὰ

2160 2881 2380 2958 Κυρίουο

2229 2973 2285 3027 7.
2317 2974 2487 3025 Τοῦτο
2518 2967 2576 3024 δὲ
2610 2969 2765 3042 μάθε,
2798 2965 3019 3046 ἀδελφέ,
3049 2968 3133 3023 ὅτι
3165 2974 3268 3030 πᾶς
3299 2966 3586 3045 ἅνθρωπος
3618 2968 3798 3034 ἐσθίων

2160 3048 2447 3115 καὶπῖνων
2505 3059 2777 3133 ἀμέτρως,
2826 3058 2862 3126 ἢ
2923 3056 3423 3136 ἐμπεριφερόμενος
3483 3064 3562 3132 τῷ
3617 3058 3799 3133 κόσμῳ

2159 3148 2359 3221 τούτῳ,
2409 3147 2475 3202 οὐ
2523 3148 2627 3221 μή“
2649 3147 2852 3221 ἀξιωθῇ
2906 3144 3082 3211 ἐλθεῖν
3114 3147 3190 3208 εἰς
3218 3146 3285 3201 τὰ
3318 3145 3490 3225 μέτρα
3516 3153 3697 3204 ταῦτα·
3757 3147 3798 3202 εί

2159 3238 2264 3314 γὰρ
2293 3239 2546 3309 κτήματα
2591 3236 2679 3291 καὶ
2729 3230 3031 3307 ἀμπελῶνα
3069 3232 3239 3310 ἔχεις,
3271 3236 3306 3305 ἢ
3341 3236 3639 3309 οἷ’κήματα,
3671 3237 3705 3307 ἦ
3751 3258 3800 3292 τι

2159 3332 2255 3383 τοῦ
2286 3326 2482 3388 αἶῶνος
2510 3325 2728 3397 τούτου,
2754 3321 2846 3379 ’ίνα
2875 3322 2927 3379 τί
2958 3323 3047 3379 καὶ
3078 3330 3308 3399 γυναῖκα
3339 3324 3439 3380 οὐκ
3472 3325 3723 3402 ’ἔγημας;
3751 3326 3801 3381 τί

2161 3415 2346 3471 ἑαυτὸν
2372 3418 2743 3493 φρεναπατῶνο
2780 3414 3013 3488 ἀγνοῶν,
3045 3412 3131 3468 ὅτι
3158 3413 3251 3467 τὸν
3284 3412 3337 3468 ἐν
3368 3413 3632 3479 ἀκάνθαισ
3660 3435 3801 3469 σπει-

2160 3507 2386 3581 ρόμενον
2442 3503 2503 3558 οὐ
2560 3502 2938 3579 τελειοφορεῖ;
2995 3501 3093 3556 Καί
3134 3502 3163 3555 6
3212 3503 3286 3575 μὴ
3320 3501 3623 3578 σχολάσας,
3680 3503 3800 3559 Θεὸν

2157 3598 2359 3668 γνῶναι
2412 3591 2474 3647 οὐ
2528 3588 2764 3646 δύναται.
2827 3590 2925 3645 Καὶ
2969 3594 3132 3646 τοῦτο
3179 3587 3237 3646 δέ
3281 3590 3585 3666 παρακαλῶ
3638 3593 3801 3647 πάντα

2158 3680 2442 3752 ἄνθρωπον
2479 3679 2816 3757 βουλόμενον
2851 3677 3039 3734 δοῦναι
3076 3678 3358 3752 μετάνοιαν
3399 3684 3481 3753 τῷ
3528 3686 3664 3753 Θεῷ,
3711 3702 3777 3759 φυ

2158 3769 2312 3842 λάξαι
2370 3770 2531 3825 αὐτὸν
2583 3770 2689 3824 ἀπὸ
2745 3766 3083 3830 πολυοινίας’
3144 3768 3332 3825 πολλά
3387 3770 3491 3847 γὰρ
3547 3771 3708 3826 αὐτοῦ
3736 3770 3797 3825 τὰ

2152 3861 2440 3932 πτώματα.
2484 3864 2573 3927 Mi,
2606 3857 2878 3933 προσέχῃς
2912 3856 3003 3912 οῦν
3035 3857 3114 3919 εἷς
3152 3858 3358 3929 πάλην,
3387 3854 3493 3922 ἕως
3524 3860 3586 3915 οὗ
3631 3859 3697 3934 ἧς
3745 3858 3792 3914 ἐν

2150 3954 2230 4021 τῷ
2287 3950 2522 4022 σώματι,
2577 3944 2718 4020 μηδέ
2785 3945 3073 4021 πιστεύσῃς
3150 3946 3343 4018 ἑαυτῷ.
3401 3953 3625 4022 Στῶμεν
3683 3948 3791 4014 οὗν,

2150 4036 2401 4117 ἀδελφοὶ,
2451 4042 2663 4110 στῶμεν
2713 4035 2764 4090 ἐν
2825 4030 2982 4113 φόϐῳ
3039 4034 3265 4111 Κυρίου,
3312 4035 3401 4091 καὶ
3459 4039 3536 4109 μή
3578 4036 3792 4107 ἐκκακή-

2149 4148 2328 4201 σωμεν
2364 4126 2415 4182 ἐν
2448 4131 2518 4200 τῇ
2549 4125 2716 4199 πάλῃ.
2752 4151 2778 4176 (ι
2812 4125 2889 4181 Οὐ
2923 4125 3028 4200 γάρ
3060 4125 3201 4179 ἐστιν
3244 4127 3380 4199 ἡμῖν
3413 4127 3447 4195 ἦ
3481 4126 3630 4198 πάλη
3662 4125 3791 4202 πρὸς

2149 4216 2283 4291 αἷμα
2311 4217 2401 4271 καὶ
2436 4215 2626 4291 σάρκα,
2658 4213 2803 4270 ἀλλά
2832 4213 2971 4289 πρός
2996 4214 3094 4275 τὰς
3124 4213 3325 4290 ἀρχὰς,
3356 4216 3493 4291 πρὸς
3520 4217 3614 4278 τὰς
3658 4215 3791 4286 ἐξου·

2148 4306 2281 4375 σίας,
2316 4306 2453 4381 πρὸς
2482 4303 2614 4366 τοὺς
2645 4303 3092 4379 κοσμοκράτορας
3124 4307 3221 4358 τοῦ
3254 4302 3479 4366 σκότους
3524 4310 3621 4360 τοῦ
3669 4306 3790 4359 αἱῶ·

2146 4415 2237 4455 νος
2265 4393 2486 4460 τούτου,
2519 4392 2654 4468 πρὸς
2681 4393 2755 4447 τὰ
2779 4390 3120 4464 πνευματικὰ
3146 4398 3249 4461 τῆς
3279 4392 3551 4468 πονηρίας
3583 4392 3634 4448 ἐν
3681 4399 3790 4453 τοῖς

2148 4480 2514 4557 ἐπουρανίοις.
2554 4506 2574 4531 ι
2612 4474 3083 4555 Περιϐαλλωμεθα
3109 4480 3177 4534 τὰ
3206 4478 3353 4535 ὅπλα
3409 4486 3519 4537 τῶν
3574 4482 3790 4558 ἀρετῶν,

384 4587 757 4641 tenebrarum
791 4582 971 4652 hujus
1012 4576 1231 4637 saeculi,
1265 4578 1544 4631 adversus
1575 4571 1903 4643 spiritualia
1932 4588 2035 4626 ne-

2166 4569 2221 4631 bc;
2256 4569 2502 4624 ὁπλῖται·
2536 4566 2674 4623 διότι
2707 4568 2735 4622 6
2767 4566 2936 4629 κόπος
2964 4568 3055 4622 καὶ
3086 4568 3114 4623 6
3149 4568 3384 4643 μόχθος,
3431 4570 3521 4625 καὶ
3553 4573 3587 4641 ἡ
3621 4590 3791 4625 στενο·

384 4674 581 4746 quitize
612 4674 668 4728 in
703 4670 1039 4727 ecelestibus
1063 4669 1170 4721 η.»
1198 4665 1519 4720 lnduamus
1541 4677 1706 4715 arma
1728 4660 2034 4727 virtutum,

382 4763 554 4833 quasi
603 4761 841 4825 milites,
899 4757 1041 4828 quia
1092 4756 1275 4820 labor,
1325 4749 1688 4820 defatigatio,
1740 4748 2057 4819 angustiay

380 4848 778 4922 tranquillitas
826 4845 1278 4907 desideriorum,
1315 4858 1426 4895 non
1481 4838 1650 4893 modo
1686 4854 1790 4892 nos
1839 4844 2033 4893 custo-

382 4941 555 4995 diunt
602 4957 636 4993 a
678 4938 810 4993 telis
861 4933 1107 5000 inimici,
1166 4932 1266 4986 sed
1318 4931 1496 4984 etiam
1545 4926 1704 4996 regni
1758 4926 2035 4982 emlorum

381 5028 643 5085 haeredes
678 5044 781 5082 nos
813 5024 1205 5081 constituunt.

451 5118 506 5173 8.
539 5117 918 5173 Decertemus
947 5112 1169 5182 itaque,
1207 5109 1434 5173 fratres,
1468 5106 1526 5160 in
1558 5104 1667 5160 huc
1698 5103 1857 5159 brevi
1888 5108 2033 5159 tem-

376 5225 537 5280 pore,
573 5211 637 5261 ut
669 5220 916 5276 regnum
966 5201 1243 5256 caelorum
1276 5210 1726 5266 censequamur.
1764 5192 2036 5264 Magister

378 5297 535 5352 enim
570 5298 771 5350 noster
815 5291 992 5347 Jesus
1024 5287 1293 5345 Christus
1326 5284 1407 5339 ita
1452 5282 1640 5339 dixit:
1677 5304 1705 5333 «
1739 5284 2035 5337 Decertate

374 5385 559 5441 donec
588 5381 838 5439 veniatis
870 5397 973 5452 per
993 5381 1307 5449 angustam
1339 5378 1564 5446 portam
1589 5388 1656 5427 ac
1684 5388 1787 5444 per
1812 5373 2033 5426 arctam

372 5474 551 5529 viam.
587 5472 831 5544 Vigilate
864 5470 1060 5540 itaque
1090 5465 1247 5522 omni
1282 5464 1445 5531 hora,
1479 5461 1620 5533 quia
1648 5459 1889 5517 nescitis
1920 5475 2035 5531 qua

448 5599 493 5633 ²¹
522 5595 735 5668 Ephes.
768 5612 848 5667 v1,
882 5595 968 5649 12.

449 5686 524 5757 (α)
556 5685 723 5738 Forte
750 5680 1186 5756 περιπτύσσεται.
1219 5679 1376 5735 EDIT.
1412 5678 1653 5734 PATROL.

2146 4656 2351 4733 χωρία,
2382 4658 2471 4713 καὶ
2505 4660 2539 4727 ἡ
2573 4657 2867 4728 στενοίιεεία⁹
2902 4656 2991 4711 καὶ
3039 4659 3075 4726 ἡ
3131 4656 3282 4713 εὐδία
3337 4663 3444 4713 τῶν
3496 4659 3787 4732 ἐπιθυμιῶν

2146 4746 2203 4802 εὐ
2237 4746 2402 4819 μόνον
2435 4745 2797 4825 φυὶάττουσιν
2831 4748 2979 4820 ἡμᾶς
3010 4744 3118 4800 ἀπὸ
3147 4750 3252 4800 τῶν
3314 4748 3491 4822 βελῶν
3548 4753 3644 4804 τοῦ
3699 4746 3786 4822 ἐχ-

2145 4840 2299 4913 θροῦ,
2333 4836 2477 4891 ἀλλά
2506 4836 2595 4892 καὶ
2632 4834 2907 4910 βασιλείας
2940 4834 3182 4910 οὐρανῶν
3232 4834 3616 4911 κληρονόμους
3666 4838 3784 4891 ἀπο-

2142 4924 2481 4994 καθίστησιν.

2213 5104 2267 5159 8.
2323 5101 2755 5177 Ἀγωνιζώμεθα
2831 5099 2946 5171 οὖν,
3026 5097 3275 5173 ἀδελφοὶ,
3357 5102 3410 5157 ἐν
3486 5109 3566 5177 τῷ
3618 5107 3781 5181 καιρῷ

2142 5189 2321 5264 τούτῳ
2368 5191 2430 5245 τὸ
2478 5188 2680 5267 βραχὺ,
2731 5188 2867 5265 ἃπερ
2895 5188 3154 5264 τύχωμεν
3191 5189 3469 5266 βασιλείας
3528 5193 3783 5271 οὐρανῶν.

2142 5280 2205 5337 Ὁ
2232 5279 2334 5356 γὰρ
2390 5276 2715 5341 διδάσκαλος
2763 5280 2924 5351 ἡμῶν
2974 5279 3189 5348 Ἰησοῦς
3230 5280 3460 5356 Χριστὸς
3491 5282 3664 5346 οὕτως
3718 5277 3785 5335 εξι

2145 5388 2327 5444 ρηκεν·
2391 5392 2419 5417 ‹‹
2475 5367 2831 5443 ’Δγωνίζεσθε
2885 5364 2990 5430 ἕως
3049 5365 3226 5423 ἐλθεῖν
3288 5366 3377 5425 διὰ
3447 5378 3549 5441 τῆς
3603 5375 3785 5439 στενῆς

2142 5455 2351 5527 πύλης,
2409 5457 2499 5512 καὶ
2555 5453 2935 5531 τεθλιμμένης
2994 5453 3143 5514 ὁδοῦ.
3201 5454 3532 5535 Γρηγορεῖτε
3587 5458 3677 5516 οῦν
3736 5457 3785 5514 ἐν
