4104 6354
257 442 406 503 1417

1031 439 1295 500 SERth
1341 437 1492 500 PRO
1539 437 1637 497 IIS
1685 437 1815 506 QUl
1867 434 2192 497 SECULO
2243 435 2893 499 HENUN'I‘IARUNT.

3519 443 3670 501 1418

249 576 392 647 πάσῃ
449 572 585 646 ὥρᾳ,
623 572 704 627 ὅτι
755 571 853 627 οὐκ
900 569 1081 626 οἴδατε
1127 570 1434 642 ποίρᾳῶρᾳ
1478 570 1504 622 6
1558 569 1754 642 Κύριος
1804 564 1891 642 ἔρ-

2036 584 2150 622 ιοΓθ.
2182 567 2463 622 Dominus
2497 573 2780 623 venturus
2813 569 2888 624 sit
2920 585 2932 624 :
2966 587 3035 624 ne
3086 572 3230 626 forte
3281 571 3455 626 intret
3499 572 3666 626 dere—

248 682 424 739 χεται·
471 664 685 735 μήποτε
716 659 933 734 εἰσέλθῃ
968 661 1138 737 ἄφνω,
1165 659 1254 713 καὶ
1289 660 1487 732 εύρήσῃ
1523 659 1661 730 ὑμᾶς
1711 655 1896 720 καθεύ-

251 749 464 814 δοντας.
496 749 729 805 Βλέπετε
763 751 837 822 μή
870 770 1005 804 ποτε
1049 750 1382 823 βαρυνθῶσιν
1444 748 1594 818 ὑμῶν
1655 746 1708 799 αἱ
1765 765 1895 820 καρ-

253 839 359 896 δίαι
420 839 472 894 ἐν
525 838 804 915 κραιπάλῃ
861 838 948 892 καὶ
1009 837 1163 910 μέθῃ,
1213 836 1302 890 καὶ
1365 836 1648 908 μερίμναις
1712 835 1896 908 βιωτι-

251 935 394 1001 καῖς,
452 927 542 982 καὶ
619 925 958 982 ἐπελεύσεται
1039 927 1164 998 ὑμῖν
1242 922 1392 1003 ἄφνω
1466 928 1499 993 ἡ
1557 923 1692 998 ὥρα.
1761 921 1900 977 Ἰδοὺ

254 1015 580 1072 ἀποστέλλω
640 1016 776 1088 ὑμᾶς
835 1016 909 1077 ὡς
969 1011 1214 1089 πρόϐατα
1272 1014 1323 1068 ἐν
1378 1015 1526 1087 μέσῳ
1576 1013 1778 1069 λύκων.
1812 1011 1900 1078 Μὴ

254 1109 491 1176 κτήσητε
546 1106 773 1180 χρυσὸν,
810 1107 947 1177 μήτε
1006 1103 1261 1178 ἄργυρον,
1301 1105 1437 1176 μήτε
1494 1101 1589 1156 δύο
1643 1105 1900 1177 χιτῶνας·

259 1193 400 1270 μηδὲ
449 1192 742 1266 δειμάσητε
797 1193 901 1248 ἀπὸ
940 1193 1368 1248 ἀποκτεινόντων
1415 1192 1478 1246 τὸ
1532 1196 1709 1263 σῶμα.
1742 1187 1901 1245 Εἶδον

255 1285 358 1360 γὰρ
398 1285 490 1338 τὸν
539 1288 776 1337 Σατανᾶν
826 1283 902 1344 ὡς
947 1282 1222 1356 ἀστραπὴν
1283 1279 1340 1335 ἐκ
1375 1285 1473 1336 τοῦ
1529 1279 1760 1356 ούρανοῦ
1811 1299 1905 1332 πε·

259 1374 438 1429 σόντα.
495 1369 634 1426 Ἰδοὺ
690 1368 898 1426 δέδωκα
951 1372 1076 1444 ὑμῖν
1133 1372 1232 1438 τήν
1295 1369 1531 1441 ἐξουσίαν
1589 1374 1684 1423 τοῦ
1725 1372 1908 1422 πατεῖν

259 1464 437 1518 ἐπάνω
479 1458 650 1539 ὅυεων
698 1461 789 1515 καὶ
850 1460 1144 1534 σκορπίων,
1178 1459 1266 1514 καὶ
1316 1459 1402 1513 ἐπὶ
1451 1465 1621 1514 πᾶσαν
1670 1459 1770 1527 τήν
1821 1455 1910 1512 δύ-

259 1573 414 1623 ναμιν
457 1554 555 1605 τοῦ
607 1548 827 1624 ἐχθροῦ,
859 1549 947 1602 καὶ
995 1547 1058 1602 ού
1111 1550 1186 1621 μή
1237 1545 1568 1617 ἀδικήσωσιν
1614 1549 1774 1620 ὑμᾶς.
1812 1547 1908 1603 Καὶ

260 1640 358 1695 οὐκ
406 1639 590 1699 αὐτοῖς
649 1637 977 1699 ἀποστόλοις
1029 1637 1193 1709 μόνον
1241 1640 1401 1691 τοῦτο
1451 1633 1680 1690 δέδωκεν
1728 1636 1756 1690 6
1807 1635 1911 1689 Κύ-

262 1749 403 1802 ριος,
437 1725 582 1781 ἀλλά
637 1726 727 1781 καὶ
787 1733 914 1780 πᾶσι
972 1733 1087 1786 τοῖς
1140 1724 1500 1800 βουλομένοις
1551 1727 1790 1793 σωθῆναι
1823 1723 1911 1778 καὶ

260 1815 631 1884 ἀκολουθῆσαι
685 1821 803 1876 τοῖς
862 1815 1270 1889 προστάγμασιν
1332 1813 1516 1870 αὐτοῦ.
1573 1814 1671 1868 Καὶ
1721 1812 1910 1888 βλέπε,

263 1907 291 1959 6
320 1903 643 1977 ἀντιλέγων,
691 1903 786 1963 τάς
841 1899 1100 1976 μυριάδας
1147 1905 1254 1955 τῶν
1314 1900 1500 1976 ἁγίων.
1551 1897 1762 1956 Ἔδωκε
1811 1899 1913 1975 γὰρ

262 1997 402 2066 ἡμῖν
455 1994 554 2061 τὴν
611 1990 848 2061 ἐξουσίαν
908 1990 1063 2044 τέκνα
1121 1994 1252 2047 Θεοῦ
1297 1989 1562 2064 γενέσθαι.
1599 2012 1626 2040 ‹‹
1677 1988 1764 2055 Μή
1814 2008 1911 2064 φο-

265 2080 389 2151 ϐοῦ,
439 2081 500 2136 τὸ
561 2081 752 2156 μικρὸν
813 2080 1086 2152 ποίμνιον,
1144 2078 1224 2132 ὅτι
1286 2076 1585 2148 ηὐδόκησεν
1647 2078 1675 2131 6
1730 2077 1912 2150 [Ιατὴρ

267 2173 420 2244 ὑμῶν
482 2168 665 2224 δοῦναι
727 2169 854 2241 ὑμῖν
912 2170 1009 2236 την
1092 2167 1365 2242 βασιλείαν
1452 2173 1557 2222 τῶν
1647 2167 1912 2243 οὐρανῶν.

267 2259 569 2328 Πωλήσατε
621 2257 689 2311 τά
747 2257 1064 2332 ὑπάρχοντα
1129 2257 1301 2328 ὑμῶν,
1349 2257 1437 2309 καὶ
1501 2254 1623 2309 δότε
1677 2255 1914 2327 ἐλεημο-

266 2348 455 2417 σύνην,
487 2347 575 2400 καὶ
613 2343 756 2415 ἕξετε
791 2343 1052 2419 βαλάντια
1088 2345 1163 2416 μὴ
1214 2344 1612 2415 παλαιούμενα,
1646 2342 1914 2418 θησαυρὸν

266 2435 617 2490 ἀνέκλειπτον
651 2433 702 2487 ἐν
750 2439 866 2494 τοῖς
919 2433 1188 2508 οὐρανοῖς.
1224 2433 1634 2502 »Ποιησάντων
1698 2430 1754 2486 δε
1807 2436 1916 2486 τῶν

273 2526 436 2602 ἁγίων
499 2527 753 2598 μαθητῶν
813 2523 977 2577 αὐτοῦ
1035 2523 1120 2576 καὶ
1176 2523 1376 2592 ταύτην
1426 2523 1524 2590 τήν
1557 2519 1808 2593 ἐντολήν,
1843 2519 1916 2574 εἷ’-

274 2635 408 2691 ρηκε
436 2614 571 2689 πρὸς
604 2611 816 2673 αὐτούς’
852 2638 878 2663 ‹‹
915 2612 1151 2687 Εἰρήνην
1180 2613 1279 2681 τὴν
1331 2611 1466 2684 ἐμὴν
1519 2608 1720 2683 δίδωμι
1769 2611 1918 2682 ὑμῖν,

274 2703 496 2778 εἰρήνην
527 2704 627 2771 τὴν
669 2701 808 2775 ἐμὴν
841 2700 1042 2778 ἀφίημι
1077 2701 1273 2773 ὑμῖν.»
1300 2727 1324 2751 ι(
1351 2702 1413 2756 Ὀ
1448 2726 1473 2750 η
1506 2701 1607 2775 γὰρ
1639 2725 1666 2750 ‹‹
1693 2699 1918 2774 ἀγαπῶν

279 2814 346 2865 με
398 2792 494 2853 τὰς
551 2789 771 2852 ἐντολάς
836 2811 940 2862 μου
990 2791 1238 2864 τηρήσει·
1297 2789 1450 2863 κάγὼ
1505 2788 1593 2842 καὶ
1648 2789 1676 2842 6
1735 2788 1921 2863 Πατήρ

276 2879 631 2953 ἐλευσόμεθα,
661 2879 750 2934 καὶ
785 2879 952 2952 μονὴν
984 2879 1109 2954 παρ’
1137 2878 1286 2950 αύτῳ
1315 2877 1677 2948 ποιησόμεθα.
1713 2901 1739 2926 ››

343 2973 397 3029 9.
444 2966 834 3024 Ὑποδεικνύων
886 2965 943 3022 δέ
972 2970 1118 3040 ἡμᾶς
1164 2967 1417 3043 γενναίως
1469 2966 1754 3044 ὑποφέρειν
1792 2964 1920 3028 τοὺς

271 3058 610 3134 πειρασμοὺς
683 3057 771 3112 καὶ
828 3057 895 3112 τὰ
958 3055 1327 3129 παλαίσματα,
1388 3055 1629 3132 ε’ίρηκεν·
1693 3056 1778 3111 Ἐν
1843 3059 1923 3110 τῶ

270 3148 467 3221 κόσμῳ
527 3147 711 3220 θλίψιν
769 3143 930 3217 ἕξετε.
978 3145 1154 3201 Ἀλλά
1214 3169 1241 3196 ‹‹
1296 3151 1556 3221 θαρσεῖτε·
1620 3143 1728 3218 ἐγὼ
1785 3143 1922 3198 νενί-

267 3259 415 3309 κηκα
469 3238 558 3292 τὸν
617 3235 845 3309 κόσμον.
877 3237 1058 3308 Ὑμεῖς
1119 3233 1177 3290 δέ
1232 3234 1346 3290 ἐστε
1393 3235 1445 3288 οἱ
1495 3231 1564 3288 δι’
1613 3234 1710 3306 ἐμὲ
1763 3253 1925 3306 μεμε-

1945 1948 1991 2012 Β

2007 661 2199 728 pente,
2221 661 2278 712 et
2304 657 2560 713 inveniat
2584 674 2687 712 vos
2718 657 3096 714 dormientes.
3119 659 3324 716 Videte
3355 661 3667 731 nequando

2007 749 2329 817 graventur
2357 745 2532 800 corda
2567 748 2764 802 vestra
2808 745 2869 802 in
2924 747 3165 820 crapula
3194 753 3253 804 et
3281 747 3577 818 ebrietate,
3613 764 3673 818 et

2011 834 2168 888 curis
2203 835 2378 905 hujus
2409 833 2560 904 vitae,
2611 851 2677 890 ac
2729 837 3102 908 superveniat
3147 836 3309 892 vobis
3357 837 3672 908 derepente

2013 922 2176 978 hora.
2206 923 2348 979 Ecce
2380 923 2549 980 mitto
2579 941 2682 980 vos
2712 924 2867 981 sicut
2897 941 3032 982 oves
3063 925 3119 980 in
3151 925 3344 981 medio
3375 925 3672 998 luporum.

2014 1012 2203 1067 Nolite
2234 1013 2533 1083 possidere
2577 1031 2811 1082 aurum,
2864 1031 3055 1088 nequo
3105 1020 3438 1087 argentum,
3488 1031 3677 1086 neque

2017 1102 2166 1157 duas
2200 1101 2448 1159 tunicas.
2485 1102 2682 1175 Neque
2724 1104 2984 1160 timeatis
3033 1103 3106 1159 ab
3151 1104 3222 1158 iis
3263 1103 3365 1176 qui
3408 1103 3681 1159 occidunt

2018 1207 2252 1262 corpus.
2284 1191 2568 1247 Videbam
2619 1193 2776 1248 enim
2827 1195 3128 1259 Satanam,
3158 1193 3329 1264 quasi
3383 1191 3582 1264 fulgur
3610 1195 3679 1248 de

2019 1279 2162 1335 coelo
2208 1281 2533 1336 cadentem.
2588 1283 2733 1338 Ecce
2783 1283 2916 1337 dedi
2965 1283 3130 1338 vobis
3179 1285 3527 1354 potestatem
3557 1280 3679 1338 cal-

2021 1368 2192 1424 candi
2225 1386 2405 1440 supra
2434 1375 2734 1441 serpentes
2765 1377 2823 1426 et
2851 1371 3214 1443 scorpiones,
3245 1376 3303 1426 et
3335 1387 3514 1442 super
3557 1387 3681 1426 om-

2023 1475 2156 1514 nem
2187 1457 2461 1514 virtutem
2511 1459 2757 1530 inimici,
2791 1477 2978 1532 neque
3024 1461 3235 1515 laedent
3266 1477 3388 1515 vos.
3420 1460 3536 1516 Hoc
3568 1477 3682 1515 non

2023 1546 2214 1602 solum
2247 1547 2392 1618 ipsis
2435 1547 2717 1619 apostolis
2749 1549 2994 1604 tradidit
3043 1549 3348 1613 Dominus.
3389 1549 3510 1605 imo
3551 1566 3682 1605 vero

2023 1636 2297 1691 omnibus
2329 1635 2430 1707 qui
2461 1637 2711 1692 salutem
2761 1636 3040 1710 consequi
3081 1636 3390 1706 voluerint,
3441 1653 3508 1692 ac
3554 1637 3683 1708 ejus

2024 1724 2262 1796 exsequi
2296 1725 2592 1780 mandata.
2625 1726 2769 1781 Vide
2801 1731 3022 1795 autem,
3053 1731 3115 1780 tu
3167 1726 3267 1797 qui
3315 1726 3407 1782 his
3449 1731 3680 1781 contra-

2025 1812 2194 1876 dicis,
2229 1818 2570 1867 sanctorum
2604 1815 2924 1885 myriadas.
2979 1814 3145 1870 Dedit
3190 1815 3345 1869 enim
3382 1814 3551 1870 nobis
3582 1831 3682 1886 po-

2026 1906 2295 1957 testatem
2346 1902 2498 1958 filios
2547 1902 2643 1959 Dei
2690 1905 2830 1959 ﬁeri.
2886 1928 2913 1954 «
2970 1903 3096 1960 Noli
3154 1903 3377 1974 timere,
3432 1905 3684 1976 pusillus

2023 2007 2177 2059 grex,
2239 1991 2378 2062 quia
2437 1991 2792 2060 complacuit
2853 1992 3008 2047 Patri
3067 1997 3262 2048 vestro
3329 1995 3467 2049 dare
3520 1993 3685 2050 vobis

2026 2095 2272 2150 regnum
2304 2079 2604 2135 caelorum.
2639 2080 2885 2136 Vendite
2927 2099 3056 2153 qua:
3107 2081 3408 2153 possiditis
3459 2088 3515 2137 et
3551 2083 3688 2138 date

2024 2167 2479 2240 eleemosynam,
2535 2174 2592 2224 et
2637 2169 2930 2225 habebitis
2978 2187 3181 2226 saccos
3231 2171 3333 2242 qui
3386 2188 3500 2228 non
3532 2177 3688 2228 vete-

2027 2263 2288 2320 rascunt,
2321 2257 2666 2313 thesaurum
2709 2275 2823 2313 non
2855 2259 3221 2314 deficientem
3253 2258 3314 2314 in
3347 2259 3511 2315 omlis
3543 2262 3604 2315 η.
3662 2284 3690 2310 ››

2026 2349 2167 2400 Cum
2201 2351 2397 2401 autem
2455 2346 2644 2401 sancti
2700 2348 2828 2416 ejus
2887 2347 3161 2419 discipuli
3196 2348 3303 2404 hoc
3351 2349 3480 2418 ejus
3523 2367 3686 2404 man-

2027 2435 2232 2488 datum
2293 2433 2657 2505 implessent,
2709 2435 2791 2489 ait
2839 2433 2955 2489 illis
2989 2451 3002 2490 :
3039 2458 3065 2485 ι(
3115 2435 3322 2490 Pacem
3374 2453 3561 2492 meam
3613 2439 3688 2493 do

2031 2524 2213 2590 vobis,
2275 2540 2476 2594 pacem
2539 2539 2731 2578 meam
2791 2523 3056 2594 relinquo
3116 2524 3276 2580 vobis
3332 2526 3390 2578 ²⁰.
3433 2550 3460 2574 ››
3519 2527 3687 2597 Nam,

2032 2631 2063 2664 «
2095 2611 2195 2683 qui
2228 2610 2423 2682 diligit
2453 2628 2568 2680 me,
2601 2612 2879 2666 mandata
2911 2629 3040 2666 mea
3087 2613 3375 2681 servabit;
3409 2619 3466 2669 et
3495 2632 3602 2686 ego
3632 2620 3692 2670 et

2033 2701 2202 2756 Pater
2247 2701 2570 2766 veniemus,
2617 2705 2674 2756 et
2718 2700 3085 2756 mansionem
3135 2703 3289 2774 apud
3337 2719 3472 2759 eum
3517 2705 3690 2760 lacis-

2034 2805 2168 2843 mus
2209 2790 2274 2842 “.
2313 2811 2342 2840 »

2103 2986 2157 3040 9.
2192 2985 2416 3041 Docens
2465 2990 2661 3040 autem
2712 3002 2816 3040 nos
2848 2985 3199 3043 tentationes
3229 3003 3509 3060 generose
3542 2991 3688 3046 ferre

2033 3079 2208 3144 atque
2255 3073 2578 3128 certamina
2626 3091 2639 3130 :
2698 3076 2759 3128 ln
2811 3076 3050 3144 mundo,
3093 3076 3190 3143 ait,
3248 3077 3686 3135 tribulationem

2035 3162 2346 3218 habebitis.
2406 3163 2516 3218 Sed
2580 3185 2608 3214 ‹‹
2639 3163 2938 3229 confidite,
2987 3181 3093 3236 ego
3141 3165 3250 3220 vici
3303 3169 3589 3223 mundum
3621 3170 3686 3222 ³³.

2034 3251 2148 3306 Vos
2196 3256 2394 3305 autem
2448 3251 2588 3306 estis
2637 3251 2738 3323 qui
2787 3253 3197 3324 permansistis
3238 3261 3474 3326 propter
3502 3273 3595 3311 me
3630 3257 3686 3311 in

268 3327 494 3398 νηκότες
554 3325 604 3380 ἐν
649 3330 765 3386 τοῖς
839 3329 1164 3398 πειρασμοῖς
1237 3345 1362 3396 μου,
1416 3323 1565 3398 κάγὼ
1636 3320 1920 3394 διατίθημι

2036 3339 2459 3395 tentationibus
2504 3317 2672 3406 meis,
2724 3317 2805 3395 et-
2840 3359 2946 3414 ego
2995 3317 3253 3414 dispono.
3291 3317 3475 3409 vobis,
3537 3346 3692 3400 sicut

274 3416 420 3488 ὑμῖν,
455 3416 634 3478 καθὼς
669 3411 873 3477 διέθετό
907 3434 1000 3486 μοι
1033 3413 1061 3466 ὁ
1107 3417 1290 3486 Πατήρ
1352 3433 1457 3484 μου
1509 3410 1807 3487 βασιλείαν,
1832 3409 1924 3466 τίνα

270 3501 486 3574 ἐσθίητὲ
539 3525 597 3558 τε
655 3503 744 3557 καὶ
804 3500 1000 3572 πίνητε
1066 3501 1153 3556 ἐπὶ
1226 3504 1324 3568 τῆς
1380 3500 1652 3573 τραπέζης
1714 3521 1840 3572 μου.
1896 3523 1918 3552 ι

267 3598 447 3650 Ταῦτα
479 3591 536 3648 δὲ
563 3591 624 3647 ού
677 3597 803 3646 πᾶσι
853 3590 1018 3666 λέγει,
1052 3589 1196 3645 ἀλλᾶ
1251 3595 1367 3652 τοῖς
1429 3590 1758 3662 ὑπομένουσι
1808 3595 1925 3650 τοῖς

271 3688 622 3757 πειρασμοῖς,
655 3681 745 3735 καὶ
774 3685 891 3742 ταῖς
939 3679 1181 3753 θλίψεσιν
1223 3678 1274 3733 ἐν
1328 3679 1692 3753 μακροθυμίᾳ.
1727 3679 1924 3754 Ἀπερ-

274 3772 515 3849 χόμενος
547 3771 632 3824 ἐπὶ
690 3769 753 3824 τὸ
812 3771 966 3842 ἅγιον
1027 3770 1195 3830 πάθος
1225 3773 1323 3823 τοῦ
1371 3773 1602 3842 σταυροῦ
1634 3769 1661 3822 6
1706 3766 1924 3842 Κύριος,

276 3862 451 3922 οὕτως
510 3857 634 3937 ἔφη’
693 3859 748 3912 Ὀ
808 3856 978 3921 θέλων
1039 3858 1226 3912 ἐσθίειν
1281 3858 1371 3912 καὶ
1454 3857 1624 3912 πίνειν
1686 3856 1772 3911 ἐπὶ
1829 3863 1927 3925 τῆς

277 3950 552 4026 τραπέζης
615 3968 722 4019 μου
758 3990 773 4014 ,
834 3947 1203 4022 συμπορεύσαι
1277 3947 1392 4018 μετ’
1458 3947 1593 4018 ἐμοῦ
1671 3945 1757 4000 ἐπὶ
1836 3945 1924 3999 τὸν

278 4039 530 4114 σταυρόν·
574 4039 816 4091 τουτέστι
863 4039 1190 4111 νεκρωθήτω
1236 4037 1324 4090 καὶ
1373 4035 1530 4097 αὐτὸς
1580 4040 1658 4106 τῷ
1713 4035 1927 4106 κόσμῳ,

280 4129 357 4189 ὡς
391 4127 517 4203 ἐγὼ,
550 4124 638 4180 διὰ
665 4128 761 4194 τῆς
794 4129 899 4180 τῶν
936 4125 1169 4180 ἐντολῶν
1217 4145 1322 4197 μου
1370 4125 1631 4200 πράξεως.
1663 4124 1926 4185 Ἀκούσας

282 4215 342 4271 δὲ
389 4217 417 4270 6
480 4212 784 4276 ἀπόστολος
844 4213 1076 4279 Παῦλος,
1109 4213 1197 4268 καὶ
1249 4213 1481 4286 ἐκκόψας
1538 4213 1700 4268 αύτοῦ
1757 4212 1929 4267 πάντα

278 4312 379 4376 τῆς
441 4305 634 4379 σαρκὸς
707 4305 1047 4380 φρονήματα,
1097 4303 1304 4376 ἐτόλμα
1355 4301 1572 4378 λέγειν·
1637 4329 1663 4352 ι(
1718 4308 1930 4379 Χριστῷ

280 4398 704 4466 συσταυροῦμαι.
763 4397 848 4446 Ζῶ
923 4390 981 4446 δὲ
1037 4391 1216 4447 οὐκέτι
1274 4391 1398 4469 ἐγὼ,
1456 4393 1522 4464 ζῇ
1579 4389 1636 4446 δέ
1694 4391 1745 4446 ἐν
1800 4391 1928 4465 ἐμοὶ

281 4483 592 4557 Χριστός.»
628 4483 723 4536 Καὶ
783 4482 886 4557 γὰρ
944 4480 1024 4558 ἐφ’
1055 4481 1178 4536 ὅσον
1238 4482 1466 4556 σαρκικά
1521 4487 1928 4558 περιπατῶμεν,

280 4571 462 4648 νεκροί
519 4570 676 4643 ἐσμεν
735 4575 852 4632 ταῖς
905 4569 1215 4646 ἁμαρτίαις.
1276 4571 1422 4642 Φησὶ
1479 4571 1604 4647 γάρ.
1639 4597 1665 4623 ‹‹
1710 4572 1777 4629 Οἱ
1833 4576 1930 4626 τοῦ

2033 3427 2329 3500 disposuit
2363 3427 2508 3482 mihi
2555 3432 2727 3483 Pater
2777 3447 2943 3486 meus
2975 3447 3243 3503 regnum,
3279 3439 3342 3487 ut
3370 3434 3691 3489 comedatis

2033 3525 2090 3572 et
2123 3516 2334 3572 bibatis
2364 3533 2540 3588 super
2584 3533 2848 3573 mensam
2903 3536 3092 3575 meam
3125 3523 3188 3576 ’³.
3235 3546 3256 3574 ι
3303 3521 3433 3576 Haec
3492 3530 3688 3578 autem

2033 3624 2147 3662 non
2180 3606 2456 3661 omnibus
2489 3604 2591 3665 ait.
2645 3607 2745 3660 sed
2782 3607 2852 3662 iis
2885 3609 2984 3679 qui
3020 3609 3216 3666 ferunt
3247 3610 3597 3667 tcntationes
3634 3617 3693 3666 et

2035 3712 2330 3750 aerumnas
2379 3711 2513 3750 cum
2563 3695 3021 3766 aequanimitate.
3079 3702 3221 3754 Cum
3277 3700 3574 3756 accederet
3619 3701 3690 3756 ad

2037 3791 2299 3840 sanctam
2353 3783 2690 3856 passionem
2735 3786 2947 3852 crucis,
2982 3785 3067 3841 sic
3108 3788 3191 3843 ait
3241 3805 3253 3843 :
3305 3789 3410 3855 Qui
3444 3789 3566 3845 vult
3595 3806 3693 3845 co-

2039 3874 2270 3928 medere
2327 3879 2383 3928 et
2432 3873 2628 3928 bibere
2677 3891 2856 3946 super
2897 3891 3160 3931 mensam
3218 3893 3430 3944 meam,
3465 3895 3691 3934 mecum

2037 3963 2209 4019 adeat
2240 3978 2497 4028 crucem,
2531 3963 2584 4017 id
2629 3967 2737 4028 est,
2772 3968 3040 4018 mortuus
3070 3971 3127 4019 et
3176 3965 3300 4037 ipse
3343 3968 3421 4022 sit
3475 3969 3698 4023 mundo

2038 4052 2193 4106 sicut
2239 4055 2296 4104 et
2343 4067 2470 4122 ego,
2522 4050 2746 4106 scilicet
2813 4069 2914 4123 per
2963 4055 3372 4110 mandatorum
3431 4073 3695 4112 meorum

2038 4139 2386 4194 custodiam.
2422 4141 2555 4205 Quae
2604 4156 2736 4194 cum
2787 4142 3053 4196 audisset
3105 4142 3322 4199 Paulus
3373 4147 3700 4216 apostolus,

2038 4245 2361 4298 omnesque
2406 4229 2599 4283 carnis
2633 4245 2845 4284 sensus
2876 4231 3246 4298 abscidisset,
3281 4249 3463 4288 ausus
3493 4239 3584 4289 est
3615 4235 3701 4289 di-

2039 4334 2166 4373 cere
2198 4334 2210 4371 :
2248 4337 2273 4366 ι»
2306 4318 2448 4372 Cum
2485 4317 2714 4372 Christo
2747 4320 3060 4374 crucifixus
3109 4322 3262 4375 sum.
3307 4321 3451 4377 Vivo
3481 4328 3702 4392 autem,

2030 4406 2157 4476 jam
2191 4422 2304 4460 non
2337 4421 2442 4477 ego
2474 4404 2616 4460 vivit
2648 4422 2780 4461 vero
2813 4407 2870 4461 in
2907 4425 2997 4462 me
3025 4407 3290 4464 Christus
3314 4409 3378 4463 ".
3406 4431 3433 4460 ο)
3476 4411 3703 4467 Etenim

2039 4495 2301 4567 quandiu
2356 4494 2668 4550 carnaliter
2727 4496 3127 4565 ambulamus,
3211 4499 3424 4555 mortui
3496 4517 3707 4557 sumus

2042 4589 2280 4656 propter
2312 4588 2565 4656 peccata.
2617 4585 2712 4638 Ait
2757 4585 2913 4640 enim
2945 4603 2958 4641 :
2993 4586 3099 4652 Qui
3151 4585 3364 4643 Christi
3402 4593 3544 4643 sunt
3579 4605 3706 4644 car-

281 4662 520 4735 Χριστοῦ
549 4661 646 4727 τήν
701 4660 870 4734 σάρκα
931 4658 1268 4735 ἐσταύρωσαν
1324 4660 1415 4714 σὺν
1480 4667 1597 4722 τοῖς
1645 4663 1920 4735 παθήμασι

359 4748 372 4763 Ω
501 4754 524 4764 υ
617 4747 630 4765 ῒ
705 4749 730 4765 Λ
823 4746 834 4765 Ι
1075 4749 1116 4765 11
1160 4747 1174 4765 \
1265 4748 1286 4765 ὶ-
1545 4761 1558 4765 Α
1589 4751 1598 4765 Ι

2047 4691 2178 4728 nem
2213 4673 2630 4728 crucilixerunt
2661 4689 2794 4728 cum
2831 4675 2964 4730 vitis
2993 4680 3051 4730 et
3086 4676 3576 4748 concupiscentiis
3607 4679 3708 4734 ³⁸.»

1921 4749 1934 4767 κ

282 4748 376 4804 καὶ
431 4754 552 4804 ταῖς
613 4746 941 4820 ἐπιθυμίαις.
1003 4771 1022 4798 ι
1074 4747 1175 4803 Καὶ
1237 4748 1286 4802 εἴ
1333 4751 1789 4823 συναποθάνομεν,
1847 4749 1936 4805 καὶ

287 4839 631 4910 συζήσομεν.
696 4837 752 4890 E'.
827 4835 1210 4908 ὑπομένομεν,
1268 4838 1357 4891 καὶ
1433 4833 1936 4911 συμϐασιλεύσομεν

290 4926 456 4997 αὐτῷ·
515 4925 560 4980 εἰ
605 4924 932 5002 ἀρνούμεθα,
978 4925 1222 4986 κάκεῖνος
1281 4926 1566 4998 ἀρνήσεται
1621 4929 1788 5001 ἡμᾶς.
1843 4929 1938 4989 Τίς

290 5013 385 5069 οὖν
445 5015 584 5070 ἐστιν
631 5015 659 5068 6
691 5013 1083 5089 ἀρνούμενοςῆ
1112 5015 1140 5068 6
1187 5015 1322 5069 κατά
1365 5017 1460 5076 τὰς
1512 5016 1796 5088 ἐπιθυμίας
1843 5025 1942 5087 τῆς

290 5104 489 5178 σαρκὸς
536 5108 885 5179 περιπατῶν;
921 5103 1092 5166 Οὗτος
1139 5103 1241 5180 γάρ
1274 5103 1412 5158 ἐστιν
1451 5105 1478 5158 6
1523 5101 1814 5180 ἐνυϐρίζων
1863 5112 1942 5178 τῷ

292 5193 654 5268 βαπτίσματι.
691 5194 790 5248 Καὶ
847 5191 932 5253 τίς
983 5191 1121 5246 ἐστιν
1171 5194 1198 5247 6
1247 5194 1322 5266 μή
1359 5188 1631 5269 ἐνυϐρίσας
1685 5195 1734 5265 ἐξ
1781 5199 1941 5268 ἡμῶν

285 5281 352 5336 τὸ
413 5281 692 5356 βαπτισμα
740 5279 828 5335 διὰ
880 5281 946 5334 τα
991 5285 1087 5334 τοῦ
1135 5287 1380 5358 πονηροῦ
1426 5283 1651 5339 ποικίλα
1687 5289 1944 5360 μηχανή-

290 5388 468 5443 ματα;
504 5368 682 5425 Ἀλλὰ
711 5367 799 5424 διὰ
828 5371 926 5438 τήν
972 5369 1191 5439 πολλὴν
1243 5371 1458 5446 ἀγάπην
1507 5372 1692 5443 αὐτοῦ,
1726 5376 1786 5444 ἦν
1816 5377 1949 5452 ἠγά-

283 5479 457 5530 πησεν
490 5460 700 5534 ἡμᾶςὸ
760 5457 956 5531 Κύριος
1013 5459 1175 5532 ἡμῶν
1233 5461 1443 5531 Ἰησοῦς
1505 5463 1756 5539 Χριστὸς,
1817 5461 1947 5520 ἔδω-

369 5675 412 5710 ¹⁹
443 5674 582 5731 Luc.
615 5690 719 5741 xu,
748 5674 960 5746 32,33.
1039 5675 1084 5716 ³ο
1111 5674 1281 5732 Joan.
1313 5693 1428 5746 XIV,
1459 5677 1550 5732 27.

290 5760 360 5813 ιι,
395 5746 483 5814 19,
512 5746 604 5802 29.
681 5747 727 5781 ⁸⁸
755 5744 948 5802 Galat.
982 5761 1034 5812 ν,
1067 5747 1156 5802 24.

622 5873 888 5934 Paeon.
937 5873 1050 5933 Gn.
1098 5873 1375 5946 XXVIII.

1628 5679 1669 5715 ιι
1705 5681 1846 5739 ibid.
1883 5683 1971 5754 15,
1999 5683 2091 5739 23.

2048 4763 2110 4818 Si
2145 4781 2260 4818 una
2292 4763 2600 4830 morimur,
2635 4780 2752 4819 una
2781 4764 3062 4821 vivemus.
3095 4765 3153 4820 Si
3186 4764 3574 4834 sustinemus,
3597 4785 3713 4824 una

2049 4868 2182 4906 cum
2235 4851 2360 4921 ipso
2421 4852 2852 4922 regnabimus;
2905 4854 2994 4908 sin
3047 4856 3431 4926 abnegamus,
3483 4861 3541 4912 et
3588 4857 3714 4928 ipse

2051 4940 2366 5010 abnegabit
2395 4957 2522 4995 nos.
2557 4941 2698 5004 Quis
2748 4941 2945 5013 itaque
2993 4946 3082 4998 est
3131 4944 3229 5014 qui
3280 4944 3548 5016 abnegat,
3601 4943 3714 5000 nisi

2051 5027 2153 5099 qui
2212 5029 2536 5083 secundum
2599 5029 2793 5084 carnis
2839 5031 3349 5102 concupiscentiae
3397 5032 3718 5089 ambulat?

2057 5119 2186 5188 [pse
2217 5133 2472 5186 namque
2523 5124 2611 5172 est
2658 5118 2757 5189 qui
2809 5120 3227 5175 contumeliam
3280 5121 3455 5176 infert
3497 5123 3718 5194 baptis-

2054 5204 2250 5260 smati.
2285 5205 2496 5277 Ecquis
2527 5222 2596 5260 ex
2644 5208 2815 5262 nobis
2859 5215 2948 5262 est
2995 5208 3093 5279 qui
3147 5226 3263 5263 non
3296 5211 3717 5266 contumeliam

2055 5294 2268 5349 inferat
2289 5295 2653 5366 baptismati,
2678 5298 2750 5350 ob
2783 5295 2940 5350 varia
2971 5296 3212 5369 maligni
3243 5297 3404 5353 illius
3434 5299 3724 5355 artiﬁcia?

2055 5383 2167 5438 Sed
2204 5388 2439 5454 propter
2469 5382 2711 5438 nimiam
2741 5384 3082 5442 charitatem
3115 5402 3307 5453 suam,
3351 5403 3470 5458 qua
3519 5387 3722 5443 dilexit

2059 5487 2168 5526 nos
2198 5471 2485 5528 Dominus
2515 5478 2714 5528 noster
2752 5473 2928 5529 Jesus
2986 5475 3275 5542 Christus,
3332 5475 3494 5531 dedit
3548 5476 3720 5532 nobis

2168 5685 2214 5720 ³³
2242 5685 2413 5743 Joan.
2446 5703 2562 5756 xvx,
2595 5687 2684 5744 33.
2761 5688 2809 5722 ³³
2842 5687 2981 5744 Luc.
3013 5704 3154 5758 χχιι,
3185 5689 3384 5748 28-30.
3435 5692 3484 5728 ἰ
3528 5690 3718 5749 Galat.

3321 5893 3399 5952 45
