4104 6374
313 398 457 460 1421

1496 389 1889 453 DOC'I‘RINA
1939 391 2041 449 AD
2091 388 2535 449 MONACHUS.

3566 399 3723 482 1422

999 589 1128 640 'l‘Ul‘
1168 587 1251 640 EN
1295 583 1521 638 ΑΙΊΟΙΣ
1567 581 1833 634 ΠΑΤΡοΣ
1878 582 1956 631 Hb

2117 583 2294 629 ΔΘΑΝ
2309 582 2510 637 ΑΣΙΩΥ
2549 578 2676 630 ΤοΓ
2714 582 3034 631 ΜΕΙἌΛΟΥ

1248 694 1575 752 Διδασκαλία
1603 693 1740 769 πρὸς
1776 691 2052 768 μοναχοὺς
2084 692 2374 766 πραοτέρα,
2406 695 2769 766 πνευματική.

1211 949 1464 1006 SANC'I‘I

1526 945 1780 1001 PATRIS
1832 945 2092 1000 NOSTRI
2149 944 2530 1001 ATHANASII
2591 946 2820 1004 MAGNI

1297 1074 1554 1129 Doctrina
1585 1070 1657 1127 ad
1684 1072 1997 1138 monachos,
2033 1070 2193 1136 lenis,
2224 1074 2386 1141 atque
2414 1073 2746 1143 spiritantia.

377 1359 480 1418 Τὸν
543 1357 862 1414 πιστεύοντα
921 1364 999 1431 τῷ
1056 1358 1256 1434 Κυρίῳ,
1317 1356 1404 1411 καὶ
1462 1353 1757 1431 προσιόντα
1835 1354 2042 1426 ἓαυ-Α

307 1453 408 1520 τῷ,
482 1448 572 1502 καὶ
650 1447 736 1502 ἐπὶ
811 1449 1020 1504 τέλειον
1123 1449 1198 1509 είς
1278 1444 1592 1520 μαθητείαν,
1676 1443 1957 1516 μανθάνειν

314 1534 393 1591 δεῖ
488 1538 750 1612 πρότερον
839 1537 1157 1616 ἀφίστασθαι
1252 1536 1448 1595 παντὸς
1542 1534 1956 1607 ἁμαρτήματοςο

310 1624 488 1680 ἔπειτα
522 1624 578 1680 δὲ
607 1627 697 1680 καὶ
729 1624 1061 1703 ἀφέλκοντας
1097 1629 1205 1699 (‘20)
1237 1631 1352 1686 τοῖς
1401 1621 1776 1700 ὀφειλομένοις
1824 1621 1958 1675 κατὰ

307 1713 552 1776 πολλοὺς
636 1714 838 1790 λόγους
917 1715 1159 1770 εὐπαθεῖν
1231 1719 1309 1786 τῷ
1374 1712 1559 1786 Κυρίῳ
1617 1714 1800 1783 ἡμῶν,
1859 1710 1955 1764 κᾶν

307 1802 734 1880 ἀλογοσρανειρος
795 1807 929 1858 εἶναι
989 1802 1134 1858 δοκῶ
1195 1826 1300 1858 σοι.
1365 1799 1648 1859 Ἀδύνατον
1708 1800 1809 1874 γὰρ
1867 1800 1958 1854 τὸν

306 1892 565 1967 ἁμαρτίαν
669 1898 929 1948 ποιοῦντα
964 1941 978 1957 ,
1055 1895 1088 1961 ἢ
1176 1891 1588 1965 ἐμπλεκόμενον
1665 1895 1783 1950 ταῖς
1859 1885 1956 1941 τοῖ’)

307 1981 428 2057 βίου
474 1981 869 2058 πραγματείαις
916 1982 950 2050 ἢ
998 1982 1266 2059 φροντίσι,
1327 1977 1510 2034 δοῦναι
1561 1977 1720 2032 αὐτὸν
1751 1976 1820 2050 τῇ
1846 1980 1953 2030 τῶν

303 2070 437 2143 πρὸς
487 2071 549 2124 τὸ
613 2074 707 2143 ζῇν
769 2069 1069 2144 ἀναγκαίων
1127 2067 1433 2132 δουλούσει,
1495 2067 1602 2142 οὐχ
1651 2065 1734 2120 ὅτι
1780 2067 1954 2137 μαθη-

1252 1536 1448 1595 παντὸς

299 2161 552 2228 τευθῆναι
638 2163 716 2230 τῷ
797 2159 1004 2234 Κυρίῳ’
1092 2158 1152 2212 ού
1239 2158 1499 2232 πρότερον
1585 2155 1788 2209 εἰπόντι
1876 2157 1954 2223 τῷ

301 2247 578 2318 νεανίσκῳ,
613 2272 640 2298 ‹‹
668 2252 832 2321 Δεῦρο
867 2247 1148 2309 ἀκολούθει
1188 2269 1301 2319 μοι,
1338 2274 1355 2296 ι
1393 2244 1495 2306 ἓως
1532 2244 1587 2298 ἂν
1622 2241 1951 2298 ἐντείλασθαι

302 2336 557 2405 πωλῆσαι
589 2337 654 2391 τὰ
688 2337 1001 2412 ὑπάρχοντα
1033 2338 1120 2390 καὶ
1157 2335 1338 2390 δοῦναι
1372 2339 1604 2408 πτωχιῖγ
1657 2331 1803 2386 ἀλλὰ
1859 2331 1950 2385 οὖ-

304 2423 359 2479 δὶ
391 2427 451 2479 τὸ
479 2430 644 2479 τοῦτο
677 2426 988 2500 προσέταξε,
1038 2426 1162 2500 πρὶν
1217 2422 1564 2497 ὁμολογῆσαι
1627 2421 1807 2489 αὐτὸν,
1867 2419 1950 2474 ὅτι

307 2540 327 2564 ι
367 2516 541 2568 Πάντα
573 2518 736 2567 ταῦτα
769 2513 1115 2591 ἐφυλαξάμην
1153 2513 1209 2567 ἐκ
1252 2512 1502 2578 νεότητός
1541 2532 1664 2583 μου.
1704 2534 1730 2559 ››
1762 2510 1818 2561 Ὀ
1847 2509 1946 2583 γὰρ

305 2605 516 2674 μήποτε
565 2597 746 2656 λαϐὼν
803 2603 900 2670 τήν
964 2603 1143 2680 {issam
1177 2607 1281 2657 τῶν
1318 2603 1594 2674 ἁμαρτιῶν
1651 2598 1740 2652 καὶ
1788 2618 1947 2651 κατα-

302 2691 478 2753 λυθεὶς
531 2691 635 2745 ἀπὸ
682 2691 887 2745 τούτων
932 2690 981 2745 ἐν
1033 2691 1110 2763 τῷ
1156 2689 1358 2764 α’ίμαυα
1406 2694 1501 2744 τοῦ
1552 2687 1750 2761 Κυρίου
1783 2689 1944 2758 ἡμῶν

303 2779 480 2849 Ἰησοῦ
530 2785 781 2854 Χριστοῦ,
844 2777 1115 2835 δουλεύων
1166 2778 1221 2834 δὲ
1263 2781 1342 2852 τῷ
1393 2774 1637 2849 διαϐόλῳ
1669 2777 1756 2830 καὶ
1813 2796 1942 2850 κρα-
1977 2763 2023 2828 Β

300 2869 564 2942 τούμενος
596 2870 698 2924 ὑπὸ
728 2876 825 2938 τῆς
869 2868 920 2924 ἐν
967 2868 1112 2941 αύτῴ
1174 2869 1457 2942 ἁμαρτίας,
1511 2865 1784 2927 ἀδυνάτως
1834 2861 1949 2940 ἔχει

307 2957 594 3021 θονυλεῦσαι
648 2957 726 3030 τῷ
760 2957 938 3032 Κυρίῳ
967 2963 1045 3029 τῷ
1073 2953 1415 3034 ἀπαράϐατον
1464 2956 1726 3034 ἀπόφασιν
1779 2951 1951 3008 δεδω-

309 3047 426 3102 κότι
457 3048 519 3101 τὸ
551 3047 747 3101 εἰπεῖν·
783 3073 807 3098 ι(
843 3053 951 3108 Πᾶς
981 3047 1008 3100 6
1037 3053 1206 3101 ποιῶν
1256 3048 1353 3115 τήν
1410 3045 1693 3119 ἁμαρτίαν,
1754 3040 1952 3103 δοῦλός

305 3136 414 3190 ἐστι
446 3139 543 3204 τῆς
596 3134 880 3210 ἁμαρτίας.
936 3137 991 3188 Ὀ
1022 3133 1078 3190 δὲ
1123 3132 1318 3196 δοῦλος
1352 3134 1412 3189 οὐ
1449 3135 1594 3206 μένει
1626 3133 1674 3186 ἐν
1707 3135 1775 3206 τῇ
1807 3131 1952 3202 οἰκίᾳ

307 3225 386 3286 είς
416 3227 506 3279 τὸν
543 3225 728 3280 αἰῶνα.
768 3251 792 3274 ››
851 3231 1122 3300 Μαρτυρεῖ
1166 3225 1251 3278 καὶ
1306 3226 1333 3279 ὁ
1381 3223 1430 3278 ἐν
1492 3226 1706 3295 Χριστῷ
1762 3218 1948 3274 λαλῶν

307 3314 545 3385 Παῦλος,
607 3314 688 3368 δτι
747 3339 772 3364 ‹‹
835 3315 862 3368 ὁ
922 3312 1117 3375 δοῦλος
1175 3320 1273 3382 τῆς
1332 3312 1617 3385 ἁμαρτίας,
1670 3308 1950 3382 ἐλεύθερός

307 3404 444 3458 ἐστιν
502 3404 607 3458 ἀπὸ
658 3410 756 3472 τῆς
813 3400 1178 3472 δικαιοσύνης.
1245 3428 1269 3452 ››
1334 3403 1428 3456 Καὶ
1479 3401 1640 3456 πάλιν
1677 3401 1703 3454 6
1737 3398 1949 3471 Κύριοςο

304 3519 331 3543 ‹‹
367 3491 553 3554 Οὐδεὶς
612 3489 828 3546 δύναται
889 3489 1006 3545 δυσὶ
1066 3490 1273 3565 κυρίοις
1329 3488 1628 3556 δουλεύειν,
1687 3514 1711 3537 ››
1760 3486 1954 3542 καὶτὰ

303 3582 446 3651 ἑξῆς·
483 3579 552 3634 δι’
581 3583 654 3634 ὧν
716 3578 941 3651 ἐδίδαξε,
1001 3581 1087 3634 καὶ
1150 3578 1339 3650 ἔδειξεν
1397 3578 1706 3655 ὁριστίζων,
1755 3576 1842 3630 καὶ
1876 3574 1950 3629 εἷ-

298 3671 436 3742 πὼν,
469 3670 550 3723 ὅτι
585 3667 707 3724 οίῖτε
755 3671 805 3724 οἱ
853 3669 972 3742 περὶ
1026 3671 1124 3737 τήν
1177 3664 1343 3730 ὅντως
1394 3667 1684 3742 ἀναγκαίαν
1725 3670 1822 3720 τοῦ
1856 3669 1949 3737 ζῇν

305 3759 570 3832 μέριμναν
603 3757 939 3833 ἐνεχόμενοι,
972 3755 1247 3811 δουλεύειν
1310 3753 1583 3825 δύνανται,
1644 3753 1771 3830 ούχὶ
1827 3751 1954 3808 τόδε

304 3848 646 3920 μαθητεύειν,
679 3847 707 3902 ὅ
740 3869 789 3900 τι
821 3845 1010 3918 ἔμαθεν
1049 3843 1383 3906 Ἀπόστολος
1433 3842 1766 3918 πλατύτερον
1819 3853 1952 3905 θεωο

307 3939 496 4013 ρήσας·
535 3939 649 3990 εἷπε
680 3936 801 4011 γάρ’
831 3959 856 3986 «ι
887 3934 977 3995 Τίς
1031 3937 1241 4010 μετοχὴ
1291 3931 1637 4002 δικαιοσύνης
1681 3931 1769 3984 καὶ
1830 3929 1953 3984 ἀνο-

311 4024 457 4099 μίας,
490 4025 578 4079 καὶ
608 4024 692 4086 τίς
723 4022 975 4078 κοινωνία
1007 4023 1144 4100 φωτὶ
1176 4023 1311 4096 πρὸς
1340 4021 1556 4090 σκότος,
1588 4019 1670 4081 τίς
1721 4016 1777 4072 δὲ
1809 4018 1953 4089 σύμ-

2142 1355 2248 1419 Qui
2303 1358 2543 1413 Domino
2594 1359 2797 1426 credit,
2831 1365 2888 1415 et
2945 1362 3000 1416 in
3061 1378 3189 1417 sese
3248 1363 3625 1427 convertitur,
3659 1379 3726 1419 ac

2073 1444 2322 1514 perfecte
2364 1445 2435 1499 ad
2486 1445 2858 1518 disciplinam
2909 1465 3032 1504 sese
3077 1451 3280 1516 tradit,
3315 1451 3504 1506 discat
3551 1467 3724 1522 opor—

2069 1537 2168 1598 tet,
2201 1549 2330 1588 esse
2372 1533 2626 1604 primum
2659 1536 2732 1590 ab
2763 1538 2922 1591 omni
2977 1545 3210 1608 peccato
3259 1540 3720 1595 abscedendum.

2069 1619 2287 1676 Deinde
2345 1639 2474 1676 sese
2531 1624 2830 1694 portrahat
2887 1627 2957 1679 ad
3016 1627 3213 1681 debita
3271 1628 3485 1694 ol'licia,
3541 1629 3720 1699 probe

2069 1710 2309 1765 affectus
2340 1727 2477 1783 erga
2520 1713 2833 1769 Dominum
2885 1721 3174 1770 nostrum.
3211 1718 3447 1772 Etiamsi
3482 1717 3603 1771 haec
3634 1716 3716 1772 lo-

2068 1802 2318 1868 quando,
2354 1801 2648 1857 absurdus
2694 1802 2797 1857 tibi
2851 1805 3097 1860 fortasse
3145 1805 3342 1860 videar
3389 1821 3537 1862 esse.
3570 1807 3716 1861 Nam

2069 1887 2191 1941 ﬁeri
2223 1889 2430 1960 nequit
2477 1907 2611 1946 eum
2644 1892 2744 1962 qui
2781 1897 3081 1963 peccatum
3132 1894 3416 1958 admittit,
3451 1894 3715 1965 implica-

2066 1979 2281 2048 turque
2313 1978 2560 2048 hujusce
2610 1980 2736 2035 vitas
2791 1982 3060 2054 negotiis,
3093 1998 3159 2038 ac
3189 1982 3714 2050 sollicitudinibus,

2067 2066 2329 2121 servituti
2362 2083 2564 2123 earum
2599 2086 2793 2125 rerum
2829 2087 2956 2141 qua:
2985 2072 3055 2126 ad
3081 2071 3258 2127 vitam
3288 2077 3426 2127 sunt
3457 2088 3724 2126 necessa-

2066 2155 2162 2208 ria:
2205 2171 2332 2210 sese
2384 2158 2633 2227 tradere,
2667 2166 2769 2213 aut
2817 2159 3190 2230 disciplinam
3241 2160 3440 2216 subire
3465 2161 3716 2227 Christi;

2064 2244 2161 2314 qui
2213 2261 2326 2298 non
2379 2253 2511 2300 ante
2540 2247 2894 2302 adolescenti
2949 2248 3030 2302 illi
3081 2250 3227 2302 dixit
3259 2265 3272 2303 :
3307 2250 3458 2305 525
3488 2272 3514 2297 ‹‹
3549 2249 3714 2313 Veni,

2062 2349 2304 2403 sequere
2337 2351 2428 2387 me
2448 2336 2513 2401 ",
2540 2357 2566 2382 »
2591 2352 2765 2405 quam
2802 2337 3170 2408 praecepisset
3200 2337 3306 2404 illi,
3333 2344 3395 2391 ut
3415 2355 3554 2392 suas
3581 2354 3713 2391 ven-

2059 2422 2223 2475 deret
2256 2424 2679 2494 possessiones,
2713 2426 2993 2496 daretque
3033 2427 3388 2497 pauperibus
3423 2443 3435 2480 :
3471 2427 3569 2480 sed
3607 2443 3713 2480 ne-

2059 2527 2172 2581 que
2206 2513 2366 2582 prius
2387 2513 2736 2583 istajussit,
2761 2530 2937 2585 quam
2972 2513 3068 2568 ille
3100 2515 3405 2568 confessus
3435 2519 3589 2571 esset
3619 2516 3708 2567 di-

2057 2607 2240 2657 cendo
2270 2621 2318 2657 :u
2345 2603 2473 2659 Haec
2505 2606 2702 2659 omnia
2734 2605 3019 2660 custodivi
3053 2607 3418 2675 ajuventute
3453 2623 3581 2660 mea
3604 2606 3703 2660 ".-

2058 2692 2282 2746 Etenim
2310 2693 2405 2762 qui
2437 2694 2838 2748 remissionem
2866 2700 3232 2759 peccatorum
3261 2695 3518 2749 nondum
3549 2711 3704 2749 acce-

2060 2780 2162 2851 pit,
2193 2797 2379 2853 neque
2411 2800 2443 2837 a
2472 2782 2700 2837 delictis
2731 2782 3036 2839 absolutus
3085 2781 3193 2838 fuit
3222 2799 3325 2856 per
3354 2785 3702 2855 sanguinem

2061 2868 2290 2924 Domini
2315 2872 2495 2927 nostri
2516 2872 2655 2926 Jesu
2681 2871 2925 2938 Christi;
2959 2872 3060 2927 sed
3086 2871 3316 2928 diabolo
3338 2872 3706 2943 obsequitur,

2062 2963 2235 3029 atque
2270 2959 2520 3029 peccatis
2553 2960 2676 3031 ipse
2707 2961 2830 3015 suis
2859 2965 3067 3032 captus
3098 2961 3428 3028 detinetur;
3462 2960 3711 3015 nullate-

2063 3065 2172 3100 nus
2207 3054 2396 3117 potest
2427 3052 2640 3104 servire
2667 3049 3037 3120 Domino,qui
3061 3067 3363 3120 nunquam
3388 3055 3714 3105 controver-

2061 3140 2295 3191 tendam
2333 3137 2578 3209 protulit
2607 3138 2958 3194 sententiam
2992 3155 3125 3193 cum
3157 3139 3302 3193 dixit
3336 3157 3347 3193 :
3381 3158 3402 3186 ε
3437 3138 3714 3209 Quisquis

2063 3233 2365 3298 peccatum
2419 3227 2574 3293 facit,
2604 3244 2806 3282 servus
2837 3233 2928 3281 est
2971 3227 3212 3297 peccati.
3247 3228 3461 3282 Servus
3514 3232 3710 3282 autem

2064 3333 2175 3370 non
2213 3321 2411 3369 manet
2445 3315 2499 3368 in
2524 3316 2696 3368 domo
2731 3316 2787 3369 in
2823 3315 3102 3370 saeculum
3127 3316 3191 3370 ³ο.
3222 3338 3248 3364 ι»
3270 3316 3541 3370 Testatur
3570 3314 3711 3370 item

2061 3405 2161 3474 qui
2189 3407 2243 3458 in
2269 3404 2496 3458 Christo
2523 3405 2780 3472 loquitur
2802 3403 3021 3458 Paulus
3044 3420 3090 3456 ια
3117 3405 3221 3469 Qui
3250 3420 3450 3460 servus
3473 3409 3559 3458 est
3588 3421 3714 3475 pec-

2062 3494 2195 3558 cati,
2228 3493 2371 3547 liher
2423 3499 2512 3546 est
2543 3509 2576 3546 a
2609 3494 2952 3560 iustitiast.»
2984 3497 3054 3547 Ac
3089 3510 3322 3547 rursum
3375 3493 3660 3547 Dominus
3695 3508 3706 3546 :

2063 3607 2087 3633 «ι
2106 3583 2284 3638 Nemo
2306 3588 2493 3654 potest
2513 3583 2742 3636 duobus
2767 3582 3022 3636 dominis
3041 3582 3256 3636 servire
3273 3583 3380 3636 “:-
3405 3587 3461 3636 et
3483 3588 3708 3647 caetera,

2063 3675 2278 3745 quibus
2313 3672 2510 3727 docuit
2553 3671 2864 3742 palamque
2894 3672 3169 3738 ostendit,
3203 3687 3274 3725 ne
3305 3672 3435 3725 illos
3467 3671 3708 3741 quidem

2063 3763 2162 3834 qui
2197 3777 2389 3817 rerum
2415 3761 2484 3815 ad
2513 3759 2691 3814 vitam
2723 3760 3186 3814 necessariarum
3211 3759 3604 3814 sollicitudine
3637 3764 3715 3813 te-

2063 3857 2296 3920 nentur,
2326 3865 2496 3922 posse
2527 3850 2638 3920 ipsi
2669 3849 2906 3919 servire,
2933 3865 3120 3919 neque
3151 3849 3207 3902 id
3240 3849 3520 3916 ediscere,
3543 3849 3715 3918 cujus

2067 3940 2372 4011 Apostolus
2405 3938 2870 3993 consideratione
2909 3955 3036 4001 sua,
3069 3937 3413 4007 ampliorem
3448 3937 3714 3992 notitiam

2063 4035 2153 4084 est
2181 4033 2486 4083 assecutus
2520 4044 2532 4082 :
2569 4026 2649 4080 ait
2679 4027 2835 4080 enim
2872 4043 2937 4080 :«
2973 4030 3106 4090 Qua:
3142 4026 3507 4098 participatio
3539 4027 3717 4097 justi-

305 4115 550 4193 φώνησις
607 4116 839 4189 Χριστοῦ
879 4111 1012 4188 πρδς
1065 4108 1299 4179 Βελίαδ;
1357 4111 1391 4179 ἢ
1440 4110 1522 4172 τίς
1576 4109 1729 4184 μερὶς
1778 4105 1954 4179 πιστῷ

2067 4119 2156 4176 tiae
2187 4134 2319 4171 cum
2355 4116 2686 4186 iniquitate,
2709 4120 2765 4169 et
2797 4131 2922 4184 quae
2954 4115 3413 4169 communicatio
3443 4114 3557 4170 luci
3581 4130 3716 4169 cum

310 4205 447 4276 μετά
474 4203 723 4272 ἀπίστου,
757 4203 837 4264 τίς
898 4199 954 4255 δὲ
1002 4200 1384 4276 συγκατάθεσις
1443 4203 1552 4270 ναῷ
1615 4198 1747 4270 μετά
1795 4194 1952 4250 εἰδώ-

307 4290 448 4360 λου;
488 4316 514 4342 »ο
570 4291 666 4346 Καὶ
712 4289 876 4346 πάλιν
909 4289 1185 4360 όριστίζει·
1224 4313 1250 4339 ‹‹
1283 4289 1347 4344 Ἡ
1380 4287 1506 4363 σὰρξ
1539 4286 1793 4358 ἰπιθυμεῖ
1821 4285 1955 4339 κατὰ

279 4383 402 4434 -τοῦ
459 4379 788 4452 πνεύματος,
860 4378 924 4432 τὸ
996 4374 1052 4431 δὲ
1127 4381 1336 4450 πνεῦμα
1389 4377 1524 4430 κατᾶ
1578 4377 1676 4443 τῆς
1735 4371 1955 4448 σαρκός,

311 4472 480 4522 ταῦτα
513 4464 570 4522 δὲ
600 4465 925 4522 ἀντίκεινται
957 4464 1256 4536 ἀλλήλοις,
1299 4463 1391 4520 ἵνα
1439 4464 1515 4536 μὴ
1569 4462 1599 4517 ἃ
1644 4463 1702 4516 ἂν
1763 4461 1958 4531 θέλητε

306 4554 476 4612 ταῦτα
504 4564 716 4625 ποιῆτε.
756 4581 783 4607 ››
834 4561 1113 4624 Ῥυσθῆναι
1165 4552 1246 4610 δεῖ
1272 4555 1538 4630 πρότερον
1569 4556 1666 4607 τοῦ
1723 4550 1955 4606 καταδυ-

306 4649 499 4700 ναστοῦ
529 4650 624 4699 τοῦ
669 4640 932 4700 διαϐόλου
982 4643 1264 4718 ἐνάγοντος
1314 4642 1399 4697 ἐπὶ
1441 4642 1540 4711 τὴν
1576 4641 1840 4717 ἁμαρτίαν
1867 4640 1957 4695 τὸν

312 4735 403 4789 ὑπ’
455 4734 623 4805 αὐτῆς
681 4733 1068 4809 κρατούμενον.
1130 4738 1345 4810 Ειραμεν
1411 4729 1699 4804 βούλεσθαι
1753 4727 1809 4784 δὲ
1859 4731 1961 4805 ἄρα

309 4823 400 4878 καὶ
431 4823 563 4878 πότε
595 4821 1043 4897 ἀπαρνησάμενον
1076 4820 1249 4875 πάντα
1278 4821 1344 4873 τά
1399 4819 1638 4894 παρόντα
1685 4819 1776 4873 καὶ
1838 4819 1959 4873 ἑαυ-

309 4915 419 4984 τὸν,
496 4920 595 4982 τῆς
673 4910 730 4967 δὶ
783 4911 1145 4988 προσπαοείας
1219 4913 1315 4962 τοῦ
1377 4911 1469 4981 ζῇν
1530 4908 1962 4982 ἀναχωρήσαντα

316 5003 712 5075 μαθητευθῆναι
762 5005 841 5073 τῷ
894 5000 1092 5076 Κυρίῳ,
1144 4998 1278 5061 καθὸ
1326 4995 1486 5058 αὐτὸς
1539 4995 1773 5068 εἴρηκεν·
1839 5020 1866 5047 ‹‹
1901 4994 1970 5052 Εἴ

309 5111 392 5153 τις
426 5089 699 5146 ἐλεύσεται
733 5091 867 5164 πρὸς
906 5089 990 5162 με,
1027 5086 1424 5162 ἀπαρνησάσθω
1457 5084 1640 5150 αὐτὸν,
1691 5084 1778 5137 καὶ
1830 5084 1960 5159 ἀρά-

306 5199 388 5234 τω
419 5181 507 5234 τὸν
543 5180 765 5255 σταυρὸν
800 5178 1078 5244 α·3τοῦ,καὶ
1110 5174 1477 5238 ἀκολουθείτω
1514 5194 1665 5246 μοι,››
1689 5173 1820 5248 ὅπερ
1853 5172 1961 5227 ἐστὶ

312 5270 563 5341 μαθητής
623 5289 727 5341 μου
761 5268 1002 5323 ἐνταῦθα.
1038 5266 1109 5320 Οὐ
1149 5266 1312 5339 μόνον
1347 5262 1404 5318 δὲ
1432 5269 1537 5318 τῶν
1577 5261 1964 5338 ὑπαρχόντων,

307 5358 399 5412 καὶ
431 5361 539 5412 τῶν
596 5358 732 5432 πρὸς
783 5357 842 5410 τὸ
905 5357 998 5428 ζῇν
1057 5355 1364 5430 ἀναγκαίων
1413 5358 1761 5430 καταφρονεῖν
1794 5371 1962 5426 προσ-

668 5530 844 5636 ἰιι

314 5618 396 5674 vx,
430 5603 623 5658 11-16.
697 5597 744 5636 ⁸³
773 5597 898 5658 Gal.
930 5614 986 5668 ν,
1020 5599 1107 5654 17.

394 5729 505 5803 (26)
536 5729 725 5787 Locus
753 5725 1020 5784 vitiosus.

923 5528 970 5562 ³⁸
1000 5526 1141 5582 Luc.
1174 5542 1336 5590 xvm,
1367 5525 1458 5581 21.

1184 5597 1229 5632 ³⁸
1260 5596 1468 5655 Matth.
1501 5613 1617 5664 xvx,
1647 5598 1738 5652 24.

1533 5525 1582 5559 ³ο
1611 5524 1780 5581 Joan.
1815 5541 1939 5595 vm,
1979 5525 2068 5598 34,
2100 5525 2189 5580 35.

2067 4207 2343 4271 tenebris,
2368 4206 2504 4276 quis
2551 4220 2870 4258 consensus
2901 4204 3114 4258 Christi
3158 4220 3293 4257 cum
3330 4202 3546 4258 Belial?
3577 4204 3716 4267 Quae

2067 4296 2253 4366 portio
2309 4292 2500 4348 lidelis
2530 4308 2663 4346 cum
2697 4291 2960 4345 inﬁdeli?
2991 4307 3117 4361 quas
3149 4291 3462 4346 concordia
3511 4289 3716 4362 templi

2065 4401 2198 4439 cum
2229 4381 2384 4437 idolo
2405 4383 2474 4416 ³²⁰
2494 4381 2521 4436 ‘7
2545 4403 2571 4431 »
2600 4381 2974 4450 Rursumque
3008 4381 3086 4434 ita
3131 4380 3472 4451 pronuntiat
3495 4397 3544 4435 ;‹‹
3578 4380 3724 4435 Caro

2067 4472 2428 4543 concupiscit
2457 4471 2737 4526 adversus
2769 4467 3139 4539 spiritum,et
3162 4469 3406 4539 spiritus
3438 4469 3722 4523 adversus

2069 4577 2332 4625 carnem;
2369 4560 2489 4615 haec
2519 4559 2674 4614 enim
2728 4558 2839 4612 sibi
2891 4558 3300 4625 adversantur,
3333 4563 3400 4612 ut
3446 4574 3560 4611 non
3595 4574 3722 4628 quas

2069 4649 2368 4707 volueritis
2418 4647 2729 4703 faciatis”.
2760 4669 2785 4694 ››
2820 4645 3080 4700 Primum
3131 4650 3360 4717 oportet
3410 4645 3644 4700 liberari
3691 4661 3724 4698 a

2070 4742 2434 4797 dominatore
2467 4735 2719 4805 diabolo,
2755 4734 2852 4806 qui
2884 4733 2942 4788 in
2990 4742 3292 4805 peccatum
3327 4735 3554 4789 inducit
3585 4750 3721 4789 eum

2071 4833 2168 4903 qui
2203 4829 2478 4885 subditus
2510 4824 2622 4895 ipsi
2662 4830 2769 4879 est.
2805 4821 3068 4878 Diximus
3097 4821 3246 4878 velle
3281 4839 3406 4893 nos,
3436 4822 3724 4878 abdicatis

2073 4920 2349 4974 omnibus
2393 4913 2778 4988 praisentibus
2818 4916 2992 4983 atque
3026 4913 3194 4968 nobis
3227 4912 3394 4983 ipsis,
3426 4929 3491 4967 ac
3524 4910 3728 4967 relicta

2071 5011 2200 5062 vitae
2259 5007 2582 5068 affectione,
2625 5001 3004 5073 disciplinam
3055 5001 3254 5055 subire
3306 5001 3544 5065 Christi,
3577 4999 3730 5054 sicut

2075 5100 2197 5170 ipse
2230 5097 2460 5150 locutus
2491 5099 2578 5148 est
2603 5110 2614 5148 :
2637 5116 2661 5140 «
2690 5093 2743 5146 Si
2776 5090 2910 5161 quis
2942 5095 3071 5160 post
3119 5107 3210 5144 me
3241 5090 3456 5158 veniat,
3481 5091 3733 5159 abneget

2075 5187 2480 5254 semetipsum,
2529 5187 2585 5236 et
2627 5181 2794 5235 tollat
2841 5195 3069 5233 crucem
3123 5195 3313 5244 suam,
3347 5185 3404 5232 et
3451 5183 3734 5248 sequatur

2076 5292 2167 5330 me
2188 5274 2360 5339 “,nid
2384 5279 2640 5334 est,eum
2665 5270 2764 5340 qui
2787 5267 3117 5339 discipulus
3144 5284 3308 5321 meus
3330 5272 3437 5322 est.
3458 5267 3581 5320 Non
3608 5281 3727 5319 mo-

2075 5369 2148 5422 do
2171 5367 2323 5420 bona
2339 5361 2534 5417 etvitm
2554 5359 2879 5413 necessaria
2893 5357 3190 5429 despicere
3211 5357 3612 5429 praecipimur;
3632 5353 3734 5408 sed

2265 5522 2308 5556 ³¹
2347 5519 2514 5574 Rom.
2547 5531 2621 5583 v1,
2652 5515 2740 5570 20.
2819 5513 2865 5549 3’
2897 5512 3106 5568 Matth.
3140 5527 3216 5582 v1,
3249 5512 3340 5567 24.
3416 5511 3487 5545 3"
3520 5509 3571 5566 ΙΙ
3602 5508 3734 5582 Cor,
