4104 6358
401 374 561 436 1423

1568 366 1635 425 8.
1682 358 2213 424 ATHANASIUS.
2237 392 2312 402 —
2338 356 2645 421 SPURIA.

3669 375 3828 437 N24

399 507 579 563 etiam
610 508 817 560 mutua
849 500 1042 556 ofﬁcia
1071 516 1198 571 qua:
1228 496 1554 553 secundum
1587 499 1860 551 naturam
1891 497 1950 549 et
1972 491 2047 547 le-

2167 487 2494 579 τασσόμεθα,
2526 488 2673 545 ἀλλά
2700 490 2792 545 καὶ
2821 496 2930 548 τῶν
2973 496 3108 571 πρὸς
3160 495 3445 570 ἀλλήλους
3493 506 3829 579 νενομισμέ-

401 612 535 669 gem
567 597 727 664 sunt,
760 607 1039 664 superare
1081 595 1139 645 et
1186 588 1457 643 omittere
1495 585 1800 656 jubemur,
1827 583 2056 638 dicente

403 684 649 740 Domino
679 698 728 739 :«
751 680 861 747 Qui
892 678 1085 751 diligit
1115 683 1338 750 patrem
1369 680 1427 730 et
1447 679 1694 730 matrem
1726 672 1858 745 plus
1879 686 2055 743 quam

403 791 516 842 me,
550 789 667 829 non
698 775 787 827 est
816 786 910 825 me
951 769 1168 841 dignus
1187 767 1252 821 ³⁵.
1279 788 1307 816 ››
1339 764 1622 821 Similiter
1651 762 1806 834 quod
1851 776 2056 817 conse-

401 863 625 937 quitur,
656 859 920 933 proxime
971 858 1155 913 situm
1192 860 1302 922 est,
1333 854 1453 910 imo
1502 851 1847 924 longissime
1878 850 1950 906 ab
1983 848 2058 904 iis

400 952 501 1025 qui
532 955 675 1007 sunt
715 946 977 1004 extranei
1009 962 1042 1001 a
1080 945 1215 1000 fide.
1249 942 1637 1008 Quamobrem
1679 939 2059 995 vehementer

399 1041 689 1108 hortatur,
736 1042 802 1093 ut
848 1052 984 1092 cum
1033 1032 1468 1107 perseverantia
1514 1045 1783 1087 asceseos
1827 1027 2059 1084 labores

400 1129 827 1194 sustineamus,
850 1126 911 1181 in
944 1122 1107 1180 nullo
1131 1125 1458 1179 metuentes
1489 1118 1716 1175 inimici
1745 1118 2059 1174 adversum

399 1236 509 1276 nos
538 1222 776 1292 paratas
810 1214 1078 1271 insidias.
1108 1211 1372 1269 Praaterit
1399 1211 1587 1283 ﬁgura
1613 1208 1797 1280 hujus
1830 1205 2057 1262 mundi.

398 1309 485 1365 Ad
515 1308 659 1377 haec,
692 1304 927 1361 fallacia
955 1309 1012 1359 et
1046 1301 1350 1358 tribulatio
1381 1300 1562 1371 hujus
1591 1299 1721 1353 vitae
1758 1303 2060 1368 tempora-

401 1415 511 1454 nea
540 1402 649 1468 est,
676 1394 987 1466 brevisque
1010 1390 1293 1464 temporis
1316 1408 1330 1446 :
1357 1388 1477 1445 vita
1499 1406 1635 1445 vero
1661 1404 1790 1459 quae
1818 1385 1881 1441 in
1901 1384 2064 1441 Chri-

401 1488 477 1544 sti
508 1486 787 1543 servitute
817 1483 1014 1556 agitur
1038 1485 1129 1538 est
1155 1486 1394 1549 aeterna,
1419 1485 1701 1552 perpetua
1728 1481 1786 1533 et
1813 1475 2058 1530 immor-

399 1575 576 1633 talis:
610 1591 788 1647 quam
818 1577 1230 1645 exspectamus
1260 1586 1368 1626 nos
1401 1569 1501 1642 qui
1533 1566 1748 1624 Christi
1781 1564 1930 1622 servi
1960 1579 2058 1620 su'

404 1682 540 1722 mus
566 1682 578 1720 :
602 1664 891 1736 cujusque
913 1677 1094 1718 causa
1124 1660 1416 1715 mundum
1443 1656 1844 1713 abdicavimus
1864 1671 2063 1711 omne-

398 1770 552 1827 sque
582 1749 1096 1823 concupiscentias
1128 1750 1276 1819 ejus.
1317 1747 1513 1817 Neque
1541 1745 1827 1801 debemus
1856 1758 2058 1799 eorum

395 1842 765 1913 meminisse,
786 1858 914 1914 quis
966 1841 1096 1912 ejus
1130 1838 1399 1911 praecepti
1431 1836 1700 1894 servandi
1736 1851 1915 1890 causa
1958 1833 2058 1888 de-

390 1933 777 2004 reliquimus;
812 1947 885 1987 ne
925 1927 1272 2001 temporalia
1301 1943 1545 1982 rursum
1575 1929 1941 1997 expetentes,
1970 1921 2055 1976 vi-

386 2026 511 2078 tam
543 2024 824 2077 aeternam
874 2016 1242 2074 amittamus.
1276 2015 1505 2071 Mentiri
1559 2013 1779 2086 qulppe
1831 2010 2054 2083 nequit,

391 2110 494 2182 qui
526 2109 674 2165 dixit
700 2124 751 2164 :«
775 2106 1056 2179 Quisquis
1084 2103 1375 2161 dimiserit
1396 2105 1637 2160 domum
1663 2123 1690 2154 ιο
1719 2108 1776 2158 et
1804 2100 2059 2176 reliqua,

398 2197 792 2270 «centuplum
844 2197 1183 2268 recipiet,et
1225 2195 1407 2251 vitam
1457 2197 1734 2249 aeternam
1785 2190 2055 2263 posside-

392 2287 586 2344 δὴδὴ
615 2287 817 2359 Neque
847 2285 1028 2353 enim,
1055 2292 1117 2339 ut
1148 2283 1389 2356 quidam
1423 2282 1908 2353 interpretantur,
1932 2280 2054 2335 haec

386 2375 621 2432 locutus
652 2382 742 2433 est
773 2374 1058 2430 Dominus
1089 2374 1161 2429 de
1186 2372 1261 2429 iis
1289 2371 1392 2444 qui
1413 2377 1677 2443 tempore
1697 2370 2055 2442 persecutio-

384 2482 528 2521 num
551 2482 656 2538 pro
683 2464 924 2520 nomine
948 2464 997 2535 ej
1010 2479 1078 2518 us
1101 2463 1452 2534 martyrium
1475 2459 1807 2516 subierunt.
1828 2458 2054 2529 Nequa-

384 2571 565 2627 quam
587 2553 746 2611 enim
775 2552 925 2609 dixit
952 2569 966 2608 :
993 2550 1038 2607 Ii
1069 2549 1262 2607 solum
1286 2550 1386 2622 qui
1418 2566 1522 2622 pro
1555 2547 1792 2605 nomine
1814 2564 1965 2615 meo,
1987 2547 2048 2602 in

383 2649 649 2715 tempore
678 2640 1156 2715 persecutionum
1184 2656 1431 2711 corpora
1477 2656 1587 2694 sua
1630 2637 1885 2705 tradent,
1917 2636 2050 2692 vitae

384 2736 613 2789 aeternae
636 2731 1037 2787 haereditatem
1064 2728 1486 2801 possidebunt;
1510 2727 1610 2782 sed
1636 2731 1925 2798 quotquot
1945 2743 2048 2798 pro

382 2821 627 2878 nomine
654 2823 783 2892 ejus
802 2820 1093 2875 mundum
1115 2825 1171 2875 et
1188 2816 1697 2890 concupiscentiae
1719 2816 1849 2887 ejus
1873 2820 2049 2887 atque

379 2911 539 2967 bona
579 2910 947 2976 abdicamus,
973 2925 1107 2963 cum
1131 2907 1426 2976 omnibus,
1445 2909 1621 2976 atque
1649 2903 1723 2960 iis
1742 2904 1922 2959 etiam
1946 2903 2047 2975 qui

394 3018 498 3074 pro
522 2999 763 3057 nomine
785 3001 913 3071 ejus
936 2996 1282 3070 martyrium
1305 2994 1617 3061 subierint,
1632 3010 1761 3049 eam
1783 2991 2045 3065 posside-

386 3088 614 3145 bimus.
661 3088 925 3159 Namque
972 3103 1178 3142 ornnes
1224 3100 1513 3157 pauperes
1564 3081 1797 3154 spiritu,
1840 3098 2047 3138 omnes

393 3177 650 3234 mundos
698 3178 891 3246 corde,
924 3176 1118 3245 mites,
1150 3189 1471 3245 omnesque
1497 3172 1772 3228 similiter
1820 3170 1921 3244 qui
1970 3170 2043 3225 ti-

2164 598 2271 632 νων
2301 577 2391 633 καὶ
2440 579 2577 634 κατά
2632 579 2790 657 φύσιν
2839 583 2931 636 καὶ
2972 582 3141 657 νόμον
3194 584 3245 641 δι
3326 587 3417 643 ίων
3475 577 3828 662 καθηκόντων

2166 666 2520 745 ὑπερφρονεῖν
2566 666 2954 747 παιδευόμεθα,
2983 678 3085 727 τοῦ
3113 675 3318 751 Κυρίου
3363 675 3642 755 λὲγοντος·
3701 708 3729 736 (ι
3764 685 3828 742 Ὁ

2166 755 2388 831 ἀγαπῶν
2433 757 2639 833 πατὲρα
2684 759 2718 828 ἢ
2782 759 2991 837 μητέρα
3041 762 3171 839 ὑπὲρ
3222 764 3341 839 ἐμὲ,
3401 767 3501 823 ούκ
3546 766 3658 825 ἔστι
3715 793 3824 845 μου

2168 844 2340 938 ἀξιαος.
2376 870 2434 938 Α.
2495 847 2730 920 Ὁμοίως
2783 849 2873 903 καὶ
2937 852 3001 905 τὸ
3054 850 3248 908 λοιπὸν
3326 853 3600 933 ἐγγυτάτω
3659 861 3824 938 οῗκεῖ,

2168 931 2339 1003 δῆλον
2373 930 2431 989 δὲ
2459 934 2542 989 δτι
2574 932 2719 990 πολὺ
2748 937 3083 1016 πορῥωτέρω
3113 942 3203 996 καὶ
3244 930 3409 1015 ξένων
3436 953 3535 1016 τῆς
3563 930 3822 1014 πίστεως.

2167 1023 2264 1113 Διὸ
2311 1023 2642 1113 παρακαλῶν
2704 1026 2957 1104 μεγάλως
3013 1028 3469 1106 ἀοργετουμὲνοις
3525 1034 3577 1090 ἐν
3627 1058 3827 1113 καρτε-

2171 1110 2259 1187 ρίᾳ
2285 1111 2415 1175 τοὺς
2463 1120 2562 1183 τῆς
2608 1114 2892 1186 ἀσκήσεως
2947 1118 3170 1193 πόνους,
3232 1119 3284 1176 ἐν
3353 1120 3549 1196 μηδενί
3581 1110 3828 1192 δεδιότας

2165 1201 2263 1263 τὰς
2311 1202 2430 1265 καθ’
2478 1205 2639 1276 ἡμῶν
2688 1208 2787 1259 τοῦ
2818 1204 3018 1282 ἐχθροῦ
3053 1206 3336 1282 μεθόδους.
3400 1214 3637 1290 Παράγει
3664 1222 3826 1273 τοῦτο

2170 1296 2366 1365 σχῆμα
2411 1295 2514 1345 τοῦ
2561 1291 2772 1367 κόσμου
2821 1294 3037 1356 τούτου.
3082 1298 3181 1353 Καὶ
3210 1304 3381 1356 ταῦτα
3409 1304 3444 1372 ἡ
3496 1303 3699 1376 ἀπάτη,
3735 1308 3822 1362 καὶ

2171 1376 2356 1472 θλίψις
2393 1385 2491 1472 τοῦ
2521 1381 2659 1472 ⁸βίου
2705 1383 2903 1472 τούτου
2949 1386 3278 1465 πρόσκαιρός
3326 1390 3436 1448 ἐστι
3485 1393 3575 1448 καὶ
3625 1394 3821 1472 ὀλιγο-

2170 1467 2416 1543 χρόνιος,
2448 1471 2483 1539 ἡ
2517 1466 2574 1525 δὲ
2601 1475 2681 1544 τῷ
2713 1477 2829 1546 θεῷ
2859 1470 3158 1545 δουλεύειν,
3192 1479 3305 1548 ζωὴ
3350 1479 3595 1556 αἶ’ώνιος,
3642 1466 3823 1550 ἀΐδιος

2168 1557 2258 1612 καὶ
2293 1557 2575 1629 ἀθάνατος,
2608 1565 2714 1616 ποῦ
2744 1561 3080 1638 ἀναμένομεν
3109 1567 3160 1620 o't
3206 1572 3287 1640 τῷ
3331 1575 3547 1645 Χριστῷ
3594 1570 3828 1631 δουλεύ-

2170 1666 2340 1708 οντες·
2401 1646 2471 1703 δι’
2516 1650 2578 1718 ἢν
2631 1651 2721 1706 καὶ
2772 1651 3148 1728 ἀπεταξάμεθα
3201 1661 3281 1729 τῷ
3332 1658 3548 1734 κόσμῳ,
3598 1664 3689 1717 καὶ
3719 1664 3824 1720 πά-

2170 1756 2288 1799 σαις
2319 1742 2439 1827 ταῖς
2472 1737 2782 1827 ἐπιθυμίαις
2814 1741 2999 1800 αὐτοῦ.
3032 1745 3131 1799 Καὶ
3180 1745 3279 1802 οὐκ
3329 1746 3625 1827 ὀφείλομεν
3680 1774 3822 1826 μνη-

2173 1825 2417 1899 μονεύειν
2467 1826 2663 1899 ἐκεῖνα,
2713 1831 2847 1907 ἅπερ
2893 1828 2981 1886 διὰ
3026 1834 3125 1902 τήν
3175 1825 3403 1907 ἐντολὴν
3452 1838 3655 1911 ταύτην
3692 1825 3822 1899 κατ-

2169 1913 2484 1989 ελείψαμεν,
2530 1914 2623 1973 τίνα
2676 1919 2752 1993 μὴ
2802 1917 2968 1975 πάλιν
3016 1922 3084 1978 τὰ
3122 1923 3428 2002 πρόσκαιρα
3457 1930 3821 2004 ποθήσαντες,

2163 2004 2264 2095 την
2300 2004 2517 2095 αἷῴνιον
2570 2009 2714 2078 ζωὴν
2760 2004 3190 2085 ἀποϐαλώμεθα.
3246 2013 3513 2089 Ἀψευδὴς
3547 2019 3651 2095 γὰρ
3678 2021 3707 2075 ὁ
3737 2022 3818 2076 εί-

2165 2092 2282 2146 πὼν
2343 2092 2424 2148 ὅτι
2485 2119 2514 2147 κ
2560 2102 2665 2159 πᾶς
2709 2095 2767 2159 ὅς
2817 2098 3021 2175 ἀφῆκεν
3068 2100 3263 2171 οἰκίαν,
3316 2128 3346 2155 ››
3390 2106 3480 2160 καὶ
3521 2092 3589 2163 τά
3621 2092 3818 2180 λοιπὰ,

2170 2206 2190 2231 ε
2237 2181 2763 2240 ἑκατονταπλασίονα
2795 2183 3051 2261 λήψεται,
3091 2190 3181 2244 καὶ
3214 2192 3359 2261 ζιυὴν
3408 2194 3630 2251 αἰώνιον
3674 2197 3820 2268 κλη-

2164 2272 2482 2345 ρονομήσει.
2515 2295 2541 2326 ι
2577 2273 2650 2327 Οὐ
2680 2274 2807 2351 γὰρ,
2831 2274 2906 2338 ὥς
2926 2297 3070 2340 τινες
3090 2283 3256 2335 ταῦτα
3277 2282 3593 2357 ἑρμηνεύειν
3627 2282 3821 2342 δοκοῦ-

2162 2378 2263 2452 σιν,
2433 2361 2555 2438 περὶ
2603 2366 2712 2452 τῷν
2765 2362 2817 2418 ἐν
2860 2369 2939 2437 τῷ
2985 2366 3160 2443 καιρῷ
3206 2373 3312 2422 τῶν
3369 2368 3624 2448 διωγμῶν
3678 2375 3815 2452 ὑπὲρ

2158 2451 2256 2502 τοῦ
2295 2447 2561 2522 ὀνόματος
2592 2450 2757 2506 αὐτοῦ
2792 2456 3249 2526 μαρτυρησάντων
3301 2457 3445 2513 εἶπεν
3488 2447 3534 2515 ῦὸ
3592 2447 3819 2537 Κύριος,

2161 2536 2239 2594 Οὐ
2270 2538 2374 2614 γὰρ
2407 2536 2507 2609 ἔφη
2543 2539 2648 2609 ὅτι,
2680 2540 2862 2597 Μόνον
2895 2542 2947 2597 οἱ
2980 2542 3031 2597 ἐν
3064 2548 3143 2617 τῷ
3171 2551 3347 2621 καιρῷ
3381 2552 3488 2602 τῶν
3548 2536 3818 2627 διωγμῶν

2161 2627 2292 2717 ύπὲρ
2348 2633 2447 2683 τοῦ
2496 2628 2762 2705 ὀνόματός
2811 2653 2915 2706 μου
2975 2633 3040 2688 τὰ
3102 2629 3307 2691 ἓαυτῶν
3365 2638 3593 2712 σώματα
3642 2662 3822 2717 παρα-

2159 2713 2447 2787 δώσοντες,
2483 2720 2627 2788 ζωήν
2656 2718 2879 2775 αἰώνιον
2910 2720 3453 2798 κληρονομήσονται·
3486 2726 3633 2785 ἀλλά
3673 2713 3815 2785 πάν-

2153 2828 2242 2868 τες
2275 2806 2327 2861 οῗ
2358 2804 2446 2862 διὰ
2474 2808 2536 2862 τὸ
2567 2803 2743 2882 ὄνομά
2774 2830 2879 2882 μου
2908 2813 2997 2866 καὶ
3041 2811 3256 2886 κόσμῳ,
3286 2815 3378 2869 καὶ
3434 2816 3632 2882 πάσαις
3690 2821 3813 2882 ταὶς

2156 2894 2471 2970 ἐπιθυμίαις
2512 2897 2677 2952 αὐτοῦ
2706 2897 3122 2974 ἀποταξώμεθα,
3161 2903 3251 2958 καὶ
3316 2910 3446 2961 πᾶσι
3476 2913 3594 2970 τοῖς
3638 2909 3811 2984 ὑπάρ-

2154 3005 2347 3061 χουσιν
2377 2985 2539 3041 αὑτοῦ
2570 2986 2981 3062 ἀποταξώμεθα,
3018 2991 3161 3061 ζωήν
3211 2991 3455 3068 αἰώνιον,
3507 2997 3642 3069 μετά
3670 3019 3809 3054 παν-

2150 3096 2257 3130 των
2311 3071 2525 3164 δηλαδή
2570 3080 2677 3130 τῶν
2730 3076 2863 3154 ὑπὲρ
2899 3082 2997 3133 τοῦ
3050 3078 3319 3153 ὀνόματός
3357 3105 3462 3155 μου
3525 3106 3808 3164 μαρτυρη-

2153 3164 2379 3234 σάντων,
2430 3162 2940 3240 κληρονομήσουσι.
2984 3167 3188 3232 Πάντας
3235 3170 3364 3234 τοὺς
3416 3174 3677 3250 πτωχοὺς
3706 3162 3811 3250 Ἰτῷ

384 3271 549 3323 ment
585 3284 799 3324 nomen
832 3267 961 3338 ejus
992 3266 1195 3321 beatos
1226 3280 1354 3320 esse
1377 3262 1523 3318 dixit
1541 3263 1802 3318 Salvator
1824 3277 1875 3315 :«
1897 3260 2046 3324 Quo-

2159 3251 2444 3327 πνεύματι,
2502 3255 2592 3309 καὶ
2647 3254 2774 3318 τοὺς
2822 3256 3087 3333 καθαροὺς
3143 3262 3212 3333 τῇ
3270 3259 3487 3338 καρδίᾳ,
3678 3239 3812 3328 τοὺς

384 3355 551 3413 niam
573 3361 857 3427 vestrum,
874 3354 1088 3426 inquit,
1103 3359 1194 3410 est
1214 3368 1462 3425 regnum
1486 3350 1766 3407 caelorum
1782 3350 1884 3406 37.»
1905 3349 2053 3407 Mar-

384 3451 544 3519 tyres
576 3446 736 3503 enim
781 3445 1134 3518 plerumque
1157 3442 1244 3498 vel
1276 3459 1393 3497 uno
1440 3440 1724 3513 temporis
1755 3444 2052 3496 momento

387 3540 803 3593 concertantes
833 3531 1229 3590 consummati
1260 3535 1427 3599 sunt;
1470 3530 1893 3586 monachorum
1918 3545 2053 3584 vero

389 3624 739 3681 institutum
761 3623 912 3694 vitae,
936 3619 1363 3678 certaminibus
1393 3619 1519 3676 suis
1541 3619 1802 3690 quotidie
1832 3623 2050 3691 marty-

386 3712 550 3769 rium
583 3713 764 3781 subit,
785 3729 900 3791 non
932 3729 967 3768 a
992 3710 1279 3783 sanguine
1314 3716 1372 3765 et
1401 3725 1604 3776 carne;
1636 3708 1738 3764 sed
1772 3708 2050 3763 adversus

387 3802 763 3875 principatus
793 3805 849 3856 et
881 3805 1221 3873 potestates,
1252 3797 1459 3854 mundi
1504 3802 1759 3852 rectores
1788 3797 2052 3852 tenebra-

393 3907 527 3946 rum
567 3889 789 3956 saaculi,
820 3890 1102 3946 adversus
1150 3886 1485 3960 spiritualia
1530 3884 1825 3957 nequitiae,
1860 3902 2047 3957 usque

389 3979 464 4035 ad
498 3983 826 4035 extremum
858 3978 1109 4034 halitum
1143 3976 1402 4032 luctatur
1431 3979 1606 4047 atque
1630 3973 1936 4030 dimicat...

2160 3348 2372 3418 πραεῖς,
2405 3342 2648 3407 καὶτοὺς
2681 3340 3055 3422 φοϐουμένους
3086 3348 3149 3403 τὸ
3197 3344 3371 3423 ὄνομα
3420 3351 3586 3408 αὐτοῦ
3637 3376 3817 3427 μακα-

2162 3432 2399 3511 ρίζεσθαι
2434 3434 2630 3509 Σωτήρ
2663 3432 2870 3510 ἔλεγεν,
2923 3459 2951 3488 ι(
2980 3438 3107 3493 "Ott
3136 3437 3290 3511 ὑμῶν
3316 3439 3456 3496 ἐστιν
3487 3443 3523 3513 ἡ
3561 3442 3816 3519 βασιλεία

2158 3527 2264 3576 τῶν
2317 3522 2581 3598 οὐρανῶν,
2632 3546 2658 3575 ››
2709 3523 2776 3580 Οἱ
2811 3523 2905 3597 μὶν
2952 3525 3055 3601 γὰρ
3091 3527 3358 3604 μάρτυρες
3390 3528 3685 3605 πολλάκις,
3718 3532 3815 3588 καὶ

2161 3610 2250 3666 ἐπὶ
2311 3616 2409 3684 μιᾷ
2474 3616 2665 3687 καιροῦ
2728 3611 2870 3689 ῥοπῇ
2930 3614 3332 3690 ἀγωνισάμενοι
3389 3617 3807 3692 ἐτελειώθησαν·

2157 3704 2193 3771 ἡ
2227 3697 2285 3756 δὲ
2311 3705 2419 3756 τῶν
2473 3702 2728 3778 μοναχῶν
2781 3700 3036 3759 πολιτεία
3082 3702 3271 3769 ἄθλοις
3301 3709 3419 3772 καθ’
3451 3708 3677 3782 ἑκάστην
3740 3708 3816 3767 δι’

2160 3790 2318 3846 αὐτὸν
2355 3792 2635 3867 μαρτυρεῖ,
2669 3790 2768 3846 οὐκ
2796 3791 2902 3847 ἀπὸ
2955 3790 3204 3868 αἳματος,
3247 3796 3338 3851 καὶ
3384 3798 3581 3874 σαρκὸς
3633 3821 3811 3877 παρα-

2158 3880 2486 3954 τασσόμεθα,
2518 3877 2666 3936 ἀλλὰ
2696 3880 2830 3953 πρὸς
2860 3882 2956 3944 τὰς
2986 3882 3181 3958 ἀρχὰς,
3213 3885 3352 3963 πρὸς
3378 3884 3622 3959 ἐξουσίας
3651 3909 3813 3965 πρω-

2157 3968 2667 4045 τοκοσμοκράτορας
2722 3974 2817 4024 τοῦ
2875 3969 3099 4035 σκότους
3152 3977 3251 4028 τοῦ
3309 3973 3529 4047 αῗῶνος,
3579 3976 3815 4053 πρὸςτά

386 4065 727 4139 πνευματικά
780 4072 881 4135 τῆς
938 4063 1205 4141 πονηρίας
1259 4059 1363 4126 ἕως
1423 4060 1659 4139 ἐσχάτης
1716 4059 1990 4131 ἀναπνοῆς
2034 4061 2135 4131 τήν
2193 4058 2375 4130 πάλην
2437 4055 2660 4134 ἔχουσα,
2716 4058 2806 4114 καὶ
2858 4057 3037 4133 ἀθλεῖ,
3081 4061 3171 4116 καὶ
3204 4060 3645 4141 εἷσφανοῦταιτῇ
3678 4087 3817 4122 παν-

390 4154 651 4227 οπλίᾳ....

390 4247 639 4305 ....526
659 4245 762 4302 Dei
785 4250 1086 4302 armatura
1116 4243 1382 4300 munita:
1408 4260 1473 4298 ac
1499 4242 1699 4299 omnia
1729 4246 1921 4315 potest
1940 4259 2043 4315 per

386 4352 524 4392 eum
553 4335 656 4408 qui
684 4334 883 4407 ipsum
914 4334 1205 4390 confortat
1246 4337 1303 4388 et
1349 4332 1687 4400 miseratur,
1719 4331 2037 4389 Christum.

386 4424 565 4481 Nobis
596 4423 656 4480 in
689 4422 968 4496 parabole
989 4421 1221 4478 divitias
1243 4439 1382 4477 suas
1403 4420 1661 4477 tribuere
1685 4437 1818 4476 cum
1844 4421 2044 4492 cupiat

386 4515 694 4579 Dominus,
728 4512 812 4568 ait
834 4529 884 4567 :«
919 4510 1123 4568 Simile
1152 4517 1243 4567 est
1273 4527 1515 4582 regnum
1552 4509 1830 4566 caalorum
1864 4525 2040 4581 nego-

384 4601 582 4659 tiatori
596 4601 881 4674 querenti
897 4601 1080 4656 bonas
1100 4598 1451 4672 margaritas
1461 4599 1564 4665 39,»
1577 4595 2042 4653 etcastera.Hanc

383 4692 744 4748 confirmans
794 4687 1167 4760 sententiam,
1200 4688 1282 4745 ita
1322 4687 1586 4758 loquitur
1633 4684 2039 4758 evangelista:

2272 4243 2371 4294 τοῦ
2419 4242 2551 4294 Θεοῦ
2598 4258 3097 4317 περιφραττομενη,
3149 4242 3239 4296 καὶ
3283 4241 3456 4298 πάντα
3508 4242 3687 4319 ἰσχύει
3722 4242 3814 4300 διὰ

2149 4329 2239 4383 τὸν
2278 4325 2699 4401 ἐνδυναμοῦντα,
2740 4327 2830 4384 καὶ
2880 4327 3136 4385 ἐλεοῦντα
3188 4330 3440 4407 Χριστόν.
3491 4334 3656 4406 Ἡμῖν
3707 4334 3810 4410 γὰρ

2152 4418 2204 4473 ἐν
2238 4411 2529 4491 παραϐολῇ
2575 4417 2664 4472 τὸν
2717 4417 2909 4472 ἑαυτοῦ
2956 4417 3196 4474 πλοῦτον
3245 4419 3419 4484 θέλων
3478 4421 3810 4498 χαρίσασθαι

2152 4507 2180 4560 ὁ
2237 4505 2435 4581 Κύριος
2494 4500 2700 4580 ἔλεγεν·
2764 4530 2792 4558 ‹‹
2851 4507 3045 4580 Ὁμοία
3102 4507 3242 4565 ἐστὶν
3299 4512 3335 4579 ἡ
3392 4508 3643 4586 βασιλεία
3697 4512 3806 4567 τῶν

2152 4593 2396 4670 οὐρανῶν
2430 4592 2658 4669 ἐμπόρῳ
2700 4594 2949 4664 ζητοῦντι
2999 4595 3206 4659 καλοὺς
3260 4598 3618 4674 μαργαρίτας,
3651 4624 3679 4652 ››
3715 4602 3809 4656 καὶ

2148 4684 2215 4739 τα
2245 4683 2389 4753 ἑξῆς.
2450 4681 2663 4754 Ταύτην
2721 4685 2821 4754 τήν
2871 4682 3096 4754 ἐντολὴν
3146 4681 3380 4762 βεϐαιῶν
3436 4687 3611 4752 οὕτως
3643 4689 3809 4766 εὐαγ-

386 4801 415 4835 α
438 4779 632 4837 Nolite
653 4777 893 4851 diligere
924 4780 1236 4845 mundum,
1263 4794 1447 4848 neque
1478 4793 1546 4832 ea
1571 4793 1700 4848 qua:
1729 4775 1789 4829 in
1815 4775 2037 4830 mundo

2159 4770 2406 4847 γελιστής
2455 4770 2580 4847 ἔφη·
2630 4798 2657 4825 ‹‹
2708 4775 2798 4842 Μὴ
2851 4774 3089 4851 ἀγαπᾶτε
3117 4776 3208 4830 τὸν
3242 4776 3447 4852 κόσμον
3486 4775 3630 4851 μηδὲ
3658 4779 3727 4833 ti
3752 4779 3807 4835 ἰν

384 4874 544 4926 sunt.
569 4870 679 4935 Qui
700 4867 858 4923 enim
880 4868 1076 4940 diligit
1098 4867 1412 4931 mundum,
1432 4882 1546 4921 non
1571 4863 1763 4935 diligit
1784 4879 1918 4919 eum
1942 4863 2039 4935 qui

381 4958 579 5032 ipsum
600 4956 803 5015 dilexit
821 4958 1138 5013 Dominum
1159 4955 1386 5021 3°.»Qui
1409 4970 1543 5010 vero
1564 4954 1722 5009 hunc
1747 4954 2037 5008 mundum

382 5053 441 5107 et
471 5045 751 5105 scandala
778 5064 905 5120 quae
936 5047 996 5101 in
1028 5063 1096 5103 eo
1128 5050 1269 5101 sunt
1304 5044 1438 5101 odio
1488 5042 1716 5112 habuit,
1747 5047 1805 5120 et
1833 5041 2038 5099 volun~

379 5142 564 5194 tatem
595 5136 696 5193 Dei
728 5116 941 5209 diligit,
971 5136 1023 5191 is
1063 5139 1261 5190 manet
1306 5134 1366 5189 in
1416 5132 1719 5188 saeculum.
1758 5116 2039 5187 Dominus

378 5229 560 5296 enim,
589 5243 705 5299 quo
753 5242 861 5280 nos
911 5242 945 5279 a
994 5223 1201 5280 mundi
1248 5221 1688 5278 conversatione
1736 5220 2037 5291 dejiceret,

377 5316 524 5373 dixit
545 5332 592 5373 ει
619 5315 801 5371 Nemo
831 5313 1073 5369 mittens
1104 5329 1349 5368 manum
1379 5328 1550 5367 suam
1576 5310 1646 5365 ad
1671 5314 1957 5379 aratrum,
1982 5313 2041 5365 et

375 5413 530 5463 retro
562 5419 899 5473 conversus,
925 5408 1101 5475 aptus
1124 5406 1214 5458 est
1243 5402 1316 5457 ad
1349 5417 1595 5473 regnum
1628 5398 1911 5456 caelorum
1933 5399 2036 5454 ιο.»

445 5617 491 5652 ³⁵
523 5616 732 5673 Matth.
762 5633 821 5685 x,
851 5616 944 5672 37.

377 5703 459 5760 1x,
491 5689 585 5744 62.

1036 5615 1082 5651 ³⁸
1112 5614 1317 5674 Matth.
1367 5630 1486 5689 xxx,
1534 5614 1625 5669 29.

1722 5612 1767 5648 ³⁷
1799 5612 1939 5669 Luc.
1972 5627 2052 5681 v1,
2082 5610 2172 5667 20.

2151 4860 2363 4934 κόσμῳ.
2395 4862 2456 4919 Ὁ
2508 4864 2613 4937 γάρ
2669 4864 2760 4917 τὸν
2817 4864 3023 4937 κόσμον
3076 4865 3294 4941 ἀγαπῶν
3347 4866 3447 4922 οὐκ
3474 4867 3655 4945 ἀγαπᾷ
3709 4869 3808 4925 τὸν

2146 4950 2496 5028 ἀγαπήσαντα
2550 4951 2707 5007 αὐτὸν
2770 4953 2992 5029 Κύριον.
3060 4978 3080 5004 ι
3132 4954 3196 5011 Ὀ
3241 4952 3300 5010 δὲ
3349 4961 3541 5011 τοῦτον
3565 4957 3658 5012 τὸν
3715 4958 3813 5013 κό-

2148 5060 2284 5113 σμον
2318 5040 2504 5095 καὶτά
2546 5039 2596 5095 ἐν
2646 5040 2792 5114 αύτῷ
2840 5039 3114 5099 σκάνδαλα
3168 5046 3423 5118 μισήσας,
3464 5046 3555 5101 καὶ
3600 5047 3666 5102 τὸ
3724 5046 3809 5102 0.5.-

2148 5129 2220 5199 λη
2233 5150 2306 5203 μα
2332 5134 2429 5184 τοῦ
2460 5134 2594 5184 Θεοῦ
2624 5131 2908 5206 ἀγαπήσας
2941 5131 3151 5205 εὐμένει
3195 5132 3269 5196 εἷς
3297 5133 3389 5188 τὸν
3438 5134 3631 5194 αἰῶνα.
3678 5142 3800 5191 Χω-

2149 5217 2290 5294 ρίσαι
2321 5219 2424 5294 γὰρ
2459 5216 2795 5294 βουλόμενος
2827 5222 2974 5294 ἡμᾶς
3006 5222 3035 5275 ὁ
3067 5221 3345 5293 Δεσπότης
3374 5229 3473 5293 τῆς
3502 5221 3555 5277 ἐν
3606 5224 3805 5297 κόσμῳ

2149 5303 2431 5384 διατριϐῆς
2487 5305 2687 5386 ἔλεγεν·
2752 5331 2780 5362 ιι
2836 5307 3024 5373 Οὐδεὶς
3080 5309 3262 5384 βαλὼν
3308 5318 3408 5382 τῆν
3444 5317 3608 5389 χεῖρα
3636 5312 3809 5369 αὐτοῦ

2148 5394 2232 5451 ἐπ’
2292 5398 2543 5473 ἄροτρον,
2600 5396 2690 5452 καὶ
2752 5399 3005 5478 στραφεὶς
3062 5398 3137 5462 εἷς
3207 5399 3274 5456 τὰ
3332 5400 3530 5472 ὀπίσω,
3588 5398 3813 5467 εὔθετός

2268 5612 2313 5647 ³⁸
2343 5611 2548 5669 Matth.
2580 5627 2707 5682 xui,
2739 5613 2830 5668 45.

2922 5612 2968 5649 ³³
2999 5615 3023 5670 l
3050 5613 3222 5671 Joan.
3269 5630 3334 5684 ιι,
3386 5616 3473 5672 15.
3566 5616 3615 5652 ω
3651 5616 3806 5677 Luc.
