4104 6366
265 444 290 502 1
303 444 418 503 425

1448 440 1843 500 DOCTRINA
1892 440 1995 499 AD
2041 439 2498 504 MONACHOS.

3527 447 3684 506 1426

261 572 401 628 ἐστιν
435 572 510 634 είς
541 573 639 640 τήν
697 571 973 648 βασιλείαν
1025 574 1131 626 τῶν
1183 570 1444 645 οὐρανῶν.
1484 593 1510 620 ››
1541 571 1601 624 Ὀ
1652 567 1709 624 δὲ
1754 569 1901 626 Ἀπό-

2029 572 2336 643 Apostolus
2387 591 2519 630 vero
2565 577 2690 632 ait:
2724 602 2744 627 α
2800 579 3059 636 Militans
3115 579 3455 650 implicatur
3501 579 3683 650 hujus

264 662 459 724 στολὸς
520 684 669 740 φησι·
711 685 738 713 ‹‹
780 661 1213 737 Στρατευὸμενος
1267 658 1590 731 ἐμπλέκεται
1645 665 1761 721 ταῖς
1819 665 1917 714 τοῦ

268 752 390 828 βίου
421 751 836 827 πραγματείαις.
874 775 902 800 ››
934 751 1031 804 Καὶ
1063 748 1225 803 πάλιν
1261 750 1289 801 ὁ
1323 747 1536 823 Κύριος·
1573 773 1600 798 ‹‹
1632 749 1692 802 Ὀ
1737 746 1788 801 ἐν
1837 753 1915 818 τῷ

264 842 436 917 ἀγρῷ,
498 842 572 913 μή
633 839 934 916 ἐπιστραφῇ
995 839 1068 899 εἰς
1118 840 1184 891 τα
1233 838 1429 904 ὀπίσω,
1472 863 1489 884 ο
1537 837 1778 890 τουτέστι
1839 838 1913 908 μή

264 930 429 986 πάλιν
475 928 834 1002 μνημονεύειν
881 931 914 997 ἢ
956 934 1140 991 ποθεῖν
1193 927 1394 1002 ἐορκεῖν
1442 926 1802 1003 ἀναστροςιὴν,
1853 928 1912 994 ἢν

265 1019 353 1076 διὰ
399 1022 490 1075 τὸν
545 1020 673 1075 Θεὸν
715 1019 804 1074 καὶ
847 1020 944 1087 τὴν
990 1017 1214 1084 ἐντολὴν
1267 1016 1430 1070 αὐτοῦ
1478 1018 1732 1086 μισήσας,
1782 1037 1913 1069 κατ·

262 1111 435 1166 έλιπε.
477 1111 564 1178 Μή
601 1108 689 1162 οῦν
728 1103 980 1185 φοϐεῖσθε
1035 1107 1159 1166 τοὺς
1191 1105 1249 1160 ἐκ
1303 1110 1398 1159 τοῦ
1457 1100 1718 1159 διαϐόλου
1775 1105 1910 1175 ἡμῖν

264 1199 638 1273 ἐπαγομένους
687 1197 1044 1270 πειρασμοῦς,
1091 1195 1185 1250 κᾶν
1251 1195 1495 1250 ποικίλοι
1545 1196 1667 1261 ὦσι,
1717 1193 1909 1269 γέγρα-

262 1311 389 1345 πται
421 1289 540 1365 γάρ·
577 1313 604 1338 ‹‹
644 1287 727 1342 ι”ιέ
777 1309 901 1359 μου,
937 1286 981 1340 εἰ
1032 1286 1305 1362 προσέχῃς
1362 1281 1635 1339 δουλεύειν
1691 1288 1770 1355 τῷ
1812 1290 1912 1336 Κυ-

266 1379 387 1455 ρίῳ,
420 1377 704 1450 ἐτοίμασον
733 1378 832 1444 τήν
864 1377 1048 1450 ψυχήν
1093 1396 1186 1428 σου
1237 1373 1311 1435 είς
1361 1372 1716 1447 πειρασμούς.
1754 1396 1780 1421 ››
1813 1371 1910 1426 Καὶ

265 1467 385 1540 περὶ
415 1473 514 1535 τῆς
553 1462 774 1540 καρδίας
817 1468 916 1532 τῆς
967 1464 1252 1535 ὑπομονῆς
1298 1462 1394 1529 τήν
1445 1465 1542 1514 τοῦ
1591 1464 1723 1514 Θεοῦ
1776 1460 1910 1534 βοή-

267 1569 407 1618 θειαν
467 1554 769 1627 ἀναμένων·
825 1553 1024 1626 μείζων
1075 1551 1177 1626 γάρ
1229 1549 1340 1604 ἐστι
1386 1554 1483 1604 τοῦ
1538 1547 1912 1620 πολεμοῦντός

265 1667 319 1699 σε
352 1639 638 1708 διαϐόλου,
669 1645 847 1706 καθὼς
880 1641 1149 1701 πολλάκις
1178 1639 1410 1714 λέγεται·
1446 1637 1654 1706 Μείζων
1708 1635 1846 1690 ἐστὶν
1882 1637 1910 1691 ὁ

264 1733 315 1788 ἐν
342 1735 548 1806 ἡμῖθ,ἣ
579 1734 607 1787 6
637 1733 687 1786 ἐν
718 1738 797 1804 τῷ
824 1730 1141 1804 κόσμῳ·καὶ
1175 1731 1202 1783 ὁ
1231 1725 1567 1800 Ψαλμῳδός-
1590 1750 1611 1778 ι
1647 1726 1719 1780 Οὐ
1741 1721 1912 1803 φοϐη-

261 1825 504 1896 θήσομαι
525 1820 778 1894 κακὰ,8τι
811 1820 872 1874 σὺ
909 1820 1042 1892 μετὰ
1073 1819 1207 1892 ἐμοῦ
1239 1818 1348 1874 εἶ.»
1384 1816 1549 1873 Καί·‹‹
1588 1815 1781 1891 Κύριος
1805 1836 1913 1892 φω-

2027 660 2155 715 vitm
2207 663 2456 735 negotiis
2477 665 2574 719 “.n
2622 668 2703 721 Ac
2752 685 2988 723 rursum
3040 669 3327 724 Dominus
3362 685 3428 722 :u
3465 668 3570 732 Qui
3619 667 3680 722 in

2027 765 2167 821 agro
2199 757 2309 816 est,
2345 769 2413 806 ne
2453 757 2990 822 retrogrediatur”.
3019 780 3046 806 »
3081 759 3196 813 Hoc
3228 762 3337 824 est,
3371 774 3442 812 ne
3474 757 3682 812 memi-

2029 839 2182 893 nerit
2211 856 2435 908 eorum,
2461 858 2650 914 neque
2696 845 2893 914 cupiat
2931 847 3120 901 denuo
3170 847 3329 900 adire
3379 862 3683 901 conversa-

2029 928 2266 1000 tionem,
2309 947 2486 1002 quam
2539 939 2776 1004 propter
2823 939 3003 990 Deum
3049 941 3106 990 et
3151 937 3279 1005 ejus
3329 939 3680 1006 prazceptum

2026 1035 2270 1088 perosus
2303 1019 2636 1091 dereliquit.
2670 1023 2751 1076 Ne
2791 1023 2991 1078 timete
3040 1024 3220 1095 igitur
3266 1023 3617 1078 tentationes
3649 1041 3684 1078 a

2025 1107 2256 1162 diabolo
2289 1109 2458 1163 nobis
2503 1110 2825 1178 immissas,
2863 1113 3095 1168 etiamsi
3140 1114 3311 1168 variae
3362 1113 3507 1179 sint;
3539 1113 3682 1167 scri-

2024 1199 2192 1268 ptum
2224 1198 2378 1252 enim
2407 1204 2496 1252 est
2535 1217 2583 1254 :c
2618 1200 2721 1254 Fili
2756 1202 2859 1268 mi,
2895 1203 2944 1256 si
2978 1202 3035 1256 in
3073 1202 3269 1257 animo
3310 1201 3526 1256 habeas
3559 1218 3679 1256 ser-

2021 1285 2142 1340 vire
2170 1287 2307 1356 Deo,
2337 1304 2595 1358 praapara
2616 1291 2875 1346 animam
2908 1296 3070 1346 tuam
3099 1293 3169 1346 ad
3203 1291 3556 1346 tentationes
3578 1290 3679 1342 ‘3.»

2022 1375 2250 1430 Habeas
2296 1377 2357 1431 in
2399 1379 2571 1432 corde
2620 1383 2720 1433 tuo
2771 1380 3139 1450 patientiam,
3185 1385 3530 1450 exspectans
3581 1377 3678 1432 Dei

2023 1463 2335 1534 auxilium;
2372 1466 2558 1536 major
2587 1466 2803 1538 quippe
2853 1467 2950 1522 ille
3000 1473 3090 1523 est
3133 1467 3365 1523 diabolo
3397 1472 3453 1520 te
3484 1467 3678 1538 impu-

2020 1563 2258 1623 gnante,
2285 1556 2784 1625 quemadmodum
2829 1557 3175 1628 plerumque
3208 1558 3462 1612 dicitur:
3491 1556 3681 1625 Major

2021 1647 2111 1699 est
2141 1643 2240 1714 qui
2271 1648 2361 1699 est
2394 1645 2450 1698 in
2485 1645 2675 1712 nobis,
2697 1661 2764 1700 eo
2794 1645 2896 1717 qui
2928 1647 2986 1701 in
3020 1647 3243 1701 mundo
3275 1650 3390 1712 est;
3426 1651 3484 1700 et
3517 1643 3675 1699 Psal-

2021 1733 2199 1788 mista
2218 1750 2267 1788 :«
2283 1732 2410 1788 Non
2428 1733 2646 1789 timebo
2670 1734 3133 1807 mala,quoniam
3151 1741 3213 1791 tu
3239 1752 3466 1791 mecum
3489 1735 3675 1800 es“;»

2020 1825 2096 1888 et,
2125 1842 2153 1870 «
2185 1821 2467 1878 Dominus
2513 1821 2866 1880 illuminatio
2915 1841 3046 1880 mea
3073 1829 3130 1880 et
3167 1824 3432 1880 Salvator
3483 1840 3671 1894 meus,

255 1912 456 1985 τισμός
489 1932 620 1985 μου,
651 1911 740 1967 καὶ
774 1913 970 1986 Σωτήρ
1008 1930 1131 1981 μου,
1153 1908 1271 1962 τίνα
1301 1901 1718 1984 φοϐηθήσομαι;
1745 1931 1763 1954 ι
1788 1904 1901 1976 Καὶ,

323 2002 405 2011 ...ι
669 1999 712 2011 ιι.
879 1999 892 2011 9
945 2000 956 2011 ι
991 1997 1005 2011 9
1060 1999 1073 2011 ι
1301 1990 1330 2011 ρ
1370 1994 1390 2011 \
1419 1996 1432 2011 \
1540 1994 1552 2011 ν
1666 1990 1696 2011 ρ
1743 1996 1768 2011 Λ
1796 1995 1807 2011 1

2021 1926 2194 1982 quem
2225 1910 2443 1966 timebo
2460 1911 2543 1965 “‘?
2565 1935 2584 1959 ι
2613 1913 2702 1980 Et,
2722 1934 2748 1959 α
2772 1914 3012 1969 Etiamsi
3037 1913 3361 1970 consistant
3383 1914 3436 1967 in
3474 1930 3564 1967 mc
3586 1931 3675 1968 ca-

257 2027 287 2055 ‹‹
323 2002 444 2056 Ἐὰν
475 1999 841 2076 παρατάξηται
875 1999 956 2054 ἐπ’
988 1997 1086 2071 ἐμὲ
1115 1990 1465 2072 παρεμϐολὴ,
1498 1994 1559 2048 ού
1591 1990 1903 2066 φοϐηθήσε-

252 2113 342 2148 ται
373 2094 408 2161 ἡ
439 2089 636 2167 καρδία
671 2111 795 2162 μου.
832 2115 858 2141 ››
893 2087 1018 2160 Καὶ,
1049 2112 1076 2140 ‹‹
1129 2087 1321 2161 Κύριος
1370 2085 1494 2158 ἐμοὶ
1548 2084 1774 2160 βοηθὸς,
1804 2083 1904 2138 κά-

253 2204 340 2257 γω
371 2180 647 2255 ἐπόψομαι
677 2178 803 2240 τοὺς
835 2177 1066 2253 ἐχθρούς
1111 2198 1232 2249 μου.
1267 2200 1288 2226 ι
1324 2177 1411 2243 Μὴ
1466 2171 1548 2228 δεῖ
1584 2173 1760 2228 τοίνυν
1810 2173 1900 2227 τὸν

256 2269 586 2326 δουλεύοντα
611 2273 690 2341 τῷ
737 2268 921 2343 Κυρίῳ
970 2267 1234 2334 ἀπιστεῖν,
1265 2265 1338 2326 ὡς
1392 2264 1500 2338 οὐχ
1548 2263 1902 2337 ὑπερασπίζε-

251 2382 341 2416 ται
398 2364 588 2414 τοῦτον
645 2360 673 2414 6
732 2357 926 2431 Κύριος
982 2355 1232 2410 πάντοτεο
1293 2353 1451 2416 αὐτὸς
1513 2352 1613 2428 γὰρ
1669 2350 1901 2427 ε’ίρηκενο

257 2475 287 2503 ‹‹
319 2449 398 2507 Ού
445 2451 520 2522 μή
579 2470 634 2503 σε
685 2446 980 2513 ἀναλείπω,
1013 2443 1142 2500 ούδὶ
1203 2446 1277 2517 μή
1337 2465 1395 2498 σε
1439 2439 1832 2519 ἐγκαταλείπω·
1876 2462 1904 2490 »ι

256 2540 354 2595 Καὶ
384 2543 514 2614 γοῦν
548 2538 708 2593 αὐτὸν
757 2535 880 2591 ἔθου
931 2536 1242 2612 γαταφυγήν
1292 2555 1409 2601 σου,
1442 2556 1469 2583 ‹‹
1503 2531 1564 2586 ού
1609 2527 1904 2601 προσελεύ-

256 2649 402 2684 σεται
433 2627 570 2701 πρὸς
602 2628 660 2682 σὶ
689 2625 846 2694 κακὰ,
877 2625 966 2680 καὶ
1003 2623 1192 2697 μάστιξ
1242 2623 1342 2677 οὐκ
1389 2621 1588 2698 ἐγγίσει
1635 2625 1714 2691 τῷ
1773 2641 1906 2689 σκη-

255 2717 470 2790 νώματί
514 2735 630 2771 σου·
670 2741 697 2767 ››
737 2715 826 2769 καὶ
874 2714 941 2768 τὰ
984 2714 1124 2784 ἑξῆς.
1178 2713 1269 2766 Διὸ
1317 2709 1616 2786 παρακαλῶ
1666 2710 1828 2781 ὑμᾶς,
1861 2706 1906 2762 ὦ

255 2805 509 2884 ἀδελφοὶ,
545 2806 621 2877 μή
655 2801 891 2875 ἐνδῶμεν
925 2802 1070 2863 ὅλως
1097 2807 1176 2872 τῷ
1207 2804 1453 2874 πονηρῷ,
1488 2795 1628 2870 μηδὲ
1668 2797 1906 2851 θανατώ-

253 2917 437 2968 σωμεν
489 2893 732 2964 ἑαυτοὺς,
775 2890 863 2947 δια
906 2889 1303 2960 οἱασδηποτοῦν
1347 2887 1576 2958 ἡδονῆς,
1607 2886 1754 2942 ἀλλὰ
1811 2907 1904 2958 με-

253 2986 521 3058 μνημένοι
579 2985 646 3038 τὰ
703 2982 1027 3053 ἀποκείμενα
1085 2982 1221 3052 ἡμῖν
1283 2978 1335 3033 ἐν
1404 2977 1654 3052 οὐρανοῖς
1717 2974 1904 3051 ἀγαθὰ,

246 3074 465 3128 πάντων
523 3072 729 3127 τούτων
793 3067 1149 3144 ὑπερίδωμεν.
1184 3069 1270 3135 Μή
1331 3065 1421 3121 οῦν
1484 3071 1736 3142 φανῶμεν
1797 3068 1907 3118 τῶν

249 3163 358 3238 πρὸ
389 3164 549 3236 ἡμῶν
594 3161 930 3235 αύχήσαντες
978 3157 1244 3233 παίγνιον.
1279 3159 1543 3211 Ἔκαστον
1585 3155 1687 3229 γὰρ
1739 3154 1790 3209 ἐν
1833 3152 1904 3227 τῇ

247 3250 467 3322 κλήσει,
566 3249 771 3320 ἐκλήθη
835 3248 1008 3322 μένειν
1071 3247 1121 3302 ἐν
1182 3248 1396 3320 Χριστῷ
1448 3241 1820 3320 παραγγέλλει
1871 3243 1900 3297 6

2017 2007 2159 2069 stra,
2182 2016 2300 2056 non
2330 2000 2561 2055 timebit
2582 2017 2683 2056 cor
2701 2018 2900 2058 meum
2922 2003 3021 2058 ³⁸.»
3045 2004 3134 2072 Et,
3159 2025 3187 2053 «
3217 2002 3498 2058 Dominus
3528 2001 3673 2058 mihi

2013 2087 2264 2157 adjutor,
2287 2091 2344 2142 et
2373 2103 2478 2160 ego
2510 2089 2829 2160 despiciam
2863 2091 3133 2147 inimicos
3167 2107 3330 2147 meos
3345 2091 3518 2150 ιω.»
3543 2089 3669 2146 Non

2013 2181 2242 2249 oportet
2296 2177 2476 2247 igitur
2505 2193 2641 2232 eum
2701 2179 2799 2250 qui
2856 2180 3099 2236 Domino
3153 2181 3330 2236 servit
3377 2181 3677 2248 diffidere,

2015 2266 2186 2339 quasi
2232 2283 2347 2322 non
2379 2267 2452 2321 ab
2482 2283 2549 2322 eo
2580 2283 2814 2338 semper
2842 2273 3214 2340 protegatur;
3249 2269 3375 2341 ipse
3414 2287 3671 2342 namque

2015 2356 2162 2410 dixit
2195 2372 2244 2410 :«
2268 2357 2394 2410 Non
2426 2360 2483 2411 te
2513 2357 2795 2424 deseram,
2831 2374 3021 2430 neque
3049 2362 3106 2413 te
3135 2358 3540 2430 derelinquam
3567 2361 3668 2415 ‘9.»

2015 2445 2075 2502 Si
2106 2444 2263 2500 enim
2295 2444 2462 2499 illum
2493 2445 2744 2517 posuisti
2776 2447 3066 2518 refugium
3094 2451 3286 2514 tuum,
3311 2471 3338 2498 «
3367 2465 3482 2503 non
3513 2465 3662 2504 acce-

2017 2535 2155 2589 dent
2185 2534 2255 2590 ad
2288 2538 2344 2590 te
2377 2533 2552 2600 mala,
2585 2540 2642 2590 et
2671 2535 2967 2607 ﬂagellum
3011 2553 3127 2591 non
3167 2537 3673 2610 appropinquabit

2015 2625 2390 2679 tabernaculo
2406 2628 2505 2679 tuo
2522 2625 2619 2690 ‘0,»
2638 2630 2696 2679 et
2711 2629 2936 2680 caetera.
2951 2629 3316 2698 Quapropter
3334 2627 3528 2683 hortor
3548 2645 3670 2695 vos,

2017 2715 2245 2779 fratres,
2280 2713 2620 2769 nullatenus
2668 2714 2927 2786 maligno
2979 2717 3278 2785 cedamus,
3323 2733 3513 2788 neque
3563 2735 3670 2772 nos

2018 2803 2190 2858 morti
2222 2803 2549 2872 tradamus,
2580 2804 2652 2858 ob
2701 2820 3114 2876 quamcunque
3143 2805 3532 2878 voluptatem;
3567 2808 3668 2862 sed

2019 2907 2309 2946 memores
2337 2907 2540 2947 eorum
2571 2908 2700 2962 quae
2744 2892 2913 2947 nobis
2964 2893 3223 2964 reposita
3247 2899 3387 2949 sunt
3417 2895 3475 2948 in
3507 2895 3668 2949 cmlis

2019 2983 2329 3051 bonorum,
2355 2981 2476 3036 hanc
2503 2981 2702 3036 omnia
2733 2981 3151 3053 despiciamus.
3186 2982 3267 3038 Ne
3299 2983 3495 3054 itaque
3526 2986 3665 3040 dum

2018 3071 2339 3144 gloriamur
2385 3086 2587 3126 eorum
2619 3071 2718 3141 qui
2770 3075 2904 3126 ante
2961 3087 3065 3126 nos
3123 3071 3303 3137 fuere,
3341 3071 3662 3128 ludibrium

2015 3176 2142 3216 esse
2189 3159 2513 3214 videamur.
2548 3158 2876 3230 Unicuique
2907 3159 3064 3214 enim
3113 3159 3171 3216 in
3219 3162 3518 3216 vocatione
3548 3180 3664 3234 qua

2016 3253 2258 3304 vocatus
2310 3247 2421 3303 fuit
2464 3249 2822 3303 manendum
2871 3265 3019 3313 esse,
3050 3249 3110 3316 in
3139 3249 3370 3306 Christo
3403 3252 3666 3323 prmcipit

245 3339 608 3402 ’Δπόστολος’
637 3338 730 3393 ’ἱνα
757 3339 848 3393 τὸν
875 3345 975 3408 τῆς
1007 3338 1286 3409 ὑπομονῆς
1318 3337 1572 3413 στέφανον
1614 3334 1758 3406 παρὰ
1804 3335 1900 3386 τοῦ

2014 3337 2344 3410 Apostolus,
2380 3342 2444 3392 ut
2492 3338 2784 3409 patientiae
2833 3354 3128 3408 coronam,
3160 3357 3194 3393 a
3225 3346 3663 3395 remuneratore

247 3428 657 3504 μισθαποδότου
724 3431 958 3503 Χριστοῦ
999 3421 1393 3498 ἀπολάϐωμεν,
1433 3425 1491 3480 ὃν
1536 3419 1900 3498 ἐπηγγείλατο

241 3525 328 3591 τῷ
386 3519 668 3592 ἀγαπῶντι
725 3515 906 3571 αὐτόν.
972 3514 1271 3590 Γέγραπται
1318 3513 1440 3590 γάρ’
1479 3537 1506 3565 ι(
1554 3514 1660 3582 Τὴν
1716 3511 1900 3575 ἐπιθυ-

245 3609 377 3682 μίαν
411 3629 506 3662 σου
538 3607 627 3662 διὰ
666 3613 767 3675 τῆς
818 3605 1099 3678 ὑπομονῆς
1141 3604 1382 3674 νίκησον,
1412 3603 1501 3658 καὶ
1553 3602 1644 3676 ἔσῃ
1691 3601 1899 3665 τέλειος

243 3699 302 3755 ἐν
335 3699 570 3774 Χριρτῷ’
607 3721 634 3747 ››
665 3695 776 3750 καίο
813 3719 841 3747 ‹‹
871 3700 958 3766 Τῷ
985 3699 1207 3749 νικῶντι
1253 3691 1413 3748 δώσω
1461 3699 1649 3771 φαγεῖν
1700 3692 1759 3747 ἐκ
1805 3697 1900 3747 τοῦ

239 3785 416 3859 ξύλου
467 3793 566 3856 τῆς
642 3791 786 3854 ζωῆς
841 3789 939 3839 τοῦ
997 3784 1048 3840 ἐν
1114 3785 1263 3857 μέσῳ
1321 3787 1417 3837 τοῦ
1475 3779 1820 3857 παραδείσου.
1871 3805 1897 3832 ››

244 3875 410 3951 Λέγει
445 3875 642 3951 Κύριος
688 3874 777 3929 καὶ
824 3871 1007 3928 πάλιν·
1041 3876 1228 3933 ’Όστις
1289 3869 1378 3925 διὰ
1427 3875 1522 3925 τοῦ
1581 3868 1745 3940 ξύλου
1801 3875 1899 3925 τοῦ

245 3969 490 4039 σταυροῦ
540 3965 713 4019 πάντα
768 3964 836 4018 τὰ
888 3970 988 4032 τῆς
1042 3961 1234 4034 σαρκὸς
1280 3962 1487 4030 νικήσει
1518 3959 1687 4031 πάθη,
1718 3958 1897 4032 τούτῳ

243 4053 411 4110 δώσω
441 4052 644 4121 στολὴν
677 4053 900 4122 λευκήν.
935 4051 998 4108 Εἰ
1028 4051 1128 4126 γὰρ
1188 4044 1466 4127 φοϐοῦμεν
1524 4049 1615 4103 τὸν
1679 4048 1895 4122 Κύριον,

240 4146 318 4199 τὰ
373 4141 735 4218 ἀνεκδιήγητα
782 4142 970 4217 ἀγαθὰ,
1019 4140 1108 4195 καὶ
1167 4139 1219 4193 οἱ
1275 4145 1374 4207 τῆς
1424 4135 1583 4209 δόξης
1646 4139 1893 4215 στέφανοι

239 4231 684 4305 ἠτοιμάσθησαν.
717 4229 790 4285 Ού
819 4231 920 4306 γὰρ
965 4229 1291 4304 ἐπιτάγματι
1339 4232 1446 4283 τῶν
1501 4227 1665 4303 ἁγίων
1699 4229 1728 4282 6
1762 4226 1896 4302 πρὸς

236 4344 342 4384 τας
379 4319 662 4394 μεθοδείας
703 4326 800 4374 τοῦ
844 4319 1048 4396 ἐχθροῦ
1097 4319 1365 4391 πόλεμος,
1397 4318 1485 4373 καὶ
1517 4319 1550 4387 ἡ
1582 4319 1698 4372 κατ’
1728 4317 1895 4372 αὐτοῦ

236 4412 394 4482 νίκη,
428 4408 517 4466 διὰ
539 4413 637 4479 τῆς
665 4415 761 4464 τοῦ
794 4408 991 4482 Κυρίου
1025 4407 1281 4483 βοηθείας
1321 4404 1556 4474 δέδοται,
1588 4405 1735 4462 ἀλλὰ
1773 4427 1893 4481 τρι-

235 4501 328 4556 σὶν
361 4501 436 4562 ὡς
461 4500 512 4555 ἐν
541 4498 610 4573 τῇ
639 4503 736 4554 τοῦ
787 4499 1094 4573 σπέρματος
1145 4491 1458 4571 παραϐολῇ,
1492 4495 1648 4556 αὐτὸς
1705 4495 1895 4568 Κύριος

236 4585 372 4668 ἔφη’
408 4585 624 4646 Ἐδίδου
654 4587 780 4662 γὰρ,
809 4586 996 4664 φησὶν,
1028 4586 1057 4638 6
1109 4586 1202 4657 μὲν
1247 4586 1558 4659 τριάκοντα,
1591 4585 1618 4638 6
1669 4581 1726 4638 δὲ
1775 4584 1892 4654 ἐξή-

2010 3426 2241 3482 Cbristo
2273 3426 2659 3498 accipiamus.
2695 3427 2990 3498 Scriptum
3035 3427 3190 3482 enim
3224 3432 3313 3484 est
3345 3445 3406 3484 :«
3437 3429 3662 3484 Concu-

2011 3515 2355 3588 piscentiam
2407 3521 2570 3570 tuam
2622 3532 2726 3586 per
2773 3515 3116 3588 patientiam
3165 3517 3404 3588 vincito,
3446 3524 3502 3574 et
3547 3520 3663 3575 eris

2011 3606 2302 3678 perfectus
2353 3605 2412 3660 in
2465 3604 2730 3662 Christo:
2765 3609 2821 3659 et
2854 3622 2920 3660 :«
2953 3605 3220 3662 Vincenti
3271 3607 3421 3662 dabo
3469 3623 3662 3664 come-

2011 3695 2145 3750 dere
2175 3695 2248 3749 de
2278 3693 2434 3764 ligno
2465 3693 2616 3758 vitaz,
2640 3694 2796 3765 quod
2829 3699 2918 3749 est
2964 3695 3022 3749 in
3075 3695 3266 3751 medio
3319 3697 3575 3768 paradisi
3595 3698 3658 3752 ⁶¹.

2010 3784 2108 3838 Ait
2147 3784 2358 3838 iterum
2403 3783 2687 3838 Dominus
2719 3800 2732 3838 :
2769 3783 3110 3856 Quicunque
3142 3802 3242 3857 per
3269 3785 3496 3858 lignum
3529 3804 3657 3842 cru-

2009 3874 2095 3929 cis
2125 3889 2329 3928 omnes
2359 3872 2552 3928 carnis
2592 3873 2896 3944 passiones
2933 3873 3154 3944 vicerit,
3188 3873 3323 3929 huic
3356 3876 3506 3931 dabo
3539 3881 3659 3931 sto-

2007 3963 2125 4017 lam
2157 3961 2374 4018 albam.
2409 3961 2467 4016 Si
2500 3978 2754 4034 namque
2798 3962 3112 4018 Dominum
3164 3964 3500 4035 timeamus,
3536 3967 3658 4021 ine-

2006 4049 2326 4106 narrabilia
2375 4050 2524 4105 bona
2549 4054 2605 4105 et
2633 4066 2857 4106 corona
2887 4051 3084 4123 gloria;
3117 4053 3288 4108 nobis
3335 4060 3660 4127 praeparata

2006 4143 2167 4196 sunt.
2202 4138 2326 4194 Non
2385 4138 2542 4192 enim
2601 4155 2670 4194 ex
2725 4144 3064 4195 sanctorum
3115 4141 3388 4211 jussione
3439 4143 3656 4199 bellum

2006 4227 2395 4284 committitur
2423 4231 2627 4282 contra
2671 4227 2893 4282 inimici
2932 4228 3126 4292 dolos;
3179 4231 3281 4285 sed
3311 4231 3554 4287 victoria
3586 4235 3659 4289 de

2007 4318 2136 4390 ipso
2169 4333 2272 4389 per
2314 4315 2597 4372 auxilium
2649 4317 2875 4371 Domini
2924 4322 3277 4388 reportatur,
3309 4324 3365 4374 et
3416 4323 3654 4392 quidem

2006 4407 2249 4463 atrium
2289 4405 2597 4462 hominum
2647 4406 2982 4478 generibus,
3015 4411 3081 4461 ut
3110 4407 3235 4480 ipse
3289 4410 3564 4466 Dominus
3599 4413 3652 4466 in

2006 4495 2286 4569 parabole
2316 4497 2387 4551 de
2432 4495 2760 4551 seminibus
2807 4495 3116 4566 loquitur:
3157 4498 3320 4553 Dedit
3369 4499 3522 4556 alius
3553 4503 3655 4556 tri-

2006 4587 2190 4659 ginta,
2224 4584 2378 4641 alius
2426 4585 2745 4656 sexaginta,
2779 4584 2930 4640 alius
2980 4590 3239 4642 centum.
3270 4587 3487 4644 Horum
3522 4607 3653 4645 vero

232 4699 410 4735 κοντα
441 4679 470 4733 6
502 4677 559 4732 δὶ
581 4674 792 4732 ἕκατον.
827 4674 1050 4732 Τούτων
1072 4671 1130 4728 δὲ
1158 4679 1264 4728 τῶν
1296 4673 1584 4749 ταγμάτων
1623 4673 1717 4735 τὰς
1763 4673 1892 4727 ὑπο-

2014 4677 2278 4732 erinum
2326 4675 2553 4730 varium
2605 4679 2847 4741 statum,
2881 4673 2931 4730 si
2961 4690 3160 4730 sacras
3209 4677 3447 4748 quidem
3496 4680 3650 4734 Scri-

233 4781 437 4838 θεσεις,
469 4788 493 4822 ε
523 4768 617 4829 τὰς
673 4766 883 4841 Γραφὰς
936 4764 1258 4838 ἔριον-τίσεις,
1300 4762 1647 4837 πολύτροπον
1700 4761 1758 4816 ἂν
1807 4762 1890 4816 εὑ-

232 4860 450 4935 ρήσεις·
490 4876 754 4931 μαρτυρες
791 4856 882 4927 μὲν
916 4852 1006 4908 οῦν
1040 4851 1282 4923 εἷσιν,ὡς
1307 4853 1334 4906 6
1357 4852 1486 4924 ἐμὸς
1519 4846 1890 4925 λόγος,ο’ἰ’τὸν

226 4945 432 5004 ἕκατον
466 4950 747 5000 ποιοῦνται
790 4943 1016 5016 καρπὸν,
1049 4942 1306 5018 παρθένοι
1353 4941 1408 4995 αἳ
1458 4941 1548 4995 τὸν
1611 4940 1888 5009 ἐξήκονταο

229 5036 332 5092 καὶ
364 5037 416 5090 οἱ
447 5034 636 5090 λοιποὶ
667 5034 720 5088 οἳ
757 5035 891 5088 κατὰ
932 5033 1027 5094 τὰς
1069 5031 1291 5092 ἐντολὰς
1328 5034 1425 5085 τοῦ
1475 5029 1698 5104 Κυρίου,
1731 5050 1893 5083 σπου-

231 5124 494 5194 δάζοντες
525 5123 846 5198 ἀμέμπτους
880 5122 931 5177 ἐν
969 5123 1113 5195 πάσῃ
1161 5122 1466 5198 ἀναστροφῇ
1517 5119 1737 5180 ἑαυτοὺς
1789 5140 1892 5195 φυ-

231 5214 484 5284 λάσσειν,
513 5218 592 5285 τῷ
638 5211 824 5288 Κυρίῳ
881 5209 1206 5286 ἀρεσκούσῃ,
1247 5209 1556 5284 τριάκοντα.
1605 5212 1718 5262 Τῶν
1783 5211 1888 5262 σῶν

235 5307 507 5377 μαθητῶν
537 5303 749 5379 γένοιτο
793 5301 942 5375 ἡμᾶς
990 5299 1296 5376 ἐπαγῆναι,
1332 5299 1526 5376 Χριστέ
1571 5300 1771 5368 Ἰησοῦ,
1801 5297 1890 5351 καὶ

226 5397 351 5451 τῶν
383 5392 546 5470 ἁγίων
582 5413 676 5448 σου
721 5393 929 5468 ἀγαθῶν
990 5389 1308 5461 ἀπολαύειν,
1340 5395 1428 5444 νῦν
1488 5389 1576 5444 καὶ
1634 5387 1709 5450 είς
1764 5385 1890 5450 τοὺς

224 5482 632 5555 ἀτελευτήτους
664 5479 864 5543 αἰῶνας
893 5481 998 5536 τῶν
1033 5479 1270 5538 αἰώνων.
1297 5482 1492 5553 Ἀμήν.

305 5721 351 5756 δι
386 5720 431 5775 ll
459 5719 609 5774 Tim.
643 5735 709 5786 ιι,
739 5719 791 5774 4.

222 5792 357 5833 ιτ-δι
389 5791 538 5848 Psal.
569 5807 743 5861 cxvu,
773 5791 829 5856 6,
862 5793 913 5844 7-

896 5718 941 5752 "
973 5717 1149 5773 Marc.
1185 5734 1307 5783 xm,
1346 5719 1430 5773 16.

1533 5717 1578 5752 ⁸⁸
1609 5715 1783 5772 Eccli.
1817 5732 1880 5783 ιι,
1914 5715 1964 5770 1.

991 5789 1036 5824 ⁸⁸
1064 5789 1236 5846 Hebr.
1271 5806 1393 5862 χιιι,
1424 5791 1476 5844 5.
1556 5790 1600 5824 ³ο
1625 5787 1779 5844 Psal.
1812 5803 1902 5856 xc,
1938 5787 2023 5842 10.

2004 4771 2208 4838 pturas
2257 4763 2555 4830 evolveris,
2599 4763 2870 4836 reperies.
2904 4764 3188 4838 Martyres
3237 4772 3396 4839 sunt,
3428 4773 3493 4824 ut
3523 4785 3651 4824 mea

2002 4855 2113 4910 fert
2142 4854 2360 4926 opinio,
2391 4855 2490 4925 qui
2537 4854 2921 4910 centesimum
2961 4854 3184 4910 faciunt
3212 4856 3502 4926 fructum;
3537 4860 3646 4913 vir-

2002 4943 2189 5016 gines,
2235 4961 2364 5015 qua
2403 4944 2867 5016 sexagesimum;
2903 4943 3112 5014 reliqui
3142 4960 3277 5000 vero
3307 4946 3407 5018 qui
3439 4964 3640 5003 secun-

2003 5033 2143 5088 dum
2178 5034 2457 5088 mandata
2501 5033 2731 5089 Domini
2779 5038 3052 5089 curantes
3085 5049 3212 5090 sese
3253 5035 3309 5090 in
3343 5037 3499 5092 omni
3536 5039 3650 5093 Deo

2003 5127 2236 5195 accepta
2267 5124 2703 5178 conversatione
2733 5123 3062 5195 inculpatos
3088 5125 3402 5193 custodire,
3429 5125 3650 5182 tricesi-

2003 5228 2190 5266 mum.
2223 5211 2535 5282 Contingat
2581 5211 2769 5282 nobis,
2801 5229 2833 5268 o
2863 5213 3090 5269 Christe
3135 5213 3297 5281 Jesu,
3333 5215 3650 5287 discipulo-

2005 5318 2135 5356 rum
2189 5304 2424 5356 tuorum
2471 5301 2530 5356 in
2572 5317 2816 5358 numero
2866 5302 3164 5370 constitui,
3197 5308 3256 5360 et
3301 5305 3486 5361 sacris
3534 5307 3653 5362 tuis

2003 5391 2221 5464 perfrui
2251 5391 2446 5458 bonis,
2470 5407 2626 5446 nunc
2666 5395 2724 5447 et
2765 5391 2824 5446 in
2871 5391 3104 5450 inﬁnita
3152 5393 3368 5451 saecula
3412 5395 3650 5452 saeculo-

2001 5498 2154 5537 rum.
2187 5485 2395 5536 Amen.

2693 5712 2738 5747 "
2767 5712 2918 5769 Psal.
2970 5731 3124 5781 xxvx,
3176 5717 3226 5771 1.
3331 5718 3376 5753 ⁴⁶
3405 5717 3553 5773 Ibid.
3586 5720 3644 5775 5.

2071 5715 2117 5750 “
2147 5713 2298 5770 Psal.
2349 5729 2489 5780 χχιι,
2538 5714 2590 5768 4.

2101 5788 2141 5823 ⁵⁸
2175 5785 2413 5859 Apoeal.
2448 5803 2510 5854 ιι,
2540 5787 2595 5841 7.
