4104 6370
350 433 506 494 142⁸7

1513 424 1578 482 S.
1626 419 2152 481 ATHANASIUS.
2177 447 2243 463 —
2279 420 2589 484 SPURIA.

3619 422 3778 485 “28

789 577 938 636 527
974 570 1104 649 Περί
1133 576 1229 627 τοῦ
1256 574 1409 637 ναοῦ,
1440 570 1530 624 καὶ
1560 568 1685 644 περὶ
1712 572 1819 623 τῶν
1853 564 2266 638 διδασκαλείων,
2297 568 2387 623 καὶ
2415 573 2522 624 τῶν
2552 568 2788 646 θεάτρων
2821 576 2928 626 τῶν
2959 569 3010 627 ἐν
3040 572 3315 643 Ἀθήναις.

1603 700 1831 753 ΑΘΑΝΔ
1849 698 2001 753 ΣῘΟΥ
2036 698 2165 755 ΤΟΥ
2203 699 2529 755 ΜΕΓΔΛΟΥ

1310 824 1743 875 ΕΞΗΓΗΤΙΚΟΝ
1786 818 1944 873 UEPI
1982 820 2107 871 ΤΟΥ
2142 821 2230 870 ΕΝ
2269 819 2574 874 ΑΘΗΝΑΙΣ
2617 819 2819 876 ΝΔΟΥ.

1232 1050 1305 1104 De
1335 1048 1549 1119 tempto,
1581 1045 1646 1101 de
1675 1043 1875 1100 scholis
1905 1047 1959 1099 et
1989 1044 2220 1099 theatris
2249 1057 2375 1115 quae
2403 1042 2628 1099 Athenis
2656 1048 2900 1100 exstant.

1743 1170 2133 1226 ATHANASII
2173 1169 2401 1225 MAGNI

1374 1289 1882 1348 COMMENTARIUS
1922 1289 2009 1343 DE
2046 1287 2307 1343 TEMPLO
2345 1288 2773 1346 ATHENARUM.

2036 1446 2107 1459 υ-

444 1545 519 1601 Iis
550 1545 651 1616 qui
684 1560 881 1599 sacras
912 1541 1246 1613 Scripturas
1297 1541 1592 1612 ignorant,
1627 1537 1873 1592 suadere
1918 1536 2017 1590 dc-
2049 1598 2050 1601 η

2205 1531 2340 1594 Τοὺς
2367 1534 2461 1595 τὰς
2493 1533 2635 1598 θείας
2666 1535 2877 1613 Γραφὰς
2937 1535 3012 1608 μὴ
3072 1533 3490 1607 ἐπισταμένους,
3521 1533 3573 1606 ἐξ
3615 1534 3787 1605 αὐτῆς

373 1636 602 1704 bemus,
637 1637 701 1688 ut
728 1649 796 1688 ex
827 1633 955 1704 ipsa
985 1647 1180 1687 rerum
1219 1634 1430 1686 natura
1458 1629 1529 1683 de
1564 1627 1659 1682 Dei
1693 1624 2021 1699 cognitione

2142 1622 2324 1677 λοιπὸν
2355 1628 2458 1691 τῆς
2508 1627 2616 1678 τῶν
2666 1622 2997 1700 πραγμάτων
3059 1622 3290 1702 φύσεως,
3321 1627 3503 1678 πεῖσαι
3560 1622 3788 1702 ὀφειλο-

369 1725 549 1780 verba
581 1723 816 1779 faciant.
851 1721 1130 1777 Videmus
1173 1734 1430 1789 namque
1469 1720 1621 1772 inter
1650 1732 1743 1771 res
1773 1720 2018 1778 creatas,

373 1811 734 1869 substantias
756 1810 1065 1881 quasdam,
1091 1826 1218 1879 quae
1240 1824 1352 1862 non
1378 1806 1703 1861 secundum
1728 1811 2021 1873 naturam,

374 1902 476 1957 sed
509 1916 690 1971 supra
734 1900 925 1970 ipsam
957 1902 1254 1963 naturam,
1281 1895 1391 1951 sibi
1428 1899 1631 1948 mutuo
1663 1891 2023 1946 ministrant.

2137 1732 2230 1784 μεν
2262 1713 2387 1785 περὶ
2446 1712 2765 1788 θεογνωσίας
2823 1710 3025 1787 λέγειν.
3060 1714 3303 1788 Ὀρῶμεν
3348 1711 3449 1788 γάρ
3496 1733 3648 1775 τινας
3694 1713 3792 1769 οὗ·

2134 1800 2249 1863 σίας
2282 1799 2334 1855 ἐν
2360 1804 2429 1874 τῇ
2478 1800 2649 1856 κτίσει
2710 1800 2771 1856 ού
2830 1801 2966 1856 κατὰ
3023 1799 3202 1877 φύσιν,
3235 1798 3382 1856 ἀλλὰ
3438 1801 3571 1876 ὑπὲρ
3631 1801 3788 1879 φύσιν

2139 1890 2253 1961 μετ’
2285 1886 2552 1959 ἀλλήλων
2604 1889 2998 1964 ὑπηρετούσας·
3032 1889 3147 1945 οἷόν
3206 1910 3259 1944 τι
3318 1887 3488 1965 λέγω,
3535 1889 3691 1967 φύσις
3753 1892 3787 1960 ἠ

375 1988 578 2056 Qualis
605 1985 856 2059 exempli
886 1986 1077 2059 gratia
1096 1990 1207 2055 est,
1240 2001 1404 2056 aqua:
1435 1988 1665 2051 natura,
1690 1998 1816 2052 quae
1847 1979 2030 2035 ﬂuida

2142 1981 2242 2033 τῶν
2291 1975 2519 2051 ὑδάτων,
2548 1977 2702 2034 οὐσία
2760 1978 2978 2056 ῥευστὴ,
3007 1979 3098 2034 καὶ
3154 1979 3477 2057 κατωφερής
3530 1979 3792 2055 ὑπάρχει,

377 2082 468 2134 est
496 2093 562 2133 ac
593 2077 868 2132 deorsum
902 2075 1121 2140 tendit;
1174 2073 1470 2145 quomodo
1516 2070 1913 2141 conspicimus
1944 2072 2028 2121 ta-

381 2182 515 2223 men
564 2182 692 2221 eam
726 2182 759 2219 a
787 2163 1159 2236 siphonibus,
1195 2167 1258 2216 ut
1307 2165 1534 2227 vocant,
1564 2176 1598 2215 a
1639 2158 1786 2215 mari
1816 2158 1886 2212 ad
1921 2173 2029 2212 nu-

380 2257 486 2312 bes
518 2269 706 2325 usque
737 2253 947 2309 deduci
979 2269 992 2307 :
1026 2253 1299 2324 quodque
1330 2250 1547 2306 mirum
1579 2249 1740 2304 dictu
1771 2256 1878 2315 est,
1903 2262 2032 2317 quae

383 2344 540 2400 salsa
570 2342 833 2399 ascendit
862 2358 1016 2414 aqua
1060 2341 1306 2409 marina,
1338 2340 1397 2394 in
1434 2338 1628 2411 pluvia
1655 2337 1845 2393 dulcis
1874 2335 2034 2391 dela-

384 2431 588 2490 bitur?
617 2432 920 2498 Quomodo
967 2431 1107 2486 item
1139 2447 1271 2485 cum
1304 2446 1549 2500 corpora
1580 2433 1789 2483 natura
1836 2442 1944 2481 sua
1973 2425 2033 2480 in

383 2522 570 2578 imum
604 2521 868 2584 tendant,
902 2520 959 2573 in
992 2520 1162 2590 aquis
1202 2524 1395 2573 tamen
1434 2515 1791 2573 Marmaricae
1821 2520 2037 2570 Penta-

384 2612 602 2683 poleos,
639 2625 826 2681 neque
861 2608 1138 2669 inimum
1170 2609 1438 2673 tendunt,
1473 2622 1659 2677 neque
1691 2606 2037 2676 demergun-

381 2699 521 2755 tur?
551 2698 700 2764 Quin
732 2697 908 2753 etiam
949 2714 1082 2752 cum
1119 2714 1266 2769 aqua
1295 2702 1352 2752 et
1393 2696 1548 2767 ignis
1595 2694 1890 2750 contraria
1919 2692 2038 2747 sint

382 2792 618 2857 natura,
650 2805 768 2842 una
812 2795 1009 2842 tamen
1064 2785 1381 2857 aliquando
1427 2786 1728 2853 orant(27)
1760 2784 1818 2839 in
1854 2782 2038 2854 Lyciis

383 2879 585 2932 monte
615 2891 790 2946 quem
822 2874 1132 2947 Olympum
1172 2877 1399 2941 vocant,
1438 2877 1503 2928 ut
1547 2871 1842 2928 innumeri
1870 2871 2034 2926 vide-

381 2969 521 3021 runt
550 2964 840 3031 homines,
872 2969 930 3019 et
958 2963 1243 3019 hactenus
1265 2962 1443 3018 etiam
1476 2961 1672 3017 vident
1699 2961 1796 3033 qui
1828 2977 1894 3016 eo
1922 2958 2034 3015 loci

379 3055 709 3107 versantur.
743 3051 810 3105 Et
839 3050 955 3106 alia
1001 3050 1094 3105 his
1135 3049 1354 3105 similia
1384 3050 1442 3104 in
1476 3066 1672 3104 rerum
1706 3053 1916 3103 natura
1947 3047 2032 3102 vi-

380 3141 597 3196 dentur
626 3155 683 3195 et
712 3140 1087 3196 admirationi
1133 3139 1453 3206 habentur;
1503 3156 1630 3211 qua:
1665 3156 1804 3193 sane
1836 3137 2035 3193 omnia

381 3247 495 3284 non
533 3230 611 3284 ita
640 3246 819 3300 supra
851 3233 1121 3284 naturam
1158 3228 1279 3284 fieri
1313 3231 1574 3300 possent.
1608 3228 1716 3283 nisi
1748 3233 1906 3283 esset
1935 3225 2036 3282 ali-

381 3335 497 3389 qua
549 3318 646 3373 Dei
698 3318 1031 3373 substantia
1067 3335 1193 3389 quas
1245 3317 1338 3373 his
1386 3317 1808 3382 dominaretur,
1844 3315 2034 3387 iisque

381 3407 695 3477 imperaret
735 3423 852 3462 non
898 3407 1008 3462 sibi
1065 3412 1270 3462 mutuo
1318 3405 1634 3463 adversari.
1668 3404 1711 3460 Ο
1742 3403 2029 3478 gentiles!

380 3496 479 3567 qui
517 3496 581 3550 ﬁt
613 3500 676 3551 ut
705 3496 925 3568 ingenti
972 3495 1121 3552 facto
1152 3497 1395 3563 tonitru,
1426 3500 1552 3566 tota
1589 3495 1895 3551 hominum
1928 3510 2029 3549 na-

376 3590 513 3640 tura
568 3590 802 3655 tremat,
857 3585 1175 3652 horrescat,
1216 3586 1610 3657 Obstupescat.
1660 3586 1780 3649 Quo
1832 3584 2031 3654 utique

376 3673 595 3729 indicio
652 3672 911 3729 ostendit
956 3690 1018 3729 se
1063 3673 1310 3729 Domino
1366 3672 1580 3745 subjici
1635 3672 2029 3728 tonitruorum

377 3763 620 3817 auctori.
655 3762 725 3817 Et
755 3761 878 3816 haec
910 3762 1146 3832 quidem
1182 3765 1322 3816 sunt
1351 3766 1861 3833 argumenta,qua3
1891 3777 2031 3831 gen-

376 3851 570 3906 tilium
605 3852 871 3905 rudiores
901 3856 958 3904 et
991 3851 1380 3921 imperitiores
1411 3851 1481 3905 ad
1508 3850 1607 3905 Dei
1637 3851 2030 3922 cognitionem

376 3939 666 3995 deducere
698 3938 946 4009 possint.
978 3940 1062 3993 Ad
1100 3938 1330 3993 illorum
1372 3944 1568 3995 autem
1616 3940 1910 4012 sapientes
1939 3940 2031 3995 di-

378 4027 592 4096 cimus,
635 4044 704 4081 ex
750 4027 1013 4099 antiquis
1065 4028 1597 4100 praestantibusque
1646 4028 2029 4100 philosophis,

380 4116 570 4172 multa
589 4117 660 4172 de
687 4116 783 4171 Dei
814 4115 974 4173 cultu
1009 4117 1366 4185 testimonia,
1389 4119 1677 4189 quosdam
1700 4119 2029 4175 Graecorum

380 4206 677 4277 sapientes
708 4205 1039 4276 protulisse,
1067 4205 1185 4260 imo
1210 4205 1387 4261 etiam
1409 4206 1622 4263 Christi
1646 4208 2031 4264 oeconomiam

2017 2958 2030 2985 ε
2064 2921 2113 2985 Β

2137 2070 2254 2128 πῶς
2288 2067 2502 2142 ὁρῶμεν
2532 2067 2658 2131 τοὺς
2690 2065 3024 2142 λεγομένους
3054 2067 3292 2146 σίφωνας
3316 2066 3376 2122 ἐκ
3395 2073 3496 2137 τῆς
3516 2066 3797 2139 θαλάσσης

2140 2152 2303 2231 ὕδωρ
2339 2156 2476 2230 πρὸς
2526 2156 2620 2219 τὰς
2674 2156 2901 2235 νεφελᾶς
2959 2157 3271 2233 ἀνάγοντας*
3302 2157 3365 2212 τὸ
3395 2153 3454 2211 δὲ
3485 2157 3797 2230 θαυμαστὸν

2144 2243 2306 2319 ῥητὸν
2332 2244 2395 2300 τὸ
2425 2244 2671 2323 ἁλμυρὸν
2703 2245 3090 2321 ἀνερχόμενον,
3123 2245 3301 2322 γλυκὺ
3330 2243 3420 2300 ἐπὶ
3445 2252 3551 2320 γῆς
3583 2243 3673 2301 διὰ
3702 2246 3800 2302 τὸν

2143 2328 2351 2410 ὄμϐρον
2389 2336 2751 2410 κατὲρχεται;
2786 2336 2909 2398 Πῶς
2957 2332 3015 2390 δὲ
3061 2332 3227 2390 πάλιν
3276 2336 3310 2404 ἠ
3357 2332 3465 2390 τῶν
3526 2334 3800 2409 σωμάτων

2144 2423 2301 2500 φύσις
2337 2422 2621 2499 βολιστική
2662 2422 2799 2479 κατὰ
2841 2422 2998 2502 φύσιν
3053 2422 3392 2500 ὑπάρχουσα,
3427 2424 3615 2497 ὁρᾶται
3668 2417 3804 2478 ἀϐο-

2145 2512 2353 2580 λιστος,
2385 2512 2475 2566 καὶ
2525 2510 2717 2575 ἄδυτος
2777 2510 2829 2568 ἐν
2884 2518 3002 2576 τοῖς
3059 2509 3212 2567 ὕδασι
3271 2518 3372 2582 τῆς
3431 2518 3801 2588 Μαρμαρικῆς

2145 2600 2533 2664 Πενταπόλεως
2559 2621 2573 2671 ;
2597 2601 2659 2656 οὐ
2695 2601 2859 2674 μόνον
2893 2599 2970 2671 δὲ,
3003 2601 3148 2658 ἀλλᾶ
3176 2601 3281 2677 γὰρ
3328 2601 3419 2656 καὶ
3464 2599 3658 2663 ὕδατος
3705 2601 3801 2656 καὶ

2145 2690 2315 2767 πυρὸς
2372 2690 2583 2746 ἐναντία
2637 2694 2673 2761 ἡ
2733 2691 2892 2770 φύσις
2941 2691 3282 2766 ὑπάρχουσα,
3316 2688 3368 2745 ἓν
3426 2694 3505 2762 τῷ
3547 2690 3661 2763 ἅμα
3705 2690 3801 2759 ἦν,

2147 2781 2236 2837 ὅτε
2283 2781 2334 2836 ὲν
2384 2781 2553 2853 Λυκίᾳ
2598 2786 2678 2854 τῷ
2723 2777 2839 2857 ὄρει
2875 2780 2955 2855 τῷ
2986 2779 3273 2857 λεγομένῳ
3303 2780 3590 2853 Ὀλύμπῳ,
3622 2781 3807 2843 καθὼς

2152 2867 2407 2946 μυριάδες
2440 2868 2646 2947 ἀνδρῶν
2680 2869 2968 2945 ἑωράκασι,
2998 2868 3088 2924 καὶ
3140 2870 3308 2945 μεχρι
3362 2873 3462 2924 τυῦ
3515 2874 3606 2924 νῦν
3664 2868 3805 2924 ἐκεί-

2141 2981 2247 3014 νων
2285 2958 2566 3035 βλέπουσι·
2599 2959 2691 3015 καὶ
2722 2958 2866 3015 ἄλλα
2895 2955 3171 3035 παράδοξα
3202 2958 3253 3013 ἐν
3307 2961 3377 3032 τῇ
3433 2957 3602 3014 κτίσει
3661 2970 3800 3023 θεω-

2145 3048 2406 3124 ρούμενα,
2462 3048 2552 3103 καὶ
2621 3048 3027 3121 θαυμαζόμενα,
3087 3048 3243 3103 ἅτινα
3318 3046 3418 3102 ούκ
3490 3047 3549 3101 ἃν
3624 3046 3803 3109 οὕτως

2145 3138 2277 3213 ὑπὲρ
2310 3138 2465 3216 φύσιν
2498 3137 2740 3214 γενέσθαι
2773 3134 3033 3211 ἔμελλον,
3067 3137 3113 3192 εί
3150 3137 3224 3209 μή
3259 3135 3412 3191 οὐσία
3439 3157 3524 3198 τις
3569 3140 3703 3192 Θεοῦ
3735 3138 3805 3205 ἧν

2141 3227 2347 3282 τούτων
2409 3225 2765 3297 δεσπόζουσα,
2793 3227 2885 3282 καὶ
2940 3226 3156 3289 τούτοις
3214 3224 3595 3301 ἐπιτρέπουσα,
3628 3223 3809 3295 ἀλλή-

2144 3315 2266 3379 λοις
2321 3318 2396 3390 μή
2449 3316 2868 3380 ἀντιτάττεσθαι.
2917 3320 2983 3370 Ὦ
3026 3313 3314 3386 Ἑλλήνων
3366 3310 3585 3376 παῖδεςί
3644 3314 3807 3390 βρονσ

2140 3413 2240 3475 τῆς
2272 3404 2495 3481 στερρᾶς
2541 3404 2858 3480 γινομένης,
2890 3409 3008 3467 πῶς
3064 3406 3244 3460 ἅπασα
3273 3404 3307 3474 ἠ
3338 3408 3447 3460 τῶν
3498 3403 3803 3479 ἀνθρώπων

2142 3495 2297 3573 φύσις
2353 3496 2568 3571 τρέμει,
2617 3494 2824 3571 φρίττει
2881 3514 2940 3549 τε
3003 3492 3094 3549 καὶ
3169 3491 3456 3563 ἐξίσταται,
3518 3490 3806 3565 μηνύουσα

2143 3580 2232 3639 διὰ
2283 3588 2381 3639 τοῦ
2437 3584 2749 3659 σχήματος,
2781 3581 2865 3638 ὅτι
2917 3582 3019 3637 ὑπὸ
3074 3579 3340 3637 δεσπότου
3388 3581 3520 3654 ἐστὶ,
3549 3585 3649 3636 τοῦ
3703 3581 3805 3644 τὰς

2146 3672 2373 3749 βροντὰς
2449 3670 2835 3747 ἐργαζομένου.
2895 3670 2995 3726 Καὶ
3069 3675 3239 3726 ταῦτα
3320 3670 3414 3744 μὶν
3477 3670 3614 3746 πρὸς
3669 3668 3805 3732 τοὺς

2140 3759 2533 3839 ἀφελεστέρους
2606 3764 2714 3815 τῶν
2774 3757 3099 3831 Ἑλλήνων,
3148 3761 3322 3834 ἠγοῦν
3379 3759 3802 3835 ἀγραμμάτους,

2142 3849 2217 3913 εἲς
2267 3848 2596 3925 θεογνωσίαν
2657 3848 2889 3928 φέροντα
2948 3845 3346 3925 ὑποδείγματα.
3382 3847 3526 3924 Ιιρὸς
3586 3844 3644 3902 δὶ
3671 3847 3805 3911 τοὺς

2141 3939 2266 4015 παρ’
2324 3937 2508 4000 αὐτοῖς
2565 3938 2788 4018 σοφοὺς,
2848 3936 2908 3993 ἔκ
2955 3936 3272 4017 φιλοσόφων
3334 3936 3579 4014 ἀρχαίων
3640 3934 3805 3993 δυνα-

2139 4032 2266 4100 τῶν,
2304 4026 2601 4106 μαρτυρίας
2633 4025 2851 4089 πολλὰς
2890 4028 3013 4104 περὶ
3064 4022 3366 4092 θεοσεϐείας
3413 4026 3554 4088 τινὲς
3586 4024 3804 4097 Ἐλλή-

2139 4140 2245 4173 νων
2275 4119 2432 4197 σοφοὶ
2462 4113 2682 4196 ἔφασαν,
2717 4114 2863 4173 ἀλλὰ
2891 4115 2981 4171 καὶ
3010 4117 3110 4186 τὴν
3159 4121 3259 4172 τοῦ
3304 4120 3542 4192 Χριστοῦ
3590 4114 3808 4171 οἰκονο-

2146 4207 2268 4281 μίαν
2328 4204 2587 4284 ἀμυδρῶς
2637 4207 3042 4283 προεμήνυσαν.
3105 4205 3203 4260 Καὶ
3260 4205 3361 4282 γὰρ
3421 4204 3530 4281 πρὸ
3572 4203 3806 4261 πολλῶν

379 4312 481 4351 seu
540 4294 1011 4350 lncarnationem
1065 4293 1567 4367 praesigniﬁcasse.
1600 4297 1823 4353 Etenim
1881 4298 2032 4354 mul-

2144 4296 2360 4373 χρόνων
2417 4303 2515 4366 τῆς
2579 4298 2820 4372 Χριστοῦ
2878 4290 3201 4367 ἐπιδημίας,
3231 4292 3396 4372 σοφός
3443 4314 3526 4355 τις
3577 4291 3811 4365 ὀνόματι

378 4383 455 4439 tis
505 4388 641 4439 ante
673 4382 888 4438 Christi
938 4384 1253 4439 adventum
1304 4385 1496 4451 annis,
1521 4385 1756 4457 sapiens
1786 4388 2027 4458 quidam

375 4469 580 4542 Apollo
615 4471 871 4540 nomine,
895 4470 1196 4536 divinitus,
1239 4477 1302 4526 ut
1331 4477 1492 4544 puto,
1526 4479 1846 4545 permotus,
1883 4479 2029 4530 tem-

379 4557 543 4629 plum
569 4557 817 4614 Athenis
845 4559 1149 4624 exstruxit,
1174 4559 1231 4614 in
1255 4561 1426 4631 cujus
1454 4560 1623 4617 altari
1652 4563 1803 4618 hanc
1830 4563 2033 4618 inscri-

379 4647 636 4715 ptionem
672 4647 869 4719 posuit
903 4667 915 4704 :
944 4669 965 4697 ι
999 4653 1204 4720 Ignoto
1237 4648 1375 4710 Deo.
1400 4673 1426 4698 υ
1462 4651 1539 4706 Eo
1570 4651 1750 4723 igitur
1799 4650 1855 4705 in
1906 4651 2031 4706 loco

377 4752 699 4792 convenere
738 4736 906 4808 primi
941 4738 1269 4793 Graecorum
1306 4737 1660 4811 philosOpbi,
1682 4744 1749 4793 ut
1776 4739 1847 4795 de
1878 4743 2031 4795 tem-

379 4825 477 4897 plo
507 4824 608 4880 illo
640 4824 835 4896 ipsum
885 4827 1331 4896 interrogarent,
1368 4844 1591 4882 necnon
1636 4828 1706 4884 de
1730 4829 2035 4901 prophetia

379 4919 436 4970 et
465 4914 537 4969 de
568 4914 668 4969 Dei
700 4915 885 4984 uultu,
920 4934 1168 4988 quorum
1225 4915 1457 4971 nomina
1491 4917 1872 4989 proferemus.
1908 4917 2033 4974 Pri-

381 5019 536 5071 mus,
562 5003 765 5072 Titon;
797 5005 1113 5071 secundus,
1148 5004 1315 5071 Bias;
1358 5007 1587 5076 tertius,
1621 5006 1824 5075 Solon;
1858 5027 2032 5080 quar-

379 5097 499 5160 tus,
533 5092 768 5161 Chilon;
805 5095 1071 5165 quintus,
1105 5095 1509 5168 Thucydides;
1544 5103 1766 5164 sextus,
1801 5098 2034 5154 Menan-

378 5180 511 5248 der;
546 5183 855 5253 septimus,
890 5182 1075 5240 Plato.
1108 5183 1177 5239 Hi
1222 5191 1446 5256 septem
1483 5184 1816 5258 philosophi
1858 5187 2032 5260 Apol-

449 5322 797 5403 g27).Affine_
828 5331 914 5381 est
957 5326 1109 5398 quod
1162 5326 1243 5403 ait
1293 5327 1633 5403 Aristoteles
1652 5327 2031 5403 .ﬂepi‘oauzaz-

377 5390 507 5488 c‘lév
545 5390 910 5488 ’ἀκουσμάτων
959 5390 1105 5488 (om.
1160 5400 1201 5466 ι’,
1233 5414 1309 5488 Ῥ.
1346 5400 1527 5488 1165ξε
1566 5390 1776 5488 Καίετάξ
1811 5390 2039 5488 ἀμν-

378 5467 523 5538 εχῶς
555 5467 679 5539 περὶ
726 5467 922 5522 Λυκίαν
972 5469 1061 5522 καὶ
1115 5467 1357 5543 μεγάλην
1390 5468 1551 5524 πόλιν
1602 5470 1700 5538 τὴν
1752 5469 1803 5524 ἐν
1860 5470 2037 5526 Πελο-

374 5538 633 5616 πονῄσῳ,
663 5539 766 5596 Ubi
797 5541 1089 5616 interpres
1130 5543 1439 5616 inerudite,
1475 5549 1761 5616 Megaram
1805 5545 2034 5616 Ριιιορο-

374 5610 496 5685 gesi
542 5611 752 5681 urbem,
784 5610 976 5685 yertit'.
1028 5613 1224 5685 Neque
1273 5614 1430 5685 enim
1484 5610 1717 5685 Megara
1762 5610 1947 5671 erant'
1975 5617 2034 5672 in

380 5677 754 5759 PeIOponeso'.
776 5677 1397 5759 Scdghi_c_Mogalopolis
1418 5677 1869 5759 Polop'onesiaca
1890 5689 2033 5744 urbs

380 5754 759 5807 memoratur.
788 5784 852 5793 —
873 5755 933 5812 S.
967 5754 1298 5813 Meth'odius
1328 5756 1388 5812 in
1430 5754 1581 5813 libro
1631 5760 1704 5813 De
1751 5775 2028 5816 resurrec-

2141 4385 2454 4454 Ἀπόλλων,
2488 4384 2690 4454 θεόθεν,
2719 4385 2793 4447 ὡς
2853 4383 3035 4457 οἶμαι,
3067 4383 3420 4454 ἐπικινηθεὶς,
3479 4377 3656 4437 ἔκτισε
3709 4381 3805 4437 τὸν

2142 4473 2193 4529 ἐν
2237 4475 2495 4544 Ἀθήναις
2543 4473 2693 4542 ναὸν,
2725 4472 2937 4548 γράψας
2990 4473 3042 4528 ἐν
3092 4472 3240 4544 αὐτῷ
3277 4472 3472 4548 βωμῷ,
3507 4471 3805 4547 Ἀγνώστῳ

2141 4568 2274 4633 Θεῷ.
2342 4564 2426 4619 Ἐν
2482 4561 2630 4634 αύτῷ
2682 4561 2859 4616 τοίνυν
2918 4562 3270 4637 συνήχθησαν
3322 4561 3373 4615 οἱ
3427 4563 3639 4636 πρῶτοι
3698 4563 3808 4614 τῶν

2138 4649 2420 4721 Ἑλλήνων
2468 4650 2782 4730 φιλόσοφοι,
2808 4648 2901 4706 *ίνα
2930 4651 3055 4727 περὶ
3110 4655 3208 4705 τοῦ
3264 4654 3396 4705 ναοῦ
3462 4647 3814 4725 ἐρωτήσωσιν

2142 4741 2325 4815 αὐτὸν,
2357 4742 2446 4796 καὶ
2502 4741 2626 4815 περὶ
2681 4738 3042 4819 προφητείας,
3072 4739 3163 4794 καὶ
3221 4734 3549 4811 θεοσεϐείας,
3601 4738 3677 4792 ὧν
3736 4737 3808 4793 τὰ

2144 4830 2385 4903 ὀνόματα
2442 4829 2666 4904 ἐροῦμεν
2731 4833 2916 4886 ταῦτα.
2996 4832 3221 4903 Πρῶτος
3297 4828 3491 4897 Τίτων,
3554 4823 3808 4901 δεύτερος

2143 4919 2290 4985 Βίας,
2348 4919 2528 4996 τρίτος
2609 4917 2840 4989 Σώλων,
2915 4917 3174 4993 τέταρτος
3251 4915 3485 4984 Χείλων,
3545 4916 3803 4988 πέμπτος

2142 5005 2630 5080 Θουκήδης,ἕκτος
2680 5004 3012 5083 Μένανδρος,
3063 5001 3302 5079 ἕϐδομος
3356 5004 3610 5062 Πλάτων.
3641 5005 3810 5060 Οὗτοι

2142 5099 2193 5154 οἱ
2226 5099 2359 5154 ἑπτὰ
2388 5098 2685 5177 φιλόσοφοι
2719 5095 2923 5175 ἔφησαν
2974 5100 3053 5168 τῷ
3112 5093 3454 5152 Ἀπόλλωνιο
3492 5095 3813 5171 Προφήτευο

2144 5209 2234 5243 σον
2265 5189 2425 5261 ἡμῖν,
2456 5195 2732 5266 προφῆτα,
2765 5188 2812 5242 ὦ
2841 5183 3156 5257 ’Δπολλον,
3190 5183 3271 5246 τίς
3303 5184 3443 5240 ἐστιν
3491 5181 3586 5238 ὅδε
3634 5183 3811 5253 εἷπον,

2143 5335 2290 5388 tione
2338 5333 2513 5403 (apud
2565 5348 2670 5387 nos
2720 5335 2760 5387 t.
2810 5330 3010 5395 XVIII,
3052 5329 3160 5386 col.
3210 5329 3382 5403 286):
3425 5328 3552 5384 Vidi
3600 5342 3697 5397 ego
3750 5325 3817 5382 in

2150 5402 2380 5476 Olympo
2400 5402 2480 5475 (is
2507 5418 2670 5474 porro
2700 5419 2853 5457 mons
2890 5411 2965 5457 est
3011 5404 3211 5475 Lycia?)
3243 5402 3433 5473 ignem
3460 5403 3659 5471 sponte
3679 5413 3814 5469 sua,

2147 5478 2206 5530 in
2257 5480 2461 5530 montis
2514 5477 2829 5543 cacumine,
2888 5492 2958 5530 ea:
3012 5476 3126 5529 imo
3177 5484 3337 5529 terrae
3390 5478 3819 5543 erumpentem;

2136 5549 2305 5618 juxta
2328 5563 2486 5617 quem
2517 5551 2697 5601 exstat
2726 5539 2893 5601 arbor
2924 5548 3128 5617 Agnus
3157 5547 3404 5612 nomine,
3423 5539 3567 5618 adeo
3588 5539 3818 5618 ﬂorida,

2145 5614 2403 5745 vigens‘et
2431 5634 2622 5745 οέασα,
2657 5623 2717 5673 ut
2735 5614 3182 5689 jugibus'potius
3209 5618 3379 5689 aquis
3408 5616 3629 5685 irrigua
3657 5614 3826 5670 nasci

2145 5707 2197 5745 vi
2239 5698 2414 5745 eatur.
2495 5706 2606 5744 nrr.

2145 5698 2414 5746 videatur.
2450 5698 2606 5745 Enrr.
