4104 6362
266 450 420 509 1429

263 581 405 642 τίνος
441 577 517 635 ἔτι
547 581 575 634 6
612 580 744 652 μετὰ
775 581 832 635 σὲ
867 582 1052 656 βωμὸς
1086 580 1240 642 οὗτος
1271 599 1284 648 ;
1323 581 1463 654 Πρὸς
1496 579 1587 639 οῦς
1643 579 1670 631 6
1701 572 1909 629 ’Λπόλ-

2027 571 2088 636 li,
2150 571 2422 625 dixerunt
2481 585 2492 622 :

265 668 376 725 λων
408 666 533 746 ἔφη⁶
566 672 707 726 ’Όσα
740 671 832 742 μὲν
882 672 1016 744 πρὸς
1068 670 1283 744 ἀρετήν,
1335 671 1423 723 καί
1472 669 1678 738 κόσμον
1735 664 1914 738 ὀρρω-

268 757 409 814 δεῖτε
453 765 652 831 ποιεῖν,
712 765 936 814 ποιεῖτε.
1001 760 1142 834 Ἐγὼ
1201 760 1301 833 γάρ
1359 757 1637 834 ἐφετμεύω
1697 752 1910 826 τρισένη

269 845 629 921 ὑψιμέδοντα,
679 849 740 902 οὗ
788 847 950 924 λόγος
1011 849 1303 924 ἅφθεγκτος
1364 847 1414 901 ἐν
1479 846 1638 916 αόεἷῳ
1699 841 1913 914 mine]

265 936 403 1011 κόρῃ
429 935 669 1011 ἔγγυμος
703 935 870 1007 ἔσται,
909 936 1087 1012 ὥσπερ
1131 938 1440 1013 πυροφόρον
1503 936 1654 1003 τόξον
1713 935 1915 984 ἅπαντα

264 1025 471 1097 κόσμον
505 1028 811 1100 ζωγρήσας,
847 1026 1038 1099 Πατρὶ,
1085 1026 1333 1099 προσάξει
1385 1022 1580 1096 δῶρον.
1634 1020 1810 1092 Μαρία
1859 1017 1915 1072 δὲ

263 1114 326 1167 τὸ
374 1109 548 1185 ὄνομα
578 1114 765 1182 αὐτῆς·
801 1114 908 1169 ἔστι
943 1113 1000 1169 δὲ
1030 1117 1064 1182 ἡ
1100 1114 1252 1174 λύσις
1286 1113 1622 1188 προρητείας
1672 1110 1909 1168 οὕτως...

264 1211 386 1285 περὶ
424 1212 517 1283 μὶν
548 1218 646 1268 τοῦ
676 1211 804 1266 ναοῦ
838 1212 974 1266 ἐστιν
1008 1213 1034 1264 6
1068 1216 1282 1286 πρῶτος
1317 1207 1506 1284 λόγος.
1541 1213 1696 1274 "Usa,
1758 1207 1910 1283 φησὶ,

260 1301 395 1375 πρὸς
427 1301 631 1373 κόσμον
661 1306 757 1355 τοῦ
789 1306 937 1368 ναοῦ,
970 1300 1059 1355 καὶ
1092 1300 1297 1362 κάλλος
1334 1297 1549 1353 δυνατὸν
1588 1299 1712 1369 ὑμῖν
1751 1297 1912 1362 ποιῆ-

258 1410 364 1457 σαι,
409 1391 475 1444 τὰ
525 1390 814 1464 ἀρέσκοντα
853 1395 932 1460 τῷ
982 1395 1096 1459 Θεῷ
1145 1390 1232 1442 καὶ
1266 1389 1594 1462 ἀνθρώποις.
1632 1386 1774 1459 Ἐγὼ
1807 1384 1909 1458 γάρ

265 1474 634 1549 ὑπολαμϐάνω
666 1480 800 1533 εἶναι
833 1478 883 1533 ἐν
927 1484 1008 1548 τῷ
1069 1477 1280 1551 οὐρανῷ
1327 1477 1752 1549 τρισυπόστατον
1819 1473 1912 1545 μὲ-

261 1588 356 1642 γαν
391 1567 611 1640 ὕψιστον
650 1565 891 1642 βασιλέα,
926 1568 1136 1622 Τούτου
1168 1567 1404 1642 ἄναρχος
1455 1568 1603 1630 Θεὸς,
1669 1564 1753 1618 καὶ
1809 1561 1912 1615 Λό-

262 1675 358 1728 γος
393 1655 444 1710 ἐν
483 1657 682 1730 ἀγάμῳ
727 1655 861 1730 κόρῃ
922 1661 1232 1730 σαρκοῦται,
1283 1656 1371 1709 καὶ
1431 1655 1609 1727 ὥσπερ
1670 1651 1910 1727 πυροφόο

263 1764 356 1820 ρον
387 1745 562 1814 τόξον,
613 1746 647 1813 ἢ
700 1745 774 1807 ὡς
835 1743 1218 1818 δυναμώτερον
1268 1748 1472 1799 ἅπαντα
1502 1744 1704 1813 κόσμον
1741 1743 1909 1817 saw/,-

260 1854 430 1904 σεται,
466 1833 696 1889 ἁλιεύων
725 1834 852 1896 τοῦς
884 1835 1221 1908 ἀνθρώπους,
1256 1831 1436 1908 ὥσπερ
1491 1832 1652 1906 ἱγῦύα
1704 1831 1760 1884 ἐκ
1815 1834 1910 1883 τοῦ

1125 446 1749 510 COMMENTARIUS
1795 441 1898 502 DE
1941 439 2259 500 TEMPLO
2305 434 2826 495 ATHENABUM.

3527 437 3554 493 l
3566 432 3686 492 430

2553 566 2884 622 Vaticinare
2945 567 3136 632 nobis,
3194 583 3226 621 ο
3287 565 3588 638 propheta,
3648 584 3681 623 o

2026 659 2252 731 Apollo.
2284 658 2425 721 Quis
2457 660 2545 711 est
2576 655 2688 720 hic,
2723 655 2837 718 dic,
2872 657 3040 724 cujus
3072 660 3161 710 est
3221 655 3404 711 altare
3461 657 3557 711 cui
3616 661 3678 710 tu

2027 758 2230 813 astas?
2287 757 2433 810 Tum
2498 753 2701 825 Apollo
2759 753 2839 806 ait
2889 770 2900 807 :
2954 757 3089 819 Quae
3121 753 3359 823 quidem
3392 755 3463 809 ad
3501 755 3678 808 virtu-

2026 852 2143 901 tem
2175 850 2230 900 et
2261 846 2527 898 decorem
2563 849 2851 913 spectant,
2887 858 3134 912 quaeque
3164 858 3264 896 vos
3316 843 3502 898 facere
3553 861 3680 914 per-

2026 935 2357 1001 timescitis,
2418 932 2589 986 facite
2647 938 2868 985 tamen.
2910 932 3026 1001 Ego
3063 947 3315 1001 namque
3346 934 3559 986 mando
3595 939 3683 987 ter

2026 1050 2209 1088 unum
2242 1047 2490 1101 superne
2524 1033 2882 1099 regnantem,
2916 1029 3084 1098 cujus
3116 1029 3356 1083 verbum
3407 1047 3521 1085 non
3583 1047 3678 1085 vo-

2025 1123 2167 1184 cale,
2201 1122 2256 1175 in
2293 1119 2482 1191 puella
2515 1120 2782 1172 inclusus
2812 1118 2938 1181 erit,
2963 1117 3061 1188 qui
3094 1118 3263 1187 quasi
3295 1135 3465 1173 arcus
3499 1119 3682 1189 ignita

2025 1212 2264 1266 mittens
2293 1210 2429 1273 tela,
2460 1214 2645 1262 totum
2681 1207 2970 1260 mundum
3003 1212 3242 1277 captum
3279 1207 3429 1261 Patri
3460 1207 3518 1262 in
3577 1209 3679 1261 do-

2025 1318 2166 1355 num
2218 1299 2437 1354 ollcret.
2471 1297 2651 1351 Maria
2681 1300 2876 1350 autem
2909 1299 2998 1349 est
3029 1295 3235 1365 puella:
3267 1312 3502 1350 nomen.
3542 1301 3679 1351 Pro-

2023 1389 2230 1460 phetia:
2260 1404 2390 1442 vero
2424 1386 2543 1440 haec
2574 1390 2662 1440 est
2687 1383 3084 1454 explicatio...
3105 1385 3176 1439 de
3205 1387 3420 1456 templo
3453 1387 3681 1457 primus

2021 1505 2214 1543 sermo
2243 1485 3032 1556 intelligitur.0uzecumque,
3064 1482 3240 1550 ait,ad
3274 1483 3476 1555 templi
3508 1502 3678 1538 orna-

2022 1584 2148 1631 tum
2182 1581 2236 1630 et
2266 1577 2531 1630 decorem
2563 1578 2840 1643 praestare
2871 1571 3158 1643 poteritis,
3184 1578 3306 1627 'Deo
3337 1579 3392 1627 et
3424 1573 3677 1628 homini-

2021 1668 2132 1722 bus
2167 1665 2378 1737 placita
2408 1667 2599 1718 erunt.
2645 1663 2761 1732 Ego
2822 1677 3074 1732 namque
3131 1661 3383 1716 arbitror
3433 1678 3560 1718 esse
3617 1667 3677 1719 in

2021 1764 2184 1833 cmlo,
2240 1763 2298 1817 in
2331 1762 2521 1817 tribus
2553 1760 2968 1832 hypostasibus
2998 1775 3277 1830 magnum
3312 1759 3674 1816 altissimum

2021 1855 2253 1922 Regem.
2291 1852 2473 1920 Hujus
2505 1849 2709 1922 (illius)
2739 1865 2944 1920 expers
2996 1849 3148 1902 initii
3213 1849 3361 1903 Deus
3418 1854 3472 1904 et
3528 1849 3668 1903 Ver-

265 1924 430 1997 βυθοῦ
473 1931 572 1990 τῆς
622 1922 890 1993 ἀπιστίας,
943 1923 1030 1976 καὶ
1086 1922 1375 1995 ἀγνωσίας,
1435 1922 1680 1980 οὕστινας
1740 1939 1906 1991 προσ-

2021 1943 2181 2007 bum,
2215 1941 2463 2010 innupta
2494 1939 2551 1992 in
2585 1938 2810 2009 virgine
2839 1938 3272 2002 incarnatur,et
3299 1937 3462 2007 quasi
3497 1954 3669 1993 arcus

259 2011 370 2080 ἀξει
402 2016 479 2083 τῷ
514 2012 703 2064 ἑαυτοῦ
740 2013 905 2084 Πατρὶ
936 2009 1132 2086 δῶρον.
1189 2011 1364 2085 Μαρία
1393 2008 1449 2064 δὲ
1478 2011 1539 2063 τὸ
1590 2007 1763 2080 ὄνομα
1813 2007 1907 2060 αύ-

253 2106 380 2167 τῆς.
429 2101 524 2154 Καὶ
573 2105 734 2154 τοῦτο
790 2101 882 2172 μὲν
935 2101 1292 2176 προφητεύων
1335 2100 1362 2151 6
1418 2096 1709 2153 Ἀπόλλων
1774 2097 1904 2149 εἷπε.

251 2187 426 2242 Τίτιον
460 2187 583 2266 ἔφη’
643 2189 777 2258 "Ilia
827 2190 860 2256 ἡ
911 2187 1208 2263 ἀνίσχοοσα
1257 2190 1389 2258 ἡμῖν
1441 2185 1657 2259 μὲλλων
1689 2186 1779 2239 τὸν
1814 2184 1907 2237 ού-

253 2279 436 2351 ράνιον
467 2283 563 2332 τοῦ
613 2283 745 2331 Θεοῦ
796 2277 883 2331 καὶ
940 2279 1144 2351 Πατρὸς
1198 2274 1363 2330 παῖδα
1409 2279 1443 2344 ἡ
1478 2274 1736 2349 ἄνανδρος
1770 2275 1904 2348 κόρη

251 2365 393 2420 κύει.
457 2367 580 2421 Βίας
632 2368 795 2421 εἶπεν·
841 2366 1013 2426 Οὗτός
1047 2366 1184 2420 ἐστιν
1218 2366 1322 2420 ἀπὸ
1356 2364 1593 2438 δύρανῶν
1633 2360 1904 2439 βεϐηκὼς,

256 2452 465 2533 φλογὸς
501 2450 790 2508 ὑποϐαλὼν
827 2456 1087 2517 ἀθάνατον
1134 2459 1260 2527 πῦρ’
1312 2454 1367 2508 ὅν
1416 2453 1601 2526 τρέμει
1657 2451 1905 2526 οὐρανὸς,

256 2559 330 2626 γῆ
363 2573 440 2624 τε,
475 2551 734 2623 θάλασσα,
765 2554 1043 2627 τάρταροι,
1077 2552 1162 2605 καὶ
1202 2553 1375 2625 βύθιοι
1436 2548 1709 2622 δαίμονες,
1745 2548 1906 2602 αύτο-

255 2644 445 2716 πάτιυρ
478 2637 793 2716 τρισόλϐιος
864 2640 1052 2695 Σόλων
1096 2643 1259 2695 εἶπεν⁸
1317 2643 1444 2712 ’0ψὲ
1494 2660 1623 2693 ποτε
1672 2638 1756 2692 ἐπὶ
1806 2639 1901 2706 τήν

257 2728 462 2805 σχεὸὴν
492 2730 691 2799 ταύτην
755 2729 932 2785 ἐλάσει
984 2729 1112 2791 Θεὸς
1162 2735 1306 2804 γαῖα,
1349 2730 1436 2782 καὶ
1489 2726 1615 2803 δίχα
1654 2727 1905 2804 σ’ράλμα-

252 2839 349 2880 τος
384 2819 508 2894 σὰρξ
538 2822 815 2894 γενήσεται
866 2818 1143 2891 ἀκαμάτου
1193 2818 1468 2888 θεότητος,
1516 2816 1744 2870 ἀνιάτων
1804 2836 1905 2869 πα-

253 2906 364 2962 θῶν
422 2907 604 2968 λύσεις
662 2911 921 2985 φοροῦσα,
979 2907 1066 2961 καὶ
1124 2905 1320 2961 τούτου
1373 2906 1562 2982 μικρὸν
1623 2907 1904 2980 γενήσεται

253 2997 458 3074 φθόνου
492 2995 652 3065 λαοῦ,
707 2995 796 3050 καὶ
848 2997 982 3071 πρὸς
1027 2996 1159 3068 ὕψος
1193 2995 1534 3068 κρεμασοεῖς,
1571 2995 1645 3055 ὡς
1677 2995 1905 3047 θανάτου

247 3082 566 3154 κατάδικος,
611 3083 685 3146 εἰς
717 3085 890 3138 πάντα
920 3090 1092 3159 πρᾶος
1149 3089 1407 3139 πεσεῖται.
1465 3083 1675 3140 Χεῖλων
1736 3083 1901 3136 εἶπεν·

251 3174 556 3246 Ἀκάματος
589 3173 745 3248 φύσις
779 3179 913 3227 Θεοῦ
960 3175 1265 3248 γενήσεται,
1300 3172 1349 3242 ἐξ
1407 3172 1570 3226 αὐτοῦ
1604 3170 1659 3226 δὲ
1726 3173 1752 3225 ὁ
1811 3171 1904 3226 αὐ-

248 3263 346 3324 τὸς
399 3263 572 3334 οὐσία,
631 3263 717 3316 καὶ
781 3263 973 3338 Λόγος.
1036 3260 1320 3332 Θουκήδης
1378 3263 1511 3316 εἷπε·
1565 3263 1691 3316 Θεὸν
1745 3256 1904 3315 σέϐου

253 3351 345 3406 καὶ
381 3353 626 3424 μάνθανε·
666 3353 740 3423 μή
778 3353 926 3421 ζήτει
959 3349 1015 3405 δὲ
1043 3351 1126 3412 τίς
1160 3351 1292 3417 ἐστι,
1324 3352 1411 3404 καὶ
1454 3356 1568 3412 πῶς
1602 3370 1614 3418 ;
1669 3351 1741 3403 Οὐ
1799 3351 1903 3425 γάρ

252 3441 396 3496 ἐστιν
431 3440 522 3495 ὅτε
553 3440 651 3495 οὐκ
681 3437 843 3510 ἔστιν,
876 3442 948 3501 ὡς
994 3440 1117 3494 ὅντα
1170 3445 1360 3494 τοῦτον
1422 3436 1582 3494 σέϐου
1630 3441 1718 3494 καὶ
1781 3442 1904 3513 μάνο

255 3550 403 3602 θανεο
441 3533 637 3606 ἀσεϐής
669 3539 771 3612 γάρ
802 3539 893 3592 τὸν
952 3542 1072 3590 νοῦν
1108 3538 1135 3590 6
1195 3537 1366 3600 θέλων
1423 3539 1700 3608 μανθάνειν
1753 3537 1904 3594 Θεόν.

254 3625 568 3703 Μένανδρος
601 3629 768 3682 εἴπεν⁶
826 3633 879 3680 Ὀ
935 3628 1166 3688 παλαιὸς
1210 3628 1351 3696 νέος,
1402 3627 1489 3681 καὶ
1548 3628 1575 3680 6
1633 3626 1749 3688 νέος
1808 3629 1902 3702 ἆρ-

251 3722 440 3792 χαῖοςο
497 3718 526 3770 6
581 3718 763 3790 [ἰατὴρ
826 3716 1008 3788 μόνος,
1066 3717 1153 3769 καὶ
1214 3717 1242 3770 ὁ
1296 3716 1458 3788 μόνος
1520 3718 1723 3791 Πατῆρο
1757 3717 1818 3770 τὸ
1849 3715 1902 3770 ἓν

247 3806 401 3880 τρία,
451 3807 540 3861 καὶ
583 3808 647 3859 τά
694 3805 817 3880 τρία
871 3802 943 3859 ἕν·
997 3802 1226 3879 άσαρκον
1279 3805 1552 3880 σαρκικόν.
1591 3813 1660 3874 Γῆ
1719 3807 1905 3860 τὲτοκε

244 3896 343 3950 τὸν
416 3895 662 3969 οὐρανιον
743 3893 988 3969 βάσιλέα.
1067 3892 1294 3948 Πλάτων
1376 3894 1540 3949 εἶπεν.
1601 3893 1818 3962 Ἐπειδή
1874 3896 1902 3949 6

246 3985 383 4046 Θεὸς
440 3983 662 4059 ἀγαθὸς,
715 3983 775 4037 οῦ
824 3982 1036 4036 πάντων
1087 3983 1216 4035 εἶναι
1266 3981 1458 4048 αἶ’τιος,
1506 3983 1579 4043 ὡς
1614 3983 1665 4036 οἱ
1697 3981 1900 4036 πολλοὶ

247 4073 496 4148 λέγουσι.
535 4071 766 4126 Πολλῶν
803 4069 858 4125 δὲ
888 4070 1143 4132 ἀναίτιος
1178 4071 1265 4124 καὶ
1306 4073 1412 4124 τῶν
1443 4071 1536 4142 μὲν
1568 4071 1776 4146 ἀγαθῶν
1807 4070 1899 4125 οὗ·

245 4160 336 4216 δὲν
370 4160 511 4216 ἄλλο
546 4162 718 4239 φαμὲν
752 4159 920 4214 αἴτιον
956 4160 1086 4214 εἶναι
1120 4159 1282 4231 μόνον
1332 4165 1438 4213 τῶν
1488 4158 1670 4213 καλῶν
1721 4164 1898 4213 κακῶν

245 4248 309 4305 δὲ
358 4249 558 4304 οὐκέτι.
596 4250 670 4303 Αῦ
702 4247 801 4303 πά)
822 4270 866 4301 ιν
898 4246 1098 4316 ἔφησαν
1134 4247 1283 4301 οὗτοι
1316 4249 1367 4302 οἱ
1399 4248 1532 4303 ἐπτά
1584 4248 1671 4302 καὶ
1724 4250 1894 4302 εἷπον·

245 4340 315 4396 Εἰ
351 4341 445 4412 μὲν
475 4339 600 4412 περῖ
629 4345 728 4406 τῆς
759 4342 852 4390 τοῦ
886 4339 1115 4411 Χριστοῦ
1143 4337 1483 4408 οἰκονομίας,
1513 4338 1601 4391 καὶ
1635 4337 1755 4412 περὶ
1799 4341 1898 4405 τῆς

244 4428 406 4503 ἁγίας
439 4425 684 4502 Τριάδος.
743 4425 948 4487 Ἀλλος
1011 4423 1066 4480 δέ
1096 4447 1176 4487 τις
1233 4432 1339 4480 τῶν
1392 4426 1671 4496 Ἑλλήνων
1736 4428 1898 4503 σοφὸς

247 4519 366 4590 μεθ’
412 4518 605 4589 ἑτέρων
657 4519 843 4580 τινῶν,
895 4513 1225 4583 Ἀσκληπιὸς
1277 4514 1590 4588 λεγόμενος,
1645 4516 1899 4585 αἰτησάν-

240 4628 355 4660 των
392 4604 678 4680 ἑρμηνείαν
722 4608 828 4656 τῶν
881 4604 1091 4656 πάντων
1153 4603 1467 4680 φιλασόψων
1527 4605 1899 4682 φιλοσοφώτε-

2021 2030 2208 2100 ignita
2241 2029 2478 2082 mittens
2509 2029 2644 2088 tela,
2678 2043 2776 2080 seu
2812 2032 2875 2080 ut
2913 2025 3210 2097 quidpiam
3271 2042 3338 2080 eo
3394 2026 3666 2092 validius,

2019 2131 2205 2180 totum
2246 2127 2534 2181 mundum
2570 2124 2912 2194 piscabitur,
2948 2124 3215 2180 homines
3250 2124 3472 2180 scilicet
3503 2126 3670 2196 quasi

2020 2217 2206 2288 pisces
2223 2233 2289 2270 ex
2313 2215 2600 2286 profundo
2616 2213 3040 2268 indiﬂdelitatis
3054 2218 3110 2267 et
3131 2215 3470 2284 ignorantiae
3493 2221 3676 2270 extra-

2019 2306 2303 2376 het,quos
2338 2303 2492 2358 Patri
2524 2304 2579 2357 in
2616 2305 2834 2357 donum
2868 2303 3085 2358 offeret.
3125 2303 3301 2358 Maria
3333 2309 3528 2359 autem
3564 2321 3672 2361 no-

2020 2411 2150 2449 men
2184 2395 2310 2465 ejus
2340 2393 2468 2448 erit.
2503 2394 2569 2446 Et
2625 2392 2745 2446 haec
2803 2393 3038 2463 quidem
3095 2392 3469 2449 vaticinando
3527 2393 3674 2448 dixit

2018 2483 2242 2554 Apollo.
2298 2484 2469 2537 Titon
2531 2482 2766 2536 dixit....
2827 2481 3131 2536 leestem
3202 2481 3299 2536 Dei
3359 2487 3416 2536 et
3484 2485 3670 2537 Patris

2017 2573 2170 2630 528
2206 2570 2414 2626 Filium
2447 2571 2552 2625 viri
2584 2587 2790 2642 expers
2848 2570 3042 2642 puella
3107 2571 3164 2624 in
3234 2576 3396 2627 utero
3454 2579 3666 2646 gestat.

2019 2674 2152 2728 Bias
2206 2673 2399 2744 inquit
2464 2688 2474 2725 :
2537 2671 2640 2726 llic
2695 2676 2783 2726 est
2837 2672 2938 2742 qui
2969 2672 3039 2726 de
3072 2673 3214 2727 caelo
3244 2674 3421 2740 venit,
3452 2676 3670 2747 quique

2016 2764 2416 2819 ﬂammantem
2451 2766 2731 2816 aeternum
2766 2761 2959 2832 ignem
2993 2761 3525 2835 submittetzquem
3557 2769 3670 2820 tre-

2018 2857 2188 2907 munt
2218 2851 2450 2918 ccelum,
2483 2855 2658 2917 terra,
2694 2866 2873 2917 mare,
2907 2850 3131 2916 tartari,
3163 2855 3220 2906 et
3262 2851 3320 2906 in
3382 2853 3670 2924 profundo

2016 2941 2266 2997 demersi
2327 2941 2641 3006 daamones,
2702 2940 3021 3012 imperator
3062 2939 3461 2997 felicissimus.
3495 2941 3670 2998 Solon

2017 3041 2095 3096 ait
2133 3057 2144 3096 :
2179 3039 2278 3094 Vel
2313 3056 2440 3094 sero
2475 3038 2706 3092 tandem
2740 3037 2797 3091 in
2830 3037 2940 3092 hac
2999 3038 3266 3094 navicula
3324 3040 3395 3095 ad
3455 3045 3670 3097 terram

2015 3129 2267 3202 appellet
2296 3129 2471 3194 Deus,
2504 3132 2560 3183 et
2589 3129 2812 3199 absque
2845 3133 3076 3199 peccato
3107 3129 3208 3183 ﬁet
3236 3145 3369 3184 caro
3399 3129 3672 3202 infatiga-

2015 3219 2150 3274 bilis
2183 3218 2566 3288 deitatis,quae
2590 3216 3018 3272 insanabilibus
3036 3218 3258 3274 morbis
3277 3219 3560 3274 medelam
3585 3221 3670 3276 al-

1935 3317 1977 3383 ρ
2017 3308 2208 3364 latura
2238 3312 2342 3363 est.
2381 3308 2482 3362 Hic
2513 3308 2580 3362 ad
2616 3306 2906 3362 tantillum
2942 3307 3222 3380 temporis
3254 3309 3534 3380 spatium,
3569 3327 3668 3380 po-

2018 3405 2139 3478 puli
2174 3405 2400 3462 invidiae
2435 3405 2800 3476 subjicietur.
2823 3405 2884 3460 In
2917 3403 3101 3460 altum
3127 3423 3474 3478 suspensus,
3497 3408 3668 3479 quasi

2018 3496 2088 3550 ad
2121 3500 2362 3550 mortem
2393 3495 2728 3562 damnatus,
2759 3511 2897 3566 erga
2927 3495 3128 3550 omnia
3176 3501 3519 3551 mansuetus
3568 3515 3662 3552 ca-

2016 3586 2132 3639 dct.
2193 3584 2394 3639 Chilon
2450 3583 2642 3655 inquit
2692 3600 2704 3637 :
2753 3583 3141 3654 Infatigabilis
3167 3585 3275 3640 erit
3303 3584 3400 3640 Dei
3433 3591 3666 3657 natura,

2015 3701 2083 3738 ex
2116 3684 2241 3754 ipso
2275 3689 2472 3738 autem
2503 3690 2590 3738 est
2621 3683 2721 3755 qui
2763 3683 3092 3738 substantia
3148 3689 3238 3738 est
3298 3690 3474 3756 atque
3534 3685 3666 3741 Ver-

2015 3773 2178 3828 bum.
2238 3773 2605 3844 Thucydides
2657 3773 2737 3827 ait
2788 3788 2800 3826 :
2852 3777 3034 3827 Deum
3065 3790 3358 3842 venerare,
3392 3791 3457 3829 ac
3486 3774 3665 3829 disci-

2014 3867 2072 3916 to
2105 3862 2271 3918 illum
2309 3881 2320 3917 :
2358 3881 2428 3916 ne
2460 3867 2657 3917 tamen
2691 3879 2919 3934 qumras
2951 3863 3084 3933 quis
3115 3868 3216 3917 aut
3246 3865 3538 3935 quomodo
3570 3865 3664 3919 sit.

2011 3961 2137 4015 Non
2170 3962 2327 4016 enim
2359 3966 2448 4015 est
2476 3967 2709 4030 tempus
2739 3978 2854 4031 quo
2884 3959 2980 4015 ille
3007 3977 3122 4016 non
3153 3961 3247 4025 sit,
3274 3968 3336 4016 ut
3381 3962 3667 4018 exsisten-

2013 4052 2128 4103 tem
2187 4049 2331 4116 cole,
2392 4055 2568 4119 atque
2600 4048 2680 4102 ita
2711 4048 2903 4103 edisce
2930 4048 3119 4104 illum.
3157 4052 3378 4120 Impius
3409 4067 3666 4122 namque

2011 4142 2207 4192 mente
2237 4144 2344 4203 est,
2378 4137 2475 4208 qui
2505 4137 2643 4194 velit
2673 4138 2932 4192 ediscere
2989 4137 3129 4208 quid
3187 4139 3264 4193 sit
3319 4141 3489 4195 Deus.
3545 4143 3662 4195 Me-

2011 4227 2234 4281 nander
2283 4225 2365 4281 ait
2399 4244 2410 4281 :
2445 4228 2739 4295 Antiquus
2789 4243 2997 4292 novus,
3028 4232 3087 4282 et
3115 4244 3298 4283 novus
3330 4229 3612 4300 antiquus
3646 4245 3660 4284 :

2009 4323 2178 4378 Pater
2207 4322 2368 4378 solus
2400 4328 2458 4378 et
2503 4322 2664 4378 solus
2722 4327 2892 4378 Pater
2950 4340 2962 4376 :

2010 4429 2194 4467 unum
2255 4429 2266 4466 :
2329 4414 2521 4466 carnis
2565 4429 2770 4482 expers
2802 4411 3052 4467 carnale.
3085 4413 3261 4468 Terra
3292 4415 3517 4484 peperit
3547 4432 3661 4471 cce-

2009 4501 2213 4556 lestem
2246 4518 2458 4571 regem.
2490 4500 2648 4555 Plato
2702 4501 2848 4554 dixit
2906 4517 2918 4554 :
2979 4501 3266 4564 Quoniam
3327 4502 3517 4559 bonus
3573 4511 3664 4560 est

2012 4597 2184 4657 Heus,
2236 4607 2349 4646 non
2407 4591 2670 4644 omnium
2730 4605 2860 4644 esse
2890 4605 3069 4644 causa
3099 4596 3311 4660 potest.
3345 4592 3660 4650 Multorum

243 4716 341 4771 ρον
394 4693 576 4748 δοῦναι
628 4693 817 4753 αὐταῖς
878 4690 1043 4765 λόγον
1103 4692 1225 4766 περὶ
1285 4698 1418 4746 Θεοῦ
1477 4693 1704 4770 φύσεως·
1762 4696 1788 4748 6
1839 4692 1896 4749 δῖε

2015 4705 2118 4742 non
2152 4693 2241 4744 est
2269 4687 2364 4742 ille
2393 4705 2589 4742 causa.
2625 4688 2689 4741 Et
2720 4688 3007 4742 bonorum
3039 4687 3276 4758 quidem
3328 4688 3492 4745 nulla
3544 4691 3662 4748 alia

237 4787 452 4859 Ἑρμῆς
502 4777 684 4838 λαϐὼν
736 4781 974 4857 σιφέριον
1018 4778 1244 4854 ἔγραψεν
1289 4781 1484 4842 οὕτως·
1535 4783 1596 4838 Εἰ
1653 4784 1728 4854 μὴ
1763 4784 1895 4858 πρό-

238 4874 366 4928 νοιά
393 4893 475 4933 τις
506 4876 603 4926 τοῦ
651 4875 758 4925 τῶν
810 4871 1022 4923 πάντων
1079 4868 1298 4943 Κυρίου,
1345 4869 1406 4923 οὐ
1461 4872 1565 4942 μὴν
1613 4873 1702 4924 τὸν
1739 4870 1900 4945 λόγον

236 4967 436 5017 τοῦτον
472 4959 819 5032 ἀποκαλύψαι
869 4954 1200 5026 ἠϐούλοντο·
1256 4956 1379 5012 οὐδὲ
1426 4962 1572 5030 ἡμᾶς
1620 4961 1897 5022 τοιούτοις

241 5051 428 5127 ἔργοις
485 5055 755 5124 κατεῖχεν,
813 5045 904 5101 ’ίνα
961 5047 1081 5122 περὶ
1139 5046 1343 5100 τούτων
1400 5048 1762 5121 ἐρωτῆσηται,
1823 5049 1894 5102 Ού

239 5142 349 5214 γὰρ
380 5139 592 5218 ἐφικτόν
626 5138 766 5192 ἐστιν
800 5137 875 5199 εἷς
922 5137 1198 5207 ἀμυήτους
1248 5143 1470 5192 τοιαῦτα
1527 5139 1892 5212 παρασχέσθαι

243 5232 540 5303 μυστήρια·
603 5226 747 5282 ἀλλα
801 5231 880 5297 τῷ
932 5227 1018 5280 νοῒ
1067 5227 1408 5280 ἀκουσάντων
1470 5228 1750 5288 ἀκούσατε,
1800 5231 1890 5282 Ἓν

243 5322 413 5394 μόνον
468 5323 555 5388 ἦν·
618 5323 730 5391 φῶς
786 5319 970 5390 νοερὸν
1032 5319 1135 5390 πρὸ
1186 5321 1361 5394 φωτὸς
1420 5324 1632 5392 νοεροῦ,
1691 5321 1777 5373 καὶ
1825 5322 1889 5387 ἦν

236 5409 378 5464 αῦτά
405 5408 595 5468 ἓνωσις
630 5407 687 5461 ἐκ
716 5411 815 5461 τοῦ
845 5410 939 5458 νοῦ
980 5408 1139 5482 φωτὶ,
1172 5408 1257 5459 καί
1311 5408 1593 5480 πνεύματι.
1644 5411 1717 5462 Τά
1764 5411 1891 5464 πάν-

235 5520 311 5554 τα
341 5499 391 5568 ἐξ
422 5499 605 5565 αὐτοῦ,
639 5497 726 5550 κατ,
761 5495 835 5556 εἷς
866 5495 1043 5564 αὐτὸν,
1097 5494 1171 5555 εἷς
1233 5495 1455 5570 γόνιμον
1520 5497 1577 5551 ἐκ
1635 5502 1892 5572 γονίμου,

236 5595 520 5652 κατελθὼν
556 5595 641 5648 ἐπὶ
690 5593 906 5669 γονίμῳ
952 5590 1102 5646 ὕδατι
1149 5591 1337 5666 ἔγκυον
1384 5596 1445 5648 τὸ
1493 5593 1637 5670 ὕδωρ
1697 5596 1890 5667 ἐποίη-

239 5707 354 5740 σεν.
383 5683 547 5746 Οἶδας
579 5688 692 5745 πῶς
743 5684 794 5737 οἱ
839 5686 942 5735 τῶν
995 5680 1275 5750 Ἐλλήνων
1336 5682 1522 5746 παῖδες
1556 5689 1891 5762 προεφήτευ-

240 5794 366 5847 σαν,
424 5774 512 5828 καὶ
569 5774 657 5827 τὸν
717 5769 1065 5846 προάναργον
1122 5771 1271 5839 Θεὸν,
1315 5771 1523 5826 καὶτὸν
1559 5773 1889 5850 συνάναρχον

2011 4795 2189 4834 causa
2246 4783 2437 4850 potest
2495 4793 2622 4833 esse
2671 4794 2684 4832 :
2740 4777 3028 4832 malorum
3063 4793 3176 4832 non
3203 4777 3364 4834 item.
3401 4781 3658 4838 Rursum

2008 4868 2046 4922 ii
2081 4874 2304 4938 septem
2337 4869 2551 4937 dixere,
2608 4868 2685 4921 ita
2742 4866 2977 4937 quidem
3039 4867 3110 4922 de
3163 4868 3376 4924 Christi
3429 4887 3658 4928 inconc-

2010 4958 2147 5022 mia,
2207 4962 2261 5011 et
2321 4959 2391 5012 de
2447 4957 2730 5012 Trinitate
2785 4955 3027 5023 (dictum
3087 4957 3206 5024 sit).
3263 4958 3429 5014 Alius
3487 4977 3660 5031 porro

2007 5047 2338 5100 Greecorum
2398 5046 2525 5113 fuit,
2582 5046 2668 5099 vir
2715 5045 2970 5116 sapiens,
3002 5045 3366 5117 Esculapius
3399 5050 3656 5121 nomine,

2005 5161 2136 5204 cum
2171 5145 2524 5215 quibusdam
2557 5145 2721 5199 aliis:
2758 5143 3240 5216 philosOphisque
3269 5146 3546 5203 omnibus
3575 5149 3660 5204 in-

2007 5232 2478 5304 terpretationem
2513 5233 2769 5303 aliquam
2833 5233 3290 5303 postulantibus,
3351 5240 3526 5307 atque
3585 5239 3657 5294 de

2004 5321 2117 5375 Deo
2144 5321 2548 5376 reconditioris
2575 5321 2955 5392 philosophiae
2978 5323 3153 5378 verba
3181 5323 3380 5380 audire
3415 5327 3654 5395 cupien-

2002 5411 2192 5476 tibus;
2227 5414 2460 5480 accepto
2520 5410 2844 5465 Mercurius
2897 5409 3144 5480 calamo,
3206 5412 3327 5467 haec
3374 5413 3654 5488 scripsit:

2004 5501 2122 5553 Nisi
2161 5499 2522 5566 providentia
2547 5500 2812 5570 quaedam
2864 5505 3019 5554 esset
3077 5503 3341 5557 omnium
3401 5503 3655 5575 Domini,

2004 5615 2301 5668 nunquam
2365 5597 2700 5671 hujusmodi
2760 5614 3087 5652 sermonem
3141 5601 3391 5656 revelare
3423 5603 3654 5670 vellent,

2004 5705 2188 5758 neque
2221 5705 2328 5743 nos
2359 5689 2455 5744 ille
2489 5690 2545 5743 in
2578 5687 2864 5759 ejusmodi
2896 5687 3172 5756 operibus
3229 5690 3534 5758 detineret,
3595 5698 3654 5747 ut

2002 5779 2074 5833 de
2133 5777 2226 5833 his
2277 5780 2625 5850 quaestiones
2686 5776 3060 5832 haberentur.
3101 5776 3300 5850 Neque
3326 5779 3480 5835 enim
3517 5781 3655 5838 viris

3021 4323 3210 4378 Unum
3269 4325 3383 4380 tria
3435 4333 3493 4380 et
3550 4328 3666 4384 tria
3749 4353 3752 4358 ·
