4104 6426
296 386 445 444 4431
1461 383 1524 443 S.
1574 378 2106 442 ATHANASIUS.
2133 409 2205 420 —
2240 379 2551 440 SPURIA.
3569 382 3728 442 i432

293 532 411 573 non
447 517 508 571 in
540 514 722 571 itiatis
754 512 1095 586 inpossibile
1132 516 1223 569 est
1254 513 1543 585 ejusmodi
1574 510 1724 567 tradi
1757 516 1965 583 myste-

2086 505 2241 561 κύτοῦ
2271 506 2418 576 Υἱὸν,
2450 507 2540 561 καὶ
2570 505 2763 584 Λόγον,
2808 507 2899 564 καὶ
2956 511 3020 566 τὸ
3078 509 3364 587 σύνθρονον
3416 509 3583 566 αύτοῦ
3637 505 3732 567 καὶ

296 605 515 671 ria,sed
540 602 833 674 audite,ac
865 608 1061 659 mente
1094 603 1303 658 attenti
1334 604 1737 658 estote.Unum
1769 599 1961 655 solum

2086 594 2367 668 ὃμοούσιον
2424 600 2645 671 Πνεῦμα
2698 599 3098 674 προεκήρυξαν,
3163 600 3256 655 καὶ
3309 600 3378 655 τὰ
3430 600 3591 673 τίμια
3631 605 3733 655 τοῦ

299 701 446 750 erat.
508 694 630 749 Lux
688 692 1015 765 spiritualis
1073 695 1207 748 ante
1263 691 1453 748 lucem
1511 689 1876 763 spiritualem
1940 704 1952 742 :

2086 688 2308 760 παυροῦ
2337 685 2485 755 πάθη
2519 687 2917 761 προεκήρυξαν·
2952 687 3099 761 αὐτῷ
3127 691 3163 759 ἡ
3199 686 3347 760 δόξα,
3376 689 3467 744 καὶ
3497 689 3562 744 τὸ
3608 688 3735 759 κράο

306 785 589 853 erantque
617 780 734 843 illa,
769 780 1105 852 conjunctio
1135 780 1353 835 mentis
1379 795 1511 834 cum
1545 778 1675 833 luce
1718 783 1777 832 et
1830 793 1964 831 cum

2086 795 2169 837 τος
2201 772 2295 828 σὺν
2325 772 2406 829 τῶ
2436 773 2661 851 ἀνάρχῳ
2689 776 2879 852 Πατρὶ,
2927 776 3017 831 καὶ
3046 782 3126 850 τῷ
3154 777 3404 853 παναγίῳ
3451 777 3729 853 Πνεύματι

300 868 546 942 Spiritu.
609 869 818 925 Omnia
848 884 917 922 ex
947 868 1075 940 ipso
1105 873 1161 922 et
1190 867 1249 921 in
1292 867 1510 939 ipsum,
1545 866 1602 920 in
1635 864 1967 937 prolificum

2086 861 2155 926 εἷς
2186 862 2314 926 τοὺς
2344 862 2544 926 αἰῶνας
2574 885 2681 919 των
2715 865 2954 924 αἰώνων.
2984 866 3178 939 Ἀμήν.

299 975 370 1014 ex
399 959 683 1032 proliﬁco.
716 958 1087 1014 Descendens
1118 956 1178 1011 in
1211 957 1531 1028 proliﬁcam
1568 971 1803 1026 aquam,
1839 959 2239 1027 praegnantem
2271 955 2462 1010 eﬂ‘ecit
2487 971 2733 1026 aquam.
2767 956 2968 1012 Viden’
2997 973 3113 1029 quo
3144 962 3314 1029 pacto
3369 957 3551 1013 Graeci
3595 974 3727 1030 pro-

300 1048 633 1120 phetavere,
668 1064 734 1103 ac
778 1062 914 1103 eum
972 1046 1069 1118 qui
1113 1052 1244 1101 ante
1270 1061 1443 1101 omne
1473 1043 1830 1117 principium
1861 1049 2004 1113 erat,
2037 1043 2257 1116 quique
2287 1060 2404 1100 una
2433 1060 2566 1100 cum
2598 1044 2697 1100 illo
2728 1061 2936 1116 expers
2970 1044 3244 1118 principii
3278 1050 3388 1112 est,
3424 1044 3635 1101 Filium
3671 1032 3732 1102 et

302 1137 565 1193 Verbum
606 1155 619 1193 :
659 1152 885 1193 necnon
919 1137 1180 1207 ejusdem
1217 1135 1408 1191 throni
1444 1134 1788 1206 participem
1820 1137 1877 1189 et
1895 1132 2457 1190 consubstantialem
2499 1134 2809 1205 Spiritum,
2833 1135 3094 1207 itemque
3125 1136 3514 1191 venerandam
3537 1135 3730 1191 crucis

301 1225 640 1299 passionem
673 1224 1162 1298 praenuntiarunt.
1198 1224 1313 1297 Ipsi
1344 1223 1531 1298 gloria
1560 1227 1617 1278 et
1646 1222 1984 1294 imperium,
2013 1239 2147 1279 cum
2182 1227 2352 1277 Patre
2379 1222 2669 1295 principio
2700 1227 2956 1288 carente,
2980 1227 3038 1279 et
3066 1223 3447 1281 sanctissimo
3479 1222 3725 1296 Spiritu:

299 1314 357 1369 in
394 1312 610 1370 sezcula
639 1313 1008 1370 seculorum.
1039 1315 1244 1368 Amen.

1119 1664 1192 1720 ΙΝ
1224 1663 1667 1721 TRACTATUM
1700 1663 1790 1718 DE
1820 1662 2151 1719 CORPORE
2182 1663 2272 1718 ET
2304 1662 2531 1718 ANIMA
2557 1662 2921 1719 MONITUM.~

372 1801 456 1854 En
487 1799 609 1868 tibi,
642 1799 834 1854 Lector
860 1797 1096 1866 erudite,
1127 1814 1255 1853 eum.
1283 1799 1529 1854 sistimus
1555 1800 1874 1865 tractatum,
1903 1812 2063 1867 quem
2094 1798 2414 1852 memoravit
2442 1795 2721 1852 Germ-dus
2747 1797 2958 1852 Vossius
2970 1799 3029 1850 in
3051 1795 3312 1866 Gregorii
3339 1796 3740 1868 Thaumaturgi

303 1887 544 1943 editione
600 1889 910 1943 Parisiensi
963 1903 1109 1943 anno
1161 1888 1320 1953 1622,
1376 1904 1433 1958 ρ.
1469 1889 1589 1942 120.
1628 1887 1727 1944 Ubi
1755 1888 1837 1941 ait
1867 1887 1987 1952 ille,
2014 1895 2227 1941 exstare
2258 1886 2442 1943 Graece
2477 1887 2656 1943 Romae
2686 1887 2745 1940 in
2779 1886 3101 1941 bibliotheca
3129 1887 3419 1957 Sfortiana
3446 1901 3606 1941 num.
3639 1886 3733 1953 77,

304 1977 595 2049 pulchram
616 1976 798 2032 sancti
825 1976 1130 2032 Athanasii
1156 1977 1391 2048 episcoyi
1420 1975 1787 2031 Alexandrini
1810 1976 2210 2044 tractationem,
2242 1975 2308 2030 de
2335 1984 2541 2030 natura
2568 1975 2812 2046 corporis
2843 1978 2896 2029 et
2923 1974 3146 2042 animae,
3179 1983 3230 2029 et
3275 1973 3342 2029 de
3388 1975 3740 2045 separatione

299 2066 509 2121 animae
562 2082 597 2119 a
650 2080 892 2136 corpore.
952 2066 1020 2121 At
1080 2081 1266 2123 vereor
1322 2070 1383 2120 ut
1433 2067 1519 2121 vir
1546 2066 1801 2121 eruditus
1827 2081 2013 2136 aequus
2040 2065 2142 2119 hac
2171 2066 2230 2118 in
2255 2073 2417 2135 parte
2446 2080 2631 2119 rerum
2652 2068 2964 2122 aestimator
2989 2062 3449 2135 deprehendatur.
3492 2064 3736 2120 Tametsi

306 2168 546 2225 namque
574 2152 829 2223 quaedam
859 2153 953 2208 hic
979 2157 1129 2224 sunt,
1163 2168 1288 2224 qum
1312 2169 1423 2208 non
1452 2153 1551 2208 abs
1582 2169 1642 2208 re
1669 2153 1949 2219 dicuntur,
1981 2152 2098 2208 alia
2148 2156 2332 2207 tamen
2383 2159 2511 2207 sunt
2567 2153 2757 2214 [utilia
2809 2160 2867 2208 et
2896 2151 3196 2208 Athanasio
3226 2168 3425 2223 magno
3476 2151 3737 2223 indigna,

301 2240 610 2310 cuiusmodi
662 2249 742 2298 est
767 2243 982 2314 [rigida
1009 2243 1111 2297 illa
1138 2245 1349 2299 animae
1378 2242 1642 2312 deﬁnitio,
1675 2246 1728 2297 et
1754 2241 1969 2297 similia
1996 2257 2115 2313 qua
2145 2249 2256 2296 tute
2283 2241 2558 2296 advertas.
2596 2240 2743 2298 Unde
2766 2256 2931 2313 porro
2949 2241 3076 2311 jam
3100 2240 3326 2313 prodeat
3354 2239 3454 2296 hoc
3496 2255 3738 2312 opuscu-

314 2327 452 2398 lum,
486 2345 558 2385 ea:
585 2331 731 2387 hisce
757 2331 991 2387 Joannis
1023 2330 1251 2387 Guilloti
1277 2332 1453 2387 nostri
1479 2330 1661 2387 verbis
1691 2332 1895 2401 accipe,
1929 2332 2027 2401 qui
2053 2345 2165 2386 sua
2188 2345 2359 2384 manu
2404 2329 2712 2400 exscripsit,
2770 2329 3036 2401 nobisque
3089 2329 3418 2385 transmisit.
3478 2330 3565 2385 Ex
3610 2330 3739 2385 cod.

310 2417 496 2475 Greco
545 2419 890 2478 bibliotheca,
946 2421 1234 2487 Vaticana,
1263 2437 1418 2475 num.
1449 2421 1578 2486 700,
1611 2421 1668 2474 in
1699 2421 1887 2474 charta
1908 2434 2278 2492 papygracea,
2309 2417 2533 2474 videtur
2558 2419 2758 2474 habere
2786 2419 2891 2473 400
2918 2433 3117 2474 annos.
3148 2418 3242 2473 Est
3271 2418 3514 2490 eleganti
3535 2434 3741 2489 manu,

307 2506 403 2565 sed
427 2508 757 2564 minusculis
787 2508 985 2565 litteris
1014 2517 1296 2565 exaratus.
1333 2510 1421 2566 Est
1448 2509 1696 2565 collectio
1725 2510 2072 2565 diversorum
2101 2523 2352 2580 operum,
2408 2510 2459 2562 et
2511 2509 2953 2579 fragmentorum
3009 2505 3103 2563 SS.
3159 2507 3411 2562 Patrum.
3473 2506 3738 2563 Continet

319 2599 470 2653 inter
495 2606 698 2654 caetera
722 2614 956 2670 sequens
984 2599 1327 2670 opusculum.

1392 2829 1548 2887 529
1585 2831 1710 2881 ΤΟΥ
1748 2829 1837 2884 ΕΝ
1880 2831 2112 2885 ΑΓΙΟῙΣ
2156 2828 2434 2885 ΠΑΤΡΟΣ
2473 2832 2663 2883 ΗΜΩΝ

1670 2967 2406 3065 ΑΘΑΝΑΣΙΟΥ

1524 3143 1697 3198 ,ΠΕΡΙ
1741 3142 2065 3199 ΣΩΜΑΤΟΣ
2108 3146 2223 3195 ΚΑΙ
2266 3139 2507 3196 ΨΥΧΗΣ

1441 3418 1534 3512 S.
1590 3420 1697 3512 P.
1750 3419 1861 3512 N.
1935 3418 2613 3514 ATHANASII

1626 3597 1715 3652 DE
1745 3596 2053 3654 CORPORE
2077 3598 2179 3653 ET
2200 3596 2430 3654 ΑΝΙΙΙΑ.

385 3842 760 3914 Exploratum
794 3848 881 3899 est
901 3861 1113 3916 corpus
1136 3845 1613 3901 constitutionem
1634 3863 1800 3902 suam
1831 3849 1975 3902 acci-

2157 3851 2331 3921 Σῶμα
2378 3851 2458 3919 τῷ
2514 3844 2698 3923 ἔχοντι
2754 3847 2854 3916 τὴν
2910 3845 3150 3902 σύνθεσιν
3199 3844 3259 3902 ἐκ
3302 3849 3409 3901 τῶν
3440 3845 3735 3923 στοιχείων

318 3948 454 4004 pere
476 3948 543 3988 ex
573 3931 897 4000 elementis,
915 3935 1247 4008 pariterque
1264 3936 1734 3992 dissolutionem.
1761 3939 1977 4002 Quam-

321 4021 521 4076 obrem
555 4036 799 4092 corpora
829 4022 949 4079 sive
980 4023 1287 4079 hominum
1321 4024 1442 4080 sive
1470 4028 1813 4082 ceterorum
1848 4027 1975 4082 ani-

318 4108 609 4166 mantium
671 4110 837 4168 facile
865 4117 1331 4185 corrumpuntur
1359 4130 1426 4169 ac
1458 4113 1807 4188 moriuntur,
1840 4132 1973 4172 cum

316 4215 382 4255 ex
417 4202 672 4271 quatuor
698 4197 1002 4256 elementis
1034 4200 1155 4257 sint
1184 4201 1527 4273 composita,
1560 4218 1769 4276 nempe
1798 4209 1974 4277 terra,

317 4286 461 4356 sole,
489 4303 645 4360 aqua
669 4293 727 4344 et
754 4306 906 4357 aere,
931 4305 1061 4361 quae
1088 4295 1146 4345 et
1177 4289 1307 4362 ipsa
1336 4308 1441 4346 nec
1470 4292 1653 4365 senio,
1683 4310 1789 4350 nec
1822 4311 1974 4350 mar-

315 4392 448 4433 core
477 4376 661 4433 libera
690 4378 1461 4450 manent,quemadmodum
1494 4386 1550 4437 et
1570 4398 1974 4451 corpora,cum

317 4481 564 4538 corpora
593 4465 799 4522 omnia
819 4483 887 4521 ex
915 4471 1073 4522 terra
1105 4466 1226 4524 sint
1251 4469 1426 4525 facta.
1460 4471 1574 4527 Res
1603 4475 1799 4527 autem
1832 4472 1975 4528 sim-

316 4553 499 4627 plices
550 4570 654 4611 nec
707 4555 1045 4627 compositae
1076 4556 1244 4613 facile
1275 4565 1671 4633 perseverant,
1704 4567 1761 4617 et
1790 4578 1977 4633 usque

318 4644 388 4699 ad
419 4643 991 4700 consummationem
1027 4644 1391 4703 indissolutre
1426 4654 1665 4705 manent
1716 4666 1729 4705 :
1783 4649 1979 4722 qualia

314 4737 477 4801 sunt,
499 4731 611 4799 sol,
635 4732 891 4790 hominis
919 4733 1137 4804 anima,
1160 4735 1279 4808 lux,
1300 4736 1639 4810 luminaria,
1663 4754 1780 4807 aer,
1803 4755 1955 4811 aqua

311 4820 488 4894 ignis,
522 4821 790 4893 spiritus,
825 4824 1020 4879 omnia
1051 4826 1290 4881 demum
1322 4826 1637 4900 simplicia.
1673 4832 1748 4883 De
1779 4828 1979 4883 anima

308 4927 445 4966 vero
477 4909 599 4966 haec
630 4910 1065 4984 dicimus:quod
1099 4914 1329 4973 scilicet
1353 4916 1409 4971 in
1434 4915 1537 4972 illa
1566 4916 1686 4972 sint
1714 4915 1979 4988 quinque

314 5000 659 5072 passiones;
692 5017 821 5072 qua:
854 5001 1159 5073 passiones
1191 5004 1479 5061 animales
1507 5009 1809 5061 vocantur.
1832 5006 1979 5061 Sunt

311 5093 510 5144 autem
538 5088 651 5145 illae
685 5105 699 5144 :
732 5091 843 5155 Ira,
874 5090 1135 5159 tristitia,
1168 5093 1364 5163 timor,
1416 5092 1772 5158 sollicitudo,
1825 5093 1975 5150 invi-

309 5176 540 5242 dia.Qui
562 5194 694 5235 vero
716 5178 914 5251 sagaci
940 5178 1269 5237 instructus
1299 5185 1388 5237 est
1411 5182 1979 5255 eogitatione,omni-.

299 5265 422 5335 bus
478 5270 671 5339 potest
732 5266 1041 5339 imperare.
1103 5269 1318 5325 Anima
1363 5287 1519 5341 vero,
1551 5272 1876 5327 secundum
1908 5289 1972 5328 se

309 5355 539 5411 exsistit
568 5356 740 5427 quasi
764 5355 921 5428 ignis
951 5357 1699 5424 ardens.Quemadmodum
1729 5360 1884 5433 ignis
1906 5378 1975 5417 ea

312 5459 441 5514 quas
471 5443 531 5499 in
557 5442 808 5501 lebetem
840 5444 1238 5517 conjiciuntur
1266 5450 1598 5522 concoquit;
1623 5449 1705 5504 ita
1725 5452 1784 5504 et
1803 5449 1976 5521 ignea

312 5531 514 5587 anima
565 5532 727 5590 cibos
784 5533 842 5588 in
903 5538 1164 5591 ventrem
1207 5535 1508 5595 immissos
1537 5538 1890 5595 comminuit
1918 5544 1976 5596 et

315 5621 880 5679 consumit.Etiamsi
910 5639 1084 5696 porro
1115 5626 1266 5701 ψυχή
1299 5643 1401 5684 seu
1433 5629 1623 5685 anima
1666 5644 1977 5701 nuncupa-

204 5795 215 5801 Ο
313 5711 435 5775 tur,
466 5726 580 5765 non
608 5710 691 5767 ita
720 5714 918 5768 tamen
951 5718 1213 5785 vocatur,
1242 5717 1397 5788 quod
1429 5716 1507 5775 sit
1534 5715 1722 5792 ψυχρά
1751 5733 1854 5774 seu
1875 5720 1977 5789 [ri-

2089 3933 2329 4012 δέχεται,
2361 3936 2450 3992 καὶ
2484 3934 2748 4006 διάλυσιν,
2800 3935 2890 3992 καὶ
2932 3935 3259 4013 ἀφανίζεται.
3316 3936 3414 3991 Διὰ
3460 3939 3623 3991 τοῦτο
3670 3936 3743 3990 τὰ

2087 4025 2334 4100 σώματα,
2387 4024 2474 4082 οιαὶ
2521 4026 2847 4103 ἀνθρώπων,
2896 4026 2986 4081 καὶ
3042 4026 3221 4095 ζώων,
3263 4024 3533 4103 εὔφθαρτά
3561 4044 3619 4080 τε
3644 4024 3742 4080 καὶ

2087 4111 2317 4186 εῧθνητα
2371 4114 2759 4192 τυγχάνουσιν,
2820 4113 2881 4171 ἐκ
2933 4113 3207 4191 τεσσάρων
3266 4114 3556 4190 στοιχείων
3612 4134 3740 4168 συν-

2089 4204 2366 4278 ιστάμενα,
2425 4201 2576 4280 λέγω
2633 4201 2724 4277 δὴ,
2781 4210 2908 4281 γῆς,
2937 4202 3126 4274 ἡλίου,
3185 4200 3403 4271 ὕδατος,
3433 4201 3524 4258 καὶ
3553 4201 3741 4279 ἀέρος,

2085 4292 2176 4349 καὶ
2207 4293 2342 4349 αὐτὰ
2371 4292 2472 4348 οὐκ
2500 4292 2766 4370 ἀγήρατα,
2817 4291 2919 4347 οὐκ
2945 4290 3228 4368 ἀμάραντα
3255 4291 3330 4354 ὡς
3388 4291 3457 4346 τὰ
3508 4291 3739 4364 σώματα

2091 4383 2259 4457 μένει,
2291 4380 2437 4438 ἀλλὰ
2466 4384 2685 4452 θνήσκει
2716 4382 2856 4446 καθὰ
2877 4381 2968 4436 καὶ
3004 4381 3071 4437 τὰ
3099 4384 3345 4455 σώματα,
3396 4380 3738 4450 ποιηθέντων

2087 4471 2302 4527 πάντων
2355 4468 2623 4544 σωμάτων
2678 4469 2739 4525 ἐκ
2782 4472 2909 4544 γῆς.
2960 4469 3045 4528 Τὰ
3091 4467 3147 4525 δὲ
3182 4467 3330 4526 ἁπλᾶ
3356 4469 3448 4525 καὶ
3476 4468 3742 4534 ἀσύνθετα

2086 4564 2195 4616 τῶν
2225 4560 2564 4635 πραγμάτων
2625 4556 2940 4632 εὐδιάμονα,
3000 4559 3089 4614 καὶ
3139 4556 3243 4622 ἕως
3287 4565 3389 4629 τῆς
3429 4558 3741 4623 συντελείας

2089 4647 2396 4704 ἆκατάλυτα
2429 4646 2597 4720 μένει·
2632 4648 2746 4702 οἷον
2775 4648 2804 4703 ὁ
2832 4646 3018 4718 ¹ίίδλιος,
3049 4649 3203 4723 ψυχὴ
3251 4646 3562 4722 ἀνθρώπου,
3596 4645 3738 4726 φῶς,

2089 4740 2393 4818 φωστῆρες,
2452 4737 2581 4813 ἀὴρ,
2629 4733 2817 4805 ὕδατα,
2866 4740 2996 4814 πῦρ,
3045 4741 3278 4811 πνεῦμα,
3325 4737 3416 4792 καὶ
3467 4737 3740 4793 πάντατὰ

2087 4823 2256 4897 ἀπλᾶ,
2284 4823 2373 4878 καὶ
2401 4822 2452 4878 ἐν
2490 4821 2617 4896 ἷδίᾳ.
2650 4825 2780 4900 Περὶ
2810 4821 2868 4880 δὲ
2897 4827 3081 4901 ψυχῆς
3111 4822 3341 4902 λὲγομεν
3400 4824 3596 4888 οὕτως·
3653 4823 3739 4880 ὅτι

2089 4912 2191 4968 εἷ’σὶ
2247 4911 2404 4968 πέντε
2450 4910 2593 4983 πάθη
2645 4910 2697 4968 ἐν
2747 4910 2905 4986 αὐτῇ,
2974 4914 3125 4968 ἅτινα
3174 4913 3385 4988 ψυχικᾰ
3438 4911 3586 4983 πάθη
3640 4932 3739 4966 κα-

2088 5000 2330 5058 λοῦνται.
2382 5000 2502 5057 Εἰσὶ
2553 4997 2611 5056 δὲ
2654 5005 2841 5057 ταῦτα’
2874 5000 3034 5079 ὀργὴ,
3067 5000 3237 5073 λύπη,
3269 4997 3459 5080 φόϐος,
3491 5001 3738 5079 φροντὶς,

2085 5089 2174 5146 καί
2232 5090 2449 5167 φθόνος.
2505 5091 2563 5145 Ὀ
2620 5090 2714 5145 οὖν
2772 5088 3037 5169 φρόνιμον
3095 5088 3241 5167 ἔχων
3296 5090 3391 5146 τὸν
3442 5088 3737 5167 λογισμὸν,

2087 5179 2302 5236 δύναται
2360 5178 2534 5234 πάντα
2595 5185 2830 5256 κρατεῖν.
2889 5181 2952 5235 Ἠ
3010 5176 3068 5236 δὲ
3115 5180 3269 5257 ψυχὴ
3320 5181 3554 5257 ὑπάρχει
3621 5180 3737 5234 καθ’

2082 5270 2299 5340 ὲαυτὴς,
2328 5270 2402 5332 ὡς
2435 5273 2543 5345 πῦρ
2576 5267 2889 5342 καιόμενον.
2921 5271 3124 5346 Ὥσπερ
3155 5270 3217 5325 τὸ
3256 5273 3363 5344 πῦρ
3406 5270 3475 5324 τὰ
3527 5265 3737 5343 βαλλό-

2085 5380 2221 5433 μενα
2269 5359 2347 5422 εἰς
2400 5359 2491 5414 τὸν
2547 5352 2757 5428 λέϐητα
2809 5354 2967 5429 ἕψει,
3027 5358 3170 5413 οὕτω
3227 5358 3317 5414 καὶ
3374 5361 3410 5428 ἡ
3468 5353 3734 5432 πυρώδης

2082 5449 2237 5524 ψυχὴ
2293 5448 2363 5504 τὰ
2417 5445 2893 5522 παραπεμπόμενα
2951 5453 3071 5503 σῖτα
3112 5451 3181 5523 τῇ
3229 5446 3417 5519 κοιλίᾳ
3459 5445 3735 5518 λεπτύνει,

2083 5537 2172 5593 καὶ
2204 5535 2433 5609 δαπανᾷ.
2480 5535 2582 5591 Κᾶν
2636 5532 2694 5590 δὲ
2741 5536 2896 5612 ψυχὴ
2949 5535 3185 5613 λέγεται,
3216 5535 3278 5592 οὒ
3310 5535 3528 5613 λέγεται
3558 5532 3648 5591 διὰ
3674 5534 3739 5591 τὸ

2086 5624 2258 5690 οὕτως
2289 5628 2425 5683 εἶναι
2457 5625 2671 5702 ψυχρὰν
2698 5626 2797 5695 τὴν
2831 5625 3036 5694 οὐσίαν,
3069 5625 3145 5689 ὥς
3189 5646 3333 5690 τινες
3373 5630 3483 5682 τῶν
3534 5624 3745 5682 ἁπλου-

2087 5716 2288 5792 στὲρων
2349 5713 2645 5781 διενόησαν·
2704 5712 2851 5770 ἀλλά
2901 5712 2991 5770 διὰ
3037 5716 3100 5772 τὸ
3160 5713 3220 5771 ἐκ
3266 5713 3489 5787 πολλῆς
3539 5712 3739 5791 θερμό-
