4104 6356
339 399 493 456 H33

1279 399 1354 456 ΙΝ
1403 397 1680 458 LIBROS
1728 398 1826 456 DE
1870 395 2296 456 TRINITATE
2340 393 2804 454 ADMONITIO.

3593 389 3746 447 “3'4

333 548 496 596 τητος
530 525 903 600 ἀναξηραίνειν
933 525 1096 594 αὐτὴν
1158 526 1224 580 τὰ
1284 526 1441 601 ὑγρὰ,
1475 527 1551 588 ὡς
1608 525 1717 580 ἔστι
1775 525 1988 600 πληρο-

2105 525 2331 596 gida,ut
2353 542 2422 580 ex
2453 523 2918 593 simplicioribus
2947 523 3183 594 quidam
3219 521 3618 586 arbitrantur;
3645 521 3747 576 sed

336 622 666 690 φορηθῆναι,
701 615 789 669 καὶ
825 613 883 670 ἐκ
929 622 1028 684 τῆς
1081 613 1343 691 ἐνεργείας
1395 620 1492 669 τοῦ
1542 614 1726 684 ἡλίου·
1765 611 1835 667 ὢν
1887 613 1990 690 γὰρ

336 703 614 777 πυρώδης,
671 704 758 759 καὶ
813 700 1101 779 Οερμώδης
1160 702 1338 774 πηλὸν
1392 703 1649 778 ξηραίνει,
1709 702 1797 757 καὶ
1855 703 1988 757 πάν-

337 815 496 870 υγραν
560 794 993 865 ἀνιμᾶται.”οτι
1056 790 1112 846 δὲ
1170 795 1204 861 ἡ
1265 794 1419 868 ψυχὴ
1481 794 1654 867 θερμή
1717 791 1826 846 ἐστι
1857 793 1992 845 κατά

337 882 516 961 φύσιν,
567 884 756 944 πείθου
804 885 1091 956 τοιγαροῦν
1150 879 1206 935 ἐκ
1252 886 1357 936 τῶν
1432 880 1905 951 ἀποθνησκόντων·

337 973 439 1047 γὰρ
473 969 588 1044 ὥρᾳ
616 973 650 1039 ἡ
684 971 838 1046 ψυχὴ
889 970 1159 1045 χωρίσοη·
1196 971 1301 1024 ἀπὸ
1356 975 1452 1024 τοῦ
1514 971 1788 1042 σώματος,
1819 969 1992 1024 πάντα

335 1060 401 1114 τά
453 1059 592 1133 μέλη
649 1058 978 1132 εὑρίσκονται
1029 1056 1453 1133 κρυσταλλώδη,
1492 1059 1579 1112 καὶ
1629 1056 1782 1112 οὐδὲν
1827 1061 1987 1126 ἧττον

338 1150 532 1212 πάθοις
563 1147 871 1224 χειμερίου.
905 1149 1048 1208 "Em:
1081 1148 1178 1222 γὰρ
1212 1144 1327 1222 ἔχει
1361 1150 1395 1216 ἡ
1429 1148 1582 1222 ψυχὴ
1632 1148 1729 1214 τὴν
1780 1147 1987 1223 τροφήν

338 1238 412 1300 εἷς
446 1237 726 1314 ἀφθονίαν,
756 1237 819 1290 τὸ
853 1241 1014 1308 σῶμα
1047 1235 1260 1309 θάλλει,
1293 1236 1382 1291 καὶ
1431 1234 1753 1290 ἀνδαίνεται·
1787 1234 1986 1290 ὁπόταν

338 1325 395 1382 δὲ
424 1326 678 1400 ἀπορήσῃ
713 1325 917 1390 σιτίων,
952 1324 1080 1379 αὐτὸ
1131 1325 1192 1378 τὸ
1247 1330 1404 1397 σῶμα
1453 1325 1569 1380 ἀντὶ
1616 1327 1823 1402 τροφῆς
1872 1325 1988 1380 ἀντ-

337 1417 452 1491 ἔχει
512 1415 646 1487 πρὸς
703 1415 800 1482 τήν
845 1413 1155 1488 θερμότητα
1209 1420 1309 1482 τῆς
1370 1417 1576 1488 ψυχῆς.
1609 1416 1810 1489 Ὥσπερ
1868 1409 1990 1468 οὔτε

335 1505 548 1580 ἀγγεῖον
577 1502 845 1579 χαλκοῦν,
879 1499 1004 1570 ἤτοι
1036 1498 1202 1572 λέϐης
1238 1501 1323 1555 ἐπὶ
1355 1498 1641 1574 κλιϐάνου,
1673 1501 1734 1556 οὐ
1770 1499 1988 1556 δύναται

335 1591 454 1648 ἄνευ
486 1590 676 1654 ὕδατος
708 1592 884 1668 φέρειν
920 1592 1018 1659 τὴν
1055 1588 1397 1668 σφοδρότητα
1423 1597 1520 1645 τοῦ
1567 1592 1760 1664 πυρὸς,
1794 1590 1988 1664 ἐκφρό-

331 1703 476 1757 γεται
508 1682 608 1757 γὰρ
642 1681 729 1736 καὶ
766 1678 1043 1735 διαλύεται
1073 1679 1305 1734 τέλειον
1341 1678 1484 1734 οὕτω
1514 1679 1602 1733 καὶ
1633 1681 1659 1734 ὁ
1694 1675 1862 1746 λέϐης
1892 1683 1988 1734 τοῦ

334 1771 611 1843 σώματος,
651 1771 725 1843 μή
759 1765 902 1845 ἔχων
946 1770 1044 1836 τήν
1095 1770 1328 1845 τροφὴν,
1358 1768 1504 1840 παρά
1549 1771 1646 1837 τῆς
1699 1766 1987 1844 πυρώδους

334 1863 522 1935 ψυχῆς
567 1857 1047 1931 ὖπολικμοόμενος
1098 1857 1451 1913 ἀπολείπεται
1501 1858 1859 1914 παντάπασιν.
1891 1858 1987 1912 ’Δν

334 1948 491 2022 θέλῃς
527 1946 812 2020 δοκιμάσαι
867 1949 1052 2019 μαθεῖν
1103 1946 1247 2023 παρά
1295 1968 1461 2015 τινος,
1494 1951 1610 2008 πῶς
1663 1944 1920 2001 διάκειται
1953 1949 1988 2016 ἡ

335 2039 488 2114 ψυχὴ
536 2038 587 2092 έν
640 2039 718 2109 τῷ
772 2038 1007 2108 σώματι,
1043 2035 1317 2112 ἐρώτησον
1378 2035 1559 2090 αὐτόν’
1596 2036 1727 2092 Εἰπέ
1789 2057 1906 2108 μοι,
1938 2035 1988 2089 έν

339 2125 455 2199 δ’λῳ
484 2132 562 2198 τῷ
592 2128 807 2199 σώματι
836 2130 1079 2180 κατοικεῖ
1109 2127 1142 2194 ἡ
1177 2126 1331 2200 ψυχὴ
1374 2130 1470 2179 τοῦ
1526 2125 1835 2199 ἀνθρώπου,
1869 2125 1903 2193 ἢ
1938 2125 1989 2179 ὲν

338 2216 415 2272 ἑνὶ
463 2235 652 2288 τοπῳ;
687 2215 782 2269 Καὶ
836 2215 923 2269 ἐὰν
977 2212 1100 2288 εἴπῃ
1147 2235 1230 2268 σοι
1279 2213 1361 2268 δτι
1404 2214 1454 2268 έν
1497 2211 1614 2286 ὅλῳ
1644 2219 1722 2286 τῷ
1756 2216 1990 2287 σώματι,

339 2304 453 2360 sint
483 2303 650 2375 αὐτῷ·
691 2303 786 2358 Καὶ
817 2307 934 2365 πῶς
963 2304 1218 2375 τέμνουσι
1260 2303 1359 2370 τήν
1413 2307 1593 2378 χεῖρα,
1627 2303 1660 2372 ἢ
1711 2304 1802 2358 τὸν
1853 2301 1994 2357 πόδα

334 2398 430 2449 τοῦ
481 2393 793 2468 ἀνθρώπου,
833 2391 922 2446 καὶ
975 2392 1036 2445 οὐ
1077 2392 1396 2459 κόπτεταιὴ
1431 2392 1608 2467 ψυχὴ,
1641 2390 1786 2447 ἀλλά
1829 2391 1992 2446 πάλιν

340 2486 403 2556 ζῇ
437 2483 464 2536 ὁ
499 2483 782 2556 ἅνθρωπος
815 2480 901 2535 καὶ
935 2480 1035 2534 οὐκ
1082 2480 1449 2550 ἀποθνήσκει;
1485 2480 1547 2534 Εἴ
1593 2477 1651 2534 δὲ
1702 2476 1824 2554 είίπῃ
1883 2501 1989 2549 σοι,

335 2570 416 2627 ὅτι
448 2570 498 2625 έν
533 2570 608 2625 ἑνὶ
639 2565 814 2642 τόπῳ,
846 2569 962 2624 εἰπὲ
993 2569 1138 2640 αὐτῷ
1168 2568 1272 2640 ὅτι,
1308 2569 1405 2623 Καὶ
1437 2573 1553 2631 πῶς
1588 2568 1689 2622 ιίσι
1733 2569 1800 2623 τά
1849 2566 1994 2624 ἄλλα

341 2659 481 2733 μέλη
515 2665 610 2715 τοῦ
644 2659 931 2735 ἀνθρώπου
964 2659 1137 2735 χωρίς
1171 2663 1357 2734 ψυχῆς
1383 2664 1522 2727 ;Ι]ἆν
1549 2658 1650 2733 γὰρ
1672 2657 1734 2712 τὸ
1761 2659 1836 2730 μή
1862 2655 1991 2734 ἔχον

334 2751 516 2826 ψυχὴν
551 2747 738 2824 νεκρόν
792 2746 926 2817 ἐστι,
957 2748 1045 2802 καὶ
1093 2747 1192 2801 οὐκ
1241 2744 1362 2800 οἶδα
1406 2745 1456 2799 τί
1508 2744 1706 2821 λέγεις.
1743 2746 1883 2822 Ἐγὼ
1937 2743 1995 2800 δὶ

335 2837 468 2893 εἴπω
527 2858 609 2891 σοι
656 2836 707 2891 ἐν
766 2836 908 2909 ποίῳ
957 2835 1135 2908 τόπῳ,
1167 2835 1254 2889 καὶ
1305 2834 1448 2906 ποίῳ
1493 2834 1707 2910 τρόπῳ,
1751 2835 1840 2888 καὶ
1897 2839 1994 2889 τοῦ

340 2926 660 2981 ἀναπαύεται
690 2928 724 2994 ἡ
777 2927 952 3001 ψυχή·
1000 2924 1050 2979 ἐν
1104 2924 1247 3000 τρισὶ
1295 2924 1486 2985 τόποις
1542 2923 1848 2999 ἀναγκαίοις
1899 2927 1995 2978 τοῦ

341 3016 593 3087 σώματός
643 3014 780 3069 ἐστιν
844 3012 1188 3090 ἐνιδρυμένη·
1231 3013 1321 3067 καὶ
1382 3013 1562 3088 ὥσπερ
1610 3015 1644 3082 ἡ
1701 3013 1848 3075 ἀκτὶς
1897 3017 1995 3067 τοῦ

299 3124 306 3131 ·
340 3104 510 3176 ἡλίου
543 3104 623 3158 ἀεὶ
653 3101 746 3158 ἕνα
776 3103 942 3158 τόπον
977 3108 1172 3179 χωρεῖ,
1201 3103 1290 3156 καὶ
1339 3101 1639 3177 εἰσέρχεται
1687 3103 1778 3156 τὸν
1824 3103 1994 3169 οἶκον,

346 3193 564 3272 φωτίζει
627 3189 684 3248 δὶ
729 3194 901 3247 πάντα
948 3194 1040 3247 τὸν
1097 3193 1266 3262 οἶκον,
1320 3191 1463 3247 οὕτω
1511 3192 1601 3247 καὶ
1650 3195 1684 3261 ἡ
1735 3194 1887 3268 ψυχὴ
1940 3191 1991 3246 ἐν

2101 615 2237 686 quia
2285 613 2652 669 vehementia
2700 612 2912 668 caloris
2969 613 3210 668 humida
3255 610 3528 676 exsiccat,
3571 614 3637 664 ut
3683 626 3751 664 ex

2101 703 2242 760 solis
2273 703 2324 758 vi
2360 707 2416 757 et
2469 700 2727 756 efﬁcacia
2757 706 3117 771 compertum
3148 706 3237 755 est
3269 717 3281 755 :
3314 717 3444 753 cum
3475 699 3552 753 sit
3591 698 3748 753 enim

2099 791 2308 864 igneus
2339 791 2698 860 calidusque,
2734 790 2922 844 lutum
2967 791 3240 856 exsiccet,
3273 794 3331 844 et
3379 787 3750 842 humiditatis

2100 881 2339 953 plenum
2373 878 2675 952 quodlibet
2706 879 2761 932 in
2794 877 3190 933 exhalationes
3222 877 3412 933 solvit.
3445 877 3606 940 Quod
3640 893 3746 930 au-

2098 974 2214 1025 tem
2249 969 2448 1024 anima
2479 969 2556 1024 sit
2589 973 2799 1022 natura
2832 984 2940 1022 sua
2969 967 3191 1032 calida;
3224 966 3281 1020 id
3317 983 3457 1020 sane
3491 970 3745 1020 mortuo-

2099 1073 2224 1111 rum
2260 1057 2592 1126 exemplum
2628 1054 2732 1108 tibi
2769 1055 3117 1126 persuadeat
3147 1073 3159 1108 :
3192 1071 3309 1125 qua
3348 1054 3500 1108 enim
3537 1053 3681 1109 hora
3711 1070 3744 1108 a

2099 1162 2336 1216 corpore
2369 1145 2567 1200 anima
2613 1149 2884 1215 separata
2915 1149 3024 1208 est,
3056 1144 3255 1198 omnia
3309 1145 3571 1197 membra
3600 1159 3742 1198 con-

2097 1234 2288 1306 gelata
2333 1233 2892 1305 deprehenduntur;
2927 1233 3108 1287 nihilo
3157 1232 3355 1286 minus
3403 1249 3580 1303 quam
3610 1231 3741 1302 quis

2098 1323 2288 1380 hieme
2317 1322 2869 1396 patiatur.Quandiu
2889 1323 3044 1377 enim
3063 1321 3260 1376 anima
3289 1321 3484 1376 cibum
3510 1321 3743 1393 copiose

2099 1411 2322 1484 recipit,
2356 1412 2510 1482 viget
2541 1428 2752 1482 corpus
2783 1428 2849 1466 ac
2876 1415 3147 1482 vegetum
3192 1414 3316 1476 est;
3351 1410 3448 1464 ubi
3476 1426 3610 1465 vero
3641 1409 3745 1464 ali-

2099 1507 2297 1558 mento
2328 1501 2813 1573 privatur,ipsum
2846 1517 3058 1572 corpus
3076 1499 3190 1555 cibi
3222 1499 3348 1555 loco
3380 1499 3615 1554 obsistit
3631 1497 3748 1552 ani-

2099 1609 2206 1647 mae
2233 1589 2434 1646 calori.
2467 1590 2973 1654 Quemadmodum
3022 1606 3123 1646 vas
3155 1606 3402 1657 ensum,
3438 1605 3541 1644 seu
3589 1587 3750 1642 lebes

2099 1677 2157 1733 in
2189 1676 2442 1746 clibano,
2475 1693 2588 1731 non
2642 1682 2832 1748 potest
2863 1675 2990 1732 sine
3019 1693 3173 1749 aqua
3214 1677 3362 1732 ferre
3394 1677 3549 1748 ignis
3579 1675 3748 1731 vehe-

2101 1767 2381 1823 mentiam
2408 1782 2422 1832 ;
2449 1770 2704 1821 torretur
2725 1764 2880 1820 enim
2904 1783 2970 1821 ac
3002 1783 3245 1837 prorsus
3263 1766 3607 1821 dissolvitur
3627 1783 3640 1833 ;
3660 1781 3752 1820 co-

2100 1857 2232 1912 dem
2264 1871 2497 1928 quoque
2513 1856 2689 1911 modo
2722 1855 2982 1925 corporis
3005 1855 3242 1925 lebss,si
3272 1860 3429 1910 caret
3445 1853 3747 1920 alimento,

2100 1945 2174 2001 ab
2207 1945 2375 2017 ignea
2406 1944 2605 1999 anima
2635 1961 2876 2015 prorsus
2906 1945 3233 2000 tabefactus
3263 1943 3502 1999 omnino
3532 1943 3750 1999 deﬁcit.

2101 2035 2161 2090 Si
2193 2035 2398 2106 cupias
2431 2034 2502 2088 ab
2521 2033 2716 2104 aliquo
2747 2033 3006 2089 ediscere
3022 2033 3122 2105 qui
3155 2049 3218 2089 se
3239 2033 3448 2089 habeat
3478 2032 3750 2088 animain

2102 2139 2362 2196 corpore,
2396 2124 2481 2179 sic
2511 2122 2870 2196 interrogato
2917 2123 3103 2178 illum.
3137 2123 3239 2178 Dic
3270 2124 3436 2190 mihi,
3470 2122 3528 2178 in
3561 2129 3758 2178 totone

2101 2229 2342 2285 corpore
2372 2213 2595 2268 habitat
2624 2213 2825 2268 anima
2854 2212 3134 2279 hominis,
3165 2229 3238 2266 an
3271 2212 3468 2284 aliquo
3503 2213 3559 2266 in
3593 2211 3758 2267 loco?

2102 2302 2265 2366 Quod
2298 2302 2346 2357 si
2396 2301 2607 2356 dixerit
2637 2300 2742 2356 tibi
2777 2319 2789 2357 ι
2820 2302 2881 2356 In
2933 2305 3053 2356 toto
3085 2317 3346 2372 corpore,
3379 2301 3472 2356 dic
3522 2299 3608 2355 illi
3642 2317 3654 2354 :
3693 2301 3760 2355 Et

2103 2391 2201 2463 qui
2235 2391 2319 2456 ﬁt,
2352 2394 2418 2444 ut
2464 2389 2730 2445 abscissa
2777 2406 2951 2444 manu
3004 2389 3092 2444 vel
3139 2389 3284 2461 pede
3330 2389 3608 2455 hominis,
3639 2405 3754 2443 non

2103 2483 2332 2535 secetur
2361 2480 2580 2548 anima,
2614 2478 2715 2534 sed
2763 2478 2956 2533 adhuc
2986 2478 3161 2534 homo
3188 2478 3360 2543 vivat,
3397 2494 3498 2533 nec
3541 2477 3753 2534 moria-

2103 2568 2248 2624 tur?
2275 2567 2375 2622 Sin
2425 2567 2637 2623 dixerit
2683 2567 2790 2622 tibi
2827 2585 2839 2623 :
2876 2568 2936 2621 In
2991 2584 3109 2623 uno
3160 2566 3322 2623 loco:
3358 2583 3571 2638 repone
3618 2566 3703 2622 illi
3738 2583 3750 2622 :

2102 2657 2404 2721 Quomodo
2443 2672 2580 2729 ergo
2633 2655 2969 2712 subsistunt
3023 2655 3137 2712 alia
3190 2656 3388 2712 omnia
3445 2655 3758 2711 membra?

2103 2745 2394 2817 Quidquid
2417 2745 2570 2801 enim
2606 2745 2806 2800 anima
2833 2749 3015 2815 caret,
3044 2750 3342 2800 mortuum
3375 2750 3484 2813 est,
3504 2761 3609 2800 nec
3638 2743 3758 2799 scio

2104 2836 2245 2907 quid
2279 2835 2471 2890 dicere
2524 2834 2686 2890 velis.
2719 2835 2868 2906 Ergo
2903 2839 3098 2890 autem
3133 2834 3262 2889 dico
3304 2834 3432 2901 tibi,
3466 2851 3580 2905 quo
3611 2832 3757 2900 loco,

2105 2941 2221 2996 qua
2252 2925 2563 2987 ratione,et
2594 2923 2694 2978 ubi
2729 2923 3059 2994 requiescat
3088 2923 3288 2979 anima
3321 2939 3334 2978 :
3367 2923 3558 2978 tribus
3581 2922 3640 2976 in
3667 2921 3754 2977 lo-

2105 3013 2189 3069 cis
2219 3013 2482 3085 corporis
2513 3013 2684 3067 ﬁrma
2711 3011 3018 3080 consistit;
3053 3029 3118 3066 ac
3149 3013 3649 3084 quemadmodum
3670 3027 3758 3065 ra-

2104 3103 2239 3158 dius
2269 3101 2410 3158 solis
2441 3102 2499 3156 in
2533 3117 2714 3156 unum
2748 3117 2982 3173 semper
3010 3102 3221 3156 domus
3260 3100 3454 3156 locum
3489 3101 3757 3156 concedit

2104 3198 2162 3249 et
2211 3189 3011 3264 ingreditur,'illuminatque
3041 3194 3222 3246 totam
3272 3191 3510 3245 domum
3541 3207 3554 3257 ;
3589 3190 3669 3245 ita
3699 3194 3754 3244 et

339 3282 483 3358 τρισὶ
538 3281 731 3344 τόποις
786 3287 882 3336 τοῦ
942 3282 1192 3353 σώματος
1250 3286 1576 3336 κατοικοῦσα
1635 3281 1853 3359 φῶτίζει
1901 3281 1990 3335 τὸν

2107 3281 2306 3337 anima
2338 3279 2527 3334 tribus
2555 3279 2614 3334 in
2646 3278 2787 3334 locis
2818 3279 3078 3351 corporis
3109 3278 3590 3345 habitans,totam
3623 3295 3753 3333 cor-

341 3392 488 3426 οικον
517 3369 646 3426 ὅλον
690 3374 786 3425 τοῦ
835 3371 1111 3442 σώματος.
1146 3374 1396 3424 Κατοικεῖ
1442 3367 1498 3424 δὲ
1559 3369 1609 3424 ἐν
1662 3373 1730 3443 τῇ
1777 3367 1993 3444 καρδίᾳ,

338 3464 415 3530 τῷ
445 3454 661 3522 ὄπισθεν
695 3459 841 3533 μέρει
879 3465 978 3527 τῆς
1026 3456 1292 3528 κεφαλῆς,
1325 3456 1458 3532 ὅπερ
1505 3457 1736 3513 κότυλον
1791 3457 1993 3530 ὀνομά-

344 3553 513 3617 ζουσι,
565 3547 652 3601 καὶ
714 3546 765 3601 ἐν
811 3553 930 3608 ταῖς
981 3546 1286 3622 βασιλικαῖς
1333 3540 1581 3624 φλέϐαις.
1635 3547 1719 3602 Ἐν
1780 3547 1992 3608 τοῦτοις

335 3641 451 3698 τοῖς
493 3636 633 3710 τρισὶ
671 3636 853 3710 μέρεσι
902 3641 1144 3690 κατοικεῖ
1173 3638 1206 3704 ἡ
1241 3637 1416 3711 ψυχή.
1453 3637 1549 3690 Διά
1589 3640 1750 3690 τοῦτο
1879 3635 1994 3707 ὥρᾳ

337 3729 575 3798 κρουσθῇ
616 3727 650 3794 ἡ
693 3723 927 3801 κεφαλὴ,
1031 3726 1066 3793 ἡ
1119 3722 1334 3795 καρδία,
1366 3725 1400 3792 ἦ
1452 3725 1485 3794 ἡ
1542 3723 1798 3799 βασιλική
1850 3723 1993 3798 φλὲψ

341 3813 564 3886 ἐκρεῦσῃ
597 3815 729 3885 αἷμα
762 3811 926 3884 πολὺ,
959 3812 1047 3867 καὶ
1083 3811 1236 3874 εὐθὺς
1267 3812 1564 3889 χωρίζεται
1593 3817 1690 3867 τοῦ
1739 3813 1991 3884 σώματος

338 3903 371 3971 ἠ
405 3903 583 3977 ψυχή,
615 3901 704 3956 καὶ
745 3902 934 3976 νεκρὸν
982 3901 1045 3954 τὸ
1099 3905 1258 3972 σῶμα
1304 3901 1624 3974 εὑρίσκεται.
1657 3903 1993 3958 Κατοικοῦσα

342 3987 399 4044 δὲ
429 3992 463 4060 ἠ
496 3992 674 4066 ψυχή,
707 3989 757 4044 ἐν
789 3995 905 4051 τοῖς
933 3989 1077 4065 τρισὶ
1122 3990 1326 4065 μέρεσι,
1363 3987 1717 4062 μεταδίδωσι]
1751 3989 1869 4062 ὅλῳ
1913 3994 1993 4062 τῷ

343 4078 554 4152 σώματι
585 4086 685 4148 τῆς
720 4078 920 4140 οἰκείας
956 4078 1270 4156 φωτισμοὺς
1306 4075 1604 4152 δυνάμεως.

2106 3370 2266 3444 poris
2297 3369 2536 3425 domum
2567 3367 2893 3424 collustrat.
2930 3368 3164 3422 Habitat
3193 3384 3362 3440 porro
3395 3367 3451 3421 in
3485 3367 3753 3426 corde.in

2105 3457 2425 3532 posteriore
2474 3457 2683 3530 capitis
2713 3461 2896 3529 parte,
2930 3474 3106 3529 quam
3156 3457 3414 3529 cotylum
3447 3461 3674 3523 vocant,
3702 3463 3760 3511 et

2103 3547 2163 3602 in
2197 3546 2463 3603 basilicis
2494 3563 2595 3601 eu
2630 3547 2806 3618 regiis
2821 3547 3074 3602 venis.In
3108 3545 3474 3601 hiscetribus
3492 3546 3756 3617 partibus

2103 3637 2332 3693 habitat
2361 3635 2970 3700 anima.Quamobrem
3003 3652 3120 3707 qua
3150 3635 3293 3690 hora
3322 3635 3648 3706 percutitur
3667 3651 3757 3689 ca-

2103 3729 2232 3798 put,
2265 3728 2367 3780 aut
2396 3741 2513 3790 cor,
2547 3729 2651 3780 aut
2698 3742 2765 3780 ex
2796 3723 3037 3780 basilica
3069 3741 3214 3780 vena
3257 3727 3492 3779 emanat
3520 3723 3753 3795 copiose

2102 3813 2366 3885 sanguis,
2395 3813 2593 3869 statim
2619 3831 2652 3869 a
2677 3829 2917 3885 corpore
2939 3813 3135 3868 anima
3155 3816 3478 3884 separatur,
3505 3829 3569 3868 ac
3595 3829 3748 3866 mor-

2100 3907 2270 3959 tuum
2303 3918 2516 3975 corpus
2536 3902 3064 3958 invenitur.Anima
3085 3920 3256 3975 porro
3289 3902 3347 3957 in
3379 3902 3570 3958 tribus
3592 3901 3753 3956 hisce

2101 3993 2366 4064 partibus
2399 3991 2670 4047 habitans
2691 3992 2795 4048 toti
2825 3991 3052 4063 corpori
3082 3991 3330 4064 propriis
3357 3990 3592 4046 virtutis
3622 3976 3754 4044 lllll-

2102 4079 2445 4136 strationem
2476 4080 2806 4152 dispensat.

1482 4371 1638 4427 580
1679 4371 1749 4426 ΙΝ
1793 4370 2046 4426 LIBROS
2090 4371 2176 4427 DE
2216 4369 2601 4426 TRINITATE

414 4511 442 4538 ‹‹
475 4487 657 4543 Multa
688 4488 759 4541 de
790 4487 950 4543 hisce
999 4485 1165 4542 libris
1195 4497 1508 4543 occurrunt
1552 4487 1956 4560 investiganda
1989 4505 2001 4544 :
2037 4505 2172 4545 nam
2223 4492 2288 4543 ut
2317 4489 2575 4543 incertus
2623 4491 2844 4556 auctor,
2877 4486 2961 4541 sic
2990 4487 3152 4543 varia
3181 4504 3382 4544 eorum
3427 4488 3632 4557 forma,
3667 4491 3751 4546 di-

340 4594 508 4634 versa
535 4577 774 4633 omnino
805 4577 1000 4648 operis
1030 4577 1213 4632 totius
1261 4577 1596 4633 distributio
1629 4595 1642 4632 :
1679 4593 1779 4633 nec
1813 4578 2056 4634 minoris
2100 4583 2190 4634 est
2219 4594 2407 4650 opere
2440 4576 2852 4650 primigenium
2883 4581 2941 4632 et
2971 4577 3230 4634 nativum
3265 4579 3565 4652 assignare
3594 4581 3750 4635 ordi-

346 4684 500 4735 nem,
535 4683 712 4738 quam
741 4665 840 4736 qui
868 4665 945 4721 sit
975 4665 1204 4736 antiqui
1256 4666 1504 4736 hujusce
1539 4669 1712 4722 foetus
1744 4671 1908 4739 pater
1935 4667 2214 4724 indicare.
2252 4672 2313 4722 In
2363 4665 2782 4739 manuscriptis
2813 4683 2955 4722 sane
2981 4667 3278 4737 omnibus,
3311 4673 3377 4724 ut
3407 4673 3463 4724 et
3493 4669 3551 4724 in
3581 4670 3753 4725 editis

340 4773 488 4826 quos
519 4754 809 4826 inspicere
838 4753 1022 4821 licuit,
1057 4770 1206 4826 opus
1253 4755 1576 4811 Athanasio
1620 4757 1955 4812 ascribitur.
1988 4759 2062 4813 At
2089 4773 2202 4813 non
2237 4773 2343 4829 par
2391 4757 2610 4829 ubique
2638 4756 2924 4812 librorum
2973 4773 3278 4813 numerus.
3311 4758 3632 4815 Discrimen
3670 4765 3751 4814 to-

340 4848 467 4897 tum
499 4850 563 4898 ut
597 4842 796 4898 lectori
843 4841 1248 4914 exhibeamus,
1282 4843 1382 4913 qui
1415 4844 1470 4896 in
1524 4845 1964 4916 manuscriptis,
1997 4846 2219 4920 quique
2248 4846 2306 4902 in
2357 4847 2530 4902 editis
2560 4847 2639 4902 sit
2666 4845 2860 4918 operis
2907 4849 3120 4916 status,
3153 4863 3282 4918 quae
3324 4847 3599 4916 conditio,
3627 4849 3749 4918 jam

339 4948 702 4988 enarramus.
741 4933 800 4986 In
856 4929 1255 5001 manuscripto
1281 4929 1480 5002 itaque
1529 4938 1730 4987 nostro
1777 4934 2294 5005 Sangermanensi,
2328 4952 2386 4990 n.
2417 4936 2543 5003 724,
2575 4938 2977 4990 sexcentorum
3025 4933 3255 4991 circiter
3300 4952 3611 5002 annorum,
3647 4934 3755 4990 hoc

342 5020 647 5092 prmmisso
680 5019 851 5076 titulo
877 5037 889 5075 :
927 5041 954 5068 ››
987 5018 1197 5092 Incipit
1227 5019 1376 5076 liber
1400 5021 1586 5076 sancti
1620 5021 1920 5079 Athanasii
1949 5025 2209 5097 episcopi
2242 5025 2322 5080 De
2352 5029 2555 5081 sancta
2581 5024 2926 5092 Trinitate,«
2959 5024 3116 5081 hisce
3143 5025 3337 5081 verbis
3369 5026 3678 5081 inchoatur
3702 5043 3746 5080 ει

341 5111 428 5167 Tu
487 5127 642 5167 unus
689 5115 836 5166 Deus
882 5110 1072 5179 Pater,
1111 5113 1170 5166 et
1213 5109 1553 5183 unigenitus
1603 5115 1755 5168 Deus
1802 5113 2005 5182 Filius,
2057 5115 2214 5171 Deus
2261 5115 2517 5186 Spiritus
2567 5119 2828 5172 sanctus.
2866 5135 2894 5167 ι
2923 5119 3113 5188 Atque
3161 5115 3256 5172 hic
3307 5121 3397 5173 est
3441 5116 3586 5173 liber
3633 5116 3750 5189 pri-

341 5216 497 5256 mus.
535 5222 556 5249 Ι

412 5311 438 5336 ‹‹
476 5288 560 5342 Ad
593 5287 810 5343 librum
844 5288 1171 5344 secundum
1201 5287 1323 5344 haec
1354 5295 1441 5344 est
1473 5288 1778 5362 inscriptio
1813 5308 1826 5346 :
1863 5312 1891 5342 »
1928 5291 2138 5364 Incipit
2169 5292 2317 5349 liber
2347 5294 2664 5360 secundus,
2697 5294 2776 5350 De
2807 5294 3060 5366 propriis
3092 5294 3379 5367 personis,
3411 5298 3470 5350 et
3497 5296 3568 5350 de
3591 5295 3754 5350 unito

341 5376 580 5432 nomine
614 5375 960 5432 divinitatis.
1001 5396 1022 5424 α
1060 5377 1261 5434 Postea
1292 5378 1378 5434 sic
1407 5379 1709 5436 exordium
1738 5379 1912 5436 habet
1944 5397 1957 5436 :
1994 5402 2023 5430 »
2053 5383 2462 5453 Interrogatio.
2495 5383 2662 5438 Nunc
2693 5400 2796 5454 per
2817 5383 3049 5455 singula
3077 5384 3318 5440 nomina
3349 5399 3754 5456 personarum,

341 5470 404 5520 ut
437 5481 651 5520 nomen
683 5464 918 5520 deitatis
946 5465 1090 5520 mihi
1121 5482 1379 5539 exponas
1413 5467 1665 5538 postulo.

411 5576 439 5603 «
477 5554 561 5608 Ad
595 5552 811 5609 librum
844 5554 1082 5609 tertium
1117 5572 1130 5610 :
1164 5576 1191 5605 ››
1227 5555 1438 5628 Incipit
1469 5555 1614 5612 liber
1645 5574 1729 5628 ιιι,
1763 5557 1843 5614 De
1872 5558 2279 5630 assumptione
2305 5557 2582 5614 hominis.
2615 5580 2644 5610 «
2676 5558 2859 5630 Cujus
2889 5559 3157 5618 initium:
3184 5583 3213 5614 »
3247 5561 3751 5626 Quemadmodum

341 5659 459 5698 una
489 5641 724 5712 deitate,
757 5642 1144 5714 eamdemque
1176 5659 1355 5699 unam
1385 5644 1777 5716 equalitatem
1807 5645 2104 5702 conﬁteris
2133 5644 2342 5702 Filium
2375 5661 2526 5701 esse.

415 5752 443 5781 «
475 5731 560 5786 Ad
592 5735 873 5802 quartum
926 5729 1141 5788 librum
1173 5747 1188 5787 :
1225 5754 1254 5784 »
1287 5732 1493 5805 Incipit
1525 5733 1675 5790 liber
1717 5739 1985 5806 quartus,
2020 5739 2098 5791 De
2129 5733 2383 5806 singulis
2433 5733 2793 5804 nominibus,
2825 5737 3106 5794 adversus
3159 5737 3446 5797 novellam
3476 5739 3745 5798 haeresim
