4104 6404
251 443 402 503 1435
1413 443 1474 501 S.
1525 441 1872 503 ATHANAE

2074 476 2153 488 —
2183 445 2493 506 SPURlA.
3513 446 3672 504 1436

254 573 565 630 Pctentini.
611 594 630 623 ι
665 574 846 645 Cujus
897 573 1250 647 principium
1299 578 1389 630 est
1420 593 1432 630 :
1467 597 1494 626 »
1525 579 1731 631 Interr.
1766 575 1868 630 Hic
1895 577 2014 648 jam
2050 575 2120 632 de
2147 575 2399 647 singulis
2450 576 2791 634 nominibus
2823 582 2996 649 atque
3042 576 3310 650 personis
3342 575 3668 634 identidem

253 664 434 720 refers
465 663 629 718 mihi.

326 777 352 804 ‹‹
385 753 468 807 Ad
503 751 773 824 quintum
811 769 822 806 :
861 775 887 802 »
925 752 1134 824 Incipit
1188 752 1332 808 liber
1361 751 1619 824 quintus,
1657 757 1732 808 De
1779 753 1944 808 unita
1988 771 2054 808 ac
2096 757 2454 826 sempiterna
2501 755 2837 812 substantia
2884 755 3210 811 Trinitatis.
3241 780 3267 806 «
3309 756 3668 828 Principium

254 843 339 897 sic
371 841 594 896 habet:
634 864 662 891 »
696 843 900 896 Interr.
939 842 1039 897 llic
1097 843 1548 897 contradicentis
1599 859 1850 914 persona
1897 847 1987 899 est
2030 843 2548 900 Ariomanitarum.
2603 847 2717 900 Cur
2766 861 3063 900 connexus
3110 861 3171 900 es
3220 843 3673 916 sempiternum,

251 935 362 987 etc.

326 1043 354 1069 ‹‹
391 1021 472 1073 Ad
508 1023 736 1074 sextum
775 1038 786 1074 :
825 1043 850 1068 «
892 1019 1093 1092 Incipit
1144 1019 1288 1075 liber
1340 1025 1557 1076 sextus.
1591 1020 1670 1076 De
1719 1021 2082 1077 beatitudine
2124 1023 2280 1090 ﬁdei,
2313 1028 2370 1079 et
2416 1023 2853 1096 praescriptione
2882 1027 3054 1078 sectae
3105 1022 3394 1094 pessimae.
3430 1045 3456 1071 ‹‹
3490 1021 3674 1093 Cujus

254 1109 486 1163 initium
526 1127 537 1163 :
577 1131 605 1158 »
641 1110 917 1181 Interrog.
954 1110 1132 1165 Posco
1165 1127 1196 1164 a
1228 1114 1283 1165 te
1313 1111 1382 1164 de
1415 1111 1576 1165 unito
1607 1111 1843 1165 deitatis
1875 1111 2114 1166 nomine
2150 1112 2461 1167 multifario
2493 1113 2738 1182 dictum,
2772 1117 2835 1167 ut
2861 1112 3181 1167 identidem
3218 1115 3465 1182 repetas.

333 1221 359 1248 ‹‹
393 1198 475 1252 Ad
509 1200 826 1270 septimum
864 1215 878 1253 :
917 1221 943 1247 ν
976 1199 1182 1271 Incipit
1211 1199 1358 1254 liber
1386 1200 1696 1272 septimus,
1735 1205 1807 1254 De
1840 1201 2201 1272 professione
2234 1201 2468 1274 Regulae
2499 1202 2797 1257 catholicae
2829 1219 2961 1258 cum
3011 1201 3414 1272 increpatione
3450 1199 3671 1255 haereti—

255 1302 480 1342 corum.
516 1309 544 1335 «
577 1288 755 1357 Cujus
785 1287 1020 1342 initium
1057 1304 1068 1342 :
1107 1309 1132 1335 »
1166 1291 1406 1358 Propter
1439 1289 1592 1359 quod
1628 1288 2069 1359 impensissime
2099 1289 2339 1344 obsecro
2373 1294 2532 1344 tuam
2566 1290 2951 1345 sublimitatis
2980 1289 3248 1361 gloriam,
3285 1293 3348 1342 ut
3377 1287 3611 1360 elonges
3641 1304 3674 1342 a

255 1375 528 1430 sensibus
559 1377 796 1430 nostris.

331 1486 358 1514 ‹‹
393 1464 475 1517 Ad
509 1469 775 1520 octavum
812 1481 824 1518 :
857 1489 882 1514 ››
919 1466 1128 1537 Incipit
1161 1465 1306 1521 liber
1335 1473 1595 1534 octavus,
1634 1471 1706 1521 De
1744 1466 1898 1521 Fidei
1950 1468 2194 1522 unitate.
2237 1490 2256 1516 οι
2292 1468 2473 1540 Cujus
2505 1467 2862 1540 principium
2888 1472 2979 1523 est
3013 1485 3024 1522 :
3066 1490 3085 1516 η
3123 1467 3282 1522 Fidei
3317 1465 3495 1522 unius
3529 1464 3672 1519 sub-

257 1553 485 1607 stantia)
517 1553 842 1620 Trinitatis,
879 1554 985 1609 hoc
1016 1559 1125 1622 est,
1162 1555 1350 1610 Patris
1382 1560 1437 1611 et
1473 1555 1594 1609 Filii
1627 1561 1684 1610 et
1715 1555 1901 1610 sancti
1933 1556 2207 1628 Spiritus.

327 1665 353 1690 ‹‹
388 1645 634 1698 Octavus
666 1660 833 1714 porro
864 1643 1010 1700 liber
1040 1645 1096 1699 in
1129 1644 1252 1700 haec
1281 1645 1456 1699 verba
1505 1644 1720 1700 desinit
1753 1662 1765 1700 :
1806 1668 1826 1693 ιι
1863 1645 2088 1700 Corona
2119 1651 2312 1701 autem
2347 1647 2556 1718 capitis
2605 1646 2866 1701 continet
2891 1661 3213 1717 purpuram
3247 1648 3304 1698 et
3336 1643 3630 1698 hominem
3661 1659 3675 1709 ;

255 1748 438 1786 unum
497 1733 808 1804 imperium
870 1734 1106 1789 virtutis
1164 1734 1582 1790 ostenditzsic
1641 1734 1809 1790 Pater
1866 1735 1926 1789 in
1986 1735 2124 1791 Filio
2169 1740 2226 1791 et
2285 1735 2464 1791 Filius
2517 1736 2572 1790 in
2628 1737 2836 1791 Patre:
2889 1733 3136 1806 Spiritus
3187 1737 3382 1788 autem
3436 1737 3679 1788 sanctus

254 1821 612 1890 conjunctio,
646 1823 832 1877 deitas
876 1823 1039 1895 (Reg.
1077 1824 1336 1895 deitatis)
1370 1825 1558 1879 virtus
1607 1828 1664 1878 et
1693 1823 1892 1878 unitas
1946 1825 2276 1880 Trinitatis.
2313 1847 2339 1873 «
2388 1825 2594 1880 Postea
2641 1825 2761 1879 haec
2812 1825 3088 1896 leguntur
3121 1839 3132 1876 :
3167 1843 3193 1874 ι)
3234 1821 3480 1894 Explicit
3532 1819 3681 1875 liber

254 1915 494 1965 octavus
545 1911 639 1966 Dei
689 1911 878 1968 Patris
932 1918 989 1967 et
1035 1913 1161 1968 Filii
1193 1918 1252 1968 et
1299 1913 1550 1984 Spiritus
1595 1913 1805 1978 sancti,
1856 1913 2164 1969 Athanasii
2217 1913 2496 1986 episcopi.
2552 1914 2668 1968 Hos
2726 1913 2957 1968 libellos
3009 1929 3108 1967 vm
3160 1909 3528 1982 transcripsi,
3578 1909 3680 1981 qui

256 1997 444 2052 multa
477 1999 679 2053 addita
711 2005 766 2054 et
817 2001 1129 2056 immutata
1161 2001 1482 2056 continent.
1533 2001 1743 2072 Incipit
1773 2001 2006 2058 libellus
2056 2002 2212 2072 ﬁdei,
2245 2001 2433 2058 Patris
2463 2007 2519 2057 et
2563 2002 2686 2056 Filii
2720 2008 2776 2057 et
2822 2001 3079 2074 Spiritus
3133 2000 3341 2067 sancti,
3373 1996 3682 2054 Athanasii

254 2087 538 2158 episcopi.
572 2110 599 2136 ‹‹
634 2092 842 2142 Postea
873 2089 956 2143 sic
990 2089 1271 2162 incipitur
1303 2107 1315 2144 :
1357 2112 1382 2139 »
1416 2090 1558 2145 Cum
1593 2090 1803 2161 legeris
1837 2107 1936 2162 per
1963 2091 2113 2146 hanc
2145 2092 2342 2154 ﬁdem,
2372 2107 2579 2146 moneo
2612 2095 2676 2146 ut
2708 2092 2822 2146 mei
2858 2107 3083 2146 memor
3114 2089 3195 2145 sis
3223 2089 3280 2143 in
3313 2087 3680 2143 orationibus

252 2177 394 2230 tuis.
427 2176 509 2231 Ne
540 2177 782 2231 forsitan
833 2177 1194 2250 negligenter
1242 2180 1555 2251 quisquam
1591 2181 1697 2235 hoc
1744 2183 2102 2236 obtrectator
2131 2182 2450 2253 contingat,
2484 2182 2624 2252 quia
2670 2181 2956 2252 scriptum
3008 2183 3098 2236 est
3131 2197 3145 2235 :
3186 2199 3213 2232 α
3242 2177 3323 2234 Ne
3355 2177 3682 2250 projiciatis

256 2265 608 2336 margaritas
655 2275 786 2321 ante
820 2285 1026 2338 porcos
1057 2269 1120 2324 5’.
1157 2292 1183 2318 »
1216 2270 1396 2324 Credo
1428 2269 1487 2324 in
1541 2271 1719 2325 Deum
1755 2271 1982 2324 Patrem
2034 2270 2520 2343 omnipotentem,
2553 2275 2609 2325 et
2640 2270 2698 2325 in
2750 2269 3147 2342 unigenitum,
3179 2273 3290 2324 etc.
3325 2290 3353 2317 «
3387 2267 3524 2322 Post
3551 2283 3680 2320 eam

257 2354 392 2409 ﬁdei
426 2356 850 2411 confessionem
886 2357 1005 2412 haec
1038 2359 1485 2430 subsequuntur
1516 2375 1528 2412 :
1567 2379 1587 2407 ι
1624 2359 1871 2431 Explicit
1900 2359 2194 2430 Expositio
2229 2361 2383 2427 ﬁdei,
2417 2358 2623 2432 incipit
2653 2360 2920 2431 ejusdem
2953 2359 3024 2413 de
3053 2357 3335 2412 Trinitate
3365 2360 3424 2412 et
3451 2357 3522 2410 de
3551 2354 3681 2426 Spi-

256 2443 370 2498 ritu
408 2450 628 2499 sancto.
664 2468 691 2495 ‹‹
728 2447 964 2500 Initium
1001 2465 1169 2518 porro
1203 2449 1285 2502 sic
1319 2449 1486 2503 habet
1522 2465 1532 2501 :
1567 2468 1590 2498 η
1631 2448 1731 2503 His
1760 2449 1859 2520 qui
1912 2447 2121 2503 Filium
2162 2449 2256 2504 Dei
2313 2454 2571 2504 creatum
2606 2466 2734 2504 esse
2782 2449 3154 2521 proﬁtentur,
3205 2461 3576 2517 nequaquam
3610 2444 3682 2498 de

257 2533 480 2604 Spiritu
533 2539 734 2589 sancto
767 2537 1042 2592 dabimus
1093 2554 1467 2608 responsum,
1524 2543 1633 2593 etc.
1669 2561 1695 2587 «
1731 2539 1866 2593 Post
1913 2537 2138 2594 huncce
2183 2538 2401 2594 librum
2449 2538 2853 2610 superioribus
2907 2536 3300 2609 prolixiorem,
3353 2534 3613 2606 legitur:
3651 2555 3678 2582 ››

257 2621 460 2676 Sancti
509 2623 814 2680 Athanasii
871 2627 1130 2697 episcopi
1180 2631 1248 2681 de
1302 2627 1585 2682 Trinitate
1617 2627 1765 2683 liber
1816 2627 2074 2699 explicit.
2109 2627 2319 2699 Incipit
2365 2628 2680 2684 Altercatio
2730 2628 2787 2682 S.
2823 2625 3120 2682 Athanasii
3169 2624 3429 2696 episcopi
3476 2627 3680 2678 contra

259 2710 484 2780 Arium,
515 2710 832 2767 Sabellium
861 2713 944 2767 vel
983 2714 1291 2769 Photinum
1349 2715 1671 2771 haereticos.
1707 2739 1732 2765 ‹‹
1766 2716 1922 2780 Quod
1958 2733 2106 2788 opus
2139 2721 2270 2787 post
2297 2716 2478 2772 libros
2511 2717 2582 2771 de
2623 2715 2910 2771 Trinitate
2942 2731 2974 2769 a
3005 2713 3173 2768 nobis
3205 2713 3472 2768 codicum
3503 2710 3680 2765 vesti-

261 2799 355 2870 gio
389 2799 744 2856 haerentibus
777 2809 1049 2873 reponetu
1062 2822 1102 2858 r.
1926 2791 1935 2797 ἢ

333 2910 360 2936 ‹‹
398 2888 458 2942 In
489 2889 685 2945 codice
736 2891 870 2963 Reg.
903 2893 1064 2961 3624,
1097 2893 1252 2948 idem
1305 2895 1446 2949 ordo
1479 2899 1760 2949 servatur.
1795 2895 1857 2949 In
1909 2896 2024 2950 ﬁne
2056 2912 2225 2966 porro
2257 2900 2387 2950 octo
2437 2895 2723 2950 librorum
2757 2893 2841 2949 sic
2888 2891 3104 2964 legitur
3136 2908 3149 2945 :
3187 2914 3214 2940 ››
3247 2889 3490 2962 Explicit
3537 2888 3683 2943 liber

263 2981 502 3032 octavus
554 2979 713 3033 Fidei
750 2981 931 3035 Patris
975 2987 1032 3036 et
1088 2981 1216 3036 Filii
1267 2987 1324 3038 et
1375 2983 1628 3054 Spiritus
1682 2984 1894 3053 sancti,
1945 2985 2246 3040 Athanasii
2298 2984 2576 3056 episcopi.
2621 3007 2647 3032 «
2684 2983 2900 3038 Deinde
2947 2982 3029 3037 ita
3069 2981 3288 3036 habet:
3325 3003 3347 3031 ι»
3384 2977 3684 3049 Expositio

263 3065 397 3119 ﬁdei
456 3066 776 3122 catholica.
828 3071 1008 3125 Credo
1057 3070 1115 3126 in
1172 3073 1371 3142 Deum,
1424 3076 1559 3141 etc.,
1609 3095 1636 3122 «
1673 3073 1755 3128 uti
1805 3089 2009 3144 supra.
2069 3073 2312 3144 Reliqua
2360 3076 2564 3129 eodem
2615 3089 2730 3144 quo
2780 3069 3308 3143 Sangermanensis
3352 3069 3532 3124 codex
3584 3083 3682 3122 or-

265 3153 420 3208 dine.
458 3176 487 3204 »

341 3263 368 3291 «
403 3245 464 3298 In
499 3244 752 3302 editione
783 3264 1026 3318 operum
1061 3249 1364 3305 Athanasii
1400 3267 1551 3306 anno
1585 3252 1743 3321 1556,
1781 3251 2044 3319 Βαεὶιθω,
2078 3256 2134 3307 et
2165 3252 2220 3305 in
2255 3250 2738 3316 Commeliniana,
2773 3253 2998 3322 septem
3031 3252 3262 3303 tantum
3298 3246 3519 3318 priores
3548 3243 3686 3300 libri

264 3339 624 3402 comparent,
659 3336 896 3392 omissis
927 3337 998 3393 iis
1031 3340 1307 3394 omnibus
1343 3357 1470 3411 quae
1502 3345 1635 3411 post
1668 3341 1845 3395 libros
1877 3341 1948 3396 de
1974 3340 2259 3396 Trinitate
2289 3341 2347 3395 in
2382 3339 2800 3411 manuscriptis
2831 3339 3125 3410 leguntur.
3156 3359 3183 3387 ››

338 3443 359 3471 u
397 3421 460 3476 In
491 3423 747 3480 editione
780 3431 974 3482 autem
1028 3428 1341 3484 Parisiensi
1373 3429 1830 3497 Graeco-Latina,
1866 3430 2137 3485 undecim
2192 3429 2320 3484 libri
2375 3430 2665 3484 habentur
2697 3445 2709 3482 :
2747 3428 3028 3484 nimirum
3083 3425 3404 3498 praemissis
3454 3428 3682 3495 septem

263 3507 455 3576 libris,
490 3516 553 3566 ut
581 3519 813 3570 exstant
843 3515 901 3570 in
933 3517 1400 3573 Commeliniana
1432 3517 1948 3585 editione,octavus
1980 3519 2062 3574 sic
2094 3519 2440 3574 inscribitur
2471 3534 2516 3572 ευ
2554 3517 2634 3573 De
2667 3516 2876 3572 Ariana
2906 3521 2964 3572 et
2994 3515 3288 3571 catholica
3317 3514 3686 3570 confessione

265 3600 334 3655 ad
367 3601 780 3672 Theophilum.
817 3629 844 3655 «
878 3606 1058 3677 Cujus
1093 3607 1324 3661 initium
1361 3626 1373 3662 :
1413 3629 1439 3656 ››
1471 3608 1667 3662 Ariani
1701 3608 2146 3672 dicunt,Filium
2181 3609 2278 3662 Dei
2311 3625 2426 3662 non
2459 3608 2529 3662 de
2562 3607 2896 3662 substantia
2929 3605 3026 3660 Dei
3060 3605 3244 3660 Patris
3275 3603 3558 3674 genitum,
3582 3603 3684 3656 sed

265 3692 630 3748 extrinsecus
679 3701 942 3750 creatum
981 3715 991 3750 :
1023 3720 1048 3747 (ι
1084 3697 1182 3766 (ιυί
1238 3697 1386 3752 liber
1417 3715 1529 3751 non
1562 3705 1650 3753 est
1681 3699 1736 3752 in
1771 3697 2191 3769 manuscriptis
2223 3698 2460 3764 nostris,
2509 3714 2612 3751 nec
2643 3697 2744 3767 qui
2776 3713 2909 3750 mox
2940 3696 3226 3766 sequitur.
3259 3693 3460 3749 Nonus
3495 3709 3507 3746 :
3544 3715 3571 3742 ››
3604 3692 3687 3747 De

264 3777 402 3834 Fide
435 3797 543 3835 sua
572 3783 642 3836 ad
697 3784 1112 3856 Theophilum,
1146 3789 1317 3859 cujus
1350 3787 1585 3842 initium
1623 3805 1633 3840 :
1677 3812 1695 3836 ι
1732 3789 1975 3843 Credere
2017 3788 2302 3858 jubemur
2331 3786 2390 3841 in
2423 3786 2522 3840 Dei
2556 3786 2744 3840 Patris
2774 3785 3284 3856 omnipotentiam,
3317 3789 3373 3838 et
3400 3782 3530 3836 Filii
3561 3783 3686 3851 ejus

263 3866 404 3923 Jesu
439 3869 671 3926 Christi.
712 3895 738 3920 ‹‹
771 3874 1063 3945 Decimus,
1099 3897 1126 3924 ››
1159 3877 1238 3932 De
1287 3877 1507 3932 unitate
1545 3877 1694 3931 Fidei
1745 3879 1816 3931 ad
1849 3875 2259 3947 Theophilum,
2295 3897 2322 3926 «
2357 3877 2528 3946 cujus
2580 3875 2838 3945 initium,
2871 3896 2898 3923 »
2928 3874 3086 3929 Fidei
3117 3873 3291 3928 unius
3341 3872 3687 3926 substantiae

265 3955 592 4026 Trinitatis,
628 3961 734 4015 hoc
766 3969 873 4028 est,
914 3965 1097 4019 Patris
1129 3971 1185 4020 et
1239 3965 1361 4020 Filii
1399 3971 1454 4021 et
1484 3967 1732 4030 Spiritus
1781 3966 1986 4021 sancti.
2023 3989 2048 4014 ‹‹
2085 3965 2188 4019 Hic
2214 3970 2453 4020 octavus
2485 3965 2668 4020 fertur
2698 3965 2757 4018 in
2813 3979 2958 4018 mss.
2989 3962 3366 4025 Undecimus,
3401 3979 3428 4012 ι
3465 3959 3544 4015 De
3575 3959 3689 4013 ﬁde

269 4046 519 4102 unitatis
551 4053 608 4102 et
638 4050 971 4118 Trinitatis,
1005 4054 1192 4109 Patris
1221 4060 1278 4110 et
1311 4055 1436 4110 Filii
1473 4059 1526 4109 et
1557 4055 1807 4127 Spiritus
1840 4055 2085 4109 sancti.«
2120 4055 2302 4124 Cujus
2336 4054 2569 4108 initium
2606 4071 2618 4108 :
2657 4076 2678 4103 ο
2713 4053 2893 4108 Credo
2928 4052 2984 4106 in
3017 4051 3461 4107 DeumPatrem
3495 4047 3686 4104 omni-

267 4139 586 4206 potentem,
623 4142 678 4192 et
710 4140 767 4193 in
802 4141 1191 4213 unigenitum,
1226 4148 1335 4198 etc.
1373 4166 1398 4191 ‹‹
1436 4147 1565 4198 Haec
1597 4149 1686 4198 est
1721 4143 1872 4197 Fidei
1909 4144 2197 4198 confessio
2228 4159 2358 4213 quae
2386 4142 2445 4196 in
2493 4159 2636 4197 mss.
2667 4139 3049 4212 subsequitur
3080 4143 3209 4211 post
3243 4143 3371 4194 octo
3403 4137 3585 4191 libros
3617 4137 3690 4191 de

268 4223 556 4280 Trinitate
588 4228 657 4282 ad
692 4227 1104 4301 Theophilum.
1140 4233 1285 4288 Huic
1335 4232 1684 4288 confessioni
1733 4238 2160 4304 consequenter
2187 4231 2533 4304 adjungitur
2579 4231 2726 4285 liber
2755 4230 2851 4285 ille
2906 4233 2996 4284 sat
3027 4227 3286 4300 prolixus
3336 4227 3437 4297 qui
3470 4226 3526 4280 in
3563 4241 3686 4279 ma-

270 4314 591 4386 nuscriptis
641 4319 910 4389 sequitur
939 4327 1071 4393 post
1117 4323 1273 4377 Fidei
1311 4322 1759 4392 confessionem,
1795 4322 2004 4393 hisque
2059 4321 2250 4376 verbis
2283 4321 2597 4376 inchoatur
2629 4336 2641 4375 :
2676 4342 2704 4371 »
2736 4320 2839 4374 His
2880 4318 2981 4391 qui
3015 4317 3224 4373 Filium
3281 4316 3375 4372 Dei
3426 4318 3687 4370 creatum

269 4417 399 4459 esse
435 4405 782 4474 proﬁtentur
814 4425 1182 4480 nequaquam
1217 4413 1285 4466 de
1318 4412 1537 4483 Spiritu
1572 4420 1790 4467 sanclo.

346 4515 373 4542 α
405 4493 609 4549 Petrus
642 4496 988 4554 Franciscus
1021 4500 1346 4556 Chiffletius
1377 4519 1406 4554 e
1432 4502 1713 4556 Societate
1741 4501 1904 4568 Jesu,
1940 4500 2038 4570 qui
2073 4499 2323 4553 Victoris
2353 4497 2612 4553 Vitensis
2642 4502 2700 4553 et
2730 4497 2925 4569 Vigilii
2957 4495 3272 4568 Tapsensis
3303 4510 3480 4565 cpera
3513 4493 3689 4548 eden-

272 4582 346 4637 da
379 4584 605 4639 curavit
635 4603 787 4641 anno
844 4588 1000 4656 1664,
1035 4588 1142 4644 hos
1179 4611 1204 4638 ι)
1237 4591 1308 4644 de
1339 4591 1623 4645 Trinitate
1657 4612 1682 4638 ‹‹
1717 4588 1898 4643 libros
1948 4586 2145 4660 Vigilii
2200 4587 2439 4642 nomine
2489 4586 2671 4660 edidit
2703 4588 2875 4658 :jure
2901 4603 2972 4641 an
3007 4586 3223 4656 injuria
3253 4585 3302 4639 ei
3351 4582 3694 4654 ascripserit

272 4688 406 4727 mox
437 4675 853 4745 expendemus.
885 4677 1017 4732 Jam
1051 4679 1312 4734 ordinem
1346 4681 1495 4749 quod
1531 4683 1773 4749 spectat,
1808 4681 1935 4731 octo
1989 4676 2212 4747 priores
2258 4675 2441 4731 libros
2473 4681 2537 4730 ut
2570 4676 2625 4731 in
2660 4676 3078 4747 manuscriptis
3129 4674 3341 4746 digesti
3375 4673 3688 4741 habentur,

271 4762 586 4817 recensuit.
622 4763 824 4819 Nonus
857 4772 1049 4822 autem
1085 4773 1194 4834 est,
1225 4790 1252 4817 »
1289 4768 1545 4823 Libellus
1579 4766 1760 4830 Fidei,
1796 4788 1823 4816 ‹‹
1858 4767 2028 4836 cujus
2061 4765 2296 4819 initium
2329 4781 2383 4818 ε»
2414 4766 2597 4821 Credo
2629 4766 2687 4820 in
2720 4766 2904 4821 Deum
2934 4765 3168 4820 Patrem
3199 4762 3688 4834 omnipotentem,

271 4871 300 4902 «
334 4849 437 4905 illa
467 4850 689 4908 scilicet
719 4853 872 4909 Fidei
906 4857 1193 4912 confessio
1226 4857 1500 4928 superius
1528 4859 1869 4910 memorata.
1905 4854 2230 4922 Decimus,n
2267 4855 2561 4926 Expositio
2590 4855 2720 4909 ﬁdei
2753 4852 3107 4923 catholicae”
3137 4853 3309 4923 cujus
3336 4851 3573 4906 initium
3609 4867 3621 4904 :
3660 4872 3689 4898 n

270 4940 513 4996 Credere
538 4941 817 5011 jubemur
849 4944 904 4998 in
939 4945 1040 4999 Dei
1071 4945 1259 5001 Patris
1292 4944 1800 5017 omnipotentiam.
1837 4968 1863 4993 ‹‹
1899 4945 2004 5010 Qui
2038 4943 2186 4999 liber
2214 4961 2406 5000 nonus
2439 4946 2621 5000 fertur
2650 4944 2710 4998 in
2741 4943 2997 4999 editione
3029 4942 3211 4997 Paris.
3245 4941 3621 5006 Undecimus,
3661 4961 3689 4987 ››

273 5028 560 5084 Professio
594 5031 824 5099 Ariana,
861 5039 912 5087 et
946 5035 1236 5090 confessio
1265 5034 1550 5090 catholica
1581 5033 1764 5088 sancti
1795 5033 2157 5102 Athanasii,«
2190 5036 2361 5105 cujus
2394 5033 2625 5089 initium
2660 5050 2706 5090 ε»
2743 5031 2940 5088 Ariani
2971 5032 3176 5087 dicunt
3208 5030 3419 5086 Filium
3452 5029 3686 5084 Deinon

273 5119 344 5173 de
377 5119 709 5175 substantia
739 5121 926 5176 Patris
959 5124 1281 5194 genitum.«
1319 5125 1536 5194 Estque
1567 5123 1712 5176 liber
1743 5129 1981 5178 octavus
2012 5123 2069 5176 in
2101 5122 2430 5177 edit.Paris.
2470 5122 2916 5192 Duodecimus,»
2947 5121 3027 5176 De
3057 5121 3425 5186 Trinitate,et
3455 5120 3526 5173 de
3557 5118 3687 5188 Spi-

275 5207 390 5263 ritu
425 5216 684 5278 sancto,«
722 5214 890 5281 cujus
927 5213 1277 5284 principium
1314 5220 1403 5268 est
1438 5230 1486 5267 ε»
1525 5213 1621 5267 llis
1651 5213 1744 5282 qui
1785 5212 1989 5266 Filium
2026 5212 2126 5267 Dei
2160 5216 2418 5267 creatum
2453 5228 2581 5268 esse
2610 5213 3554 5283 proﬁtentur,nequaquam,etc.,(r
3590 5208 3691 5278 qui

273 5297 422 5353 liber
452 5299 509 5354 in
544 5300 682 5354 edit.
724 5301 900 5356 Paris.
935 5306 1363 5372 consequenter
1396 5301 1629 5372 ponitur
1656 5307 1786 5372 post
1817 5301 1950 5356 ﬁdei
1983 5301 2409 5357 confessionem
2441 5302 2550 5356 sub
2584 5317 2699 5356 uno
2732 5306 2977 5372 uterque
3008 5299 3195 5354 titulo.
3217 5299 3294 5353 Ex
3326 5298 3486 5352 hisce
3518 5314 3692 5365 porro

270 5387 560 5460 liquidum
595 5395 682 5444 est
704 5408 880 5461 quam
905 5391 1107 5446 multis
1131 5391 1508 5446 varietatibus
1531 5391 2079 5461 mutationibusque
2101 5391 2386 5445 obnoxius
2411 5390 2585 5446 fuerit
2608 5389 2885 5445 horumce
2905 5389 3189 5444 librorum
3217 5388 3359 5443 ordo
3381 5396 3555 5457 atque
3581 5403 3692 5440 nu-

271 5479 614 5534 merus.Nec
638 5481 894 5536 minores
916 5480 971 5534 in
998 5484 1329 5536 contextum
1354 5481 1588 5534 invectae
1613 5484 1750 5534 sunt
1774 5480 2128 5534 mutationes
2147 5485 2202 5535 et
2224 5479 2647 5547 additiones,ut
2665 5478 2896 5534 monuit
2916 5477 3101 5533 nostri
3115 5475 3693 5548 codicisexscriptor,

274 5583 401 5638 quae
431 5571 626 5622 tamen
659 5569 716 5622 in
748 5570 1163 5626 Athanasianis
1196 5571 1367 5625 editis
1400 5588 1511 5626 non
1546 5569 1990 5641 comparent.Ut
2016 5574 2208 5624 autem
2245 5568 2445 5624 lectori
2476 5568 2742 5624 studioso
2772 5568 2831 5623 in
2865 5574 3142 5640 promptu
3175 5566 3271 5636 sit,
3291 5583 3388 5621 eas
3419 5584 3452 5622 a
3484 5565 3695 5638 primi-

273 5655 445 5724 genio
478 5660 748 5713 contextu
782 5659 1133 5727 discernere,
1168 5661 1399 5716 uncinis
1434 5659 1784 5715 inclusimus
1817 5659 2104 5731 quidquid
2139 5659 2268 5716 novi
2301 5675 2369 5715 ex
2399 5658 2820 5730 manuscriptis
2849 5658 2964 5714 huc
2993 5655 3410 5714 transmissum
3435 5655 3692 5710 fuit.Ma-

348 5781 392 5815 "
423 5780 630 5838 Matth.
663 5799 765 5851 vn,
795 5786 849 5838 6.
