4104 6374
355 429 507 488 1437
1294 432 1370 493 IN
1419 434 1693 495 LlBltUS
1745 436 1841 496 DE
1886 437 1976 495 Tll

2146 435 2311 494 'ATE
2358 430 2823 493 ADMONITIO.
3610 427 3767 487 1438

358 559 794 631 nuscriptorum
824 579 996 633 porro
1027 565 1334 634 sequimur
1365 565 1650 631 ordinem,
1682 584 1748 622 ac
1780 566 2064 622 librorum
2099 582 2431 632 numerum,
2456 563 2555 636 qui
2591 562 2884 618 Hincmari
2919 568 3178 633 tempore
3210 561 3362 616 idem
3400 559 3578 615 fuisse
3609 559 3754 616 531

353 649 586 704 videtur
617 667 629 703 :
667 667 800 705 nam
835 657 962 707 octo
994 652 1176 708 libros
1223 655 1610 711 Athanasium
1642 661 1846 712 contra
1891 658 2137 712 Arianos
2167 655 2422 711 edidisse
2472 659 2718 709 testatur
2750 653 2883 715 ille;
2917 653 3157 707 totidem
3209 650 3452 719 scilicet,
3487 653 3628 720 quot
3666 665 3765 704 ex-

349 743 507 794 stant
538 738 596 793 in
628 739 927 796 codicibus
961 744 1176 798 nostris
1207 745 1645 815 manuscriptis.
1679 748 1756 801 Ac
1786 745 1920 801 licet
1967 746 2092 816 ipse
2145 745 2359 798 librum
2410 742 2712 798 Athanasii
2761 741 3053 796 decimum
3099 742 3171 795 de
3217 740 3498 794 Trinitate
3545 738 3762 802 laudet,

355 843 486 898 pag.
523 827 646 892 497,
681 845 793 883 non
827 845 893 884 eo
925 830 980 884 id
1014 831 1134 902 agit
1167 833 1321 903 quod
1354 832 1500 887 liber
1533 833 1626 888 ille
1656 834 1867 888 decimi
1898 833 2340 905 inscriptionem
2373 834 2546 887 ferret
2576 831 2634 885 in
2667 829 2987 896 codicibus,
3022 828 3166 883 alias
3197 827 3351 882 enim
3385 827 3493 880 sibi
3526 824 3638 898 ipsi
3670 840 3762 879 re-

355 924 645 987 pugnaret
677 917 1047 988 Hincmarus,
1081 920 1181 991 qui
1213 927 1343 976 octo
1377 927 1605 976 tantum
1641 922 1779 978 alibi
1811 922 2140 990 recensuit;
2176 923 2277 977 sed
2310 920 2577 977 fortassis
2609 923 2922 975 tractatum
2957 917 3124 972 illum
3154 917 3224 971 de
3269 916 3552 970 Triuitatc
3607 919 3770 969 vocat

361 1003 678 1075 decimum,
711 1007 848 1077 quia
877 1014 1010 1079 post
1040 1015 1167 1064 octo
1201 1009 1425 1066 libellos
1457 1011 1824 1083 supradictas
1855 1012 1970 1067 dno
2002 1016 2332 1084 sequuntur
2383 1009 2670 1081 Opuscula
2716 1007 3020 1063 Athanasii
3062 1006 3318 1075 nomine,
3351 1022 3599 1076 quorum
3635 1021 3768 1074 po-

360 1097 612 1147 tremum
648 1097 719 1149 de
747 1096 1030 1152 Trinitate
1062 1106 1492 1170 nuncupatum,
1525 1101 1812 1155 decimum
1849 1106 2039 1172 potest
2083 1101 2197 1155 dici
2249 1100 2297 1154 si
2347 1116 2478 1154 cum
2513 1097 2975 1168 praecedentibus
3008 1098 3365 1150 numeretur.
3420 1091 3523 1146 Illa
3569 1099 3764 1146 autem

355 1188 650 1250 postrema
679 1186 793 1238 duo
827 1186 1131 1257 opuscula,
1169 1191 1233 1242 ut
1268 1206 1436 1244 nemo
1493 1207 1604 1244 non
1655 1190 1831 1254 videt,
1876 1190 2024 1244 alius
2058 1195 2197 1244 sunt
2226 1188 2558 1260 argumenti
2586 1213 2600 1254 ;
2631 1192 2809 1258 atque
2839 1187 2982 1241 adeo
3015 1183 3307 1254 prioribus
3339 1181 3502 1235 libris
3535 1178 3776 1234 minime

358 1273 843 1341 annumeranda;
881 1282 945 1330 ut
977 1293 1080 1330 nec
1113 1277 1228 1331 duo
1262 1277 1358 1332 alii
1395 1278 1527 1333 libri
1560 1279 1659 1350 qui
1694 1296 1805 1334 non
1839 1284 2182 1351 comparent
2213 1279 2270 1334 in
2305 1277 2725 1348 manuscriptis
2759 1274 2997 1339 nostris,
3025 1272 3247 1328 scilicet
3276 1270 3375 1342 qui
3403 1275 3640 1325 octavus
3673 1268 3780 1322 fer-

356 1365 454 1414 tur
487 1360 541 1413 in
575 1362 828 1418 editione
861 1365 1196 1431 Parisiensi,
1230 1367 1546 1438 incipitque
1583 1369 1661 1423 ita
1695 1385 1760 1422 ε»
1795 1369 1992 1423 Ariani
2025 1368 2228 1423 dicunt
2260 1367 2472 1422 Filium
2503 1367 2640 1431 Dei;
2667 1390 2692 1415 ι(
2730 1366 2867 1420 item
2898 1363 2998 1435 qui
3033 1379 3225 1418 nonus
3255 1359 3470 1414 ibidem
3505 1358 3775 1421 habetur,

357 1449 527 1518 cujus
559 1449 790 1506 initium
830 1470 841 1506 :
878 1477 905 1502 »
937 1455 1181 1510 Credere
1206 1457 1486 1524 jubemur
1518 1457 1575 1511 in
1610 1457 1708 1512 Dei
1742 1458 1933 1512 Patris
1977 1457 2482 1528 omnipotentiam.
2523 1475 2544 1503 ι
2582 1458 2769 1520 Quare
2813 1453 2987 1508 hosce
3020 1450 3200 1506 libros
3253 1449 3322 1504 ad
3374 1447 3592 1503 calcem
3643 1449 3772 1499 Octo

359 1537 616 1608 priorum
653 1541 996 1607 reiiciendos
1029 1546 1389 1600 censuimus.
1423 1547 1501 1601 De
1534 1547 1815 1618 scriptore
1849 1563 2016 1618 porro
2050 1547 2326 1601 horumce
2360 1562 2600 1617 operum
2634 1544 2805 1598 variae
2837 1549 2976 1598 sunt
3021 1539 3324 1612 opiniones
3360 1555 3372 1592 :
3425 1540 3481 1592 et
3512 1536 3766 1606 primum

358 1627 510 1682 inter
539 1645 740 1684 omnes
773 1633 1046 1688 convenit
1079 1651 1192 1689 non
1227 1651 1354 1690 esse
1383 1636 1709 1705 Athanasii,
1742 1637 1892 1706 quod
1927 1636 2130 1706 utique
2161 1635 2463 1707 prOpalam
2495 1639 2584 1688 est
2615 1650 2683 1688 ex
2715 1631 2915 1687 multis
2946 1629 3225 1702 loquendi
3255 1626 3567 1699 generibus
3599 1625 3774 1678 Atha-

358 1717 520 1771 nasio
557 1719 797 1774 minime
831 1722 1236 1785 familiaribus,
1266 1729 1392 1778 tum
1427 1726 1599 1780 etiam
1635 1727 1786 1796 quod
1825 1726 2055 1780 nativus
2085 1725 2365 1780 horumce
2395 1723 2724 1779 libellorum
2758 1721 2966 1792 stylus,
3000 1721 3241 1774 Latinus
3274 1735 3386 1772 non
3421 1716 3655 1770 Graecus
3686 1713 3770 1768 vi-

358 1805 586 1872 deatur,
625 1824 728 1862 nec
759 1827 792 1862 a
826 1827 1117 1881 quoquam
1153 1819 1412 1869 veterum
1447 1820 1802 1869 memoretur
1833 1815 2097 1869 Graecum
2129 1814 2418 1884 ejusmodi
2453 1812 2757 1867 Athanasii
2789 1828 2956 1881 opus,
2990 1810 3159 1880 cujus
3209 1809 3346 1861 item
3383 1805 3607 1860 nullum
3642 1819 3768 1857 ves-

356 1893 568 1964 tigium
603 1903 790 1951 exstat
822 1905 878 1952 in
913 1900 1125 1956 Graecis
1160 1901 1456 1957 Athanasii
1487 1919 1724 1972 cperum
1757 1903 2075 1958 codicibus.
2102 1903 2162 1958 1d
2196 1903 2375 1972 igitur
2406 1919 2508 1972 pro
2539 1905 2835 1971 comperto
2867 1899 3133 1965 habetur,
3167 1894 3464 1950 Athanasii
3501 1909 3610 1947 non
3644 1907 3772 1945 esse

354 1983 461 2038 hos
493 1983 742 2040 libellos.
779 1987 990 2058 Vigilio
1021 1991 1320 2061 Tapsensi
1351 1992 1653 2046 ascribunt
1701 1992 1805 2045 viri
1854 1991 2188 2059 clarissimi,
2212 1991 2579 2057 Sirmondus,
2617 1990 2904 2054 Labbeus,
2939 1993 2996 2043 et
3025 1986 3368 2051 Chifﬂetius,
3405 1981 3502 2053 qui
3549 1985 3768 2052 postre-

359 2089 487 2126 mus
521 2073 825 2130 duodecim
859 2078 1038 2133 libros
1068 2080 1140 2134 de
1183 2079 1466 2134 Trinitate
1499 2080 1688 2152 Vigilii
1726 2082 1959 2135 nomine
1989 2081 2174 2135 edidit
2221 2097 2375 2135 anno
2421 2081 2579 2144 1664,
2629 2096 2695 2134 ac
2744 2079 2930 2133 eidem
2983 2077 3076 2132 his
3123 2074 3377 2129 vindicat
3424 2073 3493 2126 de
3550 2069 3764 2125 causis.

353 2164 407 2216 1ο
437 2166 595 2228 Quod
633 2183 779 2237 opus
813 2166 952 2222 illud
989 2170 1045 2223 in
1090 2169 1391 2225 codicibus
1426 2171 1842 2242 maDUsCI‘ipliS
1867 2172 2154 2242 jungatur
2183 2187 2315 2225 cum
2354 2193 2382 2220 »
2411 2169 2803 2225 Altereatione
2843 2173 3040 2223 contra
3075 2167 3294 2229 Arium,
3325 2161 3640 2218 Sabellium
3678 2161 3764 2214 vel

356 2251 665 2307 Photinum
703 2255 1020 2323 haereticos,
1055 2280 1082 2306 ‹‹
1111 2259 1261 2326 quod
1294 2275 1441 2329 opus
1474 2264 1706 2313 constat
1736 2276 1866 2314 esse
1902 2259 2116 2330 Vigilii.
2153 2261 2213 2312 2°
2241 2259 2401 2322 Quod
2458 2259 2514 2311 in
2562 2257 2896 2328 prafatione
2945 2255 3080 2310 libri
3128 2258 3331 2308 contra
3378 2251 3759 2314 Marivadum,

357 2341 572 2396 ldatius
603 2343 826 2413 Clarus,
860 2361 984 2410 seu,
1019 2352 1082 2399 ut
1111 2347 1386 2418 opinatur
1417 2347 1764 2412 Chiffletius,
1798 2349 1921 2417 ipse
1953 2347 2202 2420 Vigilius
2235 2348 2512 2412 larvatus,
2545 2363 2674 2401 sese
2706 2346 2916 2418 prodat
2944 2345 3190 2414 hujusce
3219 2340 3412 2413 operis
3444 2345 3764 2404 auctorem,

353 2430 512 2484 hisce
547 2433 737 2488 verbis
771 2451 783 2488 :
823 2456 842 2482 ι
879 2435 1135 2498 Dudum,
1170 2436 1536 2492 dilectissimi
1576 2438 1806 2501 fratres,
1837 2438 1892 2491 in
1927 2437 2165 2509 Neapoli
2202 2437 2341 2491 urbe
2371 2435 2704 2507 Campaniae
2735 2433 3113 2500 constitutus,
3156 2431 3462 2500 cujusdam
3497 2428 3766 2481 Varima-

354 2519 410 2573 di
447 2523 671 2574 Ariame
706 2528 875 2577 sectae
906 2523 1130 2578 diaconi
1170 2525 1689 2596 propositionibus,
1723 2545 1755 2580 a
1786 2527 2042 2596 quodam
2075 2526 2338 2582 studioso
2369 2542 2434 2579 ac
2482 2524 2925 2595 religiosissime
2953 2523 3076 2576 viro
3110 2520 3250 2574 mihi
3285 2517 3516 2584 oblatis,
3550 2516 3770 2570 rustico

357 2608 590 2678 quidem
630 2625 895 2664 sermone
927 2614 1306 2682 respondens,
1343 2615 1397 2667 in
1436 2631 1550 2668 uno
1581 2631 1821 2685 corpore
1853 2614 2031 2670 simul
2081 2613 2309 2669 libellos
2358 2615 2427 2670 de
2475 2614 2698 2668 unitate
2730 2611 3027 2667 Trinitatis
3072 2608 3308 2680 digessi.
3349 2630 3374 2656 u
3408 2612 3481 2660 At
3513 2605 3767 2676 primum

355 2698 510 2767 quod
545 2698 782 2752 affertur
810 2699 930 2754 leve
961 2701 1276 2755 admodum
1311 2708 1434 2768 est;
1471 2703 1601 2758 licet
1629 2705 1786 2758 enim
1819 2705 1874 2758 in
1909 2703 2211 2758 codicibus
2233 2704 2563 2775 jungantur
2595 2703 2650 2757 hi
2702 2701 2835 2756 libri
2884 2716 3017 2756 cum
3054 2722 3080 2748 ››
3134 2696 3521 2754 Altereatione
3570 2699 3770 2748 contra

355 2786 583 2854 Arium,
617 2787 934 2842 Sabellium
971 2796 1024 2842 et
1059 2790 1390 2856 Photinum,
1427 2816 1451 2839 ‹‹
1489 2809 1860 2863 nequaquam
1897 2793 2032 2848 hinc
2064 2793 2371 2847 conficitur
2402 2798 2719 2862 utrumque
2747 2808 2896 2862 opus
2927 2790 3192 2860 ejusdem
3241 2803 3370 2842 esse
3413 2784 3716 2856 scriptoris
3752 2804 3765 2849 ;

350 2873 573 2930 librarii
605 2879 758 2931 enim
793 2878 1093 2963 complura
1126 2879 1179 2932 in
1217 2881 1417 2934 eodem
1450 2883 1645 2936 codice
1674 2882 1846 2936 etiam
1883 2882 2180 2953 disparata
2210 2899 2385 2951 opera
2414 2883 2786 2952 eompingere
2817 2879 3027 2947 solent,
3061 2879 3364 2948 multoque
3392 2873 3670 2930 libentius
3700 2889 3767 2927 ea

351 2963 627 3035 copulant
658 2983 784 3035 qua":
817 2967 1080 3034 ejusdem
1115 2969 1417 3039 criptoris
1453 2987 1660 3024 nomen
1698 2973 2020 3042 proferunt,
2055 2972 2208 3042 quod
2242 2970 2335 3025 hic
2366 2987 2508 3026 sane
2539 2971 2803 3042 contigit.

421 3088 848 3145 Testimonium
889 3092 1048 3145 ldatii
1085 3093 1237 3163 quod
1283 3098 1526 3164 s'pectat,
1580 3113 1719 3150 sane
1749 3105 2012 3167 aperlum
2065 3095 2211 3151 illud
2261 3095 2774 3166 indubitatumque
2805 3094 3053 3161 videtur,
3095 3096 3150 3147 et
3182 3095 3427 3146 fortasse
3459 3089 3542 3144 vel
3574 3088 3763 3144 solum

353 3184 506 3232 esset
531 3179 598 3232 ad
635 3178 909 3233 Cbif‘fletii
942 3182 1292 3235 sententiam
1323 3183 1669 3238 firmandam
1705 3185 1872 3251 satis,
1900 3184 1946 3240 si
1980 3184 2221 3256 perinde
2252 3183 2612 3254 exploratum
2647 3188 2820 3247 esset,
2846 3182 3115 3237 eumdem
3152 3197 3281 3236 esse
3315 3179 3565 3234 ldatium
3599 3177 3765 3232 illum

355 3266 526 3336 cujus
559 3284 769 3323 nomen
807 3269 860 3322 in
897 3270 1250 3340 quibusdam
1283 3273 1705 3344 manuscriptis
1730 3273 2312 3345 pramittitur,atque
2342 3272 2654 3344 Vigilium;
2680 3289 2780 3327 seu
2814 3273 3010 3343 potius
3042 3269 3314 3339 Vigilium
3352 3269 3519 3323 ldatii
3556 3285 3765 3322 nomen

349 3356 670 3411 affectasse.
707 3360 779 3411 At
813 3375 902 3412 res
936 3359 1177 3414 minime
1210 3365 1374 3415 vacat
1404 3361 1768 3416 difficultate.
1804 3363 1938 3426 Quae
1969 3379 2072 3434 pro
2106 3362 2315 3434 Vigitio
2349 3362 2672 3418 afferuntur
2705 3361 2824 3416 haec
2857 3364 2997 3416 sunt
3034 3377 3045 3414 :
3083 3361 3142 3415 In
3193 3357 3573 3429 subsequenti
3609 3381 3634 3404 ι»
3669 3356 3764 3411 Al-

347 3445 667 3500 tereatione
699 3447 980 3502 adversus
1015 3451 1240 3514 Arium,
1275 3449 1596 3506 Sabellium
1631 3456 1687 3506 et
1714 3451 2050 3519 Photinum,
2087 3475 2113 3502 «
2140 3451 2391 3523 Vigilius
2423 3451 2582 3505 illius
2615 3451 2826 3521 operis,
2861 3455 2924 3504 ut
2956 3454 3214 3521 putatur,
3239 3452 3458 3511 auctor,
3484 3445 3590 3500 hoc
3621 3445 3762 3499 scri-

362 3535 444 3588 bit
474 3539 513 3588 t.
544 3553 604 3600 ll,
631 3537 814 3590 71.45:
847 3559 872 3583 ››
904 3537 1225 3592 Audiamus
1245 3543 1438 3592 autem
1473 3544 1527 3592 et
1559 3539 1970 3595 beatissimum
1997 3540 2339 3606 Paulum,de
2368 3540 2476 3595 hoc
2508 3541 2708 3594 eodem
2744 3539 3021 3610 mysterio
3053 3537 3314 3608 apertius
3344 3536 3756 3596 disserentem,

361 3628 416 3676 et
447 3628 564 3678 tres
598 3641 778 3678 unum
815 3625 995 3680 Deum
1031 3628 1477 3682 confirmantem
1509 3646 1520 3697 ;
1557 3631 1708 3683 sicut
1739 3629 1794 3682 in
1829 3629 1976 3684 libro
2009 3646 2183 3700 quem
2217 3630 2494 3685 adversus
2527 3629 2913 3688 Maribadum.
2962 3627 3222 3682 nefandae
3257 3625 3539 3679 haereseos
3563 3628 3764 3677 vestrae

358 3709 668 3766 diaconum
705 3713 1018 3784 edidimus,
1046 3714 1384 3785 plenissime
1415 3721 1645 3771 constat
1675 3733 2046 3788 expressum;
2068 3717 2138 3772 de
2169 3734 2284 3788 quo
2316 3716 2549 3771 nuncin
2572 3716 2678 3770 hoc
2703 3715 2826 3771 loco
2859 3731 3146 3786 perpauca
3176 3711 3761 3768 interserimus.Dum

356 3815 492 3872 ergo
527 3801 620 3854 ille
653 3802 948 3873 c-bjiceret,
985 3804 1137 3874 quod
1173 3804 1308 3858 unio
1340 3805 1611 3859 excludat
1641 3794 1988 3877 aequalitatis
2037 3806 2405 3874 Trinitatem,
2461 3811 2515 3860 et
2546 3804 2849 3877 aequalitas
2881 3803 3120 3874 repellat
3149 3802 3446 3870 unionem,
3477 3803 3626 3857 inter
3657 3799 3768 3854 alia

356 3889 543 3945 multa
574 3889 681 3944 hoc
712 3908 816 3962 ego
851 3892 1042 3946 retuli.
1078 3894 1247 3955 Audi,
1285 3894 1545 3963 inquam,
1581 3895 1922 3965 Apostolum
1956 3895 2106 3950 hanc
2157 3895 2459 3951 Trinitatis
2509 3895 2783 3950 unionem
2835 3893 3118 3948 ealcatius
3168 3891 3602 3964 praedicantem,
3655 3896 3766 3944 etc.

355 4001 381 4026 ‹‹
416 3979 621 4034 Totum
651 3980 729 4035 ibi
765 3981 956 4034 locum
992 3982 1158 4036 afl‘ert
1187 3982 1286 4054 qui
1320 4000 1374 4036 n.
1409 3984 1477 4037 45
1506 3983 2044 4054 comprehenditur,
2070 3985 2168 4040 ubi
2203 3990 2459 4055 quatuor
2490 3985 2812 4039 afferuntur
2845 4000 2913 4038 ex
2945 3982 3108 4036 Pauli
3132 3981 3408 4052 Epistolis
3440 3981 3762 4034 sententizu.

354 4067 523 4122 Putat
553 4069 735 4140 igitur
764 4069 1087 4139 Chifl‘etius,
1124 4071 1482 4125 Maribadum
1521 4073 1611 4126 hic
1643 4079 2052 4140 memoratum,
2085 4073 2251 4128 illum
2285 4073 2476 4144 ipsum
2510 4089 2639 4126 esse
2669 4073 2765 4143 qui
2802 4072 3155 4126 Varimadus
3185 4075 3460 4136 vocatur;
3493 4069 3582 4124 cui
3611 4069 3764 4123 haud

351 4154 647 4212 illibenter
677 4158 1055 4224 assentimur,
1092 4159 1361 4230 proclivis
1393 4177 1547 4215 enim
1591 4162 1907 4216 admodum
1944 4161 2087 4218 levis
2133 4161 2235 4216 illa
2281 4161 2604 4217 litterarum
2639 4160 3060 4226 commutatio;
3093 4176 3226 4213 eum
3261 4159 3510 4213 maxime
3541 4163 3761 4212 certum

351 4247 426 4301 sit
456 4247 602 4302 alias
633 4264 765 4303 cum
801 4249 1170 4303 Maribadum
1226 4249 1415 4314 illum,
1466 4257 1586 4304 tum
1635 4250 2017 4306 Varimadum
2067 4251 2351 4307 celebrem
2386 4251 2698 4322 quemdam
2750 4249 2930 4304 fuisse
2981 4249 3260 4303 Arianum
3292 4249 3628 4308 diaconum,
3662 4246 3760 4317 qui

349 4341 553 4391 contra
583 4353 774 4391 veram
808 4338 878 4391 de
908 4337 1192 4392 Trinitate
1219 4339 1390 4392 fidem
1425 4340 1679 4410 scripsit.
1712 4340 1788 4395 Ea
1820 4341 1999 4410 igitur
2032 4341 2089 4396 in
2123 4357 2183 4394 re
2213 4340 2501 4395 Chif'ﬂetio
2554 4339 2793 4393 minime
2847 4354 3268 4410 repugnamus.
3316 4340 3386 4391 At
3436 4353 3550 4390 non
3601 4352 3762 4406 reque

351 4430 713 4496 compertum
751 4431 858 4493 est,
892 4425 1108 4481 librum
1146 4449 1172 4476 ››
1205 4434 1404 4482 contra
1436 4429 1797 4484 Maribadum
1833 4453 1857 4478 ‹‹
1895 4432 2191 4502 superiore
2225 4431 2346 4484 loco
2388 4430 2712 4494 laudatum,
2747 4445 2880 4482 eum
2925 4428 3119 4500 ipsum
3165 4443 3292 4481 esse
3322 4429 3635 4480 tractatum
3667 4425 3762 4494 qui

351 4513 690 4570 inscribitur
725 4515 890 4569 ldatii
923 4515 1074 4570 Clari
1110 4539 1135 4564 ››
1170 4524 1373 4572 contra
1402 4518 1805 4584 Varimadum,
1842 4542 1868 4568 ‹‹
1904 4521 2068 4576 locus
2099 4520 2316 4592 quippe
2349 4519 2444 4574 ille
2475 4524 2564 4574 sat
2597 4517 2855 4590 prolixus
2897 4518 2997 4588 qui
3051 4517 3105 4570 in
3159 4515 3531 4570 altercatione
3563 4520 3764 4568 contra

349 4603 550 4656 Arium
583 4620 651 4658 ex
682 4603 829 4658 libro
862 4626 890 4652 »
924 4609 1124 4658 contra
1156 4605 1514 4660 Maribadum
1551 4631 1576 4656 «
1612 4608 1871 4674 affertur,
1916 4625 2285 4681 nequaquam
2335 4613 2522 4663 exstat
2570 4607 2626 4661 in
2679 4605 2866 4661 tribus
2914 4605 3079 4660 ldatii
3132 4609 3333 4659 contra
3381 4603 3760 4658 Varimadum

350 4713 376 4740 ‹‹
410 4691 593 4746 libris.
630 4691 742 4746 Nec
773 4692 1103 4747 audiendus
1136 4693 1414 4749 laudatus
1449 4695 1532 4748 vir
1562 4697 1907 4766 Chiffletius,
1944 4697 2045 4768 qui
2078 4703 2142 4752 ut.
2171 4703 2358 4753 totum
2396 4697 2540 4753 illud
2572 4697 2965 4767 fragmentum
2997 4693 3268 4764 superius
3301 4692 3564 4756 allatum,
3600 4691 3653 4745 in
3693 4693 3761 4745 li-

348 4780 467 4835 bris
503 4779 689 4850 Vigilii
723 4780 994 4852 reperiat,
1027 4784 1353 4838 sententias
1385 4790 1441 4837 et
1476 4785 1714 4840 Paulina
1745 4786 1868 4841 loca
1903 4787 2036 4842 hinc
2085 4787 2219 4843 inde
2262 4786 2516 4842 corradit
2568 4804 2580 4842 :
2636 4786 2752 4840 imo
2798 4801 2866 4839 ex
2911 4782 3256 4839 duodecimo
3292 4804 3318 4829 »
3370 4785 3445 4835 De
3474 4780 3757 4835 Trinitate

349 4889 376 4918 «ι
409 4869 555 4922 libro
587 4873 772 4924 totum
806 4868 1037 4924 initium
1071 4868 1325 4941 collegit,
1360 4873 1454 4942 qui
1491 4879 1684 4928 tamen
1717 4874 1863 4929 liber
1895 4876 2166 4947 nuspiam
2198 4875 2517 4948 inscriptus
2549 4880 2638 4930 est
2670 4898 2697 4924 »
2729 4877 2929 4929 contra
2959 4871 3314 4927 Varivadum
3351 4892 3376 4919 «
3411 4869 3492 4923 vel
3532 4891 3556 4918 ρ)
3581 4869 3758 4922 Muri-

347 4957 583 5028 vadum,
618 4981 644 5007 ‹‹
681 4964 744 5014 ut
774 4975 876 5013 nec
907 4960 1093 5014 caeteri
1116 4960 1187 5015 de
1217 4961 1500 5015 Trinitate
1534 4963 1688 5018 libri.
1723 4968 1863 5018 Cum
1898 4965 2077 5036 igitur
2105 4965 2267 5020 locus
2301 4965 2396 5019 ille
2431 4965 2485 5018 in
2518 4964 2684 5018 libris
2717 4963 2885 5018 ldatii
2933 4961 3084 5017 Clari
3117 4983 3142 5011 »
3188 4960 3465 5014 adversus
3489 4959 3752 5013 Varima-

347 5047 487 5102 dum
525 5070 545 5095 ε
585 5047 805 5102 minine
836 5054 1191 5118 compareat,
1227 5038 1593 5121 consequens
1629 5053 1797 5122 plane
1829 5055 2002 5108 fuerit
2032 5053 2248 5108 librum
2282 5055 2475 5126 Vigilii
2513 5077 2540 5102 »
2573 5056 2855 5109 adversus
2891 5051 3278 5118 Maribadum,
3315 5073 3338 5097 α
3375 5067 3443 5102 ex
3471 5065 3583 5119 quo
3634 5049 3758 5118 ipse

348 5137 710 5209 superiorem
743 5138 1032 5208 excerpsit
1062 5137 1277 5210 locum,
1308 5139 1603 5194 diversum
1637 5157 1768 5196 esse
1795 5160 1825 5196 a
1856 5143 2046 5197 tribus
2080 5143 2197 5197 illis
2239 5143 2405 5198 ldatii
2454 5142 2604 5198 Clari
2635 5143 2818 5198 libris.
2855 5143 2947 5196 Vir
2995 5140 3359 5196 clarissimus
3389 5136 3758 5191 Anthelmius

347 5225 573 5281 erudite
604 5225 804 5280 isthac
826 5241 891 5280 ac
914 5225 1040 5282 fuse
1064 5229 1436 5298 persequitur
1465 5229 1520 5283 in
1544 5246 1652 5284 sua
1682 5230 1752 5284 de
1775 5229 2051 5302 Symbolo
2072 5231 2471 5286 Athanasiano
2495 5230 2988 5302 disquisitione,ui
3017 5230 3226 5283 lectore
3256 5244 3307 5281 m
3353 5223 3715 5280 remittimus
3743 5242 3754 5279 :

346 5314 514 5369 nobis
547 5315 703 5368 enim
740 5331 849 5368 non
885 5314 1018 5369 licet
1047 5332 1174 5370 esse
1208 5323 1323 5371 tam
1362 5318 1618 5389 prolixis.
1655 5318 1780 5373 Hac
1815 5325 2029 5388 tamen,
2069 5321 2123 5374 ni
2170 5321 2358 5384 lallor,
2394 5320 2532 5374 salis
2583 5327 2773 5387 erunt,
2810 5328 2872 5373 ut
2918 5318 3136 5389 liquido
3187 5319 3411 5371 constet
3465 5313 3758 5367 immerito

343 5403 554 5457 ascribi
589 5401 768 5456 libros
796 5403 961 5456 ldatii
993 5403 1146 5457 Cleri
1177 5404 1386 5476 Vigilio
1415 5407 1695 5476 Tapsensi
1726 5408 1880 5461 Afro.
1914 5409 2058 5462 Cum
2091 5409 2270 5479 igitur
2304 5410 2483 5462 ldatio
2508 5408 2879 5478 adjudicundi
2916 5409 3218 5462 vidcantur
3247 5404 3376 5460 libri
3410 5408 3528 5458 tres
3560 5425 3586 5450 ››
3620 5419 3756 5456 eon-

345 5499 432 5546 tra
467 5490 1006 5554 Varimadum,hinc
1030 5495 1660 5563 consequiturlibellos
1683 5497 1752 5550 de
1775 5496 2031 5551 trinitate
2064 5515 2210 5568 quos
2242 5516 2273 5552 a
2305 5514 2366 5552 se
2397 5496 2652 5568 digestos
2686 5501 2971 5551 meruerat
3004 5497 3223 5550 Idatius
3250 5496 3304 5548 in
3337 5493 3539 5547 iisdem
3567 5513 3592 5540 ››
3615 5509 3750 5546 con-

344 5584 434 5634 tra
465 5579 842 5633 Varimadum
879 5601 905 5628 α
943 5578 1129 5649 libris,
1155 5581 1416 5650 ejusdem
1453 5584 1644 5649 ldatii,
1678 5602 1793 5639 non
1828 5585 2020 5656 Vigilii
2055 5603 2202 5641 esse.
2235 5587 2382 5650 Quia
2415 5591 2604 5640 tamen
2641 5586 2696 5638 in
2730 5585 3007 5639 omnibus
3041 5584 3341 5638 codicibus
3366 5599 3571 5636 nomen
3608 5597 3750 5652 prie-

345 5669 528 5724 f‘ertur
561 5667 866 5723 Athanasii
897 5671 955 5722 et
987 5669 1252 5724 fortassis
1286 5671 1413 5741 ipso
1446 5673 1744 5743 scriptoris
1775 5674 2041 5740 consilio,
2067 5675 2234 5730 nobis
2269 5674 2470 5747 religio
2502 5674 2616 5730 fuit
2644 5673 2949 5728 Athanasii
2982 5689 3311 5745 expungere
3343 5687 3573 5737 nomen,
3596 5669 3752 5740 quod

341 5757 594 5829 scriptor
621 5755 749 5828 ipse
776 5756 1148 5828 praemissum
1179 5757 1380 5815 voluit.
1415 5782 1444 5809 »
