4104 6386
257 443 413 503 1439
1416 441 1479 502 S.
1531 444 1878 504 ATHANAE

2095 477 2170 489 —
2198 443 2510 507 SPURIA.
3523 447 3686 507 1440

326 595 353 622 ‹‹
388 574 527 639 Quis
559 591 731 645 porro
762 575 838 630 sit
867 575 1088 630 Idatius
1121 575 1230 630 iste
1263 573 1509 630 minime
1539 579 1787 630 constat.
1824 575 1949 629 Duo
1978 575 2216 646 quidem
2251 579 2658 631 memorantur
2687 577 2855 633 Idatii
2887 578 3226 650 scriptores,
3261 577 3434 632 ambo
3465 577 3680 650 Hispa-

255 662 315 717 ni
343 679 355 728 ;
388 662 534 717 alter
564 665 910 736 cognomine
941 663 1164 729 Clarus,
1199 664 1297 735 qui
1331 663 1609 719 adversus
1640 663 2072 718 Priscillianum
2108 664 2362 733 scripsit,
2406 682 2472 720 ac
2501 665 2827 722 Theodosio
2875 669 3105 723 seniore
3157 671 3215 722 et
3269 665 3686 722 Valentiniano

253 750 683 822 imperantibus
713 753 864 807 diem
899 753 1111 808 clausit
1138 758 1492 818 extremum,
1522 755 1670 807 teste
1698 751 1920 807 Isidoro
1951 769 2079 825 cap.
2115 755 2172 808 2.
2208 753 2366 808 Alter
2391 759 2480 809 est
2510 755 2734 810 Idatius
2767 755 3072 828 provinciae
3121 755 3405 811 Gallaaciaa
3454 754 3684 826 episco-

255 865 387 918 pus,
423 870 450 897 »
473 849 892 905 Cbronicorum
925 873 953 901 α
987 850 1257 919 scriptor,
1299 850 1652 905 Lemicensis
1682 867 1715 904 a
1745 849 2045 921 Sigcberto
2076 856 2334 918 vocatus,
2369 852 2465 923 qui
2499 853 2688 908 Leone
2717 853 3044 924 imperante
3076 853 3230 908 diem
3281 853 3447 908 obiit.
3494 852 3685 918 Prior,

258 939 538 994 adversus
569 938 930 994 Marivadum
965 939 1132 994 illum
1165 939 1478 994 diaconum
1513 940 1819 1007 Arianum,
1852 939 1976 1010 qui,
2012 944 2076 993 ut
2102 940 2183 994 ait
2212 940 2410 995 Victor
2443 940 2721 1011 Vitensis,
2750 943 3036 998 Hunerico
3067 942 3185 1015 regi
3219 941 3529 997 familiaris
3555 941 3686 1000 fuit.

255 1026 565 1098 scripsisse
622 1029 860 1099 nequit;
925 1046 1028 1084 nec
1084 1029 1262 1083 trium
1327 1051 1354 1076 ››
1414 1029 1692 1083 adversus
1746 1028 2122 1083 Vurimadum
2185 1052 2212 1078 ‹‹
2266 1029 2554 1085 librorum
2613 1035 2817 1086 auctor
2869 1032 3020 1098 erit;
3056 1033 3105 1086 si
3137 1037 3333 1086 tamen
3367 1032 3520 1086 idem
3554 1030 3685 1101 ipse

259 1114 335 1171 sit
383 1115 745 1187 Maribadus,
776 1118 872 1188 qui
905 1117 1277 1185 Varimadus,
1340 1122 1404 1172 ut
1459 1133 1590 1172 vero
1638 1116 1782 1171 satis
1829 1116 2018 1172 simile
2064 1122 2172 1172 est.
2222 1117 2401 1173 Alteri
2451 1135 2610 1191 ergo,
2652 1119 3006 1192 chronologo
3039 1120 3284 1189 scilicet,
3321 1119 3688 1188 probabilius

263 1205 640 1260 ascribuntur
670 1222 682 1260 :
717 1207 807 1260 cui
842 1206 990 1262 Clari
1025 1207 1270 1262 fortasse
1302 1223 1512 1262 nomen
1543 1223 1576 1260 a
1607 1205 1885 1277 qu0piam
1919 1206 2157 1262 librario
2189 1206 2365 1262 fuerit
2395 1208 2712 1278 adjectum.
2748 1233 2770 1260 ι

340 1316 360 1342 α
396 1295 681 1350 Caeterum
713 1294 1026 1367 Opinamur
1053 1299 1182 1351 octo
1213 1299 1443 1351 tantum
1476 1295 1700 1366 priores
1733 1294 1913 1350 libros
1938 1295 2009 1349 ad
2050 1295 2296 1350 [datium
2329 1295 2658 1367 pertinere;
2695 1313 2828 1352 nam
2873 1298 3182 1369 sequentia
3228 1297 3534 1369 opuscula,
3569 1313 3684 1369 quo

263 1381 545 1454 scriptore
573 1373 898 1454 prodierint
927 1384 1264 1456 ignoratur;
1295 1384 1510 1440 etenim
1544 1383 1637 1438 cui
1669 1383 1790 1438 sint
1819 1384 2167 1439 ascribenda
2197 1384 2398 1440 nullus
2428 1387 2627 1455 codex,
2662 1385 2861 1441 nullus
2911 1387 3163 1458 scriptor
3203 1385 3305 1458 qui
3352 1386 3412 1441 in
3474 1403 3689 1440 manus

262 1472 531 1527 inciderit
561 1477 812 1540 nostras,
844 1473 1083 1528 indicat.
1118 1475 1226 1529 Sed
1263 1473 1408 1528 liber
1437 1473 1538 1544 qui
1573 1477 1905 1546 postremus
1938 1473 1998 1528 in
2027 1473 2446 1546 manuscriptis
2496 1479 2553 1528 et
2581 1475 2639 1528 in
2693 1475 2858 1546 prius
2902 1475 3076 1530 editis
3107 1475 3376 1541 habetur,
3407 1475 3513 1530 hoc
3545 1475 3685 1531 titu-

261 1559 316 1616 lo
348 1577 361 1615 :
399 1583 427 1610 ‹‹
459 1561 539 1616 De
569 1561 854 1617 Trinitate
884 1566 940 1618 et
965 1563 1035 1618 de
1064 1561 1280 1636 Spiritu
1316 1567 1542 1629 sancto,
1575 1584 1604 1611 «
1636 1566 1693 1617 et
1721 1562 1885 1618 hisce
1911 1563 2106 1619 verbis
2138 1563 2448 1619 inchoatur
2479 1580 2493 1616 :
2531 1584 2557 1611 »
2591 1564 2691 1618 His
2721 1563 2820 1635 qui
2855 1563 3066 1618 Filium
3097 1563 3198 1619 Dei
3243 1568 3504 1619 creatum
3556 1580 3690 1619 esse

258 1650 623 1722 profitentur,
684 1673 706 1698 ε
758 1651 929 1706 nobis
979 1652 1208 1707 videtur
1254 1651 1562 1706 Athanasii
1611 1667 1760 1718 esse,
1813 1651 2080 1722 apprime
2126 1650 2281 1707 enim
2333 1652 2603 1708 convenit
2654 1668 2786 1707 cum
2842 1652 2974 1707 aliis
3023 1650 3351 1722 πολεμικοῖς
3397 1653 3518 1708 sive
3566 1657 3688 1724 sty-

255 1735 379 1793 lum
413 1741 638 1808 spectes
670 1739 789 1795 sive
821 1746 1170 1813 argumenta
1201 1757 1215 1796 :
1250 1755 1427 1811 quare
1459 1739 1613 1795 inter
1639 1755 1921 1812 germana
1950 1739 2253 1797 Athanasii
2285 1757 2462 1812 opera
2490 1745 2649 1796 tomo
2690 1741 2880 1812 primo
2927 1757 3108 1796 cusus
3153 1740 3284 1812 fuit,
3335 1740 3431 1795 ubi
3482 1741 3554 1796 de
3588 1740 3689 1795 illo

259 1825 466 1883 fusius.
499 1849 528 1878 »

990 2103 1208 2226 DE
1304 2103 1961 2228 SANCTA
2041 2103 2960 2226 TRINITATE

1623 2312 2030 2396 LIBRI
2112 2310 2314 2397 ΧΙ.

837 2461 1006 2533 (Vide
1037 2463 1372 2533 Patrologiw
1401 2463 1620 2519 Latinae
1648 2466 1791 2518 tom.
1826 2460 1991 2533 LXII,
2026 2459 2136 2518 col.
2164 2460 2434 2530 237-307,
2468 2461 2527 2516 in
2554 2459 2770 2533 Vigilio
2795 2460 3127 2533 Tapsensi.)

839 2750 909 2806 IN
952 2749 1534 2807 DISPUTATIONEM
1575 2749 1633 2806 S.
1678 2748 2064 2805 ATHANASII
2103 2747 2385 2804 CONTRA
2422 2748 2654 2804 ARIUM
2692 2748 3120 2805 ADMONITIO.

334 2868 539 2937 Vigilio
574 2869 832 2940 Tapsensi
861 2871 958 2927 hoc
985 2887 1116 2942 opus
1135 2868 1368 2941 jamdiu
1394 2869 1694 2925 vindicavit
1745 2868 2009 2939 Georgius
2064 2866 2369 2924 Cassander
2419 2869 2480 2922 in
2524 2867 2659 2923 edit.
2713 2866 2902 2924 Colon.
2935 2883 3079 2950 anno
3111 2867 3274 2934 4555,
3324 2871 3375 2923 et
3399 2878 3526 2940 post
3562 2884 3692 2924 eum

257 2957 516 3014 druditus
547 2961 635 3014 vir
657 2960 992 3030 Chifﬂetius,
1023 2975 1094 3014 ea:
1122 2967 1307 3031 aperto
1337 2959 1546 3014 scilicet
1577 2959 1750 3029 ipsius
1795 2958 1985 3028 Vigilii
2013 2958 2466 3028 testimonio,qui
2493 2958 2555 3012 in
2584 2956 2728 3013 libro
2757 2973 2791 3011 v
2821 2957 3101 3012 adversus
3132 2956 3476 3029 Eutychem,
3501 2974 3628 3029 cap.
3655 2959 3693 3012 2

261 3045 384 3102 haec
414 3045 575 3102 habet
606 3063 619 3101 :
653 3048 721 3102 Et
769 3065 1131 3120 quanquam,
1163 3049 1366 3120 inquit,
1399 3048 1469 3102 de
1499 3046 1882 3102 conciliorum
1915 3044 2161 3102 diversis
2202 3044 2629 3112 sanctionibus,
2676 3049 2734 3100 et
2786 3045 3094 3101 nominum
3144 3044 3416 3116 religiose
3466 3046 3690 3102 additis

261 3135 635 3202 novitatibus,
672 3136 1013 3207 plenissime
1043 3137 1101 3192 in
1134 3137 1217 3192 eis
1256 3136 1445 3201 libris,
1478 3153 1626 3208 quos
1658 3135 1938 3190 adversus
1967 3133 2311 3200 Sabellium,
2343 3133 2680 3200 Photinum,
2714 3137 2771 3188 et
2798 3133 3023 3200 Arium,
3058 3132 3168 3188 sub
3218 3133 3457 3190 nomine
3503 3135 3688 3191 Atha-

260 3223 410 3278 nasii
442 3229 721 3296 tanquam
757 3227 805 3282 si
837 3233 1148 3299 praesentes
1180 3242 1314 3282 cum
1348 3224 1736 3297 praesentibus
1777 3227 2038 3295 agerent,
2082 3222 2184 3278 ubi
2233 3222 2411 3278 etiam
2462 3221 2781 3295 cognitoris
2832 3238 3082 3294 persona
3127 3221 3361 3278 videtur
3416 3222 3689 3291 inducta,

264 3313 746 3384 conscripsimus,
778 3320 885 3371 etc.
922 3319 1162 3388 Hujusce
1189 3331 1315 3371 vero
1344 3316 1524 3387 operis
1550 3314 1677 3371 duae
1702 3317 1829 3370 sunt
1857 3329 1957 3369 nec
2001 3312 2279 3368 modicum
2311 3313 2454 3368 inter
2493 3329 2553 3368 se
2582 3311 2968 3383 discrepantes
3005 3312 3222 3381 formae.
3257 3313 3418 3368 Prior
3445 3328 3572 3386 qua:
3625 3315 3684 3368 in

247 3404 370 3456 rius
448 3404 610 3459 editis
638 3405 931 3461 Athanasii
955 3413 1250 3475 comparet,
1282 3404 1697 3460 altercationem
1745 3406 1919 3476 refert
1965 3402 2328 3458 Athanasium
2360 3402 2512 3458 inter
2552 3411 2607 3457 et
2655 3402 2855 3457 Arium
2900 3401 3078 3456 solum
3125 3417 3138 3455 :
3184 3403 3453 3472 posterior
3498 3405 3688 3476 priore

270 3490 436 3561 longe
464 3495 678 3549 auctior
700 3511 734 3549 a
765 3494 1040 3566 Chiffletio
1070 3495 1217 3550 edita
1245 3495 1614 3563 disputationi
1647 3493 1932 3548 interserit
1961 3491 2264 3546 Sabellium
2295 3498 2346 3546 et
2375 3489 2709 3552 Photinum;
2740 3492 2801 3545 in
2833 3489 2942 3560 ﬁne
2989 3490 3180 3562 adjicit
3221 3492 3562 3546 sententiam
3596 3491 3689 3561 ju-

264 3579 403 3636 dicis
437 3582 619 3637 Probi.
652 3583 848 3638 Ambas
877 3585 1004 3639 illas
1025 3586 1268 3652 integras
1294 3582 1521 3638 reddere
1548 3583 1723 3636 visum
1754 3583 1881 3652 fuit.
1916 3581 2084 3635 Putat
2113 3580 2439 3649 Chi/ﬂetius,
2483 3581 2725 3651 priorem
2753 3596 2790 3634 a
2825 3579 3058 3650 Vigilio,
3111 3588 3227 3634 tum
3271 3579 3474 3634 editam
3519 3581 3689 3651 fuisse

260 3685 382 3724 cum
410 3669 589 3726 adhuc
623 3672 997 3729 Vandalorum
1017 3675 1154 3744 jugo
1180 3677 1548 3744 premeretur,
1579 3669 1817 3742 adeoque
1843 3671 1960 3742 ejus
1984 3676 2177 3724 auctor
2205 3670 2430 3739 agnosci
2482 3669 2651 3724 nollet
2675 3685 2696 3732 ,'
2723 3670 3087 3741 posteriorem
3145 3685 3288 3738 vero,
3344 3685 3470 3724 cum
3524 3673 3686 3725 extra

265 3775 462 3815 eorum
491 3764 809 3832 potestatem
836 3771 970 3819 esset
999 3780 1016 3817 :
1048 3763 1248 3833 quippe
1276 3763 1333 3815 in
1359 3777 1468 3832 qua
1496 3777 1556 3815 se
1585 3769 1638 3815 et
1667 3760 1969 3815 Athanasii
1999 3773 2304 3830 personam
2327 3759 2649 3814 ementitum
2679 3774 2810 3825 esse,
2837 3767 2892 3813 et
2910 3759 3258 3814 Maribadum
3287 3775 3351 3814 ac
3373 3759 3690 3814 Palladium

271 3851 517 3905 Arianos
560 3852 781 3923 scriptis
812 3852 974 3907 libris
1021 3851 1334 3924 confutasse
1379 3851 1568 3921 palam
1617 3851 1918 3920 proﬁtetur.
1953 3848 2059 3904 Sed
2106 3848 2296 3919 palam
2335 3855 2418 3904 est
2459 3847 2572 3904 hac
2615 3847 2971 3920 cunjectando
3020 3855 3235 3903 tantum
3262 3847 3396 3904 dici.
3430 3850 3539 3904 Nec
3565 3866 3685 3920 quae

267 3954 438 3994 causa
465 3941 543 3995 sit
570 3944 745 3997 tantae
772 3941 918 3996 inter
941 3945 1236 4014 utramque
1261 3942 1500 4010 formam
1527 3940 1828 4010 varietatis,
1859 3939 1993 3993 satis
2020 3945 2354 4009 compertum
2383 3937 2632 3994 habetur.

989 4193 1664 4282 DISPUTA'I‘IO
1725 4189 2302 4279 ATHANASII
2360 4189 2614 4278 CUM
2686 4187 2952 4274 AIlIO

1517 4336 1613 4399 CO
1623 4336 1784 4397 ΒΑΜ
1833 4336 2091 4398 PBOBO
2133 4333 2431 4397 JUDIGE.

908 4478 1076 4551 (Vide
1106 4480 1428 4552 Patrologiz
1459 4479 1676 4536 Latinae
1703 4483 1845 4535 tom.
1890 4479 2060 4546 an,
2091 4477 2200 4534 col.
2236 4436 2359 4547 155,
2391 4476 2454 4532 in
2483 4474 2694 4548 Vigilio
2721 4475 3052 4547 Tapsensi.)

1210 4753 1261 4829 Α
1282 4742 1937 4832 LTERCA'I‘IO
1999 4743 2088 4830 S.
2152 4738 2744 4828 ATHANASII

1081 4900 1316 4958 Contra
1344 4897 1583 4970 Arium,
1619 4894 1961 4957 Sabellium
1993 4893 2091 4954 vel
2121 4893 2461 4956 Photinum
2495 4891 2842 4954 haereticos.

1621 5039 1784 5110 (Vide
1814 5039 1986 5106 ibid.,
2029 5037 2143 5096 col.
2181 5037 2330 5109 179.)
