4104 6348
1218 352 1525 414 PONTIF.
1577 352 1767 412 ROM.
1814 351 1912 411 ET
1958 346 2383 409 ATHANASII
2434 346 2865 409 EPIS'I‘OL/E.

2610 496 2617 497 κ
2655 496 2785 499 ή-.Α
2803 495 3306 505 -ή--νι-ο-ῌ-η-

1294 598 1369 656 ΙΝ
1420 596 1881 666 SEQUENTES
1928 594 2358 654 EPISTULAS
2408 594 2800 653 MONITUM.

403 724 751 782 582-597
793 745 818 772 ‹‹
852 723 933 776 En
965 721 1093 786 tibi,
1127 720 1330 775 Lector
1357 718 1602 784 erudite,
1636 716 1904 772 sistimus
1934 714 2213 788 epistolas
2246 715 2535 769 variorum
2571 716 2911 787 pontificum
2946 720 3016 773 ad
3047 720 3457 791 Athanasium,
3492 728 3548 779 et
3578 725 3752 781 vicis-

332 814 443 869 sim
478 812 779 867 Athanasii
823 811 893 865 ad
944 809 1263 880 pontifices,
1298 808 1370 861 ab
1419 805 1622 861 otiosis
1671 804 2009 859 hominibus
2059 804 2439 875 conscriptas.
2479 808 2609 858 Dua
2663 805 2883 875 priores
2915 808 3108 863 Grace
3148 810 3380 879 jamdiu
3431 817 3660 868 exstant
3695 814 3753 867 in

333 901 633 958 codicibus
662 898 1100 965 Athanasianis,
1134 897 1325 968 iisque
1370 894 1758 966 perantiquis,
1792 898 2043 963 suntque
2086 893 2340 963 imperiti
2371 892 2613 947 Graculi
2646 910 2793 965 opus
2826 913 2837 949 :
2877 913 3009 951 nam
3044 914 3171 968 qua
3204 899 3273 953 de
3304 899 3591 957 Trinitate
3622 902 3755 957 istic

335 991 741 1064 praedicantur,
780 985 1045 1040 ἂσύστατα
1078 985 1423 1057 plerumque
1455 989 1613 1052 sunt,
1647 988 1704 1037 et
1731 983 1801 1037 ab
1848 982 2082 1037 usitatis
2115 981 2433 1036 Athanasio
2465 981 2740 1052 loquendi
2774 984 3040 1041 formulis
3073 1004 3313 1057 prorsus
3344 989 3554 1045 aliena.
3592 990 3755 1046 Prior

332 1081 582 1153 epistola
613 1078 823 1133 Liberii
861 1078 931 1131 ad
977 1075 1386 1139 Athanasium,
1422 1072 1632 1128 mutila
1660 1072 1891 1126 videtur
1922 1070 2108 1141 initio,
2145 1076 2206 1125 ut
2239 1068 2459 1125 indicat
2489 1072 2668 1126 codex
2716 1073 3125 1143 Seguerianus,
3158 1077 3255 1147 qui
3288 1078 3461 1135 habet
3491 1081 3561 1135 ad
3595 1098 3754 1135 mar-

330 1171 549 1243 ginem,
585 1168 730 1235 ζήτει
762 1164 962 1239 ἀρχήν,
996 1182 1180 1237 quare
1234 1164 1484 1218 initium.
1519 1162 1787 1217 Secunda
1818 1178 1942 1231 qua
1994 1165 2084 1216 est
2136 1160 2437 1215 Athanasii
2468 1160 2538 1215 ad
2590 1160 2907 1228 Liberium,
2940 1163 3163 1220 nullam
3214 1169 3446 1238 praf'ert
3492 1167 3750 1241 epistola

331 1262 600 1325 formam,
625 1257 724 1312 sed
747 1261 836 1311 est
864 1271 969 1309 ceu
1003 1254 1199 1325 inepta
1230 1253 1518 1324 quadam,
1544 1255 1602 1306 et
1624 1251 1941 1305 admodum
1975 1247 2271 1320 implicata
2304 1248 2437 1302 fidei
2469 1250 2772 1319 expositio.
2799 1250 3013 1322 Estque
3036 1258 3349 1326 utrumque
3376 1257 3749 1327 opusculum,

328 1354 390 1403 ut
420 1364 488 1402 ex
519 1346 710 1401 verbis
743 1345 1073 1413 conjectare
1118 1342 1274 1408 licet,
1308 1343 1378 1396 ab
1411 1341 1613 1396 eodem
1648 1340 1933 1410 scriptore
1965 1344 2285 1393 exaratum.
2320 1338 2499 1393 Nemo
2550 1343 2767 1407 autem,
2803 1344 2865 1393 ut
2896 1341 3119 1412 opinor,
3154 1343 3239 1398 vel
3272 1347 3565 1400 tantillum
3602 1348 3752 1417 peri-

336 1444 454 1505 tus,
490 1436 607 1490 hac
638 1438 739 1489 aut
772 1433 1019 1497 Liberio,
1054 1436 1154 1486 aut
1199 1430 1518 1485 Athanasio
1550 1428 1999 1498 adjudicaturus
2030 1431 2137 1481 est.
2171 1426 2315 1481 Nam
2370 1432 2575 1497 prater
2607 1426 2739 1498 styli
2783 1429 3237 1501 discrepantiam
3288 1432 3460 1504 plane
3518 1436 3753 1507 conspi-

332 1542 523 1588 cuam,
559 1540 673 1578 non
705 1522 848 1577 levis
881 1525 970 1576 est
1005 1519 1147 1574 illud
1181 1517 1484 1586 momenti,
1520 1516 1672 1587 quod
1706 1516 1763 1569 in
1795 1520 1959 1570 tanta
1987 1532 2183 1570 rerum
2216 1514 2743 1571 ecclesiasticarum
2776 1520 3233 1587 perturbatione,
3268 1528 3488 1592 quanta
3520 1522 3757 1580 ineunte

336 1614 553 1671 Liberio
590 1611 1022 1684 pontificatum,
1054 1609 1112 1664 in
1161 1613 1284 1664 toto
1316 1606 1645 1662 Christiano
1686 1606 1823 1660 orbe
1855 1605 2232 1672 versabatur;
2264 1620 2368 1659 nec
2400 1605 2471 1659 de
2504 1610 2835 1677 temporum
2868 1607 3219 1678 conditione,
3253 1627 3356 1665 nec
3405 1612 3475 1666 de
3522 1619 3752 1669 contro-

336 1702 539 1758 versiis
569 1698 895 1755 Catholicos
926 1698 1076 1752 inter
1106 1701 1163 1753 et
1190 1696 1459 1760 Arianos,
1491 1694 1705 1764 quibus
1737 1692 1942 1748 Oriens
1994 1694 2211 1764 pariter
2240 1697 2296 1748 et
2327 1692 2607 1748 Occidens
2651 1710 2717 1748 eo
2766 1699 3027 1765 tempore
3076 1698 3535 1769 conflagrabant,
3570 1700 3749 1756 ullam

340 1792 555 1848 faciant
587 1790 966 1844 mentionem.
1004 1788 1063 1841 In
1096 1786 1189 1840 his
1220 1784 1399 1839 etiam
1450 1784 1571 1839 hac
1624 1781 1875 1837 formula
1906 1799 2015 1836 usu
2050 1781 2206 1836 venit
2242 1798 2253 1838 :
2289 1782 2541 1853 Patrem,
2575 1782 2786 1837 Filium
2819 1788 2877 1838 et
2906 1784 3189 1853 Spiritum
3240 1793 3533 1858 sanctum,
3567 1806 3752 1845 unum

339 1898 467 1938 esse
499 1876 806 1944 ὑποστάσει,
840 1893 967 1948 qua
998 1875 1137 1930 licet
1166 1872 1473 1928 Athanasii
1506 1879 1766 1943 tempore
1800 1872 2061 1926 nondum
2096 1872 2419 1942 proscripta
2448 1876 2622 1939 esset,
2656 1890 2688 1926 a
2720 1878 2923 1928 sancto
2954 1878 3149 1929 tamen
3182 1877 3413 1932 doctore
3447 1896 3751 1950 nunquam

345 1974 679 2041 usurpatur.
714 1967 854 2021 Eam
906 1964 1292 2019 nihilominus
1326 1964 1381 2016 in
1416 1962 1681 2016 confesso
1712 1977 1860 2028 esse,
1890 1977 1956 2015 ac
1991 1961 2142 2015 inter
2173 1978 2315 2015 vera
2363 1960 2493 2015 fidei
2530 1961 2825 2017 clausulas
2878 1962 3065 2017 locum
3118 1965 3351 2033 habere,
3388 1972 3643 2022 statuere
3674 1968 3755 2022 vi-

342 2060 513 2114 detur
540 2057 636 2128 qui
672 2055 952 2110 ementito
992 2053 1194 2127 Liberii
1227 2056 1283 2106 et
1316 2051 1614 2105 Athanasii
1649 2050 1885 2104 nomine
1919 2050 2024 2104 has
2054 2048 2238 2104 edidit
2268 2050 2567 2120 epistolas.

413 2172 439 2197 ‹‹
474 2146 743 2215 Reliquas
775 2149 968 2198 autem
1002 2140 1456 2213 epistolas,‘qua
1492 2140 1691 2193 Latine
1723 2143 1924 2211 postea
1948 2138 2426 2222 subsequuntur,
2453 2138 2728 2194 hasimus
2760 2139 3074 2210 aliquando
3106 2142 3291 2208 dubii,
3322 2160 3395 2197 an
3427 2145 3755 2215 ederemus,

342 2254 523 2292 necne
558 2253 569 2289 :
607 2236 743 2306 quia
776 2232 1077 2297 nimirum,
1108 2230 1362 2300 exceptis
1405 2228 1697 2299 prioribus
1731 2229 1983 2295 duabus,
2019 2227 2142 2281 alia
2196 2244 2400 2282 omnes
2433 2245 2467 2281 a
2499 2229 2974 2284 Commelinianis
3020 2236 3077 2284 et
3129 2232 3574 2299 Parisiensibus,
3607 2237 3760 2306 quod

342 2324 561 2379 nullius
592 2321 784 2394 pretii,
818 2337 882 2375 ac
917 2336 987 2373 ne
1021 2318 1411 2373 memoranda
1448 2316 1685 2387 quidem
1718 2316 2046 2384 videantur,
2083 2316 2630 2387 pratermittuntur.
2665 2317 2731 2371 Et
2773 2335 2912 2373 sane
2944 2322 3294 2375 commentis
3334 2328 3473 2377 sunt
3503 2328 3559 2377 et
3590 2341 3757 2379 men-

340 2414 524 2469 daciis
556 2427 855 2483 respersa,
888 2425 1071 2479 exque
1104 2407 1279 2461 variis
1322 2405 1467 2460 locis
1500 2404 1940 2474 consarcinatae,
1979 2410 2041 2458 ut
2071 2420 2141 2459 ne
2175 2405 2443 2459 umbram
2477 2406 2713 2477 quidem
2744 2405 3101 2478 γνησιότητος
3136 2409 3401 2466 referant.
3440 2410 3655 2466 Verum
3689 2429 3760 2467 ne

342 2503 481 2576 quid
516 2503 572 2556 in
610 2506 808 2555 nostra
839 2498 1093 2553 editione
1126 2496 1307 2551 lector
1338 2498 1425 2549 vel
1458 2510 1525 2549 ex
1557 2494 1775 2565 spuriis
1808 2494 2194 2563 desideraret,
2228 2494 2419 2549 visum
2451 2501 2541 2550 est
2569 2512 2669 2550 eas
2700 2496 2892 2551 denuo
2927 2497 3243 2568 publicare.

420 2613 447 2645 α
478 2590 546 2646 Ut
580 2594 771 2645 autem
810 2587 997 2659 primo
1030 2590 1344 2657 conspectu
1380 2584 1639 2638 advertct
1668 2582 1937 2637 eruditus
1967 2582 2168 2649 lector,
2195 2600 2308 2638 non
2341 2589 2482 2639 sunt
2510 2584 2712 2640 isthac
2745 2586 2857 2641 nisi
2890 2586 3134 2658 lacinia,
3169 2604 3238 2643 ex
3268 2590 3510 2645 Historia
3538 2591 3762 2662 ’I‘ripar-

344 2683 471 2747 (ita,
505 2697 571 2734 ex
606 2678 805 2733 multis
837 2674 1217 2749 synodalibus
1248 2672 1534 2745 epistolis,
1566 2670 1624 2726 et
1668 2672 1917 2727 decretis
1949 2672 2355 2741 conciliorum,
2391 2673 2526 2729 hinc
2559 2674 2693 2735 inde
2722 2682 3024 2747 excerpta,
3058 2682 3117 2731 et
3159 2694 3193 2732 a
3241 2676 3475 2734 falsario
3506 2680 3764 2750 quodam

346 2767 783 2833 consarcinata,
817 2766 914 2836 qui
968 2770 1029 2819 ut
1078 2764 1275 2818 fucum
1326 2761 1659 2833 legentibus
1710 2763 1945 2828 faceret,
1982 2761 2223 2816 nomina
2274 2779 2532 2834 persaepe
2580 2763 2815 2834 propria
2863 2764 3218 2833 immutavit,
3253 2783 3437 2823 annos
3476 2768 3765 2823 arbitratu

348 2876 475 2928 suo,
508 2863 565 2913 et
595 2855 867 2913 consules
897 2853 1191 2925 ascripsit.
1224 2854 1307 2907 Ad
1341 2851 1666 2922 marginem
1698 2866 1805 2907 nos
1837 2850 2133 2905 undenam
2174 2850 2397 2906 lacinia
2428 2852 2719 2923 ejusmodi
2760 2854 3063 2924 prodeant,
3098 2872 3202 2927 pro
3233 2854 3507 2912 facultate
3538 2856 3766 2928 signifi-

352 2963 633 3003 caVImus.

336 359 483 419 1441
1218 355 1525 414 PONTIF.
1577 355 1767 412 ROM.
1814 355 1912 411 ET
1958 355 2383 409 ATHANASII
2435 355 2865 409 EPISTOL/E.
3597 355 3751 414 1442

3321 498 3743 510 ———-——_

717 3158 1145 3220 A'I‘HANASII
1192 3158 1293 3217 ET
1337 3155 1842 3227 QUORUMDAM
1893 3154 2395 3216 IlOMANORUM
2442 3155 2917 3218 PONTIFICUM
2970 3160 3394 3221 EPIS'I‘OLAE.

349 3262 619 3341 Διϐερίοῦ,
678 3262 975 3341 ἐπισκόπου
1031 3258 1730 3341 Ἱξό›μης,υέπιστολή,πρὸς
1782 3259 2043 3341 τρνΑαιῖ·⁴¹

2124 3261 2345 3324 Liberii,
2375 3262 2612 3341 epiawpi
2652 3263 2865 3341 (tomus,
2888 3264 3113 3341 epistola
3142 3266 3606 3341 adiAthanasium
3646 3269 3767 3339 epi-

411 3330 504 3395 τὸν
537 3330 882 3405 Ἀθανάσιον,
918 3335 1001 3389 ὅτι
1029 3330 1556 3405 τελειοννᾶνθρωπον
1587 3330 1775 3386 ἔλαοεν
1810 3332 1838 3385 ὁ
1869 3330 1999 3393 Θεὸς
2030 3330 2043 3333 “

2183 3330 2411 3409 scopam
2430 3330 2986 3409 Αιεέὲαηάνίέεεραὸιι
3015 3336 3152 3392 Deus
3192 3340 3439 3405 Verbum,
3464 3330 3771 3409 per/eciam

416 3411 623 3485 Λόγος.
870 3404 875 3405 ⁷
1374 3404 1377 3405 ν

2179 3404 2453 3459 hominem
2485 3408 2858 3476 assumpserit.

418 3517 595 3569 Ἔστιν
630 3514 719 3567 οῦν
753 3515 888 3583 ἡμῖν
924 3514 958 3580 ἡ
1008 3509 1303 3583 ὁμολογία,
1355 3508 1650 3579 ἐπιπόθητὲ
1701 3529 1794 3580 μοι
1837 3514 2001 3571 Ἀθα-

346 3603 512 3671 νάσιε,
547 3602 725 3676 Λόγος
758 3605 914 3670 Θεοῦ,
974 3600 1097 3659 Υἱὸς
1146 3601 1282 3652 κατά
1313 3596 1493 3675 φύσιν,
1524 3597 1585 3651 ἐκ
1620 3602 1717 3651 τοῦ
1748 3600 1881 3651 Θεοῦ
1910 3596 1999 3651 καὶ

349 3694 556 3766 Πατρὸς
586 3691 888 3767 γεννηθεὶς,
922 3688 984 3744 οὐ
1015 3688 1272 3755 κτισθεὶς,
1323 3686 1450 3741 ἀλλ’
1498 3687 1579 3741 ἀεὶ
1629 3684 1701 3740 ὢν
1744 3685 2000 3762 συναναρ-

348 3802 447 3857 χος
487 3785 566 3851 τῷ
613 3784 731 3850 Θεῷ
778 3778 869 3832 καὶ
924 3776 1111 3850 Πατρὶ,
1159 3776 1250 3830 καὶ
1304 3775 1727 3837 ἀκαταπαύστως
1756 3776 1819 3830 τὸ
1850 3774 2001 3850 βασί-

348 3869 497 3925 λειον
533 3867 677 3943 ἔχων
713 3867 787 3929 εἰς
820 3866 946 3927 τοῦς
978 3863 1369 3933 ἀτελευτήτους
1398 3863 1617 3924 αἰῶνας.
1654 3865 1848 3935 Ἀμήν.
1901 3862 2004 3919 Καὶ

345 3960 408 4013 τὸ
443 3962 656 4029 Πνεῦμα
690 3954 746 4011 δὲ
778 3957 837 4009 τὸ
868 3956 1021 4029 ἅγιον
1053 3953 1272 4023 ἀληθῶς
1317 3952 1368 4007 ἐν
1399 3957 1497 4007 τοῦ
1528 3956 1662 4006 Θεοῦ
1716 3952 1851 4007 κατὰ
1899 3950 2004 4029 φύε

352 4071 430 4104 σιν
486 4054 555 4115 τῆ
587 4048 740 4123 φύσει
772 4048 883 4117 (28)
919 4044 1071 4113 Θεὸν,
1100 4043 1390 4118 ἀμέριστον
1425 4041 1484 4096 ἐκ
1533 4046 1667 4095 Θεοῦ
1725 4043 1859 4097 κατὰ
1908 4041 2004 4102 τὰς

352 4137 506 4211 ἁγίας
569 4135 800 4211 Γραφάςο
858 4138 956 4187 τοῦ
1018 4132 1151 4186 εἶναι
1201 4130 1420 4200 ἀληθῶς
1475 4130 1565 4184 τὸν
1630 4130 1858 4204 Πατέρα,
1916 4129 2007 4183 καὶ

349 4229 447 4280 τοῦ
480 4224 614 4278 εἶναι
644 4222 872 4293 ἁληθῶσ
898 4222 988 4276 τὸν
1024 4221 1171 4291 Υἱὸν,
1202 4219 1293 4274 καὶ
1340 4223 1439 4274 τοῦ
1497 4218 1630 4273 εἶναι
1679 4218 1900 4288 ἀληθῶς
1946 4218 2008 4272 τὸ

354 4316 507 4388 ἅγιον
564 4317 804 4384 Πνεῦμα,
861 4308 1084 4365 ἕκαστον
1148 4308 1324 4381 ῦνομα
1386 4310 1461 4380 μή
1526 4303 2006 4381 μεταϐαλλόμενον

353 4403 440 4457 ἐπὶ
489 4401 782 4473 ἀναΟᾶματι
834 4400 896 4455 ἐκ
940 4407 1040 4469 τῆς
1087 4398 1289 4459 οἰκείας
1321 4397 1710 4470 ἐπονομασίας’
1744 4401 1841 4451 τοῦ
1874 4399 2008 4451 εἶναι

354 4494 453 4559 τὴν
508 4488 719 4567 Τριάδα
768 4488 992 4559 ἀληθῶς
1039 4485 1240 4563 Τριάδα
1290 4487 1341 4541 ἐν
1400 4491 1498 4560 μιᾷ
1546 4485 1779 4555 θεότητι,
1811 4486 1899 4539 καὶ
1957 4484 2009 4539 ἐν

365 4585 463 4653 μιᾷ
494 4578 741 4652 δυνάμει,
770 4578 861 4633 καὶ
894 4578 945 4632 ἐν
978 4583 1075 4651 μιᾷ
1096 4576 1269 4647 οὐσίᾳ,
1302 4576 1390 4631 καὶ
1444 4574 1495 4629 ἐν
1553 4580 1651 4649 μιᾷ
1700 4573 2007 4631 ὑποστάσει.

2182 3511 2311 3567 Hac
2335 3511 2514 3582 igitur
2534 3516 2624 3567 est
2646 3517 2844 3567 nostra
2868 3514 3181 3584 confessio,
3199 3515 3571 3587 Optatissime
3594 3516 3766 3571 Atha-

2113 3600 2264 3665 nasi,
2299 3599 2557 3655 Verbum
2615 3601 2712 3656 Dei
2768 3600 2946 3657 Filius
2997 3604 3323 3659 secundum
3375 3610 3669 3675 naturam,
3702 3621 3771 3660 ex

2116 3694 2227 3744 Deo
2248 3696 2305 3743 et
2327 3690 2493 3744 Patre
2524 3690 2775 3761 genitus,
2805 3708 2919 3745 non
2951 3696 3210 3760 creatus;
3246 3694 3344 3749 sed
3379 3711 3611 3764 semper
3641 3695 3769 3748 sine

2113 3776 2280 3832 initio
2308 3795 2424 3832 una
2454 3795 2585 3832 cum
2618 3778 2733 3833 Deo
2764 3783 2821 3833 et
2851 3778 3037 3849 Patre,
3063 3784 3119 3835 et
3148 3780 3275 3836 sine
3307 3782 3421 3837 fine
3451 3781 3765 3853 imperium

2114 3868 2339 3924 habens
2368 3885 2471 3939 per
2500 3868 2732 3925 infinita
2762 3869 2997 3927 sacula.
3034 3874 3239 3926 Amen.
3264 3871 3405 3927 Item
3429 3872 3771 3944 (credimus)

2116 3957 2402 4028 Spiritum
2436 3964 2708 4013 sanctum
2741 3976 2871 4015 vere
2901 3977 2971 4015 ex
2991 3960 3106 4015 Deo
3138 3963 3463 4016 secundum
3498 3966 3772 4016 naturam

2115 4049 2173 4100 et
2202 4050 2411 4100 natura
2432 4045 2641 4115 Deum,
2670 4048 2989 4104 indivisum
3015 4066 3048 4103 a
3078 4050 3187 4104 Deo
3218 4052 3543 4105 secundum
3577 4066 3775 4105 sacras

2118 4134 2481 4205 Scripturas;
2514 4136 2595 4190 ita
2655 4143 2719 4191 ut
2775 4138 2853 4192 sit
2900 4155 3029 4193 vere
3078 4138 3265 4207 Pater,
3299 4156 3430 4195 vere
3486 4138 3691 4204 Filius,
3720 4143 3779 4194 et

2123 4239 2249 4277 vere
2280 4223 2534 4295 Spiritus
2584 4230 2847 4295 sanctus,
2883 4227 3244 4299 vetitumque
3276 4232 3365 4283 est
3396 4228 3505 4283 sub
3536 4228 3777 4284 anathe-

2121 4312 2295 4369 matis
2326 4329 2497 4384 poena
2536 4313 2840 4384 quodlibet
2886 4332 3096 4371 nomen
3131 4334 3164 4371 a
3194 4316 3431 4389 propria
3480 4317 3778 4389 significa-

2120 4400 2277 4455 tione
2309 4402 2657 4470 transferre;
2691 4402 2772 4458 ita
2816 4408 2879 4457 ut
2906 4404 3164 4461 Trinitas
3212 4406 3290 4461 sit
3335 4422 3465 4462 vere
3514 4406 3776 4461 Trinitas

2122 4489 2180 4543 in
2213 4506 2330 4544 una
2361 4490 2595 4557 deitate,
2630 4492 2686 4545 in
2737 4509 2852 4546 una
2900 4498 3208 4563 potestate,
3238 4495 3298 4550 in
3333 4512 3452 4551 una
3498 4495 3777 4562 essentia,

2123 4583 2180 4633 et
2208 4578 2266 4631 in
2302 4596 2417 4633 una
2466 4580 2818 4635 substantia.
2852 4581 3236 4654 Nequaquam
3291 4584 3446 4640 enim
3496 4584 3779 4640 dividitur

362 4651 450 4725 '06?
483 4672 586 4747 γὰρ
633 4651 905 4746 μερίζεται
956 4670 983 4723 ὁ
1042 4668 1163 4728 Υἱὸς
1220 4667 1279 4721 ἐκ
1318 4674 1419 4736 τῆς
1463 4673 1733 4741 πατρικῆς
1780 4666 2012 4721 ὑποστά-

2124 4666 2325 4736 Filius,
2360 4684 2541 4738 neque
2589 4668 2839 4739 Spiritus
2881 4651 3121 4726 sanctus
3151 4690 3183 4725 a
3216 4678 3458 4744 paterna
3507 4673 3781 4729 substan-

363 4781 521 4828 σεως,
574 4757 699 4813 οὐδὲ
744 4760 807 4813 τὸ
852 4761 1070 4828 Πνεῦμα
1118 4756 1180 4809 τὸ
1230 4757 1407 4828 ἅγιον,
1438 4762 1538 4824 τῆς
1570 4754 1893 4830 πληρούσης
1921 4756 2011 4809 τὸν

362 4846 583 4926 οὸρανὸν
635 4848 725 4903 καὶ
776 4849 876 4915 τὴν
916 4853 1040 4921 γῆν.
1095 4846 1275 4900 Ἔστιν
1310 4843 1423 4911 οῦν,
1457 4844 1632 4905 καθὼς
1666 4849 1945 4918 προεῖπον,
1978 4846 2012 4913 ἠ

363 4939 524 5013 Τριὰς
558 4937 609 4991 ἐν
648 4942 745 5011 μιᾷ
775 4936 1059 4989 ὑποστάσει
1100 4934 1173 5005 μὴ
1212 4930 1565 5007 μεριζομένη,
1605 4932 1693 4985 καὶ
1735 4937 1803 5004 τῇ
1854 4933 2016 5010 οῦιρίᾳ

359 5024 438 5097 ἓν,
469 5028 558 5081 καὶ
586 5029 655 5099 τῇ
688 5024 906 5094 θεότητι
935 5021 1015 5091 ἓν,
1045 5023 1133 5077 καὶ
1160 5025 1229 5094 τῇ
1263 5018 1487 5093 δυνάμει
1526 5017 1604 5091 ἓν,
1654 5021 1743 5074 καὶ
1791 5024 1860 5093 τῇ
1917 5022 2014 5096 βα·-

363 5116 540 5186 σιλείᾳ
568 5114 641 5185 ἓν,
672 5112 758 5169 καί
792 5118 861 5186 τῇ
896 5110 1189 5186 δοξολογίᾳ
1215 5107 1292 5179 ἓν,
1324 5110 1414 5163 καὶ
1461 5114 1529 5183 τῇ
1576 5108 1741 5164 εἰκόνι
1789 5106 1869 5179 ἓν,
1925 5108 2013 5164 καί

361 5204 441 5277 τῷ
489 5205 758 5276 Πνεῦματι
810 5202 886 5257 ἓν·
943 5206 1161 5273 Πνεῦμα
1202 5201 1301 5275 γὰρ
1352 5199 1412 5253 οῦ
1466 5198 1758 5271 μερίζεται.
1792 5199 2014 5261 Ἀνάθε-

367 5292 550 5367 μαοῦν
585 5291 729 5369 λέγω
764 5286 1071 5347 Σαϐελλίοῦ
1103 5291 1165 5345 τὸ
1196 5287 1372 5364 δόγμα
1402 5288 1492 5343 καὶ
1534 5286 1772 5363 Ἀρείου,
1804 5287 1894 5341 καὶ
1920 5288 2015 5349 τὰς

361 5382 919 5457 προαπηγορευμὲνας
953 5378 1204 5453 αἱρέσεις,
1238 5377 1312 5439 εἷς
1348 5375 1570 5431 αἰωνίαν
1622 5374 1871 5445 κόλασιν,
1918 5397 2014 5429 κα-

359 5473 426 5527 τὰ
451 5472 551 5541 τὴν
580 5475 677 5525 τοῦ
712 5476 970 5545 Σωτῆρος
1003 5469 1211 5545 φωνήν.
1243 5466 1418 5539 Ταύτῃ
1458 5462 1548 5519 οῦν
1596 5468 1665 5539 τῇ
1715 5462 2013 5540 ὁμολογίᾳ,

362 5557 564 5639 ἀδελφὲ
612 5558 908 5628 Ἀθανάσιε,
960 5560 1030 5630 τῇ
1080 5552 1211 5630 οὔσῃ
1262 5554 1400 5629 μόνῃ
1451 5554 1539 5609 καὶ
1580 5552 1803 5624 ἀληθῶς
1835 5553 2010 5609 πίστει

438 5687 550 5762 (28)
580 5688 667 5744 Ita
695 5684 1109 5759 Seguerianus.
1142 5688 1207 5740 In
1240 5682 1437 5754 editis,
1464 5702 1531 5756 τῃ
1559 5680 1712 5763 φύσει
1748 5681 1936 5739 deest.

2126 4755 2226 4825 tia,
2262 4774 2387 4827 qua
2419 4757 2625 4828 implet
2677 4758 2883 4813 calum
2935 4764 2993 4813 et
3040 4765 3276 4816 terram.
3312 4763 3411 4817 Est
3461 4762 3661 4835 igitur,
3696 4760 3780 4816 uti

2126 4862 2306 4916 supra
2335 4846 2475 4914 dixi,
2500 4848 2753 4901 Trinitas
2783 4846 2842 4902 in
2870 4865 2985 4902 una
3010 4850 3380 4906 substantia:
3407 4858 3612 4922 estque
3635 4851 3782 4906 sub-

2125 4934 2345 4989 stantia
2371 4953 2575 5004 unum,
2601 4936 2811 4990 deitate
2835 4954 3039 5003 unum,
3067 4943 3349 5009 potestate
3375 4957 3581 5005 unum,
3601 4955 3779 5010 regno

2127 5038 2334 5093 unum,
2358 5022 2779 5094 glorificatione
2813 5042 3016 5093 unum,
3046 5027 3301 5098 imagine
3333 5044 3538 5095 unum,
3561 5028 3778 5100 Spiritu

2128 5127 2309 5166 unum
2341 5129 2353 5166 :
2388 5112 2643 5183 Spiritus
2676 5130 2931 5185 namque
2963 5132 3077 5170 non
3119 5116 3418 5172 dividitur.
3454 5117 3783 5171 Anatbema

2125 5199 2308 5270 igitur
2339 5204 2651 5271 pronuntio
2685 5202 2744 5257 in
2776 5203 3011 5259 Sabellii
3051 5209 3107 5259 et
3136 5205 3253 5259 Arii
3286 5206 3523 5277 dogma,
3556 5221 3779 5260 necnon

2127 5290 2185 5342 in
2218 5295 2389 5345 antea
2412 5292 2765 5363 proscriptas
2797 5292 3067 5361 hareses,
3097 5296 3166 5349 ad
3192 5295 3617 5367 sempiternum
3642 5310 3783 5366 sup-

2127 5378 2391 5447 plicium,
2417 5380 2587 5449 juxta
2634 5379 2952 5436 Salvatoris
2982 5399 3207 5439 vocem.
3259 5384 3318 5439 Si
3375 5384 3573 5457 igitur,
3609 5382 3787 5438 frater

2125 5466 2428 5532 Athanasi,
2460 5467 2517 5521 in
2554 5469 2658 5522 hac
2689 5470 3218 5541 confessione,qua
3246 5473 3371 5529 sola
3397 5478 3453 5529 et
3475 5489 3607 5527 vera
3640 5471 3785 5528 fides

2126 5561 2216 5613 est
2236 5556 2295 5611 in
2317 5562 2521 5613 sancta
2536 5556 2823 5612 catholica
2837 5561 2897 5613 et
2914 5560 3240 5631 apostolica
3255 5562 3535 5633 Ecclesia,
3552 5578 3783 5619 mecum
