4104 6356
350 383 505 441 1443

1522 370 1583 433 S.
1632 366 2154 434 ATHANASIUS.
2183 405 2260 416 —
2292 369 2603 437 SPURIA.

3620 381 3780 443 1444

346 511 679 577 censentis;
731 524 926 566 eoram
969 509 1169 579 judice
1223 508 1337 563 Deo
1383 512 1440 563 et
1485 506 1737 575 Christo,
1777 522 1974 577 quaeso

2114 500 2165 557 ἐν
2196 508 2263 577 τῇ
2298 505 2421 580 ἁγίᾳ
2450 504 2719 582 καθολικῇ
2750 507 2839 563 καὶ
2865 507 3206 584 ἁποστολικῇ
3230 511 3529 585 Ἐκκλησία
3558 514 3603 568 εἰ
3628 514 3773 587 ὁμο-

350 602 493 657 mihi
543 600 855 666 rescribas,
888 600 938 655 si
985 597 1229 670 perinde
1268 604 1444 669 atque
1476 613 1582 650 nos
1614 597 1671 649 in
1704 611 1840 649 vera
1888 594 2001 648 ﬁde

348 691 600 755 sentias;
661 694 725 744 ut
780 687 1140 744 conﬁdenter
1195 690 1251 742 et
1307 685 1435 741 sine
1489 683 1829 740 discrimine
1872 699 1999 754 quae

348 797 522 853 rogas
571 784 846 851 praestare
898 776 1142 848 possim.
1176 775 1322 831 Illud
1358 776 1531 831 etiam
1583 780 1637 828 te
1685 790 1801 828 non
1834 772 1997 843 igno-

345 886 473 924 rare
521 868 716 937 velim,
750 866 983 930 dilecte,
1031 865 1317 920 nimirum
1366 864 1622 919 veritatis
1672 861 1845 928 ﬁlios,
1889 860 1997 914 im-

344 957 683 1031 passibilem
738 956 1017 1012 deitatem
1068 954 1351 1024 conﬁteri,
1403 968 1628 1008 necnon
1678 952 1994 1006 adventum

342 1046 516 1102 Verbi
557 1051 614 1102 et
664 1043 763 1099 Dei
812 1044 871 1099 in
922 1059 1126 1110 carne;
1159 1041 1259 1114 qui
1319 1042 1639 1113 perfectum
1696 1038 1995 1094 hominem

344 1135 670 1208 assumpsit
700 1134 827 1189 sine
857 1137 1115 1205 peccato,
1149 1136 1323 1186 natus
1356 1148 1423 1186 ex
1453 1130 1677 1202 Spiritu
1708 1133 1910 1183 sancto
1940 1132 1999 1183 et

343 1242 411 1280 ex
442 1224 628 1279 Maria
658 1222 915 1294 Virgine,
942 1221 1264 1276 secundum
1297 1218 1645 1291 Evangelia:
1682 1217 1739 1273 in
1768 1217 1994 1272 Christo

343 1314 507 1371 Jesu.
539 1316 744 1369 Amen.

336 1565 490 1624 598
541 1562 730 1618 Sancti
777 1561 967 1616 Patris
1014 1560 1209 1625 nostri,
1260 1560 1552 1613 Athanasii
1599 1557 1994 1628 archiepiscopi

404 1635 791 1703 Alexandrini,
826 1633 1152 1702 rescriptum
1199 1630 1269 1703 ad
1316 1631 1617 1695 Liberium,
1652 1630 1831 1703 Romae
1872 1630 1992 1703 epi-

403 1724 643 1779 scopum.
697 1701 849 1773 Ωιιοά
886 1701 1192 1779 perfectum
1238 1702 1514 1779 hominem
1571 1703 1711 1757 Deus
1763 1701 1993 1757 Verbum

404 1775 769 1851 assumpserit
793 1785 1022 1848 propter
1049 1775 1286 1829 salutem
1315 1778 1579 1829 nostram.

410 1985 575 2041 Unus
608 1988 757 2038 Deus
802 1978 1173 2045 immortalis,
1198 1976 1297 2049 qui
1329 1992 1434 2032 nec
1464 1974 1669 2042 videri,
1697 1991 1801 2030 nec
1830 1974 1991 2047 tangi

339 2079 547 2148 potest.
578 2093 602 2123 ι
635 2070 890 2143 Spiritus
924 2092 950 2117 ››
981 2068 1136 2124 enim
1167 2088 1191 2119 ιι
1222 2071 1312 2121 est
1348 2068 1495 2121 Deus
1516 2065 1578 2118 ⁵⁸.
1608 2086 1635 2113 ››
1670 2065 1797 2135 ipse
1829 2064 1991 2119 nullo

334 2163 462 2218 loco
494 2165 684 2234 potest
713 2156 1150 2230 comprehendi,
1180 2172 1283 2210 nec
1314 2154 1469 2208 ullus
1499 2158 1583 2209 est
1618 2152 1779 2208 locus
1813 2171 1844 2207 a
1875 2170 1991 2224 quo

336 2251 506 2307 absit.
543 2250 728 2319 Hujus
763 2248 1009 2302 Verbum
1044 2242 1400 2300 immortalis
1430 2247 1520 2297 est
1552 2242 1862 2312 sapientia,
1898 2243 1989 2296 in-

339 2338 760 2410 corruptibilis,
785 2334 1138 2391 invisibilis:
1174 2332 1358 2388 Filius
1393 2331 1835 2403 primogenitus,
1860 2348 1991 2402 ope-

339 2447 468 2486 rum
504 2428 719 2493 socius,
755 2424 1041 2497 principio
1091 2438 1318 2489 carens,
1351 2420 1460 2475 sub
1494 2425 1711 2474 tactum
1747 2437 1858 2473 non
1894 2438 1985 2475 ea—

337 2522 502 2584 dens,
538 2533 726 2589 neque
774 2512 1125 2588 principium
1169 2510 1389 2565 habens
1420 2510 1669 2579 dierum,
1703 2526 1890 2581 neque
1922 2510 1979 2564 ﬁ-

318 2625 471 2665 ,nem
506 2607 631 2661 vitae
670 2608 1017 2676 exspectans
1049 2617 1062 2655 :
1099 2622 1126 2649 α
1159 2599 1371 2654 Omnia
1428 2614 1529 2670 per
1584 2598 1777 2670 ipsum
1837 2600 1988 2656 facta

337 2702 496 2765 sunt,
523 2700 580 2752 et
611 2695 737 2749 sine
769 2692 896 2764 ipso
925 2691 1140 2745 factum
1174 2693 1266 2743 est
1294 2686 1440 2742 nihil
1461 2688 1525 2741 ‘5.
1557 2709 1571 2736 ›
1610 2688 1737 2758 Ipse
1768 2692 1857 2742 est
1887 2687 1986 2758 qui

337 2787 635 2843 hominem
667 2780 1009 2837 eﬂ’ormavit.
1045 2777 1148 2833 Hic
1191 2783 1281 2832 est
1333 2776 1431 2849 qui
1485 2778 1771 2831 rationem
1805 2776 1983 2831 fabri-

337 2876 541 2931 candas
595 2888 738 2927 arcae
786 2870 1178 2924 monstravit:
1214 2864 1308 2921 hic
1355 2869 1441 2921 est
1489 2865 1587 2937 qui
1643 2865 1984 2937 promissio-

338 2981 469 3020 ncm
501 2960 663 3017 dedit
707 2958 948 3014 Abrahae
984 2974 996 3012 :
1030 2956 1124 3010 hic
1153 2960 1241 3011 est
1289 2955 1384 3027 qui
1435 2955 1753 3021 descendit,
1787 2959 1851 3010 ut
1891 2973 1986 3027 po-

337 3052 541 3124 pulum
575 3049 801 3105 salvum
832 3047 1064 3111 faceret,
1090 3045 1186 3116 qui
1221 3044 1396 3115 Moysi
1428 3043 1613 3115 legem
1648 3043 1809 3099 dedit
1843 3059 1854 3098 :
1890 3044 1985 3100 hic

336 3147 426 3198 est
455 3141 609 3195 Deus
642 3134 952 3202 Abraham,
987 3134 1138 3189 Deus
1172 3134 1351 3203 Isaac,
1383 3138 1440 3188 et
1471 3132 1625 3187 Deus
1654 3132 1857 3199 Jacob,
1883 3134 1983 3205 qui

2112 598 2327 669 φρονεῖς
2360 615 2474 667 μοι,
2508 596 2582 657 ὡς
2612 595 2902 671 ἐπὶ-κρίσει
2935 602 3068 653 Θεοῦ
3114 599 3205 654 καὶ
3263 602 3501 677 Χριστοῦ
3553 603 3768 678 γράψον

2113 702 2229 753 μοι,
2263 681 2308 737 εἰ
2359 682 2501 738 οὕτω
2552 691 2767 762 φρονεῖς
2812 686 2950 751 καθᾶ
2996 686 3087 742 καὶ
3135 690 3319 760 ἡμεῖς,
3369 689 3459 745 καὶ
3488 690 3557 745 τὰ
3580 689 3679 746 ’ίσα
3711 691 3766 747 ἐν

2108 774 2175 844 τῇ
2207 770 2445 846 ἀληθινῇ
2476 772 2673 828 nio-15v
2700 771 2792 828 ’ίνα
2821 774 2974 848 κάγὼ
3005 778 3277 840 πεποιθὼς
3319 775 3386 849 ὦ,
3433 776 3763 856 ἀδιακρίτως

2108 864 2231 934 περί
2280 862 2354 915 ὧν
2389 860 2559 931 ἀξιοῖς
2585 861 2823 919 κελεύειν
2860 883 2974 938 μοι·
3024 865 3112 920 καὶ
3159 871 3323 922 τοῦτο
3355 863 3413 922 δέ
3443 890 3501 923 σε
3532 870 3647 944 χρὴ
3681 868 3764 924 εἰ-

2109 945 2275 1021 δέναι,
2304 950 2567 1027 ἀγαπητὲ,
2600 951 2683 1006 ὅτι
2714 953 2770 1006 οἱ
2801 952 2909 1008 υἱοὶ
2955 960 3055 1024 τῆς
3101 954 3384 1027 ἀληθείας,
3432 957 3616 1028 ἀπαθῆ
3662 960 3765 1028 τήν

2108 1038 2338 1109 θεότητα
2366 1039 2722 1116 ὁμολογοῦσι,
2755 1043 2844 1097 καὶ
2872 1044 2970 1112 τήν
3003 1040 3259 1121 ἔνσαρκον
3309 1043 3609 1119 ἐπιδημίαν
3658 1053 3761 1103 τοῦ

2106 1127 2287 1203 Λόγου
2317 1129 2405 1183 καὶ
2438 1129 2592 1202 Θεοῦ,
2624 1131 2707 1186 ὃτι
2735 1131 2944 1187 τέλειον
2978 1134 3261 1210 ἄνθρωπον
3297 1131 3527 1192 ἀνέλαϐε
3575 1138 3758 1213 χωρὶς

2105 1217 2394 1291 ἁμαρτίας,
2435 1218 2527 1273 τὸν
2576 1222 2899 1296 γεννηθέντα
2944 1220 3005 1277 ἐκ
3045 1224 3360 1297 Πνεύματος
3409 1226 3572 1300 ἁγίου
3621 1229 3756 1300 (29),

2103 1307 2192 1361 καὶ
2240 1307 2449 1384 Μαρίας
2494 1314 2594 1379 τῆς
2652 1309 2941 1385 παρθένου,
2996 1314 3134 1368 κατά
3190 1313 3257 1367 τὰ
3310 1313 3641 1390 Εὐαγγέλιαο
3702 1315 3756 1372 έν

2103 1397 2321 1472 Χριστῷ
2351 1398 2553 1467 Ἰησοῦ.
2606 1398 2800 1471 Ἀμήν.

2100 1561 2205 1613 Τοῦ
2252 1556 2315 1643 ’ἐν
2374 1556 2554 1643 ἁγίρις
2603 1558 2819 1643 ματρὸς
2873 1562 3033 1643 ἡμῴν
3077 1560 3433 1643 ,Ἀθάναισίοψ
3494 1564 3755 1643 ᾀρχιεπι-

2172 1627 2375 1711 ςκόπου
2421 1627 2926 1711 ’ς’Δλεξανδρείαςξς
2972 1631 3348 1711 ἀντίγραμμα.
3417 1627 3607 1711 πρὸςέ
3660 1647 3760 1692 Λι-

2173 1696 2422 1783 ϐέριο.ν,“
2454 1696 2748 1783 ἐπίσκοπον
2826 1701 3069 1783 Ῥιὸμηςσ
3102 1696 3215 1783 ξ’ὅτὶ
3245 1696 3488 1783 ’τέλειον
3543 1696 3756 1783 ἅνθρω-

2171 1766 2564 1865 πόνβνέλαϐεν
2599 1774 2627 1828 6
2658 1773 2787 1834 Θεὸς
2822 1766 3012 1849 Λόγὸς
3031 1775 3164 1851 ὑπὲρ
3192 1783 3295 1846 τῆς
3325 1766 3760 1854 ἡμετέραςᾞω-

2168 1866 2383 1919 τηριας.

2172 1978 2264 2040 Εἷς
2298 1978 2427 2040 Θεὸς
2461 1976 2742 2050 ἀθάνατος,
2776 1974 3026 2049 ἀόρατος,
3077 1979 3464 2060 ἆψηλάφητος·
3521 2007 3541 2035 α
3598 1988 3763 2039 Πνεῦ-

2104 2088 2178 2140 μα
2213 2091 2239 2118 ››
2268 2067 2371 2142 γὰρ
2403 2091 2430 2118 ‹‹
2466 2068 2493 2121 6
2526 2067 2678 2135 Θεὸς,
2716 2093 2741 2117 ››
2775 2066 2931 2131 οὗτος
2966 2069 3276 2145 ἀχώριστος
3322 2072 3459 2147 (30),
3496 2073 3572 2145 μή
3608 2070 3757 2150 ἔχων

2098 2155 2265 2214 τόπον
2322 2154 2458 2210 ὅπου
2518 2157 2617 2211 οὐκ
2676 2152 2837 2212 ἔστιν·
2898 2158 2926 2212 6
2984 2158 3181 2213 τούτου
3240 2159 3440 2235 Λόγος,
3496 2160 3761 2227 ἀθάνατος

2099 2245 2278 2322 σοφία,
2331 2244 2622 2323 ἄφθαρτος,
2676 2245 2929 2321 ἀόρατος,
2981 2247 3106 2308 Υἱὸς
3154 2249 3533 2323 πρωτότοκος,
3568 2272 3759 2329 συνερ-

2097 2336 2213 2410 γὸς,
2248 2334 2505 2409 ἄναρχος,
2538 2334 2920 2412 ἁψηλάῳητος,
2960 2337 3099 2407 μήτε
3131 2336 3309 2412 ἀρχὴν
3330 2340 3552 2415 ἡμερῶν
3579 2338 3758 2418 ἔχων,

2103 2426 2242 2497 μήτε
2295 2424 2452 2484 τέλος
2507 2426 2650 2492 ζωῆς
2704 2421 3044 2497 προσδοκῶν.
3115 2452 3133 2474 σ
3173 2426 3270 2480 Διά
3311 2424 3507 2482 τούτου
3540 2429 3755 2505 ἐγένετο

2095 2514 2161 2568 τὰ
2188 2512 2378 2581 πάντα,
2408 2513 2496 2567 καὶ
2527 2514 2703 2589 χωρῖς
2737 2513 2902 2568 αὐτοῦ
2934 2513 3141 2590 ἐγένετο
3186 2513 3312 2571 οὐδὲ
3360 2514 3432 2573 ἔν.
3494 2542 3523 2570 ››
3581 2519 3754 2583 Αὐτὸς

2098 2604 2126 2658 6
2157 2600 2367 2665 πλάσας
2393 2601 2819 2677 τὸν,ἄνθρωπον·
2856 2602 3035 2674 οὗτος,
3068 2604 3096 2658 ὁ
3123 2605 3222 2675 τὴν
3266 2600 3501 2661 κιϐωτὸν
3552 2605 3752 2680 δείξας,

2097 2689 2329 2753 πῶς’ίνα
2384 2690 2626 2767 γένηται’
2690 2691 2846 2753 οὗτος
2904 2694 2931 2747 6
2980 2692 3077 2762 τὴν
3130 2692 3454 2771 ἐπαγγελίαν
3482 2694 3607 2759 δοὺς
3668 2703 3751 2770 τῷ

2098 2775 2332 2854 Ἀϐαάμ·
2387 2780 2544 2841 οὗτος
2593 2780 2620 2834 6
2663 2774 2899 2836 καταϐὰς
2959 2779 3045 2836 ἐπὶ
3077 2782 3138 2837 τὸ
3168 2787 3334 2838 σῶσαι
3382 2784 3472 2839 τὸν
3527 2784 3682 2859 λαὸν,
3721 2787 3751 2841 ὁ

2096 2873 2266 2944 Μωσῇ
2316 2868 2408 2924 τὸν
2457 2868 2625 2941 νόμον
2679 2865 2825 2932 δοῦς-
2878 2868 3035 2932 οῦτος
3087 2872 3114 2926 6
3164 2871 3293 2935 Θεὸς
3349 2867 3621 2948 Ἀϐρααμ,
3655 2875 3751 2930 καὶ

2096 2958 2224 3020 Θεὸς
2274 2957 2471 3023 Ἰσαὰκ,
2525 2956 2615 3011 καὶ
2665 2958 2795 3020 Θεὸς
2827 2953 3043 3031 Ἰακὼϐ,
3078 2960 3105 3012 ὁ
3138 2957 3189 3013 ἐν
3222 2964 3530 3039 προφήταις
3564 2962 3707 3031 λαλέ
3728 2998 3751 3008 -

2096 3069 2212 3120 σας,
2244 3048 2272 3102 ὸ
2322 3045 2631 3120 διαθέμενος
2672 3047 2768 3116 τὴν
2818 3046 3059 3103 Παλαιὰν
3110 3048 3200 3103 καὶ
3245 3050 3345 3118 τήν
3393 3052 3592 3120 Καινήν
3628 3060 3756 3107 Δια-

2096 3125 2293 3208 θήκην,
2354 3137 2381 3190 6
2440 3138 2553 3209 (31)
2613 3134 2695 3191 ἐπ’
2737 3136 2981 3213 ἐσχάτων
3027 3141 3136 3191 τῶν
3187 3139 3411 3214 ἡμερῶν
3460 3141 3629 3214 σάρκα
3690 3141 3754 3196 ἐκ

336 3233 392 3287 in
429 3229 729 3304 prophetis
760 3228 988 3283 locutus
1018 3231 1128 3291 est,
1165 3226 1263 3294 qui
1296 3226 1477 3281 Vetus
1503 3232 1557 3281 et
1589 3226 1811 3281 Novum
1847 3227 1980 3282 Tes-

2100 3225 2368 3302 Παρθένου
2399 3219 2607 3292 λαϐὼν,
2643 3227 2868 3297 θνητὴν,
2903 3226 3002 3281 οὐκ
3029 3225 3189 3288 αὐτὸς
3221 3226 3293 3280 ὢν
3328 3227 3539 3298 θνητός·
3588 3230 3753 3285 ἀσθε-

337 3324 661 3377 tamentum
693 3316 1003 3390 disposuit,
1028 3315 1125 3387 qui
1160 3317 1216 3370 in
1252 3314 1588 3370 novissimis
1618 3315 1826 3371 diebus
1859 3333 1983 3371 car-

336 3426 467 3465 nem
527 3407 785 3479 sumpsit
841 3422 907 3460 ex
958 3403 1215 3476 Virgine,
1280 3402 1607 3473 mortalem,
1677 3402 1812 3460 licet
1868 3422 1982 3460 non

330 3504 487 3554 esset
544 3498 667 3569 ipse
727 3492 991 3550 mortalis
1039 3510 1052 3547 :
1109 3492 1429 3563 inﬁrmam,
1459 3490 1595 3547 licet
1653 3510 1765 3548 non
1828 3497 1984 3550 esset

332 3589 458 3660 ipse
514 3586 786 3641 inﬁrmus
822 3602 834 3639 :
870 3582 1043 3637 morti
1093 3582 1426 3649 obnoxiam,
1460 3580 1595 3636 licet
1657 3598 1770 3637 non
1828 3586 1989 3638 esset

326 3678 453 3750 ipse
487 3675 659 3731 morti
682 3673 968 3729 obnoxius
1003 3690 1015 3727 :
1043 3671 1354 3737 visibilem,
1379 3670 1513 3725 licet
1536 3688 1649 3725 non
1671 3676 1826 3726 esset
1856 3672 1981 3743 ipse

325 3765 595 3822 visibilis.
628 3768 763 3834 Ipsa
812 3777 1100 3833 suspensa
1128 3765 1236 3829 est,
1273 3776 1385 3814 non
1427 3763 1621 3814 autem
1672 3758 1771 3816 ille
1806 3778 1816 3814 :
1851 3759 1980 3832 ipsa

321 3855 577 3928 sepulta,
613 3869 725 3908 non
762 3851 894 3907 ille:
933 3850 1060 3922 ipsa
1091 3849 1384 3903 humanas
1413 3864 1618 3903 omnes
1650 3849 1975 3920 passiones,

318 3948 382 3999 ut
441 3944 617 3998 homo
675 3939 982 4005 sustinuit,
1036 3954 1153 3992 non
1214 3941 1411 3992 autem
1472 3936 1590 3991 ille.
1625 3936 1723 3992 Ille
1781 3942 1977 3994 autem

318 4038 407 4088 est
457 4032 641 4087 virtus
690 4029 807 4093 Dei,
850 4028 903 4082 id
957 4030 1045 4083 est
1093 4026 1266 4081 Deus.
1303 4025 1408 4091 Qui
1445 4042 1575 4080 cum
1626 4042 1693 4082 es.
1741 4044 1871 4098 quae
1916 4027 1973 4082 in

320 4122 379 4177 in
420 4122 648 4176 inferno
697 4115 1040 4174 insolubilis
1089 4118 1256 4171 erant
1308 4112 1600 4183 solvisset,
1635 4114 1976 4188 imperium-

321 4227 432 4283 que
462 4208 675 4266 diaboli
709 4207 1033 4271 evertisset,
1065 4204 1329 4259 ascendit
1374 4219 1440 4259 eo
1473 4204 1626 4259 unde
1656 4204 1972 4260 descende-

321 4305 430 4370 rat,
464 4299 563 4372 qui
617 4313 828 4371 corpus
882 4311 1055 4351 suum
1107 4310 1142 4350 a
1192 4297 1379 4349 morte
1430 4293 1768 4362 excitatum,
1811 4298 1972 4365 post-

318 4406 495 4462 quam
556 4387 866 4444 liberasset
912 4404 945 4441 a
995 4388 1180 4439 morte
1229 4400 1346 4456 qua
1391 4383 1781 4452 detinebatur,
1817 4383 1972 4441 Patri

315 4478 547 4535 obtulit.
582 4478 642 4534 In
699 4476 799 4532 illo
844 4479 1075 4531 Patrem
1110 4471 1518 4545 intelligimus.
1552 4471 1679 4529 Una
1727 4472 1883 4527 enim
1914 4477 1973 4528 et

315 4566 439 4640 ipse
472 4584 565 4623 res
596 4570 686 4622 est
712 4565 948 4631 deitate,
986 4563 1219 4630 virtute,
1254 4561 1608 4631 substantia,
1641 4560 1967 4632 hypostasi,

313 4656 522 4730 gloria,
549 4655 646 4711 Dei
678 4652 1086 4727 appellatione,
1115 4658 1171 4708 et
1200 4652 1255 4706 in
1290 4656 1460 4707 Patre
1494 4648 1703 4705 Filium
1736 4664 1972 4721 quoque

314 4744 715 4818 agnoscimus.
748 4743 851 4799 Hic
899 4746 989 4799 est
1032 4740 1134 4813 qui
1185 4748 1497 4812 postquam
1547 4737 1972 4809 assumpsisset

313 4836 762 4904 carnem,Jesus
789 4832 1121 4906 appellatus
1149 4836 1256 4898 est,
1282 4835 1572 4902 quatenus
1603 4832 1726 4884 erat
1757 4828 1966 4899 homo;

312 4927 424 4982 hoc
447 4930 556 4996 est,
584 4923 912 4996 assumpsit
939 4921 1236 4977 hominem
1261 4918 1319 4973 in
1342 4919 1557 4990 seipso,
1582 4940 1610 4967 (ί
1643 4917 1700 4972 in
1734 4935 1848 4990 quo
1880 4918 1967 4974 in-

311 5016 537 5071 habitat
558 5014 752 5070 omnis
781 5011 1079 5085 plenitudo
1112 5008 1433 5065 divinitatis
1461 5006 1841 5078 corporaliter
1865 5009 1966 5063 ⁵⁵.»

313 5106 485 5161 lllum
517 5104 814 5160 credimus
856 5119 962 5157 nec
994 5117 1027 5155 a
1060 5104 1250 5167 Patre,
1284 5114 1389 5153 nec
1433 5113 1466 5150 a
1511 5096 1730 5168 Spiritu
1766 5103 1968 5155 sancto

310 5202 647 5269 separatum
685 5213 697 5252 :
731 5212 921 5266 neque
951 5199 1149 5248 tamen
1181 5187 1435 5244 dicimus
1473 5188 1701 5243 Patrem
1734 5189 1970 5244 descen-

308 5285 487 5353 disse,
519 5290 576 5341 et
627 5285 685 5339 in
738 5282 977 5340 homine
1027 5278 1227 5336 fuisse.
1261 5276 1348 5333 lta
1397 5292 1551 5332 unus
1600 5275 1755 5332 Deus
1801 5276 1970 5333 Pater

380 5447 426 5483 ⁵³
454 5449 625 5504 Joan.
658 5462 735 5515 1v,
767 5444 857 5502 24.
935 5444 981 5479 ⁶⁴
1009 5444 1175 5499 Joan.
1208 5457 1248 5511 1,
1280 5439 1334 5494 3.
1410 5437 1456 5475 ⁸⁵
1487 5436 1709 5494 Οοιοεεδ
1742 5454 1804 5507 n,
1836 5439 1892 5494 9.

306 5588 492 5736 uagi?)
521 5590 609 5645 Ita
655 5587 1067 5659 Seguerianus.
1115 5582 1289 5652 Editi,
1342 5598 1470 5640 vere
1520 5579 1698 5651 male,
1744 5577 1803 5634 ἐκ
1856 5580 1964 5638 Οα-

527 5729 695 5787 Forte
725 5728 1040 5804 άχώρητος.

2091 3318 2180 3388 νῆ,
2242 3315 2340 3369 οὐκ
2390 3313 2548 3376 αὐτὸς
2606 3314 2851 3386 ἀσθενής·
2917 3314 3282 3393 ὀφειλομένην
3353 3318 3584 3391 θανάτῳ,
3645 3318 3753 3375 οὐκ

2092 3403 2250 3467 αὐτὸς
2300 3402 2673 3481 ὀφειλόμενος·
2731 3404 2955 3479 ὁρατήν,
3015 3404 3115 3459 οὐκ
3161 3404 3322 3468 αὐτὸς
3353 3406 3570 3480 ὁρατόςο
3604 3407 3745 3481 αῦτη

2091 3493 2420 3570 ἐκρεμάσθη,
2473 3493 2572 3548 οὐκ
2615 3492 2794 3555 αὐτός·
2847 3493 2981 3565 αὕτη
3035 3493 3227 3573 ἐτάφη,
3261 3494 3360 3551 οὐκ
3389 3495 3567 3559 αὐτός.
3603 3497 3745 3571 αὕτη

2091 3584 2265 3638 πάντα
2291 3582 2358 3636 τὰ
2411 3581 2725 3657 ἀνθρώπινα
2769 3582 3037 3653 πάθη.ὡς
3087 3581 3371 3658 ἅνθρωπος
3432 3585 3745 3661 ὑπέμεινεν,

2091 3671 2189 3727 οὐκ
2244 3670 2426 3733 αὐτός’
2492 3669 2696 3731 ἐκεῖνος
2746 3667 2803 3725 δέ
2857 3668 3082 3745 δύναμις
3122 3677 3278 3744 Θεοῦ,
3310 3675 3557 3729 τουτέστι
3584 3676 3744 3739 Θεὸς.

2088 3762 2152 3817 Ὁ
2179 3762 2245 3815 τὰ
2276 3759 2448 3816 ἄλυτα
2476 3763 2575 3814 τοῦ
2606 3757 2737 3830 ᾃδου
2770 3758 2961 3830 λύσας,
2992 3759 3081 3816 καὶ
3112 3761 3174 3816 τὸ
3223 3763 3420 3839 κράτος
3466 3768 3569 3819 τοῦ
3624 3762 3743 3820 δια-

2089 3845 2261 3905 ϐόλου
2291 3851 2655 3925 καταργήσας,
2693 3843 2859 3919 ἀνέϐη
2918 3848 3040 3914 ὅθεν
3097 3851 3188 3906 καὶ
3239 3847 3466 3922 κατέϐη·
3528 3852 3744 3928 ἐγείρας

2087 3938 2259 3993 ἐκεῖνο
2288 3938 2349 3993 τὸ
2399 3938 2583 4016 ταφὲν,
2635 3941 2971 4015 προσήνεγκε
3016 3944 3095 4012 τῷ
3146 3940 3338 4015 Πατρὶ,
3374 3938 3747 4018 ἐλευθερώσας

2086 4028 2148 4084 οὗ
2181 4028 2456 4105 ἐκρατεῖτο
2489 4024 2739 4092 θανάτου’
2775 4027 2827 4083 ἐν
2867 4028 3049 4102 τούτῳ
3077 4030 3170 4083 τὸν
3220 4032 3432 4106 Πατέρα
3480 4036 3743 4105 νοοῦμεν,

2084 4115 2137 4172 ἔν
2189 4118 2292 4193 γὰρ
2342 4116 2431 4172 καὶ
2478 4121 2639 4172 τοῦτο
2680 4116 2751 4191 τῇ
2800 4116 3037 4189 θεότητι,
3077 4122 3144 4192 τῇ
3177 4115 3425 4192 δυνάμει,
3458 4122 3527 4194 τῇ
3560 4119 3740 4194 οὐσίᾳ,

2082 4211 2149 4281 τῇ
2202 4207 2490 4262 ὑποστάσει
2545 4210 2616 4275 τῇ
2678 4203 2825 4281 δόξῃ,
2885 4210 2961 4279 τῷ
3018 4206 3247 4281 ὀνόματι
3301 4212 3399 4263 τοῦ
3442 4213 3599 4281 Θεοῦ,
3648 4210 3742 4265 καὶ

2081 4295 2240 4352 αὐτὸν
2270 4296 2362 4351 τὸν
2394 4295 2515 4351 Υἱὸν
2550 4294 2601 4350 ἐν
2632 4293 2734 4369 τῷ’
2760 4295 2949 4372 Πατρί.
3001 4296 3175 4359 Οὗτος
3208 4298 3236 4353 6
3271 4298 3405 4372 μετᾶ
3434 4299 3498 4354 τὸ
3546 4293 3740 4354 λαϐεῖν

2078 4385 2177 4454 τήν
2212 4385 2383 4462 σάρκα
2413 4386 2625 4454 Ἰησοῦς
2656 4382 2904 4457 κληθεὶς,
2935 4384 3124 4449 καθότι
3155 4385 3243 4440 καὶ
3262 4386 3745 4462 ἄνθρωπος⁶τουτο

2080 4473 2246 4544 έστιν,
2303 4468 2560 4529 ἀνέλαϐεν
2620 4472 2901 4548 ἄνθρωπον
2957 4473 3008 4528 ἐν
3042 4475 3239 4548 ἑαυτῷ,
3296 4500 3317 4526 α
3355 4473 3408 4530 ἐν
3439 4477 3485 4549 ᾧ
3514 4481 3619 4531 πᾶν
3676 4478 3742 4532 τὸ

2080 4559 2365 4643 πλήρωμα
2391 4569 2491 4632 τῆς
2522 4561 2776 4633 θεότητος
2802 4561 2941 4617 οἰκεῖ
2971 4566 3354 4635 σωματικῶς..
3380 4569 3580 4620 Τοῦτον
3604 4563 3742 4641 ἔχοι

2002 4619 2049 4684 D
2085 4624 2180 4721 μέν
2204 4619 2809 4726 1οὐιδιακεχωρισμὲνον
2838 4650 2946 4705 ἀπὸ
2973 4619 3072 4706 τοῦ
3106 4652 3338 4727 Πατρὸς,
3370 4654 3406 4723 ἢ
3446 4657 3545 4708 τοῦ
3577 4619 3741 4731 ἁγῖου

2083 4740 2416 4814 Πνειῦματος·
2456 4738 2583 4796 οὐδὲ
2610 4741 2702 4797 τὸν
2736 4744 2944 4817 Πατέρα
2976 4740 3228 4818 λέγοντες
3278 4738 3741 4817 καταϐεϐηκέναι,

2078 4828 2167 4884 καὶ
2226 4830 2278 4885 ἐν
2337 4829 2603 4906 ἀνθρώπῳ
2659 4831 2925 4906 γενέσθαι.
2985 4831 3169 4894 Οὕτως
3222 4831 3297 4895 εἶς
3369 4834 3498 4896 Θεὸς
3548 4836 3739 4912 Πατήρ

2078 4920 2465 4995 παντοκράτωρ
2524 4921 2650 4995 παρ’
2693 4922 2829 4993 ἡμῖν
2877 4921 3205 4988 πιστεῦεται,
3250 4921 3340 4977 καὶ
3387 4921 3475 4977 διὰ
3503 4928 3666 4980 τοῦτο
3697 4928 3735 4996 ἡ

2078 5007 2253 5070 πίστις
2298 5009 2459 5081 ἡμῶν
2511 5007 2675 5077 ἐστιν,
2735 5008 2810 5070 εἰς
2861 5006 2953 5063 ἕνα
2999 5009 3126 5064 Θεὸν
3170 5009 3380 5087 Πατέρα
3428 5016 3737 5089 παντοκρά-

2076 5117 2231 5173 τορα,
2260 5097 2352 5152 καὶ
2379 5097 2452 5159 εἷς
2481 5098 2572 5151 τὸν
2604 5098 2726 5153 Υἱὸν
2757 5097 2922 5152 αὐτοῦ
2942 5098 3033 5152 τὸν
3064 5098 3257 5175 Κύριον
3307 5102 3468 5173 ἡμῶν
3522 5103 3738 5173 Ἰησοῦν

2078 5186 2333 5262 Χριστὸν,
2376 5187 2467 5241 καὶ
2501 5185 2574 5247 εῗς
2604 5186 2668 5241 τὸ
2699 5188 2851 5262 ἅγιον
2884 5192 3123 5259 Πνεῦμα.
3175 5191 3355 5245 Ταῦτα
3405 5186 3464 5245 δὲ
3512 5190 3564 5262 ἐξ
3618 5192 3741 5248 ἐνό-

2076 5296 2244 5347 τητος
2298 5281 2448 5350 μιᾶς,
2501 5272 2784 5349 δυνάμεως
2839 5281 2985 5350 μιᾶς,
3030 5276 3376 5341 ὑποστάσεως
3436 5285 3584 5353 μιᾶς,
3644 5281 3742 5336 οὗ·-

2150 5582 2260 5655 (31)
2292 5582 2708 5656 Seguerianus,
2763 5579 2845 5637 ἐπ’
2885 5582 3139 5659 ἐσχάτου.
3198 5583 3371 5654 Editi,
3426 5582 3508 5640 ἐπ’
3562 5583 3739 5664 ἐσχά-

2074 5671 2207 5731 των..
