4104 6356
345 369 495 429 1445

1227 367 1536 426 PONTIF.
1585 366 1773 426 ROM.
1817 366 1916 424 E’l‘
1961 365 2391 428 ATHANASII
2436 367 2864 429 .El’ls'l‘tlL/E.

3600 379 3752 439 1446

340 499 454 560 σίας
493 504 641 570 μιᾶς,
689 495 1010 571 ὃοξολογίας
1059 502 1206 568 μιᾶς,
1257 495 1577 570 κυριότητος
1632 502 1779 566 μιᾶς,
1836 497 2039 568 βασι-λε

2132 497 2476 566 ηιληίμοιθηε
2507 517 2538 551 a
2573 501 2737 552 nobis
2772 502 3028 555 creditur
3059 503 3304 574 ideoque
3357 506 3499 561 fides
3557 516 3756 564 nostra

341 587 492 647 λείας
542 593 686 658 μιᾶς·
743 586 944 646 εἰκόνος
991 591 1089 652 τῆς
1136 583 1362 656 Τριάδος
1414 584 1726 655 ὁμοθύσιον·
1763 610 1787 632 ‹‹
1826 584 1901 636 Δι’
1934 581 1994 636 οὗ

339 678 406 730 τὰ
436 678 608 729 πάντα
658 674 886 748 ἐγένετοο
923 699 949 724 ››
995 673 1136 727 οὕτω
1184 677 1271 726 καὶ
1326 674 1520 744 σαρκὸς
1572 671 1851 725 ἀνάστασιν
1906 693 1994 726 πι-

342 765 599 836 στεύομεν
638 808 651 831 ,
704 763 970 828 τουτὲστι,
1027 761 1122 816 τοῦ
1181 763 1433 833 σώματος
1493 764 1651 832 ἡμῶν
1710 762 1845 814 κατά
1901 762 1995 822 τὰς

345 854 498 928 ἁγίας
556 853 786 928 Γραφὰς,
817 857 913 906 τοῦ
960 854 1195 928 φθαρτοῦ
1243 849 1330 904 καὶ
1364 853 1563 918 Ονητοῦ
1617 849 1779 902 αὐτοῦ
1843 869 1998 920 μετα-

345 938 694 1014 ϐαλλομένου
750 941 822 1002 εἷς
883 939 1177 1017 ἀφθαρσίαν
1235 940 1324 992 καὶ
1393 938 1674 992 ἀθανασίαν
1739 938 1840 991 ὑπὸ
1899 943 1996 991 τοῦ

347 1036 499 1087 Θεοῦ.
537 1033 732 1103 Ἀμήν.

2107 591 2215 653 est,
2276 586 2332 639 in
2393 605 2570 640 unum
2623 588 2802 642 Deum
2839 590 3063 645 Patrem
3097 595 3576 665 omnipotentem,
3611 604 3666 652 et
3698 599 3756 653 in

2109 674 2319 729 Filium
2345 677 2471 744 ejus
2506 675 2820 730 Dominum
2854 685 3124 734 nostrum
3156 681 3760 751 JesumChristum,et

2118 762 2173 816 in
2207 764 2489 833 Spiritum
2526 770 2816 819 sanctum.
2852 767 2978 820 Hzec
3026 776 3219 824 autem
3252 789 3317 825 ex
3367 773 3587 829 unitate
3620 793 3760 844 una,

2107 853 2317 906 virtute
2380 869 2514 917 una,
2577 855 2909 908 substantia
2971 875 3106 922 una,
3167 859 3588 929 glorificatione
3624 882 3760 936 una,

2110 940 2508 996 dominatione
2537 959 2672 1010 una,
2710 959 2886 1013 regno
2935 962 3073 1011 uno,
3130 949 3405 1019 imaginis
3461 951 3764 1008 Trinitatis

2109 1029 2610 1084 oonsubstantiale
2645 1049 2656 1084 :
2690 1054 2715 1080 «
2749 1032 2853 1085 Per
2879 1050 3052 1102 quem
3085 1037 3280 1089 omnia
3317 1039 3463 1094 facta
3494 1046 3633 1096 sunt
3661 1043 3759 1096 55.-

349 1125 432 1179 lta
463 1129 520 1177 et
551 1123 747 1178 carnis
780 1121 1264 1176 resurrectionem
1297 1121 1616 1186 credimus,
1650 1119 1757 1174 hoc
1789 1123 1896 1184 est,
1933 1120 2191 1189 corporis
2225 1120 2773 1185 nostri,secundum
2810 1141 3008 1178 sacras
3041 1125 3765 1196 Scripturas,commutato

347 1229 413 1267 eo
443 1213 600 1282 quod
633 1228 799 1266 corru
813 1209 1011 1281 ptibile
1040 1216 1097 1266 et
1128 1209 1372 1265 mortale
1402 1214 1548 1279 erat,
1581 1209 1638 1262 in
1673 1206 2291 1276 incorruptibilitatem
2325 1214 2379 1262 et
2410 1209 2940 1276 immortalitatem,
2974 1230 3076 1284 per
3107 1219 3310 1270 Deum.
3344 1224 3552 1274 Amen.

347 1384 547 1454 Incipit
577 1382 869 1438 Athanasii
896 1381 1142 1452 epistola,
1177 1387 1228 1436 et
1261 1383 1648 1466 Egyptiorum
1676 1381 2012 1465 pontiﬁcum,
2046 1379 2116 1433 ad
2145 1379 2387 1466 Dfarcum
2416 1383 2623 1466 Papam
2664 1398 2764 1466 pro
2809 1386 3218 1455 exemplaribus
3260 1387 3477 1444 Nicwni
3520 1394 3766 1465 concilii,

1381 1454 1511 1526 quia
1541 1453 1735 1506 Ariani
1761 1468 1952 1507 eorum
1979 1453 2321 1523 exemplaria
2350 1454 2729 1508 incenderant.

424 1580 670 1635 Domino
701 1583 990 1647 sancto,et
1009 1579 1310 1650 apostolici
1342 1579 1618 1634 culminis
1651 1578 2003 1644 venerando,

355 1674 565 1735 Marco,
602 1673 817 1724 sanctae
852 1669 1122 1724 Romanae
1155 1674 1210 1724 et
1239 1668 1568 1740 apostolica;
1599 1667 1776 1734 sedis,
1836 1671 2010 1736 atque

355 1757 703 1813 universalis
764 1757 1025 1813 Ecclesia
1060 1775 1241 1830 papae,
1276 1757 1634 1813 Athanasius
1666 1761 1721 1811 et
1753 1755 2009 1811 universi

357 1847 756 1918 Egyptiorum
791 1847 1072 1918 episcopi.

428 1940 513 1989 Ad
545 1953 644 1990 vos
703 1937 1034 2007 pervenisse
1091 1952 1203 1990 non
1258 1936 1619 2001 dubitamus,
1680 1938 1900 2006 quanta
1958 1938 2015 1987 et

357 2025 553 2094 qualia
585 2026 652 2078 ad
691 2024 1067 2087 haereticis,et
1100 2026 1350 2078 maxime
1382 2025 1452 2078 ab
1484 2023 2013 2094 Arianis,quotidie

358 2114 635 2184 patimur.
669 2114 952 2176 Quoniam
986 2113 1043 2166 in
1077 2117 1305 2167 tantum
1341 2114 1410 2167 ab
1469 2113 1554 2167 eis
1585 2112 2012 2183 persequimur,

361 2208 426 2256 ut
456 2202 631 2256 etiam
667 2204 853 2255 vivere
882 2203 1002 2271 jam
1039 2218 1144 2256 nos
1177 2203 1556 2256 taedeatznam
1594 2200 1832 2255 instanti
1864 2205 2016 2254 tem-

359 2307 517 2362 pore,
580 2292 776 2345 subito
818 2296 874 2344 et
904 2290 1194 2362 insperate
1225 2291 1282 2345 in
1320 2308 1424 2345 nos
1449 2290 1760 2356 irruentes,
1794 2305 2018 2360 nosque

354 2383 518 2449 juxta
551 2384 904 2450 przeceptum
939 2379 1192 2445 Domini,
1225 2379 1322 2448 qui
1358 2380 1437 2432 ait
1471 2396 1482 2432 :
1517 2380 1577 2431 Si
1604 2395 1690 2432 vos
1745 2381 2021 2447 persecuti

358 2471 572 2538 fuerint
599 2471 653 2522 in
676 2484 849 2521 unam
873 2468 1358 2540 civitatem,fugite
1381 2469 1437 2520 in
1459 2468 1629 2521 aliam
1655 2468 1718 2532 57;
1743 2466 2018 2537 fugiendo

363 2563 602 2630 propter
660 2557 884 2612 cladem
947 2555 1142 2627 populi
1178 2571 1276 2611 eos
1307 2555 1688 2620 declinantes,
1727 2571 1831 2610 nos
1861 2571 2017 2609 com-

365 2647 724 2718 prehendere
759 2663 869 2699 non
902 2644 1345 2711 valuerunt,sed
1383 2645 1577 2698 omnia
1611 2650 1808 2699 nostra
1839 2644 2018 2716 depo-

363 2735 546 2808 pulati
573 2740 730 2789 sunt.
755 2735 812 2788 In
841 2741 1068 2788 tantum
1101 2734 1275 2788 etiam
1310 2738 1506 2788 nostro
1538 2738 1930 2801 vastaverunt,
1958 2739 2021 2788 ut

365 2840 471 2878 nec
493 2824 694 2892 libros,
721 2839 825 2876 nec
847 2823 1194 2876 vestimenta
1225 2821 1637 2891 ecclesiastica,
1662 2822 1893 2894 aliaque
1927 2839 2018 2876 or-

365 2917 776 2974 namenta,nec
800 2909 1020 2980 reliqua
1053 2910 1327 2965 utensilia
1359 2911 1527 2966 nobis
1559 2910 2018 2966 dimiserint.Li-

365 3003 502 3056 bros
536 3002 686 3057 599
721 3017 853 3055 vero
885 3004 1118 3054 nostros
1152 3016 1339 3070 usque
1373 3000 1442 3054 ad
1478 3000 1790 3054 minimum
1823 3001 2017 3056 incen-

360 3091 590 3160 dentes,
622 3106 726 3144 nec
762 3089 875 3144 iota
907 3106 1089 3142 unum
1127 3089 1543 3159 relinquentes,
1575 3095 1812 3161 propter
1869 3090 2018 3145 veri-

363 3179 500 3235 tatis
569 3180 765 3244 fidem,
833 3179 1126 3233 Nicaenam
1199 3179 1510 3249 synodum,
1570 3196 1686 3250 qua
1743 3177 1934 3234 clerus
1963 3183 2020 3234 et

366 3267 623 3340 populus
655 3267 1049 3334 imbuebatur,
1070 3271 1124 3321 et
1157 3267 1407 3321 maxime
1433 3268 1555 3336 jam
1592 3267 1799 3322 imbuti
1833 3272 2017 3335 erant,

2120 1593 2368 1650 guarum
2403 1580 2795 1650 septuaginta,
2833 1582 2980 1636 tanti
3014 1588 3068 1637 et
3099 1589 3217 1639 tam
3252 1587 3586 1644 excellentis
3635 1607 3772 1646 con-

2121 1667 2234 1722 cilii
2295 1669 2501 1722 tierent
2560 1670 2836 1740 capitula,
2888 1688 3014 1742 quze
3043 1690 3275 1729 omnem
3308 1677 3768 1736 Christianorum

2121 1755 2508 1811 lnformarent
2574 1759 2816 1830 orbem,
2876 1766 2931 1815 et
2987 1779 3193 1818 omnes
3251 1765 3358 1819 sub
3427 1769 3774 1824 sacerdotali

2124 1846 2382 1911 nomine,
2414 1851 2470 1900 et
2501 1846 2832 1903 Christiano
2863 1850 3160 1920 degentes,
3194 1869 3310 1906 una
3342 1855 3502 1920 ﬁdes,
3555 1863 3611 1910 et
3659 1875 3778 1914 una

2125 1935 2506 1990 sacerilotatis
2540 1943 2760 2007 regeret
2793 1955 2998 1993 norma
3028 1942 3160 2006 (32),
3191 1957 3293 1995 nec
3325 1943 3573 2015 quisque
3606 1964 3640 2000 a
3669 1963 3776 2003 suo

2127 2024 2438 2078 dissideret
2468 2026 2675 2096 capite.
2709 2026 2872 2081 Nunc
2904 2045 3060 2099 ergo,
3095 2030 3251 2100 quia,
3314 2039 3376 2085 ut
3433 2036 3775 2104 praedictum

2126 2116 2234 2177 est,
2259 2111 2479 2166 inimici
2513 2119 2726 2167 sanctae
2751 2115 2845 2169 Dei
2873 2116 3162 2180 Ecclesiae,
3187 2125 3241 2172 et
3274 2121 3524 2176 maxime
3556 2124 3777 2193 Ariani,

2127 2217 2160 2254 a
2182 2199 2398 2270 quibus
2431 2200 2690 2270 quotidie
2716 2218 3123 2273 expugnamur
3146 2213 3200 2260 et
3221 2209 3781 2284 opprimimur,praa-

2129 2289 2248 2342 fata
2305 2290 2679 2360 septuaginta
2737 2291 2950 2346 Nicreni
2998 2295 3228 2347 concilii
3260 2297 3516 2365 capitula
3549 2317 3674 2370 qua:
3709 2304 3779 2357 de

2130 2376 2365 2448 praefata
2397 2379 2768 2448 synodojam
2832 2380 2999 2446 facta,
3053 2383 3298 2452 jubente
3348 2389 3589 2442 Domino
3649 2407 3778 2446 meo

2128 2465 2473 2535 Alexandro,
2534 2468 2797 2522 omnium
2861 2470 3266 2542 episcoporum
3325 2475 3556 2532 decreto
3587 2478 3776 2549 attuli,

2129 2570 2254 2624 qua:
2286 2556 2460 2608 etiam
2507 2571 2699 2609 coram
2758 2557 3034 2613 omnibus
3094 2561 3326 2616 recitavi
3383 2569 3558 2635 atque
3617 2572 3778 2623 tran-

2130 2641 2359 2713 scripsi,
2416 2648 2550 2696 sunt
2585 2643 2716 2714 igne
2749 2648 3086 2712 combusta;
3122 2656 3394 2719 Optamus
3421 2659 3483 2707 ut
3513 2672 3545 2708 a
3577 2663 3779 2710 vestras

2130 2737 2344 2785 sanctaa
2378 2732 2536 2786 sedis
2572 2732 2838 2788 Ecclesia:
2871 2737 3208 2803 autoritate,
3257 2756 3385 2810 qua:
3446 2750 3534 2798 est
3594 2752 3782 2801 mater

2129 2823 2185 2874 et
2217 2826 2393 2890 caput
2423 2821 2682 2875 omnium
2719 2822 3131 2890 Ecclesiarum,
3163 2843 3228 2882 ea
3260 2829 3331 2883 ad
3363 2833 3779 2890 correctionem

2130 2913 2186 2962 et
2216 2909 2629 2963 recreationem
2662 2909 2922 2965 fidelium
2972 2914 3426 2974 orthodoxorum
3485 2924 3785 2994 percipere

2132 3015 2234 3068 per
2283 3004 2600 3068 prmsentes
2631 2997 2852 3069 legatos
2885 3017 3230 3071 mereamur,
3268 3013 3560 3078 quatenus
3588 3018 3782 3068 vestra

2132 3086 2258 3142 fulti
2291 3088 2651 3156 auctoritate,
2669 3090 2990 3161 vestrisque
3023 3093 3294 3163 precibus
3327 3097 3781 3165 roborati,illzesi

2129 3195 2160 3231 a
2186 3177 2523 3231 memoratis
2556 3178 2782 3233 aemulis
2814 3185 3027 3234 sanctae
3063 3183 3155 3236 Dei
3182 3183 3448 3240 Ecclesia:
3467 3194 3522 3242 et
3545 3191 3782 3256 nostris,

2131 3265 2684 3337 evadere,nobisque
2716 3269 3064 3324 commissos
3096 3287 3296 3328 eruere
3328 3277 3760 3352 valeamus(33)

365 3357 426 3411 in
453 3356 868 3411 contumeliam
894 3363 1150 3410 nostram
1176 3362 1230 3410 et
1253 3357 1516 3410 omnium
1535 3356 2020 3423 Christianorum,
2053 3341 2095 3406 C
2133 3354 2277 3409 Vere
2311 3355 2576 3410 novimus
2604 3356 2961 3425 apostolatus
2994 3361 3168 3415 vestri
3195 3380 3296 3417 cor
3351 3366 3540 3435 gratia
3597 3341 3786 3425 sancti

368 3447 778 3501 incenderunt.
813 3446 1175 3516 Quapropter
1207 3462 1534 3516 precamur,
1583 3450 1756 3501 Pater
1812 3447 2027 3502 beatis-

374 3537 542 3597 sime,
604 3541 739 3605 quia
775 3553 884 3588 non
919 3535 1257 3588 dubitamus
1293 3535 1445 3606 apud
1478 3552 1578 3591 vos
1611 3535 1873 3606 plenaria
1901 3551 2030 3591 esse

379 3625 590 3679 Nica'ni
651 3623 878 3677 concilii
949 3622 1324 3693 exemplaria,
1383 3630 1445 3677 ut
1501 3624 1603 3678 illa
1663 3626 1854 3690 nobis,
1903 3642 2029 3696 quae

380 3720 594 3768 sanctas
635 3712 1047 3766 recordationis
1083 3711 1522 3779 praedecessoris
1550 3715 1724 3768 vestri
1756 3713 2032 3786 Sylvestri

382 3802 757 3868 fuerunt,sub
793 3807 916 3854 tota
953 3801 1197 3855 mittatis
1217 3800 1765 3872 stipulatione.Nam
1800 3804 2034 3871 quando

383 3891 668 3962 praedictae
737 3892 957 3960 synodo
1024 3906 1155 3942 cum
1222 3890 1450 3960 potifice
1515 3895 1748 3958 nostro,
1807 3891 1864 3946 id
1923 3896 2034 3957 est,

379 3979 784 4035 Alexandrina:
822 3994 1041 4047 magna:
1074 3977 1327 4031 civitatis
1378 3977 1672 4049 episcopo,
1723 3979 1782 4033 in
1841 3979 2035 4035 diaco-

380 4073 553 4122 natus
611 4067 986 4121 interfuimus
1046 4065 1255 4135 officio,
1316 4067 1426 4120 sub
1471 4071 1680 4121 nostrae
1717 4067 2033 4138 praisentia

379 4155 849 4226 testimonio,per
884 4157 1081 4209 beatos
1102 4153 1573 4218 viros,Victorem
1607 4156 1944 4226 [Vitionem]
1979 4162 2037 4212 et

377 4244 748 4298 Vincentium
785 4242 1509 4314 presbyteros,apostolicae
1539 4244 1695 4298 sedis
1725 4244 2037 4315 apocrisia-

377 4333 863 4400 rios,missasunt
887 4331 1153 4402 praadicto
1178 4347 1334 4401 papae
1358 4331 1646 4402 Sylvestro
1669 4349 1801 4387 cum
1818 4333 2037 4404 astipu-

378 4422 594 4477 latione
618 4422 881 4476 subnexa
904 4419 1296 4491 capitulorum
1321 4419 1869 4493 septuaginta.Sane
1891 4440 2033 4494 pra:-

377 4512 646 4566 sentibus
680 4509 866 4578 nobis,
927 4510 1223 4580 octoginta
1279 4509 1539 4580 capitula
1596 4511 1654 4565 in
1714 4517 2037 4567 memorata

376 4605 626 4656 tractata
658 4603 796 4654 sunt
828 4598 1049 4669 synodo
1079 4597 1282 4662 semel,
1310 4604 1368 4652 et
1398 4599 1784 4671 quadraginta
1813 4619 1845 4656 a
1875 4601 2033 4656 Grae-

2136 3444 2386 3513 Spiritus
2445 3443 2501 3497 in
2562 3452 2790 3500 tantum
2843 3464 2972 3502 esse
3029 3465 3363 3517 accensum,
3414 3459 3479 3510 ut
3509 3459 3787 3514 omnibus

2140 3533 2436 3604 Oppressis
2486 3534 2840 3589 succurratis
2875 3553 2887 3590 :
2924 3545 3142 3608 quanto
3190 3543 3378 3613 magis
3437 3546 3627 3613 nobis,
3688 3548 3788 3619 qui

2140 3621 2273 3676 licet
2317 3623 2507 3693 exigui
2541 3623 2786 3688 ordinis,
2816 3630 3010 3681 tamen
3043 3630 3215 3683 vestri
3247 3648 3474 3700 sumus,
3509 3635 3790 3708 vobisque

2142 3711 2479 3766 obedientes
2512 3728 2643 3765 cum
2673 3715 2949 3769 omnibus
2982 3718 3149 3771 nobis
3181 3723 3540 3788 commissis,
3587 3731 3642 3779 et
3690 3744 3790 3781 su-

2145 3817 2298 3865 mus,
2317 3806 2372 3855 et
2398 3817 2524 3855 esse
2556 3819 2785 3873 semper
2815 3806 3246 3864 volumusteo
3279 3810 3462 3878 decet,
3481 3817 3538 3868 et
3566 3820 3794 3886 oportet

2144 3907 2245 3944 vos
2277 3889 2444 3944 nobis
2477 3889 2596 3945 haec
2628 3907 2753 3961 quae
2787 3909 3084 3964 rogamus,
3119 3903 3174 3951 et
3231 3898 3344 3954 alia
3401 3918 3528 3971 quae
3587 3921 3790 3960 neces-

2144 3978 2299 4032 saria
2337 3977 2507 4047 juxta
2537 3981 2884 4050 sapientiam
2919 4001 3092 4053 quam
3127 3987 3287 4042 vobis
3320 3991 3590 4060 praestitit
3613 3994 3792 4050 Altis-

2145 4066 2354 4133 simus,
2389 4083 2514 4121 esse
2565 4070 2969 4141 cognoveritis,
3029 4075 3251 4145 absque
3313 4079 3583 4136 tarditate
3645 4101 3792 4154 pra:-

2143 4162 2316 4219 stare,
2367 4161 2426 4208 ut
2459 4160 2630 4210 tantm
2663 4158 2908 4214 miseria:
2941 4161 3240 4231 squalores
3271 4182 3304 4218 a
3335 4167 3594 4224 fidelium
3625 4188 3789 4226 men-

2143 4244 2302 4298 tibus
2333 4244 2791 4316 detergantur,et
2809 4249 2989 4318 quasi
3011 4249 3221 4306 vulnus
3240 4255 3499 4325 corporis
3520 4257 3791 4329 inlixum,

2144 4333 2347 4388 auditu
2380 4337 2550 4386 tanta:
2603 4333 2850 4388 miseria)
2909 4338 3196 4409 obserato,
3258 4340 3499 4398 salutari
3556 4355 3795 4404 curetur

2144 4421 2430 4486 antidoto,
2492 4426 2555 4476 ut
2612 4421 2806 4478 divino
2837 4426 2963 4480 freti
2987 4427 3312 4497 juvamine,
3347 4438 3656 4506 vestraque
3689 4455 3792 4493 au-

2144 4510 2407 4566 ctoritate
2437 4515 2611 4581 atque
2641 4512 2854 4567 auxilio
2883 4515 3158 4582 roborati,
3186 4518 3621 4579 adversantium
3680 4529 3795 4581 ter-

2144 4599 2564 4674 giversationes
2620 4601 2860 4657 evadere
2919 4604 3238 4674 valeamus,
3283 4615 3452 4679 atque
3485 4612 3790 4671 inconfuso

376 4689 464 4745 eis
521 4689 718 4744 Graeca
775 4687 932 4742 dicta
972 4687 1191 4757 lingua,
1226 4692 1283 4741 et
1311 4687 1702 4759 quadraginta
1733 4707 1764 4744 a
1794 4690 2030 4760 Latinis,
2064 4709 2109 4772 υ
2142 4689 2323 4754 vultu,
2359 4705 2469 4743 non
2514 4688 2714 4744 fraude
2769 4691 3119 4763 cujusquam
3177 4697 3457 4766 perculsi,
3517 4702 3793 4758 assistere

377 4777 651 4834 similiter
677 4778 833 4832 dicta
860 4776 1064 4830 Latina
1096 4775 1313 4846 lingua.
1349 4776 1456 4830 Sed
1515 4778 1705 4832 visum
1763 4783 1852 4834 est
1909 4785 2029 4834 tre-

377 4869 564 4922 centis
619 4868 820 4921 decem
882 4870 938 4919 et
968 4868 1095 4917 octo
1132 4862 1417 4928 Patribus,
1454 4873 1654 4920 sancto
1687 4867 1904 4938 Spiritu
1939 4885 2026 4923 re-

376 4955 570 5028 pletis,
596 4955 654 5009 in
691 4954 965 5026 praedicto
995 4952 1239 5006 concilio
1272 4954 1660 5024 congregatis,
1694 4963 1751 5010 et
1784 4957 2033 5012 maxime

364 5047 498 5116 jam
531 5046 684 5098 dicto
717 5043 1062 5109 Alexandro,
1097 5047 1151 5096 et
1199 5041 1529 5112 apostolica:
1589 5044 1743 5098 edis
1803 5047 2028 5116 apocri-

374 5134 596 5200 siariis,
631 5139 691 5186 ut
717 5134 910 5186 decem
945 5129 1201 5201 capitula
1232 5131 1633 5185 adunarentur
1665 5133 1818 5198 aliis,
1854 5139 2031 5204 atque

376 5223 654 5292 congruis
714 5221 770 5274 in
833 5220 974 5274 locis
1023 5220 1436 5284 insererentur,
1468 5225 1523 5275 et
1554 5222 1622 5275 ad
1660 5222 1906 5276 formam
1939 5238 2030 5278 se-

379 5310 682 5383 ptuaginta
712 5308 1155 5380 discipulorum,
1189 5306 1275 5362 vel
1306 5309 1484 5364 totius
1515 5309 1672 5365 orbis
1701 5315 1865 5365 terra:
1916 5309 2028 5366 lin-

450 5502 493 5546 δε
521 5500 688 5557 Joan.
723 5516 761 5570 ι,
793 5500 846 5554 3.
924 5499 965 5536 '07
997 5498 1198 5554 Matth.
1230 5515 1285 5567 x,
1316 5500 1407 5558 22.

449 5697 558 5771 (32)
587 5697 647 5754 S.
681 5697 815 5764 Leo,
847 5711 940 5768 ep.
971 5694 1062 5751 84.

2140 4785 2350 4833 aeterno
2374 4778 2563 4848 judici
2597 4795 2943 4846 mereamur,
2972 4788 3027 4836 et
3058 4801 3254 4840 vocem
3286 4787 3487 4843 audire
3521 4791 3794 4862 inquien-

2139 4872 2253 4921 tem
2289 4883 2300 4920 :
2335 4868 2502 4936 Euge,
2534 4883 2682 4922 serve
2715 4868 2846 4923 bone
2878 4874 2924 4924 cl
2968 4872 3172 4941 ﬁdelis,
3223 4878 3352 4946 quia
3407 4895 3574 4946 super
3616 4897 3795 4950 pauca

2140 4960 2302 5027 fuisti
2358 4957 2558 5027 ﬁdelis,
2619 4976 2791 5029 supra
2850 4963 3021 5016 multa
3075 4968 3127 5018 te
3155 4969 3515 5023 constituam.
3550 4969 3702 5024 Intra
3732 4973 3792 5026 in

2140 5046 2406 5115 gaudium
2440 5048 2664 5102 Domini
2694 5050 2777 5102 tui
2807 5049 2868 5104 ⁵⁸.

2213 5135 2279 5189 Et
2296 5137 2950 5207 subscriptio:0rantem
2983 5157 3083 5210 pro
3103 5141 3267 5197 nobis
3283 5150 3550 5200 sanctum
3565 5153 3796 5217 aposto-

2139 5223 2321 5278 latum
2357 5229 2612 5279 vestrum
2644 5223 2918 5297 longaevis
2948 5227 3230 5286 Dominus
3253 5239 3552 5288 conservet
3571 5238 3796 5312 tempo-

2141 5313 2326 5368 ribus.

1483 5499 1525 5534 ⁵⁸
1558 5498 1764 5554 Matth.
1798 5515 1929 5570 xxv,
1961 5500 2052 5570 21,
2081 5500 2173 5553 23.

2216 5697 2327 5771 (33)
2355 5695 2571 5754 Concil.
2605 5698 2930 5755 Romanum
2961 5715 3115 5756 anno
3143 5701 3272 5762 721.
