4104 6366
369 402 522 461 1447

1516 391 1579 452 S.
1629 390 2156 455 ATHANASIUS.
2194 429 2270 438 —
2311 393 2622 458 SPURlA.

3610 409 3750 472 1448

368 564 708 634 Rescriptum
763 560 932 614 Marci
985 573 1163 628 paptl’,
1218 555 1283 610 de
1339 556 1601 610 missione
1658 555 2031 637 capitulorum
2087 556 2305 638 Nicazni
2359 559 2586 612 concilii
2639 559 2960 627 Athanasio,
3020 563 3074 614 et
3103 559 3356 616 omnibus
3397 565 3751 636 .»Egyptiorum

1939 642 2222 699 episcopis.

439 749 702 805 Dominis
722 743 1152 802 venerabilibus
1176 739 1798 807 fratribus,Athanasio
1818 743 1873 794 et
1895 739 2020 794 uni-
2049 743 2104 807 Α
2133 741 2371 810 scrinio,
2403 743 2603 797 eadem
2638 760 2765 814 quas
2825 748 3040 798 sanctas
3096 745 3513 802 recordationis
3565 753 3757 820 prside-

365 839 550 895 versis
579 835 980 909 [Egyptiorum
1008 832 1320 904 episcopis,
1355 831 1587 885 Marcus
1638 833 1853 883 sanctas
1912 829 2019 883 Ro-

367 944 573 995 manis,
617 923 1062 997 apostolicaequc
1093 919 1260 976 Sedis
1290 923 1345 975 et
1379 917 1725 974 universalls
1755 915 2020 972 Ecclesiae

365 1017 699 1088 episcopus.

440 1103 632 1170 Doleo,
669 1104 902 1166 fratres,
934 1104 993 1154 et
1020 1097 1270 1154 nimium
1300 1097 1612 1152 contristor
1643 1112 1818 1166 super
1873 1093 2022 1149 afﬂi-

367 1193 559 1249 ctione
619 1197 832 1260 vestra,
891 1189 993 1244 sed
1053 1187 1265 1258 oppido
1323 1183 1612 1248 consolor,
1665 1184 1820 1254 quod
1854 1186 2022 1237 vento

369 1283 590 1354 agitata
620 1297 734 1335 non
768 1278 910 1333 estis
945 1276 1191 1342 arundo,
1225 1275 1322 1328 sed
1362 1273 1497 1328 recti
1555 1271 1614 1325 in
1676 1272 1808 1340 ﬁde,
1872 1270 2025 1324 inter

367 1387 572 1426 omnes
625 1367 1012 1440 procellarum
1047 1371 1098 1419 et
1135 1363 1435 1417 turbinum
1470 1361 1838 1425 afflictiones,
1872 1359 2025 1413 inter

364 1475 568 1513 omnes
598 1455 1059 1522 colluctationes,
1095 1453 1456 1506 incessanter
1513 1448 1868 1520 perduratis.
1917 1447 2021 1502 Le-

364 1548 476 1603 ctis
521 1562 657 1618 ergo
691 1542 1066 1600 fraternitatis
1096 1547 1299 1596 vestra.-
1335 1539 1562 1604 litteris,
1600 1539 1852 1609 vigorem
1883 1553 2022 1592 con-

360 1636 591 1692 stantite
622 1639 845 1699 vestrae,
873 1649 1050 1704 quam
1082 1630 1219 1686 olim
1258 1645 1625 1697 noveramus,
1649 1626 2017 1698 agnovimus.

358 1723 846 1798 Congratulantes
876 1721 1057 1788 vobis,
1092 1721 1246 1790 quod
1280 1720 1348 1773 ad
1383 1717 1834 1773 custodiendum
1895 1731 2020 1784 gre-

365 1830 522 1885 gem,
547 1811 896 1885 pastoralem
958 1825 1159 1865 curam
1193 1807 1499 1879 vigilantes
1529 1803 2022 1877 insequimini.Ne

364 1903 512 1974 lupi,
549 1901 646 1973 qui
681 1903 791 1956 sub
826 1900 1018 1970 specie
1051 1897 1243 1952 ovium
1295 1896 1726 1958 subintrarunt,
1789 1892 2020 1948 bestiali

362 1993 582 2048 saevitia
641 1988 938 2060 simplices
989 2003 1253 2058 quasque
1283 1984 1622 2038 dilacerant.
1657 1982 1763 2048 Qui
1800 1999 1911 2036 non
1947 1983 2018 2036 ad

360 2081 466 2136 hoc
498 2080 931 2140 subintrarunt,
967 2082 1026 2130 ut
1059 2075 1254 2145 aliqua
1285 2073 1643 2128 correctione
1686 2072 2014 2142 proficiant,

357 2169 459 2225 sed
490 2173 667 2236 ut-ea,
698 2184 823 2238 qua:
854 2170 992 2220 sunt
1023 2181 1184 2228 sana,
1219 2167 1617 2232 corrumpant.
1653 2162 2018 2232 QuaprOpter

357 2274 563 2313 moneo
594 2262 650 2310 et
684 2255 880 2310 hortor
910 2253 1278 2307 dilectionem
1333 2257 1612 2316 vestram,
1673 2255 1734 2304 ut
1794 2251 2010 2303 bonum

356 2348 512 2418 quod
553 2344 831 2416 coepistis,
867 2341 1329 2397 adminiculante
1361 2339 1558 2394 divina
1589 2340 1795 2410 gratia,
1829 2355 2013 2408 usque

355 2436 414 2490 in
449 2436 622 2490 ﬁnem
659 2434 972 2504 perducere
1023 2431 1325 2501 satngatis,
1379 2428 1636 2482 veritatis
1695 2443 1831 2480 voce
1890 2445 2009 2482 ma-

357 2529 530 2580 nente
589 2539 603 2580 :
639 2527 837 2578 Beatus
868 2521 964 2591 qui
991 2519 1416 2590 perseuerauerit
1447 2520 1504 2572 in
1534 2519 1700 2587 ﬁnem
1727 2516 1816 2570 ⁵⁸⁸.
1854 2515 2014 2570 Unde

355 2612 510 2668 enim
543 2613 712 2666 beata
742 2607 1194 2681 perseverantia,
1227 2605 1340 2661 nisi
1389 2607 1460 2661 de
1511 2606 1728 2659 virtute
1787 2603 2012 2676 patien-

354 2701 489 2757 tiae?
546 2700 692 2755 Nam
745 2701 914 2769 juxta
963 2695 1304 2769 Apostolum
1342 2712 1355 2750 :
1386 2694 1583 2749 Omnes
1614 2695 1712 2765 qui
1738 2694 2016 2748 voluerint

353 2794 444 2864 pie
472 2793 648 2845 vivere
670 2791 728 2842 in
751 2788 988 2856 Christo,
1016 2787 1449 2856 persecutionem
1473 2785 1757 2855 patientur
1785 2782 1849 2836 ‘9.
1875 2782 2009 2846 Quae

357 2896 472 2934 non
503 2880 560 2933 in
597 2895 664 2932 eo
695 2882 924 2932 tantum
985 2874 1384 2946 computanda
1434 2878 1542 2941 est,
1595 2871 1751 2944 quod
1808 2877 2012 2926 contra

353 2967 740 3024 Christianam
792 2966 1090 3037 pietatem,
1141 2969 1244 3018 aut
1276 2963 1446 3031 ferro,
1480 2967 1583 3018 aut
1610 2961 1848 3034 ignibus
1879 2960 2010 3032 agi-

353 3063 470 3124 tur,
505 3061 608 3112 aut
653 3055 1101 3126 quibuscunque
1160 3051 1491 3124 suppliciis,
1551 3065 1683 3105 cum
1739 3066 2008 3120 persecu-

354 3147 579 3202 tionum
614 3144 894 3199 saavitiam
929 3141 1263 3214 suppleant,
1324 3141 1424 3196 sed
1492 3138 2010 3195 dissimilitudines

358 3252 612 3305 morum,
645 3239 702 3289 et
731 3231 1114 3288 contumacia:
1144 3229 1693 3299 inobedientium,et
1723 3227 2010 3300 maligna-

357 3340 487 3379 rum
511 3324 624 3378 tela
646 3317 1767 3394 linguarum,quibusconﬂictationibus
1785 3326 2011 3372 utcom-

359 3411 564 3468 munia
593 3427 826 3483 semper
857 3409 1121 3464 membra
1152 3409 1554 3481 pulsantur,ut
1585 3406 1746 3462 nulla
1779 3406 2008 3478 piorum

2132 831 2347 886 cessori
2405 848 2535 888 meo
2593 833 2903 904 Sylvestro
2944 839 3087 888 sunt
3117 833 3359 905 directa,
3392 840 3755 910 septuaginta,

2133 920 2286 974 sicut
2317 921 2715 990 signiﬁcastis,
2748 921 3008 993 capitula
3041 923 3392 981 invenimus.
3416 925 3544 996 Ipsa
3584 935 3755 984 autem

2131 1009 2564 1081 vobis,propter
2591 1013 2998 1067 auctoritatem
3031 1018 3089 1068 et
3141 1014 3623 1086 subscriptionem
3643 1021 3755 1072 tan-

2131 1102 2327 1154 torum
2360 1099 2619 1164 Patrum,
2677 1105 2733 1155 et
2785 1102 2915 1171 ejus
2973 1103 3168 1173 magni
3231 1103 3481 1169 concilii,
3540 1104 3759 1160 minime

2134 1187 2430 1257 misimus,
2485 1189 2586 1244 sed
2645 1206 2747 1260 per
2793 1191 3018 1258 eadem,
3051 1208 3366 1263 coramque
3397 1192 3756 1264 apocrisiariis

2133 1277 2365 1343 vestris,
2397 1275 2510 1331 alia
2543 1277 2776 1347 similia,
2807 1280 3078 1335 eumdem
3116 1281 3758 1352 numerum,eademque

2133 1365 2324 1430 verba,
2357 1369 2414 1417 et
2440 1364 2628 1435 ipsam
2661 1365 3152 1436 subscriptionem
3186 1368 3564 1432 continentia,
3619 1368 3760 1425 vobis

2133 1452 2473 1519 rescribere,
2531 1458 2589 1507 et
2636 1454 2746 1508 sub
2779 1454 2934 1509 600
2964 1462 3124 1510 certa
3151 1455 3529 1528 stipulatione
3557 1462 3609 1510 et
3635 1474 3759 1512 con-

2136 1540 2462 1596 ﬁrmatione
2498 1542 2726 1596 mittere
2755 1543 3113 1598 curavimus.
3148 1544 3213 1598 Et
3242 1544 3376 1615 quis
3406 1550 3494 1600 est
3516 1545 3610 1616 qui
3664 1547 3763 1600 fra-

2132 1630 2321 1684 tribus
2352 1629 2492 1684 talia
2523 1645 2732 1701 negare
2762 1631 3150 1686 audeat?Nam
3182 1650 3296 1687 non
3331 1635 3592 1703 neganda
3615 1635 3765 1688 nobis

2133 1719 2252 1774 haec
2310 1719 2495 1774 sancti
2553 1719 2803 1790 Spiritus
2861 1719 3014 1776 dona
3071 1721 3358 1778 Dominus
3406 1722 3618 1788 docuit,
3675 1722 3764 1776 sed

2133 1808 2382 1864 ﬁdeliter
2436 1809 2774 1870 exercenda,
2831 1815 2890 1863 et
2948 1809 3227 1866 fratribus
3286 1811 3688 1881 contradenda,
3716 1816 3769 1865 et

2132 1898 2393 1952 docenda
2421 1897 2726 1951 distribuit
2755 1897 2889 1967 (34).
2926 1897 3053 1953 Haec
3081 1899 3483 1971 apostolorum
3515 1900 3634 1953 viva
3662 1906 3767 1953 tra-

2131 1985 2295 2056 dilio,
2327 1986 2446 2040 haec
2476 1991 2564 2041 est
2595 2003 2726 2040 vera
2757 1987 3037 2055 charitas,
3072 2005 3199 2057 qua
3253 1989 3622 2060 praedicanda
3669 1992 3768 2056 est,

2132 2083 2188 2131 et
2220 2076 2506 2146 praecipue
2537 2075 2836 2146 diligenda
2865 2093 2931 2130 ac
2963 2078 3410 2149 fovenda,atque
3443 2075 3771 2132 ﬁducialiter

2127 2167 2198 2219 ab
2231 2165 2506 2218 omnibus
2534 2165 3006 2219 tenenendazhsec
3040 2172 3241 2220 sancta
3257 2165 3647 2238 etapostolica
3663 2181 3770 2219 ma-

2126 2260 2212 2308 ter
2256 2254 2520 2307 omnium
2585 2253 2992 2318 ecclesiarum,
3055 2255 3270 2309 Christi
3331 2255 3596 2320 Ecclesia,
3653 2271 3768 2324 quae

2127 2357 2228 2413 per
2258 2343 2676 2412 omnipotentis
2711 2342 2806 2396 Dei
2843 2343 3088 2413 gratiam
3127 2361 3159 2396 a
3187 2345 3424 2399 tramite
3456 2343 3768 2414 apostolica

2125 2430 2458 2485 traditionis
2493 2447 2795 2502 i‘mnquam
2831 2447 3058 2486 errasse
3092 2433 3394 2503 probatur,
3445 2449 3547 2487 nec
3604 2432 3768 2486 haere-

2125 2520 2374 2574 ticorum
2408 2520 2769 2574 novitatibus
2802 2521 3174 2590 depravanda
3206 2521 3542 2588 succubuit;
3584 2520 3678 2575 sed
3712 2525 3770 2573 ut

2123 2609 2180 2663 in
2213 2608 2449 2662 exordio
2481 2624 2749 2662 normam
2813 2607 2945 2662 ﬁdei
3003 2609 3351 2665 Christianas
3401 2609 3655 2682 percepit
3704 2609 3769 2661 ab

2121 2697 2459 2753 auctoribus
2516 2697 2640 2752 suis
2700 2697 3100 2769 apostolorum
3146 2698 3362 2754 Christi
3398 2697 3769 2771 principibus,

2120 2785 2344 2842 illibata
2377 2786 2494 2841 ﬁne
2524 2791 2698 2840 tenus
2733 2787 3288 2854 manet,secundum
3321 2787 3514 2860 ipsius
3545 2784 3768 2842 Domini

2117 2875 2432 2931 Salvatoris
2489 2874 2749 2930 divinam
2809 2875 3313 2947 pollicitationem,
3373 2877 3476 2949 qui
3537 2890 3764 2933 suorum

2119 2964 2544 3036 discipulorum
2577 2963 2824 3036 principi
2858 2965 2918 3020 in
2950 2965 3075 3021 suis
3107 2967 3262 3021 fatus
3291 2971 3381 3022 est
3413 2963 3766 3037 Evangeliis:

2120 3059 2299 3119 Petre,
2329 3053 2626 3126 inquiens,
2656 3070 2777 3110 ecce
2821 3053 3001 3110 Satan
3055 3056 3323 3125 expetivit
3379 3066 3443 3112 ut
3500 3054 3770 3111 cribraret

2121 3159 2229 3211 vos,
2288 3145 2429 3199 sicut
2487 3145 2586 3215 qui
2639 3144 2850 3199 cribrat
2904 3146 3148 3199 triticum
3183 3163 3199 3198 :
3231 3160 3334 3217 ego
3377 3151 3568 3202 autem
3596 3160 3696 3215 pro
3724 3150 3773 3196 te

2120 3235 2326 3305 rogavi,
2361 3238 2422 3287 ut
2463 3249 2574 3288 non
2630 3232 2846 3302 deﬁciat
2901 3233 3032 3304 ﬁdes
3088 3243 3201 3300 tua,
3263 3239 3312 3290 et
3369 3240 3434 3291 tu
3488 3231 3774 3305 aliquando

2119 3339 2412 3378 conversus
2439 3324 2704 3393 conﬁrma
2735 3325 2938 3393 fratres
2969 3327 3089 3378 tuo:
3120 3324 3187 3377 ⁸ο.
3219 3323 3564 3380 Consideret
3589 3323 3778 3393 itaque

2119 3418 2314 3469 vestra
2345 3411 2633 3468 excellens
2664 3411 2997 3484 prudentia,
3032 3429 3212 3484 quam
3245 3413 3468 3469 bonum
3519 3413 3598 3470 sit
3657 3427 3774 3482 per-

358 3502 544 3572 portio
575 3499 1003 3556 conﬂictatione
1033 3496 1111 3553 sit
1142 3497 1343 3564 libera,
1381 3502 1442 3551 ut
1472 3512 1577 3551 nec
1608 3494 2016 3566 periculis,nec
2047 3486 2090 3552 C
2128 3499 2335 3556 sistere
2389 3499 2449 3553 in
2505 3498 2945 3570 dispensatione
3000 3500 3165 3556 vobis
3221 3501 3466 3571 credita,
3495 3506 3551 3556 et
3581 3501 3639 3555 in
3672 3498 3778 3553 ﬁde

355 3591 474 3646 otio
506 3597 759 3656 careant,
795 3604 900 3642 nec
929 3586 1297 3641 labore.Nam
1332 3586 1473 3653 hac,
1507 3591 1564 3640 et
1591 3584 1791 3640 omnia
1821 3585 2014 3639 incre-

356 3690 552 3734 menta
568 3676 955 3750 probabilium
973 3675 1387 3744 studiorum,et
1401 3675 1454 3729 in
1471 3675 1555 3729 eis
1569 3690 1756 3744 usque
1769 3672 1824 3726 in
1843 3672 2012 3726 ﬁnem

351 3765 1060 3841 perseverantium,atque
1091 3764 1254 3819 bonas
1278 3762 1594 3819 voluntatis
1625 3763 2007 3824 incrementa,

349 3859 420 3912 ad
479 3855 697 3911 Christi
758 3855 1008 3926 gratiam
1058 3869 1293 3926 semper
1322 3860 1462 3908 sunt
1492 3851 1813 3919 referenda,
1851 3855 1916 3905 ut
1949 3850 2009 3904 in

354 3947 634 4003 omnibus
666 3961 788 4016 qua:
821 3942 1234 4014 agimus,Deus
1266 3941 1426 3997 omni
1461 3941 1709 4013 perfecte
1737 3940 2010 3995 laudetur

348 4041 632 4106 tempore.
672 4038 746 4089 De
775 4032 1167 4104 capitulorum
1203 4049 1456 4103 namque
1486 4032 1728 4086 veritate
1784 4035 1841 4084 et
1899 4048 2006 4084 nu-

348 4141 509 4180 mero
556 4123 770 4178 Nicezni
798 4122 1049 4188 concilii,
1083 4122 1299 4193 quibus
1332 4138 1432 4176 vos
1461 4121 1816 4188 interfuisse,
1851 4120 2004 4175 litte-

352 4214 434 4268 ris
463 4219 666 4268 vestraz
698 4211 1081 4268 fraternitatis
1112 4209 1515 4282 signiﬁcastis,
1548 4227 1580 4264 a
1613 4208 1850 4278 nostris,
1901 4208 2003 4279 qui

347 4319 461 4358 una
490 4302 792 4357 vobiscum
827 4301 1241 4366 interfuerunt,
1294 4298 1769 4370 diligentioribus
1805 4297 2001 4369 requi-

347 4391 595 4446 sivimus
629 4389 1136 4446 collocutionibus.
1171 4388 1278 4454 Qui
1311 4389 1410 4458 ita,
1443 4393 1506 4443 ut
1538 4393 1738 4444 vestrae
1779 4393 2002 4442 testatae

347 4487 483 4536 sunt
533 4482 761 4549 litterae,
821 4497 1056 4535 omnem
1091 4478 1257 4534 nobis
1287 4479 1553 4534 ordinem
1584 4481 2000 4550 exposuerunt,

346 4575 402 4626 et
430 4575 685 4626 vestram
719 4569 1026 4642 epistolam
1062 4585 1163 4641 per
1192 4569 1392 4624 omnia
1418 4585 1614 4624 veram
1647 4584 1776 4622 esse
1806 4564 2001 4620 testati

344 4665 507 4724 sunt,
539 4676 652 4714 non
703 4665 769 4713 ut
818 4657 1039 4729 aliquid
1102 4657 1406 4712 sinistrum
1463 4661 1657 4712 vestra
1713 4672 1781 4710 ex
1840 4659 2002 4726 parte

343 4748 720 4814 arbitremur,
781 4747 879 4802 sed
944 4765 1050 4802 nos
1108 4753 1164 4801 et
1192 4763 1313 4812 vos,
1349 4745 1598 4816 illosque
1627 4744 1851 4815 absque
1883 4743 2002 4798 ulla

2124 3594 2486 3659 recta,atque
2514 3587 2804 3642 hareticis
2835 3593 2891 3643 et
2919 3588 3148 3644 aemulis
3178 3589 3394 3644 Christi
3433 3603 3773 3662 repugnare,

2120 3685 2178 3735 et
2209 3693 2511 3748 nunquam
2545 3694 2578 3731 a
2607 3677 2868 3731 veritatis
2900 3678 3134 3734 tramite
3155 3678 3470 3734 declinare.
3496 3677 3771 3742 Quoniam

2121 3768 2407 3824 Dominus
2437 3772 2492 3822 et
2521 3765 2784 3822 Salvator
2805 3768 3093 3832 omnium,
3124 3769 3297 3839 cujus
3330 3770 3478 3824 ﬁdes
3509 3773 3617 3833 est,
3677 3765 3772 3838 qui

2119 3876 2223 3931 pro
2265 3858 2434 3914 nobis
2488 3858 2636 3912 mori
2669 3874 2783 3912 non
2815 3859 3126 3927 dubitavit,
3161 3865 3218 3914 et
3250 3861 3484 3931 proprio
3517 3877 3621 3915 nos
3670 3873 3771 3912 suo

2117 3947 2407 4020 sanguine
2438 3946 2706 4016 redemit,
2731 3946 2831 4018 qui
2857 3946 3030 4002 ﬁdem
3063 3948 3212 4002 beati
3245 3949 3394 4002 Petri
3460 3966 3573 4003 non
3628 3947 3772 4001 defe-

2117 4041 2341 4090 cturam
2405 4034 2694 4106 promisit,
2755 4038 2812 4088 et
2855 4035 3204 4089 conﬁrmare
3233 4051 3365 4090 eum
3401 4035 3614 4090 fratres
3639 4047 3770 4088 suos

2114 4123 2445 4180 admonuit.
2472 4123 2633 4188 Quod
2667 4122 3020 4193 apostolicos
3051 4124 3354 4193 pontiﬁces
3387 4141 3530 4180 mea;
3560 4120 3773 4194 exigui-

2112 4213 2250 4269 tatis
2309 4212 2765 4285 praedecessores
2823 4211 3184 4267 conﬁdenter
3240 4212 3486 4276 fecisse,
3549 4225 3776 4282 semper

2113 4302 2341 4358 cunctis
2399 4306 2489 4358 est
2543 4300 2863 4370 cognitum.
2895 4299 3155 4363 Quorum
3201 4307 3257 4356 et
3290 4301 3592 4373 pusillitas
3627 4315 3773 4362 mea,

2113 4391 2248 4447 licet
2281 4392 2466 4463 impar
2487 4390 2564 4444 sit
2582 4395 2640 4445 et
2661 4390 2885 4458 inﬁma,
2911 4405 3014 4461 pro
3047 4397 3322 4462 suscepta
3351 4395 3552 4446 tamen
3584 4389 3775 4444 divina

2112 4481 2477 4552 dignatione,
2513 4479 2842 4534 ministerio
2896 4478 3217 4551 pedisequa
3262 4479 3426 4551 cupit
3474 4479 3768 4535 exsistere.

2111 4568 2208 4624 Vae
2265 4569 2423 4624 enim
2482 4569 2593 4622 erit
2647 4569 2836 4638 nobis,
2897 4567 2998 4639 qui
3055 4567 3236 4639 hujus
3285 4568 3598 4624 ministerii
3627 4580 3772 4622 onus

2111 4663 2454 4728 susceptum
2482 4656 2849 4724 habemus,si
2881 4656 3183 4712 veritatem
3215 4656 3538 4713 Salvatoris
3591 4653 3772 4711 nostri

2108 4746 2247 4802 Jesu
2281 4745 2515 4812 Christi,
2549 4763 2726 4817 quam
2775 4745 3022 4818 apostoli
3077 4745 3563 4816 praedicaverunt,
3630 4761 3772 4817 prae-

341 4836 402 4891 in
435 4841 735 4908 posterum
772 4837 1117 4891 titubatione
1137 4852 1317 4890 unum
1342 4834 1558 4889 sentire
1581 4838 2003 4904 optaremus,et
2033 4857 2078 4921 ι)
2110 4834 2304 4891 dicare
2336 4833 2783 4907 neglexerimus.
2808 4834 2902 4888 Va:
2934 4833 3109 4890 etiam
3143 4834 3254 4889 erit
3284 4833 3474 4901 nobis,
3508 4834 3560 4889 si
3593 4833 3769 4889 silen-

345 4929 549 4980 sancta
582 4925 842 4980 Romana
874 4924 1151 4989 Ecclesia,
1187 4940 1311 4994 qua
1345 4939 1578 4990 semper
1620 4922 1999 4978 immaculata

343 5015 584 5082 mansit,
645 5020 701 5068 et
760 5013 1000 5068 Domino
1059 5011 1417 5084 providente,
1451 5017 1508 5066 et
1537 5011 1704 5066 beato
1734 5011 1998 5084 apostolo

343 5103 508 5158 Petro
535 5119 705 5176 opem
738 5102 976 5167 ferente,
1010 5102 1067 5156 in
1103 5102 1299 5156 futuro
1359 5100 1636 5167 manebit,
1695 5102 1821 5156 sine
1879 5100 2000 5157 ulla

342 5192 748 5248 haereticorum
792 5191 1376 5257 insultatione,tirma
1403 5195 1460 5245 et
1489 5190 1806 5246 immobilis
1839 5191 1998 5246 omni

340 5288 604 5354 tempore
634 5283 930 5354 persistet.
965 5280 1067 5336 His
1098 5279 1297 5351 itaque
1356 5279 1628 5351 peractis,
1691 5279 2002 5352 diligenter

341 5373 727 5444 requirentes,
788 5372 846 5426 in
904 5375 1107 5426 sancto
1151 5375 1361 5426 nostra:
1393 5374 1449 5424 et
1479 5367 1811 5440 apostolicis
1844 5371 1999 5427 sedis

2108 4928 2192 4984 tio
2222 4927 2522 4982 veritatem
2556 4926 3046 4998 Oppresserimus,
3084 4927 3184 4996 qui
3213 4943 3454 4998 erogare
3500 4941 3770 4980 nummu-

2107 5016 2598 5088 lariisjubernur,
2632 5015 2688 5069 id
2755 5019 2868 5079 est,
2927 5014 3290 5070 Christianos
3351 5015 3600 5087 populos
3661 5014 3768 5068 im-

2109 5107 2308 5172 buere,
2363 5109 2422 5160 et
2477 5104 2703 5159 docere.
2765 5102 2912 5168 Quid
2972 5104 3031 5157 in
3063 5103 3253 5174 ipsius
3300 5103 3518 5160 Christi
3577 5104 3770 5157 futuro

2109 5195 2321 5251 dicturi
2355 5210 2566 5248 sumus
2596 5192 2883 5261 examine,
2903 5194 2952 5247 si
2984 5193 3275 5248 sermonis
3307 5194 3434 5263 ejus
3465 5193 3769 5248 veritatem

2109 5283 2533 5340 confundimur
2588 5280 2947 5353 przndicare?
2976 5281 3126 5347 Quid
3158 5282 3271 5336 erit
3301 5283 3372 5336 de
3406 5281 3602 5350 nobis,
3636 5294 3770 5334 cum

2109 5373 2181 5430 de
2213 5371 2548 5429 commissis
2580 5370 2749 5426 nobis
2780 5369 3114 5438 animabus,
3143 5376 3200 5425 et
3230 5372 3300 5424 de
3330 5369 3522 5426 otticio
3567 5383 3766 5425 susce-

417 5548 488 5584 ⁸⁸”
519 5548 724 5605 Matth.
755 5565 910 5619 xxxv,
941 5549 1030 5604 13.
1107 5547 1150 5582 ⁸ο
1183 5551 1232 5602 ll
1260 5546 1411 5602 Tim.
1446 5563 1533 5615 ιιι,
1566 5548 1652 5604 12.
1729 5549 1774 5584 ⁸ο
1805 5553 1941 5605 Luc.
1971 5567 2010 5606 x

2142 5551 2236 5618 31,
2266 5551 2356 5604 32.

413 5725 526 5797 (34)
554 5725 781 5797 Agatho
813 5725 890 5781 ad
914 5726 1112 5783 Const.
1141 5730 1505 5798 Augustum,
1536 5730 1648 5782 act.
1683 5727 1715 5782 4
1741 5726 1971 5784 concilii
2000 5744 2060 5786 v1
2088 5744 2218 5800 gen.
