4104 6360
339 401 485 459 1453

1244 398 1555 458 PONTII”.
1607 397 1793 456 [tUM.
1840 396 1937 455 ET
1984 397 2405 457 A'l‘llANASll
2458 399 2877 459 ΕριδτοιπΕ.

3588 404 3743 463 1454

330 550 432 588 nes
462 533 727 588 omnium
775 532 1177 604 apostolorum
1210 549 1475 602 coronas,
1511 536 1978 602 cunctorumque
2009 535 2061 599 Α
2094 535 2207 584 tur.
2241 533 2399 597 Nam,
2450 534 2588 587 sicut
2620 534 2677 587 in
2701 550 2807 588 uno
2832 550 3054 606 corpore
3098 538 3341 591 membra
3368 538 3548 592 multa
3576 538 3738 592 liabe-

328 628 655 694 martyrum
692 620 939 692 palmas,
980 621 1078 692 qui
1118 638 1218 692 pro
1271 622 1518 676 fratrum
1576 638 1689 676 non
1748 621 1979 675 destru-

324 712 535 777 ctione,
570 710 671 765 sed
729 708 1170 764 conﬁrmatione
1228 712 1285 763 et
1343 707 1583 763 veritate
1634 708 1692 761 in
1751 706 1980 762 Christo

326 800 489 871 passi
522 803 681 855 sunt.

398 890 450 943 4.
489 888 603 945 Nos
624 905 783 960 ergo,
808 888 908 959 qui
932 887 1165 943 Domini
1199 885 1493 958 discipuli,
1515 890 1571 941 et
1602 885 1736 948 dici,
1770 889 1825 939 et
1855 900 1981 938 esse

327 978 623 1044 volumus,
658 982 885 1049 portare
916 993 1151 1031 crucem
1178 976 1417 1042 Christi,
1449 980 1505 1030 et
1537 975 1791 1047 compati
1819 974 1978 1028 fratri

326 1069 625 1136 debemus,
661 1075 714 1121 et
755 1084 869 1121 non
928 1065 1213 1135 persequi.
1265 1063 1624 1131 Subtrahite,
1684 1079 1978 1135 rogamus,

325 1162 492 1213 actus
514 1156 1019 1227 cogitationesque
1045 1172 1079 1210 a
1106 1155 1322 1210 talibus
1356 1153 1748 1219 nocumentis,
1782 1151 1833 1207 si
1865 1169 1979 1206 non

326 1246 507 1302 vultis
543 1247 731 1315 ipsam
766 1245 1065 1315 suscipere
1098 1245 1154 1299 in
1205 1262 1308 1300 vos
1340 1244 1641 1310 ultionem,
1701 1242 1980 1315 quoniam

333 1337 610 1391 talionem
647 1339 922 1403 meretur,
956 1334 1056 1404 qui
1086 1335 1247 1389 fratri
1284 1334 1506 1388 foveam
1543 1336 1852 1404 praeparat.
1914 1331 1983 1386 Et

329 1442 429 1479 VUS
461 1424 665 1479 scitote
718 1423 994 1495 deinceps
1024 1423 1180 1477 hunc
1216 1424 1331 1493 (37)
1382 1422 1631 1493 typhum
1681 1436 1795 1475 non
1852 1435 1981 1475 esse

332 1529 632 1583 passuros,
666 1516 731 1567 ut
759 1529 845 1578 ea,
882 1528 1009 1583 quae
1044 1512 1115 1566 ad
1176 1511 1325 1566 hanc
1355 1510 1686 1583 specialiter
1715 1513 1980 1576 sanctam

330 1602 620 1673 pertinent
643 1602 864 1669 sedem,
899 1600 1295 1670 sicutjudicia
1322 1600 1749 1672 episcoporum,
1783 1603 1839 1654 et
1858 1614 1981 1653 ma-

319 1693 481 1761 jores
512 1707 743 1759 causas,
768 1695 831 1744 ut
855 1690 1027 1760 paulo
1050 1690 1323 1761 superius
1357 1688 1715 1759 przclibatum
1744 1692 1853 1758 est,
1876 1704 1981 1742 vos

331 1779 635 1839 patiamini
678 1779 848 1834 nobis
873 1778 1221 1834 inconsultis
1253 1778 1528 1833 invadere
1558 1778 1777 1848 absque
1807 1775 1981 1831 vestri

328 1875 517 1923 status
550 1867 829 1940 periculo.
863 1869 971 1923 Sed
1010 1869 1059 1922 si
1108 1868 1240 1938 quis
1298 1868 1370 1922 ab
1425 1868 1707 1922 hodierna
1756 1865 1870 1930 die,
1922 1870 1981 1919 et

327 1959 606 2029 deinceps
637 1959 790 2013 602
813 1958 1157 2029 episcopum
1194 1962 1397 2028 praeter
1426 1956 1608 2025 hujus
1641 1961 1857 2010 sanctos
1888 1971 1976 2010 se-

329 2047 419 2101 dis
450 2046 800 2102 sententiam
836 2048 1137 2111 damnare,
1173 2052 1277 2101 aut
1310 2046 1546 2118 propria
1580 2045 1793 2116 pellere
1846 2044 1981 2099 sede

329 2137 794 2208 praasumpserit,
820 2137 967 2191 sciat
1020 2153 1081 2191 se
1131 2135 1664 2205 irrecuperabiliter
1712 2150 1841 2190 esse
1881 2134 1980 2187 da-

332 2231 621 2290 mnatum,
655 2230 711 2280 et
740 2224 972 2297 proprio
1004 2242 1199 2280 carere
1248 2225 1533 2296 perpetim
1573 2223 1809 2277 honore.
1846 2222 1981 2277 Eos-

331 2332 446 2385 que
486 2315 581 2384 qui
624 2316 848 2385 absque
883 2315 1058 2384 hujus
1091 2314 1245 2369 sedis
1294 2319 1434 2368 sunt
1464 2312 1634 2382 ejecti
1666 2311 1979 2380 sententia,

331 2402 418 2459 vel
452 2404 715 2458 damnati
748 2404 869 2458 sine
904 2404 1078 2473 hujus
1128 2407 1338 2457 sanctae
1399 2402 1553 2457 sedis
1610 2402 1979 2469 auctoritate,

330 2494 535 2547 scitote
556 2493 864 2564 pristinam
887 2493 1139 2563 recipere
1162 2491 1659 2556 communionem,
1692 2495 1748 2544 et
1779 2491 1836 2544 in
1859 2507 1982 2561 pro-

334 2582 477 2651 priis
509 2582 735 2637 restitui
760 2582 1021 2636 sedibus.
1058 2581 1343 2645 Quoniam
1376 2588 1431 2636 et
1464 2580 1627 2651 prius
1660 2596 1692 2633 a
1723 2585 1981 2648 tempore

331 2670 557 2725 scilicet
578 2670 975 2741 apostolorum
1010 2670 1131 2725 haec
1150 2670 1284 2724 huic
1316 2676 1527 2724 sancta:
1552 2668 1675 2724 sedi
1705 2683 1984 2722 concessa

332 2764 490 2813 sunt.
531 2760 593 2812 Et
627 2764 829 2829 postea
870 2760 927 2813 in
960 2764 1285 2813 memorata
1316 2759 1546 2813 Nicaana
1578 2759 1820 2829 synodo,
1853 2772 1981 2827 pro-

333 2852 465 2918 pter
497 2864 809 2917 pravorum
842 2848 1145 2903 hominum
1178 2848 1604 2912 infestationes,
1631 2852 1805 2918 atque
1862 2846 1979 2900 bre-

334 2936 648 2991 reticorum
682 2936 1138 3007 persecutiones,
1172 2942 1227 2991 et
1249 2935 1661 2990 insidiantium
1680 2934 1985 2988 molimina

334 3024 603 3091 fratrum,
636 3033 777 3080 sunt
806 3026 1169 3081 concorditer
1200 3028 1269 3080 ab
1294 3026 1569 3079 omnibus
1591 3024 1984 3088 corroborata,

338 3116 403 3166 ut
434 3114 623 3184 magis
658 3114 874 3185 singuli
902 3114 1263 3185 provideant,
1300 3129 1368 3167 ne
1400 3112 1542 3167 talia
1573 3113 1825 3167 audeant
1856 3128 1983 3183 per-

337 3206 602 3274 petrare;
637 3208 693 3258 et
723 3210 987 3269 caveant,
1022 3203 1068 3258 si
1106 3219 1218 3257 non
1271 3207 1507 3274 propter
1554 3200 1867 3255 Dominum
1928 3205 1986 3255 et

337 3309 596 3348 amorem
632 3295 901 3364 fratrum,
926 3300 1121 3348 tamen
1156 3298 1389 3364 propter
1449 3292 1830 3364 opprobrium
1871 3292 1979 3346 ho-
2012 3276 2053 3342 C

339 3382 570 3437 minum
606 3384 875 3438 ruborem
906 3400 1104 3453 suum,
1129 3389 1303 3453 atque
1320 3383 1659 3438 canonicam
1679 3380 1981 3445 ultionem,

338 3470 546 3526 saltem
583 3473 700 3528 haec
735 3473 941 3528 timore
967 3477 1023 3527 et
1052 3472 1401 3527 verecundia
1431 3486 1764 3542 compressa
1814 3470 1987 3525 silen-

339 3560 419 3615 tio
471 3564 948 3633 comprimantur,
1004 3567 1305 3633 amputato
1366 3560 1586 3615 scilicet
1635 3559 1812 3613 totius
1869 3560 1984 3629 (38)

338 3652 738 3722 uSurpationis
760 3668 1022 3706 excessu.
1047 3650 1191 3714 Quia
1215 3648 1413 3704 nullus
1430 3650 1600 3703 debet
1634 3665 1986 3720 praesumere

342 3760 472 3817 quae
497 3742 609 3797 sibi
652 3758 765 3795 non
799 3740 1068 3795 videntur
1097 3756 1221 3794 esse
1252 3755 1547 3794 concessa.
1610 3740 1794 3803 Quam
1856 3737 1983 3793 cul-

346 3850 478 3905 pam
516 3830 853 3903 potuissetis
894 3828 1053 3882 nullo
1086 3829 1253 3883 modo
1285 3828 1558 3891 incidere,
1584 3828 1630 3880 si
1669 3828 1819 3881 unde
1849 3843 1985 3880 con-

346 3922 729 3979 secrationem
766 3918 1001 3973 honoris
1032 3916 1319 3988 accipitis,
1368 3916 1501 3971 inde
1560 3917 1745 3986 legem
1805 3915 1985 3970 totius

340 4006 1065 4068 observantiwsumeretis.
1095 4008 1161 4060 Et
1185 4004 1337 4059 beati
1360 4004 1509 4059 Petri
1533 4004 1779 4075 apostoli
1798 4006 1983 4072 sedes,

340 4118 467 4173 quas
502 4098 663 4154 vobis
698 4095 1079 4151 sacerdotalis
1112 4099 1297 4149 mater
1318 4101 1403 4148 est
1452 4093 1775 4163 dignitatis,
1836 4099 1988 4147 esset

352 4186 761 4245 ecclesiastica:
796 4186 1081 4255 magistra
1112 4184 1375 4238 rationis.
1442 4181 1623 4247 Unde,
1673 4182 1825 4235 sicut
1882 4198 1987 4235 nos

347 4278 600 4333 multum
623 4292 690 4331 ea
722 4291 849 4345 quae
883 4273 1045 4328 vobis
1078 4272 1168 4345 pie
1208 4276 1480 4343 recteque
1510 4276 1653 4325 sunt
1708 4276 1855 4335 acta,
1891 4271 1986 4325 lae-

338 4367 586 4430 tiﬁcant,
621 4365 704 4419 ita
734 4363 983 4418 nimium
1018 4379 1085 4417 ea
1116 4379 1243 4432 quae
1275 4365 1413 4416 sunt
1442 4376 1746 4431 perperam
1804 4364 1987 4431 gesta,

342 4456 715 4511 contristent.
765 4452 1050 4517 Quoniam
1078 4466 1315 4505 necesse
1345 4456 1453 4518 est,
1509 4453 1640 4520 post
1672 4448 1990 4505 multarum

344 4544 551 4600 talium
586 4542 983 4613 experimenta
1013 4556 1351 4605 causarum,
1414 4539 1531 4592 haec
1566 4538 1622 4591 in
1685 4542 1987 4609 posterum

2090 637 2210 675 mus
2245 624 2430 675 omnia
2461 627 2652 676 autem
2682 625 2927 678 membra
2958 640 3066 679 non
3091 626 3341 681 eumdem
3398 631 3587 681 actum
3637 628 3739 681 ha—

2093 711 2232 775 bent,
2258 712 2335 763 ita
2365 712 2535 765 multi
2564 728 2737 765 unum
2766 728 2960 782 corpus
2986 731 3173 769 sumus
3203 717 3263 769 in
3321 714 3554 772 Christo.
3616 716 3741 770 Sin-

2090 800 2210 865 guli
2240 808 2426 853 autem
2454 801 2598 854 alter
2617 802 2853 855 alterius
2876 802 3117 857 membra
3147 804 3526 860 7‘.Contsxtio
3557 802 3738 860 totius

2092 888 2372 958 corporis.
2405 906 2580 943 unam
2632 891 2966 955 sanitatem,
3009 908 3185 946 unam
3238 891 3736 964 pulchritudinem

2093 976 2245 1030 facit.
2282 978 2347 1030 Et
2370 978 2488 1032 haec
2520 979 2758 1049 quidem
2781 979 3074 1033 contextio
3106 980 3285 1035 totius
3317 982 3576 1053 corporis
3607 1000 3744 1037 una-

2093 1064 2418 1120 nimitatem
2436 1066 2693 1137 requirit,
2717 1068 2821 1122 sed
2848 1068 3139 1139 praecipue
3169 1069 3347 1140 exigit
3378 1071 3741 1127 concordiam

2091 1155 2486 1210 sacerdotum.
2522 1156 2745 1221 Quibus
2778 1160 2835 1211 et
2867 1156 2914 1211 si
2947 1157 3205 1228 dignitas
3264 1160 3592 1215 communis
3626 1178 3740 1215 non

2090 1248 2198 1309 est,
2231 1249 2424 1300 tamen
2474 1247 2616 1299 ordo
2658 1245 2946 1316 generalis
3002 1252 3111 1301 est.
3150 1248 3458 1322 .Quoniam
3514 1254 3571 1304 et
3597 1250 3751 1305 inter

2091 1333 2467 1389 beatissimos
2490 1334 2799 1405 apostolos,
2834 1334 2892 1389 in
2947 1335 3339 1391 similitudine
3368 1335 3608 1394 honoris
3639 1338 3751 1393 fuit

2090 1423 2359 1493 quaedam
2392 1423 2671 1480 discretio
2707 1425 3036 1496 potestatis,
3069 1430 3124 1480 et
3154 1443 3289 1481 cum
3320 1426 3585 1482 omnium
3642 1445 3747 1500 par

2090 1517 2249 1567 esset
2278 1511 2504 1576 electio,
2541 1512 2637 1567 uni
2672 1517 2863 1567 tamen
2897 1514 3098 1568 datum
3136 1520 3198 1567 ut
3221 1515 3445 1571 caeteris
3478 1516 3746 1587 preemi-

2092 1605 2274 1656 neret.
2310 1601 2389 1655 De
2421 1618 2537 1671 qua
2568 1602 2755 1657 forma
2784 1602 3213 1673 episcoporum,
3244 1604 3512 1674 quaedam
3545 1610 3746 1661 exorta

2091 1695 2181 1745 est
2213 1690 2533 1753 distinctio,
2561 1694 2617 1744 et
2648 1708 2862 1761 magna
2897 1690 3264 1746 ordinatione
3296 1691 3594 1763 provisum
3630 1699 3741 1760 est,

2093 1796 2162 1833 ne
2202 1795 2403 1833 omnes
2434 1778 2544 1833 sibi
2577 1780 2776 1834 omnia
2822 1778 3202 1844 vindicarent,
3262 1781 3364 1837 sed
3422 1788 3621 1837 essent
3678 1783 3738 1838 in

2090 1867 2345 1939 singulis
2380 1867 2693 1938 Provinciis
2727 1867 2966 1939 singuli.
3028 1870 3287 1933 Quorum
3333 1869 3483 1925 inter
3532 1871 3741 1926 fratres

2094 1956 2407 2010 haberetur
2426 1956 2614 2026 prima
2636 1955 3259 2022 sententia,etrursum
3282 1958 3523 2028 quidam
3548 1958 3605 2014 in
3622 1976 3749 2015 ma-

2085 2044 2314 2114 joribus
2341 2044 2544 2099 nribus
2564 2045 2890 2109 constituti,
2921 2044 3379 2102 sollicitudinem
3409 2049 3540 2117 ejus
3562 2048 3752 2104 susci-

2093 2138 2295 2203 perent
2326 2134 2694 2203 ampliorem,
2722 2150 2823 2205 per
2852 2151 3002 2205 quos
3043 2136 3112 2189 ad
3168 2152 3345 2191 unam
3396 2136 3549 2191 beati
3592 2138 3743 2193 Petri

2091 2223 2313 2287 sedem,
2374 2222 2719 2277 universalis
2771 2222 3033 2278 Ecclesiae
3092 2241 3232 2278 cura
3291 2226 3630 2296 conﬂueret,
3688 2230 3745 2281 et

2093 2310 2238 2365 nihil
2273 2328 2524 2381 usquam
2558 2329 2590 2366 a
2616 2328 2722 2366 suo
2746 2313 2932 2383 capite
2962 2312 3295 2368 dissideret.
3323 2315 3429 2381 Qui
3462 2330 3597 2385 ergo
3630 2314 3742 2370 scit

2096 2417 2158 2454 se
2190 2400 2545 2470 quibusdam
2583 2402 2980 2471 praepositum,
3017 2418 3131 2457 non
3165 2402 3407 2457 moleste
3443 2403 3589 2458 ferat
3628 2402 3735 2458 ali-

2090 2504 2266 2556 quem
2300 2488 2408 2543 sibi
2448 2505 2575 2543 esse
2600 2488 2928 2559 praelatum,
2952 2490 3053 2545 sed
3102 2490 3518 2559 obedientiam,
3549 2509 3729 2563 quam

2091 2577 2289 2645 exigit,
2322 2578 2647 2649 etiamipse
2706 2580 2985 2649 rependat
3035 2581 3219 2635 Nolite
3277 2583 3460 2652 itaque
3515 2596 3728 2648 errare,

2089 2669 2296 2737 fratres
2318 2668 2426 2720 mei
2449 2666 2837 2734 dilectissimi;
2866 2667 3133 2723 doctrinis
3160 2672 3331 2724 variis
3359 2680 3412 2725 et
3440 2660 3732 2728 extraneis

2090 2756 2264 2809 nolite
2297 2756 2497 2811 abduci
2525 2756 2588 2822 ⁷⁷,
2623 2762 2683 2811 at
2712 2757 2981 2812 instituta
3029 2757 3428 2830 apostolorum
3487 2764 3544 2815 et
3589 2778 3730 2833 apo-

2093 2844 2430 2899 stolicorum
2490 2845 2766 2908 virorum,
2825 2862 3199 2927 canonesque
3267 2847 3574 2916 habentes,
3638 2850 3730 2905 his

2093 2933 2393 2997 fruamini,
2429 2933 2519 2987 his
2547 2932 2991 3003 circundemini,
3054 2934 3145 2989 his
3195 2936 3587 3005 delectemini,
3637 2938 3729 2994 his

2092 3022 2426 3091 armemini,
2462 3023 2634 3078 utbis
2670 3023 2823 3091 freti,
2876 3024 3246 3091 circumdati,
3280 3025 3574 3094 delectati,
3633 3044 3728 3081 ar-

2095 3112 2235 3168 mati
2268 3118 2473 3166 contra
2510 3117 2720 3167 cuncta
2776 3112 3146 3168 inimicorum
3198 3114 3400 3183 jacula
3460 3116 3733 3170 resistere

2096 3202 2354 3257 talentis.
2387 3202 2540 3255 Satis
2566 3202 2721 3255 enim
2758 3201 3067 3272 indignum
3101 3208 3191 3257 est
3238 3220 3595 3274 quemquam
3656 3204 3742 3259 vel

2096 3292 2458 3365 pontiﬁcum,
2493 3290 2577 3345 vel
2593 3291 2865 3345 ordinum
2884 3292 3369 3361 subsequentium
3388 3292 3536 3347 hanc
3570 3311 3743 3366 regu-

2096 3382 2211 3436 lam
2246 3382 2702 3451 refutare,quam
2732 3382 2881 3435 beati
2905 3383 3055 3436 Petri
3084 3383 3253 3437 fidem
3289 3382 3475 3437 velent
3497 3388 3553 3437 et
3575 3383 3741 3456 sequi

2094 3475 2150 3547 et
2180 3470 2404 3524 docere.
2439 3469 2688 3523 Multum
2723 3470 2880 3524 enim
2914 3470 3180 3525 convenit
3206 3476 3268 3525 ut
3300 3476 3485 3525 totum
3529 3488 3742 3543 corpus

2096 3559 2444 3614 Ecelesissin
2504 3557 2612 3612 hac
2646 3558 2887 3613 sibimet
2943 3560 3344 3615 observatione
3404 3562 3737 3625 concordet,

2096 3666 2223 3720 quia
2257 3648 2391 3702 inde
2420 3647 2826 3702 auctoritatem
2859 3647 3053 3714 habet,
3091 3648 3185 3703 ubi
3219 3649 3499 3704 Dominus
3545 3648 3742 3703 Eccle-

2098 3739 2199 3791 siae
2230 3736 2409 3791 totius
2449 3735 2644 3807 posuit
2688 3736 3103 3808 principatum,
3130 3738 3359 3793 dicente
3390 3738 3692 3811 Scriptura
3727 3754 3740 3791 :

2097 3827 2386 3882 Orilinavit
2420 3828 2479 3880 in
2535 3842 2622 3880 me
2677 3826 3000 3882 charitatem
3060 3828 3125 3892 ⁷⁸,
3187 3828 3253 3882 Et
3300 3830 3478 3883 item:
3543 3828 3745 3884 Omnia

2098 3933 2220 3970 cum
2248 3915 2443 3970 ordine
2472 3915 2617 3983 ﬁant
2645 3915 2712 3971 7°.
2765 3915 3099 3987 Iterumque
3159 3916 3475 3972 Psalmista
3532 3916 3743 3989 prccdi-

2097 4010 2293 4058 cante:
2332 4003 2673 4058 Circumdute
2702 4004 2833 4058 Sion
2869 4007 2919 4058 et
2968 4006 3397 4075 complectimini
3424 4022 3568 4073 eam,
3620 4021 3749 4060 mir-

2097 4097 2214 4146 rute
2248 4094 2307 4146 in
2363 4092 2614 4146 turribus
2645 4093 2783 4162 ejus.
2842 4094 3040 4149 Ponite
3068 4093 3232 4149 corda
3293 4099 3469 4150 vestra
3502 4096 3562 4149 in
3634 4095 3745 4150 vir-

2097 4185 2213 4235 tute
2267 4183 2405 4248 eius,
2468 4189 2526 4234 ut
2546 4184 2816 4235 enarretis
2878 4184 2936 4235 in
2962 4185 3257 4254 progenies
3313 4184 3569 4239 alteras:
3612 4200 3743 4255 quo-

2098 4272 2255 4324 niam
2284 4269 2373 4324 hic
2410 4277 2491 4324 est
2519 4270 2779 4324 Dominus
2833 4271 2971 4325 Deus
3022 4280 3203 4327 uoster
3261 4274 3320 4327 in
3374 4277 3632 4339 ueterum,
3693 4278 3746 4327 et

2100 4360 2219 4430 ipse
2249 4362 2395 4427 reget
2423 4374 2521 4414 nos
2554 4361 2615 4414 in
2645 4360 2853 4415 saecula
2874 4360 2936 4413 ⁸ο.
2966 4359 3150 4415 Officii
3184 4361 3338 4416 enim
3373 4360 3554 4417 nostri
3604 4377 3744 4416 con—

2100 4447 2475 4512 sideratione,
2539 4464 2650 4502 non
2715 4454 2803 4503 est
2834 4448 3001 4503 nobis
3034 4448 3424 4515 dissimulare,
3486 4466 3600 4504 non
3659 4452 3750 4504 est

2100 4536 2587 4602 tacereliberum,
2620 4537 2836 4607 quibus
2870 4538 3053 4608 major
3104 4537 3333 4593 cunctis
3378 4537 3747 4603 Christianas,

336 4632 647 4689 sollicitius
680 4628 1030 4701 prospici,et
1060 4626 1405 4698 diligentius
1432 4627 1762 4697 praecaveri,
1786 4631 1988 4697 quate-
2021 4645 2067 4709 υ
2101 4626 2400 4697 religionis
2438 4626 2597 4681 zelus
2631 4625 2939 4693 incumbit,
2975 4644 3047 4682 ne
3106 4643 3208 4697 per
3262 4627 3749 4695 taciturnitatem,

346 4738 460 4776 nus
517 4737 584 4775 ea
628 4736 754 4790 quas
814 4722 950 4772 sunt
979 4716 1052 4771 ab
1082 4714 1366 4786 apostolis
1397 4731 1719 4785 eorumque
1752 4731 1983 4770 succes-

336 4810 577 4866 soribus
608 4812 853 4873 statuta,
895 4804 1057 4860 nulla
1114 4803 1339 4859 desidia
1398 4803 1792 4873 negligantur,
1826 4803 1987 4858 nulla

330 4898 700 4955 dissensione
739 4896 1049 4965 violentur,
1100 4892 1262 4948 nulla
1287 4892 1717 4948 concertatione
1750 4894 1983 4948 turben-

406 5137 451 5174 ⁷⁸
479 5138 645 5194 Rom.
678 5153 783 5205 xu,
830 5137 884 5191 5.
963 5143 1005 5177 ττ
1034 5133 1206 5189 Hebr.
1241 5148 1366 5203 xm,
1399 5132 1452 5188 9.

1558 5131 1601 5166 ⁷⁸
1634 5132 1800 5188 Cant.
1839 5147 1902 5199 ιι,
1927 5129 1977 5187 4.

412 5372 528 5446 (37)
560 5370 811 5429 Africani
838 5371 945 5427 PP.
988 5370 1047 5426 in
1080 5387 1172 5443 ep.
1204 5370 1275 5425 ad
1308 5367 1693 5425 Bonifacium.

2098 4720 2201 4771 aut
2242 4718 2452 4783 favere,
2488 4720 2591 4770 aut
2620 4715 2949 4771 consentire
3003 4716 3308 4771 videamur
3338 4717 3587 4771 fratrum
3631 4734 3706 4771 no
3729 4746 3749 4756 -

2096 4805 2412 4859 cumentis.
2474 4809 2683 4859 Datum
2716 4804 2988 4860 Kalendis
3020 4804 3308 4871 Octobris,
3340 4804 3634 4885 Feliciano
3688 4810 3745 4861 et

2098 4894 2479 4965 Maximiano,
2507 4894 2644 4949 viris
2674 4892 3046 4963 clarissimis,
3074 4894 3437 4951 consulibus.

2084 5131 2128 5167 τ’
2161 5131 2181 5188 Ι
2213 5131 2323 5188 Cor
2347 5148 2459 5199 xw,
2488 5133 2572 5187 40.
2673 5131 2717 5168 ³ο
2740 5130 2891 5188 Psal.
2919 5147 3091 5200 xcvu,
3119 5130 3304 5185 13-15.

2188 5368 2302 5439 (38)
2330 5372 2387 5423 S.
2419 5368 2549 5433 Léo,
2582 5384 2671 5439 ep.
2703 5366 2793 5422 84.
