4104 6362
347 412 503 473 1455

1505 409 1567 469 S.
1627 400 2139 468 ATHANASlUS.
2165 430 2244 445 —
2275 399 2583 461 SPURIA.

3610 405 3771 464 1456

421 605 663 675 Ερίδιοια
693 601 1073 661 Orientalium
1099 602 1179 657 ad
1205 602 1418 657 Iulium
1443 613 1647 671 papam
1675 590 2205 715 causantimudquod
2226 591 2286 643 in
2314 591 2754 714 corrztmunionem
2780 589 3048 659 receperit
3075 588 3466 659 Athanasium,
3498 600 3553 647 et
3607 597 3770 650 cxte-

1631 683 1719 715 res
1741 682 1870 715 auos
1900 680 2005 715 um
2073 678 2413 715 amnaverun
2445 704 2458 715 .

1631 683 1719 723 ros
1741 682 1870 737 quos
1900 680 2005 734 lpSl
2034 678 2458 717 damnaverunt.

424 800 666 855 Domino
717 801 1078 867 beatissimo,
1134 805 1192 853 et
1250 794 1574 851 honorabili
1623 790 1777 847 Patri
1817 787 1999 854 Julio,
2036 792 2087 855 Α
2118 784 2356 857 eligitis,
2382 791 2520 839 tunc
2549 785 2753 855 liquet,
2801 801 2947 856 quos
2996 801 3102 840 nos
3152 790 3393 858 perdere
3446 795 3649 863 vultis,
3718 798 3780 849 et

357 889 692 962 apostolicae
750 890 908 945 sedis
965 886 1281 944 venerabili
1343 886 1634 956 episcopo,
1695 878 2003 943 Eusebius,

357 982 754 1055 Theogonius,
799 982 909 1054 (39)
949 980 1312 1047 Theodorus,
1373 980 1430 1031 et
1497 971 1827 1037 Berinthus,
1890 983 2008 1023 una

363 1088 496 1127 cum
563 1070 808 1142 reliquis
868 1070 1147 1125 fratribus
1231 1062 1593 1138 coepiscopis
1652 1057 1870 1114 nostris
1947 1057 2010 1110 in

364 1160 677 1217 Antiochia
706 1159 1094 1231 congregatis.

440 1250 552 1319 (40)
612 1248 769 1304 Licet
825 1248 975 1315 circa
1037 1261 1242 1300 omnes
1297 1242 1613 1298 Ecclesiam
1683 1239 2010 1293 Romanam

370 1341 630 1396 sciamus
676 1354 806 1394 esse
839 1337 1200 1404 muniﬁcam,
1250 1339 1307 1390 et
1363 1329 1743 1404 apostolicam
1807 1325 2015 1379 habere

371 1448 592 1498 curam,
624 1437 682 1486 et
711 1435 955 1486 matrem
1006 1444 1239 1500 semper
1267 1425 1512 1480 existere
1542 1419 1795 1494 pictatis,
1827 1432 2015 1488 quan-

371 1537 547 1592 quam
598 1522 670 1574 ab
727 1520 958 1575 Oriente
1018 1518 1090 1572 ad
1123 1532 1251 1572 eam
1318 1513 1725 1586 praedicatores
1783 1504 2016 1578 pietatis

371 1610 750 1674 advenerunt,
786 1613 977 1663 tamen
1012 1611 1352 1676 optaramus
1381 1619 1482 1657 vos
1515 1600 1823 1656 nobiscum
1873 1610 2014 1649 con-

371 1700 630 1766 cordare,
662 1703 720 1753 et
751 1683 900 1769 quos
930 1714 964 1751 a
1018 1693 1432 1750 communione
1487 1686 1928 1761 suspendimus,
1986 1698 2018 1735 a

369 1788 535 1844 vobis
565 1803 694 1843 esse
724 1800 1065 1857 suspensos.
1118 1784 1181 1838 Et
1214 1797 1358 1853 quos
1390 1781 1446 1835 in
1479 1779 1681 1834 ordine
1711 1772 2018 1830 conﬁrma-

373 1895 507 1932 mus
545 1876 970 1946 episcoporum,
995 1890 1029 1927 a
1056 1872 1220 1927 vobis
1250 1886 1381 1926 esse
1410 1868 1750 1927 ﬁrmandos,
1783 1877 1892 1916 nec
1911 1876 2017 1914 nos

375 1966 635 2022 secundo
668 1965 789 2019 loco
819 1962 1121 2017 habendos
1179 1975 1309 2014 cum
1346 1958 1416 2012 iis
1447 1956 1544 2028 qui
1605 1970 1673 2009 ex
1732 1951 1823 2005 his
1882 1966 2016 2020 par-

376 2059 536 2112 tibus
568 2056 639 2109 ad
671 2070 772 2108 vos
804 2067 992 2123 usque
1020 2048 1484 2121 dogmatizantes
1515 2040 1759 2115 apostoli
1819 2053 2015 2110 perve-

376 2143 589 2199 nerint.
623 2142 737 2197 Nec
767 2142 923 2196 enim
957 2156 1063 2195 nos
1094 2138 1255 2192 vobis
1279 2134 1542 2190 rcluctati
1568 2146 1796 2187 sumus.
1817 2142 2017 2197 qnam-

375 2233 463 2288 vis
523 2232 630 2286 hoc
660 2246 830 2302 agere
863 2228 1280 2301 potuissemus,
1333 2224 1566 2295 quando
1601 2217 1960 2274 Novatlanus
1990 2230 2023 2267 a

378 2322 640 2376 Romana
686 2318 891 2391 pulsus
924 2326 1011 2371 est
1044 2316 1317 2372 Ecclesia.
1366 2312 1675 2378 Quoniam,
1728 2305 1810 2360 uti
1854 2306 2022 2375 juxta

375 2410 674 2482 vulgarem
752 2407 1239 2463 consuetudinem
1301 2402 1629 2472 loquamur,
1686 2394 2022 2477 inimicitias

373 2502 577 2571 quaerit
629 2500 808 2555 omnis
837 2500 936 2570 qui
984 2497 1096 2551 vult
1154 2492 1404 2549 recrdere
1449 2492 1516 2545 ab
1574 2488 1749 2543 amico
1778 2485 1844 2539 θί.
1910 2482 2021 2538 Nec

362 2589 620 2644 crimine
649 2604 845 2643 carere
875 2591 1083 2658 potest,
1139 2585 1233 2654 qui
1278 2580 1520 2636 alterius
1551 2571 2019 2632 excommunica-

373 2683 501 2733 tum
548 2678 771 2748 absque
811 2676 940 2746 ejus
992 2664 1247 2741 licentia,
1283 2686 1396 2742 quo
1463 2664 1877 2723 communione
1933 2663 2023 2714 est

378 2766 663 2838 privatus,
700 2766 757 2820 in
793 2762 1266 2820 communionem
1293 2755 1635 2828 susceperit,
1694 2748 2019 2806 cauonibus

374 2853 555 2910 semel
596 2853 966 2924 jubentibuq,
1025 2846 1566 2905 oxcommunicetus
1616 2841 1686 2895 ab
1744 2838 1895 2906 aliis,
1949 2834 2022 2889 ab

377 2940 510 2998 aliis
538 2956 655 2996 non
715 2940 1089 3012 suscipiatur,
1149 2935 1478 2992 viventibus
1525 2931 1665 2994 illis,
1723 2945 1756 2983 a
1803 2926 2021 2998 quibus

374 3028 789 3085 communione
819 3030 1080 3102 privatus
1109 3043 1239 3084 esse
1268 3021 1650 3097 dignoscitur.
1686 3017 1798 3074 Nec
1828 3014 2018 3071 solum

376 3120 435 3175 in
469 3121 562 3176 his
583 3120 753 3175 nobis
780 3119 1196 3175 contumeliam
1222 3114 1517 3187 irrogatis,
1546 3111 1644 3166 sed
1662 3106 1907 3164 etiamin
1928 3105 2021 3161 his

374 3211 643 3281 quaedam
675 3208 917 3265 consilia
950 3213 1149 3264 nostra
1179 3203 1517 3266 dissolvitis,
1552 3214 1741 3270 neque
1769 3212 1838 3251 ea
1867 3198 2022 3249 recte

374 3298 637 3352 deﬁnitis
680 3311 828 3352 esse.
866 3298 1018 3351 Sunt
1048 3309 1305 3364 namque
1353 3309 1385 3345 a
1434 3288 1623 3353 nobis,
1648 3292 1705 3340 et
1727 3283 2023 3338 maximea

372 3386 557 3441 totius
611 3385 865 3440 Orientis
923 3383 1213 3457 episcopis
1284 3377 1580 3444 damnati,
1664 3371 2022 3428 Athanasius

368 3474 823 3545 Alexandrinus,
854 3473 1074 3529 Paulus
1112 3463 1825 3537 Constantinopolitanus,
1871 3461 2020 3544 Mar-

2117 893 2233 931 non
2280 880 2345 930 ut
2401 881 2563 946 pater
2611 876 2760 930 ﬁlios
2811 877 3023 931 fovere.
3064 877 3279 936 Dicunt
3322 885 3478 938 enim
3527 889 3585 939 et
3614 884 3774 940 alﬁr-

2121 971 2304 1035 mant,
2338 972 2457 1021 tam
2483 967 2637 1021 cives
2668 967 2936 1033 istorum,
2971 985 3148 1039 quam
3173 976 3623 1032 consacerdotes
3673 994 3774 1034 eo-

2121 1073 2275 1120 rum,
2310 1056 2414 1110 hos
2465 1058 2653 1110 fovere
2679 1072 2782 1109 vos
2833 1057 3000 1121 velle,
3058 1058 3407 1131 homicidas,
3467 1081 3774 1122 sacrorum

2120 1144 2473 1216 templorum
2495 1160 2813 1213 eversores,
2835 1145 3127 1217 virginum
3162 1154 3549 1223 stupratores,
3585 1172 3772 1211 sacro-

2124 1253 2256 1291 rum
2280 1235 2565 1289 librorum
2598 1237 2958 1303 incensores,
2993 1253 3416 1312 sacrorumque
3474 1261 3769 1314 vasorum,

2124 1330 2179 1381 et
2208 1330 2544 1380 caeterorum
2567 1340 2866 1379 sacrorum
2893 1325 3353 1385 ministeriorum
3390 1332 3778 1407 fraudatores,

2128 1416 2453 1472 ofﬁciorum
2487 1413 2871 1485 negleclores,
2903 1415 3328 1488 imperatorum
3364 1422 3601 1489 inﬁdos,
3635 1442 3784 1497 gen-

2127 1508 2207 1562 tis
2232 1510 2289 1566 et
2318 1505 2518 1577 patriae
2552 1505 2901 1575 proditores,
2938 1510 2995 1560 et
3029 1507 3183 1564 inter
3212 1512 3549 1569 sacerdotes
3599 1516 3786 1570 maxiv

2128 1612 2284 1651 mam
2319 1598 2665 1666 generantes
2710 1592 3086 1663 discordiam,
3119 1613 3186 1652 eo
3242 1601 3392 1670 quod
3427 1602 3793 1660 substantia—

2126 1683 2308 1739 litatis
2346 1698 2566 1752 vocem,
2600 1698 2728 1753 quae
2761 1682 2984 1754 scripta
3022 1702 3138 1741 non
3199 1687 3494 1744 invenitur
3552 1691 3609 1745 in
3648 1692 3784 1747 ﬁdei

2126 1774 2414 1840 doctrina,
2476 1776 2818 1843 posuerunt.
2882 1774 3030 1836 Quid
3078 1775 3246 1847 plura
3287 1794 3635 1837 enumerare
3684 1798 3790 1838 ne—

2125 1880 2288 1919 cesse
2317 1868 2426 1927 est,
2461 1877 2591 1916 cum
2623 1866 2860 1931 propter
2899 1878 2998 1918 eos
3031 1864 3218 1932 nobis,
3245 1871 3302 1921 et
3331 1869 3561 1925 cunctis
3592 1872 3786 1941 regio-

2126 1953 2219 2007 nis
2241 1952 2420 2021 hujus
2449 1950 2874 2006 habitatoribus
2903 1951 3248 2022 scientibus,
3271 1958 3438 2012 tanta
3468 1940 3784 2015 caedes-lm-

2129 2042 2354 2095 minum
2388 2039 2467 2094 sit
2514 2045 2861 2111 perpetrata,
2898 2048 2962 2096 ut
2993 2043 3248 2115 amplius
3280 2061 3456 2117 quam
3488 2049 3650 2105 mille
3682 2050 3786 2106 ho-

2056 2158 2098 2221 B
2130 2130 2318 2221 mines
2349 2129 2466 2184 sint
2498 2130 2819 2198 prostrati?
2866 2130 3106 2187 Talibus
3137 2139 3331 2189 autem
3388 2137 3596 2204 favere,
3640 2139 3784 2209 quid

2133 2219 2290 2273 aliud
2321 2224 2428 2282 est,
2457 2234 2629 2287 quam
2649 2218 2967 2274 sceleribus
2998 2236 3197 2276 eorum
3214 2224 3548 2281 consentire
3577 2228 3604 2282 ‘?
3634 2229 3785 2284 Cum

2134 2328 2301 2366 ascra
2331 2311 2638 2380 Scriptura
2666 2310 2787 2364 haec
2822 2311 3147 2382 prohibeat,
3181 2316 3419 2372 dicens:
3460 2319 3574 2374 Non
3605 2321 3791 2376 solum

2131 2403 2227 2471 qui
2254 2402 2469 2469 faciunt
2494 2400 2796 2467 culpabiles
2828 2403 3098 2469 existunt,
3129 2404 3221 2460 sed
3249 2408 3414 2461 etiam
3440 2410 3539 2478 qui
3566 2425 3796 2465 comen-

2130 2492 2277 2544 tiunt
2321 2489 2653 2559 facientibus
2711 2488 2774 2542 ³⁵.
2833 2490 3075 2546 Talibus
3132 2493 3286 2547 enim
3343 2513 3440 2549 vos
3499 2498 3796 2553 obsistere

2131 2579 2269 2633 totis
2302 2579 2522 2632 viribus
2548 2578 2858 2648 optimum,
2897 2596 2965 2633 ne
2992 2580 3370 2638 involvamini
3406 2588 3662 2655 peccatis
3687 2603 3789 2642 eo-

2132 2685 2285 2731 rum,
2322 2683 2390 2721 nc
2438 2668 3101 2724 excommunicatiunem
3161 2688 3363 2727 eorum
3418 2675 3788 2745 suscipiatis.

2131 2756 2300 2811 Tales
2332 2755 2483 2810 enim
2518 2773 2552 2810 a
2582 2755 2744 2810 vobis
2782 2755 2978 2827 procul
3003 2758 3256 2828 abjicite,
3290 2778 3361 2815 ne
3393 2766 3627 2834 propter
3657 2763 3786 2818 ani-

2130 2845 2457 2913 mositatem
2482 2843 2702 2916 populi,
2720 2844 3002 2917 sacrilega
3025 2848 3392 2904 dissensione
3422 2851 3789 2922 dispereunt,

2128 2934 2324 3005 itaque
2353 2933 2641 3003 optimum
2676 2950 2777 2987 vos
2800 2933 3084 3005 improbis
3108 2937 3285 3006 probe
3309 2939 3597 2994 resistere.
3629 2943 3789 3006 Qua-

2130 3029 2365 3095 propter
2394 3023 2441 3076 si
2477 3021 2845 3091 neglcxeritis
2876 3024 3191 3081 deturbare
3242 3043 3566 3097 perversos,
3598 3028 3791 3101 liquet

2131 3111 2284 3181 quod
2314 3126 2513 3165 eorum
2583 3110 2900 3180 protegatis
2954 3127 3230 3167 errorem.
3273 3114 3388 3169 Nec
3436 3133 3570 3170 vero
3622 3122 3790 3173 caret

2129 3198 2387 3271 scripulo
2416 3198 2715 3253 societatis
2742 3198 3001 3269 occultas,
3038 3200 3135 3271 qui
3175 3203 3481 3260 manifeste
3510 3206 3788 3262 facinori-

2130 3289 2242 3343 bus
2270 3288 2474 3343 disinit
2497 3288 2747 3342 obviare.
2794 3287 2966 3343 Decet
3003 3289 3156 3344 enim
3189 3307 3291 3347 vos
3316 3294 3385 3346 ad
3420 3296 3786 3365 arguendam

2132 3377 2474 3449 proterviam
2500 3376 3016 3447 eorum,linguam
3069 3383 3321 3435 vestram
3369 3399 3667 3452 exacuere,
3724 3389 3791 3439 et

2129 3466 2289 3521 velut
2310 3482 2633 3521 venenosos
2664 3483 2697 3520 a
2736 3466 2903 3521 vobis
2960 3467 3263 3538 repellere,
3307 3486 3377 3524 ne
3434 3487 3635 3526 eorum
3691 3488 3791 3527 ve-

370 3526 823 3545 ηηηπη--η,
856 3526 874 3528 κ
1014 3526 1067 3528 κ-
1509 3526 1525 3537 .
1950 3535 1956 3544 ,
3029 3526 3043 3538 .
3252 3526 3262 3534 .
3740 3526 3743 3527 ν

370 3551 2021 3634 cellusAncirae,AsclepiusGazze,Lucianusque[Lucius]
2055 3526 2096 3591 Ο
2132 3571 2281 3609 neno
2312 3572 2435 3621 vos,
2470 3555 2764 3625 vestrique
2806 3554 3064 3627 inaliquo
3086 3557 3454 3613 sauciemini.
3480 3561 3795 3616 Sufﬁciant

371 3651 859 3721 Adrianopolites,
883 3668 984 3723 pro
1020 3648 1196 3706 certis
1242 3644 1610 3709 criminibus,
1672 3640 1887 3712 quibus
1917 3638 2024 3694 ad-

376 3741 613 3798 versarii
648 3747 788 3795 sunt
815 3741 969 3813 apud
1031 3755 1138 3795 nos
1189 3735 1481 3807 inscripti,
1533 3747 1659 3803 qua:
1715 3744 1816 3800 per
1873 3744 2024 3799 prae-

370 3834 567 3887 sentes
624 3829 801 3901 hujus
857 3827 1114 3900 epistolas
1167 3826 1383 3881 latores
1447 3821 1645 3877 omnia
1701 3819 1810 3874 sub
1866 3821 2023 3872 certa

370 3913 653 3975 relatione
684 3924 885 3974 vestrae
916 3918 1279 3973 innotescere
1309 3930 1423 3968 non
1454 3908 1779 3967 omittimus
1807 3906 2020 3962 sancti-

375 4011 504 4066 tati.
538 4007 1014 4079 Quibusagnitis,
1048 4006 1096 4060 si
1130 4003 1345 4059 nostris
1378 3997 1809 4074 placitismagis
1840 4014 2017 4068 quam

364 4115 574 4157 eorum
598 4097 1136 4153 machinationibus
1165 4092 1470 4159 assentire,
1503 4093 1559 4145 et
1580 4089 1876 4144 ordinatos
1898 4087 2017 4158 epi-

374 4210 582 4265 scOpos
613 4194 669 4247 in
703 4194 1114 4247 damnatorum
1146 4186 1272 4243 loco
1292 4185 1525 4239 firmare
1542 4180 1779 4253 eligitis,
1815 4195 2016 4250 pacem

375 4284 702 4350 vobiscum,
727 4287 783 4337 et
808 4278 1282 4337 communionem
1345 4274 1558 4328 habere
1613 4270 1907 4325 volumus.
1958 4269 2015 4323 Si

365 4387 499 4427 vero
529 4371 699 4427 aliter
726 4369 981 4442 egeritis,
1014 4372 1071 4423 et
1098 4368 1182 4421 eis
1206 4362 1458 4435 amplius
1477 4377 1653 4432 quam
1686 4358 1856 4415 nobis
1879 4374 2015 4413 con-

368 4460 583 4515 sentire
612 4461 766 4516 608
785 4456 1208 4530 judicaveritis,
1242 4451 1533 4508 contraria
1563 4446 2016 4511 celebrabimus,

367 4556 425 4605 et
454 4553 758 4605 vobiscum
792 4549 1069 4619 deinceps
1102 4561 1207 4600 nec
1265 4539 1627 4614 congregari,
1691 4554 1797 4593 nec
1854 4534 2017 4590 vobis

366 4640 621 4704 obedire,
657 4655 762 4693 nec
785 4638 948 4693 vobis
976 4635 1299 4705 vestrisque
1346 4633 1534 4687 favere
1586 4626 1882 4689 volumus,
1914 4624 2014 4678 sed

366 4744 471 4799 per
506 4744 614 4782 nos
644 4727 931 4798 quidquid
974 4724 1184 4780 melius
1215 4721 1565 4792 elegerimus
1590 4730 1759 4786 agere
1786 4714 2017 4768 conabi-

367 4834 520 4873 mur.
577 4817 720 4875 Nam
757 4815 955 4870 nullus
977 4817 1068 4869 est
1094 4813 1151 4866 in
1186 4812 1293 4866 hac
1343 4813 1504 4881 parte
1551 4810 1840 4859 terrarum
1877 4808 2010 4857 aeta-

2134 3643 2220 3697 hai
2252 3643 2418 3698 vobis
2441 3642 2821 3714 querimoniae
2852 3648 3053 3699 contra
3076 3662 3173 3700 eos
3225 3646 3453 3709 delatis.
3501 3649 3785 3720 quoniam

2132 3732 2498 3802 derelinquat
2521 3748 2626 3787 nos
2646 3734 3233 3802 tempus,secundum
3256 3737 3407 3806 quod
3434 3737 3517 3791 ait
3538 3744 3789 3809 Aposto-

2131 3820 2245 3891 lus,
2282 3821 2329 3876 si
2362 3819 2722 3876 voluerimus
2754 3821 3018 3876 omnium
3051 3822 3496 3893 obloqnentium
3550 3826 3784 3883 oblatas

2129 3915 2333 3966 contra
2388 3927 2488 3966 eos
2518 3910 2839 3982 producere
2873 3910 3165 3981 querelas,
3199 3914 3452 3969 maxime
3492 3932 3626 3970 cum
3660 3916 3787 3972 haec

2127 3998 2297 4055 nobis
2330 3999 2646 4063 sufﬁciant,
2680 4015 2806 4070 quae
2841 4000 3113 4070 superius
3144 4001 3298 4055 dicta
3340 4008 3496 4057 sunt.
3532 4004 3646 4060 Nec
3671 4023 3779 4060 no-

2130 4090 2220 4145 bis
2250 4105 2488 4145 necesse
2534 4088 2743 4143 iterum
2797 4104 2996 4143 eorum
3058 4090 3361 4162 divulgare
3413 4092 3586 4162 male,
3639 4111 3778 4149 cum

2126 4178 2255 4250 ipsa
2289 4195 2390 4249 per
2441 4193 2501 4232 se
2534 4177 2838 4249 prodeant,
2862 4182 2917 4231 et
2948 4178 3199 4235 maxime
3230 4196 3434 4236 omnes
3463 4182 3781 4239 orientales

2125 4273 2306 4322 testes
2333 4284 2509 4338 super
2552 4282 2752 4321 eorum
2790 4265 2964 4321 malis
3014 4267 3287 4322 existant.
3342 4271 3398 4325 In
3459 4286 3557 4325 ore
3602 4274 3776 4341 enim,

2121 4358 2285 4428 juxta
2317 4357 2472 4427 quod
2522 4355 2802 4426 scriptum
2828 4361 2938 4425 est,
2971 4356 3210 4411 duorum
3237 4359 3321 4413 vel
3352 4361 3519 4414 trium
3555 4362 3779 4415 testium

2122 4446 2287 4501 stabit
2324 4460 2484 4500 omne
2510 4444 2736 4499 verbum
2762 4445 2829 4497 ⁸³.
2857 4444 3085 4506 Quanto
3138 4447 3327 4511 magis
3390 4447 3444 4501 in
3508 4448 3779 4503 multitu-

2125 4526 2260 4589 dir'ic
2296 4540 2589 4588 tantorum
2622 4534 3014 4599 sacerdotum,
3050 4534 3423 4605 pupillorum,
3469 4538 3775 4605 abbatum;

2125 4623 2207 4678 vel
2234 4621 2679 4685 monachorum,
2714 4625 2768 4676 et
2798 4622 3015 4692 scripto
3040 4627 3096 4676 et
3127 4640 3262 4677 voce
3310 4629 3510 4678 contra
3562 4625 3773 4681 horum

2126 4712 2472 4782 pravitatem
2508 4711 2770 4780 quotidie
2800 4712 3297 4766 acclamantium?
3333 4712 3450 4768 Nos
3483 4731 3613 4768 vero
3668 4715 3769 4769 diu

2121 4800 2584 4872 exspectavimus
2606 4816 2704 4855 eos
2738 4816 2838 4870 per
2869 4800 3117 4855 multam
3173 4803 3539 4872 patientiam,
3576 4809 3642 4858 ut
3680 4806 3774 4858 fa-

364 4911 481 4963 tem
540 4906 784 4974 habens,
861 4904 960 4977 qui
1025 4904 1251 4974 ignoret
1308 4898 1717 4971 przedictorum
1790 4891 2007 4947 volumi
2040 4898 2087 4963 ι)
2116 4895 2313 4946 carent
2341 4906 2501 4959 uvas,
2536 4889 2634 4945 sed
2666 4888 3115 4944 illiecontrario
3162 4892 3772 4949 feceruntlabruscas.

363 5013 439 5051 na
496 4997 890 5053 seductorum.
967 4994 1208 5063 Pr0pter
1263 5005 1362 5043 eos
1421 4985 1577 5040 enim
1630 4982 1815 5038 multa
1871 4987 2011 5036 sunt

362 5087 516 5143 mala
567 5091 822 5159 peracta,
883 5083 1068 5140 multa
1105 5079 1353 5135 concilia
1412 5073 1657 5129 diversis
1713 5077 1771 5125 et
1838 5088 2008 5143 aspe-

358 5176 439 5233 ris
470 5175 833 5247 temporibus
892 5171 1201 5233 celebrata,
1263 5165 1460 5222 multa:
1516 5159 2003 5231 machinationes,
2058 5206 2065 5227 ,

357 5266 544 5322 multa
577 5264 746 5320 nobis
802 5259 1116 5334 opprobria
1168 5256 1350 5321 illata,
1386 5260 1444 5309 et
1488 5251 1605 5308 alia
1638 5250 1843 5318 multa,
1875 5266 2004 5320 quae

355 5371 703 5412 enumerare
724 5352 1073 5426 perlongum
1104 5353 1212 5407 est.
1259 5347 1429 5414 Nam,
1461 5344 1510 5400 si
1532 5342 1624 5397 his
1674 5340 2004 5397 consentire

421 5559 465 5593 ⁸¹
496 5558 661 5613 Prov.
693 5571 853 5622 xvm,
889 5555 939 5609 1,
1035 5552 1082 5587 ⁸⁸
1109 5551 1276 5606 Rom.
1313 5566 1351 5617 ι,
1385 5549 1473 5602 35.

417 5736 531 5807 (39)
559 5732 903 5789 Theodorus
930 5728 1291 5786 Perinthius.

2118 4980 2234 5035 Vos
2264 4996 2401 5049 ergo
2452 4995 2564 5033 non
2626 4977 2905 5048 optimum
2951 4979 3020 5032 de
3085 4984 3290 5033 caetero
3340 4980 3657 5051 negligere,
3717 4988 3777 5037 et

2118 5070 2347 5123 dill'erre
2370 5066 2535 5137 tales,
2571 5084 2640 5121 ne
2671 5067 2843 5137 (quod
2894 5067 3046 5121 absit
3078 5067 3115 5138 l)
3176 5076 3498 5125 memorata
3524 5071 3776 5128 crimina

2117 5175 2316 5215 eorum
2351 5155 2780 5211 subimitemini
2836 5155 3257 5211 irrationaliter
3308 5157 3615 5228 episcopos
3667 5177 3772 5231 po-

2116 5252 2340 5303 nentes.
2381 5246 2493 5316 lpsi
2515 5245 2696 5313 enim,
2721 5245 2831 5299 nisi
2859 5246 2978 5298 cito
3002 5248 3391 5316 corrigentur,
3425 5248 3594 5316 juxta
3612 5251 3770 5318 quod

2114 5341 2323 5396 beatus
2353 5335 2667 5408 Apostolus
2717 5340 3099 5408 protestetur,
3127 5336 3435 5394 Secundum
3485 5338 3771 5398 duritiam

1567 5546 1589 5580 ³
1612 5543 1818 5601 Matth.
1848 5557 2007 5611 xvm,
2034 5540 2120 5594 l6.

2180 5719 2293 5791 (40)
2323 5721 2451 5771 Haec
2484 5731 2552 5771 ex
2584 5715 2831 5770 Historia
2864 5714 3175 5783 tripartite.
