4104 6354
346 408 496 464 1457

1225 410 1559 468 .l’ON'I‘lF.
1614 410 1800 469 llOM.
1849 411 1948 468 ΕΤ
1996 411 2418 470 ATHANASH
2471 414 2893 473 El’lS’l‘OLAE.

3599 419 3758 480 1458

309 541 626 615 ,εον-ιωιριί
649 555 740 592 cor
783 541 1126 609 impwnitens
1174 544 1552 597 thesaurimnt
1595 543 1704 596 sibi
1748 544 1890 596 iram
1934 542 1990 595 in
2023 545 2076 610 Α
2110 548 2344 613 propter
2374 561 2508 598 eum
2542 545 2660 600 sint
2691 551 2944 615 peracta,
2979 549 3077 602 sed
3103 549 3278 604 etiam
3313 551 3553 621 quidam
3576 551 3750 621 ajam

343 627 644 696 (Iz'ez'r.'c,r.'t
677 630 1027 684 reuelationis
1072 631 1207 695 iusti
1233 632 1440 700 judicii
1487 633 1601 699 Dei,
1656 633 1753 702 qui
1808 631 1994 686 reddet

345 720 645 787 unicuique
673 718 967 771 secundum
990 735 1153 788 opera
1183 719 1330 789 [ejus
1379 721 1440 772 ⁸⁸.
1502 721 1607 784 Qui
1667 719 1988 789 corrigendi

346 812 507 870 sunt,
543 824 641 877 per
677 806 1054 877 temporalem
1090 807 1562 875 delectationem,
1596 815 1650 862 et
1686 825 1782 878 per
1831 824 1990 861 men-

345 895 528 960 dacia,
562 901 736 965 atque
769 897 1049 965 ﬁgmenta
1082 897 1379 958 sua,vobis
1412 897 1496 950 eis
1520 914 1827 950 assensum
1858 914 1992 967 pras-

342 984 637 1052 bentibus,
672 989 885 1038 (eterna
919 985 1162 1055 perdent
1196 986 1456 1055 praemia,
1497 1003 1623 1056 quae
1659 1003 1759 1056 per
1797 1001 1990 1038 veram

344 1074 748 1143 pumitcntiam
783 1075 1059 1144 consequi
1100 1075 1486 1145 possunt.Nec
1520 1075 1640 1130 haec
1672 1092 1797 1145 qua:
1850 1092 1989 1144 pra:-

341 1163 494 1216 dicta
542 1168 679 1216 sunt
725 1162 1094 1217 solummodo
1149 1164 1469 1218 Athanasio
1527 1168 1584 1217 et
1641 1163 1993 1234 sequacibus

341 1252 468 1321 ejus
530 1251 880 1322 irrogamus,
915 1253 1013 1306 sed
1047 1253 1247 1322 etiam,
1282 1254 1436 1323 quod
1468 1257 1669 1307 contra
1727 1257 1987 1323 regulam

340 1341 544 1411 egerit,
582 1357 757 1410 quam
793 1358 898 1395 nos
931 1343 1388 1397 decrevernlnus.
1426 1343 1570 1406 Quia
1604 1359 1714 1396 non
1762 1341 1990 1396 decreto

343 1430 678 1483 communis
715 1430 940 1484 concilii
975 1431 1381 1502 episcoporum
1445 1432 1662 1502 recepit
1723 1431 1988 1484 sacerdo-

342 1517 509 1584 tium,
546 1521 640 1573 sed
677 1519 914 1574 sibimet
962 1522 1308 1590 arrogando,
1368 1519 1683 1575 Ecclesiam
1735 1519 1845 1574 fuit
1903 1519 1988 1574 in-

340 1624 603 1677 gressus,
637 1613 690 1662 et
731 1609 786 1662 in
819 1609 954 1662 sedo
987 1610 1222 1674 resedit,
1257 1626 1389 1664 cum
1419 1610 1642 1663 dudum
1688 1609 1988 1664 decretum

342 1696 546 1750 fuisset
578 1696 805 1750 nullum
840 1714 872 1752 a
906 1698 1178 1768 pauciorc
1208 1715 1451 1753 numero
1486 1697 1712 1752 restitui
1757 1698 1985 1766 debere,

338 1800 514 1855 quem
550 1786 877 1857 depositum
918 1787 1096 1841 fuisse
1129 1792 1440 1842 constaret.
1465 1787 1986 1857 Deinde,quoniam

335 1875 465 1944 ejus
497 1875 747 1929 adventu
781 1875 856 1930 sit
891 1879 1062 1931 turba
1093 1882 1407 1945 commota,
1441 1875 1797 1947 plurimique
1829 1875 1984 1930 sedi-

333 1964 492 2019 tione
523 1965 640 2019 sint
665 1965 902 2030 mortui,
937 1971 994 2020 et
1025 1982 1137 2020 non
1173 1967 1363 2020 solum
1417 1965 1537 2020 haec
1595 1981 1697 2036 per
1737 1981 1870 2020 eum
1932 1967 1988 2018 et

2105 632 2262 686 dicto
2291 633 2605 687 Athanasio
2638 634 2790 696 cassi,
2816 636 3118 705 judicibus
3150 637 3428 694 dicuntur
3456 656 3585 695 esse
3610 656 3746 695 con-

2104 721 2323 774 traditi.
2385 726 2533 784 llzec,
2595 727 2651 775 et
2704 722 2818 777 alia
2869 724 3319 782 innumerabilia
3367 732 3508 782 sunt
3547 729 3618 783 ab
3677 745 3744 783 eo

2104 809 2344 880 suisque
2376 811 2728 880 sequacibus
2768 811 3142 882 impudenter
3198 821 3549 886 perpetrata,
3600 833 3745 886 quos

2102 898 2662 966 excommunicatos,
2696 901 3116 970 communioni,
3151 904 3741 972 utaudivimus,con-

2101 990 2192 1039 tra
2217 986 2473 1056 regulam
2509 987 2561 1040 in
2597 987 3012 1042 contumeliam
3041 991 3308 1044 omnium
3357 992 3742 1048 Orientalium

2103 1075 2393 1128 sociastis.
2420 1075 2662 1130 Praefato
2693 1075 2889 1146 itaque
2921 1077 3132 1132 debita:
3163 1077 3533 1135 salutationis
3556 1081 3746 1136 ofﬁcio

2103 1169 2338 1234 preptcr
2368 1163 2518 1216 beati
2554 1164 2704 1218 Petri
2732 1164 3324 1237 honorem,impensc
3354 1168 3748 1238 postulamus,

2102 1255 2168 1305 ut
2197 1251 2467 1322 deinceps
2499 1252 2568 1306 ad
2603 1256 2825 1308 vestras
2874 1253 3009 1308 hinc
3060 1255 3357 1310 venientes
3406 1273 3578 1312 aures
3630 1275 3744 1312 non

2101 1344 2219 1394 tam
2254 1340 2420 1395 facile
2449 1341 2797 1396 admittatis.
2834 1342 3031 1412 Neque
3062 1361 3095 1398 a
3125 1344 3294 1399 nobis
3323 1346 3745 1412 ,excommuni-

2103 1433 2260 1483 catos
2296 1429 2447 1483 ultra
2480 1429 2668 1484 velitis
2690 1431 2974 1500 excipere,
3012 1449 3080 1486 nc
3103 1449 3392 1488 canonum
3420 1439 3747 1506 transgres-

2101 1535 2262 1573 sores
2290 1517 2689 1584 inveniamini,
2719 1520 2820 1574 sed
2849 1520 3039 1592 magis
3068 1521 3234 1576 salva
3265 1522 3520 1578 fraterna
3560 1523 3745 1578 chari-

2099 1610 2236 1672 tate,
2268 1614 2524 1662 erratum
2549 1607 2656 1662 hoc
2687 1607 2744 1660 in
2780 1613 3077 1679 posterum
3125 1611 3368 1666 minime
3410 1611 3740 1683 patiamini.

2099 1696 2166 1750 Et
2202 1695 2593 1768 subscriptio:
2644 1697 2916 1752 Orantem
2960 1716 3064 1768 pro
3119 1699 3290 1755 nobis
3345 1700 3741 1772 apostolatum

2099 1789 2355 1840 vestrum
2391 1785 2672 1840 Dominus
2703 1803 2819 1842 aevo
2850 1787 3144 1844 custodiat
3193 1788 3475 1861 longiore,
3527 1789 3744 1846 beatis-

2101 1874 2248 1930 sime
2269 1878 2458 1929 Pater.
2487 1879 2692 1929 Amen.

1012 2118 1348 2188 Reseriptum
1375 2117 1519 2172 Julii
1545 2131 1704 2187 papa?
1732 2123 1923 2171 contra
1954 2113 2262 2170 Orientales
2289 2131 2386 2186 pro
2432 2114 2726 2170 Athanasio
2757 2118 2808 2169 et
2837 2121 3069 2171 caeteris.

401 2242 596 2297 Julius
627 2247 839 2296 sancta:
886 2243 1156 2297 Romanae
1208 2248 1265 2297 et
1323 2241 1654 2314 apostolica:
1713 2239 1981 2295 Ecclesiae

331 2333 663 2404 episcopus,
701 2332 970 2398 Eusebio,
1005 2331 1356 2401 Theogonio,
1410 2331 1738 2394 Theodoro,
1794 2329 1982 2384 Berin-

333 2421 454 2484 tho,
489 2427 546 2475 et
572 2420 791 2476 caeteris
809 2420 1201 2474 Orientalibus
1233 2419 1546 2490 episcopis.

401 2511 513 2580 (41)
547 2510 825 2563 Deeuerat
857 2526 955 2564 vos
999 2517 1278 2563 adversus
1331 2512 1596 2562 sanctam
1656 2507 1972 2562 Romanam

331 2607 387 2654 et
417 2598 799 2670 apostolicam
827 2598 1166 2663 Ecclesiam,
1219 2597 1437 2664 limata,
1488 2606 1539 2652 et
1591 2613 1706 2651 non
1761 2595 1977 2650 ironice

333 2688 512 2758 loqui.
561 2690 842 2753 Quoniam
896 2693 951 2741 et
1001 2688 1121 2757 ipse
1164 2687 1469 2754 [Dominus
1539 2691 1738 2741 noster
1812 2686 1978 2739 Iesus

335 2780 604 2832 Christus
635 2794 760 2831 eam
799 2779 1073 2830 decenter
1104 2777 1418 2841 allocutus,
1452 2776 1529 2830 ait
1566 2793 1577 2829 :
1631 2782 1714 2830 Tu
1753 2791 1827 2840 es,
1891 2775 1979 2828 in-

337 2869 483 2936 quit,
519 2870 733 2929 l'clrus,
768 2871 819 2921 et
849 2883 1012 2936 super
1041 2868 1184 2919 hanc
1213 2874 1422 2936 petram
1471 2865 1749 2932 aediﬁcabo
1801 2864 1980 2918 Eccle-

336 2958 482 3010 sium
503 2972 700 3023 meum,
735 2960 785 3010 et
815 2966 987 3026 parur
1018 2956 1189 3024 inferi
1223 2973 1331 3009 non
1374 2954 1750 3025 prrevatebunt
1785 2953 1980 3008 adver-

335 3061 426 3098 sus
464 3061 602 3110 enni,
636 3049 685 3098 et
717 3045 819 3099 tibi
840 3046 981 3098 dabo
1012 3044 1189 3098 claves
1237 3046 1394 3111 regni
1440 3043 1702 3098 cwlorum
1741 3043 1804 3096 ⁸⁵.
1868 3042 1983 3096 Ha-

342 3134 433 3188 bet
495 3134 646 3187 enim
721 3139 1064 3204 potestatem
1134 3133 1418 3202 singulari
1500 3131 1800 3203 privilegio
1871 3131 1984 3186 sibi

340 3239 700 3289 concessam,
758 3223 980 3292 aperire
1028 3226 1083 3275 et
1129 3219 1397 3276 claudere
1450 3222 1666 3291 januas
1732 3219 1986 3276 cmlestis

341 3311 524 3382 regni,
559 3312 774 3381 quibus
803 3311 1066 3365 voluerit.
1099 3309 1243 3365 Nam
1277 3312 1326 3364 si
1374 3312 1423 3365 ei
1480 3310 1806 3376 detrahere,
1859 3327 1984 3380 qua:

2093 2239 2352 2312 suscepit
2372 2239 3076 2311 prasulatumAdversus
3099 2261 3273 2316 quem
3295 2248 3538 2317 ejusque
3563 2251 3746 2303 secta-

2090 2332 2267 2395 tores,
2311 2329 2498 2384 multa
2545 2331 2850 2387 mendacia
2887 2338 3172 2403 texentes,
3223 2339 3280 2389 et
3329 2337 3516 2392 nudas
3571 2337 3738 2391 valde

2089 2417 2438 2484 calumnias,
2471 2419 2640 2489 quasi
2662 2437 2826 2475 voras
2850 2423 3258 2480 accusationes
3293 2430 3736 2496 componentes,

2088 2507 2257 2561 nobis
2292 2506 2612 2563 multorum
2644 2509 2934 2565 malorum
2957 2528 3090 2566 cum
3117 2529 3378 2580 causam,
3403 2519 3527 2569 tum
3554 2519 3734 2586 caput

2087 2613 2214 2651 esse
2243 2595 2646 2666 perhibuistis.
2673 2597 2739 2652 Et
2787 2616 2900 2653 non
2943 2599 3134 2655 solum
3187 2603 3342 2674 apud
3389 2603 3728 2674 Egyptum,

2089 2686 2188 2740 sed
2242 2685 2418 2740 etiam
2460 2686 2614 2757 apud
2665 2687 3033 2744 Palaestinam
3081 2693 3138 2744 et
3172 2691 3529 2762 thnicem,
3587 2691 3730 2746 vici-

2091 2790 2311 2845 nasque
2337 2779 2538 2842 gentes
2587 2775 2823 2846 scriptis
2871 2779 3081 2833 vestris
3129 2778 3288 2834 illam
3343 2780 3731 2851 perturbatio-

2092 2880 2224 2917 nem
2259 2880 2385 2918 esse
2417 2864 2814 2933 signiticastis.
2867 2868 2989 2931 Qua
3039 2867 3109 2922 de
3162 2884 3222 2922 re
3272 2869 3734 2924 ecclesiasticam

2094 2957 2398 3022 sequentes
2432 2953 2718 3024 regulam,
2747 2971 2844 3009 vos
2867 2961 2924 3009 et
2954 2955 3105 3011 illos.
3156 2958 3349 3012 Rome
3393 2958 3741 3028 regulariter

2094 3042 2163 3096 ad
2185 3041 2478 3111 judicium
2511 3041 2603 3095 die
2621 3047 2862 3108 statuta,
2885 3061 2996 3099 non
3031 3046 3142 3100 sub
3175 3052 3429 3118 angusto
3460 3046 3742 3118 temporis

2093 3132 2304 3201 spatio,
2339 3134 2402 3184 ut
2431 3131 2724 3185 excusatio
2751 3130 2941 3186 locum
2975 3149 3088 3188 non
3123 3135 3398 3201 inveniat,
3435 3135 3646 3190 litteris
3685 3139 3744 3190 et

2096 3219 2489 3290 apocrisiariis
2520 3219 2908 3276 evocavimus.
2946 3221 3152 3294 Illique
3182 3224 3479 3279 vocatione
3535 3241 3739 3279 susce-

2097 3314 2216 3380 pta,
2267 3308 2338 3362 ad
2385 3308 2538 3363 diem
2592 3311 2978 3380 praestitutum
3023 3329 3247 3368 venere.
3305 3315 3416 3369 Sed
3476 3330 3598 3380 vos,
3669 3330 3742 3369 ne

341 3400 570 3455 Domini
604 3418 700 3454 ore
740 3405 984 3465 sacrata,
1036 3405 1214 3470 atque
1268 3400 1521 3470 desuper
1572 3399 1823 3454 exaltata
1871 3406 1978 3462 est,
2013 3398 2056 3464 C
2095 3397 2301 3452 vestris
2335 3398 2656 3454 mendaciis
2687 3400 3064 3470 caperemini,
3106 3406 3414 3473 vestraque
3446 3402 3740 3457 calumnia

340 3488 450 3544 non
484 3490 784 3558 timuistis,
814 3506 913 3543 nec
950 3489 1162 3544 mirum
1196 3488 1244 3544 si
1279 3489 1558 3543 fratribus
1588 3488 1844 3559 irrogare
1892 3487 1980 3541 in-

329 3578 520 3649 jurias
554 3579 794 3633 minime
835 3578 1100 3634 cessatis.
1139 3578 1295 3634 Unde
1329 3579 1446 3648 jam
1480 3577 1712 3632 silentio
1742 3593 1852 3631 non
1901 3581 1982 3631 te-

339 3675 578 3739 guntur,
615 3685 740 3738 quas
775 3674 963 3723 Vestro
996 3666 1242 3722 concilio
1275 3666 1822 3737 turbulento,atque
1849 3683 1982 3720 cum

342 3763 624 3828 potestate
671 3757 905 3812 decreta
953 3757 1091 3810 sint.
1148 3760 1401 3828 Apparet
1447 3756 1627 3822 enim,
1707 3755 1985 3825 quoniam

341 3847 596 3916 quadam
633 3846 1001 3900 tumultuosa
1052 3844 1586 3915 indisciplinatione
1637 3845 1847 3900 veritas
1901 3849 1990 3900 est

343 3953 646 4007 Oppressa.
680 3937 792 4007 (42)
823 3935 1000 3990 Vobis
1041 3934 1255 4005 quippe
1304 3950 1419 3988 non
1478 3933 1988 3989 considerantibus

346 4043 473 4094 quae
502 4024 728 4095 placent
761 4025 894 4090 Deo,
932 4030 1165 4094 propter
1186 4023 1407 4092 jurgia,
1432 4040 1556 4088 quas
1579 4027 1778 4077 contra
1799 4021 1989 4093 proxi-

350 4130 478 4168 mos
510 4119 730 4167 vestros
761 4114 1004 4177 habetis,
1041 4117 1170 4167 vota
1218 4115 1411 4166 vestra
1458 4109 1814 4165 inevitabilia
1861 4125 1992 4165 esse

347 4202 723 4256 contenditis.
775 4202 880 4255 Sed
934 4202 1043 4256 erit
1104 4217 1250 4271 opus
1318 4199 1529 4253 divina».
1593 4199 1990 4269 providentia,

347 4296 636 4360 quatenus
667 4308 695 4344 e
726 4290 1016 4345 contrario
1061 4308 1091 4342 a
1148 4292 1307 4359 parte
1352 4287 1714 4357 deprehensa
1765 4287 1992 4358 possint

347 4381 634 4434 evacuari.
682 4380 746 4432 Et
779 4378 1057 4448 quidquid
1085 4378 1204 4432 illic
1231 4376 1662 4444 convenientes,
1698 4375 1822 4430 sine
1875 4376 1994 4430 ulla

349 4467 611 4537 qualibet
644 4467 1013 4537 gratia,odio,
1048 4465 1611 4521 autinimicitiarum
1638 4483 1813 4520 causa
1864 4482 1991 4536 ges-

351 4557 531 4622 sistis,
557 4559 820 4610 funditus
846 4557 1062 4628 repelli.
1082 4558 1461 4626 Quapropter,
1488 4572 1619 4609 cum
1645 4554 1804 4609 omni
1836 4555 1993 4609 festi-

353 4647 587 4700 natione
620 4663 716 4700 vos
749 4663 952 4699 omnes
985 4645 1055 4699 ad
1092 4645 1270 4715 hujus
1305 4647 1517 4698 sanctae
1545 4644 1704 4699 sedis
1736 4660 1995 4698 reveren-

2092 3487 2466 3556 enudaretur,
2493 3488 2686 3543 venire
2717 3487 3182 3544 distulistis.Nec
3213 3489 3306 3545 his
3351 3490 3736 3546 machinatio-

2094 3576 2271 3632 nibus
2304 3576 2674 3632 solummodo
2697 3578 2954 3633 contenti
2987 3579 3150 3643 estis,
3176 3581 3272 3635 sed
3307 3580 3483 3635 etiam
3534 3579 3737 3635 viden-

2094 3670 2183 3721 tes
2213 3681 2346 3720 oves
2379 3665 2712 3736 pastoribus
2759 3666 3073 3734 desolatas,
3123 3667 3294 3740 lupos
3336 3686 3438 3740 pro
3490 3668 3738 3740 pastori-

2097 3756 2208 3809 bus
2230 3771 2410 3826 super
2430 3771 2527 3810 eos
2551 3755 2850 3826 posuistis.
2903 3756 3186 3812 Decuerat
3230 3774 3368 3830 ergo
3410 3764 3474 3812 ut
3521 3759 3591 3813 ad
3645 3773 3739 3812 re-

2098 3845 2360 3916 gularem
2396 3845 2666 3900 veniretis
2710 3847 3212 3915 convocatiouem,
3260 3863 3376 3918 quo
3423 3848 3494 3902 de
3537 3846 3631 3902 his
3687 3851 3746 3902 et

2098 3935 2171 3989 de
2203 3934 2335 3990 aliis
2354 3933 2562 3990 vestris
2603 3935 3164 4006 praesumptionibus
3206 3936 3526 3991 redderetis
3568 3935 3744 3992 ratio-

2101 4039 2254 4077 nem.
2290 4023 2572 4086 Quoniam
2598 4028 2928 4078 occurreret
2949 4024 3182 4089 veritas,
3207 4025 3255 4079 si
3281 4025 3511 4080 falsitas
3541 4024 3749 4096 displi-

2101 4116 2274 4167 ceret.
2313 4111 2379 4165 Et
2410 4111 2608 4165 nullus
2640 4111 2872 4166 dubitat
2901 4113 3054 4182 quod
3085 4113 3165 4167 ita
3187 4113 3484 4182 judicium
3535 4131 3750 4168 nocens

2101 4199 2480 4272 subterfugit,
2514 4200 3016 4270 quemadmodum
3051 4199 3150 4271 qui
3181 4207 3270 4254 est
3317 4201 3625 4269 innocens,
3687 4208 3754 4256 ut

2103 4289 2458 4357 absolvatur,
2513 4288 2778 4359 requirit.
2832 4293 2946 4343 Nec
3006 4287 3341 4360 suspicione
3407 4296 3585 4359 caret,
3651 4291 3752 4361 qui

2103 4376 2283 4431 alium
2316 4375 2630 4432 calumniis
2651 4375 2924 4446 objurgat
2955 4373 3102 4430 falsa
3127 4374 3504 4443 dixisse,cum
3537 4375 3662 4447 ipse
3679 4377 3752 4430 ad

2097 4465 2410 4537 judicium,
2444 4470 2507 4518 ut
2551 4464 2751 4536 probet
2801 4481 2925 4534 qua:
2971 4463 3188 4528 intulit,
3236 4468 3512 4519 evocatus
3558 4465 3755 4519 venire

2105 4554 2418 4610 distulerit.
2456 4552 2666 4609 Vellem
2701 4553 2854 4607 enim
2891 4569 2990 4607 vos
3014 4551 3202 4623 magis
3235 4555 3307 4606 ad
3340 4553 3466 4622 jam
3534 4553 3752 4608 dictam

2107 4643 2412 4698 convenire
2442 4642 2820 4707 vocationem,
2849 4648 2912 4695 ut
2937 4657 3129 4697 coram
3159 4641 3474 4696 universali
3505 4641 3753 4696 concilio

353 4734 491 4787 tiam
522 4734 646 4787 volo
670 4751 1035 4795 concurrere,
1062 4738 1352 4802 quatenus
1382 4736 1678 4801 gestorum
1705 4733 1857 4803 apud
1898 4749 1997 4787 vos
2031 4772 2076 4834 Β
2109 4733 2428 4788 redderetis
2451 4733 2758 4794 rationem,
2792 4748 2896 4785 cur
2929 4731 3218 4800 synodum
3256 4731 3326 4786 ad
3370 4736 3591 4786 statum
3651 4731 3752 4785 Ec-

355 4823 745 4892 integritalem
784 4841 882 4893 per
912 4839 1009 4876 vos
1041 4822 1198 4891 ipsos
1234 4820 1474 4892 possitis
1506 4821 1832 4876 ostendere.
1855 4822 1997 4875 Nam

357 4928 461 4965 nec
495 4911 764 4965 dubitare
807 4927 907 4964 vos
949 4910 1118 4964 credo
1169 4908 1578 4973 Athanasium,
1631 4925 1808 4963 sacros
1859 4908 2005 4980 legis

357 5002 674 5067 doctorem,
711 5017 821 5053 non
858 4998 1044 5052 solum
1084 5017 1112 5048 a
1148 4998 1334 5062 nobis,
1366 4997 1464 5052 sed
1499 4999 1674 5051 etiam
1700 5015 1733 5051 a
1776 4997 2008 5052 Nicaana

356 5089 597 5159 synodo,
661 5106 802 5140 verae
868 5088 996 5140 lidei
1050 5088 1202 5140 δεμ
1265 5079 1551 5139 cultorem
1633 5101 1761 5141 esse
1847 5103 2003 5140 com-

359 5184 690 5248 probatum.
725 5179 828 5240 Qui
863 5174 1140 5230 defuncto
1173 5176 1495 5251 Alexandro
1540 5175 1796 5230 mirabili
1846 5194 2004 5245 sene,

355 5267 456 5337 qui
487 5267 604 5320 Arii
641 5271 1034 5336 prostraverat
1087 5264 1506 5336 blasphemias,
1563 5272 1692 5335 post
1751 5265 2006 5335 quinque

359 5373 591 5411 menses
621 5356 836 5410 Nicznni
878 5355 1132 5421 concilii,
1180 5354 1709 5410 Alexandrinorum
1743 5354 2006 5410 Ecclesiae

434 5511 478 5545 3‘
509 5510 674 5565 Rom.
702 5526 762 5579 ιι,
787 5510 839 5574 5,
864 5510 918 5562 6.
951 5508 996 5541 ⁸⁵
1029 5507 1230 5561 Matth.
1267 5524 1377 5572 xvx,
1416 5509 1500 5571 t8,
1539 5508 1622 5560 19.

436 5662 700 5733 (41)Haac
731 5677 798 5716 ex
845 5659 1083 5715 Historia
1117 5660 1402 5728 tripartito
1445 5657 1580 5711 hinc
1631 5664 1685 5712 et
1733 5659 1865 5713 inde
1913 5674 2006 5712 ex-

366 5751 461 5792 cer
466 5741 562 5806 pta
571 5775 592 5792 ..

2111 4821 2422 4876 clesiarum
2454 4826 2510 4875 et
2541 4821 2787 4874 fratrum
2813 4819 2869 4874 in
2918 4819 3230 4874 Antiochia
3276 4819 3754 4886 subvertendum,

2113 4917 2171 4965 et
2218 4909 2434 4964 Nicami
2476 4910 2674 4980 magni
2718 4907 2948 4964 concilii
2997 4907 3457 4964 destructionem
3517 4909 3759 4975 fecistis,

2115 5005 2215 5054 aut
2253 5015 2356 5052 cur
2414 4999 2584 5053 nobis
2645 4997 2996 5053 inconsultis
3019 4997 3326 5069 episcopos
3359 4997 3429 5051 ad
3463 5013 3588 5052 eam
3624 5013 3761 5051 con-

2113 5091 2393 5153 vocastis,
2427 5089 2495 5142 ad
2523 5104 2695 5158 quam
2733 5105 2836 5141 nec
2865 5087 3154 5141 Maximus
3201 5085 3766 5157 Hierosolymitanus

2116 5176 2290 5244 venit,
2361 5194 2461 5230 nec
2537 5182 2734 5230 nostra
2803 5175 3069 5230 interluit
3125 5172 3366 5244 legatio.
3433 5175 3769 5229 Canonibus

2116 5267 2332 5336 quippe
2365 5264 2420 5318 in
2457 5265 2687 5318 Nicaana
2719 5264 2940 5335 synodo
2965 5263 3336 5332 jubentibus,
3389 5279 3500 5317 non
3560 5263 3771 5318 debere

2118 5361 2326 5426 printer
2356 5355 2711 5408 sententiam
2757 5351 3006 5407 Romani
3055 5351 3368 5422 pontiﬁcis,
3425 5351 3543 5406 ullo
3597 5352 3769 5407 modo

2189 5659 2302 5725 (42)
2369 5661 2496 5709 limo
2553 5657 2669 5712 fere
2727 5657 2797 5710 ad
2858 5655 3096 5709 verbum
3154 5653 3213 5709 in
3274 5671 3366 5724 ep.
3401 5655 3770 5713 Constantini

2119 5730 2274 5799 apud
2309 5728 2518 5783 Athan.
