4104 6364
283 433 437 494 M59

1441 430 1505 489 Β.
1557 425 2083 487 ATHANASIUS.
2111 457 2190 468 -
2219 426 2526 486 SPURIA.

3561 432 3575 484 Ι
3595 425 3716 486 460

279 563 526 620 concilia
546 562 851 629 celebrari,
886 577 989 616 nec
1012 561 1316 633 episcopos
1349 559 1636 614 damnari.
1683 561 1797 612 Aut
1834 573 1939 612 cur
1968 559 2021 624 Α
2052 561 2204 623 tum,
2237 574 2350 612 non
2387 555 2629 612 moleste
2662 557 2809 612 ferat
2839 555 3095 628 aliquem
3147 556 3259 611 sibi
3320 572 3449 612 esse
3505 557 3714 628 praela-
3747 593 3761 607 .

278 655 335 709 in
364 653 774 725 praedictorum
810 650 935 706 loco
989 651 1239 706 fratrum
1281 649 1430 704 alios
1487 648 1784 703 adulteros
1835 663 1935 718 po-

284 743 511 809 suistis,
569 746 889 812 antequam
954 757 1130 812 penes
1191 756 1318 809 nos,
1369 744 1471 793 aut
1527 736 1938 808 apocrisiarios

281 835 534 900 nostros,
569 847 770 886 eorum
813 847 992 885 causa
1041 829 1318 884 canonice
1371 833 1526 883 esset
1583 826 1933 894 examinata,

279 922 577 991 finemque
611 919 934 991 perciperet
967 925 1211 972 rectum.
1252 917 1348 971 Isti
1372 916 1551 983 enim,
1585 915 1682 986 qui
1717 915 1788 969 ad
1821 930 1937 968 me-

283 1014 570 1065 moratam
631 1008 897 1080 regulam
960 1023 1188 1075 venere,
1246 1007 1606 1060 vocationem
1673 1004 1935 1058 videntes

274 1117 381 1155 vos
409 1115 441 1153 a
471 1097 767 1170 praedictis
799 1097 1163 1159 subtrahere,
1199 1095 1537 1161 calumniis,
1587 1093 1774 1146 multa
1831 1091 1934 1145 ad-

275 1204 481 1243 versus
511 1204 612 1242 vos
663 1185 1064 1258 lacrymabilia
1115 1189 1171 1238 et
1213 1183 1512 1238 doloribus
1560 1181 1732 1253 plena
1791 1180 1933 1234 refe-

271 1284 431 1332 runt.
459 1279 816 1330 Accusantes
847 1291 947 1328 vos
972 1279 1029 1327 et
1058 1273 1340 1337 dicentes,
1387 1270 1569 1325 multa
1602 1286 1665 1324 se
1719 1271 1934 1338 impor-

271 1365 475 1422 tabilia
502 1383 535 1420 a
565 1364 729 1420 vobis
760 1380 887 1418 esse
921 1379 1150 1433 passos.
1213 1362 1328 1415 Vos
1386 1377 1522 1432 ergo
1584 1358 1935 1430 refugientes

274 1455 490 1521 venire,
543 1453 794 1524 illosque
853 1455 1289 1522 perseverantes
1346 1450 1404 1503 in
1487 1466 1620 1503 vera
1690 1447 1933 1510 ratione,

278 1560 536 1614 suasque
567 1541 896 1598 calumnias
927 1540 1340 1605 reclamantes,
1373 1555 1550 1608 super
1607 1538 1826 1608 quibus
1877 1542 1936 1590 et

277 1632 673 1704 {Egyptiorum
728 1629 983 1701 episcopi
1039 1628 1246 1682 litteris
1305 1626 1473 1682 nobis
1533 1626 1732 1681 missis
1802 1641 1932 1696 pro-

279 1726 589 1782 testantur.
618 1719 764 1784 suis,
792 1717 937 1773 falsa
959 1733 1109 1783 esse,
1138 1733 1265 1788 quae
1293 1721 1494 1770 contra
1524 1714 1932 1780 Athanasium,

279 1826 532 1879 suosque
565 1813 881 1864 sectatores
905 1806 1339 1873 machinantur,
1385 1808 1715 1874 cunctaque
1771 1802 1931 1856 Aria-

2048 652 2197 712 tum,
2224 647 2323 700 sed
2357 645 2908 717 obtemperantiam,
2942 663 3119 717 quam
3149 647 3220 702 ab
3253 647 3389 702 aliis
3437 648 3714 718 requirit,

2046 735 2230 806 gratis
2277 740 2335 790 et
2400 735 2524 806 ipse
2581 735 2882 805 rependat.
2937 737 3305 806 Quapropter
3349 737 3713 808 increpando

2049 825 2212 880 vobis
2243 824 2454 878 scribo.
2478 824 2625 888 Quia
2652 841 2767 878 non
2801 829 2954 879 recte
2988 825 3288 880 tractastis
3318 825 3473 880 viros
3523 825 3712 880 incul-

2048 919 2235 986 patos,
2269 919 2326 967 et
2358 931 2390 966 a
2423 913 2591 967 nobis
2625 913 2867 968 minime
2888 914 3253 969 examinatos
3293 915 3364 969 de
3411 915 3539 969 suis
3601 916 3706 969 Ec-

2045 1001 2237 1056 clesiis
2284 1002 2696 1057 communione
2747 1002 3004 1074 privatos
3054 1003 3357 1074 pollentes,
3409 1009 3466 1058 et
3520 1003 3708 1059 cccle-

2045 1091 2948 1163 siasticaediseiplinaeinjuriam
3004 1091 3353 1164 irrogantes,
3414 1094 3706 1147 constitu-

2049 1183 2290 1250 tumque
2347 1179 2561 1234 Nicaeni
2614 1179 2842 1234 concilii
2895 1180 3137 1236 minime
3187 1186 3506 1246 servantes,
3569 1181 3704 1236 talia

2046 1267 2486 1339 indisciplinate
2517 1284 2685 1338 agere
2718 1285 2830 1323 non
2866 1269 3251 1325 formidastis.
3285 1270 3532 1335 Idcirco,
3558 1287 3698 1341 quo-

2047 1357 2203 1411 niam
2233 1358 2456 1411 dudum
2492 1356 2686 1412 venire
2708 1358 2893 1412 vocati
2928 1358 3229 1426 renuistis,
3266 1359 3437 1414 modo
3461 1361 3531 1414 ad
3581 1375 3706 1414 cer-

2045 1451 2169 1500 tum
2205 1447 2383 1510 diem,
2420 1446 2474 1499 id
2508 1452 2616 1510 est,
2650 1465 2720 1501 xv
2756 1447 2875 1502 Kal.
2927 1448 3293 1516 Novembris,
3344 1466 3444 1504 vos
3495 1451 3706 1504 iterum

2047 1535 2396 1608 regulariter
2422 1535 2654 1605 litteris,
2689 1537 3006 1608 missisque
3034 1554 3368 1604 evocamus,
3404 1543 3466 1592 ut
3510 1557 3706 1594 coram

2045 1625 2211 1679 vobis
2258 1625 2645 1680 ostendamus
2686 1642 2793 1681 nos
2825 1627 3052 1694 justam
3105 1627 3162 1680 in
3228 1644 3327 1682 eos
3391 1629 3711 1700 protulisse

2046 1714 2426 1782 sententiam,
2453 1719 2508 1768 et
2556 1716 2626 1768 de
2660 1721 2862 1769 caatero
2897 1732 3008 1770 non
3039 1715 3178 1770 talia
3211 1733 3340 1772 esse
3400 1734 3707 1788 passuros.

2045 1803 2148 1858 Est
2170 1803 2388 1857 etenim
2423 1803 2479 1857 in
2515 1796 2777 1875 antiquis
2795 1805 3067 1860 Ecclesia;
3099 1805 3338 1860 statutis
3381 1807 3706 1870 decretum,

282 1916 491 1955 norum
529 1896 867 1952 machinata
914 1895 1322 1966 blasphemiis.
1380 1893 1621 1948 Talibus
1680 1906 1934 1962 namque
1972 1926 2018 1989 Β
2048 1897 2112 1946 ut
2169 1893 2264 1962 qui
2330 1891 2521 1946 aliena
2565 1893 2810 1958 invadit,
2857 1910 2969 1948 non
3001 1899 3165 1949 exeat
3193 1894 3546 1965 impunitus,
3601 1896 3703 1950 sed

284 1987 590 2060 figmentis
619 1985 804 2056 liquet
834 2001 931 2038 eos
955 1999 1085 2038 esse
1108 1981 1515 2053 inculpabiles,
1544 1997 1764 2051 vosque
1822 1978 1941 2033 cu]-

283 2075 544 2147 pabiles:
578 2074 719 2145 quia
765 2073 815 2128 si
858 2074 929 2127 de
979 2089 1111 2126 vera
1154 2069 1523 2125 confideretis
1580 2068 1914 2123 innocentia

279 2163 441 2220 nullo
476 2164 644 2218 modo
676 2163 849 2233 ajam
883 2161 1039 2215 dicta
1070 2177 1170 2214 vos
1202 2159 1482 2214 canonica
1515 2157 1938 2211 subtraheretis

280 2251 638 2322 evocatione,
685 2267 814 2321 quae
870 2266 981 2304 non
1043 2249 1260 2315 subito,
1299 2248 1397 2302 sed
1432 2246 1689 2318 spatiose
1713 2246 1938 2300 denun-

282 2341 426 2397 tiata
475 2345 566 2396 est
609 2357 623 2394 :
676 2340 777 2396 sed
822 2338 982 2393 omni
1025 2337 1314 2392 subducta
1360 2335 1649 2408 apologia,
1717 2335 1940 2406 absque

287 2429 620 2486 tardatione
646 2427 868 2495 venire,
894 2432 952 2483 et
1009 2443 1219 2482 causas
1271 2426 1510 2481 reddere
1560 2423 1937 2480 festinaretis.

290 2520 514 2585 Quibus
545 2519 628 2574 ita
657 2517 859 2587 gestis,
893 2516 1102 2587 scripsi
1137 2514 1320 2582 vobis,
1354 2520 1410 2568 et
1441 2514 1717 2568 omnibus
1748 2513 1842 2584 qui
1878 2512 1938 2566 in

293 2607 604 2665 Antiochia
636 2612 839 2662 contra
868 2604 1247 2675 apostolicam
1279 2602 1739 2674 canonicanique
1770 2618 1938 2673 regu-

293 2697 409 2754 lam
433 2695 602 2752 nobis
631 2693 983 2750 inconsultis
1008 2693 1533 2764 t'ueratis,arguens
1557 2708 1658 2746 vos
1682 2689 1936 2762 primum

292 2787 363 2841 de
411 2783 648 2856 injuriis
691 2782 1037 2848 litterarum,
1088 2781 1326 2836 demum
1386 2797 1490 2836 cur
1549 2778 1934 2834 Athanasium

289 2891 557 2947 quosque
585 2877 1016 2929 consectatores
1037 2871 1107 2926 ad
1144 2875 1400 2926 vestrum
1431 2869 1743 2924 concilium
1799 2885 1934 2923 con-

283 2965 600 3020 vocassetis
635 2980 648 3029 ;
681 2960 1004 3018 canonibus
1035 2959 1215 3016 semel
1251 2957 1745 3031 przecipientibus,
1791 2957 1937 3012 nihil

285 3059 451 3109 extra
485 3053 812 3108 Romanum
844 3049 1072 3105 decerni
1108 3049 1442 3120 pontiﬁcem
1477 3066 1490 3116 ;
1540 3048 1631 3101 cui
1683 3047 1823 3114 hinc,
1881 3051 1938 3101 et

284 3144 510 3213 majora
541 3140 925 3196 Ecclesiarum
963 3139 1215 3210 negotia,
1246 3142 1365 3192 tam
1400 3137 1472 3193 ab
1504 3138 1632 3209 ipso
1670 3135 1932 3202 Domino,

282 3247 457 3304 quam
474 3231 545 3286 ab
560 3229 834 3286 omnibus
849 3228 1252 3283 universorum
1270 3225 1648 3281 conciliorum
1667 3225 1935 3280 Patribus

2049 1997 2180 2035 cum
2217 1979 2706 2052 multiplicatione
2737 1982 3024 2036 restituat.
3059 1983 3219 2046 Unde
3249 1987 3305 2038 et
3333 1983 3393 2038 in
3443 1985 3704 2054 Evange-

2051 2069 2126 2124 lio
2158 2069 2442 2140 scriptum
2477 2074 2564 2124 est
2589 2086 2602 2124 ε
2627 2071 2784 2140 Quod
2811 2073 2861 2125 si
2881 2071 3105 2142 aliquid
3141 2071 3492 2143 defraudavi,
3542 2073 3708 2127 redde

2049 2159 2418 2228 quadruplum
2439 2159 2502 2214 ⁸⁵.
2538 2160 2598 2212 In
2631 2158 2754 2231 lege
2779 2177 3012 2231 quoque
3043 2165 3282 2215 cautum
3345 2166 3433 2216 est
3465 2180 3480 2214 :
3535 2163 3702 2216 Male-

2047 2248 2228 2302 dictus
2256 2249 2454 2313 omnis,
2489 2249 2584 2318 qui
2605 2251 2878 2319 transfert
2910 2251 3172 2304 terminos
3200 2252 3446 2322 proximi
3489 2253 3600 2318 sui,
3652 2261 3709 2306 et

2048 2337 2188 2391 dicet
2212 2339 2391 2392 omnis
2412 2341 2646 2408 populus
2667 2338 2732 2391 ⁸⁷.
2765 2340 2950 2393 Amen.
2985 2339 3173 2403 Quare
3205 2339 3387 2394 miror
3435 2355 3537 2395 vos
3587 2344 3706 2394 tam

2049 2429 2300 2482 audaces
2331 2445 2478 2494 esse,
2503 2433 2560 2483 et
2583 2433 2701 2484 tam
2738 2429 3141 2500 imprudenter
3172 2429 3385 2503 egisse,
3416 2435 3475 2485 et
3505 2430 3710 2485 termi-

2049 2534 2176 2583 nos,
2202 2534 2267 2572 ac
2288 2518 2427 2588 jura
2455 2518 2604 2572 beati
2640 2518 2791 2572 Petri
2824 2517 3222 2590 apostolorum
3267 2519 3554 2591 principis
3615 2519 3710 2572 in-

2047 2605 2289 2660 vasisse.
2322 2605 2418 2660 Sui
2444 2604 2624 2672 enim,
2651 2610 2714 2658 ut
2745 2604 2919 2676 paulo
2950 2604 3222 2676 superius
3253 2607 3704 2676 comprobatum

2047 2699 2153 2762 est,
2179 2694 2334 2764 juris
2364 2700 2506 2761 erat,
2543 2699 2607 2748 ut
2635 2695 2859 2765 absque
2889 2695 3018 2765 ejus
3051 2699 3267 2748 sanctas
3299 2693 3458 2749 sedis
3489 2698 3702 2749 aucto-

2047 2782 2217 2838 ritate
2252 2782 2448 2837 nullus
2502 2785 2738 2838 deberet
2784 2787 2885 2837 aut
2929 2782 3178 2838 concilia
3227 2781 3545 2849 celebrare,
3599 2787 3707 2836 aut

2045 2871 2352 2943 episcopos
2400 2873 2471 2926 ad
2530 2873 2818 2944 synodum
2871 2887 3207 2936 convocare,
3263 2871 3352 2926 vel
3418 2873 3704 2927 damnare

2029 2977 2165 3042 eos,
2198 2965 2300 3016 aut
2332 2961 2582 3032 prepriis
2602 2961 2816 3031 pellere
2847 2961 3105 3024 sedibus,
3139 2966 3242 3016 aut
3287 2959 3435 3016 alios
3483 2962 3540 3014 in
3599 2977 3700 3016 eo-

2048 3067 2176 3104 rum
2207 3050 2333 3106 loco
2356 3051 2646 3116 ordinare,
2682 3067 2807 3122 quae
2839 3050 3037 3105 omnia
3081 3067 3181 3105 vos
3231 3056 3518 3106 temerare
3577 3067 3694 3105 non

2045 3139 2350 3194 timuistis.
2384 3139 2530 3202 Quid
2559 3155 2695 3211 ergo
2735 3139 2895 3194 aliud
2953 3144 3043 3194 est
3099 3141 3232 3195 talis
3291 3141 3698 3212 praesumptio,

2049 3231 2160 3284 nisi
2207 3230 2360 3301 quod
2413 3230 2816 3302 apostolorum
2867 3247 3231 3302 suorumque
3290 3247 3703 3286 successorum

283 3288 521 3389 speciali
557 3323 716 3384 sunt,
748 3322 948 3387 utjam
981 3316 1200 3370 dictum
1227 3321 1338 3381 est,
1362 3315 1662 3387 privilegio
1697 3313 1932 3368 tradita.
1967 3288 2010 3353 Ο
2051 3288 2286 3374 decreta
2308 3288 2724 3390 transgredi,et
2755 3288 3222 3375 maledictionem
3255 3319 3528 3391 superius
3544 3336 3710 3375 com—

285 3411 465 3466 Vobis
497 3425 633 3480 ergo
684 3405 1132 3478 refugientibus,
1185 3411 1242 3460 et
1287 3406 1356 3459 ad
1400 3399 1713 3460 concilium
1771 3405 1943 3457 toties

288 3497 618 3555 convocatis
649 3497 856 3551 adesse
888 3494 1243 3560 nolentibus,
1280 3493 1396 3548 illis
1446 3508 1676 3562 quoque
1727 3492 1783 3545 in
1837 3507 1946 3546 sua

290 3585 728 3652 reclamatione,
763 3590 820 3639 et
842 3585 1006 3653 justa
1037 3584 1262 3638 ratione
1321 3581 1798 3653 persistentibus,
1849 3597 1942 3634 ve-

291 3679 966 3747 straquecognoscentes
1014 3672 1283 3737 crimina,
1337 3676 1392 3725 et
1441 3669 1675 3724 illorum
1728 3671 1943 3738 iustam

290 3765 692 3821 examinantes
724 3763 1031 3829 rationem,
1064 3775 1386 3830 omnesque
1419 3775 1517 3814 eos
1547 3759 1778 3812 Nicaano
1808 3773 1945 3811 con-

291 3853 425 3910 cilio
457 3855 857 3923 cooperantes,
883 3853 939 3904 et
980 3848 1195 3904 nostris
1253 3847 1536 3919 apostolis
1575 3845 1946 3916 jussionibus

290 3943 788 4012 obtemperantes,
823 3939 1010 3992 visum
1031 3941 1122 3992 est
1152 3935 1341 4002 nobis,
1367 3952 1432 3990 ac
1473 3936 1742 3990 universo
1801 3951 1944 3990 con-

291 4030 444 4098 cilio,
478 4035 540 4083 ut
571 4045 676 4083 nos
707 4026 920 4082 divinis
953 4026 1275 4098 praeceptis,
1319 4030 1376 4080 et
1423 4024 1762 4096 apostolicis
1821 4040 1945 4079 mo-

291 4119 434 4174 nitis
466 4117 783 4184 informati,
818 4115 917 4186 qui
949 4133 1046 4186 pro
1079 4114 1341 4170 omnium
1378 4114 1763 4169 Ecolesiarum
1791 4118 1943 4168 statu

289 4207 542 4279 impigro
565 4205 806 4276 vigilare
829 4205 1112 4260 debemus
1135 4204 1369 4270 effectu,
1402 4203 1448 4258 si
1483 4204 1805 4274 quidquam
1859 4219 1946 4257 re-

293 4294 666 4369 prehensioni
719 4311 968 4366 usquam
1032 4293 1332 4348 invenitur
1383 4293 1723 4363 obnoxium,
1773 4291 1944 4347 celeri

293 4384 690 4440 sollicitudine
721 4382 793 4438 ab
829 4381 1171 4454 ignorantiae
1218 4381 1512 4453 imperitia
1568 4387 1670 4436 aut
1725 4398 1756 4435 a
1805 4399 1944 4452 pri!)-

295 4472 651 4544 sumptionis
683 4470 1066 4542 usurpatione
1103 4485 1465 4526 revocamus.

371 4563 421 4617 1.
446 4562 547 4617 His
563 4559 759 4616 taliter
771 4559 1156 4615 consideratis
1177 4564 1351 4631 atque
1372 4559 1948 4629 diseretis,tanquam

2053 3408 2427 3481 prehensum,
2456 3409 2515 3461 in
2539 3407 2664 3479 lege
2686 3407 2868 3463 semel
2909 3415 3165 3475 cautam,
3218 3425 3396 3481 quam
3455 3408 3713 3480 populus

2055 3515 2170 3552 uno
2202 3514 2321 3560 ore,
2351 3513 2726 3569 consonaque
2752 3498 3133 3568 responsione
3158 3515 3260 3569 per
3288 3515 3472 3563 amen,
3522 3498 3580 3552 id
3623 3503 3718 3551 est

2056 3587 2176 3650 fiat,
2213 3584 2602 3650 confirmavit,
2625 3587 2922 3657 suscipere
2945 3603 3059 3642 non
3101 3586 3434 3642 timuistis?
3455 3586 3690 3642 Necnon
3707 3631 3720 3653 ,

2057 3680 2122 3729 ut
2180 3690 2329 3740 reor,
2379 3673 2599 3728 talibus
2655 3674 3196 3746 transgressionum
3250 3675 3529 3731 funiculis
3581 3691 3717 3729 con-

2055 3763 2268 3833 stricti,
2304 3769 2597 3832 nostrum,
2649 3777 2720 3818 ne
2777 3767 2971 3819 vestra
3023 3765 3411 3836 proderentur
3456 3764 3708 3836 ﬂagitia,

2055 3868 2295 3906 examen
2320 3850 2681 3916 declinastis,
2710 3855 2767 3907 et
2797 3853 2868 3908 ad
2905 3852 3308 3925 supradictam
3349 3852 3714 3908 vocationem

2055 3939 2250 3995 venire
2273 3937 2608 3994 distulistis.
2645 3941 2796 3994 Sane
2829 3941 3213 3996 manifestum
3246 3946 3358 4008 est,
3389 3958 3560 3996 suum
3615 3957 3720 3997 eos

2055 4029 2316 4084 confiteri
2351 4028 2596 4099 crimen,
2629 4029 2729 4100 qui
2764 4028 2935 4085 toties
2967 4031 3186 4085 evocati
3218 4032 3444 4102 absque
3477 4029 3719 4085 inevita-

2058 4117 2156 4172 bili
2182 4134 2358 4172 causa
2381 4117 2576 4172 venire
2607 4116 3048 4185 distulerunt,et
3078 4120 3367 4190 purgandi
3390 4135 3452 4174 se
3507 4120 3718 4174 volun-

2056 4211 2174 4262 tate
2204 4221 2316 4261 non
2343 4210 2610 4261 utuntur.
2643 4207 2788 4261 Nam
2821 4206 2869 4262 si
2895 4208 2964 4262 de
2989 4208 3198 4264 vestris
3244 4208 3416 4263 dictis
3460 4209 3719 4264 confide-

2059 4296 2220 4360 retis,
2255 4295 2515 4350 etiamin
2565 4296 2770 4352 faciem
2833 4297 3078 4367 probare
3137 4315 3250 4353 non
3309 4297 3718 4353 distulissetis.

2057 4383 2224 4439 Tales
2255 4383 2631 4440 insidiatores
2661 4385 2871 4456 spiritu
2919 4385 3301 4458 praevidentes
3361 4386 3550 4442 sancti
3611 4387 3721 4442 Pa-

2058 4478 2179 4528 tres
2212 4474 2266 4527 in
2303 4475 2494 4528 Nicaga
2525 4475 2885 4546 congregati,
2946 4475 3103 4546 leges
3161 4481 3516 4546 statuerunt,
3570 4493 3722 4548 quas

2062 4580 2167 4618 nos
2199 4581 2452 4618 canones
2485 4565 2876 4636 appellamus,
2912 4584 2980 4621 ne
3013 4566 3181 4623 facile
3203 4567 3370 4640 probi
3401 4569 3472 4623 ab
3499 4567 3719 4637 impro-

299 4651 563 4707 omnium
595 4666 793 4705 curam
829 4655 1120 4721 gerentes,
1145 4654 1379 4720 propter
1400 4647 1556 4702 sedis
1589 4647 1831 4717 propriae
1863 4647 1950 4700 di-
1986 4652 2028 4716 D
2063 4651 2152 4707 bis
2182 4653 2624 4708 damnarentur.
2664 4655 2704 4709 E
2748 4655 2964 4726 quibus
3019 4655 3336 4711 nonnullas
3395 4656 3722 4712 sententias

300 4738 987 4813 gnitatem,suscepimus
1005 4738 1179 4794 eosin
1204 4738 1550 4802 orationem,
1585 4735 1952 4807 singulisque

299 4847 436 4886 eum
467 4828 810 4883 auctoritate
841 4828 1020 4898 hujus
1043 4832 1256 4882 sancta:
1278 4826 1434 4881 sedis
1466 4824 1661 4894 rebus,
1687 4826 1952 4896 proprias

301 4919 668 4975 reddidimus
709 4916 996 4971 Ecclesias
1037 4916 1151 4986 (43)
1204 4914 1484 4986 quoniam
1543 4913 1679 4968 huic
1736 4919 1950 4968 sanctas

300 5008 447 5075 sedi,
481 5011 715 5079 prepter
747 5005 1104 5077 privatorum
1157 5005 1463 5059 hominum
1515 5002 1781 5070 insidias,
1825 5005 1951 5075 ipso

300 5097 542 5154 Domino
566 5095 930 5163 instituente,
967 5100 1024 5148 et
1056 5094 1275 5148 sanctis
1304 5091 1607 5163 apostolis,
1632 5108 1952 5163 eorumque

298 5185 739 5244 successoribus
772 5200 874 5254 per
923 5181 1160 5253 singula
1207 5180 1456 5237 concilia
1514 5182 1948 5248 roborantibus,

298 5277 408 5332 hoc
439 5290 673 5344 semper
703 5272 887 5341 licuit,
924 5270 1515 5341 licebitque,Domino
1548 5268 1950 5336 auxiliante,in

301 5368 668 5437 perpetuum.
705 5344 891 5425 Unde,
925 5359 1024 5430 qui
1057 5360 1170 5414 scit
1207 5377 1269 5414 se
1302 5358 1432 5414 aliis
1493 5374 1621 5414 esse
1671 5357 1952 5430 praeposi-

378 5561 424 5597 ⁸⁸
456 5561 593 5617 Luc.
623 5577 740 5631 xxx,
770 5561 826 5619 8.
847 5559 891 5594 ⁸⁷
920 5559 1091 5614 Deut.
1121 5573 1299 5624 xxvu,
1335 5557 1422 5614 17.

2063 4739 2158 4796 hic
2181 4741 2354 4796 inseri
2386 4743 2799 4813 indicavimus,
2835 4747 2896 4797 ut
2925 4749 3222 4799 tantorum
3251 4745 3490 4800 Patrum
3517 4750 3718 4800 aucto-

2065 4829 2480 4893 ritate,nostra
2519 4833 2894 4888 roboraretur
2950 4834 3233 4904 epistola,’
3279 4838 3456 4904 atque
3513 4851 3722 4889 omnes

2064 4919 2391 4974 Orientales
2422 4921 2540 4976 sive
2574 4921 2934 4993 reliquarum
2971 4922 3227 4993 partium
3253 4922 3534 4994 episcopi,
3599 4923 3722 4978 haec

2064 5008 2389 5074 audientes,
2446 5010 2503 5064 in
2553 5015 2778 5064 tantam
2839 5011 3064 5065 foveam
3125 5027 3236 5065 non
3290 5011 3577 5079 incidant,
3651 5029 3724 5067 ne

2064 5096 2504 5152 damnationem
2587 5115 2616 5152 a
2706 5098 2976 5153 Patribus
3039 5100 3331 5154 decretam
3373 5101 3722 5172 percipiant.

2063 5186 2406 5256 Sequuntur
2464 5188 2620 5242 enim
2669 5204 2738 5242 ex
2822 5175 3097 5260 praedicto
3182 5188 3425 5244 concilio
3493 5189 3727 5246 Nicwno

2063 5275 2214 5331 005
2273 5275 2551 5346 capitula,
2635 5275 2693 5330 id
2743 5281 2853 5343 est,
2934 5294 3093 5344 xvm,
3179 5295 3296 5346 x1x,
3367 5296 3482 5348 xxi,
3562 5296 3728 5350 XXIII,

2063 5379 2218 5432 xxv1,
2276 5379 2453 5434 xxvn,
2495 5381 2693 5434 xxvm,
2752 5382 2987 5432 xxxvm,
3075 5383 3192 5434 xm,
3249 5370 3308 5422 et
3373 5384 3428 5435 v,
3489 5383 3590 5432 vn,
3673 5371 3733 5422 et

387 5754 500 5822 (43)
529 5753 794 5808 Canones
825 5751 1254 5822 subsequentes
1294 5769 1362 5806 ex
1420 5753 1868 5811 Sardicensibus
1907 5761 1965 5813 et
2002 5772 2070 5814 ex
2091 5757 2223 5814 aliis
2253 5757 2641 5813 consarcinati
2673 5762 2830 5814 sunt.
