4104 6380
349 444 489 502 1461

1259 447 1561 505 I’UNTIF.
1618 449 1802 506 llOM.
1856 450 1950 505 ΕΤ
1995 447 2420 506 ΑῚῊΛΝΑΞΙΙ
2469 447 2891 506 ΕΡΙδΤΟῘλίΕ.

3606 443 3765 502 1462

348 592 468 643 νιιι,
502 591 568 628 ac
621 593 692 639 LI,
754 592 849 644 ιιι,
880 593 995 643 Lm,
1054 593 1163 641 Liv,
1204 595 1290 644 LV,
1342 595 1472 645 Lvn,
1526 596 1679 647 Lvui,
1740 596 1848 649 Lix,
1910 597 1997 646 1.x,
2029 584 2082 646 Α
2114 580 2398 634 tuendum
2429 580 2581 650 quod
2617 580 2738 648 ipse
2764 579 2923 647 juste
2953 576 3265 632 censuerit.
3301 577 3372 630 Et
3400 590 3626 639 omnes,
3660 575 3760 644 qui

352 682 460 731 LXI,
497 681 626 731 Lxu,
661 681 825 719 vau.

419 756 471 807 ‘3.
507 754 575 808 Et
604 754 1092 826 omnes,episcopi
1123 755 1217 824 qui
1253 756 1307 809 in
1342 756 1692 826 quibusdam
1729 758 2001 825 graviori-

349 845 462 899 bus
495 843 828 912 pulsantur.
863 843 947 896 vel
979 844 1368 898 criminantur
1397 846 1611 908 causis,
1647 847 1871 916 quolies
1907 862 1998 900 ne-

352 947 515 986 cesse
549 931 742 996 fuerit,
790 929 966 985 libere
1015 932 1393 1002 apostolicam
1437 934 1729 1005 appellent
1776 935 1995 988 sedem.

351 1023 539 1089 Atque
571 1019 640 1072 ad
672 1036 797 1072 eam
831 1022 998 1089 quasi
1033 1022 1102 1074 ad
1142 1025 1384 1075 matrem
1435 1023 1796 1090 confugiant,
1833 1027 1895 1076 ut
1927 1023 1998 1076 ab

347 1126 437 1172 ea,
470 1109 623 1162 sicut
655 1125 886 1179 semper
920 1110 1047 1174 fuit,
1082 1110 1170 1180 pie
1219 1109 1552 1177 fulciantur,
1588 1113 1998 1180 defendantur,

345 1203 403 1253 et
434 1197 966 1267 liberenturﬁujus
999 1198 1372 1268 dispositioni
1405 1217 1610 1255 omnes
1632 1201 1884 1269 majores
1916 1217 2001 1255 ec-

347 1287 708 1342 clesiasticas
732 1293 1028 1352 causas,et
1055 1289 1463 1360 episcoporum
1490 1291 1736 1360 judicia,
1757 1291 1999 1360 antiqua

344 1377 765 1448 apostolorum,
827 1394 1023 1432 eorum
1086 1394 1522 1444 successorum,
1576 1386 1750 1452 atque
1823 1397 1994 1434 cano-

348 1483 486 1520 num
523 1467 839 1520 auctoritas
874 1468 1205 1522 reservavit.
1231 1469 1516 1531 Quoniam
1545 1473 1861 1540 culpantur
1881 1470 1997 1540 epi-

347 1555 504 1624 scopi
541 1555 640 1624 qui
675 1555 844 1609 aliter
871 1573 1006 1624 erga
1039 1558 1241 1611 fratres
1271 1559 1495 1628 egerint
1521 1575 1696 1628 quam
1731 1559 1995 1628 ejusdem

347 1645 504 1697 sedis
537 1660 694 1714 papa
728 1645 847 1699 ﬁeri
881 1644 1179 1714 placuerit.

415 1735 467 1785 3.
504 1732 731 1786 Placuit
761 1740 828 1788 ut
859 1739 1166 1789 accusatus
1198 1735 1281 1790 vel
1326 1737 1625 1803 judicatus
1660 1754 1692 1790 a
1731 1753 1996 1807 compro-

339 1820 688 1875 vincialibus
720 1821 778 1874 in
811 1822 1011 1893 aliqua
1043 1839 1222 1878 causa
1252 1824 1589 1895 episcopus,
1627 1825 1868 1879 licenter
1894 1842 1997 1896 ap-

2109 670 2388 722 adversus
2413 672 2609 722 Patres
2641 671 2965 732 armantur,
2988 667 3237 720 infames
3268 681 3396 720 esse
3425 679 3757 718 censemus.

2109 757 2305 826 Neque
2338 774 2440 811 eos
2469 757 2569 826 qui
2601 773 2734 810 cum
2769 755 3024 808 inimicis
3056 758 3381 819 morantur,
3416 753 3486 807 ad
3520 767 3760 806 accusa-

2106 847 2322 900 tionem
2355 845 2449 898 vel
2480 847 2547 898 ad
2584 843 2984 899 testimonium
3018 843 3400 914 recipiendos.

2185 940 2268 992 11.
2292 938 2523 993 Placuit
2543 942 2608 990 ut
2638 952 2869 1006 semper
2899 935 2958 988 in
2991 933 3362 989 accusatione
3393 933 3760 997 clericorurn,

2110 1029 2297 1095 primo
2333 1044 2600 1098 persona,
2633 1025 2794 1087 ﬁdes,
2829 1024 2968 1092 vita,
3001 1028 3058 1077 et
3088 1022 3449 1077 conversatio
3483 1021 3759 1093 blasphe-

2110 1117 2399 1171 mantium
2437 1118 2855 1186 perscrutetur.
2879 1112 3023 1167 Nam
3051 1112 3194 1165 ﬁdes
3225 1127 3431 1166 omnes
3461 1116 3627 1166 actus
3659 1111 3760 1165 ho-

2111 1205 2286 1259 minis
2322 1205 2646 1276 pracedere
2677 1204 2847 1258 debet
2879 1219 2892 1257 :
2927 1200 3066 1271 quia
3097 1200 3334 1266 dubius,
3367 1199 3621 1254 inﬁdelis
3651 1205 3760 1262 est,

2109 1311 2214 1348 nec
2245 1295 2326 1349 eis
2359 1295 2598 1348 omnino
2620 1309 2747 1346 esse
2779 1290 3149 1358 credendum,
3169 1291 3268 1359 qui
3301 1289 3563 1344 veritatis
3587 1289 3756 1343 ﬁdem

2109 1383 2401 1454 ignorant,
2434 1398 2540 1436 nec
2585 1384 2739 1435 recte
2784 1378 3240 1434 conversationis
3280 1377 3455 1430 vitam
3488 1376 3712 1430 ducunt
3745 1395 3756 1442 ;

2109 1471 2386 1542 quoniam
2421 1471 2586 1539 tales,
2621 1475 2676 1524 et
2709 1468 2894 1535 facile,
2947 1473 3002 1522 et
3050 1468 3450 1522 indifferenter
3503 1465 3762 1521 lacerant

2108 1565 2165 1615 et
2193 1561 2581 1614 criminantur
2611 1563 2762 1613 recte
2793 1563 2849 1612 et
2880 1558 2969 1628 pie
3008 1555 3284 1613 viventes.
3324 1557 3458 1610 Ideo
3501 1555 3759 1625 suspicio

2109 1666 2309 1704 eorum
2345 1649 2712 1703 discutienda
2741 1652 2830 1702 est
2858 1647 3046 1717 primo
3076 1650 3134 1700 et
3164 1645 3526 1716 corrigenda.
3559 1645 3760 1715 Neque

2109 1738 2550 1793 accusatoribus
2598 1736 2909 1806 suspectis,
2945 1735 3100 1790 et‘tle
3158 1734 3532 1789 inimicorum
3583 1733 3758 1788 domo

2109 1827 2534 1898 prodeuntibus
2567 1825 2948 1880 credendum.

343 1907 538 1979 pellet,
563 1915 618 1962 et
639 1911 809 1964 adeat
831 1911 1163 2010 apostolica
1197 1913 1353 1968 sedis
1385 1915 1740 1984 pontiﬁcem.
1767 1916 1871 1977 Qui
1896 1920 1999 1970 aut
2028 1951 2075 2014 Β
2182 1918 2266 1970 12.
2301 1917 2460 1979 Quod
2501 1932 2615 1970 non
2675 1914 2801 2014 alia
2850 1913 3310 2014 metropolitana
3342 1911 3634 1978 Ecclesia,
3667 1912 3754 1965 vel

344 2013 447 2068 per
476 2013 558 2062 se,
591 2004 693 2052 aut
725 2016 825 2069 per
853 2001 1099 2055 vicarios
1129 2018 1290 2066 suos,
1322 2003 1450 2072 ejus
1483 2003 1783 2057 retractari
1817 2021 1992 2073 nego-

342 2087 494 2141 tium
529 2094 815 2157 procuret.
845 2089 908 2142 Et
938 2090 1077 2143 dum
1103 2091 1550 2159 itcratojudicio
1578 2092 1833 2162 pontifex
1863 2109 1994 2146 cau-

342 2192 468 2229 sam
503 2176 873 2246 agit,’r.ul|us
907 2178 1054 2233 alius
1088 2179 1142 2232 in
1177 2181 1306 2248 ejus
1337 2179 1461 2234 loco
1490 2185 1758 2252 ponatur,
1783 2187 1882 2235 aut
1905 2199 1993 2236 or-

341 2264 575 2319 dinetur
591 2268 921 2338 episcopus.
947 2268 1600 2340 Quoniam,quanquam
1625 2272 1991 2341 comprovin-

339 2353 586 2407 cialihus
619 2355 911 2426 episcopis
942 2358 1197 2412 accusati
1231 2373 1428 2412 coram
1457 2359 1676 2413 eisdem
1704 2359 1989 2430 pontiﬁci-

339 2443 449 2496 bus
482 2449 611 2498 acta
646 2445 893 2498 scrutari
930 2447 1117 2505 liceat.
1148 2464 1260 2500 non
1295 2452 1490 2501 tamen
1515 2448 1757 2502 deﬁnire
1791 2449 1989 2503 incon-

340 2533 493 2584 sulto
530 2531 789 2587 Romano
824 2535 1095 2604 pontiﬁce
1130 2535 1482 2605 permissum
1515 2541 1622 2590 est.
1647 2542 1786 2592 Cum
1822 2538 1988 2594 beato

339 2623 506 2674 Petro
539 2622 804 2691 apostolo
837 2640 950 2678 non
988 2625 1058 2678 ab
1091 2624 1205 2679 alio
1240 2641 1416 2696 quam
1465 2626 1538 2679 ab
1589 2626 1715 2697 ipso
1765 2627 1985 2682 dictum

337 2709 415 2763 sit
461 2708 702 2765 Domino
753 2728 765 2765 :
820 2715 1168 2784 Quaecunque
1211 2715 1469 2780 ligaveris
1535 2731 1708 2781 super
1757 2720 1986 2782 terram,

337 2803 498 2852 erunt
533 2799 709 2865 ligata
737 2804 786 2854 et
819 2803 877 2855 in
906 2804 1092 2862 caelis.-
1125 2807 1174 2857 ει
1204 2819 1540 2874 quacunque
1565 2806 1792 2858 solveris
1819 2822 1992 2876 super

338 2890 564 2956 terram,
598 2899 762 2942 erunt
791 2891 970 2945 solum
998 2897 1046 2945 et
1079 2893 1133 2945 in
1167 2894 1316 2946 catis
1338 2891 1400 2945 ⁸⁸.

412 2977 462 3030 4.
497 2977 552 3030 Si
598 2978 731 3048 quis
775 2981 1065 3050 putaverit
1097 2998 1159 3035 se
1189 2999 1222 3035 a
1254 2982 1701 3052 metropolitano
1733 2985 1985 3054 gravari,

337 3066 492 3134 apud
527 3066 834 3137 primatem
883 3071 1218 3136 dicaceseos,
1266 3075 1367 3124 aut
1415 3088 1591 3142 penes
1639 3072 1988 3128 universalis

339 3154 670 3223 apostolica
701 3157 964 3212 Ecclesia
998 3175 1204 3230 papam
1229 3160 1547 3228 judicetur.

405 3245 458 3297 5.
496 3247 898 3312 Accusatores,
944 3253 999 3302 et
1045 3249 1469 3316 accusationes,
1501 3267 1647 3321 quas
1691 3249 1847 3321 leges
1878 3266 1983 3305 sa-

337 3333 452 3387 culi
477 3351 589 3389 non
615 3337 932 3402 asciscunt,
951 3343 1008 3393 et
1031 3356 1136 3393 uos
1159 3338 1518 3394 unanimiter
1538 3341 1981 3408 submovemus,
2014 3316 2056 3382 α

339 3439 409 3476 ne
443 3423 542 3478 ﬁat
573 3425 902 3480 indistricta
932 3427 1271 3498 probatione
1313 3428 1608 3500 impietas,
1651 3446 1784 3484 cum
1833 3434 1988 3485 recta

335 3512 643 3582 sitjudicii
679 3515 732 3568 in
767 3515 1045 3570 electione
1076 3518 1386 3572 sententia.

403 3603 454 3656 6.
479 3603 686 3658 Nullus
718 3605 1028 3677 episcopus
1049 3605 1290 3661 alterius
1313 3607 1731 3677 parochianum
1767 3627 1988 3680 prasu-'

336 3697 455 3745 mat
489 3695 755 3762 retinere,
791 3700 892 3749 aut
925 3696 1215 3762 ordinare,
1252 3698 1473 3768 absque
1501 3697 1630 3767 ejus
1660 3697 1980 3770 voluntate,

334 3781 422 3835 vel
468 3783 748 3853 iudicare,
783 3783 943 3838 salva
994 3790 1190 3839 tamen
1231 3785 1289 3839 in
1339 3786 1614 3842 omnibus
1664 3788 1984 3858 apostolica

334 3872 713 3928 auctoritate:
747 3874 905 3944 quia,
931 3873 1268 3929 sicutirrita
1287 3873 1398 3929 erit
1425 3876 1553 3944 ejus
1585 3876 1984 3942 ordinatio,ita

333 3963 390 4014 et
418 3961 798 4031 dijudicatio;
831 3963 1104 4032 quoniam
1139 3979 1448 4018 censemus
1482 3964 1703 4019 nullam
1737 3965 1980 4021 alterius

323 4049 546 4119 judicis
579 4051 689 4103 nisi
725 4053 813 4105 sui
842 4052 1132 4106 sententia
1161 4052 1343 4106 teneri
1376 4069 1389 4106 :
1426 4069 1559 4107 nam
1594 4055 1691 4124 qui
1726 4071 1858 4109 eum
1887 4071 1980 4108 or-

328 4138 530 4193 dinare
566 4157 674 4193 non
714 4142 918 4209 potuit,
953 4141 1346 4211 necjudicare
1379 4141 1671 4198 ullatenus
1704 4142 1931 4213 poterit.

395 4231 442 4281 7.
483 4232 538 4284 Si
576 4233 708 4302 quis
739 4249 874 4300 erga
907 4233 1246 4302 episcopum
1301 4232 1387 4286 vel
1436 4238 1662 4288 actores
1713 4233 1977 4288 Ecclesia

326 4335 389 4374 se
427 4320 722 4390 proprium
758 4321 969 4375 habere
995 4321 1306 4376 crediderit
1329 4321 1650 4392 negotium,
1678 4339 1790 4377 non
1817 4323 1979 4393 prius

329 4409 768 4480 adeatjudices,
799 4426 974 4480 quam
1003 4411 1069 4464 ad
1107 4427 1205 4465 eos
1238 4411 1828 4475 recurrat,charitatis
1861 4417 1980 4466 stu-

328 4500 446 4564 dio,
473 4507 532 4554 ut
567 4500 838 4556 familiari
872 4501 1161 4572 colloquio
1188 4502 1525 4556 commoniti
1553 4518 1620 4556 ea
1651 4519 1856 4558 sanare
1886 4505 1980 4558 de-

331 4591 523 4656 beant,
572 4607 701 4660 quae
733 4591 788 4643 in
825 4590 1250 4660 querimoniam
1303 4591 1694 4646 deducuntur.
1734 4593 1894 4659 Quod
1929 4593 1976 4648 si

331 4678 496 4733 aliter
526 4679 731 4749 egerit,
764 4678 1177 4733 communione
1209 4678 1484 4749 privetur.

399 4770 450 4820 8.
473 4768 652 4822 Nemo
687 4768 1024 4837 pontiﬁcum
1051 4766 1326 4838 deinceps
1347 4767 1603 4838 aliquem
1637 4770 1975 4840 episcopum

328 4857 452 4911 suis
483 4857 869 4927 exspoliatum
907 4856 1211 4912 rebus.aut
1241 4873 1273 4909 a
1303 4857 1439 4910 sede
1463 4856 1723 4927 pulsum,
1747 4875 1976 4914 excom-

330 4947 630 5000 municare
661 4951 760 4998 aut
785 4944 1050 5014 judicare
1084 4945 1563 5016 prasumat,quia
1592 4963 1706 5001 non
1739 4952 1828 5002 est
1859 4949 1976 5018 pri-

328 5034 601 5105 vilegium
637 5051 750 5104 quo
784 5032 1018 5100 spoliari
1057 5034 1238 5102 possit
1262 5035 1383 5102 jam
1419 5035 1695 5090 nudatus.

396 5126 448 5175 9.
503 5123 629 5176 Pari
681 5131 877 5176 tenore
927 5124 1316 5185 decernimus,
1368 5140 1477 5176 non
1533 5125 1687 5178 credi
1735 5140 1972 5180 accusa-

325 5215 453 5279 tori,
491 5211 585 5282 qui
613 5213 851 5264 absente
880 5212 1208 5265 adversario
1241 5228 1480 5267 causam
1513 5213 1974 5284 suggerit,atque

326 5302 636 5371 utriusque
688 5299 869 5371 partis
919 5299 1370 5369 discussionem,
1431 5317 1534 5356 nec
1583 5307 1972 5371 accusatores,

324 5390 414 5445 vel
450 5396 629 5444 testes
663 5388 914 5459 suscipi;
945 5389 1042 5459 qui
1079 5405 1191 5444 non
1222 5395 1363 5444 eunt
1389 5390 1605 5446 idonei.

395 5481 484 5534 10.
527 5477 769 5544 Placuit,
805 5482 869 5531 ut
899 5477 947 5531 si
998 5483 1307 5533 accusatus
1355 5479 1442 5534 vel
1493 5481 1806 5534 damnatus
1853 5481 1970 5552 epi-

317 5585 532 5641 scopus
564 5565 941 5639 appellaverit
972 5567 1298 5621 Romanum
1345 5569 1700 5638 pontiﬁcem,
1745 5571 1800 5623 id
1854 5576 1969 5625 sta-

387 5777 432 5811 ”
464 5775 669 5832 Matth.
703 5789 821 5843 xv1,
856 5774 941 5828 19.

2105 2006 2385 2076 primates
2427 2005 2563 2070 sint,
2591 2003 2701 2058 nisi
2733 2002 2837 2068 illi,
2869 2002 2966 2072 qui
2991 2002 3153 2074 prius
3179 2001 3459 2074 primates
3489 2005 3673 2070 erant,
3700 2005 3759 2055 et

2104 2100 2237 2164 post
2277 2094 2491 2149 Christi
2530 2094 2841 2148 adventum
2875 2091 3220 2146 auctoritate
3250 2089 3569 2162 apostolica
3589 2094 3646 2144 et
3666 2107 3754 2162 sy-

2104 2184 2321 2250 nodali,
2354 2183 2670 2254 primatum
2700 2181 2912 2235 habere
2940 2185 3299 2235 meruerunt.
3343 2179 3592 2250 Reliqua
3634 2195 3751 2233 non

2104 2274 2406 2343 primates,
2442 2272 2543 2327 sed
2579 2270 2924 2340 metropoles
2955 2273 3252 2333 vocentur,
3285 2283 3608 2339 eorumque
3636 2267 3754 2339 epi-

2102 2363 2259 2432 scopi
2306 2379 2419 2416 non
2473 2361 2809 2432 primatum,
2842 2360 2942 2414 sed
2988 2363 3091 2413 aut
3139 2357 3749 2429 metropolitanorum,

2103 2455 2205 2504 aut
2237 2451 2811 2521 archiepiscoporum
2846 2447 3082 2503 nomine
3113 2448 3397 2502 fruantur.

2177 2540 2256 2593 13.
2287 2540 2538 2594 Inl'ames
2571 2555 2698 2593 esse
2729 2553 3038 2592 censemus
3068 2551 3294 2600 omnes,
3320 2535 3416 2606 qui
3451 2551 3619 2590 suam
3652 2538 3756 2589 aut

2099 2628 2494 2683 Christianam
2527 2627 2979 2699 pravaricantur
3016 2625 3225 2696 legem,
3260 2629 3361 2679 aut
3409 2622 3746 2679 canonicam

2100 2722 2461 2790 postponunt
2492 2716 2918 2771 auctoritatem.

2172 2808 2259 2862 14.
2310 2806 2477 2861 Salvo
2526 2807 2584 2860 in
2634 2805 2908 2860 omnibus
2943 2805 3225 2858 Romanae
3271 2802 3539 2856 Ecclesia
3570 2800 3751 2872 privi-

2098 2896 2272 2967 legio,
2329 2895 2527 2949 nullus
2585 2893 3069 2964 metropolitanus
3125 2893 3349 2964 absque
3405 2895 3748 2946 caterorum

2099 2983 2362 3036 omnium
2397 2980 2976 3052 comprovincialium
3009 2978 3418 3051 episcoporum
3470 2979 3743 3047 astantis,

2099 3071 2433 3141 aliquorum
2467 3086 2532 3124 ex
2564 3069 2679 3124 illis
2703 3087 2933 3134 causas,
2957 3068 3096 3139 quia
3125 3068 3301 3122 irrita
3332 3072 3520 3134 erunt,
3541 3069 3657 3123 imo
3687 3073 3746 3124 et

2098 3177 2335 3215 causam
2371 3159 2427 3213 in
2460 3160 2680 3230 synodo
2716 3176 2817 3230 pro
2851 3160 2998 3213 facto
3028 3158 3212 3212 dabit.

2172 3251 2254 3304 15.
2288 3249 2508 3303 Alienis
2540 3249 2833 3302 erroribut
2861 3247 3188 3318 jsociatum,
3216 3245 3306 3301 vel
3342 3263 3374 3300 a
3405 3247 3497 3300 sui
3529 3263 3740 3318 propo-

2097 3339 2192 3393 siti
2229 3339 2463 3393 tramite
2501 3338 2888 3405 recedentem,
2921 3342 3023 3390 aut
3069 3335 3252 3390 sacris
3293 3336 3617 3390 canonibus
3651 3335 3744 3389 in-

2097 3427 2484 3494 obedientem,
2519 3426 2815 3498 suscipere
2846 3441 2959 3480 non
2993 3442 3326 3496 possumus.
3364 3425 3477 3482 Nec
3510 3424 3747 3496 impete-

2097 3534 2156 3571 re
2188 3522 2338 3570 recte
2363 3517 2682 3583 credentes,
2728 3515 2813 3570 vel
2849 3519 3183 3570 sanctorum
3216 3518 3450 3569 Patrum
3484 3515 3744 3570 sanctio-

2096 3605 2270 3661 nibus
2302 3607 2772 3677 obtemperantes
2804 3603 3225 3676 permittimus.

2167 3697 2252 3752 16.
2284 3695 2845 3766 Peregrinajudicia
2891 3692 3146 3765 generali
3193 3692 3493 3748 sanctione
3544 3693 3740 3764 prohi-

2093 3785 2321 3840 bemus.
2347 3785 2493 3850 Quia
2526 3785 2831 3855 indignum
2860 3789 2949 3839 est
2980 3788 3045 3837 ut
3073 3782 3145 3837 ab
3178 3783 3392 3838 exteris
3415 3783 3736 3854 judicetur,

2091 3874 2190 3944 qui
2243 3873 2626 3945 provinciales
2675 3879 2732 3928 et
2774 3891 2806 3928 a
2838 3889 2900 3928 se
2929 3871 3145 3927 electos
3174 3872 3346 3926 debet
3389 3871 3600 3928 habere
3637 3872 3736 3942 ju-

2087 3961 2266 4017 dices.

2164 4052 2248 4104 17.
2283 4049 2450 4105 Salva
2483 4050 2812 4122 apostolica
2843 4049 3108 4105 Ecclesia
3136 4050 3499 4116 auctoritate,
3535 4050 3737 4106 nullus

2089 4140 2402 4211 episcopus
2434 4145 2596 4194 extra
2627 4157 2795 4195 suam
2827 4138 3181 4211 provinciam
3212 4140 3284 4194 ad
3308 4139 3601 4209 judicium
3633 4141 3736 4196 de-

2088 4233 2345 4291 vocetur.
2377 4230 2476 4284 sed
2508 4234 2707 4284 vocato
2756 4245 2823 4283 eo
2866 4229 3162 4291 canonice,
3195 4228 3253 4282 in
3306 4229 3428 4284 loco
3460 4229 3739 4286 omnibus

2089 4334 2345 4388 congruo
2376 4325 2632 4388 tempore
2655 4317 2941 4388 synodali,
2966 4318 3036 4372 ab
3059 4317 3334 4372 omnibus
3366 4318 3734 4388 comprovin-

2089 4407 2336 4462 cialibus
2384 4407 2675 4478 episcopis
2716 4407 3005 4473 audiatur,
3039 4406 3138 4477 qui
3189 4405 3501 4461 concilium
3561 4423 3740 4478 super

2089 4513 2246 4563 eum,
2307 4496 2768 4567 canonicamque
2812 4497 3068 4568 proferre
3115 4496 3332 4551 debent
3360 4495 3736 4551 sententiam.

2088 4585 2373 4649 Quoniam
2407 4586 2454 4641 si
2489 4585 2595 4640 hoc
2627 4585 2976 4646 minoribus,
3008 4589 3128 4639 tam
3160 4583 3388 4640 clericis
3421 4601 3599 4655 quam
3628 4584 3733 4639 lai-

2088 4675 2193 4742 cis,
2226 4692 2568 4731 concessum
2591 4681 2698 4740 est,
2723 4679 2940 4744 quanto
2973 4673 3160 4744 magis
3191 4674 3261 4728 de
3289 4673 3580 4745 episcopis
3609 4661 3733 4729 ser-

2087 4764 2208 4818 vari
2240 4764 2508 4820 convenit
2533 4764 2544 4818 l
2580 4764 2721 4818 Nam
2743 4763 2788 4817 si
2815 4763 2938 4834 ipse
2958 4763 3494 4834 metropolitanum,
3515 4764 3732 4834 autju-

2087 4853 2244 4909 dices
2293 4859 2599 4926 suspectos
2647 4852 2934 4920 habuerit,
2987 4856 3088 4907 aut
3142 4851 3403 4907 infensos
3459 4854 3731 4921 senserit,

2087 4944 2238 5014 apud
2274 4945 2552 5013 primates
2583 4942 2915 5010 diaceseos,
2956 4949 3054 4996 aut
3085 4941 3235 5012 apud
3272 4942 3546 4997 Romana
3577 4943 3733 4999 sedis

2086 5033 2388 5102 pontifices
2413 5033 2736 5101 judicetur.

2160 5123 2242 5175 18.
2277 5122 2503 5176 Nemini
2529 5124 2598 5176 de
2632 5139 2694 5176 se
2724 5122 2988 5176 confesso
3020 5121 3174 5175 credi
3209 5125 3401 5192 potest
3427 5137 3604 5192 super
3625 5123 3733 5177 cri-

2086 5228 2216 5264 men
2254 5211 2533 5265 alienum.
2569 5212 2852 5275 Quoniam
2886 5211 3014 5280 ejus
3045 5214 3220 5280 atque
3267 5210 3458 5265 omnis
3487 5209 3565 5265 rei
3593 5228 3730 5282 pro-

2085 5303 2257 5357 fessio
2304 5303 2654 5372 periculosa,
2694 5307 2750 5357 et
2799 5302 3025 5357 admitti
3085 5303 3363 5357 adversus
3409 5301 3734 5373 quemlibet

2081 5407 2196 5445 non
2228 5392 2420 5446 debet.

2158 5482 2236 5534 19.
2278 5482 2499 5534 Incerta
2547 5496 2716 5534 nemo
2769 5495 3028 5550 unquam
3081 5479 3419 5550 pontiﬁcum
3464 5481 3731 5550 judicare

2083 5574 2419 5640 praesumat.
2444 5567 2587 5632 Quia
2619 5567 2887 5638 quamvis
2920 5585 3050 5622 vera
3079 5570 3217 5636 sint,
3239 5588 3348 5625 non
3380 5577 3570 5625 tamen
3603 5588 3723 5626 cre-
