4104 6370
341 430 493 490 146ἰ

1500 433 1560 489 S.
1612 425 2131 488 A'l‘llANASIUS.
2160 458 2232 468 ——
2267 424 2578 487 SPUIilA.

3601 435 3763 495 1464

338 563 550 631 denda,
581 562 690 619 nisi
725 581 851 637 quae
887 563 1215 620 manifestis
1237 561 1483 633 judiciis
1504 560 1980 632 comprobantur,
2014 558 2062 624 Α
2167 558 2257 611 28.
2292 557 2679 631 Detractores,
2713 561 2810 633 qui
2846 561 3044 617 divina
3073 563 3421 620 auctoritate
3451 565 3761 622 eradican-

339 652 448 706 nisi
483 668 609 724 quas
643 652 953 709 manifesto
979 653 1200 724 judicio
1236 652 1677 718 convincuntur,
1713 648 1823 703 nisi
1858 663 1983 718 qua:

332 741 644 813 judiciario
675 743 876 799 ordine
908 743 1300 815 publicentur.

406 831 496 885 20.
549 831 999 887 Criminationes
1048 832 1335 901 majorum
1383 834 1520 883 natu
1572 843 1679 898 per
1721 825 1864 880 alios
1914 841 1984 877 ne

336 918 619 986 ﬁant,nisi
655 936 756 992 per
779 922 939 992 ipsos
963 923 1061 992 qui
1093 919 1340 973 crimina
1367 916 1759 984 intendunt,si
1786 920 1983 969 tamen

336 1008 449 1080 ipsi
485 1008 647 1081 digni
679 1013 735 1064 et
765 1006 1309 1080 irreprehensibiles
1330 1005 1727 1079 apparuerint,
1751 1010 1808 1058 et
1838 1003 1985 1057 actis

337 1097 644 1153 docuerint
666 1097 917 1169 publicis
943 1097 1205 1152 omnium
1239 1113 1298 1152 se
1329 1111 1522 1150 carere
1544 1092 1879 1164 suspicione
1901 1095 1984 1144 at-

341 1203 452 1257 que
484 1186 816 1253 inimicitia,
857 1191 913 1241 et
962 1183 1533 1257 irreprebensibilem
1586 1182 1760 1236 fidem
1810 1184 1985 1250 atque

338 1275 838 1331 conversationem
861 1276 1092 1330 ducere.

412 1367 504 1421 2t.
534 1366 599 1419 Et
630 1364 1002 1436 provincialis
1032 1363 1292 1435 synodus
1323 1364 1667 1415 retractetur
1698 1374 1800 1430 per
1830 1357 1986 1412 vica-

339 1452 455 1508 rios
486 1453 652 1507 urbis
682 1452 874 1507 Romae
904 1451 1183 1524 episcopi,
1218 1451 1265 1505 si
1297 1450 1421 1521 ipse
1453 1447 1788 1503 decreverit.

409 1544 498 1596 22.
535 1541 760 1596 Placuit
791 1546 915 1595 uta
961 1541 1411 1612 quibuscunque
1451 1537 1753 1608 judicibus
1800 1537 1983 1592 eccle-

336 1630 593 1687 siasticis
623 1632 692 1686 ad
726 1630 871 1686 alios
896 1629 1129 1701 judices
1157 1628 1607 1697 ecclesiasticos,
1634 1625 1730 1680 ubi
1764 1631 1853 1680 est
1881 1644 1987 1682 au-

334 1718 574 1775 ctoritas
624 1720 833 1790 major,
891 1714 1089 1774 fuerit‘
1112 1721 1512 1790 provocatum,
1544 1716 1842 1770 audientia
1871 1732 1986 1795 non

334 1813 603 1880 negetur;

2095 647 2150 700 di
2185 652 2345 715 sunt,
2378 651 2433 702 et
2465 649 2717 705 fautores
2748 650 3141 721 inimicorum,
3167 654 3241 707 ab
3271 652 3590 725 episcopali
3624 656 3767 712 sub-

2098 752 2399 791 movemus
2456 739 2847 794 accusatione.
2908 740 3189 796 Similiter
3252 757 3327 797 ne
3383 759 3763 801 summorum

2096 824 2388 895 quispiam
2443 825 2735 881 minorum
2787 829 3261 885 accusationibus
3303 830 3630 903 impetatur
3659 839 3766 891 aut

2094 913 2409 984 dispereat,
2444 932 2632 986 neque
2662 915 2721 970 in
2756 933 2816 971 re
2846 917 3028 973 dubia
3057 923 3213 974 certa
3242 919 3411 974 detur
3440 923 3763 988 sententia,

2096 1019 2199 1057 nec
2228 1002 2412 1058 ullum
2440 1004 2753 1075 judicium,
2780 1005 2891 1061 nisi
2926 1008 3241 1078 prudenter
3264 1008 3535 1064 habitum
3570 1015 3763 1067 tenea-

2096 1095 2210 1146 tur.

2165 1183 2254 1236 29.
2290 1182 2442 1236 Pura
2471 1183 2541 1237 de
2573 1182 2665 1238 his
2690 1184 2819 1240 ideo
2850 1185 2944 1240 hic
2976 1203 3087 1240 non
3140 1185 3524 1254 inseruimus,
3562 1205 3630 1243 ne
3660 1207 3757 1244 va-

2095 1287 2292 1337 cuare,
2324 1271 2567 1326 vilemve
2601 1273 2786 1329 facere
2817 1275 3153 1345 pradictam
3211 1276 3503 1346 synodum
3538 1278 3755 1334 videre-

2098 1377 2251 1429 mur,
2276 1366 2379 1414 aut
2410 1360 2711 1416 fastidium
2744 1361 3076 1433 legentibus
3106 1364 3602 1438 audientibusque
3632 1384 3763 1439 pro-

2101 1450 2213 1505 lixa
2238 1450 2454 1506 faceret
2473 1450 2740 1522 epistola.
2763 1451 2819 1506 Si
2853 1453 2985 1524 quis
3016 1456 3210 1507 autem
3232 1454 3316 1509 de
3346 1454 3442 1510 his
3474 1454 3764 1526 ampliora

2098 1544 2273 1610 atque
2305 1540 2740 1595 abundantiora
2769 1541 2918 1596 scire
2948 1540 3217 1613 voluerit,
3253 1541 3307 1596 in
3361 1559 3526 1597 sacro
3559 1549 3764 1599 nostro

2098 1629 2255 1684 sedis
2288 1628 2555 1684 Ecclesiae
2586 1628 2822 1699 scrinio,
2853 1634 2910 1685 et
2938 1647 3004 1685 ea
3054 1647 3183 1702 quae
3232 1632 3631 1702 praediximus,
3668 1633 3763 1687 in-

2094 1718 2294 1773 venire
2325 1718 2535 1788 poterit
2568 1736 2581 1773 :
2614 1735 2812 1773 verum
2848 1734 2942 1773 me
2971 1718 3182 1789 dicere,
3217 1720 3385 1774 testis
3424 1724 3515 1775 est
3548 1720 3763 1774 Divini-

2096 1813 2208 1863 tas.
2244 1812 2317 1862 De
2348 1807 2675 1878 receptione
2722 1822 2858 1862 vero
2912 1808 3091 1877 sedis,
3123 1812 3179 1863 et
3218 1809 3550 1877 sacerdotii,
3585 1814 3767 1880 atque

404 1898 496 1952 23.
530 1898 583 1951 Si
618 1896 753 1968 quis
787 1896 1274 1968 metropolitanus
1322 1895 1652 1967 episcopus,
1686 1895 1814 1995 nisi.
1834 1896 1984 1966 quod
2018 1931 2066 1995 Β
2099 1897 2358 1961 honoris,
2393 1913 2521 1967 quae
2553 1895 2783 1951 dixistis
2814 1896 3199 1952 Athanasium
3247 1899 3470 1968 absque
3520 1898 3763 1952 concilii

336 1987 405 2042 ad
432 2002 600 2041 suam
625 1985 997 2041 solummodo
1023 1984 1315 2058 propriam
1342 1985 1592 2054 pertinet
1624 1983 1985 2055 parochiam,

340 2075 468 2129 sine
498 2073 741 2129 consilio
772 2078 831 2129 et
876 2074 1173 2129 voluntate
1221 2071 1485 2127 omnium
1529 2072 1989 2142 comprovincia-

340 2162 486 2218 lium
519 2164 929 2235 episcoporum
962 2162 1179 2232 aliquid
1211 2178 1380 2233 agere
1405 2162 1736 2226 tentaverit,
1768 2162 1989 2233 gradus

339 2251 431 2308 sui
463 2252 718 2325 periculo
748 2252 1101 2323 subjacebit,
1123 2257 1181 2308 et
1210 2255 1359 2324 quod
1393 2246 1593 2324 egerit,
1618 2250 1855 2307 irritum
1874 2252 1990 2307 erit

339 2347 398 2397 et
426 2342 813 2399 vacuum.Sed
840 2341 1126 2414 quidquid
1153 2342 1225 2396 de
1255 2340 1837 2413 comprovincialium
1870 2342 1986 2413 epi-

240 2494 262 2511 ‘
334 2446 647 2503 scaporum
678 2431 894 2499 causis,
940 2446 1304 2502 suarumque
1333 2429 1742 2496 Ecclesiarum,
1786 2436 1841 2486 et
1871 2431 1984 2487 cle-

330 2521 610 2591 ricorum,
644 2524 818 2592 atque
839 2519 1206 2577 saecularium
1241 2520 1655 2576 necessitatum
1689 2536 1857 2592 agere
1883 2526 1987 2577 aut

330 2609 639 2681 disponere
663 2625 899 2665 necesse
921 2608 1233 2678 fuerit,hoc
1250 2625 1380 2664 cum
1406 2611 1671 2664 omnium
1694 2626 1983 2666 consensu

332 2699 911 2770 comprovincialium
961 2704 1172 2771 agatur
1218 2698 1579 2771 pontificum.
1624 2704 1747 2756 Non
1788 2700 1986 2772 aliquo

335 2787 759 2844 dominationis
790 2788 965 2853 fastu,
998 2788 1096 2843 sed
1133 2787 1465 2844 humillima
1495 2793 1553 2845 et
1581 2790 1851 2845 concordi
1885 2791 1983 2845 ad-

334 2876 790 2947 ministratione,
823 2875 975 2933 sicut
1004 2876 1291 2932 Dominus
1320 2876 1396 2931 ait
1433 2894 1445 2932 :
1479 2879 1595 2933 Non
1647 2881 1770 2934 veni
1814 2881 1983 2935 mini-

333 2968 522 3036 strari,
554 2966 709 3022 606
737 2966 829 3021 sed
856 2966 1185 3021 ministrare
1230 2966 1294 3018 ⁸⁸.
1343 2969 1411 3020 Et
1453 2965 1590 3021 alibi
1627 2983 1640 3021 :
1674 2967 1780 3035 Qui
1808 2970 1987 3037 maior

332 3064 410 3111 est
440 3059 698 3124 vestrum,
731 3056 836 3109 erit
866 3055 1120 3109 minister
1148 3061 1323 3110 vester
1352 3055 1414 3121 νο,
1449 3058 1507 3109 et
1535 3055 1777 3127 reliqua.
1808 3056 1984 3112 Simi-

337 3143 473 3199 liter
497 3149 555 3199 et
586 3143 696 3215 ipsi
715 3142 1230 3216 comprovinciales
1252 3143 1507 3214 episcopi
1537 3160 1670 3200 cum
1698 3146 1824 3216 ejus
1847 3163 1983 3201 con-

335 3231 490 3301 cilio,
514 3232 624 3288 nisi
657 3236 947 3303 quantum
980 3233 1049 3287 ad
1085 3232 1350 3303 preprias
1380 3233 1632 3304 pertinet
1655 3234 1981 3305 parochias,

2099 1986 2329 2041 decreto
2359 1986 2678 2056 suscipere,
2713 2001 2826 2040 non
2875 1984 2959 2040 ita
3005 1985 3339 2040 invenimus
3386 1985 3543 2041 sicut
3598 1986 3763 2041 calu-

2099 2074 2306 2129 mniati
2331 2074 2493 2128 estis.
2519 2073 2629 2129 Sed
2653 2074 3043 2144 quorumdam
3069 2073 3481 2146 episcOporum
3513 2075 3766 2130 concilio

2097 2167 2273 2235 atque
2296 2163 2525 2218 decreto
2548 2163 2766 2235 recepit
2781 2163 3139 2234 suum,quod
3166 2162 3384 2234 injuste
3402 2163 3764 2235 perdiderat,

2095 2251 2511 2320 sacerdotium,
2537 2267 2603 2306 ac
2633 2251 2849 2307 resedit
2878 2250 2936 2305 in
2970 2251 3126 2306 sede.
3153 2251 3315 2316 Quod
3351 2267 3484 2306 cum
3518 2251 3763 2324 scripsi-

2095 2338 2347 2409 stis,non
2370 2353 2693 2411 possecum
2719 2355 2751 2393 a
2775 2337 3046 2410 pauciore
3075 2353 3321 2393 numero
3342 2338 3756 2411 episcOporum

2094 2426 2346 2493 restitui,
2397 2443 2573 2498 quam
2622 2426 2927 2498 depositus
2972 2425 3181 2496 fuerat,
3214 2442 3328 2481 non
3380 2427 3456 2482 ita
3499 2432 3606 2483 est.
3639 2428 3763 2483 Nec

2095 2518 2214 2573 haec
2246 2518 2448 2590 regula
2472 2517 2931 2573 orthodoxorum
2965 2521 3179 2573 sanctas
3209 2517 3478 2573 Ecclesia
3510 2522 3597 2574 est
3627 2517 3758 2588 epio

2094 2624 2428 2679 scoparum,
2463 2607 2562 2663 sed
2611 2606 2981 2669 Arianorum,
3018 2605 3312 2661 sociorum
3349 2606 3622 2661 videlicet
3660 2624 3761 2663 ve-

2094 2702 2348 2752 strorum
2383 2696 2502 2752 haec
2549 2694 2903 2760 adinventio,
2938 2695 3008 2750 ad
3053 2694 3441 2766 perditionem
3472 2694 3765 2750 orthodo-

2093 2804 2300 2842 xorum
2332 2787 2741 2858 episcoporum
2783 2789 3049 2840 contexta
3077 2790 3183 2839 est.
3219 2784 3389 2855 Nam,
3427 2788 3491 2838 ut
3520 2783 3688 2839 vobis
3728 2801 3764 2839 a

2096 2876 2398 2932 veracibus
2429 2880 2517 2930 est
2550 2875 2797 2931 testibus
2847 2873 3116 2938 relatum,
3151 2873 3387 2943 quando
3433 2873 3761 2928 Antiochia:

2094 2984 2197 3039 pro
2227 2966 2606 3022 damnatione
2639 2965 2769 3020 fidei
2795 2965 2864 3019 de
2886 2962 3502 3020 consubstantialitate
3530 2963 3763 3035 prolata

2095 3054 2293 3110 fuistis
2316 3053 2673 3126 congregati,
2706 3052 2838 3108 odio
2862 3052 3125 3125 praedicti
3164 3052 3459 3107 Athanasii
3491 3051 3641 3107 hanc
3673 3068 3766 3108 rc-

2092 3143 2293 3217 gulam
2325 3142 2673 3215 protulistis,
2709 3159 2832 3213 qua:
2866 3139 3060 3196 nullas
3090 3140 3266 3195 habet
3294 3140 3468 3208 vires,
3512 3156 3618 3195 nec
3648 3140 3761 3196 ha-

2096 3234 2231 3289 bere
2260 3233 2492 3305 poterit.
2541 3232 2826 3296 Quoniam
2856 3246 2960 3286 nec
2984 3230 3057 3285 ab
3088 3228 3428 3285 orthodoxis
3466 3229 3760 3301 episcopis

334 3327 510 3393 agant
533 3321 704 3391 juxta
759 3326 1096 3377 sanctorum
1129 3320 1450 3377 constituta
1480 3326 1745 3387 Patrum,
1779 3328 1837 3378 et
1870 3340 1984 3380 uno
2015 3297 2057 3364 C
2095 3322 2205 3379 hoc
2236 3320 2545 3378 concilium
2571 3325 2764 3375 actum
2795 3324 2902 3384 est,
2939 3334 3042 3373 nec
3075 3318 3350 3373 Romanis
3383 3316 3757 3374 Ecclesia-ile-

331 3408 548 3475 animo,
564 3425 680 3463 uno
710 3424 833 3475 ore,
856 3408 1221 3464 concorditer
1243 3415 1449 3466 sancta
1476 3408 1838 3481 gloriﬁcetur
1861 3412 1986 3467 Tri-

331 3497 485 3552 nitas
513 3497 570 3551 in
606 3498 821 3554 saecula

399 3587 488 3640 24.
522 3586 771 3641 Caveant
793 3587 1027 3656 judices
1058 3586 1346 3657 Ecclesiaa,
1380 3604 1453 3643 ne
1501 3587 1739 3643 absente
1792 3606 1857 3645 eo
1885 3606 1985 3644 cu-

326 3674 431 3745 jus
477 3690 655 3729 causa
703 3673 1020 3729 ventilatur
1067 3673 1422 3730 sententiam
1480 3675 1794 3746 proferant,
1850 3677 1989 3749 quia

336 3762 501 3817 irrita
533 3761 663 3827 erit,
696 3767 751 3817 et
785 3763 1066 3817 rationem
1103 3779 1205 3833 pro
1239 3762 1464 3818 actione
1513 3763 1757 3819 reddent
1801 3764 1859 3819 in
1893 3782 1986 3838 sy-

337 3851 513 3915 nodo,
571 3854 648 3921 et,
700 3854 763 3904 ut
794 3850 1111 3922 proditoris
1159 3850 1475 3917 calumnia,
1521 3868 1623 3906 nec
1653 3869 1850 3909 eorum
1888 3871 1986 3925 po-

337 3943 461 3994 stea
492 3955 597 3993 vox
627 3939 921 3994 audiatur.
956 3943 1139 3993 Nemo
1169 3939 1327 3994 enim
1377 3940 1700 3996 debitorem
1733 3942 1989 4015 amplius

341 4032 534 4100 potest
564 4044 933 4099 cognoscere,
958 4044 1135 4099 quam
1169 4026 1265 4084 ille
1296 4028 1395 4100 qui
1431 4029 1710 4101 injuriam
1742 4033 1988 4103 ejusque

336 4118 625 4173 sustinuit
656 4117 997 4188 nequitiam.

402 4209 559 4266 25.Si
584 4211 718 4283 quis
741 4227 919 4281 super
942 4210 1309 4282 quibuslibet
1333 4211 1681 4270 criminibus
1708 4213 1987 4271 clericum

334 4298 687 4370 pulsandum
722 4299 1037 4355 crediderit
1066 4299 1122 4354 in
1157 4301 1476 4372 provincia,
1497 4301 1554 4355 in
1583 4319 1701 4374 qua
1733 4302 1828 4359 ille
1858 4322 1990 4360 con-

333 4387 492 4443 sistit
530 4387 633 4459 qui
666 4386 953 4458 pulsatur,
998 4405 1138 4444 suas
1179 4395 1441 4445 exerceat
1487 4392 1838 4449 exactiones.
1874 4394 1989 4449 Nec

334 4476 630 4531 existimet
659 4477 758 4547 qui
808 4477 1084 4532 eumdem
1121 4482 1378 4546 accusat,
1423 4478 1585 4548 alibi,
1627 4492 1727 4534 aut
1755 4480 1988 4552 longius

336 4564 792 4643 protrahendum
828 4565 898 4621 ad
924 4565 1241 4635 judicium.
1296 4567 1382 4622 llli
1415 4585 1547 4624 vero
1578 4569 1680 4638 qui
1720 4571 1989 4640 pulsatus

2095 3412 2251 3484 gatio
2277 3409 2558 3466 interfuit.
2583 3408 2921 3464 Canonibus
2953 3406 3450 3478 precipientibus,
3472 3407 3600 3462 sine
3626 3408 3761 3477 ejus

2095 3499 2444 3556 auctoritate
2475 3496 2723 3553 concilia
2752 3495 2875 3551 ﬁeri
2910 3511 3024 3550 non
3055 3495 3289 3564 debere,
3323 3510 3430 3549 nec
3458 3493 3646 3550 ullum
3679 3513 3766 3550 ra-

2094 3594 2221 3644 tum
2252 3594 2342 3643 est
2371 3592 2472 3641 aut
2500 3586 2603 3641 erit
2638 3600 2899 3656 unquam
2932 3581 3272 3650 concilium,
3300 3584 3455 3654 quod
3489 3599 3601 3639 non
3634 3583 3754 3639 ful-

2097 3682 2221 3732 tum
2257 3676 2431 3731 fuerit
2458 3676 2588 3746 ejus
2618 3674 2985 3729 auctoritate.

2167 3766 2255 3821 30.
2275 3766 2476 3837 igitur
2505 3764 2576 3821 de
2608 3763 2763 3836 fuga,
2789 3779 2968 3834 super
2996 3778 3112 3833 qua
3140 3761 3526 3817 Athanasium
3559 3779 3752 3834 repre-

2098 3854 2377 3920 henditis,
2411 3869 2525 3909 non
2560 3858 2714 3909 recte
2743 3851 2941 3925 agitis,
2962 3866 3094 3906 cum
3130 3851 3256 3921 ipse
3277 3850 3565 3906 Dominus
3596 3867 3768 3906 man-

2098 3946 2303 4000 datum
2335 3943 2445 3999 hoc
2476 3942 2645 3999 nobis
2676 3941 2936 3998 dederit:
2963 3941 3098 3996 Cum
3125 3942 3399 4011 persecuti
3424 3956 3517 3995 vos
3545 3940 3770 4012 fuerint

2098 4036 2156 4089 in
2190 4051 2301 4088 una
2329 4034 2580 4101 civitate,
2612 4033 2781 4103 fugite
2810 4032 2868 4086 in
2898 4030 3074 4085 aliam
3107 4030 3196 4082 90'.
3222 4029 3292 4083 Et
3322 4028 3447 4100 ipse
3482 4030 3768 4085 Dominus

2099 4140 2202 4196 per
2218 4124 2599 4193 semetipsum
2622 4118 2957 4192 exemplum
2977 4118 3147 4174 nobis
3165 4119 3768 4174 demonstravit.Pha-

2099 4213 2249 4269 risaei
2281 4211 2597 4268 consilium
2620 4212 2882 4267 fecerunt
2914 4210 3196 4264 adversus
3227 4224 3385 4276 eum,
3412 4212 3476 4262 ut
3495 4225 3633 4263 eum
3663 4225 3761 4264 oc-

2099 4304 2358 4359 ciderent
2391 4320 2403 4357 :
2435 4301 2618 4357 Sciens
2668 4308 2850 4355 autem
2894 4300 3064 4363 Jesus,
3098 4298 3346 4353 discessit
3401 4298 3537 4353 inde
3585 4298 3652 4352 ⁹¹.
3694 4298 3769 4353 Et

2098 4391 2237 4448 alibi
2272 4408 2284 4445 :
2322 4392 2580 4446 Tulerunt
2628 4387 2839 4460 lapides
2868 4387 3067 4452 Judzi,
3099 4389 3158 4441 ut
3197 4387 3481 4441 mitterent
3526 4387 3588 4440 in
3617 4402 3766 4442 eum.

2095 4483 2251 4537 Jesus
2280 4485 2458 4535 auten:
2492 4479 2774 4535 abscondit
2801 4494 2877 4546 se,
2909 4480 2961 4532 et
2989 4477 3163 4531 exivit
3193 4477 3257 4530 de
3287 4475 3488 4546 templo
3520 4475 3590 4530 ".
3640 4476 3709 4530 Et
3748 4493 3763 4530 :

2101 4571 2387 4624 Tmnsicus
2416 4585 2512 4639 per
2536 4567 2776 4623 medium
2802 4583 2993 4622 eorum
3023 4565 3274 4630 abiciaet
3301 4565 3383 4619 ita
3409 4565 3659 4619 discessit
3689 4565 3757 4619 ⁸³.

337 4653 532 4719 fuerit,
563 4652 612 4709 si
638 4654 872 4724 judices
910 4660 1217 4727 suspectos
1265 4657 1560 4727 habuerit,
1592 4657 1763 4714 liceat
1793 4662 1996 4731 appel‘
2029 4663 2074 4728 Ι)
2105 4657 2339 4713 Necnon
2360 4664 2413 4710 ct
2433 4655 2958 4728 discipulipmpter
2982 4658 3201 4708 metum
3219 4652 3556 4708 Judazorum
3585 4667 3771 4707 reces-

341 4742 480 4796 lare.

403 4830 492 4883 26.
517 4829 801 4885 Primates
832 4836 1172 4887 accusatum
1198 4832 1585 4888 discutientes
1615 4833 1987 4907 episcopum;

334 4937 449 4975 non
482 4925 616 4974 ante
646 4920 996 4976 sententiam
1030 4923 1325 4992 proferant
1353 4924 1775 4995 damnationis,
1808 4943 1988 4998 quam

334 5007 661 5079 apostolica
693 5008 820 5063 freti
854 5009 1222 5078 auctoritate,
1257 5016 1358 5066 aut
1402 5028 1535 5066 reus
1570 5029 1672 5083 per
1700 5014 1984 5086 seipsum,

333 5101 435 5152 aut
461 5111 563 5169 per
594 5097 931 5152 innocentes
963 5102 1019 5153 et
1049 5099 1327 5155 canonice
1363 5101 1731 5157 examinatus
1761 5104 1988 5175 regula-

332 5184 471 5240 riter
503 5188 679 5241 testes
711 5185 1113 5241 convincatur.

398 5275 487 5329 27.
522 5274 755 5329 Irritam
787 5291 917 5330 csse
962 5275 1244 5345 injustam
1293 5276 1702 5350 episcoporum
1734 5280 1983 5338 damna-

329 5364 567 5430 tionem,
585 5362 801 5418 idcirco
824 5381 858 5417 ιι
879 5364 1101 5434 synodo
1130 5368 1499 5422 retractando
1531 5370 1983 5438 retractandum,

329 5452 409 5508 ita
440 5457 505 5506 ut
533 5468 815 5524 oppresso
844 5452 917 5508 ab
951 5453 1226 5511 omnibus
1250 5456 1309 5510 in
1342 5456 1569 5512 cunctis
1600 5458 1985 5515 subveniatur

329 5556 545 5596 0811518.

403 5679 449 5751 ⁸-9
492 5678 719 5751 Matth._
744 5696 842 5751 xx,
887 5680 981 5735 28.

1085 5683 1129 5718 9°
1173 5684 1376 5757 Matth.
1434 5704 1594 5757 xxm,
1650 5690 1733 5743 11.

337 5749 380 5783 9⁸
416 5749 553 5803 Luc.
588 5765 660 5815 ιν,
693 5749 783 5804 30.

858 5751 904 5785 9‘
932 5751 983 5806 ΙΙ
1016 5754 1141 5809 Cor.
1174 5772 1250 5824 ιι,
1283 5756 1371 5810 33.

1838 5689 1907 5724 ⁹⁰¹
1954 5689 2160 5747 Matth.
2211 5708 2266 5757 κ,
2315 5692 2404 5745 23.

2100 4747 2584 4813 eerunt,colantes
2612 4744 3055 4815 semctipsos.Et
3084 4740 3306 4797 Paulus
3327 4740 3386 4795 in
3420 4745 3704 4795 Damasco
3734 4757 3768 4795 a

2099 4836 2359 4909 principe
2384 4834 2664 4907 quaesitus
2694 4832 2907 4904 gentis,
2932 4832 3002 4885 de
3026 4846 3192 4884 muro
3215 4830 3269 4882 iu
3305 4832 3503 4899 sporta
3533 4828 3768 4900 positus

2098 4932 2211 4996 est,
2241 4936 2298 4983 et
2327 4941 2540 4980 manus
2573 4920 2882 4994 quaerentis
2913 4920 3201 4992 effugit”.
3226 4919 3293 4974 Et
3324 4917 3423 4972 alii
3452 4916 3767 4989 quamplu-

2099 5016 2231 5071 rimi
2261 5024 2319 5070 et
2351 5010 2805 5069 innumerabiles
2836 5009 3046 5076 sancti,
3080 5013 3200 5064 tam
3234 5007 3292 5061 in
3326 5007 3520 5062 Veteri
3554 5007 3763 5062 Testa-

2097 5109 2316 5171 mento,
2340 5120 2516 5175 quam
2550 5101 2608 5156 in
2639 5100 2819 5168 Novo,
2844 5098 3063 5171 fugisse
3090 5099 3386 5170 leguntur.
3419 5094 3476 5151 Si
3511 5111 3650 5168 ergo
3683 5096 3766 5150 fu-

2095 5211 2228 5267 gum
2283 5190 2700 5265 imprOperatis
2750 5187 3133 5262 fugientibus,
3184 5185 3516 5242 erubescite
3566 5186 3761 5257 potius

2096 5283 2389 5355 persequi,
2416 5288 2475 5337 et
2504 5279 2789 5353 quiescite
2810 5277 3096 5348 insidiari,
3125 5276 3545 5349 quiescentque
3577 5272 3768 5329 conti-

2095 5390 2212 5428 nuo
2242 5372 2548 5443 fugientes.
2585 5369 2730 5424 Nam
2765 5366 2885 5423 sive
2917 5366 3219 5438 perimatis
3250 5379 3538 5434 eos,mors
3560 5367 3765 5418 contra

2092 5479 2196 5517 vos
2226 5476 2458 5531 semper
2487 5456 2773 5513 exclamat
2804 5473 2816 5511 :
2854 5455 2973 5511 sive
3005 5471 3211 5511 rursus
3240 5451 3445 5509 exsilia
3474 5468 3765 5523 superpo-

2094 5549 2501 5619 natis,ubique
2519 5546 2578 5601 in
2605 5562 2708 5602 vos
2731 5543 2868 5600 mali
2896 5545 3237 5600 memoriam
3262 5541 3556 5598 destinare
3574 5538 3765 5595 nosci-

2508 5690 2549 5724 ⁹¹
2602 5687 2807 5742 Matth.
2859 5704 2957 5753 xu,
3006 5687 3090 5742 15.
3193 5687 3239 5719 ⁹¹
3285 5684 3455 5740 Joan.
3513 5697 3637 5747 vm,
3668 5681 3764 5737 59.
