4104 6380
312 411 464 473 1467

1452 422 1514 480 S.
1564 422 2086 483 ATHANASIUS.
2117 454 2192 465 —
2224 423 2533 483 SPURIA.

3582 423 3603 476 1
3619 420 3742 478 468

309 551 487 605 statui
521 551 769 622 pristino
799 556 1096 621 reddatur,
1128 562 1183 610 et
1212 557 1336 628 ipse
1384 556 1666 628 depositis
1694 556 1961 625 [ordina—
1991 558 2046 622 Α
2075 559 2197 609 stra
2228 556 2495 611 consulta
2527 556 3005 624 rescriberemus,
3030 556 3087 610 in
3118 558 3349 611 tantum
3383 557 3447 609 ut
3476 553 3526 609 si
3558 554 3743 609 etiam

309 639 506 710 tisque
561 643 738 697 rebus
789 644 935 706 suis,
971 648 1108 699 tunc
1140 646 1209 698 ad
1235 650 1469 716 tempus
1502 644 1696 700 veniat
1725 645 1797 699 ad
1830 661 1966 699 cau-

311 744 461 784 sam.
496 731 562 784 Et
592 731 639 785 si
671 731 929 802 itajuste
959 734 1208 803 videtur,
1244 735 1647 789 accusantium
1703 735 1966 805 proposi-

311 819 574 874 tionibus
632 822 1002 893 respondeat.
1068 825 1255 887 Quare
1285 840 1420 895 ergo
1448 823 1797 895 transgressi
1825 822 1967 877 estis

311 908 597 964 terminos
654 910 912 978 Patrum,
967 912 1305 981 judicantcs
1358 918 1415 967 et
1466 914 1814 967 damnantes
1868 929 1968 967 eos

312 1012 462 1069 quos
524 1015 637 1053 non
700 1000 1032 1055 debuistis?
1090 1004 1276 1067 Quare
1323 1002 1638 1071 judicastis
1688 1018 1785 1056 eos
1820 1018 1968 1072 quos

313 1102 424 1140 non
454 1088 798 1159 regulariter
818 1091 1371 1162 approbastis,quod
1394 1092 1450 1145 in
1473 1091 1801 1158 Regnorum
1822 1090 1968 1146 libro

312 1175 600 1238 scriptum
636 1182 721 1231 est
756 1195 768 1234 :
802 1182 927 1233 Non
956 1180 1218 1250 quomodo
1252 1182 1395 1235 videt
1423 1180 1599 1250 homo,
1632 1180 1779 1235 videt
1806 1181 1967 1245 Deus,

313 1283 448 1337 quia
484 1267 645 1323 homo
675 1268 818 1322 videt
845 1268 899 1322 in
931 1271 1237 1338 faciamus
1265 1280 1452 1325 autcm
1483 1272 1540 1324 in
1569 1270 1729 1324 cordo
1759 1270 1901 1324 videt
1923 1271 1964 1323 ³.

315 1357 387 1410 Et
415 1355 473 1411 in
506 1356 966 1427 Paralipomenis
1001 1376 1012 1413 :
1050 1361 1245 1414 Omnia
1270 1361 1442 1415 corda
1471 1365 1757 1414 scrutatur
1782 1360 1967 1429 iDcus,

313 1456 367 1500 ct
424 1465 641 1503 omnem
696 1450 1085 1519 cogi/alionem
1144 1453 1294 1505 novit
1325 1453 1364 1504 ⁴.
1409 1452 1477 1505 Et
1506 1450 1643 1504 alibi
1680 1450 1964 1521 scriptum

314 1540 405 1590 est
436 1553 448 1591 :
484 1538 601 1593 Non
630 1546 799 1609 potest
828 1538 1069 1595 humano
1099 1540 1456 1595 condemnari
1486 1542 1759 1608 examine,
1809 1556 1969 1610 quem

311 1626 454 1679 Deus
509 1640 609 1680 suo
657 1627 1126 1697 rescrvatjudicio
1157 1628 1333 1683 5.11am
1363 1628 1555 1682 omnia
1592 1642 1968 1699 summopere

313 1714 690 1784 praecavenda
723 1721 995 1781 sunt,nec
1029 1718 1325 1772 accusatio
1357 1717 1765 1788 episcoporum
1802 1714 1969 1771 facile

314 1804 402 1856 est
432 1801 788 1873 recipienda,
822 1802 1049 1858 dicente
1080 1804 1328 1860 Domino
1363 1822 1375 1860 :
1410 1807 1527 1862 Non
1555 1806 1826 1877 suscipias
1878 1821 1970 1859 υο-

311 1906 425 1944 cem
454 1890 726 1946 mendacii
752 1891 793 1945 ⁵.
816 1892 881 1945 Et
910 1893 1211 1965 apostolus
1242 1894 1436 1965 inquit
1467 1894 1506 1964 ⁷,
1529 1895 1806 1950 adversus
1838 1910 1965 1966 pre-

312 1978 611 2050 sbyterum
646 1980 1088 2051 inscriptionem
1123 2000 1235 2037 non
1287 1984 1681 2055 recipiendam
1745 1984 1968 2055 absque

314 2067 546 2122 duobus
595 2067 679 2122 vel
714 2069 903 2123 tribus
933 2069 1159 2126 idoneis
1188 2073 1460 2127 testibus.
1495 2072 1555 2127 Si
1587 2072 1708 2127 haec
1738 2073 1809 2127 de
1842 2089 1969 2143 pre-

314 2156 584 2228 sbyteris,
639 2157 727 2239 vel
786 2159 1008 2214 caeteris
1062 2159 1335 2215 ﬁdelibus
1392 2166 1530 2217 sunt
1580 2162 1970 2232 praecavenda,

317 2250 537 2309 quanto
566 2247 756 2318 magis
789 2248 860 2302 de
889 2249 1223 2321 episcopis?
1255 2249 1480 2314 Quibus
1512 2250 1973 2322 cognitis,magis

312 2350 414 2389 vos
446 2335 736 2391 dominari
767 2335 913 2391 velle
948 2338 1329 2394 manifestum
1368 2344 1480 2408 est,
1514 2356 1690 2411 quam
1749 2356 1975 2395 consu-

318 2420 437 2478 lere
490 2423 784 2489 ﬁdelibus,
845 2432 946 2481 aut
977 2432 1310 2484 sustentare
1342 2445 1460 2485 eos.
1493 2430 1638 2494 Quia
1668 2430 1855 2485 honor
1883 2429 1971 2484 in-

316 2511 418 2566 ﬂat
449 2513 518 2567 ad
552 2514 888 2586 superbiam
909 2521 966 2571 et
1017 2518 1172 2588 quod
1203 2518 1499 2587 provisum
1533 2519 1715 2574 estad
1740 2534 1975 2573 concor-

315 2601 692 2668 diam,tendit
721 2604 792 2659 ad
827 2604 1376 2662 noxiam.Decuerat
1404 2624 1659 2678 namque
1678 2625 1780 2663 vos
1803 2609 1976 2678 juxta

319 2691 593 2762 praefatae
624 2693 882 2764 regulas,
916 2693 964 2749 si
998 2694 1218 2767 aliquid
1250 2696 1511 2768 egissent
1541 2706 1742 2751 contra
1798 2714 1972 2752 suum

319 2779 607 2844 ordinem,
646 2783 921 2838 mandare
952 2784 1120 2838 nobis
1152 2787 1211 2840 et
1241 2790 1573 2858 exspectare
1603 2785 1743 2857 quid
1772 2786 1841 2840 ad
1876 2801 1977 2841 ve-

1999 1941 2046 2004 B

2076 645 2612 718 quidquamfgrave
2652 645 3210 717 intolerandumque
3275 642 3743 707 commisissent,

2076 741 2278 790 nostra
2304 734 2699 806 exspectanda
2728 739 3063 806 censura,et
3091 733 3241 789 nihil
3261 733 3426 805 prius
3444 737 3548 788 aut
3578 731 3741 787 aliud

2076 823 2407 891 decernere,
2429 840 2605 894 quam
2641 824 2795 895 quod
2830 824 3002 879 nobis
3032 823 3260 895 placere
3290 820 3741 893 cognovissetis,

2073 912 2158 966 ita
2193 917 2256 967 ut
2286 930 2319 966 ει
2349 911 2571 985 regulis
2601 912 2945 984 praestitutis
3002 911 3168 967 nulla
3224 916 3326 966 aut
3383 909 3741 983 negligentia

2077 1006 2179 1056 aut
2238 1001 2692 1073 praesumptione
2749 1001 3116 1057 recederetis.
3151 1002 3353 1057 Cesset
3392 1000 3741 1071 hujusmodi

2079 1108 2280 1162 pressa
2309 1091 2660 1146 auctoritate
2690 1090 3369 1163 praesumptio,vitentur
3397 1089 3739 1161 hujusmodi

2080 1184 2449 1249 nocumenta,
2484 1179 2621 1251 quia
2651 1196 3020 1251 nequaquam
3054 1178 3196 1234 talia
3245 1179 3536 1250 patienter
3593 1179 3737 1233 ferre

2078 1284 2398 1340 possumus
2456 1269 2950 1324 machinamenta.
2986 1269 3274 1332 Quoniam
3306 1267 3584 1323 convenit
3631 1284 3737 1322 nos

2078 1363 2456 1428 paternarum
2489 1359 2856 1414 sanctionum
2891 1357 3203 1430 diligentes
3258 1373 3389 1413 esse
3446 1357 3739 1412 custodes.

2079 1448 2284 1503 Merito
2340 1464 2596 1519 namque
2655 1464 2761 1503 nos
2809 1463 2989 1502 causa
3019 1446 3279 1519 respicit,
3313 1446 3361 1501 si
3395 1444 3629 1501 silentio
3661 1447 3743 1500 fa-

2076 1554 2316 1593 veamus
2346 1537 2548 1593 errori.

2145 1627 2241 1681 55.
2271 1627 2374 1681 Est
2405 1627 2647 1697 insuper
2678 1626 2734 1680 in
2769 1626 3045 1697 praedicta
3096 1628 3304 1681 sancta
3358 1624 3594 1679 Nicaana
3647 1641 3742 1695 sy-

2077 1717 2229 1772 nodo
2259 1719 2572 1786 statutum,
2606 1721 2670 1770 ut
2702 1731 2873 1771 nemo
2905 1713 3213 1770 anathema
3237 1713 3299 1769 in
3329 1718 3532 1769 nostra
3560 1714 3748 1768 susci-

2077 1806 2273 1878 piatur
2303 1805 2694 1873 accusatione,
2732 1820 2838 1860 nec
2869 1803 2954 1858 illi
2987 1803 3090 1876 qui
3121 1819 3227 1859 nos
3260 1802 3321 1857 in
3371 1819 3480 1857 suo
3532 1800 3748 1857 nolunt

2077 1894 2333 1966 recipere
2389 1893 2628 1965 querela
2683 1892 2771 1949 vel
2803 1893 3177 1949 accusatione
3211 1909 3225 1948 :
3257 1908 3391 1947 cum
3425 1908 3533 1948 nos
3563 1907 3748 1961 super

2077 1984 2210 2039 illos
2241 1983 2500 2039 sciamus
2531 2001 2566 2038 a
2595 1982 2839 2038 Domino
2869 1980 3371 2049 constitutos,non
3402 1978 3534 2035 illos
3566 1995 3748 2050 super

2080 2090 2207 2129 nos.
2242 2073 2310 2127 Et
2338 2072 2493 2127 sicut
2523 2072 2712 2143 major
2743 2086 2858 2127 non
2892 2074 3085 2142 potest
3111 2087 3146 2126 a
3177 2070 3404 2126 minore
3456 2068 3743 2140 judicari,

2081 2178 2187 2218 nec
2219 2161 2301 2217 ita
2330 2160 2615 2233 colligari,
2649 2160 2790 2231 quia
2820 2164 3016 2216 ratum
3046 2162 3137 2214 est
3165 2175 3340 2215 omne
3397 2159 3552 2230 quod
3616 2174 3746 2211 ma-

2080 2267 2263 2324 gnum
2322 2253 2430 2305 est.
2488 2253 2801 2304 Portamus
2859 2264 3039 2304 onera
3067 2247 3335 2303 omnium
3367 2246 3469 2319 qui
3493 2263 3746 2319 gravan-

2080 2338 2471 2411 tur;quinimo
2503 2337 2624 2393 haec
2657 2341 2851 2409 portat
2880 2336 2939 2391 in
2971 2336 3142 2392 nobis
3174 2336 3384 2392 beatus
3436 2334 3749 2407 apostolus

2082 2429 2313 2495 Petrus,
2344 2428 2511 2498 cujus
2540 2426 2662 2482 vice
2694 2426 2997 2498 fungimur
3024 2424 3333 2497 legatione,
3367 2429 3424 2480 et
3450 2424 3622 2495 cuius
3655 2440 3745 2478 re-

2081 2517 2221 2591 gula
2274 2516 2685 2584 informamur,
2746 2519 3040 2587 quatenus
3069 2514 3198 2585 ejus
3228 2513 3361 2569 fulti
3392 2512 3631 2578 auxilio,
3669 2513 3745 2568 ab

2082 2605 2361 2663 omnibus
2391 2621 2549 2660 nunc
2581 2609 2637 2660 et
2667 2604 2729 2660 in
2787 2607 3067 2675 perpetuo
3122 2606 3400 2658 tueamur
3454 2601 3742 2657 adversis.

2084 2696 2227 2752 Data
2258 2694 2381 2750 Kal.
2416 2692 2782 2760 Novembris,
2803 2691 3096 2748 Fcliciano
3127 2697 3186 2747 et
3215 2689 3569 2747 Maximiano
3599 2689 3747 2745 viris

2086 2782 2434 2842 clarissimis
2465 2783 2832 2839 consulibus.

707 2935 964 3007 Epistula
997 2937 1291 2995 Athanasii
1317 2943 1368 2995 et
1396 2941 1778 3012 ﬁgyptiorum
1807 2938 1878 2994 ad
1906 2938 2157 2995 eumdem
2181 2955 2390 3011 papam
2416 2938 2485 2993 de
2512 2937 2952 3009 oppressionibus
2988 2936 3348 2991 Arianorum.

387 3057 636 3113 Domino
667 3059 1043 3127 beatissime,
1077 3066 1134 3117 et
1164 3062 1512 3119 honorabilii
1544 3068 1749 3120 sancto
1806 3063 1977 3118 Patre

316 3145 542 3203 Liberio
575 3164 757 3220 papae,
790 3149 1170 3217 Athanasius,
1202 3157 1258 3207 et
1289 3151 1543 3209 universi
1575 3151 1971 3227 [Egyptiorum

317 3233 599 3307 episcopi,
651 3237 709 3292 in
769 3256 953 3294 unum
1013 3241 1288 3312 synodice
1345 3243 1496 3313 apud
1560 3241 1970 3299 Alexandriam

316 3327 671 3397 congregati.

388 3413 500 3485 (44)
530 3414 750 3472 Vestrae
783 3418 1132 3476 beatissima
1192 3420 1560 3492 paternitatis
1581 3423 1721 3493 jura
1792 3436 1970 3493 penes

319 3506 498 3558 Deum
531 3504 654 3560 sint
684 3508 1172 3576 manifesta,dum
1208 3510 1722 3583 praedicationibus
1753 3509 1977 3566 scilicet

320 3592 682 3665 apostolicis,
714 3601 770 3651 et
821 3598 1104 3653 doctrinis
1153 3616 1297 3655 verae
1355 3599 1491 3654 fidei
1549 3598 1784 3655 cultura
1841 3598 1972 3653 uni-

317 3699 487 3737 versa
544 3685 763 3755 repleta
792 3686 870 3742 sit
894 3692 1071 3743 terra.
1104 3692 1215 3743 Per
1246 3688 1573 3743 divinorum
1608 3692 1805 3744 tamen
1839 3705 1973 3743 eru-

320 3771 598 3827 ditionem
643 3773 1033 3846 eloquiorum,
1090 3781 1285 3832 vestra
1344 3776 1670 3832 instruente
1716 3776 1976 3831 admoni-

318 3861 476 3915 tione
508 3861 1430 3936 exhortatoria,superaedificatur
1458 3865 1782 3921 orthodoxa
1811 3864 1975 3920 Chri-

320 3950 399 4005 sti
429 3950 1033 4023 Ecclesia,apostolica
1061 3954 1432 4010 institutione
1463 3955 1728 4020 fundata,
1758 3959 1816 4010 et
1841 3971 1874 4010 a
1905 3953 1977 4008 fi-

323 4038 554 4095 delibus
585 4040 857 4098 Patribus
915 4043 1253 4099 firmissime
1308 4044 1598 4099 roborata.
1655 4045 1740 4099 Ad
1798 4060 1974 4115 quam

323 4144 529 4184 omnes
560 4129 881 4187 beatissimi
915 4132 1184 4204 apostoli,
1220 4133 1342 4205 pari
1378 4133 1613 4190 honoris
1640 4137 1698 4189 et
1723 4137 1977 4205 potesta-

325 4218 401 4273 tis
433 4220 724 4275 consortio
756 4221 1004 4292 praediti,
1040 4221 1391 4295 populorum
1448 4222 1687 4295 agmina
1743 4239 1978 4278 conver-

322 4310 532 4375 tentes,
591 4308 685 4379 pie
742 4315 1060 4382 sancteque
1116 4312 1187 4367 de
1242 4312 1501 4368 tenebris
1552 4313 1621 4368 ad
1656 4312 1873 4380 lumen,
1909 4312 1980 4367 de

322 4395 493 4467 lapsu
529 4397 599 4451 ad
629 4414 820 4452 veram
856 4398 1050 4470 ﬁdem,
1084 4400 1155 4455 de
1183 4405 1372 4457 morte
1399 4402 1471 4457 ad
1501 4401 1679 4457 vitam
1712 4402 1979 4458 homines

324 4484 531 4540 divinas
564 4487 1098 4556 praedestinationis
1128 4490 1313 4561 gratia
1344 4490 1663 4563 praescitos,
1714 4490 1981 4546 salutari-

322 4575 437 4630 bus
492 4576 796 4647 praeceptis
853 4594 922 4632 ac
980 4578 1220 4634 monitis
1269 4581 1687 4650 perduxerunt.
1721 4583 1980 4646 Quorum

325 4667 663 4721 sanctorum
714 4665 1111 4737 apostolorum
1166 4675 1359 4724 vestra
1416 4668 1749 4725 fraternitas
1804 4668 1985 4724 hono-

2085 3061 2422 3133 Apostolus,
2453 3061 2544 3117 sed
2570 3063 2804 3132 factores
2835 3060 2974 3128 legis
3019 3057 3477 3129 justiﬁcabuntur
3525 3058 3567 3112 ⁸.
3628 3056 3752 3113 Nos

2085 3152 2241 3209 enim
2300 3151 2423 3207 haec
2470 3149 2743 3220 meditari
2774 3148 3100 3220 cupientes,
3133 3151 3191 3203 et
3219 3162 3289 3202 ea
3319 3163 3446 3218 quae
3476 3163 3509 3201 a
3541 3150 3754 3203 sancta

2083 3242 2221 3298 sede
2250 3245 2463 3309 vestra,
2500 3238 2903 3311 apostolorum
2962 3253 3283 3307 eorumque
3335 3251 3745 3292 successorum

2084 3330 2494 3403 praedicatione
2550 3327 2703 3384 608
2761 3326 3152 3399 suscepimus,
3186 3330 3364 3396 atque
3391 3341 3520 3396 quas
3550 3324 3611 3380 in
3642 3325 3750 3379 Ni-

2084 3435 2245 3474 caena
2274 3418 2496 3491 synodo
2520 3418 2795 3473 roborata
2853 3415 3236 3489 cognovimus
3292 3415 3630 3486 praedicare,
3690 3419 3751 3468 ct

2082 3509 2433 3564 Arianorum
2489 3505 2913 3578 blasphemias,
2955 3510 3130 3577 atque
3160 3504 3410 3561 aliorum
3440 3502 3747 3559 haeretico-

2083 3614 2214 3653 rum
2249 3595 2566 3668 repellere:
2594 3597 2693 3667 qui
2725 3594 2989 3666 quotidie
3019 3594 3092 3650 ab
3126 3593 3215 3650 his
3248 3593 3751 3665 persequimur,et

2085 3685 2449 3742 damnationi
2480 3685 2792 3753 tradimur,
2816 3689 2991 3754 atque
3022 3681 3198 3737 morti
3229 3680 3749 3745 destinamur.Qua

2086 3776 2157 3831 de
2189 3791 2248 3830 re
2279 3778 2683 3847 preeamur,ut
2710 3773 2919 3829 vestris
2947 3770 3611 3837 exhortationibus,tam
3642 3787 3752 3842 per

2084 3880 2188 3920 vos
2245 3880 2422 3935 quam
2474 3867 2534 3918 et
2561 3861 2973 3935 apocrisiarios
3002 3864 3226 3916 vestros
3250 3859 3615 3929 adjuvemur,
3651 3875 3751 3927 ne,

2058 3945 2229 4008 'dum
2262 3952 2345 4007 illi
2378 3955 2653 4008 crescunt
2683 3955 2741 4007 et
2770 3967 2877 4007 nos
2902 3950 3251 4016 minuimur,
3283 3964 3419 4004 vera
3448 3947 3596 4004 ﬁdes
3653 3948 3752 4003 de-

2087 4046 2370 4109 struatur,
2430 4046 2489 4096 et
2543 4057 2745 4096 eorum
2804 4038 3045 4094 haeresis
3090 4036 3244 4093 ultra
3273 4037 3450 4092 fidem
3481 4041 3750 4093 nostram

2087 4135 2331 4188 crescat.
2365 4129 2651 4195 Quoniam
2683 4129 2862 4185 timeo
2893 4132 2980 4195 ut,
3011 4132 3323 4200 postquam
3359 4126 3752 4182 abundaverit

2087 4221 2392 4292 iniquitas,
2427 4219 2769 4291 refrigescat
2797 4217 3052 4274 charitas
3085 4217 3403 4272 multorum
3434 4217 3472 4270 9.
3495 4215 3603 4271 Pro
3634 4232 3756 4285 qua

2089 4328 2170 4378 re,
2206 4309 2395 4365 multa
2422 4312 2629 4365 vestrae
2661 4323 2837 4363 sacrae
2868 4307 3169 4373 doctrinae,
3201 4310 3324 4360 tam
3355 4306 3509 4376 apud
3562 4304 3751 4359 Deum

2089 4417 2267 4472 quam
2299 4398 2455 4470 apud
2487 4400 2729 4454 cunctos
2760 4394 3214 4463 ﬁdeles,merces
3243 4399 3303 4450 et
3334 4394 3464 4449 laus
3496 4393 3755 4465 reposita

2089 4494 2198 4560 est,
2222 4489 2271 4545 si
2302 4492 2495 4544 vestra
2524 4491 2859 4543 resecentur
2886 4484 3254 4540 auctoritate.
3285 4483 3560 4539 Nostram
3591 4483 3751 4539 enim

2092 4579 2475 4649 ﬁdem,quam
2508 4594 2542 4632 a
2570 4575 2799 4631 sanbtis
2832 4574 3102 4629 Patribus
3133 4573 3471 4645 accepimus
3501 4577 3561 4627 et
3590 4580 3752 4627 tene-

2092 4684 2249 4736 mus,
2283 4672 2459 4737 atque
2486 4666 2786 4735 docemus,
2813 4664 3019 4719 subter
3047 4662 3431 4718 inseruimus.
3462 4661 3537 4717 Ut
3561 4661 3610 4716 si
3644 4659 3753 4715 ali-

323 4754 505 4808 randa
536 4770 787 4825 sequens
821 4756 1049 4822 merita,
1083 4761 1140 4812 et
1169 4759 1484 4829 perfectius
1513 4757 1768 4828 impleas
1798 4773 1985 4813 exem-
2014 4768 2060 4832 D
2093 4760 2223 4830 quis
2279 4758 2441 4813 vobis
2502 4757 2672 4814 aliter
2716 4772 2823 4812 nos
2854 4753 3109 4823 credere,
3139 4758 3243 4809 aut
3271 4755 3495 4819 docere,
3527 4757 3631 4808 aut
3657 4769 3752 4808 ac-

320 4841 437 4914 pla,
474 4843 789 4899 Ecclesiam
836 4845 933 4900 Dei
993 4862 1221 4902 morum
1286 4847 1571 4918 probitate
1629 4855 1677 4902 et
1737 4852 1977 4903 actuum

321 4931 634 4988 sanctitate
691 4934 1061 5005 condecorat,
1117 4941 1174 4991 et
1229 4935 1342 4990 fide
1390 4952 1578 5003 sacra,
1609 4934 1980 4992 Christianis-

323 5036 437 5093 que
468 5022 735 5078 moribus
769 5039 1011 5095 augens,
1045 5040 1172 5096 quae
1202 5023 1329 5080 ﬁeri
1359 5028 1470 5080 Deo
1521 5024 1731 5097 placita
1779 5025 1977 5097 praeci-

322 5113 434 5184 pit,
466 5114 681 5169 studiis
711 5112 1147 5185 pontiﬁcalibus
1177 5113 1578 5169 indesinenter
1619 5120 1894 5186 operatur
1922 5119 1979 5171 et

318 5203 567 5276 perﬁcit,
617 5220 856 5260 servans
905 5202 1051 5275 legis
1082 5202 1291 5257 divinae
1324 5204 1601 5259 mandata
1634 5220 1647 5259 ε
1680 5206 1831 5274 Quia.
1865 5221 1973 5259 non

320 5294 457 5363 legis
484 5284 783 5360 auditores,
814 5295 949 5351 iusti
976 5299 1110 5349 sunt
1139 5292 1286 5365 apud
1316 5294 1509 5362 Deum,
1568 5295 1722 5350 sicut
1777 5298 1978 5350 narrat

2090 4848 2374 4913 cusando,
2408 4850 2510 4903 aut
2538 4845 2914 4902 mussitaudo
2947 4843 3231 4910 retulerit,
3262 4841 3354 4897 vel
3389 4841 3752 4897 detrahendo

2088 4936 2323 5009 scriptis
2355 4934 2739 5006 mandaverit,
2774 4950 2878 5006 per
2923 4932 3077 4988 hanc
3134 4931 3445 4989 manifeste
3502 4947 3611 4986 nos
3670 4931 3753 4985 ita

2087 5027 2320 5083 credere
2348 5031 2405 5082 et
2435 5026 2641 5081 docere
2672 5023 3029 5096 agnoscatis.
3061 5021 3370 5078 Credimus
3401 5036 3660 5091 namque
3690 5020 3749 5075 in

2087 5133 2271 5172 unum
2305 5116 2487 5171 Deum
2518 5116 2749 5170 Patrem
2780 5109 3751 5183 omnipotentem,omniumvisibi-

2087 5204 2255 5274 lium,
2288 5221 2513 5260 necnon
2556 5209 2615 5259 et
2670 5201 3055 5258 invisibilium
3116 5200 3503 5256 conditorem.
3566 5198 3631 5254 Et
3687 5199 3745 5252 in

2086 5308 2270 5348 unum
2324 5291 2635 5347 Dominum
2669 5295 2938 5347 nostrum
2964 5288 3169 5345 Jesum
3200 5286 3498 5343 Christum
3531 5286 3749 5342 Filium

393 5492 421 5566 ξ
444 5492 467 5548 1
495 5492 636 5566 Reg.
669 5510 786 5562 xvr,
816 5494 870 5549 7.
949 5494 973 5529 ‘
999 5493 1020 5549 Ι
1052 5492 1241 5551 Paral.
1274 5510 1473 5563 xxvui,
1506 5496 1560 5550 9.
1638 5494 1659 5529 ⁵
1690 5492 1711 5549 Ι
1741 5492 1870 5549 Cor.
1903 5510 1972 5561 Iv,

2141 5493 2163 5529 °
2191 5491 2372 5549 Exod.
2403 5506 2561 5561 χχιιι,
2596 5491 2647 5547 1.
2724 5490 2744 5525 ⁷
2775 5489 2798 5545 Ι
2825 5487 2979 5545 Tim.
3013 5504 3068 5556 v,
3102 5487 3190 5542 19.
3267 5485 3288 5521 ⁸
3319 5485 3488 5542 Rom.
3539 5499 3603 5551 ιι,
3653 5482 3745 5537 13.

318 5563 343 5600 θ
371 5563 575 5621 Matth.
588 5563 761 5635 VXXIV,
796 5566 882 5621 12.

396 5763 508 5832 (44)
543 5761 690 5818 Vide
717 5761 967 5819 Victoris
996 5761 1471 5834 Carthaginensis
1501 5764 1671 5835 epist.
1706 5765 1777 5820 ad
1809 5764 2178 5821 Theodorum
2212 5778 2446 5836 papam.
