4104 6394
341 411 493 472 1471

1515 413 1579 471 S.
1629 409 2152 470 ATHANASIUS.
2181 441 2259 450 —
2289 408 2594 468 SPURIA.

3614 406 3773 463 I472

349 543 483 598 dem
518 545 821 616 episcopos
854 547 925 600 ab
959 548 1324 618 episcopatu,
1358 545 1600 601 clericos
1632 562 1665 598 a
1696 544 1869 598 clero.
1929 541 1990 596 Si
2023 542 2074 607 Α
2107 547 2266 596 sunt.
2330 542 2624 613 Scriptum
2681 546 2771 598 est
2799 540 2955 597 enim
2986 541 3047 596 in
3078 539 3333 597 Jeremia
3362 563 3374 592 :
3406 536 3777 592 Probatorem

347 632 501 687 609
554 650 689 689 vero
739 636 1030 704 monichi,
1065 643 1166 690 aut
1196 636 1325 689 laici
1358 634 1594 702 fuerint,
1628 631 2000 687 anathemate

333 709 533 777 feriri.
570 723 927 779 Protestatur
955 725 1107 779 enim
1146 726 1352 779 beatus
1387 723 1715 795 Apostolus,
1748 722 1945 776 dicens
1981 738 1994 775 :

344 811 407 867 Si
434 814 556 883 quis
585 818 785 877 certat,
830 830 939 868 non.
994 819 1306 879 coronatur,
1352 814 1464 867 nisi
1521 814 1764 883 legitime
1821 819 1996 865 certa-

343 904 486 956 verit
546 903 607 956 ‘9.
642 903 705 956 Et
742 902 955 957 iterum
992 904 1274 958 Dominus
1306 903 1387 957 ait
1421 921 1432 958 :
1468 904 1575 971 Qui
1602 909 1781 957 autem
1812 916 1994 970 perse-

339 992 613 1046 veraverit
642 1008 814 1061 usque
847 993 901 1045 in
932 992 1117 1061 finem,
1153 992 1240 1046 hic
1270 993 1460 1046 salvus
1488 993 1591 1047 erit
1623 992 1685 1044 9°.
1714 989 1997 1044 Videlicet

338 1079 760 1135 certaminibus
793 1081 976 1134 sacris
1000 1082 1313 1151 propositis
1336 1079 1636 1150 nobis,pro
1660 1077 1996 1132 defensione

339 1167 633 1222 catholicae
667 1168 1297 1241 Ecclesim,magnaque
1330 1169 1516 1223 salute
1538 1185 1603 1222 ex
1634 1167 1742 1222 hoc
1765 1171 1997 1238 sperata

338 1256 411 1311 ab
444 1256 709 1311 omnium
741 1257 1024 1313 bonorum
1049 1259 1246 1312 dature
1278 1259 1411 1324 Deo,
1432 1275 1541 1312 non
1571 1258 1841 1311 deficiant
1873 1271 1996 1310 ma-

345 1363 456 1399 nus
490 1346 1095 1412 nostrte,dilcctissimi
1132 1347 1467 1418 fratres,per
1494 1346 1856 1401 occasionem
1893 1361 1994 1397 eu-

334 1434 583 1505 juslibet
614 1434 848 1489 desidiae
882 1434 1200 1503 dissoluta},
1244 1438 1340 1491 sed
1406 1438 1612 1491 fratres
1668 1435 1997 1489 efﬁciamur

339 1541 444 1595 per
473 1524 717 1595 gratiam
755 1523 1186 1596 Domini,atque
1217 1526 1485 1579 virtute'n
1523 1522 1794 1596 potentiae
1823 1523 1990 1592 ejus:

343 1615 627 1683 Quoniam
653 1614 888 1684 perfecit
917 1613 1075 1683 pedes
1105 1624 1314 1669 nostros
1369 1618 1636 1686 tanquam
1690 1628 1992 1679 cervorum,

343 1705 393 1757 et
439 1719 607 1773 super
652 1704 871 1757 excelsa
906 1703 1131 1757 ﬁrmius
1163 1703 1369 1758 statuit
1396 1705 1463 1767 εί,
1500 1719 1601 1775 per
1630 1701 1995 1757 intellectum

345 1808 474 1846 sum
487 1808 593 1845 mre
624 1792 750 1861 ejus
784 1790 1169 1847 humanitatis
1193 1796 1428 1864 propter
1445 1797 1701 1847 nostram
1722 1791 1993 1859 salutem,

2106 631 2237 685 dedi
2264 636 2317 687 et
2345 634 2406 687 in
2430 633 2628 704 populo
2655 648 2776 687 meo
2806 631 3105 700 robustum,
3138 635 3192 686 et
3220 631 3353 685 scies
3400 635 3453 682 et
3503 626 3774 700 probabis

2106 723 2259 777 viam
2293 738 2483 778 eorum
2510 724 2573 779 ’7.
2608 722 2794 779 Multa
2823 739 3074 793 namque
3105 719 3273 777 nobis
3305 716 3640 776 necessaria
3676 722 3773 771 est

2107 810 2424 881 vigilantia,
2486 817 2543 866 et
2586 815 2750 867 tanta
2781 812 2987 866 divinae
3019 810 3318 882 sapientiae
3350 806 3603 876 rimatio,
3638 821 3769 876 qua:

2107 901 2333 956 occulta
2366 901 2737 957 tenebrarum
2774 900 2988 956 revelat
3015 900 3088 956 ad
3147 898 3595 969 requisitionem
3654 894 3768 950 hu-

2101 990 2364 1059 jusmodi
2389 991 2555 1057 rei,et
2580 990 2997 1046 scrutationem
3010 1005 3158 1061 ,quae
3172 987 3314 1043 latet
3328 983 3769 1058 quodammodo

2105 1084 2163 1133 et
2194 1079 2594 1147 absconditur,
2628 1079 2836 1150 vixque
2862 1076 3403 1149 comprehenditur,
3435 1072 3639 1129 dolosa
3670 1090 3768 1127 ex-

2108 1167 2322 1223 sistens
2355 1167 2599 1235 malitia,
2634 1185 2736 1239 pro
2769 1184 2835 1223 eo
2863 1167 3015 1238 quod
3054 1165 3167 1222 sibi
3218 1164 3495 1236 pietatem
3558 1161 3766 1218 callide

2107 1256 2464 1323 blandiatur,
2515 1261 2577 1311 ut
2632 1256 2823 1312 valeat
2851 1254 3242 1311 scrutantium
3276 1257 3535 1308 mentem
3567 1250 3763 1306 latere.

2106 1346 2265 1411 Quod
2304 1346 2505 1417 utique
2537 1346 2729 1401 sciens
2750 1346 2957 1401 beatus
2988 1343 3327 1416 Apostolus,
3348 1342 3432 1398 ait
3455 1360 3468 1397 :
3491 1346 3632 1398 Nam
3666 1341 3771 1394 hu-

2095 1434 2341 1507 jusmodi
2367 1435 2829 1507 pseudoapostoli,
2861 1438 2913 1488 et
2957 1434 3204 1504 operarii
3251 1432 3489 1498 subdoli,
3550 1430 3779 1499 trans/i-

2102 1528 2311 1596 gurant
2365 1540 2423 1580 se
2478 1527 2537 1580 in
2594 1525 2862 1597 apostolos
2894 1523 3108 1581 Christi
3132 1522 3199 1577 ³⁸.
3234 1522 3344 1578 Sed
3375 1537 3493 1576 non
3525 1519 3774 1575 mirum:

2106 1616 2384 1687 quoniam
2422 1619 2478 1670 et
2508 1617 2621 1687 ipse
2649 1617 2893 1673 Satanas
2918 1615 3285 1685 transﬁgurat
3306 1627 3365 1667 se
3392 1611 3543 1666 velut
3599 1625 3777 1681 auge-

2110 1707 2193 1760 lus
2223 1706 2363 1759 lucis
2392 1706 2535 1762 9°.Et
2564 1705 2694 1760 ideo
2726 1722 2844 1761 non
2877 1704 3091 1760 mirum
3118 1703 3165 1759 si
3199 1719 3316 1758 non
3350 1700 3610 1758 ministri
3640 1700 3777 1768 ejus

2106 1794 2630 1867 transﬁgurantur,
2664 1794 2821 1850 velut
2848 1791 3105 1849 ministri
3154 1790 3427 1863 justitiaa,
3489 1787 3775 1861 quoniam

350 1880 603 1935 maxime
629 1884 825 1934 tamen
858 1880 1143 1935 habentes
1172 1879 1509 1951 impositam
1541 1884 1880 1936 sanctorum
1911 1884 1995 1934 te-
2033 1914 2077 1977 Β
2109 1883 2245 1938 ﬁnis
2306 1884 2635 1938 secundum
2695 1900 2874 1955 opera
2903 1898 3128 1939 eorum.
3163 1880 3276 1936 Sed
3306 1882 3363 1935 et
3392 1877 3681 1934 Dominus
3715 1875 3777 1930 in

348 1970 529 2025 stium
563 1970 779 2024 nubem
816 1986 828 2023 :
863 1970 1215 2040 Disponentes
1244 1985 1374 2038 ergo
1403 1986 1563 2025 omne
1590 1969 2003 2040 pondus,etcir-

347 2064 708 2114 cumsluntem
723 2058 1167 2114 adversariorum
1199 2061 1517 2125 novitatem,
1538 2076 1643 2131 per
1670 2060 2002 2131 patientiam

348 2164 641 2204 curramus
668 2148 993 2218 aspicientes
1026 2150 1084 2203 in
1113 2151 1391 2203 auctorem
1441 2148 1589 2217 ﬁdei,
1648 2153 1701 2204 et
1755 2163 2004 2203 consum-

349 2241 617 2292 matorem
642 2239 827 2293 Iesum
857 2236 1379 2309 ’3,qui,propositio
1412 2238 1580 2293 nobis
1612 2242 1849 2310 propter
1866 2253 2000 2292 eum

353 2325 899 2397 negotio,Spiritum
934 2343 1051 2381 suae
1073 2326 1334 2382 veritatis
1357 2327 1648 2382 condonet
1667 2326 2000 2398 loquentem

352 2416 410 2470 in
446 2415 633 2485 nobis,
667 2419 843 2487 atque
874 2414 1276 2487 perhibentem
1334 2415 1627 2489 magnalia
1685 2415 1840 2481 ﬁdei,
1904 2432 2006 2488 per

354 2503 675 2560 doctrinam
732 2510 1069 2559 sanctorum
1112 2505 1526 2576 Patrum,quos
1556 2506 1872 2562 adversarii
1906 2522 2002 2560 ca-

356 2592 727 2649 lumniantur
754 2593 1103 2664 quotidie.ln
1128 2595 1426 2666 prophetis
1449 2613 1703 2668 namque
1732 2596 2002 2651 habetur:

357 2685 596 2755 PrOpter
620 2684 754 2738 Sion
784 2699 890 2737 non
920 2684 1124 2751 tacebo,
1172 2692 1224 2738 et
1268 2689 1495 2756 prapter
1547 2686 1851 2742 Jerusalem
1897 2701 2009 2739 non

361 2776 658 2847 quiescam,
716 2772 883 2827 donec
928 2773 1247 2842 egrediatur
1282 2778 1342 2829 ut
1370 2774 1628 2845 splendor
1651 2780 1844 2832 Justus
1869 2775 2007 2845 ejus,

356 2867 407 2920 et
437 2863 695 2918 Salvator
720 2864 840 2932 ejus
869 2867 929 2917 ut
971 2864 1179 2933 lampas
1233 2865 1570 2919 accendatur
1625 2865 1689 2917 ³³.
1751 2863 2010 2918 Profecto

360 2952 646 3008 catholica
676 2952 953 3020 Ecclesia,
979 2969 1103 3023 qua:
1136 2970 1267 3008 vera
1296 2952 1564 3009 consistit
1593 2954 1753 3022 Sion,
1787 2959 1844 3007 et
1873 2952 2012 3006 civi-

285 3065 288 3069 ’
358 3046 451 3098 tas
482 3040 697 3095 Christi
730 3038 1004 3096 caelorum
1039 3040 1216 3113 regis,
1244 3058 1345 3113 per
1373 3060 1662 3098 annorum
1694 3043 1885 3115 spatia
1915 3058 2013 3097 ex-

363 3134 625 3203 pugnata
653 3130 723 3184 ab
755 3130 1201 3185 adversantibus
1230 3133 1405 3187 verbo
1455 3132 1609 3198 fidei,
1670 3134 1766 3203 qui
1828 3146 2016 3202 neque

367 3226 550 3276 Deum
594 3219 824 3286 timent,
861 3235 1047 3291 neque
1078 3219 1374 3276 hominem
1405 3225 1758 3287 reverentur,
1790 3222 1890 3277 sed
1926 3221 2018 3274 in-

2110 1971 2221 2027 hoc
2252 1972 2649 2044 prmmuniens
2681 1989 2809 2038 nos,
2842 1972 2923 2028 ait
2954 1988 2968 2027 :
3001 1968 3276 2026 Attendite
3297 1984 3333 2023 a
3359 1968 3520 2040 falsis
3548 1966 3785 2038 praphe—

2112 2064 2200 2129 tis,
2237 2063 2335 2133 qui
2361 2062 2589 2117 veniunt
2617 2062 2688 2117 ad
2717 2077 2807 2117 vos
2838 2063 2895 2116 in
2926 2060 3243 2116 vestimento
3273 2057 3480 2126 ovium,
3511 2056 3781 2111 intrinse-

2111 2168 2207 2207 cus
2235 2159 2420 2207 autem
2449 2156 2576 2207 sunt
2607 2152 2727 2224 lupi
2756 2167 3003 2223 rapaces.
3038 2151 3077 2205 Α
3118 2149 3396 2218 fructibus
3451 2162 3642 2202 eorum
3698 2161 3785 2199 co-

2111 2242 2378 2311 gnoscetis
2433 2256 2525 2294 eos
2576 2240 2641 2293 ³ο.
2674 2240 2823 2311 Ergo
2854 2239 2913 2293 in
2944 2237 3206 2309 idipsum
3236 2252 3307 2292 ex
3338 2238 3460 2291 toto
3491 2234 3663 2289 corde
3699 2232 3782 2286 fe-

2114 2332 2309 2385 rentes
2339 2333 2473 2384 ante
2505 2328 2705 2383 omnia
2734 2344 2912 2399 super
2936 2326 3038 2383 tali
3069 2324 3389 2398 quaestione
3420 2321 3780 2394 deprecatio-

2116 2434 2273 2486 nem,
2306 2421 2364 2473 et
2392 2416 2652 2472 dicentes
2683 2434 2818 2472 cum
2863 2416 3043 2472 David
3080 2433 3092 2470 :
3124 2415 3318 2471 Revela
3370 2413 3553 2469 oculos
3609 2426 3783 2479 meos,

2113 2516 2163 2563 et
2215 2506 2579 2564 considerabo
2606 2505 2905 2562 mirabilia
2932 2505 2996 2562 de
3028 2506 3153 2579 lege
3180 2507 3304 2561 tua.
3337 2505 3589 2558 Lucerna
3619 2499 3782 2555 enim

2116 2599 2340 2668 pedibus
2370 2600 2510 2654 meis
2539 2599 2762 2654 verbum
2788 2607 2960 2665 tuum,
2993 2598 3240 2664 Domine,
3271 2603 3322 2651 et
3351 2593 3541 2649 lumen
3565 2592 3780 2647 semitis

2116 2690 2258 2744 meis
2290 2690 2358 2757 δι,
2392 2688 2669 2760 quoniam
2694 2687 2881 2760 ipsius
2912 2692 3022 2755 est,
3055 2686 3208 2742 sicut
3255 2686 3336 2739 ait
3392 2684 3600 2738 beatus
3662 2686 3781 2734 Da-

2119 2777 2233 2833 niel
2266 2777 2548 2849 propheta
2581 2777 2902 2849 :Sapientia
2929 2784 2985 2831 et
3010 2772 3280 2847 fortitudo
3309 2773 3415 2828 dat
3442 2770 3784 2842 sapientiam

2118 2868 2482 2937 sapientibus,
2515 2871 2567 2923 et
2594 2869 2885 2924 scientiam
2914 2864 3355 2934 intelligentibus
3402 2861 3781 2932 disciplinam.

2122 2960 2238 3030 Ipse
2291 2959 2494 3013 revelat
2529 2957 2805 3029 profunda
2835 2960 2886 3012 et
2914 2955 3253 3024 abscondita,
3288 2962 3339 3009 et
3363 2952 3516 3008 novit
3548 2952 3607 3004 in
3636 2953 3788 3004 tene-

2126 3050 2240 3104 bris
2267 3050 2579 3114 eonstituta,
2611 3057 2665 3104 et
2692 3049 2793 3102 tua:
2819 3063 2944 3103 cum
2974 3062 3034 3102 eo
3064 3048 3160 3103 est.
3226 3044 3366 3112 Quia
3422 3041 3789 3112 sapientiam,

2126 3135 2341 3207 inquit,
2396 3143 2449 3191 et
2505 3133 2884 3206 fortitudinem
2944 3132 3147 3189 dedisti
3200 3130 3365 3196 mihi,
3424 3132 3478 3185 el
3505 3125 3795 3184 ostendisti

2134 3226 2291 3293 mihi,
2325 3239 2449 3297 qua
2478 3226 2670 3295 rogavi
2694 3228 2743 3279 te
2771 3224 2835 3278 ³⁸.
2870 3226 3009 3277 Cum
3041 3238 3150 3293 ope
3180 3219 3379 3275 divina
3410 3217 3791 3286 uniuscujus-

374 3326 607 3366 cassum
644 3308 1099 3380 perducentibus
1130 3309 1258 3380 pias
1317 3315 1374 3365 et
1427 3311 1741 3367 canonicos
1799 3311 1871 3365 de
1916 3310 2026 3365 hoc
2056 3285 2099 3352 (ἶ
2134 3331 2247 3386 que
2282 3285 2540 3386 personae
2570 3313 2883 3384 descripta,
2917 3326 3117 3367 eorum
3180 3308 3282 3380 qui
3341 3323 3443 3379 pro
3509 3301 3793 3360 novitatis

372 3400 547 3455 verbo
606 3398 924 3463 doctrinas,
958 3398 1097 3453 dum
1132 3416 1161 3454 a
1193 3399 1434 3455 diversis
1462 3401 1758 3471 tantisque
1784 3399 2027 3471 scripto.

375 3495 431 3545 et
461 3488 586 3544 sine
617 3488 858 3560 scripto,
907 3489 1431 3545 contestationibus
1490 3490 1713 3545 invitati
1777 3489 2030 3545 fuissent

377 3577 662 3649 corrigere
713 3576 1007 3649 propriam
1039 3582 1095 3631 et
1124 3594 1156 3632 a
1187 3594 1249 3633 se
1279 3578 1493 3650 pellere
1522 3578 1810 3633 haeresim.
1846 3577 2028 3633 Sicuti

375 3671 433 3723 et
459 3683 560 3738 per
589 3666 939 3720 anteriorem
973 3665 1366 3737 cognitionem
1399 3666 1758 3722 lnculentius
1788 3668 2030 3722 demon-

374 3760 624 3811 stratum
660 3758 767 3818 est,
801 3756 920 3807 tam
955 3769 1057 3825 per
1085 3753 1336 3823 libellos,
1370 3771 1545 3826 quam
1579 3772 1681 3826 per
1710 3758 2033 3828 suggestio-

375 3862 481 3902 nes
515 3843 1135 3899 reverendissimorum
1165 3846 1559 3914 sacerdotum,
1619 3851 1676 3902 et
1731 3849 2033 3904 venerabi-

380 3935 527 3990 lium
580 3933 885 3997 abbatum,
935 3933 1210 4004 Apostolo
1239 3938 1597 4006 protestante
1628 3936 1817 4006 nobis,
1848 3946 1907 3992 ut
1938 3938 2029 3993 ho-

386 4026 592 4080 minem
622 4024 969 4091 haeretieum,
985 4028 1099 4093 post
1127 4027 1369 4095 primam
1401 4028 1449 4079 et
1478 4027 1779 4082 secundam
1819 4044 2033 4101 correp-

385 4118 610 4182 tionem,
668 4115 875 4169 evitare
925 4115 1233 4170 debeamus.
1291 4117 1556 4183 Scienles,
1590 4119 1716 4189 quia
1747 4118 2039 4174 subversas

382 4212 459 4264 est
489 4205 825 4277 huiusmodi,
857 4214 906 4260 et
937 4204 1170 4277 deliquit
1196 4209 1426 4277 prorrio
1456 4207 1670 4278 judicio
1716 4209 2042 4267 eondemna‘
2096 4204 2100 4209 ’

380 4303 468 4354 tus
499 4297 750 4353 2"‘iNullo
784 4297 952 4351 modo
984 4301 1214 4368 oportet
1245 4313 1350 4353 nos
1382 4297 1659 4371 deinceps
1691 4302 1881 4355 tacere
1938 4305 2040 4356 aut

383 4389 703 4460 quiescere,
736 4402 807 4440 ne
839 4402 1074 4458 quoquo
1107 4387 1279 4442 modo
1309 4386 1495 4458 iniqui
1522 4387 1883 4458 judicemur,
1915 4390 2037 4445 odi-

384 4477 564 4535 bilem
601 4482 709 4531 Deo
741 4479 962 4546 partem
996 4475 1727 4547 amplectentos.Quoniam
1752 4482 2039 4549 scriptum

394 4574 483 4623 est
517 4586 530 4624 :
563 4567 753 4622 Zelavi
778 4566 837 4621 in
891 4565 1265 4636 peccatoribus
1321 4583 1509 4639 pacem
1560 4576 1912 4640 peccatorum
1967 4570 2043 4622 vi-

2135 3406 2469 3459 commento
2528 3401 2782 3457 accusati
2841 3402 2912 3456 de
2968 3397 3280 3455 venerabili
3341 3398 3541 3451 nostro
3567 3391 3792 3449 scrinio

2135 3491 2696 3555 obsecundantibus,
2730 3494 2788 3547 et
2814 3488 2985 3546 nobis
3040 3485 3442 3544 ordinabiliter
3494 3480 3794 3540 otisrenti-

2136 3584 2269 3649 bus,
2329 3580 2602 3636 solertius
2657 3579 3058 3660 intendamus,
3122 3578 3201 3632 ita
3232 3579 3295 3631 ut
3324 3574 3427 3647 qui
3457 3573 3579 3629 haec
3637 3587 3793 3642 prie-

2138 3671 2499 3744 sumpserint
2528 3668 2909 3741 prmvaricati,
2970 3667 3229 3740 primum
3288 3663 3526 3737 quidem
3590 3661 3795 3732 subja-

2141 3767 2311 3818 ceant
2357 3759 2581 3831 judicio
2638 3757 2883 3814 terribili
2936 3753 3350 3827 omnipotentis
3410 3752 3532 3819 Dei,
3584 3750 3800 3806 deinde

2142 3855 2336 3906 autem
2372 3848 2841 3921 qualemcunque
2869 3844 3121 3917 regalem
3156 3840 3620 3915 indignationem
3647 3854 3804 3893 reve-

2144 3945 2400 3996 reantur.
2436 3938 2543 3993 Per
2573 3953 2748 4009 quam
2782 3934 3075 4006 siquidem
3109 3931 3395 4005 episcopi,
3444 3930 3544 4002 qui
3603 3927 3799 3984 clerici

2145 4030 2380 4095 fuerint,
2441 4044 2475 4082 a
2531 4026 2623 4082 sui
2685 4022 3015 4089 sacerdotii,
3076 4021 3196 4077 sive
3239 4038 3273 4076 a
3302 4019 3394 4075 sui
3426 4018 3564 4075 cleri
3596 4017 3805 4073 ordine

2147 4119 2337 4175 modis
2366 4116 2643 4172 omnibus
2672 4112 3029 4168 excidant.Si
3063 4115 3260 4166 autem
3310 4107 3584 4189 monachi
3636 4113 3801 4175 sunt,

2145 4209 2548 4279 segregentur,
2602 4206 2662 4258 et
2699 4199 2873 4257 alieni
2905 4200 3026 4256 sint
3055 4216 3088 4255 a
3118 4197 3243 4255 suis
3276 4197 3434 4253 locis.
3468 4196 3568 4250 Sin
3603 4197 3808 4282 autem

2145 4297 2518 4370 dignitatem,
2549 4296 2651 4349 aut
2680 4289 3001 4363 cingulum,
3031 4293 3133 4344 aut
3191 4287 3462 4343 militiam
3523 4284 3806 4349 habeant,

2150 4386 2449 4442 nudentur
2506 4381 2611 4438 eis.
2676 4380 2839 4446 Quod
2874 4379 2921 4434 si
2960 4376 3190 4449 privati,
3225 4375 3274 4431 si
3305 4374 3544 4446 quidem
3579 4371 3807 4428 nobiles

2149 4474 2500 4542 consistunt,
2534 4487 2776 4527 suarum
2810 4466 3274 4523 substantiarum
3320 4463 3806 4536 proscriptionem

2152 4563 2467 4636 patiantur.
2502 4561 2603 4617 Sin
2651 4563 2843 4616 autem
2914 4554 3200 4629 ignobiles
3269 4553 3622 4617 consistunt,
3695 4569 3810 4606 non

395 4660 528 4716 dens
576 4660 642 4714 2⁵.
678 4662 743 4712 Et
775 4658 1005 4713 dicatur
1032 4657 1205 4712 etiam
1238 4658 1307 4712 de
1342 4659 1509 4712 nobis
1543 4675 1555 4713 :
1590 4658 1904 4713 Sacerdotes
1936 4658 2047 4712 mei
2074 4659 2120 4723 D
2153 4652 2344 4710 solum
2376 4651 2433 4706 in
2469 4666 2709 4721 corpore
2754 4646 3156 4711 verberentur,
3217 4643 3317 4699 sed
3376 4641 3547 4698 exilio
3606 4657 3813 4713 perpe-

393 4754 835 4820 contempserunt
864 4764 1040 4802 meam
1066 4748 1255 4818 legem,
1279 4752 1329 4802 et
1376 4748 1691 4818 polluerunt
1722 4747 2043 4802 sanctuaria

393 4856 539 4907 mea,
574 4840 720 4893 inter
747 4845 997 4892 sanctum
1025 4840 1077 4891 et
1103 4839 1397 4908 pro/anum
1426 4853 1535 4891 non
1568 4835 1804 4890 habuere
1833 4835 2042 4889 distan-

393 4932 555 4995 tiam,
588 4932 638 4983 et
670 4930 813 4983 inter
839 4927 1109 4997 pollutum
1165 4929 1214 4982 et
1270 4925 1538 4981 mundum
1589 4940 1700 4979 non
1756 4925 2044 4980 intellexe-

394 5025 547 5073 runt!
570 5017 611 5071 ⁸.
645 5016 757 5072 Sed
790 5032 1139 5088 consurgere
1170 5033 1278 5071 nos
1307 5014 1577 5070 convenit
1608 5031 1739 5069 cum
1774 5014 2049 5083 Deo,con-

395 5107 601 5163 sistere
633 5111 917 5178 prompte,
954 5105 1264 5161 induentes
1296 5122 1457 5160 arma
1486 5104 1737 5175 Spiritus
1768 5105 2050 5158 adversus

402 5196 791 5268 malignantes
849 5201 1050 5250 contra
1109 5194 1284 5250 ﬁdem
1344 5195 1493 5263 ejus,
1546 5199 1608 5248 ut
1656 5193 2051 5264 approbemus

401 5287 657 5359 Spiritus
690 5285 1005 5358 sapienter,
1036 5284 1093 5340 id
1125 5289 1230 5353 est,
1264 5283 1436 5339 verba
1466 5298 1687 5351 eorum,
1723 5282 1770 5338 si
1816 5298 1883 5336 ex
1942 5280 2052 5335 Deo

2154 4749 2253 4797 tuo
2306 4740 2687 4810 castigentur,
2749 4741 2812 4792 ut
2869 4751 3072 4792 omnes
3101 4733 3311 4788 timore
3346 4730 3441 4787 Dei
3468 4731 3813 4803 compressi,
3902 4773 3911 4781 .

2154 4835 2212 4888 et
2241 4829 2602 4887 comminata
2628 4828 2711 4883 eis
2743 4826 2921 4897 digna
2952 4822 3242 4895 supplicia
3292 4825 3645 4887 reverentes,
3700 4820 3811 4874 im-

2159 4919 2432 4976 mobilem
2468 4924 2526 4974 et
2556 4918 2679 4974 sine
2712 4913 3045 4971 turbatione
3078 4927 3277 4983 pacem
3311 4913 3653 4965 sanctarum
3711 4909 3812 4964 Dei

2159 5008 2551 5065 Ecclesiarum
2580 5004 2934 5062 custodiant.
2972 5004 3114 5056 Data
3141 5017 3243 5055 VIII
3290 4999 3407 5055 Kal.
3466 4998 3653 5062 Junii,
3717 5001 3814 5053 As-

2159 5099 2345 5170 clepio
2413 5103 2469 5152 et
2540 5096 2792 5151 Dcodato
2857 5088 3297 5147 venerabilibus
3362 5105 3512 5145 coss.
3550 5088 3794 5161 Explicit

2162 5187 2359 5244 Gloria
2386 5185 2615 5243 Christo
2644 5188 2785 5239 Jesu
2855 5180 3096 5238 Domino
3160 5184 3383 5235 nostro.
3454 5177 3569 5232 Pax
3633 5175 3811 5232 vobis.

2167 5281 2374 5334 Amen.

475 5521 518 5555 ¹⁹
550 5521 598 5575 ΙΙ
630 5520 780 5573 Tim.
814 5536 875 5584 ιι,
907 5520 960 5572 5.
1041 5518 1086 5552 ²⁰
1119 5515 1320 5573 Matth.
1354 5532 1409 5585 χ,
1435 5517 1525 5569 22.
1604 5516 1647 5549 ²¹
1685 5513 1836 5568 Psal.
1868 5529 2005 5579 xvn,

2125 5555 2129 5566 .
2207 5511 2254 5585 ἓξ
2286 5510 2460 5585 ῌθὺιε.
2488 5526 2588 5575 xu,
2615 5508 2741 5585 t,_2.
2801 5505 3002 5585 fisa.
3030 5520 3162 5585 ιξιιι,
3189 5504 3267 5585 1.“
3297 5502 3365 5585 _’_‘
3528 5500 3821 5585 ιιι,

400 5592 447 5627 ³⁵
480 5571 888 5658 Ρεῌιῖιζὲίίςέ.
918 5571 1013 5624 Ή²⁶
1042 5571 1247 5645 Ezech.
1281 5571 1420 5651 xxu’,
1450 5590 1539 5641 26.
1617 5587 1659 5620 ²⁷
1690 5586 1904 5642 Jerem.
1936 5571 2015 5653 vi,

2125 5626 2136 5638 .
2213 5582 2336 5638 2811
2365 5586 2492 5639 Cor.
2523 5571 2603 5650 xi,
2635 5571 2723 5637 {3.
2799 5580 2845 5614 ιο
2875 5578 3024 5634 Ibid.
3055 5571 3158 5630 14;
3223 5571 3819 5641 3°Matth.vn,15,16.

400 5664 441 5700 ⁸³
475 5662 631 5720 Psal.
663 5677 858 5728 cxvm,
893 5662 978 5729 18,
1012 5661 1133 5716 105.
1210 5660 1256 5694 ³²
1287 5660 1431 5716 Dan.
1465 5676 1527 5729 ιι,
1555 5659 1645 5725 21,
1677 5659 1768 5712 22.
