4104 6354
445 399 596 459 1475

1610 386 1672 446 S.
1721 380 2238 445 A'l‘HANASlUS.
2272 415 2346 428 —
2378 385 2691 448 SPUltlA.

3698 386 3832 448 H'iﬁ

446 526 759 595 sustinere,
811 534 867 583 et
927 525 1179 599 propriis
1229 524 1489 578 humeris
1553 526 1783 592 portare
1852 518 2084 581 debent,
2115 516 2386 583 Aeidem
2412 524 2624 575 sanctae
2658 519 2782 575 sedi
2824 523 3026 575 vestrae
3079 519 3136 573 in
3192 518 3471 574 honorem
3522 520 3828 577 beatissimi

444 626 586 677 sunt
640 616 991 674 conﬁrmati.
1045 614 1292 685 Tibique
1358 612 1548 666 claves
1599 608 1761 681 regni
1810 606 2090 661 caelorum

444 708 762 772 commisit,
796 712 971 776 atque
1004 704 1205 774 ligare,
1229 708 1285 758 et
1316 700 1537 756 solvere
1569 696 1929 770 potestative,
1964 710 2090 762 quae

443 800 690 855 interra
731 802 787 851 et
818 812 943 866 qum
993 811 1050 846 ιη
1105 791 1267 847 caelis
1343 795 1499 858 sunt,
1548 784 1958 859 promulgavit.
2005 782 2089 836 Tu

440 888 822 960 profanarum
846 884 1162 949 haeresum,
1195 887 1252 936 et
1280 878 1706 950 impetitorum,
1757 880 1932 945 atque
1962 888 2088 925 om-

440 976 605 1031 nium
640 972 1043 1029 infestantium
1085 969 1403 1041 depositor,
1455 972 1508 1021 et
1558 965 1849 1037 princeps,
1885 967 1942 1016 et
1986 962 2078 1016 do-

441 1071 583 1133 ctor,
644 1068 936 1134 caputque
990 1059 1252 1114 omnium
1314 1056 1642 1112 orthodoxae
1702 1050 1976 1107 doctrinm
2036 1054 2092 1104 et

440 1153 832 1211 immaculata:
888 1151 1020 1205 ﬁdei
1087 1148 1341 1203 exsistis.
1415 1146 1595 1216 Igitur
1664 1160 1733 1198 ne
1800 1139 2092 1211 despicias

438 1249 678 1299 Patrum
710 1247 967 1307 tuorum,
1003 1238 1188 1303 Pater,
1214 1236 1511 1308 pietatem,
1539 1234 1870 1302 bonamque
1902 1230 2089 1282 inten-

439 1333 682 1389 tionem.
729 1333 798 1386 Et
860 1330 1013 1383 sicut
1077 1327 1164 1381 illi
1245 1326 1442 1380 Patres
1492 1327 1548 1377 et
1634 1321 2090 1393 praedecessores

438 1427 674 1478 nostros
716 1438 748 1475 a
797 1416 1000 1473 multis
1047 1417 1443 1471 liberaverunt
1491 1407 1973 1483 oppressionibus
2033 1411 2091 1462 et

440 1508 751 1582 angustiis,
783 1508 866 1562 ita
896 1523 1002 1561 nos
1033 1504 1278 1559 liberare
1310 1500 1589 1572 digneris.
1624 1499 1768 1553 Nam
1796 1497 1905 1551 fuit
1935 1512 2089 1551 sem-

441 1616 545 1672 per
567 1603 768 1653 vestraa
799 1600 1012 1652 sanctae
1043 1598 1100 1648 et
1147 1591 1478 1665 apostolicae
1529 1589 1650 1644 sedi
1707 1585 1961 1651 licentia,
1995 1585 2089 1639 in-

433 1691 598 1761 juste
650 1689 961 1742 damnatos
1010 1684 1098 1739 vel
1149 1679 1706 1747 excommunicatos,
1747 1674 2090 1748 potestative

443 1796 554 1834 sua
600 1777 945 1833 auctoritate
999 1773 1322 1840 restituere,
1372 1775 1428 1824 et
1472 1785 1581 1823 sua
1619 1768 1704 1822 eis
1734 1764 1933 1821 omnia
1964 1764 2087 1819 red-

2204 603 2372 659 Petri.
2413 607 2649 662 Patrum
2682 608 2915 663 decreta
2943 605 3294 679 peculiarem
3341 607 3660 662 decrevisse
3681 625 3825 664 reve-

2202 694 2454 747 rentiam
2491 694 2613 759 Dei,
2646 712 2747 765 pro
2798 695 2972 749 rebus
3024 693 3397 764 inquirendis
3439 698 3613 764 atque
3657 695 3829 752 deter-

2204 780 2521 848 minandis,
2571 800 2719 855 quas
2768 782 3017 838 sollicite
3077 783 3241 838 decet
3283 784 3558 853 justeque
3602 785 3671 839 ab
3714 784 3828 858 ipso

2203 869 2519 939 praescium
2591 871 2913 927 examinari
2976 871 3188 927 vertice
3248 871 3592 942 apostolico,
3676 874 3827 944 cujus

2202 958 2532 1025 sollicitudo
2564 977 2796 1031 semper
2829 960 2940 1014 fuit
2969 964 3025 1014 et
3069 963 3161 1015 est
3211 964 3327 1014 tam
3364 964 3520 1014 mala
3570 960 3823 1017 damnare

2202 1064 2377 1119 quam
2443 1050 2688 1120 probare
2728 1050 3044 1104 laudantia.
3110 1048 3397 1114 Quoniam
3448 1048 3821 1105 humillimum

2201 1142 2389 1193 vestro
2421 1138 2737 1210 apostolico
2769 1138 3011 1193 culmini
3044 1136 3445 1209 persolventes
3477 1138 3826 1209 obsequium,

2201 1233 2266 1281 ut
2310 1227 2436 1299 ipse
2484 1228 2769 1283 Dominus
2838 1228 3131 1300 praecepit,
3212 1232 3553 1283 sanctorum
3618 1228 3829 1283 decreta

2200 1316 2437 1372 Patrum
2515 1320 2870 1384 statuerunt,
2934 1332 3068 1372 cum
3141 1315 3419 1389 lacrymis
3478 1315 3829 1388 suggerimus

2201 1408 2355 1479 quod
2402 1408 2529 1463 sine
2576 1408 2799 1480 gemitu
2866 1406 3061 1462 cordis
3109 1405 3351 1462 reticere
3403 1422 3520 1461 non
3567 1406 3826 1463 valemus.

2198 1500 2346 1552 Nam
2395 1496 2454 1551 in
2522 1502 2752 1552 tantum
2823 1512 2857 1551 a
2918 1494 3394 1567 persecutoribus
3463 1500 3674 1550 sanctas
3746 1496 3832 1551 Dei

2199 1584 2469 1639 Ecclesia:
2553 1584 2890 1655 nostrisque
2957 1583 3218 1639 inimicis
3286 1582 3714 1655 persequimur,
3778 1589 3834 1638 ut

2199 1675 2348 1730 611
2386 1674 2575 1746 magis
2626 1690 2731 1729 nos
2762 1661 2971 1742 vivere,
3021 1689 3199 1744 quam
3232 1671 3384 1728 mori
3416 1674 3642 1727 taedeat.
3684 1671 3831 1727 Unde

2200 1783 2314 1838 prae
2346 1766 2623 1820 omnibus
2656 1763 2994 1829 fatemur,in
3027 1768 3257 1818 tantum
3289 1756 3393 1818 cori
3420 1778 3550 1818 esse
3583 1767 3830 1818 nostrum

440 1869 596 1933 dere,
632 1873 688 1920 et
716 1866 848 1919 illos
880 1864 979 1935 qui
1029 1879 1127 1917 eos
1177 1860 1665 1924 condemnarunt,
1716 1860 1818 1910 aut
1854 1870 2086 1908 excom-
2118 1882 2165 1946 B
2197 1855 2592 1916 vulneratum,
2628 1858 2692 1908 ut
2723 1852 3129 1925 propheticum
3178 1850 3346 1907 illum
3381 1851 3680 1923 planctum
3710 1868 3827 1907 exo-

438 1957 906 2017 munieaverunt,
950 1950 1266 2024 apostolico
1316 1949 1521 2019 punire
1563 1944 1896 2017 privilegio:
1933 1942 2087 1996 sicut

436 2045 612 2102 etiam
646 2043 862 2099 nostris
893 2048 946 2096 et
971 2038 1443 2095 antecessoribus
1473 2035 1855 2107 cognovimus
1886 2038 2082 2086 aetum

438 2134 824 2207 temporibus.
862 2136 1036 2185 Porro
1068 2134 1123 2182 et
1152 2127 1262 2197 ipsi
1299 2125 1599 2197 primates,
1633 2122 1733 2194 qui
1779 2122 2080 2194 episcopo-

438 2240 569 2279 rum
601 2228 658 2278 et
689 2235 1058 2276 summorum
1091 2214 1618 2271 ecelesiasticorum
1663 2228 1871 2267 causas
1901 2209 2085 2265 susei-

436 2331 570 2386 pere
635 2311 868 2373 debent,
939 2308 998 2361 in
1068 2305 1301 2378 prazﬁxa
1365 2303 1596 2358 Nicazna
1656 2301 1877 2372 synodo
1944 2308 2079 2355 sunt

435 2401 809 2465 dinumerati,
845 2415 915 2453 ne
945 2400 1005 2451 in
1054 2402 1352 2467 posterum
1386 2408 1455 2447 ex
1500 2392 1608 2447 hoc
1657 2388 1947 2445 contentio
1978 2388 2082 2443 ori-

437 2497 616 2547 retur.
650 2490 763 2561 (51)
799 2490 843 2543 Ο
876 2484 1249 2562 sanctissime
1289 2483 1454 2537 Pater
1485 2482 1743 2544 Patrum,
1799 2477 2080 2533 abscinde

438 2578 835 2652 blasphemiae
866 2582 921 2631 et
943 2573 1291 2646 jactantiam
1341 2570 1785 2640 vaniloquorum
1836 2575 1893 2622 et
1929 2568 2079 2622 insi-

436 2668 725 2725 diantium
794 2663 1218 2727 int'estationes,
1291 2676 1399 2715 nos
1465 2665 1522 2714 et
1589 2663 1795 2712 tratres
1847 2665 2077 2712 nostros

436 2757 1097 2830 opprimentium,atque
1126 2750 1362 2821 perdere
1391 2748 1733 2815 volentium,
1762 2746 1864 2816 qui
1887 2747 1953 2799 ad
1977 2762 2079 2800 vos

434 2847 603 2919 quasi
636 2846 707 2900 ad
739 2849 916 2915 caput
946 2839 1341 2911 confugimus,
1367 2843 1431 2892 ut
1461 2842 1650 2891 vestro
1669 2835 1892 2891 suﬂ‘ulti
1920 2834 2079 2889 auxi~

432 2936 509 2991 lio
540 2934 877 2997 liberemur,
911 2935 968 2985 et
994 2928 1157 2983 vobis
1180 2926 1465 2996 nobisque
1486 2924 1697 2979 Christi
1730 2922 2080 2978 commissas

435 3041 569 3080 oves
635 3040 668 3077 a
733 3020 1015 3092 luporum
1087 3034 1204 3086 ore,
1282 3013 1528 3070 Domino
1597 3012 2076 3080 adminiculante,

433 3119 748 3184 antequam
776 3106 1194 3180 deglutiantur,
1247 3105 1569 3175 rapiamus.
1607 3102 1722 3157 Nec
1771 3101 1924 3157 enim
1966 3100 2079 3172 (52)

439 3205 525 3259 fas
570 3207 658 3255 est
701 3198 1036 3270 supplicum
1105 3194 1436 3264 apostolicae
1486 3192 1642 3247 sedis
1687 3192 1926 3260 scripto,
1977 3194 2078 3246 aut

2201 1949 2455 2015 ptemus,
2489 1944 2749 1998 dicentes
2786 1960 2798 1997 :
2837 1943 2967 2010 Quis
2996 1941 3148 1996 dabit
3168 1942 3341 2013 capiti
3370 1956 3492 1996 meo
3520 1949 3834 2013 aquam,aut

2193 2035 2365 2089 oculis
2392 2034 2601 2088 nostri:
2628 2034 2836 2102 fontem
2884 2033 3283 2102 lucrymarum,
3334 2033 3400 2084 ut
3446 2029 3685 2085 sedente:
3726 2029 3832 2099 plo-

2192 2140 2375 2179 remus
2406 2123 2494 2178 die
2523 2138 2586 2177 ac
2614 2124 2771 2177 docte
2800 2121 2844 2155 ³³
2873 2121 2900 2175 ?
2931 2124 3070 2175 Ecce
3099 2119 3256 2175 enim
3300 2135 3461 2186 oves,
3513 2134 3637 2190 qua:
3668 2118 3831 2173 nimis

2191 2213 2568 2281 infestantur,
2602 2216 2776 2283 atque
2807 2228 2841 2264 a
2860 2209 3051 2281 pravis
3079 2207 3337 2263 amoveri
3360 2206 3697 2262 hominibus
3719 2207 3823 2261 im-

2193 2301 2512 2373 pelluntur.
2554 2299 3022 2355 Christianorum
3073 2312 3207 2351 vero
3262 2311 3435 2351 voces
3482 2312 3548 2351 ac
3594 2294 3829 2367 gemitus

2190 2392 2600 2463 episcoporum
2636 2389 2805 2461 longe
2838 2388 3063 2458 lateque
3102 2389 3403 2451 resonant,
3436 2384 3719 2440 novitates
3747 2383 3826 2439 in-

2190 2486 2464 2553 surgunt,
2495 2479 2802 2536 ealumnite
2835 2482 3129 2541 crescunt,
3153 2476 3487 2549 persecutio
3518 2480 3826 2547 grassatur,

2188 2572 2437 2643 perditio
2469 2571 2532 2623 ﬁt
2563 2569 2935 2640 populorum.
2970 2571 3245 2620 Vestrum
3277 2569 3367 2621 est
3398 2564 3571 2620 nobis
3602 2580 3824 2619 manum

2188 2660 2503 2732 porrigere,
2540 2659 2701 2712 vobis
2750 2659 2904 2711 enim
2957 2655 3256 2710 commissi
3305 2671 3534 2720 sumus,
3584 2660 3825 2707 vestrum

2187 2753 2277 2802 est
2308 2764 2414 2801 nos
2445 2746 2756 2801 defendere
2794 2749 2972 2814 atque
3011 2742 3281 2807 liberare,
3336 2745 3721 2811 nostrumque
3751 2744 3830 2792 est

2188 2854 2220 2891 a
2250 2836 2415 2891 vobis
2444 2834 2733 2890 auxilium
2757 2838 3044 2905 expetere,
3075 2836 3132 2886 et
3159 2830 3370 2886 vestris
3400 2846 3604 2901 parere
3627 2827 3825 2900 jussio-

2190 2924 2389 2978 nibus.
2431 2923 2539 2977 Pro
2571 2921 2751 2975 nimio
2782 2937 2918 2991 ergo
2950 2918 3170 2988 dolore,
3212 2922 3390 2989 atque
3440 2918 3661 2990 gemitu
3712 2933 3827 2971 om-

2190 3012 2355 3067 nium
2405 3028 2531 3082 qua:
2600 3027 2705 3065 nos
2771 3009 3052 3065 infestant
3122 3007 3454 3063 necessario
3526 3004 3825 3069 recordari,

2188 3104 2470 3174 vobisque
2518 3102 2852 3174 signiﬁcare
2908 3099 3246 3172 nequimus.
3307 3099 3443 3155 ldeo
3490 3098 3711 3154 almum
3741 3113 3829 3151 ve-

2193 3198 2382 3248 strum
2415 3208 2725 3247 exoramus
2758 3189 3173 3261 apostolatum,
3208 3192 3272 3243 ut
3303 3204 3483 3260 super
3512 3187 3605 3243 his
3637 3186 3830 3258 legem,

439 3294 564 3348 sine
586 3289 821 3358 scripto,
856 3302 1054 3357 preces
1104 3284 1299 3339 oblata
1349 3282 1665 3352 despicere,
1717 3281 1817 3335 sed
1851 3286 1913 3334 ut
1941 3296 2079 3334 con-
2112 3251 2154 3318 C
2193 3300 2321 3354 quae
2353 3283 2409 3337 in
2440 3288 2762 3337 memorata
2790 3280 3023 3335 Nicaena
3070 3278 3291 3351 synodo
3325 3283 3415 3333 est
3456 3277 3833 3350 promulgata,

441 3381 624 3446 decet,
658 3385 715 3433 et
747 3374 1122 3449 privilegium
1173 3380 1374 3427 vestra:
1424 3370 1580 3426 sedis
1623 3376 1731 3436 est,
1765 3375 1821 3424 et
1864 3386 1991 3438 nos,
2024 3371 2079 3423 et

435 3469 519 3526 illi
554 3465 971 3523 canoniealiter
999 3478 1405 3529 convocemur,
1452 3467 1509 3514 et
1546 3465 1680 3514 ante
1725 3476 1829 3513 vos
1879 3458 1949 3513 de
1977 3475 2078 3514 no-

436 3559 576 3615 stris
608 3555 1034 3626 objectionibus
1081 3551 1359 3607 canonice
1401 3565 1533 3603 eum
1585 3549 1744 3602 omni
1794 3547 2080 3620 probitate

435 3651 858 3704 conccrtemus.
914 3642 1075 3696 Sicut
1132 3640 1586 3712 prmdeccssores
1658 3638 1840 3693 nostri
1901 3652 2077 3709 penes

430 3743 657 3792 vestros
692 3736 952 3787 fecerunt
981 3734 1411 3794 antecessores,
1441 3732 1497 3781 et
1526 3726 1681 3781 sicut
1710 3727 1988 3782 canonica
2017 3726 2076 3781 in

433 3825 713 3898 praedicta
777 3825 979 3876 sancta
1029 3819 1248 3891 synodo
1334 3818 1547 3871 docent
1612 3816 1949 3884 constituta,
2018 3821 2077 3870 et

430 3912 612 3969 veluti
668 3910 880 3983 paleati
932 3908 1093 3964 verbi
1159 3924 1260 3978 per
1324 3904 1715 3960 ventilabrum
1785 3905 2074 3960 canonieaa

429 4000 880 4059 examinationis
927 3997 1159 4070 plenam
1207 3995 1638 4067 purgationem,
1684 3995 1742 4049 in
1774 3995 2071 4050 communi

427 4091 816 4147 consistentes
848 4086 1159 4156 auditorio,
1194 4086 1264 4140 de
1298 4085 1547 4139 maturis
1588 4090 1642 4137 et
1674 4084 2073 4139 nutrientibus

425 4180 721 4237 catholica:
767 4177 1036 4233 Ecclesiae
1085 4175 1483 4246 dogmatibus,
1528 4191 1655 4244 qua:
1722 4176 2074 4228 conﬁrmant

427 4286 526 4325 cor
555 4267 831 4334 hominis,
867 4283 965 4338 per
991 4264 1496 4336 participationem
1530 4269 1903 4333 paternarum
1941 4280 2070 4317 con-

427 4374 743 4431 sequamur
776 4353 1369 4424 institutionum.(53)
1403 4353 1675 4424 Antiquis
1704 4354 1860 4408 enim
1895 4371 2070 4424 regu-

424 4448 499 4503 lis
531 4448 821 4503 sancitum
857 4451 964 4512 est,
1000 4448 1065 4497 ut
1097 4442 1403 4513 quidquid,
1430 4444 1699 4511 quamvis
1738 4442 1796 4496 in
1831 4443 2070 4498 remotis

426 4541 531 4592 aut
564 4537 619 4591 in
640 4534 980 4607 longinquis
1004 4532 1208 4603 positis
1230 4530 1565 4602 provinciis,
1596 4548 1775 4603 super
1839 4532 2068 4602 episco-

2189 3372 2456 3444 quamvis
2488 3370 2898 3444 praedictorum
2921 3368 3420 3435 insidiatorum,et
3452 3368 3701 3424 aliorum
3727 3384 3829 3422 ma-

2186 3461 2379 3518 lorum
2409 3459 2741 3527 hominum,
2772 3476 2884 3530 quo
2918 3457 3148 3513 facilius
3196 3456 3505 3530 episcopos
3535 3458 3633 3513 Dei
3667 3455 3827 3512 mini-

2186 3558 2340 3606 stros
2368 3549 2602 3605 valeant
2632 3547 2974 3620 illaqueare,
3026 3551 3114 3602 est
3161 3546 3470 3613 suﬁ‘ocata,
3505 3546 3781 3619 reparatis
3814 3563 3826 3602 :

2186 3646 2241 3695 et
2270 3658 2399 3710 qua:
2430 3638 2760 3695 necessaria
2795 3638 2913 3692 fore
2943 3637 3319 3709 cognoscitis,
3362 3641 3569 3693 vestris
3622 3640 3825 3691 sanetae

2186 3730 2343 3785 sedis
2372 3729 2716 3784 auctoritate
2745 3744 2849 3782 nos
2869 3731 3231 3796 cunctosque
3254 3725 3463 3781 fratres
3486 3723 3825 3789 informetis,

2187 3826 2250 3873 ut
2280 3817 2569 3874 malorum
2601 3817 2846 3872 insidias
2878 3815 3211 3886 hominum,
3241 3821 3440 3871 vestra
3472 3815 3603 3871 fulti
3633 3818 3823 3870 aucto—

2183 3909 2352 3964 ritate
2381 3907 2568 3976 illaesi,
2607 3907 2846 3962 Domino
2878 3905 3223 3977 opitulante,
3242 3906 3486 3961 evadere
3517 3904 3824 3968 valeamus,

2184 3997 2323 4069 quia
2356 3997 2604 4052 insidias
2635 3984 2909 4067 luporum
2942 3995 3277 4068 przevidere,
3321 4012 3436 4051 non
3470 3997 3663 4052 ovium
3699 3995 3824 4066 (54),

2182 4088 2280 4143 sed
2318 4091 2615 4158 pastorum
2651 4084 3000 4140 est.Seimus
3032 4084 3188 4140 enim
3221 4084 3376 4157 quod
3407 4085 3466 4141 id
3496 4100 3823 4159 semperve-

2182 4182 2313 4230 straz
2348 4175 2496 4230 sedi:
2538 4174 2837 4245 prtesules,
2865 4173 3053 4244 primo
3084 4173 3573 4245 apostoli,deinde
3603 4190 3820 4231 succes-

2181 4280 2344 4319 sores
2375 4279 2577 4318 eorum
2611 4263 3009 4334 fecerunt.(55)
3040 4260 3155 4317 Vos
3173 4261 3523 4319 universalis
3544 4262 3820 4323 Ecclesia,

2180 4363 2238 4410 et
2272 4353 2522 4409 maxime
2553 4353 2959 4424 episcoporum
2993 4353 3093 4424 qui
3133 4352 3289 4409 oculi
3337 4354 3570 4409 Domini
3603 4358 3826 4426 pr0ptrr

2177 4440 2725 4512 contemplationem
2759 4445 2814 4493 et
2845 4438 3301 4511 speculationem
3325 4448 3820 4507 vocantur,curam

2178 4548 2398 4605 gerere,
2447 4547 2513 4585 ac
2552 4530 2622 4584 de
2678 4528 3030 4585 revelatione
3076 4535 3135 4584 et
3181 4529 3309 4601 lege
3354 4537 3559 4586 nostra
3604 4529 3823 4586 assidue

425 4643 633 4698 porum
669 4623 923 4696 querelis
955 4628 1056 4677 aut
1102 4620 1574 4677 accusationibus
1622 4626 1909 4691 ageretur,
1958 4638 2073 4676 non
2102 4615 2151 4679 D
2182 4622 2436 4694 cogitare
2466 4620 2877 4685 debetis,sicut
2907 4619 3191 4691 scriptum
3217 4625 3325 4675 est:
3359 4622 3566 4677 Beatus
3594 4622 3693 4693 qui
3715 4634 3822 4673 me-

426 4714 589 4785 prius
620 4713 990 4768 tractandum
1023 4710 1109 4765 vel
1137 4709 1540 4781 accipiendum
1581 4714 1754 4773 esset,
1789 4726 1964 4780 quam
1997 4711 2069 4766 ad

426 4803 697 4858 notitiam
748 4801 913 4857 almae
959 4798 1116 4855 sedis
1164 4804 1371 4853 vestras
1418 4797 1627 4852 fuisset
1674 4798 2070 4868 pronuntiatio

422 4893 596 4961 facta,
630 4908 748 4963 qua
791 4890 1211 4953 inﬁrmaretur,
1262 4891 1363 4941 aut
1413 4886 1766 4941 ﬁrmaretur.
1817 4888 2070 4960 Indeque

422 4985 725 5037 sumerent
757 4995 1047 5043 normam,
1084 4978 1238 5031 unde
1272 4974 1537 5030 Ecclesize
1576 4992 1882 5047 sumpsere
1911 4995 2072 5033 exor-

422 5072 584 5127 dium
609 5067 1060 5143 praedicationis,
1112 5083 1183 5121 ne
1231 5066 1453 5137 passim
1502 5065 1573 5119 ab
1623 5064 2069 5125 insidiatoribus

420 5153 1125 5218 columnaieverterentur
1172 5153 1458 5209 Ecclesiae.
1493 5158 1725 5210 Certum
1775 5160 1865 5211 est
1912 5159 2067 5215 enim

486 5345 531 5380 ³⁸
559 5343 775 5401 Jerem.
807 5359 886 5412 1x,
922 5342 971 5397 1.
1047 5339 1093 5376 ⁸⁸
1122 5336 1278 5395 Psal.
1311 5354 1352 5404 ι,
1380 5337 1435 5393 2.

487 5507 599 5577 (5t)
630 5508 790 5565 Idem
817 5505 1070 5579 Sergius.

509 5574 600 5650 52)
630 5574 1121 5651 Martinus'papa,
1150 5574 1395 5651 ibidem;

508 5645 598 5721 53)
632 5652 741 5707 PP.
776 5645 1041 5722 Africfin
1089 5645 1182 5720 ep.
1232 5649 1303 5703 ad
1353 5645 1574 5703 Theod.
1626 5665 1839 5722 papam
1899 5666 2061 5707 conc.

457 5721 683 5779 ateran.
717 5738 855 5777 ann.
888 5721 1015 5774 61:9.

2179 4711 2391 4766 ditatur
2422 4712 2477 4765 in
2514 4710 2628 4778 lege
2658 4710 2879 4764 Domini
2905 4708 2996 4762 die
3022 4725 3087 4763 ac
3134 4713 3290 4764 nocte
3318 4710 3385 4775 3°,
3419 4710 3553 4775 Quae
3585 4708 3819 4765 medita-

2178 4802 2282 4869 tio,
2314 4818 2427 4856 non
2460 4798 2707 4855 lectione
2758 4815 2858 4870 per
2912 4800 3159 4871 ﬁguram
3218 4798 3547 4855 litterarum
3600 4804 3815 4856 tantum

2178 4895 2511 4962 conspecta,
2546 4889 2645 4944 sed
2680 4888 2963 4944 uberante
3006 4888 3063 4942 in
3113 4888 3278 4943 vobis
3311 4888 3522 4944 Christi
3556 4889 3738 4962 gratia
3765 4885 3817 4938 in

2176 4984 2368 5036 vestra
2403 4976 2777 5050 cognoscitur
2814 4977 3171 5032 conscientia
3218 4977 3605 5034 immobiliter
3632 4975 3814 5039 insita,

2178 5076 2235 5128 et
2264 5071 2603 5126 nullatenus
2632 5067 2702 5122 de
2733 5072 2928 5123 vestro
2961 5068 3135 5123 corde
3170 5068 3476 5124 recedente
3507 5068 3633 5140 lege
3663 5064 3810 5124 Chri-

2180 5159 2255 5217 sti
2287 5158 2386 5215 Dei
2407 5162 2765 5228 sacrosanta,
2816 5157 2969 5212 sicut
2998 5157 3055 5211 in
3113 5157 3327 5213 Psalmi
3384 5158 3527 5213 dicit
3578 5156 3810 5229 Prophe-

2250 5504 2361 5579 (54)
2391 5504 2566 5580 Cone.
2597 5524 2668 5580 nr
2691 5503 2856 5580 Rom.
2885 5503 2996 5564 sub
3025 5502 3395 5580 Symmacho.

2248 5570 2363 5653 (55)
2394 5579 2609 5653 _Victor.
2646 5579 2844 5636 Carth.
2877 5596 2969 5651 ep.
3001 5570 3083 5636 ad
3105 5579 3326 5636 Theod.
3378 5593 3612 5653 papam,
3666 5570 3814 5632 unde

2179 5651 2367 5707 multa
2397 5650 2511 5708 huc
2542 5651 2774 5709 invecta
2803 5650 2965 5708 sunt.
