4104 6356
308 410 455 466 1-177

1193 407 1496 463 PONTIF.
1549 403 1734 462 ΝΟΜ.
1790 407 1883 462 E’l‘
1931 404 2347 462 A'l‘llANASll
2401 406 2822 463 EI’ISTHUE.

3563 413 3717 472 M78

334 558 366 592 a
393 556 403 592 :
433 538 501 591 Os
524 540 670 608 justi
699 537 1061 591 meditabitur
1105 538 1452 607 sapientiam,
1487 540 1532 589 ct
1571 535 1772 605 lingua
1831 537 1949 602 ejus
1983 549 2032 610 Α
2065 552 2283 599 versos,
2315 534 2459 589 nihil
2494 535 2649 589 aliud
2683 541 2769 590 est
2793 554 2968 606 quam
2995 540 3202 594 fovere.
3231 541 3344 595 Nec
3367 548 3521 596 caret
3553 560 3714 597 scru-

320 627 883 696 quueiurjudirimn,
919 627 1009 678 lea:
1035 627 1134 679 Dci
1163 627 1278 695 ejus
1337 628 1395 678 in.
1453 624 1610 679 corde
1658 627 1830 694 ipsius
1880 624 1949 690 ³⁷,

308 735 421 772 non
455 721 820 779 atramento,
857 715 953 768 sed
991 713 1202 785 spiritu
1242 714 1331 767 Dei
1368 714 1472 765 vivi
1504 713 1712 768 vestris
1745 715 1801 767 in
1861 731 1951 769 ar-

306 807 467 860 canis
503 803 862 872 conscripta,
900 820 1082 872 neque
1114 803 1169 856 in
1204 802 1419 856 tabulis
1455 803 1699 873 lapideis
1736 804 1834 857 sed
1897 804 1952 856 in

306 893 527 948 tabulis
559 893 750 944 cordis
784 891 1139 954 carnalibus,
1166 890 1320 944 sicut
1352 890 1673 944 beatissimi
1707 889 1953 960 apostoli

307 981 468 1036 Pauli
503 981 570 1034 ad
601 980 931 1033 Corinthios
967 979 1147 1032 missa
1177 997 1280 1032 nos
1313 981 1478 1031 docet
1505 979 1782 1049 Epistola.
1819 979 1955 1042 Qui-

312 1073 418 1124 bus
453 1070 770 1138 praemissis
805 1069 1209 1136 signiﬁcamus
1228 1069 1341 1121 Deo
1369 1067 1591 1137 placitae
1611 1068 1958 1122 fraternitati

312 1165 514 1213 vestrae
548 1159 637 1211 d;e
669 1159 920 1227 septimo
943 1157 1329 1211 Kalendarum
1357 1160 1779 1227 Augustarum,
1806 1157 1959 1210 indi-

312 1248 522 1304 otionis
556 1253 797 1316 quartae,
820 1252 1078 1300 nostram
1105 1245 1495 1300 humilitatem
1523 1246 1719 1300 divina
1752 1245 1960 1316 gratia,

315 1354 421 1391 suo
456 1343 519 1389 ut
553 1337 824 1406 praecepit
856 1352 1096 1389 munere
1113 1335 1516 1405 praeveniente,
1555 1335 1762 1389 vestris
1794 1351 1960 1389 sanc-

316 1427 389 1480 tis
422 1442 484 1479 ac
523 1427 631 1478 Deo
663 1425 860 1494 dignis
895 1424 1183 1495 precibus,
1225 1423 1282 1476 in
1313 1430 1516 1477 sancta
1552 1424 1811 1477 Romana
1870 1441 1961 1478 ec-

317 1514 496 1569 clesia
528 1513 883 1583 pontificalis
916 1512 1158 1567 honoris
1209 1512 1506 1582 accepisse
1565 1513 1962 1567 consecratio-

318 1619 448 1657 nem
484 1609 538 1655 et
569 1601 800 1669 stolam,
834 1601 891 1655 in
909 1601 1344 1672 quodignitatis
1379 1601 1818 1672 fastigioutDeo
1841 1619 1967 1656 om-

325 1691 623 1761 nipotente
657 1690 947 1744 altissimo
1010 1705 1302 1759 regamur,
1338 1697 1392 1742 et
1451 1708 1484 1742 a
1546 1690 1716 1745 malis
1773 1691 1966 1745 omni-

323 1783 431 1835 bus
466 1779 798 1832 liberemur.
839 1777 908 1832 Ut
941 1796 1054 1832 non
1090 1778 1452 1832 sacerdotale
1485 1795 1693 1833 nomen
1715 1784 1965 1834 tantum.

324 1870 423 1923 sed
449 1868 656 1922 Christi
695 1868 924 1920 Domini
960 1867 1144 1921 nostri
1180 1867 1279 1920 Dei
1314 1872 1652 1937 protegente
1684 1868 1896 1922 auxilio
1916 1873 1972 1921 et

329 1962 603 2013 meritum
643 1961 987 2025 habeamus,
1022 1960 1229 2012 vestris
1264 1960 1481 2012 sanctis
1516 1978 1578 2012 ac
1641 1965 1752 2012 Deo
1813 1975 1972 2013 acce-

328 2050 644 2120 ptabilibus
667 2067 770 2102 nos
786 2066 909 2102 com
923 2050 1264 2101 inundantes
1279 2048 1977 2119 orationibus,poscimus

331 2143 624 2208 quatenus
655 2144 711 2190 et
742 2138 950 2191 vestris
983 2136 1495 2207 deprecationibus
1524 2154 1625 2206 pro
1677 2138 1846 2191 nobis
1904 2137 1974 2190 ad

335 2227 512 2280 Deum
547 2225 748 2280 effusis
785 2226 1018 2288 muniti,
1053 2229 1111 2280 et
1162 2225 1596 2280 eruditionibus
1657 2225 1826 2280 bonis
1885 2226 1976 2278 in-

325 2313 565 2375 structi,
597 2312 758 2382 digni
791 2312 1120 2366 efficiamur
1169 2328 1300 2366 cum
1335 2311 1492 2366 omni
1543 2313 1714 2367 nobis
1761 2315 1975 2383 populo

325 2401 656 2456 Christiano
700 2401 1015 2456 commisso
1046 2400 1235 2466 illaesi,
1273 2401 1492 2472 protegi
1515 2401 1837 2456 velamento
1874 2402 1961 2454 di-

326 2492 479 2545 vino.
514 2491 596 2544 Ad
625 2490 1040 2545 salutationem
1071 2507 1207 2560 ergo
1240 2495 1440 2544 vestrae
1465 2494 1680 2545 sanctae
1713 2495 1770 2545 et
1801 2490 1979 2544 hono-

328 2581 521 2634 randae
543 2580 950 2645 fraternitatis,
976 2580 1097 2633 vice
1117 2584 1338 2644 nostra,
1366 2579 1747 2633 Benedictum
1783 2579 1978 2632 humi-

329 2669 443 2724 lem
471 2674 737 2723 nostrum
755 2669 990 2722 fratrem
1012 2674 1268 2722 vestrum
1284 2669 1710 2738 episcopum,et
1733 2667 1979 2721 Alexan-

329 2759 503 2813 drum
538 2758 966 2830 presbyterum,
999 2757 1332 2828 Crispinum
1366 2773 1600 2827 quoque
1633 2756 1977 2825 diaconum,

337 2853 560 2902 vestros
594 2847 845 2901 famulos
876 2845 1580 2916 destinavimus.Propter
1598 2863 1748 2916 quos
1780 2851 1982 2918 postu-

335 2937 529 2991 lamus
562 2935 811 2991 celerius
838 2935 1008 2990 nobis
1039 2953 1072 2990 a
1106 2939 1297 2989 vestra
1318 2934 1679 2990 beatitudine
1708 2934 1983 3005 persolvi,

338 3032 404 3080 ut
434 3026 643 3080 vestris
674 3025 1184 3080 cohortationibus
1217 3024 1491 3090 roborati,
1518 3022 1979 3094 vestrisregulis,

338 3114 596 3168 inimicis
629 3113 900 3168 videlicet
921 3114 1300 3183 compressis,
1335 3112 1657 3178 informati,
1721 3113 1792 3166 ad
1855 3128 1982 3183 pro-

334 3203 492 3274 prias
519 3204 837 3273 prudenter
865 3203 1148 3258 consolati
1179 3202 1478 3256 valeamus
1509 3200 1788 3256 ecclesias
1846 3209 1981 3257 ante

2065 625 2199 694 pulo
2241 624 2538 678 societatis
2585 625 2842 689 occultae,
2877 625 2970 694 qui
3000 628 3307 683 manifesto
3342 632 3584 686 facinori
3618 633 3716 686 de-

2066 714 2208 768 sinit
2264 715 2515 768 obviare.
2563 715 2872 769 Manifesta
2927 723 3034 785 est,
3089 719 3297 773 Doctor
3345 723 3719 776 sanctissime

2066 819 2358 856 venenosa
2389 808 2728 873 serpentum
2761 807 2883 857 sine
2913 805 3285 876 simplicitate
3318 811 3554 876 astutia,
3581 811 3721 864 dum

2069 891 2382 945 manifesta
2413 897 2498 945 est
2531 891 2730 944 i'lolosa
2779 893 3148 948 inimicorum
3186 897 3432 952 fallacia.
3468 900 3726 953 Succur-

2070 980 2199 1042 rite,
2235 997 2599 1050 quacsumus,
2637 985 2956 1050 (ippt‘Essis,
2993 983 3230 1038 liberate
3283 1003 3385 1040 nos
3426 988 3496 1040 de
3549 1006 3724 1043 n‘ianu

2073 1070 2572 1139 persequentium,
2615 1077 2674 1121 ut
2707 1087 2835 1122 cum
2876 1073 3039 1123 lwato
3080 1073 3186 1125 Job
3221 1076 3467 1130 cantctis
3503 1093 3513 1128 :
3553 1080 3726 1131 Bene-

2070 1158 2233 1211 dictio
2262 1159 2501 1228 perituri
2546 1175 2710 1226 super
2742 1177 2824 1211 mc
2857 1161 3120 1227 veniebat,
3154 1172 3203 1214 ct
3235 1180 3324 1216 cor
3367 1164 3548 1220 viduae
3597 1185 3726 1219 con-

2072 1247 2279 1300 solatus
2310 1263 2453 1309 sum,
2479 1248 2708 1316 justitia
2742 1248 2974 1301 indutus
3002 1267 3144 1317 sum,
3177 1256 3230 1304 et
3263 1255 3454 1306 vestiri
3483 1271 3590 1318 me,
3623 1257 3726 1308 sic-

2072 1340 2130 1388 ut
2163 1338 2474 1389 vestimento
2522 1346 2572 1389 et
2617 1337 2941 1405 diademate,
2964 1339 3176 1408 juziicio
3224 1357 3362 1396 meo.
3401 1342 3596 1396 Oculus
3643 1346 3732 1413 fui

2073 1440 2226 1490 carro,
2259 1434 2311 1478 et
2340 1441 2435 1492 pes
2463 1426 2682 1479 claudo.
2718 1432 2885 1479 l’ulcr
2923 1445 3072 1480 crum
3111 1447 3440 1501 pauperum,
3473 1449 3729 1486 causam-

2075 1530 2175 1583 que
2193 1530 2294 1583 qua
2305 1532 2356 1566 ιη
2379 1515 2706 1582 ncsczcbum,
2727 1515 3152 1583 diligentissiin
3174 1520 3731 1590 investigabam.Con-

2077 1606 2316 1657 tercbam
2343 1603 2516 1656 molas
2540 1605 2740 1672 iniqui,
2763 1612 2814 1657 et
2834 1606 2905 1657 de
2927 1605 3174 1659 dentibus
3195 1624 3383 1662 eorum
3406 1613 3730 1680 auferebam

2075 1692 2320 1762 pru'dum
2342 1692 2406 1757 ³⁸,
2441 1697 2496 1745 et
2531 1691 2767 1762 reliqua.
2803 1693 2916 1747 Nos
2950 1695 3125 1761 enim,
3161 1714 3307 1766 quos
3342 1704 3440 1752 tua
3473 1701 3730 1754 maxima

2081 1787 2374 1850 eXSpectat
2416 1797 2575 1847 cura,
2612 1781 2664 1834 id
2714 1787 2820 1847 est,
2857 1784 3110 1853 episcopi
3164 1804 3388 1853 omnes,
3447 1790 3732 1860 praecipue

2082 1875 2246 1922 tuum
2282 1869 2564 1921 debemus
2620 1871 2821 1922 mereri
2866 1872 3181 1939 judicium,
3215 1880 3267 1928 et
3321 1893 3430 1930 non
3485 1879 3553 1930 ab
3605 1880 3735 1933 aliis

2087 1958 2368 2010 devorari.
2404 1957 2600 2011 Merito
2632 1975 2766 2027 ergo
2801 1976 2903 2011 nos
2936 1962 3265 2016 sacerdotes
3299 1964 3524 2019 Domini
3561 1985 3739 2024 causa

2089 2045 2349 2115 reSpicit,
2375 2046 2419 2099 si
2455 2045 2688 2100 silentio
2715 2049 2821 2117 (543)
2851 2051 3143 2103 faveamus
3178 2056 3376 2107 errori.
3413 2056 3469 2109 Si
3504 2057 3736 2123 quidem

2087 2135 2477 2204 corripiantur
2529 2135 2887 2204 liujusmodi,
2929 2155 3028 2190 nec
3079 2139 3155 2193 sit
3200 2141 3447 2197 liberum
3499 2147 3581 2199 eis
3639 2163 3740 2217 pro

2088 2223 2383 2276 voluntate
2416 2223 2626 2276 habere
2660 2223 2971 2293 judicium,
3007 2227 3348 2299 desinatque
3398 2233 3618 2289 novitas
3654 2237 3742 2290 in-

2089 2330 2314 2366 cessere
2360 2318 2728 2378 vetustatem,
2764 2315 2995 2368 desinat
3048 2318 3430 2375 Ecelcsiarum
3483 2326 3740 2393 quietem

2090 2402 2435 2471 inquietudo
2470 2403 2724 2456 turbare.
2758 2403 2898 2456 Nam
2935 2422 3137 2460 omnes
3181 2411 3629 2481 metropolitani,
3655 2413 3744 2470 vel

2092 2491 2294 2560 reliqui
2325 2491 2606 2561 episcopi,
2644 2509 2748 2544 sua
2782 2493 2914 2546 odia
2947 2500 3046 2547 aut
3079 2494 3362 2552 vindictas
3394 2499 3451 2552 in
3488 2502 3744 2574 reliquos

2091 2581 2398 2649 episcopos
2431 2597 2693 2634 exorcere
2725 2599 2834 2634 non
2862 2581 3107 2637 valeant.
3139 2585 3268 2640 Ideo
3301 2589 3648 2645 nominatim
3684 2593 3743 2648 in

2089 2669 2319 2722 Nicaena
2363 2670 2583 2739 synodo
2633 2671 2891 2739 expressi
2943 2678 3080 2724 sunt
3134 2675 3435 2744 pl‘llllﬂlCS,
3470 2679 3569 2748 qui
3607 2681 3743 2734 reli-

2093 2774 2242 2829 quos
2275 2757 2579 2827 episcopos
2613 2759 2812 2811 audire
2845 2765 2899 2812 et
2930 2760 3197 2828 judicare
3229 2764 3494 2828 debeant,
3523 2784 3590 2821 ne
3625 2769 3746 2825 ulla

2093 2849 2253 2900 fraus
2288 2847 2341 2899 in
2387 2846 2613 2912 judicio
2661 2847 3066 2918 episcoporum
3121 2853 3308 2920 possit
3357 2854 3594 2910 irruere.
3632 2859 3745 2915 Vos

2092 2952 2226 3003 ergo
2261 2933 2360 3005 qui
2393 2934 2448 2987 in
2485 2952 2718 2988 summo
2751 2936 2986 3006 speculo
3022 2941 3222 3008 gratiae
3267 2941 3362 2995 Dei
3397 2945 3537 2998 estis
3571 2947 3747 3017 depo-

2093 3025 2209 3090 siti,
2237 3024 2534 3077 attendere
2557 3041 2676 3084 cos,
2701 3030 2756 3076 et
2789 3025 3116 3096 opprimere
3140 3037 3383 3098 oportet,
3419 3034 3516 3103 qui
3555 3037 3606 3088 in
3637 3036 3746 3091 fra-

2091 3118 2208 3166 tres
2261 3111 2576 3165 seditiones
2602 3114 2707 3177 (57)
2740 3118 2794 3166 et
2843 3116 3123 3170 scandala
3173 3120 3444 3175 excitant.
3495 3123 3746 3195 Ideoque

2091 3219 2423 3264 exoramus,
2459 3205 2522 3254 ut
2564 3202 2801 3255 minime
2852 3203 3186 3273 despiciatis'
3240 3207 3592 3267 humilitatis
3642 3231 3744 3270 n0-

332 3293 584 3347 hiemem
621 3291 866 3346 Domino
923 3291 1178 3363 propitio
1233 3308 1511 3345 remeare.
1572 3291 1835 3346 Vestrum
1893 3296 1981 3346 est
2012 3293 2053 3356 C
2095 3296 2246 3354 strae,
2281 3294 2337 3344 et
2369 3290 2632 3343 omnium
2663 3291 3042 3346 Orientatium
3078 3295 3528 3353 ortimdoxorum
3561 3320 3747 3357 sacer-

340 3382 580 3453 quippe,
627 3381 794 3436 Pater
825 3380 1220 3447 sanctissime,
1254 3378 1534 3434 canonica
1594 3379 1979 3434 instructions

337 3471 591 3526 sollicite
624 3469 1008 3524 ecclesastiran
1067 3468 1278 3540 regulae
1315 3468 1848 3539 adversantibus,et
1868 3470 1979 3523 fra-

334 3565 491 3614 trum
521 3559 966 3613 insidiatoribus
998 3559 1253 3621 obviare,
1277 3575 1380 3612 nec
1404 3558 1984 3627 permitterenoviter

337 3648 450 3704 dici
483 3649 639 3718 quod
676 3653 913 3702 Patrum
940 3647 1364 3702 vencrabilium
1399 3646 1719 3701 auctoritas
1743 3647 1982 3702 omnino

337 3756 452 3793 non
486 3738 734 3793 censuit.
771 3738 887 3792 Nos
920 3739 1076 3792 enim
1115 3736 1366 3791 humiles
1412 3738 1605 3803 corde,
1666 3737 1984 3806 sapientes,

333 3828 646 3897 adjuvante
673 3827 1074 3896 Domino,quae
1109 3831 1263 3880 recta
1283 3831 1423 3880 sunt
1456 3842 1570 3879 uno
1592 3825 1824 3879 vinculo
1856 3827 1987 3880 cha-

336 3917 525 3971 ritatis
555 3916 858 3970 vobiscum
891 3931 1099 3969 sumus
1132 3913 1451 3978 constricti,
1485 3929 1680 3968 veram
1713 3914 1887 3967 ﬁdem
1920 3929 1986 3968 ac

334 4005 680 4076 religionem
714 4003 1063 4058 catholicam
1109 4003 1162 4056 in
1189 4002 1467 4056 omnibus
1519 4002 1756 4056 fortiter
1785 4001 1987 4055 defen-

335 4101 550 4150 santes.
596 4093 933 4148 Studiosius
995 4093 1193 4162 itaque
1253 4109 1285 4145 a
1329 4089 1644 4145 Catholicis
1702 4089 1987 4160 improbis

337 4184 515 4254 probe
548 4183 819 4237 resistere
852 4181 1157 4236 nitendum
1193 4185 1299 4248 est,
1331 4195 1401 4233 ne
1457 4183 1779 4248 torpentes,
1835 4178 1988 4232 desi-

335 4273 431 4327 dia
451 4272 736 4343 oppressi,
771 4271 954 4342 culpae
969 4269 1388 4324 taciturnitatis
1409 4266 1986 4337 teneamurobnoxii,

335 4368 394 4416 et
451 4361 618 4432 quasi
681 4362 931 4414 favorem
961 4359 1366 4430 impendentes
1415 4357 1772 4428 judicemur.
1827 4355 1991 4411 Unde

340 4451 566 4506 dictum
595 4456 712 4505 est:
746 4448 1068 4520 Negligere,
1101 4465 1233 4502 cum
1250 4447 1441 4519 possis
1459 4447 1831 4501 deturbatere
1860 4462 1989 4516 per-

2090 3381 2315 3442 dotum,
2351 3384 2408 3431 et
2453 3379 2800 3449 pepulerum
2849 3381 3194 3437 afﬂictiones
3227 3392 3281 3438 ct
3312 3387 3741 3460 damnationes,

2093 3485 2223 3522 cum
2250 3465 2522 3538 lacrymis
2550 3467 2796 3522 oblatas.
2822 3470 2925 3522 Sed
2953 3470 3103 3524 sicut
3133 3471 3447 3528 luminaria
3473 3478 3744 3534 universo

2095 3557 2334 3621 mundo,
2363 3556 2603 3610 verbum
2629 3556 2752 3610 vitae
2786 3557 3119 3626 retinentes,
3143 3560 3503 3619 introductus
3529 3569 3748 3622 exstin-

2095 3645 2253 3716 guite
2278 3647 2547 3698 tenebras
2573 3646 3129 3702 ncfandissimorum
3157 3650 3747 3721 insidiatorum,tem-

2096 3734 2334 3804 poribus
2366 3732 2541 3786 etiam
2576 3734 2789 3785 nostris
2840 3735 3158 3802 procaciter
3182 3739 3540 3806 gerniinatas
3565 3758 3576 3794 :
3603 3759 3748 3813 qua-

2096 3827 2270 3875 tenus
2304 3820 2566 3873 tunditus
2599 3820 2884 3873 exstincta
2925 3820 3260 3890 hujusniodi
3297 3825 3563 3896 caligine,
3601 3829 3749 3891 luci-

2097 3912 2183 3964 fer
2215 3908 2382 3962 nobis
2411 3908 2779 3979 resplendeat
2809 3927 2909 3979 per
2930 3927 3049 3976 vos,
3076 3914 3446 3968 sanctissime
3480 3920 3666 3983 Pater,
3693 3922 3752 3974 et

2097 3997 2428 4068 dogmatica
2463 3996 2726 4050 definitio
2777 3997 2991 4067 ubique
3023 4016 3225 4054 omnes
3276 4002 3598 4071 laetiticans,
3631 4024 3750 4077 qua

2097 4087 2333 4157 gloriosi
2363 4091 2544 4139 sancti
2572 4089 2768 4139 Patres
2802 4103 2902 4156 per
2926 4089 3156 4158 propria
3191 4091 3450 4159 piissime
3473 4095 3750 4163 dogmata

2099 4177 2154 4228 in
2213 4181 2435 4227 aeternae
2483 4174 2613 4226 vitae
2668 4177 2892 4228 firmam
2949 4175 3340 4233 haereditatcm
3401 4184 3750 4252 praedicasse

2098 4269 2440 4317 noscuntur.
2476 4262 2543 4316 Et
2574 4263 2961 4332 subscriptio:
3001 4265 3354 4322 incolumem
3389 4275 3462 4336 te,
3487 4277 3544 4325 et
3576 4272 3750 4327 bene-

2100 4354 2378 4426 placitum
2423 4357 2553 4420 Deo,
2588 4352 2959 4405 sanctissime
3010 4353 3177 4408 Pater
3202 4357 3456 4425 Patrum,
3483 4368 3746 4417 orantem

2100 4461 2202 4516 pro
2236 4442 2404 4497 nobis
2441 4441 2718 4495 Dominus
2751 4441 3044 4496 custodiat
3076 4442 3133 4496 in
3167 4461 3374 4500 aevum.
3410 4455 3614 4504 Amen.

1500 4592 1839 4661 Itescriptum
1867 4588 2062 4643 Felicis
2090 4605 2248 4659 papa:
2277 4588 2347 4642 ait
2371 4585 2584 4641 eosdem

410 4721 564 4777 612
594 4717 1120 4775 Reverendissimis
1153 4722 1330 4787 atque
1360 4715 1762 4772 dilectissimis
1785 4713 1982 4769 fratri-
2014 4728 2058 4791 Ι)
2091 4714 2232 4767 tiam
2294 4712 2548 4784 Spiritus
2607 4711 2814 4781 sancti,
2848 4719 2903 4764 et
2962 4712 3076 4767 Deo
3136 4712 3420 4786 placitum
3482 4720 3746 4778 studium

339 4811 450 4865 bus
482 4809 822 4877 Athanasio,
859 4812 915 4861 et
946 4807 1233 4861 universis
1264 4804 1687 4876 .Egyptiorum,
1722 4803 1978 4857 Thebai-

340 4901 495 4966 dum,
533 4899 964 4968 Libyorumque
995 4893 1284 4966 episcopis
1316 4894 1376 4947 in
1409 4897 1612 4947 sancta
1644 4891 1985 4944 Alexandri-

340 5006 415 5043 na
447 4989 668 5057 synodo
701 4985 1092 5055 congregatis,
1125 4982 1283 5037 Felix
1315 4981 1480 5036 almae
1516 4982 1788 5034 Romanae
1823 4979 1986 5034 urbis

331 5083 389 5132 et
424 5074 772 5132 universalis
806 5072 1072 5127 Ecclesiae
1104 5071 1440 5142 episcopus,
1474 5074 1531 5125 et
1574 5075 1778 5124 sancta
1812 5084 1980 5138 syno-

334 5167 466 5232 dus,
500 5181 628 5235 quae
663 5164 718 5216 in
753 5163 958 5217 urbem
992 5161 1236 5216 Romam
1268 5158 1557 5225 convenit,
1621 5158 1680 5211 in
1737 5155 1983 5211 Domino

337 5253 614 5310 salutem.

405 5351 640 5401 Sacram
674 5345 924 5396 vestram
956 5338 1292 5411 synodicam
1324 5337 1636 5410 epistolam
1683 5353 1788 5409 per
1843 5351 1982 5408 gra-

2091 4803 2504 4870 conscriptam,
2539 4806 2742 4854 vestrae
2789 4819 2822 4853 a
2865 4801 2980 4855 Deo
3014 4801 3367 4860 honorandae
3417 4811 3747 4868 sanctitatis

2095 4892 2282 4960 gratia
2320 4890 2570 4943 libenter
2601 4890 2992 4959 suscepimus,
3027 4900 3200 4962 atque
3232 4895 3516 4951 instanter
3548 4906 3749 4956 nostra

2095 4980 2152 5032 in
2187 4979 2407 5050 synodo
2442 4979 2681 5033 recitare
2724 4996 2825 5050 per
2856 4980 3085 5048 singula
3109 4983 3419 5053 jussimus,
3455 4993 3511 5040 et
3543 5005 3748 5044 omnes

2094 5068 2315 5122 intente
2373 5069 2502 5137 ejus
2557 5067 2828 5138 colligere
2884 5070 3058 5124 verba
3117 5062 3517 5144 praecepimus.
3563 5078 3752 5148 Super

2093 5173 2220 5227 quae
2253 5157 2390 5209 dum
2433 5155 2616 5210 laetari
2649 5157 3035 5227 sperabamus
3067 5165 3123 5212 et
3154 5161 3557 5232 cupiebamus,
3594 5183 3746 5222 versa

2090 5254 2166 5300 est
2199 5246 2257 5299 in
2289 5245 2495 5298 luctum
2544 5246 2765 5300 cithara
2806 5249 2993 5301 nostra
3012 5247 3077 5314 ³³,
3112 5253 3167 5302 et
3197 5251 3456 5306 cantatio
3507 5253 3565 5306 in
3619 5253 3748 5326 plo-

2092 5335 2728 5404 rationem,etomnino
2760 5334 2939 5391 totius
2968 5338 3172 5409 synodi
3198 5340 3480 5411 gaudium
3508 5342 3570 5398 in
3604 5361 3744 5401 mm-

404 5524 446 5558 3"
481 5520 632 5576 Psal.
667 5534 826 5582 xxxx,
857 5518 947 5579 30,
980 5517 1135 5570 31.39
1165 5515 1274 5572 Job
1305 5535 1458 5581 xxxx,
1491 5517 1680 5572 13-17.
1716 5517 1762 5551 5°
1790 5515 1901 5571 Job
1933 5529 2063 5583 xxx,
2090 5515 2176 5568 31.

408 5596 521 5666 (56)
546 5593 621 5648 Ex
653 5590 824 5662 epist.
858 5590 882 5642 1
917 5587 1208 5643 Coelestini
1243 5590 1261 5643 Ι
1293 5589 1363 5643 ad
1397 5589 1613 5644 Gallos.

415 5766 524 5836 (57)
547 5761 828 5833 Stephan.
867 5759 1169 5825 Durensis,
1200 5760 1270 5815 ad
1307 5761 1596 5831 synodum
1632 5760 2088 5818 Lateranensem
2123 5772 2276 5812 anno
2305 5755 2429 5810 6.19.
