4162 6370
376 386 484 443 14³2
494 389 529 440 ‘J

1537 372 1595 433 S.
1645 366 2167 431 A'l‘HANASlUS.
2200 399 2276 410 —
2305 364 2616 427 SPURlA.

3655 360 3805 419 1480
3850 340 3865 363 “

372 537 564 574 rorem
624 513 972 570 translatum
1037 517 1146 581 est,
1181 509 1321 580 quia
1380 524 1491 561 non
1553 507 1846 573 decuerat,
1882 507 1946 556 ut
1992 502 2024 556 ii
2057 504 2113 569 Α
2144 499 2202 554 in
2234 498 2506 553 volumen
2547 497 2874 551 litterarum
2911 500 3235 550 vestrarum
3279 494 3681 565 comperimus
3715 514 3810 548 re-

372 609 469 680 qni
505 602 850 676 corpus(58l
883 598 1092 655 Christi
1130 595 1392 670 quotidie
1436 592 1671 666 proprio
1712 592 2032 647 coniiciunt

373 679 493 764 ore,
544 698 769 749 tantam
822 692 1160 764 paterentur
1211 683 1701 757 persecutionem.
1744 679 2029 746 Quoniam

375 784 655 840 Dominus
710 785 857 834 Deus
905 782 1105 831 noster
1135 772 1385 828 salutem
1442 770 1750 842 providens
1800 767 2031 839 generis

373 870 640 933 humani,
677 866 976 922 mandavit
1024 861 1463 934 persecutiones
1518 874 1632 911 non
1667 855 1811 923 fieri,
1848 869 2033 924 neque

375 960 786 1017 ﬂuctuationes
833 953 1056 1012 inferri.
1092 954 1195 1005 aut
1244 946 1486 1002 invideri
1541 944 1941 1000 laborantibus
1971 942 2031 996 in

374 1066 513 1122 agro
574 1045 830 1111 Domini,
879 1056 1069 1112 neque
1125 1040 1562 1110 dispensatores
1614 1033 1807 1104 magni
1857 1030 2034 1103 Regis

373 1138 591 1202 vexari,
626 1138 727 1191 aut
757 1131 988 1204 expelli.
1024 1127 1334 1197 Quieseite,
1374 1124 1561 1193 inquit
1591 1127 1791 1178 sancta
1823 1136 2036 1191 magna

374 1229 604 1284 Nicaeus
656 1222 937 1296 synodus,
972 1224 1030 1273 et
1064 1216 1242 1272 nolite
1290 1211 1561 1286 persequi
1617 1228 1716 1266 eos
1764 1209 1863 1281 qui
1916 1209 2033 1264 Deo

374 1316 627 1390 perfecte
673 1311 1031 1373 ministrant,
1065 1311 1122 1361 et
1170 1306 1400 1360 sincera
1447 1301 1746 1356 voluntate
1792 1296 2034 1369 superni

372 1387 476 1463 Dei
521 1403 797 1459 mandata
829 1395 1187 1463 custodiunt,
1222 1398 1277 1448 et
1318 1390 1536 1447 nostris
1565 1389 1797 1462 legibus
1826 1387 2033 1457 subju-

376 1498 609 1568 gantur.
644 1491 788 1557 Quia
840 1503 945 1542 nec
996 1488 1155 1540 decet
1208 1498 1311 1537 nec
1345 1482 1485 1535 ordo
1535 1478 1778 1552 patitur,
1816 1480 1877 1531 ut
1920 1476 2032 1530 ini-

374 1564 471 1656 qui
532 1586 588 1636 et
642 1576 906 1635 carnales
957 1572 1292 1646 spirituales
1343 1572 1793 1642 persequantur.
1828 1564 2034 1620 Omnis

373 1673 529 1729 enim
565 1669 663 1743 qui
715 1665 937 1722 resistit
984 1661 1181 1725 alicui,
1217 1675 1372 1714 nunc
1420 1657 1718 1724 vertendo,
1753 1671 1910 1710 nunc
1938 1669 2031 1708 ce-

370 1762 547 1819 lando
608 1757 937 1821 veritatem,
980 1750 1259 1806 mentitur
1318 1747 1601 1802 adversus
1649 1760 1777 1800 eum
1829 1745 2034 1798 contra

373 1867 547 1924 quem
576 1848 787 1917 litigat.
822 1844 889 1897 Et
920 1842 1017 1913 qui
1047 1840 1435 1942 'infestus‘est
1467 1831 1887 1942 alicuizom‘nia
1917 1830 2031 1942 sic-
2070 1878 2112 1942 Β

376 1920 438 1996 ut
488 1939 678 1994 hostis
737 1935 878 2005 agit,
932 1934 989 1985 et
1046 1930 1287 1998 insuper
1335 1924 1493 1995 loqui
1545 1922 1863 1979 contendit.
1922 1920 2033 1976 Vos

375 2029 530 2087 enim
566 2038 877 2081 monemus
929 2021 1135 2074 fratres
1167 2018 1223 2071 in
1259 2013 1516 2087 speculis
1545 2028 1674 2067 esse
1705 2011 1936 2074 debere,
1969 2013 2036 2063 ut

375 2120 433 2174 in
468 2119 755 2189 quantum
786 2127 914 2167 esse
948 2106 1192 2179 potestis
1226 2110 1278 2160 et
1304 2103 1588 2159 Dominus
1622 2100 1907 2155 auxilium
1941 2099 2036 2153 de-

373 2185 543 2274 derit,
577 2201 794 2258 talibus
843 2199 1044 2252 nostra
1092 2191 1415 2263 apostolica
1444 2194 1753 2259 vestraque
1786 2185 2034 2243 auctori-

376 2299 492 2351 tate
552 2289 865 2356 resistatis,
901 2301 1005 2340 nec
1065 2282 1379 2352 quisquam
1436 2282 1694 2333 vestrum
1747 2293 1778 2331 a
1841 2275 2037 2330 fratris

377 2381 596 2439 auxilio
647 2397 708 2434 se
757 2373 1091 2438 subtrahat,
1126 2372 1223 2426 sed
1280 2387 1382 2441 pro
1434 2368 1656 2423 viribus
1709 2365 2038 2420 adminicu-

373 2474 500 2529 lum
526 2472 779 2543 prtestet.
802 2464 1089 2531 Quoniam
1120 2461 1253 2515 licet
1277 2458 1442 2531 pauci
1477 2456 1631 2522 sitis,
1656 2455 1705 2509 si
1729 2454 2041 2510 unanimes

381 2560 627 2623 fueritis,
673 2555 1037 2616 nullatenus,
1079 2549 1323 2622 justitia
1376 2548 1762 2619 suffragante,
1801 2543 2041 2598 Domino

380 2666 614 2724 quoque
645 2643 810 2719 opem
859 2645 1100 2709 ferente,
1135 2635 1556 2710 superabimini
1596 2651 1608 2688 :
1645 2635 1788 2703 Quia
1814 2635 2040 2704 funicu-

381 2722 464 2797 lus
498 2739 701 2811 triplex
745 2732 976 2805 difﬁcile
1026 2730 1308 2800 rumpitur
1333 2726 1395 2777 ιθ.
1432 2726 1577 2780 Nam
1611 2726 1658 2778 si
1693 2722 1904 2778 officiis
1936 2739 2040 2777 saa-

379 2830 681 2886 cularibus
714 2825 821 2893 (59)
857 2822 1119 2876 humana
1151 2818 1241 2872 lex
1271 2814 1562 2881 subvenit,
1598 2816 1818 2885 quanto
1852 2812 2043 2883 magis

379 2912 814 2979 ecclesiasticis,
866 2914 923 2964 et
984 2905 1216 2963 Domini
1277 2902 1706 2969 sacerdotibus,
1762 2900 2043 2957 maxime-

382 3024 496 3081 que
555 3001 951 3078 pontilicibus,
998 2997 1097 3068 qui
1162 2992 1398 3066 pupillze
1451 2990 1752 3047 oculorum
1821 2989 2046 3044 Domini

385 3078 781 3167 appellantur,
816 3086 1013 3142 divina
1063 3089 1237 3155 atque
1283 3080 1563 3136 canonica
1598 3079 1688 3135 lex
1740 3078 2049 3150 suffragari

389 3186 602 3242 debet?
634 3180 728 3234 Ait
778 3176 933 3233 enim
967 3174 1228 3229 divinum
1265 3172 1333 3225 de
1373 3169 1664 3242 epiSCOpis
1695 3167 1991 3239 eloquium
2031 3185 2047 3224 ε

2142 590 2482 651 tractemus,
2544 589 2601 639 et
2665 582 2781 638 alia
2838 581 3124 637 nonnulla
3182 580 3462 637 instantis
3522 582 3810 653 temporis

2143 674 2471 729 necessaria
2506 678 2675 744 prout
2710 672 2914 744 petitis
2955 687 3266 742 ponamus.

2214 763 2327 835 (6‘2)
2364 765 2410 817 1.
2445 763 2545 817 Est
2587 777 2841 833 namque
2887 760 3184 832 synodicis
3216 760 3516 814 decretum
3570 757 3812 814 institu-

2142 853 2238 920 tis,
2274 857 2337 907 ut
2366 868 2535 907 nemo
2582 850 2923 922 episcopum
2983 865 3160 921 penes
3216 850 3528 903 saeculares
3555 847 3812 904 arbitros

2143 945 2397 1010 accuset,
2426 941 2526 996 sed
2560 941 2631 995 ad
2664 956 2930 994 summos
2962 938 3265 1010 primates.

2212 1033 2264 1085 2.
2299 1030 2357 1085 Si
2390 1030 2525 1101 quis
2571 1031 2853 1084 adversus
2904 1028 3243 1100 episcopum
3289 1043 3530 1082 causam
3584 1026 3805 1082 habue-

2144 1120 2238 1188 rit,
2272 1136 2387 1174 non
2427 1117 2592 1191 prius
2625 1116 2772 1172 alios
2805 1116 3111 1189 episcopos
3143 1117 3333 1182 adeat,
3372 1119 3435 1169 ut
3466 1131 3601 1170 eum
3636 1133 3806 1171 arcu-

2145 1214 2252 1276 set,
2285 1224 2459 1279 quam
2500 1205 2866 1261 familiariter
2903 1206 2954 1260 ei
3011 1222 3178 1259 suam
3230 1204 3449 1258 indicet
3480 1204 3804 1275 querelam,

2144 1302 2201 1353 et
2229 1298 2301 1352 ab
2342 1313 2408 1352 eo
2445 1297 2671 1367 justam
2721 1293 3217 1363 emendationem,
3251 1296 3353 1348 aut
3398 1293 3807 1348 rationabilem

2146 1386 2428 1458 percipiat
2470 1383 2934 1452 excusationem,
2969 1383 3100 1456 ipsa
3132 1398 3237 1438 nos
3288 1381 3619 1438 instruente
3665 1382 3811 1438 veri-

2143 1480 2259 1531 tate
2288 1493 2302 1531 :
2337 1474 2398 1530 Si
2418 1475 2717 1547 peccaverit
2746 1476 2807 1529 in
2838 1481 2889 1530 te
2915 1474 3093 1544 frater
3144 1477 3292 1539 tuus,
3324 1471 3459 1527 vade
3503 1480 3555 1527 et
3598 1473 3813 1544 corripe

2142 1581 2269 1622 eum
2297 1565 2444 1620 inter
2469 1568 2522 1619 te
2550 1567 2604 1619 et
2643 1565 2828 1631 ipsum
2878 1562 3079 1618 solum.
3111 1562 3178 1618 Si
3207 1569 3256 1617 te
3284 1576 3397 1616 non
3426 1560 3688 1627 audierit,
3717 1560 3814 1616 ad-

2143 1656 2271 1711 hibe
2296 1654 2431 1710 duos
2478 1654 2565 1709 vel
2595 1661 2700 1708 (res
2734 1652 3029 1708 tecum.’Et
3057 1652 3109 1706 si
3137 1667 3249 1706 non
3292 1650 3554 1717 audierit,
3588 1651 3681 1705 dic
3710 1651 3813 1705 Ec-

2141 1744 2328 1800 clesia:
2348 1743 2416 1809 ⁸⁸,
2450 1741 2505 1798 id
2542 1746 2654 1809 est,
2689 1758 2901 1797 accusa
2931 1756 3068 1797 eum
3104 1738 3359 1812 publice,
3391 1743 3449 1794 et
3476 1755 3589 1794 non
3622 1738 3812 1811 priva-

2141 1833 2270 1900 tim,
2301 1836 2357 1887 et
2387 1831 2635 1904 reliqua.

2213 1923 2265 1977 3.
2301 1920 2355 1975 Si
2389 1921 2523 1993 quis
2563 1918 2902 1992 episcopum
2936 1916 3184 1991 posthac
3229 1914 3471 1989 elegerit
3503 1931 3806 1983 accusare,

2145 2011 2397 2067 summis
2427 2009 2779 2081 primatibus
2799 2009 3208 2080 episcoporum
3239 2023 3407 2062 suam
3436 2005 3653 2061 indicet
3673 2021 3809 2059 cau-

2145 2117 2294 2167 sam,
2327 2105 2384 2154 et
2414 2116 2530 2154 non
2563 2097 2968 2167 saecularibus,
2994 2096 3095 2168 qui
3127 2094 3319 2168 magis
3353 2095 3423 2150 ad
3458 2110 3659 2166 pacem
3692 2092 3813 2166 (63)

2147 2206 2321 2259 quam
2369 2189 2438 2243 ad
2484 2187 2777 2258 judicium
2833 2203 2933 2241 eos
2993 2189 3294 2255 revocent,
3330 2188 3394 2238 ut
3438 2183 3696 2238 charitas
3749 2182 3809 2236 in

2147 2279 2424 2333 omnibus
2470 2282 2528 2332 et
2567 2277 2638 2331 ab
2687 2276 2966 2331 omnibus
2998 2272 3382 2329 custodiatur.
3417 2273 3475 2327 Si
3531 2273 3815 2343 primates

2149 2374 2517 2423 accusatores
2547 2365 2954 2437 episcotiorum
2989 2380 3124 2418 eum
3167 2362 3252 2418 eis
3296 2361 3605 2434 pacificare
3636 2360 3812 2415 fami-

2149 2456 2368 2512 liariter
2400 2455 2644 2510 minime
2695 2452 3010 2525 potuerint,
3044 2456 3186 2506 tunc
3232 2455 3499 2523 tempore
3547 2449 3812 2521 legitimo

2150 2562 2249 2601 eos
2279 2544 2349 2599 ad
2401 2544 2689 2615 synodum
2742 2540 3022 2596 canonice
3054 2544 3458 2609 convocatam,
3492 2555 3605 2593 non
3657 2537 3819 2591 infra

2155 2636 2403 2704 angusta
2433 2637 2697 2703 tempora
2725 2629 3004 2685 canonice
3037 2631 3373 2697 convocent,
3407 2632 3464 2680 et
3503 2644 3613 2681 non
3652 2626 3817 2697 priu-

2153 2738 2363 2795 squam
2403 2720 2488 2775 eis
2538 2737 2639 2792 per
2669 2718 2886 2790 scripta
2919 2717 3255 2790 significent
3283 2716 3420 2787 quid
3474 2714 3817 2787 opponitur,

2154 2817 2221 2867 ut
2275 2811 2347 2866 ad
2407 2808 2854 2881 responsionem
2916 2805 3223 2878 praeparati
3281 2804 3614 2876 adveniant.
3667 2804 3819 2859 Nam

2155 2901 2205 2957 si
2235 2904 2338 2956 aut
2366 2899 2439 2967 vi,
2474 2903 2577 2954 aut
2607 2898 2814 2952 timore
2845 2895 3036 2966 ejecti,
3071 2898 3175 2951 aut
3226 2894 3352 2950 suis
3403 2894 3577 2949 rebus
3607 2909 3820 2963 exspo-

2153 2988 2280 3045 liati
2338 2988 2575 3052 fuerint,
2611 3002 2717 3041 nec
2770 2984 3051 3040 canonice
3106 2982 3332 3039 evocari
3391 2984 3460 3037 ad
3522 2982 3818 3054 synodum

2158 3082 2428 3152 possunt,
2452 3091 2558 3131 nec
2589 3074 2941 3147 respondere
2970 3072 3202 3128 aemulis
3233 3072 3472 3137 debrut,
3496 3075 3825 3142 antequam

2163 3167 2439 3223 canonice
2487 3164 2891 3231 restituantur,
2926 3167 2980 3217 et
3014 3178 3122 3216 sua
3174 3161 3260 3216 eis
3309 3160 3508 3215 omnia
3556 3157 3831 3230 legalitcr

387 3239 622 3345 Quivos
676 3269 880 3335 tangit,
914 3264 1096 3334 Iangit
1145 3239 1425 3331 pupillam
1476 3239 1622 3315 oculi
1671 3260 1785 3312 mei
1803 3259 1873 3313 Μ.
1907 3258 1972 3311 Et
2004 3265 2053 3318 si
2085 3239 2128 3305 C
2168 3257 2507 3314 reddantur.

383 3362 695 3423 secularcs
724 3354 996 3412 homines
1023 3353 1282 3407 humana
1317 3347 1723 3419 multipliciter
1755 3346 2057 3418 exploran-

382 3460 481 3511 tur
512 3453 657 3522 lege,
694 3453 751 3503 ct
782 3441 1196 3516 requisitiones
1240 3445 1415 3510 atque
1465 3436 1713 3492 inducite
1749 3435 1865 3490 illis
1898 3434 2055 3491 mul-

383 3548 578 3600 torum
619 3535 907 3592 mensium
943 3531 1368 3589 conceduntur,
1402 3544 1472 3581 ne
1507 3526 1727 3595 injuste
1760 3524 2048 3579 damnen-

382 3637 512 3697 tur;
546 3632 762 3701 quanto
798 3621 985 3694 magis
1016 3618 1330 3691 episcopis,
1366 3617 1462 3687 qui
1498 3613 1882 3686 proximiores
1909 3604 2052 3667 sunt

382 3722 521 3791 Deo,
562 3700 620 3775 et
676 3731 853 3786 super
907 3727 1006 3766 eos
1066 3712 1206 3762 sunt
1265 3702 1595 3768 constituti,
1632 3700 1927 3773 positique
1987 3701 2046 3756 in

382 3790 605 3866 scelesti
654 3802 890 3866 militia,
927 3815 1052 3869 quae
1112 3794 1442 3866 impensius
1505 3790 1882 3864 ponderanda
1932 3794 2041 3856 est,

380 3905 758 3968 temporaque
791 3893 930 3944 sunt
974 3882 1347 3941 concedenda
1398 3880 1580 3935 multo
1632 3877 1936 3950 ampliora,
1970 3893 2043 3933 ne

381 4006 418 4045 a
446 3965 799 4059 quibusdam
846 3979 1162 4051 graventur
1202 3976 1303 4027 aut
1352 3969 1787 4042 opprimantur,
1818 3965 1904 4022 vel
1935 3983 2040 4022 su-

381 4056 502 4133 bito
534 4074 885 4130 damnentur
913 4065 1045 4138 (60).
1080 4061 1473 4133 Inspiciamus
1522 4073 1680 4130 ergo,
1727 4056 2038 4125 adjuvante

385 4167 499 4222 Deo
530 4167 590 4220 et
620 4163 821 4217 sancto
855 4152 1116 4227 apostolo
1156 4154 1346 4213 Petro,
1382 4165 1482 4220 per
1514 4162 1682 4214 quem
1715 4150 1773 4200 et
1802 4151 2035 4217 aposto-

284 4249 305 4265 ⁵
379 4253 536 4309 latus
588 4255 644 4307 et
691 4247 1067 4321 episcopatus
1110 4241 1170 4295 in
1202 4238 1430 4293 Christo
1478 4237 1650 4307 coepit
1709 4234 2034 4302 exordium,

383 4358 556 4412 quam
592 4338 790 4412 plures
821 4350 970 4405 saepe
1010 4332 1377 4386 emerserunt
1420 4343 1631 4390 causa},
1656 4340 1784 4396 qum
1814 4323 1871 4376 in
1906 4322 2034 4394 qui-

382 4411 633 4487 busdam
680 4444 794 4483 non
847 4426 1013 4478 erant
1044 4435 1253 4485 causa,
1280 4416 1378 4471 sed
1413 4414 1680 4471 crimina.
1716 4411 1861 4476 Quia
1910 4428 2033 4467 ma-

382 4521 493 4594 gis,
529 4524 594 4575 ut
640 4513 1057 4586 comperimus,
1092 4505 1397 4578 iniquitate
1431 4502 1710 4558 fratribus
1760 4504 1899 4555 sunt
1931 4500 2037 4554 im-

2237 3348 2285 3402 4.
2323 3346 2381 3401 Si
2415 3344 2547 3416 quis
2580 3342 2986 3415 episcoporum
3031 3340 3156 3395 suis
3204 3340 3379 3394 fuerit
3408 3338 3581 3392 rebus
3612 3353 3831 3408 exspo-

2162 3437 2362 3505 liatus,
2395 3438 2497 3489 aut
2527 3450 2556 3487 a
2599 3449 2707 3487 sua
2756 3430 3014 3487 Ecclesia
3042 3429 3094 3483 vi
3127 3434 3230 3486 aut
3260 3429 3468 3484 timore
3515 3426 3824 3498 expulsus,

2162 3526 2313 3598 quod
2345 3523 2502 3580 omni
2536 3520 2868 3577 Christiano
2905 3518 3123 3575 nomini
3157 3522 3246 3574 est
3283 3517 3612 3587 inimicum,
3647 3532 3825 3586 opor-

2160 3619 2241 3670 tet
2270 3618 2336 3690 et
2353 3615 2515 3669 decet
2534 3611 2942 3682 episcoporum
2966 3608 3342 3680 praepositum
3372 3623 3603 3678 semper
3624 3604 3824 3677 prima

2160 3703 2347 3758 fronte
2394 3700 2706 3757 sollicitum
2766 3715 2916 3767 esse,
2968 3702 3034 3753 ut
3085 3697 3304 3765 omnia,
3338 3713 3466 3768 qua:
3520 3695 3569 3749 ei
3621 3693 3819 3749 ablata

2155 3798 2320 3856 sunt,
2355 3790 2621 3864 potestati
2670 3789 2798 3860 ejus
2843 3786 3108 3861 legaliter
3137 3786 3475 3852 reddantur,
3511 3789 3569 3839 et
3597 3782 3813 3855 praesul

2156 3881 2317 3954 prius
2351 3880 2713 3936 restituatur.
2747 3878 2818 3931 Et
2849 3881 3051 3949 postea
3081 3892 3197 3931 non
3229 3874 3448 3941 statim,
3483 3873 3579 3929 sed
3614 3872 3711 3926 diu
3750 3877 3807 3926 et

2151 3987 2254 4041 per
2300 3968 2558 4041 spatiosa
2609 3972 2891 4037 tempora,
2928 3963 3051 4019 suis
3099 3962 3446 4036 potestative
3495 3959 3807 4032 depositis,

2149 4060 2219 4115 ad
2255 4075 2422 4114 suam
2473 4055 2883 4111 necessitatem
2917 4052 3283 4126 praeparatis,
3315 4051 3384 4106 ad
3425 4054 3659 4122 tempus
3710 4064 3811 4102 ve-

2149 4149 2273 4205 niat
2300 4148 2371 4203 ad
2404 4163 2666 4202 causam.
2703 4145 2768 4199 Et
2799 4144 2843 4198 si
2871 4144 3036 4214 juste
3083 4142 3273 4197 visum
3329 4138 3525 4202 fuerit.
3558 4155 3802 4195 accusa-

2148 4237 2375 4295 toribus
2405 4234 2756 4305 respondeat
2788 4232 2934 4287 suis.

2215 4326 2270 4380 5.
2305 4324 2458 4380 Nulli
2509 4322 2712 4377 infami
2746 4322 2860 4393 (64)
2891 4324 3068 4391 atque
3113 4317 3392 4390 sacrilego
3426 4316 3498 4372 de
3542 4331 3810 4386 quocun-

2146 4431 2261 4486 que
2307 4414 2480 4469 liceat
2528 4410 2783 4481 negotio,
2817 4409 3098 4463 adversus
3147 4405 3489 4479 religiosum
3522 4403 3806 4459 Christia-

2147 4519 2311 4569 num,
2346 4499 2616 4572 quamvis
2647 4497 2890 4552 humilis
2929 4495 3274 4567 servilisque
3304 4510 3558 4566 persona
3589 4492 3688 4557 sit,
3722 4498 3806 4546 te.-

382 4580 608 4683 posita,
642 4580 816 4678 quam
867 4598 1167 4655 charitale.
1204 4595 1273 4649 Et
1302 4599 1366 4649 ut
1393 4593 1463 4647 de
1494 4597 1701 4647 caetero
1750 4587 2033 4643 sollicitu-
2069 4606 2112 4670 υ
2143 4589 2484 4647 stimooium
2519 4588 2731 4649 dicere,
2770 4603 2871 4641 nec
2903 4586 2973 4640 de
3007 4584 3286 4657 quaalibet
3334 4583 3562 4638 actione
3590 4580 3679 4635 vel
3717 4583 3806 4635 in-

384 4679 458 4754 de
490 4698 585 4764 sit,
622 4712 691 4750 ne
731 4692 868 4747 talia
921 4687 1246 4750 devenient,
1281 4680 1536 4754 capitula
1585 4679 1875 4750 quaedam,
1909 4694 2034 4748 qua)

386 4805 420 4843 a
449 4783 670 4841 sanctis
703 4780 993 4843 Patribus,
1028 4782 1143 4831 tam
1197 4774 1254 4827 in
1305 4772 1540 4826 Nicaena
1583 4767 1825 4839 synodo,
1856 4783 2034 4837 quam

382 4875 443 4931 in
478 4875 585 4930 hac
616 4872 753 4928 sede
784 4867 1104 4923 constituta
1132 4865 1292 4925 sunt,
1333 4874 1638 4931 ponamus.
1666 4855 1887 4921 Quibus
1924 4855 2035 4909 fra-

385 4970 503 5020 tres
533 4967 589 5018 ot
618 4955 946 5031 coepiscopi
980 4953 1159 5010 nostri
1197 4950 1346 5011 fulti,
1379 4946 1628 5001 insidias
1658 4944 2035 4999 inimicorum

384 5052 631 5110 Domino
663 5046 980 5104 auxiliante
1013 5041 1241 5097 valeant
1271 5036 1531 5102 evadere,
1557 5040 1616 5089 et
1647 5038 1818 5106 prout
1848 5033 2038 5088 Domi-

385 5159 497 5199 nus
527 5137 755 5196 dederit
784 5150 975 5209 posse,
1004 5126 1373 5203 paucioribus
1397 5126 1502 5190 (61)
1532 5127 1825 5178 tantorum
1861 5121 2039 5178 malo.

385 5249 516 5291 rum
538 5229 733 5288 verbis
760 5225 1063 5281 imitemur
1086 5217 1524 5289 compendium,
1552 5220 1608 5270 et
1629 5213 1877 5269 strictim
1910 5229 2037 5284 quas

2144 4680 2462 4750 scriptione
2494 4675 2891 4731 Christianum
2927 4673 3230 4745 impetere.

2215 4769 2269 4823 6.
2306 4767 2362 4821 Si
2396 4767 2529 4839 quis
2579 4765 2892 4836 episcopus
2939 4763 3201 4835 legitime
3233 4767 3568 4830 accusatus,
3600 4765 3653 4815 et
3704 4778 3807 4813 su-

2146 4856 2408 4929 pradicto
2438 4856 2640 4910 ordine
2673 4854 2741 4909 ad
2791 4852 3104 4908 concilium
3139 4850 3417 4905 canonice
3450 4854 3812 4905 cmvocatus

2145 4947 2339 5010 fuerit,
2371 4945 2595 5016 absque
2645 4941 3033 5013 trepidatione
3084 4940 3164 4995 ire
3213 4939 3467 4994 debebit.
3507 4940 3577 4993 Et
3626 4938 3672 4990 si
3728 4938 3812 4991 ire

2145 5052 2262 5091 non
2322 5031 2577 5107 potuerit
2606 5032 2742 5103 (65),
2775 5047 2880 5102 pro
2938 5047 3001 5085 se
3060 5028 3316 5101 legatum
3380 5029 3451 5082 ad
3513 5028 3806 5099 synodum

2145 5124 2362 5180 mittat.

2213 5216 2269 5269 7.
2295 5210 2479 5268 Nullae
2508 5226 2698 5266 causae
2726 5226 2758 5264 a
2777 5208 3089 5279 'judicibus
3115 5205 3531 5262 ecclesiasticis
3554 5205 3808 5261 audian-

456 5379 502 5415 ⁴⁰
529 5374 716 5433 Eccle.
749 5386 827 5439 1v,
863 5369 950 5424 12.
980 5364 1023 5400 “
1055 5362 1293 5420 Zachar.
1328 5377 1393 5429 ιι,
1427 5359 1480 5413 8.
1512 5357 1560 5393 ⁴²
1590 5354 1798 5414 Matth.
1828 5372 1990 5430 xvm,
2018 5356 2200 5415 15-17.

455 5513 567 5584 (58)
597 5512 932 5584 Hieronym.
964 5503 1135 5584 epist.
1171 5500 1244 5584 ad
1278 5494 1693 5568 Nepotianum.

454 5571 565 5650 (593
595 5585 650 5638 8.
686 5571 856 5652 Greg.
890 5571 1141 5652 cpi—120,
1173 5571 1214 5627 l.
1246 5585 1347 5626 vn.

456 5649 572 5725 (60)
602 5649 938 5720 Ῑηηοςῖθρ.
956 5649 1015 5725 g.

459 5720 571 5797 (61)
600 5726 802 5779 lnnoc.
835 5737 928 5792 ep.
955 5720 1013 5775 7.

2240 5490 2330 5555 62)
2360 5488 2555 5545 Carth.
2589 5503 2674 5555 ιιι,
2708 5502 2759 5541 c.
2790 5485 2845 5540 9.

2240 5557 2333 5627 63)
2363 5559 2559 5617 Carth.
2591 5575 2673 5627 IV,
2704 5574 2755 5613 c.
2786 5557 2877 5612 26.

2240 5630 2333 5688 64)
2362 5633 2443 5688 Ex
2473 5630 2723 5686 Aniano.

2220 5700 2331 5779 (65)
2361 5704 2500 5761 Adr.
2532 5719 2584 5759 ο.
2615 5702 2651 5756 5
2679 5703 2739 5758 et
2771 5700 2855 5755 u.
