4162 6390
368 401 517 459 1481

1294 400 1517 458 PONT.
1570 402 1754 458 ΝΟΜ.
1805 399 1902 457 E'l‘
1947 400 2364 460 A'I‘HANASII
2424 404 2847 462 EPISTOLIE.

3618 409 3771 466 1482

360 535 479 598 tur,
516 547 644 603 qua
677 529 905 602 legibus
936 547 1051 586 non
1084 529 1481 601 continentur,
1514 530 1600 586 vel
1634 548 1757 601 qua:
1816 528 2013 601 prohi-
2048 534 2103 597 Α
2134 533 2288 589 dicta
2317 534 2546 591 Nicena
2576 536 2795 606 synodo
2826 541 2963 591 sunt
2991 536 3313 593 constituti.
3348 539 3574 609 lteliqui
3622 556 3776 602 vero,

361 619 498 675 bitat
527 636 658 676 esse
687 623 1033 675 noscuntur.

436 712 488 764 8.
514 710 571 764 Si
603 710 737 781 quis
766 709 935 766 aliter
963 726 1078 766 non
1111 708 1483 781 acquieverit,
1518 708 1631 763 nisi
1674 713 1738 764 ut
1794 709 2019 780 episco-

366 816 507 870 pum
566 804 819 866 accuset,
846 816 1027 871 supra
1055 803 1250 854 taxato
1280 798 1388 854 hoc
1418 803 1615 854 tenore
1648 815 1818 870 agere
1846 798 2019 852 debe-

367 889 472 953 bit,
506 888 645 960 quia
674 889 840 943 aliter
869 895 994 944 rata
1028 906 1138 944 non
1173 892 1362 960 potest
1392 887 1685 943 accusatio
1717 887 2015 941 exsistere.

366 978 530 1033 Tunc
560 978 749 1049 primo
781 978 1038 1034 accusati
1070 994 1302 1033 causam
1337 981 1640 1033 accusator
1693 976 1804 1046 (66)
1862 973 2016 1044 apud

363 1065 646 1135 primates
676 1066 951 1121 canonice
983 1066 1375 1122 deferat.Nam
1405 1064 1866 1120 acommunione
1884 1079 2015 1133 pro-

364 1154 635 1210 hibeatur
665 1155 1117 1225 accusatus,nisi
1149 1156 1219 1211 ad
1251 1154 1568 1210 electorum
1593 1152 1887 1224 judicium
1919 1168 2013 1205 ca-

363 1244 570 1300 nonice
600 1250 947 1300 convocatus
978 1244 1130 1299 infra
1160 1250 1279 1300 tres
1335 1248 1437 1299 aut
1493 1260 1612 1310 sex,
1670 1240 1757 1296 vel
1818 1240 2015 1311 plures

362 1348 595 1388 menses
625 1350 728 1405 pro
761 1334 883 1389 suis
915 1334 1199 1389 rationem
1233 1333 1571 1388 redditurus
1599 1331 1793 1386 venire
1825 1329 2013 1384 distu-

360 1420 513 1479 lerit.
548 1423 709 1486 Quod
744 1425 793 1479 si
826 1425 1070 1495 probare
1103 1423 1355 1494 potuerit
1384 1424 1535 1493 quod
1585 1420 1851 1485 voluerit,
1912 1419 2013 1473 sed

360 1529 475 1566 non
538 1513 795 1583 potuerit
850 1514 1004 1568 613
1065 1512 1283 1578 venire,
1343 1510 1488 1565 nihil
1547 1510 1599 1564 ei
1630 1509 1878 1563 nocebit.
1914 1506 2015 1562 Ille

357 1617 510 1667 vero,
547 1602 647 1673 qui
678 1603 752 1671 vi,
786 1607 891 1658 aut
923 1602 1132 1657 timore
1165 1619 1198 1657 a
1228 1601 1364 1656 sede
1394 1599 1623 1671 pulsus,
1644 1602 1745 1654 aut
1774 1597 1899 1653 suis
1930 1613 2015 1653 re-

360 1692 469 1745 bus
500 1691 859 1763 exspoliatus
891 1692 1085 1757 fuerit,
1119 1709 1235 1747 non
1268 1691 1431 1763 prius
1460 1694 1698 1745 vocetur
1726 1688 1797 1743 ad
1840 1702 2013 1758 syno-

360 1780 709 1851 dum,quam
740 1781 792 1836 ei
825 1780 1024 1836 omnia
1053 1781 1283 1851 legibus
1316 1776 2016 1849 redintegrentur(67).Et

358 1868 564 1967 tandiu
592 1868 651 1923 in
683 1869 821 1925 sede
851 1870 1081 1941 propria
1114 1869 1352 1941 pacifice
1378 1872 1437 1967 et
1468 1866 1812 1973 potestative
1871 1880 2014 1973 cun-
2042 1907 2090 1973 Β

360 1963 454 2012 cta
509 1957 830 2029 disponens
862 1959 1136 2027 resideat,
1171 1957 1431 2030 quandiu
1465 1955 1768 2027 expulsus,
1798 1953 1885 2009 vel
1914 1969 2011 2009 ex-

356 2044 641 2116 spoliatus
672 2062 868 2102 carere
896 2047 1057 2101 visus
1087 2051 1176 2102 est
1231 2046 1427 2101 rebus.
1487 2046 1632 2099 Cum
1687 2045 1880 2097 autem
1938 2040 2010 2095 ad

346 2134 640 2203 judicium
691 2134 931 2204 venerit,
985 2137 1034 2191 si
1064 2134 1313 2189 voluerit
1342 2138 1399 2188 et
1428 2148 1664 2188 necesse
1695 2129 1887 2197 fuerit,
1922 2129 2010 2184 in-

354 2222 534 2277 ducias
567 2223 619 2277 ei
650 2224 867 2294 petenti
899 2241 933 2279 a
964 2223 1234 2279 Patribus
1266 2223 1597 2279 constitutas
1628 2221 1852 2290 absque
1900 2218 2010 2273 im-

358 2312 692 2383 pedimento
751 2314 1165 2379 concedantur,
1214 2318 1272 2368 et
1294 2313 1525 2383 judices
1554 2328 1588 2365 a
1618 2326 1681 2365 se
1712 2308 1875 2363 electi
1909 2308 2011 2362 tri-

357 2404 708 2467 buantur,ut
737 2404 795 2457 in
827 2404 953 2459 loco
986 2404 1141 2459 unde
1171 2407 1259 2458 est
1289 2402 1385 2457 ille
1414 2402 1513 2471 qui
1545 2404 1875 2467 accusatur,
1908 2402 2011 2451 aut

353 2492 402 2547 si
435 2492 574 2548 alibi
607 2492 855 2563 alicujus
886 2492 1205 2549 temerariae
1258 2490 1657 2547 multitudinis
1715 2489 1831 2544 vim
1887 2503 2008 2542 mc-

355 2581 551 2651 tuerit,
585 2581 778 2637 locum
810 2582 922 2638 sibi
953 2598 1278 2654 congruum
1310 2581 1508 2653 eligat,
1543 2596 1657 2651 quo
1689 2578 1910 2649 absque
1940 2577 2011 2631 ti-

354 2690 515 2729 more
537 2674 756 2741 suos,si
781 2674 1101 2730 necessitas
1124 2673 1545 2747 expoposcerit,
1569 2675 1749 2727 testes
1770 2669 2007 2735 habere,

348 2769 406 2819 et
434 2766 657 2837 absque
687 2765 1107 2836 impedimento
1129 2781 1297 2821 suam
1321 2762 1630 2819 carnonice
1651 2758 2005 2816 sententiam

353 2855 518 2911 ﬁnire
547 2855 757 2911 valeat.

418 2946 473 3001 9.
506 2945 655 3009 Quia
687 2944 875 3000 multa
906 2960 1008 3016 per
1038 2946 1478 3016 subreptionem
1510 2941 1738 2998 evenire
1795 2937 2003 3006 solent,

344 3033 457 3103 (68)
490 3032 604 3088 illis
635 3034 991 3089 testificandi
1026 3033 1113 3089 vel
1147 3032 1459 3089 accusandi
1490 3031 1726 3088 licentia
1756 3029 2002 3099 denege-

344 3119 566 3190 tur,qui
599 3119 939 3174 Christianae
971 3119 1270 3192 religionis
1290 3125 1346 3175 et
1367 3119 1624 3175 nominis
1652 3117 2001 3189 dignitatem

342 3212 401 3263 et
430 3225 549 3264 sua:
582 3208 729 3280 legis
758 3209 846 3264 vel
879 3210 969 3264 sui
1004 3209 1284 3281 propositi
1316 3226 1609 3279 normam,
1638 3211 1737 3264 aut
1770 3204 1998 3278 regula-

342 3295 482 3351 riter
511 3296 825 3367 prohibita,
859 3295 1237 3367 neglexerint.

415 3386 501 3439 10.
536 3384 787 3440 Multum
819 3385 1120 3456 derogatio
1152 3384 1444 3455 praevalet,
1470 3383 1702 3453 quando
1755 3382 1996 3451 deroga-

340 3477 400 3528 to
457 3472 735 3528 creditur.
768 3473 901 3528 Ideo
933 3474 1105 3527 variis
1136 3473 1596 3529 detractionibus
1626 3477 1801 3541 atque
1833 3485 1998 3525 accu-

339 3561 669 3617 sationibus
701 3578 816 3617 non
849 3562 1013 3617 decet
1043 3563 1155 3633 (69)
1187 3561 1523 3617 labefactari
1556 3556 1996 3632 primatem,sed

338 3653 528 3723 magis
558 3656 799 3707 Patrum
832 3651 1047 3723 regulis
1080 3652 1361 3718 roborari,
1395 3667 1500 3705 nec
1533 3650 1699 3705 facile
1749 3653 1852 3704 aut
1904 3647 1997 3701 in-

339 3740 672 3796 differenter
728 3740 1028 3811 suscipere
1085 3739 1489 3796 accusationes
1538 3742 1875 3811 praesumat,
1909 3734 1995 3789 di-

340 3834 508 3885 cente
536 3830 783 3885 Domino
819 3847 831 3884 :
864 3830 984 3884 Non
1024 3831 1296 3901 suscipias
1350 3845 1533 3883 vocem
1589 3828 1865 3882 mendacii
1917 3825 1995 3891 ‘3;

341 3920 443 3974 sed
505 3919 668 3991 prius
728 3919 974 3989 probare
1023 3918 1193 3973 debet
1224 3917 1619 3987 suspicionem
1652 3926 1705 3970 et
1735 3931 1997 3999 causam,

340 4012 444 4063 aut
475 4024 591 4079 quo
622 4008 818 4063 animo
850 4007 960 4063 hoc
992 4007 1164 4062 faciat
1193 4012 1251 4061 et
1272 4005 1650 4078 postmodum
1676 4006 1996 4075 suscipere,

340 4094 481 4166 quia
510 4094 773 4151 veritatis
814 4094 1258 4167 professionem,
1294 4092 1771 4165 propinquitatis,
1804 4092 1998 4147 inimi-

340 4185 511 4250 citiae,
544 4183 796 4254 timoris,
830 4184 1069 4251 amoris,
1103 4183 1220 4239 odii
1252 4187 1310 4238 et
1339 4180 1679 4253 cupiditatis
1728 4180 1997 4248 intentio,

339 4271 649 4344 impedire,
681 4276 738 4327 et
766 4272 1013 4329 adversa
1042 4272 1322 4326 fratribus
1357 4271 1612 4341 irrogare
1642 4268 1808 4325 solet.

413 4362 500 4417 11.
536 4362 645 4432 (70)
678 4361 943 4416 Persona
976 4360 1380 4416 accusantium
1410 4358 1558 4413 tales
1589 4374 1718 4413 esse
1764 4359 1999 4425 debent,

341 4466 594 4521 quarum
629 4448 773 4503 fides
803 4453 861 4504 et
890 4448 1253 4504 conversatio
1284 4451 1342 4503 et
1368 4446 1487 4501 vita
1544 4446 1887 4516 probabilis,
1945 4450 2003 4502 et

341 4540 561 4609 absque
618 4538 1071 4609 reprehensione
1127 4538 1223 4604 sit,
1282 4540 1339 4592 et
1394 4553 1521 4607 qua:
1578 4535 1739 4591 omni
1769 4540 2004 4591 careant

2133 622 2232 689 qui
2284 622 2760 693 metrepolitanas
2790 625 2901 695 (71)
2934 629 3129 679 tenent
3159 626 3778 697 scdes,archicpisc0pi

2132 717 2432 780 vocantur,
2465 716 2522 765 et
2550 728 2662 765 non
2699 713 2998 781 primates,
3033 713 3191 768 salva
3223 714 3279 768 in
3312 714 3589 769 omnibus
3644 731 3780 786 apo-

2130 798 2346 853 stolica:
2405 800 2561 853 sedis
2622 800 2925 869 dignitate,
2985 819 3110 872 quae
3157 804 3228 856 ab
3259 802 3386 873 ipso
3418 804 3664 858 Domino
3699 814 3787 858 est

2128 904 2424 957 concessa,
2458 892 2513 942 et
2541 893 2740 958 postea
2769 905 2801 943 a
2831 890 3051 944 sanctis
3084 890 3352 945 Patribus
3385 892 3679 947 roborata.

2202 980 2287 1033 13.
2320 979 2513 1033 Primo
2545 994 2777 1050 semper
2807 980 2862 1033 in
2898 981 3056 1035 omni
3086 982 3488 1052 episcoporum
3540 1000 3780 1037 accusa-

2126 1066 2302 1133 tione,
2346 1085 2611 1139 persona,
2671 1068 2787 1123 vita
2844 1074 2901 1123 et
2957 1070 3317 1124 conversatio
3370 1072 3778 1125 accusantium

2125 1156 2476 1212 enucleatim
2510 1158 2860 1228 inquiratur,
2894 1165 2949 1213 et
2973 1159 3347 1229 postmodum
3382 1176 3450 1213 ea
3479 1176 3606 1230 quae
3639 1160 3786 1229 obji-

2124 1246 2381 1315 ciuntur,
2418 1247 2665 1301 fideliter
2694 1252 3138 1316 pertractentur.
3173 1248 3461 1311 Quoniam
3506 1248 3651 1302 nihil
3684 1248 3783 1302 ali-

2125 1340 2214 1390 ter
2271 1336 2393 1389 ﬁeri
2444 1336 2636 1404 debet,
2672 1335 2783 1389 nisi
2815 1335 3218 1407 impetitorum
3253 1337 3415 1406 prius
3447 1336 3783 1406 requiratur

2126 1424 2287 1491 fides,
2323 1424 2741 1495 personae,vita
2768 1430 2824 1479 et
2855 1430 3021 1479 actus
3056 1424 3471 1489 discutiantur,
3494 1426 3630 1496 quia
3666 1443 3778 1480 non

2124 1513 2291 1567 debet
2317 1530 2628 1584 pravorum
2663 1518 2764 1568 aut
2795 1514 3205 1568 insidiantium
3240 1513 3548 1569 hominum
3582 1516 3776 1585 perni-

2124 1603 2209 1657 cie
2239 1603 2353 1657 vita
2385 1602 2625 1658 lacerari
2659 1603 3079 1658 innocentium.
3118 1605 3265 1658 Sane
3296 1604 3617 1675 smpissime
3650 1606 3787 1663 boni

2124 1708 2157 1745 a
2188 1690 2361 1746 malis
2393 1693 2953 1763 persequuntur,qui
2982 1710 3094 1747 non
3128 1697 3361 1749 cessant
3390 1692 3514 1748 suis
3546 1693 3785 1751 calami.

2122 1780 2340 1836 tatibus
2371 1781 2501 1836 aliis
2532 1782 2829 1852 derogare.
2868 1782 2998 1837 Ideo
3029 1798 3403 1854 summopere
3458 1783 3781 1853 praeviden-

2123 1870 2264 1924 dum
2297 1874 2407 1938 est,
2442 1886 2514 1924 ne
2543 1870 2663 1924 haec
2697 1870 2858 1925 ﬁant.

2193 1959 2279 2012 14.
2311 1958 2520 2013 Nullus
2551 1975 2778 2025 servus,
2826 1959 2939 2030 (72)
2998 1959 3195 2014 nullus
3252 1958 3520 2026 libertus,
3584 1959 3783 2016 nullus

2121 2049 2361 2117 infidus,
2396 2048 2593 2104 nullus
2622 2048 2969 2104 criminibus
3000 2049 3282 2120 irretitus,
3316 2049 3517 2105 nullus
3558 2049 3780 2104 calum-

2123 2140 2332 2207 niator,
2356 2138 2554 2193 nullus
2576 2138 2675 2210 qui
2705 2138 3030 2194 inimicitiis
3061 2140 3278 2204 studet,
3304 2138 3505 2194 nullus
3536 2137 3634 2209 qui
3667 2138 3778 2192 fre-

2122 2232 2369 2299 quenter
2397 2226 2606 2298 litigat,
2641 2231 2697 2281 et
2726 2227 2797 2281 ad
2830 2228 3194 2283 causandum
3223 2226 3311 2282 vel
3344 2228 3772 2282 detrahendum

2119 2322 2210 2372 est
2242 2316 2450 2383 facilis,
2486 2315 2649 2370 nulla
2680 2316 2915 2370 infamis
2948 2333 3214 2387 persona,
3248 2331 3471 2370 necnon
3532 2321 3589 2370 et
3650 2316 3780 2368 uni-

2118 2406 2268 2460 versi
2329 2421 2475 2477 quos
2501 2404 2571 2459 ad
2606 2406 2903 2459 causanda
2938 2403 3167 2476 publice
3198 2404 3447 2459 crimina
3476 2403 3630 2475 leges
3664 2421 3775 2473 17.n-

2119 2494 2270 2549 blice
2300 2512 2415 2548 non
2446 2492 2786 2559 admittunt,
2821 2494 3193 2563 permittatur
3249 2493 3555 2564 episcopos
3611 2509 3779 2547 accu-

2119 2599 2267 2638 sare.
2320 2581 2605 2647 Quoniam
2663 2586 3031 2637 accusatores
3084 2588 3140 2636 et
3170 2581 3593 2648 accusationes,
3627 2596 3776 2651 quas

2119 2672 2275 2743 leges
2307 2671 2503 2727 δέρει]ιί
2536 2687 2651 2726 non
2685 2671 2993 2742 recipiunt,
3028 2688 3141 2741 qua
3171 2670 3394 2726 ratione
3451 2670 3775 2725 sacerdota-

2117 2761 2190 2816 lis
2241 2778 2339 2815 eas
2372 2761 2627 2831 recipere
2658 2760 2869 2815 debeat
2897 2761 3038 2815 ordo
3070 2759 3326 2816 invenire
3360 2775 3605 2831 nequeo,
3638 2776 3773 2814 cum

2117 2848 2236 2903 haec
2268 2854 2323 2904 et
2352 2849 2409 2903 in
2440 2848 2668 2903 Nicazna
2698 2849 2919 2921 synodo
2940 2848 3233 2921 prohibita
3250 2848 3453 2915 sint,et
3472 2847 3557 2902 illi
3582 2847 3771 2918 magis

2117 2939 2187 2992 ab
2218 2938 2494 3003 istis,non
2527 2936 2624 2992 isti
2656 2939 2727 2992 ab
2761 2937 2878 2992 illis
2901 2936 3156 3007 judicari
3188 2937 3599 3003 debeant,cum
3618 2941 3769 3007 Apo-

2115 3025 2301 3082 stolus
2357 3026 2510 3080 dicat
2545 3043 2557 3080 :
2594 3026 2917 3097 Spiritualis
2938 3028 3158 3097 judz’cat
3188 3028 3405 3097 omnia,
3437 3027 3551 3098 ipse
3580 3042 3700 3082 vero
3730 3042 3765 3080 a

2111 3118 2329 3171 nemine
2350 3116 2639 3186 judicamr
2669 3117 2732 3170 “.

2183 3205 2267 3258 15.
2302 3204 2585 3274 Ηίθτθῑίοἰ,
2619 3222 2651 3259 a
2684 3204 2900 3275 quibus
2931 3203 3181 3260 nimium
3214 3204 3623 3276 opprimimur,
3666 3221 3758 3261 rx-

2019 3275 2061 3342 C
2100 3292 2653 3362 communicatique,
2712 3293 3040 3358 homicidae,
3100 3294 3209 3365 (73)
3271 3275 3541 3362 malefici,
3575 3296 3752 3363 fures,

2106 3382 2399 3453 sacrilegi,
2432 3382 2981 3453 raptores,venefici,
3015 3381 3358 3447 adultori,ct
3389 3382 3487 3453 qui
3521 3388 3755 3453 raptum

2107 3470 2367 3535 fecerint,
2403 3469 2486 3525 vel
2522 3471 2734 3525 falsum
2762 3470 3164 3527 testimonium
3198 3471 3474 3538 dixerint,
3508 3489 3609 3527 seu
3656 3472 3760 3537 qui

2106 3560 2178 3614 ad
2236 3559 2542 3631 sortilegos
2597 3576 2915 3631 magosque
2973 3577 3034 3615 se
3090 3558 3461 3626 contulerint,
3511 3559 3761 3615 nullate-

2107 3665 2220 3703 nus
2252 3650 2322 3704 ari
2356 3649 2811 3717 accusationem,
2854 3648 2941 3704 vel
2998 3649 3069 3703 ad
3128 3649 3531 3704 testimonium
3590 3654 3765 3705 erunt

2108 3737 2476 3795 admittendi.

2182 3829 2266 3882 16.
2300 3828 2423 3881 Non
2454 3827 2533 3881 ita
2567 3827 2623 3881 in
2684 3824 3099 3881 ecclesiasticis
3157 3826 3268 3898 (74)
3326 3827 3614 3898 agendum
3676 3832 3766 3881 est

2109 3916 2360 3988 negotiis
2393 3915 2545 3971 sicut
2576 3915 2635 3970 in
2668 3915 3068 3971 saacularibus.
3093 3915 3236 3970 Nam
3271 3916 3328 3969 in
3362 3915 3762 3983 saecularibus,

2108 4010 2419 4077 postquam
2450 4003 2679 4075 legibus
2708 4009 2970 4074 vocatus,
3002 4013 3057 4059 et
3086 4005 3143 4059 in
3177 4004 3299 4060 foro
3330 4006 3623 4060 decertare
3654 4022 3761 4059 οπε-

2108 4095 2194 4165 pit
2224 4094 2459 4164 aliquis,
2494 4110 2609 4147 non
2640 4092 2777 4147 licet
2805 4098 2938 4148 ante
2971 4098 3262 4164 peractam
3313 4110 3554 4149 causam
3606 4110 3764 4149 rece-

2110 4185 2265 4238 dere.
2330 4184 2391 4236 In
2449 4180 2861 4237 ecclesiasticis
2918 4198 3072 4251 vero,
3105 4182 3262 4237 dicta
3291 4199 3471 4237 causa
3500 4183 3767 4238 recedere

2110 4271 2264 4337 licet,
2299 4270 2347 4326 si
2383 4286 2620 4325 necesse
2652 4270 2955 4334 fuerit,aut
2984 4271 3033 4326 si
3067 4287 3128 4326 se
3160 4271 3509 4342 praegravari
3536 4271 3764 4326 viderit.

2183 4361 2267 4414 17.
2302 4359 2794 4428 Quotiescumque
2823 4359 2932 4428 (75)
2993 4359 3303 4429 episcopus
3365 4376 3543 4431 super
3593 4359 3769 4415 certis

2112 4453 2424 4507 accusatur
2471 4446 2838 4515 criminibus,
2875 4448 2923 4503 si
2954 4447 3099 4503 tales
3128 4448 3343 4502 fuerint
3374 4454 3768 4519 accusatores,

2111 4540 2397 4610 quijuste
2429 4542 2484 4592 et
2514 4535 2790 4591 canonice
2822 4536 2999 4606 recipi
3054 4536 3323 4601 debeant,
3386 4535 3650 4608 legitima
3708 4536 3768 4591 in

344 4627 699 4699 suspicione.
734 4628 882 4693 Quia
907 4633 963 4683 et
994 4628 1123 4696 hoc,
1156 4631 1213 4682 te
1244 4629 1622 4698 praisente,ut
1652 4626 1797 4681 bene
1829 4626 2003 4695 nosti,
2038 4634 2083 4699 Ι)
2116 4629 2337 4702 synodo
2396 4642 2501 4682 suo
2558 4626 2615 4679 in
2678 4630 2935 4696 tempore
2984 4630 3359 4697 congregata,
3390 4626 3460 4680 sb
3490 4626 3770 4681 omnibus

342 4718 399 4772 in
435 4717 669 4772 Nicaana
700 4717 945 4787 synodo,
982 4720 1222 4790 propter
1248 4714 1538 4770 malorum
1570 4714 1880 4770 hominum
1910 4715 1998 4770 in-

342 4807 712 4862 festationem
742 4807 813 4861 ab
845 4806 1121 4861 omnibus
1147 4808 1237 4861 est
1267 4804 1603 4869 definitum,
1634 4802 1769 4859 licet
1795 4822 1997 4875 pravo-

344 4912 475 4949 rum
509 4894 815 4949 hominum
848 4892 1082 4949 insidiis
1114 4892 1234 4948 sint
1263 4891 1384 4947 haec
1426 4896 1483 4947 et
1530 4890 1641 4947 alia
1698 4892 2001 4965 complura

346 4983 557 5039 deleta.

414 5074 502 5129 12.
538 5072 821 5129 Primates
850 5071 958 5143 illi,
990 5075 1049 5127 et
1078 5087 1195 5128 non
1223 5070 1321 5126 alii
1352 5074 1511 5139 sunt,
1545 5085 1719 5141 quem
1751 5071 1809 5125 in
1856 5087 1997 5142 pra-

413 5253 459 5289 ⁸³
492 5252 663 5309 Exod.
698 5267 860 5322 nm,
894 5253 945 5308 1.
1024 5251 1071 5287 “
1099 5250 1122 5308 Ι
1153 5251 1282 5309 Cor.
1317 5266 1380 5319 ιι,
1415 5250 1503 5307 15.

423 5450 533 5521 (66)
564 5448 758 5505 Carth.
792 5466 878 5514 ιιι,
906 5448 960 5503 7.

426 5516 537 5589 (67)
569 5523 735 5577 Rom.
767 5536 824 5590 v,
855 5522 967 5576 sub
998 5516 1365 5590 Symmacho.

422 5586 536 5661 (68)
566 5586 830 5649 Anianus
860 5592 917 5647 in
951 5609 999 5647 c.
1037 5586 1087 5656 1,
1118 5597 1160 5646 t.
1190 5594 1245 5656 7,
1279 5593 1317 5645 Ι.
1354 5592 1438 5661 16,
1471 5592 1596 5648 cod.
1630 5586 1848 5650 Theod.

424 5639 539 5733 (ἐξ)
566 5639 1006 5735 magis}:
1040 5639 1424 5735 Ξιὶῆιὶᾖπίἱιᾱὲ.

427 5734 536 5808 (70)
566 5735 808 5792 Adrian.
842 5734 888 5789 Δί
904 5738 961 5791 et
990 5735 1077 5789 15.

634 5863 896 5922 Panos.
932 5861 1043 5921 Gn.
1088 5858 1360 5923 XXVIII.

2110 4717 2389 4775 canonice
2420 4714 2712 4780 audiatur,
2748 4714 2847 4785 qui
2879 4718 3021 4769 sunt
3052 4714 3109 4769 in
3143 4713 3458 4786 provinciis
3488 4714 3768 4786 episcopi.

2109 4808 2273 4873 Quod
2307 4806 2354 4860 si
2388 4802 2634 4876 legitimi
2664 4819 2779 4858 non
2813 4803 3031 4858 fuerint
3059 4808 3450 4870 accusatores,
3486 4821 3601 4859 non
3636 4803 3770 4859 fati-

2109 4901 2277 4969 getur
2307 4896 2641 4965 episcopus,
2676 4891 2813 4962 quia
2846 4892 3181 4947 sacerdotes
3211 4892 3284 4947 ad
3317 4892 3770 4948 sacriﬁcandum

2106 4999 2311 5040 vacare
2342 4983 2578 5048 debent,
2612 4998 2726 5036 non
2760 4981 2830 5036 ad
2889 4980 3264 5053 litigandum.
3323 4980 3437 5035 Nec
3494 4979 3600 5049 illi,
3664 4992 3772 5052 qui

2107 5071 2304 5127 throni
2362 5070 2461 5126 Dei
2520 5074 2821 5140 vocantur,
2854 5085 3169 5140 pravorum
3193 5068 3501 5125 hominum
3534 5067 3769 5126 insidiis

2188 5452 2299 5523 (71)
2335 5446 2572 5508 Adrian.
2605 5443 2711 5507 col.
2743 5450 2813 5505 23
2845 5456 2901 5507 et
2933 5446 3021 5508 15.

2187 5525 2300 5598 (72)
2331 5525 2524 5582 Carth.
2555 5540 2738 5598 v11,_c.
2770 5525 2823 5577 2.

2209 5594 2303 5652 73)
2333 5598 2469 5652 Adr.
2502 5594 2610 5650 col.
2642 5595 2732 5647 63.

2210 5666 2301 5736 74)
2337 5670 2467 5733 Leo,
2500 5683 2591 5736 ep.
2624 5666 2713 5719 54.

2212 5743 2303 5814 75)
2337 5740 2475 5795 Adr.
2506 5739 2598 5795 27.

2186 5602 2206 5812 ἓ

3426 5861 3499 5935 1‘1
