4162 6384
440 396 464 452 1
479 397 595 456 483

1616 393 1681 454 S.
1728 393 2250 454 ATHANASIUS.
2288 424 2362 440 —-
2394 394 2705 456 SPURIA.

3698 395 3843 457 “84

431 527 657 584 turbari
689 527 921 596 debent,
955 527 1056 583 sed
1088 526 1269 583 libere
1313 527 1541 583 Christo
1601 529 1844 585 Domino
1894 530 2083 586 famu-
2115 531 2167 595 Α
2201 531 2352 583 ctam
2383 529 2581 585 sedem
2614 528 3089 601 interpellaverit,
3118 530 3220 585 aut
3249 527 3361 584 sibi
3409 526 3841 585 defensatriccm

431 617 560 671 lari.

498 706 594 761 18.
651 706 999 778 Quanquam
1068 706 1527 778 provincialibus
1593 707 1913 781 episcopis,
1969 727 2086 767 una

426 810 560 851 cum
591 811 791 851 eorum
828 795 1276 867 metropolitano
1335 813 1453 851 suae
1508 797 1818 870 provincia:
1877 815 2086 856 causas

426 885 857 958 episCOporum;
911 884 1084 940 liceat
1112 885 1453 941 charitative
1483 890 1539 941 et
1568 887 1934 944 concorditer
1964 889 2085 962 agi-

423 978 585 1041 tare;
617 990 734 1029 non
771 977 987 1041 tamen,
1026 973 1182 1030 sicut
1210 975 1269 1029 in
1303 975 1601 1047 praedicta,
1665 980 1724 1031 te
1779 982 2084 1049 praesente,

428 1062 821 1119 constitutum
859 1066 947 1119 est
978 1065 1222 1136 synodo,
1256 1063 1390 1119 licet
1418 1065 1682 1137 deﬁnire,
1713 1066 1937 1139 absque
1968 1067 2085 1123 Ro-

431 1152 591 1208 mani
653 1152 951 1224 pontiﬁcis
1008 1154 1372 1209 auctoritate.
1407 1155 1569 1220 Quod
1605 1155 1653 1210 si
1686 1172 1857 1211 secus
1888 1173 1921 1212 a
1952 1155 2087 1228 qui-

431 1242 682 1299 husdam
715 1245 1138 1312 praasumptum
1172 1242 1368 1310 fuerit,
1401 1242 1514 1313 ipsi
1546 1243 1644 1316 qui
1676 1244 1788 1300 hoc
1818 1249 2087 1316 egerunt;

433 1348 553 1387 suae
584 1330 1063 1403 praesumptionis
1093 1330 1424 1403 suscipiant
1454 1332 1839 1389 damnum.Et
1866 1317 2093 1416 illi,qu:

431 1422 504 1477 ab
535 1420 621 1475 eis
654 1435 959 1493 perperam
1018 1419 1511 1476 excommunicati
1546 1425 1648 1477 aut
1680 1422 1941 1479 damnati
1974 1424 2070 1481 fue

431 1509 568 1576 rint,
602 1509 947 1565 auctoritate
979 1508 1154 1579 hujus
1183 1513 1397 1566 sanctae
1430 1510 1607 1580 sedis,
1640 1516 1697 1567 et
1742 1512 1896 1568 beati
1944 1531 2088 1586 prae-

429 1597 679 1670 ceptoris
736 1597 921 1653 nostri
984 1597 1254 1671 clavigeri
1284 1599 1437 1655 Petri
1470 1603 1759 1672 potestate
1788 1601 2089 1659 solvantur

427 1692 603 1761 atque
633 1685 1043 1743 restituantur.
1075 1688 1208 1759 Ipse
1237 1687 1395 1744 enim
1426 1689 1509 1745 ait
1549 1688 1849 1753 Dominus
1882 1708 1896 1747 :
1931 1692 2086 1761 Qum-

422 1792 637 1849 cunqus
662 1776 891 1832 solveris
916 1791 1082 1850 super
1111 1780 1337 1847 terram,
1359 1782 1525 1835 erunt
1554 1780 1738 1837 soluta
1765 1788 1818 1837 et
1846 1783 1907 1837 in
1936 1784 2088 1838 terra

424 1874 477 1921 et
506 1868 568 1922 in
595 1865 754 1921 caelis
785 1864 849 1920 ⁵³.
1264 1868 1267 1873 ’

495 1956 583 2010 19.
607 1955 721 2026 (76)
744 1953 982 2020 Quoties
1003 1955 1262 2026 episcopi
1286 1972 1348 2012 se
1371 1973 1401 2011 a
1423 1957 1546 2014 suis
1578 1959 2078 2031 comprovinciali-

426 2043 653 2111 bus,vel
683 2060 717 2099 ο,
747 2042 1198 2116 metropolitano
1229 2046 1563 2116 putaverint
1594 2048 2082 2120 przegravari,aut

428 2149 527 2188 eos
557 2138 863 2205 suspectos
894 2132 1230 2203 habuerint,
1264 2150 1397 2189 mox
1430 2135 1753 2191 Romanam
1787 2137 2083 2208 appellent

429 2222 649 2278 sedem.
681 2222 762 2276 Ad
797 2237 976 2292 quam
1008 2235 1108 2276 eos
1139 2222 1363 2292 absque
1392 2222 1512 2277 ulla
1569 2224 1921 2293 detentione,
1983 2230 2085 2281 aut

430 2327 671 2367 suarum
717 2326 913 2366 rerum
946 2310 1505 2379 ablatione,obedire
1537 2311 1804 2370 liceat.Et
1835 2316 1974 2370 dum
2008 2316 2079 2370 ad

431 2400 767 2471 praedictam
799 2399 1121 2455 Romanam
1156 2404 1404 2456 matrem
1437 2402 1859 2473 appellaverint
1890 2403 2084 2461 Eccle-

426 2490 597 2556 siam,
630 2494 735 2544 aut
764 2489 836 2544 ab
868 2504 937 2544 ea
995 2504 1059 2544 se
1114 2488 1303 2545 audiri
1360 2492 1823 2562 expoposcerint,
1883 2492 2084 2550 nullus

424 2595 547 2646 eos,
607 2582 711 2632 aut
766 2578 1295 2646 excommunicare,
1340 2582 1444 2633 aut
1473 2595 1675 2635 eorum
1707 2598 1800 2637 res
1831 2583 2082 2654 auferre,

425 2671 529 2722 aut
558 2666 819 2736 aliquam
850 2665 970 2720 vim
1000 2664 1215 2720 interre
1245 2666 1328 2720 eis
1374 2674 1711 2737 praesumat,
1766 2678 2081 2741 antequam

423 2756 634 2810 horum
696 2770 876 2809 causa
934 2753 1181 2808 Romani
1215 2755 1510 2825 pontificis
1541 2757 1886 2812 auctoritate
1919 2759 2084 2815 {inia-

422 2849 535 2898 tur.
556 2843 717 2907 Quod
750 2842 801 2897 si
832 2842 1001 2897 aliter
1030 2858 1065 2897 a
1093 2858 1391 2913 quoquam
1426 2851 1853 2917 praesumptum
1887 2847 2081 2918 fuerit,

424 2931 572 2988 nihil
602 2931 733 2997 erit,
764 2932 866 2986 sed
898 2931 1124 2986 viribus
1155 2928 1396 2986 carebit.
1431 2936 1578 2986 Nam
1628 2950 1734 2988 nec
1791 2935 1899 2991 hoc
1955 2953 2084 3009 per-

428 3037 626 3094 peram
661 3021 1096 3092 praesumimus,
1131 3020 1232 3075 sed
1264 3024 1321 3075 et
1349 3021 1545 3092 ipsum
1576 3020 1634 3077 in
1667 3022 1893 3079 Niczena
1919 3042 2087 3098 syno-

429 3111 503 3166 do
551 3110 961 3173 constitutum,
1019 3113 1077 3164 et
1128 3112 1527 3165 antecessores
1584 3115 1813 3167 nostros
1870 3115 2082 3185 egisse,

432 3199 601 3264 bene,
660 3197 968 3259 Athanasi,
1030 3201 1206 3263 nosti,
1240 3198 1473 3268 quando
1503 3203 1564 3253 tu
1598 3204 1656 3255 et
1688 3200 1903 3256 Paulus
1932 3204 2082 3257 Con-

2194 617 2484 683 asciverit,
2546 620 2729 674 donec
2750 617 3045 688 judicium
3081 618 3152 673 de
3184 634 3249 674 eo
3282 620 3497 675 nostra
3528 618 3844 688 apostolicae

2195 706 2585 773 auctoritatis,
2619 706 2727 762 hoc
2757 710 2867 773 est,
2900 705 3187 779 principis
3244 705 3643 779 apostolorum
3701 707 3840 763 Petri

2195 801 2491 865 agnoscat.
2547 796 2693 862 Quia
2745 795 2934 852 solum
2967 795 3236 852 Christus
3264 799 3438 851 Jesus
3468 794 3606 850 huic
3637 802 3838 852 sanctae

2197 884 2341 954 sedi,
2400 885 2456 939 id
2511 891 2601 941 est
2643 885 2999 956 apostolicae,
3033 884 3142 941 hoc
3175 884 3362 941 facere
3393 884 3710 940 commisit.
3740 884 3838 941 Ut-

2199 977 2328 1044 pote
2359 975 2635 1044 quoniam
2670 975 2852 1043 solus,
2889 977 3064 1045 atque
3096 991 3210 1045 prae
3242 973 3520 1029 omnibus
3579 974 3836 1044 praelatus

2197 1062 2471 1135 princeps
2500 1063 2896 1135 apostolorum
2929 1064 3188 1119 creditus
3217 1067 3325 1132 est,
3356 1066 3533 1133 atque
3565 1062 3838 1134 percipere

2202 1151 2632 1223 meruitache
2662 1168 2866 1225 regum
2888 1152 3118 1208 Christo
3148 1150 3338 1208 claves
3370 1150 3536 1223 regni
3558 1151 3830 1208 caelorum.

2268 1241 2359 1296 20.
2395 1241 2474 1296 De
2504 1241 2760 1296 induciis
2787 1257 2919 1297 vero
2949 1240 3361 1312 episcoporum
3411 1256 3593 1311 super
3638 1239 3830 1310 quibus

2200 1329 2870 1398 consuluistis,diversas
2903 1347 2935 1386 a
2965 1328 3235 1385 Patribus
3267 1327 3502 1401 regulas
3530 1328 3839 1384 invenimus

2200 1419 2781 1484 institutas.Quidam
2813 1418 2969 1475 enim
2991 1419 3061 1474 ad
3088 1416 3427 1490 repellenda
3457 1416 3837 1489 impetitorum

2199 1509 2694 1579 machinamenta,
2727 1512 2785 1565 et
2814 1525 2948 1565 suas
2978 1507 3392 1581 praeparandus
3424 1505 3841 1578 responsiones,

2197 1602 2255 1655 et
2282 1602 2463 1654 testes
2493 1597 3013 1667 confirmandos,et
3044 1594 3291 1652 concilia
3319 1595 3729 1667 episcoporum
3757 1598 3846 1648 at-

2196 1704 2310 1760 que
2336 1687 2660 1743 amicorum
2692 1686 3023 1758 querenda,
3057 1702 3279 1741 annum
3313 1688 3420 1740 aut
3470 1699 3569 1740 sex
3625 1698 3846 1738 menses

2196 1777 2634 1833 mundaverunt
2690 1775 2968 1844 concedi;
3022 1774 3266 1846 quidam
3294 1777 3491 1829 autem
3523 1787 3763 1837 annum,
3788 1770 3842 1826 in

2110 1901 2155 1965 Β
2196 1885 2311 1939 quo
2339 1865 2580 1938 plurimi
2612 1864 3192 1921 concordant.Minus
3213 1879 3349 1921 vero
3371 1880 3554 1934 quam
3577 1878 3676 1917 sex
3699 1877 3847 1917 men.

2189 1972 2281 2012 ses
2313 1972 2427 2011 non
2463 1954 2676 2026 reperi,
2719 1954 2860 2024 quia
2907 1971 2941 2008 a
2997 1952 3163 2008 laicis
3222 1952 3343 2006 haec
3405 1950 3636 2006 indulta
3692 1952 3846 2017 sunt,

2190 2050 2411 2116 quanto
2458 2043 2647 2114 magis
2682 2042 2907 2098 Domini
2940 2040 3390 2097 sacerdotibus?
3422 2044 3567 2094 Nam
3601 2042 3655 2093 et
3685 2055 3717 2094 a
3744 2054 3844 2094 ne-

2192 2134 2330 2189 stris
2362 2131 3037 2202 antecessoribus,atque
3060 2129 3303 2201 reliquis
3328 2129 3555 2185 sanctis
3581 2127 3838 2183 Patribus

2194 2222 2492 2278 multoties
2520 2220 2836 2275 inhibitum
2870 2226 3057 2282 esl,ne
3087 2218 3222 2290 quis
3260 2217 3488 2273 Domini
3521 2217 3833 2273 sacerdoti-

2192 2315 2303 2367 bus
2336 2310 2724 2365 detractiones
2756 2309 2993 2381 irroget,
3028 2313 3248 2380 quanto
3286 2306 3480 2379 magis
3538 2305 3845 2362 accusatio-

2194 2416 2297 2456 nes
2359 2416 2472 2454 non
2528 2415 2595 2453 ex
2636 2397 2828 2452 radice
2861 2397 3166 2452 charitatis
3197 2395 3508 2468 prolatas?
3537 2393 3840 2462 Quiescite,

2194 2490 2490 2562 inquiunt,
2523 2492 2580 2542 et
2609 2486 2789 2542 nolite
2822 2486 3089 2558 persequi
3123 2501 3244 2552 eos,
3276 2485 3373 2554 qui
3427 2484 3546 2540 Deo
3607 2484 3843 2554 perfecte

2198 2578 2556 2641 ministrant,
2618 2592 2872 2647 quorum
2932 2574 3295 2630 orationibus
3353 2577 3412 2628 et
3444 2577 3675 2629 terrena
3705 2569 3848 2626 bella

2195 2668 2492 2730 sedantur,
2522 2670 2580 2720 et
2609 2664 3002 2721 recedentium
3036 2679 3071 2719 a
3103 2668 3214 2718 Deo
3245 2647 3593 2734 angelorum
3622 2658 3844 2732 pellun-

2194 2762 2293 2812 tur
2348 2756 2646 2821 incursus,
2705 2753 2922 2827 quippe
2978 2767 3183 2808 omnes
3242 2753 3563 2814 dmmones,
3598 2749 3690 2820 qui
3723 2764 3850 2802 cor-

2196 2845 2349 2917 rupti
2381 2850 2787 2915 sunt,precum
2822 2841 3167 2896 assiduitate
3198 2836 3844 2896 confunduntJnduciie

2194 2950 2451 3006 namque
2482 2950 2595 2988 non
2628 2932 2739 2988 sub
2771 2935 3021 3002 angusto
3048 2934 3330 3002 tempore,
3366 2930 3465 2985 sed
3512 2929 3623 2984 sub
3680 2925 3845 2998 longo

2194 3023 2383 3095 spatio
2429 3021 2811 3077 concedenda:
2839 3023 2995 3085 sunt,
3029 3023 3095 3074 ut
3123 3018 3378 3074 accusati
3414 3035 3477 3073 se
3510 3030 3844 3090 pra-parare,

2193 3117 2252 3168 et
2282 3111 2584 3167 universos
2616 3108 3147 3165 communicatores
3176 3106 3234 3162 in
3267 3106 3588 3179 provinciis
3635 3103 3845 3178 positus

2198 3201 2528 3266 convenire,
2585 3205 2642 3254 et
2677 3202 2859 3253 testes
2891 3213 3238 3269 praeparare,
3270 3203 3448 3268 atque
3478 3198 3683 3252 contra
3710 3190 3845 3247 insi-

434 3284 1025 3357 stantinopolitanus,
1082 3266 1388 3356 Asclepius
1442 3288 1623 3355 Gazae,
1679 3293 1737 3343 et
1794 3290 2087 3346 Lucianus
2119 3266 2163 3332 (ἶ
2202 3290 2457 3346 diatores
2492 3303 2553 3344 se
2583 3286 2833 3359 pleniter
2863 3266 3091 3341 armare
3121 3266 3369 3341 valeant;

434 3372 1269 3445 [Lucius]Adrianopolites,ab
1289 3374 1579 3447 episcopis
1595 3376 1987 3433 Orientalibus
2004 3379 2092 3435 in-

434 3462 703 3519 consulto
720 3467 939 3518 sanctas
957 3463 1254 3519 memoriae
1266 3464 1421 3520 Julio
1442 3466 1864 3536 praedecessore
1889 3472 2089 3526 nostro

433 3550 695 3608 damnati
721 3551 886 3616 estis,
919 3555 977 3607 et
997 3552 1069 3607 ad
1100 3568 1258 3619 eum,
1291 3553 1454 3622 quasi
1487 3555 1559 3609 ad
1591 3555 1776 3611 totius
1802 3556 1962 3612 orbis
1992 3574 2087 3614 ca-

430 3645 556 3711 put,
588 3646 657 3695 ut
684 3656 918 3711 semper
947 3640 1084 3695 huic
1114 3645 1328 3696 sancta;
1361 3642 1482 3697 sedi
1516 3642 1738 3698 licitum
1775 3644 1903 3715 fuit,
1949 3662 2086 3702 con-

427 3729 682 3802 fugistis.
710 3728 953 3799 Cognita
982 3744 1181 3783 eorum
1216 3730 1498 3801 nequitia,
1524 3735 1583 3787 et
1611 3736 1805 3787 vestra
1826 3734 2085 3804 justitia,

424 3834 527 3875 vos
557 3818 619 3873 in
649 3817 1062 3874 communione
1093 3818 1373 3889 suscepit,
1407 3823 1464 3873 et
1505 3820 1769 3876 omnium
1823 3827 2085 3880 vestrum

426 3923 630 3962 curam
687 3922 919 3978 gerens,
980 3911 1217 3978 propter
1273 3907 1429 3963 sedis
1460 3909 1707 3980 propriae
1738 3910 2085 3984 dignitatem

422 4010 564 4050 suas
594 3994 848 4066 singulis
880 3994 1130 4050 reddens
1163 3995 1468 4060 Ecclesiae,
1499 3996 1894 4056 Orientalibus
1938 4002 2083 4058 scri-

423 4082 561 4152 psit,
594 4082 841 4153 culpans
872 4099 972 4139 eos
1002 4084 1155 4154 quod
1191 4100 1303 4138 non
1338 4090 1491 4140 recte
1521 4089 1894 4157 tractassent,
1927 4090 2083 4147 viros

424 4169 812 4242 inculpabiles
842 4172 914 4227 de
944 4171 1069 4227 suis
1101 4171 1374 4227 Ecclesiis
1403 4173 1842 4245 expellentes,et
1870 4178 2084 4235 consti-

423 4262 555 4315 tuta
579 4259 795 4315 Niceeni
826 4261 1055 4317 concilii
1087 4260 1334 4316 minime
1364 4266 1846 4321 conservantes.E
1866 4267 2083 4339 quibus

424 4348 493 4403 ad
514 4352 738 4403 certum
760 4348 915 4404 diem
951 4349 1265 4406 nonnullos
1294 4349 1532 4407 sibimet
1560 4354 1766 4408 adesse
1790 4356 2079 4429 praecepit,

423 4441 490 4492 ut
518 4438 588 4492 de
619 4438 836 4493 talibus
880 4438 1438 4510 praesumptionibus
1494 4445 1711 4496 certam
1771 4443 2084 4500 redderent

421 4526 733 4597 rationem,
755 4531 813 4583 et
843 4542 1038 4583 coram
1071 4528 1156 4583 eis
1187 4529 1775 4599 ostenderetJustum
1807 4548 1870 4587 se
1901 4547 2083 4604 super

2268 3380 2358 3433 2t.
2389 3377 2631 3434 Judices
2660 3375 2840 3443 enim,
2871 3378 2925 3429 et
2956 3378 3328 3429 accusatores
3368 3372 3518 3428 tales
3573 3388 3700 3428 esse
3754 3370 3846 3424 de-

2198 3469 2356 3537 bent,
2390 3466 2489 3538 qui
2522 3465 2787 3521 omnium
2820 3467 3056 3519 careant
3085 3461 3441 3534 suspicione,
3471 3467 3533 3516 et
3562 3477 3631 3516 ex
3659 3459 3845 3515 radice

2197 3555 2503 3612 charitatis
2535 3570 2705 3608 suam
2755 3553 3093 3607 desiderent
3151 3567 3417 3624 promere
3476 3548 3842 3606 sententiam.

2201 3647 2299 3701 llis
2332 3645 2509 3717 igitur
2537 3648 2657 3697 tam
2687 3641 3154 3712 legaliter,quam
3189 3644 3248 3695 et
3276 3640 3559 3696 canonice
3592 3639 3843 3712 prolatis,

2196 3736 2371 3791 etiam
2405 3732 2670 3788 omnium
2703 3729 3170 3786 Christianorum
3201 3729 3585 3785 reverentiam
3607 3743 3846 3799 congau-

2195 3824 2330 3879 dere
2361 3820 2757 3894 deposcimus,
2791 3818 3042 3891 spiritali
3071 3818 3473 3874 intercedente
3521 3817 3842 3882 dilectione,

2194 3917 2251 3968 et
2297 3913 2507 3968 timore
2538 3909 2865 3978 Dominico,
2899 3924 3001 3980 per
3029 3923 3205 3979 quem
3237 3907 3499 3962 humana
3532 3910 3845 3964 removetur

2192 4001 2457 4070 oilensio,
2482 4005 2537 4056 et
2567 3998 2957 4055 Ecclesiarum
2991 3996 3299 4052 aedificatio
3332 3997 3691 4068 praeponitur
3721 3992 3842 4048 uni-

2191 4091 2472 4159 versis,ut
2503 4088 2688 4159 magis
2721 4085 2978 4142 universi
3012 4085 3452 4141 aediﬁcationem
3487 4086 3730 4140 fratrum
3764 4081 3842 4136 la-

2194 4182 2604 4250 borent.quam
2637 4178 2707 4232 ad
2741 4174 3501 4246 damnationem,quoniam
3537 4175 3618 4229 ait
3649 4170 3837 4228 Domi-

2193 4286 2306 4324 nus
2342 4287 2353 4323 :
2391 4270 2447 4323 In
2482 4269 2578 4322 hoc
2604 4273 2922 4337 cognoscent
2953 4278 3160 4330 omnes,
3193 4264 3325 4334 quia
3354 4265 3466 4319 mei
3506 4264 3639 4319 estis
3681 4259 3839 4315 disci-

2187 4359 2332 4430 puli,
2388 4359 2443 4412 si
2500 4355 2847 4410 dilectionem
2908 4351 3212 4407 habueritis
3260 4351 3331 4405 ad
3359 4352 3600 4406 invicem
3626 4350 3688 4403 ⁸⁸.
3718 4347 3837 4402 Jam

2191 4445 2349 4500 enim
2384 4444 2630 4498 formam
2664 4442 2958 4505 dedimus,
2992 4444 3047 4494 et
3078 4457 3111 4494 ιι
3156 4440 3684 4512 prmdecessoribus
3741 4451 3838 4490 no-

2191 4534 2334 4588 stris
2390 4534 2585 4587 datam
2646 4545 2773 4585 esse
2803 4528 3207 4600 cognovimus,
3240 4532 3307 4583 ut
3336 4527 3386 4583 si
3412 4527 3545 4600 quis
3578 4544 3639 4582 se
3669 4538 3835 4596 agno-

419 4614 504 4671 eis
550 4614 865 4686 protulisse
898 4616 1213 4671 decretum.
1248 4617 1712 4674 Determinatum
1766 4624 1857 4675 est
1883 4621 2084 4688 etiam,
2115 4632 2161 4697 D
2191 4621 2340 4678 verit
2366 4618 2784 4685 Christianum,
2815 4616 2963 4672 illud
2996 4621 3205 4685 servet,
3236 4616 3393 4688 quod
3441 4616 3514 4672 ab
3572 4609 3838 4687 apostolis

419 4720 533 4759 non
568 4705 709 4760 talia
736 4704 1013 4776 deinceps
1041 4707 1246 4761 lratres
1277 4722 1404 4762 esse
1435 4723 1734 4778 passuros.
1756 4709 1823 4763 Et
1856 4708 1967 4765 nisi
2003 4710 2076 4765 ab

417 4790 767 4862 hujusmodi
824 4794 1381 4865 presumptionihus
1411 4802 1729 4866 cessarent,
1764 4813 1797 4851 a
1826 4798 2079 4870 propriis

418 4896 548 4936 esse
581 4882 866 4953 gradibus
896 4898 994 4938 eos
1025 4883 1514 4938 recessuros.Tibi
1548 4884 1704 4940 enim
1737 4885 1916 4958 hujus
1947 4904 2080 4944 san-

418 4974 521 5026 ctas
552 4970 711 5026 sedis
743 4970 1127 5043 privilegio,et
1151 4976 1208 5026 tu
1244 4976 1300 5027 et
1330 4972 1538 5028 fratres
1568 4973 1655 5028 tui
1689 4977 1956 5046 proprias
1988 4993 2077 5032 re-

419 5059 660 5131 cepistis
690 5059 1151 5125 Ecclesias,cum
1185 5060 1463 5117 omnibus
1493 5062 1564 5115 ad
1597 5078 1699 5118 vos
1732 5064 2077 5135 pertinenti-

420 5147 550 5203 bus.
590 5148 690 5203 His
719 5149 876 5203 enim
909 5153 964 5204 et
994 5149 1123 5204 aliis
1156 5165 1330 5220 quam
1366 5149 1641 5221 plurimis
1685 5152 2075 5220 documentis,

419 5236 798 5294 manifestum
849 5241 959 5303 est,
992 5237 1222 5293 nullum
1257 5238 1547 5303 damnari,
1582 5244 1683 5295 aut
1712 5240 1837 5297 suis
1867 5258 2078 5316 exspo-

416 5323 549 5381 liari
581 5325 757 5383 rebus
782 5326 994 5383 debere
1023 5326 1388 5400 episcopum,
1422 5328 1577 5384 614
1606 5329 1707 5402 qui
1741 5329 1893 5387 hanc
1943 5349 2078 5390 san-

2189 4709 2456 4767 noscitur
2511 4723 2641 4763 esse
2698 4705 3006 4770 traditum,
3066 4706 3296 4760 dicente
3326 4705 3590 4776 apostolo
3626 4700 3833 4757 Paulo:

2187 4800 2250 4855 Si
2276 4800 2395 4871 quis
2423 4797 2574 4853 vobis
2604 4797 3041 4855 annuntiaverit,
3081 4798 3296 4865 prwter
3353 4810 3517 4865 quam
3575 4790 3712 4864 quod
3760 4802 3838 4843 ac-

2186 4889 2427 4959 cepistis,
2489 4884 2785 4941 anathema
2838 4884 2910 4939 sit
2937 4883 2998 4935 ν’.
3036 4881 3307 4936 Christus
3339 4882 3495 4936 enim
3534 4882 3627 4935 Dei
3660 4876 3826 4934 Filius

2187 4976 2476 5033 Dominus
2507 4979 2724 5038 noster,
2759 4974 3019 5027 humano
3042 4970 3237 5042 generi
3293 4968 3529 5041 propria
3582 4966 3835 5041 passione

2187 5065 2434 5121 salutem
2469 5062 2875 5136 plenissimam
2910 5059 3280 5123 condonavit,
3312 5062 3380 5113 ut
3412 5075 3520 5114 nos
3550 5056 3828 5112 liberaret.

2187 5154 2261 5210 Ut
2289 5153 2424 5210 siin
2461 5156 2687 5208 tantum
2726 5167 2832 5206 nos
2864 5147 3085 5215 dilexit,
3120 5152 3185 5203 ut
3214 5148 3388 5203 etiam
3424 5147 3656 5218 proprio
3700 5141 3830 5198 Filio

2187 5259 2296 5300 suo
2327 5260 2443 5298 non
2476 5239 2863 5314 parceret,sed
2898 5255 3001 5310 pro
3031 5237 3205 5293 nobis
3234 5237 3514 5292 omnibus
3538 5235 3696 5290 illum
3721 5236 3827 5283 tra-

2187 5334 2371 5398 deret,
2404 5335 2468 5387 ut
2497 5347 2606 5387 nos
2641 5329 2936 5399 liberaret,
2966 5330 3033 5383 ut
3060 5325 3202 5398 quid
3236 5341 3343 5382 nos
3385 5341 3500 5382 non
3544 5320 3829 5395 diligimus

486 5536 531 5572 ‘5
560 5536 769 5595 Matth.
802 5555 913 5611 xvx,
950 5539 1049 5609 19;
1081 5554 1242 5606 xvm,
1277 5540 1363 5595 18.
1440 5539 1486 5576 ⁸⁸
1514 5540 1683 5597 Joan.
1716 5558 1845 5613 xm,
1879 5543 1969 5599 35.
2046 5545 2089 5579 ‘7
2121 5543 2307 5601 Galat.
2342 5559 2386 5613 ι,
2417 5544 2472 5600 8.

492 5714 603 5787 (76)
636 5715 782 5771 Item
812 5733 881 5772 ex
909 5717 1183 5774 Adriano.
