4162 6386
387 389 538 449 1485

1527 392 1708 453 Vl'l‘A
1755 391 2083 453 SANCT/E
2125 392 2627 456 SYNCLETICIE

3648 405 3801 465 1486

384 521 611 591 fratres,
640 523 742 576 aut
766 537 865 578 eos
896 522 1519 592 temerejudicamus?
1550 540 1681 579 curn
1716 524 2030 595 praedictus
2062 528 2115 592 Α
2147 526 2303 579 enim
2357 526 2501 581 hanc
2560 529 2979 598 praeterierunt,
3033 547 3145 587 non
3197 535 3428 588 tantum
3478 534 3597 589 laesi
3640 536 3796 594 deci-

385 609 539 663 dicat
569 608 885 681 Apostolus
940 628 952 665 :
1003 610 1185 666 Nolite
1227 611 1491 681 judicare
1533 613 1788 677 invicem,
1818 612 1912 667 sed
1942 613 2038 668 hoc

383 702 565 771 magis
590 702 871 772 judicate,
904 718 976 757 ne
1018 704 1237 773 ponatis
1292 701 1687 775 oﬂ'endiculum
1734 706 1911 774 fratri
1953 704 2037 759 vel

382 789 707 844 scandalum
738 790 800 846 ⁸⁸.
835 789 979 846 Nam
1012 790 1061 846 si
1112 790 1197 845 illi
1247 791 1344 862 qui
1392 791 1600 845 fratres
1642 791 1913 863 diligunt,
1968 808 2037 846 ex

386 879 500 933 Deo
534 878 650 934 nati
676 884 835 947 sunt,
859 884 915 935 et
938 879 1135 935 vident
1156 879 1471 935 Dominum
1499 898 1510 935 :
1539 881 1675 951 quid
1702 898 1837 951 ergo
1863 886 2037 935 erunt

386 966 471 1021 illi
507 968 608 1040 qui
639 984 737 1023 eos
768 972 1222 1040 persequuntur,
1256 973 1309 1024 et
1348 987 1445 1024 eos
1494 969 1872 1037 detrahendo,
1913 988 2035 1024 ma-

386 1057 705 1123 chinando,
756 1058 1108 1125 accusando,
1172 1057 1521 1124 intestando,
1579 1059 1859 1113 damnare
1916 1076 2035 1113 mo-

384 1145 657 1200 liuntur?
708 1146 767 1201 Si
818 1145 903 1201 illi
954 1146 1059 1200 lilii
1111 1146 1227 1216 Dei,
1272 1146 1472 1217 procul
1523 1146 1699 1201 dubio
1748 1146 1851 1201 lilii
1902 1152 2039 1201 sunt

383 1234 626 1303 diaboli,
662 1235 763 1307 qui
801 1239 865 1291 ut
896 1252 1126 1306 semper
1172 1237 1311 1290 sicut
1362 1236 1440 1291 leo
1487 1238 1713 1306 rugiens
1759 1238 2034 1303 circumit,

381 1340 633 1393 quarens
681 1339 841 1395 quem
890 1325 1111 1379 devoret
1160 1324 1223 1393 ‘9,
1255 1323 1335 1378 ita
1369 1325 1574 1379 fratres
1625 1327 2033 1397 insequuntur,

384 1417 445 1466 ut
496 1412 758 1483 perdant.
813 1412 919 1476 Qui
948 1430 1082 1468 vero
1132 1414 1408 1483 adjuvare
1457 1414 1663 1468 fratres
1713 1414 2032 1486 refugiunt,

385 1506 576 1572 majus
608 1509 983 1574 peccatorum
1019 1520 1175 1559 onus
1207 1504 1545 1574 acquirunt,
1578 1509 1633 1559 et
1670 1504 1910 1560 fraterni
1941 1522 2034 1561 so-

378 1592 501 1646 latii
555 1591 635 1647 rei
658 1592 951 1649 exsistunt
984 1610 997 1648 :
1035 1593 1140 1663 Va,
1188 1592 1380 1665 inquit
1428 1592 1738 1665 PrOpbeta,
1792 1596 1889 1665 qui
1937 1611 2035 1666 po-

380 1686 497 1736 tum
526 1682 619 1737 dat
666 1684 843 1738 amico
895 1698 1013 1750 suo,
1045 1698 1280 1737 miscens
1316 1683 1395 1753 [el
1431 1699 1590 1737 suum
1621 1683 1683 1737 ⁵ο.
1718 1683 1787 1738 Et
1819 1683 2032 1739 iterum

379 1771 853 1841 sapientissimus
883 1770 1157 1827 Salomon
1190 1771 1271 1826 ait
1315 1787 1328 1827 :
1365 1772 1635 1840 Quoniam
1662 1772 1760 1844 qui
1792 1773 2036 1843 loquitur

380 1863 573 1931 iniqua
602 1877 713 1915 non
739 1866 911 1932 potest
961 1862 1150 1930 latere,
1184 1876 1280 1916 nec
1325 1863 1613 1932 praeturiet
1661 1863 1821 1917 illum
1850 1864 2032 1917 corri-
2064 1901 2110 1965 Β

375 1951 532 2020 piens
572 1950 867 2020 judicium.
916 1952 977 2006 In
1020 1951 1444 2021 cogitationibus
1491 1968 1615 2021 ergo
1665 1951 1825 2023 impii
1856 1953 2033 2007 inter-

377 2042 590 2106 rogatio
619 2041 747 2094 erit.
778 2041 1110 2094 Sermonum
1142 2044 1329 2094 autem
1379 2041 1530 2095 illius
1568 2040 1641 2094 ad
1670 2041 1843 2096 Deum
1871 2056 2033 2112 pree—

378 2130 680 2199 mettitalio,
720 2129 796 2185 ad
844 2132 1246 2201 correptionem
1297 2132 1662 2202 iniquitatum
1706 2132 1885 2196 illius,
1939 2134 2037 2202 qui

373 2219 602 2273 auribus
636 2219 750 2273 zeli
786 2218 943 2273 audit
990 2221 1205 2287 omnia,
1247 2228 1298 2274 et
1343 2222 1617 2274 tumultus
1665 2238 2033 2275 murmuran-

372 2309 512 2361 tium
545 2325 651 2362 non
681 2308 1042 2363 ubscomletur
1072 2310 1139 2362 5'.
1192 2309 1317 2362 Hac
1359 2309 1515 2363 enim
1551 2310 1598 2364 si
1632 2309 1902 2379 amplecti
1937 2326 2032 2364 vo-

372 2396 645 2462 luissent,
682 2396 912 2468 proprio
944 2402 999 2453 et
1030 2413 1173 2451 sano
1199 2414 1399 2463 sensu,
1445 2398 1513 2452 ad
1550 2399 1861 2469 reprobum
1897 2414 2031 2453 sen-

373 2503 507 2540 sum
544 2485 783 2540 minime
818 2487 1177 2553 laberentur,
1213 2486 1310 2541 sed
1345 2505 1446 2558 per
1476 2487 1577 2542 Dei
1611 2486 1878 2541 timorem
1909 2505 2028 2541 ser-

375 2590 617 2630 monum
672 2592 915 2630 suorum
992 2579 1382 2646 praecaventes
1443 2575 1799 2642 custodiam,
1874 2578 2029 2647 piam

376 2667 711 2719 sanctorum
743 2664 981 2719 Patrum
1014 2664 1415 2721 definitionem
1450 2664 1577 2720 sine
1608 2665 1860 2736 quadam
1894 2682 2033 2736 thB-

379 2752 713 2825 sumptione
755 2753 1087 2809 nocumenti
1138 2753 1371 2824 utrique
1420 2757 1854 2818 conservarent,
1884 2770 2030 2824 quo-

384 2847 537 2895 niam
591 2841 733 2896 dicit
789 2858 1021 2897 sacrum
1071 2841 1365 2913 eloquium
1416 2859 1429 2896 :
1482 2841 1789 2897 Consilium
1833 2842 2031 2896 bonum

385 2930 723 2985 conservabit
782 2940 855 2997 te,
915 2940 968 2986 et
1026 2946 1177 2986 mens
1229 2931 1369 2986 bona
1427 2931 1690 2985 custodiet
1720 2938 1778 2985 te
1799 2931 1862 2984 δ’.
1903 2930 2027 2984 Νοιι

383 3020 538 3073 enim
571 3019 641 3073 de
672 3019 933 3074 fontibus
962 3019 1278 3075 salutiferis
1311 3019 1691 3091 spiritualiter
1722 3020 1792 3073 ad
1828 3017 2027 3088 acqui-

374 3108 647 3163 sitionem
682 3112 907 3163 aeterna:
940 3109 1065 3163 vitae
1099 3108 1601 3180 procedunt,lales
1634 3112 2025 3174 accusatores,

362 3201 420 3251 et
453 3198 830 3268 detractores,
863 3202 1038 3268 atque
1070 3198 1196 3252 ideo
1246 3202 1641 3268 competenter
1684 3213 1788 3251 nos
1822 3197 2025 3251 beatus

2148 614 2347 669 dentes
2380 635 2413 669 a
2455 618 2919 673 corroborationc
2952 637 3079 688 sua,
3128 622 3228 676 sed
3284 621 3631 693 insipientite
3681 642 3799 679 sua:

2146 702 2584 773 dereliquerunt
2614 704 2886 760 omnibus
2922 709 3283 777 memoriam,
3319 716 3384 765 ut
3434 709 3550 779 his,
3584 713 3798 781 quibus

2148 798 2548 862 peccaverunt,
2576 794 2813 847 minime
2835 794 3007 851 latere
3032 798 3357 868 potuissent
3383 818 3395 854 :
3422 799 3613 856 Gloria
3639 803 3792 856 enim

2143 889 2193 935 et
2244 882 2572 936 contumelia
2629 884 2684 935 in
2745 884 2977 954 loquela,
3038 894 3086 939 et
3138 888 3195 939 in
3280 888 3475 959 lingua
3552 892 3793 945 hominis

2145 985 2300 1023 casus
2345 971 2499 1024 illius
2545 974 2620 1025 est
2661 972 2725 1025 ⁵³.
2790 973 3039 1044 Ideoque
3099 977 3449 1032 conveniens
3501 990 3581 1033 est
3646 979 3794 1034 hanc

2146 1058 2616 1127 ostentationem,
2652 1064 2709 1115 et
2738 1061 3254 1133 reprehensionem
3289 1064 3522 1121 illorum
3578 1068 3796 1122 nostris

2146 1148 2374 1203 actibus
2407 1148 2603 1219 inseri,
2641 1166 2712 1204 ne
2746 1151 2987 1207 ulterius
3017 1154 3140 1222 jam
3175 1153 3314 1208 talia
3348 1154 3671 1226 patiamini,
3704 1174 3792 1211 se-

2148 1237 2510 1293 minantibus
2542 1239 2625 1293 eis
2656 1239 2898 1306 zizania,
2953 1244 3011 1295 et
3043 1242 3337 1311 scandala,
3392 1243 3493 1297 scd
3519 1242 3700 1299 laetari
3735 1246 3792 1299 in

2146 1326 2355 1382 ofﬁciis
2377 1332 2433 1381 et
2454 1329 2827 1399 dogmatibus
2858 1330 3064 1383 vestris
3098 1332 3797 1403 mereamini.lgitureru-

2145 1416 2385 1471 bescant
2417 1416 2571 1484 talia,
2596 1422 2653 1472 et
2686 1416 3023 1488 hujusmodi
3074 1419 3417 1491 blaspheme
3450 1422 3798 1477 subtrahere

2145 1505 2442 1572 festinent,
2479 1504 2527 1560 si
2563 1504 2856 1561 noluerint
2887 1524 2920 1561 a
2943 1508 3288 1562 sacerdotali
3324 1514 3522 1564 nostro
3556 1510 3798 1583 collegio

2144 1593 2461 1665 segregari,
2488 1598 2545 1649 et
2567 1611 2598 1649 a
2628 1594 2807 1650 totius
2840 1594 3155 1651 Christiani
3190 1596 3386 1668 populi
3419 1599 3695 1654 societate
3716 1600 3799 1654 di-

2146 1681 2296 1737 velli.
2331 1683 2481 1738 Licet
2514 1700 2765 1754 namque
2798 1684 2867 1739 de
2914 1684 3004 1739 bis
3047 1685 3217 1756 plura
3249 1692 3305 1741 et
3333 1689 3792 1759 pernecessaria,

2145 1789 2275 1843 qua:
2307 1772 2365 1827 in
2398 1772 2646 1828 decretis
2691 1773 2848 1828 sedis
2896 1773 3248 1845 apostolica,
3292 1780 3348 1830 et
3398 1776 3469 1830 ab
3515 1777 3799 1848 apostolis

2143 1878 2465 1932 eorumque
2496 1861 2937 1917 successoribus
2968 1863 3186 1918 nostris
3210 1862 3455 1919 ubilibet
3473 1867 3795 1936 praedeces-

2145 1950 2378 2005 soribus
2411 1954 2630 2005 statuta
2658 1949 3057 2016 inveniuntur,
3091 1952 3279 2008 dicere
3329 1958 3384 2009 et
3431 1954 3798 2012 conscribere

2146 2038 2566 2109 potuissemus,
2598 2044 2793 2095 tamen
2848 2040 3059 2095 melius
3116 2042 3281 2097 nobis
3334 2042 3523 2098 visum
3569 2054 3676 2110 est,
3735 2050 3797 2100 ut

2143 2128 2449 2199 epistolam
2483 2129 2740 2183 oratione
2771 2129 3137 2186 claudamus.
3195 2130 3349 2186 Deus
3398 2133 3794 2203 omnipotens,

2144 2222 2199 2271 et
2234 2235 2387 2273 unus
2419 2218 2757 2289 unigenitus
2788 2218 2967 2273 Filius
3016 2225 3073 2274 et
3109 2220 3371 2275 Salvator
3396 2226 3594 2278 noster
3620 2222 3794 2277 Jesus

2142 2306 2431 2375 Christus,
2464 2307 2627 2362 vobis
2659 2307 2878 2362 tribuat
2910 2308 3380 2376 incitamentum,
3418 2315 3481 2364 ut
3520 2310 3795 2365 omnibus

2143 2395 2424 2451 fratribus
2454 2398 2510 2450 et
2540 2395 2901 2466 coepiscopis
2934 2398 3172 2464 nostris,
3201 2398 3654 2468 quinuscunque
3688 2400 3795 2452 tri-

2144 2484 2543 2539 bulationibus
2596 2484 3022 2551 laborantibus,
3058 2488 3193 2540 totis
3243 2472 3601 2541 succurratis
3658 2488 3797 2541 viri-

2143 2574 2274 2642 bus,
2326 2578 2384 2626 et
2432 2589 2566 2627 cum
2620 2573 2705 2628 eis
2753 2574 3197 2645 compatientes,
3241 2591 3476 2630 crucem
3530 2576 3795 2646 ejusdem

2141 2661 2371 2716 Domini
2413 2661 2730 2717 Salvatoris
2761 2662 3025 2733 portatis,
3053 2668 3116 2716 ut
3146 2664 3259 2717 veri
3294 2664 3483 2735 ipsius
3522 2663 3793 2735 discipuli

2140 2768 2330 2805 coram
2363 2751 2635 2806 omnibus
2667 2751 3059 2822 apppareatis.
3085 2751 3154 2807 Ut
3184 2757 3239 2807 et
3260 2769 3380 2818 vos,
3406 2761 3457 2808 et
3479 2752 3579 2824 qui
3602 2753 3792 2808 vobis-

2140 2855 2272 2894 cum
2306 2843 2464 2907 sunt,
2500 2838 2590 2893 hic
2610 2838 2743 2894 etin
2778 2840 2974 2893 futuro
3010 2841 3253 2896 meliora
3286 2841 3793 2913 possideatis,qua:

2138 2929 2325 2984 oculus
2360 2944 2465 2982 non
2498 2928 2655 2993 vidit,
2686 2944 2783 2984 nec
2812 2930 2969 2983 auris
3000 2929 3235 2997 audivit,
3267 2946 3366 2985 nec
3393 2932 3449 2986 in
3480 2947 3571 2985 cor
3613 2930 3790 2986 homi—

2136 3020 2225 3071 nis
2257 3019 2643 3086 ascenderunt,
2667 3032 2791 3086 qm?
2842 3020 3173 3088 preparavit
3231 3019 3369 3073 Deus
3431 3019 3791 3087 diligentibus

2133 3127 2189 3161 se
2221 3107 2282 3160 ⁸⁵.
2328 3106 2434 3161 Per
2467 3106 2781 3161 Dominum
2805 3110 3071 3161 nostrum
3112 3106 3313 3162 Jesum
3341 3107 3660 3177 Christum,
3690 3126 3792 3180 per

2137 3210 2312 3267 quem
2344 3199 2399 3249 et
2441 3211 2575 3249 cum
2626 3211 2742 3265 quo
2792 3195 3174 3266 omnipotenti
3228 3200 3341 3252 Deo
3391 3196 3545 3252 Patri
3601 3196 3791 3268 gloria

366 3284 580 3341 Paulus
630 3286 931 3357 apostolus
981 3287 1321 3351 admonens,
1358 3284 1439 3340 ait
1472 3303 1484 3340 :
1528 3285 1645 3339 Non
1673 3284 1864 3340 debere
1888 3285 2016 3355 plus
2049 3271 2091 3337 C
2130 3284 2189 3338 in
2218 3282 2433 3339 sarcula
2464 3282 2830 3339 saeculorum.
2857 3286 3057 3339 Amen.
3110 3283 3314 3340 Valere
3340 3302 3440 3340 vos
3484 3289 3640 3357 Opto,
3668 3285 3787 3340 fra-

357 3390 563 3445 °apere,
603 3392 771 3447 quam
824 3385 1033 3445 Oportet
1080 3391 1291 3445 sapere,
1323 3376 1421 3429 sed
1465 3390 1656 3445 sapere
1702 3373 1771 3427 ad
1812 3375 2017 3429 sobrie-
2129 3378 2249 3429 tres
2280 3372 2631 3428 charissimi.
2665 3372 2809 3427 Data
2839 3373 3038 3428 Idibus
3071 3372 3391 3441 Februarii,
3430 3374 3697 3446 Agathio,
3730 3378 3788 3430 et

355 3466 524 3519 talem
559 3465 600 3499 ⁸⁸
653 3465 711 3519 in
746 3463 1085 3519 deﬁnitione
1144 3463 1379 3533 pietatis
1437 3463 1846 3534 perdurantes.
1908 3462 2017 3525 Qui
2129 3461 2386 3529 Juliano,
2419 3462 2558 3517 viris
2588 3461 2957 3532 clarissimis,
2988 3461 3349 3519 consulibus.

427 3624 471 3662 ⁸⁸
503 3626 666 3681 Rom.
702 3643 817 3694 xxv,
847 3626 932 3679 13.
1010 3625 1055 3659 ⁴⁹
1084 3625 1104 3679 Ι
1141 3625 1257 3679 Pet.
1292 3642 1345 3693 ν,
1376 3625 1430 3678 8.
1508 3624 1552 3659 ω
1582 3622 1795 3679 Habac.
1828 3639 1891 3695 ιι,
1930 3624 2013 3679 15.

2172 3625 2305 3697 Sap.
2342 3641 2379 3692 ι,
2421 3622 2567 3679 8-l0.
2644 3624 2689 3658 ⁸³
2723 3623 2888 3679 Prov.
2924 3639 2985 3691 ιι,
3022 3624 3108 3678 11.

365 3698 547 3754 Eccle.
581 3715 636 3766 v,
674 3699 757 3753 15.
836 3698 880 3732 ⁸⁵
912 3698 931 3752 Ι
962 3701 1088 3752 Cor.
1130 3714 1192 3765 ιι,
1223 3697 1277 3751 9.

3186 3625 3230 3659 ⁵³
3264 3625 3429 3680 Rom.
3473 3642 3575 3696 xii,
3607 3625 3657 3679 3.
3737 3626 3785 3661 δι

1164 3991 1312 4048 615
1357 3991 1429 4047 IN
1467 3990 1696 4047 VITAM
1738 3991 1995 4046 BEATZE
2035 3990 2499 4047 SYNCLETICIE
2536 3988 2961 4046 ADMONITIO.

432 4128 615 4181 Vitam
647 4126 814 4179 beatae
847 4125 1176 4196 Syncleticae
1220 4126 1677 4195 antiquissimum
1726 4140 1838 4179 esse
1883 4139 2016 4194 opus
2045 4123 2271 4177 suadent
2304 4122 2445 4175 Vitae
2480 4122 2713 4176 Patrum
2750 4121 2846 4176 lib.
2880 4139 2916 4177 v
2944 4133 2995 4177 et
3020 4140 3098 4188 vr,
3134 4125 3283 4190 apud
3315 4126 3678 4199 Rosweidum,
3721 4133 3775 4185 et

352 4217 491 4285 ipsae
519 4230 649 4269 sane
679 4214 1102 4284 antiquissima,
1134 4215 1285 4268 circa
1330 4219 1548 4267 sextum
1594 4214 1857 4269 sarculum
1909 4214 2103 4267 Latine
2152 4211 2479 4270 translatae;
2511 4211 2607 4263 ubi
2652 4211 2936 4279 complura
2966 4213 3194 4267 subinde
3224 4224 3517 4270 occurrunt
3543 4233 3616 4271 ea:
3653 4220 3771 4273 Vita

355 4304 529 4358 beatae
559 4302 881 4373 Syncleticae
909 4307 1183 4356 mutuata.
1216 4303 1353 4373 Ejus
1380 4307 1624 4356 auctores
1656 4303 1801 4355 varii
1820 4303 2202 4372 assignantur,
2235 4316 2305 4355 ea:
2341 4314 2569 4370 quorum
2597 4315 2828 4353 numero
2859 4300 3216 4366 Athanasius,
3249 4304 3348 4372 qui
3376 4312 3436 4358 ut
3462 4306 3519 4359 vi
3546 4310 3597 4359 et
3625 4321 3771 4375 prae-

350 4394 556 4447 stantia
587 4393 831 4447 nominis
861 4392 1073 4445 caeteris
1104 4392 1259 4460 longe
1287 4392 1568 4445 antecellit
1599 4409 1615 4443 :
1649 4391 1776 4444 inde
1802 4406 1933 4445 sane
1964 4389 2232 4456 contingit
2264 4397 2340 4448 ut.
2374 4388 2635 4455 neglectis
2663 4404 2800 4457 pene
2830 4388 2982 4455 aliis,
3012 4392 3210 4458 quibus
3240 4393 3449 4456 potiori
3476 4394 3625 4461 forte
3644 4397 3776 4465 jure

349 4488 446 4535 hoc
467 4482 791 4551 opusculum
810 4480 1200 4547 tribueretur,a
1225 4480 1423 4534 multis
1438 4495 1536 4534 nec
1557 4479 1895 4548 ignobilibus
1917 4478 2279 4549 scriptoribus
2311 4478 2613 4530 Athanasio
2635 4478 2969 4530 ascribatur.
2994 4478 3095 4531 Nec
3116 4482 3595 4547 praetermittenda
3614 4483 3774 4537 Nice-

348 4572 520 4641 phori
550 4570 769 4623 (.‘allisti
796 4568 960 4623 verba
995 4568 1094 4623 lib.
1134 4584 1258 4635 vm,
1286 4584 1332 4621 c.
1369 4569 1436 4621 40
1470 4585 1481 4621 :
1515 4567 1620 4633 Τὴν
1656 4566 1954 4619 Ἀντωνίου
1986 4587 2032 4642 φι

2143 4564 2306 4641 τοφίαν
2342 4564 2369 4617 ὁ
2392 4563 2457 4616 τὰ
2487 4564 2658 4616 πάντα
2690 4560 2906 4637 ἄριστος
2940 4564 3267 4631 Ἀθανάσιος,
3299 4566 3387 4619 καὶ
3418 4567 3564 4639 αὐτῷ
3598 4566 3777 4647 διαφε-

357 4656 560 4729 ρόντως
624 4654 976 4732 φιλούμενος,
1008 4655 1143 4727 πρὸς
1204 4654 1401 4716 λεπτὸς
1463 4656 1751 4728 ἱστορήσας
1801 4652 2045 4722 ἐξέδωκε
2094 4654 2187 4714 τὰς
2250 4653 2384 4724 μετὰ
2431 4649 2703 4722 δαιμόνων
2747 4650 2923 4713 πάλας
2956 4651 3141 4721 αὐτοῦ,
3174 4654 3386 4715 καὶτὰς
3418 4654 3773 4730 ἐξευρημένας

354 4743 552 4817 τέχνας
610 4740 757 4811 αὐτῷ
804 4741 918 4793 κατ’
950 4739 1148 4810 αὐτῶν,
1181 4739 1269 4793 καὶ
1316 4740 1382 4793 τὰ
1431 4738 1600 4793 λοιπά
1646 4745 1741 4793 τοῦ
1795 4740 1915 4814 βίου
1957 4739 2228 4813 τεράστια,
2262 4738 2349 4791 καὶ
2401 4738 2554 4790 πάνθ’
2584 4734 2778 4790 ἕκαστα
2810 4735 3129 4811 διαγράψαςο
3164 4738 3236 4800 ὡς
3270 4739 3395 4814 ὅρον
3440 4740 3571 4795 εἶναι
3608 4764 3774 4814 μονα-

359 4830 515 4899 δικῆς
574 4827 853 4890 πολιτείας
906 4829 968 4882 τὸ
1027 4827 1381 4902 σύγγραμμα.
1416 4834 1603 4881 Ὀποῖα
1662 4826 1728 4895 δὴ
1777 4829 1804 4881 ὁ
1855 4827 2016 4888 αὐτὸς
2070 4826 2380 4885 Ἀθανάσιος
2436 4826 2530 4879 κάν
2580 4829 2659 4896 τῷ
2709 4824 2812 4899 βίῳ
2865 4824 3245 4899 Συγκλητικῆς
3296 4826 3533 4901 ἔπραξεν⁸
3569 4828 3773 4904 ἀνδρῶν

363 4920 457 4991 μὲν
492 4917 772 4973 πηλιτείαν
806 4918 1066 4988 ἐντεῦθεν,
1098 4921 1365 4991 γυναικῶν
1400 4913 1447 4968 δ’
1479 4917 1676 4978 ἐκεῖθεν
1715 4917 2009 4986 ὑποτιθεὶς,

2166 4914 2216 4968 ἐν
2268 4913 2546 4985 πλάσματι
2595 4912 2919 4989 διηγήσεως.
2968 4916 3032 4971 Id
3080 4922 3175 4982 est,
3232 4920 3467 4973 Antonii
3516 4920 3776 4991 philoso-

356 5010 553 5081 phiam
590 5009 675 5063 vir
704 5008 876 5079 longe
908 5008 1438 5079 praestantissimus
1470 5007 1849 5076 Athanasius,
1870 5006 2167 5076 quietiam
2199 5006 2309 5075 ipsi
2336 5005 2446 5058 luit
2467 5004 2873 5071 cbarissimus,
2902 5005 3166 5075 pluribus
3190 5008 3544 5079 descriptam
3572 5010 3776 5080 edidit,

355 5099 822 5168 conscripsitque
852 5100 980 5167 ejus
1014 5097 1325 5151 adversum
1358 5097 1653 5150 daemones
1684 5094 2252 5165 certamina,quasve
2275 5097 2431 5147 artes
2454 5093 2524 5147 ad
2558 5094 2717 5163 ipsos
2748 5093 3129 5147 debellandos
3163 5096 3776 5163 adinvenerit,necnon

357 5186 472 5243 alia
503 5186 632 5240 vita;
666 5184 826 5239 illius
858 5184 1123 5255 prodigia
1156 5183 1493 5238 minutatim
1526 5187 1797 5238 enarrata
1831 5198 1842 5237 :
1878 5183 2021 5238 adeo
2054 5187 2119 5237 ut
2150 5181 2296 5237 liber
2326 5180 2422 5235 ille
2462 5180 2536 5235 sit
2568 5180 2736 5251 quasi
2769 5179 2895 5234 vitae
2930 5182 3266 5237 monasticae
3305 5199 3532 5239 norma.
3566 5184 3779 5257 Cujus-

359 5277 517 5331 modi
549 5278 690 5331 item
722 5280 864 5329 sunt
892 5290 1019 5344 qua:
1050 5274 1207 5328 idem
1238 5272 1598 5328 Athanasius
1629 5270 1941 5343 descripsit
1970 5270 2027 5326 in
2054 5271 2174 5326 vita
2204 5269 2544 5342 Syncleticse
2583 5286 2594 5323 :
2630 5268 2686 5323 in
2719 5268 2908 5340 priore
2940 5270 3178 5340 quidem
3212 5270 3359 5326 libro
3389 5271 3648 5327 virorum
3694 5274 3779 5329 vi-

354 5364 524 5419 vendi
560 5362 881 5429 rationem;
920 5362 978 5416 in
1010 5362 1275 5432 sequenti
1309 5377 1442 5416 vero
1476 5359 1790 5415 mulierum
1825 5376 2175 5431 proponens,
2210 5359 2377 5431 quasi
2412 5358 2522 5413 sub
2557 5358 2744 5412 forma
2790 5356 3167 5413 narrationis.
3205 5360 3475 5415 Praeterea
3506 5362 3565 5416 in
3594 5360 3779 5418 codice

356 5458 619 5510 Vaticano
648 5454 774 5516 82.5,
808 5454 935 5505 teste
968 5451 1251 5505 Holstenio
1284 5452 1340 5505 in
1400 5450 1797 5505 animadversis
1827 5450 1895 5502 ad
1928 5449 2377 5519 Martyrologium
2411 5449 2733 5512 Romanum,
2779 5445 2895 5501 haec
2943 5449 3054 5501 vita
3082 5448 3371 5503 Athanasii
3407 5464 3609 5504 nomen
3631 5465 3781 5521 prx-

344 5546 453 5614 [ert
482 5560 500 5595 :
532 5543 767 5610 itemque
797 5540 855 5593 in
892 5538 1202 5594 biblothecae
1232 5538 1601 5594 Scorialensis
1630 5538 1954 5607 exemplari,
1989 5536 2133 5608 quod
2175 5545 2449 5591 memorat
2480 5536 2801 5590 Alexander
2831 5536 3151 5590 Barvoetius
3200 5538 3261 5591 in
3308 5538 3592 5609 cathalogo
3631 5539 3785 5594 illius

352 5632 732 5697 Bibliotheca,
762 5628 833 5684 ad
862 5630 1019 5697 cuius
1041 5629 1201 5698 ﬁdem
1241 5629 1418 5685 David
1450 5630 1713 5685 Colin‘llus
1760 5630 2015 5684 Latinam
2044 5628 2550 5699 interpretationem
2599 5642 2756 5680 suam
2807 5624 3127 5695 adornavit,
3172 5627 3375 5683 editam
3431 5646 3465 5684 a
3513 5629 3786 5686 Bollando

346 5722 416 5781 ad
442 5723 477 5776 5
503 5722 785 5778 Januarii.
819 5720 938 5774 Haec
966 5719 1453 5791 quantulacunque
1480 5720 1594 5774 sint
1623 5719 1955 5787 testimonia,
1987 5720 2181 5791 exigui
2208 5721 2304 5773 aut
2334 5715 2551 5773 nullius
2588 5715 2849 5772 momenti
2876 5715 3209 5773 videbuntur
3236 5718 3309 5775 iis
3340 5723 3437 5791 qui
3464 5720 3546 5777 vel
3574 5721 3782 5793 primo-
