4162 6370
391 414 547 473 1487
1556 412 1624 472 S.
1668 410 2191 474 ATHANASIUS.
2223 444 2299 457 —
2336 412 2648 474 SPURIA.
3657 415 3820 476 “88

387 548 540 602 ribus
570 547 742 602 labris
769 547 1061 602 Athanasii
1088 545 1295 617 stytum
1323 546 1699 615 orationisque
1727 559 1895 614 genus
1923 544 2247 612 attigerint;
2294 550 2519 600 tantum
2547 546 2755 603 scilicet
2775 547 3033 603 abhorret
3068 546 3166 604 hoc
3191 547 3513 620 opusculum
3543 547 3613 603 ab
3644 547 3817 603 Atha-

387 639 628 692 nasiana
654 636 756 691 illa
780 636 1112 708 eloquentia,
1143 634 1277 704 sale,
1308 635 1596 705 gravitate.
1619 632 1702 687 Ad
1730 633 1848 688 hac
1874 633 2064 686 nullus
2094 634 2411 703 assignatur
2437 636 2693 706 scriptor,
2715 634 2785 690 ad
2812 637 3055 709 quinque
3082 651 3242 691 sexve
3269 636 3479 692 saecula
3501 640 3627 708 post
3650 638 3821 695 Atha-

386 730 539 783 nasii
565 730 784 784 aetatem
813 728 909 799 qui
939 726 996 782 id
1023 727 1200 798 operis
1230 725 1437 780 tribuat
1462 722 1780 780 Athanasio.
1823 722 2019 778 Tradit
2043 732 2228 778 autem
2262 724 2582 780 Holstenius
2626 727 2685 781 in
2725 727 2838 783 alio
2863 728 3048 783 codice
3084 729 3459 783 vetustissimo
3488 728 3816 800 Cryptafer-

385 819 600 873 ratensi
629 817 966 873 bibliotheca
1001 816 1279 872 Vaticana:
1306 830 1463 869 num.
1498 814 1656 883 1589,
1688 829 1815 868 eam
1851 813 2037 868 Vitam
2070 812 2388 882 adjudicari
2412 815 2716 887 Potycarpo
2755 820 2978 875 ascetae.
3014 816 3192 873 Codex
3220 820 3405 872 autem
3435 834 3539 890 quo
3571 821 3653 874 est
3683 834 3820 885 usu;

388 908 724 965 Cottelerius
752 909 852 979 qui
879 912 1025 962 tomo
1054 912 1081 962 1
1106 905 1621 960 Monumentorum
1652 900 1909 958 ecclesiae
1942 899 2148 956 Graecae
2193 902 2363 956 vitam
2403 903 2733 975 Syncteticae
2773 906 3066 978 evulgavit,
3095 906 3317 961 nullum
3364 909 3596 978 ρνάυῖενι
3622 912 3815 963 aucto-

384 998 465 1053 ris
492 1013 714 1056 nomen.
746 999 809 1053 In
839 994 1048 1052 schedis
1074 1009 1207 1050 vero
1238 992 1650 1062 Combeﬁsianis
1679 1006 1922 1062 quarum
1949 990 2374 1061 perhumaniter
2402 993 2561 1048 nobis
2589 996 2801 1066 copiam
2830 997 2960 1066 fecit
2979 998 3071 1051 vir
3097 995 3348 1051 eruditus
3376 997 3439 1051 Β.
3470 997 3534 1051 Ρ.
3569 997 3814 1068 Lequien

384 1102 455 1142 ea:
481 1086 674 1143 ordine
698 1084 1141 1144 Praedicatorum
1169 1083 1251 1139 ad
1278 1081 1483 1138 calcem
1513 1082 1694 1152 operis
1722 1080 1837 1135 ha’c
1868 1079 2124 1151 teguntur
2168 1097 2187 1133 :
2233 1079 2550 1153 Hucusque
2580 1083 2682 1155 qui
2708 1099 2777 1138 ex
2806 1088 3010 1141 sancta
3038 1083 3404 1156 (Syncletica)
3435 1100 3540 1156 per
3566 1085 3808 1140 beatum

381 1176 698 1233 Arsenium
727 1175 1125 1248 Pegadensem
1156 1171 1501 1245 prodierunt
1532 1184 1833 1227 sermones
1868 1184 1881 1223 :
1914 1168 2066 1223 unde
2092 1168 2235 1239 forte
2268 1169 2545 1240 inferatur
2572 1172 2869 1229 Arsenium
2896 1174 3057 1229 illum
3084 1176 3235 1245 gesta
3280 1175 3543 1246 dictaque
3584 1173 3808 1247 Syncle-

382 1269 512 1326 ticse
538 1267 839 1340 collegisse.
873 1266 979 1335 Qui
1015 1264 1277 1321 Arsenius
1309 1263 1464 1332 longe
1493 1260 1739 1317 diversus
1769 1274 1883 1315 esse
1911 1257 2127 1314 videtur
2156 1277 2189 1313 a
2215 1261 2403 1331 prisco
2434 1260 2539 1317 illo
2571 1263 2796 1321 Arsenio
2823 1263 3097 1320 monacho
3128 1265 3225 1336 qui
3251 1273 3443 1337 quarto
3469 1266 3674 1323 saeculo
3703 1267 3806 1336 ﬂo-

385 1358 523 1413 ruit.
559 1355 827 1412 Caeterum
853 1355 1030 1410 multa
1057 1354 1142 1410 uti
1168 1351 1420 1407 diximus
1446 1351 1509 1405 in
1536 1366 1572 1405 v
1599 1358 1651 1406 et
1679 1365 1734 1405 v1
1766 1346 2037 1404 Rosweidi
2077 1349 2221 1404 libro
2268 1364 2337 1403 ex
2383 1349 2483 1405 hoc
2532 1350 2705 1422 Opere
2731 1353 2802 1408 ad
2829 1353 3063 1408 verbum
3090 1363 3348 1427 excerpta
3379 1355 3657 1424 leguntur,
3684 1340 3809 1426 qua

382 1460 483 1503 nos
510 1444 581 1502 ad
607 1449 925 1515 marginem
948 1459 1056 1516 pro
1084 1441 1355 1513 facultate
1372 1439 1710 1495 notavimus.
1733 1437 2009 1495 Similiter
2036 1437 2097 1492 in
2129 1438 2688 1508 Apbp’itheqmatibus
2719 1442 2980 1513 Patrum,
3013 1449 3067 1499 et
3095 1443 3156 1498 in
3184 1440 3419 1499 Scholiis
3446 1443 3518 1498 ad
3540 1445 3812 1500 Joannem

385 1537 699 1596 Climacum
727 1534 1025 1594 identidem
1056 1532 1322 1591 laudatur
1356 1531 1474 1588 Vita
1502 1537 1709 1588 sancta:
1736 1528 2084 1600 Syncleticw.

383 1903 525 1961 νιΤΑ
562 1902 648 1957 ET
679 1898 885 1957 GESTA
934 1894 1221 1953 SANCTA'Z
1268 1890 1638 1962 ΒΕΑΤΑΞΩΠΕ
1682 1885 2029 1945 MAGISTRE

2145 1886 2304 1941 ΒῙΟΣ
2346 1887 2465 1943 ΚΑΙ
2496 1890 2820 1962 ΠΟΛΙΤΕΙΑ
2860 1894 2992 1946 ΤΗΕ
3033 1892 3244 1947 ΑΓΙΑΣ
3288 1892 3401 1948 ΚΑΙ
3439 1895 3802 1951 ΜΔΚΑΡΙΔΣ

968 1965 1421 2025 SYNGLE’IICE.

454 2102 504 2156 1.
540 2104 648 2155 Par
673 2100 832 2154 esset
850 2109 1055 2151 omnes
1077 2089 1347 2147 homines
1368 2090 1656 2145 bonarum
1681 2101 1876 2142 rerum
1900 2098 2030 2139 esse

378 2188 616 2260 peritos.
641 2187 727 2241 Ita
746 2184 901 2240 enim
929 2182 988 2237 in
1011 2179 1260 2252 negotiis
1290 2175 1610 2245 exercitati,
1635 2175 1816 2230 vitam
1837 2178 2027 2229 trans-

378 2278 606 2350 igerent
647 2275 872 2347 absque
936 2270 1303 2326 detrimento.
1365 2265 1511 2322 Nam
1570 2262 2031 2336 simplicioribus

380 2349 578 2422 multas
609 2361 892 2436 perutiles
933 2377 1024 2418 res
1072 2362 1215 2414 sunt
1271 2354 1531 2424 occultae,
1562 2354 1714 2426 quod
1746 2352 1877 2407 ideo
1908 2349 2028 2405 illis

379 2453 633 2521 obvenit,
674 2452 831 2524 quod
878 2467 949 2507 ex
988 2446 1255 2505 socordia
1300 2443 1591 2500 hebetiore
1636 2442 1759 2498 sint
1808 2442 2025 2496 mente.

377 2546 686 2601 Enimvero
717 2541 1064 2614 plerumque
1094 2536 1363 2609 pretiosa;
1393 2532 1744 2605 margaritae,
1776 2529 1837 2584 in
1879 2544 2029 2601 pau-

380 2649 547 2706 peres
574 2631 839 2702 vilesque
868 2628 1023 2683 viros
1051 2624 1407 2690 inciderunt,
1441 2622 1539 2693 qui
1572 2638 1640 2676 ex
1669 2619 1810 2675 artis
1845 2618 1919 2672 im
1932 2632 2025 2687 pe-

379 2703 533 2793 ritia,
567 2738 666 2778 eas
698 2719 864 2775 nihili
898 2716 1189 2787 nascique
1223 2715 1501 2769 fecerunt.
1552 2710 1668 2765 Nos
1699 2709 1895 2778 itaque
1926 2703 2026 2777 qui

378 2812 577 2868 animo
630 2824 840 2866 sumus
889 2803 1098 2877 puerili
1138 2808 1196 2857 et
1224 2799 1518 2872 imperito,
1552 2813 1686 2853 cum
1718 2795 2029 2851 incidisse-

374 2917 510 2957 mus
536 2899 596 2954 in
647 2902 799 2953 hanc
846 2891 1248 2965 margaritam,
1283 2905 1399 2944 non
1433 2886 1628 2959 magni
1662 2884 2028 2940 faciebamus

371 2988 560 3058 illam,
589 2988 731 3043 dum
763 2982 950 3041 solam
982 2980 1238 3054 speciem
1283 2976 1745 3040 attenderemus,
1776 2977 1832 3028 et
1860 2989 1894 3027 a
1924 2988 2026 3026 na-

370 3085 516 3135 tura
532 3073 955 3149 dignitatisque
972 3071 1136 3125 illius
1157 3066 1364 3124 notitia
1382 3063 1633 3120 multum
1658 3062 2024 3118 abessemus:

371 3167 473 3222 ubi
504 3148 700 3223 natam
730 3160 1014 3235 paulatim
1055 3158 1186 3229 ejus
1230 3153 1473 3227 propius
1522 3148 2023 3223 pulchritudinem

2393 1961 2511 2015 KAI
2552 1964 2997 2020 ΔΙΛΑΣΚΑΛΟΥ
3042 1964 3546 2022 ΣΥΓΚΛΗΤΙΚΗΣ.

2215 2084 2266 2137 1.
2297 2079 2447 2137 Ἔδει
2478 2082 2679 2145 πάντας
2709 2083 3031 2159 ἀνθρωπους
3059 2090 3169 2141 τῶν
3197 2084 3380 2142 καλῶν
3409 2088 3486 2159 μὴ
3519 2086 3804 2160 ἀμυήτους

2142 2168 2427 2244 ὑπάρχειν.
2462 2170 2615 2226 Οῧτω
2662 2174 2767 2248 γάρ
2813 2173 3312 2250 ἐγγεγυμνασμένοι
3366 2181 3482 2238 τοῖς
3538 2177 3802 2253 πράγμα-

2140 2278 2221 2311 σιν
2254 2259 2298 2312 εἰ
2332 2259 2455 2327 εἷεν,
2485 2260 2548 2314 τὸ
2577 2259 2813 2333 ἀζήμιον
2849 2263 3000 2338 εἶχον
3029 2262 3082 2318 ἐν
3114 2263 3237 2340 βίῳ·
3262 2264 3351 2319 καὶ
3373 2269 3500 2341 γοῦν
3524 2265 3651 2327 τοὺς
3675 2266 3805 2321 ἀκε-

2140 2349 2451 2424 ραιοτέρους
2479 2348 2546 2404 τὰ
2576 2348 2762 2405 πολλά
2790 2355 2897 2406 τῶν
2933 2357 3191 2428 χρηστῶν
3239 2349 3506 2417 διέλαθεν.
3537 2358 3708 2409 Τοῦτο
3740 2353 3802 2411 δὲ

2137 2437 2461 2492 πεπόνθασιν
2509 2438 2568 2493 ἐκ
2611 2443 2713 2493 τοῦ
2760 2441 2859 2508 τὴν
2906 2436 3147 2496 διάνοιαν
3182 2441 3367 2504 αὐτοῖς
3396 2437 3797 2520 ἀμϐλυωτὲραν

2136 2526 2447 2581 καθεστάναι
2482 2527 2577 2582 ὑαὸ
2606 2534 2705 2598 τῆς
2730 2528 3010 2601 ἀμελείας.
3048 2527 3327 2593 Πολλάκις
3359 2532 3460 2608 γὰρ
3510 2533 3599 2586 καὶ
3653 2554 3796 2609 μαρ-

2135 2620 2350 2691 γαρῖται
2380 2614 2683 2689 πολύσιμοι
2716 2616 2793 2679 είς
2834 2617 3065 2688 πένητας
3116 2617 3402 2695 παρῆλθον
3456 2617 3668 2696 ἄνδρας.
3729 2622 3798 2675 O't

2138 2700 2195 2758 δὲ
2225 2701 2587 2778 ἀδοκίμαστον
2614 2706 2714 2775 τήν
2746 2706 2870 2783 περὶ
2901 2705 3109 2763 τούτων
3155 2708 3356 2784 τεχνην
3410 2707 3652 2785 ἔχοντες,
3716 2710 3797 2772 ὡς

2140 2796 2350 2868 μικρῶν
2409 2815 2572 2848 τινων
2624 2794 2713 2849 καὶ
2769 2792 3076 2869 οὐδαμινῶν
3122 2796 3545 2875 κατεφρόνησαν.
3598 2798 3798 2871 Ἡμεῖς

2136 2885 2291 2956 γοῦν,
2324 2882 2520 2952 νηπίαν
2553 2883 2642 2938 καὶ
2674 2883 2972 2955 ἀνάσκητον
3022 2887 3209 2961 ψυχὴν
3243 2882 3487 2963 ἔχοντες,
3538 2891 3617 2960 τῷ
3648 2909 3798 2965 παρ-

2136 2969 2251 3025 όντι
2315 2969 2738 3068 ἐντυγχάνοντες
2811 2975 3135 3068 μαργαρίτῃ,
3196 2972 3350 3031 οὐδὲν
3405 2977 3545 3053 μέγα
3596 2982 3797 3033 τοῦτον

2137 3062 2470 3136 θεωροῦμεν,
2502 3065 2583 3134 τῷ
2615 3064 2865 3137 σχήματι
2926 3062 3079 3136 μόνῳ
3127 3062 3532 3139 ἐνατενίζοντες,
3583 3073 3686 3136 τῆς
3734 3064 3798 3122 δὲ

2135 3147 2344 3224 φύσεως
2372 3148 2559 3217 αὐτοῦ,
2592 3148 2714 3205 ὅσον
2742 3150 2881 3227 πρὸς
2902 3155 3129 3226 γνῶσιν,
3175 3154 3384 3229 μακρὰν
3406 3154 3800 3231 τυγχάνοντες.

370 3259 724 3329 spectantes,
758 3246 1163 3324 praestantiam
1215 3243 1590 3309 docebamur,
1631 3237 1825 3294 divino
1887 3253 2026 3309 erga

2142 3243 2219 3329 ίΩς
2255 3235 2322 3329 δὲ,
2341 3238 2458 3293 κατ’
2493 3236 2679 3314 ὀλίγον
2709 3238 2773 3329 ἐκ
2799 3244 2908 3295 τῶν
2940 3238 3111 3303 πέλας
3142 3238 3535 3317 ἐδιδαπόμεθα
3563 3244 3626 3299 τὸ
3655 3243 3797 3301 κάλ-

369 3347 701 3417 perceptam
733 3355 854 3396 rem
894 3351 1092 3393 amore
1134 3331 1618 3388 accendebamur.
1667 3329 1810 3400 Ipsae
1858 3341 2026 3382 nam-

372 3414 487 3507 que
520 3414 614 3488 res
644 3433 903 3485 mentem
934 3428 1197 3481 nostram
1218 3421 1292 3477 ad
1314 3418 1669 3475 desiderium
1692 3414 2025 3471 inﬂamma-

371 3523 538 3579 bant.

443 3613 499 3666 2.
544 3610 838 3674 Quorsum
885 3606 1080 3661 autem
1117 3599 1325 3672 loquar
1366 3597 1438 3653 de
1485 3593 1890 3668 praesentibus,
1923 3596 2028 3649 aut

377 3716 471 3757 me
497 3697 616 3755 illis
647 3697 1030 3753 adnumersm
1053 3688 1221 3762 quasi
1253 3703 1360 3743 nos
1386 3684 1610 3757 aliquid
1640 3683 2029 3753 sciamus,aut

378 3789 578 3861 eloqui
603 3785 906 3843 valeamus
937 3781 1008 3838 de
1038 3777 1315 3852 praclara
1362 3778 1418 3830 et
1449 3775 1619 3830 beata
1647 3771 1974 3846 Syncletica
2002 3768 2027 3826 ?

378 3877 658 3934 Omnium
677 3875 897 3947 quippe
921 3869 1228 3927 hominum
1254 3861 1723 3930 naturam,bonis
1741 3862 1869 3933 ejus
1891 3877 2028 3934 ope-

380 3969 545 4024 ribus
574 3959 949 4021 recensendis
979 3960 1265 4029 imparem
1298 3953 1568 4010 arbitror.
1616 3951 1778 4017 Quod
1810 3950 1861 4006 si
1893 3951 2027 4024 quis

379 4055 578 4113 deilla
605 4053 765 4125 loqui
797 4048 1191 4123 aggrediatur,
1233 4040 1611 4116 quantumvis
1658 4041 1896 4112 sapiens
1953 4039 2031 4096 sit

379 4164 444 4202 ac
477 4144 723 4219 peritus,
756 4137 1103 4212 longissime
1150 4132 1336 4191 aberit
1365 4149 1399 4188 a
1428 4148 1489 4187 re
1534 4129 1838 4202 proposita
1868 4145 2028 4186 exse-

376 4234 630 4308 quenda.
665 4226 1173 4299 Quemadmodum
1206 4221 1362 4278 enim
1395 4219 1498 4292 qui
1527 4219 1712 4275 solem
1741 4218 2027 4274 intentius

376 4323 666 4395 respicere
693 4318 916 4385 volunt,
949 4312 1252 4372 oculorum
1286 4311 1501 4366 damno
1549 4308 1910 4376 afﬁciuntur,
1942 4309 2025 4363 ita

376 4413 551 4469 etiam
582 4408 829 4481 quiejus
852 4406 1033 4461 vitam
1064 4397 1449 4470 contemplari
1473 4397 1765 4463 nituntur,
1784 4397 1856 4452 ob
1887 4413 2025 4469 prae-

376 4501 529 4558 clare
557 4503 861 4572 gestorum
894 4489 1315 4566 praestantiam,
1366 4487 1521 4542 616
1567 4485 1852 4557 vertigine
1898 4501 2027 4541 cor-

376 4589 834 4663 repti,cedentes
856 4584 1097 4639 demum
1118 4596 1185 4635 ac
1214 4577 1435 4633 viribus
1465 4573 1833 4646 destituti,in
1866 4589 2025 4630 men-

374 4678 453 4733 tis
484 4675 754 4731 incidunt
781 4666 1299 4744 perturbationem.

450 4768 503 4821 3.
537 4765 654 4820 Nos
684 4765 881 4819 autem
911 4774 1014 4831 pro
1060 4754 1289 4810 viribus
1337 4750 1557 4807 nostris
1604 4750 1735 4821 eius
1780 4750 2028 4824 vestigia

378 4852 721 4925 consectati,
752 4856 811 4907 et
858 4849 930 4906 ab
969 4847 1096 4918 ejus
1118 4841 1444 4915 aequalibus
1501 4840 1571 4895 de
1601 4839 1876 4912 primaeva
1896 4842 2026 4913 ejus

379 4949 549 5003 estate
576 4940 782 5016 paucis
811 4935 1047 5004 eruditi,
1079 4950 1149 4989 ex
1175 4931 1440 5004 ipsisque
1470 4929 1646 4985 rebus
1687 4928 2023 5001 aliquantu-

379 5038 503 5091 lum
528 5029 833 5097 illustrati,
853 5026 1106 5083 scribere
1136 5018 1524 5093 ingredimur,
1556 5018 1844 5091 nobisque
1877 5020 2025 5094 ipsis

377 5123 698 5181 salutarem
730 5118 929 5175 cibum
975 5110 1371 5169 recondimus.
1419 5107 1566 5162 Nam
1605 5123 1710 5179 pro
1740 5108 2024 5181 dignitate

372 5213 536 5269 illius
565 5209 783 5285 eloqui,
815 5223 933 5263 non
964 5197 1329 5275 impossibile
1368 5197 1540 5285 modo
1571 5197 1741 5254 nobis
1780 5203 1890 5269 est,
1919 5199 2022 5256 sed
2075 5211 2087 5223 ‘

371 5301 576 5359 multis
608 5282 740 5356 aliis
771 5293 1129 5370 perarduum
1159 5303 1225 5343 ao
1255 5282 1510 5340 difﬁcile.

440 5478 496 5536 4.
527 5478 662 5545 Quae
693 5472 947 5533 ccnlestis
996 5463 1309 5541 συγκλήτου
1359 5479 1462 5519 seu
1511 5466 1754 5519 senatus
1804 5482 2018 5522 nomen

368 5568 567 5633 habet,
599 5582 668 5622 ex
697 5561 1035 5621 Macedonia
1088 5554 1335 5613 oriunda
1385 5556 1492 5608 est.
1545 5552 1795 5624 Majores
1833 5556 2018 5629 siqui-

372 5659 507 5713 dem
554 5655 682 5725 ejus
734 5651 932 5708 audito
975 5643 1501 5704 Alexandrinorum
1542 5657 1681 5713 erga
1729 5644 1909 5701 Deum
1963 5653 2022 5703 et

375 5744 676 5801 Christum
706 5754 998 5809 amore,ex
1024 5731 1360 5790 Macedonia
1378 5730 1438 5785 in
1456 5729 1793 5790 Macedonis
1816 5735 2018 5793 urbem

2136 3325 2236 3389 λος
2267 3325 2452 3396 αὐτοῦ,
2514 3331 2657 3391 θεῖος
2706 3323 2844 3403 ἔρως
2893 3327 2983 3383 καὶ
3035 3331 3172 3402 ἡμῖν
3224 3328 3530 3406 ἑνεγεννᾶτο
3560 3333 3698 3408 πρὸς
3728 3333 3797 3388 τὸ

2139 3415 2318 3493 ὁφθὲν·
2376 3414 2467 3470 καὶ
2522 3417 2626 3493 γὰρ
2685 3415 2820 3472 αὖτά
2864 3418 2932 3472 «ca
2978 3417 3271 3496 πράγματα
3329 3420 3593 3496 ἐζωπύρει
3625 3423 3790 3496 ἡμῶν

2135 3504 2273 3581 πρὸς
2302 3504 2395 3560 τὸν
2427 3504 2593 3559 πόθον
2624 3506 2725 3574 τήν
2760 3501 3023 3564 διάνοιαν.

2205 3597 2261 3650 2.
2293 3591 2355 3647 Τί
2386 3590 2445 3648 δὲ
2473 3592 2617 3669 λέγω
2644 3593 2772 3657 τοὺς
2800 3595 3089 3671 παρόντας,
3129 3596 3164 3665 ἢ
3211 3597 3303 3652 καὶ
3351 3596 3538 3654 ἑαυτὸν
3589 3619 3788 3676 συγκα-

2136 3682 2386 3757 ταριθμῶ
2441 3680 2677 3755 τούτοις,
2738 3679 2813 3745 ὣς
2854 3704 2909 3738 τι
2941 3682 3163 3740 είδότων
3204 3688 3366 3759 ἡμῶν
3398 3686 3488 3742 καὶ
3521 3685 3800 3763 λεγόντων

2136 3769 2261 3847 περὶ
2290 3777 2389 3841 τῆς
2418 3768 2672 3844 ἀοιδίμου
2703 3771 2792 3826 καὶ
2842 3773 3108 3850 μακαρίας
3160 3775 3579 3852 Συγκλητικῆς;
3623 3776 3797 3851 Οἶμαι

2136 3861 2237 3936 γάρ
2263 3864 2433 3915 πᾶσαν
2467 3859 2763 3934 ἀνθρώπων
2812 3860 2968 3937 φύσιν
3019 3860 3297 3928 λείπεσθαι
3347 3865 3484 3940 πρὸς
3530 3863 3793 3940 διήγησιν

2134 3952 2242 4003 τῶν
2275 3947 2490 4024 ἀγαθῶν
2520 3947 2689 4019 αὐτῆς
2712 3950 2978 4025 πράξεων.
3010 3950 3076 4008 Εἰ
3109 3948 3167 4006 δὲ
3195 3952 3285 4007 καί
3313 3974 3396 4016 τις
3419 3952 3798 4031 ἐπιχειρήσειε

2138 4035 2317 4113 λέγειν
2348 4058 2402 4093 τι
2430 4037 2553 4112 περὶ
2584 4037 2771 4108 αὐτῆς,
2828 4036 2973 4094 πολὺ
3017 4040 3111 4113 μὲν
3141 4041 3228 4095 καὶ
3262 4042 3487 4119 ἄπειρον
3518 4041 3793 4122 ἀπολειφ-

2136 4128 2355 4198 θήσεται
2384 4131 2492 4182 τῶν
2524 4127 2898 4200 ζητουμένων,
2946 4128 3042 4184 κᾶν
3084 4130 3273 4209 σοφὸς,
3318 4132 3413 4186 κᾶν
3467 4132 3790 4207 ἐπιστήμων

2134 4219 2400 4315 τυγχάνῃ.
2432 4221 2629 4315 ’ἕσπερ
2658 4218 2760 4293 γὰρ
2792 4218 2843 4271 οἱ
2976 4216 3126 4291 ἡλίῳ
3157 4219 3393 4276 ἀτενίσαι
3455 4222 3790 4299 βουλόμενοι

2133 4305 2229 4368 τὰς
2262 4303 2414 4378 ὄψεις
2450 4304 2804 4381 βλάπτονται,
2837 4305 2981 4361 οὕτω
3010 4307 3100 4362 καὶ
3132 4308 3183 4363 οἱ
3226 4311 3676 4387 γατοπτρίζεσθαι
3705 4317 3788 4385 τῷ

2141 4394 2243 4469 βίῳ
2270 4394 2474 4465 ταύτης
2503 4396 2860 4471 πειρώμενοι,
2896 4395 3001 4451 ὑπὸ
3026 4396 3124 4452 τοῦ
3159 4399 3417 4475 μεγέθους
3445 4404 3553 4455 τῶν
3584 4422 3783 4477 κατορ-

2136 4484 2403 4557 θωμάτων
2437 4482 2863 4559 ἰλιγγιάσαντες,
2898 4482 3213 4550 ὑπενδόντες
3241 4488 3275 4557 ἢ
3297 4488 3387 4544 καὶ
3410 4489 3789 4564 ἀτονήσαντες,

2138 4570 2396 4649 σύγχυσιν
2430 4571 2741 4650 ὑφίστανται
2770 4575 2839 4647 τῇ
2874 4570 3105 4646 διανοίᾳ.

2203 4752 2258 4808 3.
2288 4754 2475 4824 Ἡμεῖς
2507 4747 2564 4806 δὲ
2594 4752 2729 4807 κατά
2755 4753 2854 4822 τήν
2889 4751 3028 4809 ἰδίαν
3080 4751 3305 4829 δύναμιν
3356 4755 3789 4833 ίχνηλατοῦντες

2131 4838 2199 4895 τὰ
2223 4839 2341 4895 κατ’
2370 4838 2560 4910 αὐτὴν,
2591 4839 2681 4895 καὶ
2716 4840 2797 4929 ,ἐκ
2848 4845 2956 4897 τῶν
3016 4841 3326 4914 ουνηλίκων
3381 4843 3439 4901 δὲ
3488 4848 3659 4918 αὐτῆς
3713 4851 3784 4906 τὰ

2133 4930 2270 4985 κατά
2321 4929 2414 4984 τὸν
2472 4933 2687 5003 πρῶτον
2730 4929 2845 5005 βίον
2895 4930 3202 5008 ἀκροθιγῶς
3235 4934 3582 5006 ἀκούσαντες,
3612 4938 3703 4993 καὶ
3734 4939 3788 5011 ἐξ

2132 5017 2308 5073 αὐτῶν
2336 5014 2394 5072 δὲ
2421 5022 2526 5073 τῶν
2587 5017 2924 5094 πραγμάτων
2982 5018 3240 5097 ἀμυδρῶς
3300 5026 3782 5101 καταυγασθὲντες,

2134 5108 2222 5164 ἐπὶ
2268 5108 2332 5163 τὸ
2361 5108 2581 5185 γράφειν
2631 5105 2864 5181 ἦκιμεν,
2898 5109 3108 5172 ἑαυτοῖς
3158 5112 3364 5187 τροφὰς
3406 5114 3783 5190 σωτηριώὸεις

2132 5195 2680 5273 ἀποθησαυρίζοντες.
2740 5196 2809 5251 Τὸ
2870 5198 2964 5270 μὲν
3021 5199 3125 5274 γὰρ
3169 5201 3287 5255 κατ’
3313 5200 3460 5274 ἀξίαν
3494 5203 3662 5274 αὐτῆς
3692 5204 3787 5261 λέ-

2130 5308 2244 5363 γειν
2279 5285 2341 5341 οὐ
2376 5284 2539 5361 μόνον
2569 5287 2705 5359 ἡμῖν
2739 5282 3020 5357 ἀδύνατον,
3052 5285 3200 5343 ἀλλά
3244 5289 3334 5345 καὶ
3379 5296 3498 5354 τοῖς
3541 5292 3787 5357 πολλοῖς

2130 5373 2413 5452 δυσχερές.

2200 5469 2252 5523 4.
2283 5469 2342 5520 Ἡ
2371 5469 2470 5535 τῆς
2501 5463 2749 5541 οὐρανίου
2781 5465 3093 5541 συγκλήτου
3126 5463 3432 5542 ἐπώνυμος,
3463 5471 3652 5549 χώρας
3676 5473 3782 5543 τῆς

2128 5550 2459 5616 Μακεδονίας
2487 5553 2766 5631 τνγχάνει.
2819 5555 3168 5624 Ἀκηκοότων
3211 5557 3316 5635 γὰρ
3353 5563 3460 5615 τῶν
3491 5562 3788 5639 προγόνων

2126 5642 2296 5714 αὐτῆς
2322 5640 2676 5729 ’τὸ-φιλόθεον
2708 5644 2799 5700 καὶ
2831 5642 3191 5724 φιλόχριστον
3218 5652 3325 5703 τῶν
3359 5646 3784 5729 Ἀλεξανδρέων,

2126 5726 2541 5807 κατελάμϐανον
2573 5732 2634 5791 ἐκ
2660 5730 2990 5799 Μακεδονίας
3018 5736 3119 5807 τὴν
3166 5739 3266 5793 τοῦ
3309 5726 3632 5805 Μακεδόνος
3677 5737 3788 5798 n8-
