4162 6416
381 427 410 486 1
427 426 538 486 489

1526 417 1708 477 VITA
1753 413 2087 478 SANCTxE
2131 411 2668 476 SYNCLETICIE.

3657 414 3817 479 1490

380 555 485 612 λιν.
517 549 854 610 Ἐπιϐαντων
908 550 966 607 δὲ
997 552 1171 606 αὐτῶν
1216 556 1283 626 τῇ
1315 551 1496 627 χώρᾳ,
1527 549 1615 604 καὶ
1656 546 1822 620 μείζω
1855 539 2031 621 εὑρόν-

2155 551 2593 604 concesserunt.
2629 547 2751 611 Quo
2783 563 2917 603 cum
2947 545 3370 618 pervenissent,
3404 559 3469 598 ac
3516 558 3609 600 res
3648 542 3810 615 ipsas

379 666 467 706 τες
497 651 598 713 τῆς
629 645 822 720 φήμης
855 642 920 696 τά
967 641 1288 716 πράγματα,
1338 638 1687 718 φιλοφρόνως
1735 634 1910 709 ᾤκουν
1956 633 2046 688 αὗ-

379 735 502 804 την.
538 733 617 788 Πύ
650 732 854 802 πλήθει
895 728 952 785 δὲ
979 728 1173 802 δήμων
1209 730 1547 804 συνέχαιρον,
1582 726 1703 781 οὕτε
1746 727 1852 798 μὴν
1886 723 2039 793 οἷ’κη-

387 823 571 896 μάτων
631 820 932 892 ἐθαύμαζον
1012 821 1240 894 μέγεθος
1273 838 1285 849 ·
1348 817 1525 872 πίστιν
1588 814 1645 869 δὲ
1706 814 2045 888 μονότροπον

381 910 624 984 εὑρόντες
679 910 772 964 σὺν
827 908 1109 982 εἰλικρινεῖ
1156 906 1358 983 ἀγάπῃ,
1411 904 1655 981 δευτέραν
1708 902 1885 958 ἔθεντο
1941 901 2040 969 τήν

382 999 585 1055 οἰκείαν
617 1005 718 1068 τῆς
755 998 1028 1070 μετοικίας

448 1091 503 1144 5.
537 1094 630 1143 Ἢν
692 1085 751 1142 δὲ
807 1087 898 1142 καί
949 1091 1028 1158 τῷ
1083 1087 1228 1160 γένει
1285 1079 1646 1158 περίϐλεπτος
1703 1085 1737 1151 ἡ
1805 1079 2042 1154 μακαρία

382 1177 757 1253 Συγκλητική,
791 1175 881 1230 καὶ
910 1180 1028 1235 τοῖς
1061 1173 1254 1235 ἄλλοις
1289 1170 1345 1227 δέ
1391 1178 1506 1235 τοῖς
1549 1173 1683 1226 κατὰ
1710 1171 1798 1225 τὸν
1834 1169 2037 1240 κόσμον

385 1271 640 1336 τερπνοῖς
689 1262 1081 1337 νομιζομένοις
1136 1261 1492 1335 ἐκεκόσμητο.
1554 1266 1736 1335 Παρῆν
1801 1256 1858 1313 δὲ
1905 1257 2040 1329 αὐτῇ

377 1355 468 1410 καὶ
522 1351 733 1431 ἀδελφή
787 1353 1048 1430 ὁμόφρων
1099 1352 1233 1424 ἅμα,
1279 1350 1369 1405 καὶ
1415 1348 1639 1426 ἀδελφοὶ
1672 1346 1792 1415 δύο,
1846 1367 2040 1420 σεμνο-

376 1441 525 1515 τάτῳ
555 1441 644 1496 καὶ
687 1441 841 1496 αὐτοὶ
892 1439 1208 1516 ἀναχθέντες
1264 1439 1388 1514 βίῳ·
1435 1440 1508 1493 ὧν
1543 1440 1570 1492 6
1606 1438 1699 1510 μὲν
1749 1437 1844 1508 εἷς,
1891 1435 1942 1490 ἐν
1971 1435 2041 1506 τῇ

379 1530 606 1604 παιδικῇ
670 1530 863 1602 ἡλικίᾳ
909 1529 1216 1605 τυγχάνων,
1277 1529 1582 1604 ἀπεγένετο·
1644 1529 1671 1583 6
1731 1525 1787 1582 δὲ
1834 1522 2036 1601 ἔτερος,

380 1615 573 1684 ἐπιϐάς
617 1620 854 1693 πέμπτῳ
905 1619 995 1675 καὶ
1046 1619 1274 1691 εἰκοστῷ
1325 1616 1452 1687 ἔτει,
1502 1618 1647 1692 παρά
1683 1622 1790 1672 τῶν
1838 1613 2036 1692 γονέων

377 1710 453 1773 είς
485 1709 664 1785 γάμον
712 1707 1096 1786 παρεκαλεῖτο·
1147 1708 1237 1763 καὶ
1287 1707 1502 1762 πάντων
1550 1707 1686 1782 πρὸς
1732 1707 1794 1760 τὸ
1848 1703 2038 1775 ζητού-

312 1809 328 1822 ·
377 1821 543 1874 μενον
604 1798 1082 1868 εὐτρεπισθέντων.
1133 1796 1222 1852 καὶ
1269 1801 1374 1851 τῶν
1435 1795 1486 1866 ἐξ
1537 1794 1715 1856 ἔθνους
1773 1788 2038 1866 συμϐολι-

2155 634 2314 690 fama
2346 637 2601 705 majores
2629 633 3482 708 comperissent,libentissime
3512 632 3687 688 isthic
3717 649 3808 688 se-

2156 723 2258 779 des
2291 727 2645 790 statuerunt,
2676 725 2801 780 Non
2831 723 2917 778 illi
2949 725 3018 780 de
3048 722 3246 795 populi
3296 721 3626 793 frequentia
3663 738 3806 794 gau-

2154 812 2390 880 debant,
2427 829 2533 868 nec
2563 815 2777 868 aedium
2809 813 3257 885 amplitudinem
3281 811 3669 878 mirabantur,
3703 812 3806 867 sed

2155 903 2422 957 unanimi
2454 903 2568 958 fide
2600 904 2948 974 sinceraque
2977 901 3260 957 charitate
3304 904 3552 973 reperta,
3585 899 3804 957 incola-

2152 991 2238 1046 tui
2267 992 2518 1062 patriam
2553 994 2960 1064 posthabuere.

2221 1082 2276 1134 5.
2312 1084 2448 1135 Erat
2495 1098 2667 1152 porro
2717 1082 2888 1137 beata
2917 1079 3242 1153 Syncletica
3288 1095 3424 1134 cum
3475 1095 3687 1151 genere
3733 1079 3803 1134 il-

2151 1170 2378 1236 lustris,
2412 1175 2538 1226 tum
2571 1171 2702 1226 aliis
2733 1189 2860 1242 quae
2893 1171 3045 1225 inter
3071 1169 3199 1224 vitae
3222 1170 3531 1224 commoda
3560 1186 3801 1241 compu-

2151 1267 2352 1318 tantur
2383 1263 2692 1318 instructa.
2748 1265 2884 1318 Erat
2928 1261 3014 1316 illi
3065 1277 3230 1316 soror
3279 1277 3397 1314 una
3439 1276 3681 1317 concors
3731 1277 3796 1316 ac

2152 1353 2417 1422 ejusdem
2451 1353 2658 1420 animi,
2709 1356 2766 1406 et
2818 1352 3029 1407 fratres
3079 1351 3218 1416 duo,
3256 1349 3371 1421 ipsi
3423 1364 3657 1421 quoque
3686 1349 3806 1406 vita

2149 1441 2568 1498 honestissima
2618 1441 2871 1506 educati,
2903 1455 3156 1511 quorum
3187 1437 3334 1494 alter
3361 1442 3591 1494 zetatem
3625 1455 3804 1511 agens

2149 1530 2433 1603 puerilem
2482 1530 2636 1584 diem
2683 1528 2868 1597 obiit;
2916 1527 3066 1584 alter
3108 1543 3243 1585 vero
3292 1527 3392 1582 ubi
3454 1527 3800 1582 vicesimum

2148 1619 2420 1692 quintum
2451 1618 2645 1691 attigit
2675 1633 2920 1688 annum,
2953 1634 2986 1672 a
3037 1615 3384 1688 parentibus
3440 1616 3511 1671 ad
3561 1617 3800 1687 nuptias

2147 1709 2480 1765 destinatus
2509 1712 2618 1764 est.
2652 1709 2919 1779 Cumque
2949 1709 3146 1762 essent
3173 1705 3373 1762 omnia
3390 1705 3463 1760 ad
3487 1703 3546 1760 id
3578 1706 3797 1776 negotii

2147 1803 2371 1872 parata,
2400 1797 2817 1871 pactionesque
2846 1797 2916 1852 de
2949 1811 3110 1851 more
3141 1799 3340 1850 essent
3387 1794 3573 1865 facta),
3607 1793 3794 1850 evola-

371 1893 482 1944 κῶν
535 1885 968 1961 ἐκτελουμένων,
1019 1885 1232 1956 ἀπέπτη
1289 1887 1317 1940 ὁ
1368 1886 1487 1947 νέος
1537 1884 1717 1960 ὥσπερ
1759 1881 1942 1959 ὄρνεον
1979 1882 2031 1937 ἐκ

2149 1889 2228 1943 vit
2255 1887 2597 1943 adolescens
2613 1891 2899 1958 tanquam
2933 1885 3056 1940 avis
3079 1900 3146 1940 ex
3176 1883 3488 1956 laqueis,et
3516 1900 3795 1956 sponsam

380 1977 622 2053 βρόχων,
676 1974 1021 2052 ἀνταλλαγήν
1069 1976 1438 2048 ποιησάμενος
1482 1981 1582 2043 τῆς
1627 1971 1868 2047 ἐπιγείου
1899 1971 2031 2045 νύμ-

369 2088 504 2145 φης,
537 2067 637 2135 τήν
667 2066 900 2138 ἄμωμον
936 2062 1023 2119 καί
1055 2063 1339 2138 ἐλευθέραν
1370 2067 1478 2118 τῶν
1515 2063 1678 2139 άγίων
1713 2059 1958 2118 σύνοδον.

438 2159 492 2214 6.
526 2154 674 2225 Αὕτη
731 2151 788 2208 δὲ
839 2153 915 2208 ἔτι
949 2153 999 2208 ἐν
1052 2159 1171 2214 ταῖς
1222 2154 1500 2228 πατρῴαις
1531 2149 1793 2228 ἀγκάλαις
1825 2149 2030 2226 τυγχά-

368 2265 560 2314 νουσα,
605 2241 855 2322 φιλοθείᾳ
890 2243 984 2316 μὲν
1034 2243 1097 2297 τὸ
1145 2247 1359 2318 πρῶτον
1405 2244 1505 2311 τὴν
1552 2242 1736 2317 ψυχὴν
1787 2241 2028 2311 ἠσκεῖτο·

369 2333 460 2390 καὶ
496 2333 602 2410 οὐχ
647 2333 790 2387 οὕτω
821 2332 914 2394 τὰς
962 2336 1060 2387 τοῦ
1105 2333 1358 2405 σώματος
1407 2329 1721 2404 ἐπιμελείας
1767 2330 2028 2400 ἐποιεῖτο,

377 2423 452 2485 ὡς
482 2424 576 2484 τάς
606 2429 706 2492 τῆς
738 2420 948 2501 φύσεως
981 2422 1154 2496 ὁρμὰς
1189 2420 1458 2496 ἐπετήρει.

444 2515 499 2570 7.
533 2514 630 2566 Ἦν
663 2512 766 2587 γὰρ
817 2511 906 2565 καὶ
937 2510 1073 2565 κατᾶ
1117 2511 1178 2565 τὸ
1229 2514 1387 2583 σῶμα
1434 2507 1923 2585 περικαλλεστάτη,
1957 2509 2030 2571 ὡς

380 2601 469 2654 καὶ
527 2598 775 2661 πολλοὺς
833 2599 968 2672 αὐτῇ
1038 2605 1347 2675 μνηστῆρας
1407 2599 1680 2674 προσιέναι
1737 2597 1872 2652 κατᾶ
1927 2599 2026 2667 τήν

378 2690 602 2763 πρώτην
645 2688 884 2757 ἡλικίαν·
931 2692 1094 2742 τοῦτο
1141 2689 1234 2760 μὶν
1289 2688 1392 2743 ὑπὸ
1439 2695 1538 2757 τῆς
1586 2687 1895 2764 περιουσίας
1943 2683 2028 2742 δε-

381 2777 762 2850 λεαζομένους,
809 2782 971 2832 τοῦτο
1020 2775 1077 2832 δὲ
1126 2788 1214 2831 και
1267 2777 1369 2831 ὑπὸ
1406 2784 1505 2846 τῆς
1553 2781 1660 2831 τῶν
1694 2778 1898 2850 γονέων
1935 2797 2028 2830 κο-

377 2867 696 2935 σμιότητος,
729 2867 819 2920 καὶ
849 2867 985 2940 πρὸς
1018 2864 1105 2920 ἐπὶ
1147 2865 1362 2928 τούτοις
1409 2867 1495 2920 ὑπ’
1523 2865 1690 2934 αὐτῆς
1729 2872 1829 2934 τῆς
1860 2865 2028 2941 κόρης

373 2959 470 3010 τοῦ
502 2953 747 3016 κάλλους
778 2953 1193 3027 ἐξαπτομένους.
1229 2955 1326 3008 Καὶ
1373 2959 1502 3030 γοῦν
1553 2955 1603 3009 οἱ
1649 2959 1827 3030 γονεῖς
1859 2954 2028 3027 ἀσμέ-

372 3065 480 3106 νως
528 3044 930 3119 προετρέποντο
976 3045 1078 3113 τήν
1123 3045 1243 3098 νέαν
1303 3043 1377 3106 εἷς
1436 3045 1633 3120 γάμον,
1683 3043 1813 3098 αὐτὸ
1865 3047 2026 3098 τοῦτο

375 3133 698 3209 ἐπείγοντες,
730 3133 804 3194 ὡς
838 3132 889 3203 ἐξ
916 3131 1082 3202 αὐτῆς
1112 3135 1212 3202 τὴν
1249 3137 1347 3188 τοῦ
1391 3134 1578 3208 γένους
1631 3130 1896 3209 διαδοχήν
1932 3132 2025 3187 αὐ-

369 3228 484 3284 τοῖς
515 3221 880 3300 φυλαχθῆναι.
915 3223 979 3279 Ἡ
1011 3219 1069 3276 δὲ
1116 3223 1346 3300 σώφρων
1390 3222 1479 3277 καὶ
1529 3222 1745 3297 γενναία
1789 3222 1869 3295 τῷ
1900 3243 2026 3300 φρο-

2144 1979 2479 2032 terrestrem
2529 1992 2662 2031 cum
2715 1973 3014 2047 inculpato
3082 1973 3383 2044 liberoque
3451 1977 3792 2030 sanctorum

2145 2069 2295 2121 caatu
2326 2065 2730 2121 commutavit.

2213 2157 2265 2208 6.
2302 2159 2437 2227 Ipsa
2462 2171 2633 2227 porro
2674 2154 2815 2208 dum
2850 2152 3109 2224 paternis
3159 2151 3352 2207 adhuc
3403 2151 3560 2207 ulnis
3607 2151 3794 2207 hrere-

2143 2248 2253 2315 ret,
2281 2227 2400 2313 jam
2432 2243 2691 2315 primum
2724 2242 2990 2297 animum
3023 2241 3324 2297 exercebat
3354 2240 3410 2296 in
3446 2255 3642 2296 amore
3673 2242 3792 2308 Dei,

2143 2349 2246 2389 nec
2277 2337 2501 2388 tantam
2533 2331 2793 2404 corporis
2823 2347 3049 2398 curam,
3095 2334 3375 2401 quantam
3408 2329 3591 2385 animi
3623 2331 3792 2386 moti-

2142 2423 2253 2478 bus
2274 2420 2660 2477 observandis
2691 2419 3154 2474 sollicitudinem
3187 2418 3458 2491 ponebat.

2209 2513 2263 2566 7.
2295 2511 2430 2567 Erat
2460 2524 2716 2580 namque
2761 2509 2948 2565 forma
2993 2508 3255 2580 corporis
3308 2508 3788 2581 elegantissima;

2139 2601 2284 2656 adeo
2318 2605 2382 2656 ut
2411 2600 2522 2655 sub
2545 2599 2799 2671 primam
2831 2597 3286 2653 adolescentiam
3337 2597 3508 2652 multi
3557 2599 3628 2654 ad
3659 2616 3789 2654 eam

2140 2691 2482 2748 accederent
2509 2688 2688 2760 proci,
2722 2687 2936 2760 partim
2967 2687 3198 2758 Opibus,
3234 2687 3447 2759 partim
3481 2691 3791 2757 parentum

2140 2779 2425 2853 dignitate
2455 2777 2806 2851 permoti,ad
2837 2777 2958 2832 haec
2984 2776 3190 2848 puellae
3224 2775 3661 2848 pulchritudine
3693 2795 3788 2834 ac-

2139 2867 2318 2924 censi.
2354 2867 2472 2939 lpsi
2494 2883 2726 2938 quoque
2756 2869 3026 2938 parentes
3057 2865 3283 2938 placide
3302 2865 3682 2936 juvenculam
3714 2868 3787 2924 ad

2139 2957 2374 3029 nuptias
2417 2956 2856 3012 hortabantur:
2889 2972 2958 3011 ea
3005 2959 3199 3010 mente
3246 2955 3556 3025 instantes,
3604 2962 3670 3013 ut
3721 2974 3789 3014 ex

2135 3045 2237 3102 illa
2267 3045 2379 3102 sibi
2409 3046 2639 3117 generis
2685 3043 2980 3100 successio
3032 3047 3384 3115 superesset.
3437 3047 3508 3100 At
3555 3044 3656 3101 illa
3686 3063 3789 3119 pu-

2137 3136 2268 3192 dica
2297 3139 2354 3191 et
2385 3134 2582 3191 animo
2612 3149 2916 3207 generosa,
2966 3131 3303 3189 nullatenus
3347 3134 3639 3205 ejusmodi
3684 3153 3785 3208 pa-

2137 3229 2372 3282 rentum
2419 3222 2682 3280 consiliis
2729 3222 3212 3295 obtemperabat;
3265 3223 3532 3296 quinimo
3567 3226 3785 3283 auditis

472 3282 480 3284 -
526 3282 537 3300 .
665 3282 772 3297 ,νη
1210 3282 1248 3300 ι.
1541 3282 1552 3297 .
1842 3282 1852 3295 .
1912 3282 1948 3300 ..

370 3313 596 3384 νήματι,
647 3309 896 3373 οὐδόλως
945 3311 1243 3375 συνετίθετο
1290 3317 1408 3373 ταῖς
1457 3311 1731 3374 τοιαύταις
1781 3317 1886 3366 τῶν
1928 3332 2024 3387 γο-

2149 3313 2454 3369 mundanis
2485 3313 2729 3385 nuptiis,
2753 3282 2984 3368 divinas
3014 3282 3344 3385 cogitabat:
3378 3330 3443 3370 ac
3474 3313 3691 3371 multos
3715 3282 3782 3371 il;

369 3401 504 3455 νέων
563 3395 945 3473 συμϐουλίαις·
992 3397 1139 3455 ἀλλὰ
1192 3401 1366 3476 γάμον
1427 3401 1696 3456 ἀκούουσα
1735 3401 2022 3473 κοσμικὸν,

371 3489 544 3566 γάμον
603 3491 746 3544 θεῖον
804 3488 1118 3561 ἐφαντάζετο
1153 3508 1165 3521 ·
1227 3488 1315 3544 καὶ
1384 3489 1632 3552 πολλοὺς
1711 3497 2025 3565 μνηστῆρας

374 3581 690 3654 παρορῶσα,
752 3577 828 3640 εἷς
884 3577 1046 3651 μόνον
1095 3578 1186 3632 τὸν
1242 3577 1490 3653 οὐράνιον
1538 3579 1766 3654 νυμφίον
1819 3579 1935 3655 εἶχε
1962 3580 2025 3635 τὸ

374 3669 566 3738 νεῦμα.

445 3757 496 3810 8.
533 3754 631 3808 Καὶ
661 3754 725 3823 ἦν
763 3751 894 3808 ἰδεῖν
923 3759 1024 3824 τῆς
1078 3753 1340 3831 μακαρίας
1391 3753 1602 3826 Θέκλης
1654 3757 1879 3831 γνησίαν
1925 3779 2027 3830 μα-

375 3845 622 3918 θήτριαν,
652 3849 768 3904 τοῖς
814 3841 999 3904 αὐτοῖς
1049 3843 1216 3912 αὐτὴν
1269 3844 1541 3916 ἑπομένην
1586 3843 1896 3921 διδάγμασι.
1931 3846 2028 3900 Καὶ

373 3934 477 4008 γὰρ
506 3936 615 3987 τῶν
645 3930 742 3987 δύο
773 3933 846 3994 εἶς
881 3933 1130 4006 μνηστήρ
1179 3934 1247 4002 ἦν
1299 3934 1327 3986 ὁ
1358 3935 1606 4006 Χριστὸς,
1640 3935 1728 3989 καὶ
1774 3935 1931 3998 αὐτὸς
1963 3939 2028 4004 ἦν

369 4026 478 4075 τῶν
528 4021 850 4098 ἀμφοτέρων
903 4022 1269 4099 νυμφαγωγὸς
1327 4022 1562 4085 Παῦλος·
1625 4023 1777 4096 οἶμαι
1839 4023 1895 4078 δὲ
1941 4025 2031 4078 καὶ

369 4111 460 4165 τὸν
495 4109 741 4184 θάλαμον
802 4110 987 4172 αὐταῖς
1040 4111 1115 4184 μὴ
1175 4109 1545 4166 ἐναλλάττειν·
1598 4111 1671 4173 εἷς
1699 4114 1798 4188 γάρ
1845 4113 2031 4188 αὐταῖς

369 4200 570 4262 παστὸς
601 4201 636 4269 ἡ
671 4198 990 4270 Ἐκκλησία,
1042 4199 1132 4254 καὶ
1177 4201 1204 4254 ὁ
1255 4199 1413 4262 αὐτὸς
1459 4195 1626 4256 Δαῦὶδ
1681 4187 1921 4274 μελῳδεῖ
1952 4187 2034 4256 ἐπ’

369 4289 693 4365 ἀμφοτέρων
751 4289 811 4343 τὰ
860 4290 1035 4361 σεμνά
1081 4289 1170 4343 καὶ
1226 4294 1344 4352 θεῖα
1392 4284 1622 4362 ᾅσματα.
1678 4291 1774 4344 Καὶ
1828 4293 1930 4366 γάρ
1979 4291 2030 4344 ἐν

371 4373 681 4451 κυμϐάλοις
732 4377 958 4452 εὐήχοις
1004 4378 1190 4453 τέρπει
1237 4378 1334 4440 τὰς
1387 4383 1501 4451 Θεῷ
1549 4379 1886 4442 ἀνατεθείσας
1933 4384 2032 4455 ψυ-

375 4467 501 4542 χὰς,
535 4466 622 4520 καὶ
657 4464 708 4520 ἐν
739 4468 1043 4539 τυμπάνοις
1075 4467 1163 4521 καὶ
1210 4465 1260 4520 ἐν
1309 4465 1671 4543 δεκαχόρδοις
1704 4468 2034 4544 ψαλτηρίοις

372 4556 472 4623 τὴν
522 4553 871 4624 τελειοτάτην
933 4551 1081 4627 ᾠδὴν
1144 4556 1469 4628 ἀναπέμπει.
1531 4559 1756 4632 Μαριάμ
1813 4556 1869 4613 δὲ
1915 4564 2034 4620 τοῖς

2133 3403 2221 3460 los
2254 3403 2584 3475 despiciens
2615 3418 2842 3474 procos,
2871 3402 2931 3457 in
2965 3417 3152 3458 unum
3183 3400 3474 3460 caelestem
3495 3420 3779 3478 sponsum

2135 3496 2282 3550 nutu
2310 3496 2366 3550 et
2395 3492 2592 3549 animo
2621 3491 3040 3564 propendebat.

2209 3762 2263 3816 8.
2296 3761 2507 3818 Videre
2538 3764 2662 3817 erat
2693 3759 2871 3816 beata:
2900 3759 3128 3818 Thecla;
3158 3775 3499 3833 germanam
3533 3761 3796 3836 discipu-

2140 3851 2281 3922 lam,
2313 3851 2516 3906 eadcm
2550 3866 2726 3921 quam
2759 3849 2863 3904 illa
2891 3849 3247 3906 documenta
3275 3854 3798 3922 sequentem.Am-

2141 3940 2352 3994 barum
2386 3954 2644 4011 namque
2678 3955 2834 3993 unus
2865 3938 3172 4010 pronubus
3193 3943 3318 3994 erat
3348 3939 3799 4012 Christus,idem

2141 4028 2450 4083 ambarum
2483 4025 2923 4099 paranymphus
2947 4025 3123 4083 Palus
3156 4045 3168 4083 :
3205 4027 3348 4100 quin
3380 4045 3582 4085 earum
3609 4029 3796 4087 thala-

2144 4132 2309 4171 mum
2343 4114 2488 4170 nihil
2519 4115 2815 4170 diversum
2849 4116 3101 4172 arbitror
3133 4134 3145 4172 :
3180 4116 3254 4172 iis
3285 4117 3443 4173 enim
3466 4121 3799 4176 communis

2142 4209 2308 4260 torus
2337 4203 2620 4260 Ecclesia.
2654 4205 2900 4275 Ipseque
2930 4204 3112 4261 David
3163 4206 3234 4261 de
3285 4210 3555 4278 utraque,
3600 4209 3801 4280 gravia

2143 4293 2457 4365 divinaque
2484 4291 2714 4348 cantica
2745 4291 3102 4349 modulatur.
3131 4295 3190 4348 In
3223 4293 3508 4366 cymbalis
3541 4313 3799 4369 namque

2145 4383 2289 4439 bene
2318 4382 2668 4439 sonantibus
2699 4382 2954 4438 oblectat
2978 4383 3207 4438 animas
3256 4387 3367 4439 Deo
3399 4391 3793 4455 consecratas,

2144 4479 2200 4528 et
2221 4472 2278 4527 in
2310 4472 2606 4545 tympanis
2636 4489 2703 4528 ac
2736 4471 3116 4528 decachordis
3165 4472 3458 4544 psalteriis
3497 4475 3796 4545 perfectis-

2146 4563 2366 4618 simum
2412 4561 2625 4618 occinit
2680 4577 2932 4616 carmen.
2979 4561 3166 4618 Maria
3215 4577 3349 4618 vero
3395 4563 3580 4620 sacris
3632 4564 3793 4622 hisce

375 4645 544 4720 ἱεροῖς
592 4644 806 4705 τούτοις
861 4645 1058 4719 γάμοις
1115 4645 1210 4706 τὰς
1269 4646 1589 4720 χορευτρίας
1647 4647 1878 4722 εἰσάγει,
1939 4647 2028 4703 λέ-

2149 4651 2361 4724 nuptiis
2393 4651 2636 4707 choreas
2682 4649 2908 4705 inducit
2955 4650 3276 4707 dicentium
3313 4652 3638 4710 :Cantemus
3680 4659 3790 4712 Do-

377 4753 594 4808 γουσα.
654 4738 908 4805 ’ᾍσωμεν
987 4737 1066 4804 τῷ
1126 4733 1351 4808 Κυρίῳ·
1415 4732 1642 4805 ἐνδόξως
1710 4738 1813 4812 γάρ
1874 4734 2028 4792 δεδό-

377 4826 580 4895 ξασται.
617 4822 714 4875 Καὶ
766 4823 833 4875 τὰ
883 4816 990 4895 ὄψα
1038 4819 1095 4875 δέ
1147 4819 1244 4875 τοῦ
1295 4822 1440 4885 θείου
1485 4821 1701 4879 δείπνου
1733 4828 1888 4881 κοινά
1915 4833 2031 4890 τοῖς

378 4911 728 4984 ἐστιωμένοις
763 4929 775 4941 ·
840 4909 1102 4973 Γεύσασθε
1173 4911 1297 4986 γὰρ,
1356 4911 1445 4965 καὶ
1497 4909 1689 4982 ’ίδετε,
1745 4914 1827 4968 ὅτι
1887 4935 2030 4992 χρη-

376 5001 498 5063 στὸς
533 5001 561 5054 ὁ
615 4999 828 5075 Κύριος.
883 4999 980 5053 Καὶ
1027 5001 1061 5068 ἡ
1110 5004 1216 5054 τῶν
1268 5005 1546 5076 νυμφικῶν
1599 5000 1656 5056 δὲ
1703 5004 1886 5066 αὐταῖς
1935 5027 2028 5060 πε-

375 5085 734 5161 ριϐλημάτων
798 5088 896 5162 μία
952 5110 1034 5150 τις
1095 5089 1233 5166 ὑφή.
1292 5092 1444 5143 Ὅσοι
1505 5092 1606 5165 γάρ
1668 5091 1742 5154 εἷς
1799 5095 2028 5169 Χριστὸν

375 5175 769 5247 ἐϐαπτίσθησαν
827 5224 842 5249 ,
919 5177 1152 5253 Χριστὸν
1246 5175 1559 5234 ἐνεδύσαντο
1603 5224 1613 5234 .
1692 5181 2028 5258 Ὀμότροπος

375 5269 465 5323 οὖν
501 5267 688 5328 αὐταῖς
719 5270 782 5334 ἦν
818 5269 852 5336 ἡ
886 5267 1023 5341 πρὸς
1070 5266 1261 5341 Κύριον
1313 5267 1516 5342 ἀγάπη·
1568 5273 1675 5323 τῶν
1720 5272 1819 5345 γάρ
1853 5272 2028 5328 αὐτῶν

375 5359 625 5430 ἠξιοῦντο
660 5353 899 5430 δωρεῶν·
933 5353 1078 5410 ἀλλὰ
1109 5355 1197 5410 καὶ
1246 5361 1359 5416 τοῖς
1388 5355 1571 5418 αὐτοῖς
1622 5357 1822 5433 ἀγῶσιν
1857 5361 2029 5432 ἡμιλ-

377 5446 574 5503 λῶντο.
609 5444 683 5498 Τὰ
715 5445 809 5516 μὲν
841 5445 944 5519 γάρ
961 5450 1061 5513 τῆς
1090 5443 1354 5519 μακαρίας
1382 5443 1592 5516 Θέκλης
1626 5445 1801 5501 οὐδενὶ
1835 5450 2034 5525 ἠγνὸη·

378 5555 466 5591 ται
510 5531 798 5610 μαρτύρια,
859 5532 935 5588 ὡς
987 5530 1077 5587 διὰ
1124 5533 1294 5608 πυρὸς
1343 5534 1429 5588 καὶ
1477 5535 1680 5607 θηρίων
1731 5537 2028 5602 ἀτιθάσσων

461 5758 506 5794 ⁵⁸
531 5757 712 5816 Exod.
746 5775 837 5817 xv.
871 5759 921 5815 1.
997 5757 1041 5795 ⁵⁷
1072 5757 1228 5818 Psal.
1260 5774 1460 5828 χχχιιι,
1488 5759 1542 5815 9.
1581 5759 1624 5795 ⁸⁸
1655 5759 1844 5833 Galat,
1877 5781 1963 5836 ιιι,
1993 5765 2085 5820 27.

2138 4757 2328 4803 mmo;
2371 4739 2628 4812 gloriosa
2678 4741 2826 4795 enim
2875 4741 3264 4811 magniﬁcatus
3311 4745 3392 4797 est
3441 4742 3506 4799 ⁸⁸.
3556 4743 3796 4799 Fercula

2141 4847 2376 4903 quoque
2426 4829 2633 4885 divina:
2685 4847 2884 4900 coenae,
2949 4829 3287 4886 communia
3347 4830 3722 4904 epulantibus
3779 4851 3792 4889 :

2139 4923 2370 4976 Gustata
2398 4918 2576 4989 enim,
2628 4919 2837 4989 inquit,
2870 4927 2921 4974 et
2953 4918 3129 4975 videte
3180 4922 3442 4992 quoniam
3487 4924 3676 4978 suavis
3719 4932 3798 4980 est

2141 5010 2404 5064 Dominus
2454 5009 2517 5063 ⁵⁷.
2570 5007 2852 5064 Praeterea
2901 5008 3267 5081 sponsalium
3312 4998 3794 5069 indumentorum

2143 5115 2258 5154 una
2290 5097 2524 5169 utrique
2554 5101 2784 5153 textura
2815 5102 2938 5153 erat
2963 5116 2974 5154 :
3003 5099 3342 5172 Quicumque
3364 5100 3517 5155 enim
3543 5103 3602 5155 in
3635 5101 3788 5157 Chri‘

2140 5197 2226 5243 sto
2262 5189 2542 5258 baptz’zati
2568 5195 2716 5255 sunt,
2753 5190 3038 5244 Christum
3070 5189 3374 5245 induerunt
3414 5190 3478 5245 ⁵⁸.
3518 5191 3626 5246 Par
3654 5191 3795 5248 item

2139 5277 2255 5331 illis
2287 5291 2424 5347 erga
2451 5276 2761 5332 Dominum
2795 5277 3302 5347 charitas,eisdem
3340 5279 3557 5351 quippe
3590 5297 3792 5336 mune-

2143 5367 2306 5420 ribus
2337 5371 2553 5420 ornatm
2583 5370 2748 5419 erant
2782 5384 2794 5420 :
2833 5369 2947 5421 imo
2974 5369 3151 5422 etiam
3202 5369 3410 5424 iisdem
3460 5369 3796 5424 certamini-

2145 5456 2250 5509 bus
2283 5455 2735 5509 contendebant.
2762 5455 2830 5508 Et
2860 5457 3099 5526 quidem
3126 5459 3304 5513 beatae
3323 5457 3545 5513 Theclas
3577 5459 3798 5514 nemini

2141 5544 2410 5616 ignotum
2442 5543 2790 5623 martyrium
2823 5548 2880 5600 et
2907 5547 3224 5619 cruciatus,
3258 5549 3412 5619 quod
3446 5564 3551 5621 per
3603 5547 3795 5618 ignem
