4162 6398
393 442 535 499 191

1562 428 1627 491 s.
1667 414 2170 491 ’ATHANASIUS
2227 460 2297 472 —
2340 427 2649 488 suum.

3660 432 3801 492 1492

385 567 657 641 fersaque
686 565 1006 623 indomitas
1033 563 1414 620 decertavcrit
1445 579 1458 619 :
1492 579 1597 618 nec
1617 561 1795 633 hujus
1817 576 2048 632 quoque

2173 556 2323 625 ιῦτῆν
2376 555 2756 635 ἐνηθλίηκξναιο
2807 559 2897 614 καὶ
2943 558 3144 629 τασότης
3194 558 3326 622 τοὺς
3391 558 3664 637 ἐναρετους
3710 562 3803 618 πό·

384 658 621 715 virtutis
650 674 826 713 causa
858 659 1162 725 susceptos
1194 652 1425 709 labores
1448 648 2045 723 sudoresque,multis

384 749 564 804 latere
590 745 884 801 existimo.
916 747 1058 798 Cum
1092 742 1248 798 enim
1276 758 1430 797 unus
1461 741 1547 796 eis
1578 738 1841 795 Salvator
1868 741 2042 806 esset,

384 837 555 907 cujus
584 834 875 890 desiderio
908 829 1599 905 ﬂagrabant,necessario
1633 846 1786 884 unus
1809 844 2039 900 quoque

385 925 503 981 illis
532 930 659 980 erat
689 922 1060 978 adversarius
1091 920 1383 975 diabolus.
1420 923 1490 974 Ac
1536 918 1773 990 quidem
1808 918 1865 972 in
1899 917 2050 972 The-

386 1015 477 1070 cla
508 1011 771 1067 mitiores
822 1011 970 1065 6Ιῖ
1008 1009 1192 1063 fuisse
1230 1007 1460 1063 labores
1507 1006 1795 1061 existimo.
1855 1009 2043 1076 Expu-

388 1106 567 1176 gnata
607 1100 823 1172 quippe
869 1098 975 1153 fuit
1043 1097 1269 1152 inimici
1316 1096 1563 1161 malitia,
1619 1112 1718 1167 per
1761 1095 2049 1150 exteriora

390 1208 527 1247 cum
560 1206 628 1246 ea
673 1186 969 1260 congressi
1003 1186 1137 1254 ;bic
1187 1203 1319 1241 vero
1364 1186 1721 1240 acerbiorem
1769 1184 2047 1256 prodebat

395 1278 704 1344 malitiam,
740 1276 1014 1331 interiore
1047 1292 1242 1348 pugna
1273 1292 1374 1346 per
1420 1273 1696 1329 exitiosae
1737 1273 2048 1345 cogitatio-

396 1386 499 1425 nes
529 1383 897 1437 congressus.

464 1458 517 1512 9.
551 1457 677 1512 Non
709 1454 1011 1511 fascinavit
1040 1452 1243 1508 oculos
1275 1453 1405 1523 ejus
1430 1451 1696 1523 pretiosas
1723 1451 1901 1507 vestis
1932 1455 2050 1505 tex-

395 1552 547 1615 tura,
579 1560 768 1616 neque
800 1560 1169 1615 gemmarum
1218 1542 1358 1596 varii
1410 1543 1637 1597 colores
1668 1557 1681 1595 :
1719 1558 1831 1595 non
1878 1558 2051 1595 aures

394 1639 524 1708 ejus
553 1632 887 1707 cymbalum
920 1631 1368 1704 decepit,neque
1399 1630 1545 1685 tibia
1576 1629 1758 1684 animi
1793 1629 2048 1699 vigorem

394 1724 616 1780 solvere
648 1724 840 1794 potuit
872 1737 884 1776 :
921 1738 1037 1776 non
1063 1725 1372 1793 parentum
1398 1719 1815 1788 lacrymas,non
1847 1736 2053 1788 cogna-

392 1819 585 1869 torum
620 1811 839 1883 qumvis
869 1808 1195 1865 cohortatio
1226 1810 1357 1877 ejus
1407 1805 1695 1863 emollivit
1742 1805 2050 1874 animum;

2152 667 2277 709 νους
2306 667 2366 700 τε
2413 648 2501 701 xui
2556 646 2787 723 ἱδρῶτας
2835 649 2987 721 οἶμαι
3038 648 3166 710 τοὺς
3216 648 3471 712 πολλοὺς
3516 651 3589 723 μή
3620 650 3801 716 λανθά-

2152 756 2281 793 νειν.
2311 734 2377 789 E’.‘
2403 736 2503 811 γάρ
2536 737 2612 797 εἷς
2668 738 2864 812 Σωτὴρ
2895 740 2960 807 ἦν
2993 737 3178 800 α·5ταῖς
3209 738 3237 791 6
3268 737 3632 810 ποθοιόμενος,
3664 740 3804 817 ἀναγ-

2153 823 2323 887 καίως
2370 824 2459 879 καὶ
2506 825 2579 887 ετς
2632 824 2818 888 αὐταῖς
2867 827 2895 881 6
2945 826 3424 900 ἀντιτασσόμενος.
3479 828 3577 881 Καὶ
3623 832 3688 902 τῇ
3722 831 3806 903 μὲν

2155 910 2335 987 Θέκλῃ
2391 914 2724 991 πραϋτέρους
2781 911 3157 989 ὑπολαμϐάνω
3207 916 3341 977 τοὺς
3394 915 3590 978 πόνους
3623 937 3634 948 ·
3692 921 3807 973 καθ-

2154 1001 2336 1075 ῄρητο
2366 1004 2467 1078 γάρ
2500 1005 2535 1072 ἠ
2566 1008 2664 1058 τοῦ
2713 1003 2916 1081 ἐχθροῦ
2964 1005 3143 1069 κακία,
3198 1003 3290 1059 διά
3340 1009 3449 1059 τῶν
3503 1004 3651 1069 ἐκτὸς
3684 1006 3805 1082 αὐτῇ

2155 1091 2658 1166 προσομιλοῦντοςο
2712 1092 2938 1157 ἐνταῦθα
2990 1091 3047 1148 δὲ
3095 1091 3426 1168 δριμυτέραν
3479 1096 3667 1149 ἑαυτοῦ
3718 1097 3803 1164 τήν

2156 1178 2343 1233 κακίαν
2395 1178 2780 1249 ἐπιδείκνυται,
2815 1181 2874 1236 ἐκ
2919 1186 3027 1236 τῶν
3082 1179 3232 1236 ἔνδον
3279 1179 3369 1236 διά
3420 1187 3530 1237 τῶν
3577 1181 3806 1238 ἐναντίων

2157 1268 2246 1323 καὶ
2279 1268 2542 1344 ὀλεθρίων
2578 1270 2774 1325 ἑαυτοῦ
2807 1267 3086 1347 λογισμῶν
3119 1271 3462 1343 κινούμενος.

2228 1449 2283 1502 9.
2317 1446 2432 1503 Οὐκ
2474 1446 2792 1522 ὲγοήτευσεν
2839 1446 3003 1516 αὐτῆς
3047 1448 3110 1502 τὸ
3156 1442 3315 1521 ὄμμα
3366 1448 3630 1518 ποικίλης
3672 1448 3813 1518 ἐσθῆ-

2158 1555 2251 1596 τος
2302 1536 2431 1613 ὑφή,
2484 1534 2609 1591 οὐδὲ
2660 1535 2826 1591 λίθων
2873 1536 3195 1593 πολυτελῶν
3248 1535 3486 1616 διάφορα
3535 1539 3811 1614 χρώματα·

2161 1624 2261 1678 οὐκ
2291 1623 2566 1693 ἠπάτησεν
2602 1624 2767 1693 αὐτῆς
2794 1625 2894 1694 τήν
2947 1627 3114 1694 άκοήν
3165 1623 3484 1701 κύμϐαλον,
3519 1624 3630 1681 οὐδ’
3662 1624 3817 1688 αὐλὸς

2161 1709 2414 1767 διαλῦσαι
2445 1710 2731 1783 δεδύνηται
2760 1714 2852 1768 τὸν
2901 1720 3001 1783 τῆς
3056 1718 3243 1791 ψυχῆς
3300 1714 3471 1785 αὐτῆς
3501 1717 3677 1770 τόνον.
3717 1715 3821 1773 Οὐκ
3873 1780 3887 1795 ο

2162 1800 2428 1873 ἐμάλαξεν
2457 1800 2624 1870 αὖτῆν
2670 1802 2872 1877 γονέων
2927 1800 3152 1879 δάκρυα,
3203 1802 3337 1860 οὐδὲ
3388 1804 3544 1879 ἑτέρα
3588 1826 3669 1867 τις
3698 1825 3820 1880 συγ-

394 1902 494 1958 sod
518 1898 903 1956 adamantina
925 1900 1118 1952 mente
1140 1897 1833 1966 instructa,nequaquam
1856 1894 2053 1948 animo

2173 1894 2335 1964 γενῶν
2387 1890 2732 1965 παραίνεσιςο
2781 1890 2909 1947 ἀλλ’
2956 1891 3138 1969 ὥσπερ
3188 1890 3472 1967 ἀδάμαντα
3515 1895 3606 1950 τὸν
3657 1892 3818 1968 λογι-

2246 1978 2258 1991 ι
2361 1973 2386 1995 Ἰ
2684 1980 2697 1995 9
2996 1982 3007 1995 ι
3186 1984 3199 1995 ι
3364 1981 3393 1993 ο
3575 1983 3589 1995 ι
3663 1978 3688 1995 ul

396 1990 582 2045 fracta
622 1992 757 2043 est:
793 1990 1156 2057 cunctosque
1200 2000 1413 2039 sensus
1462 2000 1624 2053 suos,
1676 1984 1842 2054 quasi
1896 1984 2051 2037 fene-

396 2085 551 2136 stras
580 2077 1059 2146 occludens,cum
1089 2075 1318 2147 Sponso
1341 2090 1446 2129 suo
1479 2073 1725 2129 seorsim
1762 2072 2055 2146 colloque-

380 2170 592 2234 rbatur,
627 2165 717 2222 his
748 2164 1060 2237 Scripturae
1085 2163 1278 2218 verbis
1313 2179 1417 2218 usa
1450 2178 1462 2218 :
1502 2166 1611 2232 Ego
1660 2163 1863 2218 dilecto
1911 2179 2053 2231 meo,

397 2265 451 2313 et
477 2255 705 2312 dilectus
734 2269 887 2309 meus
908 2253 1048 2308 mihi
1070 2252 1216 2306 “.At
1246 2250 1345 2306 ubi
1380 2252 1620 2306 fumosae
1647 2251 2057 2323 tenebosaeque

398 2342 903 2402 confabulationes
943 2340 1351 2407 occurrebant,
1383 2355 1482 2395 eas
1518 2339 1938 2410 refugiebat,ad
1965 2339 2055 2394 in-

399 2438 569 2490 terna
597 2431 779 2487 animi
812 2428 1084 2487 cubicula
1115 2445 1243 2484 sese
1273 2428 1582 2500 recipiens.
1637 2428 1743 2484 Ubi
1793 2445 1924 2484 vero
1970 2428 2057 2484 lu-

398 2524 541 2581 cidas
602 2524 1035 2594 fruetuosaaque
1100 2520 1541 2576 adhortationes
1613 2521 2054 2592 comparebant,

397 2618 581 2670 totam
628 2611 921 2685 pandebat
962 2614 1241 2677 mentem,
1290 2613 1355 2663 ut
1407 2607 1600 2664 oblata
1647 2608 1824 2664 verba
1865 2607 2057 2664 susci-

403 2708 588 2776 peret.

481 2881 565 2936 10.
633 2878 833 2950 Neque
877 2891 1012 2931 vero
1060 2873 1390 2947 negligehat
1436 2873 1752 2929 salutarem
1802 2873 2062 2946 corporis

408 2967 698 3026 medelam
727 2983 741 3035 ;
776 2980 912 3021 nam
943 2962 1024 3019 ita
1044 2962 1255 3035 jejunii
1288 2978 1496 3019 amans
1526 2964 1671 3029 erat,
1720 2966 1787 3017 ut
1816 2979 1885 3017 ex
1914 2978 2062 3036 pra:-

408 3057 680 3117 sentibus
712 3054 859 3112 nihil
891 3054 1002 3128 ipsi
1037 3070 1144 3128 par
1172 3057 1348 3111 esset.
1381 3051 1530 3108 Illud
1567 3069 1778 3127 nempe
1828 3069 1932 3126 pro
1963 3070 2063 3109 cu-

408 3147 600 3206 stodia
642 3145 917 3212 habebat,
981 3146 1037 3199 et
1096 3160 1201 3216 pro
1270 3142 1655 3200 fundamento
1720 3146 2062 3200 caeterorum

409 3235 700 3294 omnium.
733 3237 816 3289 Ac
847 3233 893 3290 si
929 3232 1165 3305 quando
1220 3232 1569 3289 necessitate
1613 3236 1856 3304 cogente
1905 3237 2067 3289 extra

2162 1978 2299 2049 σμὸν
2360 1973 2583 2054 ἔχουσα,
2642 1980 2704 2035 οὗ
2761 1982 3091 2054 παρετράπη
3145 1984 3238 2037 τὸν
3296 1981 3448 2039 νοῦν·
3502 1983 3591 2037 καὶ
3651 1978 3818 2060 ὥσπερ

2163 2064 2380 2143 θυρίδας
2449 2068 2545 2130 τὰς
2604 2068 2776 2131 πάσας
2834 2069 3115 2140 αἰσθήσεις
3182 2071 3353 2141 αὐτῆς
3415 2070 3820 2137 ἀποκλείουσα,

2163 2159 2243 2227 τῷ
2292 2157 2486 2225 έαυτῆς
2534 2157 2754 2235 νυμφίῳ
2806 2159 3117 2231 καταμόνας
3165 2159 3543 2235 προσωμίλει,
3591 2160 3653 2214 τὸ
3693 2179 3822 2235 γρα-

2172 2245 2328 2317 φικὸν
2384 2244 2559 2300 ἐκεῖνο
2611 2245 2867 2322 λέγουσα’
2926 2250 3016 2310 Ὠς
3074 2247 3185 2324 ἐγὼ
3238 2254 3319 2321 τῷ
3369 2247 3650 2328 ἀδελφιδῷ
3704 2269 3822 2321 μου,

2168 2332 2259 2388 καὶ
2319 2335 2347 2389 ὁ
2408 2331 2702 2413 ἀδελφιδός
2762 2357 2866 2410 μου
2924 2335 3067 2410 ἐμοί.
3131 2337 3227 2393 Καὶ
3287 2337 3333 2393 εί
3399 2340 3496 2412 μὲν
3538 2334 3823 2397 καπνώδεις

2165 2422 2254 2477 καὶ
2330 2424 2599 2479 σκοτειναὶ
2660 2424 2873 2498 ὁμιλίαι
2933 2433 3178 2502 παρῆσαν
3207 2473 3221 2494 ,
3272 2427 3476 2490 ταῦτας
3543 2427 3819 2505 ἀπέφευγε,

2165 2516 2283 2574 τοῖς
2343 2509 2490 2567 ἔνδον
2548 2513 2795 2585 ταμείοις
2843 2521 2945 2585 τῆς
3001 2518 3189 2592 ψυχῆς
3248 2516 3447 2587 ἑαυτὴν
3509 2514 3818 2593 συνάγουσαο

2169 2600 2306 2657 ὅπου
2337 2598 2395 2656 δὲ
2426 2603 2681 2678 φωτειναὶ
2730 2603 2819 2658 καὶ
2865 2603 3167 2683 ἐπωφελεῖς
3220 2608 3567 2681 παραινέσεις
3607 2604 3821 2681 ἐτύγχα-
3861 2617 3872 2630 ‘

2168 2711 2283 2758 vov,
2324 2696 2495 2744 πᾶσαν
2528 2691 2722 2761 εαυτῆς
2769 2693 2868 2761 τὴν
2912 2690 3149 2748 διάνοιαν
3175 2690 3344 2750 ἔτεινε
3374 2696 3514 2771 πρὸς
3548 2690 3820 2769 ὑποδοχήν

2167 2781 2276 2833 τῶν
2311 2776 2649 2854 λεγομένων.

2246 2879 2332 2932 10.
2366 2875 2481 2933 Οὐκ
2527 2877 2725 2949 ἠμέλει
2780 2875 2838 2933 δὲ
2880 2878 2971 2934 καὶ
3017 2884 3114 2934 τοῦ
3162 2881 3297 2935 κατᾶ
3344 2880 3409 2937 τὸ
3461 2886 3622 2956 σῶμα
3654 2900 3827 2947 σωτη-

2174 2964 2293 3039 ρίου
2332 2966 2638 3044 φαρμάκου·
2689 2969 2875 3037 τήνπτε
2906 2968 3011 3045 γάρ
3054 2967 3302 3037 νηστείαν
3355 2970 3536 3032 οὕτως
3569 2970 3716 3045 οεῗχε
3746 2965 3827 3043 φί-

2174 3050 2306 3124 λην,
2345 3053 2419 3116 ὡς
2456 3053 2661 3127 μηδένα
2710 3055 2845 3129 αὐτῇ
2894 3061 3002 3112 τῶν
3053 3057 3337 3134 παρόντων
3374 3057 3491 3114 ἴσον
3521 3057 3825 3135 τυγχάνειν.

2176 3141 2437 3211 Φυλακήν
2470 3144 2569 3220 γάρ
2600 3145 2688 3198 καὶ
2723 3144 2975 3217 θεμέλιον
3003 3145 3204 3217 ταύτην
3249 3149 3440 3222 ἡγεῖτο
3480 3152 3586 3203 τῶν
3626 3145 3826 3202 ἄλλων.

2178 3230 2274 3287 Καὶ
2336 3228 2390 3287 εἷ’
2435 3253 2567 3288 ποτε
2626 3232 2860 3310 ἀνάγκης
2913 3233 3219 3309 γενομένης
3279 3238 3426 3312 παρᾶ
3484 3237 3576 3292 τὸν
3635 3235 3831 3304 συνῆοη

409 3328 753 3383 consuetam
785 3322 990 3379 horam
1034 3320 1256 3395 aliquid
1290 3320 1555 3377 alimenti
1586 3324 1867 3390 sumeret,
1895 3338 2060 3380 secus

2176 3321 2362 3394 καιρὸν
2413 3320 2638 3398 ἐτράφη,
2683 3323 2746 3376 τὸ
2795 3321 3030 3378 ἐναντίον
3086 3324 3340 3402 ὑφίστατο
3389 3332 3511 3388 τοῖς
3555 3324 3834 3380 ἐσθίουσιν·

405 3414 489 3471 illi
540 3431 606 3471 ac
654 3411 1101 3470 comedentibus
1159 3411 1504 3467 accidebat:
1540 3409 1799 3484 pallebat
1847 3411 2064 3484 quippe

399 3504 624 3575 vultus,
656 3502 1041 3576 corporisque
1085 3500 1270 3556 moles
1304 3499 1703 3556 minuebatur.
1754 3500 1901 3558 Nam
1938 3517 2061 3557 mo-

395 3597 565 3651 vente
596 3591 965 3659 contristato,
1002 3606 1119 3646 una
1150 3589 1506 3645 immutatur
1554 3592 1614 3644 et
1652 3587 1984 3661 languescit
2006 3589 2061 3644 id

396 3683 553 3757 quod
588 3685 854 3738 movetur
872 3697 895 3743 ;
927 3678 1189 3752 quolibet
1221 3678 1379 3735 enim
1400 3678 1573 3735 modo
1595 3677 1950 3750 principium
1977 3679 2064 3734 af-

403 3773 620 3829 fectum
653 3770 984 3841 fuerit,quss
1016 3785 1087 3824 ex
1110 3768 1212 3824 illo
1242 3768 1500 3840 pendent
1529 3766 1655 3840 pari
1680 3767 1905 3823 ratione
1927 3768 2064 3823 sub-

402 3858 995 3933 sequuntur.0uibus
1027 3873 1281 3929 namque
1309 3857 1549 3912 oblatus
1580 3857 1749 3913 cibus
1776 3856 2063 3930 voluptati

401 3953 511 4013 est,
536 3949 608 4004 iis
637 3956 881 4020 vegetus
914 3945 1178 4018 corporis
1208 3944 1448 4001 habitus
1474 3949 1563 4001 est
1597 3963 1611 4014 ;
1643 3945 1742 4018 qui
1763 3949 1968 4003 contra
1983 3948 2067 4002 af-

405 4037 583 4107 li‘ecti,
616 4036 688 4092 iis
721 4052 853 4092 caro
880 4035 1071 4091 macie
1102 4035 1367 4090 confecta
1396 4039 1452 4089 et
1468 4034 1663 4090 tenuis
1681 4037 1790 4090 est.
1812 4035 1953 4091 Mihi
1981 4036 2064 4091 lo-

407 4128 609 4203 quenti
640 4127 813 4183 iidem
850 4126 1071 4183 faciunt
1102 4126 1345 4182 inﬁrmi.
1368 4130 1497 4182 Haec
1528 4125 1714 4199 igitur
1741 4127 1913 4184 beata
1942 4127 2064 4184 Vir-

406 4235 479 4292 go
508 4235 638 4274 cum
672 4216 989 4289 elanguido
1016 4232 1146 4273 esse
1172 4232 1414 4289 corpore
1444 4220 1699 4285 curaret,
1737 4217 1947 4273 anima:
1978 4216 2064 4272 vi-

406 4323 608 4380 gorem
661 4308 1025 4381 prasl'erebat,
1070 4305 1251 4379 idque
1279 4306 1452 4377 juxta
1494 4305 1760 4379 Apostoli
1792 4306 2011 4362 dictum
2046 4322 2061 4362 :

409 4402 633 4470 Quanto
656 4398 706 4453 is
734 4398 831 4470 qui
857 4395 1000 4470 foris
1019 4402 1098 4451 est
1126 4403 1310 4451 noster
1339 4395 1495 4450 homo
1510 4396 2066 4466 corrumpitur,mnto

404 4500 454 4540 ιε
483 4485 583 4556 qui
608 4486 758 4540 intus
789 4490 1202 4548 est,renovatur
1229 4482 1390 4537 6°.Ita
1421 4482 1603 4556 igitur
1632 4482 2065 4555 ejusmodieer-

403 4577 599 4629 tamen
632 4573 825 4628 inibat
855 4577 921 4627 ut
952 4571 1107 4644 vulgi
1141 4571 1330 4627 oculis
1362 4570 1585 4627 lateret.

478 4662 893 4734 lt.Postquam
925 4677 1058 4715 vero
1088 4664 1361 4735 parentes
1382 4660 1512 4730 ejus
1540 4659 1716 4714 ﬁnem
1733 4658 1963 4714 vivendi
1994 4660 2069 4715 fe-
2097 4668 2144 4733 D

407 4754 629 4819 cerant,
663 4750 885 4820 majore
915 4750 1017 4805 Dei
1052 4747 1312 4820 impulsu
1347 4752 1630 4821 permota,
1665 4764 1835 4802 suam
1866 4765 2066 4804 secum

413 4838 599 4896 sumit
628 4853 912 4904 sororem,
944 4854 1069 4909 quae
1097 4841 1221 4892 erat
1250 4853 1455 4907 expers
1476 4834 1780 4892 oculorum
1816 4854 1927 4892 usu
1954 4855 1965 4891 :
1988 4854 2073 4894 re-

414 4930 669 5002 lictaque
703 4932 947 5002 paterna
979 4928 1152 4982 domo
1183 4928 1240 4982 in
1284 4928 1710 5002 consanguinei
1759 4930 2069 5002 cujusdam

416 5022 866 5076 monumentum
894 5016 1219 5087 ingreditur
1239 5017 1311 5072 ab
1346 5018 1487 5071 urbe
1501 5022 2073 5091 remotum,cumque

413 5108 523 5165 sibi
559 5106 763 5165 relicta
796 5107 969 5173 bona,
1001 5106 1239 5161 vendita
1270 5106 1629 5179 pauperibus
1650 5106 2072 5180 distribuisset,

412 5195 594 5252 accito
620 5195 872 5269 quodam
894 5193 1490 5268 presbytero,comam
1515 5192 1624 5249 sibi
1645 5194 1856 5267 capitis
1878 5199 2071 5251 toton-

414 5286 519 5342 dit.
562 5287 727 5342 Tune
768 5288 1038 5341 ornatum
1093 5300 1326 5338 omnem
1373 5287 1431 5338 et
1480 5283 1765 5338 mundum
1818 5284 2071 5357 abjecit;

417 5374 611 5432 solent
641 5374 798 5431 enim
832 5373 1131 5441 mulieres,
1164 5372 1445 5428 mundum
1480 5371 1775 5445 appellare
1808 5372 2071 5446 capillos,

494 5560 545 5597 ⁸⁸
575 5563 737 5618 Cant.
772 5577 835 5631 ιι,
871 5561 956 5618 16.
1036 5559 1088 5616 II
1120 5560 1249 5617 Cor.
1283 5574 1361 5629 ιν,
1396 5559 1485 5615 16.

502 5730 613 5802 (77)
646 5727 740 5784 Sic
766 5726 1013 5784 Cotaler.
1041 5728 1348 5787 Combefls.
1376 5745 1510 5787 vero
1539 5721 2023 5806 κορυϐαντιάσασα.

2173 3410 2356 3487 ὠχρία
2384 3412 2486 3487 γάρ
2518 3411 2686 3481 αὐτῆς
2734 3411 2797 3466 τὸ
2841 3411 3158 3487 πρόσωπον,
3199 3415 3288 3468 καὶ
3336 3416 3657 3470 συνέπιπτεν
3690 3414 3717 3468 ὁ
3746 3415 3836 3465 τοῦ

2174 3500 2429 3573 σώματος
2457 3495 2639 3576 ὄγκοςο
2672 3504 2770 3556 τοῦ
2818 3501 2918 3578 γὰρ
2961 3506 3242 3565 κινοῦντος
3292 3500 3669 3574 ἀηδισθέντος,
3720 3522 3833 3556 συνο

2174 3587 2497 3643 αλλοιοῦται
2545 3588 2634 3643 καὶ
2664 3590 2727 3644 τὸ
2773 3590 3116 3663 κινούμενον.
3149 3594 3336 3654 Ὅπως
3387 3598 3494 3668 γάρ
3536 3592 3596 3648 ἂν
3625 3594 3659 3662 ἡ
3691 3589 3831 3666 ἀρχὴ

2176 3674 2420 3751 διατεθῇ,
2456 3677 2530 3739 ὡς
2580 3676 2772 3733 ἐπίπαν
2825 3678 3115 3734 ἀκολουθεῖ
3160 3679 3327 3754 ταύτῃ
3380 3682 3469 3736 καὶ
3518 3682 3586 3738 τὰ
3629 3679 3689 3736 ἐκ
3715 3676 3830 3732 ταῦ-

2172 3784 2275 3834 της
2307 3766 2611 3840 ἠρτημένα.
2645 3766 2741 3827 (λῖς
2790 3766 2885 3839 μὶν
2936 3769 3036 3843 γάρ
3068 3770 3103 3837 ἡ
3134 3770 3310 3846 τροφή
3341 3770 3431 3824 καὶ
3461 3768 3667 3838 ἡδονὴν
3699 3765 3833 3844 γίνε-

2171 3873 2260 3909 ται
2308 3854 2398 3909 καὶ
2449 3855 2831 3933 προσφέρεται,
2886 3855 3122 3926 εὐθαλὴς
3169 3859 3196 3912 6
3239 3862 3338 3913 τοῦ
3388 3860 3646 3934 σώματος
3679 3852 3837 3929 ὄγκος

2176 3941 2339 4000 ἐστίν·
2403 3945 2488 4005 οἷς
2547 3941 2606 3998 δὲ
2660 3944 2723 4000 τὸ
2780 3943 3012 4000 ἐναντίον
3072 3942 3394 4019 συμϐαίνει,
3457 3949 3700 4024 ἄτροφος
3755 3939 3840 3997 καὶ

2175 4031 2348 4107 λεπτή
2380 4035 2415 4102 ἡ
2452 4033 2579 4109 σάρξ
2610 4032 2892 4110 τυγχάνει.
2931 4037 3286 4112 Μαρτυροῦσι
3338 4033 3543 4111 δέιμου
3584 4037 3664 4108 τῷ
3695 4033 3839 4108 λόγῳ

2176 4123 2228 4177 οἳ
2260 4121 2553 4198 ἄρῥωστοιο
2585 4124 2649 4179 Ἦ
2699 4128 2830 4199 γοῦν
2880 4123 3119 4200 μακαρία
3165 4124 3324 4196 αὕτη,
3378 4126 3692 4195 νοσηλεύειν
3729 4141 3838 4175 πει-

2176 4210 2395 4288 ρωμένη
2456 4210 2519 4267 τὸ
2573 4216 2752 4285 σῶμα,
2813 4213 2882 4288 τῇ
2935 4216 3088 4290 ψυχῇ
3137 4214 3200 4270 τὸ
3251 4215 3466 4279 εὐανθὲς
3502 4211 3675 4295 ἔφερε·
3709 4208 3838 4266 κατὰ

2173 4302 2276 4377 γὰρ
2324 4300 2415 4355 τὸν
2466 4300 2805 4357 Ἀπόστολον
2854 4301 3085 4378 λέγοντα
3135 4301 3415 4380 ἔπραττεν·
3457 4307 3614 4378 ’Ὀσῳ
3661 4303 3762 4378 γὰρ
3810 4299 3838 4352 ὁ

2175 4385 2366 4460 ἔξωθεν
2425 4391 2587 4461 ἡμῶν
2648 4391 2933 4466 ἄνθρωπος
3002 4392 3321 4470 φθείρεται,
3383 4395 3537 4471 φησῗν
3577 4438 3591 4460 ,
3647 4392 3840 4448 τοσοῦ-

2173 4498 2267 4533 τον
2323 4478 2351 4533 6
2410 4476 2556 4533 ἔνδον
2620 4479 3032 4535 ἀνακαινοῦται.
3094 4481 3252 4537 Οῧτω
3315 4483 3408 4555 μὲν
3471 4482 3564 4537 οὖν
3627 4476 3837 4549 ἐνήθλει

2180 4565 2521 4622 λανθάνουσα
2548 4566 2675 4629 τοὺς
2707 4566 2976 4630 πολλούς.

2250 4666 2337 4720 11.
2368 4665 2502 4719 ’Ὀτε
2533 4662 2588 4719 δὲ
2622 4665 2674 4719 οἱ
2721 4671 2901 4741 γονεῖς
2948 4666 3115 4735 αὐτῆς
3164 4667 3325 4731 τέλος
3360 4667 3518 4747 ἔσχον
3568 4668 3665 4725 τοῦ
3699 4664 3836 4743 βίον,

2180 4751 2269 4808 ἐπὶ
2329 4750 2520 4807 πλεῖον
2581 4756 2977 4831 θεοφορηθεῖσα
3032 4760 3147 4831 (77)
3204 4763 3284 4830 τῷ
3335 4759 3465 4831 θείῳ
3518 4759 3841 4836 φρονήματι,

2178 4836 2447 4916 λαμϐάνει
2497 4843 2583 4897 καί
2635 4844 2734 4913 τήν
2788 4842 3027 4924 ἀδελφὴν
3081 4848 3202 4917 μεθ’
3231 4848 3447 4917 ἑαυτῆς·
3480 4849 3549 4917 ἦν
3596 4847 3697 4924 γὰρ
3726 4862 3835 4898 στε.

2181 4932 2402 5005 ρηθεῖσα
2429 4936 2537 4986 τῶν
2570 4928 2769 5006 ὅψεωνο
2802 4933 2891 4989 καὶ
2925 4933 3032 4989 τῶν
3071 4935 3164 5007 μὲν
3224 4937 3496 5012 πατρῴων
3540 4935 3702 4992 οἺιιων
3734 4952 3840 5008 χω-

2181 5020 2405 5097 ρίζεται.
2461 5019 2537 5083 εἷς
2586 5018 2642 5076 δέ
2688 5044 2830 5084 τινος
2883 5030 3178 5099 συγγενοῦς
3225 5026 3392 5095 αὐτῆς
3452 5028 3688 5101 ἡρωεῖον
3748 5022 3839 5075 ἀπ’

2180 5108 2484 5182 ῳκισμένον
2531 5117 2634 5178 τῆς
2678 5110 2897 5173 πόλεως
2947 5114 3272 5187 κατάγεται·
3316 5114 3407 5169 καὶ
3455 5112 3839 5184 διαπωλήσασα

2178 5202 2350 5251 πᾶσαν
2394 5197 2494 5266 τὴν
2549 5197 2995 5276 καταλειφθεῖσαν
3052 5200 3189 5273 αὐτῇ
3241 5201 3423 5255 οὐσίαν
3461 5246 3475 5267 ,
3507 5201 3595 5256 καὶ
3654 5192 3842 5254 διανεῖ⁴

2185 5305 2328 5359 μασα
2370 5290 2490 5347 τοῖς
2537 5284 2729 5354 πένησι
2768 5329 2783 5355 ,
2835 5285 3323 5362 προσκαλεσαμένη
3373 5289 3494 5344 τινα
3548 5294 3657 5344 τῶν
3715 5303 3843 5361 πρε-

2182 5371 2478 5452 σϐυτέρων,
2540 5375 2803 5449 ἀπέτεμεν
2867 5375 3060 5448 ἑαυτῆς
3114 5377 3242 5441 τους
3296 5376 3656 5454 πλοκάμους.
3710 5372 3843 5433 Τότε
