4162 6390
352 427 501 486 1193

1480 424 1666 484 Vl'l‘A
1713 421 2042 482 8ΑΝΟῚ¹ίΕ
2088 421 2617 481 SYNCLETlC/E.

3602 422 3756 480 1494

347 555 443 623 τὴν
477 558 646 607 πᾶσαν
675 572 942 625 κοσμησιν
998 552 1241 615 ἀπέθετο·
1277 551 1396 613 ἔθος
1457 551 1558 626 γὰρ
1615 555 1734 612 ταῖς
1783 549 1989 626 γυναιξὶ

2115 550 2351 623 Signum
2383 555 2574 606 autem
2604 545 2749 606 illud
2780 553 3193 622 erat,enimum
3226 554 3354 624 ejus
3375 553 3534 608 omni
3561 569 3760 625 super-

345 644 548 716 κόσμον
578 641 763 697 καλεῖν
795 643 894 710 τὴν
927 641 1111 717 τρίχα.
1151 637 1442 714 Σὲμϐολον
1497 638 1552 694 δὲ
1583 642 1647 709 ἦν
1681 641 1744 694 τὸ
1773 639 1991 714 γινόμεο

343 754 432 786 νον
466 736 561 785 τοῦ
594 731 878 805 ἀπέριττον
908 730 996 784 καὶ
1028 731 1260 803 καθαρὰν
1303 730 1398 796 τὴν
1455 730 1638 802 ψυχὴν
1693 728 1858 796 αὐτῆς
1905 749 1994 802 γε-

343 822 620 897 γενῆσθαι.
652 819 783 874 Τότε
820 820 912 891 μέν
949 819 1039 872 οὗν
1069 823 1283 894 πρῶτον
1316 819 1520 888 ἠξιώθη
1545 824 1644 886 τῆς
1668 824 1994 891 παρθενικῆς

340 909 736 988 προσηγορίας.

415 1012 500 1066 42.
536 1014 709 1063 Πᾶσαν
744 1003 800 1060 δέ
850 1007 948 1074 τὴν
983 1004 1162 1059 ουσίαν
1198 1005 1363 1073 αὐτῆς
1403 1009 1518 1065 τοῖς
1573 1008 1822 1076 πτωχοῖς
1876 999 1990 1055 δια-

339 1099 588 1172 νείμασα,
649 1093 817 1172 ἔλεγε·
873 1093 1124 1170 Μεγάλου
1178 1095 1269 1167 μέν
1316 1094 1556 1165 ἠξίωμαι
1614 1092 1898 1164 ὀνόματος·
1931 1093 1991 1145 Τί

342 1186 400 1242 δὲ
457 1183 824 1240 ἀνταποδώσω
884 1185 1095 1253 ἐπάξιον
1157 1189 1234 1255 τῷ
1294 1181 1690 1258 δωρησαμένῳ,
1727 1180 1824 1234 οὐκ
1855 1178 1989 1256 ἔχω.

342 1276 406 1337 Εἰ
437 1276 537 1350 γὰρ
575 1274 662 1330 έπὶ
714 1279 820 1328 τῶν
855 1273 1006 1335 ἐκτὸς
1050 1274 1408 1347 πραγμάτων,
1459 1268 1633 1325 ἕνεκεν
1685 1270 1989 1342 ἀξιώματος

342 1365 598 1440 φθαρτοῦ,
631 1369 798 1418 πᾶσαν
834 1365 1031 1418 ἑαυτῶν
1065 1364 1162 1429 τὴν
1199 1361 1380 1415 οὐσίαν
1417 1355 1813 1414 ἀποϐάλλουσι·
1837 1357 1990 1430 πόσῳ

344 1451 556 1524 μᾶλλον
615 1451 734 1524 ἐμέ,
782 1450 1050 1521 τοσαύτης
1104 1450 1420 1520 ἀξιωθεῖσαν
1471 1448 1720 1524 χάριτος,
1761 1447 1859 1502 οὐκ
1890 1445 1992 1522 ἄρα

338 1538 444 1596 ἔδει
510 1542 643 1614 μετά
688 1546 795 1596 τῶν
846 1537 1221 1612 νομιζομένων
1291 1537 1643 1613 ὑπαρχόντων
1697 1533 1989 1612 προδοῦναι

338 1630 426 1685 καὶ
484 1632 544 1685 τὸ
603 1635 796 1704 crispa;
855 1629 914 1682 Τί
964 1628 1020 1684 δὲ
1068 1629 1212 1704 λέγω
1265 1628 1516 1700 κτήματα
1565 1628 1596 1695 ἢ
1651 1631 1808 1699 σῶμα
1866 1623 1988 1680 305-

342 1740 450 1791 ναι,
508 1718 721 1773 πάντων
784 1717 946 1773 αὐτοῦ
1008 1717 1405 1793 ὐπαρχὸντωη
1465 1721 1567 1770 Τοῦ
1635 1716 1734 1791 γὰρ
1796 1714 1990 1789 Κυρίου

339 1811 374 1878 ἡ
409 1815 479 1882 γῆ
512 1809 601 1862 καὶ
657 1809 718 1863 τὸ
765 1807 1047 1883 πλήρωμα
1093 1808 1282 1876 αὐτῆς.
1338 1806 1434 1860 Διά
1487 1805 1690 1860 τούτων
1758 1808 1849 1878 μὲν
1881 1809 1987 1858 τῶν

2104 640 2330 696 ﬂuitate
2387 657 2634 696 vacuum
2693 658 2758 696 ac
2816 659 3022 713 purum
3059 643 3329 698 eﬁ‘ectum
3361 643 3560 698 fuisse.
3594 644 3759 699 Tunc

2104 735 2298 786 autem
2332 730 2592 802 primum
2625 730 2867 802 virginis
2899 731 3290 804 appellatione
3322 732 3560 804 dignata
3589 738 3696 788 est.

2182 996 2268 1048 12.
2305 996 2623 1067 Postquam
2661 997 2970 1080 facpltbtes
2999 1015 3138 1055 suas
3168 999 3526 1071 pauperibus
3557 1017 3758 1074 eroga-

2102 1089 2282 1151 verat,
2319 1086 2400 1139 ait
2434 1103 2445 1140 :
2483 1085 2694 1157 Magno
2727 1087 3105 1142 cohonestuta
3135 1106 3267 1143 sum
3301 1091 3534 1145 nomine
3571 1108 3582 1146 :
3616 1091 3756 1162 quid

2107 1177 2302 1228 autem
2338 1192 2439 1246 pro
2473 1176 2679 1230 merito
2708 1176 3066 1232 benefactori
3097 1179 3408 1250 rependam
3441 1197 3555 1234 non
3613 1198 3758 1252 sup-

2102 1263 2268 1335 petit.
2301 1262 2445 1318 Nam
2478 1263 2526 1318 si
2555 1263 2612 1318 in
2645 1265 2899 1322 externis
2932 1267 3534 1340 rebus,corruptibilis
3566 1269 3758 1341 digni-

2101 1351 2238 1406 tatis
2269 1353 2719 1420 causa,fortuna3
2750 1371 2955 1410 omnes
2987 1357 3359 1425 emittuntur,
3385 1363 3604 1429 quanto
3636 1376 3759 1414 ma-

2101 1442 2191 1512 gis
2225 1457 2314 1496 me
2348 1445 2508 1496 tanta
2541 1443 2815 1498 donatam
2847 1446 3055 1516 gratia,
3089 1447 3252 1501 decet
3281 1446 3475 1518 ipsum
3521 1465 3755 1520 corpus,

2104 1547 2237 1586 cum
2303 1530 2393 1585 bis
2425 1531 2594 1588 bonis
2627 1533 2714 1603 (ut
2746 1535 3047 1606 putantur)
3080 1537 3350 1591 tradere?
3380 1536 3527 1601 Quid
3561 1541 3756 1593 autem

2103 1618 2230 1674 dico
2264 1617 2571 1674 facultates
2595 1625 2651 1675 et
2671 1639 2881 1692 corpus
2903 1621 3016 1694 ipsi
3033 1623 3356 1695 dari,cujus
3374 1631 3515 1680 sunt
3534 1626 3761 1681 omnia?

2101 1708 2269 1778 Nam,
2333 1710 2558 1764 Domini
2613 1719 2687 1765 est
2745 1715 2888 1766 terra
2934 1716 2985 1767 et
3010 1713 3298 1784 plenitudo
3327 1717 3444 1784 ejus
3472 1715 3534 1769 ⁶¹.
3569 1717 3757 1787 Atque

2100 1813 2202 1869 per
2233 1797 2356 1853 haec
2385 1798 2578 1868 verba,
2602 1798 2999 1857 humilitatem
3031 1803 3259 1875 adepta,
3292 1805 3636 1875 quietem,et
3664 1821 3757 1861 so-

339 1895 525 1971 λοίγων
580 1899 678 1966 τὴν
730 1897 1229 1974 ταπεινοφροσύνην
1305 1891 1795 1970 ὲγκνμϐωσαμένη,
1855 1891 1988 1963 ἡσῦ-

2115 1886 2356 1942 .itariam
2389 1886 2502 1959 egit
2534 1887 2728 1944 vitam.

350 1992 536 2062 χαζεν.

421 2078 503 2132 13.
564 2077 662 2129 Ἤν
727 2075 819 2147 μὲν
877 2073 967 2128 οὖν
1023 2073 1111 2128 καὶ
1175 2073 1225 2128 ἐν
1277 2079 1394 2134 ταῖς
1456 2077 1742 2148 πατρικαῖς
1795 2070 1990 2133 αὐλαῖς

346 2165 547 2226 ἱκανῶς
608 2169 1082 2239 προγυμνασθεῖσα
1129 2170 1244 2224 τοῖς
1292 2163 1499 2224 πόνοις·
1551 2162 1641 2216 καῖ
1690 2160 1740 2216 ἐν
1773 2161 1907 2235 αὐτῇ
1941 2159 1999 2215 δὲ

345 2252 416 2327 τῇ
455 2253 604 2326 ἀκμῇ
655 2257 750 2306 τοῦ
795 2249 1016 2306 σταδίου
1073 2251 1323 2327 ἀχθεῖσα,
1383 2251 1685 2325 προέκοπτε
1723 2257 1840 2312 ταῖς
1875 2250 1997 2327 ἀρε-

341 2348 481 2403 ταῖς.
515 2344 668 2399 "ant
705 2343 799 2413 μέν
834 2341 924 2395 οὖν
954 2340 1310 2415 ἀγυμνάστως
1358 2341 1446 2394 καὶ
1500 2339 1777 2401 ἀσκέπτως
1832 2360 1995 2412 προσ-

343 2429 513 2500 ῆλθον
562 2436 641 2502 τῷ
691 2432 818 2502 θείῳ
864 2429 1044 2502 τούτῳ
1097 2429 1398 2502 μυστηρίῳ,
1451 2428 1720 2503 ἀπέτυχον
1762 2433 1859 2483 τοῦ
1902 2435 1995 2499 ζη-

344 2519 632 2592 τουμένου,
708 2521 782 2592 μὴ
859 2521 1339 2595 προθεωρησαντες
1415 2519 1480 2572 τα
1551 2520 1675 2580 καθ’
1749 2516 1994 2572 ἕκαστον

346 2608 528 2684 ὣσπερ
561 2606 617 2662 δέ
649 2611 700 2662 οἱ
734 2606 1041 2684 ὁδοιπορεῖν
1099 2606 1391 2680 μέλλοντες
1441 2611 1547 2662 τῶν
1583 2604 1809 2684 ἐφοδίων
1854 2611 1997 2681 πρῶ-

346 2719 438 2752 τον
495 2697 894 2774 φροντίζουσιν,
955 2696 1125 2758 οὕτως
1182 2697 1269 2750 καὶ
1328 2696 1486 2765 αὕτη,
1532 2695 1712 2771 ὣσπερ
1757 2693 1994 2772 ἐφοδίοις

351 2787 571 2854 ἑαυτήν,
621 2791 736 2847 τοῖς
787 2785 956 2840 πάλαι
1006 2785 1192 2846 πόνοις
1243 2784 1614 2858 εὐτρεπίσασα,
1671 2782 1841 2846 ἀδεῶς
1896 2786 1993 2853 τὴν

345 2874 433 2929 ἐπὶ
491 2875 558 2928 τὰ
617 2876 722 2928 ἀνω
781 2875 999 2950 πορείαν
1055 2873 1366 2944 ἐποιήσατο·
1440 2875 1508 2928 τα
1579 2875 1677 2949 γὰρ
1759 2874 1832 2935 εἷς
1903 2875 1993 2928 τὸν

344 2963 685 3038 ἀπαρτισμὸν
740 2970 838 3032 τῆς
899 2962 1072 3024 οἰκίας
1124 2965 1566 3038 προαποθεμένη,
1645 2963 1993 3038 ὀχυρώτατον

343 3053 438 3106 τὸν
501 3053 694 3121 ἑαυτῆς
739 3051 962 3124 ἐξετέλει
1008 3051 1240 3127 πύργον.
1303 3052 1399 3106 Καὶ
1443 3053 1506 3105 τὸ
1563 3053 1656 3124 μὲν
1707 3054 1826 3116 καθ’
1856 3053 1998 3107 ἱστο-

347 3140 468 3217 ρίαν
500 3146 606 3196 τῶν
641 3141 763 3210 οἷ’κη
777 3142 956 3213 μάτων
990 3140 1205 3212 ποίημα
1237 3139 1294 3194 ἐκ
1322 3145 1426 3194 τῶν
1463 3136 1650 3210 ἔξωθεν
1704 3140 1847 3195 ὑλῶν
1898 3163 1992 3196 κα-

340 3232 744 3299 τασκευάζεται·
781 3229 913 3299 αὕτη
950 3227 1006 3284 δέ
1036 3230 1097 3283 τὸ
1130 3229 1363 3283 ἐναντίον
1412 3230 1724 3299 πεποίηκεν·
1773 3231 1833 3284 οὑ
1892 3231 1990 3305 γὰρ

2182 2074 2266 2128 13.
2302 2075 2366 2129 In
2401 2071 2660 2145 paternis
2683 2086 2826 2127 sane
2855 2070 3099 2141 aedibus,
3124 2071 3252 2142 jam
3285 2074 3419 2128 ante
3467 2089 3583 2129 non
3633 2089 3759 2130 mo-

2109 2162 2301 2218 dicam
2360 2158 2876 2217 exercitationibus
2924 2177 3161 2231 operam
3212 2161 3472 2232 dederat,
3506 2167 3762 2233 tuncque

2108 2251 2167 2308 in
2199 2251 2371 2308 stadii
2406 2250 2666 2306 medium
2698 2254 2848 2318 acta,
2881 2248 3197 2304 virtutibus
3229 2250 3585 2321 proﬁciebat.
3620 2252 3764 2308 Con-

2107 2346 2200 2397 tra
2223 2357 2355 2397 vero
2377 2342 2668 2411 quotquot
2694 2338 2915 2409 absque
2937 2339 3349 2394 exercitatione
3370 2349 3423 2394 el
3443 2339 3762 2412 incogitan-

2109 2431 2228 2486 tius
2259 2430 2330 2484 ad
2358 2429 2468 2485 hoc
2499 2428 2760 2484 divinum
2794 2427 3140 2499 mysterium
3175 2429 3520 2496 accedunt,a
3551 2447 3760 2502 propo-

2107 2520 2219 2576 sito
2249 2518 2540 2583 excidunt,
2575 2516 2712 2588 quia
2741 2517 2937 2572 animo
2984 2516 3218 2589 singula
3275 2534 3390 2572 non
3450 2535 3760 2591 prospexe-

2108 2615 2260 2664 rant.
2323 2609 2390 2662 At
2442 2605 2562 2672 illa,
2597 2605 3095 2677 quemadmodum
3129 2605 3230 2678 qui
3262 2607 3371 2662 iter
3403 2608 3757 2679 suscipiunt,

2105 2698 2362 2753 vaticum
2394 2695 2582 2768 primo
2614 2694 2726 2750 sibi
2758 2694 3173 2767 provident,ita
3196 2711 3300 2750 ceu
3329 2695 3763 2768 viatico,pristi-

2108 2787 2201 2842 nis
2230 2785 2531 2842 laboribus
2561 2785 2896 2851 exercitata,
2931 2788 3098 2840 caute
3128 2785 3280 2840 618
3314 2790 3372 2841 et
3401 2802 3605 2841 secure
3652 2785 3763 2842 iter

2106 2877 2179 2932 ad
2213 2891 2469 2948 superna
2499 2875 2764 2946 ingressa
2797 2878 2885 2928 est
2916 2889 2928 2928 :
2960 2877 3301 2946 praeparatis
3332 2875 3548 2946 quippe
3578 2876 3764 2932 omni-

2107 2966 2219 3021 bus
2242 2983 2368 3038 quaa
2389 2967 2586 3021 essent
2605 2964 2677 3018 ad
2709 2963 3124 3019 exstruendam
3157 2964 3396 3018 domum
3431 2966 3596 3034 satis,
3627 2982 3763 3021 mu-

2107 3055 2463 3111 nitissimam
2497 3055 2704 3110 turrim
2736 3053 2848 3108 sibi
2879 3051 3319 3118 absolvit.Quod
3356 3059 3581 3125 spectat
3605 3054 3761 3110 enim

2104 3144 2320 3200 aedium
2353 3146 2735 3211 structuram,
2758 3146 2993 3197 externa
3017 3139 3131 3208 illa;
3161 3142 3408 3197 materia
3435 3143 3760 3199 conficiun-

2107 3237 2203 3289 tur
2236 3250 2248 3287 :
2279 3238 2338 3289 at
2365 3231 2465 3287 illa
2493 3231 2787 3287 contraria
2817 3231 2986 3302 plane
3014 3229 3253 3300 ratione,
3288 3247 3404 3286 non
3458 3237 3760 3288 externam

343 3319 444 3380 τὰς
477 3316 667 3389 ἔξωθεν
701 3318 833 3379 ὅλας
867 3319 1180 3392 συνήγαγεν,
1214 3314 1358 3371 ἀλλὰ
1394 3316 1606 3389 μᾶλλον
1656 3319 1748 3380 τὰς
1793 3316 1991 3373 ἔσωθεν

2115 3324 2416 3380 materiam
2449 3295 3041 3394 colligit,imo-potius
3075 3295 3362 3378 internam
3394 3323 3569 3394 ejicit.
3607 3324 3765 3380 Bona

1426 3404 1448 3422 ἢ

346 3408 595 3464 ἔκένωσε.
631 3409 712 3464 Τὰ
741 3408 839 3482 γὰρ
871 3408 1135 3482 χρήματα
1176 3407 1370 3475 ἑαυτῆς
1422 3404 1680 3461 διαδοῦσα
1726 3412 1843 3470 τοῖς
1902 3409 1994 3462 πὲ-

340 3518 483 3564 νησι,
517 3496 606 3550 καὶ
638 3493 1010 3550 καταλιποῦσα
1042 3495 1206 3570 ὀργὴν
1240 3496 1329 3548 καὶ
1363 3495 1742 3567 μνησικακίαν,
1777 3498 1995 3552 ἀπωσα-

348 3585 483 3657 μένη
537 3582 594 3638 δὲ
643 3585 731 3638 καὶ
776 3584 975 3660 φθόνον
1022 3583 1110 3638 καὶ
1170 3581 1508 3661 φιλοδοξίαν,
1541 3583 1869 3658 ᾠκοδόμησε
1897 3587 1994 3654 τὴν

345 3673 520 3728 οἰκίαν
557 3674 751 3742 εαυτῆς
785 3672 872 3728 ἐπὶ
904 3674 1001 3741 τὴν
1030 3673 1249 3746 πέτραν,
1283 3673 1350 3742 ἧς
1382 3675 1677 3750 περιφανὴς
1709 3675 1736 3728 ὁ
1790 3675 1996 3750 πύργος

343 3763 436 3817 καὶ
471 3761 804 3836 ἀγείμαπος
837 3765 871 3830 ἡ
907 3760 1072 3817 οἰκία.

423 3863 507 3916 14.
543 3859 644 3916 Καὶ
691 3859 743 3914 τί
792 3859 979 3914 πολλὰ
1026 3858 1210 3935 Itym;
1264 3855 1578 3934 ὑπερέϐαινε
1617 3863 1716 3936 γαρ
1768 3859 1855 3915 διὰ
1892 3863 1997 3915 τῶν

347 3949 540 4024 ἀρχῶν
593 3949 682 4003 καὶ
729 3948 826 4010 τὰς
869 3946 920 4002 ἐν
961 3945 1063 4020 ἕξει
1096 3953 1191 4002 τοῦ
1227 3952 1496 4023 μονήρους
1535 3949 1653 4024 βίου
1683 3950 1996 4026 τυγχανού-

344 4059 461 4098 σας.
509 4041 710 4112 ’Ὠσπερ
759 4039 858 4112 γὰρ
904 4037 971 4091 τά
1024 4036 1348 4114 εὐφυέστατα
1387 4043 1494 4091 τῶν
1548 4036 1800 4109 παιδίων,
1835 4038 1909 4094 ἔτι
1944 4038 1994 4093 ἐν

344 4132 466 4186 ταῖς
519 4121 818 4188 συλλαϐαῖς
873 4121 1024 4194 ὄντα,
1072 4124 1414 4198 ἁμιλλῶνται
1456 4132 1571 4188 τοῖς
1604 4126 1654 4180 ἐν
1689 4127 1879 4198 ἡλικίᾳ
1907 4128 1996 4182 καὶ

347 4214 525 4269 πλείω
574 4215 771 4290 χρόνον
823 4213 1010 4290 ἔχουσι
1060 4216 1205 4287 παρὰ
1255 4221 1369 4277 τοῖς
1435 4213 1800 4277 διδασκάλοις·
1854 4218 1996 4272 οὕτω

345 4303 436 4357 καὶ
489 4303 649 4375 αὕτη,
703 4305 895 4373 ζέουσα
937 4309 1015 4375 τῷ
1063 4303 1348 4376 πνεύματι,
1400 4304 1700 4381 παρέτρεχε
1748 4307 1841 4368 τὰς
1875 4306 1997 4361 λοι-

346 4391 474 4454 πάς.

425 4481 635 4536 15.Τὸν
673 4482 766 4553 μὲν
811 4481 902 4535 οὖν
965 4481 1274 4556 ἔμπρακτον
1335 4481 1500 4551 αὐτῆς
1560 4483 1648 4536 καὶ
1707 4483 1997 4553 ἀσκητικὸν

355 4569 473 4642 βίον
524 4568 702 4644 λέγειν
759 4567 1148 4644 ἀδυνατοῦμεν,
1220 4570 1436 4646 ἐπείπερ
1505 4570 1628 4626 οὐδέ
1703 4576 1998 4649 συνεχώρει

2108 3413 2325 3485 quippe
2355 3430 2463 3468 sua
2493 3410 2732 3484 elargita
2773 3410 3152 3482 pauperibus,
3187 3412 3450 3484 deposita
3480 3412 3586 3482 ira,
3606 3413 3762 3484 inju-

2107 3503 2448 3574 riarumque
2481 3502 2784 3566 memoria,
2817 3501 3062 3570 depulsa
3092 3501 3314 3558 invidia
3343 3505 3401 3557 et
3432 3501 3625 3573 gloriae
3657 3519 3760 3558 cu-

2108 3592 2369 3665 piditate,
2402 3592 2643 3647 domum
2677 3607 2845 3645 suam
2904 3589 3214 3646 aediﬁcavit
3271 3608 3450 3664 supra
3505 3595 3756 3662 petram,

2108 3683 2278 3752 cujus
2310 3680 2620 3752 splendida
2643 3679 2822 3735 turris
2851 3683 3068 3748 erat,et
3096 3679 3278 3736 nullis
3307 3681 3757 3752 tempestatibus

2107 3771 2374 3828 obnoxia.

2183 3861 2268 3915 14.
2298 3860 2407 3914 Sed
2440 3859 2579 3931 quid
2613 3857 2798 3913 multa
2828 3858 2998 3914 dico?
3043 3859 3340 3930 superavit
3395 3862 3613 3932 quippe
3667 3861 3754 3916 vel

2107 3949 2236 4021 ipso
2296 3948 2480 4017 initio,
2537 3966 2635 4004 eas
2683 3965 2807 4019 qua:
2839 3949 3173 4004 monasticaa
3202 3949 3329 4004 vita:
3359 3955 3757 4006 assueverant.

2107 4038 2270 4093 Sicut
2301 4037 2457 4092 enim
2490 4037 2655 4109 pueri
2713 4038 2811 4107 qui
2869 4039 3090 4093 acriore
3147 4044 3288 4094 sunt
3337 4039 3558 4110 ingenii
3615 4039 3759 4106 acie,

2109 4127 2380 4199 quamvis
2402 4127 2593 4182 adhuc
2611 4127 2670 4181 in
2693 4126 2932 4199 syllabis
2956 4132 3278 4198 versentur,
3303 4145 3438 4183 cum
3460 4129 3532 4183 iis
3563 4134 3758 4184 tamen

2108 4216 2491 4284 contendunt,
2555 4215 2656 4287 qui
2705 4222 2764 4271 et
2790 4221 2958 4272 aetate
2989 4219 3240 4288 majores
3270 4223 3412 4272 sunt
3440 4235 3506 4272 ac
3537 4217 3761 4296 diutius

2109 4306 2424 4378 magistros
2450 4307 2918 4376 frequentarunt,
2947 4306 3030 4361 ita
3058 4311 3114 4361 et
3144 4305 3244 4361 illa
3275 4307 3485 4376 spiritu
3535 4308 3760 4363 fervens

2109 4400 2348 4450 caeteras
2382 4400 2512 4466 post
2541 4410 2605 4450 se
2633 4392 2890 4466 reliquit.

2182 4486 2266 4539 15.
2300 4486 2612 4539 Actuosam
2665 4483 2864 4555 itaque
2920 4489 2976 4539 et
3030 4484 3338 4541 asceticam
3392 4485 3571 4542 vitam
3631 4488 3760 4556 ejus

2107 4590 2378 4630 enarrare
2422 4590 2538 4628 non
2571 4573 2849 4643 valemus,
2883 4575 3118 4645 quando
3150 4574 3379 4630 nullum
3410 4575 3646 4632 admisit
3676 4577 3761 4630 vi-

347 4658 470 4712 τινα
497 4657 692 4712 τούτου
726 4660 918 4726 θεατὴν
966 4661 1231 4734 γενέσθαι.
1288 4657 1428 4716 Ουδε
1472 4661 1571 4736 γὰρ
1620 4664 1858 4738 κήρυκας
1892 4667 1994 4717 τῶν

2115 4669 2178 4718 ιω
2212 4680 2332 4718 θυαε
2362 4669 2769 4734 spectatorem.
2805 4662 2998 4733 Neque
3029 4664 3184 4718 enim
3218 4679 3412 4719 rerum
3444 4682 3478 4719 a
3507 4683 3570 4720 se
3615 4683 3762 4734 pras-

349 4745 518 4816 αὐτῆς
568 4744 1067 4822 ἀνδραγαθηματων
1123 4746 1314 4815 ἦθςαεν
1369 4749 1503 4802 εἴναι
1548 4749 1674 4811 τους
1708 4752 1998 4826 παρόντας.

351 4837 476 4910 Ουχ
524 4835 696 4897 οὕτως
745 4836 848 4911 γὰρ
892 4839 953 4890 τὸ
1005 4835 1311 4909 εὖπράττειν
1366 4836 1692 4913 ἐφοὸντιζεν,
1744 4840 1867 4894 ὅσον
1899 4848 1999 4910 τῆς

345 4923 545 4978 τούτου
598 4923 844 5001 φυλακῆς
886 4945 943 4979 τε
999 4925 1086 4980 καὶ
1137 4919 1365 4998 κρυϐῆς.
1416 4930 1583 4979 Τοῦτο
1638 4924 1693 4980 δὲ
1736 4927 1903 4982 ἐποίει
1937 4930 1998 4984 οὐ

350 5013 535 5090 φθόνῳ
583 5013 948 5088 συνεχομένη,
1001 5012 1144 5067 ἀλλὰ
1175 5013 1288 5083 θείᾳ
1319 5013 1502 5088 χάριτι
1533 5017 1998 5090 συγκροτουμένη.

347 5103 423 5159 Τὸ
455 5102 556 5177 γὰρ
592 5103 851 5176 Κυριακὸν
888 5101 1060 5156 ἐκεῖνο
1091 5103 1226 5156 κατα
1257 5107 1380 5155 νοῦν
1422 5101 1573 5179 ἓρερε
1598 5103 1770 5178 ῥῆμα,
1818 5108 1878 5160 τὸ
1911 5105 1998 5162 λέ-

345 5212 468 5265 γον,
502 5191 575 5252 ὡς
601 5188 742 5247 Εῗτι
777 5190 862 5244 ἐὰν
897 5195 1030 5263 ποιῇ
1064 5193 1096 5259 ἡ
1133 5189 1277 5261 δεξιά
1308 5212 1425 5261 σου,
1454 5194 1528 5263 μὴ
1563 5194 1754 5265 γνώτω
1785 5197 1818 5262 ἡ
1853 5195 1998 5268 ἀρισ-

343 5279 474 5353 τερά
507 5300 623 5334 σου.
656 5278 843 5340 Οὕτως
877 5281 970 5352 μὲν
1006 5278 1342 5334 λανθάνουσα
1376 5279 1599 5350 ἐξετὲλει
1630 5303 1692 5357 τῃ
1726 5284 2000 5355 πρέποντα

341 5371 427 5440 τῷ
458 5365 689 5442 ἐπαγγέλ
699 5388 846 5440 ματι.

422 5457 507 5512 16.
541 5455 679 5510 Ἀπὸ
741 5453 798 5510 δὲ
847 5459 945 5525 τῆς
1007 5455 1230 5532 πρώτης
1288 5455 1530 5526 ἡλικίας,
1589 5458 1678 5513 καὶ
1735 5459 1839 5523 ἓως
1896 5469 1995 5530 τῆς

343 5545 711 5619 ἀκμαστικῆς,
762 5545 823 5600 οὐ
877 5545 1042 5618 μόνον
1094 5566 1294 5608 παντος
1341 5544 1531 5621 ἀνδρὸς
1581 5551 1869 5627 συντυχίαν
1903 5552 1998 5607 ἀπ-

425 5763 464 5800 ⁶¹
499 5761 653 5821 Psal.
684 5779 846 5836 mu,
879 5764 933 5822 1.
1007 5764 1052 5799 ⁸³
1081 5763 1288 5822 Matth.
1319 5781 1396 5834 vn,
1427 5766 1480 5820 3.

2111 4753 2263 4807 clare
2293 4759 2591 4823 gestarum
2623 4768 2916 4822 praecones
2947 4769 3076 4807 esse
3105 4752 3333 4808 volebat
3362 4769 3461 4809 eos
3509 4754 3610 4826 qui
3660 4755 3762 4810 ad-

2111 4845 2426 4896 erant.lmo
2459 4857 2564 4895 nec
2598 4846 2818 4896 tantam
2852 4845 3004 4896 recte
3033 4842 3565 4914 agendi,quantum
3598 4849 3764 4914 gesta

2111 4947 2219 4986 sua
2232 4929 3033 4986 occultandisollicitudinem
3057 4931 3482 4987 habebat.lllud
3507 4949 3764 5003 namque

2116 5019 2480 5074 Dominicum
2513 5019 2736 5074 dictum
2771 5021 2829 5074 in
2863 5026 3055 5075 mente
3087 5022 3355 5076 versabat
3385 5037 3398 5075 :
3430 5023 3494 5076 δέ
3521 5023 3653 5092 quid
3680 5025 3762 5092 fe-

2109 5112 2249 5164 cerit
2277 5109 2502 5164 dextera
2533 5114 2654 5178 tua,
2676 5110 2731 5164 id
2760 5113 2968 5165 nesciat
2997 5112 3228 5164 sinistra
3257 5120 3352 5164 tua
3382 5111 3447 5163 6³.
3471 5116 3658 5181 Atque
3685 5112 3764 5167 ita

2109 5195 2296 5253 latens
2329 5198 2710 5270 professionis
2739 5215 2859 5254 suae
2890 5199 3080 5255 ol'licia
3108 5198 3494 5270 persolvebat.

2184 5465 2269 5520 16.
2303 5467 2348 5519 Α
2401 5465 2592 5535 prima
2613 5465 2683 5519 ad
2708 5464 2967 5520 adultam
3002 5470 3374 5531 aatatem,non
3398 5469 3569 5523 modo
3591 5486 3765 5526 omne

2109 5554 2220 5609 viri
2253 5556 2614 5610 consortium
2649 5553 2994 5622 declinavit;
3028 5557 3128 5611 sed
3160 5556 3339 5612 etiam
3370 5558 3622 5628 mquales
3655 5560 3768 5630 ple-
