4162 6372
356 409 508 468 1495

1516 413 1580 469 S.
1630 406 2148 469 ATllANASlUS.
2178 437 2247 448 —
2283 403 2592 465 SPUIllA.

3611 402 3637 460 1
3651 398 3775 460 496

351 553 604 611 rumque
632 554 773 594 suas
802 538 1148 610 refugiebat,
1180 538 1343 595 hisce
1372 537 1603 593 duabus
1658 538 1730 593 de
1787 536 2004 605 causis,
2038 598 2040 604 η

2152 552 2327 609 ›ευγεν,
2358 528 2507 587 ἀλλὰ
2534 531 2625 588 καὶ
2654 532 2749 595 τάς
2781 531 3099 611 ὁμοφύλους
3127 533 3195 588 τά
3223 531 3410 588 πολλά
3455 538 3775 608 παρῃτεῖτο,

354 626 447 682 vel
476 626 705 683 scilicet
736 642 807 683 ne
837 627 1081 698 gloriam
1113 628 1337 683 eximiae
1365 626 1796 683 exercitationis
1827 627 2004 682 rel‘er-

353 722 461 783 ret,
493 714 581 772 vel
613 733 684 771 ne
714 715 994 788 corporali
1031 716 1377 773 necessitate
1406 733 1441 771 a
1468 716 1706 772 virtutis
1735 715 2006 770 exercitio

356 804 717 860 avelleretur.

429 911 514 966 17.
549 911 643 966 Sic
672 926 810 981 ergo
841 910 1065 982 primos
1096 911 1277 966 animi
1336 912 1593 983 impetus
1642 910 2009 978 observabat,

358 1014 570 1054 cavens
597 1016 667 1053 ne
697 999 993 1070 corporeis
1022 999 1353 1055 traheretur
1380 999 1828 1071 cupiditatibus.
1864 998 2010 1053 Nam

359 1087 548 1143 instar
574 1087 799 1142 arboris
827 1086 1201 1153 luxuriantis,
1237 1106 1428 1144 ramos
1480 1088 1863 1143 abscindebat
1917 1086 2011 1140 in-

359 1176 985 1247 fructuosos,seiteque
1016 1178 1320 1231 amovebat
1349 1177 1798 1248 erumpentesin
1817 1178 2014 1230 animo

363 1263 636 1336 spinosas
659 1264 1082 1329 lruticationes,
1104 1280 1205 1335 per
1225 1265 1519 1335 jejunium
1555 1264 1775 1320 scilicet
1803 1268 1861 1318 et
1887 1280 2016 1317 ora-

362 1355 604 1409 tionem.
636 1353 798 1417 Quod
831 1353 878 1408 si
910 1352 994 1407 vel
1026 1353 1267 1423 paulum
1327 1353 1575 1425 singulm
1635 1352 2014 1424 pullularent,

365 1442 543 1498 variis
592 1442 884 1497 alliciebat
942 1442 1153 1513 pmnis,
1214 1442 1510 1514 nullisque
1569 1460 1684 1497 non
1718 1441 2020 1497 laboribus

365 1548 579 1601 corpus
613 1532 966 1586 macerabat.
996 1532 1112 1586 Nec
1141 1532 1287 1587 satis
1312 1536 1437 1586 erat
1468 1531 1550 1586 illi
1616 1531 1780 1602 panis
1838 1529 2021 1585 absti-

344 1621 585 1692 nentia,
617 1637 744 1693 qua,
774 1622 860 1676 vel
891 1636 1042 1691 aqua
1073 1619 1418 1692 parcissime
1449 1621 1744 1676 utebatur.

454 1887 1020 1958 l8.Quandocunque
1042 1892 1237 1976 autem
1265 1887 1517 1943 infestus
1548 1887 1733 1976 hostis
1763 1903 1896 1976 cum
1930 1886 2031 1976 illa
2062 1911 2109 1976 Β

379 1976 837 2041 conﬂictaretur,
869 1975 1310 2047 quamprimum
1347 1992 1448 2045 per
1477 1975 1799 2030 orationem
1833 1974 2029 2029 Domi-

378 2081 521 2121 num
556 2080 730 2120 suum
765 2064 1007 2119 vocabat
1035 2064 1094 2118 in
1126 2064 1485 2131 subsidium,
1518 2079 1624 2119 nec
1655 2063 1781 2118 sola
1824 2079 2029 2135 corpo-

376 2154 459 2209 ris
479 2152 891 2209 exercitatione
922 2153 1217 2208 nitebatur
1244 2152 1434 2207 leonis
1465 2153 1751 2224 impetum
1785 2151 2033 2224 comprio

378 2257 556 2297 mere.
589 2241 704 2297 Nec
733 2257 895 2296 mora
949 2242 1100 2296 facta
1156 2240 1409 2313 supplici
1472 2240 1673 2295 aderat
1727 2239 2030 2309 Dominus,

375 2330 752 2402 fugiebatque
782 2329 1173 2384 adversarius.
1206 2327 1560 2400 Plerumque
1590 2336 1780 2383 tamen
1815 2328 2034 2383 accide-

374 2419 492 2486 bat,
526 2422 591 2474 ut
622 2418 846 2474 diutius
878 2418 1126 2474 instaret
1158 2417 1365 2485 hostis,
1399 2434 1502 2473 nec
1562 2417 1848 2472 Dominus
1905 2433 2031 2472 sce-

372 2507 587 2564 lestum
646 2507 1034 2579 prepulsaret,
1078 2510 1140 2561 ut
1163 2523 1231 2562 eo
1264 2512 1431 2578 pacto
1465 2506 1782 2561 virtutibus
1813 2506 2032 2561 instru-

372 2602 470 2651 ctae
506 2597 716 2651 animae
743 2596 1215 2651 exercitationem
1249 2600 1504 2666 augeret.
1544 2596 1672 2665 Ipsa
1701 2610 1834 2650 vero
1866 2595 2030 2666 quasi

372 2686 526 2741 facta
554 2686 841 2741 donorum
870 2685 1229 2754 accessione,
1261 2685 1413 2739 vires
1443 2683 1785 2739 resumebat
1811 2685 1886 2739 ad
1942 2684 2030 2736 vi-

374 2776 616 2832 ctoriam
653 2777 1088 2847 reporlandam.
1120 2775 1318 2846 Neque
1351 2779 1477 2830 erat
1506 2773 1557 2829 ei
1587 2774 1754 2840 satis,
1789 2790 1851 2830 se
1883 2775 2034 2830 cibo~

377 2881 510 2921 rum
560 2865 812 2937 penuria
838 2880 1362 2933 macerare,verum
1395 2862 1571 2919 etiam
1603 2864 1677 2918 ad
1708 2863 1908 2919 omnia
1935 2880 2032 2919 v0-

374 2951 634 3027 luptaria
664 2953 861 3011 studia
880 2953 1106 3010 aditum
1127 2953 1243 3011 sibi
1261 2951 2033 3011 intercludebat.Furfuroso

376 3043 673 3116 siquidem
703 3059 854 3116 pane
880 3043 1242 3112 vescebatur,
1267 3059 1420 3117 aqua
1450 3058 1601 3115 saepe
1632 3057 1876 3114 prorsus
1906 3042 2036 3098 abs-

377 3132 624 3204 tinebat,
654 3132 822 3189 humi
851 3133 1076 3190 cubans
1105 3132 1448 3199 identidem.
1481 3132 1752 3196 Quandiu
1812 3130 2033 3189 bellum

377 3222 644 3290 instaret,
702 3222 923 3279 talibus
980 3221 1082 3278 illa
1138 3221 1273 3279 telis
1319 3222 1614 3279 utebatur.
1648 3221 1807 3278 Scuti
1838 3238 1904 3278 ac
1933 3221 2032 3278 teli

377 3310 505 3368 loco
534 3315 660 3369 erat
684 3310 772 3367 illi
803 3311 1007 3382 oratio,
1039 3310 1220 3368 lorica
1249 3328 1318 3368 ex
1342 3311 1479 3382 (ide,
1510 3327 1614 3383 spe
1643 3316 1702 3367 et
1748 3310 2035 3367 cbaritate

378 3404 704 3473 compacta.
759 3400 1008 3457 Prteibat
1062 3401 1338 3457 omnibus
1378 3401 1546 3470 ﬁdes,
1579 3416 1707 3471 qua:
1767 3400 2040 3457 univrsos

384 3491 592 3548 animis
648 3489 810 3547 illius
857 3491 1288 3564 constringeret
1316 3489 1618 3547 articulos.
1651 3490 1869 3545 Aderat
1896 3490 2038 3546 item

386 3579 779 3653 eleemosyna,
829 3580 875 3636 si
932 3595 1049 3637 non
1081 3584 1235 3650 actu,
1270 3579 1479 3636 saltem
1510 3578 1809 3660 proposito
1840 3583 1898 3635 et
1941 3595 2042 3635 vo-

385 3666 634 3725 luntate.

463 3863 549 3919 l9.
583 3863 685 3921 His
715 3864 915 3935 itaque
945 3865 1113 3935 parta
1142 3862 1214 3919 de
1267 3861 1435 3918 hoste
1483 3860 1743 3929 victoria,
1803 3861 2047 3918 modum

393 3956 517 4028 ipsa
547 3955 884 4028 asperrimis
925 3953 1328 4011 exercitationi
1358 3953 1661 4026 [ponebat,
1719 3953 1898 4025 idque
1947 3951 2051 4011 illa

390 4044 803 4115 praestabatme
828 4042 1137 4100 confestim
1156 4043 1469 4099 deﬁcerent
1487 4042 1747 4115 corporis
1767 4042 2049 4098 membra:

394 4133 551 4205 quod
580 4149 724 4190 sane
755 4138 1003 4205 acceptae
1035 4132 1222 4189 cladis
1255 4130 1465 4189 fuisset
1495 4132 1803 4189 indicium.
1865 4131 2051 4189 Colla-

394 4222 673 4296 bentibus
732 4238 991 4295 namque
1019 4222 1222 4291 armis,
1257 4238 1386 4294 qua
1417 4238 1552 4295 spes
1580 4226 1851 4295 superest
1880 4220 2054 4277 militi

392 4312 461 4366 ad
495 4310 763 4383 praelium
794 4311 1267 4383 capessendum?
1322 4314 1513 4378 Quare
1567 4310 1836 4368 nonnulli
1894 4316 2054 4394 sunt,

393 4400 493 4471 qui
553 4416 685 4457 cum
737 4416 800 4457 se
830 4401 1147 4457 immodice
1178 4405 1236 4457 et
1264 4401 1694 4457 inconsiderate
1724 4400 1917 4457 inedia
1947 4402 2054 4456 ab-

394 4490 813 4562 sumpsissent,
836 4489 1047 4545 letbale
1067 4490 1177 4545 sibi
1204 4490 1418 4546 vulnus
1440 4490 1790 4553 intulerunt,
1812 4494 1869 4543 et
1888 4488 2056 4559 quasi

398 4595 531 4634 cum
556 4579 888 4635 adversario
910 4579 1184 4652 congredi
1209 4579 1625 4649 detrectarent,
1659 4578 1717 4633 in
1741 4577 2057 4649 perniciem

2116 620 2216 677 δύο
2244 621 2452 677 τούτων
2512 617 2688 691 ἕνεκα,
2718 623 2753 691 ἢ
2792 626 2889 677 τοῦ
2925 623 3002 694 μή
3035 619 3360 692 δοξασθῆναι
3388 625 3458 694 τῇ
3492 616 3777 696 ὑπερϐολῇ

2112 718 2213 781 τῆς
2243 712 2542 784 ἀσκήσεως,
2568 712 2604 781 ἢ
2637 715 2734 767 τοῦ
2770 712 2845 785 μή
2880 712 3216 787 ὑποσυρῆναι
3272 717 3373 780 τῆς
3429 710 3628 788 ἀρετῆς
3687 708 3779 766 διά

2114 801 2216 869 τήν
2246 802 2564 874 σωματικὴν
2597 800 2784 877 χρείαν
2796 842 2809 858 .

2190 910 2280 965 47.
2315 909 2501 971 Οὕτως
2530 909 2624 982 μὶν
2660 908 2751 964 οὖν
2782 911 2877 972 τάς
2919 910 3140 985 πρώτας
3197 912 3294 979 τῆς
3339 913 3528 986 ψυχῆς
3586 904 3775 964 ἐπιϐο-

2122 995 2223 1058 λάς
2254 1000 2682 1072 παρετήρει,μή
2746 1005 3110 1075 συγχωροῦσα
3174 999 3360 1060 αὐταῖς
3413 998 3778 1074 συγκαθέλκεο

2125 1098 2244 1150 σθαι
2274 1093 2393 1149 ταῖς
2438 1094 2778 1160 σωματικαῖς
2830 1089 3163 1162 ἐπιθυμίαις·
3220 1088 3402 1165 ὣσπερ
3450 1086 3507 1143 δὲ
3556 1085 3775 1165 δένδρον

2124 1176 2538 1249 καθυλομανοῦν
2587 1178 2965 1254 περιετέμνετο
3006 1180 3113 1233 τῶν
3146 1179 3402 1253 ἀκάρπων
3434 1174 3676 1247 κλάδων,
3711 1176 3777 1231 τά

2133 1264 2512 1340 βλαστήματα·
2569 1267 2665 1329 τάς
2728 1267 2823 1339 μὶν
2874 1268 2977 1342 γὰρ
3027 1265 3353 1330 ἀκανθώδεις
3394 1269 3496 1336 τῆς
3542 1263 3776 1327 διανοίας

2130 1354 2375 1431 ἐκφύσεις
2407 1358 2662 1432 ἀφῃρεῖτο
2694 1353 2783 1411 διά
2812 1377 2869 1411 τε
2897 1363 2995 1424 τῆς
3025 1356 3274 1427 νηστείας
3322 1356 3413 1411 καὶ
3462 1358 3563 1423 τῆς
3614 1375 3780 1429 προσ-

2132 1450 2325 1518 ευχῆς.
2388 1444 2485 1497 Καὶ
2534 1444 2579 1498 εί
2635 1443 2815 1520 βραχύ
2861 1466 2912 1499 τι
2960 1440 3184 1499 ἕκαστον
3215 1445 3422 1499 τούτων
3455 1444 3785 1518 προέκοπτε,

2132 1532 2389 1594 ποικίλας
2422 1532 2605 1595 αὐτοῖς
2637 1534 2730 1595 τὰς
2753 1533 3022 1609 τιμωρίας
3053 1533 3373 1611 προσέφερε,
3399 1530 3490 1587 διὰ
3514 1528 3786 1587 παντοδα-

2133 1626 2251 1677 πῶν
2282 1620 2460 1676 πόνων
2489 1622 2551 1677 τὸ
2583 1626 2740 1696 σῶμα
2790 1626 3161 1698 κακουχοῦσα.
3212 1622 3290 1680 Ού
3334 1621 3501 1695 μόνον
3564 1621 3669 1696 γάρ
3716 1622 3788 1692 τῇ

2134 1715 2231 1765 τοῦ
2263 1712 2428 1783 ἄρτου
2461 1709 2797 1787 λιμαγχονίᾳ
2825 1712 3071 1789 ἠρκεῖτο,
3104 1709 3251 1767 ἀλλά
3303 1733 3365 1788 γε
3418 1709 3509 1765 καὶ
3564 1713 3633 1785 τῇ
3692 1712 3791 1764 τοῦ

2136 1797 2329 1862 ὕδατος
2360 1797 2425 1855 όλ
2437 1797 2659 1874 ιγοδείᾳ.

2214 1892 2300 1945 18.
2329 1889 2598 1957 Ὀπηνίκα
2630 1890 2724 1963 μὲν
2757 1889 3004 1963 πόλεμος
3035 1894 3133 1946 τοῦ
3180 1888 3383 1966 ἐχθροῦ
3434 1889 3572 1965 πρὸς
3621 1888 3789 1957 αὐτὴν

2140 1983 2534 2051 συνεκροτεῖτο,
2564 1980 2995 2054 προηγουμένως
3043 1980 3137 2053 μὲν
3195 1980 3288 2035 τὸν
3345 1980 3539 2048 ἑαυτῆς
3588 1976 3793 2033 Δεσπό-

2138 2088 2238 2138 την
2273 2064 2344 2121 δι’
2376 2067 2543 2143 εὐχῆς
2577 2067 2757 2123 ἐκάλει
2803 2070 2939 2143 πρὸς
2999 2067 3342 2144 συμμαχίαν·
3402 2065 3469 2122 οἶ)
3527 2066 3631 2142 γὰρ
3688 2067 3793 2142 ἦρ’

2142 2161 2290 2210 κεῖτο
2319 2157 2419 2225 τὴν
2475 2157 2652 2231 ὁρμὴν
2711 2161 2809 2212 τοῦ
2861 2157 3082 2220 λέοντος
3143 2153 3324 2212 σϐέσαι
3374 2153 3514 2230 ψιλῇ
3544 2155 3791 2225 ἀσκήσει.

2143 2244 2246 2301 Καὶ
2276 2245 2421 2321 παρά
2456 2247 2549 2319 μὲν
2579 2234 2678 2316 τῆς
2712 2246 2914 2309 ἱκεσίας
2962 2253 3140 2322 παρῆν
3191 2246 3219 2300 ὁ
3266 2244 3482 2322 Κύριος,
3541 2244 3632 2299 καὶ
3690 2243 3794 2298 ἀπ⁴

2144 2331 2453 2409 εδίδρασκεν
2484 2335 2512 2389 ὁ
2543 2334 2836 2410 πολέμιος·
2868 2333 3142 2398 πολλάκις
3174 2332 3232 2389 δὶ
3257 2334 3346 2389 καὶ
3380 2332 3627 2409 ἐχρόνιζε
3654 2332 3794 2409 πρὸς

2140 2426 2242 2492 τὴν
2278 2425 2463 2500 μάχην
2498 2424 2527 2478 ὁ
2559 2424 2777 2500 ἐχθρὸς,
2810 2424 2901 2480 καὶ
2932 2425 2961 2479 ὁ
3019 2422 3218 2500 Κύριος
3266 2423 3366 2479 οὐκ
3401 2422 3642 2496 ἠμύνετο
3700 2422 3795 2477 τὸν

2143 2511 2518 2585 παλαμναῖον,
2552 2513 2697 2586 αὐτῷ
2740 2513 2921 2586 τούτῳ
2948 2520 3049 2583 τῆς
3082 2512 3330 2587 ἐναρέτου
3378 2515 3567 2586 ψυχῆς
3615 2509 3798 2565 εἰσαύ-

2146 2601 2248 2671 ξων
2297 2602 2396 2669 τὴν
2442 2602 2765 2677 γυμνασίαν.
2814 2602 2960 2672 Αὕτη
3013 2599 3070 2657 δὲ
3121 2601 3301 2676 ὥσπερ
3352 2601 3635 2676 προσθήκη
3685 2603 3797 2654 τῶν

2146 2687 2362 2764 δώρων,
2394 2690 2481 2745 ἐπὶ
2511 2690 2701 2747 πλεῖον
2733 2690 3049 2767 ἐκρατύνετο
3081 2691 3155 2752 εἷς
3185 2692 3283 2759 τήν
3314 2691 3450 2744 κατά
3468 2693 3565 2743 τοῦ
3597 2686 3801 2763 ἐχθροῦ

2145 2777 2322 2848 νίκην.
2358 2779 2434 2835 Ού
2496 2780 2660 2853 μόνον
2715 2782 2816 2857 γὰρ
2864 2781 3084 2855 ἠρκεῖτο
3135 2784 3253 2842 ταῖς
3290 2776 3627 2852 ὀλιγοδείαις
3685 2782 3799 2831 τῶν

2144 2871 2361 2943 τροφῶν
2395 2868 2587 2937 ἑαυτὴν
2617 2874 2901 2944 νεκροῦσα,
2934 2867 3078 2924 ἀλλά
3106 2889 3170 2939 γε
3198 2868 3287 2923 καὶ
3335 2872 3441 2922 τῶν
3495 2868 3613 2930 καθ’
3664 2862 3804 2934 ἡδο-

2145 2956 2243 3025 νήν
2306 2954 2679 3030 διαιτημάτων
2738 2957 2993 3032 ἐπειρᾶτο
3052 2955 3250 3032 εἷ’ργειν
3312 2957 3528 3025 ἐαυτήν.
3590 2960 3801 3030 νΔρνον

2150 3047 2244 3120 μὲν
2300 3045 2402 3122 γάρ
2462 3046 2711 3121 πιτυρίαν
2769 3045 2977 3116 ἤσθιεν·
3036 3045 3184 3122 ὕδωρ
3243 3044 3300 3101 δὲ
3345 3043 3619 3106 πολλάκις
3676 3041 3807 3098 ούδ-

2146 3133 2292 3198 όλως
2326 3131 2615 3208 ἐλάμϐανε·
2643 3135 2733 3190 καὶ
2765 3135 3051 3211 ἐχαμεύνει
3084 3133 3141 3191 δὲ
3168 3132 3272 3197 ἕως
3301 3133 3473 3196 τινός.
3517 3136 3663 3194 "Em:
3698 3132 3798 3205 μὲν

2146 3222 2237 3280 οὗν
2266 3230 2634 3302 συνεκροτεῖτο
2666 3226 2695 3280 ὁ
2725 3223 3280 3298 πόλεμος,τοιούτοις
3302 3222 3497 3285 ’ὀπλοις
3531 3220 3809 3297 ἐκέχρητο

2148 3314 2319 3390 εὐχὴν
2357 3315 2448 3389 μὲν
2477 3312 2772 3388 ἐνδυομένη
2806 3313 2921 3368 ἀντὶ
2952 3312 3127 3369 ὅπλου
3157 3314 3247 3368 καὶ
3279 3316 3471 3389 θυρεοῦ
3502 3310 3809 3383 ἐνδυομένη

2148 3405 2185 3473 ἡ
2217 3400 2276 3458 δὲ
2305 3401 2698 3480 περικεφαλαία
2728 3402 2894 3473 αὐτῆς
2925 3401 2992 3472 ἦν
3027 3400 3087 3456 ἐκ
3140 3401 3373 3463 πίστεως
3429 3399 3518 3455 καὶ
3579 3395 3813 3460 ἐλπίδος

2150 3490 2242 3548 καί
2271 3491 2487 3567 ἀγάπης
2545 3492 2924 3566 συγκραθεῖσα.
2983 3491 3047 3545 Ἠ
3105 3491 3209 3567 γὰρ
3266 3490 3444 3551 πίστις
3496 3492 3815 3565 ’προηγεῖτο

2151 3581 2391 3650 πάντων,
2417 3579 2580 3642 ὅλους
2613 3580 2783 3650 αὐτῆς
2813 3578 2938 3642 τοὺς
2982 3579 3192 3655 ἀρμους
3249 3578 3645 3657 συσφίγγουσα.
3706 3581 3823 3631 Πα-

2156 3677 2256 3746 ρῆν
2290 3666 2347 3725 δέ
2377 3669 2467 3723 καὶ
2497 3672 2531 3739 ἡ
2567 3669 2936 3742 ἐλεημοσύνη,
2972 3668 3017 3724 εί
3067 3668 3157 3724 καὶ
3196 3669 3269 3743 μὴ
3302 3670 3338 3739 ἠ
3369 3668 3486 3723 κατ’
3519 3664 3820 3742 ἐνέργειαν,

2155 3755 2283 3814 ἀλλ’
2317 3759 2408 3813 οὗν
2440 3780 2501 3833 γε
2530 3761 2565 3829 ἡ
2594 3758 2731 3813 κατᾶ
2754 3757 3031 3832 πρόθεσιν.

2230 3867 2320 3923 19.
2355 3866 2452 3921 Διά
2477 3864 2686 3922 τούτων
2721 3863 2811 3920 οὖν
2845 3865 3010 3935 ἧτταν
3042 3862 3407 3937 ὑπομένοντος
3439 3868 3536 3918 τοῦ
3587 3859 3822 3938 ἐχθροῦ,

2157 3954 2248 4011 καὶ
2324 3954 2461 4023 αύτή
2538 3953 2858 4031 ἐπικούφιζε
2930 3960 3031 4022 τῆς
3111 3949 3449 4029 δριμυτάτης
3508 3951 3819 4021 ἀσκήσεως.

2158 4049 2330 4101 Τοῦτο
2361 4042 2418 4100 δὲ
2474 4044 2644 4099 ἐποίει
2701 4042 2841 4120 πρὸς
2899 4043 2961 4097 τὸ
3025 4043 3100 4115 μή
3150 4040 3361 4116 ἀθρόως
3395 4038 3715 4109 διαλυθῆναι
3748 4040 3822 4095 τὰ

2159 4131 2258 4190 τοῦ
2286 4133 2541 4207 σώματος
2604 4131 2770 4205 μέλη·
2817 4131 2989 4202 ἥττης
3035 4130 3139 4206 γάρ
3184 4133 3251 4200 ἦν
3297 4134 3458 4184 τοῦτο
3488 4130 3821 4203 τεκμήριον.

2164 4225 2287 4281 Τῶν
2344 4223 2446 4299 γὰρ
2496 4220 2683 4276 ὅπλων
2727 4220 3131 4295 συμπεσόντων,
3184 4219 3313 4274 ποία
3368 4216 3526 4279 ἐλπίς
3567 4215 3679 4272 ἐστι
3736 4222 3825 4290 τῷ

2166 4312 2469 4386 στρατιώτηνΙ
2526 4309 2603 4372 εἷς
2661 4309 2955 4383 πόλεμον;
3013 4309 3164 4370 Τινὲς
3220 4311 3371 4385 γοῦν,
3418 4306 3669 4381 ἀμέτρως
3724 4306 3824 4361 καὶ

2164 4398 2524 4472 ἀνεξετάστως
2578 4402 2647 4472 τῇ
2708 4398 2887 4470 ἀσιτίᾳ
2959 4396 3180 4459 ἑαυτοὺς
3250 4394 3826 4466 καταδαπανήσαντες,

2165 4488 2378 4565 καιρίαν
2410 4489 2621 4542 ἑαυτοῖς
2652 4488 2752 4556 τὴν
2784 4485 3008 4561 πληγὴν
3055 4486 3345 4562 ἐπήγαγον·
3410 4483 3590 4559 ὣσπερ
3650 4481 3709 4539 δὲ
3769 4483 3826 4539 ἐν

2168 4578 2492 4653 παραιτήσει
2548 4581 2646 4631 τοῦ
2697 4576 2993 4631 ἀντιπάλου
3040 4574 3350 4651 γενόμενοι,
3408 4571 3631 4633 ἑαυτοὺς
3688 4593 3826 4627 κατ-

400 4685 464 4725 se
483 4668 879 4739 conjecerunt.
899 4651 1131 4724 Nonisic
1160 4667 1263 4724 illa
1287 4669 1440 4725 219
1474 4667 1703 4740 agebat,
1736 4666 1836 4721 sed
1869 4664 2040 4721 consi

2171 4651 2440 4744 ἐφθειραν.
2476 4664 2623 4735 Αὕτη
2657 4662 2715 4719 δὲ
2762 4663 2871 4740 ούχ
2913 4664 3085 4725 οὕτως
3139 4660 3415 4737 ἔπραττεν,
3464 4660 3610 4717 ἀλλὰ
3651 4659 3830 4715 πάντα

401 4757 602 4812 derate
621 4758 841 4823 omnia,
876 4758 957 4812 ita
977 4761 1044 4812 ut
1072 4762 1309 4813 strenue
1339 4772 1475 4812 cum
1505 4756 1675 4812 hoste
1706 4753 1980 4827 precibus
2003 4757 2064 4809 et

400 4844 809 4903 exercitatione
832 4845 1060 4901 munita
1080 4845 1468 4911 dimicaret,et
1487 4844 1557 4900 ad
1580 4842 2062 4914 tranquillitatem

401 4933 653 5006 propriae
683 4934 813 4990 navi
844 4936 1294 5007 procurandam,
1320 4933 1581 5004 corporis
1611 4948 1811 4987 curam
1844 4934 2059 5004 ageret.

400 5024 710 5080 Enimvero
772 5027 963 5079 nautea
1021 5026 1226 5079 oborta
1256 5026 1608 5093 tempestate
1636 5025 1693 5077 et
1722 5019 1997 5093 procella,
2029 5038 2063 5078 a

398 5113 528 5169 cibo
561 5113 883 5177 abstinent,
918 5111 1204 5183 quidquid
1234 5111 1378 5167 artis
1408 5115 1467 5167 et
1496 5109 1716 5183 peritiae
1741 5109 1915 5181 inest,
1961 5127 2059 5182 pe-

395 5201 581 5258 riculo
637 5201 712 5258 ob
768 5201 970 5257 oculos
1024 5199 1281 5258 versanti
1311 5203 1709 5272 opponentes;
1746 5204 2057 5272 postquam

394 5294 593 5347 autem
623 5289 951 5347 incolumes
978 5294 1314 5356 evaserunt,
1347 5294 1489 5345 tunc
1519 5290 1793 5345 secundae
1847 5290 2061 5346 salutis

396 5379 857 5437 sollicitudinem
891 5379 1132 5444 habent,
1169 5395 1275 5434 nec
1305 5383 1494 5434 totum
1521 5377 1643 5433 illis
1674 5383 1912 5449 tempus
1941 5378 2060 5435 elu-

394 5470 611 5526 ctando
644 5470 791 5525 mari
821 5473 881 5524 et
910 5469 1078 5524 aestui
1110 5468 1451 5534 insumitur,
1486 5468 1586 5524 sed
1623 5467 1774 5523 aeris
1832 5467 2058 5523 sereni-

397 5563 722 5624 tatem,ceu
757 5557 1165 5614 brevissimam
1198 5558 1453 5629 quietem
1485 5562 1542 5613 et
1571 5555 2056 5629 tranquillitatem

399 5645 698 5718 accipiunt
729 5663 742 5703 :
776 5661 965 5718 neque
993 5651 1191 5702 tamen
1223 5646 1304 5701 ita
1332 5646 1459 5701 sine
1507 5644 1901 5703 sollicitudine
1957 5647 2056 5703 de-

400 5738 570 5805 gunt,
632 5748 819 5803 neque
851 5749 915 5788 se
945 5733 1061 5789 alto
1092 5750 1300 5791 somno
1333 5734 1521 5807 abripi
1552 5734 1876 5807 patiuntur,
1912 5752 2055 5807 pris-

2176 4755 2312 4828 μετά
2342 4750 2660 4830 διακρίσεως
2692 4752 2883 4809 ἐποίει·
2915 4752 3004 4808 καί
3033 4758 3113 4824 τῷ
3176 4753 3268 4825 μὶν
3329 4751 3515 4827 ἐχθρῷ
3572 4746 3825 4827 σφοδρῶς

2172 4840 2262 4899 διά
2313 4863 2373 4898 τε
2425 4846 2533 4897 τῶν
2594 4843 2771 4920 εὐχῶν
2825 4843 2915 4897 καὶ
2967 4849 3068 4912 τῆς
3141 4841 3420 4912 ἀσκήσεως
3481 4838 3822 4915 ἀπεμάχετο·

2170 4932 2308 5009 πρὸς
2364 4929 2421 4987 δὶ
2474 4934 2572 5001 τήν
2630 4930 2875 5008 γαλήνην
2933 4939 3033 5001 τῆς
3087 4929 3289 4992 ολκείας
3333 4929 3466 4999 νηὸς
3499 4926 3822 5001 ἐπεμελεῖτο

2168 5025 2269 5078 τοῦ
2296 5021 2571 5093 σώματος.
2608 5020 2705 5075 Καὶ
2762 5020 2866 5094 γὰρ
2926 5021 2977 5074 οἱ
3037 5017 3481 5092 ναδτιλλόμενοι,
3547 5020 3821 5093 χειμῶνος

2169 5111 2259 5167 καὶ
2297 5107 2577 5172 κλύδωνος
2609 5104 3033 5175 καταλαϐόντος,
3092 5108 3267 5163 ἇσιοοι
3323 5105 3661 5179 διαμένουσι,
3719 5110 3817 5159 πᾶ-

2168 5220 2263 5256 σαν
2291 5200 2391 5268 τὴν
2423 5201 2549 5275 παρ’
2581 5197 2782 5253 ἐαυτῶν
2814 5198 3015 5273 τέχνην
3064 5202 3144 5269 τῷ
3199 5197 3307 5273 πρὸ
3366 5192 3666 5274 ὀφθαλμῶν
3714 5215 3827 5248 κιν-

2170 5287 2315 5362 δύνῳ
2346 5287 2721 5351 ἀντιτιθέντες·
2756 5288 2993 5358 ὁπηνικα
3025 5285 3081 5341 δὲ
3110 5285 3320 5363 τύχωσι
3375 5288 3472 5339 τοῦ
3534 5288 3650 5356 ζῇν,
3703 5281 3828 5338 τότε

2165 5385 2266 5448 τῆς
2309 5374 2560 5453 δευτέρας
2594 5376 2866 5450 σωτηρίας
2913 5381 3195 5431 ποιοῦνται
3243 5377 3342 5444 τήν
3399 5369 3678 5452 φροντίδα·
3734 5371 3826 5425 καὶ

2168 5468 2278 5545 οὐχ
2307 5468 2445 5529 ἅπας
2473 5466 2649 5521 αὐτῶν
2680 5467 2708 5521 ὁ
2739 5467 2938 5542 χρόνος
2967 5466 3104 5542 πρὸς
3135 5467 3225 5520 τὸν
3264 5463 3427 5519 σάλον
3458 5470 3560 5534 τῆς
3617 5459 3825 5515 θαλάσο

2166 5579 2266 5629 σης
2314 5554 2783 5611 καταναλίσκεται·
2848 5556 3030 5629 ὣσπερ
3080 5551 3137 5609 δὲ
3195 5552 3505 5609 ἀνάπαυλαν
3563 5548 3821 5624 δέχονται

2164 5651 2273 5704 τῶν
2296 5644 2479 5701 πόνων
2507 5645 2606 5714 τήν
2644 5644 2990 5720 βραχυτάτην
3020 5642 3286 5720 γαλήνην·
3328 5642 3417 5697 καὶ
3469 5636 3584 5697 οὐδ’
3640 5637 3819 5702 οὕτως

2166 5734 2487 5811 ἀμερίμνως
2519 5730 2818 5810 διάγουσιν,
2860 5733 2982 5790 οὕτε
3030 5733 3138 5807 μὴν
3197 5732 3347 5805 ὕπνῳ
3405 5732 3559 5809 βαθεῖ
3614 5727 3820 5796 καθέλ-
