4162 6386
384 461 530 526 Ηθῖ

1516 470 1556 525 V
1573 473 1691 526 l'l‘A
1745 468 2074 526 SANtZ'l‘zE
2120 467 2211 524 SY
2226 467 2264 522 N
2278 462 2647 533 CLI‘I'l‘lCAE.

3628 445 3783 510 “98

377 623 582 669 κονται,
618 608 804 673 πεῖραν
855 601 1148 676 ἐσχηκότες
1207 608 1311 656 τῶν
1374 601 1737 671 ἀπελθόντων,
1797 601 1882 653 καὶ
1945 598 2019 652 ἒν-

2141 599 2441 655 teritorum
2476 594 2891 666 experimento,
2928 594 3374 659 futurorumque
3422 584 3783 658 praescientia

378 712 526 744 νοιαν
557 686 926 763 λαμϐάνοντες
956 696 1062 744 τῶν
1102 690 1432 762 μελλόντων.
1469 689 1530 746 Ei
1561 691 1658 764 γὰρ
1691 690 1777 742 καὶ
1828 689 1854 741 6
1907 708 2022 762 χει-

386 780 500 852 μὼν
538 779 815 850 ἐκόπασεν,
850 777 974 834 ἀλλ’
1006 781 1039 848 ἡ
1073 778 1310 833 Θάλασσα
1349 781 1410 832 ού
1466 777 1784 850 μεμείωται*
1836 778 1923 830 καὶ
1981 777 2023 828 εἰ

381 868 631 943 παρῆλθε
687 869 748 922 τὸ
809 865 1074 943 δεύτερον,
1135 867 1259 923 ἀλλ’
1291 867 1440 940 ὅμως
1469 869 1530 921 τὸ
1562 871 1774 941 πρῶτον
1805 866 2024 938 Ῐτρίτον]

388 957 620 1031 μένει-εἷ
648 959 734 1011 καὶ
767 958 828 1010 τὸ
853 958 1138 1032 γενόμενον
1167 959 1518 1032 κεχώρισται,
1555 954 1697 1010 ἀλλά
1727 956 1786 1007 τὸ
1835 960 2024 1008 ποιοῦν

380 1047 655 1122 πάρεστιν.
708 1047 894 1108 Οὕτως
944 1048 1032 1099 οὖν
1087 1047 1173 1100 καὶ
1208 1045 1291 1100 ἐπὶ
1324 1051 1416 1100 τοῦ
1449 1045 1736 1120 παρόντος,
1772 1044 1817 1097 εἷ·
1848 1044 1932 1097 καὶ
1965 1045 2023 1097 τὸ

380 1141 594 1208 πνεῦμα
622 1142 719 1203 τῆς
752 1135 1037 1206 ἐπιουμῖας
1070 1133 1398 1204 ἀπήλασται,
1431 1132 1557 1188 ἀλλ’
1603 1132 1752 1203 ὅμως
1789 1133 1814 1185 ὁ
1877 1131 2019 1200 ἐξου-

383 1225 578 1293 σιάζων
607 1224 800 1278 τούτου
833 1224 893 1277 οὐ
932 1225 1135 1297 μακράν
1181 1225 1463 1297 τυγχάνει.
1523 1225 1677 1284 "002v
1734 1219 1814 1274 δεῖ
1872 1218 2021 1274 ἀδια-

379 1312 620 1374 λείπτως
651 1313 1044 1388 προσεύχεσθαι
1081 1310 1167 1366 διὰ
1198 1312 1258 1366 τὸ
1289 1307 1540 1366 ἀϐέϐαιον
1589 1318 1688 1379 τῆς
1749 1310 2025 1379 Θαλάσσης

378 1404 470 1457 καὶ
498 1403 596 1469 τὴν
631 1403 878 1476 ἁλμυρὰν
910 1407 1004 1455 τοῦ
1037 1401 1236 1477 ἐχθροῦ
1265 1401 1472 1457 κακίαν.
1504 1402 1567 1456 Ἣ
1621 1398 1710 1454 οὖν
1770 1399 2022 1472 μακαρῖα,

380 1488 619 1563 ἀκριϐῶς
652 1489 822 1546 εἰδυῖα
850 1492 912 1546 τὸ
959 1492 1126 1567 παρὸν
1179 1491 1242 1545 ἐν’
1279 1493 1358 1563 τῷ
1411 1490 1512 1566 βίῳ
1550 1487 1874 1560 κλυδώνιον,
1934 1489 2022 1542 καὶ

381 1577 768 1654 προϐλέπουσα
820 1580 913 1641 τὰς
971 1585 1075 1634 τῶν
1136 1582 1454 1653 πνευμάτων
1517 1578 1700 1648 ζάλας,
1749 1576 2025 1649 ἐπιμελῶς

381 1671 448 1740 ἦν
483 1669 794 1739 οἷακίζουσα
822 1670 884 1724 τὸ
908 1667 1052 1724 ’ἱδιον
1085 1669 1286 1748 σκάφος
1315 1673 1383 1743 τῇ
1444 1668 1520 1730 εἰς
1578 1669 1703 1722 Θεὸν
1765 1663 2022 1737 εὐσεϐείᾳ-

382 1760 470 1817 xei
501 1761 601 1834 γάρ
642 1758 974 1834 ἀχείμαστον
1023 1758 1150 1813 αὐτὸ
1197 1763 1276 1830 τῷ
1323 1757 1580 1832 σωτηρίῳ
1629 1755 1806 1829 λιμένι
1867 1776 2028 1830 προσ-

385 1853 643 1926 ώρμισεν,
678 1851 912 1924 ἄγκυραν
941 1849 1347 1927 ἀσφαλεστάτην
1393 1849 1492 1917 την
1540 1847 1614 1909 εἱς
1662 1847 1789 1903 Θεὸν
1849 1845 2026 1901 πίστιν

384 1952 439 2004 θε
450 1941 542 2012 μέν
552 1963 582 2009 η
598 1984 606 1993 .

449 2032 538 2084 ‘20.
573 2026 961 2090 Ἀποστολικὸς
997 2029 1089 2100 μὲν
1134 2028 1224 2082 οῦν
1275 2026 1444 2095 αότῆς
1503 2027 1530 2080 6
1592 2025 1731 2101 βίος,
1785 2022 1872 2079 διά
1929 2025 2022 2079 πί-

380 2139 544 2178 στεως
577 2117 666 2172 καὶ
723 2116 1108 2189 ἀκτημοσύνης
1156 2115 1606 2194 συσριγγόμενος,
1660 2110 1736 2169 ἔτι
1795 2135 1857 2190 γε
1917 2115 2024 2187 μὴν

382 2208 563 2282 ἀγάπῃ
626 2205 714 2260 καὶ
766 2205 1233 2281 ταπεινοφροσύνῃ
1297 2202 1647 2276 διαλάμπων.
1717 2203 1861 2274 Αῦτη
1931 2208 2027 2258 τοῦ

1763 2288 1955 2362 Ἐπιϐη
1967 2294 2029 2346 συὶ

1693 2381 1779 2435 ἰπὶ
1856 2387 2024 2436 πᾶσαν

381 2295 654 2367 σωτηρὲου
714 2293 880 2370 λόγου
938 2296 1036 2362 τὴν
1096 2296 1284 2366 πρᾶξιν
1366 2292 1678 2363 ἰξετέλεσεν.

380 2384 481 2459 γάρ
540 2382 624 2436 ἐπὶ
685 2381 884 2438 ἀσπίδα
947 2383 1036 2437 καὶ
1125 2382 1460 2456 βασιλίσκον,
1535 2382 1622 2436 καὶ

381 2475 480 2540 τὴν
525 2469 751 2544 δύναμιν
800 2476 898 2527 τοῦ
957 2467 1176 2546 ἔχθροῦ.
1236 2471 1463 2532 Οἷκείως
1523 2470 1656 2540 αῦοη
1717 2470 1916 2539 ’ἤκουσε
1945 2470 2024 2524 τό·

1168 2560 1341 2613 πιστέ·
1417 2558 1501 2612 ἐπὶ
1560 2558 1759 2634 ὀλίγων
1813 2559 1880 2627 ἧς
1937 2581 2028 2613 πι-

1554 2649 1630 2704 Ta
1709 2645 1766 2703 δὲ
1841 2647 2026 2722 ῥητὸν,

387 2737 431 2792 εἰ
490 2740 577 2792 καὶ
636 2743 742 2792 τῶν
805 2735 1018 2812 δωρεῶν
1082 2738 1350 2811 ἀνάγεται,
1409 2736 1534 2792 ἀλλ’
1592 2736 1745 2806 ὅμως
1806 2735 2030 2798 ἐνταῦθα

385 2559 480 2628 Εὖ,
541 2558 702 2615 δοῦλε
768 2561 927 2636 ἀγαθὲ
1001 2561 1088 2614 καὶ

385 2651 532 2718 στὸς,
585 2648 668 2702 ἐπῖ
729 2647 953 2702 πολλῶν
1015 2669 1070 2701 σε
1135 2651 1474 2717 καταστήσω.

383 2827 627 2895 νοεῖσΟω,
688 2827 760 2887 ὡς
789 2830 905 2880 Ὅτι
941 2827 1192 2895 ἐνίκησας
1239 2827 1330 2880 τὸν
1379 2823 1565 2880 ἔνυλον
1620 2825 1886 2898 πόλεμον,
1938 2825 2028 2880 καὶ

381 2917 517 2970 κατὰ
547 2921 642 2970 τοῦ
674 2915 842 2969 ἁύλου
876 2914 930 2969 δὲ
962 2916 1218 2990 τρόπαιον
1277 2914 1488 2984 πήξεις,
1548 2914 1681 2986 ἐμοῦ
1742 2913 2029 2990 ὑπερασπὶ-

384 3010 570 3074 ζοντος
601 3027 716 3060 σου.
757 3006 1041 3058 Γντῦτωσαν
1069 3006 1130 3058 τὸ
1186 3005 1411 3078 μέγεθος
1442 3011 1542 3072 τῆς
1573 3003 1805 3065 πίστεως
1838 3005 1890 3058 αἱ
1926 3003 2027 3057 ὑπὸ

376 3099 473 3148 τοῦ
506 3094 829 3169 Θεράποντός
882 3116 985 3166 μου
1039 3092 1256 3148 Παύλου
1289 3092 1530 3167 ῥηθεῖσαι
1566 3093 1731 3167 ἀρχαὶ
1763 3093 1850 3146 καί
1884 3092 2028 3162 ἐξου-

378 3181 507 3237 σίαι·
569 3185 788 3252 νικήσας
831 3183 930 3257 γάρ
981 3184 1074 3242 τὰς
1142 3181 1376 3243 ἐναντῖας
1429 3179 1704 3253 δυτάμεις,
1761 3201 2026 3255 προσομι-

379 3268 568 3340 λῆσεις
601 3271 689 3323 καὶ
718 3276 835 3331 ταῖς
865 3270 1185 3344 κρεῖττοσιν.

448 3362 537 3414 21.
571 3358 756 3419 Οὕτως
794 3360 886 3431 μὲν
922 3359 1012 3411 οῦν
1059 3360 1176 3412 καθ’
1234 3359 1426 3426 ἑαυτὴν
1486 3359 1858 3434 ἀναχωροῦσα,
1916 3363 2024 3413 τῶν
2055 3333 2096 3400 C

376 3447 588 3523 ἀγαθῶν
639 3445 810 3521 ἔργων
857 3447 1236 3521 τελεσιουργὸς
1281 3448 1504 3523 ἐγίνετο.
1561 3454 1665 3501 Τοῦ
1715 3447 1772 3504 δὲ
1821 3449 2025 3525 χρόνου

375 3535 689 3612 προϊόντος,
723 3536 812 3590 καὶ
842 3541 949 3590 τῶν
981 3535 1182 3611 ἀρετῶν
1217 3537 1383 3606 αὐτῆς
1431 3539 1728 3602 ἀνθουσῶν,
1761 3541 1794 3608 ἡ
1831 3537 2026 3594 εὗωδὲα

373 3629 482 3679 τῶν
505 3624 904 3680 εὐκλεεστάτων
955 3626 1122 3694 αὐτῆς
1155 3625 1332 3679 πόνων
1389 3625 1463 3685 εἷς
1515 3626 1762 3689 πολλοὺς
1822 3624 2024 3682 διέϐαι-

371 3734 477 3769 νεν.
535 3711 699 3768 Οὐδὲν
754 3715 878 3788 γὰρ,
940 3714 1094 3790 φησὶ,
1151 3715 1384 3790 κρυπτὸν
1443 3715 1473 3768 6'
1529 3715 1590 3769 ού
1647 3720 2023 3793 φανερωθήσε-

371 3823 483 3860 ται.
545 3801 671 3859 Οἵδε
723 3803 826 3877 γάρ
875 3803 902 3856 6
952 3801 1083 3863 Θεὸς
1114 3803 1240 3864 τοὺς
1273 3802 1430 3857 αὐτὸν
1465 3804 1782 3879 ἀγαπῶντας
1812 3806 1901 3858 καὶ
1956 3804 2027 3859 δι’

378 3893 570 3946 ἑαυτοῦ
635 3891 920 3964 κηρύττειν
1000 3891 1134 3966 πρὸς
1193 3889 1477 3966 διόρθωσιν
1536 3898 1641 3946 τῶν
1699 3895 2021 3950 ἀκουόντων.

372 3980 507 4035 Τότε
541 3982 633 4053 μὲν
670 3979 761 4035 οῦν
793 3985 860 4054 τῇ
899 3979 1158 4056 βουλήσει
1188 3985 1284 4034 τοῦ
1332 3981 1639 4054 κρείττονος
1671 3981 1896 4055 ἤρξαντό
1939 4005 2021 4036 τι-

373 4090 461 4132 νες
502 4064 897 4143 παραϐάλλειν,
930 4069 1182 4144 καὶπρὸς
1215 4067 1512 4142 οἰκοδομὴν
1548 4070 1743 4124 οἶκεῖαν
1792 4072 1887 4133 τὰς
1944 4072 2022 4126 ἐν·

372 4158 575 4228 τεύξεις
635 4163 926 4222 ποιεῖσθαι·
987 4157 1074 4212 καὶ
1122 4157 1221 4234 γάρ
1276 4155 1364 4212 διὰ
1410 4163 1517 4212 τῶν
1581 4158 1760 4233 λόγων
1812 4160 1877 4214 τὰ
1926 4165 2021 4214 τοῦ

377 4246 499 4322 βίου
557 4245 721 4315 αὐτῆς
769 4245 1198 4321 ἐμπορευόμεναι
1264 4245 1351 4301 ἐπὶ
1398 4247 1568 4302 πλέον
1627 4250 2018 4324 προσηγγιζον,

373 4333 699 4412 ὠφελεῖσθαι
761 4333 1113 4410 βουλόμεναι.
1149 4337 1293 4389 Κατά
1343 4335 1446 4409 γὰρ
1476 4337 1574 4405 τήν
1633 4338 1834 4410 συνήθη
1891 4338 2019 4391 ἀκο-

371 4424 595 4488 λουθίαν
633 4423 984 4488 ἐπυνθάνοντο
1017 4422 1182 4493 αὐτῆς
1213 4423 1484 4500 λέγουσαι.⁹
1547 4429 1666 4488 Πῶς
1719 4424 1801 4480 δεῖ
1849 4428 2021 4496 σωθῆ-

367 4532 494 4582 vzt;
557 4515 590 4582 ἡ
654 4511 729 4583 δὲ,
789 4512 1074 4584 στενάξασα
1143 4513 1298 4590 βαρὺ,
1359 4513 1446 4568 καὶ
1507 4511 1752 4591 δακρύων
1803 4513 2018 4584 πλῆθος

368 4602 584 4678 ἀφεῖσα,
619 4601 695 4663 εἷς
753 4602 944 4670 ὲαυτήν
997 4601 1220 4677 ἐχώρει,
1264 4602 1354 4656 καὶ
1410 4600 1588 4677 ὣσπερ
1640 4600 1730 4658 διά
1773 4608 1882 4658 τῶν
1929 4602 2017 4658 δα-

2138 686 2432 742 instructi.
2468 683 2609 738 Nam
2645 682 2749 737 etsi
2785 684 3102 751 tempestas
3135 678 3336 732 sedata
3368 673 3466 738 sit,
3518 678 3577 728 at
3623 688 3784 726 mare

2137 775 2516 829 imminutum
2554 789 2664 825 non
2704 770 2829 839 fuit,
2863 777 2920 824 et
2950 769 2995 823 si
3043 767 3369 822 secundum
3418 761 3782 834 praeterierit,

2136 865 2372 919 tertium
2406 865 2668 916 remanet
2703 876 2715 913 :
2750 875 2814 912 ac
2846 859 2893 912 si
2927 857 3080 928 quod
3117 854 3331 908 accidit
3363 856 3651 907 remotum
3672 856 3784 914 est,

2135 970 2332 1007 verum
2368 952 2530 1004 adest
2566 949 2723 1003 illius
2755 964 2952 1002 causa.
2986 946 3078 999 Sic
3096 944 3271 998 etiam
3307 943 3364 996 in
3401 959 3462 997 re
3493 939 3786 1012 praesenti,

2136 1042 2244 1097 etsi
2274 1041 2520 1112 spiritus
2551 1035 3038 1106 concupiscentia:
3085 1033 3294 1105 pulsus
3348 1030 3476 1095 fuit,
3528 1035 3784 1084 attamen

2139 1132 2292 1186 haud
2330 1129 2526 1200 procul
2558 1133 2645 1183 est
2678 1129 2725 1180 is
2770 1128 2879 1180 sub
2926 1125 3096 1195 cujus
3147 1122 3368 1177 ditione
3417 1122 3524 1174 est.
3571 1119 3784 1182 Quatu-

2136 1222 2331 1275 obrem
2370 1217 2765 1272 indesinenter
2797 1213 3185 1279 orandum,ob
3221 1209 3400 1264 maris
3432 1206 3783 1261 instabilita-

2137 1314 2252 1364 tem
2286 1313 2340 1361 et
2373 1306 2805 1377 salsuginosam
2843 1301 3061 1357 inimici
3104 1297 3452 1370 nequitiam.
3485 1299 3656 1349 Beata
3689 1293 3768 1364 igi

2138 1398 2554 1467 turilla,gnara
2582 1399 2997 1466 tempestatum
3021 1391 3201 1462 hujus
3231 1385 3794 1460 vitee,prospiciens--

2139 1505 2249 1559 que
2279 1492 2582 1542 ventorum
2619 1483 2920 1554 procellas,
2941 1479 3217 1536 naviculas
3250 1495 3369 1533 sum
3392 1473 3790 1548 gubernacula

2140 1579 2348 1649 pietate
2382 1592 2518 1646 erga
2553 1575 2733 1630 Deum
2774 1591 2880 1628 sua
2924 1571 3231 1642 dirigebat,
3275 1581 3524 1637 eamque
3571 1581 3604 1618 a
3635 1569 3783 1618 tem-

2139 1670 2362 1738 pestate
2397 1663 2751 1719 incolumem
2777 1663 2847 1716 ad
2901 1659 3215 1715 salutarem
3251 1661 3483 1728 portum
3519 1652 3652 1708 fecit
3681 1669 3782 1720 ap-

2138 1753 2371 1827 pellere,
2407 1753 2712 1824 posuitque
2752 1749 3066 1806 anchoram
3100 1745 3486 1811 tutissimam,
3521 1742 3693 1798 tidem
3727 1740 3784 1794 in

2139 1843 2364 1902 Jesum.

2206 2025 2293 2078 ‘20.
2331 2021 2651 2094 Apostolica
2677 2027 2798 2075 erat
2830 2019 2988 2074 illius
3035 2019 3171 2085 vita,
3205 2017 3319 2072 fide
3356 2019 3413 2070 et
3458 2011 3786 2069 voluntaria

2139 2117 2483 2186 paupertate
2529 2109 2864 2176 constricta,
2930 2106 3210 2163 charitate
3259 2102 3556 2176 refulgens
3609 2105 3784 2167 atque

2138 2202 2491 2258 humilitate.
2531 2201 2662 2272 Ipsa
2694 2198 2969 2254 salutaris
3001 2196 3288 2252 sermonis
3339 2210 3485 2265 opus
3517 2190 3737 2263 peregit
3769 2208 3782 2245 :

2137 2293 2451 2349 Ambulatis
2471 2290 2650 2356 enim,
2683 2288 3080 2360 inquit,super
3109 2284 3351 2357 aspidem
3380 2291 3432 2338 et
3462 2280 3785 2337 basiliscum

2136 2387 2185 2436 et
2215 2397 2377 2451 super
2406 2395 2618 2434 omnem
2648 2378 2904 2432 virtutem
2953 2377 3172 2430 inimici
3201 2375 3265 2427 ⁸³.
3319 2373 3616 2451 Audierat
3643 2385 3783 2451 sane

2137 2449 2629 2532 ipsahujusmodi
2671 2472 2867 2512 vocem
2901 2471 2913 2508 :
2951 2456 3113 2526 Euge,
3163 2470 3317 2508 serve
3349 2452 3481 2506 bone
3508 2460 3558 2505 et
3587 2449 3783 2520 ﬁdelis,

2137 2551 2266 2620 quia
2294 2565 2462 2618 super
2489 2564 2673 2619 pauca
2701 2545 2862 2617 fuisti
2889 2545 3085 2614 ﬁdelis,
3113 2559 3276 2614 super
3304 2542 3481 2596 multa
3509 2543 3559 2594 te
3588 2538 3785 2595 consli-

2137 2648 2293 2693 tuam
2318 2639 2384 2693 ⁸-⁸.
2419 2639 2553 2701 Quas
2585 2636 2822 2707 quidem
2857 2633 3147 2689 sententia
3195 2633 3328 2687 licet
3379 2634 3664 2686 referatur
3709 2628 3779 2682 ad

2139 2729 2313 2792 dona,
2347 2732 2602 2781 attamen
2638 2725 2744 2779 hoc
2774 2722 2898 2778 loco
2926 2722 3008 2778 sic
3042 2721 3402 2791 intelligatur
3433 2736 3446 2774 :
3480 2717 3622 2785 Quia
3653 2732 3783 2771 cor-

2140 2816 2322 2888 porali
2353 2815 2533 2869 vicisti
2569 2813 2785 2886 prae-lio,
2819 2811 2992 2866 etiam
3023 2811 3094 2865 de
3121 2809 3411 2882 spirituali
3433 2805 3670 2862 victoria
3692 2820 3782 2860 me

2139 2903 2459 2960 auxiliante
2490 2906 2771 2972 tropaeum
2804 2900 3013 2971 eriges.
3048 2899 3322 2963 Noscant,
3358 2895 3489 2951 fidei
3523 2900 3634 2949 tua:
3661 2910 3781 2948 ma-

2137 2992 2508 3064 gnitudinem
2544 2989 2906 3062 principatus
2936 2992 2994 3042 et
3024 2991 3385 3059 potestatesa
3412 2983 3630 3038 famulo
3654 2999 3781 3036 meo

2139 3081 2316 3138 Paulo
2349 3083 2677 3136 memoratae
2712 3096 2724 3134 :
2760 3094 2892 3132 nam
2939 3093 3066 3147 quas
3122 3074 3412 3146 superasti
3461 3071 3781 3129 contrarias
3831 3100 3834 3103 -

2138 3173 2475 3242 potestates,
2509 3183 2641 3222 cum
2677 3164 3180 3240 prmstantioribus
3216 3161 3556 3221 versaberis.

2203 3367 2292 3420 21.
2330 3365 2413 3419 Ad
2448 3364 2603 3419 hunc
2632 3378 2767 3435 ergo
2795 3363 3034 3419 modum
3068 3361 3330 3418 solitaria
3362 3361 3780 3424 secedens,bo-

2134 3454 2225 3509 nis
2257 3453 2528 3524 Operibus
2559 3453 2816 3508 vacabat.
2855 3452 2914 3506 In
2959 3452 3083 3506 dies
3115 3457 3310 3507 autem
3361 3467 3490 3505 cum
3539 3451 3781 3505 virtutes

2134 3543 2294 3598 illius
2321 3544 2612 3608 florerent,
2649 3542 2837 3597 bonus
2860 3542 3003 3596 odor
3037 3539 3620 3613 prreclarissimorum
3653 3540 3780 3610 ejus

2136 3632 2404 3688 laborum
2438 3633 2507 3686 ad
2543 3631 2760 3686 multos
2795 3630 3113 3702 permeavit
3146 3647 3158 3684 :
3188 3630 3340 3684 Nihil
3371 3628 3778 3700 enim,inquit,

2135 3730 2212 3776 est
2255 3722 2522 3777 occultum
2571 3721 2710 3791 quod
2759 3737 2867 3776 non
2912 3720 3184 3774 reveletur
3229 3719 3294 3772 ⁸⁵.
3341 3718 3500 3774 Solet
3566 3717 3779 3790 quippe

2135 3809 2288 3865 Deus
2314 3827 2412 3865 eos
2446 3809 2546 3881 qui
2579 3827 2641 3864 se
2673 3809 2945 3881 diligunt,
2981 3808 3158 3863 etiam
3193 3824 3292 3880 per
3340 3824 3467 3864 sese
3498 3810 3666 3863 notos
3699 3807 3779 3860 fa-

2133 3899 2360 3960 eere,ad
2394 3899 2808 3953 correctionem
2832 3898 3204 3970 fructumque
3226 3895 3779 3952 audientium.Tunc

2133 3988 2314 4058 igitur
2344 4004 2410 4041 ex
2446 3987 2624 4040 divini
2660 3987 2931 4041 Numinis
2975 3986 3239 4054 consilio,
3291 3990 3587 4056 cceperunt
3632 4001 3780 4039 non-

2134 4077 2305 4128 null:e
2346 4075 2506 4129 illam
2543 4075 2725 4140 adire,
2754 4081 2809 4129 et
2840 4076 2909 4129 ad
2947 4074 3258 4130 utilitatem
3293 4092 3454 4129 suam
3489 4072 3779 4144 colloquia

2131 4181 2261 4218 cum
2297 4181 2364 4218 ea
2395 4163 2657 4229 miscere,
2691 4181 2757 4218 ex
2789 4163 3097 4235 colloquiis
3129 4163 3282 4218 enim
3316 4163 3444 4217 vitte
3488 4162 3646 4217 illius
3687 4180 3776 4217 ra-

2130 4253 2345 4307 tionem
2382 4251 2673 4307 lucrantes
2701 4253 2915 4324 saepius
2947 4252 3318 4320 accedebant,
3346 4252 3637 4324 profectus
3660 4268 3782 4306 am-

2132 4341 2332 4413 plim'is
2364 4342 2867 4412 percupidaa.Nam
2901 4360 3004 4413 pro
3039 4347 3268 4412 recepto
3306 4357 3464 4396 more
3497 4341 3780 4412 rogabant

2129 4446 2255 4484 eam
2285 4446 2297 4483 τ
2323 4447 2438 4500 qua
2470 4429 2561 4484 via
2583 4428 2831 4484 salutem
2852 4430 3128 4502 consequi
3151 4429 3504 4500 oportet.llla
3529 4429 3783 4500 graviter

2129 4519 2539 4588 ingemiscens,
2579 4535 2791 4589 magna
2821 4520 3005 4572 effusa
3035 4519 3085 4572 vi
3113 4517 3526 4590 lacryiuarum,
3550 4533 3668 4571 rem
3691 4535 3782 4572 se-

2128 4624 2259 4662 cum
2295 4607 2783 4680 perpendebat,ac
2804 4608 2974 4678 quasi
3002 4625 3101 4678 per
3129 4607 3421 4680 lacrymas
3446 4607 3778 4678 respondis-

368 4692 550 4764 κρύων
587 4692 684 4758 τὴν
743 4689 1028 4765 ἀπόκρισιν
1077 4692 1446 4762 ποιησαμένη,
1508 4688 1754 4768 δευτέραν
1813 4696 2022 4761 σιωπὴν

2138 4703 2218 4752 set
2253 4697 2770 4768 interrogantibus,
2806 4697 2862 4750 in
2896 4696 3132 4751 silentio
3165 4698 3373 4752 iterum
3427 4713 3487 4752 se
3519 4697 3775 4752 contine-

371 4779 549 4849 ἤσκει.
583 4781 648 4834 Ai
681 4777 757 4851 δὲ,
795 4779 1166 4848 συνελθοῦσαι,
1203 4775 1483 4849 ἐϐιάζοντο
1543 4780 1729 4837 λαλεῖν
1767 4782 1931 4852 αὐτὴν
1958 4784 2025 4838 τά

374 4869 635 4946 μεγαλεῖα
660 4875 755 4924 τοῦ
813 4873 968 4924 Θεοῦ·
1028 4868 1117 4922 καὶ
1177 4868 1280 4944 γὰρ
1343 4868 1641 4942 ἐθαύμαζον
1699 4871 1801 4926 ὑπὸ
1854 4872 2024 4945 μόνης

368 4964 471 5027 τῆς
540 4959 663 5019 Θέας
735 4955 1268 5029 καταπληττόμεναι·
1329 4956 1417 5011 καὶ
1478 4957 1629 5020 αὗθις
1681 4960 2020 5031 παρεκάλουν

375 5047 542 5116 αὐτὴν
577 5046 916 5124 φθέγξασθαι.
979 5046 1101 5100 Ἐπὶ
1134 5045 1276 5102 πολὺ
1310 5043 1367 5100 δὲ
1417 5053 1518 5114 τῆς
1553 5047 1816 5122 μακαρίας
1848 5045 2024 5104 ἐκϐια-

375 5137 631 5208 ζομένης,
697 5135 830 5206 μετά
862 5135 1061 5210 χρόνον
1091 5136 1293 5203 ἱκανὸν,
1326 5134 1545 5204 πολλῆς
1578 5136 1813 5210 ἡσυχίας
1869 5159 2020 5212 γενο-

377 5227 569 5298 μένης,
629 5229 855 5296 ταπεινῇ
911 5229 977 5297 τῇ
1030 5230 1183 5302 φωνῇ
1236 5225 1298 5280 τὸ
1357 5226 1619 5302 γραφικὸν
1680 5225 1850 5280 ἐκεῖνο
1919 5226 2017 5303 ἔφη

374 5314 524 5387 ῥῆμα
555 5313 637 5368 τό³
699 5315 787 5380 Μὴ
823 5312 1072 5381 ἐκσιάζου
1131 5316 1355 5383 πένητα·
1413 5315 1638 5389 πτωχὸς
1695 5315 1795 5391 γάρ
1855 5315 2018 5370 ἐστιν.

369 5405 436 5458 Αἱ
471 5401 526 5457 δὲ
557 5406 820 5477 παροῦσαι
868 5402 1108 5475 ἀσμένως
1162 5403 1224 5457 τὸ
1279 5403 1430 5478 ῥῆμα
1488 5401 1786 5477 δεξάμεναι,
1840 5402 2019 5477 ὣσπερ

377 5493 598 5564 μελιτος
630 5491 717 5545 καὶ
766 5491 960 5566 κηρίου
1009 5490 1465 5565 ἀπογευσάμεναι,
1525 5493 1610 5547 ἐπι
1670 5491 1861 5547 πλεῖον
1917 5501 2017 5562 τῆς

373 5581 693 5652 ἐρωτήσεως
745 5579 977 5654 εἴχοντο·
1031 5579 1116 5633 καὶ
1171 5578 1360 5634 λοιπὸν
1423 5579 1508 5635 διά
1573 5586 1680 5635 τῶν
1739 5586 2014 5660 γραφικῶν

447 5777 490 5811 ⁸³
522 5777 670 5834 Psal.
704 5793 794 5842 xc,
822 5780 925 5846 13;
961 5778 1096 5834 Luc.
1125 5795 1179 5848 x,
1216 5781 1301 5833 19.
1379 5780 1424 5813 ⁶⁴
1453 5781 1657 5834 Matth.
1691 5793 1818 5852 lxv,
1848 5782 1938 5853 21,
1969 5782 2058 5838 23.

2136 4787 2250 4841 bat.
2291 4785 2398 4842 lllte
2428 4803 2560 4840 vero
2596 4804 2705 4840 una
2729 4786 2840 4840 vim
2876 4787 3275 4840 afferebantut
3300 4786 3628 4857 loqueretur
3651 4803 3778 4839 ma-

2133 4877 2326 4942 gnalia
2359 4875 2454 4930 Dei
2484 4901 2496 4941 ;
2532 4879 2696 4929 erant
2727 4875 2880 4929 enim
2913 4875 3037 4929 solo
3066 4877 3144 4929 rei
3178 4875 3508 4945 spectaculo
3541 4881 3778 4946 stupore

2135 4964 2812 5035 perculsmﬁursumque
2848 4963 3131 5034 rogabant
3169 4981 3294 5017 eam
3331 4970 3392 5017 ut
3423 4963 3776 5034 loqueretur.

2135 5055 2498 5123 Domumque
2532 5053 2584 5105 vi
2629 5051 2954 5123 compulsa,
3010 5057 3142 5123 post
3186 5052 3451 5106 diuturni
3497 5053 3779 5124 temporis

2133 5142 2384 5212 quietem
2421 5158 2485 5195 ac
2518 5140 2838 5206 silentium,
2884 5140 3088 5194 humili
3124 5157 3258 5194 voce
3289 5156 3415 5194 eam
3465 5141 3780 5211 Scripturae

2135 5228 2373 5299 protulit
2423 5229 2776 5283 sententiam
2812 5246 2822 5283 :
2858 5229 2932 5283 Ne
2961 5232 3134 5297 [actas
3178 5230 3499 5283 violentiam
3545 5232 3782 5300 pauperi

2133 5320 2288 5386 inops
2318 5319 2464 5370 enim
2495 5325 2578 5372 est
2604 5317 2794 5372 “.Hoc
2826 5317 3044 5371 dictum
3081 5317 3187 5370 illae
3219 5317 3464 5371 libenter
3489 5317 3777 5388 excipien-

2132 5411 2237 5470 tes,
2274 5406 2442 5475 quusi
2477 5405 2587 5459 mel
2620 5411 2680 5459 et
2710 5408 2901 5461 favum
2935 5405 3777 5476 degustassent,vehementius

2131 5495 2430 5549 instabant
2461 5494 3205 5566 interrogando,vocabulis
3237 5497 3509 5565 deinceps
3539 5512 3606 5550 ex
3631 5497 3777 5550 Scri-

2133 5588 2303 5654 ptura
2319 5583 2602 5637 mutuatis
2624 5583 2912 5653 urgebant
2950 5585 3340 5656 dicebantque
3358 5583 3468 5638 illi:
3489 5583 3670 5639 Gratis
3691 5601 3774 5639 ac-

2135 5782 2179 5816 “
2208 5779 2414 5835 Matth.
2449 5796 2504 5845 χ,
2534 5779 2620 5832 26.
2699 5779 2742 5812 ⁵⁸
2775 5778 2937 5832 Prov.
2970 5795 3108 5849 xm,
3139 5783 3231 5835 22.
