4162 6412
304 422 462 484 “99

1471 429 1538 487 S.
1584 427 2107 489 ATHANASIUS.
2135 459 2213 473 —
2243 428 2553 491 SPUBIA.

3570 426 3729 488 1500

306 557 507 628 cepisti
561 557 735 627 gratis
758 556 829 611 da
858 558 921 612 ⁸⁷.
952 563 1095 614 Cave
1126 575 1197 614 ne
1230 558 1357 615 luas
1389 575 1590 632 pmnas
1635 523 1958 615 absconditi

2088 557 2242 626 ιιύτὴν
2273 556 2533 635 ῥημάτων
2576 555 2946 636 ἐπεφόρτιζον·
2981 554 3169 633 ἔλεγον
3203 577 3306 633 γαρ
3350 556 3488 634 πρὸς
3532 556 3727 627 αὐτὴν,

306 646 512 703 talenti
543 646 732 703 instar
760 648 905 702 servi
939 647 1271 704 illius.Tum
1309 648 1409 704 illa
1426 651 1729 723 respondit
1762 668 1775 708 :
1810 651 1959 718 Quid

305 737 385 792 ita
418 736 488 791 de
520 752 612 789 me
633 736 949 807 peccatrice
980 738 1289 809 magniﬁce
1332 738 1587 807 sentitis,
1620 740 1789 810 quasi
1821 738 1960 795 boni

309 824 527 896 aliquid
564 825 797 880 fecerim
832 830 929 880 aut
961 827 1238 881 dixerim?
1259 828 1641 882 Communem
1673 828 1962 883 habemus

309 914 661 986 magistrum
687 915 1110 979 Dominum;ex
1131 917 1286 972 620
1311 917 1515 972 iisdem
1533 917 1791 972 fontibus
1812 917 1962 972 hau-

308 1003 497 1059 rimus
529 1002 863 1074 spirituales
896 1003 1134 1070 latices;
1168 1006 1507 1060 eorumdem
1534 1007 1778 1061 uberum
1813 1005 1963 1060 lacte

311 1092 627 1148 nutrimur.
663 1093 883 1149 Veteris
913 1094 1134 1149 scilicet
1164 1095 1424 1166 Novique
1460 1096 1962 1151 Testamentilllaa

308 1198 443 1237 vero
481 1200 493 1237 :
530 1182 680 1238 Sane
714 1183 985 1237 novimus
1023 1201 1127 1239 nos
1156 1200 1389 1256 quoque
1422 1201 1602 1240 unum
1640 1184 1810 1241 nobis
1836 1202 1964 1241 esse

308 1270 1087 1342 pasdagogumﬁcripturam
1120 1271 1809 1345 videlicet,eumdemque
1842 1291 1963 1329 ma-

307 1360 554 1431 gistrum
594 1376 606 1413 :
641 1363 918 1413 verumtu
953 1361 1143 1416 stadio
1168 1360 1431 1433 pervihili
1465 1362 1750 1417 virtutum
1771 1379 1963 1418 acces-

309 1447 531 1503 sionem
564 1446 861 1519 accepisti;
895 1465 1113 1520 parque
1142 1453 1231 1505 est
1260 1467 1358 1525 eas
1376 1467 1504 1522 quae
1533 1451 1764 1506 virtutis
1787 1468 1961 1507 usum

310 1552 375 1592 ac
408 1536 888 1591 consuetudinem
925 1542 1108 1593 nacta:
1134 1544 1295 1603 sunt,
1330 1546 1532 1611 utpote
1564 1540 1966 1612 fortiores,ju-

304 1623 555 1680 venibus
578 1640 745 1696 opem
765 1624 1154 1694 ferre,ctenim
1189 1626 1299 1683 hoc
1327 1628 1600 1700 prmcepit
1632 1629 1965 1685 communis

308 1712 592 1785 magister
622 1717 841 1771 noster.
874 1714 979 1772 His
1002 1716 1221 1772 auditis
1254 1718 1424 1774 beata
1453 1718 1635 1790 virgo,
1661 1720 1847 1775 instar
1875 1720 1964 1774 in-

306 1802 560 1859 fantium
597 1800 939 1859 lactentium
968 1806 1235 1877 erupitin
1263 1805 1698 1880 lacrymasllla:
1721 1824 1963 1863 concur-

2070 646 2145 709 ὡς
2200 649 2412 720 Δωρεὰν
2474 642 2689 715 ἔλαϐες,
2751 644 2954 722 δωρεὰν
3015 644 3125 709 δός.
3189 646 3286 701 Καί
3345 665 3531 725 φησιν·
3587 647 3729 722 ’Όρα

2074 736 2150 809 μὴ
2182 736 2279 805 τὴν
2312 735 2751 811 κρυψοτάλαντον
2786 736 2901 791 ἀντὶ
2932 740 3027 791 τοῦ
3072 735 3273 792 δούλου
3325 734 3589 810 ἀποτίσῃς
3643 734 3725 790 δί-

2069 845 2192 895 κην.
2225 830 2285 880 ἹΙ
2316 823 2375 880 δὲ
2401 826 2536 896 πρὸς
2568 824 2760 887 αὐτοῦς
2791 827 2864 898 (a)
2896 824 3061 879 εἶπεν·
3096 824 3164 882 Τί
3213 823 3384 886 οὕτως
3434 824 3559 901 περὶ
3592 823 3728 897 ἐμοῦ

2068 920 2169 983 τῆς
2239 912 2571 989 ἀμαρτωλοῦ
2639 915 2986 992 φαντάζεσοε,
3057 912 3129 976 ὦς
3189 911 3533 987 πραττούσης
3590 934 3644 968 τι
3692 913 3726 982 ἢ

2073 1002 2380 1078 λεγο·3σης;
2416 1003 2608 1059 Κοινὸν
2642 1000 2844 1079 ἔχομεν
2878 1000 3202 1058 διδάσκαλον
3234 1002 3324 1057 τὸν
3382 1002 3602 1077 Κύριον·
3671 1001 3732 1057 ἐκ

2069 1099 2170 1161 τῆς
2213 1091 2380 1161 αὐτῆς
2432 1095 2616 1167 πηγῆς
2676 1092 2950 1167 ἀρυόμεθα
2996 1093 3063 1147 τά
3107 1093 3442 1165 πνευματικὰ
3489 1092 3723 1164 νάματα·

2073 1180 2133 1235 ἐκ
2160 1184 2264 1235 τῶν
2316 1180 2490 1235 αὐτῶν
2555 1178 2613 1236 δὲ
2674 1185 2856 1253 μαζῶν
2891 1179 3506 1259 γαλακτοτροφούμεθα,
3538 1186 3636 1250 τῆς
3668 1201 3725 1234 τε

2074 1267 2317 1333 Παλαιᾶς
2353 1270 2572 1341 καὶτῆς
2603 1277 2804 1340 Καινῆς
2862 1272 3158 1342 Διαθήκης.
3208 1271 3273 1325 Al
3326 1267 3383 1325 δὲ
3439 1270 3577 1345 πρὸς
3626 1268 3723 1325 αὖ-

2072 1362 2171 1431 τήν
2230 1380 2407 1437 φασιν·
2456 1357 2695 1433 Οἷ’δαμεν
2750 1358 2839 1415 καῖ
2883 1362 3069 1432 ἡμεῖς,
3120 1358 3201 1415 ὅτι
3261 1358 3355 1432 μία
3392 1359 3533 1414 ἐστὶν
3568 1362 3726 1432 ἡμῶν

2073 1447 2447 1527 παιδαγωγὸς,
2487 1453 2522 1520 ἡ
2551 1451 2758 1526 Γραφὴ,
2796 1450 2889 1505 καὶ
2917 1450 2945 1504 ὁ
2984 1448 3144 1511 αὐτὸς
3204 1445 3553 1511 διδάσκαλος·
3602 1447 3734 1504 ἀλλ’

2072 1538 2209 1613 αὐτῇ
2245 1542 2319 1611 (b)
2352 1537 2681 1615 ἓπαγρ·5πνῳ
2713 1535 2922 1612 σπουδῇ
2955 1537 3263 1615 προὲκοψας
3320 1543 3440 1598 ταῖς
3491 1537 3724 1612 ἀρεταῖς·

2074 1627 2163 1682 καὶ
2196 1624 2314 1682 δέον
2348 1627 2442 1690 τὰς
2477 1627 2527 1682 ἐν
2562 1624 2662 1698 ἕξει
2692 1631 2800 1682 τῶν
2834 1626 3017 1683 καλῶν
3066 1624 3383 1702 γενομένας,
3435 1625 3512 1688 ὡς
3566 1622 3732 1680 δυνα-

2072 1717 2335 1792 τωτέρας,
2408 1715 2752 1791 ἐπιπράττειν
2819 1720 2935 1778 τοῖς
2993 1714 3320 1791 μειρακίοις·
3388 1718 3481 1770 καὶ
3541 1717 3647 1791 γὰρ
3707 1717 3736 1770 ὁ

2072 1807 2251 1870 κοινὸς
2280 1811 2440 1881 ήμῶν
2489 1804 2815 1868 διδασκαλος
2863 1810 3026 1861 τοῦτο
3066 1804 3510 1881 παρακελεύεται.
3557 1805 3617 1860 Ἣ
3673 1801 3732 1859 δὲ

313 1896 529 1958 rentes,
564 1891 900 1964 posthabita
931 1894 1390 1966 percontatione,
1446 1897 1735 1970 rogabant
1782 1902 1849 1953 ut
1877 1896 1960 1953 la-

2088 1895 2334 1973 αακαρία,
2417 1900 2584 1951 ταῦτα
2667 1894 2960 1965 ἀκούσασα,
3049 1890 3229 1969 ὣσπερ
3302 1893 3370 1949 τὰ
3439 1892 3726 1958 ὑποτίτθια

2088 1986 2105 1999 ιιι
2154 1985 2165 1999 Ι
2333 1984 2349 1999 ο
2393 1983 2411 1999 κ
2502 1987 2525 1999 Α
2590 1983 2604 1999 Ι
2674 1989 2700 1999 ιι
2849 1984 2895 1999 AI
2965 1980 3009 1999 ιχ
3198 1981 3263 1999 \A
3304 1987 3331 1997 υ
3504 1981 3518 1999 ἱ
3605 1978 3630 1999 δ

312 1979 617 2053 crymandi
648 1981 825 2036 ﬁnem
859 1983 1089 2038 faceret.
1123 1982 1309 2054 thue
1338 1984 1439 2039 illa
1469 1985 1815 2057 conquievit,
1839 1987 1964 2042 diu-

313 2074 556 2124 turnum
588 2069 780 2125 denuo
812 2070 919 2125 fuit
950 2069 1274 2127 silentium.
1309 2072 1525 2129 Exinde
1572 2091 1705 2131 vero
1755 2092 1963 2131 rursus

313 2158 703 2214 hortabantur
732 2159 927 2216 illam:
964 2177 1091 2233 quae
1111 2161 1513 2219 misericordia
1542 2170 1966 2236 commota,nec

313 2246 598 2320 ignorans
628 2264 754 2320 quae
786 2248 1014 2305 dictura
1034 2255 1191 2306 esset
1221 2268 1339 2307 non
1371 2250 1481 2307 sibi
1514 2253 1795 2309 honorem
1830 2252 1967 2308 alla-

314 2339 469 2402 tura,
501 2335 602 2392 sed
667 2336 980 2394 utilitatem
1031 2339 1103 2394 iis
1154 2339 1253 2410 qui
1293 2341 1538 2397 aderant
1584 2342 1855 2409 insitura,
1886 2343 1968 2398 ita

318 2442 649 2483 sermonem
681 2443 814 2483 orsa
843 2433 932 2484 est
952 2445 967 2485 :

2077 1985 2273 2064 βρέφη,
2331 1983 2774 2061 ἔκλαυθμῦριζεν.
2833 1984 2902 2041 Αἱ
2962 1980 3020 2038 δὲ
3076 1981 3448 2039 συνελθοῦσαι·
3501 1981 3553 2037 ἰν
3602 1978 3722 2037 δευ-

2072 2076 2216 2151 τὲρῳ
2284 2075 2503 2147 θέμεναι
2554 2074 2650 2142 τὴν
2701 2072 2986 2149 ἐρώτησιν,
3036 2071 3376 2148 παρεκάλουν
3426 2070 3591 2140 αῦτήν
3621 2074 3721 2125 τοῦ

2072 2161 2358 2237 κλαυθμοῦ
2434 2162 2762 2218 παύσασθαι.
2848 2162 2947 2217 Καὶ
3005 2161 3079 2223 ὡς
3136 2160 3432 2238 ἡσύχασεν,
3492 2158 3729 2216 ἐπιπολῦ

2072 2252 2239 2310 πάλιν
2295 2252 2499 2328 ἡσυχία
2564 2252 2791 2329 ἐγένετο.
2850 2250 3111 2326 ’Ήρξαντο
3169 2247 3227 2305 δὲ
3284 2247 3436 2314 αὖθις
3490 2269 3731 2326 παρακα-

2076 2340 2190 2398 λεῖν
2255 2340 2442 2412 αὐτήν.
2502 2342 2566 2396 Ἡ
2619 2337 2698 2409 δὲ,
2748 2338 3229 2417 σπλαγχνισθεῖσα,
3278 2336 3368 2394 καί
3398 2343 3617 2414 γνοῦσα,
3651 2336 3736 2393 ὅτι

2074 2430 2143 2488 τὰ
2173 2430 2442 2508 λεγόμενα
2471 2428 2533 2485 οὖ
2595 2429 2747 2504 νέμει
2806 2429 2942 2504 αὐτῇ
2988 2424 3226 2498 ἔπαινον,
3274 2434 3394 2492 ταῖς
3447 2426 3506 2484 δὲ
3536 2426 3742 2504 παρού-

323 2530 444 2574 σαις
475 2512 821 2586 κατασπείρει
851 2512 1139 2592 ὠφέλειαν,
1171 2512 1371 2591 ἤρξατο
1404 2515 1577 2594 λέγειν
1612 2518 1746 2594 πρὸς
1778 2517 1941 2581 αὐτὰς
1970 2516 2165 2581 οὕτως·

391 2603 481 2658 22.
520 2603 757 2675 Filiolaa,
790 2605 983 2660 cuncti
1014 2623 1080 2660 ac
1112 2615 1334 2663 cuncta;
1355 2608 1774 2682 novimus,qua
1794 2611 1969 2665 ratio-

321 2708 394 2748 ne
425 2691 675 2749 salutem
704 2710 1152 2766 consequamur,
1187 2696 1287 2751 sed
1321 2696 1546 2752 incuria
1580 2698 1907 2755 decidimus
1940 2715 1974 2754 a

326 2781 534 2839 salute.
569 2783 761 2839 Primo
791 2784 946 2838 enim
968 2789 1196 2856 oportet
1221 2802 1289 2841 ea
1320 2802 1549 2843 servare
1571 2804 1699 2860 quae
1731 2805 1834 2862 per
1866 2790 1972 2845 Do-

323 2870 467 2927 mini
491 2871 739 2944 graliam
754 2871 969 2929 tradita
992 2873 1158 2929 nobis
1173 2875 1493 2933 sunt.Sunt
1515 2880 1705 2933 autem
1730 2877 1932 2934 isthmc
1957 2894 1970 2934 :

324 2962 530 3032 Diliges
556 2962 852 3017 Dominum
904 2967 1079 3019 Deum
1121 2966 1279 3020 tuum
1307 2980 1378 3021 ex
1409 2971 1525 3023 tota
1554 2967 1747 3023 anima
1776 2972 1895 3040 tua,
1926 2976 1978 3026 et

322 3053 643 3124 proximum
670 3052 830 3107 tuum
857 3053 1247 3125 sicutteipsum
1266 3054 1419 3111 “.Ex
1439 3055 1601 3112 hisce
1620 3057 1975 3131 principium

326 3140 473 3213 legis
506 3144 789 3212 servatur,
820 3141 881 3196 in
912 3141 1005 3198 his
1028 3144 1391 3216 conquiescit
1418 3145 1617 3218 gratiae
1650 3146 1974 3219 plenitudo.

327 3230 524 3287 Brevis
553 3229 787 3302 quidem
822 3236 912 3287 est
939 3232 1249 3289 verborum
1282 3251 1486 3304 sonus,
1513 3237 1614 3292 sed
1647 3238 1838 3293 multa
1865 3237 1976 3294 im-

328 3335 652 3391 mensaque
680 3319 740 3374 in
770 3320 856 3377 eis
884 3321 1090 3378 virtus.
1124 3324 1201 3378 Ex
1233 3323 1325 3379 his
1357 3324 1512 3381 enim
1545 3326 1802 3399 pendent
1831 3344 1977 3383 oun-
2008 3366 2051 3435 ρ

333 3412 418 3435 ..ιη
455 3409 660 3435 ...ιζ-ν...
695 3408 853 3435 ..ι-εἶξα
916 3411 1301 3435 ΠΊ--.ι-ι--....---
1351 3413 1561 3435 “Aul---
1611 3415 1681 3435 Π--
1703 3431 1780 3435 -.ΔΑ
1831 3415 1973 3435 ‘I-_,!_

332 3412 423 3464 cta
454 3409 662 3463 animae
695 3408 878 3464 utilia.
916 3411 1305 3484 Testaturque
1351 3413 1563 3471 Paulus
1611 3415 1789 3472 ﬁnem
1831 3415 1978 3490 legis

331 3513 464 3553 esse
496 3495 839 3553 cbaritatem
871 3499 934 3553 ⁸ο.
969 3501 1155 3566 Quare
1183 3502 1472 3575 quidquid
1517 3503 1786 3560 homines
1836 3504 1981 3561 utile

335 3585 658 3641 secundum
694 3587 945 3658 gratiam
969 3588 1227 3661 Spiritus
1258 3590 1530 3660 dixerint,
1582 3610 1647 3648 ex
1699 3593 1983 3650 charitate

333 3673 525 3730 oritur
551 3679 606 3730 et
636 3675 696 3730 in
719 3691 847 3732 eam
881 3676 1392 3752 desinit.Adeoque
1423 3679 1545 3735 haec
1575 3684 1663 3736 est
1692 3682 1987 3753 salus,du-

335 3764 467 3836 plex
497 3763 777 3821 cbaritas.

2150 2610 2241 2665 2'2.
2276 2605 2493 2675 Τεκνία,
2555 2604 2748 2667 πάντες
2801 2603 2889 2659 καὶ
2950 2610 3115 2660 πᾶσαι
3173 2604 3236 2659 τὸ
3295 2605 3535 2674 σωθῆναι
3585 2599 3736 2657 οἴδα-

2086 2717 2204 2770 μεν,
2257 2693 2403 2750 ἀλλὰ
2459 2691 2548 2748 διὰ
2600 2701 2702 2763 τῆς
2750 2692 2965 2757 ,οἰκείας
3025 2691 3285 2767 ἀμελείας
3325 2700 3426 2764 τῆς
3456 2691 3734 2767 σωτηρίας

2081 2784 2511 2859 ἀπολειπόμεθα.
2573 2787 2663 2838 Δεῖ
2719 2782 2822 2859 γὰρ
2879 2786 3093 2858 πρῶτον
3146 2782 3215 2838 τὰ
3262 2779 3352 2837 διὰ
3379 2784 3477 2851 τῆς
3509 2783 3741 2859 χάριτος

2080 2880 2178 2931 τοῦ
2211 2874 2409 2949 Κυρίου
2465 2872 2832 2949 γνωρισθέντα
2890 2870 3199 2950 φυλάττειν.
3261 2870 3381 2928 Εἰσὶ
3435 2869 3493 2926 δὲ
3545 2875 3715 2926 ταῦτα

2085 2966 2411 3041 ’Δγαπήσεις
2483 2963 2573 3018 τὸν
2649 2961 2846 3038 Κύριον
2921 2960 3014 3016 τὸν
3083 2960 3210 3017 Θεόν
3285 2982 3381 3016 σου
3460 2960 3511 3032 ἐξ
3596 2959 3737 3031 ὅλης

2082 3061 2185 3125 τῆς
2230 3056 2417 3129 ψυχῆς
2476 3072 2592 3124 σου,
2651 3050 2742 3106 καὶ
2792 3049 2886 3106 τὸν
2943 3048 3179 3121 πλησίον
3234 3071 3329 3105 σου
3390 3050 3465 3112 ὡς
3523 3049 3737 3108 ἑαυτόν.

2084 3145 2174 3201 Ἐν
2230 3142 2436 3198 τούτων
2495 3143 2531 3211 ἡ
2581 3141 2729 3217 ἀρχῆ
2779 3145 2876 3196 τοῦ
2931 3139 3106 3213 νόμου
3160 3138 3507 3215 φυλάττεται,
3539 3138 3629 3195 καὶ
3684 3138 3738 3194 ἐν

2082 3233 2262 3305 τούτῳ
2290 3232 2353 3287 τὸ
2382 3230 2666 3307 πλήρωμα
2704 3236 2803 3301 τῆς
2852 3228 3080 3305 χάριτος
3132 3227 3544 3285 ἰπαναπαῦεται.
3600 3236 3743 3305 Βρα-

2087 3328 2215 3399 χεῖα
2265 3321 2358 3396 μὲν
2415 3324 2513 3376 τοῦ
2561 3318 2731 3394 λόγου
2782 3322 2817 3389 ἡ
2868 3318 3197 3397 ἒκφώνησις,
3243 3316 3391 3373 ἀλλὰ
3431 3317 3618 3388 πολλὴ
3650 3318 3745 3373 καὶ

2090 3410 2311 3485 ἄπειρος
2371 3412 2406 3480 ἡ
2457 3408 2508 3463 ἐν
2562 3408 2742 3481 τούτῳ
2789 3407 2986 3463 τούτου
3036 3405 3288 3482 δύναμις.
3341 3406 3522 3463 Πάντα
3546 3408 3648 3484 γὰρ
3679 3407 3751 3462 τὰ

2091 3499 2398 3578 ψυχωφελῆ
2450 3498 2510 3554 ἐκ
2553 3497 2758 3553 τοὸτων
2809 3496 3094 3573 ἤρτηνται·
3146 3496 3235 3552 καὶ
3281 3501 3544 3573 μαρτυρεῖ
3602 3500 3750 3551 Παῦ-

2093 3591 2214 3657 λος,
2248 3587 2425 3663 λὲγων
2453 3587 2528 3649 ὡς
2559 3583 2717 3648 τέλος
2768 3584 2942 3659 νόμου
2991 3587 3127 3641 εἴναι
3171 3587 3269 3654 τὴν
3321 3584 3555 3662 ἀγάπην.
3605 3588 3752 3641 "Os-at

2099 3679 2193 3753 μὲν
2228 3676 2316 3732 οῦν
2351 3678 2400 3732 ol
2436 3678 2712 3752 ἅνθρωποι
2744 3677 2998 3751 χρήσιμα
3036 3674 3171 3730 κατᾶ
3230 3676 3389 3751 χάριν
3437 3679 3535 3730 τοῦ
3581 3675 3749 3730 Ilva}-

2103 3788 2279 3842 μπτος
2339 3765 2584 3834 εἷ’πωσιν,
2644 3763 2703 3820 ἐκ
2753 3771 2852 3835 τῆς
2910 3765 3127 3840 ἀγάπης
3186 3762 3319 3835 ἐστὶ,
3378 3765 3467 3820 καὶ
3519 3764 3595 3827 εἷς
3654 3764 3752 3818 αὐ-

329 3852 429 3921 τὴν
456 3850 703 3923 τελευτᾷ.
738 3853 801 3909 Ἦ
834 3851 926 3907 οὗν
960 3854 1205 3930 σωτηρία
1233 3853 1400 3926 αὕτην
1432 3854 1597 3930 ἐστὶν,
1626 3859 1661 3927 ἡ
1697 3855 1867 3928 διπλῆ
1900 3856 2107 3934 ἀγάπη.

405 3943 498 3997 23.
521 3942 592 3997 Et
620 3941 766 3998 illud
789 3948 1062 4014 praeterea
1098 3945 1455 4017 addendum,
1498 3948 1651 4020 quod
1683 3965 1751 4004 ex
1784 3951 1986 4004 eadem

336 4030 619 4088 obaritate
649 4031 1061 4105 proficiscitur,
1096 4039 1159 4089 ut
1190 4052 1552 4109 unaquaeque
1599 4042 1868 4094 nostrum
1898 4038 1986 4093 in-

339 4119 570 4193 telligat
598 4121 737 4193 quid
770 4120 849 4177 sit
876 4126 1149 4195 appetere
1179 4125 1846 4197 majora.H:esitantibus
1870 4127 1989 4184 illis

337 4227 404 4268 ac
434 4209 1476 4287 denuointerrogantibus,respondit
1499 4215 1597 4271 illa
1629 4234 1641 4272 :
1674 4216 1797 4273 Non
1822 4216 1989 4289 igno-

342 4300 488 4356 ratis
513 4301 852 4373 parabolam
885 4302 1178 4377 Evangelii
1209 4304 1281 4360 de
1329 4305 1648 4362 centesimo
1697 4307 1986 4379 sexagesi-

343 4406 459 4459 mo,
490 4396 547 4446 et
578 4389 896 4447 tricesimo.
931 4393 1314 4449 Centenarius
1334 4410 1640 4467 numerus,
1675 4400 1872 4452 nostra
1902 4401 1993 4453 est

340 4478 626 4553 professio
660 4482 1138 4554 ;sexagenarius,
1162 4483 1588 4541 continentium
1624 4490 1853 4555 status;
1886 4486 1990 4542 tri-

344 4568 636 4636 cenarius,
661 4568 722 4626 in
755 4570 1024 4629 castitate
1054 4573 1349 4648 conjugali
1378 4575 1718 4632 viventium.
1753 4575 1821 4631 Et
1839 4593 1988 4648 pras-

343 4657 569 4715 clarum
600 4659 839 4730 quidem
872 4664 963 4716 est
1004 4678 1035 4715 a
1066 4662 1364 4718 tricesimo
1396 4663 1647 4719 transire
1670 4664 1727 4718 in
1752 4680 1989 4736 sexage-

344 4749 587 4816 simum,
612 4748 752 4819 quia
780 4749 1094 4806 aminimis
1121 4751 1190 4806 ad
1223 4754 1449 4824 majora
1480 4751 1779 4825 pervenire
1804 4770 1990 4825 opera:

342 4835 598 4909 pretium
631 4839 740 4891 est.
772 4837 817 4891 A
847 4838 1175 4908 majoribus
1225 4843 1419 4895 autem
1465 4841 1534 4896 ad
1581 4840 1811 4897 minora
1840 4842 1993 4898 bona

345 4925 721 4990 descendere,
754 4942 867 4980 non
900 4931 1067 4982 vacat
1096 4927 1372 4999 periculo.
1406 4929 1550 4984 Nam
1587 4929 1687 5002 qui
1719 4930 1895 4987 semel
1921 4932 1991 4987 ad

344 5013 631 5069 deteriora
665 5015 868 5087 vergit,
903 5032 1007 5070 nec
1043 5016 1098 5070 in
1133 5016 1380 5072 modicis
1431 5018 1753 5075 consistere
1784 5025 1991 5091 potest,

347 5105 448 5160 sed
479 5104 636 5160 velut
668 5105 737 5160 ad
774 5106 1131 5178 profundum
1162 5107 1435 5179 perniciei
1484 5109 1685 5164 fertur.
1719 5112 1993 5176 Qumdam

341 5193 528 5265 igitur
553 5194 884 5251 castitatem
908 5194 1198 5268 pollicitae,
1214 5213 1280 5252 ac
1299 5213 1366 5253 ex
1388 5198 1567 5253 animi
1593 5199 1994 5257 imbecillitate

346 5281 879 5351 allectm,excusant
908 5285 1316 5342 excusationes
1345 5286 1402 5341 in
1428 5288 1857 5359 peccatis.Nam
1882 5289 1993 5346 sibi

346 5371 517 5443 ipsis,
548 5373 667 5429 imo
700 5372 896 5446 potius
914 5373 1148 5430 diabolo
1176 5375 1416 5432 dicunt:
1450 5376 1601 5432 Dum
1633 5378 1995 5451 pudice(imo

413 5572 457 5606 ⁸⁷
491 5570 695 5627 Matth.
727 5588 787 5643 ι,
816 5572 872 5626 8.

425 5766 502 5838 (ιι)
535 5766 724 5836 Forte,
755 5763 939 5829 αὐτάς.
973 5767 1131 5825 Enn.

976 5573 1022 5607 ⁵⁸
1053 5571 1260 5629 Matth.
1294 5591 1434 5639 xxii,
1468 5576 1559 5631 37.
1590 5575 1683 5631 “1
1714 5573 1868 5630 Tim.
1900 5592 1939 5642 ι,
1971 5576 2027 5631 5.

2166 3950 2257 4004 23.
2293 3950 2383 4000 Δεῖ
2413 3943 2470 4000 δὲ
2525 3943 2613 3999 καὶ
2674 3947 2832 3998 τοῦτο
2882 3944 3213 4020 προσθεῖναι,
3265 3941 3317 4014 ἐξ
3373 3942 3542 4014 αὐτῆς
3580 3943 3751 3999 πάλιν

2096 4036 2389 4112 τυγχάνον,
2438 4034 2501 4089 τὸ
2550 4033 2775 4105 εκάστην
2825 4035 2985 4107 ἡμῶν
3021 4031 3480 4108 ἐπιγινώσκουσαν
3522 4034 3551 4088 ’ὀ
3608 4033 3753 4089 ἐστιν

2098 4131 2205 4181 τῶν
2238 4124 2499 4198 μειζόνων
2534 4123 2791 4201 ἐφίεσθαι.
2823 4123 2890 4179 Al
2933 4119 2989 4177 δε
3020 4122 3263 4199 ἠπόρουν
3296 4122 3432 4196 πρὸς
3461 4123 3523 4179 τὸ
3554 4121 3758 4199 λεχθὲν

2098 4215 2188 4271 καὶ
2248 4214 2400 4279 αὖθις
2450 4212 2799 4290 ἀντηρώτων.
2843 4212 2905 4266 Ἣ
2957 4209 3015 4266 δὲ
3061 4211 3196 4288 πρὸς
3246 4210 3409 4275 αὐτὰς
3461 4209 3583 4290 ἔφη.
3637 4212 3762 4270 Οὐκ

2098 4305 2341 4382 ἀγνοεῖτε
2395 4304 2494 4373 τὴν
2528 4302 2579 4357 ἐν
2641 4299 2722 4374 τῷ
2754 4299 3074 4377 Εὐαγγελίῳ
3123 4296 3410 4377 παραϐλὴν
3462 4302 3585 4378 περὶ
3644 4307 3760 4356 τῶν

2100 4402 2163 4470 ρ’,
2194 4393 2282 4448 καὶ
2316 4394 2373 4465 ξ’,
2406 4391 2494 4448 καὶ
2528 4390 2593 4447 λ’·
2630 4393 2664 4460 ἡ
2693 4390 2786 4465 μὲν
2813 4389 2903 4445 οὖν
2937 4389 3224 4453 ὲκατοντάς
3251 4389 3359 4445 ἐστι
3391 4391 3455 4446 τὸ
3484 4389 3758 4465 ἡμέτερον

2100 4481 2453 4559 ἐπάγγελμα·
2519 4483 2555 4552 ἡ
2616 4478 2673 4536 δὲ
2732 4477 3015 4552 ἓξακοντάς
3074 4478 3184 4535 ἐστι
3243 4480 3303 4535 τὸ
3344 4484 3452 4535 τῶν
3484 4481 3761 4557 ἐγῳατῶν

2098 4572 2297 4649 τάγμα·
2350 4575 2384 4641 ἢ
2463 4569 2520 4625 δὲ
2575 4569 2892 4644 τριακοντὰς
2952 4573 3058 4623 τῶν
3111 4567 3408 4646 σωφρόνως
3465 4567 3759 4645 βιούντων·

2097 4660 2196 4717 Καὶ
2249 4660 2357 4714 ἀπὸ
2418 4661 2511 4733 μὲν
2570 4663 2677 4713 τῶν
2737 4657 3024 4735 τριάκοντα
3081 4655 3169 4712 ἐπὶ
3198 4659 3265 4712 τὰ
3296 4657 3556 4728 ἑξήκοντα
3585 4656 3757 4713 καλὸν

2103 4744 2421 4825 μεταϐῆναι·
2457 4748 2561 4803 ἀπὸ
2592 4749 2695 4824 γὰρ
2726 4752 2832 4803 τῶν
2897 4749 3107 4822 μικρῶν
3160 4745 3247 4801 ἐπὶ
3277 4748 3344 4800 τὰ
3393 4745 3618 4819 μείζονα
3665 4768 3760 4801 κα·

2100 4838 2197 4895 λὸν
2231 4838 2580 4915 προκόπτειν·
2636 4836 2741 4892 ἀπὸ
2792 4833 2849 4891 δὲ
2900 4839 3005 4889 τῶν
3065 4834 3330 4907 μειζόνων
3379 4834 3467 4891 ἐπὶ
3497 4836 3565 4890 τὰ
3597 4833 3757 4890 ἐλάτ-

2098 4950 2229 4984 τονα
2284 4928 2659 5003 κατατρέχειν,
2720 4922 3081 4982 ἐπικίνδυνον.
3143 4926 3204 4982 Ὁ
3251 4926 3351 5001 γὰρ
3397 4924 3534 4995 ἅπαξ
3564 4924 3757 4986 νεύσας

2101 5018 2187 5074 ἐπὶ
2219 5020 2285 5073 τὰ
2335 5018 2528 5093 χείρω,
2590 5013 2714 5071 οὐδὲ
2772 5014 2823 5069 ἐν
2873 5019 2989 5075 τοῖς
3042 5012 3253 5090 ὀλίγοις
3285 5021 3476 5083 στῆναι
3512 5011 3730 5068 δύναται

2104 5108 2228 5164 ἀλλ’
2285 5127 2464 5183 ωσπερ
2513 5104 2565 5161 ἦν
2626 5105 2773 5181 βυθῴ
2819 5110 2918 5172 τῆς
2981 5099 3257 5165 ἀπωλείας
3310 5104 3549 5181 φέρεται.
3609 5102 3755 5162 Τινὲς

2102 5202 2253 5276 γοῦν,
2286 5194 2569 5272 παρθενίαν
2622 5189 3117 5270 ἔπαγγελλόμεναι,
3176 5191 3265 5246 καὶ
3312 5191 3568 5253 ἀσθενοῦς
3615 5190 3755 5265 γνώ-

2108 5309 2215 5361 μης
2246 5287 2338 5341 τὸν
2372 5284 2638 5360 λογισμὸν
2674 5280 3098 5357 ὕποσυρόμεναι,
3129 5280 3425 5359 προφάσεις
3482 5280 3534 5335 ἰν
3585 5282 3757 5354 ἁμαρ-

2103 5376 2243 5439 τίαις
2277 5373 2725 5453 προφασίζονται.
2758 5372 2902 5447 Πρὸς
2952 5370 3054 5447 γὰρ
3087 5370 3276 5434 ἑαυτὰς
3318 5370 3567 5447 λέγουσι,
3621 5366 3764 5443 μᾶλ-

2061 5770 2138 5843 (b)
2161 5773 2304 5842 Lege
2328 5765 2490 5842 aM.
2520 5767 2604 5827 In.
