4162 6366
387 382 542 441 1503

1552 398 1616 456 S.
1663 400 1872 461 ATHA
1888 403 2190 466 NASIUS.
2218 437 2295 451 —
2325 410 2608 474 SPURlA
2624 458 2637 471 .

3648 420 3809 483 1504

390 509 472 567 ris
504 512 695 570 adhuc
727 515 785 572 in
810 519 1162 590 cogitatione
1212 539 1315 579 ceu
1367 525 1427 580 in
1473 541 1724 585 caverna
1771 529 1914 587 latet
1941 532 2035 590 ho-

395 601 504 625 -.κ-
579 608 622 625 -Δ
675 605 859 625 -..ξηεικ
926 608 940 625 ι
1031 610 1089 625 ιο·
1121 610 1131 621 ι
1203 612 1216 625 ι
1278 613 1312 625 an
1616 619 1649 625 ._
1702 622 1710 625 .
1789 621 1822 625 -

2154 533 2485 614 ἐμφωλεύει,
2517 543 2609 596 τὸν
2660 540 2825 600 ἅϋλόν
2880 566 2964 600 σοι
3017 551 3177 601 κινῶν
3227 546 3494 621 πόλεμον.
3528 548 3805 625 Πρόσωπα

395 601 527 668 stis,
573 608 631 658 et
671 605 978 676 spirituale
1025 610 1133 665 tibi
1203 612 1420 669 bellum
1466 619 1735 675 concitat.
1788 621 2040 679 Decoros

390 690 544 747 enim
574 692 792 766 vultus,
825 696 1248 772 indecorasque
1278 703 1485 776 ﬁgura,
1528 712 1722 764 vetera
1750 709 2040 783 colloquia

389 782 659 854 suggerit
687 783 773 841 eis
803 802 931 857 quae
960 788 1221 847 solitario
1261 793 1486 850 vivunt.
1522 797 1632 852 Sed
1665 816 1777 853 non
1803 782 2040 872 oportet

389 871 662 927 assentiri
708 874 1243 951 pbantasmatibus,
1294 882 1433 953 quia
1478 885 1762 958 scriptum
1809 871 1897 944 est
1929 908 1942 945 :
1975 893 2040 946 Si

389 960 633 1033 Spiritus
652 966 982 1034 potestatem
1010 968 1260 1025 habentis
1277 974 1575 1031 ascenderit
1593 992 1759 1048 super
1786 979 2039 1046 te,tocum

389 1053 547 1106 tuum
576 1067 647 1109 ne
673 1052 956 1111 dimiseris
992 1057 1053 1110 ⁷⁵.
1089 1059 1151 1113 In
1191 1059 1353 1117 hisce
1383 1080 1638 1135 namque
1693 1067 1869 1123 rebus
1898 1084 2035 1124 con-

385 1155 597 1195 sensus
627 1146 861 1199 estcum
886 1147 1150 1202 saeculari
1172 1148 1550 1209 fornicatione
1579 1158 2034 1228 comparandus:

387 1229 638 1285 Potentes
667 1231 846 1303 enim,
881 1233 1089 1304 inquit.
1118 1240 1367 1308 potenter
1383 1250 1653 1299 tormenta
1680 1247 2032 1316 patientur".

388 1318 665 1390 Magnum
685 1321 869 1393 igitur
892 1328 982 1378 est
1010 1327 1292 1385 adversus
1328 1330 1729 1390 fornicationis
1759 1336 2034 1408 spiritum

383 1412 698 1464 certamen.
735 1408 998 1482 Illudque
1027 1418 1085 1469 et
1105 1422 1281 1487 caput
1301 1419 1592 1479 malorum
1621 1425 1939 1481 adversarii
1961 1428 2034 1482 ad

385 1496 594 1551 animae
625 1498 963 1568 perniciem.
997 1502 1160 1566 Quod
1198 1504 1453 1565 innuens
1497 1513 1704 1569 beatus
1732 1514 1843 1570 Job
1873 1515 2032 1571 dice-

385 1584 489 1640 bat
518 1585 591 1641 de
618 1585 890 1644 diabolo:
925 1590 1033 1659 Qui
1059 1592 1220 1650 habet
1247 1598 1505 1655 virtutem
1533 1602 1594 1656 in
1624 1603 1885 1661 umbilico
1911 1621 2036 1662 ven-

383 1674 488 1729 tris
516 1674 579 1731 ⁷⁷.

448 1763 539 1819 27.
575 1762 778 1822 Multis
805 1766 1005 1840 itaque
1032 1772 1332 1846 variisque
1379 1778 1672 1837 machinis
1720 1781 2031 1840 stimulum

380 1851 788 1910 fornicationis
848 1857 1128 1915 admonet
1170 1861 1440 1920 diabolus
1484 1866 1821 1926 hominibus
1868 1871 2032 1928 Chri-

377 1944 536 1997 stum
568 1941 971 2015 diligentibus.
1004 1948 1155 2015 Quin
1202 1952 1379 2009 etiam
1429 1972 1580 2028 saepe
1627 1958 1886 2017 nefarius
1933 1961 2033 2019 ille

375 2033 667 2086 veterator
693 2031 988 2091 faternum
1017 2050 1277 2095 amorem
1328 2047 1741 2104 transmutavit
1768 2048 1829 2105 in
1860 2066 2030 2107 suam

376 2118 924 2185 malitiam.Etenim
946 2124 1202 2199 virgines
1224 2146 1353 2202 qua
1374 2135 1635 2208 nuptias,
1662 2154 1790 2209 qu
1820 2139 2026 2197 luxum

379 2223 616 2265 omnem
647 2211 848 2268 saeculi
891 2213 1182 2287 fugerant,
1234 2236 1337 2292 per
1376 2223 1699 2282 fraternum
1749 2229 2027 2286 affectum

377 2297 777 2388 supplantavit
807 2318 822 2358 :
857 2302 1217 2379 insuperque
1241 2312 1563 2370 monachos
1596 2316 1694 2388 qui
1726 2319 1927 2375 omnia
1953 2320 2032 2377 fo-

376 2387 737 2447 nicationum
768 2406 984 2463 genera
1009 2399 1066 2451 et
1093 2395 1207 2468 ipsi
1258 2387 1657 2474 profugerant,
1705 2406 2032 2466 vulneravit

375 2493 444 2533 ac
474 2478 703 2552 decepit
723 2496 828 2552 per
845 2482 1186 2556 religiosum
1216 2488 1726 2563 oolloquium.Hoo
1754 2501 1846 2554 est
1868 2497 2028 2554 enim

381 2565 607 2623 inimici
659 2569 995 2641 artificium,
1046 2573 1253 2633 alienis
1296 2594 1360 2635 se
1407 2582 1695 2653 obtegere,
1738 2574 1851 2643 ‘sua
1896 2604 2030 2645 vero

381 2655 714 2714 clanculum
744 2659 1076 2719 obtrudere:
1131 2664 1400 2724 Ostendit
1431 2686 1680 2741 granum
1727 2675 2028 2746 frumenti,

381 2744 583 2817 ibique
613 2749 895 2819 supponit
923 2749 1297 2823 laqueum.Et
1322 2773 1455 2814 vero
1487 2761 1739 2819 arbitror
1768 2764 1841 2821 de
1871 2744 2031 2824 hisce

382 2834 573 2889 dicere
601 2835 917 2894 Dominum
953 2856 968 2896 :
1002 2841 1110 2910 Qui
1136 2845 1363 2902 veniunt
1392 2847 1465 2926 (id
1497 2865 1586 2906 vos
1616 2853 1679 2907 in
1708 2855 2031 2914 vestimento

390 2925 593 2993 ovium,
627 2926 961 2984 intrinsecus
999 2938 1181 2988 autem
1199 2943 1329 2991 sunt
1359 2925 1478 3009 lupi
1513 2956 1737 3012 rapaces
1765 2943 1830 2999 ⁷⁸.

451 3103 540 3160 28.
574 3105 722 3169 Quid
753 3122 891 3181 ergo
924 3110 994 3165 ad
1026 3109 1135 3169 hoc
1157 3116 1494 3187 agendum?
1523 3119 1723 3177 Simus
1736 3122 2031 3195 prudentes

381 3194 523 3248 sicut
550 3206 844 3265 serpentes,
876 3202 927 3255 et
955 3201 1229 3274 simplices
1255 3207 1401 3263 sicut
1445 3209 1715 3269 columbae
1740 3194 1788 3249 π
1815 3230 1828 3269 :
1861 3212 2029 3270 calli-

2146 625 2249 700 γὰρ
2280 625 2521 704 εὐπρεπῆ
2562 630 2653 687 καὶ
2706 632 2932 707 ὁμιλίας
2980 634 3235 712 ἀρχαίας,
3266 636 3357 692 καὶ
3394 638 3807 714 ἡσυχαζούσαις

2147 721 2517 793 παρεισφέρει.
2550 726 2642 777 Δεῖ
2699 720 2791 776 οὖν
2844 724 2921 795 μὴ
2983 724 3456 799 συγκατατίθεσθαι
3504 732 3624 789 τοῖς
3674 750 3804 806 φαν-

2144 800 2402 876 τάσμασι·
2451 806 2749 883 γέγραπται
2808 812 2935 887 γὰρ,
2994 812 3068 873 ὡς
3128 814 3250 870 Ἐὰν
3305 818 3518 888 πνεῦμα
3570 800 3807 889 τοῦ-ἐξ-

2148 892 2493 962 ουσιάζοντος
2550 894 2724 972 ἀναϐῇ
2782 898 2869 953 ἐπὶ
2940 901 3020 973 σέ,
3078 901 3246 957 τόπον
3304 923 3401 959 σου
3480 905 3557 977 μὴ
3634 905 3800 982 ἀφῇς.

2141 985 2204 1036 Ἥ
2234 982 2335 1057 γὰρ
2381 987 2520 1061 πρὸς
2563 992 2732 1042 ταῦτα
2779 991 3188 1064 συγκατάθεσις,
3220 988 3529 1070 ἐφάμιλλός
3574 993 3683 1049 ἐστι
3731 997 3801 1067 τῇ

2144 1078 2385 1147 κοσμικῇ
2467 1077 2710 1152 πορνείᾳ·
2798 1081 3022 1135 Δυνατοὶ
3100 1080 3224 1157 γὰρ,
3311 1080 3467 1161 φησί’,
3559 1078 3803 1145 δυνατώς

2146 1160 2552 1233 ἐτασθήσονται.
2616 1167 2796 1243 Μέγας
2859 1166 2951 1223 οὖν
3002 1170 3030 1224 ὁ
3088 1170 3223 1244 πρὸς
3282 1160 3347 1225 τὸ
3420 1175 3636 1244 πνεῦμα
3705 1179 3804 1240 τῆς

2144 1250 2397 1327 πορνείας
2455 1252 2621 1330 ἀγών.
2663 1256 2735 1311 Τὸ
2790 1257 2889 1333 γὰρ
2950 1258 3002 1314 ἐν
3072 1264 3260 1320 κακοῖς
3332 1258 3631 1337 κεφάλαιον
3705 1265 3801 1315 τοῦ

2144 1337 2347 1416 ἐχθροῦ
2374 1342 2510 1417 πρὸς
2548 1342 2826 1400 ἀπώλειαν
2868 1348 3078 1421 ψυχῆς,
3101 1338 3262 1402 τοῦτό
3308 1347 3442 1405 ἐστι.
3476 1347 3575 1405 Καὶ
3632 1353 3798 1404 τοῦτο

2143 1427 2513 1503 αἰνιττόμενος
2553 1434 2583 1488 6
2618 1435 2886 1507 μακάριος
2917 1430 3066 1507 Ἰὼϐ,
3101 1434 3257 1511 ἔλεγε
3286 1437 3423 1509 πρὸς
3470 1435 3565 1492 τὸν
3616 1433 3806 1493 διάϐο-

2143 1514 2264 1573 λον·
2296 1520 2353 1573 Ὀ
2375 1515 2519 1598 ἔχων
2549 1523 2647 1595 τήν
2679 1519 2905 1599 δύναμιν
2934 1522 3018 1582 ἐπ’
3049 1523 3305 1606 ὀμφαλοῦ
3334 1525 3588 1605 γαστρός.

2209 1789 2300 1846 27.
2350 1790 2593 1854 Πολλαῖς
2644 1794 2739 1866 μὶν
2791 1792 2881 1850 οὖν
2930 1796 3020 1850 καὶ
3065 1794 3348 1875 διαφόροις
3407 1803 3687 1873 μηχαναῖς
3734 1799 3800 1854 τὸ

2137 1881 2239 1946 τῆς
2271 1879 2527 1955 πορνείας
2557 1882 2777 1959 κέντρον
2808 1889 2950 1939 κινεῖ
2977 1886 3006 1940 6
3057 1880 3320 1949 διάϐολος
3365 1885 3503 1941 κατὰ
3545 1890 3655 1942 τῶν
3706 1909 3799 1965 φι-

2141 1963 2452 2042 λοχρίστων
2516 1971 2839 2047 ἀνθρώπων.
2898 1972 3177 2037 Πολλάκις
3245 1979 3376 2051 γοῦν
3432 1974 3523 2032 καὶ
3580 1963 3801 2051 ἀγάπην

2140 2053 2438 2133 ἀδελφικὴν
2500 2061 2840 2135 μεθώρμισεν
2875 2063 2904 2118 ὁ
2950 2059 3239 2140 κακόφρων
3301 2063 3378 2126 εἰς
3433 2064 3534 2133 τὴν
3591 2064 3794 2120 οἰκείαν

2138 2142 2350 2203 κακίαν.
2411 2148 2514 2203 Καὶ
2585 2150 2689 2225 γὰρ
2764 2153 3060 2228 παρθένους
3129 2152 3402 2230 φυγούσας
3468 2153 3648 2228 γάμον
3706 2154 3803 2209 καὶ

2139 2234 2426 2312 φαντασίαν
2477 2243 2648 2293 πᾶσαν
2714 2238 2858 2316 βίου,
2909 2237 3000 2295 διὰ
3057 2240 3295 2317 σχέσεως
3348 2238 3651 2318 ἀδελφικῆς
3697 2242 3802 2296 ὑπ-

2139 2321 2403 2379 εσκέλισε’
2441 2325 2532 2381 καὶ
2584 2327 2864 2405 μοναχοὺς
2915 2326 2974 2384 δὲ
3019 2326 3241 2405 ἔτρωσε,
3273 2335 3378 2387 πᾶν
3424 2331 3605 2385 ὁτιοῦν
3655 2328 3795 2384 ἀπο-

2139 2411 2407 2490 φυγόντας
2438 2415 2528 2470 καὶ
2558 2415 2754 2480 αὐτοὺς
2800 2418 3061 2494 πορνικὸν
3108 2425 3330 2495 σχῆμαο
3366 2416 3516 2475 ἀλλᾶ
3559 2420 3650 2475 καὶ
3703 2420 3801 2476 αύ-

2136 2500 2265 2564 τοὺς
2314 2502 2562 2575 ἠπάτησε
2611 2502 2682 2560 δι’
2719 2501 2986 2571 εὖλαϐοῦς
3035 2506 3281 2581 ὁμιλίας.
3313 2513 3486 2563 Τοῦτο
3544 2507 3649 2583 γὰρ
3696 2512 3797 2563 τοῦ

2139 2588 2341 2667 ἐχθροῦ
2398 2588 2579 2669 ἔργον,
2611 2595 2695 2668 τὸ,
2753 2595 3179 2675 ἀμφιεννύμενον
3246 2598 3315 2653 τὰ
3368 2596 3661 2674 ἀλλότρια,
3718 2597 3797 2653 τὰ

2139 2677 2314 2734 οἰκεῖα
2380 2678 2754 2747 λανθανόντως
2824 2680 3252 2761 προϐάλλεσθαι.
3313 2685 3558 2742 Δείκνυσι
3638 2684 3796 2741 σίτου

2137 2767 2356 2841 κόκκον,
2387 2771 2477 2826 καὶ
2518 2771 2837 2844 ὑποτίθησιν
2895 2771 3043 2847 αὐτῷ
3092 2771 3319 2851 παγίδα.
3359 2774 3530 2849 Οἶμαι
3589 2772 3649 2830 δὲ
3702 2773 3800 2830 καὶ

2136 2858 2229 2914 τὸν
2280 2859 2478 2936 Κύριον
2528 2863 2652 2936 περὶ
2688 2861 2887 2918 τούτου
2935 2860 3257 2945 λέγεινπῶς
3309 2865 3608 2940 Ἔρχονται
3656 2864 3801 2937 πρὸς

2141 2947 2281 3020 ὑμᾶς
2337 2948 2389 3004 ἐν
2444 2947 2703 3023 ἐνδύμασι
2760 2946 3070 3029 προϐάτων,
3127 2948 3321 3011 ἔσωθεν
3396 2950 3456 3010 δέ
3519 2953 3622 3009 εἰσι
3698 2951 3801 3010 λύ-

2137 3056 2227 3091 κοι
2259 3033 2515 3114 ἅρπαγες.

2207 3129 2296 3183 28.
2358 3127 2426 3185 Τί
2482 3125 2572 3183 οὖν
2625 3129 2764 3205 πρὸς
2838 3133 3002 3186 τοῦτο
3079 3133 3445 3205 ποιήσωμεν;
3506 3131 3806 3206 Γενώμιθα

2141 3214 2399 3293 φρόνιμοι
2454 3217 2583 3273 ὡσεὶ
2660 3213 2838 3297 ὄφεις,
2885 3219 2977 3275 καὶ
3031 3219 3273 3296 ἀκέραιοι
3327 3221 3402 3284 ὡς
3463 3221 3807 3298 περιστεραὶ,

380 3282 520 3338 dum
555 3290 757 3342 contra
785 3286 1026 3360 laqueos
1047 3293 1173 3364 ejus
1193 3295 1539 3355 adhibentes
1560 3301 1871 3359 consilium
1891 3304 2026 3377 (80).

2148 3282 2443 3383 πανοῦργον
2501 3306 2636 3362 κατᾶ
2683 3314 2786 3377 τῆς
2817 3305 3048 3384 παγίδος
3094 3308 3260 3365 αὐτοῦ
3316 3314 3592 3373 κινοῦντες
3637 3308 3802 3386 λογι-

380 3372 527 3429 Nam
555 3374 702 3431 illud
728 3393 742 3432 :
775 3381 955 3436 Estote
980 3380 1275 3451 prudentes
1303 3388 1451 3444 sicut
1480 3397 1779 3462 serpentes,
1805 3372 2030 3450 dictum

382 3464 491 3533 est,
525 3468 592 3517 ut
616 3463 831 3521 diaboli
863 3467 1032 3525 nobis
1063 3470 1319 3545 impetus
1353 3492 1466 3532 non
1500 3476 1740 3535 lateant.
1773 3480 1920 3537 Nam
1951 3481 2030 3538 si-

381 3550 520 3608 mile
548 3567 617 3608 ex
647 3553 827 3611 simili
859 3557 1203 3618 cilissimam
1236 3569 1540 3637 comparat
1569 3568 1887 3625 notionem.
1918 3571 2032 3627 Go-

379 3639 594 3697 lumbea
613 3659 751 3699 vero
782 3643 1133 3718 simplicitas
1161 3653 1422 3709 ostendit
1467 3657 1721 3726 puritate
1763 3658 2031 3716 actionis.

381 3730 566 3788 Omne
597 3731 779 3804 igitur
798 3733 1020 3792 bonum
1043 3754 1193 3811 opus
1241 3742 1523 3800 consistet
1542 3744 1602 3801 in
1627 3746 1764 3819 fuga
1793 3748 2053 3805 deterio--

381 3820 484 3878 ris.
518 3823 821 3887 Quomodo
851 3830 1050 3883 autem
1097 3828 1392 3902 fugiemus
1441 3836 1596 3905 quod
1646 3836 2034 3909 ignoramus?

382 3911 772 3976 Quamobrem
807 3919 1036 3986 oportet
1067 3922 1131 3973 ut
1166 3919 1463 3978 intellecta
1491 3923 1715 3980 inimici
1748 3926 2031 3998 nequitia,

383 4017 695 4058 caveamus
725 4003 797 4059 ab
829 4006 957 4074 ejus
987 4007 1331 4079 perniciosis
1390 4013 1882 4073 machinamentis
1908 4035 1922 4086 ;
1954 4018 2037 4073 ait

384 4089 542 4146 enim
577 4107 590 4146 :
627 4092 851 4150 Circuit.
913 4111 1167 4166 quaerens
1218 4116 1377 4170 quem
1423 4100 1639 4159 devoret
1689 4105 1754 4161 ⁸ο.
1804 4106 1869 4161 Et
1894 4121 2036 4164 escae

382 4184 503 4254 eius
523 4181 706 4238 electae
734 4183 802 4239 ει.
855 4186 1057 4258 Itaque
1106 4203 1338 4261 semper
1381 4190 1741 4264 vigilandum
1794 4200 1904 4252 est.
1938 4196 2033 4252 Si-

382 4270 619 4343 quidem
653 4289 756 4344 per
783 4278 1052 4332 externas
1082 4294 1173 4334 res
1202 4278 1531 4353 impugnat,
1554 4286 1612 4339 et
1641 4301 1744 4356 per
1774 4284 2036 4344 internas

382 4360 767 4433 cogitationes
802 4364 1045 4437 subigit.
1080 4370 1146 4421 Et
1176 4368 1409 4440 quidem
1443 4372 1576 4444 plus
1607 4378 1779 4431 nocet
1806 4391 1909 4447 per
1944 4375 2035 4432 in-

382 4450 600 4507 teriora
635 4477 650 4521 ;
677 4469 815 4508 nam
847 4454 947 4510 diu
981 4460 1275 4530 noctuque
1305 4460 1690 4533 spiritualiter
1718 4465 1962 4522 accedit.

451 4639 544 4695 29.
577 4641 901 4713 Cujusnam
935 4659 1072 4717 ergo
1102 4644 1185 4702 rei
1215 4651 1304 4702 est
1335 4664 1484 4720 opus
1514 4649 1586 4705 ad
1629 4648 1741 4706 hoc
1769 4649 1990 4708 bellum
2010 4651 2040 4707 ?
2069 4661 2118 4727 D

382 4728 537 4786 022
570 4730 829 4801 profecto
861 4730 1151 4791 laboriosa
1196 4737 1609 4793 exercitatione
1642 4744 1700 4793 et
1728 4738 1892 4808 puris
1908 4756 2038 4813 pre-

382 4818 569 4875 cibus.
606 4820 678 4876 Et
706 4820 827 4877 haec
861 4824 1096 4894 quidem
1128 4826 1476 4897 generaliter
1504 4827 1564 4883 in
1605 4826 1765 4883 omni
1796 4828 2042 4886 exitiosa

379 4908 735 4981 cogitatione
766 4916 909 4967 sunt
942 4915 1219 4972 remedia.
1252 4915 1472 4971 Verum
1503 4932 1740 4973 necesse
1769 4922 1858 4974 est
1875 4918 2040 4975 insu-

379 5015 486 5070 per
517 5000 918 5072 peculiaribus
951 5004 1309 5077 quibusdam
1340 5005 1425 5061 uti
1474 5006 1756 5077 consiliis,
1790 5008 1863 5063 ad
1896 5026 2042 5081 prae-

379 5093 610 5146 sentem
629 5090 839 5147 animae
860 5098 1085 5165 pestem
1109 5094 1514 5166 depellendam
1543 5112 1556 5151 :
1582 5103 1757 5169 atque
1785 5096 2043 5155 instante

381 5179 734 5252 turpissima
764 5182 1117 5255 cogitatione
1150 5183 1200 5239 ei
1234 5201 1525 5257 opponere
1559 5188 1872 5244 contraria.
1897 5189 2040 5246 Nam

377 5268 428 5325 si
458 5270 519 5325 in
553 5270 791 5343 regione
817 5274 1029 5329 mentis
1056 5274 1297 5329 formosi
1319 5274 1517 5332 vultus
1535 5276 1851 5348 phantasia
1873 5279 2045 5334 exsti-

375 5355 536 5424 terit,
569 5355 629 5411 id
660 5355 887 5414 ratione
919 5357 1330 5432 castigandum
1357 5365 1609 5432 oportet,
1639 5378 1766 5433 quae
1799 5361 2044 5419 simula-

530 5510 716 5587 Eccle.
745 5512 924 5587 11,14.
1001 5516 1044 5551 τε
1074 5518 1207 5587 Sap.
1242 5533 1317 5585 v1,
1339 5519 1394 5572 7.

1505 5520 1547 5553 ππ
1575 5517 1706 5573 Job.
1739 5534 1852 5587 xc,
1890 5518 1977 5573 ιι.

387 5580 433 5619 ⁸ί
465 5581 682 5639 Habac.
717 5600 762 5651 ι,
796 5585 884 5640 16.

464 5738 574 5812 (88)
607 5738 672 5795 In
698 5738 834 5797 Vitis
861 5740 976 5797 PP.
1008 5740 1048 5795 l.
1078 5757 1158 5812 γι,
1191 5743 1244 5815 1,
1274 5742 1329 5798 2.

2109 5521 2152 5554 τε
2184 5520 2393 5578 Matth.
2426 5538 2525 5592 vn,
2560 5522 2647 5578 15.

2143 3392 2301 3467 σμόν·
2332 3394 2397 3449 τὸ
2430 3396 2523 3468 μὲν
2557 3396 2684 3471 γὰρ,
2717 3395 2927 3451 Γίνεσθε
2956 3396 3219 3475 φρόνιμοι
3257 3398 3388 3453 ὡσεὶ
3438 3392 3611 3476 ὄφεις,
3643 3396 3804 3474 εἷ’ρη-

2139 3502 2227 3536 ται
2258 3481 2396 3559 πρὸς
2426 3483 2489 3538 τὸ
2524 3485 2600 3556 μὴ
2637 3482 2915 3549 λανθάνειν
2942 3487 3093 3559 ἡμᾶς
3120 3486 3218 3549 τὰς
3258 3486 3432 3562 ὁρμὰς
3461 3491 3560 3542 τοῦ
3606 3484 3799 3543 διαϐό-

2142 3571 2265 3628 λου.
2289 3574 2368 3629 Τὸ
2387 3573 2487 3648 γὰρ
2509 3572 2702 3646 ὅμοιον
2737 3573 2796 3629 ἐκ
2812 3579 2910 3630 τοῦ
2932 3575 3129 3648 ὁμοίου
3150 3575 3413 3652 ταχίστην
3439 3582 3675 3632 ποιεῖται
3697 3579 3802 3647 τὴν

2144 3656 2457 3734 διάγνωσιν.
2490 3662 2566 3718 Τὸ
2615 3658 2673 3717 δὲ
2724 3661 2972 3736 ἀκέραιον
3030 3670 3130 3732 τῆς
3189 3670 3506 3739 περιστερᾶς
3565 3660 3809 3720 δείκνυσι

2141 3750 2204 3804 τὸ
2231 3750 2463 3824 καθαρὸν
2493 3757 2592 3819 τῆς
2621 3751 2887 3827 πράξεως.
2925 3758 3032 3807 Πᾶν
3083 3752 3177 3826 μὲν
3238 3750 3329 3808 οὖν
3382 3752 3580 3828 ἀγαθὸν
3641 3751 3809 3831 ἔργον

2144 3838 2197 3894 ἐν
2230 3839 2486 3917 ἀποφυγῇ
2546 3836 2693 3896 ἔσται
2740 3845 2838 3896 τοῦ
2889 3840 3160 3917 χείρονος.
3194 3845 3317 3905 Πῶς
3370 3839 3428 3897 δὲ
3475 3841 3738 3920 φύγωμεν
3773 3845 3809 3900 ὃ

2149 3929 2224 4000 μὴ
2285 3926 2548 4002 οἶδαμεν;
2582 3935 2672 3984 Δεῖ
2733 3928 2824 3985 οὖν
2883 3932 3054 4004 ὗμᾶς,
3088 3931 3205 3986 κατ’
3264 3929 3467 3986 ἔννοιαν
3526 3926 3810 3994 λαϐούσας

2143 4021 2240 4071 τοῦ
2270 4018 2472 4093 ἐχθροῦ
2500 4019 2600 4087 τὴν
2631 4016 2935 4091 δεινότητα,
2969 4018 3326 4098 φυλάττεσθαι
3381 4019 3487 4075 ἀπὸ
3534 4022 3636 4090 τῆς
3680 4022 3812 4077 τού-

2142 4129 2239 4163 του
2298 4108 2740 4184 κακομηχανίας·
2798 4109 2930 4187 φησὶ
2988 4107 3110 4185 γάρ’
3168 4114 3260 4171 Ὃς
3311 4110 3560 4185 περιάγει
3622 4115 3807 4179 ζητῶν

2142 4196 2258 4251 τίνα
2314 4196 2570 4272 καταπίῃ.
2632 4196 2735 4255 Καὶ
2812 4197 2880 4253 τὰ
2961 4196 3227 4273 βρώματα
3303 4199 3468 4253 αύτοῦ
3551 4196 3806 4256 ἐκλεκτά.

2147 4285 2272 4341 Δέον
2307 4284 2397 4340 οὖν
2430 4286 2659 4342 πάντοτε
2689 4291 3012 4363 γρηγορεῖν.
3052 4287 3151 4343 Καὶ
3180 4286 3281 4364 γὰρ
3314 4283 3403 4342 διὰ
3447 4291 3557 4343 τῶν
3606 4286 3807 4358 ἔξωθεν

2145 4374 2479 4451 πραγμάτων
2536 4374 2792 4449 πολεμεῖ,
2842 4375 2933 4430 καὶ
2992 4372 3081 4431 διὰ
3134 4380 3243 4430 τῶν
3312 4373 3463 4431 ἔνδον
3524 4375 3814 4453 λογισμῶν

2147 4460 2399 4537 δαμάζει.
2433 4463 2530 4519 Καὶ
2561 4461 2727 4519 πλέον
2776 4461 2865 4519 διὰ
2912 4468 3020 4519 τῶν
3082 4461 3254 4520 ἔνδον·
3286 4465 3376 4520 καὶ
3431 4465 3537 4542 γὰρ
3593 4465 3813 4543 νύκτωρ

2144 4552 2235 4607 καὶ
2271 4555 2387 4625 μεθ’
2417 4553 2627 4629 ἡμέραν
2657 4551 2839 4616 ἀΰλως
2868 4551 3250 4629 προσέρχεται.

2217 4652 2308 4707 29.
2341 4650 2505 4713 Τίνος
2558 4649 2651 4705 οῦν
2704 4651 2865 4727 χρεία
2921 4651 3060 4728 πρὸς
3107 4651 3200 4706 τὸν
3245 4651 3487 4728 παρόντα
3518 4651 3810 4727 πόλεμονς

2151 4739 2355 4811 Δῆλον,
2386 4740 2460 4802 ὡς
2518 4739 2799 4811 ἀσκήσεως
2860 4740 3122 4796 ἐπιπόνου
3169 4741 3260 4796 καὶ
3303 4742 3539 4817 καθαρᾶς
3567 4762 3812 4819 προσευ-

2152 4834 2283 4904 χῆς.
2318 4826 2493 4885 Ἀλλὰ
2519 4833 2687 4884 ταῦτα
2721 4829 2814 4902 μὶν
2857 4834 3088 4904 γενικῶς
3138 4828 3227 4884 ἐπὶ
3279 4830 3480 4892 παντὸς
3531 4829 3816 4906 λογισμοῦ

2152 4917 2402 4991 ὀλεθρίου
2449 4916 2785 4995 ἀλεξητήρια
2831 4918 3054 4997 πέφυκε·
3089 4917 3172 4974 δεῖ
3234 4916 3293 4974 δὲ
3340 4920 3429 4974 καὶ
3482 4917 3679 4983 ίδικαῖς
3729 4943 3818 4976 τι-

2152 5028 2232 5062 σιν
2294 5005 2525 5070 ἐννοίαις
2583 5009 2890 5085 χρήσασθαι
2945 5008 3083 5083 πρὸς
3136 5008 3198 5062 τὸ
3254 5009 3347 5062 τὸν
3408 5009 3654 5085 παρόντα
3708 5017 3819 5078 τῆς

2153 5100 2339 5172 ψυχῆς
2390 5096 2586 5172 λοιμὸν
2639 5097 2976 5161 ἁπώσασθαι’
3028 5096 3120 5151 καὶ
3185 5094 3510 5159 ἐπελθόντος
3572 5102 3669 5152 τοῦ
3729 5098 3819 5153 αἰ-

2151 5187 2380 5262 σχίστου
2440 5185 2737 5261 λογισμοῦ,
2796 5185 3190 5262 ἆνθυποφέρειν
3272 5186 3419 5258 αὐτῷ
3463 5186 3532 5242 τὰ
3581 5185 3822 5245 ἐναντία.

2153 5275 2217 5333 Ei
2251 5276 2350 5351 γὰρ
2383 5274 2596 5350 γένοιτο
2626 5274 2677 5329 ἐν
2709 5280 2824 5337 τοῖς
2877 5275 3014 5330 κατᾶ
3061 5272 3300 5331 διάνοιαν
3346 5274 3578 5351 χωρίοις
3634 5270 3822 5348 ὅψεως

2156 5363 2459 5440 εὐπρεποῦς
2492 5365 2773 5442 φαντασία,
2804 5368 2885 5435 τῷ
2917 5361 3072 5438 λόγῳ
3109 5363 3173 5417 τὸ
3222 5365 3393 5440 παρὸν
3440 5365 3820 5440 τιμωρητέον,

2760 5522 2806 5558 ⁷9
2836 5521 3046 5579 Matth.
3078 5538 3137 5588 κ,
3174 5522 3262 5578 16.
3377 5522 3424 5558 ⁸⁰
3456 5525 3477 5576 Ι
3508 5525 3631 5578 Pet.
3664 5539 3723 5592 v,
3757 5525 3814 5587 8,
