4162 6376
337 423 360 480 Ι
376 421 494 481 505

1479 420 1666 484 νΙΤΑ
1715 423 2043 483 ΞΑΝΟΤᾸΞ
2088 423 2178 484 SY
2193 424 2597 488 NtILE'l‘lC/E

3599 452 3616 505 1
3634 449 3754 507 506

335 553 551 606 καὶτοῦ
587 549 824 606 εἰδώλου
875 550 1002 607 τοὺς
1067 551 1384 630 ὀφθαλμοὺς
1446 553 1846 620 ἐκκολαπτέτω,
1877 558 1984 608 τῶν

2117 557 2181 610 :ri
2216 559 2414 613 oculos
2443 563 2944 633 eradat.,gcmrum
2979 585 3183 625 carnes
3214 574 3746 646 detrahat,abscin-

342 640 398 696 δὲ
457 646 691 712 παρειῶν
749 643 845 703 τὶς
904 641 1099 715 σάρκας
1162 642 1457 717 ἐξαιρείτω·
1522 643 1867 714 ὑποτεμνὲτω
1934 641 1990 696 δὲ

343 731 430 785 καὶ
462 732 528 784 τὰ
578 731 769 804 χείλη,
803 732 892 785 καὶ
944 731 1136 785 λοιπὸν
1190 733 1368 804 ὁράτω
1414 739 1608 806 πῆγμα
1659 731 1854 785 ὀστέων
1909 737 1993 804 ψι-

345 819 456 875 λῶν
509 817 766 881 δυσειδὲς·
803 820 1124 874 κατανοείτω
1175 820 1366 874 λοιπὸν
1415 821 1466 874 τί
1510 822 1575 888 ἦν
1612 822 1675 875 τὸ
1721 821 1991 891 ποθούμε-

343 928 455 963 νον·
492 908 635 962 οῧτω
680 911 781 984 γὰρ
815 911 842 963 ὁ
889 909 1156 983 λογισμὸς
1204 909 1543 984 ἀναχαιτίσαι
1595 907 1847 979 δυνηθείη
1896 913 1992 977 τῆς

350 998 573 1070 ματαίας
603 997 837 1067 πλάνης.
874 1000 952 1054 Τὸ
977 1000 1078 1074 γὰρ
1127 997 1455 1074 φιλούμενον
1511 996 1662 1052 οὐδὲν
1695 1002 1757 1066 ἦν
1793 1001 1825 1066 ἦ
1862 1003 1997 1070 αἷμα

348 1086 440 1140 σὺν
526 1084 798 1161 φλέγματι
887 1087 1247 1160 μεμιγμένον,
1299 1086 1430 1162 ὅπερ
1509 1089 1597 1141 καὶ
1685 1088 1996 1164 ὑφάσματος

349 1175 534 1250 χρείαν
571 1175 797 1250 παρέχει
830 1182 944 1237 τοῖς
981 1177 1160 1243 ζώοις.
1196 1175 1356 1232 Οὕτω
1390 1177 1484 1248 μὲν
1518 1177 1608 1230 οὖν
1652 1178 1740 1231 καὶ
1775 1175 1861 1230 3:5.
1889 1182 1993 1230 τῶν

345 1264 608 1317 τοιούτων
659 1263 938 1338 λογισμῶν
990 1264 1132 1326 εἰκὸς
1194 1261 1579 1327 ἀποσοϐεῖσθαι
1635 1268 1734 1333 τὴν
1802 1268 1995 1338 μιαρὰν

887 1087 1247 1160 μεμιγμένον,
1299 1086 1430 1162 ὅπερ
1509 1089 1597 1141 καὶ

344 1353 553 1406 κακίαν·
613 1353 702 1406 καὶ
761 1353 997 1426 καθάπερ
1057 1351 1182 1425 ἥλῳ
1239 1352 1376 1421 ἧλον
1430 1354 1701 1428 ἐκκρούειν
1735 1358 1996 1428 προσήκει

345 1443 438 1495 τὸν
495 1439 742 1512 δαίμονα.
804 1444 921 1497 ’Έτι
976 1463 1038 1515 γε
1090 1443 1196 1514 μὴν
1247 1439 1364 1496 δέον
1425 1443 1512 1496 καὶ
1567 1445 1684 1503 καθ’
1717 1442 1842 1497 ὅλον
1901 1447 1997 1496 τοῦ

351 1528 630 1606 ἰρωμένου
660 1531 723 1584 τὸ
766 1534 923 1602 σῶμα
970 1527 1107 1600 ἕλκη
1172 1529 1454 1605 βαρύοσμα
1509 1530 1598 1584 καὶ
1640 1527 1993 1599 σηπεδονώδη

353 1619 708 1696 ὑπογράφειν·
769 1618 858 1673 καὶ
910 1619 1194 1691 συντόμως
1243 1618 1424 1696 φάναι,
1473 1624 1648 1694 νεκρῷ
1706 1619 1997 1695 παραπλή-

351 1728 490 1776 σιον,
521 1707 556 1776 ἢ
589 1707 677 1762 καί
710 1709 895 1762 ἑαυτὸν
926 1709 1113 1781 νεκρὸν
1151 1713 1268 1770 τοῖς
1301 1705 1449 1764 ἔνδον
1501 1709 1809 1786 ὀφθαλμοῖς
1863 1709 1998 1764 ὑπο-

349 1797 576 1859 τιθέναι.
629 1802 827 1865 Μεῖζον
877 1794 934 1851 δὲ
977 1797 1189 1850 πάντων
1240 1796 1348 1851 ἐστὶ
1398 1797 1461 1851 τὸ
1507 1798 1737 1873 γαστρὸς
1785 1798 1996 1873 ὰρχειν·

353 1882 497 1939 οὕτω
553 1884 657 1961 γὰρ
709 1886 798 1939 καὶ
855 1890 962 1939 τῶν
1024 1885 1396 1960 ὑπογαστρίων
1454 1881 1666 1954 ἡδονῶν
1735 1894 1998 1960 κρατῆσαι

353 1969 600 2029 δυνατόν.

422 2064 511 2119 30.
546 2063 645 2117 Ἦν
683 2062 775 2133 μὲν
827 2061 918 2116 οὗν
974 2067 1115 2126 θεῖον
1176 2062 1476 2133 συμπόσιον
1531 2067 1638 2117 τῶν
1692 2068 2001 2137 παρουσῶν·

354 2149 414 2204 ἐκ
442 2150 545 2226 γὰρ
601 2155 709 2204 τῶν
764 2157 862 2219 τῆς
922 2151 1111 2227 σοφίας
1163 2154 1446 2225 κρατήρων
1481 2152 1866 2228 ηὐφραίνοντο.
1901 2155 2001 2209 Ἠν

353 2237 410 2292 δὲ
438 2237 620 2299 αὐταῖς
653 2238 979 2313 οἷ’νοχοοῦσα
1009 2241 1070 2292 τὸ
1110 2241 1250 2293 Θεῖον
1285 2239 1438 2310 πόμα
1493 2241 1580 2293 καὶ
1637 2247 1781 2312 νᾶμα
1839 2243 1871 2308 ἡ
1910 2262 2007 2311 μα-

350 2328 512 2399 καρία
575 2326 948 2402 Συγκλητική.
984 2328 1209 2396 Ἐκάστη
1265 2325 1320 2381 δὲ
1369 2329 1544 2382 αὐτῶν
1605 2327 1821 2402 ὲδέχε-τ)
1871 2331 2001 2403 ὅπερ

353 2413 639 2484 ἐϐούλετο,
669 2417 758 2470 καὶ
821 2417 917 2487 μία
974 2421 1079 2470 τῶν
1141 2415 1510 2477 συνελθουσῶν
1563 2417 1786 2480 ἐπύθετο
1837 2417 2002 2485 αὐτῆς

355 2503 606 2578 λέγουσα·
661 2504 722 2557 Εἰ
788 2503 994 2558 τέλειον
1065 2505 1257 2578 ἀγαθὸν
1395 2507 1784 2577 ἁκτημοσύνη;
1832 2507 1892 2560 Ἠ
1946 2505 2002 2560 δὲ

355 2594 470 2647 εἶπε
556 2594 649 2647 Καὶ
710 2594 846 2647 πάνυ
923 2596 1112 2669 ἀγαθὸν
1185 2601 1301 2654 ταῖς
1374 2593 1712 2667 δυναμέναις.
1777 2599 1845 2650 Αἱ
1901 2597 2001 2671 γὰρ

357 2682 721 2753 ὑπομένουσαι
772 2687 957 2751 τοῦτο,
989 2683 1170 2755 Θλίψιν
1227 2684 1319 2754 μὲν
1354 2682 1537 2757 ἔχουσι
1599 2689 1666 2758 τῇ
1726 2686 1900 2761 σαρκὶ,
1933 2690 2000 2759 τῇ

355 2769 412 2824 δὶ
462 2775 615 2845 ψυχῇ
669 2773 863 2827 ανεσιν.
911 2775 1114 2847 ’Ὠσπερ
1159 2772 1258 2846 γὰρ
1307 2775 1372 2826 τὰ
1421 2773 1614 2848 στερρὰ
1654 2775 1844 2846 ἱμάτια
1899 2797 1999 2829 πα-

349 2859 591 2932 τούμενα
647 2860 734 2914 καὶ
797 2859 988 2935 βιαίως
1059 2862 1517 2938 περιστρεφόμενα
1588 2862 1847 2918 πλύνεται
1913 2865 2000 2919 καὶ

353 2947 720 3016 λευκαίνεται,
751 2948 922 3009 οὕτως
953 2949 1041 3003 καὶ
1072 2950 1106 3018 ἡ
1143 2949 1340 3025 ἰσχυρά
1367 2952 1519 3025 ψυχὴ
1571 2947 1660 3005 διὰ
1702 2959 1802 3021 τῆς
1855 2953 2004 3008 ἑκου-

352 3037 473 3090 σίου
505 3036 690 3098 πενίας
724 3037 811 3090 ἐπὶ
871 3034 1060 3092 πλεῖον
1110 3040 1444 3114 κρατύνεται·
1479 3041 1533 3094 αἱ
1592 3037 1650 3095 δὲ
1706 3043 2004 3105 ἀσθενέστε-

353 3144 446 3199 ρον
505 3125 594 3179 τὸν
653 3124 920 3200 λογισμὸν
985 3124 1204 3201 ἔχουσαι
1237 3127 1299 3182 τὸ
1331 3127 1560 3184 ἐναντίον
1590 3135 1708 3191 ταῖς
1763 3131 2003 3205 πρώταις

351 3213 650 3289 πάσχουσι.
687 3215 783 3267 Καὶ
816 3216 916 3290 γὰρ
968 3215 1104 3290 πρὸς
1139 3215 1323 3292 ὀλίγον
1377 3213 1667 3290 Θλιϐεῖσαι,
1702 3218 1881 3296 ὥσπερ
1935 3221 2002 3275 τὰ

2033 1929 2080 1993 Β

2107 646 2206 700 dat
2235 647 2409 710 labia.
2445 650 2798 722 demumque
2830 655 3017 712 videat
3048 663 3337 720 nudorum
3372 669 3593 724 ossium
3656 674 3755 727 de-

2106 734 2352 790 formem
2403 754 2763 810 compagem,
2799 749 2854 797 et
2884 748 3211 806 consideret
3243 755 3491 826 denique
3521 761 3660 830 quid
3695 762 3752 815 id

2106 828 2260 877 esset
2290 826 2445 895 quod
2480 835 2776 882 amaretur
2810 849 2820 885 :
2857 832 2933 887 ita
2967 837 3120 892 enim
3153 838 3383 900 inversa
3415 826 3758 918 cogi'tatio.a

2105 927 2251 1007 vano
2285 914 2494 984 poterit
2521 932 2713 970 errore
2748 924 3017 976 revocari.
3042 925 3183 982 Nam
3219 935 3370 1000 quod
3405 914 3758 1007 diligebatur

2110 998 2250 1054 nihil
2285 1007 2409 1098 erat
2440 1004 2551 1057 nisi
2585 1007 2828 1076 sanguis
2865 1010 3195 1084 phlegmate
3227 998 3542 1088 admistusv,
3599 1029 3752 1098 quod

2108 1093 2164 1142 et
2193 1090 2439 1144 vestitus
2473 1109 2642 1147 usum
2677 1097 3038 1156 animalibus
3069 1104 3369 1179 relinquit.
3401 1113 3490 1167 Sic
3522 1090 3657 1186 erg-0
3691 1134 3756 1172 ac

2109 1194 2209 1276 per
2265 1177 2606 1276 bujusmodi
2664 1186 3061 1258 cogitationes,
3124 1177 3253 1264 pari
3284 1203 3372 1254 est
3401 1206 3464 1255 ut
3494 1177 3762 1276 tibigatur

2107 1266 2523 1324 abominabilis
2556 1274 2838 1342 nequitia.
2877 1277 2944 1331 Et
2978 1279 3131 1337 sict1t
3161 1283 3392 1343 clavum
3441 1266 3624 1358 clavo:
3681 1295 3762 1350 ita

2109 1356 2378 1456 convenit
2437 1359 2725 1456 expellere
2759 1364 3104 1424 daemonem.
3138 1375 3218 1428 Ad
3252 1375 3372 1432 haec
3401 1356 3630 1451 oportet
3660 1400 3762 1456 per

2107 1447 2292 1499 totum
2323 1449 2474 1516 quod
2511 1455 2742 1505 amatur
2770 1470 2983 1526 corpus
3006 1459 3199 1517 ulcera
3229 1447 3625 1535 graveolentia
3654 1447 3762 1545 pu-

2110 1533 2376 1605 tridaque
2407 1539 2756 1611 contingere,
2791 1561 2856 1598 ac
2888 1562 3002 1601 uno
3033 1533 3361 1620 verbm—aut
3393 1533 3767 1620 cadaveri‘si-

2110 1621 2266 1689 mile,
2329 1629 2431 1679 aut
2487 1627 2660 1682 etiam
2710 1638 3008 1691 mortuum
3041 1637 3286 1698 internis
3320 1647 3505 1704 oculis
3535 1652 3761 1708 oti‘erre.

2109 1709 2226 1766 Hoc
2257 1711 2412 1768 enim
2445 1721 2609 1784 pacto
2641 1735 2675 1772 a
2718 1718 2981 1778 libidinis
3038 1744 3213 1784 sensu
3268 1749 3593 1796 evocamur.
3651 1742 3762 1798 Sed

2110 1800 2264 1870 quod
2299 1801 2616 1859 maximum
2650 1812 2761 1876 est,
2789 1813 2974 1866 ventri
3009 1813 3328 1890 imperare;
3365 1824 3445 1881 ita
3475 1828 3629 1883 enim
3658 1847 3763 1902 po-

2109 1888 2356 1988 terimus
2385 1907 2484 1946 eas
2512 1909 2639 1964 quas
2698 1897 2850 1953 infra
2907 1908 3167 1960 ventrem
3228 1888 3368 1966 sunt
3427 1888 3763 1989 voluptates

2112 1976 2428 2034 continere.

2183 2067 2272 2162 3Q.
2309 2067 2648 2162 Eratigitur
2677 2074 2940 2132 divinum
3002 2083 3326 2143 convivium
3389 2097 3763 2162 praesentium

2113 2155 2427 2226 virginum.
2462 2158 2605 2214 Nam
2638 2163 2934 2232 sapientia}
2984 2174 3306 2231 crateribus
3357 2155 3764 2241 eihilaraban-

2112 2248 2227 2344 tur.
2259 2246 2504 2344 “Divini-
2526 2248 2769 2320 liquoris
2801 2256 3150 2315 administra
3178 2270 3302 2319 erat
3331 2267 3500 2324 beata
3527 2273 3765 2344 Synele-

2112 2334 2412 2428 tica.Quod
2448 2336 2653 2393 liberet
2685 2341 2930 2413 singula:
2964 2334 3611 2428 accipiebant,quarum
3652 2382 3766 2420 una

2112 2424 2353 2493 rogabat
2382 2441 2611 2491 eam,an
2643 2439 2959 2502 paupertas
2987 2440 3299 2506 perfectum
3337 2424 3554 2504 bonum
3589 2462 3763 2510 esset.

2112 2511 2257 2564 Tum
2293 2512 2390 2611 illa
2417 2514 2776 2611 :APerfectum
2814 2521 2982 2592 plane
3013 2527 3229 2585 bonum
3263 2539 3350 2588 est
3383 2535 3454 2591 iis
3487 2542 3584 2611 qui
3619 2542 3768 2598 ferre

2113 2605 2379 2670 possunt.
2415 2604 2549 2667 Quae
2581 2606 2734 2659 enim
2772 2609 2878 2663 hoc
2912 2604 3611 2684 sustinentafﬂiction-em
3645 2633 3767 2701 qui-

2113 2689 2244 2743 dem
2305 2707 2477 2746 carne
2534 2695 2817 2765 sentiunt,
2879 2703 3074 2759 anima
3141 2724 3273 2765 vero
3339 2689 3762 2778 remissionem.

2113 2779 2615 2875 Quemadmodum
2647 2786 2804 2842 enim
2836 2796 3233 2863 compactiora
3262 2803 3769 2875 vestimenta,con-

2112 2866 2372 2956 culeata,
2429 2869 2825 2947 violenterque
2886 2881 3270 2953 circumacta,
3331 2866 3656 2953 abluuntur
3711 2906 3770 2956 et

2113 2954 2481 3059 dealbantur,
2533 2962 2612 3059 ita
2644 2964 2808 3022 fortis
2840 2969 3038 3026 anima
3068 2990 3169 3044 per
3197 2984 3581 3049 spontaneum
3615 2954 3765 3059 pau-

2112 3050 2394 3115 pertatem
2425 3051 2612 3122 magis
2644 3056 3089 3116 corroboratur:
3118 3081 3242 3134 quae
3269 3073 3463 3127 autem
3487 3050 3768 3134 debiliore

2112 3139 2252 3226 sunt
2283 3142 2494 3226 mente,
2521 3147 2722 3197 contra
2753 3161 2929 3216 quam
2965 3149 3184 3220 priores
3217 3157 3692 3226 patiuntur.Nam
3718 3168 3770 3222 si

2112 3221 2201 3276 vel
2227 3225 2468 3281 modicis
2501 3229 2918 3290 afflictionibus
2952 3221 3473 3313 premantur,sicut
3505 3251 3766 3311 discissa:

353 3300 690 3379 διερρωγότα
748 3304 956 3376 ἱμάτια,
1018 3304 1376 3377 ἀπόλλυνται,
1440 3308 1514 3378 μὴ
1587 3309 1847 3384 φέρουσαι
1904 3311 2001 3378 τὴν

2952 3291 2968 3308 ι
3028 3291 3473 3313 _,___-__-_-,-.-...
3506 3291 3766 3311 υιυυιοοασ

2117 3317 2323 3402 vestes.
2359 3316 2412 3368 in
2448 3319 2766 3387 perniciem
2797 3329 2956 3391 eunt,
2978 3344 3081 3383 nec
3111 3330 3259 3388 ferre
3290 3335 3480 3393 valent
3533 3341 3768 3402 virtutis

355 3389 446 3446 διὰ
497 3400 598 3461 τῆς
651 3394 844 3466 ἀρετῆς
891 3392 1112 3451 πλύσιν.
1150 3393 1245 3448 Καὶ
1278 3395 1349 3456 είς
1378 3397 1405 3450 6
1434 3399 1713 3471 τεχνίτης,
1747 3395 2002 3474 διάφορον

359 3477 418 3535 δὲ
445 3484 552 3535 τῶν
585 3481 816 3553 ἱματίων
847 3482 912 3536 τὸ
956 3481 1138 3544 τέλος·
1188 3485 1254 3537 τὰ
1305 3484 1398 3555 μὲν
1450 3486 1550 3561 γὰρ
1605 3485 1866 3561 ῥήγνυται
1916 3487 2005 3542 καὶ

360 3568 690 3640 ἀπόλλυται,
759 3570 822 3624 τὸ
895 3568 952 3624 δὲ
1028 3570 1362 3627 λευκαίνεται
1419 3575 1508 3628 καὶ
1592 3575 2005 3644 ἀνακαινίζεται.

359 3658 505 3729 Φαίη
539 3657 630 3712 οὖν
664 3657 724 3713 ἄν
775 3679 879 3727 τις,
910 3660 1107 3735 ἀγαθὸν
1140 3662 1430 3734 κειμήλιον
1475 3665 1573 3732 τὴν
1625 3665 2003 3737 ἀκτημοσύνην

351 3753 433 3819 τῷ
491 3745 722 3823 ἀνδρείῳ
791 3752 1137 3825 φρονήματι·
1193 3751 1281 3804 καὶ
1346 3752 1449 3826 γὰρ
1518 3757 1625 3807 τῶν
1698 3759 2007 3829 πρακτικῶν

355 3838 768 3911 ἁμαρτημάτων
804 3835 1032 3912 χαλινὸς
1063 3839 1344 3914 τυγχάνει.

425 4017 514 4074 31.
580 4021 670 4071 Δεῖ
729 4014 786 4071 δὲ
843 4021 1058 4093 πρῶτον
1117 4017 1551 4093 ἐγγυμνασθῆναι
1614 4025 1732 4082 τοῖς
1787 4021 2000 4084 πόνοις·

352 4105 502 4179 λέγω
535 4103 612 4170 δὲ,
643 4107 866 4178 νηστείᾳ
913 4127 972 4161 τε
1028 4107 1114 4161 καὶ
1173 4109 1466 4183 χαμευνίᾳ,
1497 4111 1585 4163 καὶ
1640 4117 1755 4171 τοῖς
1811 4110 2005 4172 ἄλλοις

351 4195 490 4248 κατὰ
551 4196 738 4270 μέρος,
767 4195 855 4250 καὶ
915 4195 1085 4256 οὕτως
1141 4198 1340 4267 ταύτην
1387 4198 1486 4266 τήν
1545 4199 1739 4269 ἀρετὴν
1797 4203 2002 4270 κτήσα-

354 4285 495 4337 σθαι·
534 4284 601 4341 Οἱ
633 4285 736 4359 γὰρ
791 4285 866 4357 μή
926 4284 1068 4339 οὕτω
1127 4289 1472 4355 ποιήσαντες,
1533 4287 1743 4362 ἀθρόως
1805 4286 1862 4342 δὲ
1918 4289 2005 4343 ἐπὶ

354 4374 453 4439 τήν
489 4367 774 4440 ἀποϐολὴν
801 4376 908 4426 τῶν
965 4375 1270 4447 χρημάτων
1327 4371 1644 4448 δραμόντες,
1677 4376 1750 4438 ὡς
1811 4375 2002 4431 ἐπίπαν

359 4459 653 4533 μεταμέλῳ
684 4459 946 4516 ἑάλωσαν.

429 4554 518 4606 32.
540 4553 805 4625 Ὀργα-ιον
830 4550 932 4625 γὰρ
964 4555 1061 4605 τοῦ
1086 4551 1487 4607 ἀπολαυστικοῦ
1513 4551 1633 4627 βίου
1657 4554 1724 4608 τὰ
1745 4555 1855 4630 χρή
1867 4576 2007 4627 ματα

2117 3399 2497 3499 ablutionem.
2522 3498 2527 3499 γ
2556 3408 2747 3478 Atque
2805 3428 2922 3467 una
2952 3415 3190 3485 quidem
3225 3421 3280 3474 in
3315 3425 3576 3499 utrisque
3602 3399 3767 3488 ablu;

2115 3487 2291 3544 tionis
2316 3491 2417 3546 ars
2448 3498 2557 3560 est,
2591 3512 2859 3568 unusque
2891 3503 3116 3575 artifex,
3149 3508 3416 3568 diversus
3451 3487 3646 3574 tamen
3678 3527 3768 3577 est

2113 3579 2598 3638 vestimentorum
2631 3587 2927 3645 tinismam
2962 3592 3059 3648 illa
3081 3597 3318 3666 quidem
3351 3602 3771 3678 dirumpuntur

2114 3671 2171 3761 et
2200 3672 2592 3761 pereunt,ba=:e
2623 3682 2818 3732 autem
2853 3679 3159 3740 albescunt
3189 3693 3362 3761 atque
3395 3671 3766 3757 renovantur.

2111 3758 2250 3812 Jure
2280 3759 2458 3830 igitur
2487 3762 2815 3821 voluntaria
2848 3777 3158 3842 paupertas
3209 3758 3550 3848 praeclarum
3596 3785 3770 3847 cime-

2115 3845 2260 3901 lium
2295 3857 2688 3923 nuncupetur,
2719 3855 2869 3912 virili
2903 3875 3112 3932 nempe
3141 3845 3359 3938 animo,
3395 3887 3528 3928 nam
3564 3845 3766 3946 pecca-

2112 3940 2307 3991 torum
2339 3942 2396 3992 et
2427 3939 2748 3998 facinorum
2785 3945 3013 4003 frenum
3043 3957 3150 4007 est.

2183 4025 2632 4127 31..At‘()portet
2663 4033 2828 4127 prius
2857 4039 3108 4094 exerceri
3157 4043 3216 4096 in
3267 4047 3495 4118 primis,
3556 4069 3767 4127 nempe

2106 4113 2378 4213 jejupiot
2400 4115 2561 4213 bumi
2591 4119 2921 4192 cubatione,
2954 4124 3202 4200 aliisque
3234 4113 3546 4208 ejusmodi,
3579 4113 3765 4213 eoque

2115 4204 2288 4258 modo
2311 4204 2379 4258 ad
2412 4205 2557 4260 hanc
2589 4210 2886 4277 pervenire
2915 4213 3210 4273 virtutem.
3237 4221 3380 4278 Nam
3405 4228 3505 4298 qui
3533 4204 3650 4285 non
3669 4204 3766 4288 nita

2116 4294 2426 4364 agunt,sed
2461 4296 2770 4390 derepente
2804 4301 2872 4354 ad
2911 4303 3214 4363 facultates
3247 4294 3606 4374 abdicandas
3630 4337 3762 4390 pro-

2118 4388 2342 4454 perant,
2377 4389 2439 4437 ut
2471 4383 2791 4454 plurimum
2845 4389 3112 4448 incidunt
3169 4397 3226 4450 in
3289 4400 3422 4457 facti
3477 4383 3764 4478 pcnni-ten-

2115 4473 2280 4527 tiam.

2186 4561 2274 4616 32.
2310 4561 2456 4615 Nam
2486 4560 2878 4619 instrumenta
2904 4565 3262 4640 voluptuosae
3294 4576 3420 4633 vita:
3452 4587 3590 4636 sunt
3621 4585 3766 4641 divi-

354 4637 636 4715 τυγχάνει.
696 4637 888 4696 ’Ἅνελε
945 4638 1036 4694 οὖν
1097 4646 1310 4710 πρῶτον
1369 4645 1467 4710 τὴν
1523 4643 1711 4696 ἑαυτοῦ
1777 4643 2001 4718 τέχνην,

2117 4651 2224 4704 tiae.
2261 4650 2522 4704 Primum
2549 4667 2682 4719 ergo
2714 4652 2876 4707 aul‘er
2905 4637 3085 4712 artem
3121 4664 3303 4732 tuam,
3337 4665 3445 4723 hoc
3475 4675 3585 4741 est,
3639 4690 3765 4730 ora-

354 4726 598 4783 τουτὲστι
655 4729 755 4796 τήν
816 4729 1246 4803 γαστριμαργίαν
1305 4731 1485 4785 καὶτὸ
1517 4726 1882 4804 ἁϐροδίαιτον,
1914 4733 2004 4787 καὶ

357 4817 532 4878 οὕτως
566 4815 807 4879 εὐκόλως
840 4819 1176 4892 περιτέμνειν
1232 4818 1328 4884 τὴν
1389 4823 1584 4872 σαυτοῦ
1644 4817 1844 4893 δυνήσῃ
1900 4825 2004 4875 τῶν

358 4906 664 4982 χρημάτων
697 4904 857 4976 ὕλην.
892 4905 1032 4982 Βαρῦ
1087 4906 1189 4981 γὰρ
1239 4905 1413 4977 οἶμαι,
1445 4908 1648 4981 τέχνης
1704 4909 2006 4984 παρούσης,

359 4993 590 5070 ὄργανον
628 4995 702 5067 μὴ
735 4994 1046 5069 τυγχάνειν.
1072 4996 1129 5049 ἸΙ
1163 4994 1261 5070 γὰρ
1297 4995 1372 5066 μή
1407 4991 1698 5050 ἀποϐαλὼν
1744 4999 1806 5050 τὸ
1858 5003 2006 5073 πρῶ-

357 5109 473 5156 τον,
506 5089 623 5149 πῶς
688 5087 752 5141 τὸ
810 5083 1060 5162 δεύτερον
1122 5087 1311 5157 ἐξῶσαι
1367 5085 1687 5156 δυνήσεται;
1723 5089 1818 5142 Διὰ
1846 5094 2006 5144 τοῦτο

358 5177 449 5231 καὶ
482 5177 511 5230 6
573 5175 789 5248 Σωτὴρ,
822 5175 959 5250 πρὸς
1003 5175 1093 5229 τὸν
1155 5174 1415 5230 πλούσιον
1473 5173 1877 5251 διαλεγόμενος,
1911 5177 2010 5233 οὐκ

363 5264 575 5340 ἁθρόως
607 5263 870 5336 αὐτῷτὴν
905 5260 1189 5333 ἁποϐολήν
1220 5267 1327 5319 τῶν
1385 5264 1688 5340 χρημάτων
1748 5264 2010 5339 προστάσ-

361 5371 462 5407 σει·
498 5349 642 5407 ἀλλὰ
695 5355 981 5427 προερωτᾷ
1037 5351 1217 5419 αὐτὸν,
1252 5353 1296 5406 εἰ
1352 5354 1417 5406 τὰ
1472 5356 1569 5405 τοῦ
1621 5351 1794 5425 νόμου
1826 5353 2011 5408 πεποί-

361 5465 483 5513 ηκε.
527 5444 624 5497 Καὶ
671 5439 1000 5498 διδασκάλου
1054 5443 1280 5517 γνησίου
1336 5442 1625 5518 πρόσωπον
1685 5440 2007 5517 ἀναδεξάμε-

362 5553 452 5594 νος
484 5533 513 5588 6
543 5531 738 5608 Κύριος
800 5531 993 5607 ἐρωτᾷ·
1027 5531 1092 5587 El
1149 5532 1214 5586 τὰ
1268 5537 1516 5606 στοιχεῖα
1574 5530 1790 5605 ἔμαθες,
1823 5532 1868 5587 εἰ
1914 5533 2010 5595 τὰς

443 5749 556 5824 (81)
589 5750 652 5806 In
687 5750 820 5806 Vitis
847 5749 961 5805 PP.
997 5748 1035 5804 l.
1068 5763 1123 5818 ν,
1153 5748 1208 5822 ϐ,
1234 5750 1320 5805 13.

2120 4739 2319 4810 pulam
2379 4743 2437 4792 et.
2483 4737 2742 4809 delicias,
2776 4740 2975 4813 sicque
3010 4746 3174 4803 facile
3205 4755 3422 4822 poteris
3453 4737 3628 4830 epu'm
3662 4763 3765 4818 ab-

2119 4827 2384 4882 scindere
2417 4828 2741 4884 materiam.
2786 4832 2966 4887 Grave
3022 4837 3177 4892 enim
3240 4848 3379 4912 puto
3436 4827 3584 4918 esse,
3646 4857 3770 4908 arte

2121 4922 2428 4986 praesente,
2459 4918 2662 4972 abesse
2693 4917 3104 4980 instrumenta.
3136 4927 3201 4982 Et
3231 4930 3330 5000 qui
3363 4917 3618 5004 primum
3652 4957 3768 4996 non

2119 5004 2362 5099 expulit,
2422 5004 2574 5099 qui:
2605 5022 2822 5099 quaeso,
2883 5012 3092 5099 poterit
3143 5021 3772 5099 secundum'exigere?

2119 5093 2508 5156 Quamobrem
2541 5093 2805 5149 Salvator
2834 5097 3067 5154 divitem
3094 5101 3544 5177 alloquens,non
3567 5093 3770 5175 statim

2117 5180 2282 5249 iubet
2311 5196 2450 5250 opes
2477 5181 2792 5249 dimittere,
2827 5185 2927 5239 sed
2963 5194 3094 5243 ante
3125 5190 3444 5268 interrogat
3489 5216 3632 5259 num
3691 5205 3774 5262 le-

2119 5269 2210 5340 gis
2267 5269 2545 5364 mandata
2595 5272 2857 5364 servarit.
2894 5274 2959 5329 Et
2989 5283 3250 5348 germani
3284 5288 3549 5359 magistri
3577 5310 3778 5364 perso-

2122 5374 2256 5411 nam
2288 5357 2579 5426 accipiens
2614 5359 2894 5416 Dominus
2924 5365 3337 5429 sciscitaturzsi
3371 5357 3630 5436 didicisti
3670 5383 3782 5442 ele-

2120 5450 2350 5513 menta;
2382 5445 2431 5500 si
2463 5445 2721 5516 syllabas
2753 5452 3062 5523 accepisti;
3096 5474 3162 5514 ac
3212 5461 3452 5521 demum
3500 5469 3550 5524 si
3580 5486 3780 5529 assue-

2118 5534 2254 5592 visti
2282 5533 2777 5605 nominibus,veni
2801 5539 2928 5608 jam
2961 5545 3032 5599 ad
3063 5550 3552 5618 perfectissimam
3581 5558 3781 5620 lectio-
