4162 6368
465 411 493 464 1
504 405 617 463 507

1640 402 1705 459 S.
1753 397 2365 461 ATHANASIUS.—
2402 398 2711 464 SPURIA.

3710 406 3849 471 i503

464 556 634 607 nem;
666 538 778 595 hoc
808 542 897 593 est
926 554 940 591 :
980 534 1135 605 Vade,
1166 536 1332 592 vende
1361 538 1545 591 omnia
1575 550 1697 605 quae
1726 536 1909 600 habes,
1941 537 1993 588 et
2038 535 2101 589 du

2227 530 2501 597 συλλαϐὰς
2531 536 2896 615 παρείληφας,
2922 538 3013 593 καὶ
3071 536 3262 599 ἁπλῶς
3320 547 3366 591 εἴ
3421 541 3525 593 τῶν
3582 537 3846 612 ὀνομάτων

460 628 830 702 pauperibus;
882 631 932 683 et
982 629 1127 694 veni,
1179 642 1403 697 sequere
1456 642 1543 680 me
1598 625 1666 677 ⁸³.
1718 624 2113 693 Arbitrorque,

462 718 577 774 nisi
608 718 908 789 prolessus
939 715 1161 782 fuisset,
1196 731 1257 769 se
1289 732 1357 769 ea
1388 713 1594 769 fecisse
1623 713 1695 767 de
1724 713 1941 784 quibus
1989 713 2113 766 tue-

458 813 551 864 rat
605 808 1020 875 interrogatus,
1084 820 1457 873 nequaquam
1501 803 1694 873 ipsum
1729 802 1799 855 ad
1826 802 2113 856 bonorum

461 895 889 953 abdicationem
922 895 1245 948 invitasset.
1275 901 1399 957 Qua
1427 893 1582 946 enim
1616 891 1839 946 ratione
1896 888 2112 945 valuis-

457 992 547 1042 set
588 987 660 1041 ad
691 983 1002 1040 lectionem
1033 982 1325 1047 accedere,
1357 981 1456 1052 qui
1489 980 1816 1051 ignorasset
1848 979 1962 1034 vim
1992 978 2111 1049 syl-

456 1075 720 1131 labarum
738 1072 766 1127 ‘I

524 1252 611 1308 33.
645 1251 803 1307 Bona
827 1250 1029 1322 itaque
1058 1253 1148 1305 est
1174 1247 1505 1304 voluntaria
1534 1250 1852 1319 paupertas
1882 1245 1955 1299 iis
2005 1242 2108 1315 qui

450 1343 740 1397 virtutum
769 1338 1252 1397 consuetudinem
1287 1337 1438 1392 nacti
1470 1336 1781 1392 sunt.Nam
1809 1333 2108 1404 superflua

454 1431 654 1487 omnia
684 1446 818 1485 cum
843 1429 1182 1498 abjecerint,
1216 1427 1289 1481 ad
1322 1425 1638 1481 Dominum
1670 1428 1999 1489 vertuntur,
2023 1421 2109 1476 di-

450 1522 654 1575 vinum
684 1519 794 1574 hoc
823 1517 1119 1588 eloquium
1154 1533 1300 1587 pura
1332 1518 1522 1570 mente
1553 1513 1868 1586 psallentes
1904 1530 1916 1567 :
1950 1511 2105 1567 628

453 1610 621 1667 Oculi
647 1609 822 1664 nostri
851 1609 912 1661 in.
939 1611 990 1661 te
1016 1609 1241 1676 sperant
1272 1623 1291 1660 :
1321 1609 1372 1659 et
1400 1614 1457 1659 tu
1486 1603 1584 1658 dus
1609 1619 1791 1659 escam
1818 1602 2106 1671 diligenti-

454 1698 549 1755 bus
577 1700 648 1766 te,
675 1699 736 1752 in
763 1701 1009 1767 tempore
1036 1699 1337 1765 opportuno
1367 1693 1432 1749 ⁸³.

2226 620 2277 676 ἐν
2310 619 2413 693 ἕξει
2445 623 2696 700 γέγονας,
2730 624 2886 702 δεῦρο
2934 624 3127 681 λοιπὸν
3179 626 3270 681 καὶ
3327 624 3414 680 ἐπὶ
3450 626 3547 695 τήν
3599 626 3847 684 τελειοτάο

2221 731 2321 780 την
2400 713 2723 788 ἀνάγνωσιν·
2794 715 3088 771 τουτέστιν·
3145 718 3369 790 ’Ύπαγε,
3437 713 3688 787 πώλησόν
3760 740 3846 773 σου

2219 800 2288 855 τὰ
2367 802 2713 878 ὑπάρχοντα,
2768 806 2859 860 καὶ
2946 803 3104 879 δεῦρο
3187 803 3472 860 ἀκολούθει
3558 826 3686 876 μοι.
3757 807 3844 862 Καὶ

2218 890 2363 965 τάχα
2396 892 2573 964 οἶμαι,
2605 893 2682 955 ὡς
2713 893 2760 948 εἰ
2804 895 2880 967 μή
2930 895 2997 949 si
3045 893 3385 964 ἐξετασθέντα
3437 894 3503 963 ἦν
3554 894 3844 970 ὑποσχόμε-

2218 999 2315 1041 νος
2346 982 2724 1053 πεποιηκέναι,
2757 983 2856 1037 οὐκ
2885 983 2945 1038 ἂν
2978 982 3135 1037 αὐτὸν
3188 982 3275 1037 ἐπὶ
3329 983 3429 1051 τήν
3483 983 3841 1055 ἀκτημοσύνην

2217 1070 2608 1143 προετρέψατο.
2652 1076 2777 1134 Πῶς
2831 1073 2934 1147 γὰρ
2987 1072 3045 1126 ἃν
3108 1069 3339 1141 ἠδύνατο
3398 1072 3532 1146 πρὸς
3566 1073 3840 1145 ἀνάγνωσιν

2219 1158 2484 1232 ὁρμῆσαι,
2513 1162 2613 1229 τὴν
2644 1166 2753 1215 τῶν
2787 1156 3075 1216 συλλαϐῶν
3109 1162 3317 1237 ἀγνοῶν
3350 1157 3615 1232 δύναμινς

2287 1249 2378 1304 33.
2423 1247 2573 1318 Καλή
2606 1248 2697 1304 οὖν
2730 1251 2766 1320 ἠ
2800 1249 3152 1322 ἁκτημοσύνη
3198 1255 3315 1312 τοῖς
3362 1248 3415 1304 ἰν
3462 1246 3566 1322 ἕξει
3612 1254 3713 1304 τῶν
3756 1271 3839 1305 κα-

2218 1333 2331 1390 λῶν
2389 1338 2795 1412 γεγενημένοις·
2848 1338 3062 1393 πάντων
3122 1340 3226 1413 γὰρ
3277 1342 3387 1393 τῶν
3447 1342 3702 1413 περιττῶν
3756 1340 3841 1406 τὴν

2216 1420 2501 1495 ἀποϐολὴν
2542 1429 2926 1500 ποιησάμενοι,
2975 1429 3112 1504 πρὸς
3158 1428 3250 1483 τὸν
3302 1426 3500 1503 Κύριον
3544 1426 3752 1505 φέρουσι
3790 1427 3846 1482 τὸ

2215 1518 2403 1587 νεῦμα,
2440 1516 2503 1571 τὸ
2560 1521 2703 1580 θεῖον
2753 1517 2923 1573 ἐκεῖνο
2974 1515 3192 1588 ᾅδοντες
3245 1515 3435 1593 λόγιον
3487 1517 3746 1592 καθαρῶς,
3794 1517 3850 1570 τὸ

2216 1600 2375 1679 λέγον
2407 1622 2420 1635 ·
2480 1606 2543 1658 Oi
2610 1604 2890 1682 ὀφθαλμοὶ
2969 1608 3130 1679 ἡμῶν
3215 1606 3353 1679 πρὸς
3432 1604 3491 1660 σὶ
3563 1603 3847 1675 ἐλπίζουσι·

2213 1693 2303 1746 καὶ
2379 1692 2442 1747 σὺ
2514 1691 2677 1756 δίδως
2748 1696 2849 1765 τὴν
2924 1696 3133 1773 τροφὴν
3206 1700 3325 1757 τοῖς
3397 1693 3641 1771 ἀγαπῶσί
3699 1714 3753 1748 σε
3802 1691 3848 1748 ἰν

2214 1781 2481 1858 εὐκαιρίᾳ.

522 1875 901 1931 34.Ρι·ωιθι·εει
930 1887 1211 1943 magnum
1244 1871 1382 1926 hinc
1412 1870 1790 1926 commodum
1822 1869 2101 1934 referunt;

2284 1874 2372 1928 34.
2407 1870 2630 1967 Ἄλλως
2676 1894 2736 1928 τε
2780 1872 2946 1929 πάλιν
2996 1871 3242 1947 μεγάλην
3292 1872 3562 1952 ὠφέλειαν
3611 1871 3850 1949 εἰσπράτ-

452 1980 586 2020 οιιω
617 1966 775 2019 enim
808 1962 879 2018 ad
905 1966 1241 2016 terrestrem
1272 1960 1617 2015 thesaurum
1664 1958 1932 2014 animum
1990 1973 2101 2012 non

2214 1981 2415 2015 τονται·
2453 1963 2528 2033 μή
2562 1960 2784 2036 ἔχοντες
2814 1964 2917 2038 γὰρ
2948 1964 3040 2018 τὸν
3071 1967 3197 2019 νοῦν
3230 1963 3369 2035 πρὸς
3410 1963 3501 2018 τὸν
3560 1961 3610 2017 ἐν
3641 1965 3711 2037 γῇ
3758 1974 3846 2031 θη-

453 2052 767 2123 appellant,
828 2066 1075 2120 regnum
1133 2048 1411 2104 cmlorum
1472 2047 1749 2112 induunt,
1797 2045 2107 2117 palamque

449 2141 613 2197 illam
643 2158 679 2196 a
708 2138 1015 2212 psalmista
1061 2137 1274 2192 Davide
1328 2139 1696 2193 decantatam
1754 2134 2103 2191 sententiam

450 2237 852 2301 exsequuntur
894 2245 907 2285 :
957 2229 1020 2285 Ut
1063 2228 1383 2299 jumentum
1411 2225 1595 2296 factus
1625 2241 1749 2279 sum
1778 2223 1926 2296 apud
1954 2226 2009 2278 te
2035 2223 2101 2278 3‘.

449 2320 598 2375 Nam
628 2318 1098 2388 sicutjumenta,
1132 2333 1253 2386 qua!
1284 2332 1459 2370 suum
1492 2331 1637 2386 opus
1671 2314 1910 2380 obeunt,
1961 2311 2103 2368 solis

449 2409 520 2464 ad
584 2407 760 2464 vitam
820 2405 1166 2462 necessariis
1204 2404 1500 2460 alimentis
1529 2409 1802 2459 contenta
1830 2408 1989 2471 sunt,
2022 2402 2105 2456 ita

448 2495 809 2569 paupertatis
838 2499 1153 2561 amatores,
1186 2511 1358 2549 usum
1415 2493 1673 2563 pecuniae
1728 2491 1895 2563 quasi
1953 2489 2101 2546 nihil

448 2591 742 2658 reputant,
786 2584 1090 2655 soliusque
1118 2582 1443 2655 quotidiani
1474 2582 1734 2638 alimenti
1766 2597 1945 2636 causa
1974 2596 2101 2635 cor-

446 2691 683 2746 poream
714 2677 983 2729 exercent
1011 2689 1269 2742 operam.
1313 2671 1382 2726 Hi
1439 2676 1641 2727 tenent
1697 2670 1833 2725 ﬁdei
1890 2672 2099 2724 funda-

448 2766 714 2818 mentum
745 2779 757 2818 :
792 2763 865 2818 ad
895 2778 995 2817 eos
1023 2777 1280 2831 namque
1306 2761 1531 2815 dictum
1566 2761 1677 2815 fuit
1698 2778 1731 2814 a
1760 2759 2102 2825 Domino,ut

444 2851 674 2908 solliciti
693 2868 807 2906 non
820 2854 1018 2906 essent
1034 2850 1092 2905 in
1114 2849 1461 2905 crastinum:
1474 2849 1825 2914 et,volatilia
1843 2851 1965 2903 acti
1982 2865 2099 2904 non

445 2949 651 3005 serunt,
684 2955 860 3009 neque
888 2942 1116 3004 metunt,
1149 2941 1203 2992 et
1231 2943 1398 2993 Pater
1423 2937 1656 2992 cwleslis
1681 2940 1860 3007 pascit
1889 2937 1992 2992 illa
2029 2938 2093 2994 ⁸⁵.

446 3029 490 3085 H
500 3030 547 3084 is
570 3028 701 3084 freti
725 3026 1096 3084 sermonibus
1115 3027 1293 3097 (Deus
1316 3042 1570 3097 namque
1589 3032 1679 3083 est
1698 3028 1799 3097 qui
1816 3028 2097 3100 loquitur)

448 3118 627 3173 libere
655 3123 712 3172 et
740 3117 1019 3172 audacter
1050 3114 1218 3170 illum
1250 3115 1565 3186 Scriptura:
1587 3132 1785 3171 vocem
1836 3134 2095 3188 pronun-

446 3206 598 3263 tiant
628 3222 643 3261 :
676 3204 904 3262 Credidi
929 3209 1158 3277 propter
1185 3206 1325 3275 quod
1351 3204 1559 3261 locutus
1587 3221 1711 3260 sum
1741 3205 1805 3261 ⁸⁸.

517 3457 723 3514 35.Sed
748 3461 804 3513 et
833 3455 1022 3512 hostis
1045 3473 1077 3511 a
1108 3458 1468 3528 paupertatis
1499 3457 1743 3528 hujusce
1773 3456 2098 3513 cultoribus

440 3546 675 3604 facilius
706 3549 1019 3617 superatur
1053 3560 1066 3600 :
1100 3562 1213 3600 non
1249 3545 1423 3602 habet
1476 3548 1635 3602 enim
1695 3562 1811 3616 quo
1869 3550 2095 3602 noceat.

445 3642 587 3693 Nam
649 3634 903 3690 maxima
930 3651 1067 3706 pars
1099 3634 1503 3691 molestiarum
1533 3639 1591 3691 et
1613 3635 2005 3690 tontationum
2034 3634 2095 3690 in

442 3723 781 3779 facultatum
796 3723 1035 3793 jactura
1057 3722 1512 3786 νει-δαῖον.ουοά
1535 3723 1692 3778 enim
1723 3723 1922 3778 damni
1953 3740 2095 3795 pau-

441 3812 682 3883 peribus
713 3811 926 3867 inferat
957 3828 1072 3867 non
1104 3810 1299 3867 habet.
1326 3820 1416 3867 An
1448 3811 1667 3883 praedia
1717 3811 2096 3868 incenderet?

441 3916 558 3955 non
611 3899 850 3957 adsunt.
898 3898 1176 3955 Jumenta
1204 3898 1597 3956 interﬁceret?
1626 3902 1789 3958 nulla
1815 3908 1959 3959 sunt
1986 3904 2093 3960 eis.

440 3988 821 4044 Charissimis
853 3988 1127 4045 noceret?
1154 4005 1356 4044 verum
1388 3990 1519 4046 istis
1568 4006 1800 4062 quoque
1850 3990 2093 4065 longum

440 4078 567 4133 vale
620 4076 913 4132 dixerunt.
952 4077 1049 4132 Est
1081 4076 1260 4150 igitur
1289 4084 1603 4151 paupertas
1635 4081 1957 4139 maximum
1988 4083 2090 4141 ad-

437 4182 645 4223 versus
675 4165 900 4221 hostem
933 4166 1288 4239 supplicium
1311 4186 1379 4224 ac
1408 4169 1701 4241 pretiosus
1730 4173 1940 4231 anima:
1971 4177 2094 4236 the-

438 4271 671 4312 38.111118.

507 4345 595 4400 36.
630 4348 912 4400 Caeterum
944 4349 1159 4416 quanto
1204 4354 1518 4419 paupertas
1575 4351 1978 4410 admirabilior
2029 4360 2091 4413 et

2215 2050 2434 2125 σαυρὸν,
2462 2051 2561 2118 τήν
2617 2051 2854 2126 οὐρανῶν
2906 2051 3182 2127 βασιλείαν
3238 2050 3633 2128 ἁμφιέννυνται⁶
3664 2051 3750 2106 καὶ
3792 2051 3849 2105 τὸ

2217 2136 2319 2190 ὑπὸ
2374 2141 2473 2191 τοῦ
2533 2135 2787 2211 ὑμνῳδοὖ
2845 2134 3010 2194 Δαϐὶδ
3057 2139 3208 2215 ῥῆμα
3258 2138 3538 2195 ἐκτελοῦσι
3570 2143 3765 2216 σαφῶς,
3794 2138 3849 2192 τὸ

2216 2223 2395 2298 λέγον·
2459 2224 2751 2298 Κτηνώδης
2805 2226 3063 2303 ἐγενήθην
3122 2228 3268 2303 παρὰ
3326 2228 3434 2286 σοί.
3489 2230 3687 2297 Ὥσπερ
3757 2226 3851 2301 γὰρ

2212 2314 2279 2368 τὰ
2311 2314 2597 2389 ὑποζύγια,
2629 2317 2728 2383 τήν
2762 2314 2901 2371 ἰδίαν
2935 2316 3187 2393 ἐργασίαν
3218 2316 3548 2389 ποιούμενα,
3578 2322 3694 2379 ταῖς
3724 2315 3850 2389 πρὸς

2212 2402 2273 2456 τὸ
2337 2407 2432 2476 ζῇν
2487 2411 2715 2481 τροφαῖς
2781 2404 2971 2468 μόναις
3033 2407 3339 2480 ἀρκοῦνται·
3376 2404 3641 2461 οὕτωκαὶ
3690 2405 3739 2459 οἱ
3766 2407 3856 2473 τῆς

2213 2492 2598 2564 ἁκτημοσύνης
2632 2492 2873 2571 ἐργάται,
2902 2496 3003 2563 τὴν
3057 2495 3151 2568 μὲν
3198 2499 3297 2551 τοῖ’)
3351 2494 3620 2571 ἀργυρίου
3667 2500 3853 2569 χρῆσιν

2210 2581 2287 2643 ὡς
2319 2578 2487 2654 μηδὲν
2521 2583 2681 2637 οὖσαν
2734 2570 3065 2658 λογίζονται,
3098 2584 3239 2658 πρὸς
3289 2570 3472 2657 μόνην
3504 2570 3583 2638 νδὶ
3626 2584 3723 2652 τήν
3768 2580 3854 2659 ἐφ-

2209 2672 2414 2744 ήμερον
2442 2673 2651 2748 τροφὴν
2680 2673 2779 2740 τήν
2810 2668 2899 2727 διὰ
2926 2677 3023 2728 τοῦ
3051 2672 3306 2746 σώματος
3345 2671 3602 2749 ἐργασίαν
3645 2676 3854 2727 ποιοῦν-

2206 2779 2315 2815 ται.
2349 2759 2510 2814 Οὗτοι
2542 2767 2642 2829 τῆς
2674 2760 2908 2823 πίστεως
2939 2763 3037 2830 τὴν
3065 2759 3312 2837 κρηπῖδα
3363 2761 3678 2837 κατέχουσι·
3724 2760 3852 2836 πρὸς

2208 2846 2400 2910 αὐτοὺς
2432 2848 2535 2925 γὰρ
2569 2847 2780 2925 εἷ’ρηται
2808 2850 2954 2925 παρᾶ
2979 2855 3078 2905 τοῦ
3118 2849 3316 2924 Κυρίου
3344 2850 3408 2905 τὸ
3464 2852 3541 2923 μὴ
3596 2852 3850 2926 μεριμνᾷν

2205 2937 2329 3013 περὶ
2384 2944 2485 3006 τῆς
2542 2934 2749 3013 αὔριον·
2780 2938 2870 2993 καὶ
2929 2938 3037 3007 δτι,
3066 2938 3141 2993 Τὰ
3193 2939 3413 2994 πετεινὰ
3466 2942 3570 2995 τοῦ
3628 2937 3850 3010 ούρανοῦ

2206 3025 2268 3080 οὐ
2322 3026 2550 3102 σπείρει,
2583 3024 2708 3081 οὐδὲ
2757 3025 2975 3100 Θερίζει,
3030 3027 3118 3082 καὶ
3177 3028 3206 3081 6
3265 3028 3455 3103 Πατὴρ
3517 3030 3546 3082 6
3605 3027 3847 3102 οὐράνιος

2200 3114 2383 3192 τρέφει
2441 3115 2593 3172 αὐτά.
2651 3115 2875 3177 Τούτοις
2929 3122 3048 3178 τοῖς
3101 3114 3291 3192 λόγοις
3344 3116 3648 3194 ἐθάρρησαν
3702 3113 3847 3185 (Θεὸς

2201 3203 2303 3279 γὰρ
2362 3205 2391 3258 6
2451 3201 2759 3276 λαλήσας),
2820 3203 3383 3280 πεπαρῥησιασμένως
3450 3206 3514 3260 τὸ
3590 3204 3845 3282 γραφικὸν

2123 3266 2167 3334 C
2206 3266 2375 3347 έκεῖνο
2423 3266 2758 3370 φθέγγονταί
2789 3266 2980 3368 ῥῆμα,¹
3006 3266 3077 3348 ¹τδ
3120 3266 3300 3370 λέγον·
3352 3266 3797 3368 Ἐπίστειίσα,.δι“
3822 3292 3850 3345 ’ὀ

2207 3378 2474 3452 ἐλάλησα.

2277 3474 2365 3528 35.
2400 3471 2500 3526 Καὶ
2531 3471 2561 3525 ὁ
2593 3470 2789 3547 ἐχθρὸς
2819 3468 2878 3527 δὲ
2906 3470 2996 3527 ἐπὶ
3023 3476 3130 3527 τῶν
3164 3472 3492 3546 ἁκτημόνων
3537 3470 3711 3528 πλέον
3759 3472 3857 3541 ἠτ-

2202 3565 2380 3615 τᾶται·
2412 3581 2467 3615 τι
2491 3563 2596 3636 γὰρ
2630 3559 2833 3636 βλάψῃ,
2865 3560 2969 3617 οὐκ
3006 3558 3145 3636 ἔχει.
3177 3561 3249 3618 Αἱ
3297 3564 3402 3638 γὰρ
3456 3560 3711 3618 πλεῖσται
3755 3564 3859 3616 τῶν

2206 3646 2394 3704 λυπῶν
2443 3649 2534 3704 καὶ
2578 3654 2684 3704 τῶν
2734 3655 3051 3725 πειρασμῶν
3101 3650 3154 3706 ἐν
3200 3656 3319 3713 ταῖς
3386 3651 3698 3730 ἁφαιρὲσισι
3752 3653 3854 3704 τῶν

2205 3737 2509 3814 ’χρημάτων
2541 3738 2801 3814 γίνονται.
2834 3739 2895 3793 Τί
2926 3740 3029 3816 γὰρ
3078 3736 3197 3816 ἔχει
3244 3746 3474 3810 ποιῆσαι
3530 3745 3652 3803 τοῖς
3695 3739 3855 3808 ἀκτή-

2209 3848 2364 3900 μοσιν
2398 3847 2412 3898 ;
2446 3827 2546 3883 οὐκ
2574 3826 2712 3905 ἔχει.
2744 3830 2934 3906 Χωρία
2963 3828 3239 3903 ἐμπρῆσαι
3266 3848 3280 3900 ;
3314 3829 3376 3886 ού
3409 3832 3851 3907 πάρεστιν.Ὑπο-

2205 3915 2358 3992 ζύγια
2411 3922 2664 3994 (postponi;
2718 3914 2842 3973 ἀλλ’
2900 3916 3026 3973 οὐδὲ
3079 3923 3246 3975 ταῦτα
3293 3915 3508 3994 ἔχουσι.
3561 3917 3852 3978 Φιλτάτοις

2201 4003 2474 4079 ἅψασθαις
2524 4003 2672 4062 ἀλλὰ
2727 4007 2818 4061 καὶ
2869 4006 3085 4070 τούτοις
3147 4009 3354 4085 μακρὰν
3411 4008 3629 4084 χαίρειν
3679 4008 3847 4062 εἷπον.

2199 4094 2403 4149 Οὐκοῦν
2438 4095 2661 4170 μεγίστη
2693 4097 2829 4150 κατὰ
2872 4100 2969 4151 τοῦ
3010 4095 3212 4173 ἐχθροῦ
3256 4097 3501 4173 τιμωρία
3548 4097 3641 4153 καὶ
3685 4092 3851 4152 πολύ-

2196 4204 2359 4256 τιμος
2389 4182 2458 4258 τῇ
2484 4187 2638 4259 ψυχῇ
2670 4183 2941 4261 θησαυρὸς
2973 4186 3007 4256 ἠ
3041 4186 3417 4260 ἁκτημοσύνη.

2269 4364 2357 4420 36.
2389 4363 2555 4419 ’Όσον
2593 4363 2685 4435 μὲν
2736 4359 2826 4417 οὖν
2877 4362 3011 4433 αὕτη
3069 4366 3351 4436 θαυμαστή
3408 4369 3501 4420 καὶ
3553 4366 3849 4441 ὑπέρογκος

431 4434 503 4491 ad
563 4433 837 4491 virtutem
899 4435 1269 4506 praestantior
1306 4443 1605 4504 est,tanto
1638 4444 1897 4512 pecuniae.
1924 4463 2091 4500 amor

2214 4451 2274 4513 ιὶς
2308 4452 2525 4527 ἀρετὴν,
2556 4457 2813 4506 τοσοῦτον
2861 4451 2934 4513 εἷς
2984 4452 3171 4507 κακίαν
3221 4454 3403 4530 φαύλη
3448 4455 3542 4509 καὶ
3594 4455 3851 4531 μοχθηρὰ

432 4522 506 4579 ad
537 4523 740 4578 vitium
776 4523 937 4595 pejor
965 4528 1022 4579 et
1054 4523 1375 4596 ﬂagitiosor
1430 4533 1520 4582 est
1569 4546 1583 4583 :
1645 4546 1893 4602 vereque
1950 4550 2087 4589 eum

2214 4522 2615 4616 ὅφιλαργυρίασ
2649 4541 2740 4595 καὶ
2790 4541 3012 4611 ἀληθῶς
3055 4543 3083 4596 ὁ
3133 4522 3409 4605 θεσπέσιος
3456 4522 3849 4618 Παῦλοςςπερί

431 4610 668 4667 divinus
721 4610 1038 4682 Apostolus
1091 4612 1255 4684 dixit,
1314 4630 1443 4670 esse
1498 4617 1763 4672 omnium
1797 4620 2086 4677 malorum

2214 4628 2395 4697 ῖαύτης
2426 4624 2661 4701 εἴρηκεν·
2695 4629 2769 4690 ὡς
2798 4628 3011 4684 πάντων
3045 4630 3210 4699 αὐτὴν
3270 4632 3378 4686 τῶν
3437 4637 3624 4687 κακῶν
3676 4631 3850 4687 αἰτίαν

431 4715 669 4756 causam
702 4700 765 4754 ⁸⁷.
801 4703 945 4755 Nam
980 4700 1314 4757 divitiarum
1364 4703 1681 4775 cupiditas,
1734 4708 2078 4778 perjurium,

2214 4718 2348 4771 .ivau.
2390 4700 2684 4789 Ἐπιθυμία
2735 4719 2839 4793 γὰρ
2882 4723 2980 4773 τοῦ
3028 4716 3295 4780 πλούτου,
3329 4721 3607 4797 ἐπιορκία,
3639 4721 3847 4792 κλοπή,

432 4788 677 4887 ξυνίασιν
740 4789 963 4887 Papiri”,
998 4788 1325 4887 itif-ﬂicfﬂlot
1356 4791 1608 4887 _inVidia,
1642 4796 1846 4867 caedes,
1880 4799 2081 4855 odium
2192 4806 2430 4881 ἁρπαγή,
2460 4788 2706 4879 πορνεία,
2738 4788 2958 4883 ιρθόνος,
2996 4806 3344 4887 μισαδελφία,
3376 4788 3655 4883 πόλεμος,
3688 4788 3846 4866 εἴδωζ

430 4877 778 4946 fraternum,
806 4877 1046 4944 bellum,
1082 4879 1426 4948 idololatria,
1460 4883 1722 4952 avaritia,
1757 4885 2083 4960 horumque

2214 4892 2508 4969 ιολατρεία,
2565 4893 2874 4966 πλεονεξία,
2932 4897 3022 4951 καὶ
3080 4898 3136 4951 αἱ
3193 4895 3543 4976 παραφυάδες
3616 4900 3847 4967 τούτων,

430 4967 674 5036 surculi,
708 4966 1052 5040 hypocrisis,
1086 4968 1366 5038 adulatio,
1399 4971 1707 5043 cachinni;
1741 4977 1960 5047 omnia,
1991 4979 2081 5033 in-

2214 4982 2497 5059 ιπόκρισις,
2544 4985 2823 5058 κολακεία,
2852 4985 3187 5061 κατάγελως·
3235 4986 3446 5043 πάντων
3498 4987 3595 5043 οὖν
3640 4989 3845 5044 τούτων

429 5055 1101 5127 quam,isthaec,causam
1137 5063 1193 5112 et
1222 5058 1504 5128 originem
1537 5060 1747 5119 habere
1777 5066 2079 5124 avaritiam

2214 5055 2344 5126 ιίτία⁷
2366 5071 2731 5147 ὡμολόγηται
2761 5055 3182 5151 ἠῄφιλαργυρία.
3215 5078 3367 5132 Ὅθεν
3400 5075 3632 5142 δικαίως
3682 5078 3844 5145 αὐτὴν

424 5142 487 5201 in
520 5145 787 5202 confesso
820 5152 927 5202 est.
954 5144 1116 5202 Unde
1137 5146 1274 5218 jure
1303 5145 1465 5202 illam
1499 5151 1803 5220 pomnium
1837 5161 2082 5213 matrem

2214 5161 2403 5215 πάντων
2462 5165 2570 5216 τῶν
2629 5169 2807 5218 κακῶν
2845 5166 3112 5239 μητερα-ὁ
3141 5165 3479 5228 Ἀπόστολος
3541 5167 3843 5241 ὠνόμασεν.

426 5236 719 5293 malorum
775 5237 1094 5311 Apostolus
1146 5239 1489 5295 nominavit.
1522 5240 1637 5297 Nec
1668 5242 1861 5299 solum
1892 5247 1965 5301 ab
1995 5247 2083 5303 eis

2214 5248 2264 5303 )6
2299 5248 2464 5321 μόνον
2500 5247 2558 5305 δὲ
2586 5252 2615 5306 6
2645 5254 2774 5315 Θεὸς
2801 5236 3026 5316 τούτους
3053 5260 3397 5331 τιμωρεῖται·
3433 5253 3583 5311 ἀλλά
3642 5236 3707 5333 γε
3764 5254 3850 5311 καὶ

422 5428 770 5560 v19’wMatth.
803 5451 921 5504 χιχ,
951 5437 1042 5491 21.
1117 5436 1163 5472 ⁸³
1194 5437 1345 5495 Psal.
1380 5453 1562 5506 cxmv,
1598 5440 1682 5496 15.
1759 5441 1805 5478 ⁸⁴
1835 5442 1986 5500 Psal.
2019 5460 2101 5501 1.x:

487 5546 502 5575 ,
610 5548 622 5559 .

2223 5447 2314 5503 23.
2389 5448 2435 5485 ⁸⁸
2464 5449 2667 5507 Matth.
2699 5468 2778 5523 vr,
2808 5452 2899 5508 26.
2976 5451 3021 5490 ⁸⁸
3051 5452 3202 5512 Psal.
3229 5470 3358 5527 cxv,
3394 5455 3477 5510 10.
3559 5455 3605 5492 ⁸⁷
3641 5456 3664 5512 Ι
3695 5455 3853 5512 Tim.

495 5710 608 5781 (82)
641 5710 707 5766 In
740 5711 872 5767 Vitis
900 5714 1010 5770 PP.
1044 5713 1083 5769 Ι.
1112 5732 1192 5785 vx,
1226 5715 1278 5786 4,
1309 5715 1400 5774 23.
