4162 6390
349 428 370 483 1
387 425 500 484 509

348 551 556 617 οΫκοθεν
617 553 801 615 ἑαυτὸς
860 553 1298 632 καταφθείρουσιν
1336 573 1348 585 ο

350 663 526 717 ροντες
561 644 656 710 τήν
691 643 898 711 κακίαν,
932 643 1030 697 οὐκ
1075 641 1259 717 ἔχουσι
1292 644 1449 698 τέλος
1495 648 1586 697 τοῦ
1620 647 1843 709 σκοποῦ,
1879 641 1996 703 ὅθεν

352 733 567 794 ἀνίατας
598 734 778 794 αὐτοις
813 737 846 802 ἡ
881 733 1095 806 πληγή.
1131 735 1190 790 Ὀ
1242 731 1408 805 μηδὲν
1462 731 1603 807 ἔχων
1663 731 1860 807 ὀλίγων
1895 731 2003 784 ἐπι-

351 827 530 892 θδμεῖ·
586 823 673 875 καὶ
727 823 910 897 τυχὼν
960 822 1198 888 τούτων,
1251 827 1358 875 τῶν
1410 823 1677 876 πλειόνων
1738 820 1996 896 ὀρέγεται³

341 910 568 969 Ἑκατὸν
602 913 889 985 γρυσίνους
920 908 1060 986 ἔχει,
1093 911 1179 964 καὶ
1214 910 1468 986 γλίχεται
1497 916 1603 964 τῶν
1655 909 1878 984 χιλίων·
1912 908 2000 962 καὶ

348 1002 553 1055 τούτων
585 1001 912 1074 εὐπορήσας,
945 1001 1078 1075 πρὸς
1134 1000 1349 1074 ἄπειρον
1399 1002 1544 1076 φέρει
1575 1001 1636 1054 τὸ
1678 1005 1866 1072 νεῦμα.
1905 998 1998 1052 Καὶ

351 1092 514 1160 οὕτω,
553 1091 627 1161 μή
664 1094 802 1161 (82”)
837 1088 1053 1162 ἔχοντες
1077 1091 1273 1142 ἑαυτῶν
1303 1096 1488 1156 στῆναι
1518 1091 1578 1142 τὸ
1607 1088 1873 1151 τέλος,ἁεὶ
1910 1108 1999 1141 πε-

350 1181 463 1233 νίαν
507 1178 808 1254 ἀδύρονται.
862 1180 1021 1249 φέρει
1073 1175 1129 1231 δὲ
1184 1180 1211 1246 ἡ
1259 1177 1587 1254 φιλαργυρία
1641 1180 1756 1249 μεθ’
1803 1178 1997 1245 ἑαυτῆς

350 1269 431 1322 ἀεὶ
486 1269 577 1322 τὸν
609 1267 820 1344 φθόνον.
856 1267 1071 1341 Φθείρει
1106 1264 1162 1320 δὲ
1195 1267 1282 1320 καὶ
1317 1268 1471 1327 οὗτος
1503 1271 1715 1341 πρῶτον
1747 1267 1836 1320 τὸν
1869 1288 2000 1336 κτη-

351 1360 605 1429 σάμενον.
638 1360 841 1430 ’Ὠσπερ
875 1357 978 1431 γάρ
1009 1358 1044 1425 ἡ
1080 1353 1268 1430 ἔχιδνα
1297 1357 1607 1429 γεννωμένη
1641 1360 1856 1430 πρῶτον
1903 1358 2002 1423 τήν

355 1445 494 1501 ἰδίαν
533 1448 740 1520 μητέρα
788 1445 1012 1521 φθείρει,
1063 1445 1187 1514 πρὶν
1237 1443 1293 1497 ἂν
1347 1442 1549 1505 ἄλλους
1600 1442 1861 1516 ἀδικήσῃ·
1917 1443 2003 1498 ού-

351 1557 428 1589 τω
459 1535 547 1590 καὶ
581 1536 607 1589 ὁ
655 1534 845 1610 φθονος
896 1533 985 1587 τὸν
1036 1535 1374 1604 κτησάμενον
1426 1533 1831 1607 καταμαραίνει,
1876 1534 1999 1608 πρῖν

355 1626 412 1679 ἂν
445 1625 573 1684 τους
605 1623 663 1678 ἐκ
693 1623 950 1698 γειτόνων
984 1620 1308 1694 διανεμηθῇ.

425 1805 513 1859 37.
547 1799 693 1875 Μέγα
731 1821 795 1869 ην
848 1806 1063 1874 χρῆμα,
1097 1799 1141 1853 εἶ
1188 1800 1480 1862 τοσούτους
1527 1798 1836 1873 ἠδυνάμεθα
1880 1803 2005 1856 ὑπο-

359 1892 531 1963 μένειν
565 1889 786 1956 πόνους,
840 1893 1121 1957 ζητοῦντες
1169 1889 1231 1942 τὸ
1275 1886 1499 1961 δόκιμον
1547 1890 1822 1964 ἀργύριον,
1856 1891 2004 1953 ὅσοις

354 1981 673 2048 ἀνηκέστοις
723 1978 1134 2051 περιπίπτουσιν
1188 1977 1239 2029 οἱ
1265 1981 1359 2030 τοῦ
1395 1976 1622 2049 ματαίου
1665 1974 1874 2050 κόσμου
1907 1991 2004 2049 οη-

357 2069 509 2144 ραταί
546 2115 556 2124 .
613 2068 848 2141 Ναυάγια
899 2065 1244 2138 ὑπομένουσι,
1303 2067 1677 2141 πειρατηρίοις
1737 2089 2007 2142 προσομι-

357 2159 534 2223 λοῦσι,
595 2157 813 2230 λῃσταῖς
872 2156 1004 2209 κατὰ
1055 2162 1158 2228 γῆς
1217 2155 1662 2228 περιπίπτουσίν’
1723 2157 2006 2231 ἀνέχονται

358 2247 550 2302 λοιπὸν
599 2245 768 2314 ζάλης
829 2244 916 2298 καὶ
967 2245 1287 2314 πνευμάτων
1339 2244 1549 2318 βιαίων
1603 2246 1690 2298 καὶ
1736 2244 2006 2308 πολλάκις

362 2334 754 2407 κερδαίνοντες,
795 2333 1025 2402 πένητας
1057 2333 1275 2392 ἑαυτοὺς
1319 2333 1578 2409 φάσκουσι
1610 2331 1696 2387 διὰ
1724 2335 1850 2395 τους
1886 2349 2011 2410 φυο-

355 2429 576 2478 νοῦντας
610 2468 622 2480 .
655 2426 842 2494 Ἡμεῖς
893 2419 949 2474 δὲ
1007 2417 1250 2482 οὐδολως
1295 2426 1400 2474 τῶν
1449 2421 1710 2476 τοιούτων
1748 2420 2006 2476 κινδύνων

358 2512 786 2582 καταττιλμῶειεν
817 2511 948 2585 ὑπὲρ
979 2514 1074 2563 τοῦ
1107 2508 1370 2578 ἀληθινοῦ
1402 2508 1645 2582 κέρδους.
1683 2511 1743 2564 Εἴ
1792 2509 1848 2565 δὲ
1878 2533 2010 2566 ποτε

356 2603 444 2656 καὶ
480 2606 676 2675 μικροῦ
723 2621 869 2654 τινος
923 2599 1334 2673 εὐπορήσωμεν,
1375 2598 1746 2674 μεγαλύνομεν
1796 2601 2007 2670 ἑαυτάς,

358 2688 786 2760 ἐπιδεικνύμεναι
828 2694 932 2748 τοῖς
978 2687 1304 2762 ἀνθρώποις·
1339 2689 1425 2741 καὶ
1475 2687 1746 2750 πολλάκις
1797 2687 1920 2744 οὐδὲ
1949 2690 2010 2743 τὸ

355 2780 674 2854 γιγνόμενον
717 2777 1058 2854 προφέρομεν
1111 2776 1184 2837 εἷς
1244 2774 1518 2850 διήγησιν*
1579 2778 1775 2841 εὐθέως
1825 2776 2009 2833 δὲκαὶ

356 2869 413 2921 ὃν
445 2865 709 2939 δοκοῦμεν
763 2873 1032 2940 σπινθῆρα
1083 2864 1254 2920 καλοῦ
1307 2862 1475 2940 ἔχειν,
1512 2867 1613 2920 ὑπὸ
1663 2872 1759 2921 τοῦ
1809 2867 2010 2942 ἐχθροῦ

354 2953 739 3028 κλεπτόμεθα.
794 2954 1036 3008 Κάκεῖνοι
1088 2951 1164 3025 δὲ,
1225 2952 1410 3008 πολλὰ
1465 2953 1848 3030 κερδαίνοντες,
1907 2961 2012 3011 τῶν

353 3045 619 3100 πλειόνων
677 3044 912 3120 ἐφῖενται
947 3063 958 3075 ·
1015 3042 1104 3096 καὶ
1160 3043 1226 3096 τά
1281 3042 1374 3114 μὲν
1435 3043 1672 3118 παρόντα
1723 3046 1798 3107 ὡς
1857 3043 2008 3100 οὐδὲν

354 3138 663 3209 ἡγοῦνται,
722 3133 856 3207 πρὸς
918 3131 975 3186 δὲ
1031 3132 1097 3186 τά
1157 3133 1233 3203 μὴ
1292 3133 1531 3206 παρόντα
1589 3133 1959 3189 ἀποτείνονται
1995 3155 2006 3167 ·

351 3227 542 3293 Ἡμεῖς
579 3221 655 3286 δὲ,
687 3222 775 3274 καὶ
811 3218 979 3292 μηδὲν
1031 3219 1254 3294 ἔχουσαι
1296 3226 1400 3274 τῶν
1457 3222 1824 3294 ζητουμένων,
1859 3222 2012 3278 οὐδὲν

356 3311 586 3383 θέλομεν
641 3312 971 3380 κτήσασθαι·
1030 3310 1119 3363 καὶ
1177 3308 1356 3362 πενίαν
1417 3309 1649 3384 ἐσχάτην
1709 3316 1958 3366 νοσοῦσαι
1993 3355 2006 3379 ,
2040 3293 2082 3360 C

357 3399 620 3461 πλουσίας
681 3400 866 3460 έαυτεὶς
927 3398 1359 3473 ἀναγορεύομεθ.
1419 3398 1594 3453 Καλὸν
1655 3399 1745 3453 οὖν
1805 3402 1894 3455 τὸν
1954 3400 2009 3455 εὗ

359 3491 662 3562 πράττοντα
697 3484 891 3560 μηδενὶ
925 3485 1274 3561 ἀναγγέλλειν
1304 3506 1315 3517 ³
1355 3485 1567 3558 μᾶλλον
1624 3489 1725 3563 γάρ
1759 3489 1809 3542 οἱ
1838 3487 2013 3543 τοιοῦ-

357 3599 442 3633 τοι
476 3579 940 3650 ζημιωθήσονταιο
967 3575 1054 3630 καὶ
1083 3577 1185 3650 γάρ
1218 3575 1246 3629 ὃ
1271 3573 1517 3630 δοκοῦσιν
1548 3575 1692 3651 ἔχειν
1729 3578 2013 3652 ἀρθήσεται

362 3670 451 3721 ἀπ’
481 3666 654 3721 αὐτῶν
666 3709 678 3721 .

432 3847 518 3901 38.
556 3847 733 3899 ῐιᾶσαν
785 3844 876 3897 οὖν
925 3839 1164 3909 σπουδὴν
1215 3840 1334 3896 δέον
1381 3841 1558 3906 Θέσθαι
1612 3843 1743 3920 ὑπὲρ
1790 3847 1852 3900 τὸ
1895 3844 2018 3900 λαν-

357 3934 530 3988 θάνειν
585 3934 648 3987 τὸ
691 3929 906 4006 κέρδος.
940 3932 1002 3983 O't
1061 3929 1118 3984 δὲ
1146 3930 1212 3984 τὰ
1260 3931 1460 3984 ἑαυτῶν
1511 3934 1908 4007 κατορθώματα
1940 3933 2018 3988 δι-

357 4022 660 4095 ηγούμενοι
695 4019 1064 4094 πειράσθωσαν
1103 4019 1190 4093 βαὶ
1222 4019 1287 4073 τά
1318 4019 1409 4072 σὺν
1443 4019 1624 4082 αὐτοῖς
1660 4020 2017 4094 ἐλαττώματα

359 4109 560 4184 λέγειν·
614 4109 659 4163 εἰ
709 4106 766 4162 δὲ
811 4113 977 4162 ταῦτα
1022 4107 1370 4180 κρύπτουσιν,
1401 4104 1572 4162 ἕνεκεν
1604 4114 1700 4162 τοῦ
1737 4111 1812 4181 μη
1872 4112 2017 4184 παρὰ

354 4203 463 4253 τῶν
497 4197 803 4252 ἀκουόντων
833 4199 1128 4271 ψεχθηνιι,
1171 4195 1315 4250 πολὺ
1363 4195 1574 4268 μᾶλλον
1628 4197 1802 4252 ἐκεῖνα
1850 4201 2018 4274 φυλα-

355 4286 533 4354 κτέον,
562 4287 636 4348 ὡς
665 4286 724 4341 ἐκ
751 4291 847 4340 τοῦ
877 4291 1010 4340 Θεοῦ
1045 4283 1464 4360 άλλοτριοῦντα.
1501 4286 1596 4339 Καὶ
1641 4292 1768 4361 γοόν
1822 4290 1872 4342 οἱ
1903 4308 2019 4344 κατ’

359 4377 553 4451 ἀρετὴν
601 4373 842 4451 βιοῦντες
886 4376 948 4430 τὸ
1002 4371 1266 4428 ἀνάπαλιν
1299 4379 1542 4440 ποιοῦσι,
1574 4376 1663 4429 καὶ
1706 4377 1771 4430 τά
1815 4381 2020 4454 σμικρά

358 4468 560 4520 ἑαυτῶν
594 4466 901 4535 πταίσματα
937 4465 1069 4535 μετᾶ
1099 4463 1188 4516 καὶ
1243 4465 1561 4538 προσθήκης
1611 4465 1682 4517 ὧν
1718 4465 1815 4520 οὐκ
1859 4463 2018 4542 ἱέπρα-

357 4555 473 4623 ξαν,
533 4552 939 4625 ἐκδιηγοὼται,
999 4553 1096 4619 την
1156 4549 1309 4622 δόξαν
1359 4557 1464 4605 τῶν
1526 4555 1823 4628 ἀνθρώπων
1889 4558 2020 4610 άπο-

1488 424 1673 487 νΙΤΑ
1717 422 2047 483 SANC'I‘IE
2091 426 2127 481 S
2143 426 2181 483 Y
2195 423 2610 484 NCLETlC/E.

1404 549 1690 628 ἀκόρεστον
1753 554 1852 629 γάρ
1913 553 2000 628 φέ-

2124 560 2262 610 Deus
2295 574 2493 628 poenas
2530 559 2755 627 repetit,
2793 577 2988 615 verum
3022 561 3134 633 ipsi
3166 562 3547 638 sibimetipsis
3582 569 3755 625 inter-

3601 441 3755 500 1310

2111 645 2258 700 itum
2295 654 2516 716 parant.
2554 649 2693 702 Cum
2751 650 2867 704 sint
2920 651 3075 706 enim
3133 653 3450 710 insatiabili
3497 660 3756 730 nequitia

2111 735 2356 805 praediti,
2389 735 2616 790 nullum
2639 738 2852 792 habent
2886 741 3164 811 propositi
3190 743 3755 819 linem,proindrque

2109 825 2456 882 insanabilis
2488 829 2638 883 inest
2669 829 2784 884 illis
2817 829 3001 901 plaga.
3032 832 3139 896 Qui
3170 834 3311 890 nihil
3341 836 3540 906 habet,
3574 858 3759 912 pauca

2112 915 2439 982 desiderat;
2475 934 2601 986 quae
2637 925 2860 983 nactus,
2899 919 3061 989 plura
3093 925 3470 995 concupiscit.
3504 927 3750 984 Centum

2112 1018 2321 1057 aureos
2353 1003 2545 1072 habet,
2579 1004 2737 1058 mille
2767 1007 3018 1077 expetit:
3048 1009 3150 1064 hos
3182 1019 3552 1081 consecutus,
3585 1017 3637 1071 in
3672 1018 3757 1072 in-

2113 1089 2342 1144 finitum
2377 1093 2632 1146 extendit
2663 1095 3065 1164 cupiditatem.
3099 1099 3304 1169 Sicque
3349 1105 3582 1172 quando
3637 1111 3754 1160 ter-

2117 1176 2342 1232 minum
2377 1180 2486 1233 sibi
2521 1184 2872 1237 constituere
2906 1203 3018 1238 non
3054 1193 3318 1256 possunt,
3353 1198 3752 1262 paupertatem

2113 1281 2344 1336 semper
2375 1267 2879 1338 deplorant.Al1‘ert
2903 1278 3096 1327 autem
3124 1292 3354 1347 semper
3373 1295 3570 1335 secum
3597 1299 3762 1338 amor

2113 1356 2371 1425 pecunia:
2404 1356 2698 1414 invidiam.
2734 1359 2860 1413 Haec
2893 1378 3023 1416 vero
3057 1362 3391 1433 hujusmodi
3425 1375 3511 1422 est
3545 1376 3606 1424 ut.
3643 1373 3760 1442 pri-

2114 1457 2273 1494 mum
2302 1441 2612 1498 habentem
2646 1463 2706 1499 se
2730 1445 3046 1502 interimat.
3073 1451 3575 1514 Quemadmodum
3601 1441 3759 1514 enim

2111 1530 2316 1600 vipera:
2351 1533 2634 1588 nascendo
2668 1535 2829 1604 prius
2855 1543 3069 1591 matres
3101 1539 3397 1606 occidunt,
3422 1560 3596 1614 quam
3631 1547 3763 1604 aliis

2114 1625 2380 1691 noceant,
2415 1622 2498 1676 sic
2531 1626 2586 1678 et
2640 1624 2855 1680 invidia
2910 1644 2970 1681 se
3028 1629 3425 1698 iussidentem
3488 1635 3763 1694 tabefacit

2113 1709 2460 1781 priusquam
2493 1713 2716 1769 vicinos
2750 1716 3043 1772 absumat.

2183 1799 2272 1852 37.
2309 1801 2414 1870 (83‘)
2472 1801 2820 1858 Praeclarum
2876 1811 3030 1860 esset
3080 1807 3128 1862 si
3182 1812 3266 1864 tot
3323 1809 3551 1868 labores
3615 1817 3763 1874 ferre

2119 1904 2447 1958 possemus,
2500 1894 2813 1960 quaerendo
2870 1896 3178 1964 probatum
3234 1897 3374 1954 illud
3428 1910 3760 1974 argentum,

2119 1983 2260 2047 quot
2291 1979 2672 2048 gravissimos
2701 1983 2973 2051 subeunt,
3027 1986 3127 2054 qui
3172 1986 3331 2042 hunc
3375 1993 3762 2050 vanissimum

2116 2073 2406 2121 venantur
2426 2069 2736 2124 mundum.
2757 2071 3060 2126 Sustincnt
3089 2076 3407 2144 naufragia,
3443 2079 3762 2149 piratarum

2119 2153 2434 2210 discrimen
2469 2158 2772 2224 adeunt,in
2804 2164 2956 2214 terra
2989 2161 3253 2217 incidunt
3286 2165 3340 2218 in
3366 2165 3639 2240 latrones,
3666 2173 3765 2226 de-

2120 2257 2403 2296 cumanos
2429 2243 2662 2311 fluctus,
2687 2252 2884 2301 ventos
2910 2248 3456 2309 vehementissimus
3477 2257 3765 2315 tolerant:

2120 2345 2184 2383 ac
2234 2329 2580 2403 plerumque
2633 2342 2795 2406 parte
2845 2335 3027 2404 lucro,
3066 2356 3348 2409 pauperes
3396 2361 3522 2399 sese
3564 2347 3770 2403 dicunt

2119 2416 2446 2474 invidorum
2482 2437 2680 2477 causa.
2714 2428 2788 2478 At
2827 2442 2930 2480 nos
2974 2443 3072 2496 pro
3103 2444 3238 2483 vero
3271 2446 3333 2485 ac
3363 2448 3642 2503 germano
3673 2435 3768 2491 lu-

2119 2519 2215 2558 cro
2247 2507 2536 2575 ejusmodi
2570 2509 2826 2580 pericula
2855 2513 3016 2567 adire
3057 2531 3296 2584 prorsus
3347 2520 3768 2580 detractamus.

2120 2593 2281 2656 Quod
2307 2595 2355 2649 si
2381 2596 2596 2667 aliquid
2635 2599 2848 2653 nostris
2872 2601 3046 2654 rebus
3075 2605 3517 2672 accesserilmos
3543 2613 3772 2683 magni-

2121 2687 2226 2741 ﬁce
2257 2686 2595 2744 hominibus
2636 2691 3038 2761 Ostendamus,
3072 2710 3176 2749 nec
3211 2713 3338 2752 raro
3371 2701 3526 2769 quod
3556 2719 3627 2756 ne
3667 2704 3777 2758 fuit

2121 2777 2729 2848 quidemjactabuude
2753 2797 3099 2838 narramus:
3130 2785 3280 2841 unde
3298 2789 3486 2844 evenit
3509 2795 3566 2845 ut
3596 2809 3773 2862 quam

2121 2871 2389 2927 videmur
2419 2867 2634 2923 habere
2663 2868 2982 2924 scintillam
3006 2872 3328 2938 boni,l‘urtc
3363 2877 3584 2936 inimici
3609 2885 3776 2939 amit-

2122 2964 2337 3014 tamus.
2359 2955 2523 3011 Etilli
2550 2958 2782 3028 quidem
2805 2957 2987 3014 multa
3011 2960 3217 3016 lucrati
3242 2963 3409 3035 plura
3441 2976 3727 3040 appetunt
3757 2991 3770 3041 ;

2125 3044 2432 3118 priesentia
2462 3062 2563 3116 pro
2597 3045 2776 3100 nihilo
2812 3047 3044 3115 habent,
3083 3055 3138 3104 et
3160 3053 3229 3105 ad
3264 3069 3326 3107 ea
3359 3072 3486 3126 quee
3519 3076 3630 3114 non
3666 3060 3768 3116 ha-

2121 3136 2262 3190 bent
2312 3135 2511 3188 animo
2558 3136 2939 3190 contendunt.
2997 3138 3113 3194 Nos
3162 3145 3356 3196 autem
3401 3146 3633 3204 etiamsi
3678 3150 3772 3204 ni-

2122 3225 2205 3280 hil
2264 3240 2465 3280 eorum
2516 3241 2644 3295 quae
2697 3227 2911 3296 requiri
2970 3227 3159 3284 solent
3218 3230 3563 3305 habeamus,
3623 3240 3769 3296 nihil

2123 3313 2393 3369 volumus
2431 3329 2766 3383 comparare
2801 3332 2813 3368 :
2849 3319 2905 3369 et
2952 3332 3084 3371 cum
3137 3329 3394 3378 extrema
3437 3323 3770 3386 laboremus

2122 3406 2484 3474 paupertate,
2531 3418 2638 3456 nos
2685 3402 2891 3458 divites
2939 3405 3343 3475 praedicamus.
3403 3411 3598 3483 Opera:
3639 3435 3771 3488 pre-

2121 3492 2268 3546 tium
2310 3489 2489 3562 igitur
2522 3495 2629 3557 est,
2661 3507 2793 3545 eum
2827 3493 2927 3562 qui
2963 3495 3104 3549 bene
3137 3497 3275 3568 agit,
3311 3499 3366 3554 id
3405 3503 3622 3559 nemini
3674 3523 3770 3562 re-

2126 3579 2571 3641 nuntiareQuin
2603 3580 2776 3634 etiam
2805 3582 3212 3651 quiejusmodi
3233 3593 3372 3642 sunt
3405 3590 3771 3661 injacturam

2127 3669 2384 3724 incident
2418 3686 2429 3723 :
2462 3684 2597 3722 nam
2629 3670 2784 3739 quod
2815 3670 3085 3727 videntur
3117 3673 3328 3733 habere
3373 3680 3670 3739 auferetur
3701 3685 3772 3740 ab

2127 3758 2210 3814 eis
2240 3758 2303 3811 ⁸⁸.

2198 3847 2353 3902 θαιι
2383 3847 2472 3899 38.
2499 3845 2669 3901 Omni
2702 3847 2899 3919 itaque
2937 3850 3131 3905 studio
3163 3867 3367 3910 curare
3401 3857 3682 3916 debemus
3715 3865 3779 3916 ut

2124 3935 2306 3990 lateat
2361 3935 2592 3990 lucrum
2644 3941 2932 3990 nostrum.
2995 3939 3102 4004 Qui
3158 3958 3290 3997 vero
3348 3961 3456 4000 sua
3508 3948 3784 4019 praclare

2125 4028 2292 4095 gesta
2349 4039 2621 4078 enarrare
2679 4023 2896 4093 solent,
2956 4026 3098 4082 vitia
3155 4047 3388 4103 quoque
3431 4035 3503 4090 iis
3535 4041 3783 4110 conjun-

2127 4118 2218 4166 cta
2268 4111 2603 4166 renuntiare
2657 4113 2933 4167 studeant
2991 4131 3004 4169 :
3059 4119 3211 4186 quod
3266 4121 3314 4173 si
3367 4122 3635 4194 vituperii
3679 4145 3786 4183 au-

2127 4200 2410 4254 dientium
2485 4198 2816 4254 declinandi
2883 4219 3060 4258 causa
3136 4205 3255 4261 haec
3324 4211 3533 4282 celant,
3596 4215 3783 4271 multo

2129 4289 2318 4359 magis
2351 4288 2452 4342 illa
2478 4289 2702 4358 aperire
2733 4291 3055 4345 cavendum
3089 4299 3196 4364 est,
3222 4299 3376 4366 quod
3409 4317 3475 4355 ea
3508 4318 3598 4356 res
3631 4303 3784 4359 aDei

2128 4377 2419 4432 consortio
2475 4381 2716 4431 revocet.
2765 4378 2986 4434 Etenim
3023 4383 3120 4451 qui
3155 4384 3330 4440 vitam
3385 4405 3517 4444 cum
3570 4395 3784 4449 virtute

2130 4467 2468 4532 instituunt,
2502 4466 2835 4536 oppositum
2871 4474 3050 4538 agunt
3077 4488 3088 4524 :
3117 4488 3322 4542 parvos
3355 4476 3620 4534 scililicet
3643 4498 3782 4537 suos

2129 4555 2353 4626 lapsus,
2378 4555 2673 4625 adjunetis
2702 4555 2770 4609 iis
2803 4575 2929 4627 quae
2958 4577 3025 4612 ue
3058 4563 3484 4621 commiserunt
3517 4568 3780 4639 quidem,

357 4638 673 4703 ϐάλλοντες·
724 4642 790 4695 τὰ
844 4640 1022 4713 μέντοι
1076 4642 1245 4714 ἀγαθά
1286 4640 1632 4714 κρύπτοντες,
1662 4643 1797 4716 πρὸς
1851 4646 2010 4720 άσφά-

2126 4652 2420 4706 euarrant.
2454 4645 2676 4713 abjecta
2727 4645 2949 4698 scilicet
3001 4646 3306 4706 hominum
3348 4638 3573 4724 gloria;
3630 4657 3782 4714 bona

359 4730 507 4785 λείαν
536 4738 636 4798 τῆς
689 4733 875 4803 ψυχῆς
911 4773 923 4786 ,
978 4731 1180 4800 ’Ὠσπερ
1235 4728 1336 4801 γάρ
1370 4730 1635 4803 θησαυρὸς
1688 4735 2013 4807 φανερωθεὶς

359 4820 688 4889 σπινίζεται,
749 4818 902 4872 οὕτω
951 4817 1039 4871 καὶ
1104 4818 1262 4890 ἀρετὶΙ
1325 4819 1702 4891 γνωριζομένη
1765 4820 1852 4872 καὶ
1912 4818 2009 4889 δη-

362 4906 723 4980 μοσιευομένη
783 4906 1088 4983 ἀφανίζεται
1124 4924 1135 4936 ·
1201 4904 1380 4979 ὥσπερ
1437 4906 1537 4979 γάρ
1598 4907 1766 4981 κηρὸς
1829 4907 2011 4963 λύεται

359 4998 464 5050 άπὸ
495 4996 792 5070 προσώπου
850 4995 1042 5069 πυρὸς,
1100 4995 1242 5048 οὕτω
1291 4994 1380 5048 καὶ
1431 4996 1582 5069 ψυχή
1636 4997 1740 5048 άπὸ
1782 4996 2009 5051 ἐπαίνων

358 5085 629 5160 διαχεῖται
659 5086 746 5140 καὶ
778 5080 1082 5139 ἀποϐάλλει
1115 5085 1204 5138 τὸν
1234 5083 1411 5140 τόνον,

429 5178 518 5230 39.
554 5175 650 5228 Καὶ
678 5174 738 5227 τὸ
789 5172 1031 5228 ἐναντίον
1086 5169 1142 5226 δὲ
1173 5173 1376 5226 τούτων
1411 5171 1575 5226 πάλιν
1629 5169 1794 5226 ἔσται·
1831 5173 1874 5226 εἰ
1907 5176 2010 5249 γὰρ

356 5267 391 5332 ἡ
426 5264 693 5339 θερμότης
726 5261 882 5318 ἔλυσε
933 5263 1022 5316 τὸν
1073 5260 1264 5337 κηρὸν,
1300 5264 1332 5330 ἡ
1384 5261 1537 5334 ψύξις
1572 5260 1671 5334 ἄρα
1718 5263 1816 5331 τήν
1852 5263 2011 5332 πῆξιν

427 5460 472 5496 ⁸³
505 5460 637 5516 Luc.
670 5475 792 5527 vui,
828 5460 922 5515 18.

453 5533 569 5602 82")
598 5530 843 5588 Coteler.
855 5573 868 5598 ,
897 5531 1162 5603 Χρυσουν,

453 5534 569 5602 82")
598 5534 868 5598 Coteler.,
897 5534 1162 5603 Χρυσουν,

431 5534 544 5676 i83)
576 5604 638 5659 In
674 5603 810 5659 Viti:
837 5603 946 5658 PP.
980 5601 1017 5656 l.
1050 5617 1107 5669 ν,
1143 5602 1230 5672 10,
1255 5600 1347 5669 70,
1377 5603 1436 5656 et
1465 5616 1542 5669 v1,
1567 5600 1621 5666 4,
1647 5599 1737 5656 24.

2127 4751 2257 4788 vero
2288 4733 2602 4800 occultant,
2655 4733 2723 4787 ad
2774 4735 2982 4788 animae
3036 4740 3410 4796 securitatem
3463 4745 3595 4815 (84).
3630 4746 3776 4803 Nam

2124 4822 2276 4877 sicut
2307 4823 2622 4877 thesaurus
2658 4823 3091 4893 mauil‘estatus,
3115 4827 3441 4898 minuitur;
3477 4835 3560 4889 sic
3591 4837 3778 4892 virtus

2123 4913 2322 4982 agnita
2353 4915 2408 4964 et
2439 4911 2756 4981 publicata,
2809 4912 3096 4968 aboletur.
3150 4916 3214 4970 Et
3247 4919 3400 4976 sicut
3431 4939 3560 4978 cera
3591 4923 3778 4997 lique-

2123 5001 2230 5055 scit
2260 5017 2292 5053 a
2325 4999 2466 5054 facie
2498 5000 2672 5068 ignis,
2713 5001 2789 5054 ita
2821 5002 3014 5056 anima
3050 5005 3323 5062 laudibus
3356 5009 3776 5085 dilﬂuit,vigo-

2123 5105 2364 5157 remque
2395 5087 2630 5141 amittit.

2192 5177 2280 5229 39.
2315 5181 2654 5247 Rursusque
2686 5183 2887 5232 contra
2920 5180 3142 5236 eveniet
3177 5199 3188 5236 :
3223 5200 3353 5239 nam
3391 5187 3439 5241 si
3474 5189 3633 5245 calor
3662 5190 3774 5246 sol-

2120 5265 2202 5319 vit
2234 5281 2445 5330 ceram,
2483 5265 2666 5336 frigus
2696 5267 3032 5339 compinget
3065 5287 3078 5324 :
3111 5271 3162 5325 si
3208 5273 3336 5329 laus
3381 5275 3637 5348 vigorem
3669 5296 3774 5336 au-

2181 5530 2293 5603 (84)
2339 5531 2438 5586 va.
2474 5534 2589 5585 pp.
2623 5527 2658 5584 1.
2697 5546 2750 5596 v,
2777 5529 2830 5602 3,
2869 5517 2958 5586 1'9.
