4162 6382
458 386 608 446 1511

1620 374 1685 441 S.
1732 375 2254 442 ATHANASIUS.
2283 413 2361 425 —
2390 380 2700 444 SPURIA.

3704 392 3847 455 1512

458 532 571 585 fert
602 521 831 586 animm,
864 530 1006 571 sane
1042 511 1420 585 opprobrium
1454 517 1507 567 ct
1537 510 1892 567 contumelia
1922 510 2089 567 virtu-

2218 508 2382 565 αὐτοῦ
2411 512 2715 582 ποιήσεται·
2750 513 2837 567 καὶ
2871 512 2916 568 εἰ
2965 511 3179 577 ἔπαινος
3233 514 3532 593 ἀφαιρεῖται
3579 523 3672 573 τοῦ
3697 521 3848 576 τόνου

458 623 579 673 tem
610 612 739 683 eius
769 606 1083 676 adaugent.
1115 602 1212 656 Ait
1240 601 1395 657 enim
1431 617 1444 656 :
1479 599 1715 656 Gaudete
1759 604 1811 657 et
1837 600 2104 667 exilitate,

457 724 583 766 cum
614 718 775 760 omne
820 695 1173 754 mendacium
1219 694 1468 748 homines
1520 693 1772 748 dixerint
1816 692 2107 748 adversum

455 814 547 855 vos
581 796 646 848 ⁸⁸.
676 792 745 848 Et
775 789 888 845 alio
912 786 1037 842 loco
1072 801 1085 838 :
1120 787 1187 838 In
1233 784 1601 837 tribulatione
1628 781 1879 838 dilatasti
1926 797 2009 837 me
2039 781 2103 835 9°.

457 891 790 953 Iterumque
824 895 837 935 :
869 877 1276 948 Improperium
1309 873 1647 945 οωερεειαυὶι
1674 873 1870 927 anima
1902 886 2024 927 mea
2051 876 2105 926 et

454 975 741 1031 miseriam
765 970 833 1022 ⁸³.
864 969 1147 1022 Sexcenta
1175 978 1408 1034 quoque
1435 961 1548 1017 alia
1579 959 1923 1031 hujusmodi
1952 960 2107 1015 bona

455 1081 524 1121 ex
572 1057 893 1133 Scripturis
931 1053 1117 1111 sacris
1163 1051 1370 1107 animae
1418 1049 1719 1123 provenire
1764 1048 1934 1105 facile
1977 1049 2104 1104 ani-

455 1150 860 1210 madvertitur.

525 1332 614 1387 40.
648 1331 748 1384 Est
776 1341 917 1383 sane
946 1320 1187 1378 tristitia
1216 1317 1398 1387 utilis,
1429 1322 1487 1374 et
1516 1321 1605 1373 est
1632 1315 1876 1372 tristitia
1904 1315 2104 1371 exitio-

452 1439 538 1478 sa.
566 1419 645 1475 Ad
668 1413 971 1473 tristitiam
1003 1408 1207 1465 utilem
1239 1407 1361 1462 haec
1391 1407 1722 1480 pertinent:
1747 1405 1819 1460 de
1850 1403 2102 1476 propriis

452 1507 706 1583 peccatis
757 1502 1159 1576 ingemiscere,
1213 1497 1472 1567 itemque
1523 1496 1595 1550 de
1650 1493 1898 1566 proximi
1938 1492 2101 1563 igno-

451 1581 663 1666 rantis,
692 1600 895 1650 cavere
925 1605 998 1645 ne
1026 1605 1060 1644 a
1091 1586 1390 1660 proposito
1418 1583 1778 1652 excidemus,
1810 1582 1911 1638 sed
1930 1581 2103 1638 attin-

449 1692 618 1761 gatur
642 1679 1071 1757 perfectissima
1091 1674 1481 1733 bonitas.Hasc
1502 1673 1703 1745 itaque
1723 1676 1866 1761 sunt
1893 1671 2098 1761 genui-

450 1758 537 1833 na:
567 1772 820 1830 tristitie
849 1783 1086 1842 genere.
1116 1765 1220 1820 Est
1246 1779 1418 1836 porro
1448 1762 1712 1834 quaedam
1743 1760 1859 1816 alia
1887 1760 1958 1815 ab
1989 1758 2098 1815 ini-

452 1865 602 1920 mico
630 1862 875 1918 inducta
910 1853 1173 1920 tristitia,
1206 1869 1334 1925 qua“:
1377 1851 1527 1908 solet
1556 1867 1693 1908 eum
1722 1849 1893 1906 dictis
1922 1865 2096 1921 gene-

448 1955 612 2010 ribus
660 1947 970 2023 pullulare.
1014 1944 1162 2002 Nam
1195 1950 1254 1998 et
1298 1941 1426 2013 ipse
1478 1940 1783 1996 tristitiam
1830 1937 2099 1994 immittit

448 2036 832 2099 absurditatis
882 2034 1136 2108 plenam,
1183 2030 1280 2087 cui
1323 2029 1534 2087 acedias
1583 2044 1796 2085 nomen
1835 2026 2098 2083 indidere

448 2129 739 2189 nonnulli.
771 2126 882 2183 Sed
905 2122 1249 2195 hujusmodi
1279 2120 1555 2193 spiritum
1586 2122 1811 2191 opertet
1837 2116 2100 2173 oratione

445 2218 770 2295 praesertim
802 2221 858 2273 et
887 2213 1253 2288 psalmorum
1285 2215 1459 2266 cantu
1490 2208 1801 2282 depellere.

517 2312 606 2366 41.
638 2308 756 2365 Nos
788 2306 986 2377 itaque
1019 2303 1185 2358 bonis
1213 2303 1529 2372 occupatas
1559 2298 1738 2369 curis,
1771 2312 1888 2352 non
1920 2312 2097 2368 Opor-

446 2407 528 2458 tet
557 2398 850 2455 testimare
901 2392 1239 2467 quempiam
1289 2390 1349 2445 in
1401 2391 1508 2446 hac
1552 2389 1674 2445 vita
1702 2404 1900 2446 carere
1929 2386 2093 2443 solli-

444 2487 827 2545 citudinibus.
876 2484 970 2538 Ait
1018 2482 1174 2537 enim
1218 2478 1565 2550 Scriptura:
1609 2478 1779 2534 Omne
1822 2485 1985 2549 caput
2032 2478 2091 2531 in

444 2579 652 2649 labore,
666 2580 719 2631 et
747 2589 905 2631 omne
932 2587 1024 2627 cor
1051 2572 1111 2626 in
1131 2584 1361 2624 maerore
1391 2568 1458 2622 9³.
1478 2568 1598 2624 Una
1626 2567 1748 2623 haec
1779 2564 2088 2633 sententia,

442 2665 698 2736 Spiritus
728 2665 969 2718 sanctus
1000 2656 1313 2729 descripsit
1354 2672 1489 2711 cum
1523 2656 1930 2724 monasticam,
1961 2657 2088 2707 tum

442 2752 784 2809 saecularem
814 2749 1019 2805 vitam.
1042 2747 1186 2803 Nam
1218 2762 1321 2818 per
1349 2744 1607 2801 laborem
1633 2743 1863 2816 capitis,
1886 2759 2089 2799 mona-

442 2844 653 2900 sticam
686 2839 1027 2898 adumbrat:
1053 2835 1265 2909 capitis
1295 2835 1454 2892 enim
1476 2839 1564 2891 est
1583 2850 1783 2907 regere
1814 2833 2088 2906 :Sapien-

440 2936 528 2998 tis,
561 2930 776 3004 inquit,
808 2929 979 2994 oculi,
1011 2928 1073 2983 in
1102 2925 1279 2997 capite
1301 2924 1420 2996 ejus
1448 2924 1532 2979 '3:
1564 2923 1766 2995 Itaque
1795 2922 2088 2995 perspica-

437 3021 547 3087 cia,
583 3024 648 3075 ut
676 3017 947 3086 arbitror,
971 3016 1031 3071 in
1064 3014 1165 3070 illo
1198 3013 1432 3071 residet.
1459 3012 1567 3070 Per
1595 3012 1855 3068 laborem
1886 3016 2087 3067 autem

440 3108 1003 3176 indicatur,omnem
1027 3105 1304 3161 virtutem
1325 3102 1757 3175 germinantem
1782 3100 2087 3157 laboribus

2213 599 2313 668 τήν
2340 601 2549 676 ψυχὴν,
2580 598 2795 664 πάντως
2844 601 3149 677 ὀνειδισμὸς
3195 603 3285 658 καὶ
3331 598 3486 681 ὕϐρις
3531 604 3606 669 είς
3638 607 3847 684 μὲγεθος

2214 687 2381 757 αὐτὴν
2438 697 2539 759 τῆς
2595 690 2793 767 ἀρετῆς
2850 688 2973 767 ἅγαι
3007 713 3019 726 ·
3084 693 3314 749 Χαίρετε
3364 694 3492 771 γὰρ,
3564 696 3712 773 φησὶ,
3765 697 3849 753 καὶ

2213 775 2566 853 ἀγαλλιᾶσθε,
2625 778 2703 833 ὅτ’
2761 778 2822 834 ἃν
2879 786 2983 836 πᾶν
3034 779 3228 855 ψεῦδος
3288 777 3480 837 εἷ’πωσι
3535 784 3650 846 καθ’
3705 783 3846 856 ὑμῶν

2214 866 2266 922 οἱ
2299 867 2593 944 ἄνθρωποι.
2644 869 2741 924 Καὶ
2789 867 3044 946 ἀλλαχοῦ
3093 888 3277 947 φησιν’
3329 871 3414 927 'Ev
3463 870 3643 946 θλίψει
3690 871 3845 928 ἐπλά-

2211 954 2368 1019 τυνάς
2431 978 2497 1030 με
2529 1000 2542 1014 .
2602 958 2700 1013 Καὶ
2774 957 2938 1014 πάλιν
2975 978 2987 991 ·
3048 957 3388 1032 Ὀνειδισμὸν
3468 958 3848 1037 προσεδόκησεν

2213 1047 2249 1115 ἡ
2299 1048 2450 1121 ψυχή
2504 1068 2610 1120 μου
2656 1047 2746 1102 καὶ
2796 1048 3195 1124 ταλαιπωρίαν.
3247 1048 3345 1104 Καὶ
3395 1046 3541 1105 ἄλλα
3589 1047 3646 1106 δὲ
3692 1049 3845 1127 μυρία

2213 1133 2387 1210 ἀγαθὰ
2412 1141 2636 1192 τοιαῦτα
2691 1135 2752 1191 ἐκ
2805 1142 2911 1192 τῶν
2971 1137 3140 1214 ἁγίων
3194 1144 3419 1217 Γραφῶν
3467 1138 3579 1195 ἐστι
3604 1142 3673 1213 τῇ
3703 1142 3842 1215 ψυχῇ

2212 1221 2658 1300 προσοδευόμενα
2688 1225 2992 1290 θεάσασθαι.

2282 1317 2372 1372 40.
2403 1316 2557 1372 ’Ἐστι
2605 1315 2752 1387 λύπη
2804 1315 3113 1394 ἐπωφελὴς,
3158 1316 3251 1372 καὶ
3298 1314 3411 1371 ἔστι
3461 1316 3609 1389 λύπη
3662 1319 3843 1396 φθοροο

2210 1402 2388 1466 ποιός.
2418 1408 2525 1474 Τῆς
2558 1404 2652 1478 μὶν
2685 1402 2777 1460 οῦν
2809 1406 3098 1481 χρησίμης
3152 1403 3333 1478 λύπης
3360 1406 3425 1462 τὸ
3468 1407 3563 1480 μὲν
3597 1405 3703 1462 ἐστι
3730 1406 3846 1481 περὶ

2207 1496 2314 1546 τῶν
2372 1492 2585 1547 οἰκείων
2646 1495 2923 1570 ἁμαρτιῶν
2983 1494 3203 1551 στένειν
3241 1496 3305 1551 τὸ
3355 1493 3415 1551 δὲ
3458 1496 3549 1552 καὶ
3596 1495 3716 1572 περὶ
3757 1502 3849 1564 τῆς

2204 1585 2313 1636 τῶν
2367 1581 2604 1653 πλησίον
2662 1582 2954 1659 ἀγνωσίας·
3006 1584 3069 1640 τὸ
3120 1582 3179 1640 δὲ
3224 1586 3361 1661 πρὸς
3386 1585 3452 1641 τὸ
3502 1586 3579 1658 μὴ
3620 1583 3846 1640 ἐκπεσεῖν

2203 1678 2303 1741 τῆς
2341 1671 2666 1746 προθὲσεως’
2711 1674 2774 1729 τὸ
2816 1670 2874 1728 δὲ
2902 1672 2992 1729 καὶ
3040 1674 3375 1753 ἀφικνεῖσθαι
3414 1678 3514 1730 τοῦ
3540 1671 3728 1737 τὲλους
3756 1681 3850 1742 τῆς

2204 1758 2584 1835 ἀγαθωσύνης.
2617 1767 2792 1818 Ταῦτα
2841 1764 2936 1837 μὲν
2989 1760 3080 1819 οὖν
3127 1770 3229 1835 τῆς
3272 1765 3502 1840 γνησίας
3542 1763 3632 1819 καὶ
3662 1764 3852 1840 ἀγαθῆς

2127 1836 2175 1902 Β
2206 1846 2478 1921 λύπηςτὰ
2505 1849 2645 1923 εἷ’δη.
2696 1851 2795 1907 Καὶ
2844 1836 2991 1924 ἄλλη
3044 1850 3101 1908 δέ
3147 1874 3234 1916 τις
3281 1836 3457 1927 λύπη,
3508 1857 3611 1909 τοῦ
3660 1836 3851 1929 lippo?)

2209 1938 2622 2014 ὑποτιθεμένου,
2669 1942 2791 2012 ἠτις
2833 1941 3053 2005 ταύταις
3100 1942 3472 2021 προσφύεσθαι
3522 1940 3686 2000 οἶδεν.
3735 1943 3853 2015 Ἐμ-

2207 2021 2403 2083 ϐάλλει
2460 2031 2565 2105 γὰρ
2610 2030 2701 2085 καὶ
2747 2030 2908 2094 αὐτὸς
2959 2029 3140 2102 λύπην
3191 2029 3422 2107 ἀλογίας
3469 2032 3687 2107 μεστήν·
3717 2029 3851 2105 ἥπερ

2206 2114 2296 2172 καί
2325 2115 2526 2190 ἀκηδία
2554 2119 2693 2195 πρός
2727 2141 2889 2175 τινων
2940 2120 3274 2197 ὠνόμασται.
3329 2126 3424 2177 Δεῖ
3470 2121 3563 2177 οὗν
3607 2124 3765 2176 τοῦτο
3791 2119 3852 2174 τὸ

2204 2210 2419 2281 πνεῦμα
2446 2206 2584 2283 εὐχῇ
2622 2207 2857 2282 μάλιστα
2886 2205 3175 2266 ἀποσοϐεῖν
3207 2209 3295 2267 καὶ
3327 2207 3651 2285 ψαλμῳδίᾳ.

2276 2297 2364 2353 41.
2397 2299 2517 2354 Τῶν
2547 2295 2638 2353 οὖν
2681 2300 2893 2374 ἀγαθῶν
2945 2304 3223 2375 μεριμνῶν
3268 2298 3547 2376 ἐχομένας
3595 2303 3764 2373 ἡμᾶς,
3794 2296 3853 2354 ού

2202 2385 2314 2459 χρὴ
2349 2382 2550 2441 οἷὲσθαί
2576 2407 2698 2441 τινα
2728 2385 2778 2441 ἐν
2810 2392 2889 2461 τῷ
2924 2388 3027 2463 βίῳ
3068 2386 3364 2467 ἀφρόντιδα
3387 2391 3552 2444 εἶναι·
3587 2389 3731 2457 Φησὶ
3757 2389 3855 2465 γὰρ

2201 2474 2237 2541 ἡ
2271 2477 2479 2551 Γραφή·
2541 2481 2691 2531 Πᾶσα
2741 2474 2951 2555 κεφαλὴ
3014 2476 3089 2539 εἲς
3146 2477 3328 2551 πόνον,
3384 2478 3482 2534 καὶ
3540 2485 3687 2535 πᾶσα
3730 2500 3853 2555 καρ-

2203 2559 2292 2617 δία
2336 2563 2412 2626 εἷς
2460 2563 2667 2636 λύπην.
2731 2567 2815 2625 Ἐν
2864 2566 2939 2620 ἐνὶ
2991 2565 3140 2643 λόγῳ
3183 2567 3248 2622 τὸ
3278 2568 3431 2644 ἅγιον
3483 2573 3708 2642 Πνεῦμα
3738 2589 3856 2624 συν-

2201 2651 2403 2728 έγραψε
2451 2652 2543 2709 τόν
2580 2675 2640 2710 τε
2699 2656 2914 2731 μονήρη
2976 2653 3094 2730 βίον
3142 2655 3232 2710 καὶ
3275 2657 3368 2711 τὸν
3422 2657 3712 2731 κοσμικόν.
3765 2658 3859 2712 Διὰ

2204 2740 2298 2815 μὲν
2332 2742 2437 2818 γὰρ
2468 2747 2566 2797 τοῦ
2595 2742 2766 2798 πόνου
2793 2750 2893 2813 τῆς
2920 2743 3186 2818 κεφαλῆς,
3217 2745 3309 2800 τὸν
3357 2748 3579 2823 μονήρη
3628 2745 3856 2803 αἰνίττε-

2197 2851 2287 2885 ται
2340 2830 2565 2908 τρόπον·
2620 2832 2832 2911 κεφαλή
2889 2833 2990 2909 γὰρ
3045 2835 3108 2889 τὸ
3146 2836 3487 2910 ἠγεμονεῦον
3515 2855 3531 2871 ’
3588 2839 3704 2894 Τοῦ
3755 2837 3855 2913 γὰρ

2199 2925 2391 2997 σοφοῦ,
2449 2923 2635 2999 φησὶν,
2695 2924 2747 2978 οἱ
2804 2921 3084 3001 ὀφθαλμοί
3142 2924 3194 2979 ἰν
3248 2923 3317 2999 τῇ
3367 2924 3588 3004 κεφαλῇ
3643 2926 3808 2982 αὐτοῦ
3840 2969 3855 2982 .

2198 3009 2277 3067 Τὸ
2306 3007 2396 3065 οὖν
2439 3007 2769 3087 διορατικὸν,
2801 3012 2878 3074 ὡς
2918 3011 3094 3085 οἶμαι,
3144 3011 3197 3068 ἑν
3240 3012 3378 3087 αὐτῇ
3426 3013 3719 3092 τυγχάνει.
3750 3016 3855 3072 Τὸν

2198 3096 2258 3154 δὲ
2300 3098 2461 3155 πόνον
2519 3100 2635 3156 εἷπε
2667 3145 2683 3173 ,
2717 3098 2855 3156 διότι
2902 3106 3047 3156 πᾶσα
3094 3101 3288 3176 ἀρετῆς
3336 3101 3550 3178 βλάστη
3589 3102 3651 3159 ἐκ
3678 3103 3858 3159 πόνων

434 3195 676 3253 absolvi.
711 3196 818 3252 Per
849 3209 1158 3251 maerorem
1188 3192 1404 3259 cordis,
1427 3190 1763 3248 instabilem
1793 3194 1850 3246 et
1877 3206 2087 3246 aerum-

2204 3194 2576 3264 κατορθοῦται.
2608 3191 2707 3245 Διὰ
2736 3187 2794 3245 δὲ
2820 3197 2920 3261 τῆς
2950 3189 3003 3246 ἦν
3026 3193 3096 3265 τῇ
3127 3188 3321 3267 καρδίᾳ
3350 3189 3557 3265 λύπης,
3589 3193 3655 3249 τὸ
3699 3190 3860 3248 ἄστα-

437 3302 642 3341 nosam
674 3283 1045 3341 saecularium
1078 3281 1477 3340 conditionem
1509 3279 1883 3353 signiﬁcavit.
1908 3278 2090 3335 Aiunt

436 3376 654 3447 quippe
700 3371 992 3437 nonnulli,
1024 3388 1125 3427 cor
1151 3387 1282 3427 esse
1326 3369 1423 3424 iraa
1466 3385 1533 3425 ac
1579 3368 1834 3424 tristitia:
1863 3368 2086 3424 sedem.

439 3471 583 3519 Dum
616 3480 732 3520 non
763 3462 1102 3528 laudantur,
1133 3459 1332 3515 animo
1365 3461 1612 3513 mcerent
1645 3476 1658 3513 :
1693 3456 1884 3512 aliena
1912 3473 2089 3529 appe-

434 3558 644 3625 tentes,
678 3552 1102 3609 contabescunt
1124 3565 1137 3604 :
1163 3548 1223 3604 in
1253 3553 1535 3621 egestate,
1553 3547 1975 3620 indignantur:
2000 3547 2088 3602 di-

430 3641 589 3697 vitiis
617 3640 912 3706 instructi,
936 3637 1263 3702 insaniunt,
1298 3651 1368 3691 ne
1400 3636 1592 3692 somni
1625 3634 1865 3707 quidem
1894 3635 2086 3691 locum

432 3730 505 3784 ob
536 3745 738 3784 curam
771 3726 1220 3796 custodiamque
1249 3724 1597 3779 lacultatum
1639 3722 2014 3795 reperientes.

502 3818 591 3872 1:2.
624 3817 710 3873 Ns
740 3816 938 3887 itaque
985 3814 1185 3870 animo
1233 3812 1617 3885 decipiamur,
1652 3829 1764 3869 neu
1799 3813 2085 3881 dicamus,

431 3923 531 3963 eas
553 3923 681 3978 qua
702 3905 763 3961 in
786 3904 997 3961 saeculo
1018 3906 1331 3959 versantur
1346 3906 1611 3974 expertes
1632 3918 1910 3959 curarum
1934 3919 2084 3960 esse.

431 3997 600 4052 Forte
632 3994 812 4062 enim,
845 3993 896 4049 si
937 3997 1143 4049 mutuo
1174 3991 1566 4060 conferamur,
1600 3991 1734 4064 plus
1766 4009 1945 4065 quam
1978 4009 2085 4050 nos

431 4083 834 4140 molestiarum
858 4083 1078 4139 habent
1096 4085 1153 4137 et
1181 4080 1421 4137 laboris.
1444 4080 1718 4137 Mulieres
1751 4082 2083 4154 namquein

430 4173 675 4240 mundo,
698 4172 922 4245 ingenti
953 4175 1020 4227 ut
1046 4170 1370 4243 plurimum
1401 4169 1535 4227 o:lio
1567 4169 1897 4226 habentur:
1933 4187 2086 4244 aegre

426 4269 484 4320 et
513 4262 841 4336 periculose
871 4262 1127 4334 pariunt,
1159 4260 1220 4316 in
1251 4262 1401 4317 lacte
1431 4260 1940 4318 subministrando
1973 4260 2084 4317 mi-

429 4369 557 4409 sere
586 4352 945 4419 cruciantur,
970 4367 1107 4408 cum
1138 4350 1561 4423 aegrotantibus
1592 4350 1921 4407 infantibus
1965 4367 2086 4409 una

427 4449 712 4518 mgrotant
734 4461 747 4500 :
773 4449 953 4517 atque
981 4443 1104 4498 haec
1126 4442 1424 4498 sustinent
1445 4442 1573 4497 sine
1594 4441 1789 4514 aliquo
1811 4440 2081 4497 laborum

424 4534 697 4591 termino.
730 4534 1017 4606 Suscepta
1044 4548 1301 4605 namque
1332 4531 1526 4604 proles
1573 4536 1673 4586 aut
1711 4530 1923 4586 mutila
1951 4547 2081 4587 cor-

424 4644 561 4701 pore
592 4632 701 4697 est,
733 4632 836 4683 aut
868 4625 1042 4683 malis
1073 4626 1364 4681 instructa
1416 4623 1703 4690 moribus,
1734 4624 2079 4694 parentibus

2113 4577 2161 4643 D

2196 3299 2289 3333 τον
2315 3278 2405 3334 καὶ
2439 3280 2721 3356 μοχθηρὸν
2772 3276 3046 3350 ἐδήλωσεν
3077 3279 3235 3348 ἦθος.
3282 3284 3472 3353 Θυμοῦ
3503 3281 3613 3359 γὰρ
3644 3281 3735 3338 καὶ
3769 3279 3865 3338 λύ-

2195 3387 2308 3438 πης
2338 3366 2681 3444 οἰκητήριον,
2712 3369 2813 3438 τὴν
2860 3366 3081 3444 καρδίαν
3120 3370 3263 3432 τινὲς
3314 3365 3539 3447 ἔφασαν
3580 3372 3660 3446 μὴ
3712 3368 3867 3442 δοξα·

2200 3455 2420 3531 ζόμενοι
2455 3498 2470 3526 ,
2531 3456 2828 3514 λυποῦνται
2862 3475 2875 3488 ’
2930 3462 3039 3513 τῶν
3114 3456 3420 3535 ἀλλοτρίων
3482 3459 3817 3538 ὀρεγόμενοι
3851 3502 3867 3529 ,

2194 3547 2475 3617 τήκονται·
2534 3547 2843 3621 πενόμενοι,
2904 3544 3265 3621 δυσφοροῦσί⁸
3315 3547 3714 3623 πλουτοῦντες,
3775 3550 3866 3606 ὲκ-

2200 3635 2503 3709 μαίνονται,
2538 3634 2627 3692 διὰ
2653 3638 2751 3706 τήν
2782 3642 2891 3693 τῶν
2921 3637 3204 3715 παρόντων
3237 3636 3486 3716 φυλακὴν
3525 3638 3675 3716 μηδὲ
3695 3641 3868 3697 ὕπνου

2194 3725 2573 3801 τυγχάνοντες.

2266 3818 2356 3872 42.
2390 3816 2484 3886 Μὴ
2519 3814 2609 3871 οὖν
2658 3817 2822 3889 ἡμεῖς
2871 3816 3231 3891 ὑποσυρῶμεν
3280 3821 3360 3890 τῷ
3392 3820 3743 3897 φρονήματι,
3778 3817 3867 3876 λέ·

2195 3925 2387 3979 γουσαι
2417 3903 2547 3969 τοὺς
2579 3905 2631 3962 ἐν
2661 3910 2742 3978 τῷ
2771 3905 2967 3981 κόσμῳ
2997 3904 3330 3983 ἀμερίμνους
3359 3907 3685 3985 τυγχάνειν.
3708 3909 3873 3985 Τάχα

2194 3995 2299 4067 γὰρ
2331 3993 2407 4057 ὡς
2438 3995 2574 4071 πρὸς
2620 3993 2897 4071 σύγκρισιν
2954 3992 3169 4069 μᾶλλον
3213 3998 3375 4070 ἡμῶν
3422 3999 3695 4057 κοπιῶσι.
3728 4001 3867 4060 Ταῖς

2195 4079 2255 4137 δὲ
2282 4082 2520 4158 γυναιξὶν
2578 4083 2654 4139 ὡς
2712 4082 2908 4140 ἐπίπαν
2972 4083 3186 4161 μεγάλη
3238 4084 3290 4141 ἐν
3329 4090 3409 4159 τῷ
3455 4086 3662 4161 κόσμῳ
3693 4089 3733 4158 ἡ
3765 4087 3870 4143 ἀπ-

2194 4171 2400 4246 εχθειαο
2457 4172 2700 4228 τίκτουσι
2757 4173 2862 4250 γὰρ
2912 4171 3175 4249 χαλεπῶς
3207 4174 3297 4230 καὶ
3331 4173 3727 4248 ἐπικινδύνως,
3778 4177 3873 4233 καὶ

2191 4258 2536 4333 τληπαθοῦσι
2594 4262 2729 4335 πρὸς
2783 4263 2883 4331 τήν
2941 4260 3440 4343 γαλακτοτροφίαν,
3495 4263 3592 4320 καί
3645 4266 3872 4321 νοσοῦσι

2191 4354 2309 4413 τοῖς
2342 4347 2582 4413 παιδίοις
2614 4355 2948 4406 συννοσοῦσν
2981 4349 3071 4407 καὶ
3099 4356 3269 4408 ταῦτα
3306 4354 3673 4428 ὑπομένουσι,
3706 4353 3876 4417 τέλος

2191 4444 2290 4493 τοῦ
2313 4438 2489 4494 κόπου
2536 4440 2611 4512 μὴ
2668 4437 2913 4515 ἔχουσαι.
2946 4441 3016 4498 ’Ἡ
3045 4440 3146 4517 γὰρ
3174 4443 3238 4496 τὸ
3287 4447 3448 4517 σῶμα
3484 4448 3776 4520 πηροῦται
3807 4443 3877 4499 τὰ

2192 4530 2480 4599 κυηθέντα,
2528 4529 2565 4597 ἢ
2615 4529 2992 4606 κακοφροσύνῃ
3040 4530 3339 4607 ἀναχθέντα
3387 4529 3694 4611 δολοφονεῖ
3740 4533 3876 4596 τοὺς

2190 4619 2559 4694 γεννήσαντας.
2592 4621 2767 4673 Ταῦτα
2814 4617 2905 4673 οὖν
2956 4616 3174 4688 εἰδυῖαι,
3211 4622 3287 4694 μή
3341 4618 3731 4697 δελεασθῶμεν
3764 4623 3872 4679 ὑπὸ

422 4741 625 4782 necem
657 4723 1052 4780 machinatur.
1085 4727 1219 4779 Haec
1250 4739 1387 4779 cum
1430 4721 1713 4788 sciamus,
1747 4736 1820 4775 ne
1852 4720 2078 4776 inesce-

2204 4708 2285 4759 τοῦ
2332 4703 2554 4781 ἐχθροῦ,
2586 4705 2661 4768 ὡς
2720 4706 2909 4762 ἆνὲτου
2965 4704 3057 4763 καὶ
3115 4709 3421 4785 ἀμερίμνου
3471 4711 3874 4788 τυγχάνοντος

424 4821 561 4861 mur
588 4805 662 4859 ab
694 4803 952 4873 inimico,
976 4804 1147 4875 quasi
1176 4803 1294 4859 vita
1322 4802 1612 4873 ejusmodi
1644 4801 1964 4873 tranquilla
1983 4818 2081 4858 cu-

424 4893 627 4966 risque
658 4909 843 4949 vacua
871 4891 969 4949 sit.
1002 4890 1067 4949 In
1099 4895 1267 4964 partu
1315 4892 1533 4963 quippe
1561 4891 1615 4945 vi
1647 4890 1950 4948 doloribus
1978 4908 2077 4948 ex-

424 4985 851 5056 stinguuntur;
885 4980 936 5037 si
967 4997 1084 5037 non
1118 4979 1369 5051 pariant,
1393 4977 1716 5037 sterilitatis
1737 4984 1795 5035 et
1818 4979 2080 5036 infecun-

425 5074 627 5131 ditatis
659 5071 971 5146 Opprobrio
1002 5070 1443 5127 contabescunt.

494 5164 583 5219 43.
621 5164 746 5218 llaec
789 5160 953 5218 vobis
1000 5161 1152 5227 dico,
1203 5164 1270 5215 ut
1307 5159 1479 5215 nobis
1511 5158 1584 5214 ab
1616 5159 1950 5217 adversario
1980 5177 2078 5217 ca-

420 5268 683 5311 veamus.
716 5251 916 5324 Neque
944 5266 1078 5307 vero
1109 5249 1332 5305 cunctis
1362 5248 1719 5305 conveniunt
1746 5265 1874 5321 quae
1921 5250 2080 5307 dicta

420 5347 580 5412 sunt,
603 5340 704 5398 sed
737 5339 812 5397 iis
843 5339 1127 5396 duntaxat
1148 5337 1249 5410 qui
1281 5337 1462 5393 vitam
1494 5336 1749 5409 amplexi
1779 5342 1922 5394 sunt
1947 5355 2078 5397 mo-

2188 4797 2285 4847 τοῦ
2320 4793 2460 4869 βίου.
2499 4799 2767 4850 Γεννῶσαι
2821 4795 2915 4869 μὲν
2947 4796 3073 4872 γὰρ,
3126 4793 3214 4851 διὰ
3243 4802 3349 4852 τῶν
3381 4819 3563 4854 πονων
3600 4798 3873 4877 φθείρον-

2186 4903 2294 4938 ται’
2334 4884 2410 4957 μὴ
2442 4882 2721 4939 τίκτουσαι
2752 4881 2831 4955 δὲ,
2864 4884 2939 4948 ὡς
2989 4891 3193 4962 στεῖραι
3240 4886 3331 4943 καὶ
3362 4885 3547 4964 ἄγονοι
3610 4889 3725 4945 ὑπὸ
3756 4893 3872 4945 τῶν

2192 4970 2515 5047 ὀνειδισμῶν
2541 4978 2799 5045 τήκονται
2814 5018 2826 5033 .

2261 5157 2349 5213 43.
2380 5151 2560 5210 Ταῦτα
2590 5150 2648 5208 δὲ
2694 5153 2823 5227 ὑμῖν
2870 5152 3017 5231 λέγω
3047 5154 3184 5232 πρὸς
3209 5156 3275 5212 τὸ
3321 5154 3727 5235 ἀσφαλίζεσθαι
3761 5157 3878 5215 ἀπὸ

2190 5243 2454 5302 ἐναντίου.
2487 5244 2566 5303 Οὐ
2616 5249 2747 5299 πᾶσι
2796 5241 2856 5299 δὲ
2902 5244 3132 5324 πέφυκεν
3183 5245 3422 5324 ἁρμόδια
3456 5247 3525 5303 τὰ
3555 5247 3881 5325 λεγόμενα,

2191 5334 2337 5393 ἀλλὰ
2372 5334 2560 5410 μόνοις
2588 5340 2707 5399 τοῖς
2754 5334 2846 5391 τὸν
2902 5338 3114 5412 μονήρη
3151 5335 3265 5413 βίον
3312 5335 3613 5402 ἐθέλουσιν.
3652 5341 3882 5414 ’Ὠσπερ

489 5540 536 5575 ⁸⁸
567 5539 771 5597 Matth.
801 5555 858 5611 ν,
892 5539 977 5594 12.
1055 5537 1099 5573 ⁰⁰
1129 5502 1391 5604 Psal..lv,
1420 5537 1473 5590 2.
1552 5536 1596 5572 ⁰¹
1629 5534 1784 5592 Psal.
1820 5551 2011 5609 vam,
2041 5542 2089 5595 2:

2212 5540 2258 5576 ”
2288 5538 2400 5594 Isa.
2433 5552 2473 5605 1,
2503 5534 2559 5591 5.
2636 5536 2681 5572 ⁸³
2708 5535 2894 5595 Eccle.
2933 5552 2996 5608 ιι,
3031 5538 3121 5594 te.

491 5723 605 5798 (85)
637 5723 737 5781 va.
776 5722 883 5779 ρρ.
916 5722 958 5781 l.
997 5738 1053 5793 ν,
1087 5724 1296 5792 10,71.
