4162 6398
354 459 506 521 1513

1494 461 1672 523 VITA
1719 462 1815 521 SA
1830 460 2053 520 NC'I‘AE
2095 458 2620 523 SYNCIETICE.

3617 467 3770 526 {5M

351 593 453 666 γάρ
483 597 598 653 τοῖς
635 593 794 661 ζώοις
827 592 888 647 οὐ
925 594 1022 664 μία
1050 593 1250 670 τροφὴ,
1282 593 1452 653 οὕτως
1487 591 1610 646 οῦὂέ
1643 600 1758 653 τοῖς
1794 591 1996 665 ἀνθρώ-

2133 593 2421 648 iasticam.
2456 595 2964 657 Quemadmodum
2997 598 3153 654 enim
3188 616 3301 654 non
3337 616 3454 654 una
3500 603 3591 654 est
3642 599 3767 653 ani-

352 703 474 742 ποις
509 682 536 734 ὁ
571 681 729 743 αὐτὸς
765 680 926 758 λόγος
965 681 1244 758 συμφέρει·
1282 681 1358 737 Οὐ
1392 680 1472 736 δεῖ
1527 683 1628 756 γάρ
1682 683 1829 734 Όῖνον
1883 680 2001 734 νέον

360 769 567 844 βαλεῖν,
629 770 812 846 φησὶν,
876 770 950 832 εἰς
1018 770 1212 832 ἀσκοὺς
1272 768 1559 831 παλαιούς.
1623 770 1846 831 Ἀλλως
1903 771 2004 844 γάρ

356 858 631 912 ἑστιῶνται
666 860 714 912 0't
748 859 974 933 θεωρίας
1008 859 1094 913 καὶ
1127 861 1378 935 γνώσεως
1413 858 1838 936 ἐμφοροᾶμενοι,
1893 859 2003 912 ἓτε-

359 969 464 1023 ρως
500 946 555 1002 δὲ
587 950 638 1001 οἱ
671 948 989 1017 ἀσκητικῆς·
1027 948 1115 1002 καὶ
1149 955 1450 1022 πρακτικῆς
1479 948 1892 1022 ἀπογενόμενοι,
1917 948 2003 1001 καὶ

357 1041 491 1112 πρὸς
545 1035 769 1110 δύναμιν
819 1039 869 1091 οἱ
926 1038 1059 1091 κατά
1111 1039 1200 1091 τὸν
1227 1037 1434 1109 κόσμον
1464 1034 2003 1111 δικαιοπραγοῦντες.

357 1129 558 1200 ’Ὠσπερ
607 1127 706 1200 γάρ
755 1131 853 1180 τῶν
897 1127 1046 1194 ζώων
1073 1127 1188 1179 τινά
1224 1129 1315 1198 μὲν
1353 1124 1460 1180 ἔστι
1488 1132 1740 1202 χερσαῖα,
1799 1127 1919 1180 τινα
1951 1122 2006 1178 δὲ

357 1212 569 1287 ἔνυδρα,
619 1215 739 1268 τινά
787 1212 843 1268 δὲ
869 1215 1062 1284 πτηνά·
1097 1215 1270 1276 οὕτως
1300 1215 1389 1269 καὶ
1422 1217 1470 1269 0".
1507 1215 1787 1289 ἄνθρωποι
1823 1215 1873 1267 οἱ
1911 1215 2003 1286 μὲν

355 1305 446 1358 τὸν
484 1303 646 1376 μέσοο
686 1304 798 1379 βίον
831 1306 1152 1379 κατέχουσιν
1188 1305 1261 1365 ὡς
1293 1303 1358 1357 τά
1397 1309 1643 1378 χερσαῖα·
1679 1304 1728 1356 οἱ
1784 1301 1841 1357 δε
1871 1305 2007 1376 πρὸς

356 1394 422 1447 τά
483 1394 587 1466 ῦψη
651 1392 1060 1460 ἐνατενίζουσιν,
1121 1393 1193 1453 ὡς
1252 1393 1318 1446 τά
1374 1394 1606 1446 πετεινά·
1670 1392 1720 1444 οἱ
1779 1389 1835 1445 δὲ
1891 1397 2005 1452 τοῖς

360 1480 512 1535 ὕδασι
544 1487 648 1536 τῶν
687 1483 964 1554 αμαρτιῶν
999 1481 1099 1536 εἶσι
1129 1481 1558 1553 κεκαλυμμένοι,
1591 1481 1665 1541 ὡς
1701 1481 1750 1534 0".
1800 1480 2006 1555 ἰχθύες·

361 1570 555 1634 Ἦλθον
633 1572 757 1646 γάρ,
835 1571 1021 1648 φησὶν,
1094 1571 1168 1632 εἷς
1227 1572 1292 1624 τὰ
1355 1571 1492 1645 βάθη
1554 1572 1651 1637 τῆς
1713 1567 2007 1638 Θαλάσσης,

362 1681 449 1734 καί
509 1659 757 1733 καταιγίς
822 1659 1168 1713 κατεπόντισέ
1229 1679 1314 1730 με.
1379 1657 1473 1712 Καὶ
1533 1656 1755 1726 τοιαύτη
1821 1657 1912 1729 μὲν
1973 1658 2006 1724 ἡ

360 1753 466 1801 τῶν
503 1749 654 1816 ζώων
689 1747 867 1823 φύσις·
903 1750 1065 1818 ἡμεῖς
1093 1744 1169 1813 δὲ,
1223 1747 1298 1807 ὡς
1346 1747 1490 1800 ἀετοὶ
1548 1748 2007 1822 πτεροφυήσασαι,

362 1837 446 1891 ἐπὶ
478 1837 543 1890 τά
577 1835 886 1910 ὑψηλότερα
920 1832 1219 1906 ἐπιϐῶμεν,
1262 1836 1351 1889 καὶ
1392 1837 1858 1906 καταπατήσωμεν
1920 1833 2008 1889 λέ-

363 1947 488 1980 οντα
517 1925 607 1979 καὶ
646 1923 926 2000 δράκοντα·
961 1923 1050 1978 καί
1080 1930 1176 1978 τοῦ
1208 1945 1336 1979 ποτε
1371 1925 1635 1999 ἄρχοντος
1693 1929 1783 1976 νῦν
1841 1922 2009 1997 ἄρξω-

366 2037 478 2086 μεν.
514 2011 771 2068 Τοῦτο-δὶ
797 2016 1100 2085 ποιήσομεν
1135 2013 1220 2067 ἐάν
1261 2013 1397 2083 ὅλην
1423 2014 1623 2068 ἑαυτῶν
1653 2014 1754 2080 τὴν
1775 2010 2012 2066 διάνοιαν

360 2103 440 2174 τῷ
475 2109 691 2177 Σωτῆρι
725 2103 1193 2177 προσενέγκωμεν.

435 2194 522 2247 Η.
557 2190 732 2246 Ἀλλὰ
763 2191 884 2244 ὅσον
932 2195 1095 2262 ἡμεῖς
1144 2190 1532 2267 κορυοοῦμεθα
1582 2191 1715 2264 πρὸς
1758 2190 1823 2243 τά
1879 2189 2012 2262 ὕψη,

364 2281 610 2341 κάκεῖνος
642 2277 953 2351 ἐμποδίζειν
1005 2285 1252 2353 πειρᾶται
1285 2276 1373 2332 διά
1403 2283 1508 2332 τῶν
1547 2276 1696 2332 ἰδίων
1744 2276 2012 2351 παγίδων.

368 2369 464 2424 Καὶ
494 2368 544 2423 τί
580 2389 712 2444 μεγα
744 2366 886 2443 ἔχειν
932 2371 1076 2439 ἡμᾶς
1126 2367 1454 2427 ἀντιπάλους
1504 2367 1640 2441 πρὸς
1697 2367 1758 2419 τὸ
1818 2367 2011 2440 ἀγαθὸν

367 2459 644 2528 ὁρμώσας,
697 2457 834 2510 ὅπου
883 2477 944 2530 γε
988 2457 1076 2510 καὶ
1127 2456 1263 2531 πρὸς
1294 2456 1359 2508 τά
1392 2454 1581 2522 εὐτελῆ
1616 2453 1893 2530 φθονοῦσι,
1925 2453 2012 2507 καὶ

365 2551 496 2620 γοῦν
523 2546 648 2606 τοῦς
708 2546 811 2600 ὑπὸ
861 2547 956 2612 τήν
1020 2553 1122 2619 γῆν
1174 2545 1546 2615 τεθαμμένους
1597 2544 1898 2616 θησαυροὺς
1953 2542 2014 2596 οῦ

366 2639 708 2710 συγχωροῦσι
743 2630 1038 2705 λαμϐάνειν
1072 2633 1411 2707 ἀνθρώπους.
1471 2632 1535 2688 tu?
1580 2633 1670 2685 οῦν
1728 2633 1815 2685 καὶ
1877 2633 2013 2706 πρὸς

361 2726 460 2791 τὴν
492 2722 684 2798 γηίνην
719 2722 1004 2799 φαντασίαν
1039 2721 1383 2792 ἀντίκεινται,
1415 2722 1569 2792 πόσῳ
1615 2719 1824 2792 μᾶλλον
1879 2721 2015 2794 πρὸς

366 2814 467 2880 τήν
499 2817 605 2866 τῶν
641 2811 882 2886 οὐρανῶν
917 2810 1191 2886 βασιλείαν
1222 2812 1576 2886 φθονήσουσιν
1609 2829 1620 2877 ;

439 2904 523 2956 45.
560 2906 648 2954 Δεῖ
687 2899 776 2954 οῦν
835 2902 951 2954 κατ’
999 2899 1173 2953 αὐτῶν
1221 2899 1489 2959 παντοίως
1535 2899 1870 2967 ὁπλίζεσθαι·
1925 2898 2013 2952 καὶ

370 2992 474 3066 γάρ
505 2990 596 3044 καὶ
629 2988 816 3059 ἔξωθεν
852 2987 1242 3054 εἰσελαύνουσι,
1275 2989 1360 3042 καὶ
1397 2985 1550 3041 οὐδὲν
1582 2989 1744 3056 ἦττον
1805 2987 1861 3041 ἐκ
1907 2993 2013 3042 τῶν

372 3077 564 3149 ἔξωθεν
621 3083 914 3134 κινοῦνται.
972 3078 1066 3132 Καὶ
1121 3080 1155 3146 ἡ
1206 3078 1382 3151 ψυχὴ,
1428 3077 1663 3152 καθάπερ
1703 3082 1848 3145 ναῦς,
1888 3078 2018 3132 ποτε

377 3171 471 3242 μὲν
504 3169 605 3222 ὑπὸ
651 3168 758 3222 τὼν
793 3164 978 3237 ἔξωθεν
1027 3171 1329 3241 τρικυμιῶν
1376 3166 1837 3234 καταποντίζεται,
1887 3167 2018 3220 ποτε

376 3256 433 3311 δὲ
464 3257 568 3311 ὑπὸ
599 3265 696 3326 τῆς
731 3254 940 3319 ἔνδοθεν
975 3255 1188 3316 ἀντλίας
1245 3250 1582 3329 ὑποϐρύχιος
1638 3256 1854 3330 γίνεται.
1919 3254 2015 3308 Καὶ

2118 681 2361 735 malium
2394 699 2562 749 esca;
2599 683 2676 737 ita
2712 701 2814 739 nec
2845 685 3186 742 hominibus
3218 705 3373 741 unus
3406 703 3598 742 sermo
3620 702 3774 741 com-

2117 770 2260 839 petit
2289 786 2301 823 ε
2333 775 2455 826 Non
2490 778 2702 842 oportet
2728 773 2904 840 enim,
2938 774 3151 846 inquit,
3186 777 3376 830 vinum
3404 791 3607 831 novum
3652 777 3773 829 mito

2117 861 2226 912 tere
2286 861 2343 912 in
2408 865 2551 914 utres
2615 867 2814 915 μυῖαι-εδ
2847 865 2909 916 9‘.
2943 866 2986 916 A
3011 865 3502 936 contemplatione
3532 865 3681 920 625
3720 869 3776 918 et

2117 947 2360 1000 scientia
2395 949 2591 1019 repleti
2627 958 2784 1013 sunt,
2820 952 2988 1006 aliter
3018 953 3116 1022 qui
3150 954 3459 1008 asceticam
3489 958 3546 1008 et
3575 959 3772 1007 actuo-

2117 1051 2242 1088 sam
2277 1036 2452 1090 vitam
2488 1039 2966 1107 degustamuth
2999 1042 3094 1110 qui
3131 1041 3185 1094 in
3220 1041 3429 1095 saeculo
3464 1058 3565 1112 pro
3600 1040 3775 1094 facul-

2117 1128 2232 1177 tate
2257 1125 2554 1193 justitiam
2589 1126 2809 1180 colunt.
2844 1128 2909 1181 Et
2940 1129 3438 1198 quemadmodum
3473 1127 3771 1192 animalia.

2118 1215 2383 1283 quaedam
2417 1216 2712 1270 terrestria
2732 1219 3166 1288 sunt,quzedam
3201 1218 3768 1288 aquatilia,quaedam

2117 1303 2408 1368 volatilia;
2443 1305 2526 1357 sic
2558 1311 2613 1358 et
2645 1305 2930 1372 homines,
2955 1306 3052 1359 alii
3087 1307 3336 1360 mediam
3370 1312 3568 1361 tenent
3595 1307 3771 1374 viam,

2122 1398 2181 1442 ut
2216 1393 2544 1451 terrestria:
2579 1393 2675 1445 alii
2711 1394 2779 1446 ad
2812 1393 3036 1447 excelsa
3069 1395 3353 1452 l'eruntur.
3391 1401 3451 1448 ut
3482 1394 3772 1460 volatilia;

2120 1477 2216 1532 alii
2255 1478 2308 1532 in
2346 1480 2516 1550 aquis
2550 1481 2820 1534 vitiorum
2855 1482 3107 1536 demersi
3139 1493 3295 1546 sunt,
3335 1492 3615 1554 tanquam
3646 1483 3771 1554 pis-

2120 1583 2235 1622 ces.
2291 1568 2385 1621 Ait
2443 1569 2597 1622 enim
2632 1585 2644 1622 :
2686 1571 2831 1623 Veni
2860 1570 2919 1622 in
2949 1569 3301 1625 altitudinem
3332 1573 3522 1640 maris,
3555 1581 3606 1626 et
3636 1581 3773 1626 tem-

2118 1665 2301 1726 pestas
2334 1656 2598 1711 demersit
2627 1674 2714 1710 me
2744 1658 2805 1711 π.
2842 1657 2971 1713 Ηωο
3001 1665 3089 1712 est
3121 1666 3329 1713 natura
3379 1659 3724 1716 animalium
3763 1677 3777 1716 :

2122 1760 2227 1798 nos
2259 1749 2456 1799 autem
2490 1744 2822 1815 aquilarum
2857 1747 3045 1801 instar
3071 1746 3181 1803 alis
3211 1749 3534 1815 instructae,
3571 1749 3779 1804 altiora

2125 1838 2410 1901 petamus.
2445 1839 2498 1887 et
2530 1833 2940 1889 conculcemus
2972 1835 3195 1889 leonem
3231 1841 3288 1891 et
3329 1836 3640 1892 draconem
3699 1839 3775 1893 κε

2046 1953 2091 2017 Β
2125 1936 2278 1974 nunc
2311 1921 2358 1973 ei
2397 1921 2753 1992 imperemus
2787 1923 2883 1993 qui
2919 1930 3051 1977 ante
3082 1923 3408 1995 imperabat
3440 1926 3628 1981 nobis.
3653 1927 3779 1981 llaec

2127 2023 2298 2077 porro
2332 2007 2816 2078 prestabinius,si
2853 2014 3033 2064 totam
3068 2014 3322 2065 mentem
3358 2018 3618 2066 nostram
3651 2013 3776 2067 Sal-

2123 2096 2306 2150 vatori
2339 2096 2586 2151 obtuleri
2599 2113 2747 2151 mus.

2196 2186 2282 2238 44.
2317 2185 2426 2240 Sed
2463 2202 2576 2256 quo
2611 2186 2796 2257 magis
2825 2187 2896 2240 ad
2935 2186 3162 2242 excelsa
3217 2189 3652 2260 consurgimus,
3711 2207 3778 2246 eo

2126 2277 2314 2344 magis
2365 2274 2460 2329 ille
2495 2292 2596 2345 per
2623 2275 2862 2345 laqueos
2897 2294 3035 2330 suos
3067 2278 3348 2348 impedire
3379 2285 3640 2334 conatur.
3676 2280 3777 2335 Ec-

2126 2363 2264 2433 quid
2301 2380 2578 2434 magnum
2613 2364 2660 2418 si
2694 2366 2862 2419 nobis
2895 2373 3032 2420 sunt
3062 2367 3534 2437 adversarii,quaa
3567 2369 3637 2422 ad
3674 2371 3776 2422 bo-

2126 2468 2267 2505 num
2313 2451 2633 2516 tendimus,
2695 2454 2924 2520 quando
2983 2454 3039 2507 in
3097 2454 3312 2510 vilibus
3368 2456 3541 2510 etiam
3605 2458 3779 2512 rebus

2126 2539 2431 2593 invident?
2490 2541 2640 2594 Sane
2684 2541 2994 2595 thesauros
3027 2541 3081 2594 in
3116 2546 3271 2596 terra
3302 2544 3634 2598 reconditos
3665 2560 3777 2599 non

2124 2629 2453 2682 concedunt
2485 2629 2822 2684 hominibus
2855 2633 3100 2684 auferre.
3135 2631 3193 2685 Si
3224 2646 3359 2701 ergo
3417 2631 3476 2686 in
3534 2633 3782 2689 terrenis

2126 2718 2506 2772 facultatibus
2547 2719 2863 2773 adversarii
2895 2726 3053 2789 sunt,
3087 2726 3308 2790 quanto
3340 2723 3530 2793 magis
3561 2723 3780 2780 invide-

2129 2809 2275 2863 bunt
2309 2824 2552 2878 regnum
2587 2809 2911 2863 ccelorum?

2194 2900 2282 2952 45.
2315 2901 2425 2963 (86)
2459 2899 2847 2963 Quamobrem
2876 2915 3048 2954 omne
3079 2900 3326 2956 telorum
3360 2918 3546 2973 genus
3577 2906 3778 2960 adver-

2125 3005 2227 3042 sus
2261 2987 2392 3042 illos
2425 2993 2514 3042 est
2544 2988 3007 3043 assumendum:
3044 3006 3177 3044 nam
3207 2995 3263 3045 et
3293 2991 3654 3048 extrinsecus
3685 3011 3778 3050 ao-

2126 3076 2359 3138 cedunt,
2395 3081 2451 3129 et
2485 3075 2644 3130 intus
2674 3083 3131 3131 commoventur.
3192 3079 3517 3150 Animaque
3579 3088 3778 3138 nostra

2127 3167 2289 3221 navis
2348 3167 2551 3234 instar,
2617 3168 2789 3222 modo
2845 3168 3188 3223 decumanis
3221 3167 3493 3225 ﬂuctibus
3524 3173 3776 3228 exterius

2130 3255 2511 3325 (lemergitur;
2547 3256 2718 3310 modo
2749 3256 2822 3310 ab
2854 3254 3107 3311 interiori
3142 3259 3373 3312 sentina
3401 3275 3686 3329 aquarum
3720 3261 3775 3317 vi

371 3351 502 3422 γοῦν
563 3345 652 3400 καὶ
705 3347 870 3418 ἡμεῖς
920 3346 1050 3399 ποτὲ
1111 3346 1202 3416 μὶν
1257 3342 1347 3398 διὰ
1392 3349 1497 3397 τῶν
1530 3343 1679 3404 ἐκτὸς
1710 3348 2014 3418 πρακτικῶν

2133 3321 2496 3414 deprimitur.
2535 3344 2600 3397 Et
2629 3361 2732 3398 nos
2764 3343 3057 3398 interdum
3094 3361 3194 3416 per
3223 3321 3508 3402 exteriora
3538 3355 3778 3420 peccata

374 3436 785 3510 ἁμαρτημάτων
847 3433 1229 3505 ἀπολλύμεθα,
1288 3433 1419 3486 ποτε
1478 3429 1534 3486 δὲ
1592 3431 1680 3487 διά
1724 3437 1831 3486 τῶν
1866 3429 2014 3486 ἔνδον

372 3523 657 3598 λογισμῶν
711 3523 1097 3600 ἀφανιζόμεθα.
1154 3527 1241 3576 Δεῖ
1288 3521 1380 3574 οῦν
1430 3521 1519 3575 καὶ
1548 3522 1645 3582 τάς
1693 3518 1880 3590 ἔξωθεν
1913 3527 2019 3575 τῶν

368 3615 682 3685 πνευμάνων
735 3611 1010 3686 ἐπιτηρεῖν
1070 3606 1403 3686 προσϐολάς,
1458 3610 1545 3664 καὶ
1605 3610 1698 3672 τὰς
1733 3608 1880 3664 ἔνδον
1910 3616 2015 3663 τῶν

370 3702 654 3776 λογισμῶν
706 3699 970 3770 ἐξαντλεῖν
1008 3699 1358 3774 ἀκαθαρσίας,
1389 3701 1612 3754 πάντοτε
1645 3697 1700 3754 δῖε
1729 3706 2016 3774 γρηγορεῖν

366 3791 505 3866 πρὸς
536 3790 660 3852 τοῦς
696 3787 1020 3863 λογισμούς·
1075 3793 1317 3864 συνεχῶς
1367 3789 1468 3863 γάρ
1520 3787 1844 3864 ἐφίστανται.
1898 3789 2016 3844 Ἐπὶ

373 3880 468 3952 μὲν
499 3885 618 3940 ταῖς
664 3876 851 3948 ἔξωθεν
911 3876 1246 3952 τρικυμίαις,
1312 3877 1569 3951 βοώντων
1627 3883 1732 3931 τῶν
1791 3881 2017 3948 ναυτῶν,

368 3967 639 4029 πολλάκις
673 3971 706 4037 ἡ
742 3967 981 4039 σωτηρία
1014 3963 1101 4019 διά
1130 3970 1237 4020 τῶν
1269 3964 1567 4040 έγγυτάτων
1619 3965 1829 4020 πλοίων
1879 3966 2015 4040 γίνε-

367 4077 476 4112 ται·
539 4059 594 4111 αἱ
653 4053 709 4111 δὲ
761 4055 996 4124 ἀντλίαι,
1055 4054 1143 4108 καὶ
1205 4055 1571 4126 κοιμωμένων
1613 4053 1881 4115 πολλάκις
1909 4059 2017 4108 τῶν

371 4143 708 4220 πλωτήρων,
740 4144 828 4198 καὶ
862 4143 1248 4220 ἡσυχαζοῦσης
1295 4150 1396 4211 τῆς
1447 4141 1742 4213 θαλάσσης,
1792 4143 2019 4214 ὲπισυμ-

371 4230 636 4302 ϐαίνουσι,
667 4234 756 4288 καὶ
787 4231 1058 4294 πολλάκις
1092 4231 1284 4293 αὐτοὺς
1316 4233 1653 4286 θανατοῦσιν·

445 4326 530 4379 46.
567 4327 657 4376 Δεῖ
705 4318 794 4375 οὖν
843 4321 1244 4395 ἐπιπονωτέραν
1297 4321 1564 4374 ποιεῖσθαι
1604 4321 1737 4395 πρὸς
1768 4319 1892 4382 τοῦς
1924 4318 2019 4374 λο-

370 4411 602 4486 γισμοὺς
633 4411 732 4478 τὴν
765 4407 1022 4465 διάνοιαν.
1059 4411 1114 4461 Ὀ
1163 4410 1262 4484 γὰρ
1314 4408 1530 4483 ἐχθρὸς,
1581 4407 1815 4483 καθάπερ
1875 4411 2019 4462 οἷκον

370 4502 472 4567 τήν
506 4499 688 4574 ψυχὴν
716 4497 959 4553 καθελεῖν
993 4498 1351 4573 βουλόμενος,
1383 4499 1417 4567 ἢ
1471 4497 1576 4551 ἀπὸ
1606 4503 1711 4552 τῶν
1753 4496 2020 4570 Θεμελίων

374 4593 608 4642 ποιεῖται
644 4587 808 4656 αὐτῆς
841 4588 936 4654 τὴν
972 4591 1201 4655 πτῶσιν,
1230 4588 1264 4655 ἢ
1299 4587 1404 4640 ἀπὸ
1442 4593 1543 4656 τῆς
1589 4586 1794 4664 ὀροφῆς
1852 4585 2022 4661 ἀρχό-

2128 3432 2185 3485 in
2209 3431 2519 3502 perniciem
2554 3431 3048 3502 imus,aliquando
3067 3432 3310 3490 internis
3328 3435 3784 3506 cogitationibus

2127 3521 2534 3591 opprimimur.
2571 3520 2849 3575 Convenit
2877 3521 3058 3592 igitur
3087 3538 3218 3576 cum
3253 3530 3522 3579 externos
3580 3542 3784 3581 cavere

2128 3611 2444 3679 spirituum
2478 3608 2753 3680 impetus,
2788 3615 2911 3663 tum
2947 3610 3208 3665 internas
3240 3613 3656 3683 cogitationum
3691 3632 3786 3670 ex—

2129 3701 2362 3754 haurire
2397 3700 2782 3771 impuritates.
2819 3703 3061 3772 Semper
3091 3705 3247 3756 enim
3300 3705 3578 3760 adversus
3627 3706 3785 3777 cogi-

2130 3791 2380 3844 tationes
2440 3788 2904 3860 advigilandum,
2967 3791 3202 3845 assidue
3251 3809 3507 3864 namque
3542 3794 3787 3850 instant.

2128 3877 2276 3931 Dum
2312 3878 2620 3931 decumani
2656 3877 2871 3949 quippe
2904 3879 3116 3933 ﬂuctus
3139 3881 3392 3935 exterius
3437 3881 3784 3953 insurgunt,

2132 3965 2525 4020 clamantibus
2559 3967 2777 4036 nautis,
2811 3984 2912 4039 per
2944 3969 3205 4039 proxima
3233 3969 3462 4042 navigia
3494 3970 3656 4025 salus
3700 3973 3781 4026 af-

2135 4053 2333 4108 fertur.
2357 4060 2423 4107 At
2459 4055 2699 4109 sentinae
2727 4057 3160 4112 dormientibus
3193 4058 3537 4130 plerumque
3565 4060 3788 4126 nautis,

2131 4141 2449 4212 tranquillo
2483 4142 2650 4209 mari,
2688 4143 2862 4199 undis
2894 4160 3100 4199 navem
3133 4145 3400 4216 implent,
3433 4163 3499 4201 ac
3530 4163 3633 4202 nec
3665 4147 3788 4218 opi-

2132 4236 2342 4286 nantes
2375 4230 2736 4286 interimunt.

2205 4321 2295 4374 46.
2329 4320 2546 4375 Grandi
2582 4321 2781 4392 itaque
2815 4321 3010 4377 labore
3068 4323 3352 4380 adversus
3411 4325 3794 4396 cogitationes

2133 4410 2496 4481 vigilandum
2522 4411 2718 4465 animo
2744 4411 3144 4467 est.Inimicus
3165 4413 3319 4467 enim
3341 4417 3594 4469 animam
3615 4415 3792 4484 veluti

2134 4500 2373 4553 domum
2409 4506 2664 4553 evertere
2695 4499 2956 4568 cupiens,
2992 4504 3094 4554 aut
3121 4518 3155 4554 a
3216 4501 3612 4556 fundamentis
3667 4503 3789 4557 rui-

2139 4605 2271 4642 nam
2314 4587 2423 4658 ipsi
2458 4593 2646 4657 parat,
2681 4591 2782 4640 aut
2813 4604 2845 4640 a
2869 4592 3021 4642 tecto
3055 4587 3340 4659 incipiens
3372 4595 3551 4644 totam
3588 4590 3792 4656 diruit,

379 4698 558 4750 μενος,
612 4682 781 4730 πᾶσαν
836 4675 1001 4743 αὐτὴν
1050 4675 1361 4752 καταφέρει,
1417 4678 1451 4744 ἤ
1501 4675 1589 4729 καὶ
1624 4673 1712 4729 διά
1742 4680 1846 4729 τῶν
1877 4674 2014 4746 θυρί-

2138 4683 2237 4730 aut
2271 4693 2370 4747 per
2401 4677 2558 4730 l'enes
2573 4681 2693 4729 tras
2724 4674 3029 4744 ingressus
3061 4676 3248 4746 primo
3308 4676 3793 4748 patremfamilias

378 4764 486 4820 δων
521 4765 801 4833 εἰσελθὼν,
831 4770 1046 4839 πρῶτον
1081 4765 1172 4817 τὸν
1234 4760 1622 4834 οἷ’κοδεσπὸτην
1685 4762 1892 4837 δεσμεῖ,
1939 4762 2027 4818 καὶ

380 4854 555 4916 οὕτως
588 4858 869 4930 χειροῦται
897 4854 964 4907 τὰ
994 4853 1164 4906 πάντα
1230 4851 1494 4924 Θεμὲλιος
1531 4853 1625 4924 μὲν
1660 4853 1749 4906 οῦν
1806 4852 1914 4907 ἐστι
1966 4856 2033 4910 τὰ

379 4943 523 4999 καλά
557 4941 705 5019 ἔργα,
739 4941 918 5020 ὀροφὴ
953 4938 1010 4996 δὶ
1039 4944 1073 5010 ἡ
1106 4940 1306 5007 πίστις,
1365 4938 1576 5016 θυρίδες
1635 4938 1691 4994 δὲ
1735 4943 1786 4995 αἱ
1840 4942 2028 5013 αἷσθή-

381 5055 510 5093 σεις.
546 5033 642 5086 Διά
673 5034 886 5085 πάντων
918 5028 975 5084 δὲ
1004 5029 1237 5103 πολεμεῖ
1267 5031 1294 5083 ὁ
1329 5028 1546 5106 ἐχθρός.
1588 5033 1742 5092 ’Ὁθεν
1789 5029 2028 5108 πολυόφ-

382 5121 593 5194 θαλμον
628 5119 709 5176 δεῖ
740 5122 871 5176 εἶναι
903 5120 994 5174 τὸν
1029 5122 1265 5188 σωθῆναι
1323 5117 1677 5194 βουλόμενον.
1738 5118 1845 5173 Οὐκ
1903 5116 2030 5194 ἕχο-

385 5233 480 5285 μεν
510 5210 733 5266 ἐνταῦθα
748 5211 810 5264 τὸ
842 5209 1302 5288 ἀμέριμκιον·φησὶ
1326 5210 1427 5285 γάρ
1459 5211 1493 5277 ἡ
1519 5211 1724 5285 Γραορψ
1745 5209 2029 5265 Βλεπὲτιυ-

392 5303 420 5356 ὁ
454 5300 692 5369 ἑστηκὼς
730 5300 804 5372 μὴ
837 5297 990 5371 πέσῃ.

462 5392 550 5445 47.
586 5390 670 5445 Ἐν
706 5384 900 5459 ἀδήλῳ
931 5385 1194 5459 πλέομεν·
1247 5385 1485 5450 θάλασσα
1515 5386 1614 5462 γὰρ
1663 5387 1691 5438 ὁ
1729 5387 1842 5460 βίος
1873 5392 2032 5463 ἡμῶν

2143 4769 2365 4840 alligat,
2399 4774 2455 4823 et
2485 4769 2569 4822 sic
2601 4767 2860 4822 omnium
2896 4767 3132 4839 potitur.
3167 4769 3638 4825 Fundamentum
3679 4771 3795 4824 ita-

2141 4875 2251 4928 que
2309 4862 2448 4912 sunt
2504 4858 2649 4910 bona
2683 4873 2880 4928 opera,
2908 4861 3127 4911 tectum
3163 4857 3328 4918 lides.
3365 4859 3628 4912 fenestras
3660 4873 3794 4912 sen-

2141 4965 2263 5002 sus.
2299 4950 2402 5000 Per
2433 4945 2550 5000 haec
2583 4946 2779 5000 omnia
2809 4945 3024 5000 bellum
3056 4951 3243 5000 movet
3264 4947 3635 5002 adversarius
3657 4947 3791 5018 (87).

2141 5034 2528 5100 Quamobrem
2565 5034 2767 5088 multis
2827 5035 3012 5089 oculis
3076 5035 3251 5090 habet
3307 5051 3454 5105 opus
3511 5034 3613 5104 qui
3671 5034 3797 5089 vult

2141 5124 2390 5178 salutem
2443 5123 2742 5194 consequi.
2769 5124 2966 5195 Neque
2995 5125 3148 5178 enim
3185 5123 3277 5178 hic
3309 5140 3623 5194 possumus
3655 5140 3797 5178 cura

2139 5219 2198 5266 et
2227 5211 2622 5268 sollicitudine
2655 5214 2816 5266 vacui
2850 5229 3000 5280 esse,
3034 5213 3115 5267 ait
3170 5212 3387 5283 quippe
3442 5212 3745 5283 Scriptura
3777 5229 3790 5266 :

2142 5304 2247 5371 Qui
2268 5307 2376 5356 stat
2408 5301 2593 5356 videat
2626 5319 2691 5356 ne
2720 5304 2886 5357 cadat
2915 5304 2978 5337 "-

2212 5393 2298 5447 47.
2339 5393 2396 5445 In
2429 5391 2679 5446 obscuro
2715 5390 3060 5463 navigamus
3095 5409 3107 5449 :
3139 5391 3256 5446 vita
3287 5390 3503 5463 quippe
3533 5394 3734 5447 nostra
3758 5408 3792 5447 a

455 5571 499 5605 ⁶⁴
524 5569 727 5625 Matth.
761 5585 838 5635 ιι,
872 5568 958 5625 17.
1036 5567 1082 5603 ’⁵
1109 5566 1260 5623 Psal.
1293 5584 1487 5635 vam,
1516 5568 1570 5622 3.
1648 5569 1692 5604 ⁸⁸
1720 5569 1872 5627 PsaI.
1905 5588 1996 5644 xc,

2195 5571 2240 5609 ⁵⁷
2271 5572 2292 5627 Ι
2320 5569 2447 5627 Cor.
2479 5587 2535 5638 ι,
2569 5570 2656 5626 12.

463 5747 578 5820 (87)
610 5748 713 5804 Vit.
743 5747 852 5801 ρρ.
887 5745 926 5802 l.
959 5762 1013 5816 ν,
1048 5745 1135 5817 ιι,

679 5878 940 5934 ΡΑτιιοι..
990 5875 1098 5935 Gn.
1146 5876 1252 5935 XX
1267 5875 1419 5933 VIII.

2220 5749 2331 5821 (ea)
2368 5750 2469 5806 νει.
2503 5750 2613 5804 PP.
2649 5747 2684 5802 ι.
2721 5765 2771 5814 ν,
2811 5746 2895 5816 Il,
2927 5748 3013 5800 τις.

3442 5882 3520 5938 48
