4162 6370
380 376 535 437 1515

1540 381 1606 437 S.
1653 373 2179 435 ATIlANASlUS.
2211 406 2267 415 ——
2307 371 2616 437 SPURIA.

3645 378 3805 440 1516

376 525 541 564 sacro
572 512 807 564 cantore
836 507 1053 565 Davide
1083 524 1243 564 mare
1272 513 1362 564 est
1392 507 1702 580 appellata.
1762 507 1821 562 In
1880 506 2015 560 mari

2142 503 2245 557 ὑπὸ
2274 509 2370 558 τοῦ
2400 505 2549 581 ἱεροῦ
2579 504 2789 580 ψάλτου
2821 501 2987 561 Δαϐἶδ
3036 504 3268 583 εἷ’ρηται.
3318 507 3495 567 Ἀλλὰ
3543 518 3646 581 τῆς
3691 514 3792 568 θα-

378 616 547 669 porro
604 599 720 654 alia
776 597 900 655 loca
931 603 1069 654 sunt.
1098 604 1350 670 petrcsa,
1383 597 1498 653 alia
1528 595 1809 654 monstris
1841 595 2033 666 plena,

378 686 492 744 alia
520 687 856 761 tranquilla.
887 688 1006 744 Nos
1038 688 1095 743 in
1127 686 1443 760 tranquilla
1473 687 1657 743 maris
1685 690 1846 759 parte
1877 684 2031 741 vide-

379 794 512 831 mur
542 776 834 849 navigare;
855 775 1164 831 szecularos
1198 792 1327 831 vero
1359 774 1702 848 periculosis
1734 774 1790 829 in
1817 770 2028 845 plagis.

375 865 492 921 Nos
523 865 776 923 interdiu
811 866 1219 939 navigamus,a
1250 864 1370 921 sole
1392 864 1639 937 justitiae
1675 862 1813 919 recti
1845 866 1902 916 et
1931 862 2031 917 de-

374 955 569 1025 ducti;
603 955 687 1011 illi
719 962 897 1012 noctu
927 954 1262 1028 ignorantia
1289 957 1524 1010 ferente.
1579 953 1691 1010 Sed
1746 950 2033 1023 contingit

373 1047 720 1119 plerumque
752 1053 816 1103 ut
846 1046 1167 1116 saecularis,
1202 1047 1260 1101 in
1292 1050 1642 1118 tempestate
1674 1060 1739 1100 ac
1771 1041 2029 1099 tenebris

371 1135 648 1205 existens,
707 1136 1016 1192 clamando
1047 1139 1104 1190 et
1133 1133 1427 1207 vigilando
1460 1149 1666 1189 navem
1724 1134 2030 1188 conservet

372 1243 580 1294 suam;
627 1243 734 1282 nos
783 1243 913 1282 vero
945 1243 1048 1298 per
1078 1225 1366 1281 incuriam
1398 1222 1716 1296 tranquillo
1747 1221 1894 1277 mari
1929 1220 2026 1275 de-

372 1330 729 1388 mergamur,
761 1315 980 1372 amisso
999 1312 1247 1386 justitiw
1277 1313 1458 1370 clavo.

445 1523 532 1578 48.
567 1524 673 1591 Qui
697 1527 806 1579 stat
835 1522 1034 1595 igitur,
1070 1521 1252 1578 videat
1298 1536 1366 1575 ne
1411 1519 1590 1576 cadat.
1652 1516 1761 1582 Qui
1819 1516 2028 1572 cecidit.

370 1614 526 1669 enim
562 1630 739 1669 unam
770 1611 945 1668 habet
973 1628 1199 1680 curam,
1233 1616 1298 1666 ut
1328 1610 1552 1666 scilicet
1582 1611 1867 1679 resurgat.
1915 1605 2023 1671 Qui

367 1719 501 1758 vero
545 1706 684 1770 stat,
714 1707 912 1757 caveat
936 1700 1050 1756 sibi
1082 1716 1155 1755 ne
1186 1700 1377 1755 cadat.
1414 1698 1564 1754 Varii
1594 1712 1852 1767 namque
1883 1700 2025 1751 sunt

367 1792 676 1856 casus.Qui
704 1789 1042 1845 ceciderunt
1069 1789 1226 1844 enim
1263 1805 1377 1843 non
1410 1786 1563 1841 ultra
1592 1784 1831 1858 quidem
1862 1786 2024 1838 stant

2144 589 2349 665 λάσσης
2380 595 2447 648 τὰ
2479 595 2575 668 μέν
2599 594 2700 651 εἰσι
2733 594 3010 673 πετρώδη,
3041 596 3108 652 τὰ
3138 594 3196 652 δὲ
3225 598 3315 654 καὶ
3350 599 3554 675 θηρίων
3573 598 3797 677 πλήρη,

2140 682 2257 737 τινὰ
2289 679 2346 737 δὲ
2375 682 2464 737 καὶ
2494 682 2727 760 γαληνά.
2758 687 2950 759 Ἡμεῖς
2986 684 3038 741 έν
3086 690 3167 759 τῷ
3215 686 3447 763 γαληνῷ
3500 689 3653 765 μέρει
3698 696 3802 760 τῆς

2142 768 2420 843 θαλάσσης
2449 770 2713 847 δοκοῦμεν
2748 775 2932 831 πλέειν
2964 776 3015 830 οἱ
3049 772 3107 830 δὲ
3135 777 3395 850 κοσμικοὶ
3430 776 3481 833 ἐν
3535 776 3799 834 κινδυνώ-

2142 856 2273 915 δεσιν
2328 861 2417 915 καὶ
2465 864 2631 935 ἡμεῖς
2693 864 2788 937 μὲν
2847 865 3057 940 ἡμέρας
3088 862 3330 938 πλέομεν
3369 866 3472 922 ὑπὸ
3499 872 3599 923 τοῦ
3630 867 3799 937 ἡλίου

2137 955 2237 1018 τῆς
2271 947 2619 1023 δικαιοσύνης
2651 950 3037 1028 ὁδηγούμενοι,
3071 953 3267 1010 ἐκεῖνοι
3298 953 3356 1010 δὲ
3403 956 3455 1010 ἐν
3486 957 3660 1028 νυκτὶ,
3696 959 3799 1014 ὑπὸ

2137 1044 2236 1107 τῆς
2282 1039 2549 1116 ἀγνωσίας
2609 1041 2920 1120 φερόμενοι.
2984 1041 3145 1099 Ἀλλ’
3195 1040 3469 1120 ἐνδέχεται
3520 1043 3797 1109 πολλάκις

2136 1127 2229 1182 τὸν
2275 1130 2540 1203 κοσμικὸν
2591 1128 2645 1186 ἐν
2696 1136 2935 1207 χειμῶνι
2981 1133 3072 1188 καὶ
3120 1133 3173 1189 ἐν
3222 1134 3399 1189 σκότει
3428 1134 3795 1211 τυγχάνοντα,

2143 1217 2417 1292 βοήσαντα
2455 1218 2543 1274 καὶ
2575 1219 3016 1295 ἀγρυπνήσαντα,
3048 1227 3216 1278 σῶσαι
3248 1223 3311 1278 τὸ
3345 1224 3538 1278 ἑαυτοῦ
3571 1224 3791 1300 σκάφος*

2136 1308 2284 1379 ἡμᾶς
2332 1304 2388 1363 δὲ
2419 1306 2471 1363 ἐν
2520 1309 2755 1385 γαλήνῃ,
2790 1310 2894 1366 ὑπὸ
2923 1310 3181 1386 ἀμελείας
3217 1312 3560 1388 βυθισθῆναι,
3592 1314 3656 1369 τὸ
3685 1335 3791 1386 πη-

2138 1392 2328 1452 δάλιον
2359 1404 2461 1468 τῆς
2490 1395 2839 1471 δικαιοσύνης
2871 1399 3116 1479 ἀφέντας.

2208 1534 2296 1588 48.
2353 1531 2613 1589 Βλεπέτω
2669 1535 2744 1589 ὧν
2803 1536 2833 1590 ὁ
2885 1537 3099 1606 στήκων
3164 1537 3241 1609 μή
3318 1537 3475 1610 πέσῃ.
3552 1538 3614 1595 Ὀ
3694 1538 3791 1611 μὶν

2132 1621 2234 1695 γὰρ
2264 1621 2443 1675 πεσὼν
2500 1622 2625 1696 μίαν
2673 1621 2790 1699 ἔχει
2840 1622 3119 1702 φροντίδα,
3167 1629 3264 1680 τοῦ
3311 1626 3629 1695 ἀναστῆναι·
3674 1627 3704 1679 ὁ
3738 1624 3798 1682 δὲ

2134 1710 2348 1780 στήκων
2419 1708 2770 1788 φυλαττέσθω
2840 1717 2939 1768 τοῦ
3008 1715 3085 1787 μὴ
3137 1719 3341 1771 πεσεῖν.
3395 1715 3492 1771 Καὶ
3563 1714 3669 1791 γὰρ
3730 1716 3799 1772 τὰ

2134 1800 2552 1875 παραπτώματα
2583 1798 2835 1877 διάφορα·
2869 1804 2923 1857 οἱ
2977 1803 3073 1876 μὶν
3103 1804 3205 1879 γὰρ
3248 1803 3504 1866 πεσόντες
3550 1808 3648 1859 τοῦ
3699 1806 3797 1877 μὲν

367 1881 567 1947 erecti;
599 1881 700 1935 sed
732 1886 928 1935 tamen
947 1880 1356 1950 jacentes,non
1391 1876 1643 1931 multum
1673 1877 2015 1945 acceperunt

2132 1888 2347 1955 στήκειν
2398 1886 2732 1963 ἐστέρηνται’
2785 1890 3020 1964 κείμενοι
3069 1876 3244 1960 δέ,ὀύ
3275 1892 3413 1947 πάνυ
3440 1914 3495 1947 τι
3546 1876 3790 1964 ἐϐλαϐη-

369 1969 593 2025 damni.
627 1969 733 2036 Qui
766 1973 884 2024 stat
916 1974 1137 2034 autem,
1172 1984 1243 2023 ne
1275 1967 1560 2038 despiciat
1588 1982 1723 2021 eum
1776 1964 1877 2034 qui
1936 1961 2019 2019 la-

370 2077 514 2132 psus
572 2064 680 2126 est,
727 2061 825 2115 sed
862 2058 1201 2113 reformidet
1229 2073 1303 2113 ne
1332 2057 1627 2127 collapsus
1656 2062 1713 2109 et
1743 2055 1866 2125 ipse
1898 2069 2027 2125 per-

369 2155 483 2218 eat,
520 2166 659 2205 neve
708 2151 766 2204 in
815 2148 1080 2205 altiorem
1139 2164 1203 2204 se
1258 2147 1593 2219 voraginem
1656 2143 2023 2217 praecipitet:

370 2239 470 2295 ubi
502 2241 650 2295 forte
677 2240 974 2308 continget.
1001 2244 1065 2292 ut
1095 2238 1251 2309 putei
1287 2236 1681 2309 profunditate
1709 2233 2025 2289 clamorem

366 2334 702 2401 superante,
737 2346 807 2383 ne
840 2333 1031 2398 petere
1061 2327 1298 2398 quidem
1332 2325 1520 2397 possit
1550 2322 1855 2378 auxilium.
1876 2321 2023 2376 Nam

367 2418 523 2476 026
546 2420 753 2487 justus
782 2417 863 2472 ait
894 2433 908 2471 :
940 2420 1020 2474 Ne
1047 2416 1329 2470 absorbeat
1374 2431 1463 2468 me
1517 2410 1874 2484 profundum,
1930 2425 2024 2465 ne-

365 2523 468 2579 que
523 2513 720 2578 urgeat
752 2522 917 2577 super
943 2521 1029 2560 me
1055 2513 1248 2576 patens
1278 2519 1334 2559 os
1365 2519 1528 2558 suum
1556 2501 1621 2556 θε.
1657 2502 1763 2567 Qui
1797 2499 2025 2571 primus

364 2595 592 2668 cecidit,
612 2593 1128 2665 mansit.Prospice
1157 2593 1261 2648 tibi
1295 2609 1366 2647 ne
1388 2589 2022 2661 delapsus,belluurum

365 2685 533 2741 cibus
564 2686 798 2741 evadas.
831 2683 940 2750 Qui
969 2685 1124 2739 cadit
1153 2684 1365 2738 domus
1397 2684 1549 2737 fores
1597 2697 1713 2735 non
1762 2680 2018 2734 obserat.

364 2779 475 2846 Tu,
523 2779 787 2850 inquam,
820 2774 1158 2831 nullatenus
1186 2773 1501 2840 dormites;
1534 2772 1633 2825 sed
1669 2784 1902 2840 semper
1931 2770 2019 2822 di-

367 2869 567 2924 vinum
628 2866 772 2922 illud
828 2865 1050 2920 dictum
1110 2863 1459 2919 modulare:
1503 2861 1781 2915 litamina
1839 2859 2022 2914 oculos

365 2976 511 3017 meos
536 2975 607 3014 nc
634 2972 881 3028 unquam
908 2953 1255 3009 obdormiam
1284 2956 1343 3007 in
1376 2958 1544 3007 morte
1573 2951 1636 3003 9°.
1668 2948 1859 3020 Vigila
1879 2964 2017 3003 con-

364 3050 530 3106 tinue
561 3052 797 3120 propter
822 3061 957 3100 eum
990 3043 1091 3115 qui
1118 3049 1399 3114 tanquam
1432 3040 1522 3096 leo
1553 3039 1732 3112 rugit.

434 3167 523 3222 49.
554 3164 746 3220 Verba
774 3161 979 3219 isthaac
1008 3161 1065 3214 in
1102 3161 1211 3216 hoc
1242 3164 1384 3215 sunt
1413 3158 1602 3229 utilia,
1637 3162 1703 3212 ut
1753 3174 1865 3213 non
1923 3172 2017 3212 ex-

2140 1995 2255 2030 σαν.
2288 1975 2344 2029 Ὁ
2376 1972 2434 2030 δέ
2464 1977 2632 2040 ἑστὼς
2667 1979 2743 2051 μὴ
2777 1977 3097 2049 εὐτελιζέτω
3125 1981 3217 2035 τὸν
3268 1980 3613 2055 πεπτωκότα,
3660 1981 3795 2038 ἆΛλ’

2139 2062 2323 2117 ἑαυτὸν
2357 2060 2651 2142 φοϐείσθω,
2688 2069 2970 2151 μήθπεσὼν
3013 2066 3306 2147 διαφθαρῇ,
3353 2070 3444 2125 καὶ
3494 2070 3574 2134 εἰς
3621 2071 3796 2126 κατώ-

2133 2172 2290 2228 τερον
2339 2151 2553 2228 ἀπέλθῃ
2618 2150 2835 2231 βόθρον.
2892 2157 3055 2220 Εἰκὸς
3112 2158 3234 2235 γὰρ,
3284 2160 3374 2214 καὶ
3420 2166 3522 2228 τῆς
3549 2166 3796 2235 κραυγῆς

2134 2241 2465 2312 ἡττηθείσης
2498 2243 2601 2298 ὑπὸ
2630 2248 2724 2299 τοῦ
2759 2244 2956 2320 βάθους
2982 2251 3081 2301 τοῦ
3110 2249 3363 2324 φρέατος,
3410 2248 3487 2319 μὴ
3534 2248 3791 2323 βοήθειαν

2134 2330 2373 2399 αἰτῆσαι.
2435 2333 2579 2401 Φησὶ
2629 2334 2732 2409 γὰρ
2783 2335 2812 2388 6
2863 2331 3090 2398 δίκαιος·
3127 2337 3215 2405 Μὴ
3244 2338 3556 2392 καταπιέτω
3590 2357 3659 2409 με
3691 2338 3788 2413 βυ-

2134 2418 2250 2482 θὸς,
2315 2417 2454 2492 μηδέ
2502 2422 2751 2498 συσχέτω
2825 2421 2907 2477 ἐπ’
2966 2422 3063 2495 ἐμὲ
3119 2425 3288 2500 φρέαρ
3344 2425 3409 2480 τὸ
3465 2424 3645 2497 στόμα
3694 2425 3792 2480 αὖ·

2128 2512 2247 2565 τοῦ.
2305 2509 2365 2564 Ὁ
2423 2514 2639 2582 πρῶτος
2698 2510 2874 2565 πεσὼν
2934 2507 3167 2585 ἔμεινεν.
3227 2515 3365 2589 Ὅρα
3419 2514 3665 2581 σεαυτὸν,
3703 2515 3781 2586 μή

2130 2598 2443 2653 καταπεσὼν
2476 2598 2567 2653 καὶ
2599 2598 2661 2652 σὺ
2694 2600 2845 2670 θοίνη
2899 2601 3103 2677 θηρίων
3151 2601 3294 2678 γένῃ.
3347 2603 3405 2657 Ὀ
3452 2603 3631 2658 πεσὼν
3684 2601 3786 2659 οὐκ

2130 2685 2477 2764 ἀσφαλίζεται
2530 2689 2631 2756 τὴν
2684 2688 2869 2765 θύραν·
2930 2689 2992 2743 σὺ
3060 2687 3118 2744 δὲ
3178 2688 3442 2763 μηδόλως
3499 2692 3783 2766 νυστάξῃς’

2128 2772 2257 2828 ἀλλ’
2287 2775 2459 2831 ἀεὶτὸ
2490 2781 2630 2839 θεῖον
2661 2775 2832 2832 ἐκέῖνο
2888 2776 3123 2851 μελῴδει
3192 2779 3379 2855 ῥητὸν,
3437 2780 3502 2835 τὸ
3554 2780 3780 2859 φάσκον

2130 2864 2377 2918 Φώτισον
2424 2865 2553 2927 τοὺς
2601 2864 2918 2943 ὀφθαλμούς
2977 2888 3103 2938 μου,
3159 2870 3233 2940 μή
3280 2889 3414 2925 ποτε
3437 2870 3670 2925 ὑπνώσω
3702 2869 3781 2933 εἷς

2127 2950 2373 3010 θάνατον.
2426 2954 2713 3030 Ἀγρύπνει
2764 2951 2822 3010 δὲ
2869 2953 3129 3026 διηνεκῶς
3180 2954 3269 3011 διὰ
3314 2959 3408 3013 τὸν
3462 2957 3778 3036 ὠρυόμενον

2128 3039 2341 3099 λέοντα.

2198 3176 2286 3230 49.
2317 3179 2492 3230 Ταῦτα
2519 3177 2587 3231 τὰ
2629 3175 2849 3253 ῥήματα
2898 3177 3143 3235 συντελεῖ
3188 3179 3324 3257 πρὸς
3369 3180 3434 3236 τὸ
3483 3183 3561 3256 μὴ
3621 3182 3781 3257 ὑπερ-

358 3256 655 3313 tollamur.
691 3254 795 3318 Qui
829 3250 1058 3317 cecidit,
1089 3249 1136 3304 si
1163 3253 1535 3305 convertatur
1564 3252 1622 3302 et
1650 3247 2015 3317 ingemiscat,

2131 3262 2393 3337 αἴρεσθαι.
2451 3265 2513 3323 Ὁ
2570 3267 2745 3321 πεσὼν
2812 3266 2863 3321 ἐν
2912 3272 2992 3340 τῷ
3032 3266 3347 3347 ὶπιστρέψαι
3395 3269 3486 3326 καὶ
3535 3247 3779 3344 στενάξαι

360 3343 608 3399 salutem
644 3338 1037 3396 nanciscetur.
1074 3337 1348 3407 Prospice
1375 3336 1505 3405 tibi,
1539 3352 1662 3406 qua:
1695 3341 1838 3389 stas.
1900 3334 2016 3388 Du-

363 3433 493 3506 plex
540 3432 645 3487 tibi
709 3429 958 3486 formido
1001 3427 1202 3493 instat,
1237 3432 1340 3481 aut
1368 3425 1591 3481 scilicet
1621 3442 1691 3480 ne
1725 3426 1792 3479 nd
1823 3430 2020 3480 vetera

356 3522 687 3592 revertaris,
721 3521 781 3575 in
812 3526 872 3575 te
905 3520 1165 3574 irruente
1223 3523 1459 3588 propter
1512 3517 1840 3572 socordiam
1902 3516 2014 3570 ini-

353 3612 527 3680 mico,
555 3615 657 3665 aut
677 3624 749 3664 ne
778 3608 933 3662 inter
962 3608 1319 3663 currendum
1352 3605 1769 3677 supplanteris.
1803 3604 2017 3659 Adver-

354 3703 550 3758 sariI'Js
580 3701 799 3772 quippe
830 3703 1029 3754 noster
1058 3698 1351 3764 diabolus,
1385 3696 1468 3751 vel
1520 3714 1554 3751 a
1605 3700 1766 3768 tergo
1826 3697 1892 3751 ad
1953 3711 2017 3751 se

354 3790 660 3864 pertrahit,
693 3805 829 3843 cum
861 3788 1174 3842 tardiorem
1206 3802 1563 3858 segnemque
1595 3785 1852 3840 animam
1886 3800 2015 3840 con-

356 3879 631 3951 spexerit.
663 3877 801 3940 Quae
834 3877 881 3930 si
916 3875 1184 3931 videatur
1228 3874 1482 3946 diligens
1540 3891 1605 3930 ac
1662 3879 1899 3930 strenua
1952 3874 2012 3929 in

354 3966 609 4023 ascetica
638 3964 966 4034 vita,calide
988 3967 1044 4017 et
1061 3963 1285 4017 occulte
1306 3963 1490 4035 serpit
1520 3980 1621 4036 per
1650 3981 1716 4019 su
1726 3965 2011 4042 perbiam,

354 4060 531 4126 atque
585 4053 671 4109 ita
718 4053 989 4107 funditus
1022 4051 1212 4124 perdit
1240 4067 1392 4107 eam.
1428 4053 1554 4107 Haec
1584 4052 1855 4108 illecebra
1886 4071 2008 4109 om-

351 4144 516 4200 nium
547 4141 837 4198 malorum
863 4141 1136 4195 ultimum
1155 4144 1243 4195 est
1262 4157 1328 4195 ac
1347 4142 1829 4211 supremum.Per
1845 4142 2005 4198 illam

349 4232 619 4289 diabolus
651 4232 913 4303 dejectus
946 4231 1072 4299 fuit,
1107 4247 1208 4302 per
1237 4231 1502 4286 eamdem
1538 4231 1842 4287 hominum
1888 4236 2005 4289 for-

345 4323 613 4379 tissimos
642 4337 974 4393 expugnare
1016 4325 1220 4375 tentat.
1281 4321 1785 4385 Quemadmodum
1848 4326 2002 4379 enim

346 4413 743 4470 strenuissimi
800 4411 1036 4477 milites,
1097 4415 1405 4482 postquam
1460 4412 1689 4469 minora
1717 4413 1832 4469 tela
1862 4432 2004 4470 con-

346 4506 751 4576 sumpserunt,
784 4500 836 4556 si
867 4500 1060 4555 adhuc
1092 4506 1341 4572 urgeant
1365 4501 1702 4566 adversarii,
1756 4504 2001 4559 fortissi-

2128 3354 2451 3423 σωθήσεται.
2483 3355 2625 3430 *Ὀρα
2655 3354 2716 3411 σὺ
2749 3357 2949 3425 σαυτὴν
2977 3359 3012 3428 ἡ
3046 3360 3338 3429 στήκουσα.
3384 3358 3622 3423 Διπλοῢς
3673 3361 3781 3436 γὰρ

2130 3461 2212 3495 σοι
2246 3443 2274 3497 6
2306 3437 2475 3521 φόϐος
2501 3442 2782 3514 ἐπίκειται,
2816 3447 2851 3515 ἢ
2883 3450 2980 3501 τοῦ
3016 3447 3091 3521 μὴ
3144 3446 3461 3524 ἐπιπρέψαι
3518 3449 3654 3526 πρὸς
3711 3449 3784 3506 τὰ

2129 3530 2352 3605 ἀρχαῖα,
2386 3528 2457 3586 δι’
2488 3531 2781 3610 ὀλιγωρίας
2815 3555 2899 3589 σοι
2928 3532 3024 3590 τοῦ
3060 3536 3264 3613 ἐχθροῦ
3281 3539 3717 3615 προσπεσόπτος,
3738 3539 3777 3610 ἢ

2125 3621 2330 3704 τοῦ,μὴ
2362 3620 2662 3695 τρέχουσαν
2696 3622 3066 3693 σκελισθῆναι.
3117 3628 3170 3679 '0
3219 3626 3323 3704 γὰρ
3370 3625 3569 3703 ἐχθρὸς
3612 3631 3777 3701 ἡμῶν

2127 3702 2378 3764 διάϐολοι
2409 3708 2444 3780 ἢ
2478 3704 2693 3765 ὄπισθεν
2723 3707 2869 3767 ἕλκει
2901 3713 3039 3789 πρὸς
3090 3702 3301 3784 ἑαυτὸν,
3352 3702 3587 3787 ὁπηνίκα
3639 3718 3776 3794 βρα-

2126 3794 2269 3852 δεῖαν
2323 3798 2411 3853 καὶ
2471 3800 2683 3877 νωθράν
2726 3801 2826 3870 τήν
2874 3803 3059 3878 ψυχὴν
3112 3804 3387 3876 θεάσηται⁹
3436 3806 3473 3877 ἢ
3510 3803 3773 3864 δοκοῦσαν

2123 3885 2289 3956 αὐτὴν
2350 3885 2641 3943 σπουδαίαν
2702 3890 2834 3945 εἶναι
2883 3891 2973 3946 καὶ
3031 3891 3285 3949 ἐπίπονον
3335 3894 3470 3971 πρὸς
3521 3895 3774 3969 ἄσκησιν,

2123 3974 2492 4053 ἐπεισέρχεται
2525 3975 2737 4042 λεπτῶς
2768 3979 2857 4034 καὶ
2889 3982 3278 4057 κεκρυμμένως
3330 3980 3418 4038 διὰ
3465 3991 3566 4054 τῆς
3610 3985 3774 4060 ὑπερ-

2120 4064 2372 4139 ηφανίας*
2426 4067 2515 4122 καὶ
2566 4066 2739 4131 οὕτως
2771 4066 3066 4145 αὔτανδρον
3124 4073 3225 4141 τὴν
3257 4073 3440 4149 ψυχὴν
3472 4072 3772 4132 ἀπόλλυσι.

2117 4159 2286 4210 Τοῦτο
2334 4157 2394 4210 τὸ
2451 4155 2621 4212 ὅπλον
2685 4156 2913 4234 ἔσχατον
2973 4160 3063 4215 καὶ
3094 4163 3521 4240 κορυφαιότατον
3552 4163 3774 4220 πάντων

2117 4242 2228 4299 ἐστὶ
2258 4249 2364 4299 τῶν
2396 4250 2597 4301 κακῶν.
2631 4247 2717 4317 Ἐξ
2747 4246 2912 4303 αὐτοῦ
2945 4248 2972 4302 ὁ
3032 4245 3290 4313 διάϐολος
3336 4246 3771 4324 καταϐέϐληται,

2114 4333 2202 4387 καὶ
2261 4330 2331 4387 δι’
2377 4334 2546 4389 αὐτοῦ
2582 4334 2709 4398 τοὺς
2742 4333 3141 4412 δυνατωτέρους
3173 4343 3281 4395 τῶν
3314 4340 3612 4417 ἀνθρώπων
3645 4363 3769 4399 πει-

2115 4427 2269 4496 ρᾶται
2327 4428 2623 4497 καθαιρεῖν.
2685 4427 2887 4499 Ὥσπερ
2946 4429 3052 4503 γὰρ
3085 4429 3138 4482 οἱ
3169 4425 3465 4485 δεινότατοι
3495 4435 3602 4486 τῶν
3661 4452 3768 4488 πο-

2114 4508 2410 4583 λεμιστῶν,
2442 4515 2577 4584 μετὰ
2603 4513 2666 4568 τὸ
2700 4511 3000 4585 δαπανῆσαι
3029 4517 3098 4571 τὰ
3137 4514 3436 4593 λεπτότερα
3492 4518 3650 4596 βέλη,
3702 4524 3771 4577 τὸ

345 4608 510 4648 mum
542 4589 834 4657 omnium,
869 4587 1216 4644 machaeram
1253 4587 1496 4654 scilicet,
1527 4590 1808 4653 educunt;
1835 4590 1917 4647 ita
1947 4602 2003 4647 et

2129 4604 2402 4669 τηνικαῦτα
2468 4596 2544 4656 ἔτι
2613 4599 3050 4678 ἐπικρατούντων
3108 4610 3216 4661 τῶν
3277 4612 3570 4684 μαχητῶν,
3628 4631 3768 4685 προ-

344 4679 612 4735 diabolus
647 4683 958 4751 postquam
992 4682 1212 4749 priores
1244 4678 1480 4748 laqueos
1503 4679 1999 4751 suosinsumpsit,

342 4775 471 4825 tum
501 4770 741 4824 demum
774 4772 1072 4840 postremo
1105 4768 1289 4822 utitur
1317 4767 1532 4840 gladio,
1565 4768 1844 4823 nimirum
1895 4787 2001 4824 su-

344 4860 563 4932 perbia.
624 4857 873 4922 Quinam
931 4862 1129 4913 autem
1162 4858 1319 4913 fuere
1351 4858 1574 4930 priores
1605 4859 1734 4930 ejus
1764 4858 2002 4932 laquei?

341 4950 494 5005 Sane
522 4947 679 5021 gula,
712 4946 1005 5018 voluptas,
1037 4946 1439 5002 fornicatio.Hi
1476 4964 1732 5018 namque
1765 4950 1997 5020 potissi-

342 5054 505 5093 mum
565 5038 813 5108 spiritus
864 5034 1182 5106 juvenilem
1245 5041 1470 5091 aetatem
1514 5038 1840 5095 infestant:
1877 5038 2000 5095 haec

338 5131 802 5197 consequuntur,
826 5125 1087 5196 pecunim
1110 5125 1541 5193 amor,avaritia
1564 5130 1620 5180 et
1642 5126 1733 5181 his
1757 5128 1994 5185 similia.

337 5218 551 5275 Misera
580 5234 716 5290 ergo
748 5218 967 5281 anima,
1002 5218 1098 5270 ubi
1136 5216 1310 5271 hosce
1361 5217 1603 5289 laqueos
1662 5220 1994 5289 declinavit,

334 5316 648 5384 postquam
681 5315 943 5365 ventrem
973 5310 1285 5379 continuit,
1312 5316 1619 5382 postquam
1650 5313 1832 5368 ventri
1862 5315 1996 5369 sub-

328 5401 518 5471 jectas
548 5397 905 5470 cupiditates
938 5413 1042 5469 per
1071 5396 1415 5468 pudicitiam
1447 5400 1783 5471 transilivit,
1836 5407 1994 5474 post-

407 5686 452 5724 ”
481 5684 638 5743 Psal.
671 5701 865 5752 uvut,
899 5685 987 5740 16.
1062 5687 1108 5724 θ’
1138 5686 1290 5745 Psal.
1320 5706 1423 5761 xu,
1454 5692 1505 5749 4.

2112 4682 2415 4743 ϐάλλονται
2446 4690 2545 4759 τήν
2573 4689 2928 4768 ἰσχυροτέραν
2976 4694 3190 4750 πάντων
3244 4682 3539 4772 μάχαιραν·
3591 4682 3768 4763 οὕτως

2109 4778 2198 4832 καὶ
2233 4778 2260 4831 ὁ
2293 4774 2573 4848 διάϐολος,
2608 4782 2741 4853 μετά
2785 4782 2847 4837 τὸ
2896 4787 3087 4860 πρῶτα
3133 4784 3298 4840 αὐτοῦ
3345 4783 3765 4859 ἀποδαπανῆσαι

2110 4862 2395 4943 ἄγκιστρα,
2425 4867 2549 4924 τότε
2576 4873 2655 4942 τῷ
2685 4868 2982 4944 τελευταιῳ
3020 4878 3218 4948 χρᾶται
3269 4874 3429 4953 ξίφει,
3478 4879 3546 4950 τῇ
3598 4877 3767 4955 ὑπερ-

2109 4956 2324 5033 ηφανίᾳ.
2384 4957 2532 5020 Τίνες
2600 4955 2657 5013 δὲ
2701 4959 2837 5028 ἦσαν
2898 4958 3062 5015 αὐτοῦ
3129 4961 3183 5016 αἱ
3228 4967 3439 5038 πρῶται
3501 4961 3761 5041 παγίδες;

2108 5043 2313 5114 Δῆλον,
2348 5045 2424 5108 ὡς
2463 5046 2887 5123 γαστριμαργία,
2922 5047 3237 5126 φιληδονία,
3291 5050 3533 5123 πορνεία.
3583 5058 3764 5110 Ταῦτα

2104 5133 2205 5209 γὰρ
2240 5132 2476 5207 μάλιστα
2525 5136 2591 5191 τὰ
2620 5134 2902 5209 πνεύματα
2933 5135 3020 5192 ἐπὶ
3069 5142 3177 5193 τῶν
3235 5145 3570 5217 νεωτερικῶν
3628 5140 3758 5212 ἠλί-

2104 5226 2237 5276 κιῶν
2315 5218 2720 5296 συμϐαίνουσιν.
2789 5223 3186 5291 Ἐπακολουθεῖ
3251 5225 3309 5283 δὲ
3361 5227 3577 5293 τούτοις
3632 5228 3761 5311 φιλ-

2106 5315 2356 5390 αργυρία,
2389 5315 2788 5388 πλεονεξία,καὶ
2817 5317 2882 5372 τὰ
2910 5317 3127 5381 τούτοις
3156 5318 3344 5393 ὃμοια.
3379 5322 3444 5379 Ἥ
3477 5319 3571 5377 οὖν
3593 5322 3765 5388 ἀθλία

2105 5404 2282 5479 ψυχὴ,
2316 5402 2441 5459 ὅταν
2472 5403 2679 5460 τούτων
2720 5409 2827 5461 τῶν
2869 5408 3052 5461 παθῶν
3093 5406 3467 5485 περιγένηται,
3520 5408 3763 5483 ὁπηνίκα
