4162 6366
417 423 563 482 1517

1576 423 1752 482 νιΤΑ
1803 421 2130 484 ΒΑΝΟΤΕ
2175 424 2684 485 SYNCLE'I‘ICIE

3672 425 3830 486 1518

408 554 634 627 γαστρὸς
692 555 958 627 κρατήσῃ,
1007 553 1095 607 ὅτε
1141 555 1229 607 καὶ
1277 555 1370 615 τὰς
1420 552 1813 628 ὑπογαστρίους
1857 551 2061 622 ἡδονάς

2180 575 2356 627 quam
2409 562 2712 627 argentum
2748 557 3041 628 despexit;
3094 562 3232 612 tunc
3285 557 3573 613 malorum
3626 559 3829 613 artifex

413 639 772 715 ὑπερπηδήσῃ
823 647 889 715 τῇ
941 643 1252 714 σεμνότητι,
1304 643 1393 697 ὅτε
1453 643 1710 718 ἀργυρίου
1771 664 2009 720 καταφρο
2045 677 2066 685 -

409 733 566 804 νήσῃ·
617 731 739 786 τότε
786 733 1123 807 πανταχόθεν
1157 734 1183 786 6
1216 732 1524 809 κακόφρων.
1579 733 1896 804 ἀπορηθεὶς,
1941 733 2068 786 ὑπο-

410 817 602 874 ϐάλλει
634 824 701 893 τῇ
743 824 897 895 ψυχῇ
949 820 1175 876 ἄτακτον
1231 821 1462 891 κίνησιν·
1503 821 1778 895 μεγεθῦνει
1825 821 1925 896 γὰρ
1975 820 2066 873 αὖ-

407 911 506 977 τὴν
566 909 822 984 ἀπρεπῶς
879 911 1013 964 κατὰ
1069 909 1174 964 τῶν
1235 909 1482 986 ἀδελφῶν
1546 908 1871 982 ἐπαίρεσθαι.
1927 909 2068 984 Βαρὺ

409 998 496 1052 καὶ
533 996 780 1073 όλὲθριον
807 1004 967 1053 τοῦτο
993 1004 1089 1052 τοῦ
1120 999 1324 1073 Ξχθροῦ
1347 1000 1408 1052 τὸ
1441 996 1504 1068 δη
1519 996 2068 1072 λητάριονΠολλους

409 1086 619 1162 ἀθρόως
680 1087 730 1141 ἐν
786 1088 965 1160 τούτῳ
1025 1088 1274 1147 σκοτίσας
1336 1082 1630 1141 κατέϐαλεν
1671 1131 1682 1143 .
1742 1081 2067 1142 Ὑποόάλλει

406 1177 506 1251 γάρ
536 1181 605 1249 τῇ
639 1176 790 1251 ψυχῇ
839 1175 1044 1231 ἔννοιαν
1096 1176 1253 1230 νόθον
1305 1176 1393 1230 καὶ
1447 1175 1845 1252 θανατηφόρον.
1884 1182 2067 1229 Κατει-

407 1263 632 1342 ληιρέναι
687 1268 790 1341 γάρ
839 1264 996 1320 αὺτὸν
1049 1267 1294 1343 1ραντάζει
1347 1267 1413 1319 τά
1464 1266 1609 1338 παρὰ
1667 1270 1783 1326 τοῖς
1834 1263 2067 1325 πολλοῖς

404 1354 855 1427 ἀγνοούμενα,καὶ
888 1353 968 1409 ὅτι
995 1355 1044 1410 ὲν
1082 1354 1352 1424 νηστείαις
1387 1349 1725 1426 ὑπερϐάλλει
1752 1373 1761 1382 ·
1801 1355 1889 1407 καὶ
1921 1351 2068 1421 πλῆ-

404 1447 495 1505 θος
556 1444 700 1515 αὐτῷ
756 1441 1258 1519 ἀνδραγαθημάτων
1309 1444 1674 1517 προστίθησι·
1739 1443 1953 1497 πάντων
2012 1440 2070 1496 δὲ

408 1533 481 1585 ὧν
515 1531 754 1607 ἥμαρτεν
785 1532 860 1594 εἰς
890 1532 1067 1602 λήθην
1100 1533 1257 1587 αὐτὸν
1292 1534 1461 1609 φὲρει,
1495 1533 1632 1603 πρὸς
1686 1533 1745 1586 τὸ
1798 1532 1933 1585 κατὰ
1960 1535 2068 1584 τῶν

409 1622 673 1675 συνόντων
717 1621 1045 1697 ἐπαίρεσθαι.
1094 1620 1443 1676 Ὑποκλὲπτει
1487 1623 1588 1695 γὰρ
1639 1622 1805 1674 αὐτοῦ
1861 1619 1923 1673 ἐκ
1970 1624 2067 1673 τοῦ

408 1715 503 1763 νου
559 1711 625 1764 τά
678 1708 1160 1782 πλημμελήματα·
1196 1711 1256 1765 οὐ
1302 1712 1434 1785 πρὸς
1488 1709 1754 1786 ὠφέλειαν
1807 1707 1864 1762 δὲ
1904 1707 2066 1762 αὐτοῦ

406 1804 567 1853 τοῦτο
599 1804 766 1866 ποιεῖ,
804 1797 948 1853 ἀλλᾶ
977 1801 1111 1873 πρὸς
1139 1801 1200 1854 τὸ
1254 1801 1329 1871 μὴ
1383 1796 1675 1868 δυνηθῆναι
1710 1798 1866 1853 αὐτὸν
1900 1797 2067 1852 εἰπεῖν

407 1889 505 1954 τὴν
538 1889 786 1961 ἱατρικὴν
819 1887 1026 1957 ἐκείνην
1076 1890 1280 1965 φωνὴν,
1328 1889 1413 1958 τὸ,
1456 1890 1552 1942 Σοὶ
1589 1888 1741 1959 μόνῳ
1789 1887 2058 1961 ἥμαρτον.
2095 1923 2140 1987 Β

411 1976 635 2047 ἐλέησόν
699 1998 764 2044 με
798 2018 809 2030 .
872 1975 1005 2031 Οὔτε
1068 1979 1177 2048 μην
1234 1979 1580 2052 συγχωρήσει
1639 1975 1784 2047 αὐτῷ
1838 1974 2058 2051 λέγειν,

414 2065 926 2141 Ἐξομολογήσομαί
985 2087 1109 2133 σοι,
1173 2066 1353 2138 Κύριε,
1413 2065 1463 2120 ἐν
1523 2064 1626 2138 ὅλῃ
1681 2062 1875 2140 καρδίᾳ
1937 2084 2060 2135 μου.

413 2154 569 2210 Ἀλλ’
629 2155 808 2228 ὥσπερ
854 2155 1012 2216 αὐτὸς
1071 2157 1206 2210 κατὰ
1264 2153 1502 2209 διάνοιαν
1550 2155 1663 2209 εἶπε
1709 2153 1790 2207 τό·
1826 2148 2063 2223 Ἀναϐή-

415 2265 622 2316 σομαι,
681 2244 768 2298 καὶ
828 2246 1068 2316 θήσομαι
1126 2245 1217 2297 τὸν
1280 2243 1470 2319 θρόνον
1534 2263 1684 2315 μου·
1745 2243 1917 2303 οὕτως
1977 2241 2064 2295 καὶ

407 2338 598 2388 τοῦτον
656 2334 906 2410 φαντάζει
965 2333 1040 2394 εἷς
1100 2333 1274 2408 ἀρχάς
1332 2352 1389 2386 τε
1436 2331 1524 2386 καὶ
1570 2327 2064 2405 πρωτοκαθεδρίας,

407 2419 484 2477 ἔτι
545 2419 602 2476 δὲ
655 2419 1026 2487 διδασκαλίας,
1087 2421 1175 2475 καὶ
1233 2420 1477 2492 ἱαμάτων
1538 2417 1796 2481 ἐκδόσεις.
1858 2421 1917 2472 ’11
1971 2417 2062 2473 οὖν

408 2511 584 2574 οὕτως
637 2510 968 2583 ἀπατωμὲνη
1021 2511 1176 2585 ψυχή
1231 2510 1500 2586 φθείρεται
1559 2510 1648 2563 καὶ
1709 2505 2062 2576 ἀπόλλυται,

415 2599 652 2673 δυσιάτῳ
680 2598 829 2654 ἕλκει
861 2598 1152 2675 πληγεῖσα.

479 2694 569 2747 50.
611 2691 676 2747 Τί
707 2689 799 2744 οὖν
834 2687 915 2744 δεῖ
944 2695 1139 2757 ποιεῖν,
1169 2688 1276 2743 τῶν
1307 2687 1569 2743 τοιούτων
1613 2687 1895 2761 λογισμῶν
1927 2706 2065 2760 παρ-

409 2781 582 2835 όντων
615 2800 628 2848 ;
658 2777 1051 2839 ’Δδιαλείπτως
1087 2777 1313 2850 μελετᾷν
1343 2779 1406 2832 τὸ
1453 2779 1594 2832 θεῖον
1645 2777 1816 2831 ἐκεῖνο
1852 2775 2065 2849 λόγιον,

409 2871 539 2944 ὅπερ
565 2871 592 2924 6
627 2869 889 2943 μακάριος
937 2863 1102 2922 Δαϐὶδ
1156 2863 1303 2934 ἐϐόα,
1352 2866 1527 2941 λέγων
1561 2866 1641 2920 τό·
1693 2867 1828 2940 Ἐγὼ
1861 2863 1918 2920 δέ
1950 2865 2066 2936 εἶμι

408 2958 650 3030 σκώληξ,
709 2958 797 3012 καὶ
859 2957 957 3012 οὐκ
1022 2959 1327 3033 ἄνθρωπος.
1389 2956 1484 3010 Καὶ
1546 2955 1596 3010 ἐν
1659 2956 1825 3029 ἑτέρῳ
1885 2954 2067 3031 φησίν.

409 3048 551 3123 Ἐγὼ
584 3045 641 3101 δέ
672 3047 785 3119 εἶμι
837 3053 906 3121 γῆ
957 3047 1047 3100 καὶ
1099 3043 1321 3106 σποδός.
1354 3048 1472 3101 ’Έτι
1503 3066 1562 3120 γε
1615 3046 1720 3115 μὴν
1753 3045 1842 3097 καὶ
1873 3045 1936 3097 τὸ
1968 3048 2066 3097 τοῦ

403 3141 417 3159 ε
669 3137 681 3156 Ἰ
944 3135 996 3152 ..ο
1464 3135 1476 3154 (
1617 3140 1638 3149 υ
1749 3131 1771 3149 ἢ
1977 3133 1988 3150 Ι

425 3137 624 3192 Ησαίου
658 3136 897 3191 ακουὲτω
932 3156 1082 3210 ρημα
1110 3135 1172 3190 τὸ
1217 3134 1398 3209 λέγον,
1448 3155 1521 3195 ως
1565 3140 1712 3187 Πασα
1745 3149 2066 3203 δικαιοσυνη

406 3229 693 3302 ἀνθρώπου
743 3227 816 3287 ὡς
873 3225 1032 3300 ῥάκος
1083 3225 1525 3296 ἀποκαθημενης.
1563 3223 1658 3277 Καὶ
1710 3222 1753 3276 εἰ
1808 3223 1900 3293 μὶν
1940 3223 2063 3275 ἀνα-

407 3317 665 3392 χωροῦσῃ
694 3316 812 3369 καθ’
843 3315 1036 3383 ἑαυτήν
1073 3313 1122 3367 οἱ
1153 3311 1414 3388 λογισμοὶ
1437 3311 1584 3366 οὗτοι
1617 3309 2061 3384 παρεισέλθωσιν,

408 3407 459 3461 ἰν
491 3401 756 3478 κοινοϐίῳ
791 3404 1137 3479 εἶσερχὲσθω·
1173 3401 1550 3478 ἀναγκαζὲσθω
1591 3399 1647 3456 δὲ
1693 3401 1782 3455 καὶ
1814 3399 2059 3473 δεύτερον

409 3495 601 3559 ἰσθίειν
663 3501 762 3563 τῆς
824 3492 1052 3569 ἡμέρας,
1103 3490 1155 3546 εἶ’
1204 3513 1263 3567 γε
1314 3489 1383 3545 δι’
1436 3485 1745 3565 ὑπερϐολὴν
1779 3490 2060 3558 ἀσκήσεως

405 3584 584 3657 τούτῳ
633 3582 777 3638 ἑάλω
825 3581 904 3654 τῷ
952 3583 1126 3645 πάθει·
1179 3581 1267 3634 καὶ
1307 3580 1451 3656 παρά
1497 3586 1604 3633 τῶν
1654 3577 1960 3648 συνηλέκων
2005 3575 2062 3632 δὲ

408 3673 768 3746 ἐπιτιμάσθω,
829 3671 917 3725 καὶ
967 3667 1329 3740 ὀνειδιζέσθω,
1377 3669 1466 3723 καὶ
1528 3668 1864 3741 ἐπιτιμάσθω
1923 3689 2059 3744 σφο-

408 3760 571 3838 δρῶς,
606 3762 681 3823 ὡς
716 3758 883 3834 μηδὲν
937 3759 1071 3834 μέγα
1103 3761 1430 3831 πράττουσαν
1465 3763 1635 3812 πᾶσαν
1669 3755 1724 3810 δὲ
1768 3756 2058 3830 ὑπηρεσίαν

406 3851 684 3907 ποιείσθω.
717 3849 1175 3923 Προσαγὲσθωσαν
1211 3844 1268 3900 δὲ
1297 3848 1385 3900 καὶ
1422 3847 1530 3922 βίοι
1573 3847 1740 3920 ἁγίων
1789 3845 2060 3920 ἐξοχώτα-

404 3960 488 3994 τοι
520 3941 594 4002 εἶς
630 3940 902 4015 ἐξήγησιν·
935 3936 1304 4011 πειράσθωσαν
1334 3933 1390 3989 δὲ
1443 3937 1497 3988 αἱ
1543 3933 1892 3997 συνελθοῦσαι
1942 3933 2058 3988 ἐπι-

403 4028 594 4084 τείνειν
628 4030 829 4083 ὲαυτῶν
857 4026 982 4087 τοὺς
1034 4024 1233 4084 πόνους
1280 4025 1418 4094 πρὸς
1468 4025 1692 4092 ἄσκησιν
1742 4023 1835 4083 τὰς
1867 4022 2058 4096 ὀλίγας

405 4120 634 4193 ἡμέρας,
667 4117 801 4192 πρὸς
827 4117 888 4170 τὸ
935 4113 1166 4184 ἐκείνην,
1217 4114 1550 4184 θεασαμένην
1605 4113 1664 4166 τὸ
1700 4113 1919 4186 μέγεθος
1951 4116 2057 4166 τῶν

406 4208 628 4284 ἀρετῶν,
663 4205 921 4262 ἐλάττονα
951 4203 1038 4258 καὶ
1073 4204 1264 4271 ἑαυτὴν
1292 4204 1560 4278 ἡγεῖσθαι.

476 4301 565 4353 51.
603 4300 930 4372 [Ιροηγεῖται
965 4291 1022 4347 δὶ
1069 4295 1168 4360 τῆς
1219 4291 1381 4346 νόσου
1428 4291 1628 4360 ταύτης
1659 4287 1842 4365 ἕτερον
1874 4288 2059 4359 κακόν,

408 4390 442 4456 ἡ
472 4387 744 4460 παρακοή·
779 4383 894 4439 ὅθεν
926 4379 1015 4436 διὸ.
1042 4386 1138 4436 τοῦ
1186 4380 1424 4436 ἰναντίου
1454 4387 1552 4449 τῆς
1605 4380 1869 4448 ὑπακοῆς,
1903 4377 2061 4434 δυνα-

405 4477 497 4530 τὸν
529 4476 628 4543 τήν
679 4470 1036 4543 σηπεδονώδη
1081 4473 1256 4544 νομὴν
1307 4477 1408 4539 τῆς
1457 4471 1639 4545 ψυχῆς
1682 4471 2060 4544 περικαθᾶραιο

407 4564 646 4631 Ὑπακοή
678 4563 806 4638 γὰρ,
835 4561 1020 4637 φησὶν,
1055 4561 1187 4634 ὑπὲρ
1218 4559 1418 4613 θυσίαν.

2182 645 2276 699 ille
2317 646 2385 700 ad
2439 645 2744 716 angustias
2791 645 3053 717 undique
3098 647 3391 711 redactus,
3427 647 3827 702 inordinatum

2181 738 2402 788 motum
2455 735 2661 788 anima:
2720 734 2975 803 subjicit,
3009 734 3290 805 inﬂatque
3341 734 3501 788 illam
3554 740 3615 790 ut
3661 736 3828 790 inde-

2179 827 2376 877 center
2406 824 2681 877 adversus
2723 839 2951 876 smn-ores
3000 823 3290 877 efferatur.
3326 829 3504 877 Atrox
3535 829 3591 878 et
3623 823 3825 878 exitio-

2181 928 2309 965 sum
2343 919 2431 965 est
2466 912 2571 965 hoc
2604 911 2917 966 adversarii
2965 911 3240 964 toxicum.
3273 911 3484 966 Multos
3517 913 3828 982 derepente

2178 1001 2434 1056 tenebris
2467 1002 2680 1055 eﬂusos
2727 1017 2834 1054 nac
2886 1000 3106 1053 ratione
3157 1002 3484 1069 prostravit.
3517 999 3825 1072 Cogitatio-

2179 1107 2308 1146 nem
2355 1092 2510 1144 enim
2563 1089 2824 1160 spuriam
2861 1106 2926 1144 ac
2985 1089 3252 1143 lethalem
3289 1090 3490 1142 animae
3541 1090 3822 1160 suggerit,

2185 1186 2245 1234 ut
2303 1196 2510 1249 nempe
2569 1179 2679 1233 sibi
2733 1179 2996 1232 videatur
3043 1195 3109 1232 ea
3159 1178 3651 1248 comprehendere
3698 1194 3828 1249 quae

2180 1269 2350 1323 multi
2412 1268 2717 1339 ignorant,
2778 1273 2951 1338 atque
3011 1268 3065 1320 in
3131 1267 3369 1336 iejuniis
3427 1265 3826 1320 antecellere:

2181 1365 2330 1412 recte
2365 1359 2644 1412 factorum
2679 1357 3138 1410 mulititudinem
3163 1355 3382 1424 objicit,
3408 1355 3672 1410 omnium
3707 1370 3832 1426 pec-

2178 1453 2442 1502 catorum
2505 1446 2853 1500 oblivionem
2916 1446 3156 1513 inducit,
3201 1451 3262 1498 ut
3311 1446 3594 1498 adversus
3642 1444 3832 1499 socios

2177 1537 2450 1591 elieratur
2481 1537 2696 1590 animo.
2731 1534 3017 1589 Subducit
3050 1550 3116 1587 ex
3145 1539 3338 1587 mente
3381 1533 3594 1588 delicta
3626 1549 3638 1587 :
3673 1535 3827 1601 quod

2181 1642 2292 1680 non
2347 1639 2414 1679 aa
2467 1626 2592 1692 ejus
2627 1623 2938 1677 utilitatem
2995 1627 3260 1692 praestat;
3293 1623 3393 1676 sed
3454 1637 3524 1676 ne
3574 1622 3830 1692 proferre

2179 1714 2364 1784 possit
2396 1711 2802 1766 medicinalem
2836 1710 2994 1764 illam
3020 1727 3255 1765 vocem:
3287 1712 3403 1764 'Iibi
3422 1711 3526 1766 soli
3553 1713 3826 1781 peccavi',

2175 1806 2444 1858 miserere
2474 1803 2602 1865 mei,
2635 1802 2863 1856 Domine
2885 1802 2926 1832 ²ο
2959 1801 3066 1855 Sed
3114 1815 3185 1854 ne
3235 1799 3389 1854 sinet
3417 1815 3550 1854 eum
3584 1801 3776 1856 dicere
3808 1816 3821 1853 :

2175 1890 2481 1959 Canﬁlebor
2520 1890 2641 1954 tibi,
2675 1889 2922 1955 Domine,
2953 1890 3011 1941 in
3055 1891 3160 1943 loto
3202 1889 3366 1942 corde
3393 1903 3512 1943 meo
3534 1891 3575 1942 ³.
3608 1887 3824 1943 Verum

2176 1979 2330 2034 sicut
2389 1978 2486 2032 ille
2543 1981 2739 2032 mente
2797 1976 3022 2030 dixerat
3069 1993 3082 2030 :
3135 1976 3464 2040 Ascendam,
3515 1986 3573 2032 et
3623 1993 3827 2048 ponam

2175 2070 2433 2124 thronum
2481 2069 2740 2135 meum‘;
2775 2067 2856 2122 ita
2889 2066 3046 2122 hunc
3095 2083 3328 2138 quoque
3378 2083 3522 2122 vane
3575 2069 3829 2124 concitat

2177 2160 2248 2213 ad
2282 2158 2668 2229 principatus,
2705 2157 2776 2210 ad
2833 2156 3054 2226 primos
3082 2172 3417 2223 consessus,
3469 2156 3725 2227 itemque
3754 2157 3827 2211 ad

2178 2247 2533 2317 magisteria,
2566 2250 2623 2300 et
2653 2246 2724 2299 ad
2777 2247 3015 2300 morbos
3067 2245 3310 2300 curandi
3361 2245 3654 2300 virtutem.
3689 2244 3825 2299 Ani-

2177 2353 2273 2390 ma
2303 2337 2500 2407 itaque
2539 2335 2609 2389 ad
2654 2334 2810 2388 hunc
2844 2335 3081 2388 modum
3113 2334 3512 2389 circumventa
3541 2334 3599 2388 in
3633 2335 3826 2406 perni-

2174 2427 2322 2480 ciem
2372 2430 2430 2478 et
2475 2422 2716 2478 exitium
2770 2424 2906 2488 ruit,
2941 2422 3031 2477 vix
3075 2422 3327 2478 sanabili
3377 2439 3653 2494 percussa
3700 2423 3825 2478 vul-

2176 2530 2332 2569 ΠΘΓΘ.

2245 2693 2334 2745 50.
2369 2692 2516 2757 Quid
2548 2691 2728 2760 igitur
2759 2690 3118 2746 instantibus
3148 2689 3488 2760 hujusmodi
3521 2689 3822 2761 cogitatio-

2179 2781 2354 2835 nibus
2372 2780 2705 2850 agendum?
2725 2780 3126 2834 lndesinenter
3145 2779 3824 2834 meditandumdiviuum

2179 2869 2323 2923 illud
2357 2869 2678 2937 oraculum,
2706 2869 2858 2935 quod
2884 2869 3090 2922 beatus
3126 2867 3296 2922 David
3327 2867 3447 2922 alta
3475 2884 3610 2922 voce
3643 2869 3827 2939 profe-

2178 2961 2345 3013 rebat
2377 2975 2388 3012 :
2425 2959 2529 3025 Ego
2566 2973 2690 3012 sum
2717 2957 2917 3010 vermis
2945 2962 3000 3010 et
3031 2972 3141 3010 non
3172 2957 3328 3010 homo
3351 2957 3390 3011 ⁵.
3426 2957 3495 3010 Et
3540 2957 3651 3012 alio
3700 2956 3826 3011 loco

2180 3048 2428 3102 dicitur:
2467 3049 2573 3114 Ego
2603 3054 2784 3100 autem
2815 3061 2936 3099 sum
2967 3055 3118 3100 terra
3148 3055 3199 3100 et
3227 3047 3367 3099 cinis
3388 3046 3428 3098 ‘.
3467 3050 3827 3117 Insuperqne

2187 3138 2409 3191 celebre
2438 3135 2580 3189 illud
2619 3134 2778 3188 Isaia:
2811 3135 3032 3188 dictum
3071 3151 3084 3188 :
3120 3134 3307 3188 Omnis
3327 3135 3555 3204 justiti“
3589 3135 3830 3189 hominis

2179 3231 2320 3280 sicut
2346 3242 2564 3296 pannus
2596 3224 3018 3279 menstruatae".
3047 3225 3207 3288 Quod
3237 3225 3283 3277 si
3312 3223 3695 3295 cogitationes
3729 3223 3830 3279 hu-

2171 3318 2434 3389 jusmodi
2469 3315 2811 3370 adoriantur
2860 3332 2986 3370 eam
3020 3332 3146 3386 quas
3196 3315 3661 3370 anachoreticam
3696 3315 3829 3368 iniit

2172 3408 2373 3474 vitam,
2417 3406 2778 3477 ingrediatur
2825 3404 2926 3458 illa
2974 3403 3030 3458 in
3082 3405 3434 3472 coenobium,
3468 3409 3825 3475 cogaturque

2174 3497 2265 3550 bis
2296 3496 2352 3550 in
2386 3497 2477 3549 die
2508 3494 2834 3556 comedere,
2863 3493 2910 3547 si
2945 3493 3181 3564 quidem
3216 3494 3288 3547 ob
3320 3493 3565 3547 nimiam
3593 3492 3820 3547 ascesin

2172 3588 2291 3640 sive
2343 3584 2661 3655 jejunium,
2723 3583 2996 3636 inciderit
3049 3582 3105 3635 in
3167 3582 3506 3652 hujusmodi
3568 3583 3750 3636 vitum
3803 3599 3818 3637 :

2172 3681 2295 3728 tum
2332 3673 2403 3727 ab
2434 3671 2756 3742 aequalibus
2804 3671 3157 3742 increpetur,
3192 3687 3256 3724 ac
3287 3669 3658 3726 contumeliis
3689 3671 3814 3724 al'ﬁ-

2171 3765 2382 3830 ciatur,
2415 3779 2481 3817 ac
2514 3762 2560 3816 si
2591 3777 2799 3832 parum
2834 3760 2910 3814 sit
2941 3761 3093 3830 quod
3129 3758 3224 3814 illa
3255 3760 3438 3831 egerit
3469 3775 3482 3813 :
3515 3759 3819 3830 quodlibet

2171 3854 2343 3908 obeat
2374 3851 2791 3914 ministerium,
2825 3850 3145 3904 oll‘erantur
3177 3850 3285 3920 ipsi
3319 3849 3448 3903 vitae
3478 3855 3814 3904 sanctorum

2172 3941 2383 4012 pietate
2432 3939 2840 3994 eminentium.
2877 3939 3171 3993 Conentur
3199 3938 3432 3993 sodales
3481 3941 3610 4010 ejus
3657 3937 3817 3994 labo-

2170 4047 2291 4084 rem
2327 4029 2647 4100 disciplinae
2680 4045 2800 4084 sum
2830 4027 3055 4098 aliquot
3084 4027 3290 4082 diebus
3322 4043 3563 4099 augere;
3600 4032 3663 4082 ut
3691 4044 3820 4082 cer-

2171 4136 2314 4174 nens
2339 4119 2485 4174 621
2523 4117 2800 4172 virtutum
2835 4117 3252 4188 przestantiam,
3281 4133 3342 4171 se
3375 4116 3678 4172 minimam
3702 4134 3823 4171 om-

2172 4208 2333 4262 nium
2365 4207 2678 4261 existimet.

2235 4294 2329 4350 51.
2364 4295 2526 4350 Hunc
2559 4311 2730 4366 porro
2769 4293 3038 4350 morbum
3075 4294 3349 4365 praecedit
3400 4294 3556 4349 aliud
3589 4295 3822 4363 vitium,

2171 4384 2657 4455 inobsequentia:
2692 4383 2792 4438 sed
2839 4398 2942 4454 per
2987 4382 3343 4438 contrariam
3377 4382 3820 4454 obscquentiam

2174 4474 2474 4546 putridum
2509 4473 2715 4527 animae
2744 4473 2913 4528 ulcus
2943 4488 3146 4526 curare
3174 4471 3470 4527 valemus:
3509 4471 3826 4528 Obedientia

2173 4564 2352 4631 enim,
2385 4563 2598 4634 inquit,
2631 4578 2795 4632 super
2821 4562 3222 4631 sacriﬁcium".

477 4656 567 4708 52.
601 4657 692 4706 Δεῖ
741 4649 832 4705 οὖν
884 4652 1155 4725 καθαιρεῖν
1202 4647 1362 4723 ὄγκον
1411 4645 1572 4717 δόξης
1628 4646 1678 4701 ὲν
1732 4653 1924 4723 καιρῷ,
1975 4669 2062 4702 και

2240 4653 2331 4707 52.
2393 4653 2757 4723 Quapropter
2812 4649 3084 4705 convenit
3155 4649 3342 4722 gloria
3399 4667 3506 4705 suo
3565 4655 3826 4722 tempore

410 4741 644 4796 ἐπαινεῖν
696 4738 753 4794 δὲ
799 4737 963 4795 πάλιν
1010 4737 1100 4793 καὶ
1144 4739 1434 4809 θαυμάζειν
1489 4736 1540 4790 ἐν
1590 4741 1781 4810 καιρῷ.
1836 4737 1898 4791 Ei
1957 4739 2059 4813 γὰρ

409 4830 626 4904 ἀμελὴς
671 4829 760 4884 καὶ
809 4829 990 4904 νωθρὰ
1040 4827 1296 4904 εὐρεθῇὴ
1347 4827 1524 4900 ψυχὴ,
1576 4824 1651 4880 ἔτι
1701 4846 1763 4899 γε
1815 4828 1921 4898 μὴν
1972 4827 2060 4881 καὶ

415 4923 787 4996 ὑποναρκοῦσα
837 4917 912 4979 είς
961 4918 1059 4985 τὴν
1112 4920 1209 4970 τοῦ
1258 4914 1430 4970 καλοῦ
1478 4916 1785 4988 προκοπὴν,
1830 4914 2060 4970 ἐπαινεῖν

410 5010 611 5079 ταύτην
659 5009 943 5084 προσήκει·
994 5004 1084 5059 καί
1134 5003 1188 5058 εἷ’
1233 5003 1425 5079 μικρὸν
1476 5005 1684 5072 ποιήσει
1717 5023 1766 5056 τι
1796 5005 2061 5079 χρηστὸν,

412 5099 698 5171 θαυμάζειν
777 5096 867 5150 καὶ
950 5099 1318 5169 μεγεθοποιεῖν
1389 5090 1508 5146 δέον
1581 5091 1746 5161 αὐτήν
1842 5091 1935 5146 Καί
1999 5093 2066 5147 τὰ

415 5185 622 5265 σφοδρᾶ
672 5187 760 5241 καὶ
810 5185 1144 5259 ἀπάνθρωπα
1189 5180 1651 5253 πλημμελήματα
1681 5181 1754 5242 ὡς
1801 5180 2066 5256 ἐλάχιστα

413 5277 502 5332 καὶ
547 5273 814 5348 οὐδαμινὰ
865 5273 1110 5329 λεκτέοι·
1165 5275 1192 5327 6
1243 5273 1345 5346 γὰρ
1394 5265 1675 5336 διάϐολος,
1728 5268 2064 5344 βουλόμενος

415 5364 584 5421 πάντα
661 5363 993 5441 διαστρέφειν
1033 5408 1046 5432 ,
1108 5361 1195 5416 ἐπὶ
1268 5361 1362 5433 μὲν
1437 5363 1543 5413 τῶν
1605 5356 1908 5413 σπουδαίων
1976 5359 2066 5413 καὶ

418 5455 724 5524 ἀσκητικῶν
777 5452 1030 5528 κρύπτειν
1081 5457 1330 5527 πειρᾶται
1372 5453 1439 5504 τὰ
1485 5448 1864 5523 προγεγονότα
1895 5450 2068 5522 ἆμαρ-

493 5691 510 5727 ¹
541 5690 694 5749 Psal.
726 5710 778 5760 ι..
806 5691 862 5748 3.

422 5764 443 5799 ⁷
473 5764 582 5822 lea.
618 5779 766 5834 LXIV,
798 5764 852 5818 6.

941 5687 1148 5747 'Psal.
1200 5705 1278 5750 vr.
1328 5688 1396 5752 3;

929 5764 948 5797 ⁸
981 5763 1002 5818 ῐ
1035 5763 1172 5834 Reg.
1201 5779 1294 5826 xv,
1324 5763 1414 5813 22.

1445 5703 1524 5754 ix,
1580 5687 1666 5742 14.

1741 5686 1764 5721 ⁸
1793 5685 1946 5743 Psal.
1987 5702 2079 5747 cx.
2131 5685 2184 5740 1.

2172 4741 2452 4805 adimere,
2500 4740 2826 4809 iterumque
2884 4754 2990 4793 suo
3051 4743 3312 4809 tempore
3362 4739 3600 4794 laudare
3649 4745 3824 4811 atque

2174 4828 2474 4883 admirari.
2503 4827 2558 4882 Si
2595 4827 2750 4882 enim
2795 4827 2991 4882 anima
3037 4825 3338 4898 negligens
3389 4828 3704 4900 segnisque
3735 4829 3822 4882 in-

2172 4919 2458 4986 veniatur,
2484 4923 2539 4972 et
2566 4918 2637 4972 ad
2672 4916 2992 4987 profectum
3026 4915 3253 4972 desidia
3283 4921 3530 4988 torpeat,
3558 4919 3828 4973 convenit

2173 5023 2296 5062 eam
2322 5005 2559 5060 laudare
2587 5023 2598 5059 :
2623 5012 2680 5059 et
2710 5007 2758 5060 si
2785 5005 3022 5076 paulum
3049 5005 3188 5075 quid
3213 5005 3348 5060 boni
3372 5006 3696 5071 admiserit,
3722 5007 3827 5061 mi-

2175 5094 2290 5150 rari
2323 5093 2483 5148 illam
2516 5099 2572 5148 et
2603 5094 2799 5166 magni
2853 5094 3038 5148 facere
3091 5099 3336 5164 oportet.
3370 5094 3581 5149 Gravia
3627 5101 3824 5152 autem

2175 5190 2232 5237 et
2263 5183 2547 5236 immania
2594 5181 2828 5250 delicta,
2865 5182 3107 5236 minima
3157 5183 3489 5254 nulliusque
3544 5186 3826 5240 momenti

2175 5272 2444 5326 dicenda.
2479 5269 2758 5325 Diabolus
2809 5271 3023 5342 quippe
3067 5271 3167 5342 qui
3199 5271 3397 5326 omnia
3445 5277 3704 5329 evertere
3732 5290 3826 5329 co-

2178 5366 2371 5425 natur,
2405 5359 2629 5414 sedulis
2668 5363 2725 5414 et
2755 5359 3086 5414 exercitatis
3131 5360 3392 5415 admissa
3439 5366 3674 5432 peccata
3703 5362 3830 5418 vult

2178 5451 2491 5519 occultare,
2515 5464 2630 5519 quo
2662 5448 2722 5502 in
2753 5447 2838 5503 eis
2877 5449 3214 5520 superbiam
3248 5450 3553 5523 adaugeat.
3587 5450 3831 5509 Novitiis

2259 5683 2281 5719 ⁸
2310 5684 2419 5739 lsa.
2471 5699 2585 5750 ην,
2640 5683 2724 5737 14.
2802 5683 2825 5718 ⁸
2855 5681 3004 5736 Paul.
3036 5700 3154 5753 xxv,
3184 5686 3240 5738 7.

3315 5685 3340 5722 ⁸
3368 5685 3510 5743 Gen.
3543 5703 3702 5759 xvm,
3737 5691 3829 5748 27.
