  <div class='ocr_page' id='page_1' title='image "/cluster/home/n/w/nwhite01/storage/ocr_20150623/28:no.4/coo.31924054873090/773.png"; bbox 0 0 4162 6394; ppageno 0'>
   <div class='ocr_carea' id='block_1_1' title="bbox 312 393 466 455">
    <p class='ocr_par' dir='ltr' id='par_1_1' title="bbox 312 393 466 455">
     <span class='ocr_line' id='line_1_1' title="bbox 312 393 466 455; baseline 0 -2"><span class='ocrx_word' id='word_1_1' title='bbox 312 393 466 455; x_wconf 73' lang='grc'><strong>1619</strong></span> 
     </span>
    </p>
   </div>
   <div class='ocr_carea' id='block_1_2' title="bbox 1478 386 2566 471">
    <p class='ocr_par' dir='ltr' id='par_1_2' title="bbox 1478 386 2566 471">
     <span class='ocr_line' id='line_1_2' title="bbox 1478 386 2566 471; baseline 0.004 -19"><span class='ocrx_word' id='word_1_2' title='bbox 1478 397 1542 452; x_wconf 88' lang='lat' dir='ltr'><strong>s.</strong></span> <span class='ocrx_word' id='word_1_3' title='bbox 1591 386 2119 454; x_wconf 80' lang='lat' dir='ltr'><strong>ATHANASIUS.</strong></span> <span class='ocrx_word' id='word_1_4' title='bbox 2149 427 2225 439; x_wconf 91' lang='lat'>—</span> <span class='ocrx_word' id='word_1_5' title='bbox 2257 388 2566 471; x_wconf 67' lang='lat' dir='ltr'><strong>spuma.</strong></span> 
     </span>
    </p>
   </div>
   <div class='ocr_carea' id='block_1_3' title="bbox 3580 400 3740 469">
    <p class='ocr_par' dir='ltr' id='par_1_3' title="bbox 3580 400 3740 469">
     <span class='ocr_line' id='line_1_3' title="bbox 3580 400 3740 469; baseline 0.013 -3"><span class='ocrx_word' id='word_1_6' title='bbox 3580 400 3740 469; x_wconf 70' lang='lat'><strong>1620</strong></span> 
     </span>
    </p>
   </div>
   <div class='ocr_carea' id='block_1_4' title="bbox 311 525 1940 611">
    <p class='ocr_par' dir='ltr' id='par_1_4' title="bbox 311 525 1939 599">
     <span class='ocr_line' id='line_1_4' title="bbox 311 525 1939 599; baseline -0.001 -17"><span class='ocrx_word' id='word_1_7' title='bbox 311 530 503 583; x_wconf 87' lang='lat' dir='ltr'><strong>autem</strong></span> <span class='ocrx_word' id='word_1_8' title='bbox 554 525 867 583; x_wconf 76' lang='lat' dir='ltr'><strong>animabus</strong></span> <span class='ocrx_word' id='word_1_9' title='bbox 915 543 1041 599; x_wconf 63' lang='lat' dir='ltr'><strong>qua;</strong></span> <span class='ocrx_word' id='word_1_10' title='bbox 1088 542 1277 598; x_wconf 84' lang='lat' dir='ltr'><strong>nuper</strong></span> <span class='ocrx_word' id='word_1_11' title='bbox 1326 526 1607 583; x_wconf 90' lang='lat' dir='ltr'><strong>virtutem</strong></span> <span class='ocrx_word' id='word_1_12' title='bbox 1667 525 1939 582; x_wconf 88' lang='lat' dir='ltr'><strong>adierunt</strong></span> 
     </span>
    </p>
   </div>
   <div class='ocr_carea' id='block_1_5' title="bbox 2051 525 3735 611">
    <p class='ocr_par' dir='ltr' id='par_1_5' title="bbox 2074 526 3735 611">
     <span class='ocr_line' id='line_1_5' title="bbox 2074 526 3735 611; baseline 0.008 -32"><span class='ocrx_word' id='word_1_13' title='bbox 2074 526 2142 595; x_wconf 75' lang='grc' dir='ltr'><strong>τή</strong></span> <span class='ocrx_word' id='word_1_14' title='bbox 2156 546 2296 597; x_wconf 84' lang='grc' dir='ltr'>ματα</span> <span class='ocrx_word' id='word_1_15' title='bbox 2330 545 2342 558; x_wconf 90' lang='grc'><strong>·</strong></span> <span class='ocrx_word' id='word_1_16' title='bbox 2398 528 2497 596; x_wconf 76' lang='grc' dir='ltr'>τὴν</span> <span class='ocrx_word' id='word_1_17' title='bbox 2547 529 2652 606; x_wconf 82' lang='grc' dir='ltr'><strong>γὰρ</strong></span> <span class='ocrx_word' id='word_1_18' title='bbox 2714 528 3081 610; x_wconf 76' lang='grc' dir='ltr'>ὑπερηφανίαν</span> <span class='ocrx_word' id='word_1_19' title='bbox 3140 530 3367 605; x_wconf 73' lang='grc' dir='ltr'>αὐξῆσαι</span> <span class='ocrx_word' id='word_1_20' title='bbox 3424 533 3687 611; x_wconf 82' lang='grc' dir='ltr'>βούλεται</span> <span class='ocrx_word' id='word_1_21' title='bbox 3721 555 3735 569; x_wconf 82' lang='lat'><strong><em>°</em></strong></span> 
     </span>
    </p>
   </div>
   <div class='ocr_carea' id='block_1_6' title="bbox 310 615 1963 688">
    <p class='ocr_par' dir='ltr' id='par_1_6' title="bbox 310 615 1963 688">
     <span class='ocr_line' id='line_1_6' title="bbox 310 615 1963 688; baseline 0 -17"><span class='ocrx_word' id='word_1_22' title='bbox 310 617 580 672; x_wconf 79' lang='lat' dir='ltr'><strong>universa</strong></span> <span class='ocrx_word' id='word_1_23' title='bbox 623 626 860 684; x_wconf 88' lang='lat' dir='ltr'><strong>peccata</strong></span> <span class='ocrx_word' id='word_1_24' title='bbox 909 616 981 671; x_wconf 90' lang='lat' dir='ltr'><strong>ob</strong></span> <span class='ocrx_word' id='word_1_25' title='bbox 1029 615 1233 673; x_wconf 92' lang='lat' dir='ltr'><strong>oculos</strong></span> <span class='ocrx_word' id='word_1_26' title='bbox 1280 615 1512 687; x_wconf 91' lang='lat' dir='ltr'><strong>statuit,</strong></span> <span class='ocrx_word' id='word_1_27' title='bbox 1543 633 1659 687; x_wconf 90' lang='lat' dir='ltr'><strong>quo</strong></span> <span class='ocrx_word' id='word_1_28' title='bbox 1691 616 1963 688; x_wconf 80' lang='lat' dir='ltr'><strong>deepera-</strong></span> 
     </span>
    </p>
   </div>
   <div class='ocr_carea' id='block_1_7' title="bbox 302 704 1963 778">
    <p class='ocr_par' dir='ltr' id='par_1_7' title="bbox 302 704 1963 778">
     <span class='ocr_line' id='line_1_7' title="bbox 302 704 1963 778; baseline -0.002 -17"><span class='ocrx_word' id='word_1_29' title='bbox 302 707 526 762; x_wconf 86' lang='lat' dir='ltr'><strong>tionem</strong></span> <span class='ocrx_word' id='word_1_30' title='bbox 558 705 883 777; x_wconf 85' lang='lat' dir='ltr'><strong>ingeneret.</strong></span> <span class='ocrx_word' id='word_1_31' title='bbox 914 705 1060 761; x_wconf 85' lang='lat' dir='ltr'><strong>Huic</strong></span> <span class='ocrx_word' id='word_1_32' title='bbox 1106 704 1372 778; x_wconf 82' lang='lat' dir='ltr'><strong>suggerit</strong></span> <span class='ocrx_word' id='word_1_33' title='bbox 1399 721 1412 760; x_wconf 92' lang='lat'>:</span> <span class='ocrx_word' id='word_1_34' title='bbox 1447 705 1577 761; x_wconf 88' lang='lat' dir='ltr'><strong>Tibi</strong></span> <span class='ocrx_word' id='word_1_35' title='bbox 1609 721 1734 776; x_wconf 68' lang='lat' dir='ltr'><strong>qua:</strong></span> <span class='ocrx_word' id='word_1_36' title='bbox 1786 704 1963 759; x_wconf 86' lang='lat' dir='ltr'><strong>forni-</strong></span> 
     </span>
    </p>
   </div>
   <div class='ocr_carea' id='block_1_8' title="bbox 303 792 1959 866">
    <p class='ocr_par' dir='ltr' id='par_1_8' title="bbox 303 792 1959 866">
     <span class='ocr_line' id='line_1_8' title="bbox 303 792 1959 866; baseline -0.003 -15"><span class='ocrx_word' id='word_1_37' title='bbox 303 800 433 851; x_wconf 90' lang='lat' dir='ltr'><strong>cata</strong></span> <span class='ocrx_word' id='word_1_38' title='bbox 459 810 543 862; x_wconf 89' lang='lat' dir='ltr'><strong>es,</strong></span> <span class='ocrx_word' id='word_1_39' title='bbox 567 810 693 865; x_wconf 58' lang='lat' dir='ltr'><strong>qua</strong></span> <span class='ocrx_word' id='word_1_40' title='bbox 726 794 894 850; x_wconf 86' lang='lat' dir='ltr'><strong>venia</strong></span> <span class='ocrx_word' id='word_1_41' title='bbox 922 795 1356 866; x_wconf 82' lang='lat' dir='ltr'><strong>exspectanda?</strong></span> <span class='ocrx_word' id='word_1_42' title='bbox 1386 793 1569 849; x_wconf 82' lang='lat' dir='ltr'><strong>Alteri</strong></span> <span class='ocrx_word' id='word_1_43' title='bbox 1603 793 1746 848; x_wconf 86' lang='lat' dir='ltr'><strong>dicit</strong></span> <span class='ocrx_word' id='word_1_44' title='bbox 1771 811 1784 848; x_wconf 86' lang='lat'><strong>:</strong></span> <span class='ocrx_word' id='word_1_45' title='bbox 1811 792 1959 847; x_wconf 85' lang='lat' dir='ltr'><strong>Cum</strong></span> 
     </span>
    </p>
   </div>
   <div class='ocr_carea' id='block_1_9' title="bbox 303 882 1965 955">
    <p class='ocr_par' dir='ltr' id='par_1_9' title="bbox 303 882 1965 955">
     <span class='ocr_line' id='line_1_9' title="bbox 303 882 1965 955; baseline -0.002 -15"><span class='ocrx_word' id='word_1_46' title='bbox 303 891 467 940; x_wconf 85' lang='lat' dir='ltr'><strong>tanta</strong></span> <span class='ocrx_word' id='word_1_47' title='bbox 498 884 739 940; x_wconf 85' lang='lat' dir='ltr'><strong>avaritia</strong></span> <span class='ocrx_word' id='word_1_48' title='bbox 768 883 1041 949; x_wconf 81' lang='lat' dir='ltr'><strong>tenearis,</strong></span> <span class='ocrx_word' id='word_1_49' title='bbox 1063 884 1182 938; x_wconf 82' lang='lat' dir='ltr'><strong>ﬁeri</strong></span> <span class='ocrx_word' id='word_1_50' title='bbox 1220 884 1418 955; x_wconf 87' lang='lat' dir='ltr'><strong>nequit</strong></span> <span class='ocrx_word' id='word_1_51' title='bbox 1450 890 1514 938; x_wconf 89' lang='lat' dir='ltr'><strong>ut</strong></span> <span class='ocrx_word' id='word_1_52' title='bbox 1545 882 1795 939; x_wconf 80' lang='lat' dir='ltr'><strong>salutem</strong></span> <span class='ocrx_word' id='word_1_53' title='bbox 1829 898 1965 937; x_wconf 91' lang='lat' dir='ltr'><strong>con-</strong></span> 
     </span>
    </p>
   </div>
   <div class='ocr_carea' id='block_1_10' title="bbox 303 970 1961 1045">
    <p class='ocr_par' dir='ltr' id='par_1_10' title="bbox 303 970 1961 1045">
     <span class='ocr_line' id='line_1_10' title="bbox 303 970 1961 1045; baseline -0.003 -15"><span class='ocrx_word' id='word_1_54' title='bbox 303 990 569 1045; x_wconf 89' lang='lat' dir='ltr'><strong>sequare.</strong></span> <span class='ocrx_word' id='word_1_55' title='bbox 604 973 888 1028; x_wconf 63' lang='lat' dir='ltr'><strong>Caeterum</strong></span> <span class='ocrx_word' id='word_1_56' title='bbox 918 971 1149 1028; x_wconf 90' lang='lat' dir='ltr'><strong>animas</strong></span> <span class='ocrx_word' id='word_1_57' title='bbox 1181 973 1338 1029; x_wconf 86' lang='lat' dir='ltr'><strong>hunc</strong></span> <span class='ocrx_word' id='word_1_58' title='bbox 1388 973 1447 1027; x_wconf 91' lang='lat' dir='ltr'><strong>in</strong></span> <span class='ocrx_word' id='word_1_59' title='bbox 1499 973 1741 1028; x_wconf 89' lang='lat' dir='ltr'><strong>modum</strong></span> <span class='ocrx_word' id='word_1_60' title='bbox 1775 970 1961 1042; x_wconf 86' lang='lat' dir='ltr'><strong>agita-</strong></span> 
     </span>
    </p>
   </div>
   <div class='ocr_carea' id='block_1_11' title="bbox 305 1060 1958 1135">
    <p class='ocr_par' dir='ltr' id='par_1_11' title="bbox 305 1060 1958 1135">
     <span class='ocr_line' id='line_1_11' title="bbox 305 1060 1958 1135; baseline -0.001 -16"><span class='ocrx_word' id='word_1_61' title='bbox 305 1067 417 1130; x_wconf 88' lang='lat' dir='ltr'><strong>tas,</strong></span> <span class='ocrx_word' id='word_1_62' title='bbox 451 1062 560 1118; x_wconf 88' lang='lat' dir='ltr'><strong>hac</strong></span> <span class='ocrx_word' id='word_1_63' title='bbox 598 1063 823 1118; x_wconf 85' lang='lat' dir='ltr'><strong>ratione</strong></span> <span class='ocrx_word' id='word_1_64' title='bbox 873 1061 1087 1135; x_wconf 90' lang='lat' dir='ltr'><strong>hisque</strong></span> <span class='ocrx_word' id='word_1_65' title='bbox 1136 1061 1328 1117; x_wconf 85' lang='lat' dir='ltr'><strong>verbis</strong></span> <span class='ocrx_word' id='word_1_66' title='bbox 1376 1066 1601 1134; x_wconf 84' lang='lat' dir='ltr'><strong>Oportet</strong></span> <span class='ocrx_word' id='word_1_67' title='bbox 1647 1060 1958 1117; x_wconf 88' lang='lat' dir='ltr'><strong>consolari.</strong></span> 
     </span>
    </p>
   </div>
   <div class='ocr_carea' id='block_1_12' title="bbox 306 1148 1960 1222">
    <p class='ocr_par' dir='ltr' id='par_1_12' title="bbox 306 1148 1960 1222">
     <span class='ocr_line' id='line_1_12' title="bbox 306 1148 1960 1222; baseline -0.001 -15"><span class='ocrx_word' id='word_1_68' title='bbox 306 1151 467 1208; x_wconf 86' lang='lat' dir='ltr'><strong>Raab</strong></span> <span class='ocrx_word' id='word_1_69' title='bbox 502 1149 776 1207; x_wconf 81' lang='lat' dir='ltr'><strong>meretrix</strong></span> <span class='ocrx_word' id='word_1_70' title='bbox 804 1150 938 1222; x_wconf 85' lang='lat' dir='ltr'><strong>fuit,</strong></span> <span class='ocrx_word' id='word_1_71' title='bbox 967 1151 1068 1206; x_wconf 90' lang='lat' dir='ltr'><strong>sed</strong></span> <span class='ocrx_word' id='word_1_72' title='bbox 1100 1167 1204 1222; x_wconf 90' lang='lat' dir='ltr'><strong>per</strong></span> <span class='ocrx_word' id='word_1_73' title='bbox 1252 1150 1426 1206; x_wconf 82' lang='lat' dir='ltr'><strong>ﬁdem</strong></span> <span class='ocrx_word' id='word_1_74' title='bbox 1474 1154 1645 1206; x_wconf 87' lang='lat' dir='ltr'><strong>nacta</strong></span> <span class='ocrx_word' id='word_1_75' title='bbox 1681 1154 1771 1206; x_wconf 90' lang='lat' dir='ltr'><strong>est</strong></span> <span class='ocrx_word' id='word_1_76' title='bbox 1800 1148 1960 1205; x_wconf 89' lang='lat' dir='ltr'><strong>salu-</strong></span> 
     </span>
    </p>
   </div>
   <div class='ocr_carea' id='block_1_13' title="bbox 307 1237 1956 1311">
    <p class='ocr_par' dir='ltr' id='par_1_13' title="bbox 307 1237 1956 1311">
     <span class='ocr_line' id='line_1_13' title="bbox 307 1237 1956 1311; baseline 0 -16"><span class='ocrx_word' id='word_1_77' title='bbox 307 1245 426 1295; x_wconf 88' lang='lat' dir='ltr'><strong>tem</strong></span> <span class='ocrx_word' id='word_1_78' title='bbox 463 1256 477 1294; x_wconf 88' lang='lat'><strong>:</strong></span> <span class='ocrx_word' id='word_1_79' title='bbox 514 1239 732 1295; x_wconf 79' lang='lat' dir='ltr'><strong>Paulus</strong></span> <span class='ocrx_word' id='word_1_80' title='bbox 787 1244 1125 1311; x_wconf 84' lang='lat' dir='ltr'><strong>persecutor</strong></span> <span class='ocrx_word' id='word_1_81' title='bbox 1152 1243 1296 1310; x_wconf 90' lang='lat' dir='ltr'><strong>erat,</strong></span> <span class='ocrx_word' id='word_1_82' title='bbox 1324 1245 1380 1294; x_wconf 91' lang='lat' dir='ltr'><strong>et</strong></span> <span class='ocrx_word' id='word_1_83' title='bbox 1419 1243 1612 1295; x_wconf 90' lang='lat' dir='ltr'><strong>tamen</strong></span> <span class='ocrx_word' id='word_1_84' title='bbox 1652 1255 1779 1294; x_wconf 70' lang='lat' dir='ltr'><strong>vas&#39;</strong></span> <span class='ocrx_word' id='word_1_85' title='bbox 1805 1237 1956 1295; x_wconf 86' lang='lat' dir='ltr'><strong>elec-</strong></span> 
     </span>
    </p>
   </div>
   <div class='ocr_carea' id='block_1_14' title="bbox 306 1327 1961 1400">
    <p class='ocr_par' dir='ltr' id='par_1_14' title="bbox 306 1327 1961 1400">
     <span class='ocr_line' id='line_1_14' title="bbox 306 1327 1961 1400; baseline -0.001 -15"><span class='ocrx_word' id='word_1_86' title='bbox 306 1328 485 1386; x_wconf 86' lang='lat' dir='ltr'><strong>tionis</strong></span> <span class='ocrx_word' id='word_1_87' title='bbox 516 1330 756 1385; x_wconf 79' lang='lat' dir='ltr'><strong>ell&#39;ectus</strong></span> <span class='ocrx_word' id='word_1_88' title='bbox 794 1333 883 1385; x_wconf 84' lang='lat' dir='ltr'><strong>est</strong></span> <span class='ocrx_word' id='word_1_89' title='bbox 915 1346 928 1384; x_wconf 92' lang='lat'>:</span> <span class='ocrx_word' id='word_1_90' title='bbox 964 1328 1270 1384; x_wconf 68' lang='lat' dir='ltr'><strong>Matthaaus</strong></span> <span class='ocrx_word' id='word_1_91' title='bbox 1317 1327 1672 1400; x_wconf 87' lang='lat' dir='ltr'><strong>publicanus</strong></span> <span class='ocrx_word' id='word_1_92' title='bbox 1724 1333 1868 1398; x_wconf 84' lang='lat' dir='ltr'><strong>erat,</strong></span> <span class='ocrx_word' id='word_1_93' title='bbox 1901 1332 1961 1384; x_wconf 86' lang='lat' dir='ltr'><strong>at</strong></span> 
     </span>
    </p>
   </div>
   <div class='ocr_carea' id='block_1_15' title="bbox 306 1417 1959 1491">
    <p class='ocr_par' dir='ltr' id='par_1_15' title="bbox 306 1417 1959 1491">
     <span class='ocr_line' id='line_1_15' title="bbox 306 1417 1959 1491; baseline -0.001 -15"><span class='ocrx_word' id='word_1_94' title='bbox 306 1436 478 1476; x_wconf 89' lang='lat' dir='ltr'><strong>nemo</strong></span> <span class='ocrx_word' id='word_1_95' title='bbox 508 1422 730 1491; x_wconf 85' lang='lat' dir='ltr'><strong>quanta</strong></span> <span class='ocrx_word' id='word_1_96' title='bbox 758 1419 944 1491; x_wconf 88' lang='lat' dir='ltr'><strong>gratia</strong></span> <span class='ocrx_word' id='word_1_97' title='bbox 975 1418 1226 1474; x_wconf 89' lang='lat' dir='ltr'><strong>donatus</strong></span> <span class='ocrx_word' id='word_1_98' title='bbox 1258 1417 1335 1475; x_wconf 90' lang='lat' dir='ltr'><strong>sit</strong></span> <span class='ocrx_word' id='word_1_99' title='bbox 1360 1419 1629 1491; x_wconf 87' lang='lat' dir='ltr'><strong>ignorat:</strong></span> <span class='ocrx_word' id='word_1_100' title='bbox 1665 1417 1812 1474; x_wconf 86' lang='lat' dir='ltr'><strong>latro</strong></span> <span class='ocrx_word' id='word_1_101' title='bbox 1840 1418 1959 1474; x_wconf 87' lang='lat' dir='ltr'><strong>fur-</strong></span> 
     </span>
    </p>
   </div>
   <div class='ocr_carea' id='block_1_16' title="bbox 303 1507 1955 1580">
    <p class='ocr_par' dir='ltr' id='par_1_16' title="bbox 303 1507 1955 1580">
     <span class='ocr_line' id='line_1_16' title="bbox 303 1507 1955 1580; baseline 0 -17"><span class='ocrx_word' id='word_1_102' title='bbox 303 1510 381 1565; x_wconf 88' lang='lat' dir='ltr'><strong>tis</strong></span> <span class='ocrx_word' id='word_1_103' title='bbox 412 1513 470 1565; x_wconf 89' lang='lat' dir='ltr'><strong>et</strong></span> <span class='ocrx_word' id='word_1_104' title='bbox 500 1508 755 1564; x_wconf 73' lang='lat' dir='ltr'><strong>caedibus</strong></span> <span class='ocrx_word' id='word_1_105' title='bbox 781 1507 1013 1564; x_wconf 86' lang='lat' dir='ltr'><strong>deditus</strong></span> <span class='ocrx_word' id='word_1_106' title='bbox 1036 1512 1179 1578; x_wconf 89' lang='lat' dir='ltr'><strong>erat,</strong></span> <span class='ocrx_word' id='word_1_107' title='bbox 1206 1509 1303 1564; x_wconf 84' lang='lat' dir='ltr'><strong>sed</strong></span> <span class='ocrx_word' id='word_1_108' title='bbox 1334 1514 1531 1564; x_wconf 86' lang='lat' dir='ltr'><strong>tamen</strong></span> <span class='ocrx_word' id='word_1_109' title='bbox 1564 1508 1789 1580; x_wconf 90' lang='lat' dir='ltr'><strong>primus</strong></span> <span class='ocrx_word' id='word_1_110' title='bbox 1822 1523 1955 1579; x_wconf 85' lang='lat' dir='ltr'><strong>ape-</strong></span> 
     </span>
    </p>
   </div>
   <div class='ocr_carea' id='block_1_17' title="bbox 303 1596 1957 1670">
    <p class='ocr_par' dir='ltr' id='par_1_17' title="bbox 303 1596 1957 1670">
     <span class='ocr_line' id='line_1_17' title="bbox 303 1596 1957 1670; baseline -0.002 -15"><span class='ocrx_word' id='word_1_111' title='bbox 303 1598 423 1655; x_wconf 88' lang='lat' dir='ltr'><strong>ruit</strong></span> <span class='ocrx_word' id='word_1_112' title='bbox 453 1601 682 1670; x_wconf 89' lang='lat' dir='ltr'><strong>portam</strong></span> <span class='ocrx_word' id='word_1_113' title='bbox 716 1596 994 1669; x_wconf 86' lang='lat' dir='ltr'><strong>paradisi.</strong></span> <span class='ocrx_word' id='word_1_114' title='bbox 1030 1597 1130 1653; x_wconf 75' lang='lat' dir='ltr'><strong>llis</strong></span> <span class='ocrx_word' id='word_1_115' title='bbox 1178 1597 1357 1668; x_wconf 83' lang='lat' dir='ltr'><strong>igitur</strong></span> <span class='ocrx_word' id='word_1_116' title='bbox 1404 1596 1849 1665; x_wconf 85' lang='lat' dir='ltr'><strong>animadversis,</strong></span> <span class='ocrx_word' id='word_1_117' title='bbox 1885 1613 1957 1652; x_wconf 90' lang='lat' dir='ltr'><strong>ne</strong></span> 
     </span>
    </p>
   </div>
   <div class='ocr_carea' id='block_1_18' title="bbox 306 1686 991 1758">
    <p class='ocr_par' dir='ltr' id='par_1_18' title="bbox 306 1686 991 1758">
     <span class='ocr_line' id='line_1_18' title="bbox 306 1686 991 1758; baseline -0.004 -14"><span class='ocrx_word' id='word_1_118' title='bbox 306 1688 567 1744; x_wconf 86' lang='lat' dir='ltr'><strong>animum</strong></span> <span class='ocrx_word' id='word_1_119' title='bbox 602 1686 991 1758; x_wconf 81' lang='lat' dir='ltr'><strong>despondeas.</strong></span> 
     </span>
    </p>
   </div>
   <div class='ocr_carea' id='block_1_19' title="bbox 366 1792 1955 1865">
    <p class='ocr_par' dir='ltr' id='par_1_19' title="bbox 366 1792 1955 1865">
     <span class='ocr_line' id='line_1_19' title="bbox 366 1792 1955 1865; baseline -0.001 -14"><span class='ocrx_word' id='word_1_120' title='bbox 366 1796 457 1851; x_wconf 89' lang='lat'><strong>53.</strong></span> <span class='ocrx_word' id='word_1_121' title='bbox 488 1794 594 1850; x_wconf 91' lang='lat' dir='ltr'><strong>Ubi</strong></span> <span class='ocrx_word' id='word_1_122' title='bbox 625 1798 823 1849; x_wconf 87' lang='lat' dir='ltr'><strong>autem</strong></span> <span class='ocrx_word' id='word_1_123' title='bbox 870 1797 1008 1864; x_wconf 89' lang='lat' dir='ltr'><strong>apta</strong></span> <span class='ocrx_word' id='word_1_124' title='bbox 1049 1794 1478 1865; x_wconf 78' lang='lat' dir='ltr'><strong>commodeque</strong></span> <span class='ocrx_word' id='word_1_125' title='bbox 1526 1792 1645 1849; x_wconf 84' lang='lat' dir='ltr'><strong>illis</strong></span> <span class='ocrx_word' id='word_1_126' title='bbox 1693 1794 1955 1850; x_wconf 89' lang='lat' dir='ltr'><strong>remedia</strong></span> 
     </span>
    </p>
   </div>
   <div class='ocr_carea' id='block_1_20' title="bbox 2073 611 3738 700">
    <p class='ocr_par' dir='ltr' id='par_1_20' title="bbox 2073 611 3738 700">
     <span class='ocr_line' id='line_1_20' title="bbox 2073 611 3738 700; baseline 0.01 -34"><span class='ocrx_word' id='word_1_127' title='bbox 2073 611 2161 669; x_wconf 85' lang='grc' dir='ltr'><strong>ἐπὶ</strong></span> <span class='ocrx_word' id='word_1_128' title='bbox 2193 612 2251 670; x_wconf 75' lang='grc' dir='ltr'>δὲ</span> <span class='ocrx_word' id='word_1_129' title='bbox 2291 616 2399 671; x_wconf 81' lang='grc' dir='ltr'>τῶν</span> <span class='ocrx_word' id='word_1_130' title='bbox 2450 615 2731 687; x_wconf 85' lang='grc' dir='ltr'>νεηλύδων</span> <span class='ocrx_word' id='word_1_131' title='bbox 2777 619 2867 675; x_wconf 82' lang='grc' dir='ltr'>καὶ</span> <span class='ocrx_word' id='word_1_132' title='bbox 2917 621 3245 698; x_wconf 64' lang='grc' dir='ltr'>ἀκροπαγῶν</span> <span class='ocrx_word' id='word_1_133' title='bbox 3294 626 3515 700; x_wconf 79' lang='grc' dir='ltr'>ψϋχῖυν,</span> <span class='ocrx_word' id='word_1_134' title='bbox 3562 624 3738 682; x_wconf 74' lang='grc' dir='ltr'>πάντα</span> 
     </span>
    </p>
   </div>
   <div class='ocr_carea' id='block_1_21' title="bbox 2070 702 3734 788">
    <p class='ocr_par' dir='ltr' id='par_1_21' title="bbox 2070 702 3734 788">
     <span class='ocr_line' id='line_1_21' title="bbox 2070 702 3734 788; baseline 0.008 -32"><span class='ocrx_word' id='word_1_135' title='bbox 2070 702 2137 788; x_wconf 77' lang='grc' dir='ltr'>τὰ</span> <span class='ocrx_word' id='word_1_136' title='bbox 2174 704 2545 778; x_wconf 81' lang='grc' dir='ltr'>ἁμαρτήματα</span> <span class='ocrx_word' id='word_1_137' title='bbox 2592 705 2767 763; x_wconf 79' lang='grc' dir='ltr'>αὐτῶν</span> <span class='ocrx_word' id='word_1_138' title='bbox 2817 709 2925 784; x_wconf 86' lang='grc' dir='ltr'><strong>πρὸ</strong></span> <span class='ocrx_word' id='word_1_139' title='bbox 2973 708 3273 788; x_wconf 80' lang='grc' dir='ltr'><strong>ὀφθαλμῶν</strong></span> <span class='ocrx_word' id='word_1_140' title='bbox 3315 711 3555 782; x_wconf 78' lang='grc' dir='ltr'><strong>τίθησιν.</strong></span> <span class='ocrx_word' id='word_1_141' title='bbox 3601 720 3734 787; x_wconf 84' lang='grc' dir='ltr'><strong>Ἐμ-</strong></span> 
     </span>
    </p>
   </div>
   <div class='ocr_carea' id='block_1_22' title="bbox 2073 785 3733 875">
    <p class='ocr_par' dir='ltr' id='par_1_22' title="bbox 2073 785 3733 875">
     <span class='ocr_line' id='line_1_22' title="bbox 2073 785 3733 875; baseline 0.007 -30"><span class='ocrx_word' id='word_1_142' title='bbox 2073 785 2269 847; x_wconf 79' lang='grc' dir='ltr'>ϐἀλλει</span> <span class='ocrx_word' id='word_1_143' title='bbox 2326 793 2429 867; x_wconf 76' lang='grc' dir='ltr'><strong>γὰρ</strong></span> <span class='ocrx_word' id='word_1_144' title='bbox 2498 795 2635 871; x_wconf 80' lang='grc' dir='ltr'>αὐτῇ</span> <span class='ocrx_word' id='word_1_145' title='bbox 2688 795 2793 869; x_wconf 76' lang='grc' dir='ltr'>ὅτι,</span> <span class='ocrx_word' id='word_1_146' title='bbox 2854 799 2951 853; x_wconf 85' lang='grc' dir='ltr'>Σοὶ</span> <span class='ocrx_word' id='word_1_147' title='bbox 3010 785 3342 875; x_wconf 80' lang='grc' dir='ltr'>πορνευσάσῃ</span> <span class='ocrx_word' id='word_1_148' title='bbox 3398 801 3530 856; x_wconf 86' lang='grc' dir='ltr'>ποία</span> <span class='ocrx_word' id='word_1_149' title='bbox 3585 785 3733 859; x_wconf 80' lang='grc' dir='ltr'>ἔσται</span> 
     </span>
    </p>
   </div>
   <div class='ocr_carea' id='block_1_23' title="bbox 2072 880 3736 965">
    <p class='ocr_par' dir='ltr' id='par_1_23' title="bbox 2072 880 3736 965">
     <span class='ocr_line' id='line_1_23' title="bbox 2072 880 3736 965; baseline 0.008 -31"><span class='ocrx_word' id='word_1_150' title='bbox 2072 880 2373 957; x_wconf 80' lang='grc' dir='ltr'><strong>συγγνώμη</strong></span> <span class='ocrx_word' id='word_1_151' title='bbox 2409 902 2423 953; x_wconf 86' lang='grc'><strong>;</strong></span> <span class='ocrx_word' id='word_1_152' title='bbox 2452 882 2549 939; x_wconf 82' lang='grc' dir='ltr'>Καὶ</span> <span class='ocrx_word' id='word_1_153' title='bbox 2579 889 2649 960; x_wconf 78' lang='grc' dir='ltr'><strong>τῇ</strong></span> <span class='ocrx_word' id='word_1_154' title='bbox 2682 885 2826 961; x_wconf 74' lang='grc' dir='ltr'>ἄλλη</span> <span class='ocrx_word' id='word_1_155' title='bbox 2871 886 3056 965; x_wconf 59' lang='grc' dir='ltr'>φησίν</span> <span class='ocrx_word' id='word_1_156' title='bbox 3091 886 3246 945; x_wconf 73' lang='grc' dir='ltr'>Οὕτω</span> <span class='ocrx_word' id='word_1_157' title='bbox 3277 910 3374 945; x_wconf 87' lang='grc' dir='ltr'><strong>σου</strong></span> <span class='ocrx_word' id='word_1_158' title='bbox 3403 888 3736 963; x_wconf 76' lang='grc' dir='ltr'>πλεονεκτη-</span> 
     </span>
    </p>
   </div>
   <div class='ocr_carea' id='block_1_24' title="bbox 2072 969 3732 1053">
    <p class='ocr_par' dir='ltr' id='par_1_24' title="bbox 2072 969 3732 1053">
     <span class='ocr_line' id='line_1_24' title="bbox 2072 969 3732 1053; baseline 0.008 -29"><span class='ocrx_word' id='word_1_159' title='bbox 2072 969 2262 1042; x_wconf 85' lang='grc' dir='ltr'>σάσης,</span> <span class='ocrx_word' id='word_1_160' title='bbox 2295 969 2553 1028; x_wconf 85' lang='grc' dir='ltr'>ἀδύνατόν</span> <span class='ocrx_word' id='word_1_161' title='bbox 2604 995 2661 1029; x_wconf 88' lang='grc' dir='ltr'><strong>σε</strong></span> <span class='ocrx_word' id='word_1_162' title='bbox 2708 976 2983 1050; x_wconf 74' lang='grc' dir='ltr'><strong>σωτηρίας</strong></span> <span class='ocrx_word' id='word_1_163' title='bbox 3032 983 3220 1053; x_wconf 84' lang='grc' dir='ltr'>τυχεῖν</span> <span class='ocrx_word' id='word_1_164' title='bbox 3253 1021 3266 1035; x_wconf 93' lang='grc'><strong>.</strong></span> <span class='ocrx_word' id='word_1_165' title='bbox 3300 978 3411 1041; x_wconf 80' lang='grc' dir='ltr'><strong>Τὰς</strong></span> <span class='ocrx_word' id='word_1_166' title='bbox 3460 977 3553 1035; x_wconf 79' lang='grc' dir='ltr'>οὖν</span> <span class='ocrx_word' id='word_1_167' title='bbox 3587 979 3732 1036; x_wconf 74' lang='grc' dir='ltr'>οὕτω</span> 
     </span>
    </p>
   </div>
   <div class='ocr_carea' id='block_1_25' title="bbox 2070 1057 3732 1146">
    <p class='ocr_par' dir='ltr' id='par_1_25' title="bbox 2070 1057 3732 1146">
     <span class='ocr_line' id='line_1_25' title="bbox 2070 1057 3732 1146; baseline 0.006 -33"><span class='ocrx_word' id='word_1_168' title='bbox 2070 1057 2433 1131; x_wconf 85' lang='grc' dir='ltr'>σαλευομένοις</span> <span class='ocrx_word' id='word_1_169' title='bbox 2491 1063 2671 1139; x_wconf 70' lang='grc' dir='ltr'>ψυχὰς</span> <span class='ocrx_word' id='word_1_170' title='bbox 2727 1066 3145 1140; x_wconf 66' lang='grc' dir='ltr'><strong>παραμυθητέον</strong></span> <span class='ocrx_word' id='word_1_171' title='bbox 3201 1065 3374 1129; x_wconf 75' lang='grc' dir='ltr'>οὕτως</span> <span class='ocrx_word' id='word_1_172' title='bbox 3415 1087 3428 1100; x_wconf 89' lang='grc'><strong>·</strong></span> <span class='ocrx_word' id='word_1_173' title='bbox 3495 1065 3578 1125; x_wconf 85' lang='grc' dir='ltr'><strong>δεῖ</strong></span> <span class='ocrx_word' id='word_1_174' title='bbox 3628 1069 3732 1146; x_wconf 73' lang='grc' dir='ltr'><strong>γὰρ</strong></span> 
     </span>
    </p>
   </div>
   <div class='ocr_carea' id='block_1_26' title="bbox 2068 1148 3727 1229">
    <p class='ocr_par' dir='ltr' id='par_1_26' title="bbox 2068 1148 3727 1229">
     <span class='ocr_line' id='line_1_26' title="bbox 2068 1148 3727 1229; baseline 0.007 -27"><span class='ocrx_word' id='word_1_175' title='bbox 2068 1148 2205 1222; x_wconf 80' lang='grc' dir='ltr'>πρὸς</span> <span class='ocrx_word' id='word_1_176' title='bbox 2234 1149 2397 1213; x_wconf 80' lang='grc' dir='ltr'>αὐτὰς</span> <span class='ocrx_word' id='word_1_177' title='bbox 2433 1152 2575 1207; x_wconf 69' lang='grc' dir='ltr'>οὕτω</span> <span class='ocrx_word' id='word_1_178' title='bbox 2606 1150 2807 1228; x_wconf 82' lang='grc' dir='ltr'>λέγειν·</span> <span class='ocrx_word' id='word_1_179' title='bbox 2870 1151 3033 1210; x_wconf 78' lang='grc' dir='ltr'>Ῥαὰϐ</span> <span class='ocrx_word' id='word_1_180' title='bbox 3063 1155 3239 1226; x_wconf 78' lang='grc' dir='ltr'>πόρνη</span> <span class='ocrx_word' id='word_1_181' title='bbox 3270 1158 3361 1225; x_wconf 72' lang='grc' dir='ltr'><strong>ἦν,</strong></span> <span class='ocrx_word' id='word_1_182' title='bbox 3392 1154 3522 1213; x_wconf 87' lang='grc' dir='ltr'>ἀλλ’</span> <span class='ocrx_word' id='word_1_183' title='bbox 3551 1156 3727 1229; x_wconf 79' lang='grc' dir='ltr'>ἐσώθη</span> 
     </span>
    </p>
   </div>
   <div class='ocr_carea' id='block_1_27' title="bbox 2070 1234 3728 1314">
    <p class='ocr_par' dir='ltr' id='par_1_27' title="bbox 2070 1234 3728 1314">
     <span class='ocr_line' id='line_1_27' title="bbox 2070 1234 3728 1314; baseline 0.007 -23"><span class='ocrx_word' id='word_1_184' title='bbox 2070 1234 2160 1292; x_wconf 75' lang='grc' dir='ltr'><strong>διὰ</strong></span> <span class='ocrx_word' id='word_1_185' title='bbox 2188 1237 2441 1302; x_wconf 81' lang='grc' dir='ltr'>πίστεως·</span> <span class='ocrx_word' id='word_1_186' title='bbox 2497 1239 2713 1304; x_wconf 77' lang='grc' dir='ltr'>Παῦλος</span> <span class='ocrx_word' id='word_1_187' title='bbox 2766 1239 3003 1314; x_wconf 85' lang='grc' dir='ltr'>διώκτης</span> <span class='ocrx_word' id='word_1_188' title='bbox 3054 1247 3147 1314; x_wconf 72' lang='grc' dir='ltr'>ἦν,</span> <span class='ocrx_word' id='word_1_189' title='bbox 3181 1243 3327 1301; x_wconf 85' lang='grc' dir='ltr'><strong>ἀλλά</strong></span> <span class='ocrx_word' id='word_1_190' title='bbox 3356 1250 3545 1309; x_wconf 88' lang='grc' dir='ltr'>σκεῦος</span> <span class='ocrx_word' id='word_1_191' title='bbox 3578 1246 3728 1303; x_wconf 71' lang='grc' dir='ltr'>ἐκκο-</span> 
     </span>
    </p>
   </div>
   <div class='ocr_carea' id='block_1_28' title="bbox 2069 1326 3730 1404">
    <p class='ocr_par' dir='ltr' id='par_1_28' title="bbox 2069 1326 3730 1404">
     <span class='ocr_line' id='line_1_28' title="bbox 2069 1326 3730 1404; baseline 0.005 -22"><span class='ocrx_word' id='word_1_192' title='bbox 2069 1334 2174 1402; x_wconf 82' lang='grc' dir='ltr'>γῆς</span> <span class='ocrx_word' id='word_1_193' title='bbox 2222 1326 2428 1404; x_wconf 80' lang='grc' dir='ltr'>γέγονε·</span> <span class='ocrx_word' id='word_1_194' title='bbox 2471 1332 2749 1393; x_wconf 84' lang='grc' dir='ltr'>Ματθαῖος</span> <span class='ocrx_word' id='word_1_195' title='bbox 2800 1330 3058 1399; x_wconf 82' lang='grc' dir='ltr'>τελώνης</span> <span class='ocrx_word' id='word_1_196' title='bbox 3111 1335 3201 1403; x_wconf 68' lang='grc' dir='ltr'>ἦν,</span> <span class='ocrx_word' id='word_1_197' title='bbox 3249 1333 3379 1390; x_wconf 85' lang='grc' dir='ltr'>ἀλλ’</span> <span class='ocrx_word' id='word_1_198' title='bbox 3422 1332 3602 1398; x_wconf 78' lang='grc' dir='ltr'>οὐδεὶς</span> <span class='ocrx_word' id='word_1_199' title='bbox 3630 1337 3730 1404; x_wconf 80' lang='grc' dir='ltr'>τὴν</span> 
     </span>
    </p>
   </div>
   <div class='ocr_carea' id='block_1_29' title="bbox 2067 1415 3733 1504">
    <p class='ocr_par' dir='ltr' id='par_1_29' title="bbox 2067 1415 3733 1504">
     <span class='ocr_line' id='line_1_29' title="bbox 2067 1415 3733 1504; baseline 0.007 -35"><span class='ocrx_word' id='word_1_200' title='bbox 2067 1415 2228 1492; x_wconf 81' lang='grc' dir='ltr'>χάριν</span> <span class='ocrx_word' id='word_1_201' title='bbox 2287 1417 2481 1473; x_wconf 86' lang='grc' dir='ltr'>τούτου</span> <span class='ocrx_word' id='word_1_202' title='bbox 2539 1418 2742 1495; x_wconf 55' lang='grc' dir='ltr'>ἀγνοεῖ</span> <span class='ocrx_word' id='word_1_203' title='bbox 2795 1421 2884 1476; x_wconf 80' lang='grc' dir='ltr'><strong>καὶ</strong></span> <span class='ocrx_word' id='word_1_204' title='bbox 2942 1422 2970 1476; x_wconf 85' lang='grc' dir='ltr'>ὁ</span> <span class='ocrx_word' id='word_1_205' title='bbox 3020 1419 3224 1497; x_wconf 74' lang='grc' dir='ltr'>λῃστὴς</span> <span class='ocrx_word' id='word_1_206' title='bbox 3274 1421 3441 1479; x_wconf 75' lang='grc' dir='ltr'>ἐσύλα</span> <span class='ocrx_word' id='word_1_207' title='bbox 3487 1424 3578 1481; x_wconf 84' lang='grc' dir='ltr'><strong>καὶ</strong></span> <span class='ocrx_word' id='word_1_208' title='bbox 3610 1424 3733 1504; x_wconf 80' lang='grc' dir='ltr'>ἐφό-</span> 
     </span>
    </p>
   </div>
   <div class='ocr_carea' id='block_1_30' title="bbox 2064 1504 3731 1590">
    <p class='ocr_par' dir='ltr' id='par_1_30' title="bbox 2064 1504 3731 1590">
     <span class='ocr_line' id='line_1_30' title="bbox 2064 1504 3731 1590; baseline 0.005 -31"><span class='ocrx_word' id='word_1_209' title='bbox 2064 1525 2235 1577; x_wconf 86' lang='grc' dir='ltr'>νευεν,</span> <span class='ocrx_word' id='word_1_210' title='bbox 2285 1504 2430 1563; x_wconf 85' lang='grc' dir='ltr'><strong>ἀλλά</strong></span> <span class='ocrx_word' id='word_1_211' title='bbox 2477 1512 2696 1584; x_wconf 84' lang='grc' dir='ltr'>πρῶτος</span> <span class='ocrx_word' id='word_1_212' title='bbox 2744 1511 2844 1579; x_wconf 76' lang='grc' dir='ltr'><strong>την</strong></span> <span class='ocrx_word' id='word_1_213' title='bbox 2897 1510 3059 1589; x_wconf 77' lang='grc' dir='ltr'>θύραν</span> <span class='ocrx_word' id='word_1_214' title='bbox 3111 1511 3308 1585; x_wconf 81' lang='grc' dir='ltr'>ἀνέῳξε</span> <span class='ocrx_word' id='word_1_215' title='bbox 3334 1518 3434 1568; x_wconf 89' lang='grc' dir='ltr'><strong>τοῦ</strong></span> <span class='ocrx_word' id='word_1_216' title='bbox 3464 1511 3731 1590; x_wconf 83' lang='grc' dir='ltr'>παραδεί-</span> 
     </span>
    </p>
   </div>
   <div class='ocr_carea' id='block_1_31' title="bbox 2066 1595 3729 1677">
    <p class='ocr_par' dir='ltr' id='par_1_31' title="bbox 2066 1595 3729 1677">
     <span class='ocr_line' id='line_1_31' title="bbox 2066 1595 3729 1677; baseline 0.008 -30"><span class='ocrx_word' id='word_1_217' title='bbox 2066 1613 2183 1653; x_wconf 88' lang='grc' dir='ltr'>σου.</span> <span class='ocrx_word' id='word_1_218' title='bbox 2214 1595 2436 1661; x_wconf 78' lang='grc' dir='ltr'>Τούτοις</span> <span class='ocrx_word' id='word_1_219' title='bbox 2469 1596 2560 1652; x_wconf 78' lang='grc' dir='ltr'>οὖν</span> <span class='ocrx_word' id='word_1_220' title='bbox 2610 1598 3004 1671; x_wconf 77' lang='grc' dir='ltr'>ἐνατενίζουσα,</span> <span class='ocrx_word' id='word_1_221' title='bbox 3038 1601 3114 1674; x_wconf 74' lang='grc' dir='ltr'>μή</span> <span class='ocrx_word' id='word_1_222' title='bbox 3161 1601 3412 1677; x_wconf 84' lang='grc' dir='ltr'>ἀπογνῷς</span> <span class='ocrx_word' id='word_1_223' title='bbox 3441 1610 3541 1673; x_wconf 74' lang='grc' dir='ltr'><strong>τῆς</strong></span> <span class='ocrx_word' id='word_1_224' title='bbox 3573 1624 3729 1660; x_wconf 85' lang='grc' dir='ltr'>σεαυ-</span> 
     </span>
    </p>
   </div>
   <div class='ocr_carea' id='block_1_32' title="bbox 2062 1685 2406 1760">
    <p class='ocr_par' dir='ltr' id='par_1_32' title="bbox 2062 1685 2406 1760">
     <span class='ocr_line' id='line_1_32' title="bbox 2062 1685 2406 1760; baseline -0.006 -9"><span class='ocrx_word' id='word_1_225' title='bbox 2062 1688 2164 1751; x_wconf 78' lang='grc' dir='ltr'>τῆς</span> <span class='ocrx_word' id='word_1_226' title='bbox 2195 1685 2406 1760; x_wconf 73' lang='grc' dir='ltr'>ψυχῆς.</span> 
     </span>
    </p>
   </div>
   <div class='ocr_carea' id='block_1_33' title="bbox 2129 1790 3725 1872">
    <p class='ocr_par' dir='ltr' id='par_1_33' title="bbox 2129 1790 3725 1872">
     <span class='ocr_line' id='line_1_33' title="bbox 2129 1790 3725 1872; baseline 0.005 -25"><span class='ocrx_word' id='word_1_227' title='bbox 2129 1791 2221 1847; x_wconf 90' lang='grc'><strong>53.</strong></span> <span class='ocrx_word' id='word_1_228' title='bbox 2249 1790 2399 1848; x_wconf 82' lang='grc' dir='ltr'>Ἐπεὶ</span> <span class='ocrx_word' id='word_1_229' title='bbox 2439 1790 2497 1848; x_wconf 74' lang='grc' dir='ltr'>δὲ</span> <span class='ocrx_word' id='word_1_230' title='bbox 2537 1798 2705 1850; x_wconf 85' lang='grc' dir='ltr'>ταῦτα</span> <span class='ocrx_word' id='word_1_231' title='bbox 2749 1795 2970 1858; x_wconf 89' lang='grc' dir='ltr'>ταύταις</span> <span class='ocrx_word' id='word_1_232' title='bbox 3018 1795 3267 1871; x_wconf 72' lang='grc' dir='ltr'>εὑρήσεις</span> <span class='ocrx_word' id='word_1_233' title='bbox 3318 1795 3585 1872; x_wconf 79' lang='grc' dir='ltr'>ἁρμόδια,</span> <span class='ocrx_word' id='word_1_234' title='bbox 3635 1795 3725 1855; x_wconf 79' lang='grc' dir='ltr'><strong>δεῖ</strong></span> 
     </span>
    </p>
   </div>
   <div class='ocr_carea' id='block_1_34' title="bbox 296 1878 1940 1968">
    <p class='ocr_par' dir='ltr' id='par_1_34' title="bbox 296 1880 1940 1953">
     <span class='ocr_line' id='line_1_34' title="bbox 296 1880 1940 1953; baseline -0.002 -14"><span class='ocrx_word' id='word_1_235' title='bbox 296 1885 612 1949; x_wconf 85' lang='lat' dir='ltr'><strong>inveneris,</strong></span> <span class='ocrx_word' id='word_1_236' title='bbox 645 1899 749 1953; x_wconf 92' lang='lat' dir='ltr'><strong>par</strong></span> <span class='ocrx_word' id='word_1_237' title='bbox 793 1881 867 1937; x_wconf 91' lang='lat' dir='ltr'><strong>iis</strong></span> <span class='ocrx_word' id='word_1_238' title='bbox 896 1898 1025 1952; x_wconf 59' lang='lat' dir='ltr'><strong>quae</strong></span> <span class='ocrx_word' id='word_1_239' title='bbox 1057 1880 1337 1953; x_wconf 83' lang='lat' dir='ltr'><strong>superbia</strong></span> <span class='ocrx_word' id='word_1_240' title='bbox 1366 1886 1549 1953; x_wconf 68' lang='lat' dir='ltr'><strong>captaa</strong></span> <span class='ocrx_word' id='word_1_241' title='bbox 1595 1886 1737 1937; x_wconf 88' lang='lat' dir='ltr'><strong>sunt</strong></span> <span class='ocrx_word' id='word_1_242' title='bbox 1783 1880 1940 1938; x_wconf 89' lang='lat' dir='ltr'><strong>adhi-</strong></span> 
     </span>
    </p>
   </div>
   <div class='ocr_carea' id='block_1_35' title="bbox 2051 1878 3724 1968">
    <p class='ocr_par' dir='ltr' id='par_1_35' title="bbox 2060 1878 3724 1961">
     <span class='ocr_line' id='line_1_35' title="bbox 2060 1878 3724 1961; baseline 0.008 -29"><span class='ocrx_word' id='word_1_243' title='bbox 2060 1878 2149 1932; x_wconf 82' lang='grc' dir='ltr'>καὶ</span> <span class='ocrx_word' id='word_1_244' title='bbox 2197 1884 2306 1934; x_wconf 82' lang='grc' dir='ltr'>τῶν</span> <span class='ocrx_word' id='word_1_245' title='bbox 2361 1880 2430 1955; x_wconf 73' lang='grc' dir='ltr'><strong>τῇ</strong></span> <span class='ocrx_word' id='word_1_246' title='bbox 2474 1882 2808 1961; x_wconf 70' lang='grc' dir='ltr'>ὑπερηφανίᾳ</span> <span class='ocrx_word' id='word_1_247' title='bbox 2866 1883 3243 1959; x_wconf 67' lang='grc' dir='ltr'>ἁλισκομένων</span> <span class='ocrx_word' id='word_1_248' title='bbox 3302 1888 3576 1942; x_wconf 78' lang='grc' dir='ltr'>ποιεῖσθαι</span> <span class='ocrx_word' id='word_1_249' title='bbox 3624 1888 3724 1945; x_wconf 82' lang='grc' dir='ltr'>αὑ-</span> 
     </span>
    </p>
   </div>
   <div class='ocr_carea' id='block_1_36' title="bbox 298 1970 1945 2042">
    <p class='ocr_par' dir='ltr' id='par_1_36' title="bbox 298 1970 1945 2042">
     <span class='ocr_line' id='line_1_36' title="bbox 298 1970 1945 2042; baseline -0.001 -13"><span class='ocrx_word' id='word_1_250' title='bbox 298 1973 487 2029; x_wconf 89' lang='lat' dir='ltr'><strong>benda</strong></span> <span class='ocrx_word' id='word_1_251' title='bbox 517 1972 739 2027; x_wconf 87' lang='lat' dir='ltr'><strong>curatio</strong></span> <span class='ocrx_word' id='word_1_252' title='bbox 759 1976 868 2027; x_wconf 84' lang='lat' dir='ltr'><strong>est.</strong></span> <span class='ocrx_word' id='word_1_253' title='bbox 895 1970 982 2026; x_wconf 89' lang='lat' dir='ltr'><strong>Ita</strong></span> <span class='ocrx_word' id='word_1_254' title='bbox 1003 1986 1259 2041; x_wconf 84' lang='lat' dir='ltr'><strong>namque</strong></span> <span class='ocrx_word' id='word_1_255' title='bbox 1278 1987 1408 2026; x_wconf 88' lang='lat' dir='ltr'><strong>eam</strong></span> <span class='ocrx_word' id='word_1_256' title='bbox 1440 1970 1656 2042; x_wconf 89' lang='lat' dir='ltr'><strong>alloqui</strong></span> <span class='ocrx_word' id='word_1_257' title='bbox 1680 1976 1910 2042; x_wconf 85' lang='lat' dir='ltr'><strong>Oportet</strong></span> <span class='ocrx_word' id='word_1_258' title='bbox 1932 1988 1945 2027; x_wconf 93' lang='lat'>:</span> 
     </span>
    </p>
   </div>
   <div class='ocr_carea' id='block_1_37' title="bbox 299 2057 1951 2130">
    <p class='ocr_par' dir='ltr' id='par_1_37' title="bbox 299 2057 1951 2130">
     <span class='ocr_line' id='line_1_37' title="bbox 299 2057 1951 2130; baseline -0.001 -13"><span class='ocrx_word' id='word_1_259' title='bbox 299 2064 592 2127; x_wconf 85' lang='lat' dir='ltr'><strong>Quorsum</strong></span> <span class='ocrx_word' id='word_1_260' title='bbox 623 2057 899 2117; x_wconf 82' lang='lat' dir='ltr'><strong>inﬂaris?</strong></span> <span class='ocrx_word' id='word_1_261' title='bbox 929 2060 1012 2115; x_wconf 84' lang='lat' dir='ltr'><strong>An</strong></span> <span class='ocrx_word' id='word_1_262' title='bbox 1044 2058 1184 2130; x_wconf 87' lang='lat' dir='ltr'><strong>quia</strong></span> <span class='ocrx_word' id='word_1_263' title='bbox 1231 2076 1437 2115; x_wconf 91' lang='lat' dir='ltr'><strong>carnes</strong></span> <span class='ocrx_word' id='word_1_264' title='bbox 1486 2076 1600 2114; x_wconf 90' lang='lat' dir='ltr'><strong>non</strong></span> <span class='ocrx_word' id='word_1_265' title='bbox 1650 2059 1951 2116; x_wconf 74' lang='lat' dir='ltr'><strong>comedis?</strong></span> 
     </span>
    </p>
   </div>
   <div class='ocr_carea' id='block_1_38' title="bbox 299 2147 1950 2221">
    <p class='ocr_par' dir='ltr' id='par_1_38' title="bbox 299 2147 1950 2221">
     <span class='ocr_line' id='line_1_38' title="bbox 299 2147 1950 2221; baseline -0.003 -14"><span class='ocrx_word' id='word_1_266' title='bbox 299 2152 400 2207; x_wconf 87' lang='lat' dir='ltr'><strong>alii</strong></span> <span class='ocrx_word' id='word_1_267' title='bbox 433 2167 505 2206; x_wconf 90' lang='lat' dir='ltr'><strong>ne</strong></span> <span class='ocrx_word' id='word_1_268' title='bbox 534 2149 752 2221; x_wconf 86' lang='lat' dir='ltr'><strong>piscem</strong></span> <span class='ocrx_word' id='word_1_269' title='bbox 800 2147 1039 2219; x_wconf 89' lang='lat' dir='ltr'><strong>quidem</strong></span> <span class='ocrx_word' id='word_1_270' title='bbox 1079 2147 1295 2203; x_wconf 88' lang='lat' dir='ltr'><strong>vident.</strong></span> <span class='ocrx_word' id='word_1_271' title='bbox 1328 2148 1489 2211; x_wconf 87' lang='lat' dir='ltr'><strong>Quod</strong></span> <span class='ocrx_word' id='word_1_272' title='bbox 1522 2148 1572 2203; x_wconf 89' lang='lat' dir='ltr'><strong>si</strong></span> <span class='ocrx_word' id='word_1_273' title='bbox 1603 2148 1734 2204; x_wconf 91' lang='lat' dir='ltr'><strong>vino</strong></span> <span class='ocrx_word' id='word_1_274' title='bbox 1764 2148 1950 2205; x_wconf 83' lang='lat' dir='ltr'><strong>absti-</strong></span> 
     </span>
    </p>
   </div>
   <div class='ocr_carea' id='block_1_39' title="bbox 301 2235 1949 2309">
    <p class='ocr_par' dir='ltr' id='par_1_39' title="bbox 301 2235 1949 2309">
     <span class='ocr_line' id='line_1_39' title="bbox 301 2235 1949 2309; baseline -0.002 -13"><span class='ocrx_word' id='word_1_275' title='bbox 301 2257 425 2306; x_wconf 87' lang='lat' dir='ltr'><strong>nes,</strong></span> <span class='ocrx_word' id='word_1_276' title='bbox 460 2238 682 2309; x_wconf 84' lang='lat' dir='ltr'><strong>respice</strong></span> <span class='ocrx_word' id='word_1_277' title='bbox 711 2235 857 2292; x_wconf 84' lang='lat' dir='ltr'><strong>alios</strong></span> <span class='ocrx_word' id='word_1_278' title='bbox 888 2236 992 2306; x_wconf 90' lang='lat' dir='ltr'><strong>qui</strong></span> <span class='ocrx_word' id='word_1_279' title='bbox 1022 2251 1092 2291; x_wconf 88' lang='lat' dir='ltr'><strong>ne</strong></span> <span class='ocrx_word' id='word_1_280' title='bbox 1121 2235 1249 2291; x_wconf 91' lang='lat' dir='ltr'><strong>oleo</strong></span> <span class='ocrx_word' id='word_1_281' title='bbox 1281 2236 1516 2304; x_wconf 83' lang='lat' dir='ltr'><strong>quidem</strong></span> <span class='ocrx_word' id='word_1_282' title='bbox 1553 2241 1821 2292; x_wconf 87' lang='lat' dir='ltr'><strong>utuntur.</strong></span> <span class='ocrx_word' id='word_1_283' title='bbox 1854 2236 1949 2293; x_wconf 86' lang='lat' dir='ltr'><strong>Je-</strong></span> 
     </span>
    </p>
   </div>
   <div class='ocr_carea' id='block_1_40' title="bbox 292 2324 1950 2402">
    <p class='ocr_par' dir='ltr' id='par_1_40' title="bbox 292 2324 1950 2402">
     <span class='ocr_line' id='line_1_40' title="bbox 292 2324 1950 2402; baseline -0.002 -17"><span class='ocrx_word' id='word_1_284' title='bbox 292 2331 477 2402; x_wconf 87' lang='lat' dir='ltr'><strong>junas</strong></span> <span class='ocrx_word' id='word_1_285' title='bbox 525 2343 710 2398; x_wconf 87' lang='lat' dir='ltr'><strong>usque</strong></span> <span class='ocrx_word' id='word_1_286' title='bbox 740 2326 812 2381; x_wconf 85' lang='lat' dir='ltr'><strong>ad</strong></span> <span class='ocrx_word' id='word_1_287' title='bbox 843 2341 1140 2396; x_wconf 81' lang='lat' dir='ltr'><strong>vesperam</strong></span> <span class='ocrx_word' id='word_1_288' title='bbox 1165 2324 1192 2379; x_wconf 77' lang='lat' dir='ltr'><strong>‘I</strong></span> <span class='ocrx_word' id='word_1_289' title='bbox 1240 2324 1536 2380; x_wconf 56' lang='lat' dir='ltr'><strong>nonnulla</strong></span> <span class='ocrx_word' id='word_1_290' title='bbox 1567 2327 1715 2382; x_wconf 88' lang='lat' dir='ltr'><strong>duos</strong></span> <span class='ocrx_word' id='word_1_291' title='bbox 1764 2330 1950 2382; x_wconf 76' lang='lat' dir='ltr'><strong>tresve</strong></span> 
     </span>
    </p>
   </div>
   <div class='ocr_carea' id='block_1_41' title="bbox 295 2413 1950 2486">
    <p class='ocr_par' dir='ltr' id='par_1_41' title="bbox 295 2413 1950 2486">
     <span class='ocr_line' id='line_1_41' title="bbox 295 2413 1950 2486; baseline -0.002 -12"><span class='ocrx_word' id='word_1_292' title='bbox 295 2419 423 2475; x_wconf 85' lang='lat' dir='ltr'><strong>dies</strong></span> <span class='ocrx_word' id='word_1_293' title='bbox 454 2418 512 2473; x_wconf 87' lang='lat' dir='ltr'><strong>in</strong></span> <span class='ocrx_word' id='word_1_294' title='bbox 542 2415 658 2473; x_wconf 89' lang='lat' dir='ltr'><strong>cibi</strong></span> <span class='ocrx_word' id='word_1_295' title='bbox 710 2415 1071 2472; x_wconf 87' lang='lat' dir='ltr'><strong>abstinentia</strong></span> <span class='ocrx_word' id='word_1_296' title='bbox 1119 2413 1478 2486; x_wconf 88' lang='lat' dir='ltr'><strong>transigunt.</strong></span> <span class='ocrx_word' id='word_1_297' title='bbox 1511 2414 1777 2470; x_wconf 88' lang='lat' dir='ltr'><strong>Forsitan</strong></span> <span class='ocrx_word' id='word_1_298' title='bbox 1809 2414 1950 2485; x_wconf 88' lang='lat' dir='ltr'><strong>quia</strong></span> 
     </span>
    </p>
   </div>
   <div class='ocr_carea' id='block_1_42' title="bbox 293 2502 1945 2575">
    <p class='ocr_par' dir='ltr' id='par_1_42' title="bbox 293 2502 1945 2575">
     <span class='ocr_line' id='line_1_42' title="bbox 293 2502 1945 2575; baseline -0.004 -10"><span class='ocrx_word' id='word_1_299' title='bbox 293 2507 502 2565; x_wconf 89' lang='lat' dir='ltr'><strong>balneo</strong></span> <span class='ocrx_word' id='word_1_300' title='bbox 534 2523 648 2561; x_wconf 91' lang='lat' dir='ltr'><strong>non</strong></span> <span class='ocrx_word' id='word_1_301' title='bbox 684 2504 865 2560; x_wconf 91' lang='lat' dir='ltr'><strong>uteris</strong></span> <span class='ocrx_word' id='word_1_302' title='bbox 903 2502 1081 2559; x_wconf 87' lang='lat' dir='ltr'><strong>altius</strong></span> <span class='ocrx_word' id='word_1_303' title='bbox 1113 2503 1316 2575; x_wconf 83' lang='lat' dir='ltr'><strong>sapis?</strong></span> <span class='ocrx_word' id='word_1_304' title='bbox 1366 2502 1537 2557; x_wconf 91' lang='lat' dir='ltr'><strong>multi</strong></span> <span class='ocrx_word' id='word_1_305' title='bbox 1587 2519 1719 2557; x_wconf 90' lang='lat' dir='ltr'><strong>cum</strong></span> <span class='ocrx_word' id='word_1_306' title='bbox 1769 2502 1945 2559; x_wconf 86' lang='lat' dir='ltr'><strong>etiam</strong></span> 
     </span>
    </p>
   </div>
   <div class='ocr_carea' id='block_1_43' title="bbox 291 2591 1945 2670">
    <p class='ocr_par' dir='ltr' id='par_1_43' title="bbox 291 2591 1945 2670">
     <span class='ocr_line' id='line_1_43' title="bbox 291 2591 1945 2670; baseline -0.004 -16"><span class='ocrx_word' id='word_1_307' title='bbox 291 2600 641 2670; x_wconf 67' lang='lat' dir='ltr'><strong>mgrotarent</strong></span> <span class='ocrx_word' id='word_1_308' title='bbox 672 2592 1013 2649; x_wconf 86' lang='lat' dir='ltr'><strong>nullatenus</strong></span> <span class='ocrx_word' id='word_1_309' title='bbox 1041 2608 1106 2648; x_wconf 92' lang='lat' dir='ltr'><strong>eo</strong></span> <span class='ocrx_word' id='word_1_310' title='bbox 1128 2597 1267 2647; x_wconf 91' lang='lat' dir='ltr'><strong>sunt</strong></span> <span class='ocrx_word' id='word_1_311' title='bbox 1299 2592 1410 2646; x_wconf 89' lang='lat' dir='ltr'><strong>usi.</strong></span> <span class='ocrx_word' id='word_1_312' title='bbox 1434 2591 1511 2648; x_wconf 92' lang='lat' dir='ltr'><strong>Te</strong></span> <span class='ocrx_word' id='word_1_313' title='bbox 1541 2592 1786 2647; x_wconf 84' lang='lat' dir='ltr'><strong>fortasse</strong></span> <span class='ocrx_word' id='word_1_314' title='bbox 1819 2592 1945 2648; x_wconf 92' lang='lat' dir='ltr'><strong>ideo</strong></span> 
     </span>
    </p>
   </div>
   <div class='ocr_carea' id='block_1_44' title="bbox 289 2680 1945 2755">
    <p class='ocr_par' dir='ltr' id='par_1_44' title="bbox 289 2680 1945 2755">
     <span class='ocr_line' id='line_1_44' title="bbox 289 2680 1945 2755; baseline -0.004 -13"><span class='ocrx_word' id='word_1_315' title='bbox 289 2684 624 2753; x_wconf 81' lang='lat' dir='ltr'><strong>admiraris,</strong></span> <span class='ocrx_word' id='word_1_316' title='bbox 666 2683 807 2755; x_wconf 89' lang='lat' dir='ltr'><strong>quia</strong></span> <span class='ocrx_word' id='word_1_317' title='bbox 853 2682 912 2746; x_wconf 81' lang='lat' dir='ltr'><strong>in</strong></span> <span class='ocrx_word' id='word_1_318' title='bbox 964 2687 1147 2737; x_wconf 88' lang='lat' dir='ltr'><strong>matta</strong></span> <span class='ocrx_word' id='word_1_319' title='bbox 1198 2681 1421 2737; x_wconf 83' lang='lat' dir='ltr'><strong>dormis</strong></span> <span class='ocrx_word' id='word_1_320' title='bbox 1481 2687 1539 2736; x_wconf 91' lang='lat' dir='ltr'><strong>et</strong></span> <span class='ocrx_word' id='word_1_321' title='bbox 1596 2681 1654 2735; x_wconf 89' lang='lat' dir='ltr'><strong>in</strong></span> <span class='ocrx_word' id='word_1_322' title='bbox 1714 2680 1945 2737; x_wconf 84' lang='lat' dir='ltr'><strong>cilicino</strong></span> 
     </span>
    </p>
   </div>
   <div class='ocr_carea' id='block_1_45' title="bbox 288 2769 1942 2841">
    <p class='ocr_par' dir='ltr' id='par_1_45' title="bbox 288 2769 1942 2841">
     <span class='ocr_line' id='line_1_45' title="bbox 288 2769 1942 2841; baseline -0.002 -10"><span class='ocrx_word' id='word_1_323' title='bbox 288 2772 656 2831; x_wconf 88' lang='lat' dir='ltr'><strong>stramento?</strong></span> <span class='ocrx_word' id='word_1_324' title='bbox 687 2771 797 2825; x_wconf 85' lang='lat' dir='ltr'><strong>Alii</strong></span> <span class='ocrx_word' id='word_1_325' title='bbox 831 2775 1027 2826; x_wconf 89' lang='lat' dir='ltr'><strong>autem</strong></span> <span class='ocrx_word' id='word_1_326' title='bbox 1059 2769 1299 2826; x_wconf 87' lang='lat' dir='ltr'><strong>assidue</strong></span> <span class='ocrx_word' id='word_1_327' title='bbox 1333 2770 1496 2825; x_wconf 90' lang='lat' dir='ltr'><strong>humi</strong></span> <span class='ocrx_word' id='word_1_328' title='bbox 1524 2772 1762 2839; x_wconf 89' lang='lat' dir='ltr'><strong>cubant,</strong></span> <span class='ocrx_word' id='word_1_329' title='bbox 1787 2771 1942 2841; x_wconf 88' lang='lat' dir='ltr'><strong>quod</strong></span> 
     </span>
    </p>
   </div>
   <div class='ocr_carea' id='block_1_46' title="bbox 287 2858 1946 2930">
    <p class='ocr_par' dir='ltr' id='par_1_46' title="bbox 287 2858 1946 2930">
     <span class='ocr_line' id='line_1_46' title="bbox 287 2858 1946 2930; baseline -0.003 -11"><span class='ocrx_word' id='word_1_330' title='bbox 287 2862 520 2919; x_wconf 86' lang='lat' dir='ltr'><strong>etiamsi</strong></span> <span class='ocrx_word' id='word_1_331' title='bbox 576 2867 637 2916; x_wconf 90' lang='lat' dir='ltr'><strong>tu</strong></span> <span class='ocrx_word' id='word_1_332' title='bbox 688 2861 929 2929; x_wconf 85' lang='lat' dir='ltr'><strong>faceres,</strong></span> <span class='ocrx_word' id='word_1_333' title='bbox 976 2875 1091 2915; x_wconf 92' lang='lat' dir='ltr'><strong>non</strong></span> <span class='ocrx_word' id='word_1_334' title='bbox 1137 2858 1336 2930; x_wconf 86' lang='lat' dir='ltr'><strong>magni</strong></span> <span class='ocrx_word' id='word_1_335' title='bbox 1382 2858 1524 2930; x_wconf 88' lang='lat' dir='ltr'><strong>quid</strong></span> <span class='ocrx_word' id='word_1_336' title='bbox 1571 2865 1770 2914; x_wconf 87' lang='lat' dir='ltr'><strong>esset:</strong></span> <span class='ocrx_word' id='word_1_337' title='bbox 1806 2863 1946 2914; x_wconf 87' lang='lat' dir='ltr'><strong>sunt</strong></span> 
     </span>
    </p>
   </div>
   <div class='ocr_carea' id='block_1_47' title="bbox 283 2946 1945 3023">
    <p class='ocr_par' dir='ltr' id='par_1_47' title="bbox 283 2946 1945 3023">
     <span class='ocr_line' id='line_1_47' title="bbox 283 2946 1945 3023; baseline -0.003 -14"><span class='ocrx_word' id='word_1_338' title='bbox 283 2952 439 3009; x_wconf 88' lang='lat' dir='ltr'><strong>enim</strong></span> <span class='ocrx_word' id='word_1_339' title='bbox 471 2951 570 3023; x_wconf 92' lang='lat' dir='ltr'><strong>qui</strong></span> <span class='ocrx_word' id='word_1_340' title='bbox 605 2949 780 3007; x_wconf 89' lang='lat' dir='ltr'><strong>etiam</strong></span> <span class='ocrx_word' id='word_1_341' title='bbox 812 2948 925 3006; x_wconf 87' lang='lat' dir='ltr'><strong>sibi</strong></span> <span class='ocrx_word' id='word_1_342' title='bbox 969 2946 1196 3020; x_wconf 87' lang='lat' dir='ltr'><strong>lapides</strong></span> <span class='ocrx_word' id='word_1_343' title='bbox 1227 2949 1630 3018; x_wconf 84' lang='lat' dir='ltr'><strong>subjecerunt.</strong></span> <span class='ocrx_word' id='word_1_344' title='bbox 1667 2964 1737 3003; x_wconf 90' lang='lat' dir='ltr'><strong>ne</strong></span> <span class='ocrx_word' id='word_1_345' title='bbox 1769 2948 1945 3004; x_wconf 87' lang='lat' dir='ltr'><strong>rebus</strong></span> 
     </span>
    </p>
   </div>
   <div class='ocr_carea' id='block_1_48' title="bbox 285 3036 1943 3109">
    <p class='ocr_par' dir='ltr' id='par_1_48' title="bbox 285 3036 1943 3109">
     <span class='ocr_line' id='line_1_48' title="bbox 285 3036 1943 3109; baseline -0.003 -12"><span class='ocrx_word' id='word_1_346' title='bbox 285 3039 658 3097; x_wconf 86' lang='lat' dir='ltr'><strong>naturalibus</strong></span> <span class='ocrx_word' id='word_1_347' title='bbox 700 3054 837 3093; x_wconf 90' lang='lat' dir='ltr'><strong>cum</strong></span> <span class='ocrx_word' id='word_1_348' title='bbox 870 3036 1167 3109; x_wconf 88' lang='lat' dir='ltr'><strong>voluptate</strong></span> <span class='ocrx_word' id='word_1_349' title='bbox 1208 3036 1560 3092; x_wconf 86' lang='lat' dir='ltr'><strong>fruerentur.</strong></span> <span class='ocrx_word' id='word_1_350' title='bbox 1594 3037 1706 3092; x_wconf 89' lang='lat' dir='ltr'><strong>Alii</strong></span> <span class='ocrx_word' id='word_1_351' title='bbox 1757 3042 1943 3092; x_wconf 87' lang='lat' dir='ltr'><strong>totam</strong></span> 
     </span>
    </p>
   </div>
   <div class='ocr_carea' id='block_1_49' title="bbox 288 3125 1946 3199">
    <p class='ocr_par' dir='ltr' id='par_1_49' title="bbox 288 3125 1946 3199">
     <span class='ocr_line' id='line_1_49' title="bbox 288 3125 1946 3199; baseline -0.003 -13"><span class='ocrx_word' id='word_1_352' title='bbox 288 3134 514 3187; x_wconf 88' lang='lat' dir='ltr'><strong>noctem</strong></span> <span class='ocrx_word' id='word_1_353' title='bbox 573 3127 849 3199; x_wconf 88' lang='lat' dir='ltr'><strong>suspensi</strong></span> <span class='ocrx_word' id='word_1_354' title='bbox 901 3131 1332 3197; x_wconf 89' lang='lat' dir='ltr'><strong>transegerunt.</strong></span> <span class='ocrx_word' id='word_1_355' title='bbox 1367 3125 1478 3180; x_wconf 91' lang='lat' dir='ltr'><strong>Sed</strong></span> <span class='ocrx_word' id='word_1_356' title='bbox 1536 3125 1768 3182; x_wconf 88' lang='lat' dir='ltr'><strong>etiamsi</strong></span> <span class='ocrx_word' id='word_1_357' title='bbox 1824 3126 1946 3181; x_wconf 79' lang='lat' dir='ltr'><strong>ha-c</strong></span> 
     </span>
    </p>
   </div>
   <div class='ocr_carea' id='block_1_50' title="bbox 289 3213 1942 3290">
    <p class='ocr_par' dir='ltr' id='par_1_50' title="bbox 289 3213 1942 3290">
     <span class='ocr_line' id='line_1_50' title="bbox 289 3213 1942 3290; baseline -0.004 -16"><span class='ocrx_word' id='word_1_358' title='bbox 289 3218 489 3275; x_wconf 86' lang='lat' dir='ltr'><strong>omnia</strong></span> <span class='ocrx_word' id='word_1_359' title='bbox 516 3217 878 3290; x_wconf 88' lang='lat' dir='ltr'><strong>designares,</strong></span> <span class='ocrx_word' id='word_1_360' title='bbox 902 3232 968 3271; x_wconf 90' lang='lat' dir='ltr'><strong>ac</strong></span> <span class='ocrx_word' id='word_1_361' title='bbox 1000 3230 1336 3285; x_wconf 87' lang='lat' dir='ltr'><strong>supremam</strong></span> <span class='ocrx_word' id='word_1_362' title='bbox 1368 3214 1637 3270; x_wconf 90' lang='lat' dir='ltr'><strong>omnium</strong></span> <span class='ocrx_word' id='word_1_363' title='bbox 1668 3213 1942 3271; x_wconf 84' lang='lat' dir='ltr'><strong>exercita-</strong></span> 
     </span>
    </p>
   </div>
   <div class='ocr_carea' id='block_1_51' title="bbox 288 3304 1942 3379">
    <p class='ocr_par' dir='ltr' id='par_1_51' title="bbox 288 3304 1942 3379">
     <span class='ocr_line' id='line_1_51' title="bbox 288 3304 1942 3379; baseline -0.002 -17"><span class='ocrx_word' id='word_1_364' title='bbox 288 3306 508 3364; x_wconf 86' lang='lat' dir='ltr'><strong>tionem</strong></span> <span class='ocrx_word' id='word_1_365' title='bbox 538 3305 879 3379; x_wconf 89' lang='lat' dir='ltr'><strong>attingeres,</strong></span> <span class='ocrx_word' id='word_1_366' title='bbox 906 3321 978 3359; x_wconf 90' lang='lat' dir='ltr'><strong>ne</strong></span> <span class='ocrx_word' id='word_1_367' title='bbox 1005 3320 1286 3375; x_wconf 89' lang='lat' dir='ltr'><strong>magnum</strong></span> <span class='ocrx_word' id='word_1_368' title='bbox 1318 3304 1536 3374; x_wconf 86' lang='lat' dir='ltr'><strong>sapias.</strong></span> <span class='ocrx_word' id='word_1_369' title='bbox 1570 3304 1795 3358; x_wconf 72' lang='lat' dir='ltr'><strong>Etenim</strong></span> <span class='ocrx_word' id='word_1_370' title='bbox 1828 3305 1942 3359; x_wconf 87' lang='lat' dir='ltr'><strong>dae-</strong></span> 
     </span>
    </p>
   </div>
   <div class='ocr_carea' id='block_1_52' title="bbox 290 3385 1944 3467">
    <p class='ocr_par' dir='ltr' id='par_1_52' title="bbox 290 3385 1944 3467">
     <span class='ocr_line' id='line_1_52' title="bbox 290 3385 1944 3467; baseline -0.002 -15"><span class='ocrx_word' id='word_1_371' title='bbox 290 3414 493 3453; x_wconf 87' lang='lat' dir='ltr'><strong>mones</strong></span> <span class='ocrx_word' id='word_1_372' title='bbox 526 3395 694 3467; x_wconf 86' lang='lat' dir='ltr'><strong>plura</strong></span> <span class='ocrx_word' id='word_1_373' title='bbox 724 3409 902 3467; x_wconf 89' lang='lat' dir='ltr'><strong>quam</strong></span> <span class='ocrx_word' id='word_1_374' title='bbox 928 3399 991 3448; x_wconf 90' lang='lat' dir='ltr'><strong>tu</strong></span> <span class='ocrx_word' id='word_1_375' title='bbox 1022 3392 1421 3464; x_wconf 66' lang='lat' dir='ltr'><strong>prestiterunt</strong></span> <span class='ocrx_word' id='word_1_376' title='bbox 1447 3385 1506 3447; x_wconf 87' lang='lat' dir='ltr'><strong>et</strong></span> <span class='ocrx_word' id='word_1_377' title='bbox 1534 3398 1815 3463; x_wconf 70' lang='lat' dir='ltr'><strong>praestant</strong></span> <span class='ocrx_word' id='word_1_378' title='bbox 1844 3392 1944 3448; x_wconf 91' lang='lat' dir='ltr'><strong>ho-</strong></span> 
     </span>
    </p>
   </div>
   <div class='ocr_carea' id='block_1_53' title="bbox 287 3481 1941 3559">
    <p class='ocr_par' dir='ltr' id='par_1_53' title="bbox 287 3481 1941 3559">
     <span class='ocr_line' id='line_1_53' title="bbox 287 3481 1941 3559; baseline -0.004 -17"><span class='ocrx_word' id='word_1_379' title='bbox 287 3486 517 3559; x_wconf 80' lang='lat' dir='ltr'><strong>dieque.</strong></span> <span class='ocrx_word' id='word_1_380' title='bbox 551 3485 698 3541; x_wconf 88' lang='lat' dir='ltr'><strong>Nam</strong></span> <span class='ocrx_word' id='word_1_381' title='bbox 748 3498 936 3554; x_wconf 89' lang='lat' dir='ltr'><strong>neque</strong></span> <span class='ocrx_word' id='word_1_382' title='bbox 976 3481 1308 3550; x_wconf 89' lang='lat' dir='ltr'><strong>comedunt,</strong></span> <span class='ocrx_word' id='word_1_383' title='bbox 1341 3498 1530 3552; x_wconf 89' lang='lat' dir='ltr'><strong>neque</strong></span> <span class='ocrx_word' id='word_1_384' title='bbox 1574 3481 1806 3551; x_wconf 79' lang='lat' dir='ltr'><strong>bibunt,</strong></span> <span class='ocrx_word' id='word_1_385' title='bbox 1841 3498 1941 3537; x_wconf 90' lang='lat' dir='ltr'><strong>ne-</strong></span> 
     </span>
    </p>
   </div>
   <div class='ocr_carea' id='block_1_54' title="bbox 286 3569 1943 3648">
    <p class='ocr_par' dir='ltr' id='par_1_54' title="bbox 286 3569 1943 3648">
     <span class='ocr_line' id='line_1_54' title="bbox 286 3569 1943 3648; baseline -0.003 -16"><span class='ocrx_word' id='word_1_386' title='bbox 286 3592 399 3648; x_wconf 91' lang='lat' dir='ltr'><strong>que</strong></span> <span class='ocrx_word' id='word_1_387' title='bbox 430 3574 725 3631; x_wconf 87' lang='lat' dir='ltr'><strong>connubia</strong></span> <span class='ocrx_word' id='word_1_388' title='bbox 750 3572 976 3642; x_wconf 77' lang='lat' dir='ltr'><strong>ineunt,</strong></span> <span class='ocrx_word' id='word_1_389' title='bbox 1006 3585 1111 3626; x_wconf 87' lang='lat' dir='ltr'><strong>nec</strong></span> <span class='ocrx_word' id='word_1_390' title='bbox 1145 3569 1449 3626; x_wconf 90' lang='lat' dir='ltr'><strong>dormiunt</strong></span> <span class='ocrx_word' id='word_1_391' title='bbox 1482 3588 1495 3638; x_wconf 91' lang='lat'>;</span> <span class='ocrx_word' id='word_1_392' title='bbox 1528 3570 1646 3625; x_wconf 91' lang='lat' dir='ltr'><strong>imo</strong></span> <span class='ocrx_word' id='word_1_393' title='bbox 1673 3570 1853 3626; x_wconf 89' lang='lat' dir='ltr'><strong>etiam</strong></span> <span class='ocrx_word' id='word_1_394' title='bbox 1883 3571 1943 3627; x_wconf 92' lang='lat' dir='ltr'><strong>in</strong></span> 
     </span>
    </p>
   </div>
   <div class='ocr_carea' id='block_1_55' title="bbox 283 3657 1939 3735">
    <p class='ocr_par' dir='ltr' id='par_1_55' title="bbox 283 3657 1939 3735">
     <span class='ocr_line' id='line_1_55' title="bbox 283 3657 1939 3735; baseline -0.004 -14"><span class='ocrx_word' id='word_1_395' title='bbox 283 3666 499 3722; x_wconf 85' lang='lat' dir='ltr'><strong>eremis</strong></span> <span class='ocrx_word' id='word_1_396' title='bbox 530 3665 772 3735; x_wconf 88' lang='lat' dir='ltr'><strong>degunt,</strong></span> <span class='ocrx_word' id='word_1_397' title='bbox 805 3660 856 3717; x_wconf 91' lang='lat' dir='ltr'><strong>si</strong></span> <span class='ocrx_word' id='word_1_398' title='bbox 900 3662 1046 3716; x_wconf 83' lang='lat' dir='ltr'><strong>forte</strong></span> <span class='ocrx_word' id='word_1_399' title='bbox 1094 3664 1159 3715; x_wconf 92' lang='lat' dir='ltr'><strong>tu</strong></span> <span class='ocrx_word' id='word_1_400' title='bbox 1210 3658 1271 3715; x_wconf 88' lang='lat' dir='ltr'><strong>in</strong></span> <span class='ocrx_word' id='word_1_401' title='bbox 1320 3657 1600 3729; x_wconf 88' lang='lat' dir='ltr'><strong>spelunca</strong></span> <span class='ocrx_word' id='word_1_402' title='bbox 1642 3658 1939 3731; x_wconf 89' lang='lat' dir='ltr'><strong>habitans,</strong></span> 
     </span>
    </p>
   </div>
   <div class='ocr_carea' id='block_1_56' title="bbox 287 3746 1410 3827">
    <p class='ocr_par' dir='ltr' id='par_1_56' title="bbox 287 3746 1410 3827">
     <span class='ocr_line' id='line_1_56' title="bbox 287 3746 1410 3827; baseline -0.008 -17"><span class='ocrx_word' id='word_1_403' title='bbox 287 3752 487 3827; x_wconf 89' lang='lat' dir='ltr'><strong>magni</strong></span> <span class='ocrx_word' id='word_1_404' title='bbox 520 3752 658 3824; x_wconf 88' lang='lat' dir='ltr'><strong>quid</strong></span> <span class='ocrx_word' id='word_1_405' title='bbox 696 3753 972 3823; x_wconf 64' lang='lat' dir='ltr'><strong>prestare</strong></span> <span class='ocrx_word' id='word_1_406' title='bbox 1001 3746 1109 3803; x_wconf 87' lang='lat' dir='ltr'><strong>tibi</strong></span> <span class='ocrx_word' id='word_1_407' title='bbox 1137 3746 1410 3802; x_wconf 84' lang='lat' dir='ltr'><strong>videaris.</strong></span> 
     </span>
    </p>
   </div>
   <div class='ocr_carea' id='block_1_57' title="bbox 351 3851 1940 3929">
    <p class='ocr_par' dir='ltr' id='par_1_57' title="bbox 351 3851 1940 3929">
     <span class='ocr_line' id='line_1_57' title="bbox 351 3851 1940 3929; baseline -0.002 -15"><span class='ocrx_word' id='word_1_408' title='bbox 351 3861 441 3915; x_wconf 85' lang='grc'><strong>54.</strong></span> <span class='ocrx_word' id='word_1_409' title='bbox 466 3859 564 3914; x_wconf 87' lang='lat' dir='ltr'><strong>Sic</strong></span> <span class='ocrx_word' id='word_1_410' title='bbox 592 3858 770 3929; x_wconf 88' lang='lat' dir='ltr'><strong>igitur</strong></span> <span class='ocrx_word' id='word_1_411' title='bbox 820 3851 1236 3925; x_wconf 82' lang='lat' dir='ltr'><strong>similibusque</strong></span> <span class='ocrx_word' id='word_1_412' title='bbox 1258 3853 1582 3909; x_wconf 80' lang='lat' dir='ltr'><strong>rationibus</strong></span> <span class='ocrx_word' id='word_1_413' title='bbox 1616 3853 1940 3925; x_wconf 85' lang='lat' dir='ltr'><strong>poterimus</strong></span> 
     </span>
    </p>
   </div>
   <div class='ocr_carea' id='block_1_58' title="bbox 281 3941 1936 4014">
    <p class='ocr_par' dir='ltr' id='par_1_58' title="bbox 281 3941 1936 4014">
     <span class='ocr_line' id='line_1_58' title="bbox 281 3941 1936 4014; baseline -0.004 -10"><span class='ocrx_word' id='word_1_414' title='bbox 281 3947 609 4004; x_wconf 86' lang='lat' dir='ltr'><strong>contrarios</strong></span> <span class='ocrx_word' id='word_1_415' title='bbox 657 3960 863 4000; x_wconf 87' lang='lat' dir='ltr'><strong>curare</strong></span> <span class='ocrx_word' id='word_1_416' title='bbox 912 3943 1170 4010; x_wconf 87' lang='lat' dir='ltr'><strong>morbos,</strong></span> <span class='ocrx_word' id='word_1_417' title='bbox 1202 3941 1668 4014; x_wconf 88' lang='lat' dir='ltr'><strong>desperationem</strong></span> <span class='ocrx_word' id='word_1_418' title='bbox 1720 3949 1777 3998; x_wconf 89' lang='lat' dir='ltr'><strong>et</strong></span> <span class='ocrx_word' id='word_1_419' title='bbox 1823 3962 1936 3999; x_wconf 83' lang='lat' dir='ltr'><strong>su-</strong></span> 
     </span>
    </p>
   </div>
   <div class='ocr_carea' id='block_1_59' title="bbox 278 4029 1933 4109">
    <p class='ocr_par' dir='ltr' id='par_1_59' title="bbox 278 4029 1933 4109">
     <span class='ocr_line' id='line_1_59' title="bbox 278 4029 1933 4109; baseline -0.004 -15"><span class='ocrx_word' id='word_1_420' title='bbox 278 4036 570 4109; x_wconf 89' lang='lat' dir='ltr'><strong>perbiam.</strong></span> <span class='ocrx_word' id='word_1_421' title='bbox 631 4033 793 4089; x_wconf 86' lang='lat' dir='ltr'><strong>Sicut</strong></span> <span class='ocrx_word' id='word_1_422' title='bbox 860 4033 1017 4088; x_wconf 90' lang='lat' dir='ltr'><strong>enim</strong></span> <span class='ocrx_word' id='word_1_423' title='bbox 1090 4029 1245 4102; x_wconf 92' lang='lat' dir='ltr'><strong>ignis</strong></span> <span class='ocrx_word' id='word_1_424' title='bbox 1305 4029 1732 4087; x_wconf 84' lang='lat' dir='ltr'><strong>vehementiore</strong></span> <span class='ocrx_word' id='word_1_425' title='bbox 1790 4032 1933 4088; x_wconf 87' lang='lat' dir='ltr'><strong>flatu</strong></span> 
     </span>
    </p>
   </div>
   <div class='ocr_carea' id='block_1_60' title="bbox 275 4119 1932 4198">
    <p class='ocr_par' dir='ltr' id='par_1_60' title="bbox 275 4119 1932 4198">
     <span class='ocr_line' id='line_1_60' title="bbox 275 4119 1932 4198; baseline -0.001 -17"><span class='ocrx_word' id='word_1_426' title='bbox 275 4125 599 4198; x_wconf 88' lang='lat' dir='ltr'><strong>dissipatus</strong></span> <span class='ocrx_word' id='word_1_427' title='bbox 628 4120 1043 4194; x_wconf 83' lang='lat' dir='ltr'><strong>exstinguitur,</strong></span> <span class='ocrx_word' id='word_1_428' title='bbox 1068 4134 1423 4191; x_wconf 83' lang='lat' dir='ltr'><strong>rursumque</strong></span> <span class='ocrx_word' id='word_1_429' title='bbox 1445 4119 1585 4175; x_wconf 83' lang='lat' dir='ltr'><strong>ﬂatu</strong></span> <span class='ocrx_word' id='word_1_430' title='bbox 1612 4120 1932 4180; x_wconf 87' lang='lat' dir='ltr'><strong>destitutus</strong></span> 
     </span>
    </p>
   </div>
   <div class='ocr_carea' id='block_1_61' title="bbox 273 4208 1933 4283">
    <p class='ocr_par' dir='ltr' id='par_1_61' title="bbox 273 4208 1933 4283">
     <span class='ocr_line' id='line_1_61' title="bbox 273 4208 1933 4283; baseline -0.002 -12"><span class='ocrx_word' id='word_1_431' title='bbox 273 4216 576 4283; x_wconf 90' lang='lat' dir='ltr'><strong>emoritur,</strong></span> <span class='ocrx_word' id='word_1_432' title='bbox 609 4213 694 4268; x_wconf 90' lang='lat' dir='ltr'><strong>ita</strong></span> <span class='ocrx_word' id='word_1_433' title='bbox 722 4216 780 4267; x_wconf 91' lang='lat' dir='ltr'><strong>et</strong></span> <span class='ocrx_word' id='word_1_434' title='bbox 809 4209 992 4265; x_wconf 89' lang='lat' dir='ltr'><strong>virtus</strong></span> <span class='ocrx_word' id='word_1_435' title='bbox 1034 4226 1136 4281; x_wconf 92' lang='lat' dir='ltr'><strong>per</strong></span> <span class='ocrx_word' id='word_1_436' title='bbox 1183 4208 1522 4281; x_wconf 72' lang='lat' dir='ltr'><strong>superbiam</strong></span> <span class='ocrx_word' id='word_1_437' title='bbox 1552 4208 1762 4276; x_wconf 84' lang='lat' dir='ltr'><strong>evolat,</strong></span> <span class='ocrx_word' id='word_1_438' title='bbox 1798 4210 1933 4267; x_wconf 88' lang='lat' dir='ltr'><strong>licet</strong></span> 
     </span>
    </p>
   </div>
   <div class='ocr_carea' id='block_1_62' title="bbox 271 4297 1929 4371">
    <p class='ocr_par' dir='ltr' id='par_1_62' title="bbox 271 4297 1929 4371">
     <span class='ocr_line' id='line_1_62' title="bbox 271 4297 1929 4371; baseline -0.002 -11"><span class='ocrx_word' id='word_1_439' title='bbox 271 4303 680 4361; x_wconf 83' lang='lat' dir='ltr'><strong>exercitatione</strong></span> <span class='ocrx_word' id='word_1_440' title='bbox 724 4298 1061 4356; x_wconf 86' lang='lat' dir='ltr'><strong>vehementi</strong></span> <span class='ocrx_word' id='word_1_441' title='bbox 1109 4297 1270 4353; x_wconf 89' lang='lat' dir='ltr'><strong>culta</strong></span> <span class='ocrx_word' id='word_1_442' title='bbox 1315 4298 1531 4353; x_wconf 79' lang='lat' dir='ltr'><strong>fuerit:</strong></span> <span class='ocrx_word' id='word_1_443' title='bbox 1574 4315 1929 4371; x_wconf 88' lang='lat' dir='ltr'><strong>rursumque</strong></span> 
     </span>
    </p>
   </div>
   <div class='ocr_carea' id='block_1_63' title="bbox 269 4387 1924 4458">
    <p class='ocr_par' dir='ltr' id='par_1_63' title="bbox 269 4387 1924 4458">
     <span class='ocr_line' id='line_1_63' title="bbox 269 4387 1924 4458; baseline -0.001 -11"><span class='ocrx_word' id='word_1_444' title='bbox 269 4392 504 4450; x_wconf 88' lang='lat' dir='ltr'><strong>incuria</strong></span> <span class='ocrx_word' id='word_1_445' title='bbox 532 4391 750 4447; x_wconf 86' lang='lat' dir='ltr'><strong>bonum</strong></span> <span class='ocrx_word' id='word_1_446' title='bbox 789 4387 1207 4458; x_wconf 90' lang='lat' dir='ltr'><strong>corrumpitur,</strong></span> <span class='ocrx_word' id='word_1_447' title='bbox 1242 4387 1478 4458; x_wconf 89' lang='lat' dir='ltr'><strong>quando</strong></span> <span class='ocrx_word' id='word_1_448' title='bbox 1528 4387 1600 4443; x_wconf 89' lang='lat' dir='ltr'><strong>ad</strong></span> <span class='ocrx_word' id='word_1_449' title='bbox 1658 4388 1924 4445; x_wconf 86' lang='lat' dir='ltr'><strong>atﬂatum</strong></span> 
     </span>
    </p>
   </div>
   <div class='ocr_carea' id='block_1_64' title="bbox 270 4475 1925 4554">
    <p class='ocr_par' dir='ltr' id='par_1_64' title="bbox 270 4475 1925 4554">
     <span class='ocr_line' id='line_1_64' title="bbox 270 4475 1925 4554; baseline -0.003 -16"><span class='ocrx_word' id='word_1_450' title='bbox 270 4482 527 4554; x_wconf 87' lang='lat' dir='ltr'><strong>Spiritus</strong></span> <span class='ocrx_word' id='word_1_451' title='bbox 557 4478 746 4537; x_wconf 87' lang='lat' dir='ltr'><strong>sancti</strong></span> <span class='ocrx_word' id='word_1_452' title='bbox 778 4494 892 4533; x_wconf 89' lang='lat' dir='ltr'><strong>non</strong></span> <span class='ocrx_word' id='word_1_453' title='bbox 914 4492 1220 4532; x_wconf 87' lang='lat' dir='ltr'><strong>movemus</strong></span> <span class='ocrx_word' id='word_1_454' title='bbox 1241 4475 1655 4548; x_wconf 86' lang='lat' dir='ltr'><strong>nosmetipsos.</strong></span> <span class='ocrx_word' id='word_1_455' title='bbox 1684 4476 1925 4534; x_wconf 85' lang='lat' dir='ltr'><strong>Gladius</strong></span> 
     </span>
    </p>
   </div>
   <div class='ocr_carea' id='block_1_65' title="bbox 2057 1968 3724 2052">
    <p class='ocr_par' dir='ltr' id='par_1_65' title="bbox 2057 1968 3724 2052">
     <span class='ocr_line' id='line_1_65' title="bbox 2057 1968 3724 2052; baseline 0.006 -30"><span class='ocrx_word' id='word_1_456' title='bbox 2057 1968 2155 2035; x_wconf 81' lang='grc' dir='ltr'><strong>τήν</strong></span> <span class='ocrx_word' id='word_1_457' title='bbox 2184 1971 2285 2039; x_wconf 83' lang='grc' dir='ltr'>τὴν</span> <span class='ocrx_word' id='word_1_458' title='bbox 2323 1972 2626 2046; x_wconf 88' lang='grc' dir='ltr'>θεραπείαν.</span> <span class='ocrx_word' id='word_1_459' title='bbox 2671 1973 2902 2030; x_wconf 78' lang='grc' dir='ltr'>Φάσκειν</span> <span class='ocrx_word' id='word_1_460' title='bbox 2949 1975 3053 2051; x_wconf 70' lang='grc' dir='ltr'><strong>γὰρ</strong></span> <span class='ocrx_word' id='word_1_461' title='bbox 3098 1974 3180 2031; x_wconf 86' lang='grc' dir='ltr'><strong>δεῖ</strong></span> <span class='ocrx_word' id='word_1_462' title='bbox 3225 1978 3360 2052; x_wconf 82' lang='grc' dir='ltr'>πρὸς</span> <span class='ocrx_word' id='word_1_463' title='bbox 3403 1976 3598 2049; x_wconf 69' lang='grc' dir='ltr'>αὐτήν*</span> <span class='ocrx_word' id='word_1_464' title='bbox 3655 1978 3724 2035; x_wconf 89' lang='grc' dir='ltr'>Τί</span> 
     </span>
    </p>
   </div>
   <div class='ocr_carea' id='block_1_66' title="bbox 2058 2061 3724 2143">
    <p class='ocr_par' dir='ltr' id='par_1_66' title="bbox 2058 2061 3724 2143">
     <span class='ocr_line' id='line_1_66' title="bbox 2058 2061 3724 2143; baseline 0.007 -33"><span class='ocrx_word' id='word_1_465' title='bbox 2058 2062 2340 2133; x_wconf 73' lang='grc' dir='ltr'>φυσιοῦσοιι</span> <span class='ocrx_word' id='word_1_466' title='bbox 2374 2078 2388 2129; x_wconf 86' lang='grc'>;</span> <span class='ocrx_word' id='word_1_467' title='bbox 2422 2061 2512 2124; x_wconf 82' lang='grc' dir='ltr'>Ὡς</span> <span class='ocrx_word' id='word_1_468' title='bbox 2541 2063 2672 2138; x_wconf 78' lang='grc' dir='ltr'>κρέα</span> <span class='ocrx_word' id='word_1_469' title='bbox 2722 2064 2797 2136; x_wconf 80' lang='grc' dir='ltr'>μὴ</span> <span class='ocrx_word' id='word_1_470' title='bbox 2850 2062 3102 2128; x_wconf 76' lang='grc' dir='ltr'>ἐσθίουσα</span> <span class='ocrx_word' id='word_1_471' title='bbox 3142 2084 3156 2133; x_wconf 87' lang='grc'>;</span> <span class='ocrx_word' id='word_1_472' title='bbox 3190 2062 3359 2122; x_wconf 75' lang='grc' dir='ltr'>ἄλλοι</span> <span class='ocrx_word' id='word_1_473' title='bbox 3400 2064 3530 2122; x_wconf 69' lang='grc' dir='ltr'>οὐδὲ</span> <span class='ocrx_word' id='word_1_474' title='bbox 3559 2066 3724 2143; x_wconf 78' lang='grc' dir='ltr'>ἰχθὺν</span> 
     </span>
    </p>
   </div>
   <div class='ocr_carea' id='block_1_67' title="bbox 2060 2146 3724 2226">
    <p class='ocr_par' dir='ltr' id='par_1_67' title="bbox 2060 2146 3724 2226">
     <span class='ocr_line' id='line_1_67' title="bbox 2060 2146 3724 2226; baseline 0.008 -27"><span class='ocrx_word' id='word_1_475' title='bbox 2060 2146 2249 2221; x_wconf 79' lang='grc' dir='ltr'>ὁρῶσι.</span> <span class='ocrx_word' id='word_1_476' title='bbox 2303 2149 2400 2202; x_wconf 84' lang='grc' dir='ltr'><strong>Καὶ</strong></span> <span class='ocrx_word' id='word_1_477' title='bbox 2454 2150 2501 2204; x_wconf 84' lang='grc' dir='ltr'>εἰ</span> <span class='ocrx_word' id='word_1_478' title='bbox 2549 2149 2693 2205; x_wconf 76' lang='grc' dir='ltr'>οἶνον</span> <span class='ocrx_word' id='word_1_479' title='bbox 2745 2150 2807 2206; x_wconf 81' lang='grc' dir='ltr'><strong>ού</strong></span> <span class='ocrx_word' id='word_1_480' title='bbox 2855 2152 3054 2220; x_wconf 84' lang='grc' dir='ltr'>πίνεις,</span> <span class='ocrx_word' id='word_1_481' title='bbox 3100 2153 3402 2226; x_wconf 82' lang='grc' dir='ltr'>σκόπησον,</span> <span class='ocrx_word' id='word_1_482' title='bbox 3435 2154 3512 2217; x_wconf 81' lang='grc' dir='ltr'>ὡς</span> <span class='ocrx_word' id='word_1_483' title='bbox 3560 2153 3724 2212; x_wconf 76' lang='grc' dir='ltr'>ἄλλοι</span> 
     </span>
    </p>
   </div>
   <div class='ocr_carea' id='block_1_68' title="bbox 2060 2232 3726 2316">
    <p class='ocr_par' dir='ltr' id='par_1_68' title="bbox 2060 2232 3726 2316">
     <span class='ocr_line' id='line_1_68' title="bbox 2060 2232 3726 2316; baseline 0.007 -27"><span class='ocrx_word' id='word_1_484' title='bbox 2060 2232 2182 2290; x_wconf 73' lang='grc' dir='ltr'>οὔτε</span> <span class='ocrx_word' id='word_1_485' title='bbox 2211 2233 2395 2293; x_wconf 81' lang='grc' dir='ltr'>ἔλαιον</span> <span class='ocrx_word' id='word_1_486' title='bbox 2441 2238 2731 2296; x_wconf 81' lang='grc' dir='ltr'>ἐσθίουσιν.</span> <span class='ocrx_word' id='word_1_487' title='bbox 2762 2244 2909 2304; x_wconf 87' lang='grc' dir='ltr'><strong>Ἕως</strong></span> <span class='ocrx_word' id='word_1_488' title='bbox 2960 2242 3062 2316; x_wconf 76' lang='grc' dir='ltr'><strong>ὀψὲ</strong></span> <span class='ocrx_word' id='word_1_489' title='bbox 3105 2242 3386 2313; x_wconf 87' lang='grc' dir='ltr'>νηστεύεις</span> <span class='ocrx_word' id='word_1_490' title='bbox 3419 2262 3436 2312; x_wconf 89' lang='lat'><strong>;</strong></span> <span class='ocrx_word' id='word_1_491' title='bbox 3469 2242 3636 2301; x_wconf 80' lang='grc' dir='ltr'>ἄλλαι</span> <span class='ocrx_word' id='word_1_492' title='bbox 3667 2241 3726 2300; x_wconf 77' lang='grc' dir='ltr'>δὶ</span> 
     </span>
    </p>
   </div>
   <div class='ocr_carea' id='block_1_69' title="bbox 2059 2321 3722 2405">
    <p class='ocr_par' dir='ltr' id='par_1_69' title="bbox 2059 2321 3722 2405">
     <span class='ocr_line' id='line_1_69' title="bbox 2059 2321 3722 2405; baseline 0.006 -27"><span class='ocrx_word' id='word_1_493' title='bbox 2059 2321 2155 2378; x_wconf 83' lang='grc' dir='ltr'><strong>δύο</strong></span> <span class='ocrx_word' id='word_1_494' title='bbox 2205 2325 2294 2379; x_wconf 80' lang='grc' dir='ltr'><strong>καὶ</strong></span> <span class='ocrx_word' id='word_1_495' title='bbox 2337 2333 2483 2398; x_wconf 86' lang='grc' dir='ltr'>τρεῖς</span> <span class='ocrx_word' id='word_1_496' title='bbox 2530 2328 2742 2405; x_wconf 73' lang='grc' dir='ltr'>ἡμέρας</span> <span class='ocrx_word' id='word_1_497' title='bbox 2795 2330 3153 2387; x_wconf 85' lang='grc' dir='ltr'>συνάπτουσιν</span> <span class='ocrx_word' id='word_1_498' title='bbox 3199 2332 3397 2389; x_wconf 80' lang='grc' dir='ltr'>ἄσιτοι.</span> <span class='ocrx_word' id='word_1_499' title='bbox 3448 2331 3606 2390; x_wconf 83' lang='grc' dir='ltr'>Ἀλλ’</span> <span class='ocrx_word' id='word_1_500' title='bbox 3635 2333 3722 2389; x_wconf 76' lang='grc' dir='ltr'><strong>ὅτι</strong></span> 
     </span>
    </p>
   </div>
   <div class='ocr_carea' id='block_1_70' title="bbox 2058 2410 3723 2496">
    <p class='ocr_par' dir='ltr' id='par_1_70' title="bbox 2058 2410 3723 2496">
     <span class='ocr_line' id='line_1_70' title="bbox 2058 2410 3723 2496; baseline 0.007 -29"><span class='ocrx_word' id='word_1_501' title='bbox 2058 2412 2120 2467; x_wconf 80' lang='grc' dir='ltr'>οὐ</span> <span class='ocrx_word' id='word_1_502' title='bbox 2153 2410 2290 2488; x_wconf 78' lang='grc' dir='ltr'>λούῃ</span> <span class='ocrx_word' id='word_1_503' title='bbox 2328 2416 2470 2491; x_wconf 86' lang='grc' dir='ltr'>μέγα</span> <span class='ocrx_word' id='word_1_504' title='bbox 2518 2423 2735 2495; x_wconf 77' lang='grc' dir='ltr'>φρονεῖς</span> <span class='ocrx_word' id='word_1_505' title='bbox 2770 2438 2784 2489; x_wconf 84' lang='grc'><strong>;</strong></span> <span class='ocrx_word' id='word_1_506' title='bbox 2818 2418 3027 2475; x_wconf 87' lang='grc' dir='ltr'>πολλοὶ</span> <span class='ocrx_word' id='word_1_507' title='bbox 3055 2420 3145 2476; x_wconf 89' lang='grc' dir='ltr'><strong>καὶ</strong></span> <span class='ocrx_word' id='word_1_508' title='bbox 3177 2417 3268 2476; x_wconf 76' lang='grc' dir='ltr'>διὰ</span> <span class='ocrx_word' id='word_1_509' title='bbox 3312 2418 3485 2487; x_wconf 79' lang='grc' dir='ltr'>πάθος</span> <span class='ocrx_word' id='word_1_510' title='bbox 3537 2443 3723 2496; x_wconf 89' lang='grc' dir='ltr'>σωμα-</span> 
     </span>
    </p>
   </div>
   <div class='ocr_carea' id='block_1_71' title="bbox 2053 2501 3717 2585">
    <p class='ocr_par' dir='ltr' id='par_1_71' title="bbox 2053 2501 3717 2585">
     <span class='ocr_line' id='line_1_71' title="bbox 2053 2501 3717 2585; baseline 0.007 -29"><span class='ocrx_word' id='word_1_511' title='bbox 2053 2503 2203 2557; x_wconf 86' lang='grc' dir='ltr'>τικὸν</span> <span class='ocrx_word' id='word_1_512' title='bbox 2238 2501 2351 2558; x_wconf 78' lang='grc' dir='ltr'>οὐδ’</span> <span class='ocrx_word' id='word_1_513' title='bbox 2389 2505 2536 2568; x_wconf 80' lang='grc' dir='ltr'>ὅλως</span> <span class='ocrx_word' id='word_1_514' title='bbox 2584 2507 2766 2579; x_wconf 87' lang='grc' dir='ltr'>τούτῳ</span> <span class='ocrx_word' id='word_1_515' title='bbox 2817 2508 3142 2585; x_wconf 72' lang='grc' dir='ltr'>ἐχρήσαντο.</span> <span class='ocrx_word' id='word_1_516' title='bbox 3197 2508 3371 2566; x_wconf 82' lang='grc' dir='ltr'><strong>Ἀλλὰ</strong></span> <span class='ocrx_word' id='word_1_517' title='bbox 3420 2513 3717 2585; x_wconf 73' lang='grc' dir='ltr'>θαυμάζεις</span> 
     </span>
    </p>
   </div>
   <div class='ocr_carea' id='block_1_72' title="bbox 2055 2592 3719 2677">
    <p class='ocr_par' dir='ltr' id='par_1_72' title="bbox 2055 2592 3719 2677">
     <span class='ocr_line' id='line_1_72' title="bbox 2055 2592 3719 2677; baseline 0.006 -32"><span class='ocrx_word' id='word_1_518' title='bbox 2055 2593 2302 2661; x_wconf 75' lang='grc' dir='ltr'>σεαυτὴν,</span> <span class='ocrx_word' id='word_1_519' title='bbox 2338 2592 2420 2649; x_wconf 77' lang='grc' dir='ltr'><strong>ὅτι</strong></span> <span class='ocrx_word' id='word_1_520' title='bbox 2469 2594 2521 2649; x_wconf 79' lang='grc' dir='ltr'>ἐν</span> <span class='ocrx_word' id='word_1_521' title='bbox 2571 2594 2857 2673; x_wconf 84' lang='grc' dir='ltr'>χαραδρίῳ</span> <span class='ocrx_word' id='word_1_522' title='bbox 2905 2596 3205 2662; x_wconf 86' lang='grc' dir='ltr'>καθεύδεις.</span> <span class='ocrx_word' id='word_1_523' title='bbox 3255 2598 3345 2654; x_wconf 77' lang='grc' dir='ltr'><strong>καὶ</strong></span> <span class='ocrx_word' id='word_1_524' title='bbox 3393 2598 3446 2655; x_wconf 80' lang='grc' dir='ltr'><strong>έν</strong></span> <span class='ocrx_word' id='word_1_525' title='bbox 3494 2601 3719 2677; x_wconf 76' lang='grc' dir='ltr'>τριχίνῃ</span> 
     </span>
    </p>
   </div>
   <div class='ocr_carea' id='block_1_73' title="bbox 2053 2680 3719 2760">
    <p class='ocr_par' dir='ltr' id='par_1_73' title="bbox 2053 2680 3719 2760">
     <span class='ocr_line' id='line_1_73' title="bbox 2053 2680 3719 2760; baseline 0.006 -25"><span class='ocrx_word' id='word_1_526' title='bbox 2053 2686 2313 2756; x_wconf 80' lang='grc' dir='ltr'>στρωμνῇ</span> <span class='ocrx_word' id='word_1_527' title='bbox 2348 2701 2363 2750; x_wconf 87' lang='grc'>;</span> <span class='ocrx_word' id='word_1_528' title='bbox 2396 2680 2563 2739; x_wconf 77' lang='grc' dir='ltr'>ἄλλαι</span> <span class='ocrx_word' id='word_1_529' title='bbox 2595 2682 2653 2740; x_wconf 78' lang='grc' dir='ltr'>δὲ</span> <span class='ocrx_word' id='word_1_530' title='bbox 2681 2691 3018 2760; x_wconf 84' lang='grc' dir='ltr'>χαμευνοῦσι</span> <span class='ocrx_word' id='word_1_531' title='bbox 3046 2684 3333 2757; x_wconf 78' lang='grc' dir='ltr'>διηνεκῶς.</span> <span class='ocrx_word' id='word_1_532' title='bbox 3366 2687 3521 2745; x_wconf 85' lang='grc' dir='ltr'>Ἀλλ’</span> <span class='ocrx_word' id='word_1_533' title='bbox 3552 2689 3596 2744; x_wconf 80' lang='grc' dir='ltr'>εἰ</span> <span class='ocrx_word' id='word_1_534' title='bbox 3627 2691 3719 2745; x_wconf 86' lang='grc' dir='ltr'>καὶ</span> 
     </span>
    </p>
   </div>
   <div class='ocr_carea' id='block_1_74' title="bbox 2050 2772 3723 2853">
    <p class='ocr_par' dir='ltr' id='par_1_74' title="bbox 2050 2772 3723 2853">
     <span class='ocr_line' id='line_1_74' title="bbox 2050 2772 3723 2853; baseline 0.006 -29"><span class='ocrx_word' id='word_1_535' title='bbox 2050 2774 2213 2825; x_wconf 88' lang='grc' dir='ltr'>τοῦτο</span> <span class='ocrx_word' id='word_1_536' title='bbox 2270 2775 2577 2845; x_wconf 78' lang='grc' dir='ltr'>ποιήσειας,</span> <span class='ocrx_word' id='word_1_537' title='bbox 2636 2772 2791 2829; x_wconf 69' lang='grc' dir='ltr'>οὐδὶν</span> <span class='ocrx_word' id='word_1_538' title='bbox 2850 2776 3010 2850; x_wconf 74' lang='grc' dir='ltr'>μέγαο</span> <span class='ocrx_word' id='word_1_539' title='bbox 3058 2781 3202 2839; x_wconf 73' lang='grc' dir='ltr'>τινες</span> <span class='ocrx_word' id='word_1_540' title='bbox 3245 2777 3351 2853; x_wconf 82' lang='grc' dir='ltr'><strong>γὰρ</strong></span> <span class='ocrx_word' id='word_1_541' title='bbox 3401 2777 3491 2832; x_wconf 83' lang='grc' dir='ltr'><strong>καὶ</strong></span> <span class='ocrx_word' id='word_1_542' title='bbox 3538 2777 3723 2841; x_wconf 81' lang='grc' dir='ltr'>λίθους</span> 
     </span>
    </p>
   </div>
   <div class='ocr_carea' id='block_1_75' title="bbox 2052 2856 3720 2945">
    <p class='ocr_par' dir='ltr' id='par_1_75' title="bbox 2052 2856 3720 2945">
     <span class='ocr_line' id='line_1_75' title="bbox 2052 2856 3720 2945; baseline 0.006 -32"><span class='ocrx_word' id='word_1_543' title='bbox 2052 2859 2267 2922; x_wconf 72' lang='grc' dir='ltr'>ἑαυταῖς</span> <span class='ocrx_word' id='word_1_544' title='bbox 2303 2856 2605 2933; x_wconf 75' lang='grc' dir='ltr'>ὑπέϐαλον,</span> <span class='ocrx_word' id='word_1_545' title='bbox 2647 2863 2785 2941; x_wconf 83' lang='grc' dir='ltr'>πρὸς</span> <span class='ocrx_word' id='word_1_546' title='bbox 2832 2864 2895 2918; x_wconf 89' lang='grc' dir='ltr'>τὸ</span> <span class='ocrx_word' id='word_1_547' title='bbox 2930 2865 3007 2937; x_wconf 82' lang='grc' dir='ltr'>μή</span> <span class='ocrx_word' id='word_1_548' title='bbox 3035 2866 3156 2929; x_wconf 85' lang='grc' dir='ltr'>καθ’</span> <span class='ocrx_word' id='word_1_549' title='bbox 3185 2862 3394 2935; x_wconf 81' lang='grc' dir='ltr'>ἡδονὴν</span> <span class='ocrx_word' id='word_1_550' title='bbox 3422 2870 3531 2922; x_wconf 79' lang='grc' dir='ltr'><strong>τῶν</strong></span> <span class='ocrx_word' id='word_1_551' title='bbox 3563 2888 3720 2945; x_wconf 84' lang='grc' dir='ltr'>φυσι-</span> 
     </span>
    </p>
   </div>
   <div class='ocr_carea' id='block_1_76' title="bbox 2053 2949 3723 3028">
    <p class='ocr_par' dir='ltr' id='par_1_76' title="bbox 2053 2949 3723 3028">
     <span class='ocr_line' id='line_1_76' title="bbox 2053 2949 3723 3028; baseline 0.005 -26"><span class='ocrx_word' id='word_1_552' title='bbox 2053 2952 2160 3003; x_wconf 80' lang='grc' dir='ltr'><strong>κῶν</strong></span> <span class='ocrx_word' id='word_1_553' title='bbox 2194 2955 2400 3025; x_wconf 87' lang='grc' dir='ltr'>τυχεῖν·</span> <span class='ocrx_word' id='word_1_554' title='bbox 2434 2949 2600 3006; x_wconf 78' lang='grc' dir='ltr'>ἄλλοι</span> <span class='ocrx_word' id='word_1_555' title='bbox 2635 2949 2693 3007; x_wconf 71' lang='grc' dir='ltr'>δὲ</span> <span class='ocrx_word' id='word_1_556' title='bbox 2738 2951 2827 3007; x_wconf 83' lang='grc' dir='ltr'>καὶ</span> <span class='ocrx_word' id='word_1_557' title='bbox 2867 2952 3169 3028; x_wconf 74' lang='grc' dir='ltr'>ἐκρέμασαν</span> <span class='ocrx_word' id='word_1_558' title='bbox 3217 2953 3444 3018; x_wconf 69' lang='grc' dir='ltr'>ἑαυτοὺς</span> <span class='ocrx_word' id='word_1_559' title='bbox 3478 2951 3551 3010; x_wconf 81' lang='grc' dir='ltr'>δι’</span> <span class='ocrx_word' id='word_1_560' title='bbox 3579 2954 3723 3027; x_wconf 81' lang='grc' dir='ltr'>ὅλης</span> 
     </span>
    </p>
   </div>
   <div class='ocr_carea' id='block_1_77' title="bbox 2050 3036 3722 3115">
    <p class='ocr_par' dir='ltr' id='par_1_77' title="bbox 2050 3036 3722 3115">
     <span class='ocr_line' id='line_1_77' title="bbox 2050 3036 3722 3115; baseline 0.004 -24"><span class='ocrx_word' id='word_1_561' title='bbox 2050 3042 2150 3106; x_wconf 84' lang='grc' dir='ltr'><strong>τῆς</strong></span> <span class='ocrx_word' id='word_1_562' title='bbox 2195 3038 2406 3100; x_wconf 83' lang='grc' dir='ltr'>νυκτός.</span> <span class='ocrx_word' id='word_1_563' title='bbox 2446 3036 2602 3094; x_wconf 82' lang='grc' dir='ltr'>Ἀλλ’</span> <span class='ocrx_word' id='word_1_564' title='bbox 2652 3039 2700 3094; x_wconf 65' lang='grc' dir='ltr'>εἴ</span> <span class='ocrx_word' id='word_1_565' title='bbox 2736 3039 2827 3095; x_wconf 84' lang='grc' dir='ltr'>καὶ</span> <span class='ocrx_word' id='word_1_566' title='bbox 2877 3045 3047 3096; x_wconf 82' lang='grc' dir='ltr'>ταῦτα</span> <span class='ocrx_word' id='word_1_567' title='bbox 3087 3042 3263 3097; x_wconf 80' lang='grc' dir='ltr'>πάντα</span> <span class='ocrx_word' id='word_1_568' title='bbox 3288 3044 3596 3115; x_wconf 74' lang='grc' dir='ltr'>ποιήσειας,</span> <span class='ocrx_word' id='word_1_569' title='bbox 3630 3044 3722 3099; x_wconf 78' lang='grc' dir='ltr'><strong>καὶ</strong></span> 
     </span>
    </p>
   </div>
   <div class='ocr_carea' id='block_1_78' title="bbox 2053 3125 3723 3211">
    <p class='ocr_par' dir='ltr' id='par_1_78' title="bbox 2053 3125 3723 3211">
     <span class='ocr_line' id='line_1_78' title="bbox 2053 3125 3723 3211; baseline 0.006 -33"><span class='ocrx_word' id='word_1_570' title='bbox 2053 3125 2152 3193; x_wconf 83' lang='grc' dir='ltr'><strong>τήν</strong></span> <span class='ocrx_word' id='word_1_571' title='bbox 2187 3126 2489 3199; x_wconf 80' lang='grc' dir='ltr'>ἀκροτάτην</span> <span class='ocrx_word' id='word_1_572' title='bbox 2542 3125 2768 3199; x_wconf 83' lang='grc' dir='ltr'>ἄσκησιν</span> <span class='ocrx_word' id='word_1_573' title='bbox 2807 3128 3190 3201; x_wconf 77' lang='grc' dir='ltr'>ἐπιτελέσειας,</span> <span class='ocrx_word' id='word_1_574' title='bbox 3227 3133 3306 3205; x_wconf 77' lang='grc' dir='ltr'>μὴ</span> <span class='ocrx_word' id='word_1_575' title='bbox 3345 3133 3486 3207; x_wconf 90' lang='grc' dir='ltr'>μέγα</span> <span class='ocrx_word' id='word_1_576' title='bbox 3516 3136 3723 3211; x_wconf 78' lang='grc' dir='ltr'>φρονή-</span> 
     </span>
    </p>
   </div>
   <div class='ocr_carea' id='block_1_79' title="bbox 2057 3213 3721 3293">
    <p class='ocr_par' dir='ltr' id='par_1_79' title="bbox 2057 3213 3721 3293">
     <span class='ocr_line' id='line_1_79' title="bbox 2057 3213 3721 3293; baseline 0.005 -24"><span class='ocrx_word' id='word_1_577' title='bbox 2057 3234 2177 3288; x_wconf 78' lang='grc' dir='ltr'>σῃς·</span> <span class='ocrx_word' id='word_1_578' title='bbox 2212 3214 2300 3270; x_wconf 83' lang='grc' dir='ltr'><strong>καὶ</strong></span> <span class='ocrx_word' id='word_1_579' title='bbox 2331 3216 2435 3292; x_wconf 80' lang='grc' dir='ltr'><strong>γὰρ</strong></span> <span class='ocrx_word' id='word_1_580' title='bbox 2464 3217 2533 3271; x_wconf 83' lang='grc' dir='ltr'><strong>τὰ</strong></span> <span class='ocrx_word' id='word_1_581' title='bbox 2580 3213 2835 3290; x_wconf 86' lang='grc' dir='ltr'>δαιμόνια</span> <span class='ocrx_word' id='word_1_582' title='bbox 2879 3216 3055 3274; x_wconf 87' lang='grc' dir='ltr'>πλείω</span> <span class='ocrx_word' id='word_1_583' title='bbox 3103 3224 3214 3276; x_wconf 81' lang='grc' dir='ltr'><strong>τῶν</strong></span> <span class='ocrx_word' id='word_1_584' title='bbox 3247 3217 3355 3276; x_wconf 79' lang='grc' dir='ltr'><strong>σῶν</strong></span> <span class='ocrx_word' id='word_1_585' title='bbox 3386 3224 3721 3293; x_wconf 74' lang='grc' dir='ltr'>πεποιήκασι</span> 
     </span>
    </p>
   </div>
   <div class='ocr_carea' id='block_1_80' title="bbox 2055 3302 3722 3383">
    <p class='ocr_par' dir='ltr' id='par_1_80' title="bbox 2055 3302 3722 3383">
     <span class='ocr_line' id='line_1_80' title="bbox 2055 3302 3722 3383; baseline 0.006 -25"><span class='ocrx_word' id='word_1_586' title='bbox 2055 3304 2146 3359; x_wconf 71' lang='grc' dir='ltr'>καὶ</span> <span class='ocrx_word' id='word_1_587' title='bbox 2192 3309 2465 3360; x_wconf 86' lang='grc' dir='ltr'>ποιοῦσιν·</span> <span class='ocrx_word' id='word_1_588' title='bbox 2498 3302 2621 3361; x_wconf 67' lang='grc' dir='ltr'>οὔτε</span> <span class='ocrx_word' id='word_1_589' title='bbox 2664 3307 2766 3383; x_wconf 74' lang='grc' dir='ltr'><strong>γὰρ</strong></span> <span class='ocrx_word' id='word_1_590' title='bbox 2796 3307 3082 3381; x_wconf 71' lang='grc' dir='ltr'>ἐσθίουσιν,</span> <span class='ocrx_word' id='word_1_591' title='bbox 3120 3306 3245 3364; x_wconf 67' lang='grc' dir='ltr'>οὔτε</span> <span class='ocrx_word' id='word_1_592' title='bbox 3290 3310 3559 3381; x_wconf 80' lang='grc' dir='ltr'>πίνουσιν,</span> <span class='ocrx_word' id='word_1_593' title='bbox 3595 3308 3722 3368; x_wconf 74' lang='grc' dir='ltr'>οὔτε</span> 
     </span>
    </p>
   </div>
   <div class='ocr_carea' id='block_1_81' title="bbox 2051 3391 3717 3474">
    <p class='ocr_par' dir='ltr' id='par_1_81' title="bbox 2051 3391 3717 3474">
     <span class='ocr_line' id='line_1_81' title="bbox 2051 3391 3717 3474; baseline 0.005 -28"><span class='ocrx_word' id='word_1_594' title='bbox 2051 3398 2342 3468; x_wconf 82' lang='grc' dir='ltr'>γαμοῦσιν,</span> <span class='ocrx_word' id='word_1_595' title='bbox 2400 3391 2523 3450; x_wconf 74' lang='grc' dir='ltr'>οὔτε</span> <span class='ocrx_word' id='word_1_596' title='bbox 2580 3394 2859 3451; x_wconf 84' lang='grc' dir='ltr'>ὑπνοῦσιν·</span> <span class='ocrx_word' id='word_1_597' title='bbox 2918 3395 3064 3453; x_wconf 83' lang='grc' dir='ltr'><strong>ἀλλά</strong></span> <span class='ocrx_word' id='word_1_598' title='bbox 3122 3398 3214 3454; x_wconf 85' lang='grc' dir='ltr'><strong>καὶ</strong></span> <span class='ocrx_word' id='word_1_599' title='bbox 3261 3398 3315 3453; x_wconf 82' lang='grc' dir='ltr'><strong>έν</strong></span> <span class='ocrx_word' id='word_1_600' title='bbox 3379 3399 3574 3474; x_wconf 73' lang='grc' dir='ltr'>ἐρήμῳ</span> <span class='ocrx_word' id='word_1_601' title='bbox 3630 3397 3717 3455; x_wconf 90' lang='grc' dir='ltr'>δι-</span> 
     </span>
    </p>
   </div>
   <div class='ocr_carea' id='block_1_82' title="bbox 2049 3479 3717 3567">
    <p class='ocr_par' dir='ltr' id='par_1_82' title="bbox 2049 3479 3717 3567">
     <span class='ocr_line' id='line_1_82' title="bbox 2049 3479 3717 3567; baseline 0.007 -32"><span class='ocrx_word' id='word_1_602' title='bbox 2049 3481 2297 3554; x_wconf 82' lang='grc' dir='ltr'>άγουσιν,</span> <span class='ocrx_word' id='word_1_603' title='bbox 2329 3479 2382 3536; x_wconf 76' lang='grc' dir='ltr'><strong>εἷ’</strong></span> <span class='ocrx_word' id='word_1_604' title='bbox 2405 3504 2468 3558; x_wconf 88' lang='grc' dir='ltr'><strong>γε</strong></span> <span class='ocrx_word' id='word_1_605' title='bbox 2496 3483 2585 3538; x_wconf 85' lang='grc' dir='ltr'><strong>καὶ</strong></span> <span class='ocrx_word' id='word_1_606' title='bbox 2615 3483 2666 3538; x_wconf 73' lang='grc' dir='ltr'>ἐν</span> <span class='ocrx_word' id='word_1_607' title='bbox 2715 3483 2971 3559; x_wconf 87' lang='grc' dir='ltr'>σπηλαίῳ</span> <span class='ocrx_word' id='word_1_608' title='bbox 3001 3485 3225 3544; x_wconf 77' lang='grc' dir='ltr'>οἰκοῦσα</span> <span class='ocrx_word' id='word_1_609' title='bbox 3271 3487 3450 3552; x_wconf 82' lang='grc' dir='ltr'>δοκεῖς</span> <span class='ocrx_word' id='word_1_610' title='bbox 3488 3488 3626 3567; x_wconf 87' lang='grc' dir='ltr'>μέγα</span> <span class='ocrx_word' id='word_1_611' title='bbox 3652 3510 3717 3547; x_wconf 88' lang='grc' dir='ltr'><strong>τε</strong></span> 
     </span>
    </p>
   </div>
   <div class='ocr_carea' id='block_1_83' title="bbox 2049 3590 2248 3627">
    <p class='ocr_par' dir='ltr' id='par_1_83' title="bbox 2049 3590 2248 3627">
     <span class='ocr_line' id='line_1_83' title="bbox 2049 3590 2248 3627; baseline 0.02 -4"><span class='ocrx_word' id='word_1_612' title='bbox 2049 3590 2248 3627; x_wconf 86' lang='grc' dir='ltr'>ποιειν.</span> 
     </span>
    </p>
   </div>
   <div class='ocr_carea' id='block_1_84' title="bbox 2117 3837 3713 3921">
    <p class='ocr_par' dir='ltr' id='par_1_84' title="bbox 2117 3837 3713 3921">
     <span class='ocr_line' id='line_1_84' title="bbox 2117 3837 3713 3921; baseline 0.007 -29"><span class='ocrx_word' id='word_1_613' title='bbox 2117 3838 2208 3893; x_wconf 85' lang='grc'><strong>54.</strong></span> <span class='ocrx_word' id='word_1_614' title='bbox 2242 3837 2405 3894; x_wconf 77' lang='grc' dir='ltr'>Οὕτω</span> <span class='ocrx_word' id='word_1_615' title='bbox 2461 3839 2557 3912; x_wconf 74' lang='grc' dir='ltr'>μὲν</span> <span class='ocrx_word' id='word_1_616' title='bbox 2591 3837 2705 3911; x_wconf 79' lang='grc' dir='ltr'>οὖν,</span> <span class='ocrx_word' id='word_1_617' title='bbox 2737 3841 2826 3896; x_wconf 82' lang='grc' dir='ltr'>καὶ</span> <span class='ocrx_word' id='word_1_618' title='bbox 2876 3840 2936 3896; x_wconf 69' lang='grc' dir='ltr'>ἐκ</span> <span class='ocrx_word' id='word_1_619' title='bbox 2979 3842 3244 3899; x_wconf 75' lang='grc' dir='ltr'>τοιούτων</span> <span class='ocrx_word' id='word_1_620' title='bbox 3278 3841 3584 3921; x_wconf 80' lang='grc' dir='ltr'>λογισμῶν,</span> <span class='ocrx_word' id='word_1_621' title='bbox 3616 3843 3713 3903; x_wconf 85' lang='grc' dir='ltr'>δυ·</span> 
     </span>
    </p>
   </div>
   <div class='ocr_carea' id='block_1_85' title="bbox 2042 3926 3729 4012">
    <p class='ocr_par' dir='ltr' id='par_1_85' title="bbox 2042 3926 3729 4012">
     <span class='ocr_line' id='line_1_85' title="bbox 2042 3926 3729 4012; baseline 0.009 -35"><span class='ocrx_word' id='word_1_622' title='bbox 2042 3926 2201 3981; x_wconf 83' lang='grc' dir='ltr'>νατὸν</span> <span class='ocrx_word' id='word_1_623' title='bbox 2259 3926 2501 3982; x_wconf 77' lang='grc' dir='ltr'>ἰάσασθαι</span> <span class='ocrx_word' id='word_1_624' title='bbox 2545 3928 2613 3984; x_wconf 80' lang='grc' dir='ltr'><strong>τὰ</strong></span> <span class='ocrx_word' id='word_1_625' title='bbox 2659 3928 2873 3987; x_wconf 78' lang='grc' dir='ltr'>ἐναντία</span> <span class='ocrx_word' id='word_1_626' title='bbox 2928 3932 3099 4002; x_wconf 57' lang='grc' dir='ltr'>πάθη</span> <span class='ocrx_word' id='word_1_627' title='bbox 3150 3934 3252 4005; x_wconf 76' lang='grc' dir='ltr'><strong>τήν</strong></span> <span class='ocrx_word' id='word_1_628' title='bbox 3298 3954 3359 3988; x_wconf 91' lang='grc' dir='ltr'><strong>τε</strong></span> <span class='ocrx_word' id='word_1_629' title='bbox 3397 3933 3729 4012; x_wconf 77' lang='grc' dir='ltr'>ἀπόγνωσιν</span> 
     </span>
    </p>
   </div>
   <div class='ocr_carea' id='block_1_86' title="bbox 2045 4012 3710 4101">
    <p class='ocr_par' dir='ltr' id='par_1_86' title="bbox 2045 4012 3710 4101">
     <span class='ocr_line' id='line_1_86' title="bbox 2045 4012 3710 4101; baseline 0.007 -32"><span class='ocrx_word' id='word_1_630' title='bbox 2045 4012 2188 4091; x_wconf 81' lang='grc' dir='ltr'>λέγω</span> <span class='ocrx_word' id='word_1_631' title='bbox 2219 4015 2307 4070; x_wconf 84' lang='grc' dir='ltr'>καὶ</span> <span class='ocrx_word' id='word_1_632' title='bbox 2353 4017 2455 4086; x_wconf 83' lang='grc' dir='ltr'><strong>τήν</strong></span> <span class='ocrx_word' id='word_1_633' title='bbox 2497 4017 2887 4093; x_wconf 78' lang='grc' dir='ltr'>ὑπερηφανίαν.</span> <span class='ocrx_word' id='word_1_634' title='bbox 2933 4023 3137 4097; x_wconf 81' lang='grc' dir='ltr'>Ὥσπερ</span> <span class='ocrx_word' id='word_1_635' title='bbox 3187 4022 3293 4099; x_wconf 77' lang='grc' dir='ltr'><strong>γὰρ</strong></span> <span class='ocrx_word' id='word_1_636' title='bbox 3334 4021 3586 4101; x_wconf 84' lang='grc' dir='ltr'>σφοδρῶς</span> <span class='ocrx_word' id='word_1_637' title='bbox 3618 4025 3710 4081; x_wconf 66' lang='lat' dir='ltr'><strong>ix-</strong></span> 
     </span>
    </p>
   </div>
   <div class='ocr_carea' id='block_1_87' title="bbox 2041 4105 3709 4185">
    <p class='ocr_par' dir='ltr' id='par_1_87' title="bbox 2041 4105 3709 4185">
     <span class='ocr_line' id='line_1_87' title="bbox 2041 4105 3709 4185; baseline 0.008 -28"><span class='ocrx_word' id='word_1_638' title='bbox 2041 4105 2361 4180; x_wconf 73' lang='grc' dir='ltr'>φυσώμενον</span> <span class='ocrx_word' id='word_1_639' title='bbox 2417 4110 2527 4182; x_wconf 90' lang='grc' dir='ltr'><strong>πῦρ</strong></span> <span class='ocrx_word' id='word_1_640' title='bbox 2563 4150 2580 4178; x_wconf 89' lang='grc'><strong>,</strong></span> <span class='ocrx_word' id='word_1_641' title='bbox 2642 4105 3165 4185; x_wconf 82' lang='grc' dir='ltr'>διασκορπιζόμενον</span> <span class='ocrx_word' id='word_1_642' title='bbox 3224 4109 3558 4182; x_wconf 71' lang='grc' dir='ltr'>ἀπόλλυται,</span> <span class='ocrx_word' id='word_1_643' title='bbox 3614 4115 3709 4171; x_wconf 78' lang='grc' dir='ltr'><strong>καὶ</strong></span> 
     </span>
    </p>
   </div>
   <div class='ocr_carea' id='block_1_88' title="bbox 2042 4190 3705 4276">
    <p class='ocr_par' dir='ltr' id='par_1_88' title="bbox 2042 4190 3705 4276">
     <span class='ocr_line' id='line_1_88' title="bbox 2042 4190 3705 4276; baseline 0.008 -30"><span class='ocrx_word' id='word_1_644' title='bbox 2042 4196 2116 4264; x_wconf 76' lang='grc' dir='ltr'>μή</span> <span class='ocrx_word' id='word_1_645' title='bbox 2148 4194 2316 4269; x_wconf 85' lang='grc' dir='ltr'>τυχὸν</span> <span class='ocrx_word' id='word_1_646' title='bbox 2350 4190 2409 4248; x_wconf 75' lang='grc' dir='ltr'>δὲ</span> <span class='ocrx_word' id='word_1_647' title='bbox 2455 4194 2769 4269; x_wconf 87' lang='grc' dir='ltr'>πνεύματος</span> <span class='ocrx_word' id='word_1_648' title='bbox 2798 4195 2966 4253; x_wconf 77' lang='grc' dir='ltr'>πάλιν</span> <span class='ocrx_word' id='word_1_649' title='bbox 3013 4200 3304 4276; x_wconf 79' lang='grc' dir='ltr'>φθείρεται·</span> <span class='ocrx_word' id='word_1_650' title='bbox 3356 4201 3502 4257; x_wconf 72' lang='grc' dir='ltr'>οὕτω</span> <span class='ocrx_word' id='word_1_651' title='bbox 3547 4203 3635 4259; x_wconf 79' lang='grc' dir='ltr'><strong>καὶ</strong></span> <span class='ocrx_word' id='word_1_652' title='bbox 3666 4207 3705 4275; x_wconf 79' lang='grc' dir='ltr'><strong>ἡ</strong></span> 
     </span>
    </p>
   </div>
   <div class='ocr_carea' id='block_1_89' title="bbox 2036 4282 3703 4370">
    <p class='ocr_par' dir='ltr' id='par_1_89' title="bbox 2036 4282 3703 4370">
     <span class='ocr_line' id='line_1_89' title="bbox 2036 4282 3703 4370; baseline 0.007 -35"><span class='ocrx_word' id='word_1_653' title='bbox 2036 4282 2199 4357; x_wconf 83' lang='grc' dir='ltr'>ἀρετὴ</span> <span class='ocrx_word' id='word_1_654' title='bbox 2234 4283 2526 4361; x_wconf 82' lang='grc' dir='ltr'>ἀφίπταται</span> <span class='ocrx_word' id='word_1_655' title='bbox 2577 4283 2647 4370; x_wconf 83' lang='grc' dir='ltr'>δι’</span> <span class='ocrx_word' id='word_1_656' title='bbox 2701 4286 3017 4360; x_wconf 72' lang='grc' dir='ltr'>ὑπεροψίαν,</span> <span class='ocrx_word' id='word_1_657' title='bbox 3049 4286 3145 4344; x_wconf 73' lang='grc' dir='ltr'>κᾶν</span> <span class='ocrx_word' id='word_1_658' title='bbox 3194 4288 3417 4361; x_wconf 73' lang='grc' dir='ltr'>πολλὴν</span> <span class='ocrx_word' id='word_1_659' title='bbox 3466 4289 3703 4370; x_wconf 83' lang='grc' dir='ltr'>σφοδρό-</span> 
     </span>
    </p>
   </div>
   <div class='ocr_carea' id='block_1_90' title="bbox 2032 4369 3705 4455">
    <p class='ocr_par' dir='ltr' id='par_1_90' title="bbox 2032 4369 3705 4455">
     <span class='ocr_line' id='line_1_90' title="bbox 2032 4369 3705 4455; baseline 0.007 -29"><span class='ocrx_word' id='word_1_660' title='bbox 2032 4392 2170 4441; x_wconf 86' lang='grc' dir='ltr'>τητα</span> <span class='ocrx_word' id='word_1_661' title='bbox 2194 4372 2472 4442; x_wconf 78' lang='grc' dir='ltr'>ἀσκήσεως</span> <span class='ocrx_word' id='word_1_662' title='bbox 2508 4369 2669 4449; x_wconf 49' lang='grc' dir='ltr'>λάϐ’(ᾑ</span> <span class='ocrx_word' id='word_1_663' title='bbox 2704 4375 2794 4430; x_wconf 80' lang='grc' dir='ltr'><strong>καὶ</strong></span> <span class='ocrx_word' id='word_1_664' title='bbox 2847 4377 3123 4455; x_wconf 74' lang='grc' dir='ltr'>φθείρεται</span> <span class='ocrx_word' id='word_1_665' title='bbox 3174 4376 3234 4434; x_wconf 73' lang='grc' dir='ltr'>δὲ</span> <span class='ocrx_word' id='word_1_666' title='bbox 3261 4378 3426 4435; x_wconf 79' lang='grc' dir='ltr'>πάλιν</span> <span class='ocrx_word' id='word_1_667' title='bbox 3472 4380 3524 4451; x_wconf 76' lang='grc' dir='ltr'>ἐξ</span> <span class='ocrx_word' id='word_1_668' title='bbox 3563 4381 3705 4454; x_wconf 85' lang='grc' dir='ltr'>ἀμε-</span> 
     </span>
    </p>
   </div>
   <div class='ocr_carea' id='block_1_91' title="bbox 2034 4457 3702 4542">
    <p class='ocr_par' dir='ltr' id='par_1_91' title="bbox 2034 4457 3702 4542">
     <span class='ocr_line' id='line_1_91' title="bbox 2034 4457 3702 4542; baseline 0.006 -27"><span class='ocrx_word' id='word_1_669' title='bbox 2034 4457 2182 4523; x_wconf 87' lang='grc' dir='ltr'>λείας</span> <span class='ocrx_word' id='word_1_670' title='bbox 2229 4462 2293 4517; x_wconf 87' lang='grc' dir='ltr'>τὸ</span> <span class='ocrx_word' id='word_1_671' title='bbox 2345 4460 2535 4531; x_wconf 82' lang='grc' dir='ltr'>καλὸν,</span> <span class='ocrx_word' id='word_1_672' title='bbox 2588 4464 2714 4520; x_wconf 81' lang='grc' dir='ltr'>ὅταν</span> <span class='ocrx_word' id='word_1_673' title='bbox 2770 4463 2901 4538; x_wconf 76' lang='grc' dir='ltr'>μηδ’</span> <span class='ocrx_word' id='word_1_674' title='bbox 2931 4462 3078 4529; x_wconf 71' lang='grc' dir='ltr'>ὅλως</span> <span class='ocrx_word' id='word_1_675' title='bbox 3122 4471 3431 4542; x_wconf 73' lang='grc' dir='ltr'>κινήσωμεν</span> <span class='ocrx_word' id='word_1_676' title='bbox 3474 4470 3702 4534; x_wconf 67' lang='grc' dir='ltr'>ἑαυτοὺς</span> 
     </span>
    </p>
   </div>
   <div class='ocr_carea' id='block_1_92' title="bbox 268 4548 1940 4638">
    <p class='ocr_par' dir='ltr' id='par_1_92' title="bbox 268 4548 1922 4638">
     <span class='ocr_line' id='line_1_92' title="bbox 268 4548 1922 4638; baseline -0.004 -11"><span class='ocrx_word' id='word_1_677' title='bbox 268 4548 478 4628; x_wconf 78' lang='lat' dir='ltr'><strong>acutus</strong></span> <span class='ocrx_word' id='word_1_678' title='bbox 519 4569 685 4626; x_wconf 86' lang='lat' dir='ltr'><strong>facile</strong></span> <span class='ocrx_word' id='word_1_679' title='bbox 727 4586 762 4623; x_wconf 92' lang='lat' dir='ltr'><strong>a</strong></span> <span class='ocrx_word' id='word_1_680' title='bbox 808 4565 1004 4637; x_wconf 85' lang='lat' dir='ltr'><strong>lapide</strong></span> <span class='ocrx_word' id='word_1_681' title='bbox 1047 4564 1455 4636; x_wconf 82' lang='lat' dir='ltr'><strong>conl&#39;ringitur,</strong></span> <span class='ocrx_word' id='word_1_682' title='bbox 1490 4565 1922 4638; x_wconf 90' lang='lat' dir='ltr'><strong>vehemensque</strong></span> 
     </span>
    </p>
   </div>
   <div class='ocr_carea' id='block_1_93' title="bbox 2051 4548 3697 4638">
    <p class='ocr_par' dir='ltr' id='par_1_93' title="bbox 2051 4548 3697 4635">
     <span class='ocr_line' id='line_1_93' title="bbox 2051 4548 3697 4635; baseline 0.009 -34"><span class='ocrx_word' id='word_1_683' title='bbox 2051 4551 2166 4623; x_wconf 72' lang='grc' dir='ltr'>πρὸς</span> <span class='ocrx_word' id='word_1_684' title='bbox 2217 4548 2475 4623; x_wconf 74' lang='grc' dir='ltr'>ῥιπισμὸν</span> <span class='ocrx_word' id='word_1_685' title='bbox 2534 4556 2632 4606; x_wconf 87' lang='grc' dir='ltr'><strong>τοῦ</strong></span> <span class='ocrx_word' id='word_1_686' title='bbox 2687 4551 2832 4608; x_wconf 85' lang='grc' dir='ltr'>θείου</span> <span class='ocrx_word' id='word_1_687' title='bbox 2882 4555 3236 4629; x_wconf 83' lang='grc' dir='ltr'>Πνεύματος.</span> <span class='ocrx_word' id='word_1_688' title='bbox 3285 4559 3544 4635; x_wconf 82' lang='grc' dir='ltr'>Μάχαιρα</span> <span class='ocrx_word' id='word_1_689' title='bbox 3591 4554 3697 4615; x_wconf 66' lang='grc' dir='ltr'><strong>ἔπι</strong></span> 
     </span>
    </p>
   </div>
   <div class='ocr_carea' id='block_1_94' title="bbox 269 4634 1940 4733">
    <p class='ocr_par' dir='ltr' id='par_1_94' title="bbox 269 4652 1923 4733">
     <span class='ocr_line' id='line_1_94' title="bbox 269 4652 1923 4733; baseline -0.004 -17"><span class='ocrx_word' id='word_1_690' title='bbox 269 4659 587 4733; x_wconf 89' lang='lat' dir='ltr'><strong>disciplina</strong></span> <span class='ocrx_word' id='word_1_691' title='bbox 632 4662 691 4713; x_wconf 91' lang='lat' dir='ltr'><strong>et</strong></span> <span class='ocrx_word' id='word_1_692' title='bbox 736 4653 1092 4722; x_wconf 82' lang='lat' dir='ltr'><strong>exercitatio,</strong></span> <span class='ocrx_word' id='word_1_693' title='bbox 1126 4652 1284 4708; x_wconf 88' lang='lat' dir='ltr'><strong>brevi</strong></span> <span class='ocrx_word' id='word_1_694' title='bbox 1333 4669 1436 4723; x_wconf 92' lang='lat' dir='ltr'><strong>per</strong></span> <span class='ocrx_word' id='word_1_695' title='bbox 1479 4653 1818 4724; x_wconf 88' lang='lat' dir='ltr'><strong>superbiam</strong></span> <span class='ocrx_word' id='word_1_696' title='bbox 1867 4654 1923 4710; x_wconf 93' lang='lat' dir='ltr'><strong>in</strong></span> 
     </span>
    </p>
   </div>
   <div class='ocr_carea' id='block_1_95' title="bbox 2051 4634 3702 4733">
    <p class='ocr_par' dir='ltr' id='par_1_95' title="bbox 2051 4634 3702 4719">
     <span class='ocr_line' id='line_1_95' title="bbox 2051 4634 3702 4719; baseline 0.008 -28"><span class='ocrx_word' id='word_1_697' title='bbox 2051 4659 2209 4710; x_wconf 88' lang='grc' dir='ltr'>ικμος</span> <span class='ocrx_word' id='word_1_698' title='bbox 2243 4634 2439 4713; x_wconf 80' lang='grc' dir='ltr'>ῥᾳδίως</span> <span class='ocrx_word' id='word_1_699' title='bbox 2472 4638 2576 4695; x_wconf 84' lang='grc' dir='ltr'><strong>ὑπὸ</strong></span> <span class='ocrx_word' id='word_1_700' title='bbox 2610 4637 2769 4705; x_wconf 81' lang='grc' dir='ltr'>λίθου</span> <span class='ocrx_word' id='word_1_701' title='bbox 2796 4644 3145 4719; x_wconf 83' lang='grc' dir='ltr'>κατάγνυται·</span> <span class='ocrx_word' id='word_1_702' title='bbox 3187 4646 3277 4703; x_wconf 71' lang='grc' dir='ltr'><strong>καὶ</strong></span> <span class='ocrx_word' id='word_1_703' title='bbox 3327 4645 3554 4718; x_wconf 75' lang='grc' dir='ltr'>ἄσκησις</span> <span class='ocrx_word' id='word_1_704' title='bbox 3586 4648 3702 4704; x_wconf 77' lang='grc' dir='ltr'>ἐπι·</span> 
     </span>
    </p>
   </div>
   <div class='ocr_carea' id='block_1_96' title="bbox 264 4742 1920 4817">
    <p class='ocr_par' dir='ltr' id='par_1_96' title="bbox 264 4742 1920 4817">
     <span class='ocr_line' id='line_1_96' title="bbox 264 4742 1920 4817; baseline -0.004 -11"><span class='ocrx_word' id='word_1_705' title='bbox 264 4750 508 4806; x_wconf 77' lang='lat' dir='ltr'><strong>exitium</strong></span> <span class='ocrx_word' id='word_1_706' title='bbox 543 4747 680 4803; x_wconf 86' lang='lat' dir='ltr'><strong>ruit.</strong></span> <span class='ocrx_word' id='word_1_707' title='bbox 715 4747 1079 4817; x_wconf 78' lang='lat' dir='ltr'><strong>Quapropter</strong></span> <span class='ocrx_word' id='word_1_708' title='bbox 1107 4742 1340 4813; x_wconf 84' lang='lat' dir='ltr'><strong>expedit</strong></span> <span class='ocrx_word' id='word_1_709' title='bbox 1364 4742 1621 4799; x_wconf 81' lang='lat' dir='ltr'><strong>animam</strong></span> <span class='ocrx_word' id='word_1_710' title='bbox 1659 4744 1920 4814; x_wconf 90' lang='lat' dir='ltr'><strong>undique</strong></span> 
     </span>
    </p>
   </div>
   <div class='ocr_carea' id='block_1_97' title="bbox 267 4830 1915 4906">
    <p class='ocr_par' dir='ltr' id='par_1_97' title="bbox 267 4830 1915 4906">
     <span class='ocr_line' id='line_1_97' title="bbox 267 4830 1915 4906; baseline -0.004 -12"><span class='ocrx_word' id='word_1_711' title='bbox 267 4838 521 4905; x_wconf 88' lang='lat' dir='ltr'><strong>munire,</strong></span> <span class='ocrx_word' id='word_1_712' title='bbox 572 4853 640 4893; x_wconf 91' lang='lat' dir='ltr'><strong>ac</strong></span> <span class='ocrx_word' id='word_1_713' title='bbox 688 4849 1026 4906; x_wconf 89' lang='lat' dir='ltr'><strong>supremam</strong></span> <span class='ocrx_word' id='word_1_714' title='bbox 1078 4832 1307 4886; x_wconf 82' lang='lat' dir='ltr'><strong>ascesin</strong></span> <span class='ocrx_word' id='word_1_715' title='bbox 1356 4847 1390 4886; x_wconf 93' lang='lat' dir='ltr'><strong>a</strong></span> <span class='ocrx_word' id='word_1_716' title='bbox 1434 4830 1721 4902; x_wconf 73' lang='lat' dir='ltr'><strong>superbia:</strong></span> <span class='ocrx_word' id='word_1_717' title='bbox 1771 4840 1915 4887; x_wconf 59' lang='lat' dir='ltr'><strong>testu</strong></span> 
     </span>
    </p>
   </div>
   <div class='ocr_carea' id='block_1_98' title="bbox 262 4918 1915 4999">
    <p class='ocr_par' dir='ltr' id='par_1_98' title="bbox 262 4918 1915 4999">
     <span class='ocr_line' id='line_1_98' title="bbox 262 4918 1915 4999; baseline -0.006 -15"><span class='ocrx_word' id='word_1_718' title='bbox 262 4932 565 4999; x_wconf 87' lang='lat' dir='ltr'><strong>perustam</strong></span> <span class='ocrx_word' id='word_1_719' title='bbox 597 4925 904 4980; x_wconf 86' lang='lat' dir='ltr'><strong>demittere</strong></span> <span class='ocrx_word' id='word_1_720' title='bbox 951 4921 1009 4975; x_wconf 90' lang='lat' dir='ltr'><strong>in</strong></span> <span class='ocrx_word' id='word_1_721' title='bbox 1063 4920 1342 4975; x_wconf 81' lang='lat' dir='ltr'><strong>umbrosa</strong></span> <span class='ocrx_word' id='word_1_722' title='bbox 1384 4918 1512 4974; x_wconf 92' lang='lat' dir='ltr'><strong>loca</strong></span> <span class='ocrx_word' id='word_1_723' title='bbox 1542 4936 1555 4974; x_wconf 90' lang='lat'><strong>:</strong></span> <span class='ocrx_word' id='word_1_724' title='bbox 1590 4919 1915 4975; x_wconf 89' lang='lat' dir='ltr'><strong>interdum-</strong></span> 
     </span>
    </p>
   </div>
   <div class='ocr_carea' id='block_1_99' title="bbox 261 5010 1911 5090">
    <p class='ocr_par' dir='ltr' id='par_1_99' title="bbox 261 5010 1911 5090">
     <span class='ocr_line' id='line_1_99' title="bbox 261 5010 1911 5090; baseline -0.004 -19"><span class='ocrx_word' id='word_1_725' title='bbox 261 5033 375 5090; x_wconf 91' lang='lat' dir='ltr'><strong>que</strong></span> <span class='ocrx_word' id='word_1_726' title='bbox 414 5014 714 5088; x_wconf 79' lang='lat' dir='ltr'><strong>superﬂua</strong></span> <span class='ocrx_word' id='word_1_727' title='bbox 761 5016 1089 5083; x_wconf 86' lang='lat' dir='ltr'><strong>amputare,</strong></span> <span class='ocrx_word' id='word_1_728' title='bbox 1123 5025 1239 5080; x_wconf 88' lang='lat' dir='ltr'><strong>quo</strong></span> <span class='ocrx_word' id='word_1_729' title='bbox 1290 5010 1455 5065; x_wconf 82' lang='lat' dir='ltr'><strong>radix</strong></span> <span class='ocrx_word' id='word_1_730' title='bbox 1502 5013 1759 5080; x_wconf 84' lang='lat' dir='ltr'><strong>vegetior</strong></span> <span class='ocrx_word' id='word_1_731' title='bbox 1787 5010 1911 5065; x_wconf 80' lang='lat' dir='ltr'><strong>efﬁ-</strong></span> 
     </span>
    </p>
   </div>
   <div class='ocr_carea' id='block_1_100' title="bbox 259 5107 467 5163">
    <p class='ocr_par' dir='ltr' id='par_1_100' title="bbox 259 5107 467 5163">
     <span class='ocr_line' id='line_1_100' title="bbox 259 5107 467 5163; baseline -0.01 0"><span class='ocrx_word' id='word_1_732' title='bbox 259 5107 467 5163; x_wconf 88' lang='lat' dir='ltr'><strong>ciatur.</strong></span> 
     </span>
    </p>
   </div>
   <div class='ocr_carea' id='block_1_101' title="bbox 324 5277 1913 5352">
    <p class='ocr_par' dir='ltr' id='par_1_101' title="bbox 324 5277 1913 5352">
     <span class='ocr_line' id='line_1_101' title="bbox 324 5277 1913 5352; baseline -0.003 -12"><span class='ocrx_word' id='word_1_733' title='bbox 324 5286 415 5342; x_wconf 84' lang='lat'><strong>55.</strong></span> <span class='ocrx_word' id='word_1_734' title='bbox 448 5284 553 5350; x_wconf 86' lang='lat' dir='ltr'><strong>Qui</strong></span> <span class='ocrx_word' id='word_1_735' title='bbox 603 5300 736 5340; x_wconf 84' lang='lat' dir='ltr'><strong>vero</strong></span> <span class='ocrx_word' id='word_1_736' title='bbox 784 5279 1193 5352; x_wconf 83' lang='lat' dir='ltr'><strong>desperatione</strong></span> <span class='ocrx_word' id='word_1_737' title='bbox 1242 5277 1491 5348; x_wconf 86' lang='lat' dir='ltr'><strong>capitur,</strong></span> <span class='ocrx_word' id='word_1_738' title='bbox 1524 5278 1913 5350; x_wconf 83' lang='lat' dir='ltr'><strong>compellatur</strong></span> 
     </span>
    </p>
   </div>
   <div class='ocr_carea' id='block_1_102' title="bbox 252 5367 1911 5447">
    <p class='ocr_par' dir='ltr' id='par_1_102' title="bbox 252 5367 1911 5447">
     <span class='ocr_line' id='line_1_102' title="bbox 252 5367 1911 5447; baseline -0.003 -18"><span class='ocrx_word' id='word_1_739' title='bbox 252 5373 545 5447; x_wconf 66' lang='lat' dir='ltr'><strong>praedictis</strong></span> <span class='ocrx_word' id='word_1_740' title='bbox 562 5389 701 5445; x_wconf 87' lang='lat' dir='ltr'><strong>argu</strong></span> <span class='ocrx_word' id='word_1_741' title='bbox 713 5373 923 5427; x_wconf 84' lang='lat' dir='ltr'><strong>mentis</strong></span> <span class='ocrx_word' id='word_1_742' title='bbox 937 5386 1003 5424; x_wconf 90' lang='lat' dir='ltr'><strong>su</strong></span> <span class='ocrx_word' id='word_1_743' title='bbox 1016 5384 1176 5422; x_wconf 82' lang='lat' dir='ltr'><strong>rsum</strong></span> <span class='ocrx_word' id='word_1_744' title='bbox 1196 5367 1451 5422; x_wconf 89' lang='lat' dir='ltr'><strong>tendere.</strong></span> <span class='ocrx_word' id='word_1_745' title='bbox 1469 5367 1574 5421; x_wconf 87' lang='lat' dir='ltr'><strong>Ani</strong></span> <span class='ocrx_word' id='word_1_746' title='bbox 1587 5384 1724 5439; x_wconf 79' lang='lat' dir='ltr'><strong>rnaq</strong></span> <span class='ocrx_word' id='word_1_747' title='bbox 1736 5369 1911 5440; x_wconf 90' lang='lat' dir='ltr'><strong>uippe</strong></span> 
     </span>
    </p>
   </div>
   <div class='ocr_carea' id='block_1_103' title="bbox 174 5456 1909 5535">
    <p class='ocr_par' dir='ltr' id='par_1_103' title="bbox 174 5456 1909 5535">
     <span class='ocr_line' id='line_1_103' title="bbox 174 5456 1909 5535; baseline -0.002 -17"><span class='ocrx_word' id='word_1_748' title='bbox 174 5524 183 5531; x_wconf 89' lang='lat'>_</span> <span class='ocrx_word' id='word_1_749' title='bbox 253 5479 384 5535; x_wconf 66' lang='lat' dir='ltr'><strong>qua:</strong></span> <span class='ocrx_word' id='word_1_750' title='bbox 406 5469 570 5518; x_wconf 53' lang='lat' dir='ltr'><strong>terra,</strong></span> <span class='ocrx_word' id='word_1_751' title='bbox 591 5462 853 5529; x_wconf 63' lang='lat' dir='ltr'><strong>inhaeret,</strong></span> <span class='ocrx_word' id='word_1_752' title='bbox 869 5459 1001 5513; x_wconf 88' lang='lat' dir='ltr'><strong>vilis</strong></span> <span class='ocrx_word' id='word_1_753' title='bbox 1022 5457 1361 5528; x_wconf 77' lang='lat' dir='ltr'><strong>abjectaque</strong></span> <span class='ocrx_word' id='word_1_754' title='bbox 1383 5462 1492 5512; x_wconf 86' lang='lat' dir='ltr'><strong>est.</strong></span> <span class='ocrx_word' id='word_1_755' title='bbox 1512 5456 1664 5512; x_wconf 88' lang='lat' dir='ltr'><strong>Sane</strong></span> <span class='ocrx_word' id='word_1_756' title='bbox 1688 5458 1909 5530; x_wconf 81' lang='lat' dir='ltr'><strong>agrico-</strong></span> 
     </span>
    </p>
   </div>
   <div class='ocr_carea' id='block_1_104' title="bbox 252 5543 1905 5616">
    <p class='ocr_par' dir='ltr' id='par_1_104' title="bbox 252 5543 1905 5616">
     <span class='ocr_line' id='line_1_104' title="bbox 252 5543 1905 5616; baseline -0.001 -11"><span class='ocrx_word' id='word_1_757' title='bbox 252 5552 440 5606; x_wconf 87' lang='lat' dir='ltr'><strong>larum</strong></span> <span class='ocrx_word' id='word_1_758' title='bbox 482 5548 883 5615; x_wconf 88' lang='lat' dir='ltr'><strong>solertissimi,</strong></span> <span class='ocrx_word' id='word_1_759' title='bbox 909 5562 1045 5601; x_wconf 92' lang='lat' dir='ltr'><strong>cum</strong></span> <span class='ocrx_word' id='word_1_760' title='bbox 1079 5543 1332 5600; x_wconf 88' lang='lat' dir='ltr'><strong>viderint</strong></span> <span class='ocrx_word' id='word_1_761' title='bbox 1378 5543 1640 5616; x_wconf 83' lang='lat' dir='ltr'><strong>plantam</strong></span> <span class='ocrx_word' id='word_1_762' title='bbox 1672 5551 1905 5604; x_wconf 91' lang='lat' dir='ltr'><strong>tenuem</strong></span> 
     </span>
    </p>
   </div>
   <div class='ocr_carea' id='block_1_105' title="bbox 249 5632 1907 5725">
    <p class='ocr_par' dir='ltr' id='par_1_105' title="bbox 249 5632 1907 5725">
     <span class='ocr_line' id='line_1_105' title="bbox 249 5632 1907 5725; baseline -0.001 -31"><span class='ocrx_word' id='word_1_763' title='bbox 249 5645 317 5700; x_wconf 76' lang='lat' dir='ltr'><strong>et</strong></span> <span class='ocrx_word' id='word_1_764' title='bbox 337 5639 663 5725; x_wconf 49' lang='lat' dir='ltr'><strong>inﬁrmam,</strong></span> <span class='ocrx_word' id='word_1_765' title='bbox 679 5639 839 5717; x_wconf 67' lang='lat' dir='ltr'><strong>large</strong></span> <span class='ocrx_word' id='word_1_766' title='bbox 869 5636 1145 5725; x_wconf 42' lang='lat' dir='ltr'><strong>irrigant,</strong></span> <span class='ocrx_word' id='word_1_767' title='bbox 1170 5632 1489 5725; x_wconf 8' lang='lat' dir='ltr'><strong>multaque,</strong></span> <span class='ocrx_word' id='word_1_768' title='bbox 1504 5634 1907 5709; x_wconf 74' lang='lat' dir='ltr'><strong>sollicitudine</strong></span> 
     </span>
    </p>
   </div>
   <div class='ocr_carea' id='block_1_106' title="bbox 249 5721 1903 5798">
    <p class='ocr_par' dir='ltr' id='par_1_106' title="bbox 249 5721 1903 5798">
     <span class='ocr_line' id='line_1_106' title="bbox 249 5721 1903 5798; baseline 0 -16"><span class='ocrx_word' id='word_1_769' title='bbox 249 5727 466 5795; x_wconf 81' lang='lat' dir='ltr'><strong>fovent,</strong></span> <span class='ocrx_word' id='word_1_770' title='bbox 499 5731 564 5784; x_wconf 85' lang='lat' dir='ltr'><strong>ut</strong></span> <span class='ocrx_word' id='word_1_771' title='bbox 592 5721 993 5798; x_wconf 87' lang='lat' dir='ltr'><strong>augmentum</strong></span> <span class='ocrx_word' id='word_1_772' title='bbox 1023 5721 1290 5793; x_wconf 86' lang='lat' dir='ltr'><strong>accipiet.</strong></span> <span class='ocrx_word' id='word_1_773' title='bbox 1324 5721 1562 5784; x_wconf 88' lang='lat' dir='ltr'><strong>Quoties</strong></span> <span class='ocrx_word' id='word_1_774' title='bbox 1614 5730 1811 5781; x_wconf 85' lang='lat' dir='ltr'><strong>autem</strong></span> <span class='ocrx_word' id='word_1_775' title='bbox 1842 5726 1903 5782; x_wconf 91' lang='lat' dir='ltr'><strong>in</strong></span> 
     </span>
    </p>
   </div>
   <div class='ocr_carea' id='block_1_107' title="bbox 2024 4725 3698 4812">
    <p class='ocr_par' dir='ltr' id='par_1_107' title="bbox 2024 4725 3698 4812">
     <span class='ocr_line' id='line_1_107' title="bbox 2024 4725 3698 4812; baseline 0.008 -33"><span class='ocrx_word' id='word_1_776' title='bbox 2024 4725 2291 4798; x_wconf 76' lang='grc' dir='ltr'>τεταμένη</span> <span class='ocrx_word' id='word_1_777' title='bbox 2342 4727 2626 4801; x_wconf 76' lang='grc' dir='ltr'>συντόμως</span> <span class='ocrx_word' id='word_1_778' title='bbox 2657 4727 2717 4784; x_wconf 77' lang='grc' dir='ltr'>ἐκ</span> <span class='ocrx_word' id='word_1_779' title='bbox 2761 4736 2859 4786; x_wconf 82' lang='grc' dir='ltr'><strong>τοῦ</strong></span> <span class='ocrx_word' id='word_1_780' title='bbox 2904 4732 3397 4812; x_wconf 82' lang='grc' dir='ltr'>ὑπερηφανεύεσθαι</span> <span class='ocrx_word' id='word_1_781' title='bbox 3444 4734 3698 4793; x_wconf 86' lang='grc' dir='ltr'>ἀπόλλυ-</span> 
     </span>
    </p>
   </div>
   <div class='ocr_carea' id='block_1_108' title="bbox 2026 4817 3690 4900">
    <p class='ocr_par' dir='ltr' id='par_1_108' title="bbox 2026 4817 3690 4900">
     <span class='ocr_line' id='line_1_108' title="bbox 2026 4817 3690 4900; baseline 0.006 -29"><span class='ocrx_word' id='word_1_782' title='bbox 2026 4837 2152 4871; x_wconf 90' lang='grc' dir='ltr'>ται.</span> <span class='ocrx_word' id='word_1_783' title='bbox 2213 4817 2370 4874; x_wconf 76' lang='grc' dir='ltr'>’Όθεν</span> <span class='ocrx_word' id='word_1_784' title='bbox 2426 4820 2693 4892; x_wconf 79' lang='grc' dir='ltr'>προσήκει</span> <span class='ocrx_word' id='word_1_785' title='bbox 2751 4822 3088 4896; x_wconf 80' lang='grc' dir='ltr'>πανταχόθεν</span> <span class='ocrx_word' id='word_1_786' title='bbox 3143 4822 3532 4900; x_wconf 79' lang='grc' dir='ltr'>ἀσφαλίζεσθαι</span> <span class='ocrx_word' id='word_1_787' title='bbox 3582 4827 3690 4895; x_wconf 76' lang='grc' dir='ltr'>τὴν</span> 
     </span>
    </p>
   </div>
   <div class='ocr_carea' id='block_1_109' title="bbox 2025 4905 3693 4983">
    <p class='ocr_par' dir='ltr' id='par_1_109' title="bbox 2025 4905 3693 4983">
     <span class='ocr_line' id='line_1_109' title="bbox 2025 4905 3693 4983; baseline 0.01 -26"><span class='ocrx_word' id='word_1_788' title='bbox 2025 4906 2233 4980; x_wconf 77' lang='grc' dir='ltr'>ψυχήν,</span> <span class='ocrx_word' id='word_1_789' title='bbox 2277 4905 2366 4960; x_wconf 85' lang='grc' dir='ltr'><strong>καὶ</strong></span> <span class='ocrx_word' id='word_1_790' title='bbox 2410 4906 2509 4974; x_wconf 77' lang='grc' dir='ltr'>τὴν</span> <span class='ocrx_word' id='word_1_791' title='bbox 2561 4906 2866 4983; x_wconf 77' lang='grc' dir='ltr'>ἀκροτάτην</span> <span class='ocrx_word' id='word_1_792' title='bbox 2921 4908 3148 4981; x_wconf 81' lang='grc' dir='ltr'>ἄσκησιν</span> <span class='ocrx_word' id='word_1_793' title='bbox 3180 4912 3239 4969; x_wconf 74' lang='grc' dir='ltr'>ἐκ</span> <span class='ocrx_word' id='word_1_794' title='bbox 3279 4918 3380 4971; x_wconf 81' lang='grc' dir='ltr'><strong>τοῦ</strong></span> <span class='ocrx_word' id='word_1_795' title='bbox 3408 4913 3693 4979; x_wconf 74' lang='grc' dir='ltr'>καύσωνος</span> 
     </span>
    </p>
   </div>
   <div class='ocr_carea' id='block_1_110' title="bbox 2021 4994 3692 5081">
    <p class='ocr_par' dir='ltr' id='par_1_110' title="bbox 2021 4994 3692 5081">
     <span class='ocr_line' id='line_1_110' title="bbox 2021 4994 3692 5081; baseline 0.007 -32"><span class='ocrx_word' id='word_1_796' title='bbox 2021 4996 2119 5063; x_wconf 74' lang='grc' dir='ltr'><strong>τῆς</strong></span> <span class='ocrx_word' id='word_1_797' title='bbox 2183 4994 2549 5072; x_wconf 80' lang='grc' dir='ltr'>ὑπερηφανίας</span> <span class='ocrx_word' id='word_1_798' title='bbox 2623 5000 3041 5072; x_wconf 79' lang='grc' dir='ltr'>περικαιομένην</span> <span class='ocrx_word' id='word_1_799' title='bbox 3122 5001 3494 5075; x_wconf 81' lang='grc' dir='ltr'>ὑποκάμπτειν</span> <span class='ocrx_word' id='word_1_800' title='bbox 3551 5025 3692 5081; x_wconf 87' lang='grc' dir='ltr'>προς</span> 
     </span>
    </p>
   </div>
   <div class='ocr_carea' id='block_1_111' title="bbox 2020 5081 3690 5166">
    <p class='ocr_par' dir='ltr' id='par_1_111' title="bbox 2020 5081 3690 5166">
     <span class='ocr_line' id='line_1_111' title="bbox 2020 5081 3690 5166; baseline 0.008 -27"><span class='ocrx_word' id='word_1_801' title='bbox 2020 5083 2147 5146; x_wconf 80' lang='grc' dir='ltr'>τοὺς</span> <span class='ocrx_word' id='word_1_802' title='bbox 2204 5081 2457 5146; x_wconf 83' lang='grc' dir='ltr'>σκιώδεις</span> <span class='ocrx_word' id='word_1_803' title='bbox 2514 5084 2737 5154; x_wconf 89' lang='grc' dir='ltr'>τόπους,</span> <span class='ocrx_word' id='word_1_804' title='bbox 2798 5082 2906 5153; x_wconf 78' lang='grc' dir='ltr'>ἔσθ’</span> <span class='ocrx_word' id='word_1_805' title='bbox 2963 5089 3055 5145; x_wconf 73' lang='grc' dir='ltr'><strong>ὅτε</strong></span> <span class='ocrx_word' id='word_1_806' title='bbox 3100 5090 3192 5147; x_wconf 84' lang='grc' dir='ltr'>καὶ</span> <span class='ocrx_word' id='word_1_807' title='bbox 3240 5091 3582 5166; x_wconf 76' lang='grc' dir='ltr'>περιτέμνειν</span> <span class='ocrx_word' id='word_1_808' title='bbox 3618 5095 3690 5151; x_wconf 81' lang='grc' dir='ltr'>τὰ</span> 
     </span>
    </p>
   </div>
   <div class='ocr_carea' id='block_1_112' title="bbox 2020 5173 3684 5257">
    <p class='ocr_par' dir='ltr' id='par_1_112' title="bbox 2020 5173 3684 5257">
     <span class='ocr_line' id='line_1_112' title="bbox 2020 5173 3684 5257; baseline 0.008 -28"><span class='ocrx_word' id='word_1_809' title='bbox 2020 5174 2263 5249; x_wconf 83' lang='grc' dir='ltr'>περιττὰ,</span> <span class='ocrx_word' id='word_1_810' title='bbox 2314 5173 2453 5248; x_wconf 86' lang='grc' dir='ltr'>πρὸς</span> <span class='ocrx_word' id='word_1_811' title='bbox 2498 5173 2562 5229; x_wconf 86' lang='grc' dir='ltr'>τὸ</span> <span class='ocrx_word' id='word_1_812' title='bbox 2615 5176 2716 5245; x_wconf 76' lang='grc' dir='ltr'><strong>τήν</strong></span> <span class='ocrx_word' id='word_1_813' title='bbox 2766 5176 2915 5252; x_wconf 79' lang='grc' dir='ltr'>ῥίζαν</span> <span class='ocrx_word' id='word_1_814' title='bbox 2970 5178 3355 5257; x_wconf 78' lang='grc' dir='ltr'>εὖθαλεστέραν</span> <span class='ocrx_word' id='word_1_815' title='bbox 3415 5183 3684 5256; x_wconf 68' lang='grc' dir='ltr'>γενέσθαι.</span> 
     </span>
    </p>
   </div>
   <div class='ocr_carea' id='block_1_113' title="bbox 2088 5276 3679 5367">
    <p class='ocr_par' dir='ltr' id='par_1_113' title="bbox 2088 5276 3679 5367">
     <span class='ocr_line' id='line_1_113' title="bbox 2088 5276 3679 5367; baseline 0.006 -30"><span class='ocrx_word' id='word_1_816' title='bbox 2088 5283 2179 5337; x_wconf 88' lang='lat'><strong>55.</strong></span> <span class='ocrx_word' id='word_1_817' title='bbox 2238 5279 2338 5334; x_wconf 86' lang='grc' dir='ltr'><strong>Τὸν</strong></span> <span class='ocrx_word' id='word_1_818' title='bbox 2395 5276 2452 5334; x_wconf 72' lang='grc' dir='ltr'>δὲ</span> <span class='ocrx_word' id='word_1_819' title='bbox 2504 5284 2574 5353; x_wconf 78' lang='grc' dir='ltr'><strong>τῇ</strong></span> <span class='ocrx_word' id='word_1_820' title='bbox 2636 5281 2940 5359; x_wconf 82' lang='grc' dir='ltr'>ἀπογνώσει</span> <span class='ocrx_word' id='word_1_821' title='bbox 3002 5282 3364 5361; x_wconf 85' lang='grc' dir='ltr'>ἁλισκόμενον</span> <span class='ocrx_word' id='word_1_822' title='bbox 3423 5290 3679 5367; x_wconf 85' lang='grc' dir='ltr'>ἀνωρεπῆ</span> 
     </span>
    </p>
   </div>
   <div class='ocr_carea' id='block_1_114' title="bbox 2023 5368 3682 5453">
    <p class='ocr_par' dir='ltr' id='par_1_114' title="bbox 2023 5368 3682 5453">
     <span class='ocr_line' id='line_1_114' title="bbox 2023 5368 3682 5453; baseline 0.007 -31"><span class='ocrx_word' id='word_1_823' title='bbox 2023 5368 2297 5445; x_wconf 76' lang='grc' dir='ltr'>βιάζεσθαι</span> <span class='ocrx_word' id='word_1_824' title='bbox 2356 5374 2532 5423; x_wconf 84' lang='grc' dir='ltr'>ποιεῖν</span> <span class='ocrx_word' id='word_1_825' title='bbox 2584 5375 2702 5433; x_wconf 88' lang='grc' dir='ltr'>τοῖς</span> <span class='ocrx_word' id='word_1_826' title='bbox 2751 5375 3178 5451; x_wconf 87' lang='grc' dir='ltr'>προειρημένοις</span> <span class='ocrx_word' id='word_1_827' title='bbox 3222 5373 3536 5453; x_wconf 86' lang='grc' dir='ltr'>λογισμοῖς.</span> <span class='ocrx_word' id='word_1_828' title='bbox 3580 5379 3682 5434; x_wconf 78' lang='grc' dir='ltr'>Καὶ</span> 
     </span>
    </p>
   </div>
   <div class='ocr_carea' id='block_1_115' title="bbox 2014 5454 3679 5542">
    <p class='ocr_par' dir='ltr' id='par_1_115' title="bbox 2014 5454 3679 5542">
     <span class='ocr_line' id='line_1_115' title="bbox 2014 5454 3679 5542; baseline 0.006 -31"><span class='ocrx_word' id='word_1_829' title='bbox 2014 5457 2119 5533; x_wconf 80' lang='grc' dir='ltr'><strong>γὰρ</strong></span> <span class='ocrx_word' id='word_1_830' title='bbox 2164 5454 2373 5542; x_wconf 71' lang='grc' dir='ltr'>σφόδρα</span> <span class='ocrx_word' id='word_1_831' title='bbox 2401 5459 2442 5526; x_wconf 71' lang='grc' dir='ltr'><strong>ἢ</strong></span> <span class='ocrx_word' id='word_1_832' title='bbox 2468 5458 2623 5532; x_wconf 65' lang='grc' dir='ltr'>ψυχὴ</span> <span class='ocrx_word' id='word_1_833' title='bbox 2675 5463 3031 5535; x_wconf 60' lang='grc' dir='ltr'>χαμαιπετὲς</span> <span class='ocrx_word' id='word_1_834' title='bbox 3414 5466 3513 5521; x_wconf 71' lang='grc' dir='ltr'><strong>Καὶ</strong></span> <span class='ocrx_word' id='word_1_835' title='bbox 3544 5472 3679 5542; x_wconf 76' lang='grc' dir='ltr'>γοῦν</span> 
     </span>
    </p>
   </div>
   <div class='ocr_carea' id='block_1_116' title="bbox 2013 5541 3673 5632">
    <p class='ocr_par' dir='ltr' id='par_1_116' title="bbox 2013 5541 3673 5632">
     <span class='ocr_line' id='line_1_116' title="bbox 2013 5541 3673 5632; baseline 0.007 -32"><span class='ocrx_word' id='word_1_836' title='bbox 2013 5549 2121 5601; x_wconf 82' lang='grc' dir='ltr'>τῶν</span> <span class='ocrx_word' id='word_1_837' title='bbox 2164 5541 2447 5620; x_wconf 84' lang='grc' dir='ltr'>γεηπόνων</span> <span class='ocrx_word' id='word_1_838' title='bbox 2496 5546 2548 5599; x_wconf 75' lang='grc' dir='ltr'>οἱ</span> <span class='ocrx_word' id='word_1_839' title='bbox 2600 5546 2832 5623; x_wconf 81' lang='grc' dir='ltr'>ἄριστοι,</span> <span class='ocrx_word' id='word_1_840' title='bbox 2869 5547 3083 5606; x_wconf 74' lang='grc' dir='ltr'>ἐπειδὰν</span> <span class='ocrx_word' id='word_1_841' title='bbox 3135 5554 3299 5631; x_wconf 81' lang='grc' dir='ltr'>φυτὸν</span> <span class='ocrx_word' id='word_1_842' title='bbox 3355 5541 3673 5632; x_wconf 14' lang='grc' dir='ltr'>βραχὺίκαὶ</span> 
     </span>
    </p>
   </div>
   <div class='ocr_carea' id='block_1_117' title="bbox 2014 5631 3669 5726">
    <p class='ocr_par' dir='ltr' id='par_1_117' title="bbox 2014 5631 3669 5726">
     <span class='ocr_line' id='line_1_117' title="bbox 2014 5631 3669 5726; baseline 0.007 -37"><span class='ocrx_word' id='word_1_843' title='bbox 2014 5635 2227 5711; x_wconf 65' lang='grc' dir='ltr'>ἀσθενὲς</span> <span class='ocrx_word' id='word_1_844' title='bbox 2283 5631 2599 5704; x_wconf 69' lang='grc' dir='ltr'>θεάσωνται,</span> <span class='ocrx_word' id='word_1_845' title='bbox 2656 5637 2940 5707; x_wconf 62' lang='grc' dir='ltr'>ποτίζουσι</span> <span class='ocrx_word' id='word_1_846' title='bbox 2999 5636 3267 5726; x_wconf 60' lang='grc' dir='ltr'>δαψιλῶς,</span> <span class='ocrx_word' id='word_1_847' title='bbox 3322 5643 3414 5699; x_wconf 85' lang='grc' dir='ltr'><strong>καὶ</strong></span> <span class='ocrx_word' id='word_1_848' title='bbox 3472 5642 3669 5718; x_wconf 73' lang='grc' dir='ltr'>ἐπεμε-</span> 
     </span>
    </p>
   </div>
   <div class='ocr_carea' id='block_1_118' title="bbox 2015 5720 3697 5803">
    <p class='ocr_par' dir='ltr' id='par_1_118' title="bbox 2015 5720 3697 5803">
     <span class='ocr_line' id='line_1_118' title="bbox 2015 5720 3697 5803; baseline 0.006 -24"><span class='ocrx_word' id='word_1_849' title='bbox 2015 5723 2165 5785; x_wconf 86' lang='grc' dir='ltr'>λείας</span> <span class='ocrx_word' id='word_1_850' title='bbox 2201 5722 2416 5792; x_wconf 77' lang='grc' dir='ltr'>πολλῆς</span> <span class='ocrx_word' id='word_1_851' title='bbox 2445 5720 2651 5793; x_wconf 74' lang='grc' dir='ltr'>ἀξιοῦσι</span> <span class='ocrx_word' id='word_1_852' title='bbox 2682 5727 2816 5803; x_wconf 79' lang='grc' dir='ltr'>πρός</span> <span class='ocrx_word' id='word_1_853' title='bbox 2864 5726 2926 5784; x_wconf 84' lang='grc' dir='ltr'>τὸ</span> <span class='ocrx_word' id='word_1_854' title='bbox 2973 5720 3294 5803; x_wconf 67' lang='grc' dir='ltr'>αόεὴθῆναι,</span> <span class='ocrx_word' id='word_1_855' title='bbox 3328 5729 3579 5800; x_wconf 75' lang='grc' dir='ltr'>Ἐπειδὰν</span> 
     </span>
    </p>
   </div>
  </div>
