  <div class='ocr_page' id='page_1' title='image "/cluster/home/n/w/nwhite01/storage/ocr_20150623/28:no.4/coo.31924054873090/774.png"; bbox 0 0 4162 6388; ppageno 0'>
   <div class='ocr_carea' id='block_1_1' title="bbox 437 435 580 493">
    <p class='ocr_par' dir='ltr' id='par_1_1' title="bbox 437 435 580 493">
     <span class='ocr_line' id='line_1_1' title="bbox 437 435 580 493; baseline -0.007 -1"><span class='ocrx_word' id='word_1_1' title='bbox 437 435 580 493; x_wconf 72' lang='grc'><strong>1591</strong></span> 
     </span>
    </p>
   </div>
   <div class='ocr_carea' id='block_1_2' title="bbox 1577 432 2716 494">
    <p class='ocr_par' dir='ltr' id='par_1_2' title="bbox 1577 432 2716 494">
     <span class='ocr_line' id='line_1_2' title="bbox 1577 432 2716 494; baseline -0.006 0"><span class='ocrx_word' id='word_1_2' title='bbox 1577 435 1762 494; x_wconf 80' lang='lat' dir='ltr'><strong>VITA</strong></span> <span class='ocrx_word' id='word_1_3' title='bbox 1812 432 2139 492; x_wconf 75' lang='lat' dir='ltr'><strong>SANCT/E</strong></span> <span class='ocrx_word' id='word_1_4' title='bbox 2184 432 2716 490; x_wconf 65' lang='lat' dir='ltr'><strong>SYNCIJ‘ZTICAE.</strong></span> 
     </span>
    </p>
   </div>
   <div class='ocr_carea' id='block_1_3' title="bbox 3694 434 3852 492">
    <p class='ocr_par' dir='ltr' id='par_1_3' title="bbox 3694 434 3852 492">
     <span class='ocr_line' id='line_1_3' title="bbox 3694 434 3852 492; baseline 0 0"><span class='ocrx_word' id='word_1_5' title='bbox 3694 434 3852 492; x_wconf 70' lang='lat'><strong>&quot;22</strong></span> 
     </span>
    </p>
   </div>
   <div class='ocr_carea' id='block_1_4' title="bbox 435 561 2066 640">
    <p class='ocr_par' dir='ltr' id='par_1_4' title="bbox 435 561 2066 640">
     <span class='ocr_line' id='line_1_4' title="bbox 435 561 2066 640; baseline -0.002 -24"><span class='ocrx_word' id='word_1_6' title='bbox 435 561 486 616; x_wconf 76' lang='grc' dir='ltr'>ἐν</span> <span class='ocrx_word' id='word_1_7' title='bbox 519 561 670 640; x_wconf 87' lang='grc' dir='ltr'>φυτῷ</span> <span class='ocrx_word' id='word_1_8' title='bbox 700 561 952 638; x_wconf 90' lang='grc' dir='ltr'>πρόωρον</span> <span class='ocrx_word' id='word_1_9' title='bbox 1008 561 1246 637; x_wconf 75' lang='grc' dir='ltr'>βλάστην</span> <span class='ocrx_word' id='word_1_10' title='bbox 1298 564 1613 634; x_wconf 75' lang='grc' dir='ltr'><strong>θεάσωνται,</strong></span> <span class='ocrx_word' id='word_1_11' title='bbox 1665 562 2066 637; x_wconf 55' lang='grc' dir='ltr'>περιτέμνουσα</span> 
     </span>
    </p>
   </div>
   <div class='ocr_carea' id='block_1_5' title="bbox 2184 561 3849 640">
    <p class='ocr_par' dir='ltr' id='par_1_5' title="bbox 2197 561 3849 635">
     <span class='ocr_line' id='line_1_5' title="bbox 2197 561 3849 635; baseline 0.001 -19"><span class='ocrx_word' id='word_1_12' title='bbox 2197 561 2395 632; x_wconf 80' lang='lat' dir='ltr'><strong>planta</strong></span> <span class='ocrx_word' id='word_1_13' title='bbox 2425 564 2835 634; x_wconf 85' lang='lat' dir='ltr'><strong>conspexerint</strong></span> <span class='ocrx_word' id='word_1_14' title='bbox 2867 581 3176 634; x_wconf 61' lang='lat' dir='ltr'><strong>pracocem</strong></span> <span class='ocrx_word' id='word_1_15' title='bbox 3203 565 3530 630; x_wconf 87' lang='lat' dir='ltr'><strong>surculum,</strong></span> <span class='ocrx_word' id='word_1_16' title='bbox 3550 563 3849 635; x_wconf 82' lang='lat' dir='ltr'><strong>superﬂua</strong></span> 
     </span>
    </p>
   </div>
   <div class='ocr_carea' id='block_1_6' title="bbox 432 649 2082 728">
    <p class='ocr_par' dir='ltr' id='par_1_6' title="bbox 432 649 2082 728">
     <span class='ocr_line' id='line_1_6' title="bbox 432 649 2082 728; baseline -0.002 -23"><span class='ocrx_word' id='word_1_17' title='bbox 432 650 586 706; x_wconf 81' lang='grc' dir='ltr'>αὐτοὶ</span> <span class='ocrx_word' id='word_1_18' title='bbox 644 653 708 705; x_wconf 80' lang='grc' dir='ltr'><strong>τά</strong></span> <span class='ocrx_word' id='word_1_19' title='bbox 754 651 994 725; x_wconf 78' lang='grc' dir='ltr'>περιττά·</span> <span class='ocrx_word' id='word_1_20' title='bbox 1056 650 1206 728; x_wconf 81' lang='grc' dir='ltr'>φιλεῖ</span> <span class='ocrx_word' id='word_1_21' title='bbox 1248 653 1350 726; x_wconf 77' lang='grc' dir='ltr'>γὰρ</span> <span class='ocrx_word' id='word_1_22' title='bbox 1400 657 1567 706; x_wconf 85' lang='grc' dir='ltr'>ταῦτα</span> <span class='ocrx_word' id='word_1_23' title='bbox 1628 651 1864 723; x_wconf 78' lang='grc' dir='ltr'>ἑτοίμως</span> <span class='ocrx_word' id='word_1_24' title='bbox 1895 649 2082 724; x_wconf 78' lang='grc' dir='ltr'>ξηραί-</span> 
     </span>
    </p>
   </div>
   <div class='ocr_carea' id='block_1_7' title="bbox 428 737 2079 814">
    <p class='ocr_par' dir='ltr' id='par_1_7' title="bbox 428 737 2079 814">
     <span class='ocr_line' id='line_1_7' title="bbox 745 738 2033 758; baseline 0.003 -5"><span class='ocrx_word' id='word_1_25' title='bbox 745 740 758 758; x_wconf 77' lang='grc'>.</span> <span class='ocrx_word' id='word_1_26' title='bbox 925 744 951 754; x_wconf 81' lang='lat'><strong>-</strong></span> <span class='ocrx_word' id='word_1_27' title='bbox 1085 740 1098 754; x_wconf 82' lang='lat'><strong>.</strong></span> <span class='ocrx_word' id='word_1_28' title='bbox 1233 746 1248 755; x_wconf 83' lang='grc'>.</span> <span class='ocrx_word' id='word_1_29' title='bbox 1495 745 1503 756; x_wconf 81' lang='lat'><strong>.</strong></span> <span class='ocrx_word' id='word_1_30' title='bbox 1777 745 1801 753; x_wconf 73' lang='lat'><strong>-</strong></span> <span class='ocrx_word' id='word_1_31' title='bbox 1906 738 1918 754; x_wconf 65' lang='grc' dir='ltr'>ς</span> <span class='ocrx_word' id='word_1_32' title='bbox 1981 738 2033 757; x_wconf 74' lang='grc' dir='ltr'>«ι</span> 
     </span>
     <span class='ocr_line' id='line_1_8' title="bbox 428 737 2079 814; baseline -0.003 -20"><span class='ocrx_word' id='word_1_33' title='bbox 428 751 630 802; x_wconf 83' lang='grc' dir='ltr'>νεσθαι.</span> <span class='ocrx_word' id='word_1_34' title='bbox 665 747 760 794; x_wconf 81' lang='grc' dir='ltr'>Και</span> <span class='ocrx_word' id='word_1_35' title='bbox 796 739 991 814; x_wconf 78' lang='grc' dir='ltr'>ἱατρων</span> <span class='ocrx_word' id='word_1_36' title='bbox 1053 737 1110 793; x_wconf 86' lang='grc' dir='ltr'><strong>δε</strong></span> <span class='ocrx_word' id='word_1_37' title='bbox 1158 738 1343 801; x_wconf 88' lang='grc' dir='ltr'>παιδες</span> <span class='ocrx_word' id='word_1_38' title='bbox 1392 761 1541 802; x_wconf 85' lang='grc' dir='ltr'>τινας</span> <span class='ocrx_word' id='word_1_39' title='bbox 1598 741 1690 811; x_wconf 77' lang='grc' dir='ltr'>μὲν</span> <span class='ocrx_word' id='word_1_40' title='bbox 1737 760 1843 792; x_wconf 92' lang='grc' dir='ltr'><strong>των</strong></span> <span class='ocrx_word' id='word_1_41' title='bbox 1895 738 2079 814; x_wconf 74' lang='grc' dir='ltr'>αρρω-</span> 
     </span>
    </p>
   </div>
   <div class='ocr_carea' id='block_1_8' title="bbox 427 826 2081 906">
    <p class='ocr_par' dir='ltr' id='par_1_8' title="bbox 427 826 2081 906">
     <span class='ocr_line' id='line_1_9' title="bbox 427 826 2081 906; baseline -0.001 -24"><span class='ocrx_word' id='word_1_42' title='bbox 427 849 565 882; x_wconf 88' lang='grc' dir='ltr'>στων</span> <span class='ocrx_word' id='word_1_43' title='bbox 614 830 868 906; x_wconf 72' lang='grc' dir='ltr'>τρέφουσι</span> <span class='ocrx_word' id='word_1_44' title='bbox 909 826 1201 901; x_wconf 79' lang='grc' dir='ltr'>διαψιλῶς,</span> <span class='ocrx_word' id='word_1_45' title='bbox 1233 829 1320 882; x_wconf 78' lang='grc' dir='ltr'><strong>καὶ</strong></span> <span class='ocrx_word' id='word_1_46' title='bbox 1372 830 1506 904; x_wconf 88' lang='grc' dir='ltr'>πρὸς</span> <span class='ocrx_word' id='word_1_47' title='bbox 1537 829 1829 904; x_wconf 79' lang='grc' dir='ltr'>περίπατον</span> <span class='ocrx_word' id='word_1_48' title='bbox 1855 828 2081 902; x_wconf 83' lang='grc' dir='ltr'>προτρὲ-</span> 
     </span>
    </p>
   </div>
   <div class='ocr_carea' id='block_1_9' title="bbox 425 915 2076 994">
    <p class='ocr_par' dir='ltr' id='par_1_9' title="bbox 425 915 2076 994">
     <span class='ocr_line' id='line_1_10' title="bbox 425 915 2076 994; baseline -0.002 -22"><span class='ocrx_word' id='word_1_49' title='bbox 425 937 634 972; x_wconf 87' lang='grc' dir='ltr'>πονται·</span> <span class='ocrx_word' id='word_1_50' title='bbox 688 917 906 994; x_wconf 74' lang='grc' dir='ltr'>ἑτίρους</span> <span class='ocrx_word' id='word_1_51' title='bbox 952 915 1009 972; x_wconf 72' lang='grc' dir='ltr'><strong>δί</strong></span> <span class='ocrx_word' id='word_1_52' title='bbox 1054 915 1407 990; x_wconf 76' lang='grc' dir='ltr'><strong>δεσμεύοντες</strong></span> <span class='ocrx_word' id='word_1_53' title='bbox 1437 918 1652 979; x_wconf 78' lang='grc' dir='ltr'><strong>ἀσίτους</strong></span> <span class='ocrx_word' id='word_1_54' title='bbox 1687 917 1773 972; x_wconf 79' lang='grc' dir='ltr'><strong>ἐπὶ</strong></span> <span class='ocrx_word' id='word_1_55' title='bbox 1806 916 1950 971; x_wconf 79' lang='grc' dir='ltr'>πολὺ</span> <span class='ocrx_word' id='word_1_56' title='bbox 1980 938 2076 994; x_wconf 81' lang='grc' dir='ltr'>φυ-</span> 
     </span>
    </p>
   </div>
   <div class='ocr_carea' id='block_1_10' title="bbox 429 1005 735 1062">
    <p class='ocr_par' dir='ltr' id='par_1_10' title="bbox 429 1005 735 1062">
     <span class='ocr_line' id='line_1_11' title="bbox 429 1005 735 1062; baseline 0.003 -1"><span class='ocrx_word' id='word_1_57' title='bbox 429 1005 735 1062; x_wconf 80' lang='grc' dir='ltr'>λάττουσιν.</span> 
     </span>
    </p>
   </div>
   <div class='ocr_carea' id='block_1_11' title="bbox 492 1120 2070 1197">
    <p class='ocr_par' dir='ltr' id='par_1_11' title="bbox 492 1120 2070 1197">
     <span class='ocr_line' id='line_1_12' title="bbox 492 1120 2070 1197; baseline -0.003 -20"><span class='ocrx_word' id='word_1_58' title='bbox 492 1125 582 1177; x_wconf 82' lang='grc'>56.</span> <span class='ocrx_word' id='word_1_59' title='bbox 617 1122 854 1197; x_wconf 78' lang='grc' dir='ltr'>Φανερὸν</span> <span class='ocrx_word' id='word_1_60' title='bbox 904 1120 994 1176; x_wconf 82' lang='grc' dir='ltr'><strong>οῦν</strong></span> <span class='ocrx_word' id='word_1_61' title='bbox 1051 1121 1216 1190; x_wconf 86' lang='grc' dir='ltr'>ἐστιν,</span> <span class='ocrx_word' id='word_1_62' title='bbox 1276 1123 1348 1183; x_wconf 86' lang='grc' dir='ltr'>ὡς</span> <span class='ocrx_word' id='word_1_63' title='bbox 1411 1121 1663 1197; x_wconf 69' lang='grc' dir='ltr'>μέγιστον</span> <span class='ocrx_word' id='word_1_64' title='bbox 1718 1121 1769 1176; x_wconf 84' lang='grc' dir='ltr'><strong>ἐν</strong></span> <span class='ocrx_word' id='word_1_65' title='bbox 1819 1126 2005 1182; x_wconf 77' lang='grc' dir='ltr'>κακοῖς</span> <span class='ocrx_word' id='word_1_66' title='bbox 2037 1124 2070 1190; x_wconf 78' lang='grc' dir='ltr'>ἡ</span> 
     </span>
    </p>
   </div>
   <div class='ocr_carea' id='block_1_12' title="bbox 430 1209 2073 1287">
    <p class='ocr_par' dir='ltr' id='par_1_12' title="bbox 430 1209 2073 1287">
     <span class='ocr_line' id='line_1_13' title="bbox 430 1209 2073 1287; baseline -0.001 -21"><span class='ocrx_word' id='word_1_67' title='bbox 430 1211 768 1287; x_wconf 74' lang='grc' dir='ltr'>ὑπερηφανία</span> <span class='ocrx_word' id='word_1_68' title='bbox 825 1211 1101 1287; x_wconf 80' lang='grc' dir='ltr'>τυγχάνει·</span> <span class='ocrx_word' id='word_1_69' title='bbox 1154 1212 1243 1265; x_wconf 75' lang='grc' dir='ltr'>καὶ</span> <span class='ocrx_word' id='word_1_70' title='bbox 1290 1216 1451 1265; x_wconf 87' lang='grc' dir='ltr'>τοῦτο</span> <span class='ocrx_word' id='word_1_71' title='bbox 1496 1209 1756 1265; x_wconf 86' lang='grc' dir='ltr'>δείκνυσιν</span> <span class='ocrx_word' id='word_1_72' title='bbox 1815 1211 1980 1278; x_wconf 83' lang='grc' dir='ltr'>αὐτῆς</span> <span class='ocrx_word' id='word_1_73' title='bbox 2012 1210 2073 1264; x_wconf 83' lang='grc' dir='ltr'>τὸ</span> 
     </span>
    </p>
   </div>
   <div class='ocr_carea' id='block_1_13' title="bbox 429 1299 2071 1377">
    <p class='ocr_par' dir='ltr' id='par_1_13' title="bbox 429 1299 2071 1377">
     <span class='ocr_line' id='line_1_14' title="bbox 429 1299 2071 1377; baseline -0.002 -22"><span class='ocrx_word' id='word_1_74' title='bbox 429 1299 688 1364; x_wconf 65' lang='grc' dir='ltr'>ἔναντίον,</span> <span class='ocrx_word' id='word_1_75' title='bbox 741 1302 775 1369; x_wconf 80' lang='grc' dir='ltr'>ἡ</span> <span class='ocrx_word' id='word_1_76' title='bbox 833 1299 1322 1377; x_wconf 87' lang='grc' dir='ltr'>ταπεινοφροσύνη.</span> <span class='ocrx_word' id='word_1_77' title='bbox 1389 1300 1654 1374; x_wconf 83' lang='grc' dir='ltr'>Δυσχερές</span> <span class='ocrx_word' id='word_1_78' title='bbox 1718 1299 1824 1353; x_wconf 83' lang='grc' dir='ltr'>ἐστι</span> <span class='ocrx_word' id='word_1_79' title='bbox 1873 1301 2071 1366; x_wconf 69' lang='grc' dir='ltr'>κτήσα-</span> 
     </span>
    </p>
   </div>
   <div class='ocr_carea' id='block_1_14' title="bbox 427 1387 2070 1466">
    <p class='ocr_par' dir='ltr' id='par_1_14' title="bbox 427 1387 2070 1466">
     <span class='ocr_line' id='line_1_15' title="bbox 427 1387 2070 1466; baseline -0.002 -24"><span class='ocrx_word' id='word_1_80' title='bbox 427 1388 548 1451; x_wconf 79' lang='grc' dir='ltr'>σθαί</span> <span class='ocrx_word' id='word_1_81' title='bbox 602 1410 724 1443; x_wconf 87' lang='grc' dir='ltr'>τινα</span> <span class='ocrx_word' id='word_1_82' title='bbox 769 1391 867 1458; x_wconf 81' lang='grc' dir='ltr'>τήν</span> <span class='ocrx_word' id='word_1_83' title='bbox 917 1389 1439 1466; x_wconf 82' lang='grc' dir='ltr'>ταπεινοφροσύνην.</span> <span class='ocrx_word' id='word_1_84' title='bbox 1503 1389 1562 1444; x_wconf 82' lang='grc' dir='ltr'>Εἰ</span> <span class='ocrx_word' id='word_1_85' title='bbox 1619 1391 1692 1460; x_wconf 76' lang='grc' dir='ltr'>μή</span> <span class='ocrx_word' id='word_1_86' title='bbox 1727 1390 1826 1462; x_wconf 87' lang='grc' dir='ltr'><strong>γάρ</strong></span> <span class='ocrx_word' id='word_1_87' title='bbox 1857 1409 1939 1448; x_wconf 91' lang='grc' dir='ltr'><strong>τις</strong></span> <span class='ocrx_word' id='word_1_88' title='bbox 1972 1387 2070 1440; x_wconf 82' lang='grc' dir='ltr'>πά-</span> 
     </span>
    </p>
   </div>
   <div class='ocr_carea' id='block_1_15' title="bbox 421 1475 2068 1552">
    <p class='ocr_par' dir='ltr' id='par_1_15' title="bbox 421 1475 2068 1552">
     <span class='ocr_line' id='line_1_16' title="bbox 421 1475 2068 1552; baseline -0.002 -20"><span class='ocrx_word' id='word_1_89' title='bbox 421 1499 521 1548; x_wconf 89' lang='grc' dir='ltr'><strong>σης</strong></span> <span class='ocrx_word' id='word_1_90' title='bbox 555 1475 714 1550; x_wconf 78' lang='grc' dir='ltr'>δόξης</span> <span class='ocrx_word' id='word_1_91' title='bbox 744 1477 896 1539; x_wconf 84' lang='grc' dir='ltr'>ἐκτὸς</span> <span class='ocrx_word' id='word_1_92' title='bbox 927 1478 1168 1552; x_wconf 75' lang='grc' dir='ltr'>γενηται,</span> <span class='ocrx_word' id='word_1_93' title='bbox 1199 1479 1395 1532; x_wconf 80' lang='grc' dir='ltr'>τούτου</span> <span class='ocrx_word' id='word_1_94' title='bbox 1433 1482 1530 1532; x_wconf 89' lang='grc' dir='ltr'><strong>τοῦ</strong></span> <span class='ocrx_word' id='word_1_95' title='bbox 1564 1482 1836 1551; x_wconf 71' lang='grc' dir='ltr'>θησαυροῦ</span> <span class='ocrx_word' id='word_1_96' title='bbox 1885 1482 2068 1551; x_wconf 80' lang='grc' dir='ltr'>τυχεῖν</span> 
     </span>
    </p>
   </div>
   <div class='ocr_carea' id='block_1_16' title="bbox 421 1563 2073 1640">
    <p class='ocr_par' dir='ltr' id='par_1_16' title="bbox 421 1563 2073 1640">
     <span class='ocr_line' id='line_1_17' title="bbox 421 1563 2073 1640; baseline -0.002 -20"><span class='ocrx_word' id='word_1_97' title='bbox 421 1567 484 1620; x_wconf 85' lang='grc' dir='ltr'><strong>ού</strong></span> <span class='ocrx_word' id='word_1_98' title='bbox 535 1564 840 1636; x_wconf 75' lang='grc' dir='ltr'>δυνήσεται.</span> <span class='ocrx_word' id='word_1_99' title='bbox 901 1565 1053 1620; x_wconf 72' lang='grc' dir='ltr'>Οὕτω</span> <span class='ocrx_word' id='word_1_100' title='bbox 1114 1563 1170 1620; x_wconf 79' lang='grc' dir='ltr'><strong>δέ</strong></span> <span class='ocrx_word' id='word_1_101' title='bbox 1219 1565 1327 1621; x_wconf 81' lang='grc' dir='ltr'>ἐστι</span> <span class='ocrx_word' id='word_1_102' title='bbox 1392 1565 1602 1638; x_wconf 71' lang='grc' dir='ltr'>μεγάλη</span> <span class='ocrx_word' id='word_1_103' title='bbox 1658 1568 2073 1640; x_wconf 79' lang='grc' dir='ltr'>ἡταπεινοφρο-</span> 
     </span>
    </p>
   </div>
   <div class='ocr_carea' id='block_1_17' title="bbox 421 1651 2070 1728">
    <p class='ocr_par' dir='ltr' id='par_1_17' title="bbox 421 1651 2070 1728">
     <span class='ocr_line' id='line_1_18' title="bbox 421 1651 2070 1728; baseline -0.003 -18"><span class='ocrx_word' id='word_1_104' title='bbox 421 1655 576 1725; x_wconf 83' lang='grc' dir='ltr'>σύνη,</span> <span class='ocrx_word' id='word_1_105' title='bbox 611 1654 686 1716; x_wconf 87' lang='grc' dir='ltr'>ὡς</span> <span class='ocrx_word' id='word_1_106' title='bbox 717 1656 891 1716; x_wconf 85' lang='grc' dir='ltr'>πάσας</span> <span class='ocrx_word' id='word_1_107' title='bbox 919 1655 1014 1716; x_wconf 71' lang='grc' dir='ltr'>τὰς</span> <span class='ocrx_word' id='word_1_108' title='bbox 1046 1655 1238 1728; x_wconf 76' lang='grc' dir='ltr'>ἀρετάς</span> <span class='ocrx_word' id='word_1_109' title='bbox 1273 1661 1554 1727; x_wconf 74' lang='grc' dir='ltr'>μιμεῖσθαι</span> <span class='ocrx_word' id='word_1_110' title='bbox 1592 1651 1765 1708; x_wconf 82' lang='grc' dir='ltr'>δοκεῖν</span> <span class='ocrx_word' id='word_1_111' title='bbox 1811 1655 1902 1707; x_wconf 89' lang='grc' dir='ltr'><strong>τὸν</strong></span> <span class='ocrx_word' id='word_1_112' title='bbox 1957 1651 2070 1707; x_wconf 78' lang='grc' dir='ltr'>διά-</span> 
     </span>
    </p>
   </div>
   <div class='ocr_carea' id='block_1_18' title="bbox 421 1739 2073 1815">
    <p class='ocr_par' dir='ltr' id='par_1_18' title="bbox 421 1739 2073 1815">
     <span class='ocr_line' id='line_1_19' title="bbox 421 1739 2073 1815; baseline -0.001 -18"><span class='ocrx_word' id='word_1_113' title='bbox 421 1739 614 1812; x_wconf 76' lang='grc' dir='ltr'>ϐολον,</span> <span class='ocrx_word' id='word_1_114' title='bbox 645 1744 846 1813; x_wconf 86' lang='grc' dir='ltr'>ταύτην</span> <span class='ocrx_word' id='word_1_115' title='bbox 881 1741 938 1797; x_wconf 82' lang='grc' dir='ltr'>δὶ</span> <span class='ocrx_word' id='word_1_116' title='bbox 963 1741 1104 1815; x_wconf 74' lang='grc' dir='ltr'>μηδὲ</span> <span class='ocrx_word' id='word_1_117' title='bbox 1124 1740 1319 1798; x_wconf 76' lang='grc' dir='ltr'>εἷ’δέναι</span> <span class='ocrx_word' id='word_1_118' title='bbox 1355 1743 1404 1796; x_wconf 89' lang='grc' dir='ltr'><strong>τί</strong></span> <span class='ocrx_word' id='word_1_119' title='bbox 1434 1741 1579 1804; x_wconf 70' lang='grc' dir='ltr'>δ).ῶς</span> <span class='ocrx_word' id='word_1_120' title='bbox 1615 1743 1773 1798; x_wconf 82' lang='grc' dir='ltr'>ἐστίν.</span> <span class='ocrx_word' id='word_1_121' title='bbox 1809 1739 1984 1802; x_wconf 60' lang='grc' dir='ltr'>Εῗδὼς</span> <span class='ocrx_word' id='word_1_122' title='bbox 2017 1739 2073 1795; x_wconf 78' lang='grc' dir='ltr'><strong>δὲ</strong></span> 
     </span>
    </p>
   </div>
   <div class='ocr_carea' id='block_1_19' title="bbox 423 1830 2072 1911">
    <p class='ocr_par' dir='ltr' id='par_1_19' title="bbox 423 1830 2072 1911">
     <span class='ocr_line' id='line_1_20' title="bbox 423 1830 2072 1911; baseline -0.002 -24"><span class='ocrx_word' id='word_1_123' title='bbox 423 1833 589 1901; x_wconf 84' lang='grc' dir='ltr'>αὐτῆς</span> <span class='ocrx_word' id='word_1_124' title='bbox 643 1833 705 1888; x_wconf 85' lang='grc' dir='ltr'>τὸ</span> <span class='ocrx_word' id='word_1_125' title='bbox 761 1833 998 1911; x_wconf 70' lang='grc' dir='ltr'>ἀσφαλὲς</span> <span class='ocrx_word' id='word_1_126' title='bbox 1041 1833 1130 1886; x_wconf 82' lang='grc' dir='ltr'><strong>καὶ</strong></span> <span class='ocrx_word' id='word_1_127' title='bbox 1193 1831 1406 1905; x_wconf 71' lang='grc' dir='ltr'>ἑδραῖον</span> <span class='ocrx_word' id='word_1_128' title='bbox 1465 1833 1492 1886; x_wconf 98' lang='lat'><strong>6</strong></span> <span class='ocrx_word' id='word_1_129' title='bbox 1542 1830 1865 1899; x_wconf 81' lang='grc' dir='ltr'>ἀπόστολος,</span> <span class='ocrx_word' id='word_1_130' title='bbox 1901 1851 2072 1904; x_wconf 89' lang='grc' dir='ltr'>προσ-</span> 
     </span>
    </p>
   </div>
   <div class='ocr_carea' id='block_1_20' title="bbox 420 1915 1800 1995">
    <p class='ocr_par' dir='ltr' id='par_1_20' title="bbox 420 1915 1800 1995">
     <span class='ocr_line' id='line_1_21' title="bbox 420 1915 1800 1995; baseline -0.003 -19"><span class='ocrx_word' id='word_1_131' title='bbox 420 1921 597 1976; x_wconf 78' lang='grc' dir='ltr'>τάττει</span> <span class='ocrx_word' id='word_1_132' title='bbox 676 1922 813 1994; x_wconf 79' lang='grc' dir='ltr'>ἡμῖν</span> <span class='ocrx_word' id='word_1_133' title='bbox 882 1921 1084 1990; x_wconf 85' lang='grc' dir='ltr'>ταύτην</span> <span class='ocrx_word' id='word_1_134' title='bbox 1161 1915 1636 1995; x_wconf 72' lang='grc' dir='ltr'>ἐγκομϐώσασθαι,</span> <span class='ocrx_word' id='word_1_135' title='bbox 1711 1920 1800 1973; x_wconf 81' lang='grc' dir='ltr'><strong>καὶ</strong></span> 
     </span>
    </p>
   </div>
   <div class='ocr_carea' id='block_1_21' title="bbox 422 2003 2067 2086">
    <p class='ocr_par' dir='ltr' id='par_1_21' title="bbox 422 2003 2067 2086">
     <span class='ocr_line' id='line_1_22' title="bbox 422 2003 2067 2086; baseline -0.004 -22"><span class='ocrx_word' id='word_1_136' title='bbox 422 2015 710 2072; x_wconf 77' lang='grc' dir='ltr'>ποιοῦντας</span> <span class='ocrx_word' id='word_1_137' title='bbox 755 2011 823 2063; x_wconf 74' lang='grc' dir='ltr'><strong>τά</strong></span> <span class='ocrx_word' id='word_1_138' title='bbox 872 2008 1153 2086; x_wconf 82' lang='grc' dir='ltr'>ἐπωφελῆ,</span> <span class='ocrx_word' id='word_1_139' title='bbox 1203 2008 1403 2078; x_wconf 74' lang='grc' dir='ltr'>ταύτην</span> <span class='ocrx_word' id='word_1_140' title='bbox 1455 2003 1899 2083; x_wconf 72' lang='grc' dir='ltr'>περιϐάλλεσθαι.</span> <span class='ocrx_word' id='word_1_141' title='bbox 1967 2005 2067 2061; x_wconf 76' lang='grc' dir='ltr'>Κᾶν</span> 
     </span>
    </p>
   </div>
   <div class='ocr_carea' id='block_1_22' title="bbox 418 2093 2072 2174">
    <p class='ocr_par' dir='ltr' id='par_1_22' title="bbox 418 2093 2072 2174">
     <span class='ocr_line' id='line_1_23' title="bbox 418 2093 2072 2174; baseline -0.004 -20"><span class='ocrx_word' id='word_1_142' title='bbox 418 2119 476 2154; x_wconf 83' lang='grc' dir='ltr'><strong>τε</strong></span> <span class='ocrx_word' id='word_1_143' title='bbox 504 2099 607 2174; x_wconf 81' lang='grc' dir='ltr'><strong>γὰρ</strong></span> <span class='ocrx_word' id='word_1_144' title='bbox 637 2098 930 2168; x_wconf 85' lang='grc' dir='ltr'>νηστεύης,</span> <span class='ocrx_word' id='word_1_145' title='bbox 961 2099 1056 2152; x_wconf 66' lang='grc' dir='ltr'>κᾶν</span> <span class='ocrx_word' id='word_1_146' title='bbox 1087 2119 1146 2152; x_wconf 89' lang='grc' dir='ltr'><strong>τε</strong></span> <span class='ocrx_word' id='word_1_147' title='bbox 1207 2097 1392 2170; x_wconf 81' lang='grc' dir='ltr'>ἐλεῇς,</span> <span class='ocrx_word' id='word_1_148' title='bbox 1444 2097 1540 2151; x_wconf 77' lang='grc' dir='ltr'>κᾶν</span> <span class='ocrx_word' id='word_1_149' title='bbox 1585 2117 1643 2151; x_wconf 87' lang='grc' dir='ltr'><strong>τε</strong></span> <span class='ocrx_word' id='word_1_150' title='bbox 1692 2093 1966 2169; x_wconf 73' lang='grc' dir='ltr'>διδάσκῃς·</span> <span class='ocrx_word' id='word_1_151' title='bbox 2027 2095 2072 2149; x_wconf 66' lang='grc' dir='ltr'>εἴ</span> 
     </span>
    </p>
   </div>
   <div class='ocr_carea' id='block_1_23' title="bbox 419 2184 2066 2265">
    <p class='ocr_par' dir='ltr' id='par_1_23' title="bbox 419 2184 2066 2265">
     <span class='ocr_line' id='line_1_24' title="bbox 419 2184 2066 2265; baseline -0.003 -23"><span class='ocrx_word' id='word_1_152' title='bbox 419 2184 477 2242; x_wconf 67' lang='grc' dir='ltr'>δὲ</span> <span class='ocrx_word' id='word_1_153' title='bbox 518 2189 606 2241; x_wconf 86' lang='grc' dir='ltr'><strong>καὶ</strong></span> <span class='ocrx_word' id='word_1_154' title='bbox 655 2187 884 2265; x_wconf 86' lang='grc' dir='ltr'>σώφρων</span> <span class='ocrx_word' id='word_1_155' title='bbox 942 2187 1220 2262; x_wconf 74' lang='grc' dir='ltr'>τυγχάνῃς</span> <span class='ocrx_word' id='word_1_156' title='bbox 1273 2187 1362 2240; x_wconf 79' lang='grc' dir='ltr'><strong>καὶ</strong></span> <span class='ocrx_word' id='word_1_157' title='bbox 1395 2187 1636 2250; x_wconf 86' lang='grc' dir='ltr'>συνετὸς,</span> <span class='ocrx_word' id='word_1_158' title='bbox 1670 2184 1834 2240; x_wconf 83' lang='grc' dir='ltr'>πάλιν</span> <span class='ocrx_word' id='word_1_159' title='bbox 1866 2184 2066 2253; x_wconf 85' lang='grc' dir='ltr'>ταύτην</span> 
     </span>
    </p>
   </div>
   <div class='ocr_carea' id='block_1_24' title="bbox 417 2273 2069 2349">
    <p class='ocr_par' dir='ltr' id='par_1_24' title="bbox 417 2273 2069 2349">
     <span class='ocr_line' id='line_1_25' title="bbox 417 2273 2069 2349; baseline -0.002 -20"><span class='ocrx_word' id='word_1_160' title='bbox 417 2274 530 2329; x_wconf 78' lang='grc' dir='ltr'>ἀντὶ</span> <span class='ocrx_word' id='word_1_161' title='bbox 561 2274 779 2349; x_wconf 85' lang='grc' dir='ltr'>τοιχίου</span> <span class='ocrx_word' id='word_1_162' title='bbox 811 2273 1082 2349; x_wconf 73' lang='grc' dir='ltr'>ἀρῥαγοῦς</span> <span class='ocrx_word' id='word_1_163' title='bbox 1113 2279 1319 2344; x_wconf 83' lang='grc' dir='ltr'>σεαυτῷ</span> <span class='ocrx_word' id='word_1_164' title='bbox 1361 2274 1727 2348; x_wconf 75' lang='grc' dir='ltr'>παράστησον.</span> <span class='ocrx_word' id='word_1_165' title='bbox 1781 2274 2069 2349; x_wconf 82' lang='grc' dir='ltr'>Σφιγγὲτω</span> 
     </span>
    </p>
   </div>
   <div class='ocr_carea' id='block_1_25' title="bbox 417 2360 2064 2438">
    <p class='ocr_par' dir='ltr' id='par_1_25' title="bbox 417 2360 2064 2438">
     <span class='ocr_line' id='line_1_26' title="bbox 417 2360 2064 2438; baseline -0.002 -20"><span class='ocrx_word' id='word_1_166' title='bbox 417 2384 514 2418; x_wconf 88' lang='grc' dir='ltr'><strong>σου</strong></span> <span class='ocrx_word' id='word_1_167' title='bbox 569 2363 658 2418; x_wconf 83' lang='grc' dir='ltr'><strong>καὶ</strong></span> <span class='ocrx_word' id='word_1_168' title='bbox 711 2365 983 2438; x_wconf 81' lang='grc' dir='ltr'>συνεχὲτω</span> <span class='ocrx_word' id='word_1_169' title='bbox 1030 2384 1125 2418; x_wconf 88' lang='grc' dir='ltr'><strong>σου</strong></span> <span class='ocrx_word' id='word_1_170' title='bbox 1174 2364 1268 2424; x_wconf 74' lang='grc' dir='ltr'>τὰς</span> <span class='ocrx_word' id='word_1_171' title='bbox 1317 2363 1507 2438; x_wconf 76' lang='grc' dir='ltr'>ἀρετὰς</span> <span class='ocrx_word' id='word_1_172' title='bbox 1555 2362 1686 2428; x_wconf 73' lang='grc' dir='ltr'>αὕτη</span> <span class='ocrx_word' id='word_1_173' title='bbox 1734 2364 1767 2430; x_wconf 79' lang='grc' dir='ltr'>ἡ</span> <span class='ocrx_word' id='word_1_174' title='bbox 1797 2360 2064 2431; x_wconf 75' lang='grc' dir='ltr'>καλλίστη</span> 
     </span>
    </p>
   </div>
   <div class='ocr_carea' id='block_1_26' title="bbox 412 2451 2066 2528">
    <p class='ocr_par' dir='ltr' id='par_1_26' title="bbox 412 2451 2066 2528">
     <span class='ocr_line' id='line_1_27' title="bbox 412 2451 2066 2528; baseline -0.002 -22"><span class='ocrx_word' id='word_1_175' title='bbox 412 2456 520 2506; x_wconf 89' lang='grc' dir='ltr'><strong>τῶν</strong></span> <span class='ocrx_word' id='word_1_176' title='bbox 580 2454 798 2506; x_wconf 81' lang='grc' dir='ltr'>ἁπασῶν</span> <span class='ocrx_word' id='word_1_177' title='bbox 839 2453 1061 2528; x_wconf 79' lang='grc' dir='ltr'>ἀρετῶν,</span> <span class='ocrx_word' id='word_1_178' title='bbox 1123 2454 1157 2520; x_wconf 76' lang='grc' dir='ltr'>ἡ</span> <span class='ocrx_word' id='word_1_179' title='bbox 1217 2451 1708 2528; x_wconf 80' lang='grc' dir='ltr'>ταπεινοφροσύνη.</span> <span class='ocrx_word' id='word_1_180' title='bbox 1766 2452 1920 2527; x_wconf 80' lang='grc' dir='ltr'>Ὀρᾷς</span> <span class='ocrx_word' id='word_1_181' title='bbox 1978 2451 2066 2504; x_wconf 79' lang='grc' dir='ltr'><strong>καὶ</strong></span> 
     </span>
    </p>
   </div>
   <div class='ocr_carea' id='block_1_27' title="bbox 411 2537 2067 2616">
    <p class='ocr_par' dir='ltr' id='par_1_27' title="bbox 411 2537 2067 2616">
     <span class='ocr_line' id='line_1_28' title="bbox 411 2537 2067 2616; baseline -0.001 -22"><span class='ocrx_word' id='word_1_182' title='bbox 411 2543 509 2609; x_wconf 77' lang='grc' dir='ltr'>τήν</span> <span class='ocrx_word' id='word_1_183' title='bbox 539 2545 648 2596; x_wconf 88' lang='grc' dir='ltr'><strong>τῶν</strong></span> <span class='ocrx_word' id='word_1_184' title='bbox 699 2540 864 2616; x_wconf 78' lang='grc' dir='ltr'>ἁγίων</span> <span class='ocrx_word' id='word_1_185' title='bbox 916 2545 1081 2614; x_wconf 79' lang='grc' dir='ltr'>τριῶν</span> <span class='ocrx_word' id='word_1_186' title='bbox 1125 2537 1334 2594; x_wconf 80' lang='grc' dir='ltr'>παίδων</span> <span class='ocrx_word' id='word_1_187' title='bbox 1387 2539 1744 2614; x_wconf 82' lang='grc' dir='ltr'>ὑμνολογίαν,</span> <span class='ocrx_word' id='word_1_188' title='bbox 1779 2539 1928 2601; x_wconf 73' lang='grc' dir='ltr'>ὅπως</span> <span class='ocrx_word' id='word_1_189' title='bbox 1960 2543 2067 2593; x_wconf 88' lang='grc' dir='ltr'><strong>τῶν</strong></span> 
     </span>
    </p>
   </div>
   <div class='ocr_carea' id='block_1_28' title="bbox 417 2628 2070 2703">
    <p class='ocr_par' dir='ltr' id='par_1_28' title="bbox 417 2628 2070 2703">
     <span class='ocr_line' id='line_1_29' title="bbox 417 2628 2070 2703; baseline -0.003 -17"><span class='ocrx_word' id='word_1_190' title='bbox 417 2628 601 2686; x_wconf 76' lang='grc' dir='ltr'>ἄλλων</span> <span class='ocrx_word' id='word_1_191' title='bbox 637 2631 839 2703; x_wconf 79' lang='grc' dir='ltr'>ἀρετῶν</span> <span class='ocrx_word' id='word_1_192' title='bbox 872 2629 934 2684; x_wconf 81' lang='grc' dir='ltr'>οὐ</span> <span class='ocrx_word' id='word_1_193' title='bbox 961 2628 1099 2684; x_wconf 78' lang='grc' dir='ltr'>πάνυ</span> <span class='ocrx_word' id='word_1_194' title='bbox 1129 2650 1181 2683; x_wconf 90' lang='grc' dir='ltr'><strong>τι</strong></span> <span class='ocrx_word' id='word_1_195' title='bbox 1217 2628 1708 2702; x_wconf 79' lang='grc' dir='ltr'>μνημονεύσαντες,</span> <span class='ocrx_word' id='word_1_196' title='bbox 1731 2628 1858 2690; x_wconf 84' lang='grc' dir='ltr'>τοὺς</span> <span class='ocrx_word' id='word_1_197' title='bbox 1881 2649 2070 2682; x_wconf 90' lang='grc' dir='ltr'>ταπει-</span> 
     </span>
    </p>
   </div>
   <div class='ocr_carea' id='block_1_29' title="bbox 417 2717 2072 2794">
    <p class='ocr_par' dir='ltr' id='par_1_29' title="bbox 417 2717 2072 2794">
     <span class='ocr_line' id='line_1_30' title="bbox 417 2717 2072 2794; baseline 0.001 -24"><span class='ocrx_word' id='word_1_198' title='bbox 417 2719 543 2780; x_wconf 85' lang='grc' dir='ltr'>νοὺς</span> <span class='ocrx_word' id='word_1_199' title='bbox 575 2718 667 2772; x_wconf 83' lang='grc' dir='ltr'><strong>σὺν</strong></span> <span class='ocrx_word' id='word_1_200' title='bbox 698 2724 815 2780; x_wconf 81' lang='grc' dir='ltr'>τοῖς</span> <span class='ocrx_word' id='word_1_201' title='bbox 849 2719 1078 2791; x_wconf 79' lang='grc' dir='ltr'>ὑμνοῦσι</span> <span class='ocrx_word' id='word_1_202' title='bbox 1109 2720 1706 2794; x_wconf 79' lang='grc' dir='ltr'>συγκατηριθμήσαντο,</span> <span class='ocrx_word' id='word_1_203' title='bbox 1745 2719 1820 2788; x_wconf 72' lang='grc' dir='ltr'>μὴ</span> <span class='ocrx_word' id='word_1_204' title='bbox 1857 2717 2072 2791; x_wconf 86' lang='grc' dir='ltr'>εἰρηκό-</span> 
     </span>
    </p>
   </div>
   <div class='ocr_carea' id='block_1_30' title="bbox 415 2805 2064 2884">
    <p class='ocr_par' dir='ltr' id='par_1_30' title="bbox 415 2805 2064 2884">
     <span class='ocr_line' id='line_1_31' title="bbox 415 2805 2064 2884; baseline -0.002 -21"><span class='ocrx_word' id='word_1_205' title='bbox 415 2829 502 2870; x_wconf 88' lang='grc' dir='ltr'><strong>τες</strong></span> <span class='ocrx_word' id='word_1_206' title='bbox 535 2809 818 2884; x_wconf 82' lang='grc' dir='ltr'>σώφρονας</span> <span class='ocrx_word' id='word_1_207' title='bbox 851 2809 885 2875; x_wconf 60' lang='lat' dir='ltr'><strong>ﬁ</strong></span> <span class='ocrx_word' id='word_1_208' title='bbox 918 2807 1251 2879; x_wconf 71' lang='grc' dir='ltr'>ἀκτήμονας.</span> <span class='ocrx_word' id='word_1_209' title='bbox 1285 2812 1485 2879; x_wconf 78' lang='grc' dir='ltr'>’Ὠσπερ</span> <span class='ocrx_word' id='word_1_210' title='bbox 1517 2808 1617 2882; x_wconf 74' lang='grc' dir='ltr'><strong>γάρ</strong></span> <span class='ocrx_word' id='word_1_211' title='bbox 1652 2805 1911 2860; x_wconf 83' lang='grc' dir='ltr'>ἀδύνατον</span> <span class='ocrx_word' id='word_1_212' title='bbox 1939 2811 2064 2860; x_wconf 83' lang='grc' dir='ltr'>ναῦν</span> 
     </span>
    </p>
   </div>
   <div class='ocr_carea' id='block_1_31' title="bbox 416 2892 2066 2972">
    <p class='ocr_par' dir='ltr' id='par_1_31' title="bbox 416 2892 2066 2972">
     <span class='ocr_line' id='line_1_32' title="bbox 416 2892 2066 2972; baseline -0.001 -22"><span class='ocrx_word' id='word_1_213' title='bbox 416 2895 592 2972; x_wconf 69' lang='grc' dir='ltr'>χωρίς</span> <span class='ocrx_word' id='word_1_214' title='bbox 619 2895 772 2965; x_wconf 73' lang='grc' dir='ltr'>ἥλων</span> <span class='ocrx_word' id='word_1_215' title='bbox 801 2899 1315 2966; x_wconf 80' lang='grc' dir='ltr'>κατασκευασθῆναι,</span> <span class='ocrx_word' id='word_1_216' title='bbox 1349 2896 1523 2956; x_wconf 76' lang='grc' dir='ltr'>οὕτως</span> <span class='ocrx_word' id='word_1_217' title='bbox 1546 2892 1806 2950; x_wconf 83' lang='grc' dir='ltr'>ἀδύνατον</span> <span class='ocrx_word' id='word_1_218' title='bbox 1827 2898 2066 2965; x_wconf 80' lang='grc' dir='ltr'>σῶθῆναι</span> 
     </span>
    </p>
   </div>
   <div class='ocr_carea' id='block_1_32' title="bbox 417 2985 1148 3063">
    <p class='ocr_par' dir='ltr' id='par_1_32' title="bbox 417 2985 1148 3063">
     <span class='ocr_line' id='line_1_33' title="bbox 417 2985 1148 3063; baseline 0.001 -23"><span class='ocrx_word' id='word_1_219' title='bbox 417 2985 594 3062; x_wconf 78' lang='grc' dir='ltr'>χωρὶς</span> <span class='ocrx_word' id='word_1_220' title='bbox 627 2985 1148 3063; x_wconf 81' lang='grc' dir='ltr'>ταπεινοφροσύνης.</span> 
     </span>
    </p>
   </div>
   <div class='ocr_carea' id='block_1_33' title="bbox 487 3099 2066 3178">
    <p class='ocr_par' dir='ltr' id='par_1_33' title="bbox 487 3099 2066 3178">
     <span class='ocr_line' id='line_1_34' title="bbox 487 3099 2066 3178; baseline -0.001 -22"><span class='ocrx_word' id='word_1_221' title='bbox 487 3104 576 3160; x_wconf 88' lang='grc'><strong>57.</strong></span> <span class='ocrx_word' id='word_1_222' title='bbox 609 3105 727 3156; x_wconf 85' lang='grc' dir='ltr'>’Ότι</span> <span class='ocrx_word' id='word_1_223' title='bbox 762 3099 820 3156; x_wconf 71' lang='grc' dir='ltr'><strong>δε</strong></span> <span class='ocrx_word' id='word_1_224' title='bbox 850 3101 1024 3176; x_wconf 83' lang='grc' dir='ltr'>ἀγαθὴ</span> <span class='ocrx_word' id='word_1_225' title='bbox 1060 3101 1146 3156; x_wconf 88' lang='grc' dir='ltr'><strong>καὶ</strong></span> <span class='ocrx_word' id='word_1_226' title='bbox 1181 3103 1451 3177; x_wconf 75' lang='grc' dir='ltr'>σωτήριος</span> <span class='ocrx_word' id='word_1_227' title='bbox 1500 3101 1750 3178; x_wconf 68' lang='grc' dir='ltr'>πέφυκεν,</span> <span class='ocrx_word' id='word_1_228' title='bbox 1784 3101 1811 3154; x_wconf 78' lang='grc' dir='ltr'><strong>ὁ</strong></span> <span class='ocrx_word' id='word_1_229' title='bbox 1847 3099 2066 3174; x_wconf 78' lang='grc' dir='ltr'>Κύριος,</span> 
     </span>
    </p>
   </div>
   <div class='ocr_carea' id='block_1_34' title="bbox 416 3189 2065 3266">
    <p class='ocr_par' dir='ltr' id='par_1_34' title="bbox 416 3189 2065 3266">
     <span class='ocr_line' id='line_1_35' title="bbox 416 3189 2065 3266; baseline -0.002 -22"><span class='ocrx_word' id='word_1_230' title='bbox 416 3191 552 3266; x_wconf 88' lang='grc' dir='ltr'>πρὸς</span> <span class='ocrx_word' id='word_1_231' title='bbox 605 3190 922 3266; x_wconf 81' lang='grc' dir='ltr'>ἀνθρώπους</span> <span class='ocrx_word' id='word_1_232' title='bbox 976 3189 1287 3262; x_wconf 73' lang='grc' dir='ltr'>οἰκονομίαν</span> <span class='ocrx_word' id='word_1_233' title='bbox 1339 3189 1592 3265; x_wconf 80' lang='grc' dir='ltr'>πληρῶν,</span> <span class='ocrx_word' id='word_1_234' title='bbox 1643 3190 1810 3258; x_wconf 72' lang='grc' dir='ltr'>αύτὴν</span> <span class='ocrx_word' id='word_1_235' title='bbox 1855 3190 2065 3265; x_wconf 78' lang='grc' dir='ltr'>ἠμφιά-</span> 
     </span>
    </p>
   </div>
   <div class='ocr_carea' id='block_1_35' title="bbox 2193 653 3848 724">
    <p class='ocr_par' dir='ltr' id='par_1_35' title="bbox 2193 653 3848 724">
     <span class='ocr_line' id='line_1_36' title="bbox 2193 653 3848 724; baseline 0.002 -20"><span class='ocrx_word' id='word_1_236' title='bbox 2193 667 2432 721; x_wconf 67' lang='grc' dir='ltr'>ᾳιιωιιυθ</span> <span class='ocrx_word' id='word_1_237' title='bbox 2465 653 2844 718; x_wconf 75' lang='lat' dir='ltr'><strong>detruncant;</strong></span> <span class='ocrx_word' id='word_1_238' title='bbox 2875 654 3061 707; x_wconf 79' lang='lat' dir='ltr'><strong>solent</strong></span> <span class='ocrx_word' id='word_1_239' title='bbox 3091 654 3381 724; x_wconf 83' lang='lat' dir='ltr'><strong>siquidem</strong></span> <span class='ocrx_word' id='word_1_240' title='bbox 3416 653 3525 707; x_wconf 62' lang='lat' dir='ltr'><strong>illa;</strong></span> <span class='ocrx_word' id='word_1_241' title='bbox 3555 653 3667 707; x_wconf 88' lang='lat' dir='ltr'><strong>cito</strong></span> <span class='ocrx_word' id='word_1_242' title='bbox 3694 669 3848 707; x_wconf 87' lang='lat' dir='ltr'><strong>ares-</strong></span> 
     </span>
    </p>
   </div>
   <div class='ocr_carea' id='block_1_36' title="bbox 2192 740 3847 813">
    <p class='ocr_par' dir='ltr' id='par_1_36' title="bbox 2192 740 3847 813">
     <span class='ocr_line' id='line_1_37' title="bbox 2192 740 3847 813; baseline 0.001 -21"><span class='ocrx_word' id='word_1_243' title='bbox 2192 755 2339 794; x_wconf 84' lang='lat' dir='ltr'>cere.</span> <span class='ocrx_word' id='word_1_244' title='bbox 2377 740 2582 794; x_wconf 84' lang='lat' dir='ltr'><strong>Medici</strong></span> <span class='ocrx_word' id='word_1_245' title='bbox 2616 747 2808 794; x_wconf 88' lang='lat' dir='ltr'><strong>autem</strong></span> <span class='ocrx_word' id='word_1_246' title='bbox 2846 742 2996 796; x_wconf 74' lang='lat'><strong>628</strong></span> <span class='ocrx_word' id='word_1_247' title='bbox 3030 747 3379 813; x_wconf 61' lang='lat' dir='ltr'><strong>agrotorum</strong></span> <span class='ocrx_word' id='word_1_248' title='bbox 3413 741 3559 796; x_wconf 89' lang='lat' dir='ltr'><strong>alios</strong></span> <span class='ocrx_word' id='word_1_249' title='bbox 3597 740 3847 812; x_wconf 87' lang='lat' dir='ltr'><strong>largiore</strong></span> 
     </span>
    </p>
   </div>
   <div class='ocr_carea' id='block_1_37' title="bbox 2189 828 3846 897">
    <p class='ocr_par' dir='ltr' id='par_1_37' title="bbox 2189 828 3846 897">
     <span class='ocr_line' id='line_1_38' title="bbox 2189 828 3846 897; baseline 0.002 -16"><span class='ocrx_word' id='word_1_250' title='bbox 2189 828 2317 882; x_wconf 92' lang='lat' dir='ltr'><strong>cibo</strong></span> <span class='ocrx_word' id='word_1_251' title='bbox 2349 828 2534 896; x_wconf 85' lang='lat' dir='ltr'><strong>alunt,</strong></span> <span class='ocrx_word' id='word_1_252' title='bbox 2567 835 2624 883; x_wconf 91' lang='lat' dir='ltr'><strong>et</strong></span> <span class='ocrx_word' id='word_1_253' title='bbox 2654 831 2723 883; x_wconf 90' lang='lat' dir='ltr'><strong>ad</strong></span> <span class='ocrx_word' id='word_1_254' title='bbox 2773 830 3300 884; x_wconf 88' lang='lat' dir='ltr'><strong>deambulationem</strong></span> <span class='ocrx_word' id='word_1_255' title='bbox 3359 831 3642 897; x_wconf 87' lang='lat' dir='ltr'><strong>invitant;</strong></span> <span class='ocrx_word' id='word_1_256' title='bbox 3700 829 3846 884; x_wconf 85' lang='lat' dir='ltr'><strong>alios</strong></span> 
     </span>
    </p>
   </div>
   <div class='ocr_carea' id='block_1_38' title="bbox 2188 917 3455 974">
    <p class='ocr_par' dir='ltr' id='par_1_38' title="bbox 2188 917 3455 974">
     <span class='ocr_line' id='line_1_39' title="bbox 2188 917 3455 974; baseline 0.004 -5"><span class='ocrx_word' id='word_1_257' title='bbox 2188 919 2412 972; x_wconf 86' lang='lat' dir='ltr'><strong>vinctos</strong></span> <span class='ocrx_word' id='word_1_258' title='bbox 2441 917 2662 971; x_wconf 82' lang='lat' dir='ltr'><strong>diutius</strong></span> <span class='ocrx_word' id='word_1_259' title='bbox 2695 919 2750 972; x_wconf 94' lang='lat' dir='ltr'><strong>in</strong></span> <span class='ocrx_word' id='word_1_260' title='bbox 2789 919 3147 973; x_wconf 78' lang='lat' dir='ltr'><strong>abstinentia</strong></span> <span class='ocrx_word' id='word_1_261' title='bbox 3175 919 3455 974; x_wconf 75' lang='lat' dir='ltr'><strong>detinent.</strong></span> 
     </span>
    </p>
   </div>
   <div class='ocr_carea' id='block_1_39' title="bbox 2255 1123 3847 1195">
    <p class='ocr_par' dir='ltr' id='par_1_39' title="bbox 2255 1123 3847 1195">
     <span class='ocr_line' id='line_1_40' title="bbox 2255 1123 3847 1195; baseline 0.001 -19"><span class='ocrx_word' id='word_1_262' title='bbox 2255 1123 2346 1176; x_wconf 82' lang='lat'><strong>56.</strong></span> <span class='ocrx_word' id='word_1_263' title='bbox 2383 1123 2579 1178; x_wconf 85' lang='lat' dir='ltr'><strong>Palam</strong></span> <span class='ocrx_word' id='word_1_264' title='bbox 2614 1123 2792 1195; x_wconf 83' lang='lat' dir='ltr'><strong>igitur</strong></span> <span class='ocrx_word' id='word_1_265' title='bbox 2821 1127 2911 1178; x_wconf 90' lang='lat' dir='ltr'><strong>est</strong></span> <span class='ocrx_word' id='word_1_266' title='bbox 2963 1123 3249 1177; x_wconf 82' lang='lat' dir='ltr'><strong>malorum</strong></span> <span class='ocrx_word' id='word_1_267' title='bbox 3312 1140 3655 1194; x_wconf 90' lang='lat' dir='ltr'><strong>supremum</strong></span> <span class='ocrx_word' id='word_1_268' title='bbox 3716 1140 3847 1179; x_wconf 86' lang='lat' dir='ltr'><strong>esse</strong></span> 
     </span>
    </p>
   </div>
   <div class='ocr_carea' id='block_1_40' title="bbox 2183 1211 3841 1283">
    <p class='ocr_par' dir='ltr' id='par_1_40' title="bbox 2183 1211 3841 1283">
     <span class='ocr_line' id='line_1_41' title="bbox 2183 1211 3841 1283; baseline 0.002 -20"><span class='ocrx_word' id='word_1_269' title='bbox 2183 1211 2518 1281; x_wconf 77' lang='lat' dir='ltr'><strong>superbiam</strong></span> <span class='ocrx_word' id='word_1_270' title='bbox 2577 1231 2588 1265; x_wconf 90' lang='lat'>:</span> <span class='ocrx_word' id='word_1_271' title='bbox 2643 1213 2905 1282; x_wconf 81' lang='lat' dir='ltr'><strong>illudque</strong></span> <span class='ocrx_word' id='word_1_272' title='bbox 2938 1213 3280 1283; x_wconf 84' lang='lat' dir='ltr'><strong>comprobat</strong></span> <span class='ocrx_word' id='word_1_273' title='bbox 3311 1213 3526 1267; x_wconf 91' lang='lat' dir='ltr'><strong>bonum</strong></span> <span class='ocrx_word' id='word_1_274' title='bbox 3561 1213 3670 1283; x_wconf 90' lang='lat' dir='ltr'><strong>ipsi</strong></span> <span class='ocrx_word' id='word_1_275' title='bbox 3704 1229 3841 1266; x_wconf 88' lang='lat' dir='ltr'><strong>con-</strong></span> 
     </span>
    </p>
   </div>
   <div class='ocr_carea' id='block_1_41' title="bbox 2182 1299 3838 1371">
    <p class='ocr_par' dir='ltr' id='par_1_41' title="bbox 2182 1299 3838 1371">
     <span class='ocr_line' id='line_1_42' title="bbox 2182 1299 3838 1371; baseline 0.001 -19"><span class='ocrx_word' id='word_1_276' title='bbox 2182 1299 2426 1354; x_wconf 89' lang='lat' dir='ltr'><strong>trarium</strong></span> <span class='ocrx_word' id='word_1_277' title='bbox 2462 1300 2784 1354; x_wconf 76' lang='lat' dir='ltr'><strong>humilitas.</strong></span> <span class='ocrx_word' id='word_1_278' title='bbox 2817 1305 2973 1355; x_wconf 80' lang='lat' dir='ltr'><strong>Hauc</strong></span> <span class='ocrx_word' id='word_1_279' title='bbox 3011 1318 3178 1370; x_wconf 90' lang='lat' dir='ltr'><strong>porro</strong></span> <span class='ocrx_word' id='word_1_280' title='bbox 3201 1303 3433 1371; x_wconf 85' lang='lat' dir='ltr'><strong>assequi</strong></span> <span class='ocrx_word' id='word_1_281' title='bbox 3459 1301 3696 1355; x_wconf 79' lang='lat' dir='ltr'><strong>difﬁcile</strong></span> <span class='ocrx_word' id='word_1_282' title='bbox 3725 1304 3838 1356; x_wconf 89' lang='lat' dir='ltr'><strong>est.</strong></span> 
     </span>
    </p>
   </div>
   <div class='ocr_carea' id='block_1_42' title="bbox 2186 1389 3840 1459">
    <p class='ocr_par' dir='ltr' id='par_1_42' title="bbox 2186 1389 3840 1459">
     <span class='ocr_line' id='line_1_43' title="bbox 2186 1389 3840 1459; baseline 0.003 -18"><span class='ocrx_word' id='word_1_283' title='bbox 2186 1389 2300 1442; x_wconf 86' lang='lat' dir='ltr'><strong>Nisi</strong></span> <span class='ocrx_word' id='word_1_284' title='bbox 2333 1390 2484 1442; x_wconf 91' lang='lat' dir='ltr'><strong>enim</strong></span> <span class='ocrx_word' id='word_1_285' title='bbox 2516 1391 2647 1458; x_wconf 83' lang='lat' dir='ltr'><strong>quis</strong></span> <span class='ocrx_word' id='word_1_286' title='bbox 2675 1389 2905 1443; x_wconf 87' lang='lat' dir='ltr'><strong>inanem</strong></span> <span class='ocrx_word' id='word_1_287' title='bbox 2941 1406 3173 1443; x_wconf 86' lang='lat' dir='ltr'><strong>omnem</strong></span> <span class='ocrx_word' id='word_1_288' title='bbox 3235 1389 3480 1459; x_wconf 82' lang='lat' dir='ltr'><strong>gloriam</strong></span> <span class='ocrx_word' id='word_1_289' title='bbox 3539 1389 3840 1458; x_wconf 65' lang='lat' dir='ltr'><strong>abjeceritv</strong></span> 
     </span>
    </p>
   </div>
   <div class='ocr_carea' id='block_1_43' title="bbox 2183 1477 3840 1549">
    <p class='ocr_par' dir='ltr' id='par_1_43' title="bbox 2183 1477 3840 1549">
     <span class='ocr_line' id='line_1_44' title="bbox 2183 1477 3840 1549; baseline 0.001 -19"><span class='ocrx_word' id='word_1_290' title='bbox 2183 1477 2338 1531; x_wconf 90' lang='lat' dir='ltr'><strong>hunc</strong></span> <span class='ocrx_word' id='word_1_291' title='bbox 2387 1477 2643 1531; x_wconf 81' lang='lat' dir='ltr'><strong>nancisci</strong></span> <span class='ocrx_word' id='word_1_292' title='bbox 2703 1479 3039 1532; x_wconf 84' lang='lat' dir='ltr'><strong>thesaurum</strong></span> <span class='ocrx_word' id='word_1_293' title='bbox 3078 1495 3191 1532; x_wconf 88' lang='lat' dir='ltr'><strong>non</strong></span> <span class='ocrx_word' id='word_1_294' title='bbox 3227 1477 3458 1532; x_wconf 79' lang='lat' dir='ltr'><strong>valebit.</strong></span> <span class='ocrx_word' id='word_1_295' title='bbox 3490 1478 3590 1531; x_wconf 84' lang='lat' dir='ltr'><strong>Est</strong></span> <span class='ocrx_word' id='word_1_296' title='bbox 3621 1477 3840 1549; x_wconf 86' lang='lat' dir='ltr'><strong>quippe</strong></span> 
     </span>
    </p>
   </div>
   <div class='ocr_carea' id='block_1_44' title="bbox 2183 1567 3839 1636">
    <p class='ocr_par' dir='ltr' id='par_1_44' title="bbox 2183 1567 3839 1636">
     <span class='ocr_line' id='line_1_45' title="bbox 2183 1567 3839 1636; baseline 0 -17"><span class='ocrx_word' id='word_1_297' title='bbox 2183 1567 2326 1619; x_wconf 89' lang='lat' dir='ltr'><strong>adeo</strong></span> <span class='ocrx_word' id='word_1_298' title='bbox 2362 1583 2572 1636; x_wconf 83' lang='lat' dir='ltr'><strong>magna</strong></span> <span class='ocrx_word' id='word_1_299' title='bbox 2605 1569 2790 1620; x_wconf 85' lang='lat' dir='ltr'><strong>virtus</strong></span> <span class='ocrx_word' id='word_1_300' title='bbox 2826 1567 3152 1626; x_wconf 81' lang='lat' dir='ltr'><strong>humilitas.</strong></span> <span class='ocrx_word' id='word_1_301' title='bbox 3188 1573 3251 1620; x_wconf 91' lang='lat' dir='ltr'><strong>ut</strong></span> <span class='ocrx_word' id='word_1_302' title='bbox 3281 1567 3552 1621; x_wconf 85' lang='lat' dir='ltr'><strong>diabolus</strong></span> <span class='ocrx_word' id='word_1_303' title='bbox 3604 1572 3839 1620; x_wconf 68' lang='lat' dir='ltr'><strong>caeteras</strong></span> 
     </span>
    </p>
   </div>
   <div class='ocr_carea' id='block_1_45' title="bbox 2184 1655 3840 1726">
    <p class='ocr_par' dir='ltr' id='par_1_45' title="bbox 2184 1655 3840 1726">
     <span class='ocr_line' id='line_1_46' title="bbox 2184 1655 3840 1726; baseline 0.002 -19"><span class='ocrx_word' id='word_1_304' title='bbox 2184 1656 2418 1726; x_wconf 92' lang='lat' dir='ltr'><strong>quidem</strong></span> <span class='ocrx_word' id='word_1_305' title='bbox 2469 1656 2708 1710; x_wconf 79' lang='lat' dir='ltr'><strong>virtutes</strong></span> <span class='ocrx_word' id='word_1_306' title='bbox 2740 1657 2968 1709; x_wconf 87' lang='lat' dir='ltr'><strong>videtur</strong></span> <span class='ocrx_word' id='word_1_307' title='bbox 2997 1655 3239 1719; x_wconf 87' lang='lat' dir='ltr'><strong>imitari,</strong></span> <span class='ocrx_word' id='word_1_308' title='bbox 3275 1656 3424 1710; x_wconf 89' lang='lat' dir='ltr'><strong>hanc</strong></span> <span class='ocrx_word' id='word_1_309' title='bbox 3457 1673 3589 1710; x_wconf 91' lang='lat' dir='ltr'><strong>vero</strong></span> <span class='ocrx_word' id='word_1_310' title='bbox 3617 1655 3840 1710; x_wconf 86' lang='lat' dir='ltr'><strong>nesciat</strong></span> 
     </span>
    </p>
   </div>
   <div class='ocr_carea' id='block_1_46' title="bbox 2181 1743 3835 1813">
    <p class='ocr_par' dir='ltr' id='par_1_46' title="bbox 2181 1743 3835 1813">
     <span class='ocr_line' id='line_1_47' title="bbox 2181 1743 3835 1813; baseline 0.001 -18"><span class='ocrx_word' id='word_1_311' title='bbox 2181 1743 2316 1813; x_wconf 91' lang='lat' dir='ltr'><strong>quid</strong></span> <span class='ocrx_word' id='word_1_312' title='bbox 2351 1745 2589 1798; x_wconf 91' lang='lat' dir='ltr'><strong>omnino</strong></span> <span class='ocrx_word' id='word_1_313' title='bbox 2624 1745 2718 1797; x_wconf 85' lang='lat' dir='ltr'><strong>sit.</strong></span> <span class='ocrx_word' id='word_1_314' title='bbox 2757 1743 3001 1799; x_wconf 83' lang='lat' dir='ltr'><strong>Proinde</strong></span> <span class='ocrx_word' id='word_1_315' title='bbox 3033 1745 3160 1813; x_wconf 81' lang='lat' dir='ltr'><strong>ejus</strong></span> <span class='ocrx_word' id='word_1_316' title='bbox 3211 1744 3560 1799; x_wconf 81' lang='lat' dir='ltr'><strong>soliditatem</strong></span> <span class='ocrx_word' id='word_1_317' title='bbox 3612 1743 3835 1798; x_wconf 86' lang='lat' dir='ltr'><strong>stabili-</strong></span> 
     </span>
    </p>
   </div>
   <div class='ocr_carea' id='block_1_47' title="bbox 2186 1833 3837 1904">
    <p class='ocr_par' dir='ltr' id='par_1_47' title="bbox 2186 1833 3837 1904">
     <span class='ocr_line' id='line_1_48' title="bbox 2186 1833 3837 1904; baseline 0 -18"><span class='ocrx_word' id='word_1_318' title='bbox 2186 1838 2475 1902; x_wconf 87' lang='lat' dir='ltr'><strong>tatemque</strong></span> <span class='ocrx_word' id='word_1_319' title='bbox 2529 1850 2658 1886; x_wconf 92' lang='lat' dir='ltr'><strong>cum</strong></span> <span class='ocrx_word' id='word_1_320' title='bbox 2715 1834 2887 1886; x_wconf 70' lang='lat' dir='ltr'><strong>sciret</strong></span> <span class='ocrx_word' id='word_1_321' title='bbox 2930 1833 3250 1904; x_wconf 88' lang='lat' dir='ltr'><strong>apostolus,</strong></span> <span class='ocrx_word' id='word_1_322' title='bbox 3286 1835 3546 1904; x_wconf 62' lang='lat' dir='ltr'><strong>praecipit</strong></span> <span class='ocrx_word' id='word_1_323' title='bbox 3577 1833 3744 1887; x_wconf 91' lang='lat' dir='ltr'><strong>nobis</strong></span> <span class='ocrx_word' id='word_1_324' title='bbox 3774 1836 3837 1886; x_wconf 90' lang='lat' dir='ltr'><strong>ut</strong></span> 
     </span>
    </p>
   </div>
   <div class='ocr_carea' id='block_1_48' title="bbox 1872 1919 3828 1998">
    <p class='ocr_par' dir='ltr' id='par_1_48' title="bbox 1872 1919 3828 1998">
     <span class='ocr_line' id='line_1_49' title="bbox 1872 1919 3828 1998; baseline 0.002 -26"><span class='ocrx_word' id='word_1_325' title='bbox 1872 1919 2072 1980; x_wconf 80' lang='grc' dir='ltr'>πάντας</span> <span class='ocrx_word' id='word_1_326' title='bbox 2107 1936 2152 1998; x_wconf 82' lang='grc' dir='ltr'>Β</span> <span class='ocrx_word' id='word_1_327' title='bbox 2181 1921 2498 1977; x_wconf 89' lang='lat' dir='ltr'><strong>induamus</strong></span> <span class='ocrx_word' id='word_1_328' title='bbox 2530 1921 2918 1976; x_wconf 86' lang='lat' dir='ltr'><strong>humilitatem</strong></span> <span class='ocrx_word' id='word_1_329' title='bbox 2953 1923 2990 1988; x_wconf 72' lang='grc' dir='ltr'><strong>θ,</strong></span> <span class='ocrx_word' id='word_1_330' title='bbox 3019 1928 3343 1995; x_wconf 85' lang='lat' dir='ltr'><strong>cunctaque</strong></span> <span class='ocrx_word' id='word_1_331' title='bbox 3374 1923 3539 1978; x_wconf 87' lang='lat' dir='ltr'><strong>utilia</strong></span> <span class='ocrx_word' id='word_1_332' title='bbox 3567 1929 3828 1994; x_wconf 86' lang='lat' dir='ltr'><strong>agentes,</strong></span> 
     </span>
    </p>
   </div>
   <div class='ocr_carea' id='block_1_49' title="bbox 2183 2011 3834 2083">
    <p class='ocr_par' dir='ltr' id='par_1_49' title="bbox 2183 2011 3834 2083">
     <span class='ocr_line' id='line_1_50' title="bbox 2183 2011 3834 2083; baseline 0.001 -19"><span class='ocrx_word' id='word_1_333' title='bbox 2183 2028 2308 2064; x_wconf 89' lang='lat' dir='ltr'><strong>eam</strong></span> <span class='ocrx_word' id='word_1_334' title='bbox 2345 2012 2497 2063; x_wconf 83' lang='lat' dir='ltr'><strong>velut</strong></span> <span class='ocrx_word' id='word_1_335' title='bbox 2525 2011 2801 2065; x_wconf 85' lang='lat' dir='ltr'><strong>amictum</strong></span> <span class='ocrx_word' id='word_1_336' title='bbox 2840 2012 3271 2065; x_wconf 73' lang='lat' dir='ltr'><strong>circumdernus</strong></span> <span class='ocrx_word' id='word_1_337' title='bbox 3304 2013 3471 2066; x_wconf 87' lang='lat' dir='ltr'><strong>nobis</strong></span> <span class='ocrx_word' id='word_1_338' title='bbox 3501 2030 3512 2066; x_wconf 93' lang='lat'>:</span> <span class='ocrx_word' id='word_1_339' title='bbox 3544 2012 3662 2066; x_wconf 88' lang='lat' dir='ltr'><strong>sive</strong></span> <span class='ocrx_word' id='word_1_340' title='bbox 3685 2013 3834 2083; x_wconf 48' lang='lat' dir='ltr'><strong>jejuo</strong></span> 
     </span>
    </p>
   </div>
   <div class='ocr_carea' id='block_1_50' title="bbox 2181 2100 3826 2166">
    <p class='ocr_par' dir='ltr' id='par_1_50' title="bbox 2181 2100 3826 2166">
     <span class='ocr_line' id='line_1_51' title="bbox 2181 2100 3826 2166; baseline 0 -13"><span class='ocrx_word' id='word_1_341' title='bbox 2181 2116 2304 2164; x_wconf 89' lang='lat' dir='ltr'><strong>nes,</strong></span> <span class='ocrx_word' id='word_1_342' title='bbox 2331 2101 2451 2154; x_wconf 88' lang='lat' dir='ltr'><strong>sive</strong></span> <span class='ocrx_word' id='word_1_343' title='bbox 2475 2100 2935 2154; x_wconf 81' lang='lat' dir='ltr'><strong>misericordiam</strong></span> <span class='ocrx_word' id='word_1_344' title='bbox 2961 2117 3248 2165; x_wconf 79' lang='lat' dir='ltr'><strong>exerceas,</strong></span> <span class='ocrx_word' id='word_1_345' title='bbox 3274 2101 3391 2155; x_wconf 87' lang='lat' dir='ltr'><strong>sive</strong></span> <span class='ocrx_word' id='word_1_346' title='bbox 3414 2101 3642 2155; x_wconf 89' lang='lat' dir='ltr'><strong>doceas.</strong></span> <span class='ocrx_word' id='word_1_347' title='bbox 3669 2102 3826 2166; x_wconf 89' lang='lat' dir='ltr'><strong>Quod</strong></span> 
     </span>
    </p>
   </div>
   <div class='ocr_carea' id='block_1_51' title="bbox 2180 2189 3830 2259">
    <p class='ocr_par' dir='ltr' id='par_1_51' title="bbox 2180 2189 3830 2259">
     <span class='ocr_line' id='line_1_52' title="bbox 2180 2189 3830 2259; baseline 0.001 -17"><span class='ocrx_word' id='word_1_348' title='bbox 2180 2189 2227 2243; x_wconf 88' lang='lat' dir='ltr'><strong>si</strong></span> <span class='ocrx_word' id='word_1_349' title='bbox 2261 2194 2593 2259; x_wconf 86' lang='lat' dir='ltr'><strong>temperans</strong></span> <span class='ocrx_word' id='word_1_350' title='bbox 2623 2194 2678 2242; x_wconf 90' lang='lat' dir='ltr'><strong>et</strong></span> <span class='ocrx_word' id='word_1_351' title='bbox 2712 2189 2967 2259; x_wconf 89' lang='lat' dir='ltr'><strong>prudens</strong></span> <span class='ocrx_word' id='word_1_352' title='bbox 2999 2191 3096 2254; x_wconf 84' lang='lat' dir='ltr'><strong>sis,</strong></span> <span class='ocrx_word' id='word_1_353' title='bbox 3132 2206 3259 2244; x_wconf 90' lang='lat' dir='ltr'><strong>eam</strong></span> <span class='ocrx_word' id='word_1_354' title='bbox 3293 2191 3398 2244; x_wconf 87' lang='lat' dir='ltr'><strong>tibi</strong></span> <span class='ocrx_word' id='word_1_355' title='bbox 3429 2191 3670 2245; x_wconf 88' lang='lat' dir='ltr'><strong>admove</strong></span> <span class='ocrx_word' id='word_1_356' title='bbox 3726 2207 3830 2245; x_wconf 89' lang='lat' dir='ltr'><strong>ceu</strong></span> 
     </span>
    </p>
   </div>
   <div class='ocr_carea' id='block_1_52' title="bbox 2181 2277 3829 2350">
    <p class='ocr_par' dir='ltr' id='par_1_52' title="bbox 2181 2277 3829 2350">
     <span class='ocr_line' id='line_1_53' title="bbox 2181 2277 3829 2350; baseline 0 -18"><span class='ocrx_word' id='word_1_357' title='bbox 2181 2277 2568 2332; x_wconf 78' lang='lat' dir='ltr'><strong>fortissimum</strong></span> <span class='ocrx_word' id='word_1_358' title='bbox 2605 2277 3166 2349; x_wconf 81' lang='lat' dir='ltr'><strong>murum,Astringat</strong></span> <span class='ocrx_word' id='word_1_359' title='bbox 3201 2281 3618 2350; x_wconf 87' lang='lat' dir='ltr'><strong>contineatque</strong></span> <span class='ocrx_word' id='word_1_360' title='bbox 3649 2283 3829 2333; x_wconf 89' lang='lat' dir='ltr'><strong>virtu-</strong></span> 
     </span>
    </p>
   </div>
   <div class='ocr_carea' id='block_1_53' title="bbox 2179 2366 3834 2437">
    <p class='ocr_par' dir='ltr' id='par_1_53' title="bbox 2179 2366 3834 2437">
     <span class='ocr_line' id='line_1_54' title="bbox 2179 2366 3834 2437; baseline 0 -17"><span class='ocrx_word' id='word_1_361' title='bbox 2179 2372 2265 2421; x_wconf 84' lang='lat' dir='ltr'><strong>tes</strong></span> <span class='ocrx_word' id='word_1_362' title='bbox 2301 2373 2430 2420; x_wconf 91' lang='lat' dir='ltr'><strong>tuas</strong></span> <span class='ocrx_word' id='word_1_363' title='bbox 2463 2370 2728 2422; x_wconf 89' lang='lat' dir='ltr'><strong>omnium</strong></span> <span class='ocrx_word' id='word_1_364' title='bbox 2760 2366 3036 2420; x_wconf 88' lang='lat' dir='ltr'><strong>virtutum</strong></span> <span class='ocrx_word' id='word_1_365' title='bbox 3073 2367 3560 2437; x_wconf 71' lang='lat' dir='ltr'><strong>praastantissima</strong></span> <span class='ocrx_word' id='word_1_366' title='bbox 3593 2367 3834 2421; x_wconf 87' lang='lat' dir='ltr'><strong>humili-</strong></span> 
     </span>
    </p>
   </div>
   <div class='ocr_carea' id='block_1_54' title="bbox 2178 2455 3837 2526">
    <p class='ocr_par' dir='ltr' id='par_1_54' title="bbox 2178 2455 3837 2526">
     <span class='ocr_line' id='line_1_55' title="bbox 2178 2455 3837 2526; baseline 0.001 -17"><span class='ocrx_word' id='word_1_367' title='bbox 2178 2455 2589 2526; x_wconf 84' lang='lat' dir='ltr'><strong>tas.(88)Vides</strong></span> <span class='ocrx_word' id='word_1_368' title='bbox 2607 2456 2785 2509; x_wconf 91' lang='lat' dir='ltr'><strong>trium</strong></span> <span class='ocrx_word' id='word_1_369' title='bbox 2809 2473 3116 2526; x_wconf 84' lang='lat' dir='ltr'><strong>puerorum</strong></span> <span class='ocrx_word' id='word_1_370' title='bbox 3138 2456 3609 2522; x_wconf 85' lang='lat' dir='ltr'><strong>canticum,quod</strong></span> <span class='ocrx_word' id='word_1_371' title='bbox 3628 2472 3837 2526; x_wconf 88' lang='lat' dir='ltr'><strong>nempe</strong></span> 
     </span>
    </p>
   </div>
   <div class='ocr_carea' id='block_1_55' title="bbox 2178 2543 3838 2606">
    <p class='ocr_par' dir='ltr' id='par_1_55' title="bbox 2178 2543 3838 2606">
     <span class='ocr_line' id='line_1_56' title="bbox 2178 2543 3838 2606; baseline 0.001 -8"><span class='ocrx_word' id='word_1_372' title='bbox 2178 2543 2427 2598; x_wconf 87' lang='lat' dir='ltr'><strong>aliarum</strong></span> <span class='ocrx_word' id='word_1_373' title='bbox 2497 2545 2776 2598; x_wconf 90' lang='lat' dir='ltr'><strong>virtutum</strong></span> <span class='ocrx_word' id='word_1_374' title='bbox 2850 2545 3142 2598; x_wconf 86' lang='lat' dir='ltr'><strong>mentione</strong></span> <span class='ocrx_word' id='word_1_375' title='bbox 3205 2545 3294 2597; x_wconf 88' lang='lat' dir='ltr'><strong>vix</strong></span> <span class='ocrx_word' id='word_1_376' title='bbox 3353 2546 3522 2606; x_wconf 77' lang='lat' dir='ltr'><strong>facta.</strong></span> <span class='ocrx_word' id='word_1_377' title='bbox 3584 2545 3838 2600; x_wconf 82' lang='lat' dir='ltr'><strong>humiles</strong></span> 
     </span>
    </p>
   </div>
   <div class='ocr_carea' id='block_1_56' title="bbox 2178 2633 3836 2703">
    <p class='ocr_par' dir='ltr' id='par_1_56' title="bbox 2178 2633 3836 2703">
     <span class='ocr_line' id='line_1_57' title="bbox 2178 2633 3836 2703; baseline 0.002 -18"><span class='ocrx_word' id='word_1_378' title='bbox 2178 2633 2462 2703; x_wconf 84' lang='lat' dir='ltr'><strong>hymnum</strong></span> <span class='ocrx_word' id='word_1_379' title='bbox 2497 2633 2864 2687; x_wconf 87' lang='lat' dir='ltr'><strong>cantantium</strong></span> <span class='ocrx_word' id='word_1_380' title='bbox 2898 2633 3072 2686; x_wconf 89' lang='lat' dir='ltr'><strong>choro</strong></span> <span class='ocrx_word' id='word_1_381' title='bbox 3105 2633 3619 2688; x_wconf 87' lang='lat' dir='ltr'><strong>annumeraverint</strong></span> <span class='ocrx_word' id='word_1_382' title='bbox 3650 2635 3836 2701; x_wconf 78' lang='lat' dir='ltr'><strong>‘°,non</strong></span> 
     </span>
    </p>
   </div>
   <div class='ocr_carea' id='block_1_57' title="bbox 2179 2723 3836 2792">
    <p class='ocr_par' dir='ltr' id='par_1_57' title="bbox 2179 2723 3836 2792">
     <span class='ocr_line' id='line_1_58' title="bbox 2179 2723 3836 2792; baseline 0.002 -18"><span class='ocrx_word' id='word_1_383' title='bbox 2179 2723 2519 2776; x_wconf 86' lang='lat' dir='ltr'><strong>memoratis</strong></span> <span class='ocrx_word' id='word_1_384' title='bbox 2555 2723 3018 2792; x_wconf 82' lang='lat' dir='ltr'><strong>temperantibus</strong></span> <span class='ocrx_word' id='word_1_385' title='bbox 3050 2725 3106 2775; x_wconf 91' lang='lat' dir='ltr'><strong>et</strong></span> <span class='ocrx_word' id='word_1_386' title='bbox 3152 2723 3515 2792; x_wconf 87' lang='lat' dir='ltr'><strong>paupertatis</strong></span> <span class='ocrx_word' id='word_1_387' title='bbox 3577 2724 3836 2777; x_wconf 88' lang='lat' dir='ltr'><strong>amanti-</strong></span> 
     </span>
    </p>
   </div>
   <div class='ocr_carea' id='block_1_58' title="bbox 2179 2811 3833 2875">
    <p class='ocr_par' dir='ltr' id='par_1_58' title="bbox 2179 2811 3833 2875">
     <span class='ocr_line' id='line_1_59' title="bbox 2179 2811 3833 2875; baseline 0.001 -11"><span class='ocrx_word' id='word_1_388' title='bbox 2179 2811 2308 2864; x_wconf 90' lang='lat' dir='ltr'><strong>bus.</strong></span> <span class='ocrx_word' id='word_1_389' title='bbox 2372 2812 2874 2875; x_wconf 80' lang='lat' dir='ltr'><strong>Quemadmodum</strong></span> <span class='ocrx_word' id='word_1_390' title='bbox 2929 2811 3084 2864; x_wconf 59' lang='lat' dir='ltr'><strong>enim</strong></span> <span class='ocrx_word' id='word_1_391' title='bbox 3121 2811 3483 2874; x_wconf 87' lang='lat' dir='ltr'><strong>impossibile</strong></span> <span class='ocrx_word' id='word_1_392' title='bbox 3512 2818 3598 2866; x_wconf 89' lang='lat' dir='ltr'><strong>est</strong></span> <span class='ocrx_word' id='word_1_393' title='bbox 3631 2829 3833 2866; x_wconf 89' lang='lat' dir='ltr'><strong>navem</strong></span> 
     </span>
    </p>
   </div>
   <div class='ocr_carea' id='block_1_59' title="bbox 2177 2899 3836 2958">
    <p class='ocr_par' dir='ltr' id='par_1_59' title="bbox 2177 2899 3836 2958">
     <span class='ocr_line' id='line_1_60' title="bbox 2177 2899 3836 2958; baseline 0.002 -6"><span class='ocrx_word' id='word_1_394' title='bbox 2177 2900 2303 2952; x_wconf 87' lang='lat' dir='ltr'><strong>sine</strong></span> <span class='ocrx_word' id='word_1_395' title='bbox 2333 2899 2510 2953; x_wconf 84' lang='lat' dir='ltr'><strong>clavis</strong></span> <span class='ocrx_word' id='word_1_396' title='bbox 2547 2899 2838 2958; x_wconf 76' lang='lat' dir='ltr'><strong>fabricari.</strong></span> <span class='ocrx_word' id='word_1_397' title='bbox 2876 2900 2952 2952; x_wconf 87' lang='lat' dir='ltr'><strong>ita</strong></span> <span class='ocrx_word' id='word_1_398' title='bbox 2985 2916 3089 2953; x_wconf 83' lang='lat' dir='ltr'><strong>nec</strong></span> <span class='ocrx_word' id='word_1_399' title='bbox 3123 2899 3383 2954; x_wconf 89' lang='lat' dir='ltr'><strong>valemus</strong></span> <span class='ocrx_word' id='word_1_400' title='bbox 3413 2901 3663 2955; x_wconf 85' lang='lat' dir='ltr'><strong>salutem</strong></span> <span class='ocrx_word' id='word_1_401' title='bbox 3697 2919 3836 2955; x_wconf 92' lang='lat' dir='ltr'><strong>con-</strong></span> 
     </span>
    </p>
   </div>
   <div class='ocr_carea' id='block_1_60' title="bbox 2179 2987 2875 3059">
    <p class='ocr_par' dir='ltr' id='par_1_60' title="bbox 2179 2987 2875 3059">
     <span class='ocr_line' id='line_1_61' title="bbox 2179 2987 2875 3059; baseline -0.001 -17"><span class='ocrx_word' id='word_1_402' title='bbox 2179 2990 2342 3059; x_wconf 89' lang='lat' dir='ltr'><strong>sequi</strong></span> <span class='ocrx_word' id='word_1_403' title='bbox 2377 2989 2497 3042; x_wconf 82' lang='lat' dir='ltr'><strong>sine</strong></span> <span class='ocrx_word' id='word_1_404' title='bbox 2529 2987 2875 3042; x_wconf 80' lang='lat' dir='ltr'><strong>humilitate.</strong></span> 
     </span>
    </p>
   </div>
   <div class='ocr_carea' id='block_1_61' title="bbox 2247 3103 3832 3174">
    <p class='ocr_par' dir='ltr' id='par_1_61' title="bbox 2247 3103 3832 3174">
     <span class='ocr_line' id='line_1_62' title="bbox 2247 3103 3832 3174; baseline -0.001 -17"><span class='ocrx_word' id='word_1_405' title='bbox 2247 3105 2336 3157; x_wconf 84' lang='lat'><strong>57.</strong></span> <span class='ocrx_word' id='word_1_406' title='bbox 2368 3103 2513 3167; x_wconf 85' lang='lat' dir='ltr'><strong>Quia</strong></span> <span class='ocrx_word' id='word_1_407' title='bbox 2544 3119 2675 3157; x_wconf 87' lang='lat' dir='ltr'><strong>vero</strong></span> <span class='ocrx_word' id='word_1_408' title='bbox 2711 3103 2980 3174; x_wconf 69' lang='lat' dir='ltr'><strong>praeclara</strong></span> <span class='ocrx_word' id='word_1_409' title='bbox 3014 3103 3112 3156; x_wconf 87' lang='lat' dir='ltr'><strong>illa</strong></span> <span class='ocrx_word' id='word_1_410' title='bbox 3144 3107 3233 3157; x_wconf 89' lang='lat' dir='ltr'><strong>est</strong></span> <span class='ocrx_word' id='word_1_411' title='bbox 3262 3106 3318 3156; x_wconf 90' lang='lat' dir='ltr'><strong>et</strong></span> <span class='ocrx_word' id='word_1_412' title='bbox 3371 3103 3668 3170; x_wconf 80' lang='lat' dir='ltr'><strong>salutaris,</strong></span> <span class='ocrx_word' id='word_1_413' title='bbox 3727 3111 3832 3158; x_wconf 84' lang='lat' dir='ltr'><strong>Do-</strong></span> 
     </span>
    </p>
   </div>
   <div class='ocr_carea' id='block_1_62' title="bbox 2181 3192 3832 3264">
    <p class='ocr_par' dir='ltr' id='par_1_62' title="bbox 2181 3192 3832 3264">
     <span class='ocr_line' id='line_1_63' title="bbox 2181 3192 3832 3264; baseline -0.001 -17"><span class='ocrx_word' id='word_1_414' title='bbox 2181 3194 2377 3248; x_wconf 89' lang='lat' dir='ltr'><strong>minus</strong></span> <span class='ocrx_word' id='word_1_415' title='bbox 2437 3210 2602 3246; x_wconf 86' lang='lat' dir='ltr'><strong>suam</strong></span> <span class='ocrx_word' id='word_1_416' title='bbox 2666 3210 2799 3262; x_wconf 82' lang='lat' dir='ltr'><strong>erga</strong></span> <span class='ocrx_word' id='word_1_417' title='bbox 2843 3192 3110 3246; x_wconf 88' lang='lat' dir='ltr'><strong>homines</strong></span> <span class='ocrx_word' id='word_1_418' title='bbox 3142 3193 3523 3247; x_wconf 74' lang='lat' dir='ltr'><strong>(economiam</strong></span> <span class='ocrx_word' id='word_1_419' title='bbox 3559 3194 3832 3264; x_wconf 75' lang='lat' dir='ltr'><strong>implens,</strong></span> 
     </span>
    </p>
   </div>
   <div class='ocr_carea' id='block_1_63' title="bbox 420 3277 2066 3366">
    <p class='ocr_par' dir='ltr' id='par_1_63' title="bbox 420 3277 2066 3356">
     <span class='ocr_line' id='line_1_64' title="bbox 420 3277 2066 3356; baseline -0.002 -22"><span class='ocrx_word' id='word_1_420' title='bbox 420 3281 778 3352; x_wconf 76' lang='grc' dir='ltr'>μαθήτευσον.</span> <span class='ocrx_word' id='word_1_421' title='bbox 812 3281 988 3356; x_wconf 76' lang='grc' dir='ltr'>Ἀρχή</span> <span class='ocrx_word' id='word_1_422' title='bbox 1025 3301 1108 3334; x_wconf 91' lang='grc' dir='ltr'><strong>σοι</strong></span> <span class='ocrx_word' id='word_1_423' title='bbox 1141 3279 1228 3333; x_wconf 87' lang='grc' dir='ltr'><strong>καὶ</strong></span> <span class='ocrx_word' id='word_1_424' title='bbox 1261 3277 1416 3340; x_wconf 71' lang='grc' dir='ltr'>τέλος</span> <span class='ocrx_word' id='word_1_425' title='bbox 1447 3284 1555 3333; x_wconf 87' lang='grc' dir='ltr'><strong>τῶν</strong></span> <span class='ocrx_word' id='word_1_426' title='bbox 1584 3278 1800 3353; x_wconf 79' lang='grc' dir='ltr'>ἀγαθῶν</span> <span class='ocrx_word' id='word_1_427' title='bbox 1830 3282 1863 3348; x_wconf 78' lang='grc' dir='ltr'>ἡ</span> <span class='ocrx_word' id='word_1_428' title='bbox 1887 3299 2066 3334; x_wconf 84' lang='grc' dir='ltr'>ταπει-</span> 
     </span>
    </p>
   </div>
   <div class='ocr_carea' id='block_1_64' title="bbox 2184 3277 3837 3366">
    <p class='ocr_par' dir='ltr' id='par_1_64' title="bbox 2184 3281 3837 3352">
     <span class='ocr_line' id='line_1_65' title="bbox 2184 3281 3837 3352; baseline 0.001 -18"><span class='ocrx_word' id='word_1_429' title='bbox 2184 3299 2281 3336; x_wconf 86' lang='lat' dir='ltr'><strong>seu</strong></span> <span class='ocrx_word' id='word_1_430' title='bbox 2317 3282 2674 3343; x_wconf 84' lang='lat' dir='ltr'><strong>incarnatus,</strong></span> <span class='ocrx_word' id='word_1_431' title='bbox 2709 3297 2834 3335; x_wconf 86' lang='lat' dir='ltr'><strong>eam</strong></span> <span class='ocrx_word' id='word_1_432' title='bbox 2871 3281 3082 3334; x_wconf 84' lang='lat' dir='ltr'><strong>induit.</strong></span> <span class='ocrx_word' id='word_1_433' title='bbox 3117 3281 3207 3335; x_wconf 80' lang='lat' dir='ltr'><strong>Ait</strong></span> <span class='ocrx_word' id='word_1_434' title='bbox 3253 3281 3467 3352; x_wconf 89' lang='lat' dir='ltr'><strong>quippe</strong></span> <span class='ocrx_word' id='word_1_435' title='bbox 3503 3299 3513 3336; x_wconf 95' lang='lat'>:</span> <span class='ocrx_word' id='word_1_436' title='bbox 3551 3283 3746 3338; x_wconf 71' lang='lat' dir='ltr'><strong>Discite</strong></span> <span class='ocrx_word' id='word_1_437' title='bbox 3803 3301 3837 3335; x_wconf 80' lang='grc' dir='ltr'>(ι</span> 
     </span>
    </p>
   </div>
   <div class='ocr_carea' id='block_1_65' title="bbox 415 3365 2064 3443">
    <p class='ocr_par' dir='ltr' id='par_1_65' title="bbox 415 3365 2064 3443">
     <span class='ocr_line' id='line_1_66' title="bbox 415 3365 2064 3443; baseline -0.002 -21"><span class='ocrx_word' id='word_1_438' title='bbox 415 3387 569 3424; x_wconf 87' lang='grc' dir='ltr'>σατο.</span> <span class='ocrx_word' id='word_1_439' title='bbox 605 3368 750 3438; x_wconf 81' lang='grc' dir='ltr'>Φησὶ</span> <span class='ocrx_word' id='word_1_440' title='bbox 792 3367 914 3443; x_wconf 80' lang='grc' dir='ltr'>γάρ’</span> <span class='ocrx_word' id='word_1_441' title='bbox 963 3369 1171 3430; x_wconf 80' lang='grc' dir='ltr'>Μάθετε</span> <span class='ocrx_word' id='word_1_442' title='bbox 1220 3368 1309 3421; x_wconf 89' lang='grc' dir='ltr'>ἀπ’</span> <span class='ocrx_word' id='word_1_443' title='bbox 1362 3366 1520 3438; x_wconf 84' lang='grc' dir='ltr'>ἐμοῦ,</span> <span class='ocrx_word' id='word_1_444' title='bbox 1579 3366 1659 3420; x_wconf 81' lang='grc' dir='ltr'><strong>ὅτι</strong></span> <span class='ocrx_word' id='word_1_445' title='bbox 1718 3367 1889 3442; x_wconf 85' lang='grc' dir='ltr'>πρᾶός</span> <span class='ocrx_word' id='word_1_446' title='bbox 1953 3365 2064 3438; x_wconf 80' lang='grc' dir='ltr'>εἰμι</span> 
     </span>
    </p>
   </div>
   <div class='ocr_carea' id='block_1_66' title="bbox 413 3453 2065 3531">
    <p class='ocr_par' dir='ltr' id='par_1_66' title="bbox 413 3453 2065 3531">
     <span class='ocr_line' id='line_1_67' title="bbox 413 3453 2065 3531; baseline -0.001 -21"><span class='ocrx_word' id='word_1_447' title='bbox 413 3457 501 3510; x_wconf 83' lang='grc' dir='ltr'><strong>καὶ</strong></span> <span class='ocrx_word' id='word_1_448' title='bbox 531 3458 782 3517; x_wconf 86' lang='grc' dir='ltr'>ταπεινὸς</span> <span class='ocrx_word' id='word_1_449' title='bbox 813 3461 881 3529; x_wconf 81' lang='grc' dir='ltr'>τῇ</span> <span class='ocrx_word' id='word_1_450' title='bbox 914 3454 1126 3531; x_wconf 74' lang='grc' dir='ltr'>καρδίᾳ.</span> <span class='ocrx_word' id='word_1_451' title='bbox 1175 3459 1314 3529; x_wconf 76' lang='grc' dir='ltr'>’Όρα</span> <span class='ocrx_word' id='word_1_452' title='bbox 1372 3455 1452 3517; x_wconf 91' lang='grc' dir='ltr'><strong>τίς</strong></span> <span class='ocrx_word' id='word_1_453' title='bbox 1511 3457 1539 3509; x_wconf 89' lang='grc' dir='ltr'>ὁ</span> <span class='ocrx_word' id='word_1_454' title='bbox 1591 3455 1786 3530; x_wconf 73' lang='grc' dir='ltr'>λέγων,</span> <span class='ocrx_word' id='word_1_455' title='bbox 1842 3453 2065 3516; x_wconf 86' lang='grc' dir='ltr'>τελείως</span> 
     </span>
    </p>
   </div>
   <div class='ocr_carea' id='block_1_67' title="bbox 412 3540 2064 3622">
    <p class='ocr_par' dir='ltr' id='par_1_67' title="bbox 412 3540 2064 3622">
     <span class='ocr_line' id='line_1_68' title="bbox 412 3540 2064 3622; baseline -0.001 -25"><span class='ocrx_word' id='word_1_456' title='bbox 412 3546 720 3622; x_wconf 87' lang='grc' dir='ltr'>νοφροσύνη</span> <span class='ocrx_word' id='word_1_457' title='bbox 751 3542 997 3620; x_wconf 72' lang='grc' dir='ltr'>γινέσθω.</span> <span class='ocrx_word' id='word_1_458' title='bbox 1051 3540 1323 3620; x_wconf 82' lang='grc' dir='ltr'>Φρόνησιν</span> <span class='ocrx_word' id='word_1_459' title='bbox 1372 3543 1515 3620; x_wconf 73' lang='grc' dir='ltr'>λέγω</span> <span class='ocrx_word' id='word_1_460' title='bbox 1559 3543 1754 3618; x_wconf 75' lang='grc' dir='ltr'>[λέγει]</span> <span class='ocrx_word' id='word_1_461' title='bbox 1784 3545 2064 3611; x_wconf 72' lang='grc' dir='ltr'>ταπεινήν,</span> 
     </span>
    </p>
   </div>
   <div class='ocr_carea' id='block_1_68' title="bbox 412 3632 2066 3710">
    <p class='ocr_par' dir='ltr' id='par_1_68' title="bbox 412 3632 2066 3710">
     <span class='ocr_line' id='line_1_69' title="bbox 412 3632 2066 3710; baseline -0.001 -23"><span class='ocrx_word' id='word_1_462' title='bbox 412 3633 473 3687; x_wconf 81' lang='grc' dir='ltr'><strong>οὐ</strong></span> <span class='ocrx_word' id='word_1_463' title='bbox 506 3637 698 3710; x_wconf 75' lang='grc' dir='ltr'>σχῆμα</span> <span class='ocrx_word' id='word_1_464' title='bbox 732 3633 918 3707; x_wconf 86' lang='grc' dir='ltr'>μόνον,</span> <span class='ocrx_word' id='word_1_465' title='bbox 950 3635 1040 3688; x_wconf 89' lang='grc' dir='ltr'>τὸν</span> <span class='ocrx_word' id='word_1_466' title='bbox 1075 3632 1222 3695; x_wconf 78' lang='grc' dir='ltr'>ἰντὸς</span> <span class='ocrx_word' id='word_1_467' title='bbox 1254 3632 1538 3709; x_wconf 77' lang='grc' dir='ltr'>ἄνθρωπον</span> <span class='ocrx_word' id='word_1_468' title='bbox 1569 3632 1877 3687; x_wconf 80' lang='grc' dir='ltr'>αἰνίττεται·</span> <span class='ocrx_word' id='word_1_469' title='bbox 1930 3633 2066 3686; x_wconf 83' lang='grc' dir='ltr'>ἀκο-</span> 
     </span>
    </p>
   </div>
   <div class='ocr_carea' id='block_1_69' title="bbox 413 3720 2066 3798">
    <p class='ocr_par' dir='ltr' id='par_1_69' title="bbox 413 3720 2066 3798">
     <span class='ocr_line' id='line_1_70' title="bbox 413 3720 2066 3798; baseline -0.002 -20"><span class='ocrx_word' id='word_1_470' title='bbox 413 3721 670 3793; x_wconf 79' lang='grc' dir='ltr'>λουθήσει</span> <span class='ocrx_word' id='word_1_471' title='bbox 701 3723 804 3798; x_wconf 75' lang='grc' dir='ltr'>γὰρ</span> <span class='ocrx_word' id='word_1_472' title='bbox 835 3721 1014 3794; x_wconf 83' lang='grc' dir='ltr'>τούτῳ</span> <span class='ocrx_word' id='word_1_473' title='bbox 1042 3723 1185 3777; x_wconf 84' lang='grc' dir='ltr'><strong>καὶὸ</strong></span> <span class='ocrx_word' id='word_1_474' title='bbox 1234 3721 1411 3784; x_wconf 81' lang='grc' dir='ltr'>ἐκτός.</span> <span class='ocrx_word' id='word_1_475' title='bbox 1471 3723 1650 3784; x_wconf 80' lang='grc' dir='ltr'>Πάσας</span> <span class='ocrx_word' id='word_1_476' title='bbox 1698 3722 1790 3783; x_wconf 75' lang='grc' dir='ltr'>τὰς</span> <span class='ocrx_word' id='word_1_477' title='bbox 1844 3720 2066 3784; x_wconf 70' lang='grc' dir='ltr'>ἐντολὰς</span> 
     </span>
    </p>
   </div>
   <div class='ocr_carea' id='block_1_70' title="bbox 414 3809 2067 3885">
    <p class='ocr_par' dir='ltr' id='par_1_70' title="bbox 414 3809 2067 3885">
     <span class='ocr_line' id='line_1_71' title="bbox 414 3809 2067 3885; baseline -0.001 -19"><span class='ocrx_word' id='word_1_478' title='bbox 414 3811 760 3881; x_wconf 85' lang='grc' dir='ltr'>πεποίηκας;</span> <span class='ocrx_word' id='word_1_479' title='bbox 793 3809 953 3869; x_wconf 79' lang='grc' dir='ltr'>Οἶδεν</span> <span class='ocrx_word' id='word_1_480' title='bbox 983 3813 1010 3866; x_wconf 81' lang='lat'><strong>6</strong></span> <span class='ocrx_word' id='word_1_481' title='bbox 1061 3811 1275 3885; x_wconf 81' lang='grc' dir='ltr'>Κύριος·</span> <span class='ocrx_word' id='word_1_482' title='bbox 1315 3810 1442 3866; x_wconf 86' lang='grc' dir='ltr'>ἀλλ’</span> <span class='ocrx_word' id='word_1_483' title='bbox 1474 3810 1632 3871; x_wconf 85' lang='grc' dir='ltr'>αὐτός</span> <span class='ocrx_word' id='word_1_484' title='bbox 1681 3831 1766 3864; x_wconf 91' lang='grc' dir='ltr'><strong>σοι</strong></span> <span class='ocrx_word' id='word_1_485' title='bbox 1825 3809 2067 3866; x_wconf 76' lang='grc' dir='ltr'>ἐντέλλε-</span> 
     </span>
    </p>
   </div>
   <div class='ocr_carea' id='block_1_71' title="bbox 411 3893 2062 3978">
    <p class='ocr_par' dir='ltr' id='par_1_71' title="bbox 411 3893 2062 3978">
     <span class='ocr_line' id='line_1_72' title="bbox 411 3893 2062 3978; baseline -0.007 -22"><span class='ocrx_word' id='word_1_486' title='bbox 411 3922 500 3956; x_wconf 91' lang='grc' dir='ltr'><strong>ται</strong></span> <span class='ocrx_word' id='word_1_487' title='bbox 556 3901 719 3956; x_wconf 75' lang='grc' dir='ltr'>πάλιν</span> <span class='ocrx_word' id='word_1_488' title='bbox 784 3902 963 3978; x_wconf 79' lang='grc' dir='ltr'>ἀρχὴν</span> <span class='ocrx_word' id='word_1_489' title='bbox 1041 3896 1291 3960; x_wconf 85' lang='grc' dir='ltr'>δουλείας</span> <span class='ocrx_word' id='word_1_490' title='bbox 1366 3893 1688 3972; x_wconf 76' lang='grc' dir='ltr'>λαμϐάνεινσ</span> <span class='ocrx_word' id='word_1_491' title='bbox 1748 3899 1880 3975; x_wconf 82' lang='grc' dir='ltr'>φησὶ</span> <span class='ocrx_word' id='word_1_492' title='bbox 1939 3898 2062 3974; x_wconf 79' lang='grc' dir='ltr'>γάρ·</span> 
     </span>
    </p>
   </div>
   <div class='ocr_carea' id='block_1_72' title="bbox 413 3984 2063 4062">
    <p class='ocr_par' dir='ltr' id='par_1_72' title="bbox 413 3984 2063 4062">
     <span class='ocr_line' id='line_1_73' title="bbox 413 3984 2063 4062; baseline -0.002 -18"><span class='ocrx_word' id='word_1_493' title='bbox 413 3993 573 4046; x_wconf 87' lang='grc' dir='ltr'>Ὅταν</span> <span class='ocrx_word' id='word_1_494' title='bbox 651 3991 824 4045; x_wconf 80' lang='grc' dir='ltr'>πάντα</span> <span class='ocrx_word' id='word_1_495' title='bbox 904 3990 1193 4059; x_wconf 79' lang='grc' dir='ltr'>ποιήσητε,</span> <span class='ocrx_word' id='word_1_496' title='bbox 1275 3984 1476 4042; x_wconf 73' lang='grc' dir='ltr'>εἷ’πατεο</span> <span class='ocrx_word' id='word_1_497' title='bbox 1571 3985 1768 4042; x_wconf 86' lang='grc' dir='ltr'>Δοῦλοι</span> <span class='ocrx_word' id='word_1_498' title='bbox 1847 3985 2063 4062; x_wconf 88' lang='grc' dir='ltr'>ἀχρεῖοι</span> 
     </span>
    </p>
   </div>
   <div class='ocr_carea' id='block_1_73' title="bbox 415 4077 592 4152">
    <p class='ocr_par' dir='ltr' id='par_1_73' title="bbox 415 4077 592 4152">
     <span class='ocr_line' id='line_1_74' title="bbox 415 4077 592 4152; baseline 0.017 -20"><span class='ocrx_word' id='word_1_499' title='bbox 415 4077 592 4152; x_wconf 81' lang='grc' dir='ltr'>ἐσμεν.</span> 
     </span>
    </p>
   </div>
   <div class='ocr_carea' id='block_1_74' title="bbox 478 4188 2064 4271">
    <p class='ocr_par' dir='ltr' id='par_1_74' title="bbox 478 4188 2064 4271">
     <span class='ocr_line' id='line_1_75' title="bbox 478 4188 2064 4271; baseline -0.006 -18"><span class='ocrx_word' id='word_1_500' title='bbox 478 4198 568 4252; x_wconf 87' lang='grc'><strong>58.</strong></span> <span class='ocrx_word' id='word_1_501' title='bbox 604 4196 667 4253; x_wconf 83' lang='grc' dir='ltr'><em>Ἡ</em></span> <span class='ocrx_word' id='word_1_502' title='bbox 707 4191 797 4250; x_wconf 76' lang='grc' dir='ltr'><strong>οὖν</strong></span> <span class='ocrx_word' id='word_1_503' title='bbox 854 4191 1322 4271; x_wconf 77' lang='grc' dir='ltr'>ταπεινοφροσύνῃ</span> <span class='ocrx_word' id='word_1_504' title='bbox 1381 4195 1743 4267; x_wconf 78' lang='grc' dir='ltr'>κατορθοῦται</span> <span class='ocrx_word' id='word_1_505' title='bbox 1802 4188 1873 4246; x_wconf 84' lang='grc' dir='ltr'>δι’</span> <span class='ocrx_word' id='word_1_506' title='bbox 1930 4191 2064 4246; x_wconf 83' lang='grc' dir='ltr'>ὀνει-</span> 
     </span>
    </p>
   </div>
   <div class='ocr_carea' id='block_1_75' title="bbox 410 4277 2061 4358">
    <p class='ocr_par' dir='ltr' id='par_1_75' title="bbox 410 4277 2061 4358">
     <span class='ocr_line' id='line_1_76' title="bbox 410 4277 2061 4358; baseline -0.004 -18"><span class='ocrx_word' id='word_1_507' title='bbox 410 4282 644 4358; x_wconf 81' lang='grc' dir='ltr'>δισμῶν,</span> <span class='ocrx_word' id='word_1_508' title='bbox 722 4280 792 4338; x_wconf 87' lang='grc' dir='ltr'>δι’</span> <span class='ocrx_word' id='word_1_509' title='bbox 868 4277 1098 4356; x_wconf 75' lang='grc' dir='ltr'>ὕϐρεων,</span> <span class='ocrx_word' id='word_1_510' title='bbox 1175 4278 1264 4336; x_wconf 79' lang='grc' dir='ltr'>διὰ</span> <span class='ocrx_word' id='word_1_511' title='bbox 1340 4279 1586 4356; x_wconf 82' lang='grc' dir='ltr'>πληγῶν·</span> <span class='ocrx_word' id='word_1_512' title='bbox 1670 4279 1762 4334; x_wconf 72' lang='grc' dir='ltr'>’ίνα</span> <span class='ocrx_word' id='word_1_513' title='bbox 1833 4279 2061 4354; x_wconf 74' lang='grc' dir='ltr'>ἀκούσῃς</span> 
     </span>
    </p>
   </div>
   <div class='ocr_carea' id='block_1_76' title="bbox 411 4369 2059 4452">
    <p class='ocr_par' dir='ltr' id='par_1_76' title="bbox 411 4369 2059 4452">
     <span class='ocr_line' id='line_1_77' title="bbox 411 4369 2059 4452; baseline -0.004 -22"><span class='ocrx_word' id='word_1_514' title='bbox 411 4373 598 4452; x_wconf 80' lang='grc' dir='ltr'>ἄφρων</span> <span class='ocrx_word' id='word_1_515' title='bbox 653 4372 744 4428; x_wconf 84' lang='grc' dir='ltr'><strong>καὶ</strong></span> <span class='ocrx_word' id='word_1_516' title='bbox 804 4371 1012 4447; x_wconf 89' lang='grc' dir='ltr'>μωρὸς.</span> <span class='ocrx_word' id='word_1_517' title='bbox 1071 4371 1239 4441; x_wconf 68' lang='grc' dir='ltr'>πένης</span> <span class='ocrx_word' id='word_1_518' title='bbox 1279 4371 1368 4425; x_wconf 80' lang='grc' dir='ltr'><strong>καὶ</strong></span> <span class='ocrx_word' id='word_1_519' title='bbox 1417 4370 1665 4446; x_wconf 84' lang='grc' dir='ltr'>πτωχὸς,</span> <span class='ocrx_word' id='word_1_520' title='bbox 1697 4369 1920 4438; x_wconf 79' lang='grc' dir='ltr'>ἀσθενὴς</span> <span class='ocrx_word' id='word_1_521' title='bbox 1971 4370 2059 4425; x_wconf 87' lang='grc' dir='ltr'><strong>καὶ</strong></span> 
     </span>
    </p>
   </div>
   <div class='ocr_carea' id='block_1_77' title="bbox 409 4456 2057 4535">
    <p class='ocr_par' dir='ltr' id='par_1_77' title="bbox 409 4456 2057 4535">
     <span class='ocr_line' id='line_1_78' title="bbox 409 4456 2057 4535; baseline -0.004 -17"><span class='ocrx_word' id='word_1_522' title='bbox 409 4461 656 4530; x_wconf 78' lang='grc' dir='ltr'>εὐτελὴς,</span> <span class='ocrx_word' id='word_1_523' title='bbox 713 4460 1046 4534; x_wconf 82' lang='grc' dir='ltr'>ἀπρόκοπος,</span> <span class='ocrx_word' id='word_1_524' title='bbox 1106 4459 1157 4514; x_wconf 82' lang='grc' dir='ltr'>ἐν</span> <span class='ocrx_word' id='word_1_525' title='bbox 1219 4456 1423 4534; x_wconf 78' lang='grc' dir='ltr'>ἔργοις,</span> <span class='ocrx_word' id='word_1_526' title='bbox 1456 4457 1654 4535; x_wconf 76' lang='grc' dir='ltr'>ἄλογος</span> <span class='ocrx_word' id='word_1_527' title='bbox 1702 4457 1754 4514; x_wconf 74' lang='grc' dir='ltr'><strong>ἐν</strong></span> <span class='ocrx_word' id='word_1_528' title='bbox 1787 4464 2057 4534; x_wconf 80' lang='grc' dir='ltr'>προφορᾷ,</span> 
     </span>
    </p>
   </div>
   <div class='ocr_carea' id='block_1_78' title="bbox 410 4545 2060 4624">
    <p class='ocr_par' dir='ltr' id='par_1_78' title="bbox 410 4545 2060 4624">
     <span class='ocr_line' id='line_1_79' title="bbox 410 4545 2060 4624; baseline -0.002 -18"><span class='ocrx_word' id='word_1_529' title='bbox 410 4549 606 4624; x_wconf 75' lang='grc' dir='ltr'>ἄτιμος</span> <span class='ocrx_word' id='word_1_530' title='bbox 660 4549 711 4606; x_wconf 68' lang='grc' dir='ltr'>ἐν</span> <span class='ocrx_word' id='word_1_531' title='bbox 766 4547 918 4618; x_wconf 75' lang='grc' dir='ltr'>εἶ’δει,</span> <span class='ocrx_word' id='word_1_532' title='bbox 967 4551 1194 4619; x_wconf 79' lang='grc' dir='ltr'>ἀσθενὴς</span> <span class='ocrx_word' id='word_1_533' title='bbox 1248 4548 1300 4603; x_wconf 79' lang='grc' dir='ltr'>ἐν</span> <span class='ocrx_word' id='word_1_534' title='bbox 1353 4545 1600 4620; x_wconf 80' lang='grc' dir='ltr'>δυνάμει.</span> <span class='ocrx_word' id='word_1_535' title='bbox 1630 4553 1805 4602; x_wconf 88' lang='grc' dir='ltr'>Ταῦτα</span> <span class='ocrx_word' id='word_1_536' title='bbox 1831 4555 1931 4618; x_wconf 84' lang='grc' dir='ltr'>τῆς</span> <span class='ocrx_word' id='word_1_537' title='bbox 1961 4569 2060 4603; x_wconf 89' lang='grc' dir='ltr'>τα-</span> 
     </span>
    </p>
   </div>
   <div class='ocr_carea' id='block_1_79' title="bbox 409 4635 2061 4719">
    <p class='ocr_par' dir='ltr' id='par_1_79' title="bbox 409 4635 2061 4719">
     <span class='ocr_line' id='line_1_80' title="bbox 409 4635 2061 4719; baseline -0.002 -24"><span class='ocrx_word' id='word_1_538' title='bbox 409 4638 841 4719; x_wconf 85' lang='grc' dir='ltr'>πεινοφροσύνης</span> <span class='ocrx_word' id='word_1_539' title='bbox 871 4639 936 4694; x_wconf 76' lang='grc' dir='ltr'>τὰ</span> <span class='ocrx_word' id='word_1_540' title='bbox 966 4643 1147 4715; x_wconf 83' lang='grc' dir='ltr'>νεῦρα.</span> <span class='ocrx_word' id='word_1_541' title='bbox 1181 4641 1358 4694; x_wconf 86' lang='grc' dir='ltr'>Ταῦτα</span> <span class='ocrx_word' id='word_1_542' title='bbox 1379 4639 1408 4693; x_wconf 89' lang='lat'><strong>6</strong></span> <span class='ocrx_word' id='word_1_543' title='bbox 1439 4637 1634 4713; x_wconf 82' lang='grc' dir='ltr'>Κύριος</span> <span class='ocrx_word' id='word_1_544' title='bbox 1669 4641 1702 4707; x_wconf 73' lang='grc' dir='ltr'><strong>ἡ</strong></span> <span class='ocrx_word' id='word_1_545' title='bbox 1714 4639 1828 4710; x_wconf 82' lang='grc' dir='ltr'><strong>μῶν</strong></span> <span class='ocrx_word' id='word_1_546' title='bbox 1860 4635 2061 4707; x_wconf 78' lang='grc' dir='ltr'>ἤκουσε</span> 
     </span>
    </p>
   </div>
   <div class='ocr_carea' id='block_1_80' title="bbox 413 4724 2062 4803">
    <p class='ocr_par' dir='ltr' id='par_1_80' title="bbox 413 4724 2062 4803">
     <span class='ocr_line' id='line_1_81' title="bbox 413 4724 2062 4803; baseline -0.002 -17"><span class='ocrx_word' id='word_1_547' title='bbox 413 4730 501 4786; x_wconf 83' lang='grc' dir='ltr'><strong>καὶ</strong></span> <span class='ocrx_word' id='word_1_548' title='bbox 535 4730 783 4786; x_wconf 74' lang='grc' dir='ltr'>πέπονθε.</span> <span class='ocrx_word' id='word_1_549' title='bbox 847 4728 1188 4803; x_wconf 85' lang='grc' dir='ltr'>Σαμαρείτην</span> <span class='ocrx_word' id='word_1_550' title='bbox 1246 4727 1349 4803; x_wconf 79' lang='grc' dir='ltr'>γὰρ</span> <span class='ocrx_word' id='word_1_551' title='bbox 1378 4726 1538 4782; x_wconf 82' lang='grc' dir='ltr'>αὐτὸν</span> <span class='ocrx_word' id='word_1_552' title='bbox 1573 4727 1723 4782; x_wconf 82' lang='grc' dir='ltr'>εἶπαν</span> <span class='ocrx_word' id='word_1_553' title='bbox 1752 4727 1840 4782; x_wconf 81' lang='grc' dir='ltr'><strong>καὶ</strong></span> <span class='ocrx_word' id='word_1_554' title='bbox 1873 4724 2062 4800; x_wconf 83' lang='grc' dir='ltr'>δαιμό-</span> 
     </span>
    </p>
   </div>
   <div class='ocr_carea' id='block_1_81' title="bbox 411 4813 2060 4894">
    <p class='ocr_par' dir='ltr' id='par_1_81' title="bbox 411 4813 2060 4894">
     <span class='ocr_line' id='line_1_82' title="bbox 411 4813 2060 4894; baseline -0.002 -20"><span class='ocrx_word' id='word_1_555' title='bbox 411 4841 521 4875; x_wconf 89' lang='grc' dir='ltr'>νιον</span> <span class='ocrx_word' id='word_1_556' title='bbox 571 4815 788 4894; x_wconf 82' lang='grc' dir='ltr'>ἔχοντα.</span> <span class='ocrx_word' id='word_1_557' title='bbox 842 4815 1050 4872; x_wconf 86' lang='grc' dir='ltr'>Δούλου</span> <span class='ocrx_word' id='word_1_558' title='bbox 1112 4816 1328 4893; x_wconf 78' lang='grc' dir='ltr'>μορφὴν</span> <span class='ocrx_word' id='word_1_559' title='bbox 1387 4813 1702 4893; x_wconf 81' lang='grc' dir='ltr'>ἀνείληφεν,</span> <span class='ocrx_word' id='word_1_560' title='bbox 1778 4815 2060 4891; x_wconf 81' lang='grc' dir='ltr'>ἐραπίσθη,</span> 
     </span>
    </p>
   </div>
   <div class='ocr_carea' id='block_1_82' title="bbox 411 4907 909 4983">
    <p class='ocr_par' dir='ltr' id='par_1_82' title="bbox 411 4907 909 4983">
     <span class='ocr_line' id='line_1_83' title="bbox 411 4907 909 4983; baseline -0.004 -19"><span class='ocrx_word' id='word_1_561' title='bbox 411 4907 656 4983; x_wconf 85' lang='grc' dir='ltr'>πληγαῖς</span> <span class='ocrx_word' id='word_1_562' title='bbox 686 4907 909 4981; x_wconf 72' lang='grc' dir='ltr'>ᾐκίσθη.</span> 
     </span>
    </p>
   </div>
   <div class='ocr_carea' id='block_1_83' title="bbox 479 5019 2058 5094">
    <p class='ocr_par' dir='ltr' id='par_1_83' title="bbox 479 5019 2058 5094">
     <span class='ocr_line' id='line_1_84' title="bbox 479 5019 2058 5094; baseline -0.003 -14"><span class='ocrx_word' id='word_1_563' title='bbox 479 5025 571 5080; x_wconf 82' lang='grc'>59.</span> <span class='ocrx_word' id='word_1_564' title='bbox 609 5027 700 5078; x_wconf 83' lang='grc' dir='ltr'>Δεῖ</span> <span class='ocrx_word' id='word_1_565' title='bbox 748 5019 841 5076; x_wconf 79' lang='grc' dir='ltr'><strong>οῦν</strong></span> <span class='ocrx_word' id='word_1_566' title='bbox 894 5021 983 5076; x_wconf 82' lang='grc' dir='ltr'><strong>καὶ</strong></span> <span class='ocrx_word' id='word_1_567' title='bbox 1041 5023 1188 5093; x_wconf 78' lang='grc' dir='ltr'>ἡμᾶς</span> <span class='ocrx_word' id='word_1_568' title='bbox 1253 5022 1531 5094; x_wconf 87' lang='grc' dir='ltr'>μιμεῖσθαι</span> <span class='ocrx_word' id='word_1_569' title='bbox 1589 5022 1688 5089; x_wconf 80' lang='grc' dir='ltr'>τήν</span> <span class='ocrx_word' id='word_1_570' title='bbox 1750 5019 2058 5094; x_wconf 79' lang='grc' dir='ltr'>ἔμπρακτον</span> 
     </span>
    </p>
   </div>
   <div class='ocr_carea' id='block_1_84' title="bbox 403 5108 2060 5188">
    <p class='ocr_par' dir='ltr' id='par_1_84' title="bbox 403 5108 2060 5188">
     <span class='ocr_line' id='line_1_85' title="bbox 403 5108 2060 5188; baseline -0.002 -21"><span class='ocrx_word' id='word_1_571' title='bbox 403 5111 603 5182; x_wconf 88' lang='grc' dir='ltr'>ταύτην</span> <span class='ocrx_word' id='word_1_572' title='bbox 662 5110 1185 5188; x_wconf 79' lang='grc' dir='ltr'>ταπεινοφροσύνην.</span> <span class='ocrx_word' id='word_1_573' title='bbox 1234 5109 1352 5164; x_wconf 79' lang='grc' dir='ltr'>Εἷ“σὶ</span> <span class='ocrx_word' id='word_1_574' title='bbox 1415 5109 1508 5182; x_wconf 78' lang='grc' dir='ltr'>μὶν</span> <span class='ocrx_word' id='word_1_575' title='bbox 1551 5108 1641 5162; x_wconf 78' lang='grc' dir='ltr'><strong>οὖν</strong></span> <span class='ocrx_word' id='word_1_576' title='bbox 1674 5131 1814 5171; x_wconf 89' lang='grc' dir='ltr'>τινες</span> <span class='ocrx_word' id='word_1_577' title='bbox 1842 5110 1930 5163; x_wconf 83' lang='grc' dir='ltr'><strong>καὶ</strong></span> <span class='ocrx_word' id='word_1_578' title='bbox 1973 5108 2060 5164; x_wconf 77' lang='grc' dir='ltr'>διὰ</span> 
     </span>
    </p>
   </div>
   <div class='ocr_carea' id='block_1_85' title="bbox 402 5199 2055 5275">
    <p class='ocr_par' dir='ltr' id='par_1_85' title="bbox 402 5199 2055 5275">
     <span class='ocr_line' id='line_1_86' title="bbox 402 5199 2055 5275; baseline -0.001 -19"><span class='ocrx_word' id='word_1_579' title='bbox 402 5206 509 5256; x_wconf 86' lang='grc' dir='ltr'><strong>τῶν</strong></span> <span class='ocrx_word' id='word_1_580' title='bbox 544 5201 696 5262; x_wconf 82' lang='grc' dir='ltr'>ἐκτὸς</span> <span class='ocrx_word' id='word_1_581' title='bbox 729 5202 1030 5275; x_wconf 83' lang='grc' dir='ltr'>σχημάτων</span> <span class='ocrx_word' id='word_1_582' title='bbox 1068 5199 1508 5273; x_wconf 81' lang='grc' dir='ltr'>ὑποκρινόμενοι,</span> <span class='ocrx_word' id='word_1_583' title='bbox 1540 5200 1628 5253; x_wconf 85' lang='grc' dir='ltr'><strong>καὶ</strong></span> <span class='ocrx_word' id='word_1_584' title='bbox 1676 5204 2055 5260; x_wconf 86' lang='grc' dir='ltr'>ταπτινοῦντες</span> 
     </span>
    </p>
   </div>
   <div class='ocr_carea' id='block_1_86' title="bbox 407 5286 2054 5363">
    <p class='ocr_par' dir='ltr' id='par_1_86' title="bbox 407 5286 2054 5363">
     <span class='ocr_line' id='line_1_87' title="bbox 407 5286 2054 5363; baseline -0.002 -18"><span class='ocrx_word' id='word_1_585' title='bbox 407 5290 650 5358; x_wconf 72' lang='grc' dir='ltr'>ἑαυτοὺς,</span> <span class='ocrx_word' id='word_1_586' title='bbox 683 5290 832 5362; x_wconf 85' lang='grc' dir='ltr'>αὐτῷ</span> <span class='ocrx_word' id='word_1_587' title='bbox 860 5289 1040 5360; x_wconf 87' lang='grc' dir='ltr'>τούτῳ</span> <span class='ocrx_word' id='word_1_588' title='bbox 1071 5286 1224 5358; x_wconf 82' lang='grc' dir='ltr'>δόξαν</span> <span class='ocrx_word' id='word_1_589' title='bbox 1278 5290 1610 5363; x_wconf 81' lang='grc' dir='ltr'>θηρώμενοι·</span> <span class='ocrx_word' id='word_1_590' title='bbox 1661 5287 1788 5343; x_wconf 80' lang='grc' dir='ltr'>ἀλλ’</span> <span class='ocrx_word' id='word_1_591' title='bbox 1842 5289 1900 5342; x_wconf 85' lang='grc' dir='ltr'>ἐκ</span> <span class='ocrx_word' id='word_1_592' title='bbox 1947 5293 2054 5342; x_wconf 86' lang='grc' dir='ltr'><strong>τῶν</strong></span> 
     </span>
    </p>
   </div>
   <div class='ocr_carea' id='block_1_87' title="bbox 407 5372 2054 5456">
    <p class='ocr_par' dir='ltr' id='par_1_87' title="bbox 407 5372 2054 5456">
     <span class='ocr_line' id='line_1_88' title="bbox 407 5372 2054 5456; baseline -0.003 -21"><span class='ocrx_word' id='word_1_593' title='bbox 407 5384 627 5456; x_wconf 85' lang='grc' dir='ltr'>καρπῶν</span> <span class='ocrx_word' id='word_1_594' title='bbox 679 5377 1144 5454; x_wconf 71' lang='grc' dir='ltr'>ἐπιγινώσκονται·</span> <span class='ocrx_word' id='word_1_595' title='bbox 1206 5377 1297 5431; x_wconf 86' lang='grc' dir='ltr'><strong>καὶ</strong></span> <span class='ocrx_word' id='word_1_596' title='bbox 1357 5378 1459 5453; x_wconf 80' lang='grc' dir='ltr'><strong>γὰρ</strong></span> <span class='ocrx_word' id='word_1_597' title='bbox 1516 5377 1853 5438; x_wconf 78' lang='grc' dir='ltr'>ἐπιπολαίως</span> <span class='ocrx_word' id='word_1_598' title='bbox 1902 5372 2054 5451; x_wconf 75' lang='grc' dir='ltr'>ὑϐρι-</span> 
     </span>
    </p>
   </div>
   <div class='ocr_carea' id='block_1_88' title="bbox 485 5561 1390 5630">
    <p class='ocr_par' dir='ltr' id='par_1_88' title="bbox 485 5561 1390 5630">
     <span class='ocr_line' id='line_1_89' title="bbox 485 5561 1390 5630; baseline -0.007 -9"><span class='ocrx_word' id='word_1_599' title='bbox 485 5564 507 5620; x_wconf 91' lang='lat' dir='ltr'><strong>l</strong></span> <span class='ocrx_word' id='word_1_600' title='bbox 539 5564 687 5620; x_wconf 84' lang='lat' dir='ltr'><strong>Patr.</strong></span> <span class='ocrx_word' id='word_1_601' title='bbox 716 5579 769 5628; x_wconf 90' lang='lat' dir='ltr'><strong>v,</strong></span> <span class='ocrx_word' id='word_1_602' title='bbox 799 5563 854 5618; x_wconf 87' lang='lat'>5.</span> <span class='ocrx_word' id='word_1_603' title='bbox 935 5562 978 5598; x_wconf 77' lang='grc' dir='ltr'>ιο</span> <span class='ocrx_word' id='word_1_604' title='bbox 1009 5564 1152 5616; x_wconf 86' lang='lat' dir='ltr'><strong>Dan.</strong></span> <span class='ocrx_word' id='word_1_605' title='bbox 1185 5576 1268 5630; x_wconf 83' lang='grc' dir='ltr'>ιιι,</span> <span class='ocrx_word' id='word_1_606' title='bbox 1300 5561 1390 5615; x_wconf 85' lang='lat'><strong>87.</strong></span> 
     </span>
    </p>
   </div>
   <div class='ocr_carea' id='block_1_89' title="bbox 1471 5561 1972 5631">
    <p class='ocr_par' dir='ltr' id='par_1_89' title="bbox 1471 5561 1972 5631">
     <span class='ocr_line' id='line_1_90' title="bbox 1471 5561 1972 5631; baseline 0 -13"><span class='ocrx_word' id='word_1_607' title='bbox 1471 5564 1510 5597; x_wconf 84' lang='lat'>“</span> <span class='ocrx_word' id='word_1_608' title='bbox 1551 5561 1752 5618; x_wconf 83' lang='lat' dir='ltr'><strong>Matth.</strong></span> <span class='ocrx_word' id='word_1_609' title='bbox 1778 5579 1856 5631; x_wconf 78' lang='lat' dir='ltr'><strong>xl,</strong></span> <span class='ocrx_word' id='word_1_610' title='bbox 1886 5561 1972 5618; x_wconf 83' lang='lat'><strong>29.</strong></span> 
     </span>
    </p>
   </div>
   <div class='ocr_carea' id='block_1_90' title="bbox 485 5743 1826 5816">
    <p class='ocr_par' dir='ltr' id='par_1_90' title="bbox 485 5743 1826 5816">
     <span class='ocr_line' id='line_1_91' title="bbox 485 5743 1826 5816; baseline 0.003 -18"><span class='ocrx_word' id='word_1_611' title='bbox 485 5743 600 5816; x_wconf 87' lang='lat'><strong>(88)</strong></span> <span class='ocrx_word' id='word_1_612' title='bbox 636 5746 741 5803; x_wconf 72' lang='lat' dir='ltr'><strong>Vit.</strong></span> <span class='ocrx_word' id='word_1_613' title='bbox 770 5745 882 5802; x_wconf 84' lang='lat' dir='ltr'><strong>PP.</strong></span> <span class='ocrx_word' id='word_1_614' title='bbox 915 5743 954 5801; x_wconf 85' lang='grc' dir='ltr'><strong>ι.</strong></span> <span class='ocrx_word' id='word_1_615' title='bbox 985 5761 1041 5814; x_wconf 83' lang='grc' dir='ltr'><strong>ν,</strong></span> <span class='ocrx_word' id='word_1_616' title='bbox 1071 5743 1162 5816; x_wconf 77' lang='grc'><strong>45,</strong></span> <span class='ocrx_word' id='word_1_617' title='bbox 1195 5744 1282 5800; x_wconf 69' lang='grc'><strong>48.</strong></span> <span class='ocrx_word' id='word_1_618' title='bbox 1316 5743 1554 5802; x_wconf 88' lang='lat' dir='ltr'><strong>Doroth.</strong></span> <span class='ocrx_word' id='word_1_619' title='bbox 1587 5748 1740 5803; x_wconf 80' lang='lat' dir='ltr'><strong>Doct.</strong></span> <span class='ocrx_word' id='word_1_620' title='bbox 1774 5747 1826 5802; x_wconf 76' lang='grc'>4.</span> 
     </span>
    </p>
   </div>
   <div class='ocr_carea' id='block_1_91' title="bbox 2178 3369 3836 3442">
    <p class='ocr_par' dir='ltr' id='par_1_91' title="bbox 2178 3369 3836 3442">
     <span class='ocr_line' id='line_1_92' title="bbox 2178 3369 3836 3442; baseline 0.001 -18"><span class='ocrx_word' id='word_1_621' title='bbox 2178 3388 2265 3424; x_wconf 80' lang='lat' dir='ltr'><strong>me</strong></span> <span class='ocrx_word' id='word_1_622' title='bbox 2310 3373 2440 3440; x_wconf 80' lang='lat' dir='ltr'><strong>quia</strong></span> <span class='ocrx_word' id='word_1_623' title='bbox 2468 3372 2620 3424; x_wconf 74' lang='lat' dir='ltr'><strong>mitis</strong></span> <span class='ocrx_word' id='word_1_624' title='bbox 2650 3387 2771 3423; x_wconf 76' lang='lat' dir='ltr'><strong>sum</strong></span> <span class='ocrx_word' id='word_1_625' title='bbox 2801 3374 2849 3422; x_wconf 81' lang='lat' dir='ltr'><strong>et</strong></span> <span class='ocrx_word' id='word_1_626' title='bbox 2882 3371 3111 3424; x_wconf 66' lang='lat' dir='ltr'><strong>humilis</strong></span> <span class='ocrx_word' id='word_1_627' title='bbox 3140 3369 3298 3423; x_wconf 73' lang='lat' dir='ltr'><strong>corde</strong></span> <span class='ocrx_word' id='word_1_628' title='bbox 3331 3371 3390 3421; x_wconf 84' lang='lat'><strong>“.</strong></span> <span class='ocrx_word' id='word_1_629' title='bbox 3429 3373 3671 3426; x_wconf 84' lang='lat' dir='ltr'><strong>Attende</strong></span> <span class='ocrx_word' id='word_1_630' title='bbox 3703 3373 3836 3442; x_wconf 87' lang='lat' dir='ltr'><strong>quis</strong></span> 
     </span>
    </p>
   </div>
   <div class='ocr_carea' id='block_1_92' title="bbox 2179 3459 3837 3530">
    <p class='ocr_par' dir='ltr' id='par_1_92' title="bbox 2179 3459 3837 3530">
     <span class='ocr_line' id='line_1_93' title="bbox 2179 3459 3837 3530; baseline 0.001 -17"><span class='ocrx_word' id='word_1_631' title='bbox 2179 3462 2256 3513; x_wconf 88' lang='lat' dir='ltr'><strong>sit</strong></span> <span class='ocrx_word' id='word_1_632' title='bbox 2285 3460 2384 3530; x_wconf 88' lang='lat' dir='ltr'><strong>qui</strong></span> <span class='ocrx_word' id='word_1_633' title='bbox 2420 3459 2697 3528; x_wconf 83' lang='lat' dir='ltr'><strong>loquitur,</strong></span> <span class='ocrx_word' id='word_1_634' title='bbox 2729 3465 2971 3530; x_wconf 88' lang='lat' dir='ltr'><strong>estoque</strong></span> <span class='ocrx_word' id='word_1_635' title='bbox 3005 3459 3296 3530; x_wconf 80' lang='lat' dir='ltr'><strong>perfectus</strong></span> <span class='ocrx_word' id='word_1_636' title='bbox 3347 3459 3695 3515; x_wconf 80' lang='lat' dir='ltr'><strong>discipulus.</strong></span> <span class='ocrx_word' id='word_1_637' title='bbox 3750 3462 3837 3514; x_wconf 79' lang='lat' dir='ltr'><strong>Sit</strong></span> 
     </span>
    </p>
   </div>
   <div class='ocr_carea' id='block_1_93' title="bbox 2180 3546 3833 3618">
    <p class='ocr_par' dir='ltr' id='par_1_93' title="bbox 2180 3546 3833 3618">
     <span class='ocr_line' id='line_1_94' title="bbox 2180 3546 3833 3618; baseline 0.001 -16"><span class='ocrx_word' id='word_1_638' title='bbox 2180 3550 2281 3603; x_wconf 84' lang='lat' dir='ltr'><strong>tibi</strong></span> <span class='ocrx_word' id='word_1_639' title='bbox 2337 3547 2637 3602; x_wconf 81' lang='lat' dir='ltr'><strong>humilitas</strong></span> <span class='ocrx_word' id='word_1_640' title='bbox 2687 3547 3037 3618; x_wconf 83' lang='lat' dir='ltr'><strong>principium</strong></span> <span class='ocrx_word' id='word_1_641' title='bbox 3077 3546 3330 3618; x_wconf 77' lang='lat' dir='ltr'><strong>finisque</strong></span> <span class='ocrx_word' id='word_1_642' title='bbox 3358 3549 3663 3602; x_wconf 89' lang='lat' dir='ltr'><strong>virtutum.</strong></span> <span class='ocrx_word' id='word_1_643' title='bbox 3693 3550 3833 3604; x_wconf 89' lang='lat' dir='ltr'><strong>Sen-</strong></span> 
     </span>
    </p>
   </div>
   <div class='ocr_carea' id='block_1_94' title="bbox 2179 3636 3831 3706">
    <p class='ocr_par' dir='ltr' id='par_1_94' title="bbox 2179 3636 3831 3706">
     <span class='ocr_line' id='line_1_95' title="bbox 2179 3636 3831 3706; baseline 0.001 -14"><span class='ocrx_word' id='word_1_644' title='bbox 2179 3656 2307 3692; x_wconf 88' lang='lat' dir='ltr'><strong>sum</strong></span> <span class='ocrx_word' id='word_1_645' title='bbox 2341 3637 2521 3692; x_wconf 86' lang='lat' dir='ltr'><strong>animi</strong></span> <span class='ocrx_word' id='word_1_646' title='bbox 2554 3637 2693 3690; x_wconf 90' lang='lat' dir='ltr'><strong>dicit</strong></span> <span class='ocrx_word' id='word_1_647' title='bbox 2721 3636 3025 3704; x_wconf 86' lang='lat' dir='ltr'><strong>humilem,</strong></span> <span class='ocrx_word' id='word_1_648' title='bbox 3063 3653 3174 3690; x_wconf 90' lang='lat' dir='ltr'><strong>non</strong></span> <span class='ocrx_word' id='word_1_649' title='bbox 3210 3636 3394 3690; x_wconf 88' lang='lat' dir='ltr'><strong>solam</strong></span> <span class='ocrx_word' id='word_1_650' title='bbox 3429 3636 3703 3706; x_wconf 86' lang='lat' dir='ltr'><strong>speciem,</strong></span> <span class='ocrx_word' id='word_1_651' title='bbox 3731 3640 3831 3693; x_wconf 87' lang='lat' dir='ltr'><strong>sed</strong></span> 
     </span>
    </p>
   </div>
   <div class='ocr_carea' id='block_1_95' title="bbox 2178 3725 3834 3796">
    <p class='ocr_par' dir='ltr' id='par_1_95' title="bbox 2178 3725 3834 3796">
     <span class='ocr_line' id='line_1_96' title="bbox 2178 3725 3834 3796; baseline 0.001 -16"><span class='ocrx_word' id='word_1_652' title='bbox 2178 3728 2512 3782; x_wconf 90' lang='lat' dir='ltr'><strong>interiorem</strong></span> <span class='ocrx_word' id='word_1_653' title='bbox 2549 3726 2742 3779; x_wconf 87' lang='lat' dir='ltr'><strong>innuit</strong></span> <span class='ocrx_word' id='word_1_654' title='bbox 2775 3725 3066 3779; x_wconf 83' lang='lat' dir='ltr'><strong>hominem</strong></span> <span class='ocrx_word' id='word_1_655' title='bbox 3095 3742 3107 3779; x_wconf 88' lang='lat'>:</span> <span class='ocrx_word' id='word_1_656' title='bbox 3134 3741 3265 3780; x_wconf 90' lang='lat' dir='ltr'><strong>eum</strong></span> <span class='ocrx_word' id='word_1_657' title='bbox 3303 3743 3555 3796; x_wconf 90' lang='lat' dir='ltr'><strong>namque</strong></span> <span class='ocrx_word' id='word_1_658' title='bbox 3584 3727 3834 3782; x_wconf 81' lang='lat' dir='ltr'><strong>exterior</strong></span> 
     </span>
    </p>
   </div>
   <div class='ocr_carea' id='block_1_96' title="bbox 2176 3813 3833 3887">
    <p class='ocr_par' dir='ltr' id='par_1_96' title="bbox 2176 3813 3833 3887">
     <span class='ocr_line' id='line_1_97' title="bbox 2176 3813 3833 3887; baseline 0.001 -18"><span class='ocrx_word' id='word_1_659' title='bbox 2176 3823 2584 3887; x_wconf 89' lang='lat' dir='ltr'><strong>consequetur.</strong></span> <span class='ocrx_word' id='word_1_660' title='bbox 2646 3815 2854 3870; x_wconf 86' lang='lat' dir='ltr'><strong>Omnia</strong></span> <span class='ocrx_word' id='word_1_661' title='bbox 2913 3819 3195 3885; x_wconf 72' lang='lat' dir='ltr'><strong>praecepta</strong></span> <span class='ocrx_word' id='word_1_662' title='bbox 3252 3813 3534 3869; x_wconf 81' lang='lat' dir='ltr'><strong>servasti?</strong></span> <span class='ocrx_word' id='word_1_663' title='bbox 3582 3815 3636 3868; x_wconf 90' lang='lat' dir='ltr'><strong>ld</strong></span> <span class='ocrx_word' id='word_1_664' title='bbox 3672 3816 3833 3870; x_wconf 90' lang='lat' dir='ltr'><strong>novit</strong></span> 
     </span>
    </p>
   </div>
   <div class='ocr_carea' id='block_1_97' title="bbox 2177 3902 3827 3975">
    <p class='ocr_par' dir='ltr' id='par_1_97' title="bbox 2177 3902 3827 3975">
     <span class='ocr_line' id='line_1_98' title="bbox 2177 3902 3827 3975; baseline -0.001 -15"><span class='ocrx_word' id='word_1_665' title='bbox 2177 3905 2480 3960; x_wconf 90' lang='lat' dir='ltr'><strong>Dominus.</strong></span> <span class='ocrx_word' id='word_1_666' title='bbox 2518 3904 2724 3958; x_wconf 90' lang='lat' dir='ltr'><strong>Verum</strong></span> <span class='ocrx_word' id='word_1_667' title='bbox 2763 3903 2885 3974; x_wconf 89' lang='lat' dir='ltr'><strong>ipse</strong></span> <span class='ocrx_word' id='word_1_668' title='bbox 2919 3903 3023 3956; x_wconf 91' lang='lat' dir='ltr'><strong>tibi</strong></span> <span class='ocrx_word' id='word_1_669' title='bbox 3057 3903 3320 3974; x_wconf 72' lang='lat' dir='ltr'><strong>praecipit</strong></span> <span class='ocrx_word' id='word_1_670' title='bbox 3353 3907 3417 3958; x_wconf 91' lang='lat' dir='ltr'><strong>ut</strong></span> <span class='ocrx_word' id='word_1_671' title='bbox 3475 3902 3827 3975; x_wconf 90' lang='lat' dir='ltr'><strong>principium</strong></span> 
     </span>
    </p>
   </div>
   <div class='ocr_carea' id='block_1_98' title="bbox 2175 3993 3832 4058">
    <p class='ocr_par' dir='ltr' id='par_1_98' title="bbox 2175 3993 3832 4058">
     <span class='ocr_line' id='line_1_99' title="bbox 2175 3993 3832 4058; baseline 0 -10"><span class='ocrx_word' id='word_1_672' title='bbox 2175 3993 2474 4048; x_wconf 88' lang='lat' dir='ltr'><strong>servitutis</strong></span> <span class='ocrx_word' id='word_1_673' title='bbox 2531 4010 2735 4047; x_wconf 85' lang='lat' dir='ltr'><strong>rursus</strong></span> <span class='ocrx_word' id='word_1_674' title='bbox 2793 4009 3098 4058; x_wconf 84' lang='lat' dir='ltr'><strong>assumas;</strong></span> <span class='ocrx_word' id='word_1_675' title='bbox 3159 3993 3241 4047; x_wconf 88' lang='lat' dir='ltr'><strong>ait</strong></span> <span class='ocrx_word' id='word_1_676' title='bbox 3295 3993 3450 4046; x_wconf 91' lang='lat' dir='ltr'><strong>enim</strong></span> <span class='ocrx_word' id='word_1_677' title='bbox 3487 4010 3499 4047; x_wconf 93' lang='lat'><strong>:</strong></span> <span class='ocrx_word' id='word_1_678' title='bbox 3532 3993 3666 4047; x_wconf 85' lang='lat' dir='ltr'><strong>Cum</strong></span> <span class='ocrx_word' id='word_1_679' title='bbox 3713 3994 3832 4049; x_wconf 68' lang='lat' dir='ltr'><strong>haec</strong></span> 
     </span>
    </p>
   </div>
   <div class='ocr_carea' id='block_1_99' title="bbox 2172 4080 3648 4153">
    <p class='ocr_par' dir='ltr' id='par_1_99' title="bbox 2172 4080 3648 4153">
     <span class='ocr_line' id='line_1_100' title="bbox 2172 4080 3648 4153; baseline -0.001 -16"><span class='ocrx_word' id='word_1_680' title='bbox 2172 4084 2358 4137; x_wconf 78' lang='lat' dir='ltr'><strong>omnia</strong></span> <span class='ocrx_word' id='word_1_681' title='bbox 2385 4083 2649 4153; x_wconf 56' lang='lat' dir='ltr'><strong>feceritis,</strong></span> <span class='ocrx_word' id='word_1_682' title='bbox 2681 4080 2844 4136; x_wconf 69' lang='lat' dir='ltr'><strong>dicite</strong></span> <span class='ocrx_word' id='word_1_683' title='bbox 2878 4100 2895 4134; x_wconf 92' lang='lat'><em>:</em></span> <span class='ocrx_word' id='word_1_684' title='bbox 2928 4081 3082 4136; x_wconf 80' lang='lat' dir='ltr'><strong>Servi</strong></span> <span class='ocrx_word' id='word_1_685' title='bbox 3113 4082 3340 4136; x_wconf 68' lang='lat' dir='ltr'><strong>inutiles</strong></span> <span class='ocrx_word' id='word_1_686' title='bbox 3371 4097 3559 4135; x_wconf 72' lang='lat' dir='ltr'><strong>sumus</strong></span> <span class='ocrx_word' id='word_1_687' title='bbox 3587 4082 3648 4135; x_wconf 77' lang='grc'><strong>¹².</strong></span> 
     </span>
    </p>
   </div>
   <div class='ocr_carea' id='block_1_100' title="bbox 2240 4196 3824 4270">
    <p class='ocr_par' dir='ltr' id='par_1_100' title="bbox 2240 4196 3824 4270">
     <span class='ocr_line' id='line_1_101' title="bbox 2240 4196 3824 4270; baseline 0.001 -19"><span class='ocrx_word' id='word_1_688' title='bbox 2240 4198 2328 4251; x_wconf 90' lang='grc'><strong>58.</strong></span> <span class='ocrx_word' id='word_1_689' title='bbox 2365 4196 2681 4252; x_wconf 84' lang='lat' dir='ltr'><strong>Humilitas</strong></span> <span class='ocrx_word' id='word_1_690' title='bbox 2713 4198 2903 4266; x_wconf 88' lang='lat' dir='ltr'><strong>itaque</strong></span> <span class='ocrx_word' id='word_1_691' title='bbox 2934 4201 3231 4252; x_wconf 87' lang='lat' dir='ltr'><strong>exercetur</strong></span> <span class='ocrx_word' id='word_1_692' title='bbox 3289 4213 3390 4267; x_wconf 90' lang='lat' dir='ltr'><strong>per</strong></span> <span class='ocrx_word' id='word_1_693' title='bbox 3445 4197 3824 4270; x_wconf 83' lang='lat' dir='ltr'><strong>imprOperia,</strong></span> 
     </span>
    </p>
   </div>
   <div class='ocr_carea' id='block_1_101' title="bbox 2172 4284 3826 4358">
    <p class='ocr_par' dir='ltr' id='par_1_101' title="bbox 2172 4284 3826 4358">
     <span class='ocr_line' id='line_1_102' title="bbox 2172 4284 3826 4358; baseline -0.001 -16"><span class='ocrx_word' id='word_1_694' title='bbox 2172 4304 2274 4358; x_wconf 91' lang='lat' dir='ltr'><strong>per</strong></span> <span class='ocrx_word' id='word_1_695' title='bbox 2329 4285 2736 4350; x_wconf 90' lang='lat' dir='ltr'><strong>contumelias,</strong></span> <span class='ocrx_word' id='word_1_696' title='bbox 2798 4302 2898 4357; x_wconf 91' lang='lat' dir='ltr'><strong>per</strong></span> <span class='ocrx_word' id='word_1_697' title='bbox 2927 4284 3164 4357; x_wconf 81' lang='lat' dir='ltr'><strong>plagas;</strong></span> <span class='ocrx_word' id='word_1_698' title='bbox 3198 4289 3262 4340; x_wconf 91' lang='lat' dir='ltr'><strong>ut</strong></span> <span class='ocrx_word' id='word_1_699' title='bbox 3290 4284 3496 4340; x_wconf 87' lang='lat' dir='ltr'><strong>audias</strong></span> <span class='ocrx_word' id='word_1_700' title='bbox 3527 4302 3733 4342; x_wconf 88' lang='lat' dir='ltr'><strong>amens</strong></span> <span class='ocrx_word' id='word_1_701' title='bbox 3763 4291 3826 4341; x_wconf 89' lang='lat' dir='ltr'><strong>et</strong></span> 
     </span>
    </p>
   </div>
   <div class='ocr_carea' id='block_1_102' title="bbox 2171 4373 3826 4447">
    <p class='ocr_par' dir='ltr' id='par_1_102' title="bbox 2171 4373 3826 4447">
     <span class='ocr_line' id='line_1_103' title="bbox 2171 4373 3826 4447; baseline -0.001 -16"><span class='ocrx_word' id='word_1_702' title='bbox 2171 4376 2408 4444; x_wconf 87' lang='lat' dir='ltr'><strong>stultus,</strong></span> <span class='ocrx_word' id='word_1_703' title='bbox 2444 4392 2663 4447; x_wconf 90' lang='lat' dir='ltr'><strong>pauper</strong></span> <span class='ocrx_word' id='word_1_704' title='bbox 2693 4379 2746 4429; x_wconf 85' lang='lat' dir='ltr'><strong>et</strong></span> <span class='ocrx_word' id='word_1_705' title='bbox 2774 4375 2966 4446; x_wconf 89' lang='lat' dir='ltr'><strong>inops,</strong></span> <span class='ocrx_word' id='word_1_706' title='bbox 2999 4374 3267 4429; x_wconf 82' lang='lat' dir='ltr'><strong>inﬁrmus</strong></span> <span class='ocrx_word' id='word_1_707' title='bbox 3299 4378 3354 4428; x_wconf 89' lang='lat' dir='ltr'><strong>et</strong></span> <span class='ocrx_word' id='word_1_708' title='bbox 3382 4373 3534 4441; x_wconf 90' lang='lat' dir='ltr'><strong>vilis,</strong></span> <span class='ocrx_word' id='word_1_709' title='bbox 3568 4375 3826 4430; x_wconf 89' lang='lat' dir='ltr'><strong>inconsi-</strong></span> 
     </span>
    </p>
   </div>
   <div class='ocr_carea' id='block_1_103' title="bbox 2170 4463 3826 4536">
    <p class='ocr_par' dir='ltr' id='par_1_103' title="bbox 2170 4463 3826 4536">
     <span class='ocr_line' id='line_1_104' title="bbox 2170 4463 3826 4536; baseline -0.001 -15"><span class='ocrx_word' id='word_1_710' title='bbox 2170 4466 2409 4522; x_wconf 83' lang='lat' dir='ltr'><strong>deratus</strong></span> <span class='ocrx_word' id='word_1_711' title='bbox 2441 4465 2498 4518; x_wconf 88' lang='lat' dir='ltr'><strong>in</strong></span> <span class='ocrx_word' id='word_1_712' title='bbox 2531 4464 2831 4536; x_wconf 88' lang='lat' dir='ltr'><strong>operibus,</strong></span> <span class='ocrx_word' id='word_1_713' title='bbox 2862 4463 3106 4518; x_wconf 87' lang='lat' dir='ltr'><strong>rationis</strong></span> <span class='ocrx_word' id='word_1_714' title='bbox 3136 4479 3340 4534; x_wconf 87' lang='lat' dir='ltr'><strong>expers</strong></span> <span class='ocrx_word' id='word_1_715' title='bbox 3404 4464 3460 4518; x_wconf 93' lang='lat' dir='ltr'><strong>in</strong></span> <span class='ocrx_word' id='word_1_716' title='bbox 3514 4463 3826 4536; x_wconf 88' lang='lat' dir='ltr'><strong>loquendo,</strong></span> 
     </span>
    </p>
   </div>
   <div class='ocr_carea' id='block_1_104' title="bbox 2171 4551 3825 4625">
    <p class='ocr_par' dir='ltr' id='par_1_104' title="bbox 2171 4551 3825 4625">
     <span class='ocr_line' id='line_1_105' title="bbox 2171 4551 3825 4625; baseline -0.001 -15"><span class='ocrx_word' id='word_1_717' title='bbox 2171 4555 2357 4611; x_wconf 85' lang='lat' dir='ltr'><strong>forma</strong></span> <span class='ocrx_word' id='word_1_718' title='bbox 2413 4551 2811 4625; x_wconf 81' lang='lat' dir='ltr'><strong>despicabilis,</strong></span> <span class='ocrx_word' id='word_1_719' title='bbox 2876 4552 3088 4607; x_wconf 88' lang='lat' dir='ltr'><strong>debilis</strong></span> <span class='ocrx_word' id='word_1_720' title='bbox 3119 4551 3359 4607; x_wconf 88' lang='lat' dir='ltr'><strong>viribus.</strong></span> <span class='ocrx_word' id='word_1_721' title='bbox 3396 4551 3461 4607; x_wconf 87' lang='lat' dir='ltr'><strong>Hi</strong></span> <span class='ocrx_word' id='word_1_722' title='bbox 3497 4558 3636 4607; x_wconf 89' lang='lat' dir='ltr'><strong>sunt</strong></span> <span class='ocrx_word' id='word_1_723' title='bbox 3667 4553 3825 4608; x_wconf 84' lang='lat' dir='ltr'><strong>nervi</strong></span> 
     </span>
    </p>
   </div>
   <div class='ocr_carea' id='block_1_105' title="bbox 2171 4640 3828 4712">
    <p class='ocr_par' dir='ltr' id='par_1_105' title="bbox 2171 4640 3828 4712">
     <span class='ocr_line' id='line_1_106' title="bbox 2171 4640 3828 4712; baseline -0.001 -13"><span class='ocrx_word' id='word_1_724' title='bbox 2171 4643 2544 4699; x_wconf 84' lang='lat' dir='ltr'><strong>humilitatis.</strong></span> <span class='ocrx_word' id='word_1_725' title='bbox 2582 4643 2708 4696; x_wconf 65' lang='lat' dir='ltr'><strong>Haec</strong></span> <span class='ocrx_word' id='word_1_726' title='bbox 2740 4641 3025 4696; x_wconf 87' lang='lat' dir='ltr'><strong>Dominus</strong></span> <span class='ocrx_word' id='word_1_727' title='bbox 3055 4645 3252 4696; x_wconf 89' lang='lat' dir='ltr'><strong>noster</strong></span> <span class='ocrx_word' id='word_1_728' title='bbox 3281 4640 3523 4707; x_wconf 88' lang='lat' dir='ltr'><strong>audivit,</strong></span> <span class='ocrx_word' id='word_1_729' title='bbox 3547 4640 3667 4696; x_wconf 66' lang='lat' dir='ltr'><strong>haec</strong></span> <span class='ocrx_word' id='word_1_730' title='bbox 3701 4658 3828 4712; x_wconf 87' lang='lat' dir='ltr'><strong>pas-</strong></span> 
     </span>
    </p>
   </div>
   <div class='ocr_carea' id='block_1_106' title="bbox 2173 4728 3825 4796">
    <p class='ocr_par' dir='ltr' id='par_1_106' title="bbox 2173 4728 3825 4796">
     <span class='ocr_line' id='line_1_107' title="bbox 2173 4728 3825 4796; baseline -0.001 -8"><span class='ocrx_word' id='word_1_731' title='bbox 2173 4750 2276 4788; x_wconf 90' lang='lat' dir='ltr'><strong>sus</strong></span> <span class='ocrx_word' id='word_1_732' title='bbox 2307 4732 2565 4788; x_wconf 87' lang='lat' dir='ltr'><strong>est.Nam</strong></span> <span class='ocrx_word' id='word_1_733' title='bbox 2602 4730 3029 4786; x_wconf 88' lang='lat' dir='ltr'><strong>Samaritanum</strong></span> <span class='ocrx_word' id='word_1_734' title='bbox 3063 4745 3196 4784; x_wconf 90' lang='lat' dir='ltr'><strong>eum</strong></span> <span class='ocrx_word' id='word_1_735' title='bbox 3230 4728 3583 4796; x_wconf 87' lang='lat' dir='ltr'><strong>dicebant,et</strong></span> <span class='ocrx_word' id='word_1_736' title='bbox 3611 4731 3825 4786; x_wconf 65' lang='lat' dir='ltr'><strong>deamo-</strong></span> 
     </span>
    </p>
   </div>
   <div class='ocr_carea' id='block_1_107' title="bbox 2171 4818 3827 4892">
    <p class='ocr_par' dir='ltr' id='par_1_107' title="bbox 2171 4818 3827 4892">
     <span class='ocr_line' id='line_1_108' title="bbox 2171 4818 3827 4892; baseline -0.002 -15"><span class='ocrx_word' id='word_1_737' title='bbox 2171 4823 2334 4878; x_wconf 89' lang='lat' dir='ltr'><strong>nium</strong></span> <span class='ocrx_word' id='word_1_738' title='bbox 2370 4821 2701 4876; x_wconf 88' lang='lat' dir='ltr'><strong>habentem.</strong></span> <span class='ocrx_word' id='word_1_739' title='bbox 2727 4827 2763 4873; x_wconf 78' lang='grc' dir='ltr'><strong>Α</strong></span> <span class='ocrx_word' id='word_1_740' title='bbox 2777 4835 2939 4874; x_wconf 88' lang='lat' dir='ltr'><strong>ssum</strong></span> <span class='ocrx_word' id='word_1_741' title='bbox 2951 4819 3065 4888; x_wconf 86' lang='lat' dir='ltr'><strong>psit</strong></span> <span class='ocrx_word' id='word_1_742' title='bbox 3092 4819 3336 4874; x_wconf 82' lang='lat' dir='ltr'><strong>formam</strong></span> <span class='ocrx_word' id='word_1_743' title='bbox 3370 4818 3545 4888; x_wconf 86' lang='lat' dir='ltr'><strong>servi,</strong></span> <span class='ocrx_word' id='word_1_744' title='bbox 3563 4818 3827 4892; x_wconf 88' lang='lat' dir='ltr'><strong>colaphis</strong></span> 
     </span>
    </p>
   </div>
   <div class='ocr_carea' id='block_1_108' title="bbox 2171 4907 3303 4982">
    <p class='ocr_par' dir='ltr' id='par_1_108' title="bbox 2171 4907 3303 4982">
     <span class='ocr_line' id='line_1_109' title="bbox 2171 4907 3303 4982; baseline -0.004 -16"><span class='ocrx_word' id='word_1_745' title='bbox 2171 4927 2354 4967; x_wconf 62' lang='lat' dir='ltr'><strong>casus</strong></span> <span class='ocrx_word' id='word_1_746' title='bbox 2386 4915 2494 4980; x_wconf 89' lang='lat' dir='ltr'><strong>est,</strong></span> <span class='ocrx_word' id='word_1_747' title='bbox 2530 4909 2834 4982; x_wconf 80' lang='lat' dir='ltr'><strong>plagisque</strong></span> <span class='ocrx_word' id='word_1_748' title='bbox 2864 4907 3303 4963; x_wconf 89' lang='lat' dir='ltr'><strong>dehonestatus.</strong></span> 
     </span>
    </p>
   </div>
   <div class='ocr_carea' id='block_1_109' title="bbox 2238 5021 3826 5096">
    <p class='ocr_par' dir='ltr' id='par_1_109' title="bbox 2238 5021 3826 5096">
     <span class='ocr_line' id='line_1_110' title="bbox 2238 5021 3826 5096; baseline -0.002 -16"><span class='ocrx_word' id='word_1_749' title='bbox 2238 5025 2534 5096; x_wconf 70' lang='lat' dir='ltr'><strong>59.0perae</strong></span> <span class='ocrx_word' id='word_1_750' title='bbox 2568 5025 2816 5096; x_wconf 89' lang='lat' dir='ltr'><strong>pretium</strong></span> <span class='ocrx_word' id='word_1_751' title='bbox 2853 5024 3050 5094; x_wconf 90' lang='lat' dir='ltr'><strong>itaque</strong></span> <span class='ocrx_word' id='word_1_752' title='bbox 3081 5028 3171 5078; x_wconf 90' lang='lat' dir='ltr'><strong>est</strong></span> <span class='ocrx_word' id='word_1_753' title='bbox 3191 5028 3257 5078; x_wconf 90' lang='lat' dir='ltr'><strong>ut</strong></span> <span class='ocrx_word' id='word_1_754' title='bbox 3279 5039 3424 5078; x_wconf 67' lang='lat' dir='ltr'><strong>verae</strong></span> <span class='ocrx_word' id='word_1_755' title='bbox 3449 5039 3554 5078; x_wconf 90' lang='lat' dir='ltr'><strong>uos</strong></span> <span class='ocrx_word' id='word_1_756' title='bbox 3587 5021 3826 5078; x_wconf 88' lang='lat' dir='ltr'><strong>humili-</strong></span> 
     </span>
    </p>
   </div>
   <div class='ocr_carea' id='block_1_110' title="bbox 2167 5113 3829 5182">
    <p class='ocr_par' dir='ltr' id='par_1_110' title="bbox 2167 5113 3829 5182">
     <span class='ocr_line' id='line_1_111' title="bbox 2167 5113 3829 5182; baseline -0.002 -13"><span class='ocrx_word' id='word_1_757' title='bbox 2167 5115 2303 5169; x_wconf 81' lang='lat' dir='ltr'><strong>tatis</strong></span> <span class='ocrx_word' id='word_1_758' title='bbox 2321 5114 2512 5168; x_wconf 71' lang='lat' dir='ltr'><strong>aemuli</strong></span> <span class='ocrx_word' id='word_1_759' title='bbox 2550 5114 3013 5177; x_wconf 88' lang='lat' dir='ltr'><strong>simus.Quidam</strong></span> <span class='ocrx_word' id='word_1_760' title='bbox 3047 5113 3201 5166; x_wconf 89' lang='lat' dir='ltr'><strong>enim</strong></span> <span class='ocrx_word' id='word_1_761' title='bbox 3237 5116 3375 5166; x_wconf 89' lang='lat' dir='ltr'><strong>sunt</strong></span> <span class='ocrx_word' id='word_1_762' title='bbox 3401 5113 3500 5182; x_wconf 89' lang='lat' dir='ltr'><strong>qui</strong></span> <span class='ocrx_word' id='word_1_763' title='bbox 3531 5119 3829 5168; x_wconf 84' lang='lat' dir='ltr'><strong>externam</strong></span> 
     </span>
    </p>
   </div>
   <div class='ocr_carea' id='block_1_111' title="bbox 2169 5201 3832 5272">
    <p class='ocr_par' dir='ltr' id='par_1_111' title="bbox 2169 5201 3832 5272">
     <span class='ocr_line' id='line_1_112' title="bbox 2169 5201 3832 5272; baseline 0 -16"><span class='ocrx_word' id='word_1_764' title='bbox 2169 5203 2422 5272; x_wconf 79' lang='lat' dir='ltr'><strong>speciem</strong></span> <span class='ocrx_word' id='word_1_765' title='bbox 2484 5203 2838 5257; x_wconf 87' lang='lat' dir='ltr'><strong>humilitatis</strong></span> <span class='ocrx_word' id='word_1_766' title='bbox 2899 5202 3321 5262; x_wconf 74' lang='lat' dir='ltr'><strong>ementiuntur,</strong></span> <span class='ocrx_word' id='word_1_767' title='bbox 3382 5207 3558 5272; x_wconf 87' lang='lat' dir='ltr'><strong>atque</strong></span> <span class='ocrx_word' id='word_1_768' title='bbox 3607 5217 3672 5256; x_wconf 87' lang='lat' dir='ltr'><strong>eo</strong></span> <span class='ocrx_word' id='word_1_769' title='bbox 3705 5201 3832 5272; x_wconf 90' lang='lat' dir='ltr'><strong>ipso</strong></span> 
     </span>
    </p>
   </div>
   <div class='ocr_carea' id='block_1_112' title="bbox 2167 5290 3833 5362">
    <p class='ocr_par' dir='ltr' id='par_1_112' title="bbox 2167 5290 3833 5362">
     <span class='ocr_line' id='line_1_113' title="bbox 2167 5290 3833 5362; baseline -0.001 -18"><span class='ocrx_word' id='word_1_770' title='bbox 2167 5291 2411 5362; x_wconf 81' lang='lat' dir='ltr'><strong>gloriam</strong></span> <span class='ocrx_word' id='word_1_771' title='bbox 2449 5299 2835 5362; x_wconf 73' lang='lat' dir='ltr'><strong>aucupentur.</strong></span> <span class='ocrx_word' id='word_1_772' title='bbox 2873 5292 2981 5345; x_wconf 89' lang='lat' dir='ltr'><strong>Sed</strong></span> <span class='ocrx_word' id='word_1_773' title='bbox 3018 5308 3084 5356; x_wconf 59' lang='lat' dir='ltr'><strong>ex</strong></span> <span class='ocrx_word' id='word_1_774' title='bbox 3129 5290 3412 5344; x_wconf 60' lang='lat' dir='ltr'><strong>l‘ructibua</strong></span> <span class='ocrx_word' id='word_1_775' title='bbox 3471 5307 3833 5361; x_wconf 85' lang='lat' dir='ltr'><strong>cognoscun-</strong></span> 
     </span>
    </p>
   </div>
   <div class='ocr_carea' id='block_1_113' title="bbox 2167 5378 3831 5450">
    <p class='ocr_par' dir='ltr' id='par_1_113' title="bbox 2167 5378 3831 5450">
     <span class='ocr_line' id='line_1_114' title="bbox 2167 5378 3831 5450; baseline -0.001 -16"><span class='ocrx_word' id='word_1_776' title='bbox 2167 5380 2380 5435; x_wconf 88' lang='lat' dir='ltr'><strong>tur:ch</strong></span> <span class='ocrx_word' id='word_1_777' title='bbox 2414 5382 2710 5435; x_wconf 85' lang='lat' dir='ltr'><strong>levissima</strong></span> <span class='ocrx_word' id='word_1_778' title='bbox 2739 5381 2956 5450; x_wconf 87' lang='lat' dir='ltr'><strong>quippe</strong></span> <span class='ocrx_word' id='word_1_779' title='bbox 2993 5380 3208 5449; x_wconf 84' lang='lat' dir='ltr'><strong>injuria</strong></span> <span class='ocrx_word' id='word_1_780' title='bbox 3240 5378 3831 5450; x_wconf 80' lang='lat' dir='ltr'><strong>aﬁ‘ecti,nequaquam</strong></span> 
     </span>
    </p>
   </div>
   <div class='ocr_carea' id='block_1_114' title="bbox 2054 5561 2570 5628">
    <p class='ocr_par' dir='ltr' id='par_1_114' title="bbox 2054 5561 2570 5628">
     <span class='ocr_line' id='line_1_115' title="bbox 2054 5561 2570 5628; baseline -0.002 -10"><span class='ocrx_word' id='word_1_781' title='bbox 2054 5561 2100 5598; x_wconf 84' lang='grc'><strong>¹³</strong></span> <span class='ocrx_word' id='word_1_782' title='bbox 2134 5562 2272 5618; x_wconf 86' lang='lat' dir='ltr'><strong>Luc.</strong></span> <span class='ocrx_word' id='word_1_783' title='bbox 2304 5577 2445 5628; x_wconf 80' lang='lat' dir='ltr'><strong>xvn,</strong></span> <span class='ocrx_word' id='word_1_784' title='bbox 2483 5562 2570 5617; x_wconf 87' lang='grc'><strong>10.</strong></span> 
     </span>
    </p>
   </div>
  </div>
