4162 6410
252 410 408 471 1523

1388 407 1451 469 S.
1499 405 2025 468 ATHANASIUS.
2052 435 2133 451 —
2161 405 2472 469 SPURIA.

3514 405 3677 465 1524

252 542 570 612 sustinent,
602 543 1035 617 confestimque
1062 559 1166 600 ceu
1199 545 1501 613 serpentes
1533 539 1692 596 virus
1735 554 1909 595 suum

2030 535 2257 605 σθέντες,
2293 533 2392 591 οὐκ
2419 532 2670 613 ἤνεγκαν·
2705 534 2852 594 ἀλλὰ
2878 534 3129 612 παραυτά
3160 533 3343 610 ὥσπερ
3389 529 3541 612 ὄφεις
3583 535 3674 590 τὸν

251 637 549 688 evomunt.

319 722 410 777 68.
441 724 516 777 De
548 723 925 779 sermonibus
953 722 1246 793 ejusmodi
1277 736 1510 777 summe
1539 718 1911 775 exsultabant

251 828 380 883 quae
408 816 819 878 convenerant,
851 811 1163 882 adhucque
1220 808 1690 881 perseverabant,
1750 806 1913 862 nulla

250 900 539 954 bonorum
595 900 861 955 satietate
918 900 1198 954 admissa.
1254 898 1366 968 (89)
1415 894 1911 966 lterumqueillas

250 987 421 1043 beata
452 987 627 1060 Virgo
660 988 745 1044 sic
775 988 1117 1059 alloquitur.
1152 987 1428 1057 Magnum
1480 989 1571 1039 est
1616 988 1909 1038 certamen

252 1076 326 1131 iis
357 1075 454 1148 qui
483 1077 773 1133 accedunt
802 1077 874 1132 ad
910 1075 1397 1147 Deum,laborque
1427 1073 1636 1145 ingens
1668 1072 1723 1126 in
1753 1073 1911 1143 prin-

253 1163 427 1235 cipio,
460 1163 669 1219 exinde
698 1180 834 1219 vero
865 1163 1149 1236 gaudium
1198 1161 1511 1217 ineffabile.
1562 1159 1708 1215 Nam
1770 1175 1912 1231 que-

253 1252 636 1307 madmodum
659 1252 758 1323 qui
780 1252 974 1325 ignem
992 1249 1737 1321 excitarevolunt,primum
1755 1250 1913 1302 lumo

253 1340 604 1395 inficiuntur
624 1356 689 1395 ac
717 1339 1004 1411 lacrymas
1024 1339 1321 1404 emittunt,
1344 1355 1529 1409 eoque
1551 1339 1725 1393 modo
1746 1341 1914 1408 opta-

253 1418 331 1483 tis
363 1415 691 1500 potiuntur;
712 1430 794 1483 ait
818 1430 973 1483 enim
1006 1446 1018 1483 :
1044 1429 1183 1484 Deus
1211 1435 1395 1482 noster
1422 1427 1566 1497 ignis
1595 1440 1916 1481 consumens

250 1520 330 1573 est
362 1517 440 1586 ﬂ;
473 1516 552 1572 ita
582 1517 853 1573 convenit
883 1534 989 1572 nos
1021 1532 1257 1589 quoque
1288 1515 1555 1571 divinum
1594 1516 1801 1591 ignem
1856 1514 1914 1568 in

254 1605 424 1661 nobis
483 1606 799 1661 accendere
852 1622 985 1661 cum
1049 1605 1324 1675 lacrymis
1378 1610 1438 1660 et
1494 1603 1727 1659 labore.
1788 1607 1918 1675 lpse

253 1693 548 1765 siquidem
606 1693 891 1750 Dominus
941 1693 1024 1750 ait
1056 1710 1069 1748 :
1105 1695 1292 1764 Ignem
1320 1694 1446 1750 veni
1468 1695 1687 1749 mittere
1716 1694 1776 1748 in
1808 1699 1916 1748 ter-

254 1799 374 1838 ram
409 1783 471 1837 ".
509 1784 577 1839 Et
609 1798 749 1839 sane
781 1783 1046 1856 quidam,
1080 1799 1212 1839 cum
1244 1782 1394 1838 fumi
1439 1782 1771 1839 molestiam
1828 1785 1917 1837 to-

256 1873 565 1946 lerassent,
601 1892 716 1931 non
748 1875 1144 1931 accenderunt
1171 1874 1390 1945 ignem,
1419 1890 1484 1929 eo
1518 1874 1670 1945 quod
1698 1872 1918 1945 patien-

258 1962 347 2019 tis:
379 1970 579 2021 essent
608 1969 896 2036 expertes,
928 1980 1032 2019 seu
1068 1963 1264 2036 potius
1311 1964 1466 2034 quod
1524 1979 1727 2019 eorum
1785 1978 1921 2032 erga

256 2058 437 2109 Deum
470 2053 715 2110 affectus
745 2052 955 2110 debilis
986 2058 1045 2109 et
1074 2053 1348 2108 inﬁrmus
1379 2056 1556 2108 esset.

324 2145 416 2199 61.
451 2143 844 2208 Quamobrem
878 2142 1137 2198 cbaritas
1167 2142 1389 2214 grande
1446 2140 1746 2196 cimelium
1805 2145 1916 2196 est,

254 2235 327 2289 de
358 2249 476 2304 qua
505 2231 627 2287 hinc
657 2231 914 2286 afﬁrmat
942 2229 1344 2300 Apostolus:Si
1371 2246 1574 2285 omnes
1607 2228 1917 2285 facultates

253 2319 645 2388 distribueris,
680 2324 737 2374 et
761 2336 975 2392 corpus
1025 2319 1352 2391 subegeris,
1410 2318 1751 2374 charitatem
1809 2336 1913 2374 au-

251 2417 370 2467 tem
427 2426 542 2464 non
602 2408 900 2477 habueris,
932 2409 1120 2464 factus
1159 2425 1221 2464 es
1252 2408 1411 2463 velut
1434 2426 1511 2464 sas
1541 2425 1782 2479 sonans,
1814 2414 1916 2465 aut

252 2498 589 2574 cymbalum
614 2498 876 2554 tinniens
898 2498 1183 2571 “.lngens
1205 2496 1405 2569 itaque
1425 2499 1642 2553 bonum
1668 2502 1759 2554 est
1778 2499 1913 2554 cha—

252 2589 420 2654 ritas,
453 2587 813 2660 proindeque
836 2588 1043 2659 ingens
1069 2586 1289 2641 malum
1323 2591 1410 2642 est
1439 2588 1741 2642 iracundia
1776 2605 1788 2643 :
1823 2592 1909 2643 to-

252 2680 377 2733 tam
407 2676 566 2731 enim
598 2675 858 2731 animam
894 2676 1046 2732 629
1079 2674 1335 2730 tenebris
1364 2675 1634 2741 eifundit,
1668 2676 1727 2731 in
1776 2677 1908 2732 feri-

251 2767 433 2818 tatem
492 2762 662 2817 vertit
711 2767 769 2816 et
800 2762 1021 2817 ratione
1052 2762 1258 2833 privat.
1296 2761 1575 2817 Dominus
1605 2779 1774 2835 porro
1805 2782 1909 2819 un-

254 2852 565 2923 dequaque
618 2854 831 2905 nostra:
862 2866 1060 2906 curam
1094 2850 1304 2907 salutis
1338 2868 1538 2924 agens,
1572 2851 1911 2908 nullatenus

254 2939 566 3009 concessit,
598 2943 665 2995 ut
693 2939 781 2993 vel
814 2938 1126 2994 minimum
1160 2938 1299 3011 quid
1332 2939 1389 2994 in
1420 2940 1617 2996 anima
1642 2941 1911 3013 praesidio

252 3048 500 3087 vacuum
535 3030 1153 3086 maneret.Libidinem
1184 3031 1439 3086 concitat
1468 3030 1774 3087 inimicus?
1805 3039 1910 3087 Do-

253 3122 454 3175 minus
486 3136 592 3175 nos
617 3119 1007 3191 temperantia
1038 3118 1422 3176 munivit.Sed
1444 3119 1542 3176 ille
1572 3123 1909 3192 superbiam

253 3209 449 3281 parit?
476 3226 591 3265 non
625 3208 796 3280 longe
828 3210 994 3265 abest
1022 3209 1350 3266 humilitas.
1374 3210 1586 3266 Odium
1622 3211 1911 3268 inseruit?

2019 629 2222 684 ἑαυτῶν
2256 628 2336 683 ἱὸν
2363 624 2612 699 έξέμεσαν
2623 664 2634 681 .

2088 720 2179 774 60.
2207 717 2330 772 Ἐπὶ
2353 722 2470 778 τοῖς
2521 715 2707 792 λόγοις
2767 713 2826 771 δὲ
2852 715 3071 778 τούτοις
3097 712 3455 789 ἠγαλλιῶντο
3495 716 3551 770 αἱ
3581 736 3675 770 συ-

1984 804 2304 879 μελθοῦσαι
2353 799 2580 882 σφόδρα,
2630 804 2721 859 καὶ
2769 803 2935 860 πάλιν
2987 802 3477 880 προσεκαρτέρουν,
3509 802 3673 880 κόρον

2017 899 2126 950 τῶν
2157 896 2369 971 ἀγαθῶν
2421 896 2497 967 μή
2550 889 2948 968 λαμϐάνουσαι.
3001 892 3101 947 Καὶ
3149 890 3315 947 πάλιν
3348 893 3484 969 πρὸς
3514 892 3676 956 αύτάς

2022 987 2207 1062 ἔλεγεν
2237 990 2272 1056 ἡ
2310 987 2564 1063 μακαρία.
2600 987 2774 1063 Ἀγών
2817 986 2927 1041 έστι
2976 984 3150 1048 πολὺς
3194 991 3311 1048 τοῖς
3360 1005 3674 1062 προσερχο-

2026 1077 2211 1148 μένοις
2240 1080 2354 1146 Θεῷ
2378 1076 2467 1129 καὶ
2498 1074 2668 1138 κόπος
2698 1074 2765 1130 τά
2791 1079 3002 1151 πρῶτα,
3048 1071 3233 1129 ἔπειτα
3280 1071 3339 1128 δὲ
3385 1074 3532 1149 χοιρά
3580 1073 3674 1129 ἀν-

2022 1163 2371 1239 εκδιήγητος.
2433 1168 2634 1240 Ὥσπερ
2684 1164 2789 1239 γὰρ
2842 1164 2895 1218 οἱ
2942 1168 3050 1239 πῦρ
3100 1162 3287 1236 ἐξάψαι
3345 1160 3676 1238 βουλόμενοι

2022 1259 2239 1328 πρῶτον
2267 1254 2616 1322 καπνίζονται
2643 1254 2735 1307 καὶ
2766 1251 3078 1329 δακρύουσι,
3109 1253 3198 1306 καὶ
3231 1249 3407 1313 οὕτως
3438 1255 3538 1306 τοῦ
3581 1256 3677 1322 ζη-

2021 1344 2290 1415 τουμένου
2336 1344 2686 1419 τυγχάνουσι·
2746 1342 2837 1396 καὶ
2882 1340 2984 1418 γάρ
3029 1360 3213 1418 φησιν·
3263 1341 3325 1399 Ὁ
3350 1340 3480 1403 Θεὸς
3513 1342 3675 1413 ἡμῶν

2023 1436 2131 1506 πῦρ
2162 1430 2574 1487 καταναλίσκων
2611 1431 2755 1486 οὕτω
2785 1428 2868 1486 δεῖ
2897 1430 2985 1485 καὶ
3017 1432 3167 1502 ἡμᾶς
3194 1429 3258 1484 τὸ
3285 1435 3428 1493 θεῖον
3460 1434 3568 1505 πῦρ
3600 1429 3675 1493 εἰς

2025 1518 2246 1582 ἑαυτοὺς
2279 1519 2464 1595 ἐξάψαι
2517 1520 2651 1593 μετά
2692 1517 2937 1596 δακρύων
2992 1519 3083 1573 καὶ
3129 1518 3325 1575 κόπου.
3368 1516 3540 1580 Αὐτὸς
3570 1519 3676 1593 γάρ

2026 1629 2186 1685 φησιν
2222 1610 2250 1663 ὁ
2278 1608 2495 1682 Κύριος·
2529 1613 2641 1685 Πῦρ
2671 1606 2843 1678 ἦλθον
2880 1606 3063 1683 βαλεῖι
3116 1605 3205 1661 ἐπὶ
3250 1607 3351 1676 τὴν
3394 1612 3523 1680 γῆν.
3579 1605 3679 1660 Καί

2024 1716 2165 1760 τινες
2199 1694 2269 1752 δι’
2300 1696 2601 1773 ὀλιγωρίαν
2631 1701 2728 1752 τοῦ
2764 1697 2856 1770 μὲν
2888 1700 3092 1751 καπνοῦ
3139 1694 3462 1771 ἠνέσχοντο,
3508 1695 3572 1750 τὸ
3620 1692 3679 1750 δὲ

2025 1784 2133 1863 πῦρ
2182 1786 2282 1843 οὐκ
2336 1787 2560 1861 ἐξῆψαν,
2618 1784 2708 1842 διὰ⁴
2751 1786 2816 1841 τὸ
2867 1785 3244 1861 μακροθυμίας
3301 1783 3496 1846 αὐτοὺς
3527 1783 3679 1848 ἐκτὸς

2029 1877 2187 1945 εἶναι,
2218 1876 2307 1931 καὶ
2344 1873 2557 1950 μᾶλλον
2589 1874 2764 1930 αὐτῶν
2796 1874 2894 1943 τὴν
2925 1873 3051 1950 περὶ
3082 1876 3143 1929 τὸ
3171 1876 3312 1928 θεῖον
3345 1872 3530 1948 σχέσιν
3582 1873 3678 1929 ἀσ-

2031 1965 2154 2033 θενῆ
2187 1964 2277 2019 καὶ
2309 1961 2552 2040 ἀμυδρὰν
2582 1962 2892 2040 τυγχάνειν.

2099 2144 2189 2198 61.
2221 2143 2372 2196 Ὅθεν
2410 2136 2550 2215 μέγα
2576 2139 2870 2214 κειμήλιον
2902 2141 2937 2208 ἡ
2981 2138 3188 2215 ἀγάπη·
3239 2138 3331 2195 καὶ
3378 2138 3503 2215 περὶ
3549 2138 3679 2193 ταύ-

2024 2252 2124 2302 της
2182 2228 2240 2285 δὲ
2270 2226 2748 2303 διαϐεϐαιούμενος
2780 2230 2808 2284 6
2841 2226 3176 2291 Ἀπόστολος
3210 2224 3414 2304 ἔλεγεν,
3444 2227 3517 2289 ὡς
3550 2227 3674 2282 Ἐάν

2024 2323 2195 2375 πάντα
2250 2319 2318 2374 τὰ
2372 2319 2690 2396 ὑπάρχοντα
2747 2315 3048 2392 διανείμῃς,
3107 2316 3197 2372 καὶ
3244 2319 3307 2372 τὸ
3345 2321 3506 2389 σῶμα
3541 2315 3675 2370 ὑπο-

2023 2409 2243 2484 πιάσῃς,
2275 2407 2489 2484 ἀγάπην
2525 2406 2582 2463 δὲ
2608 2408 2685 2481 μή
2720 2407 2877 2485 ἔχῃς,
2908 2408 3136 2483 γέγονας
3168 2405 3377 2481 χαλκὸς
3402 2406 3559 2482 ἠχῶν
3582 2403 3673 2458 καὶ

2021 2493 2305 2572 κύμϐαλον
2348 2494 2659 2567 ἀλαλάζον.
2682 2498 2842 2572 Μέγα
2872 2494 2961 2550 οὖν
2996 2493 3046 2549 έν
3094 2495 3321 2570 ἀγαθοῖς
3368 2496 3405 2564 ἡ
3460 2492 3672 2568 ἀγάπη,

2021 2587 2095 2650 ὡς
2125 2587 2216 2642 καὶ
2248 2584 2418 2641 δεινὸν
2452 2585 2504 2641 ἐν
2535 2591 2724 2648 κακοῖς
2757 2585 2786 2639 6
2818 2583 3015 2658 θυμός·
3044 2589 3214 2638 πᾶσαν
3267 2583 3368 2658 γάρ
3414 2582 3513 2652 τὴν
3564 2585 3671 2654 ψυ-

2020 2679 2129 2753 χὴν
2188 2675 2436 2738 σκοτίσας
2493 2680 2582 2730 καί
2640 2673 3049 2749 ἁποθηριώσας,
3108 2673 3183 2735 εἰς
3230 2671 3458 2747 ἀλογίαν
3493 2672 3664 2751 φέρει.

2017 2767 2076 2823 ⁸0
2130 2763 2189 2820 δὲ
2236 2764 2456 2841 Κύριος,
2506 2764 2814 2839 πανταχόσε
2858 2770 2960 2833 τῆς
3009 2760 3283 2832 σωτηρίας
3340 2763 3502 2833 ἡμῶν
3562 2781 3668 2829 κη-

2021 2853 2273 2928 δόμενος,
2307 2851 2420 2910 οὐδ’
2454 2852 2601 2916 ’ὀλως
2633 2852 2981 2929 συνεχώρησε
3014 2850 3194 2928 βραχύ
3222 2873 3273 2906 τι
3317 2850 3543 2913 ἀσκεπὲς
3574 2852 3671 2920 τῆς

2020 2948 2227 3020 ψυχῆς.
2261 2943 2518 3020 Λαγνείαν
2549 2948 2688 2998 κινεῖ
2735 2944 2764 2998 6
2812 2939 3050 3018 ἐχθρός;
3097 2939 3419 3018 σωφροσύνῃ
3465 2941 3615 3013 ἡμᾶς
3645 2939 3675 2993 ὁ

2020 3033 2218 3110 Κύριος
2277 3031 2537 3088 ὥπλισεν.
2588 3030 2972 3109 Ὑπερηφανίαν
3021 3034 3214 3105 γεννᾷ;
3269 3027 3395 3085 ἀλλ’
3427 3030 3461 3098 ή
3493 3048 3678 3084 ταπει-

2021 3121 2322 3200 νοφροσύνη
2386 3119 2448 3176 οὐ
2510 3120 2715 3197 μακρὰν
2772 3118 3055 3195 τυγχάνει.
3105 3123 3277 3180 Μῖσος
3310 3116 3673 3197 ένεφύσησεν;

2025 3211 2151 3268 ἀλλ’
2181 3213 2217 3281 ἠ
2250 3212 2429 3288 ἀγάπη
2463 3209 2515 3266 έν
2552 3210 2702 3284 μέσῳ
2730 3210 3072 3286 παρίσταται.
3099 3210 3232 3264 ’Όσα
3263 3208 3353 3264 οὗν
3396 3208 3426 3263 6
3477 3207 3681 3284 ἐχθρὸς

254 3280 315 3353 in
345 3298 537 3355 medio
567 3298 682 3354 sita
713 3303 805 3354 est
834 3298 1111 3354 charitas.
1144 3299 1445 3371 Quotquot
1501 3300 1740 3356 demum
1797 3301 1916 3358 tela

2030 3302 2147 3356 καθ’
2174 3280 2335 3373 ἠίμῶν
2369 3280 2507 3365 κινεῖ
2539 3280 2700 3376 βέλη,
2732 3280 2979 3355 πλείοσιν
3011 3300 3160 3372 ἡμᾶς
3200 3298 3229 3352 6
3256 3297 3453 3373 Κύριος
3484 3280 3682 3359 ὅπλοις

252 3387 312 3441 in
373 3403 481 3442 nos
538 3386 734 3442 vibrat
762 3388 1155 3456 adversarius,
1192 3388 1462 3459 pluribus
1492 3407 1600 3447 nos
1630 3390 1919 3448 Dominus

252 3474 435 3531 armis
466 3476 879 3541 communivit,
911 3492 1046 3532 cum
1078 3478 1149 3532 ad
1185 3476 1437 3534 salutem
1471 3483 1755 3547 nostram,
1790 3484 1917 3535 tum

252 3563 325 3619 ad
357 3579 492 3619 eum
525 3564 971 3620 destruendum.

323 3653 580 3709 62.!nter
612 3653 764 3709 mala
799 3655 1123 3710 maximum
1156 3659 1248 3711 est
1296 3655 1602 3712 iracundia
1651 3657 1867 3712 malum
1903 3674 1916 3712 :

256 3744 349 3798 Ira
375 3745 543 3810 enim,
580 3743 793 3815 inquit,
825 3746 945 3800 viri
967 3746 1242 3814 justitiam
1272 3747 1372 3801 Dei
1399 3764 1511 3801 non
1541 3749 1806 3817 aperatur
1853 3748 1915 3798 1⁸.

258 3835 672 3906 Imperandum
703 3834 905 3909 itaque
934 3842 1019 3891 est
1045 3835 1153 3904 illi,
1189 3826 1337 3909 ιιυίοί
1358 3839 1416 3892 in
1449 3842 1712 3911 tempore
1756 3838 1921 3894 utilis

258 3925 382 3980 visa
410 3929 503 3981 est
535 3942 547 3979 :
581 3924 872 3996 siquidem
905 3925 1079 3981 irasci
1101 3932 1158 3982 et
1186 3928 1540 3984 commoveri
1571 3933 1774 3985 contra
1803 3931 1917 3985 dae-

261 4029 465 4069 mones
488 4014 739 4082 expedit.
774 4020 845 4068 At
873 4015 933 4069 in
967 4015 1266 4073 hominem
1326 4017 1702 4073 vehementer
1753 4036 1915 4075 com-

262 4103 476 4158 moveri
537 4119 912 4175 nequaquam
946 4105 1237 4175 convenit,
1269 4105 1407 4163 licet
1436 4107 1534 4164 ille
1565 4110 1918 4180 peccaverit;

258 4208 460 4248 verum
493 4193 563 4248 ad
625 4194 1094 4265 resipiscentiam
1127 4196 1404 4252 reducere
1445 4195 1611 4253 illum
1669 4203 1918 4271 oportet,

258 4299 393 4338 cum
428 4283 631 4339 sedata
664 4283 957 4339 fueritiras
990 4286 1369 4357 perturbatio.

328 4371 497 4427 63.At
524 4371 683 4428 enim
714 4372 889 4429 irasci
920 4373 1169 4432 fortasse
1197 4376 1397 4431 minus
1456 4376 1677 4432 malum
1738 4377 1921 4433 videri

261 4459 468 4531 possit,
521 4460 795 4517 simultas
845 4478 977 4518 vero
1010 4467 1068 4518 et
1098 4464 1445 4535 injuriarum
1478 4466 1765 4521 memoria
1793 4483 1921 4521 om-

263 4547 424 4604 nium
457 4548 870 4620 gravissimum
902 4555 1008 4605 est.
1044 4552 1136 4606 Ira
1166 4554 1385 4624 quippe
1415 4569 1516 4609 ceu
1552 4555 1772 4619 fumus,
1819 4555 1920 4608 ubi

2026 3388 2390 3469 ἠσφαλίσατο,
2423 3388 2559 3464 πρός
2589 3410 2646 3444 τε
2671 3393 2770 3458 τήν
2803 3391 2963 3463 ἡμῶν
2994 3387 3266 3461 σωτηρίαν
3298 3387 3389 3442 καὶ
3419 3388 3557 3462 πρὸς
3580 3386 3681 3456 τήν

2029 3477 2235 3534 έκείνου
2265 3479 2633 3533 κατάπτωσιν.

2098 3658 2188 3713 62.
2224 3655 2395 3710 Κακὸν
2431 3653 2525 3727 μὶν
2560 3652 2611 3709 έν
2644 3658 2832 3716 κακοῖς
2853 3652 2880 3708 6
2912 3651 3105 3728 θυμός.
3141 3653 3304 3729 Ὀργὴ
3337 3651 3464 3729 γὰρ,
3489 3651 3677 3729 φησὶν,

2028 3740 2223 3819 ἀνδρὸς
2254 3741 2600 3814 δικαιοσύνην
2629 3746 2762 3798 Θεοῦ
2794 3742 2854 3797 οὐ
2882 3741 3288 3817 κατεργάζεται.
3322 3742 3413 3796 Δεὶ
3443 3740 3536 3796 οὖν
3585 3740 3680 3795 αὖ-

2027 3834 2118 3888 τὸν
2148 3836 2419 3909 ἡνιοχεῖν·
2450 3832 2535 3887 ὅτι
2565 3831 2616 3887 ἐν
2647 3836 2822 3909 καιρῷ
2850 3835 3131 3909 χρήσιμος
3162 3828 3340 3909 ὣφθη·
3374 3832 3677 3903 θυμοῦσθαι

2027 3923 2128 3999 γὰρ
2150 3923 2239 3979 καὶ
2272 3928 2533 3987 κινεῖσθαι
2563 3923 2698 3977 κατᾶ
2724 3926 2834 3977 τῶν
2877 3919 3150 3995 δαιμόνων
3198 3921 3481 3999 συμφέρει.
3536 3919 3679 3992 Πρὸς

2030 4010 2088 4068 δὲ
2145 4014 2428 4086 ἄνθρωπον
2491 4009 2740 4089 σφοδρῶς
2799 4011 3061 4067 κινεῖσθαι
3127 4009 3190 4065 ού
3247 4009 3537 4087 προσήκει,
3586 4007 3684 4063 κᾶν

2030 4105 2344 4180 ἁμαρτήσας
2370 4101 2634 4177 τυγχάνῃ·
2668 4099 3004 4178 ἐπιστρέφειν
3040 4097 3100 4155 δὲ
3127 4098 3288 4155 αὐτὸν
3323 4096 3406 4154 δεῖ
3437 4098 3573 4172 μετά
3620 4097 3683 4153 τὸ

2028 4193 2331 4249 παύσασθαι
2361 4192 2425 4247 τὸ
2452 4194 2551 4261 τῆς
2584 4190 2756 4267 ὀργῆς
2789 4194 2980 4254 πάθος.

2099 4375 2189 4429 63.
2224 4369 2323 4426 Καὶ
2359 4369 2424 4425 τὸ
2457 4369 2551 4442 μὲν
2615 4367 2925 4445 ὀργίζεσθαι
2973 4366 3049 4429 ὡς
3109 4364 3161 4420 έν
3211 4370 3400 4428 κακοῖς
3432 4362 3679 4421 ἔλαττον·

2028 4464 2064 4532 ἡ
2112 4459 2171 4516 δὲ
2218 4458 2549 4533 μνησικακία
2603 4456 2819 4512 πάντων
2882 4454 2991 4511 ἐστὶ
3045 4453 3331 4532 βαρυτέρα.
3371 4455 3433 4513 Ὀ
3461 4453 3564 4532 γάρ
3595 4466 3672 4519 θυ-

2035 4552 2139 4622 μὸς
2168 4549 2350 4624 ὥσπερ
2378 4547 2581 4609 καπνὸς
2611 4545 2748 4620 πρὸς
2794 4543 2982 4622 ὀλίγον
3035 4543 3285 4610 θολώσας
3332 4545 3433 4614 τὴν
3492 4546 3679 4619 ψυχὴν

262 4636 332 4691 ad
394 4635 564 4694 breve
591 4645 830 4710 tempus
859 4639 1121 4696 animam
1155 4642 1547 4709 conturbavit,
1580 4642 1873 4697 evanescit
1905 4660 1916 4699 :

2030 4636 2326 4694 διαλύεται·
2360 4640 2396 4706 ἡ
2428 4633 2487 4692 δὲ
2533 4634 2880 4709 μνησικακία,
2931 4631 3113 4709 ὣσπερ
3164 4633 3566 4710 ἐναποπαγεῖσα
3610 4637 3680 4707 τῇ

263 4729 325 4781 at
354 4724 707 4795 injuriarum
741 4727 1025 4782 memoria
1056 4730 1224 4799 quasi
1278 4728 1488 4785 animas
1548 4729 1666 4785 alte
1723 4730 1920 4800 infixa,

266 4812 402 4869 feris
457 4829 588 4869 eam
638 4814 1047 4871 immaniorem
1078 4817 1276 4871 efﬁcit.
1310 4821 1458 4873 Nam
1491 4817 1655 4874 canis
1683 4818 1923 4890 quidem

266 4904 472 4956 contra
502 4901 837 4973 quempiam
873 4902 1282 4970 saeviens,esca
1313 4903 1615 4970 delinitus,
1648 4906 1794 4960 iram
1825 4907 1924 4962 de-

261 4990 431 5061 ponit
464 5007 477 5045 :
513 4988 757 5062 aliaeque
788 4989 996 5046 bellua:
1038 4992 1462 5049 consuetudine
1518 4994 1927 5051 demulcentur

261 5083 319 5135 et
375 5079 745 5147 cicurautur;
782 5081 881 5136 sed
916 5080 1011 5150 qui
1044 5081 1392 5153 injuriarum
1429 5084 1709 5139 memoria
1743 5101 1925 5141 corre-

258 5175 396 5240 ptus
427 5175 536 5238 est,
599 5187 711 5226 non
773 5170 1163 5227 cohortationi
1221 5174 1564 5244 acquiescit,
1624 5192 1739 5230 non
1796 5176 1925 5231 cibo

258 5256 581 5323 emollitur,
633 5275 820 5329 neque
844 5264 1080 5331 tempus
1112 5260 1310 5315 omnia
1342 5261 1685 5331 immutans,
1722 5263 1925 5335 hujus-

258 5346 413 5403 modi
446 5349 717 5404 morbum
750 5350 1060 5405 curaverit.
1092 5349 1159 5404 Hi
1212 5365 1350 5423 ergo
1410 5356 1754 5407 cunctorum
1817 5352 1925 5408 im-

2032 4731 2210 4804 ψυχῇ,
2243 4725 2439 4802 θηρίου
2467 4724 2635 4794 αὐτὴν
2686 4721 2988 4801 δεινοτέραν
3038 4729 3204 4779 ποιεῖ·
3250 4722 3340 4778 καὶ
3379 4721 3524 4778 κύων
3561 4724 3680 4796 μὲν,

2030 4817 2165 4873 κατά
2193 4837 2341 4878 τινος
2373 4814 2644 4888 ἐκμανεὶς,
2679 4812 2780 4869 ὑπὸ
2808 4819 2912 4883 τῆς
2951 4819 3161 4891 τροφῆς
3212 4810 3529 4883 θωπευθεὶς,
3583 4831 3681 4884 με-

2030 4901 2359 4962 ταϐάλλεται
2409 4910 2508 4974 τῆς
2563 4901 2759 4978 ὀργῆς·
2803 4901 2893 4958 καὶ
2941 4897 3123 4958 τᾶλλα
3170 4898 3229 4956 δὲ
3257 4900 3421 4976 θηρία
3451 4900 3555 4955 ὑπὸ
3581 4907 3683 4970 τῆς

2032 4994 2312 5065 συνηθείας
2367 4992 2723 5067 μειλίσσεται·
2777 4993 2806 5047 6
2866 4987 2923 5045 δέ
2970 5012 3031 5066 γε
3077 4993 3146 5065 τῇ
3198 4989 3528 5064 μνησικακίᾳ
3554 5010 3687 5065 κρα-

2031 5083 2294 5157 τούμενος
2327 5083 2388 5137 οὐ
2419 5079 2758 5159 παρακλήσει
2806 5079 3064 5151 πείθεται,
3116 5079 3177 5134 οὐ
3225 5081 3404 5157 τροφῇ
3457 5077 3687 5154 πραύνε-

2029 5195 2141 5245 ται,
2173 5173 2297 5228 cii—ts
2330 5173 2438 5245 μὴν
2466 5172 2495 5225 6
2525 5171 2696 5225 πάντα
2739 5164 3097 5244 μεταϐάλλων
3150 5168 3351 5245 χρόνος
3396 5167 3460 5223 τὸ
3516 5166 3688 5229 πάθος

2030 5261 2230 5317 τούτου
2295 5260 2503 5317 ἰάσατο.
2568 5255 2730 5314 Οὗτοι
2789 5257 2879 5313 οὖν
2941 5251 3282 5312 ἀσεϐέστατοι
3334 5256 3548 5311 πάντων
3583 5255 3688 5311 εἶσὶ

2036 5350 2125 5406 καὶ
2182 5349 2548 5425 ἀνομώτατοι.
2609 5347 2687 5405 Οὐ
2744 5346 2848 5422 γὰρ
2909 5345 3240 5402 ὑπακούουσι
3283 5349 3380 5401 τοῦ
3422 5351 3688 5420 Σωτῆρος

335 5546 381 5582 ¹³
412 5545 591 5602 Hebr.
622 5563 726 5617 xu,
756 5547 848 5603 29.
933 5549 977 5585 ³⁸
1005 5547 1145 5605 Luc.
1176 5565 1280 5620 ιιι,
1311 5549 1399 5608 49.
1482 5550 1569 5607 ¹⁶Ι
1597 5555 1724 5609 Cor.
1757 5567 1880 5623 xm,
1910 5555 1916 5604 ἐ

2043 5551 2088 5589 ⁸⁸
2115 5551 2239 5609 Jac.
2273 5566 2314 5620 1,
2338 5550 2430 5606 20.

335 5721 450 5794 (89)
484 5724 585 5781 va.
619 5731 731 5783 pp.
761 5725 802 5781 1.
831 5743 889 5793 v,
913 5727 968 5795 3,
1008 5728 1091 5783 ne.
