4162 6398
398 433 552 490 1525

1544 427 1729 486 Vl'l‘A
1773 426 1811 485 S
1826 425 2098 485 .tNCT/E
2143 426 2663 486 SYNCLE'l‘lCE.

3649 430 3804 490 1526

399 562 676 637 λέγοντος,
708 559 784 621 ὡς
831 562 1055 633 Ὕπαγε,
1107 562 1322 630 πρῶτον
1371 555 1701 630 διαλλαγηθι
1751 559 1831 626 τῷ
1888 552 2045 609 ἀδελ-

2163 556 2409 628 piissimi
2445 563 2584 613 sunt
2613 564 2669 613 et
2717 558 3072 630 iniquissimi
3109 580 3120 627 ;
3157 577 3270 616 non
3320 561 3476 616 enim
3523 561 3806 618 Salvatori

399 657 485 730 (ρῷ
565 669 693 704 σου·
750 649 841 704 καὶ
903 645 1045 703 οὕτω
1115 648 1350 724 πρόσαγε
1406 647 1468 700 τὸ
1537 643 1711 721 δῶρόν
1772 664 1901 698 σου·
1964 645 2052 698 καὶ

401 740 673 816 ἀλλαχοῦ·
730 739 817 806 Μὴ
869 735 1156 806 ἐπιδυέτω,
1189 736 1373 814 φησὶν,
1428 737 1454 789 ὁ
1499 734 1659 804 ἥλιος
1709 733 1794 789 ἐπὶ
1849 753 2050 808 παρορ-

400 827 589 905 γισμῷ
622 829 798 901 ὑμῶν.

470 1009 560 1063 64.
599 1003 774 1060 Καλδν
811 1006 904 1077 μὲν
939 1002 1028 1058 οῦν
1063 1005 1123 1058 τὸ
1160 1004 1235 1075 μὴ
1269 1003 1604 1078 ὀργισθῆναι·
1641 1001 1684 1054 εἰ
1726 997 1783 1054 δέ
1827 999 1914 1054 καὶ
1963 1000 2050 1073 γέ-

398 1116 580 1164 νηται,
616 1090 741 1148 οὐδὲ
796 1091 989 1165 μέτρον
1034 1113 1116 1145 σοι
1168 1091 1376 1166 ἡμέρας
1419 1090 1554 1166 πρὸς
1602 1090 1664 1143 τὸ
1711 1090 1879 1149 πάθος
1931 1110 2052 1142 συν-

401 1183 706 1259 εχώρησεν,
741 1183 856 1236 εἷπε
909 1183 1008 1256 γὰρ
1075 1181 1149 1252 μή
1215 1178 1456 1234 ἐπιδῦναι
1505 1179 1595 1232 τὸν
1647 1177 1835 1246 ἥλιον.
1879 1177 1952 1231 Σὺ
1999 1174 2055 1231 δὲ

404 1272 621 1348 ἐκδέχῃ,
654 1267 757 1333 ἕως
794 1271 852 1325 ἂν
883 1271 910 1324 6
937 1277 1038 1330 πᾶς
1074 1291 1167 1323 σου
1218 1269 1416 1344 χρόνος
1466 1266 1580 1340 δύῃ.
1617 1267 1732 1321 Οὐκ
1782 1264 1930 1327 οἶδας
1981 1266 2053 1320 εἰ·

399 1367 538 1417 πεῖν·
602 1363 783 1432 Ἀρκεῖ
833 1363 900 1432 τῇ
961 1360 1147 1434 ἡμέρᾳ
1206 1361 1240 1426 ἡ
1298 1357 1459 1412 κακία
1517 1357 1702 1425 αὐτῆς.
1763 1356 1821 1409 Τί
1878 1361 2051 1427 μισεῖς

397 1452 490 1505 τὸν
524 1451 841 1519 λυπήσαντα
872 1447 1154 1516 ἄνθρωπον
1183 1467 1195 1514 ;
1228 1447 1337 1500 Ούκ
1362 1446 1520 1506 αὐτὸς
1569 1447 1634 1514 ἦν
1686 1446 1712 1499 6
1771 1442 2050 1514 ἀδικήσας,

401 1538 526 1593 ἀλλ’
560 1541 587 1592 6
622 1533 902 1598 διάϐολος.
937 1537 1183 1605 Μίσησον
1213 1537 1309 1603 τήν
1343 1535 1518 1604 νόσον,
1550 1534 1637 1588 καὶ
1695 1536 1768 1607 μή
1825 1535 1914 1588 τὸν
1964 1555 2054 1588 νο·

403 1634 618 1683 σοῦντα·
669 1627 728 1681 Τί
788 1626 1026 1702 ἐγκαυχᾷ
1078 1625 1129 1679 ἐν
1189 1624 1370 1694 κακίᾳ,
1432 1621 1657 1692 δυνατέ;
1722 1623 1848 1698 Περὶ
1899 1623 2050 1694 ὑμῶν

400 1723 562 1772 τοῦτο
595 1717 622 1770 6
655 1715 874 1789 ψαλμὸς
929 1709 1171 1783 ἐϐόησεν·
1230 1713 1487 1784 Ἀνομίαν
1539 1713 1662 1786 γὰρ,
1696 1711 1877 1788 φησὶν,
1913 1710 2048 1779 ὅλην

399 1809 498 1875 τήν
531 1805 762 1880 ἡμέραν·
793 1803 1058 1868 τουτέστι,
1089 1802 1261 1856 πάντα
1290 1802 1378 1856 τὸν
1429 1809 1528 1870 τῆς
1582 1806 1726 1870 ζωῆς
1777 1822 1872 1854 σου
1921 1795 2052 1875 χρό-

400 1917 490 1950 νον
523 1893 848 1970 παρακούεις
876 1897 973 1947 τοῦ
1019 1892 1319 1964 νομοθέτου
1347 1895 1444 1945 τοῦ
1477 1889 1754 1964 λέγοντος·
1791 1890 1884 1956 Mi,
1935 1888 2049 1942 ἐπι-

403 1982 574 2040 δυέτω
608 1981 826 2051 ὁῆλιος
885 1980 970 2035 ἐπὶ
1027 1985 1105 2050 τῷ
1162 1984 1524 2055 παροργισμῷ
1585 1979 1734 2049 ὑμῶν
1794 1977 1936 2046 drqu
1971 1975 2048 2048 δὲ,

400 2074 476 2135 ὡς
535 2070 774 2126 Ἀδικίαν
831 2068 1121 2142 ἐλογίσατο
1183 2071 1218 2137 ἡ
1278 2067 1502 2142 γλῶσσά
1577 2089 1708 2120 σου·
1771 2066 1832 2120 ού
1909 2065 2052 2138 παύῃ

398 2162 499 2238 γὰρ
537 2159 875 2237 βλασφημῶν
907 2159 997 2212 τὸν
1031 2155 1264 2234 ἀδελφόν
1319 2178 1433 2212 σου.
1465 2157 1616 2210 Ὅθεν
1670 2153 1850 2210 δικαία
1899 2177 1982 2209 σοι
2014 2157 2048 2223 ἡ

397 2250 638 2325 τιμωρία
668 2250 793 2324 παρ’
825 2247 988 2302 αὐτοῦ
1033 2251 1126 2300 τοῦ
1157 2243 1437 2318 Ὑμνῳδοῦ
1492 2245 1551 2299 ἐκ
1595 2249 1692 2299 τοῦ
1742 2245 2050 2316 ΙΙνεύματος

398 2339 776 2417 προσφέρεται·
839 2338 936 2391 Διά
1003 2334 1166 2390 τοῦτο
1224 2336 1345 2410 γὰρ,
1408 2335 1594 2412 φησὶν,
1655 2337 1682 2388 6
1739 2335 1869 2395 Θεὸς
1927 2345 2051 2396 καθ-

401 2428 513 2484 ελεῖ
563 2449 620 2482 σε
677 2427 750 2488 είς
801 2425 985 2493 τέλος,
1047 2424 1254 2479 ἐκτίλαι
1341 2444 1398 2478 σε
1471 2424 1560 2476 καὶ
1640 2422 2049 2494 μεταναστεῦσαί

399 2538 456 2572 σε
508 2516 614 2571 ἀπὸ
672 2513 1030 2586 σκηνώματός
1091 2534 1208 2580 σου,
1260 2512 1349 2566 καὶ
1425 2512 1487 2566 τὸ
1565 2511 1780 2586 ῥίζωμά
1839 2532 1932 2565 σου
1992 2510 2049 2565 έκ

398 2613 504 2682 γῆς
567 2607 801 2675 ζώντων.
835 2607 1016 2661 Ταῦτα
1068 2607 1144 2674 τῷ
1205 2602 1522 2673 μνησικάκῳ
1572 2600 1637 2654 τὰ
1685 2597 1849 2672 δῶρα·
1881 2604 2048 2655 ταῦτα

398 2702 495 2764 τῆς
524 2694 711 2756 κακίας
742 2693 808 2748 τὰ
839 2688 1066 2755 ἔπαθλα.

466 2877 555 2931 65.
595 2871 962 2935 Φυλάττεσθαι
995 2869 1084 2924 οῦν
1133 2866 1250 2923 δέον
1299 2868 1403 2924 ἀπὸ
1456 2867 1828 2940 μνησικακίας·
1862 2864 2047 2921 πολλᾶ

394 2963 495 3038 γὰρ
546 2961 682 3034 αὐτῇ
740 2957 1101 3021 ἀκολουθοῦσι
1162 2953 1327 3027 δεινὰ,
1359 2955 1574 3032 φθόνος,
1608 2954 1779 3026 λύπη,
1811 2953 2042 3009 καταλα-

397 3051 509 3107 λιά.
570 3044 1256 3126 Θανατηιρόροςὴτούτων
1318 3043 1496 3114 κακία,
1530 3043 1624 3097 κᾶν
1688 3048 1853 3120 μικρᾶ
1909 3041 2042 3117 δοκῇ

394 3139 909 3216 τυγχάνειν.Ταῦτα
972 3137 1065 3208 μὲν
1126 3136 1230 3209 γὰρ
1288 3132 1468 3208 ὥσπερ
1532 3131 1668 3207 βέλη
1721 3131 1893 3187 λεπτά
1947 3138 2044 3188 τοῦ

397 3229 599 3304 ἐχθροῦ
654 3227 1004 3302 τυγχάνουσι.
1037 3224 1132 3278 Καὶ
1193 3221 1461 3283 πολλάκις
1517 3225 1582 3276 τὰ
1629 3222 1733 3276 ἀπὸ
1783 3220 2044 3295 διστόμου

2163 647 2571 717 obsequuntur
2596 647 2678 702 sic
2727 649 2976 719 loquenti
3014 668 3025 704 :
3064 650 3203 704 Vade
3255 653 3410 721 prius
3455 653 3810 707 reconciliari

2161 737 2336 805 fratri
2377 741 2466 791 tuo
2517 756 2532 790 :
2581 740 2764 807 sicque
2807 740 2946 808 oﬂer
3011 756 3207 793 munus
3265 744 3418 794 tuum
3481 741 3541 773 ¹⁷·
3576 740 3643 794 Et
3695 741 3808 796 alio

2165 823 2337 879 loco:
2389 824 2507 891 Sot,
2554 825 2768 896 inquit,
2818 842 2927 880 non
2981 828 3189 882 occidat
3246 844 3410 898 super
3455 828 3807 885 iracundiam

2165 917 2395 968 vestram
2434 915 2494 967 ιθ.

2233 1004 2303 1056 64
2357 1004 2554 1075 Operae
2603 1004 2853 1074 pretium
2904 1005 3085 1074 igitur
3130 1012 3216 1060 est
3249 1023 3363 1062 non
3395 1007 3567 1063 irasci
3603 1025 3616 1062 :
3652 1009 3807 1078 quod

2165 1091 2210 1146 si
2246 1098 2438 1147 tamen
2475 1093 2526 1145 id
2565 1093 2891 1164 contigerit,
2925 1111 2997 1148 ne
3030 1095 3202 1150 unius
3249 1098 3484 1166 quidem
3531 1096 3642 1151 diei
3674 1114 3808 1168 spa-

2165 1179 2310 1234 tium
2347 1182 2448 1235 tibi
2484 1182 2768 1236 Cnncessit
2801 1183 2870 1236 ad
2904 1183 3081 1237 animi
3119 1188 3339 1238 motum
3393 1185 3761 1240 retinendum
3792 1202 3805 1240 :

2168 1271 2436 1340 prmcepit
2465 1273 2618 1324 enim
2657 1289 2726 1324 ne
2757 1271 2841 1326 s01
2893 1273 3139 1326 occidat.
3191 1273 3271 1326 Tu
3322 1290 3454 1328 vero
3500 1276 3808 1344 procrasti-

2167 1376 2290 1426 nas,
2325 1360 2506 1414 donec
2539 1366 2725 1413 totum
2760 1361 2886 1414 vitae
2935 1367 3046 1414 tua:
3097 1367 3332 1432 tempus
3376 1364 3670 1417 occiderit.
3701 1363 3810 1418 No-

2165 1448 2280 1501 scis
2317 1447 2425 1501 hoc
2457 1448 2649 1502 dicere
2683 1465 2694 1501 :
2731 1449 2948 1517 Sufficit
2977 1449 3066 1504 die
3095 1451 3319 1504 malitia
3347 1467 3451 1505 sua
3477 1451 3542 1504 29.
3576 1452 3689 1506 Cur
3717 1453 3814 1507 ho-

2169 1537 2379 1590 minem
2414 1537 2546 1590 odio
2600 1537 2798 1604 babes,
2849 1537 2943 1603 qui
2994 1543 3049 1591 te
3100 1537 3367 1594 molestia
3417 1540 3654 1594 affecit?
3683 1541 3808 1594 Non

2164 1624 2286 1695 ipse
2321 1626 2424 1678 tibi
2459 1625 2736 1694 injuriazr.
2774 1626 2988 1695 intulit,
3023 1627 3124 1680 sed
3159 1628 3452 1682 diabolus.
3486 1629 3627 1684 Odia
3659 1629 3811 1684 habe

2162 1715 2590 1784 aegritudinem;
2621 1732 2730 1768 non
2765 1732 2983 1784 aygrum
3024 1732 3036 1768 :
3072 1716 3212 1783 Quid
3237 1715 3510 1787 gloriaris
3561 1720 3617 1772 in
3651 1720 3808 1772 mati-

2160 1805 2258 1871 tia,
2290 1807 2386 1874 qui
2411 1815 2596 1875 potens
2647 1823 2702 1860 es
2757 1806 2846 1859 2°?
2877 1810 2949 1859 De
2979 1812 3032 1860 te
3074 1807 3180 1861 hoc
3229 1806 3540 1862 Psalmista
3587 1807 3806 1864 clama-

2161 1891 2239 1946 vit
2273 1909 2285 1946 :
2320 1894 2374 1947 In
2408 1895 2704 1963 iniquitate
2733 1894 2910 1959 enim,
2942 1894 3151 1964 inquit,
3184 1899 3294 1950 tota
3323 1896 3410 1950 dze
3431 1897 3472 1930 ²¹
3508 1914 3521 1963 ;
3559 1898 3663 1952 hoc
3693 1903 3804 1963 est,

2163 1985 2281 2035 toto
2301 1983 2424 2035 vita:
2445 1987 2833 2052 tumtempore
2858 2001 2968 2036 non
3000 1983 3805 2054 obtemperaslegislatoridi-

2162 2073 2311 2124 centi
2349 2087 2360 2124 :
2394 2072 2507 2125 Non
2539 2070 2753 2125 occidat
2783 2071 2870 2125 sot
2895 2087 3059 2139 super
3080 2072 3432 2126 iracundiam
3454 2075 3809 2129 vestram.Ait

2161 2165 2358 2214 autem
2387 2177 2398 2214 :
2433 2160 2729 2226 lniustiam
2750 2162 3003 2229 cogitavit
3034 2160 3227 2228 lingua
3259 2165 3352 2215 tua
3381 2161 3575 2216 ".Non
3610 2179 3808 2218 cessus

2164 2248 2396 2302 fratrem
2431 2253 2597 2302 tuum
2632 2249 2916 2302 inceSsere
2938 2248 3279 2303 maledictis.
3316 2251 3503 2314 Quare
3532 2253 3807 2306 meritum

2163 2337 2263 2391 tibi
2295 2336 2650 2408 supplicium
2674 2337 2745 2391 ab
2777 2338 2903 2408 ipso
2936 2336 3248 2393 Psalmista
3273 2355 3340 2392 ex
3362 2339 3580 2410 Spiritu
3606 2347 3810 2396 sancto

2160 2426 2533 2480 renuntiatur
2567 2451 2579 2491 ;
2613 2427 2938 2497 Propterea,
2975 2425 3189 2496 inquit,
3223 2428 3363 2481 Deus
3401 2426 3637 2483 destruet
3666 2433 3718 2484 te
3749 2431 3810 2484 in

2157 2516 2341 2584 ﬁnem,
2373 2519 2423 2570 et
2454 2516 2728 2582 emigrare
2755 2514 2916 2583 faciet
2944 2518 2996 2568 te
3015 2514 3079 2568 de
3123 2515 3471 2570 tabernaculo
3497 2525 3609 2584 tuo,
3641 2526 3692 2571 et
3721 2535 3808 2572 ra-

2157 2605 2344 2659 dicem
2378 2609 2531 2658 tuam
2559 2605 2625 2658 de
2656 2612 2806 2658 terra
2855 2606 3153 2658 viventium
3205 2603 3271 2658 ’3.
3306 2603 3434 2659 Haec
3482 2611 3622 2660 sunt
3650 2607 3807 2661 dona

2156 2709 2359 2747 eorum
2392 2693 2492 2763 qui
2543 2693 2888 2748 memoriam
2943 2693 3196 2748 retinent
3246 2693 3617 2763 injuriarum.
3672 2695 3804 2751 Hac

2155 2779 2476 2836 simultatis
2510 2781 2766 2853 praemia.

2223 2872 2313 2924 65.
2364 2874 2683 2925 Cavcamus
2731 2887 2867 2942 ergo
2935 2872 3004 2925 ab
3075 2871 3426 2938 injuriarum
3495 2874 3796 2928 memoria.

2155 2958 2336 3013 Multa
2388 2961 2604 3031 quippe
2651 2968 3096 3030 consequuntur
3154 2976 3282 3014 eam
3333 2960 3508 3027 mala,
3561 2961 3800 3026 invidia,

2156 3047 2414 3113 tristitia,
2448 3048 2809 3103 obtrectatio.
2845 3047 3129 3104 Lethifera
3156 3054 3245 3103 est
3290 3049 3502 3105 horum
3553 3051 3799 3118 malitia,

2157 3136 2290 3191 licet
2323 3138 2547 3192 nodica
2581 3138 2863 3192 videatur.
2912 3137 3130 3192 Etenim
3185 3137 3386 3198 isthcec
3435 3146 3574 3194 sunt
3624 3141 3802 3195 veluti

2159 3225 2385 3280 minora
2417 3225 2636 3280 inimici
2690 3225 2819 3280 tela.
2878 3225 3229 3297 Plerumque
3273 3232 3467 3282 tamen
3499 3229 3712 3284 accidit
3744 3238 3808 3284 ut

401 3316 676 3393 μαχαίρας
735 3315 823 3370 καὶ
888 3313 1129 3386 μείζονος
1207 3311 1388 3388 ξίφους
1445 3310 1746 3386 τραύματα,
1794 3311 1883 3365 οἷά
1936 3311 2044 3366 ἐστι

2163 3315 2400 3370 vulnera
2431 3332 2531 3386 per
2560 3314 2819 3386 gladium
2855 3314 3189 3386 ancipitem,
3241 3321 3299 3370 et
3347 3316 3668 3372 maximum
3704 3337 3807 3373 en-

397 3405 620 3478 πορνεία
667 3404 756 3458 καὶ
804 3401 1110 3474 πλεονεξία,
1141 3400 1230 3455 καὶ
1282 3399 1462 3476 φόνος,
1493 3398 1716 3469 ίάθησαν
1777 3398 2047 3461 πολλάκις

399 3492 488 3550 διὰ
541 3500 637 3549 τοῦ
696 3492 972 3563 σωτηρίου
1030 3489 1316 3568 φαρμάκου
1370 3495 1469 3558 τῆς
1521 3487 1825 3560 μετανοίας·
1888 3489 2047 3560 ὑπερ-

398 3583 602 3659 ηφανία
643 3580 722 3651 δὲ,
753 3582 788 3650 ἢ
844 3579 1193 3654 μνησικακία,
1225 3579 1259 3647 ἢ
1292 3575 1618 3645 καταλαλιά,
1651 3577 1829 3651 ὥσπερ
1883 3579 2050 3651 μικρὰ

403 3670 666 3728 δοκοῦντα
697 3671 829 3725 εἶναι
865 3669 1026 3739 βέλη,
1061 3667 1434 3732 λανθανόντως
1477 3666 1878 3736 ἀνεῖλαν,’κατά
1940 3672 2046 3722 τῶν

400 3760 767 3836 καιριωτέρων
811 3766 910 3829 τῆς
957 3762 1141 3833 ψυχῆς
1195 3757 1400 3832 μορίων
1461 3758 1712 3831 παγέντα.
1763 3759 1942 3813 Ταῦτα
1992 3755 2049 3812 δὲ

401 3850 462 3906 οὐ
492 3855 570 3922 τῷ
604 3848 809 3922 μεγέθει
843 3849 1050 3924 ἀναιρεῖ
1076 3853 1174 3915 τῆς
1223 3845 1471 3920 πληγῆς,
1502 3843 1649 3900 ἀλλά
1703 3849 1771 3919 τῇ
1821 3843 2049 3918 ἀμελείᾳ

398 3945 504 3995 τῶν
549 3937 883 4016 τρωθέντων·
919 3937 994 3996 ὡς
1031 3932 1264 4008 μηδενὸς
1319 3934 1418 4009 γὰρ
1478 3929 1648 3987 ὄντων
1707 3937 2046 4011 καταφρονή-

399 4050 584 4090 σαντες
617 4035 717 4097 τῆς
747 4047 805 4081 τε
854 4022 1187 4085 καταλαλιᾶς
1214 4022 1302 4077 καὶ
1352 4023 1458 4079 τῶν
1511 4021 1743 4090 λοιπῶν,
1770 4023 1906 4076 κατὰ
1955 4045 2043 4095 μι-

395 4120 523 4193 κρὸν
561 4118 648 4173 ὑπ’
679 4116 854 4170 αὐτῶν
889 4112 1272 4192 διεφθάρησαν.

466 4210 560 4263 66.
598 4205 738 4279 Βαρὺ
798 4203 888 4259 οὖν
944 4203 1033 4258 καὶ
1093 4201 1376 4278 μοχθηρὸν
1424 4203 1457 4269 ἡ
1508 4199 1832 4255 καταλαΛιά·
1866 4202 2043 4278 τροφή

394 4295 494 4371 γὰρ
552 4295 640 4350 καὶ
701 4293 983 4348 ἀνάπαυλά
1035 4313 1195 4346 τινων
1228 4291 1522 4366 ἀνθρώπων
1553 4289 1834 4366 τυγχάνει.
1881 4291 1954 4345 Σὺ
1989 4288 2046 4345 δὲ

399 4386 474 4458 μή
507 4381 775 4460 παραδέξῃ
803 4383 971 4451 ἀκοὴν
1009 4381 1258 4454 ματαίαν,
1295 4381 1370 4453 μὴ
1418 4381 1525 4434 τῶν
1581 4378 1887 4454 ἀλλοτρίων
1944 4401 2036 4434 κα-

393 4478 502 4529 κῶν
536 4471 752 4550 δοχεῖον
774 4472 918 4548 γένῃ.
937 4471 1251 4546 ’Δπέριττον
1287 4473 1510 4524 σεαυτοῦ
1537 4471 1636 4537 τήν
1662 4471 1845 4544 ψυχὴν
1879 4491 2045 4542 παρα-

394 4563 633 4632 σκεύαζε.
666 4559 1062 4632 Ὑποδεξαμένη
1122 4561 1223 4633 γὰρ
1283 4559 1381 4627 τὴν
1442 4555 1657 4628 δυσώδη
1703 4563 1810 4612 τῶν
1863 4557 2044 4633 λόγων

2161 3421 2285 3458 sem
2318 3404 2558 3468 inﬂicta,
2593 3402 2926 3472 cujusmodi
2964 3409 3126 3468 sunt,
3177 3404 3505 3471 fornicatio,
3542 3408 3807 3473 avaritia,

2161 3491 2569 3557 homicidium,
2632 3491 2871 3546 salutari
2916 3492 3267 3563 poenitentia:
3336 3494 3562 3548 medela
3605 3503 3811 3552 curata

2160 3581 2376 3636 fuerint
2406 3599 2419 3636 :
2456 3582 2730 3652 superbia
2757 3598 2910 3646 vero,
2958 3581 3309 3650 injuriarum
3358 3583 3660 3647 memoria,
3693 3586 3798 3640 ob-

2163 3671 2448 3735 trectatio,
2481 3689 2606 3743 qua:
2642 3688 2740 3741 pro
2793 3670 3056 3725 minimis
3105 3669 3238 3725 telis
3293 3671 3602 3738 habentur,
3652 3672 3807 3729 clam

2160 3760 2735 3831 interemerintﬁpsis
2771 3759 3152 3814 nobilioribus
3185 3760 3392 3814 animae
3417 3761 3679 3831 partibus
3707 3762 3807 3818 de-

2164 3851 2294 3904 ﬁxa.
2335 3854 2462 3902 Haec
2485 3854 2680 3902 autem
2710 3866 2822 3903 non
2838 3850 3119 3920 gravitate
3142 3847 3397 3902 vulneris
3421 3849 3802 3916 interficiunt,

2157 3940 2254 3994 sed
2307 3937 2533 3994 incuria
2588 3937 2981 4003 vulneratum,
3052 3937 3150 4008 qui
3199 3953 3331 3990 cum
3383 3938 3800 3994 detractionem

2157 4045 2290 4083 cum
2325 4027 2564 4098 reliquis
2595 4026 2752 4080 vitiis
2779 4026 2942 4080 nihili
2980 4025 3546 4097 pendant,paulatim
3584 4044 3684 4098 per
3704 4027 3804 4083 illa

2158 4121 2420 4188 pereunt.

2224 4207 2313 4260 60.
2347 4210 2529 4259 Grave
2560 4204 2736 4275 igitur
2765 4209 2823 4258 et
2844 4202 3239 4274 perniciosum
3259 4203 3561 4274 quidpiam
3595 4207 3803 4261 estob-

2157 4295 2443 4362 tractatio,
2476 4311 2599 4364 qua)
2630 4293 2795 4348 cibus
2827 4298 2912 4347 est
2941 4308 3007 4347 ac
3040 4291 3213 4347 veluti
3254 4292 3484 4362 requies
3516 4310 3800 4364 quorum-

2157 4386 2290 4440 dam
2326 4383 2654 4439 hominum.
2706 4383 2792 4436 Tu
2841 4398 2971 4436 vero
3015 4398 3083 4435 ne
3133 4381 3390 4452 excipias
3440 4381 3800 4439 auditionem

2157 4472 2394 4540 malam,
2424 4489 2495 4526 ne
2526 4471 2773 4526 aliorum
2810 4471 3098 4525 malorum
3133 4486 3198 4524 ac
3237 4469 3506 4525 vitiorum
3543 4477 3801 4542 recepta-

2153 4562 2352 4617 culum
2385 4563 2616 4616 evadas.
2638 4559 2904 4613 Animam
2946 4564 3107 4614 tuam
3137 4559 3348 4614 reddas
3369 4560 3686 4630 superﬂuis
3704 4578 3799 4617 va-

391 4651 736 4728 ἀκαθαρσίαν,
769 4647 1000 4719 κηλίδας
1029 4652 1097 4720 τῇ
1132 4647 1270 4722 εὐχῇ
1315 4669 1414 4702 σου
1462 4648 1745 4718 προσάξεις
1798 4645 1886 4702 διὰ
1929 4653 2034 4702 τῶν

2163 4669 2344 4707 suam.
2379 4651 2436 4705 Si
2472 4666 2718 4720 namque
2747 4648 3012 4720 putidam
3045 4664 3383 4702 sermonum
3419 4647 3672 4704 illuviem
3703 4651 3800 4706 ad-

393 4740 700 4816 λογισμῶν,
727 4739 816 4794 καὶ
850 4737 1099 4797 ἀναιτίως
1135 4738 1380 4808 μισήσεις
1410 4734 1538 4798 τοὺς
1589 4735 2034 4811 ἐντυγχάνοντας.

391 4823 796 4905 Καταϐαφείσης
829 4830 932 4901 γάρ
960 4845 1054 4878 σου
1082 4830 1181 4892 τῆς
1215 4823 1381 4891 ἀκοῆς
1415 4823 1515 4876 ὑπὸ
1569 4830 1666 4892 τῆς
1716 4828 1820 4877 τῶν
1869 4846 2035 4878 κακο-

390 4915 703 4993 λογούντων
750 4912 1158 4989 ἀπανθρωπίας,
1194 4913 1425 4986 ἀγεννῶς
1485 4918 1642 4967 πᾶσιν
1696 4911 2031 4976 ἐνατενίσεις⁸

389 5007 624 5080 καθάπερ
659 5008 687 5061 6
722 5001 1030 5082 ὀφθαλμὸς,
1072 5002 1329 5078 χρώματι
1380 5001 1762 5076 ἀκρατέστερον
1819 5002 2032 5078 προλη-

389 5098 558 5174 φθεὶς,
589 5093 900 5170 ἀδιάκριτον
960 5091 1074 5168 ἔχει
1129 5090 1347 5166 περὶτὰ
1379 5091 1626 5165 ὁρώμενα
1680 5091 1779 5158 τήν
1831 5113 2032 5169 φαντα-

386 5185 499 5241 σίαν
511 5227 522 5238 .

453 5369 545 5422 67.
583 5367 673 5418 Δεῖ
731 5358 822 5416 οῦν
891 5357 1250 5436 φυλάττεσθαι
1325 5359 1422 5426 τήν
1483 5357 1730 5433 γλῶτταν
1789 5359 1876 5412 καὶ
1933 5361 2031 5427 τήν

386 5455 578 5523 ἀκοὴν,
610 5451 744 5526 πρὸς
775 5450 838 5504 τὸ
873 5451 1012 5523 μήτε
1038 5447 1212 5524 λέγειν
1247 5469 1297 5501 τι
1328 5453 1598 5521 τοιοῦτον,
1635 5450 1772 5520 μήτε
1820 5449 2035 5503 ἀκούειν

385 5544 676 5617 ἐμπαθῶς,
737 5541 1038 5614 Γέγραπται
1097 5538 1242 5612 γὰρ,
1302 5538 1375 5599 ὡς
1436 5538 1522 5606 Μὴ
1583 5538 1749 5606 ἀκοήν
1809 5537 2032 5610 ματαίαν

459 5764 498 5797 ⁸⁷
532 5759 741 5818 Matth.
771 5774 829 5827 v,
859 5757 950 5812 24.
1030 5756 1072 5794 ¹⁶
1106 5756 1316 5829 Ephes,
1359 5775 1434 5825 ιν,
1455 5759 1547 5825 26,

1629 5759 1672 5796 ιθ
1701 5758 1907 5816 Matth.
1937 5777 2010 5829 v1,
2042 5759 2129 5816 34.

2149 4741 2400 4806 miseris,
2439 4738 2697 4794 maculas
2730 4737 2975 4792 orationi
3009 4744 3118 4791 tuae
3149 4754 3422 4809 asperges
3455 4754 3557 4810 per
3586 4737 3795 4808 hujus-

2149 4830 2305 4885 modi
2337 4829 2737 4898 cogitationes,
2771 4832 2828 4882 et
2859 4828 3081 4898 absque
3111 4843 3290 4882 causa
3318 4827 3512 4882 oderis
3560 4845 3660 4883 eos
3690 4829 3792 4900 qui

2147 4926 2333 4975 tecum
2369 4926 2691 4974 versantur.
2743 4919 2896 4972 080
2951 4917 3196 4972 Imbutis
3243 4933 3499 4988 namque
3547 4918 3793 4975 aunbus

2145 5011 2262 5064 tuis
2293 5011 2755 5063 obtrectatorum
2799 5005 3251 5073 inhumanitate,
3285 5004 3555 5060 illiberali
3589 5008 3789 5063 animo

2144 5104 2389 5152 cunctos
2410 5097 2688 5166 aspicies:
2722 5095 3220 5166 quemadmodum
3244 5093 3451 5149 oculus
3475 5095 3787 5150 vehemen-

2143 5188 2287 5240 tiore
2317 5193 2634 5256 occupatus
2665 5184 2875 5253 colore,
2906 5185 3214 5240 obscuram
3240 5183 3416 5239 habet
3444 5199 3640 5238 rerum
3663 5201 3792 5256 per-

2145 5275 2493 5345 ceptionem.

2215 5365 2303 5417 67.
2341 5362 2582 5433 Oportet
2615 5362 2791 5434 igitur
2822 5362 3082 5433 linguam
3135 5378 3421 5433 auresque
3467 5362 3790 5430 custodire,

2148 5470 2218 5508 ne
2246 5452 2387 5522 quid
2421 5451 2714 5522 ejusmodi
2747 5451 2995 5506 libenter
3043 5451 3353 5508 audiamus
3385 5449 3471 5505 vel
3503 5450 3790 5507 dicamus.

2145 5541 2444 5612 Scriptum
2480 5556 2732 5610 namque
2780 5545 2871 5594 est
2905 5557 2917 5595 :
2950 5541 3073 5595 Non
3102 5542 3406 5613 suscipietis
3453 5540 3792 5596 auditionem

2211 5761 2256 5794 πο
2285 5759 2437 5817 Psal.
2472 5713 2625 5827 1,1,1.
2703 5757 2745 5793 ει
2780 5756 2927 5813 ibid.
3013 5725 3317 5814 “ibid.4-
3396 5761 3442 5803 πε
3473 5759 3613 5815 ibid.
3642 5759 3698 5814 7.
