4162 6424
317 370 469 430 1527

1487 365 1551 425 S.
1599 361 2126 424 ATHANASIUS.
2151 391 2231 404 —
2260 362 2403 425 SPU
2418 363 2571 423 RIA.

3586 363 3739 430 I528

322 517 525 557 vanam
557 500 602 534 "
639 517 658 554 :
708 502 787 569 et,
837 498 1219 553 Detrahentem
1274 505 1478 553 secreto
1533 494 1790 567 proximo
1845 509 1958 562 svo,

2092 488 2483 564 παραδέξασθαι·
2545 493 2656 566 καὶ,
2709 493 2809 548 Τὸν
2896 492 3307 569 ραταλαλοῦντα
3392 493 3567 572 λάθρα
3652 501 3734 570 τῷ

323 589 470 646 hunc
496 587 863 660 persequebar
900 587 966 644 ’⁸.
1011 588 1178 658 Apud
1212 585 1585 641 Psalmistam
1620 600 1852 656 quoque
1876 582 1967 636 di-

315 679 470 734 citur
502 694 515 732 :
553 678 617 734 Ut
646 692 755 731 non
788 677 1054 746 loquatur
1083 691 1141 730 os
1170 690 1357 729 meum
1388 690 1557 745 opera
1585 673 1873 727 hominum
1902 671 1965 725 ³⁸.

314 766 428 822 Nos
460 782 592 821 vero
622 764 799 820 etiam
831 780 899 819 ea
946 779 1075 834 quae
1107 779 1219 817 non
1255 766 1396 817 sunt
1445 777 1621 832 opera
1649 759 1967 830 loquimur.

314 856 516 927 Itaque
547 870 663 910 non
694 854 1049 908 credendum
1083 850 1427 919 hujusmodi
1461 849 1971 912 sermonibus,nec

317 958 515 1001 tamen
546 941 870 997 damnandi
900 941 1000 1012 qui
1033 940 1169 994 talia
1200 939 1545 1010 loquuntur.
1573 936 1973 1007 Verumjuxta

318 1034 573 1089 divinam
605 1031 969 1102 Scripturam
1001 1029 1057 1083 id
1093 1029 1373 1092 t‘acias,id
1405 1027 1567 1082 dicas
1600 1043 1611 1080 ε
1646 1027 1760 1093 Ego
1788 1028 1973 1081 autem

318 1125 461 1178 sicut
488 1120 690 1175 surdus
716 1134 825 1174 non
850 1117 1165 1185 audiebam,
1204 1126 1254 1172 et
1283 1117 1428 1171 sicut
1472 1119 1661 1170 mutus
1710 1130 1819 1170 non
1850 1130 1974 1185 ape-

320 1212 472 1267 riens
492 1225 548 1265 os
574 1225 759 1264 meum
785 1208 850 1262 ³⁷.

392 1302 482 1356 68.
531 1304 658 1355 Non
708 1299 873 1353 decet
919 1296 1102 1352 laetari
1149 1296 1220 1350 de
1287 1295 1547 1352 hominis
1615 1293 1971 1363 calamitate,

324 1389 593 1463 quamvis
625 1389 917 1442 maximus
947 1387 1025 1441 sit
1053 1390 1338 1456 peccator.
1373 1384 1619 1450 Quidam
1650 1384 1972 1449 enim,cum

325 1478 663 1551 quempiam
698 1477 895 1531 vident
924 1472 1126 1546 ﬂagris
1156 1473 1411 1538 caedi,vel
1437 1467 1495 1527 in
1529 1488 1815 1527 carcerem
1841 1489 1975 1527 con-

317 1568 445 1640 jici,
478 1567 746 1639 imperite
771 1566 1138 1636 proverbium
1191 1562 1337 1618 illud
1388 1562 1664 1618 saaculare
1714 1578 1972 1633 pronun-

324 1657 474 1712 tiant
507 1673 520 1712 :
555 1656 659 1723 Qui
686 1655 833 1709 male
861 1655 1142 1720 straverit,
1174 1654 1374 1707 misere
1416 1651 1668 1707 canabit.
1719 1650 1806 1704 Tu
1836 1664 1974 1721 ergo

325 1762 451 1817 quae
484 1746 661 1817 probe
695 1742 797 1799 tibi
828 1760 920 1798 res
952 1742 1233 1808 stravisti,
1277 1740 1523 1796 conﬁdis
1555 1746 1611 1795 te
1658 1737 1976 1811 tranquille

324 1840 585 1891 acturam
612 1831 740 1888 vitae
770 1837 1027 1903 tempus.
1080 1830 1294 1900 Ecquid
1324 1829 1608 1884 faciemus
1657 1828 1710 1883 ei
1758 1828 1854 1900 qui
1888 1828 1973 1882 af-

324 1922 522 1977 ﬁrmat
553 1937 738 1977 unum
769 1924 1044 1976 eventum
1075 1935 1204 1974 esse
1244 1919 1409 1989 justo
1456 1923 1515 1972 et
1562 1916 1850 1988 peccatori
1881 1916 1926 1950 ³⁸
1946 1914 1974 1969 ?

325 2010 454 2067 Una
481 2010 698 2082 quippe
728 2009 900 2064 nobis
931 2008 1028 2064 hic
1076 2012 1166 2063 est
1193 2007 1322 2062 vitae
1374 2004 1653 2065 conditio.
1707 2006 1978 2078 quamvis

327 2098 623 2155 diversum
656 2103 952 2154 sectemur
972 2096 1334 2151 institutum.

408 2188 501 2243 69.
554 2186 680 2242 Non
732 2185 866 2241 licet
913 2185 1048 2241 odio
1086 2184 1301 2240 habere
1352 2183 1645 2240 inimicos.
1694 2182 1981 2238 Dominus

336 2276 495 2333 enim
527 2276 638 2331 hoc
670 2274 838 2331 nobis
866 2290 1003 2329 voce
1034 2274 1269 2346 propria
1291 2271 1600 2344 jussit.Ait
1627 2272 1784 2327 enim
1819 2289 1831 2326 :
1864 2273 1983 2328 Non

326 2367 503 2424 solum
530 2381 619 2422 eos
646 2366 744 2435 qui
770 2379 863 2420 vos
886 2362 1133 2435 diligunt
1160 2362 1377 2433 diligite
1406 2378 1420 2417 :
1454 2363 1551 2418 hoc
1595 2363 1745 2417 enim
1788 2370 1839 2418 et
1864 2377 1985 2433 pec-

331 2463 537 2512 catores
565 2462 617 2510 et
640 2454 928 2526 publicani
945 2454 1160 2524 faciunt
1188 2452 1484 2507 “.Bonum
1508 2451 1665 2507 enim
1691 2467 1805 2506 non
1838 2455 1981 2516 arte,

327 2559 444 2600 non
477 2541 1041 2613 certamineindiget
1070 2545 1136 2596 ut
1156 2545 1583 2612 captetur,nam
1617 2541 1685 2594 ad
1720 2556 1783 2594 se
1804 2538 1986 2593 trahit

331 2637 637 2700 amantes;
669 2629 892 2686 malum
922 2646 1056 2686 vero
1088 2630 1287 2685 divina
1321 2629 1589 2685 doctrina
1619 2645 1767 2699 opus
1809 2627 1986 2684 habet

332 2726 399 2777 ut
429 2720 755 2790 aboleatur,
787 2723 965 2791 atque
996 2719 1194 2774 labore
1226 2717 1430 2774 multo.
1464 2717 1698 2773 Scilicet
1736 2732 1984 2789 regnum

340 2809 621 2866 caelorum
664 2825 781 2863 non
813 2812 904 2865 est
940 2806 1354 2880 languidorum
1421 2805 1830 2878 segniumque,
1881 2806 1983 2861 sed

328 2898 744 2955 violentorum.

400 2989 492 3044 70.
524 2986 1032 3054 Quemadmodum
1066 3000 1202 3057 ergo
1234 3001 1351 3041 non
1384 2982 1520 3040 licet
1547 2982 1821 3040 inimicos
1851 2983 1984 3039 odio

330 3078 563 3144 habere;
583 3076 666 3132 ita
683 3092 869 3147 neque
891 3075 1254 3147 negligentes
1284 3079 1341 3128 et
1363 3074 1561 3145 pigros
1594 3074 1792 3144 fugere
1813 3090 1984 3145 cpor-

329 3171 414 3222 tet
441 3169 499 3222 et
518 3163 1157 3227 subsannare.Quidam
1192 3167 1333 3217 sunt
1363 3161 1460 3234 qui
1485 3161 1637 3216 hanc
1668 3162 1984 3234 Scripturaa

329 3253 681 3311 sententiam
714 3253 825 3309 sibi
848 3254 1149 3324 proferunt
1183 3269 1195 3307 :
1230 3252 1365 3306 Cum
1385 3254 1577 3306 sancto
1605 3259 1828 3306 sanctus
1846 3252 1979 3317 eris,
2012 3235 2054 3302 C

325 3351 523 3400 etcum
546 3358 799 3414 perverso
828 3358 945 3397 una
974 3344 1255 3397 convertes
1272 3339 1984 3412 “.Proptereajnquiuut,

329 3431 588 3501 fugimus
619 3435 973 3503 peccatores,
1009 3446 1080 3485 ne
1110 3430 1182 3485 ab
1213 3430 1298 3485 eis
1342 3434 1764 3500 pervertamur.
1819 3429 1883 3483 Hi
1916 3446 1985 3484 ex

327 3520 509 3576 animi
539 3519 873 3591 ignorantia
904 3536 1076 3575 secus
1106 3535 1168 3574 se
1217 3521 1449 3589 gerunt.
1505 3517 1683 3572 Jubet
1733 3520 1984 3589 namque

330 3609 590 3682 Spiritus
637 3614 900 3674 sanctus,
954 3625 1068 3663 non
1120 3608 1361 3678 quidem
1406 3612 1470 3661 ut
1509 3622 1641 3662 cum
1698 3607 1984 3678 perversis

329 3703 763 3768 pervertamur;
798 3697 897 3752 sed
933 3700 998 3752 ut
1017 3713 1085 3751 ex
1107 3700 1370 3750 tortuosa
1399 3694 1493 3750 via
1522 3695 1590 3749 ad
1625 3699 1841 3750 rectam
1876 3711 1981 3750 nos

329 3792 763 3843 convertemus.
821 3787 939 3843 Una
984 3792 1259 3841 convertes
1304 3784 1463 3838 enim
1515 3782 1825 3854 signiﬁcat,
1866 3800 1984 3840 una

326 3876 527 3932 trahes
558 3875 753 3948 ipsum
787 3875 860 3929 ad
895 3882 964 3940 le,
1000 3891 1032 3929 a
1063 3872 1322 3929 sinistris
1355 3873 1425 3928 ad
1457 3871 1680 3928 dextra.

393 4053 485 4107 71.
519 4053 657 4108 Tria
684 4055 825 4108 sunt
855 4050 1279 4108 sententiarum
1329 4066 1542 4123 genera
1591 4051 1747 4107 circa
1790 4051 1981 4107 homi-

325 4157 469 4197 num
489 4141 670 4196 vitam
708 4157 720 4196 :
757 4157 1009 4213 quarum
1044 4140 1232 4211 prima
1250 4146 1340 4195 est
1360 4156 1611 4195 summae
1628 4139 1980 4208 malitiae;se-

324 4231 515 4287 cunda
547 4230 748 4287 medias
781 4229 1153 4295 conditionis,
1188 4228 1527 4302 quaequesi
1557 4234 1865 4299 utramque
1894 4245 1980 4285 re-

325 4320 524 4392 spicit,
558 4324 763 4392 estque
794 4319 1100 4389 utriusque
1140 4317 1469 4390 particeps;
1504 4317 1679 4373 tertia
1706 4318 1774 4372 ad
1813 4334 1974 4373 sum-

331 4425 496 4465 mum
528 4406 1041 4480 contemplationis
1070 4411 1343 4477 acts,non
1378 4407 1549 4463 modo
1580 4422 1644 4461 se
1675 4407 1804 4478 ipsa
1834 4422 1975 4463 con-

329 4498 607 4570 stringit;
640 4498 740 4553 sed
773 4498 948 4553 etiam
985 4497 1130 4551 duas
1175 4499 1309 4567 post
1356 4511 1419 4551 se
1468 4495 1688 4568 positas
1733 4502 1980 4551 conatur

2078 578 2317 650 πλησίον
2403 581 2607 654 αὐτοῦ,
2689 588 2879 637 τοῦτον
2961 580 3278 656 ἐξεδίωκον.
3338 584 3429 641 Ἐν
3518 582 3577 640 δὲ
3656 589 3739 657 τῷ

2080 667 2385 742 Ψαλμῳδῷ
2445 690 2628 748 φησιν·
2687 672 2878 733 ’Ὀπως
2938 671 2997 726 ἂν
3061 673 3137 744 μὴ
3194 669 3413 748 λαλήσῃ
3442 673 3503 728 τὸ
3561 673 3739 748 στόμα

2083 778 2188 830 μου
2244 758 2312 813 τὰ
2369 754 2496 835 ἔργα
2551 760 2659 815 τῶν
2718 759 3043 835 ἀνθρώπων.
3075 762 3267 834 Ἡμεῖς
3318 757 3376 815 δὲ
3425 762 3516 817 καὶ
3559 762 3628 817 τὰ
3660 764 3737 836 μὴ

2079 840 2206 921 ἔργα
2234 844 2532 920 λαλοῦμεν.
2576 850 2703 903 Δέον
2755 848 2846 904 οὖν
2904 850 2981 922 μή
3032 849 3298 905 πιστεύειν
3338 856 3455 907 τοῖς
3503 851 3741 927 λεγομέ-

2077 954 2217 1001 νοις,
2248 938 2388 1007 μήτε
2423 938 2529 1009 μὴν
2560 936 2894 1013 κατακρίνειν
2926 937 3053 1000 τυὺς
3104 935 3383 1014 λέγοντας·
3418 936 3564 994 ἀλλά
3605 941 3742 995 κατὶ

2077 1024 2176 1091 τὴν
2230 1023 2373 1087 θείαν
2424 1027 2640 1103 Γραφήν
2707 1031 2883 1081 ποιεῖν
2922 1026 3010 1081 καὶ
3059 1025 3262 1101 λέγειν·
3311 1028 3456 1104 Ἐγὼ
3506 1025 3564 1084 δὲ
3611 1028 3739 1085 ὡσεὶ

2078 1112 2262 1190 κωφὸς
2319 1113 2419 1168 οὐκ
2481 1112 2708 1185 ἤκουον,
2756 1115 2846 1169 καὶ
2905 1115 3034 1170 ὡσεὶ
3093 1113 3301 1178 ἅλαλος
3361 1115 3462 1171 οὐκ
3504 1117 3733 1194 ἀνοίγων

2078 1201 2141 1255 τὸ
2167 1202 2341 1274 στόμα
2376 1223 2501 1275 μου.

2152 1292 2240 1346 68.
2276 1290 2348 1345 ῡύ
2380 1288 2462 1346 δεῖ
2490 1290 2580 1347 ἐπὶ
2626 1297 2880 1371 συμφορᾷ
2930 1293 3218 1369 ἀνθρώπου
3277 1293 3607 1371 ἐπιχαίρειν,
3635 1295 3732 1353 κᾶν

2080 1379 2220 1433 πάνυ
2250 1379 2577 1457 ἁμαρτωλὸς
2613 1381 2852 1458 ὑπάρχῃ,
2885 1381 3036 1445 Τινὲς
3090 1384 3183 1457 μὲν
3231 1382 3358 1461 γὰρ,
3411 1385 3735 1459 θεασάμενοι

2085 1468 2476 1542 μαστιζόμενον
2507 1471 2541 1539 ἢ
2570 1469 3026 1548 φυλακιζόμενον,
3060 1472 3286 1545 ἀμαθῶς
3317 1474 3416 1541 τήν
3465 1476 3736 1546 κοσμικὴν

2083 1555 2291 1628 ἐκείνην
2366 1557 2663 1633 παροιμίαν
2736 1554 2953 1637 ἔφασαν,
3012 1561 3113 1629 τὴν
3194 1559 3483 1636 λέγουσαν,
3542 1563 3619 1625 ὡς
3674 1563 3740 1621 Ὀ

2082 1646 2324 1719 στρώσας
2393 1651 2574 1710 κακῶς
2631 1645 3042 1722 ταλαιπωρήσει
3103 1647 3156 1704 ἐν
3212 1653 3292 1722 τῷ
3342 1646 3546 1724 δείπνῳ

2084 1733 2160 1788 Σὺ
2216 1733 2332 1807 οὖν,
2389 1737 2423 1806 ἡ
2483 1734 2667 1799 καλῶς
2722 1735 3005 1813 στρώσασα
3078 1737 3242 1817 ξαυτῇ
3296 1738 3362 1793 τὰ
3419 1738 3739 1815 πράγματα,

2081 1823 2296 1900 θαῤῥεῖς
2353 1824 2725 1895 ἆναπαυθῆναι
2782 1825 2833 1880 ἐν
2892 1830 2972 1898 τῷ
3024 1826 3168 1901 βίῳ;
3217 1827 3315 1881 Καὶ
3343 1826 3396 1882 τί
3434 1830 3740 1902 ποιήσομεν

2083 1912 2174 1967 τὸν
2220 1910 2448 1989 λέγοντα
2503 1914 2599 1982 ὡς,
2630 1917 2724 1971 ’Ἑν
2782 1915 3096 1988 συνάντημα
3150 1919 3230 1987 τῷ
3272 1913 3466 1989 δικαίῳ
3521 1916 3612 1972 καὶ
3659 1921 3741 1991 τῷ

2086 2003 2441 2077 ἁμαρτωλῷς
2473 2003 2536 2060 Ἡ
2568 2003 2672 2078 γὰρ
2703 2002 2930 2068 ἐνταῦθα
2958 2009 3118 2077 ἡμῶν
3153 2001 3403 2081 διαγωγῆ
3459 2004 3556 2079 μία
3602 2006 3739 2078 ἐστὶ,

2086 2089 2182 2145 κᾶν
2217 2087 2473 2168 διάφορον
2506 2090 2785 2147 πολιτείαν
2818 2091 3058 2169 ἔχωμεν.

2160 2182 2250 2236 69.
2285 2179 2362 2237 Οὐ
2395 2178 2479 2234 δεῖ
2511 2186 2684 2253 μισεῖν
2734 2180 2862 2243 τοὺς
2910 2180 3161 2258 ἐχθρούς.
3196 2181 3294 2237 Καὶ
3353 2183 3458 2257 γὰρ
3491 2183 3519 2238 ὁ
3552 2182 3747 2258 Κύριος

2087 2271 2157 2341 τῇ
2219 2266 2333 2340 ὶδιᾳ
2391 2272 2545 2343 φωνῇ
2600 2275 2762 2325 τοῦτο
2818 2272 2954 2344 ἡμῖν
2987 2272 3300 2346 προσέταξε.
3335 2272 3480 2343 Φησὶ
3510 2272 3634 2349 γὰρ,
3667 2274 3743 2336 ὡς

2093 2358 2186 2426 Μὴ
2254 2357 2417 2430 μόνον
2480 2357 2609 2421 τοὺς
2680 2358 2996 2436 ἀγαπῶντας
3066 2360 3305 2437 ἀγαπᾶτε
3332 2381 3344 2393 ·
3403 2365 3565 2416 τοῦτο
3639 2365 3745 2438 γὰρ

2089 2445 2179 2500 καὶ
2212 2447 2263 2500 οἱ
2318 2446 2639 2523 ἁμαρτωλοὶ
2686 2448 2777 2503 καὶ
2833 2450 2884 2503 οἱ
2940 2447 3177 2504 τελῶναι
3234 2454 3472 2507 ποιοῦσι,
3507 2450 3584 2508 To‘
3640 2452 3747 2528 γὰρ

2091 2534 2258 2591 καλὸν
2290 2536 2350 2590 οὐ
2384 2533 2553 2591 δεῖται
2584 2537 2789 2612 τέχνης
2817 2538 2907 2592 καὶ
2938 2537 3148 2614 ἀγῶνος
3181 2538 3318 2615 πρὸς
3351 2541 3544 2615 θήραν·
3571 2541 3747 2613 ἑαυτῷ

2091 2624 2196 2698 γὰρ
2228 2623 2507 2703 ἐφέλκεται
2536 2624 2664 2687 τοὺς
2696 2625 3113 2701 ἀγαπῶνταςοτὸ
3146 2624 3205 2682 δὲ
3234 2627 3440 2706 φαῦλον
3474 2636 3575 2698 τῆς
3607 2630 3753 2692 θείας

2094 2709 2446 2775 διδασκαλίας
2464 2714 2661 2790 χρῄζει
2692 2715 2827 2790 πρὸς
2851 2714 3267 2791 ἀπάλειψιν,καῖ
3299 2716 3473 2773 κόπου
3503 2716 3745 2776 πολλοῦ.

2093 2800 2166 2856 Οὐ
2197 2801 2300 2878 γὰρ
2349 2800 2546 2858 ὶνὲτων
2598 2804 2686 2857 καὶ
2726 2803 3040 2881 ἀμερίμνων
3102 2804 3242 2860 ἐστὶν
3275 2808 3310 2877 ἡ
3347 2806 3598 2881 βασιλεία
3651 2808 3747 2863 οὐ·

2095 2894 2286 2964 ρανῶν,
2320 2888 2467 2945 ἀλλὰ
2499 2893 2755 2966 βιαστῶν.

2162 2982 2251 3035 70.
2283 2982 2486 3054 Ὥσπερ
2518 2980 2609 3035 οὗν
2645 2980 2707 3036 οὗ
2748 2978 2832 3036 δεῖ
2871 2981 2998 3044 τοὺς
3044 2981 3280 3059 ἐχθροὺς
3339 2990 3537 3058 μισεῖν,
3573 2984 3753 3048 οὕτως

2093 3065 2220 3122 οὐδὲ
2245 3068 2374 3130 τοὺς
2415 3068 2639 3142 ἀμελεῖς
2669 3070 2759 3124 καὶ
2792 3069 3067 3146 ῥᾳθύμους
3114 3070 3330 3149 φεύγειν
3392 3074 3481 3128 καὶ
3538 3096 3752 3146 μυκτη-

2096 3156 2281 3232 ρίζειν.
2306 3158 2460 3220 Τινὲς
2497 3158 2591 3232 μὲν
2625 3156 2716 3213 οὗν
2747 3159 2809 3213 τὸ
2843 3160 3105 3237 γραφικὸν
3138 3159 3310 3216 ἐκεῖνο
3342 3161 3507 3237 ῥητὸν
3537 3164 3751 3227 ἑαυτοῖς

2092 3247 2512 3323 προσφέρουσιν,
2562 3248 2636 3310 ὡς
2693 3248 2840 3303 Μετὰ
2897 3247 3049 3303 ὁσίου
3107 3248 3256 3312 ὅσιος
3309 3249 3425 3325 ἔσῃ,
3469 3251 3559 3307 καὶ
3617 3254 3756 3325 μετᾶ

2093 3330 2362 3411 στρεϐλοῖ)
2431 3334 2885 3412 συνδιαστρέψεις.
2949 3337 3046 3392 Διὰ
3118 3343 3302 3408 τοῦτο,
3365 3340 3552 3418 φησὶν,
3615 3342 3752 3397 ἀπο-

2094 3423 2366 3503 φεύγομεν
2398 3424 2525 3487 τοὺς
2577 3423 2941 3501 ἁμαρτωλοὺς
2971 3427 3110 3503 πρὸς
3162 3427 3224 3482 τὸ
3267 3430 3394 3504 παρ’
3442 3429 3616 3484 αὐτῶν
3673 3432 3754 3504 μὴ

2094 3509 2508 3590 διαστραφῆναι.
2542 3514 2766 3590 Ἀγνοίᾳ
2795 3518 2981 3591 ψυχῆς
3030 3516 3082 3570 οἱ
3135 3521 3378 3572 τοιοῦτοι
3432 3518 3501 3573 τὰ
3548 3516 3757 3574 ἐναντία

2089 3604 2406 3678 πράττουσι.
2442 3603 2767 3679 Προστάττει
2826 3604 2931 3680 γὰρ
2986 3603 3050 3660 τὸ
3107 3610 3331 3681 Πνεῦμα
3358 3608 3423 3663 τὸ
3484 3610 3638 3683 ἅγιον
3690 3609 3756 3664 οὗ

2095 3691 2231 3764 μετὰ
2256 3696 2363 3746 τῶν
2396 3686 2672 3767 στρεϐλῶν
2706 3690 3219 3772 συνδιαστραφῆναι,
3252 3692 3401 3750 ἀλλὰ
3445 3702 3546 3765 τῆς
3598 3718 3755 3773 στρε-

2091 3774 2232 3851 ϐλῆς
2290 3779 2485 3843 αὐτοὺς
2544 3779 3043 3858 ἐπανορθώσασθαι.
3106 3781 3557 3860 Συνδιαστρέψεις
3614 3788 3747 3862 γὰρ,

2088 3867 2352 3939 τουτέστι,
2411 3868 2752 3933 συνελκύσεις
2810 3870 2971 3926 αὐτὸν
3029 3873 3164 3948 πρὸς
3223 3873 3468 3944 σεαυτὸν,
3524 3874 3585 3930 ἰκ
3636 3876 3750 3932 τῶν

2089 3957 2385 4034 ἀριστερῶν
2413 3958 2501 4013 ἐπὶ
2530 3959 2598 4014 τὰ
2629 3955 2796 4030 δεξιά.

2158 4050 2247 4105 71.
2280 4050 2442 4124 Τρεῖς
2496 4053 2733 4124 γνωμῶν
2793 4045 2934 4104 ῗδέαι
2990 4050 3127 4105 κατά
3169 4051 3260 4106 τὸν
3304 4055 3413 4106 τῶν
3442 4053 3749 4130 ἀνθρώπων

2092 4136 2207 4212 βίον
2233 4138 2610 4213 τυγχάνουσιν·
2645 4139 2719 4193 ῶν
2752 4140 2787 4208 ἡ
2824 4138 2919 4212 μὶν
2951 4138 3147 4213 πρώτη
3196 4138 3306 4195 ἐστὶ
3356 4147 3455 4211 τῆς
3513 4143 3753 4220 ἀκροτά-

2085 4246 2186 4297 της
2241 4226 2455 4295 κακίας,
2489 4228 2525 4296 ἡ
2561 4224 2619 4282 δὲ
2650 4225 2871 4303 δευτέρα
2923 4226 3092 4301 μέσης
3146 4230 3297 4292 τινὸς
3346 4233 3746 4295 καταστάσεως·

2088 4313 2269 4391 ὥσπερ
2301 4315 2402 4392 γὰρ
2433 4316 2569 4392 πρὸς
2599 4317 2695 4378 τὰς
2727 4316 3039 4394 ἀμφοτέρας
3073 4324 3267 4373 σκοπεῖ
3307 4323 3417 4374 τῶν
3463 4321 3745 4397 ὁποτέρων

2091 4405 2415 4480 μετέχουσα·
2447 4407 2482 4475 ἡ
2516 4403 2576 4460 δὲ
2605 4405 2783 4480 τρίτη,
2814 4406 2891 4469 εἷς
2941 4406 3168 4482 μέγεθος
3217 4409 3447 4485 θεωρίας
3498 4410 3751 4487 ἀχθεῖσα,

2088 4494 2150 4548 οὐ
2188 4494 2348 4566 μόνον
2382 4495 2576 4564 ἑαυτὴν
2610 4495 2906 4573 συσφίγγει,
2928 4493 3074 4552 ἀλλὰ
3102 4517 3162 4572 γε
3189 4498 3279 4552 καὶ
3308 4498 3403 4561 τὰς
3433 4498 3751 4565 τελευταίας

329 4583 510 4645 manu
542 4589 774 4643 ducere.
803 4585 1066 4657 Nequam
1100 4590 1294 4641 autem
1309 4584 1580 4640 homines
1598 4601 1727 4639 cum
1764 4585 1976 4656 pejori-

2092 4588 2335 4658 πειρᾶται
2369 4589 2755 4671 χειραγωγεῖν.
2789 4585 2851 4637 Οἱ
2903 4585 2996 4658 μὲν
3052 4582 3143 4639 οὖν
3188 4588 3347 4641 κακοὶ
3389 4591 3497 4643 τῶν
3532 4590 3750 4665 ἀνθρώ-

326 4678 438 4733 bus
470 4676 727 4745 admisti,
764 4674 1078 4747 plurimam
1107 4673 1397 4730 malorum
1452 4672 1845 4729 accessionem
1901 4673 1980 4729 fa-

327 4766 510 4823 ciunt.
543 4765 649 4831 Qui
684 4770 878 4819 autem
911 4768 1050 4819 sunt
1083 4764 1140 4818 in
1174 4764 1367 4819 medio
1400 4762 1598 4834 positi,
1656 4763 1855 4834 fugere
1888 4763 1976 4818 ni-

328 4858 539 4911 tuntur
566 4870 665 4909 eos
692 4854 790 4924 qui
822 4858 962 4909 sunt
992 4851 1735 4924 intemperantiores,veriti
1758 4868 1831 4907 ne
1849 4868 1975 4907 rur-

327 4961 459 5000 sum
487 4944 560 4999 ab
592 4943 676 4998 eis
709 4941 1121 5013 pertrahantur
1152 4957 1165 4996 :
1195 4941 1507 4997 suntenim
1541 4940 1692 4995 ahuc
1723 4941 1978 4996 infantes

324 5033 384 5088 in
416 5032 697 5087 virtutum
730 5030 1031 5087 exercitio.
1051 5030 1230 5085 Tertii
1263 5046 1395 5085 vero
1425 5028 1580 5084 virili
1611 5030 1806 5085 animo
1830 5046 1975 5102 pras-

323 5121 449 5190 diti,
485 5122 771 5192 ﬁrmaque
805 5125 1000 5174 mente
1032 5119 1467 5187 instructi,cum
1498 5119 1672 5174 malis
1704 5135 1823 5174 una
1846 5134 1977 5174 ver-

325 5215 551 5277 eantur,
584 5210 801 5281 quibus
825 5208 1074 5265 salutem
1108 5224 1311 5278 parare
1340 5208 1698 5279 cupiunt.Ab
1724 5206 1975 5263 externis

323 5304 520 5356 autem
553 5299 975 5370 vituperantur,
1010 5297 1083 5353 ab
1122 5296 1310 5368 iisque
1360 5296 1718 5366 deridentur,
1767 5297 1866 5368 qui
1898 5297 1976 5351 vi-

2088 4692 2222 4739 πων,
2250 4677 2368 4733 τοῖς
2399 4670 2611 4748 χείροσι
2647 4673 2992 4747 μιγνύμενοι,
3023 4673 3138 4729 ἐπεὶ
3168 4674 3345 4731 πλείω
3391 4681 3499 4732 τῶν
3552 4675 3747 4735 δεινῶν

2086 4764 2365 4815 ποιοῦνται
2422 4762 2521 4830 τήν
2568 4756 2811 4835 αὔξησιν·
2864 4764 2917 4817 οἳ
2975 4760 3032 4818 δέ
3089 4785 3152 4838 γε
3212 4766 3369 4839 μέσοι
3419 4764 3746 4847 ἀποφεύγειν

2084 4848 2215 4912 τοὺς
2270 4848 2602 4913 ἀκολάστους
2657 4855 2973 4929 πειρῶνται,
3007 4852 3137 4907 αὐτὸ
3195 4858 3357 4910 τοῦτο
3417 4853 3750 4932 δεδοικότες,

2089 4941 2164 5013 μὴ
2223 4939 2388 4996 πάλιν
2450 4941 2538 4995 ὑπ’
2585 4940 2760 4996 αὐτῶν
2815 4939 3245 5007 καθελκυσθῶσι·
3278 4948 3471 5017 νήπιοι
3501 4947 3605 5024 γὰρ
3664 4946 3747 5004 ἔτι

2083 5032 2191 5083 τῶν
2253 5030 2455 5103 ἀρετῶν
2510 5030 2893 5104 τυγχάνουσιν·
2930 5030 2979 5084 οἱ
3013 5028 3069 5085 δὶ
3113 5032 3311 5107 τρίτοι,
3345 5032 3585 5110 ἀνδρείαν
3639 5039 3740 5107 τὴν

2084 5117 2315 5192 γνώμην
2369 5115 2591 5191 ἔχοντες
2644 5117 2734 5172 καὶ
2793 5119 3046 5193 κραταιὸν
3098 5119 3162 5174 τὸ
3221 5122 3498 5199 φρόνημα,
3559 5124 3742 5181 συνδι-

2083 5206 2275 5281 άγουσι
2305 5211 2421 5268 τοῖς
2451 5204 2682 5284 φαύλοις
2711 5206 2800 5262 καὶ
2857 5204 3286 5283 συνδιαιτῶνται,
3321 5217 3491 5267 σῶσαι
3547 5213 3748 5279 αὐτοὺς

2090 5293 2444 5371 βουλόμενοι.
2479 5296 2583 5351 Καὶ
2640 5300 2739 5372 γοῦ
2792 5296 2932 5351 τὺπὸ
2990 5302 3098 5352 τῶν
3142 5297 3334 5372 ἔξωθεν
3371 5300 3744 5373 ὀνειδίζονται·

394 5469 439 5503 ﬁ
467 5467 644 5544 E_xod.
676 5478 837 5544 xxiii,
872 5466 922 5521 1.
1003 5467 1051 5513 ³1⁵
1078 5465 1232 5523 Psal.
1267 5482 1319 5523 ο.
1353 5465 1410 5522 5.
1486 5466 1532 5502 ³⁸
1560 5465 1718 5531 Psal,
1748 5482 1866 5534 xw,
1900 5466 1952 5521 4.

2107 5465 2260 5523 Plal.
2292 5481 2506 5534 xxxvu,
2536 5468 2622 5524 H-
2700 5467 2744 5504 ⁸⁸
2775 5466 2929 5525 Eccl.
2979 5484 3055 5537 ix,
3099 5468 3155 5527 2.
3234 5471 3279 5515 ²ο
3324 5472 3535 5543 Matth,
3565 5491 3620 5544 ν,
3653 5476 3742 5532 46.

320 5540 366 5577 ³⁰
393 5539 547 5597 Psal.
578 5554 719 5607 χχιιι,
740 5539 832 5597 26.

395 5690 503 5763 (90)
533 5688 801 5760 Goteler.,
831 5686 1004 5760 ὐπνῳ.
