4162 6366
319 373 474 434 1529

1467 374 1650 434 Vl'l‘A
1695 373 2021 434 SANCTE
2065 374 2587 435 SYNCLE'I‘IC/E.

3576 371 3734 435 1530

313 502 400 557 καὶ
438 503 540 556 ὑπὸ
569 506 676 555 τῶν
710 502 1056 577 θεωρούντων
1088 500 1142 556 δὲ
1183 501 1374 565 αὐτοὺς
1426 501 1806 578 συνδιάγοντας
1850 508 1964 564 τοῖς

2088 505 2219 559 dent
2252 504 2384 560 illos
2417 523 2534 560 una
2566 508 2773 578 degere
2805 524 2936 562 cum
2963 507 3488 578 negligentioribus
3517 523 3530 559 :
3565 507 3726 578 ipsos

314 590 697 665 ἀμελεστὲροις
725 590 1106 666 χλευάζονται·
1141 592 1229 646 καὶ
1262 594 1361 667 γὰρ
1402 592 1596 652 αὐτοὺς
1634 593 1706 652 ὡς
1738 591 1963 663 ὁμοίους

313 681 488 735 αὐτῶν
524 675 933 734 διαϐάλλουσιν.
972 681 1038 736 Οἱ
1072 679 1128 734 δὲ
1160 681 1234 742 ὡς
1268 680 1517 742 ἐπαίνους
1550 683 1614 734 τὰ
1664 681 1807 755 παρά
1854 685 1958 734 τῶν

315 771 612 842 ἀνθρώπων
649 769 958 838 ἀκούοντες,
991 767 1161 830 ἀδεῶς
1191 768 1254 822 τὸ
1281 771 1419 823 θεῖον
1455 767 1611 844 ἔργον
1665 767 1960 824 ἐκτελοῦσι.

317 857 542 933 Χαίρετε
623 858 767 933 γὰρ,
830 858 1000 934 φησὶ,
1061 858 1150 911 καὶ
1222 856 1591 932 ἀγαλλιάσθε,
1647 857 1771 911 ὅταν
1860 863 1960 910 πᾶν

315 945 509 1020 ψεῦδος
573 944 763 1000 εἶ’πωσι
822 948 938 1000 καθ’
995 947 1143 1017 ὑμῶν
1203 947 1253 1000 οἱ
1314 948 1609 1020 ἅνθρωποι.
1662 947 1960 1014 Δεσποτικὴ

317 1036 410 1109 μὶν
467 1034 558 1089 οὖν
610 1035 814 1090 τούτων
868 1039 900 1103 ἡ
957 1037 1169 1109 πρᾶξις·
1224 1036 1311 1089 καὶ
1361 1037 1461 1111 γὰρ
1507 1038 1533 1089 ὁ
1581 1035 1778 1108 Κύριος
1833 1035 1966 1107 μετά

310 1123 563 1180 τελωνῶν
598 1126 686 1178 καὶ
736 1122 1079 1199 ἁμαρτωλῶν
1130 1121 1302 1192 ἤσθιε·
1343 1123 1552 1194 μᾶλλον
1601 1123 1656 1177 δὲ
1704 1122 1964 1200 φιλάδελ-

315 1235 414 1291 φος
472 1216 504 1282 ἡ
563 1213 772 1268 τούτων
831 1214 1022 1287 γνώμη
1083 1211 1224 1287 ἤπερ
1284 1212 1566 1290 φίλαυτος.
1617 1217 1817 1288 Ὥσπερ
1864 1213 1964 1288 γὰρ

316 1302 675 1376 ἐμπρησμοὺς
727 1301 914 1355 θ’κιῶν
965 1303 1191 1374 ὁρῶντες
1236 1302 1362 1364 τοὺς
1415 1302 1834 1377 ἁμαρτάνοντας,
1876 1302 1964 1356 καὶ

316 1397 422 1445 τῶν
477 1389 628 1444 ἰδίων
695 1394 1215 1467 καταφρονήσαντες,
1264 1392 1329 1445 τὰ
1390 1391 1657 1465 ἀλλότρια
1712 1392 1802 1445 καὶ
1864 1390 1964 1444 ἀπ-

319 1478 599 1551 ολλύμενα
647 1480 835 1547 σώζειν
891 1477 1335 1554 διισχυρίζονται·
1370 1485 1455 1534 καὶ
1507 1480 1964 1556 περιφλεγόμενοι

320 1568 379 1623 ἐκ
406 1574 514 1622 τῶν
542 1573 842 1622 καυστικῶν
877 1564 1108 1640 ὕϐρεων,
1142 1568 1449 1643 ἀνέχονται.
1483 1570 1548 1626 Οἱ
1593 1567 1647 1624 δὲ
1696 1590 1757 1643 γε
1812 1570 1967 1642 μὲσοι

321 1657 405 1712 ἐὰν
442 1655 594 1711 ἴδωσι
623 1658 712 1711 τὸν
749 1654 980 1732 ἀδελφὸν
1017 1658 1118 1711 ὑπὸ
1149 1664 1247 1726 τῆς
1289 1657 1552 1732 ἁμαρτίας
1609 1658 1965 1736 φλεγόμενον,

321 1747 709 1823 ἀποφεύγουσι.
744 1743 1046 1807 δεδοικότες
1078 1749 1151 1818 μή
1213 1747 1302 1800 καὶ
1363 1746 1438 1808 εἷς
1496 1746 1689 1808 αὐτοὺς
1742 1747 1804 1800 τὸ
1860 1752 1966 1822 πῦρ

320 1832 648 1908 διανεμηθῇ.
684 1836 752 1892 Οἱ
783 1833 840 1889 δέ
874 1856 936 1908 γε
973 1835 1168 1909 τρίτοι,
1200 1834 1457 1909 χαλεπῶν
1506 1835 1762 1910 γειτόνων
1813 1833 1965 1905 δίκην

322 1924 634 2000 ἐπέχοντες,
685 1924 808 1985 τοὺς
866 1926 1194 1996 καιομένους
1250 1925 1335 1978 ἐπὶ
1397 1924 1585 1979 πλεῖον
1639 1925 1973 1995 ἐξάπτουσιν,

327 2013 460 2075 ὕλας
490 2013 683 2075 αὐτοὺς
718 2017 856 2087 (90')
887 2015 1020 2089 πρὸς
1055 2014 1354 2083 ἀπώλειαν,
1386 2016 1485 2082 τήν
1535 2014 1736 2069 οἰκείαν
1784 2015 1972 2069 κακίαν

326 2104 762 2180 προσφέροντες.
823 2106 1025 2178 Ὥσπερ
1108 2104 1209 2178 γὰρ
1280 2108 1535 2176 πισσηρῷ
1622 2098 1974 2164 διαλαϐόντες

326 2191 532 2264 πλοίῳ,
566 2193 683 2246 ἀντὶ
733 2189 924 2254 ὕδατος
969 2190 1185 2266 κεδρίαν
1241 2187 1653 2249 ἐπιϐάλλουσιν.
1701 2194 1762 2246 Ol
1815 2191 1870 2248 δὲ
1913 2213 1976 2266 γε

327 2281 557 2337 ἐναντίοι
598 2281 836 2352 τούτοις,
876 2282 928 2335 οἱ
978 2281 1188 2356 ἀγαθοὶ,
1217 2282 1283 2335 τὰ
1329 2283 1499 2336 οἱκεῖσ
1548 2283 1800 2354 κτήματα
1857 2279 1975 2336 δεύ-

323 2391 453 2447 τερα
501 2369 677 2435 ἔθεντο
725 2378 826 2439 τῆς
877 2370 1090 2425 ἐκείνων
1144 2371 1432 2444 σωτηρίας.
1462 2377 1635 2425 Ταῦτα
1687 2379 1788 2440 τῆς
1837 2370 1975 2439 ἀλη-

325 2467 477 2528 θινῆς
534 2461 746 2536 ἀγάπης
804 2462 869 2514 τὰ
925 2462 1219 2534 τεκμήρια·
1283 2459 1431 2514 οὗτοι
1489 2467 1591 2529 τῆς
1644 2458 1974 2534 εἰλικρινοῦς

324 2549 533 2624 ἀγάπης
564 2550 615 2604 οἳ
649 2549 910 2626 φύλακες.

388 2641 480 2695 72.
513 2642 715 2713 Ὥσπερ
776 2635 832 2692 δὲ
889 2639 954 2691 τὰ
1013 2634 1159 2692 δεινὰ
1213 2636 1266 2691 ἓν
1322 2636 1390 2691 δι’
1445 2638 1559 2699 ὶνὸς
1618 2636 1973 2713 ἤρτηταιοτῇ

319 2726 420 2803 γὰρ
471 2726 804 2804 φιλαργυρίᾳ
850 2727 1143 2781 ἀκολουθεῖ
1201 2728 1420 2805 φθόνος,
1471 2726 1658 2793 δόλος,
1705 2727 1973 2802 ἆπιορκία,

323 2818 517 2888 θυμὸς,
575 2814 922 2888 μνησικακία·
985 2815 1128 2870 οὕτω
1185 2818 1252 2870 τὰ
1323 2815 1527 2870 ἐναντία
1595 2814 1800 2870 τούτων
1876 2820 1973 2885 τῆς

321 2905 533 2980 ἀγάπης
592 2903 792 2980 ἔχεται·
828 2903 1073 2979 πραύτης
1136 2902 1202 2972 δὴ
1263 2904 1410 2979 λέγω
1459 2906 1547 2960 καὶ
1609 2905 1974 2981 μακροθυμία,

324 2994 414 3048 καὶ
475 2992 799 3062 ἀνεξικακία,
833 2995 920 3047 καὶ
978 2994 1041 3048 τὸ
1096 2992 1304 3048 τέλειον
1366 2994 1582 3069 ἀγαθὸν,
1633 2996 1668 3062 ἡ
1729 2993 1977 3066 ἀκτημο-

327 3082 626 3152 σύνη.Ούκ
681 3079 958 3157 ἐνδέχεται
1017 3080 1118 3158 γάρ
1184 3104 1302 3138 τινα
1347 3083 1550 3153 ταύτης
1596 3090 1695 3152 τῆς
1756 3084 1973 3157 ἀρετῆς,

325 3171 470 3248 λέγω
502 3169 568 3240 δὴ
599 3174 696 3240 τῆς
729 3171 960 3246 ἀγάπης,
996 3171 1290 3248 ἐφικέσθαι,
1324 3173 1368 3227 εἱ
1422 3175 1498 3244 μὴ
1563 3172 1622 3227 ἐκ
1657 3180 1757 3242 τῆς
1807 3174 1974 3243 ἀκτη-

2075 611 2328 666 namque
2360 596 2528 666 quasi
2580 595 2694 651 illis
2741 596 2963 652 similes
3011 603 3209 651 essent
3262 595 3720 665 calumniantur,

2076 683 2190 754 Ipsi
2225 700 2355 738 vero
2387 684 2688 738 hominum
2719 685 3102 740 contumelias
3130 686 3297 756 quasi
3334 685 3538 739 laudes
3571 685 3721 739 acci-

2074 772 2319 843 pientes,
2353 773 2638 844 intrepide
2670 774 2930 827 divinum
2951 790 3097 843 Opus
3121 779 3538 844 exsequuntur.
3572 773 3716 828 Nam

2075 860 2172 927 ait;
2208 862 2448 917 Gaudete
2475 867 2528 916 et
2557 864 2975 932 ea:eultate,cum
3007 879 3166 916 omne
3195 862 3541 916 mendacium
3564 861 3718 916 dixe-

2075 951 2190 1004 rint
2221 949 2466 1005 homines
2496 952 2792 1006 adversum
2833 968 2926 1006 vos
2957 952 3020 1004 3'.
3079 951 3446 1005 Dominicum
3492 955 3582 1004 est
3611 951 3710 1004 hu-

2070 1039 2328 1108 jusmodi
2353 1040 2648 1094 officium:
2687 1040 2968 1095 Dominus
2991 1039 3143 1093 enim
3173 1039 3566 1093 manducabat
3587 1055 3720 1092 cum

2080 1127 2405 1199 publicanis
2436 1134 2491 1184 et
2523 1129 3168 1200 peccatoribusJZorum
3207 1127 3441 1182 animus
3478 1128 3720 1182 fratrum

2078 1223 2265 1293 magis
2300 1239 2477 1293 quam
2512 1223 2601 1276 sui
2633 1239 2840 1276 amans
2893 1226 3000 1276 est.
3036 1220 3177 1274 Cum
3229 1218 3382 1273 enim
3417 1223 3722 1288 peccantes

2076 1311 2291 1374 vident,
2325 1309 2479 1365 haud
2513 1327 2703 1378 secus,
2737 1327 2802 1364 ac
2834 1309 2883 1364 si
2923 1310 3231 1363 domorum
3282 1307 3554 1362 incendia
3585 1322 3721 1361 con-

2077 1401 2390 1470 spicerent,
2427 1399 2704 1469 neglectis
2735 1399 2881 1468 suis,
2914 1397 3106 1453 aliena
3147 1413 3276 1467 qua:
3327 1401 3571 1466 pereunt
3602 1411 3724 1448 ser-

2077 1505 2209 1541 vare
2256 1488 2544 1552 nituntur,
2579 1494 2753 1557 atque
2785 1486 3127 1540 ardentibus
3159 1486 3304 1539 63‘]
3348 1481 3723 1538 contumeliis

2077 1577 2391 1643 combusti,
2426 1577 2479 1630 id
2514 1576 2781 1630 tolerant.
2816 1575 2920 1638 Qui
2950 1581 3140 1629 autem
3180 1573 3350 1628 medii
3377 1578 3535 1636 sunt,
3567 1572 3615 1626 si
3641 1569 3726 1624 vi-

2079 1665 2269 1720 derint
2312 1668 2544 1721 fratrem
2593 1670 2825 1736 peccato
2878 1665 3176 1718 ardentem
3239 1663 3725 1732 flagrantemque,

2080 1756 2413 1823 aufugiunt,
2446 1754 2611 1808 veriti
2645 1771 2714 1809 ne
2747 1754 2816 1808 ad
2851 1770 2912 1807 se
2946 1768 3177 1824 quoque
3226 1751 3377 1822 ignis
3409 1749 3723 1821 pertingat.

2078 1843 2254 1897 Tcrtii
2287 1849 2480 1897 autem
2515 1842 2802 1897 malorum
2837 1841 3164 1896 vicinorum
3220 1844 3413 1910 partes
3461 1844 3726 1910 agentes,

2083 1948 2181 1987 eos
2213 1931 2310 2002 qui
2353 1931 2780 1986 comburuntur
2825 1929 3013 1999 magis
3062 1928 3446 1996 succendunt,
3502 1925 3730 1981 submi-

2086 2019 2332 2075 nistrata
2365 2020 2481 2074 illis
2511 2020 2580 2074 ad
2617 2019 2918 2074 interitum
2955 2017 3220 2082 materia,
3248 2016 3484 2087 pr0pria
3513 2014 3737 2069 scilicet

2085 2109 2326 2163 malitia.
2361 2109 2505 2164 Nam
2538 2125 2601 2161 ac
2633 2109 2679 2163 si
2712 2108 2836 2180 pice
2868 2106 3082 2160 illitum
3137 2105 3431 2178 navigium
3480 2103 3733 2158 offende-

2087 2205 2234 2267 rent,
2269 2215 2370 2271 pro
2402 2215 2557 2270 aqua
2588 2197 2841 2252 cedriam
2878 2196 3133 2252 resinam
3168 2192 3734 2249 immittunt.Contra

2086 2305 2216 2342 vero
2249 2288 2413 2359 probi
2449 2286 2734 2352 homines,
2772 2285 3036 2357 pr0prias
3069 2282 3374 2338 facultates
3404 2299 3604 2336 eorum
3640 2297 3732 2335 sa-

2083 2376 2190 2431 luti
2215 2375 2588 2448 posthabent.
2622 2375 2750 2429 Haec
2777 2379 2914 2430 sunt
2945 2391 3086 2427 veras
3111 2376 3458 2442 argumenta
3479 2370 3734 2426 charita-

2086 2467 2198 2532 tis;
2232 2465 2289 2520 hi
2325 2465 2561 2520 sinceras
2593 2462 2924 2519 dilectionis
2957 2463 3251 2518 custodes.

2153 2645 2243 2697 72.
2277 2644 2437 2699 Sicut
2469 2647 2660 2698 autem
2692 2641 2832 2697 vitia
2865 2658 3047 2696 unum
3080 2641 3151 2696 ab
3183 2639 3294 2695 alio
3329 2639 3581 2711 pendent
3615 2636 3735 2705 ;ni-

2085 2733 2300 2788 mirum
2335 2732 2636 2787 avaritiam
2671 2734 2938 2802 sequitur
2966 2725 3732 2798 invidia,dolus,perjurium

2084 2822 2190 2888 ira,
2227 2821 2504 2876 memoria
2547 2823 2896 2891 injuriarum
2928 2839 2939 2885 ;
2975 2821 3058 2874 sic
3091 2837 3220 2889 quae
3271 2818 3386 2872 illis
3443 2817 3737 2872 contraria

2084 2911 2583 2967 suntcharitatem
2600 2913 3070 2980 consequuntur:
3089 2906 3479 2961 mansuetudo
3505 2919 3734 2975 nempe,

2085 3000 2522 3070 aequanimitas,
2555 2998 2885 3059 tolerantia.
2925 3003 2981 3052 et
3030 2997 3315 3051 bonorum
3369 2993 3724 3065 perfectissi-

2090 3106 2253 3144 mum
2286 3088 2610 3143 voluntaria
2643 3093 2972 3158 paupertas.
3012 3086 3132 3140 Non
3164 3084 3318 3140 enim
3354 3088 3543 3154 potest
3575 3082 3736 3152 quis-

2087 3179 2242 3251 piam
2275 3195 2402 3233 eam
2435 3178 2594 3232 adire
2627 3180 2924 3241 virtutem,
2959 3174 3180 3230 scilicet
3223 3172 3588 3234 charitatem,
3625 3169 3736 3224 nisi

328 3261 587 3335 μοσύνης·
643 3261 702 3315 ού
753 3261 852 3335 γὰρ
906 3247 1042 3335 πρὸς
1083 3258 1174 3316 ἕνα
1222 3260 1503 3336 ἄνθρωπον
1554 3263 1580 3316 ὁ
1629 3263 1827 3336 Κύριος
1874 3263 1972 3330 την

2090 3285 2190 3340 per
2212 3267 2595 3322 voluntariam
2627 3264 3252 3336 paupertatem.Neque
3275 3263 3429 3316 enim
3459 3259 3738 3314 Dominus

325 3352 536 3426 ἀγάπην
593 3349 916 3416 ἒνετείλατο,
978 3350 1124 3406 ἀλλά
1171 3352 1304 3420 πρὸς
1369 3353 1617 3412 ἅπαντας.
1651 3351 1855 3405 Οὐκοῦν
1911 3351 1975 3405 οὐ

324 3438 441 3494 δέον
493 3436 719 3514 ἔχοντας
776 3437 1019 3508 παριδεῖν
1080 3441 1204 3500 τοὺς
1254 3439 1577 3513 χρῄζοντας.
1623 3438 1976 3494 Ὑποκλέπτε-

318 3551 406 3583 ται
441 3531 553 3597 (91)
583 3529 682 3602 γὰρ
712 3527 903 3596 τὸτῆς
953 3527 1190 3602 ἀγάπης.
1222 3529 1292 3582 Τὸ
1349 3529 1440 3599 μὶν
1495 3528 1595 3602 γὰρ
1645 3535 1802 3583 πᾶσιν
1866 3527 1976 3598 ἐξα-

327 3624 473 3693 ρκεῖν
506 3614 760 3672 ἀδύνατον
793 3617 1084 3690 ἀνθρώπῳ⁹
1116 3621 1249 3674 Θεοῦ
1282 3614 1338 3671 δὶ
1367 3622 1526 3672 τοῦτο
1559 3613 1736 3693 ἔργον.

391 3799 481 3854 73.
514 3797 574 3852 Τί
621 3796 735 3864 οὖν,
775 3795 960 3870 φησὶν,
1005 3794 1052 3864 ὁ,
1083 3795 1158 3866 μή
1223 3793 1392 3870 ἔχων,
1424 3794 1545 3869 περὶ
1601 3793 1978 3867 ἐλεημοσύνης

323 3887 582 3962 ἀγωνίζῃ,
615 3887 702 3942 καὶ
735 3887 871 3955 αὕτη
906 3905 988 3938 σοι
1037 3883 1304 3960 πρόφασις
1351 3888 1448 3938 τοῦ
1495 3885 1790 3953 κτήσασθαι
1839 3884 1978 3959 γίνε-

322 3995 450 4043 ται;
496 3979 790 4049 Κοσμικοῖς
838 3978 998 4029 τοῦτο
1049 3973 1463 4049 προστέτακται.
1515 3972 1588 4026 Ού
1634 3974 1734 4048 γάρ
1786 3977 1976 4027 τοσοῦ-

323 4086 417 4120 τον
450 4066 584 4140 πρὸς
614 4066 674 4121 τὸ
706 4069 977 4142 τραφῆναι
1007 4064 1096 4117 τὸν
1154 4060 1359 4118 πένητα
1387 4064 1422 4130 ἡ
1457 4061 1804 4135 ἐλεημοσύνη
1855 4061 1980 4137 ὥρι-

328 4176 468 4224 σται,
503 4154 626 4209 ὅσον
663 4151 751 4209 διὰ
780 4155 879 4222 τήν
911 4153 1148 4228 ἀγάπην.
1180 4158 1234 4205 Ὁ
1267 4151 1370 4226 γὰρ
1399 4152 1490 4206 τὸν
1522 4150 1786 4206 πλούσιον
1845 4149 1979 4206 διοι-

324 4246 436 4296 κῶν
483 4241 612 4303 Θεὸς
671 4242 760 4296 καὶ
817 4242 906 4294 τὸν
967 4239 1172 4308 πένητα
1226 4238 1431 4315 τρέφει.
1477 4242 1750 4314 ΙΙεριττὼς
1801 4238 1890 4293 οὖν

327 4330 672 4402 ἐλεημοσύνη
702 4330 1012 4404 προσετάγη
1041 4348 1053 4396 ;
1085 4330 1170 4396 Μή
1207 4329 1451 4403 γὲνοιτοὶ
1487 4327 1630 4384 ἀλλά
1686 4329 1833 4404 ἀρχὴ
1879 4331 1977 4398 τῆς

326 4419 542 4494 ἀγάπης
572 4425 688 4481 τοῖς
727 4421 801 4492 μὴ
839 4416 1006 4473 εἰδόσι
1038 4416 1258 4494 γίνεται.
1293 4420 1496 4492 Ὥσπερ
1539 4419 1642 4493 γὰρ
1695 4419 1978 4492 ὑπογραμ-

331 4509 433 4581 μὸς
477 4511 542 4578 ἦν
606 4509 639 4576 ἠ
692 4514 788 4577 τῆς
844 4502 1202 4583 ἀκροϐυστίας
1263 4508 1541 4582 περιτομὴ
1582 4514 1680 4575 τῆς
1732 4504 1977 4582 καρδίας,

2083 3357 2431 3412 charitatem
2459 3355 2761 3410 mandavit
2781 3370 2916 3424 erga
2943 3369 3122 3406 unum
3147 3349 3572 3414 hominem,sed
3601 3364 3739 3419 erga

2083 3444 2437 3502 omnes.Non
2469 3446 2634 3499 decet
2666 3444 2845 3514 igitur
2864 3459 2964 3497 ens
2995 3442 3095 3512 qui
3129 3439 3470 3495 facultatum
3510 3438 3740 3508 potiun-

2085 3540 2181 3590 tur
2233 3551 2446 3605 egenos
2493 3534 2811 3603 despicere.
2864 3532 2959 3586 Sic
3008 3546 3260 3598 namque
3311 3528 3673 3582 subducetur
3706 3542 3740 3579 a

2087 3624 2390 3679 charitate.
2427 3623 2570 3677 Nam
2606 3620 2978 3694 suppeditare
3010 3618 3284 3674 omnibus
3316 3633 3486 3672 nemo
3529 3618 3735 3686 potest,

2086 3729 2219 3768 cum
2254 3713 2332 3768 sit
2365 3711 2508 3766 illud
2540 3710 2726 3766 solius
2759 3708 2854 3764 Dei
2887 3725 3055 3780 opus.

2156 3803 2247 3856 73.
2281 3801 2428 3866 Quid
2459 3817 2617 3871 ergo.
2654 3799 2864 3870 inquit,
2897 3797 2996 3870 qui
3032 3794 3177 3850 nihil
3213 3793 3735 3865 possides,conten-

2087 3891 2180 3946 dis
2209 3891 2281 3946 de
2311 3890 2702 3961 eleemosyna,
2736 3889 2983 3958 ipsaque
3014 3885 3116 3940 tibi
3150 3889 3239 3939 est
3284 3882 3512 3937 occasio
3549 3881 3742 3953 possi-

2088 3979 2263 4036 dendi
2289 3978 2316 4031 ?
2351 3980 2407 4032 ld
2443 3976 2825 4033 smcularibus
2851 3977 3090 4046 jussum
3125 3979 3231 4028 est.
3265 3972 3389 4027 Non
3426 3971 3580 4026 enim
3614 3975 3745 4025 tan-

2087 4073 2213 4124 tum
2237 4069 2307 4122 ad
2334 4067 2526 4136 inopis
2548 4065 2894 4121 alimentum
2920 4065 3193 4118 instituta
3223 4061 3330 4115 fuit
3354 4059 3743 4130 eleemosyna,

2087 4162 2378 4229 quantum
2414 4161 2652 4227 propter
2683 4151 3203 4208 charitatem.Nam
3241 4149 3342 4220 qui
3374 4148 3614 4202 divitem
3652 4165 3742 4202 re-

2089 4246 2173 4318 git
2206 4245 2382 4310 Deus,
2415 4245 2592 4299 etiam
2626 4258 2940 4314 pauperem
2974 4241 3099 4295 alit.
3159 4240 3396 4294 Frustra
3446 4236 3628 4308 igitur
3653 4235 3742 4291 in-

2083 4337 2290 4406 juncta
2321 4335 2430 4389 fuit
2471 4331 2890 4402 eleemosyna?
2939 4329 3132 4385 absit!
3169 4328 3382 4382 Verum
3435 4325 3744 4380 cbaritatis

2092 4423 2442 4496 principium
2478 4422 2728 4477 efficitur
2761 4422 2830 4476 iis
2863 4419 2962 4490 qui
2998 4419 3290 4490 ignorant.
3352 4415 3743 4481 Quemadmo-

2090 4514 2230 4568 dum
2263 4529 2398 4584 ergo
2432 4509 2801 4565 circumcisio
2836 4507 3102 4579 preputii
3142 4506 3325 4577 figura
3347 4511 3470 4558 erat
3501 4503 3750 4557 circum-

329 4596 502 4658 οὕτως
552 4599 586 4666 ἡ
648 4595 990 4670 ἐλεημοσύνη
1043 4602 1143 4664 τῆς
1203 4595 1417 4669 ἀγάπης
1474 4593 1799 4658 διδάσκαλος
1854 4618 1972 4650 κατ-

2091 4601 2330 4657 cisionis
2360 4600 2551 4657 cordis
2576 4617 2588 4665 ;
2618 4599 2696 4654 ita
2729 4598 3098 4668 eleemosyna
3127 4593 3430 4649 charitatis
3463 4592 3746 4663 magistra

332 4685 480 4756 ἔστη.
513 4688 612 4748 οἷς
665 4687 756 4740 οὖν
806 4687 840 4754 ἡ
893 4684 1071 4760 ἀγάπη
1126 4683 1184 4736 ἐκ
1233 4686 1460 4758 χάριτος
1493 4681 1654 4754 ἐδόθη
1688 4687 1911 4761 περιττή
1945 4688 1980 4755 ἡ

332 4775 462 4845 ἀλεη
475 4774 705 4848 μοσύνη.

403 4868 494 4920 74.
531 4864 608 4922 Οὖ
658 4858 1027 4918 διαϐάλλουσα
1065 4861 1156 4915 τὸν
1203 4857 1356 4915 ἔλεον
1415 4866 1580 4915 ταῦτα
1630 4861 1796 4937 λεγω·
1840 4862 1986 4918 ἀλλὰ

330 4960 433 5022 τῆς
493 4953 875 5024 ἀκτημοσύνης
923 4951 985 5005 τὸ
1033 4950 1265 5024 καθαρὸν
1318 4947 1655 5006 δεικνύουσα.
1707 4952 1799 5021 Μή
1849 4951 1987 5027 γινὲ-

335 5045 446 5097 σθω
477 5041 566 5097 οὗν
598 5041 837 5103 κώλυσις
865 5042 927 5096 τὸ
959 5037 1179 5095 ἔλαττον
1223 5043 1320 5093 τοῦ
1372 5038 1638 5111 μείζονος.
1675 5042 1758 5094 Ἐν
1814 5040 1986 5116 ὀλίγῳ

331 5135 396 5187 τὸ
459 5133 649 5208 μικρὸν
699 5133 1078 5204 κατώρθωσας’
1113 5129 1283 5182 πάντα
1338 5129 1438 5203 γὰρ
1494 5128 1660 5205 ὑφ”ὲν
1722 5127 1979 5190 δέδωκας·

340 5224 476 5298 πρὸς
509 5223 568 5276 τὸ
605 5227 786 5295 μεῖζον
824 5218 1018 5274 λοιπὸν
1053 5220 1362 5288 ἀνάνευσον,
1395 5219 1491 5285 τὴν
1545 5217 1775 5294 ἀγάπην.
1814 5226 1982 5272 Σταυ-

335 5311 569 5389 ροφόρος
630 5310 733 5384 γὰρ
791 5310 1100 5384 τυγχάνεις.
1165 5306 1240 5361 Σὺ
1297 5308 1394 5375 τήν
1457 5305 1736 5382 ἐλευτὲραν
1797 5307 1980 5384 φωνην

337 5400 577 5480 ἀφείλεις
651 5399 842 5468 εἱπεῖν,
919 5399 1002 5469 τὸ,
1077 5394 1214 5451 Ἰδοὺ
1285 5397 1457 5451 πάντα
1532 5396 1852 5475 ἀφήκαμεν,
1895 5395 1984 5448 καὶ

405 5564 448 5600 ³¹
481 5562 690 5620 Matth.
724 5579 781 5628 ν,
813 5562 900 5618 11.

412 5706 564 5780 (9οη
584 5709 771 5776 Forte,
803 5701 1009 5764 αὐτοῖς.
1040 5702 1199 5758 Ean.

2093 4691 2412 4746 constituta
2445 4697 2552 4744 est.
2587 4689 2811 4752 QuIbus
2840 4686 3019 4757 igitur
3060 4683 3314 4739 charitas
3365 4698 3466 4752 per
3494 4680 3742 4752 gratiam

2095 4783 2231 4836 data
2262 4786 2372 4846 est,
2401 4779 2473 4834 iis
2505 4791 2938 4850 supervacanea
2967 4780 3056 4829 est
3085 4773 3477 4843 eleemosyna.

2165 4873 2255 4926 74.
2290 4871 2672 4942 Nequaquam
2721 4867 2825 4922 hoc
2874 4865 3026 4928 dico,
3068 4869 3131 4918 ut
3181 4861 3595 4917 misericordias
3645 4861 3746 4914 de-

2095 4963 2350 5029 traham,
2385 4960 2484 5015 sed
2518 4975 2633 5030 quo
2666 4958 2970 5013 ostendam
3022 4958 3353 5024 spontaneis
3386 4948 3748 5020 paupertatis

2096 5052 2431 5124 puritatem.
2466 5049 2546 5104 Ne
2580 5049 2680 5102 ﬁat
2727 5045 2903 5112 igitur
2953 5043 3146 5097 minus
3201 5040 3440 5111 majoris
3492 5037 3746 5108 impedi-

2088 5147 2388 5197 mentum.
2425 5138 2643 5208 Exiguo
2675 5143 2935 5203 tempore
2976 5147 3218 5203 parvum
3279 5131 3499 5184 bonum
3532 5127 3743 5190 fecisti,

2095 5230 2193 5300 qui
2228 5229 2425 5284 omnia
2457 5225 2635 5282 simul
2667 5222 2917 5300 erogasti
2945 5240 2957 5287 ;
2982 5222 3107 5292 jam
3142 5220 3210 5274 ad
3248 5218 3303 5272 id
3337 5217 3490 5287 quod
3550 5216 3742 5284 majus

2096 5324 2204 5385 est,
2237 5317 2582 5371 charitatem
2608 5315 2911 5380 nimirum,
2949 5307 3462 5381 respice.Crucifer
3492 5319 3750 5373 namque

2095 5421 2178 5461 es.
2215 5407 2301 5460 Tu
2336 5404 2577 5460 liberam
2613 5404 2772 5457 illam
2803 5417 3001 5456 vocem
3048 5398 3303 5470 proferre
3360 5394 3536 5449 debes
3571 5408 3583 5445 :
3620 5394 3758 5448 Ecce.

2176 5706 2287 5778 (91)
2317 5703 2510 5776 Vulg.,
2545 5696 2920 5755 ὑποκτὲπεται.
2956 5704 3051 5757 ED.
