4162 6406
399 413 547 474 1531
1565 419 1629 481 S.
1676 420 2196 482 A'I‘HANASIUS.
2225 452 2302 463 —
2333 419 2647 483 SPURIA.
3655 422 3808 485 1532

401 548 729 618 reliquimus
777 566 984 622 omnia,
1017 556 1068 607 et
1095 553 1263 608 secuti
1290 570 1480 609 sumus
1510 563 1565 610 te
1594 554 1657 608 ²².
1690 555 1777 610 Tu
1802 553 1911 609 hoc
1944 553 2050 608 do-

2191 548 2619 627 ικολουθήσαμέν
2672 573 2779 610 σοι.
2830 552 2905 607 Σὺ
2964 554 3065 622 τὴν
3115 550 3579 628 εὑπαῤῥησίαστον
3625 552 3806 628 γλῶτ-

404 640 580 693 natus
611 654 674 693 es
708 656 967 705 munere,
1003 645 1065 695 ut
1105 640 1321 697 fiducia
1371 642 1602 715 plenam
1648 641 2047 715 apostolorum

2191 661 2251 695 αν
2306 645 2413 696 τῶν
2474 640 2797 698 ἀποστόλων
2862 644 3202 716 μιμήσασθαι
3251 641 3616 713 κατηξιώθης.
3670 644 3810 713 Φησὶ

403 723 701 798 loquelam
735 728 987 785 imitare.
1025 730 1202 785 Aiunt
1258 732 1411 787 enim
1452 733 1653 787 Petrus
1683 737 1740 787 et
1770 733 2045 789 Joannes:

2191 729 2259 806 dp
2308 729 2510 803 Πέτρος
2554 730 2644 786 καὶ
2692 730 2968 802 Ἰωάννης,
3011 732 3086 792 ὡς
3134 730 3362 808 Χρυσίον
3415 730 3507 786 καὶ
3555 730 3806 807 ἀργύριον

407 815 617 870 Aurum
645 819 694 871 et
726 827 1026 890 argentum
1052 836 1164 875 non
1187 829 1263 876 est
1291 821 1433 876 mihi
1459 822 1524 876 ⁸³.
1564 821 1782 894 Duplex
1810 822 2049 894 quidem

2194 817 2275 895 ὐχ
2302 817 2534 896 ὑπάρχει
2570 841 2687 894 μοι.
2720 819 2899 890 Διπλῆ
2951 819 3046 893 μὲν
3096 822 3131 890 ἡ
3181 817 3419 895 γλῶττα,
3449 818 3595 876 ἀλλά
3646 822 3807 893 μονό-

405 902 628 978 lingua,
660 907 759 961 sed
794 908 967 962 unica
997 909 1161 964 ﬁdes.
1449 963 1452 966 .

2194 929 2360 985 ροπος
2390 912 2424 979 ἡ
2459 910 2656 972 πίστις.

480 1022 570 1076 75.
606 1022 762 1077 Inter
790 1023 1100 1079 saeculares
1130 1040 1321 1095 porro,
1355 1042 1427 1081 ne
1457 1030 1673 1083 temere
1702 1032 1759 1082 et
1788 1026 2050 1081 inconsi—

410 1110 609 1166 derate
637 1118 909 1184 erogetur
938 1112 1326 1185 elcemosyna,
1359 1116 1450 1170 Ait
1479 1117 1673 1171 enim:
1706 1116 1894 1171 Oleum
1924 1132 2050 1188 pec-

413 1202 611 1255 catoris
643 1216 750 1255 non
783 1203 1089 1273 impingucl
1116 1207 1277 1274 caput
1309 1221 1489 1259 meum
1519 1205 1582 1259 ³⁵.
1624 1205 1901 1261 Convenit
1921 1221 2054 1273 ergo

414 1293 479 1342 ut
511 1288 608 1358 qui
634 1289 1064 1362 eleemosynnm
1088 1299 1287 1363 erogat
1307 1293 1620 1349 Abrahami
1651 1293 1959 1364 prudentia
1982 1294 2059 1347 sit

417 1376 718 1448 pra-ditus,
763 1395 827 1432 ac
874 1381 1372 1449 quemadmodum
1425 1382 1522 1437 ille
1566 1385 1726 1452 juste
1773 1387 1830 1437 et
1879 1383 2059 1453 probe

415 1470 567 1537 agat.
607 1465 750 1521 Nam
784 1468 880 1538 qui
937 1469 1197 1540 hospites
1248 1470 1688 1541 perhumaniter
1736 1471 2060 1543 excipiebat

415 1552 836 1625 homojustus,
868 1573 995 1612 cum
1029 1558 1218 1630 epulis
1250 1576 1425 1615 suum
1457 1561 1632 1615 etiam
1663 1562 1928 1615 animum
1962 1576 2061 1616 ex-

418 1642 674 1699 hibebat.
721 1645 892 1700 Stetit
940 1647 1156 1720 quippe
1206 1649 1570 1719 ministrans,
1613 1667 1718 1706 nec
1775 1648 2062 1706 sustinuit

416 1732 668 1789 famulos
695 1734 983 1805 ejusmodi
1015 1734 1160 1791 lucri
1194 1754 1391 1793 secum
1425 1745 1727 1795 consortes
1756 1740 2064 1795 esse.Sane

419 1823 520 1893 qui
571 1824 859 1894 ejusmodi
910 1829 1070 1891 sunt,
1107 1824 1490 1900 eleemosynaa
1543 1829 1871 1884 mercedem
1916 1827 2064 1883 reci-

2230 1027 2321 1081 75.
2360 1025 2455 1080 Καὶ
2486 1024 2539 1080 έν
2565 1030 2684 1088 τοῖς
2713 1030 3000 1098 κοσμικοῖς
3033 1022 3092 1080 δὲ
3124 1025 3202 1098 μὴ
3236 1023 3426 1087 ἁπλῶς
3456 1024 3630 1087 οὕτως
3660 1023 3810 1097 ἐλεη-

2167 1113 2375 1186 μοσύνη
2426 1114 2675 1190 γινέσθω.
2730 1114 2875 1183 Φησὶ
2921 1116 3046 1191 γὰρ,
3091 1114 3166 1176 ὡς
3211 1113 3435 1170 Ἐλάιον
3487 1112 3811 1189 άμαρτωλοῦ

2169 1204 2244 1275 μή
2296 1201 2579 1258 λιπανάτω
2627 1204 2724 1272 τήν
2766 1201 3007 1282 κεφαλήν
3063 1223 3188 1275 μου.
3243 1205 3519 1277 Ηροσήκει
3578 1202 3667 1257 οὑν
3726 1204 3813 1258 τὸν

2166 1290 2423 1347 ἐλεοῦντα
2488 1287 2850 1366 Ἀϐραμιαῖον
2920 1289 3065 1367 ἔχειν
3138 1292 3201 1346 τὸ
3260 1292 3543 1368 φρόνημα,
3598 1292 3683 1347 καὶ
3743 1293 3813 1355 ὡς

2168 1380 2370 1444 ἐκεῖνος
2418 1381 2483 1436 τὸ
2528 1378 2735 1437 δίκαιον
2788 1378 3011 1442 δικαίως
3056 1380 3332 1455 πράττειν.
3366 1379 3675 1450 Φιλοξενῶν
3719 1381 3814 1458 γὰρ

2169 1472 2197 1526 ὁ
2231 1467 2463 1538 δίκαιος,
2501 1470 2634 1543 μετᾶ
2659 1478 2760 1539 τῆς
2796 1470 2968 1532 ἑστίας
3011 1469 3100 1525 καὶ
3148 1470 3249 1538 τὴν
3296 1470 3528 1546 γνώμην
3582 1469 3815 1546 παρέθη-

2169 1580 2285 1616 κεν,
2342 1560 2510 1629 Ἐστη
2569 1559 2693 1635 γὰρ,
2751 1559 2940 1637 φησὶν,
3010 1559 3313 1632 ὑπηρετῶν,
3378 1559 3457 1631 μὴ
3537 1557 3817 1633 βουληθεῖς

2169 1647 2296 1710 τοὺς
2356 1648 2568 1710 οἰκέτας
2644 1648 3014 1723 συμμεριστδις
3083 1652 3180 1702 τοῖ’)
3254 1644 3489 1723 κέρδους
3562 1645 3817 1721 γενέσθαι.

2172 1736 2429 1808 Ἀληθῶς
2461 1738 2512 1793 οἱ
2542 1741 2784 1792 τοιοῦτοι
2819 1737 3011 1810 μισθὸν
3046 1742 3149 1806 τῆς
3202 1734 3588 1808 έλεημοσύνης
3628 1733 3819 1807 ἕξουσι,

2174 1825 2269 1882 κᾶν
2327 1825 2378 1880 έν
2435 1831 2517 1899 τῷ
2574 1823 2811 1903 δευτέρῳ
2882 1827 3122 1901 τάγματι
3194 1822 3564 1901 τυγχάνωσιν.
3623 1824 3679 1878 Ὀ
3722 1824 3818 1900 γὰρ

421 1910 606 1982 pient,
639 1913 909 1982 quamvis
941 1912 1001 1968 in
1049 1916 1307 1970 secundo
1355 1917 1558 1972 ordine
1601 1918 2057 1974 constituantur.

2191 1914 2398 1992 Κύριος,
2458 1912 2876 1990 δημιουργήσας
2930 1915 3031 1983 τὴν
3101 1913 3460 1986 οἰκουμένην,
3512 1911 3710 1981 διπλῆν
3770 1913 3818 1966 ἐν

422 2001 689 2069 Namque
706 2001 991 2056 Dominus
1014 2004 1114 2075 qui
1134 2005 1424 2059 mundum
1440 2005 1673 2072 creavit,
1699 2007 1730 2060 d
1744 2006 1993 2077 uplicem
2008 2005 2067 2060 in

422 2086 523 2142 illo
539 2088 733 2159 posuit
760 2089 1085 2146 incolarum
1118 2093 1560 2150 ordinem.Aliis
1582 2095 1871 2166 siquidem
1893 2095 2071 2166 probe

422 2176 1020 2252 viventibus,propter
1049 2181 1364 2237 liberorum
1400 2184 1833 2255 susceptionem
1868 2181 2070 2239 matri-

427 2265 692 2321 monium
747 2268 1001 2338 injunxit
1050 2286 1062 2324 :
1111 2270 1243 2327 aliis
1294 2289 1425 2327 vero
1473 2277 1711 2345 prapter
1756 2273 2070 2345 puritatem

424 2354 577 2425 vitae,
608 2358 935 2412 castitatem
966 2359 1229 2426 tradidit,
1254 2361 1506 2432 aequales
1530 2361 1662 2418 illos
1689 2360 1912 2435 angelis
1934 2376 2072 2416 con-

428 2444 702 2499 stituens.
738 2446 805 2501 Et
838 2446 955 2502 illis
981 2449 1219 2519 quidem
1255 2449 1725 2522 leges,ultiones,
1747 2450 2072 2506 doctrinas—

430 2548 543 2604 que
571 2533 732 2589 dedit
765 2552 777 2590 :
811 2535 905 2590 bis
937 2554 1066 2592 vero
1113 2538 1192 2593 ait
1224 2556 1237 2595 :
1272 2541 1420 2596 Mihi
1465 2542 1735 2606 vindicta,
1773 2557 1876 2613 ego
1907 2539 2072 2595 retri—

431 2621 612 2691 buam,
645 2624 787 2679 dicit
811 2625 1077 2682 Dominus
1103 2628 1167 2683 ⁸⁵.
1222 2628 1346 2684 Illic
1389 2628 1471 2685 ait
1521 2646 1533 2684 :
1594 2628 1916 2700 Operaberis
1962 2638 2075 2685 ler-

428 2727 550 2765 ram
579 2712 624 2747 ³⁸
648 2729 660 2779 ;
696 2712 790 2767 hic
811 2714 982 2784 jubet
1013 2732 1026 2770 :
1060 2717 1243 2773 Nolite
1264 2717 1497 2774 solliciti
1514 2734 1629 2775 esse
1654 2719 1721 2775 de
1747 2720 1987 2775 crastino
2006 2718 2073 2774 ³⁷.

430 2800 556 2855 lllis
587 2800 773 2872 legem
809 2802 1206 2871 dedit;nobis
1257 2823 1359 2878 per
1405 2808 1653 2878 gratiam
1703 2807 1829 2880 ipse
1877 2822 2076 2862 coram

430 2890 710 2945 mandata
738 2891 1051 2948 intimavit.

504 3007 590 3059 76.
623 3006 775 3062 Crux
804 3012 893 3063 est
922 3009 1089 3064 nobis
1136 3016 1417 3083 tropmum
1469 3011 1742 3067 victoria.
1786 3010 2078 3066 Professio

430 3094 649 3166 quippe
680 3095 820 3151 nihil
855 3096 1014 3153 aliud
1038 3105 1128 3155 est
1160 3116 1334 3171 quam
1366 3101 1656 3157 abdicatio
1703 3100 1849 3171 vitae,
1878 3106 1935 3156 et
1965 3118 2078 3156 me-

430 3183 635 3239 ditatio
667 3187 889 3242 mortis.
923 3188 1427 3250 Quemadmodum
1460 3207 1598 3263 ergo
1633 3190 1845 3246 mortui
1877 3206 2081 3261 corpo-

2176 2003 2313 2078 αὐτῇ
2341 2008 2449 2059 τῶν
2483 2004 2787 2078 οἰκητόρων
2835 2001 2984 2059 ἔθετο
3029 2003 3131 2072 τὴν
3179 2003 3349 2074 τάξιν.
3401 2008 3530 2066 Τοῖς
3584 2002 3677 2076 μὶν
3725 2001 3823 2077 γὰρ

2179 2090 2388 2167 σεμνῶς
2424 2094 2601 2169 βιοῦσι
2635 2091 2725 2149 διὰ
2750 2094 2850 2161 τὴν
2896 2090 3246 2148 παιδοποιίαν
3293 2093 3387 2148 τὸν
3439 2092 3616 2167 γάμον
3661 2110 3821 2166 προσ-

2180 2180 2353 2252 έταξε·
2378 2187 2496 2244 τοῖς
2528 2178 2587 2237 δὲ
2617 2179 2706 2237 διὰ
2733 2180 3078 2257 καθαρότητα
3112 2180 3234 2256 βίου
3258 2181 3357 2250 τὴν
3391 2179 3602 2257 ἁγνείαν
3661 2198 3825 2255 προσ·-

2181 2271 2380 2345 έταξεν,
2426 2269 2743 2347 ἰσαγγέλους
2790 2269 2991 2333 αὐτοὺς
3036 2274 3227 2324 ποιῶν·
3280 2270 3371 2325 καὶ
3426 2274 3547 2331 τοῖς
3607 2268 3700 2342 μὲν
3742 2266 3826 2322 νό-

2186 2381 2321 2433 μους
2399 2359 2489 2415 καὶ
2574 2357 2876 2430 έκδικήσεις
2950 2359 3041 2414 καὶ
3112 2355 3464 2420 διδασκαλίας
3534 2354 3823 2434 παρέδωκε·

2180 2448 2397 2512 τούτοις
2463 2448 2523 2505 δὲ
2579 2468 2761 2528 φησιν·
2825 2449 2984 2522 Ἐμοὶ
3061 2445 3363 2519 ἰκδίκησις,
3426 2446 3538 2523 ἑγὼ
3610 2447 3828 2502 ἀνταπο-

2183 2535 2366 2607 δώσω,
2426 2535 2576 2614 λέγει
2659 2537 2878 2607 Κύριος.
2939 2539 3085 2596 Ἐκεῖ
3165 2556 3358 2615 φησιν·
3441 2536 3672 2611 Ἐργάσῃ
3730 2535 3823 2601 τήν

2184 2635 2310 2703 γῆν·
2370 2627 2461 2683 καὶ
2514 2625 2623 2683 ὧδε
2680 2629 2756 2700 μὴ
2817 2633 3149 2703 μεριμνῆσαι
3203 2633 3304 2696 τῆς
3361 2623 3550 2703 αὔριον
3605 2622 3826 2680 κελεύει.

2185 2716 2447 2780 Ἐκείνοις
2477 2716 2648 2790 νόμον
2680 2713 2896 2771 ἔδωκεν·
2929 2719 3063 2791 ἡμῖν
3099 2713 3158 2770 δὲ
3207 2712 3296 2771 διὰ
3337 2715 3570 2792 χάριτος
3617 2709 3827 2785 αὑτοψεὶ

2182 2806 2277 2868 τὰς
2307 2803 2531 2869 ἐντολὰς
2565 2805 2875 2882 ἐγνώρισεν.

2256 3014 2347 3068 76.
2391 3010 2630 3087 Σταυρὸς
2661 3013 2796 3083 ἡμῖν
2840 3009 2951 3065 έστι
2999 3010 3062 3065 τὸ
3106 3008 3367 3084 τρόπαιον
3422 3016 3521 3080 τῆς
3563 3007 3734 3076 νίκης.
3762 3004 3829 3059 Τὸ

2187 3099 2291 3175 γὰρ
2343 3098 2665 3177 ἐπάγγελμα
2718 3102 2881 3173 ἡμῶν
2938 3096 3091 3155 οὐδὲν
3151 3096 3292 3154 ἄλλο
3343 3097 3487 3154 ἐστὶν
3520 3098 3556 3167 ἢ
3587 3094 3828 3168 ἀποταγὴ

2194 3187 2336 3263 βίου,
2396 3187 2597 3262 μεΛέτη
2673 3188 2921 3244 θανάτου.
2979 3190 3185 3261 ’Ὠσπερ
3243 3184 3335 3241 οὖν
3392 3188 3447 3243 οἱ
3499 3184 3678 3262 νεκροὶ
3742 3180 3836 3237 οὐκ

434 3287 495 3327 re
528 3289 640 3328 non
675 3282 1026 3346 operantur;
1059 3277 1141 3332 ita
1166 3284 1223 3334 et
1244 3279 1769 3351 nos.Quaacumque
1797 3280 1954 3335 enim
1979 3278 2076 3334 illo

2191 3276 2468 3354 ἐνεργοῦσι
2496 3282 2578 3350 τῷ
2621 3277 2855 3352 σώματι,
2892 3276 3037 3333 οὕτω
3083 3278 3173 3331 καὶ
3225 3277 3409 3348 ἡμεῖς.
3443 3277 3584 3333 ’Ὁσα
3627 3273 3725 3350 γὰρ
3769 3270 3832 3340 ἦν

430 3362 584 3419 682
604 3366 930 3437 peragenda
942 3366 1302 3437 erant,fecim
1313 3386 1382 3425 us
1393 3384 1525 3423 cum
1542 3384 1810 3425 essemus
1834 3367 2077 3441 parvuli.

432 3449 530 3505 Ait
560 3468 816 3524 namque
846 3455 1155 3526 Apostolus
1190 3473 1202 3512 :
1236 3456 1369 3512 Mihi
1394 3458 1633 3514 mundus
1669 3459 1967 3528 cruciﬁxus
1981 3466 2075 3529 est,

430 3542 487 3593 et
513 3555 608 3612 ego
627 3545 833 3597 mundo
855 3543 1138 3601 33.Anima
1168 3546 1454 3614 vivamus;
1474 3564 1541 3603 ea
1562 3549 1945 3603 ostendamus
1967 3548 2078 3601 vir-

434 3630 611 3696 tutes;
630 3636 821 3686 mente
837 3647 1214 3690 exerceamus
1232 3635 1692 3691 misericordiam
1717 3651 1729 3689 :
1748 3637 1907 3691 Beati
1925 3634 2082 3691 enim

437 3718 820 3774 misericordes
843 3721 1041 3777 anima
1056 3722 1118 3777 3°.
1131 3728 1195 3777 Et
1211 3724 1709 3794 quemadmodum
1734 3724 1934 3778 eodem
1961 3723 2084 3779 loco

438 3804 600 3868 dicit.
647 3810 800 3878 quod
844 3811 943 3879 qui
995 3810 1490 3881 pulchritudinem
1544 3812 1926 3883 concupierit,
1977 3814 2085 3868 etsi

437 3894 860 3953 nihilexterius
889 3905 1044 3970 agat,
1098 3905 1401 3970 peceatum
1451 3901 1577 3955 sine
1619 3906 1766 3956 teste
1814 3911 2087 3974 operatus

440 3991 566 4054 est;
597 3988 797 4042 eadem
849 3989 1072 4045 ratione
1121 3991 1217 4047 hic
1259 3992 1330 4046 de
1360 3991 1732 4064 eleemosyna
1768 4009 1959 4048 sermo
1991 3992 2087 4047 ha-

441 4078 631 4144 betur,
665 4079 862 4134 animo
892 4079 1181 4137 actionem
1232 4084 1584 4153 perliciente,
1635 4082 1771 4139 licet
1814 4083 1965 4139 desit
1995 4101 2087 4155 pe-

439 4167 634 4238 cunia,
670 4168 891 4238 maiore
922 4169 1211 4226 habemur
1239 4170 1477 4227 honore.

514 4294 604 4349 77.
658 4294 1167 4358 Quemadmodum
1218 4296 1374 4353 enim
1430 4297 1531 4369 qui
1578 4299 1637 4353 in
1689 4298 1900 4355 saeculo
1951 4306 2091 4356 sunt

441 4382 564 4438 beri
596 4385 756 4439 varia
783 4386 1053 4442 obtinent
1102 4403 1401 4443 servorum
1453 4386 1799 4459 ministeria,
1848 4393 1905 4444 et
1943 4388 2088 4446 alios

440 4473 676 4543 quidem
710 4474 767 4529 in
802 4491 1010 4547 agrum
1053 4475 1319 4538 mittunt,
1351 4477 1419 4532 ad
1445 4477 1691 4533 colenda
1722 4478 1958 4548 praedia,
1991 4495 2087 4551 ge-

443 4561 716 4633 nerisque
748 4565 1108 4636 propagandi
1143 4582 1360 4633 causa;
1392 4582 1595 4621 eorum
1629 4570 1823 4622 autem
1859 4565 2088 4629 ﬁlios,si

2191 3365 2259 3424 δι’
2288 3367 2453 3423 αὑτοῦ
2512 3366 2837 3440 ἐπιτελέσαι,
2876 3368 3258 3439 πεποιήκαμεν
3313 3364 3404 3420 ὅτε
3445 3368 3583 3438 ἦμεν
3628 3364 3831 3432 νήπιοι.

2191 3457 2337 3528 Φησὶ
2389 3458 2493 3534 γὰρ
2542 3458 2571 3512 ὁ
2622 3455 2985 3525 Ἀπόστολός,
3035 3456 3109 3517 ὡς
3168 3455 3329 3529 Ἐμοὶ
3385 3455 3592 3527 κόσμος
3656 3448 3829 3506 ἐσταύ-

2193 3568 2382 3621 ρωται,
2421 3545 2576 3621 κάγὼ
2627 3550 2707 3618 τῷ
2759 3544 2974 3618 κόσμῳ.
3007 3547 3084 3619 Τῇ
3129 3545 3284 3619 ψυχῇ
3336 3548 3536 3616 ζῶμεν·
3572 3541 3705 3614 αὐτῇ
3747 3538 3834 3599 τὰς

2192 3636 2383 3713 ἀρετὰς
2433 3633 2808 3708 ἐπιδείξωμεν·
2856 3634 2993 3689 κατὰ
3039 3630 3280 3689 διάνοιαν
3332 3632 3674 3707 ἐλεήσωμεν·
3730 3633 3834 3683 Μα-
3891 3656 3895 3659 ·

2193 3726 2373 3801 κάριοι
2403 3725 2504 3800 γὰρ
2545 3725 2598 3780 οἱ
2657 3722 2953 3797 ἐλεήμονες
3010 3726 3079 3798 τῇ
3124 3726 3303 3798 ψυχῇ.
3335 3724 3542 3795 ’Ὠσπερ
3589 3721 3689 3797 γὰρ
3734 3716 3839 3772 ἐκεῖ

2196 3813 2368 3889 λέγει,
2401 3813 2483 3869 ὅτι
2515 3814 2543 3868 ὁ
2572 3812 2915 3887 ἐπιθυμήσας
2951 3810 3220 3885 κάλλους,
3252 3811 3341 3867 καὶ
3387 3808 3519 3888 δίχα
3562 3815 3661 3879 τῆς
3708 3805 3836 3881 πρά-

2197 3904 2349 3974 ξεως,
2409 3904 2721 3980 ἀμάρτυρον
2778 3903 2877 3972 τήν
2956 3900 3224 3977 ἁμαρτίαν
3310 3898 3615 3976 εἰργάσατο·
3677 3893 3837 3951 οὕτως

2196 3992 2421 4048 ἐνταῦθα
2449 3994 2483 4047 ’ὃ
2519 3990 2863 4065 έλεημοσόνη
2897 3987 3132 4067 εἴρηται,
3162 3995 3265 4060 τῆς
3293 3989 3525 4066 γνώμης
3566 3987 3663 4055 τὴν
3713 3984 3836 4057 πρᾶ-

2197 4082 2273 4153 ξίν
2327 4081 2617 4152 τελούσης,
2667 4079 2764 4136 κᾶν
2821 4080 2885 4135 τὸ
2939 4076 3198 4154 ἀργύριον
3256 4076 3465 4150 ἄπεστι,
3514 4075 3583 4150 τῇ
3644 4071 3837 4147 μείζονι

2196 4170 2317 4242 ἀξίᾳ
2351 4171 2546 4243 τετιμή
2558 4171 2712 4243 μεθα.

2266 4297 2358 4351 77.
2392 4297 2594 4369 ’Ὠσπερ
2623 4292 2725 4369 γὰρ
2765 4292 2819 4347 οἱ
2864 4296 2999 4346 κατὰ
3037 4292 3128 4347 τὸν
3171 4290 3378 4363 κόσμον
3430 4288 3681 4346 δεσπόται
3726 4281 3838 4339 δια-

2197 4384 2397 4464 φόρους
2455 4382 2683 4438 οἰκετῶν
2743 4379 3038 4457 ὑπηρεσίας
3095 4377 3401 4451 κέκτηνται·
3435 4379 3525 4435 καὶ
3571 4375 3712 4464 τοῦςΔ
3748 4371 3834 4464 μὲν

2199 4458 2251 4528 έν
2282 4477 2399 4534 τοῖς
2431 4471 2661 4547 χωρίοις
2693 4469 3053 4543 ἐκπέμπουσι,
3085 4469 3220 4545 πρὸς
3250 4468 3310 4523 τὸ
3356 4466 3451 4531 τὰς
3497 4466 3649 4543 γαίας
3697 4458 3838 4537 ἐργά-

2202 4567 2402 4633 ζεσθαι,
2434 4561 2523 4616 καὶ
2552 4561 2652 4630 τήν
2678 4557 2774 4614 τοῦ
2824 4555 3014 4635 γένους
3066 4555 3332 4635 διαδοχὴν
3384 4556 3687 4634 φυλάττειν·
3720 4547 3836 4610 τοὺς

440 4651 849 4723 conspexerint
908 4654 1122 4723 probos
1173 4655 1587 4726 elegantesque
1638 4670 1790 4724 esse,
1846 4655 2076 4710 domum

2201 4648 2279 4718 δὶ,
2312 4648 2400 4705 ἐὰν
2435 4648 2689 4711 ἐπιεικεῖς
2718 4647 2808 4703 καί
2838 4645 3189 4723 περικαλλεῖς
3219 4646 3272 4718 ἐξ
3300 4646 3475 4702 αὐτῶν
3526 4641 3836 4728 γενομένους

441 4742 802 4797 transferunt
831 4742 944 4797 sibi
986 4743 1465 4812 ministraturos;
1499 4744 1582 4798 ita
1628 4758 1861 4814 quoque
1896 4743 2087 4798 Domi-

441 4846 554 4885 nus
585 4845 683 4886 eos
714 4830 949 4902 quidem
982 4832 1079 4903 qui
1111 4831 1437 4887 venerabile
1472 4831 1913 4888 matrimonium
1944 4830 2088 4887 inie-

441 4924 596 4988 rant,
628 4918 687 4974 in
720 4935 859 4993 agro
884 4922 1086 4976 mundi
1121 4922 1385 4992 reposuit
1415 4938 1430 4986 ς
1462 4937 1665 4975 eorum
1715 4926 1909 4977 autem
1943 4937 2089 4993 prae-

439 5009 759 5065 stantiores
782 5009 1249 5083 ﬁlios,quotquot
1273 5010 1527 5066 maxime
1559 5010 1805 5082 probum
1838 5008 2090 5081 amplexi

443 5103 583 5153 sunt
634 5100 1018 5170 propositum,
1065 5100 1175 5155 sibi
1225 5101 1293 5154 ad
1346 5099 1742 5154 ministerium
1808 5099 2087 5156 admovit.

446 5187 547 5242 Isti
579 5188 650 5242 ab
685 5189 972 5245 universis
1003 5188 1250 5246 terrenis
1280 5187 1530 5260 negotiis
1555 5195 1697 5245 sunt
1717 5187 1913 5257 alieni,
1946 5204 2085 5261 quo-
2116 5192 2121 5197 ’

446 5278 604 5331 niam
641 5278 943 5333 Dominica
971 5295 1175 5333 mensa
1199 5277 1424 5349 dignati
1473 5283 1632 5333 sunt.
1667 5277 1781 5333 Nec
1809 5277 1882 5334 de
1910 5277 2092 5333 vesti-

446 5371 646 5422 mento
697 5366 932 5423 solliciti
983 5373 1141 5432 sunt,
1206 5366 1509 5423 Christum
1571 5383 1824 5439 namque
1886 5367 2092 5422 indue-

442 5459 602 5510 runt.

2202 4739 2519 4807 θεάσωνται,
2553 4736 2605 4792 ἐν
2638 4743 2756 4799 τοῖς
2806 4733 2965 4799 ἰδίοις
3006 4734 3177 4799 οἰόιοις
3230 4737 3519 4809 μεθιστῶσι
3566 4733 3698 4809 πρὸς
3742 4727 3834 4794 τήν

2203 4829 2406 4884 ἑαυτῶν
2464 4826 2776 4905 ὑπηρεσίαν·
2838 4826 3012 4889 οὕτως
3062 4826 3151 4883 καὶ
3210 4825 3239 4881 ὁ
3296 4825 3493 4902 Κύριος
3554 4822 3680 4882 τοὺς
3746 4818 3834 4890 μὲν

2197 4918 2290 4973 τὸν
2322 4916 2516 4991 σεμνὸν
2546 4915 2719 4993 γάμον
2754 4914 3069 4990 ἑλομένους,
3104 4913 3156 4970 έν
3185 4919 3266 4987 τῷ
3319 4919 3416 4970 τοῦ
3471 4913 3679 4986 κόσμου
3725 4926 3832 4981 χωο

2200 5006 2301 5082 ρίῳ
2353 5003 2522 5072 ἔθετο·
2554 5004 2683 5067 τοὺς
2735 5003 2793 5060 δὲ
2835 5005 3041 5060 τούτων
3101 5002 3402 5081 βελτίονας,
3437 5003 3553 5059 ὅσοι
3613 4995 3837 5073 μάλιστα

2200 5093 2376 5166 δεξιᾶς
2430 5097 2764 5172 τετυχήκασι
2814 5094 3206 5170 πρααιρέσεως,
3270 5093 3444 5164 ἑαυτῷ
3516 5089 3833 5172 παρέστησξν

2200 5185 2276 5248 εἰς
2307 5170 2669 5261 λειτουργίαν.
2702 5183 2866 5241 Οὗτοι
2910 5183 3124 5238 πάντων
3183 5186 3290 5238 τῶν
3339 5180 3546 5258 γηΐνων
3597 5170 3833 5255 πραγμά-

2197 5296 2306 5330 των
2338 5276 2696 5351 τυγχάνουσιν
2729 5270 3037 5348 ἀλλότριοι·
3068 5278 3167 5341 τῆς
3197 5273 3302 5347 γὰρ
3352 5269 3674 5337 Δεσποτικῆς
3717 5277 3834 5337 τρα-

2202 5365 2373 5433 πέζης
2449 5362 2730 5433 ἠξίωνται.
2793 5360 2872 5419 Οὑ
2934 5364 3240 5439 μεριμνῶσι
3297 5359 3423 5435 περὶ
3508 5352 3828 5436 ἁμφιάσεως⁶

2203 5452 2432 5529 Χριστὸν
2464 5450 2567 5527 γὰρ
2598 5447 2925 5508 ἰνδέδυνται.

516 5692 562 5727 ³³
588 5689 790 5747 Matth.
825 5707 943 5760 xIx,
973 5692 1065 5747 2'7.
1137 5691 1184 5727 ³⁸
1211 5694 1339 5747 Act.
1370 5708 1456 5761 ιιι,
1488 5692 1542 5747 6.
1618 5692 1664 5728 ³⁸
1693 5688 1847 5751 Psal.
1880 5705 2002 5761 CXL,
2031 5688 2076 5746 5.

2191 5687 2212 5726 '
2239 5687 2410 5746 Rom.
2440 5703 2541 5758 xu,
2575 5687 2664 5744 19.
2736 5686 2782 5724 ⁸⁸
2805 5686 3014 5744 Genes.
3042 5702 3131 5761 ιιι,
3151 5685 3245 5742 23.
3320 5686 3367 5725 ³⁷
3396 5683 3608 5744 Matth.
3644 5692 3722 5745 γι,
3744 5669 3829 5729 34.

446 5761 490 5796 ³⁸
521 5762 709 5819 Galat.
731 5777 809 5828 vx,
842 5763 929 5817 14.
1002 5762 1049 5798 θ’
1077 5762 1287 5819 Matth.
1317 5779 1373 5832 ν,
1403 5763 1462 5821 7.
