4162 6382
279 403 434 464 1533

1426 407 1608 467 VlTA
1652 405 1977 467 SANCTZE
2019 405 2553 466 SYNCLETICIE.

3541 407 3696 467 1534

351 537 442 590 78.
477 539 593 589 Τῶν
628 533 718 589 οῦν
757 537 1075 614 ἀμφοτέρων
1117 538 1403 614 ταγμάτων
1452 541 1527 600 εἷς
1574 537 1682 592 ἐστι
1742 535 1929 593 δεσπόο

2113 539 2203 595 78.
2238 538 2555 610 Utriusque
2587 545 2855 598 caeterum
2889 541 3111 597 ordinis
3146 557 3300 596 unus
3353 545 3444 596 est
3503 540 3694 596 Domi-

265 645 366 694 της
398 625 426 678 ὁ
468 625 693 699 Κύριος.
746 629 947 698 ’Ὠσπερ
997 629 1096 702 γάρ
1149 627 1199 682 ἐν
1259 633 1354 682 τοῦ
1409 628 1572 682 αὐτοῦ
1629 628 1776 681 σίτου
1825 628 1933 682 ἐστὶ

264 712 354 767 καὶ
432 714 493 767 τὸ
556 712 759 788 ἄχυρον
821 715 909 768 καὶ
967 716 1028 770 τὸ
1076 717 1309 791 σπέρμα,
1344 716 1514 779 οὕτως
1561 716 1618 771 ἐκ
1645 722 1740 771 τοῦ
1774 717 1935 772 αὐτοῦ

286 807 420 857 Θεοῦ
453 801 554 856 εἶσι
589 803 676 857 καὶ
711 805 761 856 o't
810 805 945 858 κατὰ
989 805 1080 858 τὸν
1136 806 1338 878 κόσμον
1399 812 1610 878 σεμνῶς
1669 808 1933 882 βιοῦντες,

277 893 367 946 καὶ
401 894 451 946 οἱ
482 894 571 948 τὸν
610 897 824 969 μονήρη
880 896 1282 972 ἐπανῃρημένοι
1331 899 1468 973 βίον.
1506 898 1602 952 Καὶ
1644 903 1770 973 γοῦν
1821 903 1934 952 τῶν

274 981 597 1059 ἀμφοτέρων
633 985 792 1058 χρεία
824 985 953 1039 ἐστί⁸
987 992 1090 1039 τῶν
1145 987 1236 1059 μὲν
1286 985 1510 1064 φύλλων
1554 989 1686 1061 πρὸς
1741 988 1931 1063 χρείαν

277 1071 365 1124 καὶ
421 1069 668 1148 φυλακην
728 1078 824 1127 τοῦ
885 1075 1213 1150 σπέρματος,
1251 1080 1344 1130 τοῦ
1398 1073 1455 1130 δὲ
1502 1082 1714 1152 καρπυῦ
1762 1078 1932 1151 ἀναγ-

276 1159 399 1212 καία
447 1163 482 1228 ἡ
543 1168 754 1229 κτῆσις·
818 1162 1021 1236 γένεσις
1080 1165 1182 1238 γάρ
1241 1169 1336 1218 τοῦ
1397 1165 1592 1226 παντὸς
1651 1165 1929 1240 τυγχάνει.

271 1250 475 1320 ’Ὠσπερ
536 1249 637 1324 γάρ
699 1249 797 1303 οὐκ
858 1250 1092 1325 ἐγχωρεῖ
1139 1254 1272 1306 κατὰ
1329 1254 1491 1306 ταυτὸ
1549 1254 1635 1307 καὶ
1701 1255 1931 1329 βοτάνην

273 1338 408 1391 εῖναι
442 1338 530 1391 καὶ
573 1341 808 1413 σπέρμα,
843 1340 1014 1402 οὕτως
1064 1338 1344 1413 ἀδύνατον,
1377 1349 1475 1410 τῆς
1520 1351 1791 1415 κοσμικῆς
1840 1341 1930 1398 δό-

274 1428 370 1498 ξης
430 1428 564 1498 ἡμῖν
620 1428 1024 1502 περικειμένης,
1084 1432 1286 1506 καρπὸν
1359 1431 1605 1505 οὐράνιον
1683 1437 1928 1502 ποιῆσαι.

270 1520 387 1568 Τῶν
419 1513 476 1570 δὲ
508 1515 735 1592 φύλλων
798 1518 1198 1594 ἀπορρυέντων,
1232 1520 1330 1574 καὶ
1377 1528 1476 1588 τῆς
1526 1521 1778 1593 καλάμης
1839 1526 1930 1595 ξη-

269 1603 576 1678 ρανθείσης,
613 1604 923 1676 ἐπιτήδειος
973 1608 1001 1661 ὁ
1053 1608 1254 1684 στάχυς
1323 1611 1456 1681 πρὸς
1503 1612 1754 1685 θερισμόν
1801 1611 1931 1670 ἐστι.

272 1693 369 1745 Καὶ
429 1694 593 1764 ἡμεῖς
662 1693 777 1761 οῦν,
813 1691 1187 1750 ἀποϐαλοῦσαι
1238 1699 1334 1765 την
1389 1697 1449 1752 ἐκ
1500 1707 1599 1774 γῆς
1643 1701 1929 1777 φαντασίαν

275 1781 391 1835 ἀντὶ
423 1786 528 1836 τῶν
562 1783 812 1860 φύλλων,
843 1785 930 1838 καὶ
964 1785 1251 1860 ξηράνασαι
1287 1787 1487 1842 ἑαυτῶν
1538 1790 1600 1843 τὸ
1652 1794 1808 1861 σῶμα
1855 1791 1929 1852 ὡς

264 1870 368 1938 τὴν
402 1870 681 1944 καλάμην,
717 1872 994 1946 ὑψώσασαι
1027 1871 1084 1928 δὲ
1128 1876 1324 1929 ἑαυτῶν
1374 1878 1464 1930 τὸν
1512 1875 1778 1951 λογισμὸν
1842 1876 1929 1933 δυ-

287 1958 561 2032 νησόμεθα
592 1959 804 2035 σπέρμα
835 1964 1108 2036 σωτηρίας
1139 1967 1411 2038 γεννῆσαι.

343 2051 433 2104 79.
471 2048 844 2105 Ἑπικίνδυνον
877 2053 969 2106 τὸν
1003 2054 1080 2124 μὴ
1115 2050 1204 2107 διὰ
1233 2059 1531 2126 πρακτικοῦ
1576 2056 1695 2131 βίου
1746 2057 1933 2132 άχθέν-

270 2158 363 2203 τα,
397 2135 666 2192 διδάσκειν
702 2139 1022 2216 ἐπιχειρεῖν.
1059 2144 1260 2217 Ὥσπερ
1293 2145 1393 2218 γάρ
1431 2144 1510 2210 ἓν,
1546 2144 1591 2198 εἳ
1635 2166 1714 2206 τις
1762 2147 1932 2202 οἰκίαν

270 2223 417 2301 ἔχων
453 2228 668 2303 σαθρὰν,
703 2229 881 2299 ξένους
918 2228 1337 2303 ὑποδεξάμενος,
1375 2233 1572 2306 βλάψει
1616 2239 1684 2307 τῇ
1729 2237 1934 2291 πτώσει

259 2322 362 2372 τοῦ
394 2317 717 2390 οἰκήματος
756 2319 898 2374 οὕτω
936 2320 1024 2374 καὶ
1059 2321 1234 2390 οὗτοι,
1271 2323 1345 2394 μὴ
1401 2322 1661 2398 πρότερον
1715 2326 1933 2388 ἑαυτοὺς

271 2404 529 2484 ἀσφαλῶς
562 2405 1052 2481 οἰκοδομήσαντες,
1083 2410 1173 2464 καὶ
1213 2410 1340 2472 τοὺς
1391 2410 1789 2483 προσελθόντας
1842 2416 1932 2468 σὺν

271 2495 458 2558 αὐτοῖς
521 2495 829 2554 ἀπώλεσαν.
884 2504 1010 2560 Τοῖς
1074 2499 1168 2571 μὲν
1225 2500 1324 2572 γάρ
1380 2499 1569 2574 λόγοις
1629 2503 1935 2577 προεκαλέ-

278 2605 448 2638 σαντο
506 2585 579 2646 εἰς
641 2587 933 2659 σωτηρίαν,
964 2591 1031 2661 τῇ
1093 2585 1149 2643 δὲ
1200 2593 1299 2642 τοῦ
1348 2589 1550 2663 τρόπου
1599 2591 1779 2662 κακίᾳ,
1811 2593 1935 2654 τοὺς

281 2670 643 2749 συλλεγέντας
679 2674 890 2746 μᾶλλον
926 2674 1210 2747 ἠδίκησαν.
1244 2684 1302 2732 Ἡ
1337 2679 1429 2751 μὲν
1486 2680 1588 2754 γὰρ
1637 2680 1775 2754 ψιλή
1824 2686 1932 2737 τῶν

281 2758 466 2834 λόγων
521 2761 721 2824 ἴκθεσις
753 2761 896 2818 ἔοικε
926 2771 1160 2843 γραφαῖς
1223 2763 1311 2821 διὰ
1367 2768 1680 2842 χρωμάτων
1737 2769 1933 2824 εὐαπο-

277 2851 508 2904 πτώτων
585 2854 950 2919 συνιστάσαις,
1012 2857 1225 2916 ἅστινας
1299 2856 1660 2930 σμικρότατος
1734 2859 1932 2934 χρόνος

276 2935 520 2994 διέλυσεν
580 2940 790 3013 άνὲμων
851 2941 1034 3016 ῥιπαῖς
1094 2945 1180 2998 καὶ
1244 2945 1408 3000 ὑετῶν
1453 2947 1694 3021 σταγόσι·
1727 2950 1826 3017 τήν
1877 2947 1934 3003 δὲ

275 3024 588 3103 ἔμπρακτον
619 3026 966 3086 διδασκαλίαν
999 3030 1112 3087 οὐδ’
1143 3037 1170 3087 ὁ
1196 3041 1300 3096 πᾶς
1346 3035 1477 3089 αἰὼν
1526 3033 1776 3091 διαλῦσαι
1837 3036 1934 3092 δυ-

271 3116 489 3187 νηθείη.
541 3118 616 3172 Τά
672 3119 774 3194 γὰρ
855 3123 1042 3195 στερεά
1097 3129 1195 3190 τῆς
1253 3126 1438 3198 ψυχῆς
1495 3124 1843 3181 έκκολάπτων
1904 3129 1932 3182 ὁ

272 3206 460 3282 λόγος,
517 3207 738 3263 αἰώνιον
804 3206 1024 3284 ἄγαλμα
1082 3217 1316 3285 Χριστοῦ
1381 3218 1495 3275 τοῖς
1553 3221 1764 3277 πιστοῖς
1822 3215 1928 3271 δω-

271 3316 468 3370 ρειται.

349 3477 438 3531 80.
473 3476 601 3531 Δέον
632 3473 723 3530 οὖν
755 3477 843 3530 καὶ
875 3479 1023 3548 ἡμᾶς
1077 3480 1152 3550 μή
1206 3477 1532 3534 ἐπιπόλαιον
1589 3488 1691 3550 τῆς
1749 3486 1934 3558 ψυχῆς

277 3570 550 3628 ποιεῖσθαι
607 3566 706 3634 τήν
767 3565 1075 3640 θεραπείαν,
1107 3567 1399 3639 ἁλλ’ὅλην
1449 3569 1615 3638 αὐτὴν
1673 3569 1747 3625 δι’
1802 3572 1936 3628 ὅλου

276 3659 528 3726 κοσμεῖν,
563 3652 802 3726 μάλιστα
832 3660 928 3710 τοῦ
981 3656 1177 3732 βάθους
1232 3659 1307 3730 μὴ
1358 3658 1688 3732 ἁμελοόσας.
1717 3667 1934 3736 Τριχῶν

279 3741 658 3815 ἐποιησάμεθα
711 3745 810 3812 τήν
872 3746 1172 3821 ἁφαῑρεσιν·
1233 3747 1619 3825 συναφέλωμεν
1671 3751 1760 3805 καὶ
1811 3751 1936 3814 τοὺς

276 3831 330 3885 ἐν
388 3835 457 3905 τῇ
516 3829 727 3908 κεφαλῇ
780 3831 1094 3901 σκώληκας·
1133 3837 1458 3907 μονάσαντες
1508 3839 1610 3913 γάρ
1643 3839 1815 3909 οὗτοι,
1849 3839 1936 3894 ἐπὶ

275 3921 467 3975 πλεῖον
501 3923 646 3993 ἡμᾶς
683 3919 1026 3990 όδυνήσουσι.
1061 3924 1130 3976 Τὸ
1166 3923 1260 3995 μὲν
1308 3924 1409 3998 γάρ
1454 3926 1716 4001 τρίχωμα
1776 3930 1934 3999 ἡμῶν

273 4012 340 4078 ἦν
378 4009 405 4063 ὁ
436 4010 571 4064 κατά
617 4010 706 4063 τὸν
763 4009 878 4085 βίον
929 4010 1158 4083 κόσμος,
1213 4013 1393 4083 τιμαὶ,
1428 4011 1597 4085 δόξαι,
1631 4015 1936 4090 χρημάτων

272 4105 492 4167 κτῆσις,
529 4098 777 4174 λαμπραὶ
827 4099 1052 4169 ἐσθῆτος
1112 4099 1326 4170 στολαὶ,
1382 4099 1627 4178 λουτρῶν
1684 4107 1934 4180 χρήσεις,

280 4189 588 4262 βρωμάτων
645 4187 992 4250 ἀπολαύσεις.
1024 4195 1200 4244 Ταῦτα
1252 4187 1507 4262 ἐδόξαμεν
1571 4190 1931 4249 ἀποϐάλλειν·

275 4275 425 4331 ἀλλά
451 4276 578 4338 τοὺς
609 4277 994 4355 ψυχοφθόρους
1027 4278 1319 4348 σκώληκας
1357 4278 1568 4352 μᾶλλον
1623 4281 1932 4355 έξώσωμεν.

274 4365 425 4427 Τίνες
475 4363 528 4419 δέί
591 4365 720 4421 εἰσιν
780 4367 968 4421 οῦτοι·
1003 4366 1308 4423 καταλαλιά
1363 4367 1483 4423 imo
1565 4370 1576 4390 '
1730 4370 1762 4426 λ

330 4405 341 4418 ι
509 4400 532 4421 -.
681 4409 692 4419 .
957 4411 970 4435 ,
1317 4414 1328 4439 ,
1491 4390 1633 4445 ρκια,
1667 4393 1724 4436 φι
1769 4392 1933 4447 αργυ-

278 4453 388 4528 ρία.
424 4456 486 4510 Ἡ
544 4452 634 4510 οῦν
693 4455 903 4532 κεφαλή
965 4459 1129 4530 ἡμῶν
1191 4455 1332 4512 ἐστιν
1382 4461 1416 4527 ἡ
1476 4461 1772 4534 ψυχή-καὶ
1830 4458 1934 4523 ἕως

285 4544 381 4616 μὲν
412 4543 462 4598 ἐν
507 4550 625 4607 ταῖς
678 4543 833 4607 ὕλαις
892 4550 1000 4600 τῶν
1058 4552 1337 4619 κοσμικῶν
1397 4551 1728 4624 πραγμάτων
1789 4549 1935 4605 ἐσκέ-

281 4653 449 4688 ποντο
510 4634 577 4687 τὰ
625 4634 807 4708 θηρία,
841 4632 1060 4690 ἐδόκουν
1105 4633 1400 4699 λανθάνειν·
1438 4641 1525 4691 νῦν
1587 4635 1665 4711 δὲ,
1713 4661 1936 4715 γυμνω-

281 4724 460 4791 θέντα,
492 4722 650 4778 πᾶσίν
711 4723 850 4778 ἐστιν
909 4720 1135 4794 ἔκδηλα·
1173 4721 1262 4778 διὰ
1289 4731 1451 4780 τοῦτο
1505 4727 1554 4781 έν
1618 4730 1867 4803 παρθένῳ
1897 4729 1931 4798 ἢ

281 4811 332 4866 ἐν
396 4817 625 4887 μοναχῷ
675 4820 924 4890 προφανῆ
984 4814 1243 4888 τυγχάνει
1321 4815 1409 4868 καὶ
1467 4815 1532 4868 τά
1589 4815 1936 4892 εὐτελέστερα

279 4903 669 4975 ἁμαρτήματα·
706 4900 885 4976 ὥσπερ
945 4903 1045 4977 γάρ
1091 4901 1141 4955 ἐν
1191 4905 1408 4975 καθαρῷ
1454 4903 1714 4977 οἰκήματι
1771 4928 1932 4961 κατα-

278 4991 440 5068 φανὶς
472 4997 601 5046 πᾶσι
629 4991 835 5066 γίνεται
879 4993 941 5046 τὸ
995 4991 1152 5067 ὀφθὶν
1187 4991 1400 5066 θηρίον,
1431 4993 1528 5046 κᾶν
1593 4994 1930 5068 βραχύτατον

273 5079 538 5156 τυγχάνῃο
574 5079 625 5135 έν
661 5077 718 5134 δὲ
747 5086 862 5142 τοῖς
921 5079 1206 5153 κοσμικοῖς
1268 5079 1446 5156 ὥσπερ
1503 5081 1553 5136 ἐν
1609 5083 1931 5158 ἀκαθάρτοις

276 5169 570 5239 σπηλαίοις
606 5169 998 5247 ἐμφωλεύοντα
1026 5171 1094 5224 τά
1129 5169 1354 5245 μέγιστα
1383 5175 1490 5225 τῶν
1527 5167 1764 5226 ἰοϐόλων
1812 5171 1936 5228 λαν-

278 5259 447 5331 θάνει,
483 5259 586 5314 ὑπὸ
613 5266 711 5328 τῆς
742 5265 1002 5335 συνεχοῦς
1033 5257 1171 5330 ὕλης
1217 5257 1623 5331 καλυπτόμενα.
1659 5259 1783 5316 Δέον
1819 5249 1931 5316 ὀῦν

279 5345 361 5422 ἐφ’
391 5349 551 5419 ἡμῶν
584 5346 851 5418 καθαίρειν
884 5348 974 5401 τὸν
1037 5348 1186 5401 οἷκον
1222 5344 1507 5417 διηνεκῶς,
1540 5347 1628 5402 καὶ
1677 5343 1933 5423 περιϐλέ-

281 5437 469 5490 πεσθαι
536 5437 610 5509 μή
660 5457 713 5490 τι
771 5439 877 5489 τῶν
937 5435 1305 5512 ψυχοφθόρων
1363 5436 1609 5511 ζωῦφίων
1642 5435 1936 5513 παρεισδύῃ

283 5524 337 5580 ἐν
398 5529 516 5586 τοῖς
570 5531 674 5594 τῆς
722 5527 909 5599 ψυχῆς
958 5524 1222 5597 ταμείοις·
1255 5524 1344 5580 καὶ
1376 5526 1570 5599 θυμιᾷν
1607 5523 1663 5581 δὲ
1689 5524 1815 5590 τοὺς
1845 5527 1936 5582 τό-

357 5741 499 5813 (or)
531 5740 634 5798 γει.
671 5739 782 5795 PP.
815 5739 856 5794 ι.
888 5755 944 5806 ν,
974 5738 1033 5808 8,
1061 5737 1153 5796 20.

1959 1922 2007 1987 B

2046 643 2177 682 nus.
2239 627 2383 682 Nam
2445 631 2601 684 sicut
2646 645 2714 683 ex
2769 630 2968 684 eodem
3003 631 3297 683 frumento
3328 633 3417 684 est
3448 628 3610 699 palea
3642 636 3698 682 et

2044 731 2276 782 semen;
2313 715 2392 770 ita
2421 732 2488 770 ex
2517 717 2719 771 eodem
2755 721 2866 770 Deo
2897 723 3036 772 sunt
3084 723 3139 771 et
3196 717 3293 786 qui
3357 717 3414 771 in
3478 717 3696 771 mundo

2045 803 2190 858 bene
2248 803 2470 870 vivunt,
2531 810 2588 859 et
2616 805 2712 875 qui
2744 805 3127 860 monasticam
3156 805 3403 876 amplexi
3439 809 3578 859 sunt
3611 804 3693 857 vi-

2043 895 2186 946 tam.
2221 893 2288 946 Et
2315 909 2454 947 sane
2486 895 2658 949 ambo
2689 899 2830 948 sunt
2864 894 3226 960 necessaria;
3263 893 3398 948 folia
3455 894 3690 964 quidem

2044 981 2114 1034 ad
2141 981 2383 1035 tutelam
2407 987 2464 1036 et
2485 999 2656 1036 usum
2691 983 2968 1050 seminis;
3005 982 3260 1036 fructum
3295 999 3423 1037 vero
3457 999 3694 1038 necesse

2043 1076 2130 1126 est
2152 1072 2619 1144 acquirerc,quia
2639 1090 2708 1128 ex
2730 1089 2794 1128 eo
2819 1079 3026 1127 cuncta
3053 1078 3386 1127 nascantur.
3415 1075 3552 1145 (91*)
3575 1074 3693 1127 Ca2-

2044 1167 2230 1213 lerum
2261 1159 2543 1214 sicutnon
2571 1165 2761 1232 potest
2783 1177 2910 1215 esse
2935 1160 3111 1214 simul
3146 1160 3326 1214 herba
3357 1177 3488 1214 cum
3521 1161 3696 1216 semi-

2044 1265 2148 1316 ne;
2182 1249 2264 1304 ita
2295 1250 2412 1304 tieri
2449 1251 2652 1322 nequit
2680 1258 2764 1321 ut,
2799 1251 3215 1322 circumposita
3264 1250 3432 1304 nobis
3493 1252 3696 1305 mundi

2041 1337 2245 1409 gloria,
2280 1337 2569 1394 cmlestcm
2609 1341 2863 1395 fructum
2895 1340 3255 1396 amittamus.
3292 1339 3466 1395 Foliis
3526 1357 3694 1412 porro

2042 1425 2320 1498 delapsis,
2379 1430 2743 1499 arefactoque
2802 1428 3018 1496 culmo,
3053 1434 3188 1500 apta
3217 1434 3306 1484 est
3337 1429 3408 1484 ad
3442 1445 3696 1484 messem

2043 1517 2350 1588 spica.Nos
2373 1516 2567 1588 itaque
2590 1535 2724 1573 cum
2748 1536 2850 1574 ceu
2881 1519 3338 1586 folia,terrenum
3369 1519 3570 1574 luxum
3594 1520 3694 1574 ab-

2036 1605 2376 1674 jecerimus,
2411 1622 2740 1676 corpusque
2765 1613 3033 1662 nostrum
3060 1607 3268 1661 calami
3296 1606 3483 1662 instar
3513 1608 3696 1663 exsic-

2041 1694 2388 1760 caverimus,
2423 1701 2799 1766 nostramque
2848 1695 3256 1768 cogitationem
3309 1695 3695 1766 'erexerimus,

2042 1785 2170 1835 tum
2204 1785 2525 1852 poterimus
2555 1784 2764 1839 salutis
2795 1801 2995 1839 semen
3025 1783 3284 1855 gignere.

2114 2051 2203 2104 79.
2241 2051 2352 2106 Res
2382 2055 2469 2106 est
2501 2050 2848 2122 periculosa,
2885 2067 3017 2106 cum
3053 2051 3100 2106 is
3133 2051 3232 2122 qui
3262 2052 3375 2106 vita
3410 2052 3468 2106 in
3520 2051 3696 2107 actio-

2047 2157 2118 2194 ne
2176 2141 2367 2212 posita
2425 2140 2731 2194 institutus
2793 2157 2904 2195 non
2956 2146 3065 2206 est,
3098 2141 3304 2196 docere
3333 2141 3696 2214 aggreditur.

2045 2227 2190 2283 Nam
2222 2229 2374 2283 sicut
2403 2229 2451 2283 si
2486 2228 2620 2300 quis
2677 2229 2916 2284 domum
2979 2230 3201 2285 habens
3259 2230 3584 2301 ruinosam,
3643 2235 3701 2286 et

2046 2317 2307 2389 hospites
2353 2319 2660 2390 exceperit,
2695 2320 2985 2389 pernicem
3016 2319 3131 2373 illis
3164 2336 3266 2391 per
3293 2320 3434 2375 aedis
3466 2320 3697 2376 ruinam

2045 2408 2244 2474 affert;
2277 2407 2360 2461 sic
2390 2411 2445 2462 et
2477 2407 2572 2461 isti
2601 2424 2734 2462 cum
2770 2413 2942 2464 antea
2976 2425 3089 2464 non
3123 2410 3472 2481 semetipsos
3517 2408 3696 2464 ﬁrmi-

2044 2501 2133 2550 ter
2178 2495 2587 2560 aediﬁcassent,
2611 2511 2710 2550 eos
2742 2497 2840 2566 qui
2873 2502 3240 2552 accesserant
3270 2514 3470 2552 secum
3504 2497 3697 2568 perdi-

2046 2586 2276 2641 derunt.
2312 2588 2537 2641 Etenim
2570 2586 2759 2640 verbis
2790 2587 2861 2642 ad
2911 2585 3162 2642 salutem
3206 2588 3512 2658 vocabant,
3574 2603 3698 2642 mo-

2046 2692 2176 2730 rum
2209 2680 2402 2730 autem
2439 2674 2701 2746 nequitia
2731 2693 2830 2731 eos
2862 2675 2961 2748 qui
2985 2675 3209 2731 collecti
3233 2678 3463 2732 fuerant
3484 2677 3698 2731 damno

2045 2763 2381 2820 adiecerunt.
2414 2763 2560 2818 Nam
2592 2763 2836 2833 simplex
2867 2765 3173 2820 verborum
3205 2766 3488 2837 expositio
3534 2765 3698 2821 simi-

2043 2853 2118 2910 lis
2175 2861 2264 2911 est
2322 2855 2586 2926 picturis,
2621 2871 2746 2924 quae
2780 2855 3004 2910 levibus
3037 2856 3375 2927 vitiosisque
3405 2856 3701 2911 coloribus

2044 2950 2332 3013 constant,
2364 2962 2509 3015 quas
2541 2944 2952 2999 brevissimum
2986 2951 3219 3016 tempus
3250 2950 3555 3000 ventorum
3590 2945 3700 3000 fla-

2041 3033 2223 3100 tibus,
2257 3034 2658 3104 imbriumque
2691 3033 3020 3103 perfusione
3050 3033 3338 3089 dissolvit.
3373 3039 3446 3089 At
3484 3034 3700 3089 doctri-

2044 3140 2178 3178 nam
2210 3123 2485 3195 operibus
2516 3124 3021 3188 contirmatam,ne
3044 3129 3230 3178 totum
3253 3125 3489 3194 quidem
3514 3140 3698 3178 savum

2041 3211 2357 3268 dissolvere
2388 3213 2659 3283 potuerit.
2694 3211 2837 3265 Nam
2871 3211 3057 3266 solida
3114 3212 3324 3267 anima:
3353 3212 3702 3284 exsculpens

1953 3284 2003 3375 α
2042 3318 2270 3367 sermo,
2338 3307 2620 3357 aeternum
2690 3300 2904 3356 Christi
2973 3301 3356 3357 simulacrum
3429 3302 3700 3357 ﬁdelibus

2045 3391 2274 3446 tribuit.

2115 3480 2206 3534 80.
2241 3479 2628 3541 Quamobrem
2663 3479 2945 3535 debemus
2976 3479 3185 3534 anima:
3245 3496 3447 3536 curam
3507 3481 3696 3536 susci-

2047 3585 2200 3640 pere,
2233 3585 2346 3624 non
2383 3570 2860 3640 perfunctoriam,
2884 3585 2998 3624 non
3032 3571 3321 3636 fucatam;
3356 3571 3456 3626 sed
3492 3571 3546 3624 in
3581 3575 3704 3625 tota

2046 3657 2148 3712 illa
2177 3658 2514 3713 exornanda
2544 3663 2723 3713 totam
2755 3674 2965 3729 ponere
2995 3674 3257 3730 Operam,
3289 3675 3402 3713 non
3439 3658 3702 3731 neglecta

2048 3746 2367 3817 praesertim
2400 3747 2816 3817 profunditate.
2847 3747 3220 3802 Abscidimus
3265 3763 3531 3816 comam;
3587 3765 3701 3803 una

2045 3837 2385 3889 auleramus
2415 3839 2471 3890 et
2501 3837 2688 3890 tineas
2737 3834 2944 3905 capitis
2980 3851 2993 3890 :
3030 3853 3163 3890 nam
3223 3836 3271 3890 si
3333 3835 3466 3892 solae
3527 3836 3699 3891 relin-

2047 3928 2304 3994 quuntur
2361 3923 2497 3992 illis,
2555 3926 2836 3994 majorem
2900 3925 3068 3980 nobis
3120 3926 3364 3981 afferent
3416 3925 3697 3981 dolorem.

2046 4011 2322 4068 Casaries
2345 4013 2563 4084 quippe
2614 4020 2816 4068 nostra
2873 4021 3018 4083 erat,
3078 4015 3373 4071 seacularis
3431 4024 3696 4085 ornatus,

2046 4103 2317 4171 honores,
2376 4104 2582 4176 gloria,
2645 4105 2982 4174 facultates,
3044 4108 3288 4162 vestiqu
3349 4108 3699 4180 splendidus

2047 4191 2321 4257 amictus,
2353 4191 2697 4247 balneorum
2735 4211 2898 4258 usus,
2933 4194 3192 4250 ciborum
3228 4194 3516 4267 voluptas.
3569 4197 3699 4252 Πεθο

2043 4280 2309 4335 videmur
2364 4281 2704 4348 abdicasse;
2755 4298 2957 4337 verum
2991 4284 3198 4338 animae
3233 4285 3592 4354 perniciosas
3620 4285 3696 4339 ti-

2047 4384 2187 4424 neas
2217 4368 2587 4440 abjiciamus.
2620 4368 2894 4432 Quaenam
2930 4370 3040 4424 illa:
3070 4370 3257 4426 sunt?
3283 4371 3448 4426 malea
3476 4373 3698 4443 cogita-

2047 4457 2256 4528 tiones,
2299 4458 2660 4525 obtrectatio,
2697 4459 3043 4530 perjurium,
3077 4460 3335 4516 avaritia.
3369 4461 3557 4532 Caput
3590 4478 3697 4516 no-

2046 4552 2237 4601 strum
2269 4552 2357 4602 est
2387 4546 2602 4600 anima.
2637 4547 2785 4601 Sane
2841 4547 3099 4616 quandiu
3160 4548 3217 4602 in
3278 4548 3440 4603 silvis
3500 4565 3694 4603 rerum

1967 4659 2014 4724 D
2048 4635 2478 4691 mundanorum
2513 4635 2643 4690 feras
2672 4635 3305 4706 obtegebantur,latere
3327 4637 3694 4694 videbantur:

2047 4741 2202 4779 nunc
2251 4730 2445 4780 autem
2507 4725 2832 4790 denudatae,
2893 4725 3120 4780 cunctis
3178 4730 3318 4780 sunt
3377 4731 3584 4797 apertae
3641 4730 3698 4781 et

2045 4815 2391 4884 conspicuae.
2458 4818 2770 4884 Propterea
2829 4814 2884 4867 in
2919 4813 3142 4883 virgine
3199 4814 3286 4869 vel
3318 4815 3376 4869 in
3412 4817 3697 4870 monacho

2044 4904 2336 4958 evidentia
2367 4907 2505 4957 sunt
2533 4901 2621 4958 vel
2654 4901 2951 4958 levissima
3001 4909 3232 4972 peccata
3267 4920 3279 4958 :
3313 4905 3697 4971 quemadmo-

2044 4993 2183 5048 dum
2218 4992 2275 5047 in
2312 4993 2532 5048 mundo
2564 4991 2882 5059 domicilio,
2905 4992 3148 5062 quodvis
3180 4993 3396 5048 animal
3428 4993 3698 5064 quamvis

2043 5081 2463 5138 tenuisslmum
2521 5083 2788 5137 omnium
2833 5087 2992 5153 patet
3020 5082 3204 5137 oculis
3239 5098 3252 5138 :
3288 5082 3344 5137 in
3378 5085 3697 5139 mundanis

2043 5177 2239 5227 autem
2271 5172 2426 5226 683
2454 5187 2558 5228 ceu
2593 5171 2652 5226 in
2686 5172 2936 5243 impuris
2981 5170 3425 5243 immundisque
3455 5173 3698 5245 spelun—

2044 5259 2128 5316 cis
2159 5260 2330 5315 etiam
2366 5259 2704 5313 incubantia
2725 5266 3062 5314 venatorum
3085 5261 3339 5316 maxima
3361 5261 3543 5316 latent
3563 5263 3702 5316 den-

2045 5349 2217 5404 sitate
2251 5347 2501 5402 materias
2534 5348 2781 5402 obtecta.
2811 5349 2923 5420 (92)
2954 5349 3193 5420 Oportet
3243 5365 3380 5421 ergo
3430 5367 3535 5406 nos
3593 5351 3699 5406 d0-

2047 5455 2209 5494 mum
2233 5438 2468 5494 assidue
2487 5444 2893 5509 expurgare,et
2914 5440 3383 5512 circumspicere,
3410 5459 3479 5497 ne
3509 5443 3701 5512 quod-
3789 5482 3797 5488 .

2045 5527 2206 5600 piam
2237 5526 2446 5583 animus
2469 5526 2773 5581 noxiorum
2795 5527 3152 5584 insectorum
3205 5530 3470 5600 ejusdem
3491 5532 3700 5586 anima:

2122 5741 2235 5814 (92)
2273 5743 2382 5797 γει.
2416 5740 2525 5795 pp.
2557 5738 2595 5793 1.
2626 5755 2682 5805 ν,
2715 5738 2768 5807 4,
2802 5739 2888 5794 42.
