4162 6388
446 406 602 467 1535

1593 411 1654 468 S.
1705 405 2227 468 A'I‘HANASIUS.
2259 438 2336 450 --
2361 405 2673 469 SPURIA.

3692 417 3715 474 l
3728 420 3830 478 536

446 538 654 592 subeat
686 540 1023 609 penetralia.
1058 542 1206 596 Loca
1235 541 1435 595 itidem
1471 540 1667 596 divino
1699 537 1980 594 orationis
2013 537 2101 592 in-

2221 556 2350 597 πους
2379 541 2459 622 τῷ
2490 536 2617 608 θείῳ
2647 538 2947 610 θυμιάματι
2993 545 3092 608 τῆς
3139 558 3467 615 προσευχης.
3498 543 3688 618 Ὥσπερ
3737 548 3830 622 γὰρ

446 640 620 680 censo
652 627 1054 699 suffumigare.
1090 629 1253 684 Sicut
1302 630 1457 683 enim
1511 629 1735 683 acriora
1793 628 2104 699 pharmace

450 712 666 767 bestias
717 715 955 786 exigunt
985 723 1332 782 venenatas;
1367 718 1450 771 sic
1482 716 1850 770 immundam
1883 713 2102 785 cogita-

443 800 664 855 tionem
697 803 858 871 ejicit
890 806 1075 859 oratio
1105 821 1238 859 cum
1268 805 1516 875 jejunio.

517 891 605 945 81.
661 892 781 947 Una
841 911 1012 964 porro
1067 895 1279 950 animae
1337 895 1710 949 exitiosarum
1774 892 2102 948 belluarurn

447 979 566 1035 haec
597 986 714 1037 est:
738 984 922 1056 decipi
958 987 1182 1042 scilicet
1211 987 1281 1042 ab
1337 987 1408 1042 iis
1438 986 1537 1058 qui
1570 1003 1699 1041 esse
1731 985 1910 1039 fatum
1945 985 2102 1040 afﬁr-

449 1077 633 1125 mant.
669 1075 830 1138 Quod
862 1076 1036 1131 etiam
1071 1079 1308 1148 genesin
1342 1084 1566 1132 vocant.
1623 1078 1672 1131 ls
1732 1081 1820 1132 est
1876 1077 2102 1147 gravis-

447 1159 635 1216 simus
693 1163 910 1218 diaboli
977 1167 1275 1222 stimulus.
1313 1171 1378 1220 Et
1411 1166 1760 1238 plerumque
1792 1165 2105 1220 animabus

448 1249 750 1318 studiosis,
789 1259 1095 1325 postquam
1131 1257 1186 1310 in
1223 1261 1415 1311 mente
1465 1256 1797 1327 pestiferam
1860 1256 2105 1326 phanta-

448 1338 598 1393 siam
659 1343 939 1414 excitarit,
1003 1348 1186 1401 evolat
1221 1366 1232 1402 :
1269 1353 1325 1401 at
1359 1347 1738 1418 scgnioribus
1769 1347 2109 1401 dominatur

448 1428 809 1487 hominibus.
845 1435 1022 1490 Nemo
1072 1438 1225 1492 enim
1287 1455 1486 1492 eorum
1549 1437 1642 1506 qui
1702 1453 1832 1490 cum
1897 1436 2106 1490 virtute

447 1518 622 1573 vitam
685 1525 1066 1596 transigunt,
1125 1531 1280 1581 tenet
1339 1527 1666 1579 admittitve
1709 1524 2104 1593 perniciosam

447 1627 774 1680 vanamque
824 1613 1111 1680 ejusmodi
1177 1613 1534 1678 doctrinam;
1609 1616 1782 1665 Deum
1855 1626 2108 1681 namque

447 1698 799 1770 principium
861 1701 1070 1755 statuit
1127 1703 1319 1756 omnis
1375 1701 1646 1771 praeteriti
1688 1701 2107 1771 praesentisque

447 1787 584 1842 boni
619 1805 630 1842 :
667 1804 733 1842 ac
765 1791 1022 1843 secundo
1053 1788 1177 1844 loco
1234 1790 1529 1861 propriam
1583 1796 1838 1844 mentem
1897 1791 2105 1844 ducem

443 1875 818 1946 judicemque
876 1878 1109 1934 virtutis
1167 1896 1230 1933 ac
1290 1878 1412 1932 vitii
1448 1878 1774 1933 constituit.
1814 1882 2187 1973 QuotquotB

447 1967 641 2018 autem
675 1966 892 2032 injuria
943 1968 1026 2020 vel
1088 1967 1336 2038 segnitie
1397 1971 1552 2038 passi
1612 1972 1752 2021 sunt
1807 1984 1934 2037 quae
1993 1984 2107 2021 non

445 2056 881 2123 exspectabant,
945 2055 1100 2111 illico
1158 2058 1444 2111 accedunt
1505 2057 1574 2111 ad
1627 2057 2111 2126 hujusmodidaa-

450 2156 703 2196 monem.
741 2144 1246 2207 Quemadmodum
1283 2146 1444 2216 pueri
1479 2145 1678 2200 relicto
1710 2145 1937 2210 ordine,
1995 2162 2110 2201 non

450 2229 710 2284 furentes
759 2236 1064 2301 parentum
1100 2250 1340 2287 suorum
1376 2234 1805 2289 institutionem
1840 2234 1952 2288 sibi
1983 2249 2112 2305 per-

453 2318 675 2387 utilem,
701 2320 1030 2392 aufugiunt,
1058 2322 1298 2394 locaque
1323 2326 1564 2386 adeunt.
1597 2325 2112 2395 deserta,l‘erisque

450 2425 516 2464 ac
544 2409 803 2465 barbaris
834 2412 1238 2483 adiunguntur
1265 2413 1650 2468 daemonibus.
1703 2414 1847 2468 Nam
1902 2413 2110 2468 erube-

450 2503 680 2552 scentes
743 2498 996 2554 facinora
1055 2518 1172 2555 suae
1221 2501 1501 2562 voluntati
1535 2502 1853 2574 imputare,
1885 2519 1952 2556 ea
1981 2519 2108 2573 quae

451 2601 566 2640 non
600 2587 817 2641 adsunt
849 2588 994 2643 falso
1027 2589 1436 2645 criminantur.

519 2676 608 2730 82.
647 2677 922 2731 Praeterea
953 2695 986 2732 a
1017 2679 1213 2733 divino
1273 2680 1516 2734 numine
1576 2697 1704 2735 sese
1765 2680 2109 2750 abjicientes

451 2764 563 2819 sibi
623 2765 923 2820 al‘lirmnnt
981 2785 1048 2821 ex
1078 2769 1274 2838 genesi
1313 2785 1412 2822 seu
1449 2769 1751 2824 nativitate
1781 2769 2109 2841 voluptates

450 2855 722 2909 obvenire
755 2873 767 2910 :
806 2857 1160 2914 fornicantes
1217 2859 1458 2930 quippe,
1524 2861 1806 2926 furantes,
1867 2862 2110 2919 avaritia

449 2941 816 3010 laborantes,
889 2946 1274 3012 fraudulenti,
1349 2948 1569 3018 pudore
1639 2954 1874 3020 propter
1934 2967 2110 3022 opera

445 3048 551 3086 sua
581 3033 793 3100 alfecti,
827 3053 860 3089 a
892 3037 1134 3091 veritate
1166 3036 1546 3092 deﬂexerunt.
1575 3037 1789 3110 Estque
1822 3042 2109 3098 terminus

446 3136 646 3175 eorum
711 3124 1013 3194 propositi,
1071 3124 1337 3180 lethifera
1397 3127 1748 3197 desperatio.
1810 3129 1955 3193 Quia
2009 3147 2109 3185 ne-

446 3226 608 3265 cesse
675 3216 763 3266 est
828 3230 896 3267 ex
957 3213 1048 3268 his
1109 3214 1563 3286 cogitationibus
1621 3219 2108 3290 argumentisque

2212 626 2277 678 τά
2311 620 2506 680 ἷοϐόλα
2538 630 2648 695 ζῶα
2675 627 2741 680 τὰ
2773 624 3071 701 δριμύτερα
3114 631 3222 682 τῶν
3269 628 3558 705 φαρμάκων
3615 620 3829 688 ἀπελαύ-

2211 735 2311 784 νει,
2371 714 2514 770 οὕτω
2573 712 2838 791 λογισμὸν
2901 715 3138 791 ῥυπαρὸν
3199 715 3336 791 εύχή
3399 718 3529 788 μετὰ
3603 722 3831 790 νηστείας

2215 801 2459 858 ἐκδιώκει
2471 849 2482 860 .

2283 894 2372 948 81.
2404 893 2497 947 Ἓν
2557 889 2615 946 δὶ
2671 896 2778 945 τῶν
2831 892 3204 970 ψυχοιρθὸρων
3257 893 3366 948 ἐστί
3417 895 3612 970 θηρίων
3642 899 3723 952 καὶ
3775 902 3830 954 τὸ

2216 982 2546 1056 ὑποσυρῆναι
2604 983 2748 1056 παρὰ
2802 987 2911 1036 τῶν
2974 981 3246 1057 λεγόντων
3307 983 3434 1037 εἶναι
3496 984 3828 1060 εἱμαρμένην,

2214 1069 2384 1145 ἤνπερ
2413 1071 2501 1124 καὶ
2532 1070 2732 1144 γένεσιν
2764 1071 3014 1129 καλοῦσι.
3050 1070 3273 1146 Κέντρον
3309 1069 3366 1126 δὲ
3413 1071 3519 1127 ἐστι
3564 1075 3647 1128 καὶ
3686 1081 3830 1132 τοῦτο

2214 1164 2309 1214 τοῦ
2369 1155 2633 1215 διαϐόλου
2693 1158 3020 1216 δεινότατον.
3065 1163 3161 1214 Καὶ
3218 1167 3335 1222 ταῖς
3397 1163 3486 1234 μὲν
3546 1162 3830 1228 σπουδαίαις

2215 1251 2418 1324 ψυχαῖς
2449 1246 2720 1310 πολλάκις
2753 1249 2888 1303 κατὰ
2935 1254 3058 1304 νοῦν
3115 1249 3279 1322 μόνον
3332 1251 3615 1326 φαντασίαν
3666 1266 3828 1326 Αοιμι-

2215 1339 2315 1405 κήν
2372 1344 2621 1408 κινῆσαν,
2674 1337 2986 1413 ἁφίπταται·
3047 1342 3150 1391 τῶν
3212 1336 3268 1394 δὲ
3329 1337 3687 1416 ’ἱμελεστέρων
3754 1343 3832 1396 καὶ

2216 1423 2483 1495 δεσπόζει.
2521 1424 2715 1488 Οὐδεὶς
2747 1427 2849 1502 γὰρ
2881 1431 2988 1481 τῶν
3020 1429 3136 1481 κατ’
3168 1429 3362 1496 ἀρετήν
3401 1429 3656 1502 βιούντων
3686 1430 3835 1504 ἐμπι-

2217 1513 2386 1568 στεύει
2409 1515 2442 1583 ἢ
2477 1513 2839 1590 παραδέχεται
2869 1517 2933 1570 τὸ
2959 1511 3328 1592 φρενοϐλαϐὲς
3345 1517 3434 1571 καὶ
3460 1518 3672 1588 μάταιον
3693 1524 3838 1574 τοῦτο

2216 1602 2636 1680 φρόνημα·Θεὸν
2663 1605 2764 1679 γάρ
2797 1605 3221 1679 ἀρχὴνηπάντων
3255 1604 3458 1669 τίθεται
3488 1611 3590 1661 τῶν
3633 1609 3838 1681 γενομὲ-

2214 1714 2316 1746 νων
2348 1693 2438 1747 καὶ
2468 1693 2771 1767 γινομένων
2808 1695 3038 1769 ἀγαθῶν
3073 1694 3161 1748 καὶ
3223 1691 3472 1768 δευτέραν
3525 1697 3618 1764 τὴν
3662 1697 3840 1752 οἰκείαν

2217 1782 2442 1857 γνώμην
2475 1782 2718 1858 ἡγεμόνα
2747 1782 2835 1837 καὶ
2865 1785 3058 1858 κριτήν
3101 1783 3414 1855 καθίστησιν
3467 1787 3654 1860 ἀρετῆς
3683 1807 3737 1842 τε
3762 1787 3841 1841 καὶ

2216 1872 2423 1932 κακίας.
2455 1875 2613 1929 ’Όσοι
2645 1869 2702 1926 δὲ
2733 1871 2784 1942 ἐξ
2818 1867 3079 1934 ἀϐουλίας
3123 1873 3189 1927 τὰ
3248 1872 3307 1928 ἐκ
3355 1873 3612 1949 ῥᾳθυμίας
3663 1876 3845 1931 πεπόν-

2221 1963 2393 2034 θασιν,
2453 1961 2608 2024 εὐθὺς
2695 1961 2880 2034 ἐκείνῳ
2948 1966 3027 2033 τῷ
3103 1959 3372 2035 δαιμονίῳ
3451 1963 3845 2040 προσέρχονται.

2221 2055 2425 2128 ’Ὠσπερ
2466 2054 2570 2130 γὰρ
2602 2051 2792 2116 παῖδες
2825 2052 3302 2117 λειποτακτοῦντες
3332 2061 3426 2109 καί
3486 2058 3559 2128 μὴ
3621 2056 3849 2132 φέροντες

2219 2143 2319 2210 τήν
2371 2147 2476 2197 τῶν
2529 2145 2732 2218 γονὲων
2793 2145 2930 2218 πρὸς
2991 2143 3256 2221 ὠφέλειαν
3311 2143 3610 2214 παίδευσιν,
3644 2148 3852 2226 ἀποφοι-

2219 2237 2433 2303 τῶντες,
2480 2233 2610 2296 τοὺς
2669 2232 2910 2306 ἐρήμους
2969 2229 3449 2307 καταλαμϐάνουσι
3509 2235 3720 2308 τόπους,
3775 2236 3852 2290 καὶ

2221 2321 2433 2396 ἀγρίοις
2461 2323 2550 2376 καὶ
2594 2319 2984 2397 μαρμαρώδεσι
3017 2325 3156 2394 (92“”)
3189 2322 3544 2379 συνάπτονται
3598 2323 3850 2397 δαίμοσιν·

2219 2407 2534 2482 αἰδούμενοι
2583 2411 2684 2487 γὰρ
2713 2412 2813 2479 τὴν
2847 2411 3071 2486 γνώμην
3119 2412 3217 2480 τὴν
3271 2411 3452 2481 ,αἰτίαν
3508 2414 3704 2469 τιθὲναι
3755 2417 3850 2468 τῶν

2218 2501 2345 2572 παρ’
2418 2499 2600 2561 αὐτοῖς
2682 2501 3071 2575 πραττομένων
3099 2545 3114 2573 ,
3175 2507 3566 2580 συκοφαντοῦσι
3643 2503 3708 2557 τὰ
3781 2503 3846 2575 μὴ

2217 2588 2478 2663 παρόντα.

2287 2678 2377 2732 82.
2411 2682 2530 2732 "Et:
2562 2697 2624 2752 γε
2658 2678 2767 2749 μὴν
2797 2676 2886 2731 καὶ
2915 2680 3014 2730 τοῦ
3041 2675 3186 2740 θείου
3219 2677 3445 2740 ἑαυτοὺς
3504 2679 3848 2752 ἀπωσάμενοι,

2219 2765 2278 2820 ἐκ
2303 2772 2403 2834 τῆς
2433 2765 2690 2841 γενέσεως
2721 2765 2909 2827 αὐτοῖς
2941 2764 3203 2843 φάσκουσι
3234 2769 3300 2820 τὰ
3327 2769 3449 2831 καθ’
3477 2764 3678 2837 ἡδονὴν
3705 2787 3855 2843 προσ-

2218 2854 2477 2930 γίνεσθαι.
2532 2853 2895 2928 ΙΙορνεύοντες
2951 2853 3054 2928 γὰρ
3112 2855 3200 2909 καὶ
3259 2854 3612 2927 κλέπτοντες,
3665 2855 3852 2933 φιλαρ-

2218 2942 2406 3018 γυρίαν
2436 2963 2494 2997 τε
2523 2947 2806 3004 νοσοῦντες
2837 2941 2926 2996 καὶ
2961 2939 3398 3020 δολοφροσύνην,
3431 2941 3736 3017 αἰδούμενοι
3771 2942 3858 3004 τὰς

2216 3035 2361 3109 σφῶν
2395 3029 2569 3085 αὐτῶν
2599 3031 2842 3108 πράξεις,
2873 3029 3144 3101 ἐξέκλιναν
3178 3032 3282 3085 ἀπὸ
3340 3035 3443 3100 τῆς
3495 3031 3765 3103 ἀληθείας.
3794 3031 3860 3086 Τὸ

2216 3120 2316 3198 γάρ
2345 3119 2506 3182 τέλος
2530 3119 2702 3175 αὐτῶν
2726 3125 2822 3176 τοῦ
2846 3124 3052 3175 σκοποῖ’)
3073 3123 3107 3190 ἠ
3134 3119 3506 3198 ὀλεθροφόρος
3529 3122 3710 3184 αὐτοῖς
3731 3120 3858 3176 ἐστιν

2221 3209 2548 3284 ἀπόγνωσις.
2581 3209 2820 3285 Ἀνάγκη
2883 3212 2986 3284 γὰρ
3048 3210 3107 3265 ἐκ
3160 3210 3368 3265 τούτων
3429 3215 3536 3265 τῶν
3593 3209 3860 3288 λογισμῶν

446 3298 628 3353 Deum
663 3301 734 3355 ab
764 3301 908 3372 ipsis
939 3302 1065 3357 tolli
1096 3273 1442 3368 deumedio,
1504 3273 1895 3378 praetereaque
1944 3273 2107 3378 judi-

2221 3292 2559 3373 Επαιρεῖσθαι
2617 3301 2742 3371 παρ’
2773 3298 2947 3353 αὐτῶν
3009 3299 3100 3353 τὸν
3159 3298 3308 3366 Θεὸν,
3343 3301 3436 3354 καὶ
3495 3299 3712 3372 προσέτι
3767 3299 3859 3366 τὴν

446 3388 624 3444 cium.
681 3391 774 3443 Ait
832 3391 985 3446 enim
1023 3408 1035 3445 :
1071 3393 1127 3447 Si
1191 3393 1269 3448 ita
1318 3394 1650 3464 judicatum
1710 3397 1780 3449 de
1841 3413 1932 3451 me
2000 3399 2109 3453 fuit

448 3482 513 3531 ut
566 3485 854 3534 scortator
910 3481 1021 3534 sim
1083 3488 1139 3535 et
1170 3498 1403 3550 avarus,
1437 3483 1802 3553 superfluum
1836 3487 2108 3556 estjudi-

447 3565 622 3621 cium.
655 3571 826 3624 Justa
855 3570 1146 3641 siquidem
1181 3570 1323 3625 ultio
1355 3570 1567 3626 delicta
1623 3579 1849 3644 spectat
1903 3581 2110 3646 sponte

446 3656 729 3712 admissa.
793 3658 934 3714 lllud
994 3667 1187 3714 autem
1247 3677 1395 3731 opus
1455 3662 1607 3731 quod
1669 3679 1769 3716 ceu
1831 3680 1896 3718 ex
1965 3681 2109 3735 quo-

447 3745 582 3799 dam
633 3747 920 3818 principio
981 3750 1260 3819 pendens,
1323 3750 1783 3806 involuntarium
1843 3756 1951 3820 est,
2018 3755 2108 3809 in-

448 3839 676 3889 sontem
712 3836 906 3891 reddit
957 3843 1277 3892 auctorem.
1339 3839 1499 3893 Adeo
1555 3844 1621 3893 ut
1680 3840 1816 3896 hinc
1873 3841 2115 3898 tollatur

439 3923 760 3994 judicium.

519 4012 608 4065 83.
643 4013 944 4075 Quomodo
966 4015 1140 4070 etiam
1167 4015 1444 4070 divinitas
1467 4017 1540 4071 ab
1575 4017 1659 4073 eis
1691 4019 1976 4092 exigatur,
2008 4040 2110 4078 au-

450 4101 730 4156 diendum
767 4108 874 4158 est.
914 4105 1049 4158 Eam
1085 4107 1302 4178 quippe
1330 4106 1544 4174 dicent,
1579 4118 1680 4161 aut
1713 4109 1961 4179 primam
2011 4115 2113 4166 aut

451 4191 792 4256 secundam,
844 4199 945 4246 aut
999 4209 1118 4247 una
1175 4211 1406 4265 semper
1455 4195 1799 4252 existentem
1860 4214 1994 4253 cum
2043 4216 2110 4255 eo

454 4281 610 4351 quod
643 4280 898 4336 inaniter
942 4284 1283 4338 admittunt.
1336 4285 1392 4339 Si
1454 4285 1637 4340 Deum
1699 4289 1836 4342 lassi
1897 4288 2113 4344 fuerint

452 4371 674 4442 primas
735 4378 947 4439 tenere,
1010 4373 1340 4429 necessario
1408 4379 1688 4445 sequetur
1753 4379 1954 4433 omnia
2012 4397 2114 4450 per

447 4458 645 4530 ipsum
707 4462 854 4516 facta
912 4479 1074 4529 esse;
1137 4465 1350 4518 etenim
1414 4466 1542 4535 ipse
1573 4465 1630 4519 in
1663 4467 1944 4521 omnibus
1973 4472 2108 4522 est:

451 4553 834 4620 quamobrem
894 4559 948 4607 et
997 4552 1124 4624 ipse
1181 4559 1270 4608 est
1325 4554 1604 4609 dominus
1665 4555 1784 4609 fati.
1846 4557 2008 4619 Quod
2059 4559 2108 4612 si

2219 3385 2415 3463 κρίσιν.
2447 3387 2591 3457 Φησὶ
2649 3389 2773 3462 γάρ,
2807 3388 2881 3450 ὡς
2943 3387 3008 3442 Εἴ
3060 3387 3221 3442 τοῦτό
3284 3409 3377 3460 μοι
3429 3389 3692 3461 κέκριται,
3731 3409 3861 3463 πορ-

2218 3474 2415 3530 νεύειεν
2446 3475 2479 3544 ἢ
2514 3474 2880 3544 πλεονεκτεῖν,
2915 3477 3139 3550 περιττή
3185 3478 3220 3545 ἡ
3267 3477 3466 3548 κρίσις.
3501 3479 3562 3533 Ἡ
3623 3478 3716 3551 μὶν
3768 3477 3859 3550 γὰρ

2222 3561 2404 3618 δικαία
2457 3563 2699 3640 τιμωρία
2750 3563 3009 3619 ἑκουσίων
3062 3564 3173 3619 ἐστὶ
3216 3568 3596 3638 πταισμάτων·
3640 3570 3673 3636 ἡ
3707 3564 3762 3621 δὲ
3792 3565 3859 3625 ὡς

2221 3651 2281 3707 ἔκ
2336 3675 2486 3715 τινος
2547 3655 2725 3730 ἀρχῆς
2789 3655 3013 3710 ἁκουσία
3063 3655 3254 3730 πρᾶξις
3315 3655 3560 3711 ἀναίτιον
3639 3661 3860 3713 ποιεῖται

2219 3742 2311 3796 τὸν
2397 3740 2682 3818 δράσαντα·
2746 3744 2834 3799 καὶ
2894 3743 2954 3798 ἐκ
3025 3743 3222 3800 τούτου
3307 3746 3608 3817 ἀναιρεῖται
3687 3747 3778 3818 μὲν
3833 3745 3863 3811 ἡ

2220 3830 2416 3906 κρίσις.

2291 4013 2380 4068 83.
2419 4013 2543 4073 Πῶς
2583 4007 2641 4066 δὲ
2694 4009 2784 4065 καὶ
2840 4012 2903 4066 τὸ
2963 4015 3104 4075 θεῖον
3137 4013 3263 4088 παρ’
3293 4013 3479 4075 αὐτοῖς
3530 4007 3866 4080 ἐκϐάλλεται,

2223 4101 2531 4157 ἀκουστέον.
2567 4104 2814 4172 Φήσουσι
2862 4101 2962 4178 γὰρ
3019 4101 3150 4157 αὐτὸ
3195 4103 3230 4172 ἢ
3263 4107 3508 4176 πρῶτον,
3538 4105 3573 4173 ἣ
3608 4101 3868 4179 δεύτερον,

2219 4192 2254 4260 ἢ
2291 4192 2371 4246 ἀεὶ
2403 4191 2558 4246 συνὸν
2589 4194 2658 4263 τῇ
2693 4189 2868 4246 αὐτῶν
2921 4191 3265 4262 ματαιότητι.
3301 4191 3367 4247 Εἴ
3425 4193 3524 4264 μὲν
3587 4191 3680 4248 οὖν
3737 4212 3874 4267 πρω-

2217 4281 2390 4335 τεύειν
2440 4280 2632 4335 εἷ’πωσι
2689 4280 2781 4334 τὸν
2838 4277 2989 4350 Θεὸν,
3025 4280 3225 4356 ἀνάγκῃ
3282 4279 3650 4352 ἀκολουθήσει
3708 4281 3873 4336 πάντα

2221 4367 2289 4424 δι’
2321 4368 2490 4424 αὐτοῦ
2546 4370 2888 4444 γεγενῆσθαιο
2920 4369 3009 4422 καὶ
3067 4369 3168 4445 γὰρ
3227 4369 3391 4432 αύτός
3438 4369 3490 4425 ἐν
3526 4377 3710 4426 πᾶσιν
3747 4369 3869 4425 οὐκ·

2221 4464 2312 4514 οὖν
2371 4459 2528 4520 αὐτὸς
2609 4461 2708 4528 τῆς
2792 4458 3127 4532 εἱμαρμένης
3208 4459 3416 4534 κύριος.
3471 4460 3537 4515 El
3599 4458 3658 4516 δὲ
3706 4459 3871 4516 πλεο-

2219 4545 2431 4617 νέκτης,
2463 4548 2498 4616 ἢ
2529 4546 2875 4622 πορνοκόπος
2908 4545 2968 4601 ἐκ
2995 4555 3096 4616 τῆς
3143 4549 3425 4623 γενέσεως,
3457 4551 3745 4624 ἀναγκαῖον
3793 4545 3876 4602 διὰ

454 4640 869 4696 fraudulentus
927 4649 982 4695 et
1040 4647 1326 4697 scortator
1381 4649 1469 4698 est
1498 4660 1564 4697 ex
1597 4644 1795 4715 genesi
1827 4662 1928 4701 seu
1964 4647 2108 4700 nati-

2227 4634 2391 4708 μὲσου
2447 4641 2546 4703 τῆς
2602 4633 2859 4710 γενέσεως
2915 4635 3006 4688 τὸν
3067 4635 3193 4690 Θεὸν
3267 4633 3436 4690 αἶ’τιον
3507 4643 3611 4705 τῆς
3690 4635 3875 4695 κακίας

450 4728 646 4795 vitate,
699 4746 934 4784 necesse
991 4736 1079 4785 est
1138 4747 1240 4802 per
1303 4732 1560 4786 medium
1631 4735 1864 4802 genesis
1932 4739 2112 4790 Deum

450 4833 579 4872 esse
637 4817 777 4872 mali
836 4835 1105 4886 causam;
1139 4821 1291 4890 quod
1322 4821 1647 4875 absurdum
1681 4828 1788 4876 est.
1822 4823 1920 4878 Sin
1955 4825 2112 4879 afﬁr-

450 4911 613 4960 ment
670 4907 1034 4962 divinitatem
1096 4911 1386 4963 secundas
1443 4914 1672 4972 tenere;
1737 4912 2115 4982 consequitur

451 5011 578 5050 eam
643 5013 772 5051 esse
832 4997 1019 5067 primo
1049 4997 1370 5052 subditam.
1404 4998 1474 5052 Et
1503 4997 1788 5069 quidquid
1824 5003 2113 5072 Optaverit

449 5085 602 5155 quod
638 5094 863 5155 praeest,
893 5085 946 5141 id
983 5086 1311 5140 necessario
1343 5093 1694 5156 exsequetur
1726 5091 1880 5160 quod
1914 5108 2114 5146 conse-

450 5175 716 5244 quitur:
768 5191 1119 5244 rursumque
1188 5175 1341 5245 apud
1409 5173 1545 5229 illos
1617 5177 1764 5232 Deus
1830 5177 1940 5233 erit
2006 5197 2107 5234 au-

449 5270 574 5317 ctor
642 5263 950 5326 malorum,
1022 5265 1175 5334 quod
1248 5264 1410 5318 nefas
1479 5266 1635 5319 dictu
1698 5271 1805 5321 est.
1865 5268 2024 5332 Quod
2059 5269 2106 5324 si

452 5359 798 5406 coasternum
863 5353 1007 5407 illud
1071 5370 1200 5409 esse
1232 5352 1544 5421 voluerint,
1575 5356 1817 5411 omnino
1850 5374 2105 5429 pugnam

452 5441 694 5496 interea
749 5441 877 5514 ipsa
935 5443 1332 5509 concitabunt,
1392 5459 1520 5514 quae
1578 5444 1798 5500 scilicet
1854 5446 2110 5502 habeant

451 5531 776 5587 contrarias
806 5530 1182 5587 naturas.Hic
1211 5547 1348 5604 ergo
1380 5531 1709 5589 rationibus
1739 5534 1906 5605 quasi
1939 5550 2108 5591 sum-

520 5726 660 5797 (92‘)
691 5719 1070 5800 Βαρϐαρώδεσι
1099 5728 1222 5785 Cot.

2225 4725 2510 4799 ὑπάρχειν·
2543 4723 2676 4798 ὅπερ
2735 4723 2957 4779 ἄτοπον
2990 4723 3053 4780 Εἰ
3111 4721 3169 4779 δὲ
3218 4721 3466 4798 δεύτερον
3527 4725 3661 4780 αὐτὸ
3720 4721 3878 4779 πάλιν

2222 4815 2508 4891 φήσουσιν,
2543 4812 2687 4874 εἰκὸς
2717 4812 2848 4868 αὐτὸ
2882 4809 3191 4868 ὑπόδουλον
3217 4812 3462 4888 γενέσθαι
3510 4817 3593 4886 τῷ
3655 4814 3872 4888 πρώτῳ·

2220 4903 2310 4957 καὶ
2368 4902 2499 4976 ὅπερ
2561 4901 2817 4978 βούλεται
2861 4902 2924 4956 τὸ
2971 4901 3302 4978 ἡγούμενον,
3333 4902 3514 4975 τούτῳ
3576 4900 3874 4979 ἀναγκαίως

2222 4991 2590 5061 ἀκολουθήσει
2608 4991 2674 5046 τὸ
2704 4991 2989 5061 ἑπόμενον·
3023 4991 3110 5045 καὶ
3142 4989 3305 5046 πάλιν
3357 4996 3462 5046 τῶν
3517 4997 3701 5047 κακῶν
3750 4989 3873 5063 παρ’

2220 5080 2404 5142 αὐτοῖς
2457 5078 2632 5142 αἷ¹τιος
2691 5081 2718 5134 ὁ
2771 5079 2935 5142 Θεός·
2997 5078 3129 5155 ὅπερ
3190 5081 3485 5152 ἀθέμιτον.
3551 5082 3614 5138 Ei
3675 5078 3734 5136 δὶ
3786 5078 3871 5134 καὶ

2220 5168 2494 5246 συναίδιον
2528 5169 2658 5224 αὐτὸ
2691 5167 2967 5233 ἐθέλουσιν
3027 5171 3181 5240 εἶναι,
3217 5169 3431 5232 πάντως
3495 5173 3688 5246 μάχην
3743 5169 3873 5245 πρὸς

2220 5237 2383 5316 ἑαυτά
2410 5262 2723 5329 κινήσουσιν
2754 5258 2988 5320 ἐναντίας
3018 5257 3214 5334 ἔχοντα
3271 5259 3477 5337 φύσεις.
3514 5261 3612 5315 Ἐκ
3665 5260 3872 5315 τούτων

2218 5349 2310 5405 οὖν
2341 5355 2449 5404 τῶν
2510 5349 2812 5425 λογισμῶν,
2845 5350 2919 5412 ὡς
2951 5348 3003 5403 ἂν
3032 5348 3313 5428 κεφαΛαίῳ
3371 5350 3640 5425 ἀνῄρηται
3699 5349 3873 5405 αὐτῶν

2218 5443 2253 5510 ἡ
2291 5439 2488 5512 ματαία
2545 5438 2792 5495 ὑπόνοια.
2856 5439 2986 5515 Περῖ
3043 5439 3252 5494 τούτων
3307 5437 3519 5513 ε’ίρηκεν
3576 5441 3611 5508 ἡ
3664 5438 3872 5516 Γραφή,

2219 5529 2294 5592 ὥς
2357 5547 2542 5607 φησιν’
2602 5530 2766 5584 Εἶπεν
2835 5523 3020 5606 ἄφρων
3110 5525 3161 5583 ἐν
3233 5524 3429 5606 καρδῖᾳ
3510 5527 3702 5584 αὐτοῦδ
3761 5526 3876 5586 Οὐκ
