4162 6374
257 427 406 489 1537
1401 423 1587 486 Vl'l‘A
1631 422 1956 486 SANCT/E
1999 422 2522 485 SYNCLETICE.
3519 431 3674 490 I538

250 556 359 614 ἔστι
416 555 568 618 Θεός’
626 555 737 624 καὶ,
797 554 891 617 Ei:
949 557 1009 609 τὸ
1085 555 1218 629 ὕψος
1293 553 1565 624 ἐλάλησαν
1647 554 1899 625 ἀνομίαν.

2037 557 2242 609 matim
2279 559 2621 642 confutatur
2643 573 2790 611 vana
2823 557 3054 612 illorum
3089 560 3399 615 sententia.
3435 560 3514 614 De
3541 564 3674 630 qui-

256 659 365 714 bus
397 657 517 712 hac
549 655 808 727 loquitur
837 655 1132 726 Scriptura
1165 671 1177 707 ι
1211 655 1366 709 Dixit
1419 656 1707 727 insipiens,
1757 655 1818 707 in
1865 653 2022 708 corde
2064 669 2162 707 suo
2192 671 2210 706 :
2243 657 2363 708 Non
2397 663 2473 708 est
2505 659 2645 710 Deus
2675 655 2738 707 ⁸ο.
2777 671 2789 721 ;
2831 658 2926 709 et:
2961 657 3324 726 lniquitatem
3357 658 3416 710 in
3447 658 3664 712 excelso

255 747 423 803 locuti
450 749 578 800 sunt
602 746 670 799 ⁴¹.

327 853 418 907 84.
470 850 567 905 Καὶ
626 848 1049 926 προφασίζονται
1108 845 1165 902 δὲ
1230 848 1440 907 ὶαυτοῖς
1498 846 1793 923 προφάσεις
1851 845 1902 900 ἐν

258 938 568 1013 ἁμαρτίαις.
630 938 1132 1013 Ἀκρωτηριάζουσι
1189 937 1293 1011 γάρ
1341 936 1441 996 τάς
1503 936 1740 1012 Γραφάς,
1813 956 1904 988 τυ-

258 1028 621 1107 φλώττοντες,
673 1025 723 1095 ἐξ
756 1025 928 1079 αὐτῶν
960 1026 1058 1092 τήν
1091 1024 1499 1102 κακοφροσύνην
1535 1023 1708 1078 αὐτῶν
1758 1022 1903 1090 πλη-

260 1121 510 1194 ροφορεῖν
547 1113 900 1189 βουλόμενοι.
949 1113 1043 1168 Καὶ
1075 1118 1290 1189 πρῶτον
1343 1113 1434 1185 μὶν
1484 1112 1543 1167 ἐκ
1589 1117 1687 1167 τοῦ
1739 1111 1908 1184 Εὐαγ-

255 1204 468 1282 γιλίου,
499 1205 590 1259 τὸν
626 1204 830 1257 ἑαυτῶν
860 1203 942 1256 ἱὸν
975 1202 1179 1273 ἐξεμεῖν
1212 1202 1578 1276 πειρώμενος,
1630 1196 1908 1269 ἐκϐιάζον-

256 1311 364 1349 ται·
425 1293 557 1367 φησὶ
607 1293 733 1367 γὰρ,
785 1291 859 1352 ὡς
909 1295 1013 1345 Τοῦ
1063 1288 1120 1345 δὲ
1167 1295 1400 1366 Χριστοῦ
1432 1293 1465 1358 ἡ
1498 1291 1702 1365 γένεσις
1737 1290 1908 1350 οὕτως

259 1385 343 1451 ἦν.
401 1383 508 1450 Τὴν
563 1380 809 1455 γέννησιν
861 1381 966 1454 γὰρ
1012 1380 1175 1434 αὐτοῦ
1223 1381 1432 1454 γένεσιν
1484 1382 1518 1447 ἡ
1552 1378 1666 1433 θεία
1726 1379 1906 1454 Γραφὴ

261 1469 564 1542 ὠνόμασεν.
597 1471 715 1523 Ἔτι
746 1487 807 1542 γε
841 1470 948 1540 μὴν
982 1467 1068 1521 καὶ
1099 1469 1162 1522 τὸ
1212 1468 1345 1542 πρὸς
1392 1467 1708 1542 ἀνθρώπους
1748 1465 1907 1520 αὐτὸν

263 1560 628 1631 οἰκονομικῶς
677 1557 922 1631 γεοέσθαι
971 1553 1290 1620 ἀκολοῦθως
1341 1558 1546 1631 γένεσις
1574 1555 1906 1627 ὠνόμασται.

265 1648 328 1704 Et
382 1645 440 1702 δὲ
487 1647 575 1702 καὶ
627 1647 750 1723 περὶ
792 1650 890 1701 τοῦ
933 1644 1157 1721 ἀστέρος
1204 1664 1255 1699 τι
1304 1643 1725 1720 ψεεδδολογοῦσι,
1758 1643 1912 1698 κάκεῖ

264 1736 428 1793 πάλιν
484 1739 582 1806 τὴν
642 1734 852 1806 ἔνδοξον
915 1734 1079 1790 αὐτοϋ
1138 1736 1433 1812 παρουσίαν
1481 1735 1910 1809 μανθανέτωσαν.

267 1830 358 1890 Εἷς
392 1830 526 1900 ἡμῖν
564 1826 734 1902 ἀστὴρ
765 1825 1160 1903 φωτεινότατος
1227 1829 1397 1902 κήρυξ
1429 1825 1617 1901 γέγονε
1645 1833 1744 1893 τῆς
1778 1822 1912 1892 ἀλη-

267 1917 431 1980 θείας’
463 1919 498 1984 ἡ
533 1913 590 1970 δὲ
620 1914 835 1970 ἐκείνων
888 1914 1084 1987 ματαία
1131 1915 1328 1988 γνώμη
1384 1913 1628 1975 πολλοὺς
1687 1933 1910 1988 παρεισ-

2037 1912 2253 1966 exstitit
2307 1915 2519 1966 veritas
2579 1928 2591 1965 :

268 2007 414 2085 φέρει
446 2006 520 2068 εἷς
549 2008 716 2079 θήραν
751 2003 1097 2079 ἀνθρωπίνης
1127 2006 1409 2078 γενέσεως.
1468 2005 1567 2059 Καὶ
1616 2002 1675 2056 ἐκ
1719 2002 1916 2057 τούτου

269 2094 558 2166 δέδεικται,
617 2095 691 2156 ὡς
741 2097 1025 2168 πανταχοῦ
1083 2095 1245 2166 ἑαυτῇ
1306 2093 1594 2148 ἀντίκειται
1647 2095 1681 2161 ἡ
1736 2090 1913 2146 κακία.

269 2186 374 2241 Καὶ
457 2185 547 2240 τὸν
624 2182 838 2240 Ἠσαίαν
912 2181 969 2237 δὲ
1045 2182 1120 2243 ἑίς
1196 2182 1490 2258 μαρτυρίαν
1564 2190 1663 2251 τῆς
1715 2183 1916 2236 ἑαυτῶν

269 2272 452 2333 ἀνοίας
511 2270 761 2328 καλοῦσι.
821 2272 1094 2325 Φάσκουσι
1150 2272 1253 2344 γάρ
1312 2270 1471 2324 αὐτὸν
1533 2268 1803 2345 εἰρηκέναι
1835 2267 1914 2321 τό’

273 2361 468 2436 Κύριος
547 2361 574 2414 ὁ
649 2364 821 2414 ποιῶν
899 2358 1147 2434 εἰρήνην,
1223 2358 1313 2412 καὶ
1386 2357 1582 2426 κτίζων
1643 2357 1798 2412 κακά.
1858 2359 1915 2412 ἹΙ

277 2451 370 2522 μὶν
441 2450 532 2504 οὖν
594 2448 784 2524 εἰρήνη
841 2448 979 2518 παρὰ
1025 2454 1183 2500 πᾶσιν
1243 2445 1602 2520 ὡμολόγηται
1655 2447 1726 2506 ὡς
1787 2449 1920 2500 Θεοῦ

273 2538 430 2615 ἔργον
489 2538 821 2613 τγχανουσα·
881 2537 914 2605 ἡ
978 2533 1031 2590 δὲ
1085 2535 1242 2590 κακία
1285 2537 1409 2611 παρ’
1440 2535 1622 2596 αὐτοῖς
1656 2535 1750 2607 μὶν
1783 2533 1921 2604 ἀλη-

272 2632 379 2692 θῶς
417 2627 785 2695 πολιτεύεται,
815 2625 975 2681 κακία
1003 2633 1103 2694 τῆς
1143 2628 1330 2700 ψυχῆς
1379 2626 1717 2701 ὑπάρχουσα·
1780 2624 1924 2699 παρᾶ

275 2717 333 2773 δὲ
360 2721 496 2791 ἡμῖν
529 2721 563 2787 ἡ
613 2716 674 2771 ἐκ
699 2720 797 2770 τοῦ
833 2719 965 2770 Θεοῦ
995 2721 1277 2791 γενηθεῖσα
1306 2715 1465 2769 κακία
1514 2713 1919 2791 ὠφελιμωτάτη

275 2808 412 2864 ἐστί.
464 2807 606 2882 Πρὸς
647 2805 749 2881 γὰρ
797 2804 1067 2880 σωτηρίαν
1124 2807 1308 2879 ψυχῆς
1348 2804 1436 2857 καὶ
1465 2801 1710 2857 παιδείαν
1744 2802 1928 2874 σωμά-

274 2919 382 2952 των
414 2895 656 2972 γίνονται
688 2893 845 2966 λιμοὶ
877 2893 965 2948 καὶ
997 2889 1310 2968 ἀνομϐρίαι,
1342 2892 1490 2946 νόσοι
1521 2913 1579 2946 τε
1607 2891 1696 2945 καὶ
1728 2891 1925 2961 πενίαι,

277 2985 366 3041 καὶ
390 2983 554 3040 ἄλλαι
583 2984 725 3044 τινες
758 2981 1118 3058 περιστάσεις.
1150 2983 1224 3034 Τὰ
1252 2982 1355 3056 γάρ
1387 2983 1630 3055 σωτήρια
1647 2981 1926 3057 φάρμακα,

283 3075 315 3129 ἃ
347 3074 541 3129 ἐκεῖνοι
573 3072 759 3127 κακίαν
790 3075 974 3146 ψυχῆς
1007 3071 1097 3125 καὶ
1127 3071 1265 3124 κακᾶ
1294 3069 1393 3124 οὐκ
1433 3068 1656 3139 ἀληθῶς
1705 3067 1930 3139 ὑπενόη-

283 3185 400 3229 σαν,
430 3167 599 3217 ταῦτα
627 3162 761 3235 πρὸς
797 3159 1131 3236 ἐπιστροφὴν
1164 3161 1299 3230 ἡμῖν
1335 3159 1478 3234 παρά
1497 3163 1592 3212 τοῦ
1621 3157 1928 3232 κρείττονος

285 3252 665 3329 προσφέρεται·
727 3250 817 3311 Τίς
869 3252 968 3324 γάρ
1028 3248 1166 3303 ἐστιν
1224 3248 1338 3310 υἱὸς
1397 3247 1454 3301 δν
1509 3247 1572 3302 οὐ
1619 3245 1861 3302 παιδεύει
1901 3248 1930 3302 ὁ

278 3307 650 3415 πὰτήρξυετι
680 3307 968 3406 suam,
1003 3337 1112 3391 Οὐκ
1143 3336 1194 3392 ἐν
1244 3337 1514 3408 ἀνθρώπῳ
1563 3336 1616 3389 αι
1665 3333 1780 3390 ὁδοὶ
1832 3336 1920 3389 αὐ-

2044 3335 2319 3400 ρτωῐοιοοο
2375 3345 2386 3383 :

276 3433 397 3497 τοῦ,
430 3427 595 3484 πάλιν
651 3427 862 3500 ὁμοίως
905 3425 1300 3503 προσφέρουσιν
1334 3425 1408 3486 εἰς
1436 3427 1535 3494 τήν
1572 3422 1707 3478 ἰδίαν
1763 3445 1925 3478 κατα-

277 3520 534 3596 στροφήν·
570 3515 729 3579 ὁδοὺς
761 3517 862 3591 γὰρ
899 3518 974 3588 μὴ
999 3512 1237 3590 ἔχοντες,
1273 3513 1568 3588 ἐξιχνιάσαι
1604 3512 1924 3588 βούλονται.

271 3605 428 3665 Ὀδὸν
486 3607 586 3662 οὐκ
645 3605 760 3682 ἔχει
810 3604 1112 3676 πλεονεξία,
1186 3603 1604 3680 γαστριμαργία,
1681 3603 1921 3678 πορνεία·

277 3695 611 3751 ἀνυπόστατα
667 3696 767 3771 γὰρ
825 3699 1012 3766 ταῦτα,
1070 3694 1187 3757 καθ’
1235 3693 1397 3747 ἑαυτᾶ
1443 3694 1518 3765 μή
1549 3688 1694 3748 ὄντα.
1754 3697 1928 3746 Ταῦτα

273 3787 374 3861 γὰρ
433 3783 626 3840 ἐκεῖνοι
683 3781 842 3844 ὁδοὺς
903 3783 1157 3846 εἰώθεσαν
1217 3781 1415 3857 λέγειν.
1474 3779 1661 3842 Ὁδοὺς
1704 3780 1761 3835 δὲ
1789 3783 1924 3853 ἡμῖν

274 3878 310 3944 ἡ
345 3875 528 3951 Γραφή
566 3871 710 3948 λέγει
763 3873 855 3934 τὰς
901 3872 1085 3932 κοινὰς
1134 3876 1287 3941 πᾶσι,
1319 3873 1416 3940 τήν
1451 3890 1507 3924 τε
1541 3871 1685 3938 ζωὴν
1714 3869 1801 3923 καὶ
1832 3869 1924 3924 τὸν

276 3961 520 4025 θάνατον.
574 3960 824 4031 ’Δληθῶς
872 3959 974 4034 γὰρ
1025 3958 1243 4034 πορεῖαί
1298 3957 1397 4013 εἶ’σι
1449 3965 1548 4026 τῆς
1596 3979 1654 4012 τε
1703 3955 1927 4021 ἐνταῦθα

279 4049 582 4125 εἰσαγωγῆς
633 4050 722 4104 καὶ
780 4056 879 4118 τῆς
935 4047 994 4102 ἐκ
1045 4052 1152 4103 τῶν
1211 4046 1479 4118 αἰσθητῶν
1528 4045 1735 4102 τούτων
1800 4067 1926 4118 μετ-

279 4141 639 4200 αναστάσεως.

348 4247 440 4302 85.
477 4245 654 4301 Πάντα
683 4245 774 4299 οὖν
803 4249 1050 4300 ποιοῦσιν
1081 4245 1131 4298 οἱ
1171 4241 1588 4314 κακοδαίμονες,
1640 4239 1776 4296 ὣστε
1830 4246 1926 4296 τοῦ

278 4333 619 4404 αὐτεξουσίου
650 4333 870 4394 ἑαυτοὺς
901 4333 1238 4388 ἀπώσασθαι’
1292 4332 1381 4386 καὶ
1431 4329 1630 4400 ταύτην
1683 4327 1924 4399 σπουδὴν

275 4423 508 4487 τίθενται
539 4427 635 4478 τοῦ
666 4421 1114 4492 ἀντικαταλλάξαι
1147 4429 1243 4490 τῆς
1282 4419 1589 4495 ἐλευθερίας
1642 4421 1740 4488 τήν
1801 4417 1925 4474 δου-

279 4511 447 4566 λείαν.
500 4511 598 4565 Καὶ
646 4511 746 4587 γὰρ
794 4515 956 4565 τοῦτο
1004 4517 1103 4579 τῆς
1155 4509 1364 4578 κακίας,
1397 4507 1574 4584 ἔργον.
1606 4507 1668 4562 τὸ
1699 4507 1927 4561 πάντοτε

275 4607 391 4663 τοῖς
443 4601 687 4678 χείροσιν
749 4600 941 4667 ἒαατην
1001 4598 1403 4675 συγκαθελικειψ
1460 4598 1658 4652 ἑαυτῶν
1701 4597 1802 4672 γάρ
1834 4597 1927 4671 γί-

2090 849 2178 901 84.
2223 848 2548 913 Quinetiam
2605 849 2717 903 sibi
2769 850 3299 904 comminiscuntur
3350 852 3672 907 excusatio-

2031 953 2133 991 nes
2168 937 2224 990 in
2260 938 2531 1006 peccatis.
2570 937 2927 991 Detruncant
2957 939 3110 992 enim
3146 940 3503 1009 Scripturas,
3562 959 3674 995 cre-

2029 1024 2339 1094 cutientes,
2373 1043 2439 1080 ea
2472 1032 2665 1080 mente
2699 1033 2760 1079 ut
2794 1044 2859 1079 ex
2906 1025 3017 1081 illis
3069 1043 3304 1097 pravam
3354 1046 3520 1084 suam
3574 1031 3683 1083 do-

2026 1113 2276 1168 ctrinam
2310 1115 2708 1185 comprobent.
2744 1115 2809 1168 Et
2833 1114 3020 1184 primo
3052 1115 3286 1185 quidem
3322 1133 3388 1169 ex
3422 1118 3682 1188 Evangee

2029 1201 2104 1256 lio
2137 1208 2424 1257 conantur
2453 1219 2714 1257 evomere
2749 1219 2920 1256 suum
2957 1203 3135 1257 virus.
3173 1204 3266 1257 Ait
3312 1205 3468 1260 enim
3505 1224 3516 1260 :
3559 1208 3685 1262 Jesu

2028 1291 2239 1345 Christi
2286 1300 2464 1345 autem
2511 1293 2790 1362 generatio
2837 1294 2915 1344 sic
2962 1300 3079 1345 erat
3120 1293 3181 1344 ⁴².
3236 1291 3681 1349 Generationem

2029 1381 2157 1448 ejus
2205 1379 2465 1450 genesim
2511 1381 2709 1434 divina
2753 1380 3052 1450 Scriptura
3115 1380 3457 1436 nominavit.
3515 1384 3681 1438 Insu-

2029 1485 2262 1539 perque,
2315 1470 2469 1540 quod
2522 1469 2646 1540 ipse
2699 1486 2798 1539 per
2848 1471 3231 1524 mconomiam
3292 1472 3361 1525 ad
3415 1472 3684 1527 homines

2028 1558 2360 1626 accesserit,
2394 1565 2821 1628 consequenter
2859 1575 3068 1611 nomen
3124 1559 3406 1614 tribuitur
3434 1576 3687 1631 genera—

2031 1645 2225 1700 tionis.
2282 1646 2442 1709 Quod
2505 1646 2550 1700 si
2608 1646 2823 1716 aliquid
2876 1647 3045 1700 etiam
3093 1647 3164 1700 de
3225 1647 3396 1703 stella
3454 1650 3682 1704 mentiti

2027 1733 2264 1798 fuerint,
2289 1735 2424 1789 inde
2456 1751 2661 1790 rursus
2693 1735 2924 1789 discant
2955 1736 3277 1806 gloriosum
3311 1738 3438 1806 ejus
3471 1739 3682 1793 adven-

2028 1830 2176 1878 tum.
2231 1822 2409 1878 Unica
2458 1823 2624 1878 nobis
2673 1823 2842 1877 stella
2887 1823 3252 1878 lucidissima
3303 1826 3458 1880 684
3500 1844 3683 1896 praaco

2655 1911 2886 1965 illorum
2949 1917 3140 1966 autem
3212 1930 3358 1968 vana
3415 1915 3686 1970 doctrina

2027 1998 2245 2053 multas
2279 1999 2597 2053 introducit
2629 2000 2698 2052 ad
2733 1998 3036 2053 hominum
3085 2003 3434 2072 captandam
3483 2003 3682 2056 obser-

2027 2089 2401 2159 vandumque
2449 2090 2732 2158 genesim.
2793 2093 2978 2159 Atque
3031 2089 3164 2143 hinc
3216 2096 3516 2145 ostensum
3574 2097 3684 2159 est,

2031 2176 2246 2246 ubique
2281 2175 2563 2230 malitiam
2597 2175 2706 2230 sibi
2745 2177 2854 2247 ipsi
2881 2178 3172 2230 adversari
3205 2177 3414 2231 Isaiam
3450 2193 3686 2250 quoque

2030 2263 2087 2317 in
2122 2265 2525 2319 testimonium
2560 2265 2827 2318 amentiae
2862 2281 2978 2317 suae
3023 2269 3249 2319 vocant.
3301 2265 3480 2328 Quem
3517 2267 3685 2322 aiunt

2031 2353 2248 2408 dixisse
2282 2371 2293 2382 ·
2327 2355 2587 2408 Dominus
2616 2355 2836 2426 faciens
2882 2370 3092 2422 pacem,
3125 2363 3176 2407 et
3215 2371 3404 2408 creans
3435 2357 3581 2408 mala
3611 2356 3682 2409 ‘9.

2034 2443 2235 2496 Pacem
2297 2449 2448 2497 certe
2505 2459 2654 2514 opus
2707 2459 2833 2496 esse
2883 2442 2979 2495 Dri
3034 2459 3204 2497 nemo
3257 2460 3368 2498 non
3423 2445 3682 2500 fatetur:

2033 2531 2250 2584 malitia
2305 2548 2435 2585 vero
2487 2532 2642 2603 apud
2691 2533 2848 2602 ipsos
2895 2548 3089 2584 revera
3140 2537 3419 2601 versatur,
3458 2532 3686 2589 malitia

2035 2619 2300 2674 videlicet
2330 2620 2558 2674 animae.
2596 2620 2774 2674 Nobis
2805 2626 2997 2674 autem
3032 2637 3098 2674 ea
3145 2637 3272 2690 qum
3308 2637 3375 2674 rx
3407 2627 3520 2675 Deo
3551 2638 3683 2692 pro-

2034 2707 2185 2760 cedit
2244 2708 2486 2772 malitia,
2546 2707 2861 2763 utilissima
2911 2715 3018 2762 est.
3080 2708 3224 2762 Nam
3303 2711 3374 2764 ob
3434 2710 3685 2765 salutem

2035 2795 2242 2850 animus
2276 2797 2656 2868 corporisque
2688 2797 3127 2869 castigationem
3181 2799 3449 2853 oriuntur
3483 2801 3685 2868 fames,

2036 2885 2289 2953 siccitas,
2354 2886 2538 2940 morbi
2592 2903 2656 2940 ac
2708 2893 3041 2957 paupertas,
3102 2886 3345 2958 aliisque
3392 2888 3690 2944 nonnulla!

2038 2973 2418 3029 calamitates.
2499 2974 2790 3029 Salutaria
2855 2976 3010 3029 enim
3076 2976 3352 3040 remedia,
3413 2994 3539 3046 quaa
3599 2977 3688 3032 illi

2040 3061 2260 3118 malum
2292 3069 2347 3118 et
2378 3065 2692 3134 perniciem
2725 3065 2932 3119 anima:
2965 3081 3092 3119 esse
3125 3065 3342 3134 opinati
3374 3072 3532 3131 sunt,
3565 3066 3688 3122 haec

2040 3152 2109 3206 ad
2164 3153 2598 3208 conversionem
2650 3154 2818 3207 nobis
2870 3152 3215 3223 inﬂiguntur
3262 3171 3294 3206 a
3337 3155 3453 3210 Deo
3507 3157 3690 3223 :Quis

2039 3243 2190 3296 enim
2243 3240 2420 3310 ﬁlius,
2466 3258 2624 3312 quem
2674 3259 2781 3297 non
2833 3243 3061 3310 corripit
3106 3246 3274 3309 pater
3302 3243 3392 3297 ιιι
3426 3243 3693 3314 llludque

2449 3331 2560 3384 Non
2619 3333 2745 3384 sunt
2797 3331 2859 3384 in
2907 3329 3127 3385 homine
3178 3332 3275 3384 vim
3321 3332 3438 3402 ejus
3485 3332 3528 3365 “
3570 3333 3691 3401 pari

2041 3418 2212 3472 modo
2244 3418 2311 3471 ad
2347 3419 2640 3488 propriam
2688 3418 3042 3473 eversionem
3097 3420 3436 3488 proferunt;
3471 3420 3694 3476 scilicet

2037 3507 2160 3561 vias
2207 3522 2341 3560 cum
2400 3523 2512 3560 non
2567 3505 2839 3568 habeant,
2893 3506 3018 3561 vias
3049 3506 3252 3561 volunt
3291 3507 3691 3579 investigare:

2037 3595 2187 3649 viam
2222 3611 2333 3649 non
2384 3594 2561 3650 habet
2598 3595 2863 3662 avaritia,
2896 3602 2996 3650 aut
3031 3595 3188 3666 gula,
3225 3612 3412 3668 neque
3441 3598 3691 3653 fornica-

2038 3685 2139 3739 tio.
2179 3683 2279 3739 Illa
2310 3701 2562 3755 namque
2593 3700 2727 3738 cum
2762 3701 2864 3754 per
2895 3700 2956 3739 se
2989 3701 3098 3738 non
3134 3686 3272 3753 sint,
3307 3685 3696 3742 subsistentia

2038 3783 2254 3829 carent.
2288 3776 2427 3837 Quae
2474 3779 2668 3828 tamen
2721 3772 2801 3826 illi
2842 3773 2964 3827 vias
3011 3773 3202 3828 dicere
3243 3782 3691 3830 consueverunt.

2036 3864 2106 3916 At
2136 3879 2270 3917 vero
2302 3861 2606 3933 Scriptura
2656 3862 2804 3917 duas
2853 3878 2981 3917 esse
3027 3862 3305 3916 omnibus
3354 3879 3698 3920 communes

2038 3950 2183 4017 vias,
2216 3950 2378 4014 dicit,
2428 3951 2603 4003 vitam
2654 3955 2710 4004 et
2752 3956 3022 4005 mortem.
3059 3950 3200 4006 Vere
3257 3952 3547 4022 siquidem
3601 3954 3698 4007 iti-

2038 4055 2180 4094 nera
2210 4042 2374 4104 sunt,
2410 4037 2686 4092 introitus
2720 4038 2777 4092 in
2813 4039 2965 4093 hunc
2999 4040 3311 4108 mundum,
3335 4046 3394 4096 et
3423 4043 3698 4097 transmi-

2036 4126 2320 4198 grationis
2355 4143 2422 4180 ex
2453 4126 2544 4180 his
2575 4126 2978 4182 ensibilibus.

2106 4233 2194 4288 85.
2235 4233 2387 4290 Nihil
2448 4233 2643 4303 itaque
2706 4250 2816 4286 non
2875 4233 3095 4289 faciunt
3153 4234 3415 4291 infelices
3474 4236 3582 4301 illi,
3632 4242 3696 4293 ut

2038 4324 2286 4377 liberum
2349 4338 2383 4376 a
2433 4338 2493 4376 se
2546 4321 2827 4391 abjiciant
2875 4322 3183 4377 arbitrium
3219 4341 3232 4378 :
3267 4330 3442 4394 atque
3493 4327 3550 4381 in
3587 4326 3698 4381 hoc

2037 4429 2237 4468 curam
2267 4411 2649 4480 studiumque
2684 4424 2929 4480 ponunt.
2961 4417 3021 4465 ut
3052 4411 3378 4466 libertatem
3413 4431 3546 4468 cum
3581 4431 3701 4470 ser-

2037 4501 2214 4556 vitute
2263 4503 2645 4554 commutent.
2700 4500 2923 4553 Etenim
2979 4499 3090 4554 hoc
3137 4505 3224 4556 est
3256 4501 3489 4557 malitia:
3523 4519 3698 4574 opus,

2038 4596 2101 4645 ut
2150 4605 2380 4658 semper
2428 4587 2681 4658 seipsam
2746 4589 3045 4658 pertrahat
3096 4591 3164 4644 ad
3202 4592 3419 4660 pejora.
3459 4591 3694 4663 Ipsique

275 4676 797 4764 vovvatpiptupsc,
831 4689 906 4750 ὡς
965 4689 1034 4757 τῇ
1088 4687 1248 4758 κακίᾳ
1306 4687 1527 4748 ἑαυτοὺς
1579 4685 1913 4761 πεπρακότες

2047 4681 2352 4733 adversum
2403 4693 2463 4731 se
2525 4681 2702 4730 testes
2760 4679 3025 4742 evadent,
3071 4679 3226 4749 quod
3279 4695 3407 4734 sese
3457 4679 3693 4735 malitiae

281 4779 378 4833 Καὶ
426 4782 586 4833 τοῦτο
631 4776 722 4832 οὖν
763 4779 824 4832 τὸ
884 4771 1145 4830 διαϐόλου
1205 4776 1265 4829 τὸ
1312 4775 1592 4844 ἀπατηλὸν
1625 4775 1927 4851 τέχνασμα·

276 4868 372 4929 τὰς
421 4869 522 4943 γὰρ
583 4865 811 4940 ἀμελεῖς
866 4865 1046 4940 ψυχὰς
1107 4862 1195 4918 διὰ
1250 4871 1348 4932 τῆς
1407 4861 1724 4935 κακοδοξίας
1783 4865 1929 4918 κάτω

279 4959 558 5033 κεκυιρὲναι
618 4956 1028 5027 παρασκευάζει,
1093 4955 1168 5026 μή
1230 4953 1535 5028 συγχωρῶν
1594 4952 1756 5014 αὐτάς
1800 4953 1930 5006 ἀνα-

279 5048 447 5118 νῆψαι
507 5046 640 5119 πρὸς
710 5043 999 5119 ἐπίγνωσιν
1071 5050 1168 5112 τῆς
1228 5040 1509 5111 ἀληθείας.
1571 5043 1774 5115 ’Ὥσπερ
1826 5041 1926 5116 γὰρ

280 5138 409 5196 ναῦς
458 5135 608 5196 ἐκτὸς
657 5132 940 5204 πηδαλίων
994 5129 1238 5187 πλέουσα
1286 5130 1367 5185 ἀεὶ
1408 5129 1752 5205 χειμάζεται,
1784 5130 1928 5184 οὕτω

278 5223 494 5286 τούτοις
527 5223 754 5278 πάντοτε
798 5223 825 5276 ὁ
882 5218 1125 5282 κίνδυνος
1176 5219 1407 5274 ἐπιπνεῖ·
1466 5214 1590 5272 οὐδὲ
1639 5218 1742 5294 γὰρ
1792 5218 1928 5294 πρὸς

274 5313 370 5366 τὸν
420 5315 695 5388 σωτήριον
755 5309 954 5384 λιμένα
1013 5311 1253 5386 ὁρμῆσαι
1305 5305 1576 5374 δύνανται,
1617 5307 1709 5360 τὸν
1741 5302 1928 5381 κυϐερ-

273 5406 456 5456 νῶντα
501 5401 695 5474 Κύριον
754 5399 1162 5461 καταλιπόντες.
1226 5397 1323 5452 Καὶ
1369 5397 1464 5458 τὰς
1516 5396 1612 5468 μὲν
1645 5393 1928 5469 ἐκδεδομέ-

272 5512 368 5553 νας
419 5491 564 5564 αὐτῷ
612 5491 794 5567 ψυχὰς
842 5489 1016 5552 οὕτως
1070 5487 1265 5558 πλανᾷ.
1311 5485 1590 5548 Πολλάκις
1623 5483 1679 5540 δὲ
1709 5486 1798 5542 καὶ
1827 5487 1923 5548 τὰς

351 5693 398 5728 ⁴⁰
441 5693 594 5751 Psal.
653 5711 780 5762 xm,
839 5696 890 5750 l.

275 5778 335 5834 ι,
366 5764 456 5820 23.

993 5693 1034 5726 ⁴¹
1091 5689 1241 5746 Psal.
1293 5705 1469 5760 Luu,
1516 5689 1571 5744 8.

1674 5696 1721 5732 η
1763 5686 1972 5742 Matth.
2005 5701 2046 5751 ι,
2099 5681 2185 5738 18.

2041 4765 2424 4822 vendiderint.
2472 4765 2692 4836 Estque
2748 4765 2887 4818 illud
2944 4766 3157 4820 diaboli
3212 4769 3527 4825 artiﬁcium
3580 4787 3695 4842 quo

2041 4856 2339 4927 decipiat:
2375 4869 2585 4923 segnes
2636 4853 2850 4924 quippe
2890 4853 3116 4909 animas
3159 4872 3260 4926 per
3305 4873 3539 4928 pravam
3593 4860 3696 4914 d0-

2039 4946 2282 5001 ctrinam
2319 4945 2589 4997 deorsum
2638 4945 2997 5012 propendere
3048 4944 3388 5015 compellit;
3420 4963 3524 5001 nec
3557 4949 3698 5002 sinit

2039 5053 2136 5090 eas
2169 5049 2407 5087 sursum
2443 5031 2581 5102 erigi
2606 5032 2676 5085 ad
2710 5032 3064 5101 agnitionem
3093 5033 3377 5089 veritatis.
3404 5037 3694 5100 Quemad-

2043 5124 2282 5178 modum
2333 5120 2486 5176 enim
2540 5119 2702 5174 navis
2753 5121 2878 5174 sine
2939 5121 3337 5192 gubernaculo
3391 5123 3692 5196 navigans,

2038 5210 2486 5283 tempestatibus
2536 5226 2767 5280 semper
2807 5209 3063 5280 agitatur
3092 5227 3105 5277 ;
3141 5211 3219 5264 ita
3249 5209 3364 5265 illis
3392 5213 3694 5282 undequa-

2037 5318 2150 5374 que
2177 5299 2565 5370 periculorum
2593 5303 2802 5352 ventus
2827 5298 3032 5354 instat:
3053 5315 3238 5370 neque
3263 5300 3416 5354 enim
3445 5307 3696 5371 possunt

2037 5394 2109 5446 ad
2152 5389 2469 5443 salutarem
2506 5393 2739 5457 portum
2786 5387 3100 5459 appellere,
3133 5390 3367 5460 quando
3399 5390 3694 5462 guberna-

2036 5487 2222 5538 torem
2282 5475 2597 5532 Dominum
2648 5474 3032 5547 reliquerunt.
3077 5478 3287 5548 Sicque
3339 5477 3526 5536 hostis
3565 5479 3692 5535 ani-
3748 5551 3750 5556 ι

2289 5675 2336 5710 ⁸³
2366 5674 2477 5730 lsa.
2509 5689 2636 5739 XLV,
2665 5674 2720 5729 7.
2823 5673 2868 5715 ⁸⁸
2897 5674 3072 5734 Hebr.
3105 5691 3207 5744 xu,
3242 5677 3298 5733 7.
3400 5677 3447 5714 ⁴⁸
3473 5678 3689 5737 Jerem.
