  <div class='ocr_page' id='page_1' title='image "/cluster/home/n/w/nwhite01/storage/ocr_20150623/28:no.4/coo.31924054873090/783.png"; bbox 0 0 4162 6360; ppageno 0'>
   <div class='ocr_carea' id='block_1_1' title="bbox 513 409 666 469">
    <p class='ocr_par' dir='ltr' id='par_1_1' title="bbox 513 409 666 469">
     <span class='ocr_line' id='line_1_1' title="bbox 513 409 666 469; baseline 0.026 -4"><span class='ocrx_word' id='word_1_1' title='bbox 513 409 666 469; x_wconf 78' lang='grc'>1539</span> 
     </span>
    </p>
   </div>
   <div class='ocr_carea' id='block_1_2' title="bbox 1680 404 2762 472">
    <p class='ocr_par' dir='ltr' id='par_1_2' title="bbox 1680 404 2762 472">
     <span class='ocr_line' id='line_1_2' title="bbox 1680 404 2762 472; baseline 0 -4"><span class='ocrx_word' id='word_1_2' title='bbox 1680 407 1746 468; x_wconf 91' lang='lat' dir='ltr'>S.</span> <span class='ocrx_word' id='word_1_3' title='bbox 1794 404 2318 468; x_wconf 79' lang='lat' dir='ltr'>A&#39;l‘HANASlUS.</span> <span class='ocrx_word' id='word_1_4' title='bbox 2348 441 2425 452; x_wconf 90' lang='lat'>-—</span> <span class='ocrx_word' id='word_1_5' title='bbox 2454 405 2762 472; x_wconf 82' lang='lat' dir='ltr'>SPUBIA.</span> 
     </span>
    </p>
   </div>
   <div class='ocr_carea' id='block_1_3' title="bbox 3750 422 3891 484">
    <p class='ocr_par' dir='ltr' id='par_1_3' title="bbox 3750 422 3891 484">
     <span class='ocr_line' id='line_1_3' title="bbox 3750 422 3891 484; baseline 0.035 -6"><span class='ocrx_word' id='word_1_6' title='bbox 3750 422 3891 484; x_wconf 67' lang='grc'>1540</span> 
     </span>
    </p>
   </div>
   <div class='ocr_carea' id='block_1_4' title="bbox 512 536 2138 626">
    <p class='ocr_par' dir='ltr' id='par_1_4' title="bbox 512 539 2138 621">
     <span class='ocr_line' id='line_1_4' title="bbox 512 539 2138 621; baseline -0.001 -27"><span class='ocrx_word' id='word_1_7' title='bbox 512 557 638 594; x_wconf 84' lang='lat' dir='ltr'>mas</span> <span class='ocrx_word' id='word_1_8' title='bbox 686 541 799 612; x_wconf 84' lang='lat' dir='ltr'>ipsi</span> <span class='ocrx_word' id='word_1_9' title='bbox 857 539 1087 595; x_wconf 89' lang='lat' dir='ltr'>deditas</span> <span class='ocrx_word' id='word_1_10' title='bbox 1143 539 1381 612; x_wconf 83' lang='lat' dir='ltr'>decipit.</span> <span class='ocrx_word' id='word_1_11' title='bbox 1434 542 1593 621; x_wconf 68' lang='lat' dir='ltr'>Saepe</span> <span class='ocrx_word' id='word_1_12' title='bbox 1651 542 1824 596; x_wconf 89' lang='lat' dir='ltr'>etiam</span> <span class='ocrx_word' id='word_1_13' title='bbox 1879 558 1980 611; x_wconf 90' lang='lat' dir='ltr'>per</span> <span class='ocrx_word' id='word_1_14' title='bbox 2038 541 2138 594; x_wconf 62' lang='lat' dir='ltr'>hau</span> 
     </span>
    </p>
   </div>
   <div class='ocr_carea' id='block_1_5' title="bbox 2248 536 3885 626">
    <p class='ocr_par' dir='ltr' id='par_1_5' title="bbox 2269 536 3885 626">
     <span class='ocr_line' id='line_1_5' title="bbox 2269 536 3885 626; baseline 0.002 -34"><span class='ocrx_word' id='word_1_15' title='bbox 2269 536 2565 602; x_wconf 80' lang='grc' dir='ltr'>σπουδαίας</span> <span class='ocrx_word' id='word_1_16' title='bbox 2597 541 2949 620; x_wconf 76' lang='grc' dir='ltr'>παρυφιζάνει</span> <span class='ocrx_word' id='word_1_17' title='bbox 2983 537 3074 595; x_wconf 76' lang='grc' dir='ltr'>διά</span> <span class='ocrx_word' id='word_1_18' title='bbox 3100 539 3308 597; x_wconf 87' lang='grc' dir='ltr'>τούτων</span> <span class='ocrx_word' id='word_1_19' title='bbox 3357 543 3385 597; x_wconf 98' lang='lat'>6</span> <span class='ocrx_word' id='word_1_20' title='bbox 3414 542 3629 620; x_wconf 82' lang='grc' dir='ltr'>ἐχθρὸς,</span> <span class='ocrx_word' id='word_1_21' title='bbox 3658 550 3742 604; x_wconf 83' lang='grc' dir='ltr'>τὸν</span> <span class='ocrx_word' id='word_1_22' title='bbox 3769 550 3885 626; x_wconf 76' lang='grc' dir='ltr'>ἀγα.</span> 
     </span>
    </p>
   </div>
   <div class='ocr_carea' id='block_1_6' title="bbox 509 628 2156 697">
    <p class='ocr_par' dir='ltr' id='par_1_6' title="bbox 509 628 2156 697">
     <span class='ocr_line' id='line_1_6' title="bbox 509 628 2156 697; baseline 0 -12"><span class='ocrx_word' id='word_1_23' title='bbox 509 629 823 685; x_wconf 83' lang='lat' dir='ltr'>animabus</span> <span class='ocrx_word' id='word_1_24' title='bbox 854 629 1139 683; x_wconf 87' lang='lat' dir='ltr'>virtutum</span> <span class='ocrx_word' id='word_1_25' title='bbox 1161 628 1447 685; x_wconf 81' lang='lat' dir='ltr'>studiosis</span> <span class='ocrx_word' id='word_1_26' title='bbox 1470 629 1923 697; x_wconf 87' lang='lat' dir='ltr'>insidiatur,hoc</span> <span class='ocrx_word' id='word_1_27' title='bbox 1944 645 2156 685; x_wconf 89' lang='lat' dir='ltr'>curans</span> 
     </span>
    </p>
   </div>
   <div class='ocr_carea' id='block_1_7' title="bbox 511 717 2156 790">
    <p class='ocr_par' dir='ltr' id='par_1_7' title="bbox 511 717 2156 790">
     <span class='ocr_line' id='line_1_7' title="bbox 511 717 2156 790; baseline -0.001 -17"><span class='ocrx_word' id='word_1_28' title='bbox 511 726 571 774; x_wconf 89' lang='lat' dir='ltr'>ut</span> <span class='ocrx_word' id='word_1_29' title='bbox 603 719 820 773; x_wconf 90' lang='lat' dir='ltr'>bonum</span> <span class='ocrx_word' id='word_1_30' title='bbox 854 734 1051 773; x_wconf 79' lang='lat' dir='ltr'>earum</span> <span class='ocrx_word' id='word_1_31' title='bbox 1084 734 1323 773; x_wconf 81' lang='lat' dir='ltr'>cursum</span> <span class='ocrx_word' id='word_1_32' title='bbox 1362 717 1711 790; x_wconf 81' lang='lat' dir='ltr'>intercipiat.</span> <span class='ocrx_word' id='word_1_33' title='bbox 1745 718 1953 774; x_wconf 89' lang='lat' dir='ltr'>Animo</span> <span class='ocrx_word' id='word_1_34' title='bbox 1984 735 2156 773; x_wconf 89' lang='lat' dir='ltr'>nam-</span> 
     </span>
    </p>
   </div>
   <div class='ocr_carea' id='block_1_8' title="bbox 508 806 2152 881">
    <p class='ocr_par' dir='ltr' id='par_1_8' title="bbox 508 806 2152 881">
     <span class='ocr_line' id='line_1_8' title="bbox 508 806 2152 881; baseline -0.002 -17"><span class='ocrx_word' id='word_1_35' title='bbox 508 824 621 880; x_wconf 87' lang='lat' dir='ltr'>que</span> <span class='ocrx_word' id='word_1_36' title='bbox 651 806 935 881; x_wconf 80' lang='lat' dir='ltr'>suggerit,</span> <span class='ocrx_word' id='word_1_37' title='bbox 971 806 1119 878; x_wconf 90' lang='lat' dir='ltr'>quod</span> <span class='ocrx_word' id='word_1_38' title='bbox 1177 807 1322 860; x_wconf 85' lang='lat' dir='ltr'>bene</span> <span class='ocrx_word' id='word_1_39' title='bbox 1367 806 1728 878; x_wconf 78' lang='lat' dir='ltr'>feliciterque</span> <span class='ocrx_word' id='word_1_40' title='bbox 1776 822 2045 879; x_wconf 83' lang='lat' dir='ltr'>agamus,</span> <span class='ocrx_word' id='word_1_41' title='bbox 2096 807 2152 861; x_wconf 93' lang='lat' dir='ltr'>id</span> 
     </span>
    </p>
   </div>
   <div class='ocr_carea' id='block_1_9' title="bbox 506 895 2156 968">
    <p class='ocr_par' dir='ltr' id='par_1_9' title="bbox 506 895 2156 968">
     <span class='ocr_line' id='line_1_9' title="bbox 506 895 2156 968; baseline -0.001 -15"><span class='ocrx_word' id='word_1_42' title='bbox 506 914 574 953; x_wconf 86' lang='lat' dir='ltr'>ex</span> <span class='ocrx_word' id='word_1_43' title='bbox 604 902 899 953; x_wconf 90' lang='lat' dir='ltr'>astrorum</span> <span class='ocrx_word' id='word_1_44' title='bbox 923 900 1081 951; x_wconf 90' lang='lat' dir='ltr'>motu</span> <span class='ocrx_word' id='word_1_45' title='bbox 1107 896 1431 967; x_wconf 82' lang='lat' dir='ltr'>provenire.</span> <span class='ocrx_word' id='word_1_46' title='bbox 1457 899 1617 951; x_wconf 89' lang='lat' dir='ltr'>Hanc</span> <span class='ocrx_word' id='word_1_47' title='bbox 1640 899 1834 951; x_wconf 78' lang='lat' dir='ltr'>autem</span> <span class='ocrx_word' id='word_1_48' title='bbox 1858 895 2156 968; x_wconf 87' lang='lat' dir='ltr'>cogitatio-</span> 
     </span>
    </p>
   </div>
   <div class='ocr_carea' id='block_1_10' title="bbox 507 982 2154 1055">
    <p class='ocr_par' dir='ltr' id='par_1_10' title="bbox 507 982 2154 1055">
     <span class='ocr_line' id='line_1_10' title="bbox 507 982 2154 1055; baseline -0.002 -15"><span class='ocrx_word' id='word_1_49' title='bbox 507 1002 640 1042; x_wconf 88' lang='lat' dir='ltr'>nem</span> <span class='ocrx_word' id='word_1_50' title='bbox 700 984 773 1041; x_wconf 91' lang='lat' dir='ltr'>iis</span> <span class='ocrx_word' id='word_1_51' title='bbox 827 984 1097 1040; x_wconf 84' lang='lat' dir='ltr'>immittit</span> <span class='ocrx_word' id='word_1_52' title='bbox 1147 984 1540 1051; x_wconf 86' lang='lat' dir='ltr'>adversarius,</span> <span class='ocrx_word' id='word_1_53' title='bbox 1608 984 1705 1055; x_wconf 89' lang='lat' dir='ltr'>qui</span> <span class='ocrx_word' id='word_1_54' title='bbox 1762 1001 1832 1040; x_wconf 84' lang='lat' dir='ltr'>ex</span> <span class='ocrx_word' id='word_1_55' title='bbox 1887 982 2154 1040; x_wconf 66' lang='lat' dir='ltr'>saeculari</span> 
     </span>
    </p>
   </div>
   <div class='ocr_carea' id='block_1_11' title="bbox 503 1073 2149 1149">
    <p class='ocr_par' dir='ltr' id='par_1_11' title="bbox 503 1073 2149 1149">
     <span class='ocr_line' id='line_1_11' title="bbox 503 1073 2149 1149; baseline -0.003 -17"><span class='ocrx_word' id='word_1_56' title='bbox 503 1076 796 1149; x_wconf 80' lang='lat' dir='ltr'>sapientia</span> <span class='ocrx_word' id='word_1_57' title='bbox 851 1073 1115 1130; x_wconf 80' lang='lat' dir='ltr'>conversi</span> <span class='ocrx_word' id='word_1_58' title='bbox 1174 1078 1312 1130; x_wconf 83' lang='lat' dir='ltr'>sunt</span> <span class='ocrx_word' id='word_1_59' title='bbox 1367 1073 1436 1128; x_wconf 81' lang='lat' dir='ltr'>ad</span> <span class='ocrx_word' id='word_1_60' title='bbox 1497 1073 1675 1129; x_wconf 87' lang='lat' dir='ltr'>vitam</span> <span class='ocrx_word' id='word_1_61' title='bbox 1744 1073 2149 1130; x_wconf 82' lang='lat' dir='ltr'>monasticam.</span> 
     </span>
    </p>
   </div>
   <div class='ocr_carea' id='block_1_12' title="bbox 502 1160 2152 1234">
    <p class='ocr_par' dir='ltr' id='par_1_12' title="bbox 502 1160 2152 1234">
     <span class='ocr_line' id='line_1_12' title="bbox 502 1160 2152 1234; baseline -0.001 -14"><span class='ocrx_word' id='word_1_62' title='bbox 502 1168 649 1220; x_wconf 89' lang='lat' dir='ltr'>Nam</span> <span class='ocrx_word' id='word_1_63' title='bbox 681 1180 811 1220; x_wconf 85' lang='lat' dir='ltr'>cum</span> <span class='ocrx_word' id='word_1_64' title='bbox 846 1164 904 1219; x_wconf 91' lang='lat' dir='ltr'>in</span> <span class='ocrx_word' id='word_1_65' title='bbox 936 1160 1109 1219; x_wconf 90' lang='lat' dir='ltr'>malis</span> <span class='ocrx_word' id='word_1_66' title='bbox 1159 1162 1342 1218; x_wconf 90' lang='lat' dir='ltr'>solers</span> <span class='ocrx_word' id='word_1_67' title='bbox 1390 1162 1467 1218; x_wconf 91' lang='lat' dir='ltr'>sit</span> <span class='ocrx_word' id='word_1_68' title='bbox 1512 1161 1803 1234; x_wconf 83' lang='lat' dir='ltr'>diabolus,</span> <span class='ocrx_word' id='word_1_69' title='bbox 1832 1163 2000 1234; x_wconf 87' lang='lat' dir='ltr'>juxta</span> <span class='ocrx_word' id='word_1_70' title='bbox 2048 1161 2152 1218; x_wconf 91' lang='lat' dir='ltr'>ho-</span> 
     </span>
    </p>
   </div>
   <div class='ocr_carea' id='block_1_13' title="bbox 503 1251 2150 1324">
    <p class='ocr_par' dir='ltr' id='par_1_13' title="bbox 503 1251 2150 1324">
     <span class='ocr_line' id='line_1_13' title="bbox 503 1251 2150 1324; baseline -0.002 -15"><span class='ocrx_word' id='word_1_71' title='bbox 503 1254 731 1310; x_wconf 90' lang='lat' dir='ltr'>minum</span> <span class='ocrx_word' id='word_1_72' title='bbox 765 1251 1021 1309; x_wconf 80' lang='lat' dir='ltr'>indolem</span> <span class='ocrx_word' id='word_1_73' title='bbox 1052 1252 1294 1324; x_wconf 84' lang='lat' dir='ltr'>laqueos</span> <span class='ocrx_word' id='word_1_74' title='bbox 1316 1251 1576 1323; x_wconf 88' lang='lat' dir='ltr'>subjicit.</span> <span class='ocrx_word' id='word_1_75' title='bbox 1598 1252 1962 1318; x_wconf 87' lang='lat' dir='ltr'>Quibusdam</span> <span class='ocrx_word' id='word_1_76' title='bbox 1993 1251 2150 1307; x_wconf 90' lang='lat' dir='ltr'>enim</span> 
     </span>
    </p>
   </div>
   <div class='ocr_carea' id='block_1_14' title="bbox 502 1341 2147 1413">
    <p class='ocr_par' dir='ltr' id='par_1_14' title="bbox 502 1341 2147 1413">
     <span class='ocr_line' id='line_1_14' title="bbox 502 1341 2147 1413; baseline -0.002 -14"><span class='ocrx_word' id='word_1_77' title='bbox 502 1343 742 1399; x_wconf 84' lang='lat' dir='ltr'>assidue</span> <span class='ocrx_word' id='word_1_78' title='bbox 806 1343 989 1398; x_wconf 87' lang='lat' dir='ltr'>instat</span> <span class='ocrx_word' id='word_1_79' title='bbox 1063 1358 1166 1413; x_wconf 89' lang='lat' dir='ltr'>per</span> <span class='ocrx_word' id='word_1_80' title='bbox 1236 1341 1662 1413; x_wconf 85' lang='lat' dir='ltr'>desperationis</span> <span class='ocrx_word' id='word_1_81' title='bbox 1717 1341 2147 1410; x_wconf 82' lang='lat' dir='ltr'>tentationem;</span> 
     </span>
    </p>
   </div>
   <div class='ocr_carea' id='block_1_15' title="bbox 500 1428 2153 1504">
    <p class='ocr_par' dir='ltr' id='par_1_15' title="bbox 500 1428 2153 1504">
     <span class='ocr_line' id='line_1_15' title="bbox 500 1428 2153 1504; baseline -0.002 -16"><span class='ocrx_word' id='word_1_82' title='bbox 500 1431 646 1489; x_wconf 89' lang='lat' dir='ltr'>alios</span> <span class='ocrx_word' id='word_1_83' title='bbox 706 1450 807 1504; x_wconf 89' lang='lat' dir='ltr'>per</span> <span class='ocrx_word' id='word_1_84' title='bbox 861 1449 1023 1488; x_wconf 64' lang='lat' dir='ltr'>vanas</span> <span class='ocrx_word' id='word_1_85' title='bbox 1077 1429 1270 1504; x_wconf 69' lang='lat' dir='ltr'>gloriae</span> <span class='ocrx_word' id='word_1_86' title='bbox 1326 1429 1664 1501; x_wconf 85' lang='lat' dir='ltr'>cupidinem</span> <span class='ocrx_word' id='word_1_87' title='bbox 1737 1429 1932 1496; x_wconf 85' lang='lat' dir='ltr'>trahit,</span> <span class='ocrx_word' id='word_1_88' title='bbox 2005 1428 2153 1485; x_wconf 90' lang='lat' dir='ltr'>alios</span> 
     </span>
    </p>
   </div>
   <div class='ocr_carea' id='block_1_16' title="bbox 498 1517 2153 1595">
    <p class='ocr_par' dir='ltr' id='par_1_16' title="bbox 498 1517 2153 1595">
     <span class='ocr_line' id='line_1_16' title="bbox 498 1517 2153 1595; baseline -0.003 -17"><span class='ocrx_word' id='word_1_89' title='bbox 498 1538 604 1594; x_wconf 89' lang='lat' dir='ltr'>per</span> <span class='ocrx_word' id='word_1_90' title='bbox 658 1520 917 1595; x_wconf 60' lang='lat' dir='ltr'>pecunia</span> <span class='ocrx_word' id='word_1_91' title='bbox 974 1520 1354 1592; x_wconf 87' lang='lat' dir='ltr'>cupiditatem</span> <span class='ocrx_word' id='word_1_92' title='bbox 1416 1517 1631 1574; x_wconf 89' lang='lat' dir='ltr'>obruit.</span> <span class='ocrx_word' id='word_1_93' title='bbox 1701 1522 1893 1590; x_wconf 83' lang='lat' dir='ltr'>Atque</span> <span class='ocrx_word' id='word_1_94' title='bbox 1963 1518 2153 1574; x_wconf 89' lang='lat' dir='ltr'>instar</span> 
     </span>
    </p>
   </div>
   <div class='ocr_carea' id='block_1_17' title="bbox 491 1607 2150 1667">
    <p class='ocr_par' dir='ltr' id='par_1_17' title="bbox 491 1607 2150 1667">
     <span class='ocr_line' id='line_1_17' title="bbox 491 1607 2150 1667; baseline -0.002 -2"><span class='ocrx_word' id='word_1_95' title='bbox 491 1608 747 1667; x_wconf 87' lang='lat' dir='ltr'>lethil‘eri</span> <span class='ocrx_word' id='word_1_96' title='bbox 783 1610 990 1667; x_wconf 89' lang='lat' dir='ltr'>medici</span> <span class='ocrx_word' id='word_1_97' title='bbox 1036 1609 1379 1666; x_wconf 87' lang='lat' dir='ltr'>hominibus</span> <span class='ocrx_word' id='word_1_98' title='bbox 1410 1611 1696 1664; x_wconf 86' lang='lat' dir='ltr'>venenata</span> <span class='ocrx_word' id='word_1_99' title='bbox 1743 1608 1913 1663; x_wconf 72' lang='lat' dir='ltr'>offert</span> <span class='ocrx_word' id='word_1_100' title='bbox 1965 1607 2150 1662; x_wconf 87' lang='lat' dir='ltr'>medi-</span> 
     </span>
    </p>
   </div>
   <div class='ocr_carea' id='block_1_18' title="bbox 492 1694 2147 1770">
    <p class='ocr_par' dir='ltr' id='par_1_18' title="bbox 492 1694 2147 1770">
     <span class='ocr_line' id='line_1_18' title="bbox 492 1694 2147 1770; baseline -0.003 -15"><span class='ocrx_word' id='word_1_101' title='bbox 492 1706 781 1757; x_wconf 87' lang='lat' dir='ltr'>camenta.</span> <span class='ocrx_word' id='word_1_102' title='bbox 816 1702 992 1770; x_wconf 80' lang='lat' dir='ltr'>Atque</span> <span class='ocrx_word' id='word_1_103' title='bbox 1041 1698 1201 1753; x_wconf 91' lang='lat' dir='ltr'>hunc</span> <span class='ocrx_word' id='word_1_104' title='bbox 1258 1697 1498 1769; x_wconf 88' lang='lat' dir='ltr'>quidem</span> <span class='ocrx_word' id='word_1_105' title='bbox 1547 1714 1616 1752; x_wconf 80' lang='lat' dir='ltr'>ex</span> <span class='ocrx_word' id='word_1_106' title='bbox 1659 1698 1856 1768; x_wconf 87' lang='lat' dir='ltr'>jecore</span> <span class='ocrx_word' id='word_1_107' title='bbox 1915 1694 2147 1768; x_wconf 89' lang='lat' dir='ltr'>occidit,</span> 
     </span>
    </p>
   </div>
   <div class='ocr_carea' id='block_1_19' title="bbox 489 1784 2148 1860">
    <p class='ocr_par' dir='ltr' id='par_1_19' title="bbox 489 1784 2148 1860">
     <span class='ocr_line' id='line_1_19' title="bbox 489 1784 2148 1860; baseline -0.003 -15"><span class='ocrx_word' id='word_1_108' title='bbox 489 1789 771 1846; x_wconf 82' lang='lat' dir='ltr'>oll&#39;errens</span> <span class='ocrx_word' id='word_1_109' title='bbox 803 1789 884 1844; x_wconf 87' lang='lat' dir='ltr'>illi</span> <span class='ocrx_word' id='word_1_110' title='bbox 916 1786 1259 1860; x_wconf 86' lang='lat' dir='ltr'>cupiditatis</span> <span class='ocrx_word' id='word_1_111' title='bbox 1312 1786 1571 1841; x_wconf 82' lang='lat' dir='ltr'>toxicum</span> <span class='ocrx_word' id='word_1_112' title='bbox 1617 1801 1629 1839; x_wconf 91' lang='lat'><strong>:</strong></span> <span class='ocrx_word' id='word_1_113' title='bbox 1665 1784 1850 1841; x_wconf 89' lang='lat' dir='ltr'>alium</span> <span class='ocrx_word' id='word_1_114' title='bbox 1881 1784 1939 1840; x_wconf 89' lang='lat' dir='ltr'>in</span> <span class='ocrx_word' id='word_1_115' title='bbox 1973 1785 2148 1841; x_wconf 89' lang='lat' dir='ltr'>corde</span> 
     </span>
    </p>
   </div>
   <div class='ocr_carea' id='block_1_20' title="bbox 487 1874 2145 1951">
    <p class='ocr_par' dir='ltr' id='par_1_20' title="bbox 487 1874 2145 1951">
     <span class='ocr_line' id='line_1_20' title="bbox 487 1874 2145 1951; baseline -0.003 -17"><span class='ocrx_word' id='word_1_116' title='bbox 487 1879 780 1951; x_wconf 87' lang='lat' dir='ltr'>vulnerat,</span> <span class='ocrx_word' id='word_1_117' title='bbox 822 1880 1089 1934; x_wconf 90' lang='lat' dir='ltr'>animum</span> <span class='ocrx_word' id='word_1_118' title='bbox 1130 1877 1257 1947; x_wconf 89' lang='lat' dir='ltr'>ejus</span> <span class='ocrx_word' id='word_1_119' title='bbox 1298 1876 1370 1931; x_wconf 92' lang='lat' dir='ltr'>ad</span> <span class='ocrx_word' id='word_1_120' title='bbox 1412 1875 1560 1931; x_wconf 89' lang='lat' dir='ltr'>iram</span> <span class='ocrx_word' id='word_1_121' title='bbox 1600 1874 1902 1931; x_wconf 88' lang='lat' dir='ltr'>concitans</span> <span class='ocrx_word' id='word_1_122' title='bbox 1945 1893 1957 1930; x_wconf 89' lang='lat'><strong>:</strong></span> <span class='ocrx_word' id='word_1_123' title='bbox 2001 1891 2145 1947; x_wconf 89' lang='lat' dir='ltr'>quo-</span> 
     </span>
    </p>
   </div>
   <div class='ocr_carea' id='block_1_21' title="bbox 488 1964 2147 2038">
    <p class='ocr_par' dir='ltr' id='par_1_21' title="bbox 488 1964 2147 2038">
     <span class='ocr_line' id='line_1_21' title="bbox 488 1964 2147 2038; baseline -0.004 -15"><span class='ocrx_word' id='word_1_124' title='bbox 488 1970 762 2025; x_wconf 88' lang='lat' dir='ltr'>rumdam</span> <span class='ocrx_word' id='word_1_125' title='bbox 822 1985 956 2024; x_wconf 89' lang='lat' dir='ltr'>vero</span> <span class='ocrx_word' id='word_1_126' title='bbox 1016 1965 1338 2038; x_wconf 87' lang='lat' dir='ltr'>principem</span> <span class='ocrx_word' id='word_1_127' title='bbox 1405 1964 1585 2020; x_wconf 90' lang='lat' dir='ltr'>animi</span> <span class='ocrx_word' id='word_1_128' title='bbox 1646 1967 1873 2037; x_wconf 73' lang='lat' dir='ltr'>partem</span> <span class='ocrx_word' id='word_1_129' title='bbox 1932 1964 2147 2020; x_wconf 87' lang='lat' dir='ltr'>obtun-</span> 
     </span>
    </p>
   </div>
   <div class='ocr_carea' id='block_1_22' title="bbox 485 2052 2144 2131">
    <p class='ocr_par' dir='ltr' id='par_1_22' title="bbox 485 2052 2144 2131">
     <span class='ocr_line' id='line_1_22' title="bbox 485 2052 2144 2131; baseline -0.003 -18"><span class='ocrx_word' id='word_1_130' title='bbox 485 2057 589 2127; x_wconf 89' lang='lat' dir='ltr'>dit,</span> <span class='ocrx_word' id='word_1_131' title='bbox 624 2063 726 2113; x_wconf 89' lang='lat' dir='ltr'>aut</span> <span class='ocrx_word' id='word_1_132' title='bbox 754 2057 1086 2131; x_wconf 86' lang='lat' dir='ltr'>ignorantia</span> <span class='ocrx_word' id='word_1_133' title='bbox 1116 2053 1438 2126; x_wconf 81' lang='lat' dir='ltr'>involvens,</span> <span class='ocrx_word' id='word_1_134' title='bbox 1470 2057 1572 2109; x_wconf 88' lang='lat' dir='ltr'>aut</span> <span class='ocrx_word' id='word_1_135' title='bbox 1611 2069 1717 2126; x_wconf 91' lang='lat' dir='ltr'>per</span> <span class='ocrx_word' id='word_1_136' title='bbox 1745 2052 2144 2110; x_wconf 86' lang='lat' dir='ltr'>curiositatem</span> 
     </span>
    </p>
   </div>
   <div class='ocr_carea' id='block_1_23' title="bbox 483 2150 773 2203">
    <p class='ocr_par' dir='ltr' id='par_1_23' title="bbox 483 2150 773 2203">
     <span class='ocr_line' id='line_1_23' title="bbox 483 2150 773 2203; baseline 0.003 -1"><span class='ocrx_word' id='word_1_137' title='bbox 483 2150 773 2203; x_wconf 80' lang='lat' dir='ltr'>evertens.</span> 
     </span>
    </p>
   </div>
   <div class='ocr_carea' id='block_1_24' title="bbox 562 2232 2144 2307">
    <p class='ocr_par' dir='ltr' id='par_1_24' title="bbox 562 2232 2144 2307">
     <span class='ocr_line' id='line_1_24' title="bbox 562 2232 2144 2307; baseline -0.005 -11"><span class='ocrx_word' id='word_1_138' title='bbox 562 2242 651 2296; x_wconf 88' lang='lat'>86.</span> <span class='ocrx_word' id='word_1_139' title='bbox 706 2237 1002 2302; x_wconf 87' lang='lat' dir='ltr'>Quosdam</span> <span class='ocrx_word' id='word_1_140' title='bbox 1060 2233 1241 2307; x_wconf 81' lang='lat' dir='ltr'>igitur</span> <span class='ocrx_word' id='word_1_141' title='bbox 1297 2249 1398 2304; x_wconf 90' lang='lat' dir='ltr'>per</span> <span class='ocrx_word' id='word_1_142' title='bbox 1455 2233 1684 2305; x_wconf 89' lang='lat' dir='ltr'>ineptas</span> <span class='ocrx_word' id='word_1_143' title='bbox 1742 2237 1799 2288; x_wconf 89' lang='lat' dir='ltr'>et</span> <span class='ocrx_word' id='word_1_144' title='bbox 1856 2232 2144 2288; x_wconf 85' lang='lat' dir='ltr'>absurdae</span> 
     </span>
    </p>
   </div>
   <div class='ocr_carea' id='block_1_25' title="bbox 482 2319 2142 2404">
    <p class='ocr_par' dir='ltr' id='par_1_25' title="bbox 482 2319 2142 2404">
     <span class='ocr_line' id='line_1_25' title="bbox 482 2319 2142 2404; baseline -0.008 -16"><span class='ocrx_word' id='word_1_145' title='bbox 482 2329 837 2404; x_wconf 67' lang='lat' dir='ltr'>questiones</span> <span class='ocrx_word' id='word_1_146' title='bbox 887 2322 1249 2381; x_wconf 87' lang='lat' dir='ltr'>subornavit.</span> <span class='ocrx_word' id='word_1_147' title='bbox 1299 2322 1467 2389; x_wconf 87' lang='lat' dir='ltr'>Nam,</span> <span class='ocrx_word' id='word_1_148' title='bbox 1499 2338 1632 2377; x_wconf 93' lang='lat' dir='ltr'>cum</span> <span class='ocrx_word' id='word_1_149' title='bbox 1666 2319 1879 2376; x_wconf 88' lang='lat' dir='ltr'>vellent</span> <span class='ocrx_word' id='word_1_150' title='bbox 1923 2322 1995 2375; x_wconf 90' lang='lat' dir='ltr'>de</span> <span class='ocrx_word' id='word_1_151' title='bbox 2026 2320 2142 2376; x_wconf 91' lang='lat' dir='ltr'>Deo</span> 
     </span>
    </p>
   </div>
   <div class='ocr_carea' id='block_1_26' title="bbox 478 2409 2138 2492">
    <p class='ocr_par' dir='ltr' id='par_1_26' title="bbox 478 2409 2138 2492">
     <span class='ocr_line' id='line_1_26' title="bbox 478 2409 2138 2492; baseline -0.008 -14"><span class='ocrx_word' id='word_1_152' title='bbox 478 2422 753 2492; x_wconf 88' lang='lat' dir='ltr'>illiusque</span> <span class='ocrx_word' id='word_1_153' title='bbox 794 2422 1004 2473; x_wconf 87' lang='lat' dir='ltr'>natura</span> <span class='ocrx_word' id='word_1_154' title='bbox 1046 2413 1394 2485; x_wconf 85' lang='lat' dir='ltr'>disceptare,</span> <span class='ocrx_word' id='word_1_155' title='bbox 1429 2409 1803 2484; x_wconf 75' lang='lat' dir='ltr'>naufragium</span> <span class='ocrx_word' id='word_1_156' title='bbox 1854 2409 2138 2466; x_wconf 90' lang='lat' dir='ltr'>fecerunt.</span> 
     </span>
    </p>
   </div>
   <div class='ocr_carea' id='block_1_27' title="bbox 480 2500 2140 2570">
    <p class='ocr_par' dir='ltr' id='par_1_27' title="bbox 480 2500 2140 2570">
     <span class='ocr_line' id='line_1_27' title="bbox 480 2500 2140 2570; baseline -0.009 -2"><span class='ocrx_word' id='word_1_157' title='bbox 480 2512 627 2568; x_wconf 89' lang='lat' dir='ltr'>Cum</span> <span class='ocrx_word' id='word_1_158' title='bbox 658 2507 815 2566; x_wconf 89' lang='lat' dir='ltr'>enim</span> <span class='ocrx_word' id='word_1_159' title='bbox 845 2504 1023 2561; x_wconf 87' lang='lat' dir='ltr'>vitam</span> <span class='ocrx_word' id='word_1_160' title='bbox 1046 2500 1294 2558; x_wconf 88' lang='lat' dir='ltr'>actionis</span> <span class='ocrx_word' id='word_1_161' title='bbox 1315 2500 1642 2557; x_wconf 87' lang='lat' dir='ltr'>studiosam</span> <span class='ocrx_word' id='word_1_162' title='bbox 1667 2516 1781 2555; x_wconf 89' lang='lat' dir='ltr'>non</span> <span class='ocrx_word' id='word_1_163' title='bbox 1807 2514 2140 2570; x_wconf 88' lang='lat' dir='ltr'>congruen-</span> 
     </span>
    </p>
   </div>
   <div class='ocr_carea' id='block_1_28' title="bbox 484 2587 2138 2661">
    <p class='ocr_par' dir='ltr' id='par_1_28' title="bbox 484 2587 2138 2661">
     <span class='ocr_line' id='line_1_28' title="bbox 484 2587 2138 2661; baseline -0.006 -7"><span class='ocrx_word' id='word_1_164' title='bbox 484 2604 572 2656; x_wconf 88' lang='lat' dir='ltr'>ter</span> <span class='ocrx_word' id='word_1_165' title='bbox 624 2598 864 2661; x_wconf 90' lang='lat' dir='ltr'>inirent,</span> <span class='ocrx_word' id='word_1_166' title='bbox 914 2594 987 2649; x_wconf 88' lang='lat' dir='ltr'>ad</span> <span class='ocrx_word' id='word_1_167' title='bbox 1038 2589 1593 2661; x_wconf 88' lang='lat' dir='ltr'>contemplationem</span> <span class='ocrx_word' id='word_1_168' title='bbox 1642 2587 2042 2661; x_wconf 88' lang='lat' dir='ltr'>prosilierunt,</span> <span class='ocrx_word' id='word_1_169' title='bbox 2071 2603 2138 2644; x_wconf 87' lang='lat' dir='ltr'>ao</span> 
     </span>
    </p>
   </div>
   <div class='ocr_carea' id='block_1_29' title="bbox 480 2675 2135 2759">
    <p class='ocr_par' dir='ltr' id='par_1_29' title="bbox 480 2675 2135 2759">
     <span class='ocr_line' id='line_1_29' title="bbox 480 2675 2135 2759; baseline -0.007 -18"><span class='ocrx_word' id='word_1_170' title='bbox 480 2686 767 2759; x_wconf 88' lang='lat' dir='ltr'>vertigine</span> <span class='ocrx_word' id='word_1_171' title='bbox 808 2679 1058 2750; x_wconf 86' lang='lat' dir='ltr'>correpti</span> <span class='ocrx_word' id='word_1_172' title='bbox 1106 2678 1508 2735; x_wconf 90' lang='lat' dir='ltr'>conciderunt.</span> <span class='ocrx_word' id='word_1_173' title='bbox 1543 2677 1827 2749; x_wconf 87' lang='lat' dir='ltr'>Quodque</span> <span class='ocrx_word' id='word_1_174' title='bbox 1876 2675 2135 2748; x_wconf 87' lang='lat' dir='ltr'>primum</span> 
     </span>
    </p>
   </div>
   <div class='ocr_carea' id='block_1_30' title="bbox 482 2765 2133 2834">
    <p class='ocr_par' dir='ltr' id='par_1_30' title="bbox 482 2765 2133 2834">
     <span class='ocr_line' id='line_1_30' title="bbox 482 2765 2133 2834; baseline -0.008 -1"><span class='ocrx_word' id='word_1_175' title='bbox 482 2775 685 2833; x_wconf 88' lang='lat' dir='ltr'>ordine</span> <span class='ocrx_word' id='word_1_176' title='bbox 732 2778 822 2830; x_wconf 88' lang='lat' dir='ltr'>est</span> <span class='ocrx_word' id='word_1_177' title='bbox 869 2787 984 2827; x_wconf 90' lang='lat' dir='ltr'>non</span> <span class='ocrx_word' id='word_1_178' title='bbox 1039 2766 1314 2834; x_wconf 83' lang='lat' dir='ltr'>assecuti,</span> <span class='ocrx_word' id='word_1_179' title='bbox 1361 2784 1394 2823; x_wconf 87' lang='lat' dir='ltr'>a</span> <span class='ocrx_word' id='word_1_180' title='bbox 1448 2766 1707 2822; x_wconf 90' lang='lat' dir='ltr'>secundo</span> <span class='ocrx_word' id='word_1_181' title='bbox 1766 2765 2133 2821; x_wconf 86' lang='lat' dir='ltr'>aberrarunt.</span> 
     </span>
    </p>
   </div>
   <div class='ocr_carea' id='block_1_31' title="bbox 479 2854 2136 2933">
    <p class='ocr_par' dir='ltr' id='par_1_31' title="bbox 479 2854 2136 2933">
     <span class='ocr_line' id='line_1_31' title="bbox 479 2854 2136 2933; baseline -0.007 -11"><span class='ocrx_word' id='word_1_182' title='bbox 479 2862 988 2933; x_wconf 87' lang='lat' dir='ltr'>Quemadmodum</span> <span class='ocrx_word' id='word_1_183' title='bbox 1039 2857 1141 2930; x_wconf 89' lang='lat' dir='ltr'>qui</span> <span class='ocrx_word' id='word_1_184' title='bbox 1191 2856 1469 2913; x_wconf 85' lang='lat' dir='ltr'>litteram.</span> <span class='ocrx_word' id='word_1_185' title='bbox 1500 2858 1544 2911; x_wconf 78' lang='grc' dir='ltr'><strong>Λ</strong></span> <span class='ocrx_word' id='word_1_186' title='bbox 1573 2855 1912 2926; x_wconf 90' lang='lat' dir='ltr'>edocentur,</span> <span class='ocrx_word' id='word_1_187' title='bbox 1945 2854 2136 2927; x_wconf 88' lang='lat' dir='ltr'>primo</span> 
     </span>
    </p>
   </div>
   <div class='ocr_carea' id='block_1_32' title="bbox 480 2943 2133 3027">
    <p class='ocr_par' dir='ltr' id='par_1_32' title="bbox 480 2943 2133 3027">
     <span class='ocr_line' id='line_1_32' title="bbox 480 2943 2133 3027; baseline -0.008 -15"><span class='ocrx_word' id='word_1_188' title='bbox 480 2956 614 3027; x_wconf 88' lang='lat' dir='ltr'>ejus</span> <span class='ocrx_word' id='word_1_189' title='bbox 647 2955 896 3027; x_wconf 83' lang='lat' dir='ltr'>ﬁguram</span> <span class='ocrx_word' id='word_1_190' title='bbox 930 2948 1327 3011; x_wconf 83' lang='lat' dir='ltr'>considerant,</span> <span class='ocrx_word' id='word_1_191' title='bbox 1351 2945 1610 3002; x_wconf 89' lang='lat' dir='ltr'>secundo</span> <span class='ocrx_word' id='word_1_192' title='bbox 1629 2960 1840 3000; x_wconf 89' lang='lat' dir='ltr'>nomen</span> <span class='ocrx_word' id='word_1_193' title='bbox 1875 2943 2133 3015; x_wconf 88' lang='lat' dir='ltr'>discunt,</span> 
     </span>
    </p>
   </div>
   <div class='ocr_carea' id='block_1_33' title="bbox 479 3032 2133 3110">
    <p class='ocr_par' dir='ltr' id='par_1_33' title="bbox 479 3032 2133 3110">
     <span class='ocr_line' id='line_1_33' title="bbox 479 3032 2133 3110; baseline -0.007 -10"><span class='ocrx_word' id='word_1_194' title='bbox 479 3050 538 3100; x_wconf 88' lang='lat' dir='ltr'>et</span> <span class='ocrx_word' id='word_1_195' title='bbox 567 3043 650 3099; x_wconf 88' lang='lat' dir='ltr'>sic</span> <span class='ocrx_word' id='word_1_196' title='bbox 684 3056 1019 3105; x_wconf 89' lang='lat' dir='ltr'>numerum,</span> <span class='ocrx_word' id='word_1_197' title='bbox 1070 3040 1391 3110; x_wconf 87' lang='lat' dir='ltr'>posteaque</span> <span class='ocrx_word' id='word_1_198' title='bbox 1442 3038 1738 3091; x_wconf 88' lang='lat' dir='ltr'>accentus.</span> <span class='ocrx_word' id='word_1_199' title='bbox 1789 3033 1847 3089; x_wconf 89' lang='lat' dir='ltr'>Si</span> <span class='ocrx_word' id='word_1_200' title='bbox 1897 3048 2035 3105; x_wconf 88' lang='lat' dir='ltr'>ergo</span> <span class='ocrx_word' id='word_1_201' title='bbox 2072 3032 2133 3089; x_wconf 91' lang='lat' dir='ltr'>in</span> 
     </span>
    </p>
   </div>
   <div class='ocr_carea' id='block_1_34' title="bbox 484 3121 2136 3206">
    <p class='ocr_par' dir='ltr' id='par_1_34' title="bbox 484 3121 2136 3206">
     <span class='ocr_line' id='line_1_34' title="bbox 484 3121 2136 3206; baseline -0.007 -17"><span class='ocrx_word' id='word_1_202' title='bbox 484 3133 676 3206; x_wconf 87' lang='lat' dir='ltr'>primo</span> <span class='ocrx_word' id='word_1_203' title='bbox 707 3131 996 3187; x_wconf 86' lang='lat' dir='ltr'>elemento</span> <span class='ocrx_word' id='word_1_204' title='bbox 1030 3131 1193 3182; x_wconf 87' lang='lat' dir='ltr'>tanta</span> <span class='ocrx_word' id='word_1_205' title='bbox 1223 3141 1373 3198; x_wconf 91' lang='lat' dir='ltr'>opus</span> <span class='ocrx_word' id='word_1_206' title='bbox 1403 3131 1493 3180; x_wconf 89' lang='lat' dir='ltr'>est</span> <span class='ocrx_word' id='word_1_207' title='bbox 1523 3121 2136 3189; x_wconf 82' lang='lat' dir='ltr'>exercitatione,mora</span> 
     </span>
    </p>
   </div>
   <div class='ocr_carea' id='block_1_35' title="bbox 481 3211 2135 3291">
    <p class='ocr_par' dir='ltr' id='par_1_35' title="bbox 481 3211 2135 3291">
     <span class='ocr_line' id='line_1_35' title="bbox 481 3211 2135 3291; baseline -0.008 -13"><span class='ocrx_word' id='word_1_208' title='bbox 481 3226 539 3278; x_wconf 88' lang='lat' dir='ltr'>et</span> <span class='ocrx_word' id='word_1_209' title='bbox 597 3226 772 3289; x_wconf 89' lang='lat' dir='ltr'>arte;</span> <span class='ocrx_word' id='word_1_210' title='bbox 824 3217 1059 3291; x_wconf 82' lang='lat' dir='ltr'>quando</span> <span class='ocrx_word' id='word_1_211' title='bbox 1118 3215 1308 3288; x_wconf 88' lang='lat' dir='ltr'>magis</span> <span class='ocrx_word' id='word_1_212' title='bbox 1366 3214 1537 3270; x_wconf 90' lang='lat' dir='ltr'>debet</span> <span class='ocrx_word' id='word_1_213' title='bbox 1590 3219 1824 3285; x_wconf 88' lang='lat' dir='ltr'>tempus</span> <span class='ocrx_word' id='word_1_214' title='bbox 1868 3215 1925 3268; x_wconf 89' lang='lat' dir='ltr'>et</span> <span class='ocrx_word' id='word_1_215' title='bbox 1970 3211 2135 3267; x_wconf 89' lang='lat' dir='ltr'>labor</span> 
     </span>
    </p>
   </div>
   <div class='ocr_carea' id='block_1_36' title="bbox 2267 626 3884 704">
    <p class='ocr_par' dir='ltr' id='par_1_36' title="bbox 2267 626 3884 704">
     <span class='ocr_line' id='line_1_36' title="bbox 2267 626 3884 704; baseline 0.009 -25"><span class='ocrx_word' id='word_1_216' title='bbox 2267 626 2356 680; x_wconf 84' lang='grc' dir='ltr'>θὸν</span> <span class='ocrx_word' id='word_1_217' title='bbox 2384 626 2558 682; x_wconf 81' lang='grc' dir='ltr'>αὐτῶν</span> <span class='ocrx_word' id='word_1_218' title='bbox 2592 626 2797 704; x_wconf 83' lang='grc' dir='ltr'>δρόμον</span> <span class='ocrx_word' id='word_1_219' title='bbox 2830 628 3056 702; x_wconf 78' lang='grc' dir='ltr'>ἐκκόψαι</span> <span class='ocrx_word' id='word_1_220' title='bbox 3111 627 3468 704; x_wconf 87' lang='grc' dir='ltr'>βουλόμενος.</span> <span class='ocrx_word' id='word_1_221' title='bbox 3528 636 3646 689; x_wconf 85' lang='grc' dir='ltr'>Κατ’</span> <span class='ocrx_word' id='word_1_222' title='bbox 3701 634 3884 693; x_wconf 80' lang='grc' dir='ltr'>ἔννοιαν</span> 
     </span>
    </p>
   </div>
   <div class='ocr_carea' id='block_1_37' title="bbox 2265 712 3887 797">
    <p class='ocr_par' dir='ltr' id='par_1_37' title="bbox 2265 712 3887 797">
     <span class='ocr_line' id='line_1_37' title="bbox 2265 712 3887 797; baseline 0.007 -27"><span class='ocrx_word' id='word_1_223' title='bbox 2265 715 2369 792; x_wconf 80' lang='grc' dir='ltr'>γὰρ</span> <span class='ocrx_word' id='word_1_224' title='bbox 2401 712 2691 787; x_wconf 78' lang='grc' dir='ltr'>ἐμϐάλλει,</span> <span class='ocrx_word' id='word_1_225' title='bbox 2726 719 2801 780; x_wconf 86' lang='grc' dir='ltr'>ὡς</span> <span class='ocrx_word' id='word_1_226' title='bbox 2826 717 2915 772; x_wconf 75' lang='grc' dir='ltr'>καὶ</span> <span class='ocrx_word' id='word_1_227' title='bbox 2944 718 3007 772; x_wconf 84' lang='grc' dir='ltr'>τὸ</span> <span class='ocrx_word' id='word_1_228' title='bbox 3038 714 3094 772; x_wconf 77' lang='grc' dir='ltr'>εὖ</span> <span class='ocrx_word' id='word_1_229' title='bbox 3124 718 3377 793; x_wconf 86' lang='grc' dir='ltr'>πράττειν</span> <span class='ocrx_word' id='word_1_230' title='bbox 3426 722 3567 796; x_wconf 71' lang='grc' dir='ltr'>παρὰ</span> <span class='ocrx_word' id='word_1_231' title='bbox 3609 729 3703 792; x_wconf 83' lang='grc' dir='ltr'>τῆς</span> <span class='ocrx_word' id='word_1_232' title='bbox 3748 729 3887 797; x_wconf 79' lang='grc' dir='ltr'>κινή-</span> 
     </span>
    </p>
   </div>
   <div class='ocr_carea' id='block_1_38' title="bbox 2266 805 3881 887">
    <p class='ocr_par' dir='ltr' id='par_1_38' title="bbox 2266 805 3881 887">
     <span class='ocr_line' id='line_1_38' title="bbox 2266 805 3881 887; baseline 0.005 -29"><span class='ocrx_word' id='word_1_233' title='bbox 2266 825 2400 868; x_wconf 89' lang='grc' dir='ltr'>σεως</span> <span class='ocrx_word' id='word_1_234' title='bbox 2429 812 2537 862; x_wconf 89' lang='grc' dir='ltr'>τῶν</span> <span class='ocrx_word' id='word_1_235' title='bbox 2570 807 2777 881; x_wconf 79' lang='grc' dir='ltr'>ἄστρων</span> <span class='ocrx_word' id='word_1_236' title='bbox 2811 806 3033 883; x_wconf 83' lang='grc' dir='ltr'>γίνεται.</span> <span class='ocrx_word' id='word_1_237' title='bbox 3082 811 3280 862; x_wconf 82' lang='grc' dir='ltr'>Τοῦτον</span> <span class='ocrx_word' id='word_1_238' title='bbox 3332 805 3389 863; x_wconf 76' lang='grc' dir='ltr'>δὲ</span> <span class='ocrx_word' id='word_1_239' title='bbox 3428 809 3518 864; x_wconf 87' lang='grc' dir='ltr'>τὸν</span> <span class='ocrx_word' id='word_1_240' title='bbox 3573 809 3818 887; x_wconf 83' lang='grc' dir='ltr'>λογισμὸν</span> <span class='ocrx_word' id='word_1_241' title='bbox 3856 815 3881 871; x_wconf 82' lang='grc' dir='ltr'>ὁ</span> 
     </span>
    </p>
   </div>
   <div class='ocr_carea' id='block_1_39' title="bbox 2264 889 3878 971">
    <p class='ocr_par' dir='ltr' id='par_1_39' title="bbox 2264 889 3878 971">
     <span class='ocr_line' id='line_1_39' title="bbox 2264 889 3878 971; baseline 0.008 -27"><span class='ocrx_word' id='word_1_242' title='bbox 2264 889 2501 956; x_wconf 75' lang='grc' dir='ltr'>ἐναντίος</span> <span class='ocrx_word' id='word_1_243' title='bbox 2558 893 2820 971; x_wconf 81' lang='grc' dir='ltr'>προσάγει</span> <span class='ocrx_word' id='word_1_244' title='bbox 2876 899 2991 955; x_wconf 82' lang='grc' dir='ltr'>τοῖς</span> <span class='ocrx_word' id='word_1_245' title='bbox 3049 892 3108 949; x_wconf 82' lang='grc' dir='ltr'>ἐκ</span> <span class='ocrx_word' id='word_1_246' title='bbox 3157 895 3347 971; x_wconf 66' lang='grc' dir='ltr'>σοφίας</span> <span class='ocrx_word' id='word_1_247' title='bbox 3394 904 3658 969; x_wconf 77' lang='grc' dir='ltr'>κοσμικῆς</span> <span class='ocrx_word' id='word_1_248' title='bbox 3688 897 3771 954; x_wconf 81' lang='grc' dir='ltr'>ἐπὶ</span> <span class='ocrx_word' id='word_1_249' title='bbox 3796 903 3878 957; x_wconf 88' lang='grc' dir='ltr'>τὸν</span> 
     </span>
    </p>
   </div>
   <div class='ocr_carea' id='block_1_40' title="bbox 2268 983 3881 1061">
    <p class='ocr_par' dir='ltr' id='par_1_40' title="bbox 2268 983 3881 1061">
     <span class='ocr_line' id='line_1_40' title="bbox 2268 983 3881 1061; baseline 0.006 -26"><span class='ocrx_word' id='word_1_250' title='bbox 2268 983 2483 1057; x_wconf 72' lang='grc' dir='ltr'>μονήρη</span> <span class='ocrx_word' id='word_1_251' title='bbox 2539 983 2653 1058; x_wconf 86' lang='grc' dir='ltr'>βίον</span> <span class='ocrx_word' id='word_1_252' title='bbox 2703 989 2979 1060; x_wconf 84' lang='grc' dir='ltr'>τραπεῖσι·</span> <span class='ocrx_word' id='word_1_253' title='bbox 3026 983 3295 1059; x_wconf 76' lang='grc' dir='ltr'>φρόνιμος</span> <span class='ocrx_word' id='word_1_254' title='bbox 3343 984 3444 1061; x_wconf 76' lang='grc' dir='ltr'>γὰρ</span> <span class='ocrx_word' id='word_1_255' title='bbox 3475 984 3525 1039; x_wconf 78' lang='grc' dir='ltr'>ἐν</span> <span class='ocrx_word' id='word_1_256' title='bbox 3571 993 3682 1050; x_wconf 84' lang='grc' dir='ltr'>τοῖς</span> <span class='ocrx_word' id='word_1_257' title='bbox 3709 996 3881 1053; x_wconf 83' lang='grc' dir='ltr'>κακοῖς</span> 
     </span>
    </p>
   </div>
   <div class='ocr_carea' id='block_1_41' title="bbox 2260 1068 3878 1152">
    <p class='ocr_par' dir='ltr' id='par_1_41' title="bbox 2260 1068 3878 1152">
     <span class='ocr_line' id='line_1_41' title="bbox 2260 1068 3878 1152; baseline 0.006 -28"><span class='ocrx_word' id='word_1_258' title='bbox 2260 1070 2550 1146; x_wconf 82' lang='grc' dir='ltr'>τυγχάνων</span> <span class='ocrx_word' id='word_1_259' title='bbox 2584 1073 2612 1127; x_wconf 93' lang='lat'>6</span> <span class='ocrx_word' id='word_1_260' title='bbox 2644 1068 2928 1141; x_wconf 80' lang='grc' dir='ltr'>διάϐολος,</span> <span class='ocrx_word' id='word_1_261' title='bbox 2961 1073 3095 1146; x_wconf 82' lang='grc' dir='ltr'>πρὸς</span> <span class='ocrx_word' id='word_1_262' title='bbox 3128 1073 3224 1135; x_wconf 76' lang='grc' dir='ltr'>τὰς</span> <span class='ocrx_word' id='word_1_263' title='bbox 3255 1071 3437 1150; x_wconf 76' lang='grc' dir='ltr'>φύσεις</span> <span class='ocrx_word' id='word_1_264' title='bbox 3468 1079 3571 1129; x_wconf 91' lang='grc' dir='ltr'>τῶν</span> <span class='ocrx_word' id='word_1_265' title='bbox 3603 1076 3878 1152; x_wconf 83' lang='grc' dir='ltr'>ἀνθρώπων</span> 
     </span>
    </p>
   </div>
   <div class='ocr_carea' id='block_1_42' title="bbox 2259 1159 3882 1243">
    <p class='ocr_par' dir='ltr' id='par_1_42' title="bbox 2259 1159 3882 1243">
     <span class='ocr_line' id='line_1_42' title="bbox 2259 1159 3882 1243; baseline 0.005 -29"><span class='ocrx_word' id='word_1_266' title='bbox 2259 1160 2359 1223; x_wconf 83' lang='grc' dir='ltr'>τὰς</span> <span class='ocrx_word' id='word_1_267' title='bbox 2387 1159 2621 1236; x_wconf 83' lang='grc' dir='ltr'>παγίδας</span> <span class='ocrx_word' id='word_1_268' title='bbox 2653 1162 2957 1234; x_wconf 81' lang='grc' dir='ltr'>ὑποτίθησι.</span> <span class='ocrx_word' id='word_1_269' title='bbox 2991 1167 3117 1224; x_wconf 86' lang='grc' dir='ltr'>Τοῖς</span> <span class='ocrx_word' id='word_1_270' title='bbox 3151 1161 3245 1236; x_wconf 78' lang='grc' dir='ltr'>μὶν</span> <span class='ocrx_word' id='word_1_271' title='bbox 3276 1163 3378 1238; x_wconf 75' lang='grc' dir='ltr'>γὰρ</span> <span class='ocrx_word' id='word_1_272' title='bbox 3421 1159 3511 1218; x_wconf 73' lang='grc' dir='ltr'>διὰ</span> <span class='ocrx_word' id='word_1_273' title='bbox 3537 1171 3633 1234; x_wconf 83' lang='grc' dir='ltr'>τῆς</span> <span class='ocrx_word' id='word_1_274' title='bbox 3660 1165 3882 1243; x_wconf 83' lang='grc' dir='ltr'>ἀπογνώ-</span> 
     </span>
    </p>
   </div>
   <div class='ocr_carea' id='block_1_43' title="bbox 2263 1246 3874 1328">
    <p class='ocr_par' dir='ltr' id='par_1_43' title="bbox 2263 1246 3874 1328">
     <span class='ocr_line' id='line_1_43' title="bbox 2263 1246 3874 1328; baseline 0.004 -25"><span class='ocrx_word' id='word_1_275' title='bbox 2263 1270 2396 1312; x_wconf 84' lang='grc' dir='ltr'>σεως</span> <span class='ocrx_word' id='word_1_276' title='bbox 2426 1246 2722 1328; x_wconf 86' lang='grc' dir='ltr'>ἐνδελεχεῖ·</span> <span class='ocrx_word' id='word_1_277' title='bbox 2753 1252 2903 1314; x_wconf 77' lang='grc' dir='ltr'>τινάς</span> <span class='ocrx_word' id='word_1_278' title='bbox 2935 1247 2994 1306; x_wconf 76' lang='grc' dir='ltr'>δὲ</span> <span class='ocrx_word' id='word_1_279' title='bbox 3023 1247 3112 1305; x_wconf 76' lang='grc' dir='ltr'>διὰ</span> <span class='ocrx_word' id='word_1_280' title='bbox 3139 1257 3239 1321; x_wconf 84' lang='grc' dir='ltr'>τῆς</span> <span class='ocrx_word' id='word_1_281' title='bbox 3284 1249 3587 1323; x_wconf 78' lang='grc' dir='ltr'>κενοδοξίας</span> <span class='ocrx_word' id='word_1_282' title='bbox 3630 1252 3874 1326; x_wconf 71' lang='grc' dir='ltr'>καθέλκει,</span> 
     </span>
    </p>
   </div>
   <div class='ocr_carea' id='block_1_44' title="bbox 2260 1336 3876 1417">
    <p class='ocr_par' dir='ltr' id='par_1_44' title="bbox 2260 1336 3876 1417">
     <span class='ocr_line' id='line_1_44' title="bbox 2260 1336 3876 1417; baseline 0.005 -24"><span class='ocrx_word' id='word_1_283' title='bbox 2260 1336 2349 1393; x_wconf 67' lang='grc' dir='ltr'>καὶ</span> <span class='ocrx_word' id='word_1_284' title='bbox 2416 1339 2629 1414; x_wconf 72' lang='grc' dir='ltr'>ἑτέρους</span> <span class='ocrx_word' id='word_1_285' title='bbox 2701 1338 2791 1395; x_wconf 71' lang='grc' dir='ltr'>διὰ</span> <span class='ocrx_word' id='word_1_286' title='bbox 2868 1347 2968 1410; x_wconf 84' lang='grc' dir='ltr'>τῆς</span> <span class='ocrx_word' id='word_1_287' title='bbox 3045 1338 3497 1417; x_wconf 78' lang='grc' dir='ltr'>φιλοχρηματίας</span> <span class='ocrx_word' id='word_1_288' title='bbox 3569 1342 3876 1417; x_wconf 80' lang='grc' dir='ltr'>κατορύττει.</span> 
     </span>
    </p>
   </div>
   <div class='ocr_carea' id='block_1_45' title="bbox 2260 1430 3885 1509">
    <p class='ocr_par' dir='ltr' id='par_1_45' title="bbox 2260 1430 3885 1509">
     <span class='ocr_line' id='line_1_45' title="bbox 2260 1430 3885 1509; baseline 0.002 -24"><span class='ocrx_word' id='word_1_289' title='bbox 2260 1432 2463 1506; x_wconf 83' lang='grc' dir='ltr'>Ὥσπερ</span> <span class='ocrx_word' id='word_1_290' title='bbox 2491 1430 2592 1507; x_wconf 75' lang='grc' dir='ltr'>γάρ</span> <span class='ocrx_word' id='word_1_291' title='bbox 2623 1430 2992 1509; x_wconf 69' lang='grc' dir='ltr'>θανατηφόροις</span> <span class='ocrx_word' id='word_1_292' title='bbox 3023 1430 3206 1507; x_wconf 73' lang='grc' dir='ltr'>ἰατρὸς</span> <span class='ocrx_word' id='word_1_293' title='bbox 3243 1433 3505 1508; x_wconf 83' lang='grc' dir='ltr'>προσάγει</span> <span class='ocrx_word' id='word_1_294' title='bbox 3557 1436 3668 1495; x_wconf 79' lang='grc' dir='ltr'>τοῖς</span> <span class='ocrx_word' id='word_1_295' title='bbox 3698 1432 3885 1505; x_wconf 82' lang='grc' dir='ltr'>ἀνθρώ-</span> 
     </span>
    </p>
   </div>
   <div class='ocr_carea' id='block_1_46' title="bbox 2259 1516 3883 1597">
    <p class='ocr_par' dir='ltr' id='par_1_46' title="bbox 2259 1516 3883 1597">
     <span class='ocr_line' id='line_1_46' title="bbox 2259 1516 3883 1597; baseline 0.002 -24"><span class='ocrx_word' id='word_1_296' title='bbox 2259 1539 2386 1582; x_wconf 89' lang='grc' dir='ltr'>ποις</span> <span class='ocrx_word' id='word_1_297' title='bbox 2415 1521 2481 1574; x_wconf 74' lang='grc' dir='ltr'>τᾶι</span> <span class='ocrx_word' id='word_1_298' title='bbox 2509 1516 2844 1597; x_wconf 78' lang='grc' dir='ltr'>δηλητήρια·</span> <span class='ocrx_word' id='word_1_299' title='bbox 2876 1519 2965 1576; x_wconf 88' lang='grc' dir='ltr'>καὶ</span> <span class='ocrx_word' id='word_1_300' title='bbox 2997 1521 3085 1575; x_wconf 87' lang='grc' dir='ltr'>τὸν</span> <span class='ocrx_word' id='word_1_301' title='bbox 3121 1520 3215 1593; x_wconf 75' lang='grc' dir='ltr'>μὲν</span> <span class='ocrx_word' id='word_1_302' title='bbox 3249 1518 3310 1575; x_wconf 84' lang='grc' dir='ltr'>ἐκ</span> <span class='ocrx_word' id='word_1_303' title='bbox 3334 1524 3435 1575; x_wconf 78' lang='grc' dir='ltr'>τοῦ</span> <span class='ocrx_word' id='word_1_304' title='bbox 3464 1526 3668 1590; x_wconf 83' lang='grc' dir='ltr'>ἥπατος</span> <span class='ocrx_word' id='word_1_305' title='bbox 3698 1521 3883 1596; x_wconf 69' lang='grc' dir='ltr'>ἀναιρεῖ</span> 
     </span>
    </p>
   </div>
   <div class='ocr_carea' id='block_1_47' title="bbox 2257 1605 3888 1684">
    <p class='ocr_par' dir='ltr' id='par_1_47' title="bbox 2257 1605 3888 1684">
     <span class='ocr_line' id='line_1_47' title="bbox 2257 1605 3888 1684; baseline 0.003 -22"><span class='ocrx_word' id='word_1_306' title='bbox 2257 1605 2547 1684; x_wconf 85' lang='grc' dir='ltr'>προσάγων</span> <span class='ocrx_word' id='word_1_307' title='bbox 2581 1608 2728 1682; x_wconf 85' lang='grc' dir='ltr'>αὐτῷ</span> <span class='ocrx_word' id='word_1_308' title='bbox 2754 1609 2818 1665; x_wconf 86' lang='grc' dir='ltr'>τὸ</span> <span class='ocrx_word' id='word_1_309' title='bbox 2846 1615 2947 1680; x_wconf 78' lang='grc' dir='ltr'>τῆς</span> <span class='ocrx_word' id='word_1_310' title='bbox 2994 1607 3287 1682; x_wconf 72' lang='grc' dir='ltr'>ἐπιθυμίας</span> <span class='ocrx_word' id='word_1_311' title='bbox 3332 1608 3568 1681; x_wconf 80' lang='grc' dir='ltr'>τοξικόν·</span> <span class='ocrx_word' id='word_1_312' title='bbox 3619 1608 3778 1666; x_wconf 77' lang='grc' dir='ltr'>ἄλλον</span> <span class='ocrx_word' id='word_1_313' title='bbox 3833 1607 3888 1667; x_wconf 70' lang='grc' dir='ltr'>δὲ</span> 
     </span>
    </p>
   </div>
   <div class='ocr_carea' id='block_1_48' title="bbox 2257 1695 3886 1774">
    <p class='ocr_par' dir='ltr' id='par_1_48' title="bbox 2257 1695 3886 1774">
     <span class='ocr_line' id='line_1_48' title="bbox 2257 1695 3886 1774; baseline 0.002 -24"><span class='ocrx_word' id='word_1_314' title='bbox 2257 1695 2657 1772; x_wconf 83' lang='grc' dir='ltr'>καρδιότρωτον</span> <span class='ocrx_word' id='word_1_315' title='bbox 2679 1703 2848 1766; x_wconf 86' lang='grc' dir='ltr'>ποιεῖ,</span> <span class='ocrx_word' id='word_1_316' title='bbox 2878 1700 2969 1754; x_wconf 88' lang='grc' dir='ltr'>τὸν</span> <span class='ocrx_word' id='word_1_317' title='bbox 3003 1698 3176 1772; x_wconf 87' lang='grc' dir='ltr'>θυμὸν</span> <span class='ocrx_word' id='word_1_318' title='bbox 3200 1697 3366 1752; x_wconf 77' lang='grc' dir='ltr'>αὐτοῦ</span> <span class='ocrx_word' id='word_1_319' title='bbox 3387 1698 3524 1773; x_wconf 87' lang='grc' dir='ltr'>πρὸς</span> <span class='ocrx_word' id='word_1_320' title='bbox 3557 1697 3722 1774; x_wconf 71' lang='grc' dir='ltr'>ὀργὴν</span> <span class='ocrx_word' id='word_1_321' title='bbox 3746 1696 3886 1772; x_wconf 77' lang='grc' dir='ltr'>ἐξάπ-</span> 
     </span>
    </p>
   </div>
   <div class='ocr_carea' id='block_1_49' title="bbox 2254 1781 3883 1863">
    <p class='ocr_par' dir='ltr' id='par_1_49' title="bbox 2254 1781 3883 1863">
     <span class='ocr_line' id='line_1_49' title="bbox 2254 1781 3883 1863; baseline 0 -22"><span class='ocrx_word' id='word_1_322' title='bbox 2254 1806 2386 1841; x_wconf 86' lang='grc' dir='ltr'>των·</span> <span class='ocrx_word' id='word_1_323' title='bbox 2436 1791 2597 1841; x_wconf 86' lang='grc' dir='ltr'>τινῶν</span> <span class='ocrx_word' id='word_1_324' title='bbox 2645 1783 2703 1842; x_wconf 75' lang='grc' dir='ltr'>δὲ</span> <span class='ocrx_word' id='word_1_325' title='bbox 2731 1787 2821 1842; x_wconf 86' lang='grc' dir='ltr'>καὶ</span> <span class='ocrx_word' id='word_1_326' title='bbox 2850 1788 2949 1857; x_wconf 83' lang='grc' dir='ltr'>τήν</span> <span class='ocrx_word' id='word_1_327' title='bbox 2985 1787 3325 1863; x_wconf 74' lang='grc' dir='ltr'>ἡγεμονικὴν</span> <span class='ocrx_word' id='word_1_328' title='bbox 3353 1781 3624 1861; x_wconf 75' lang='grc' dir='ltr'>ἀμϐλύνει</span> <span class='ocrx_word' id='word_1_329' title='bbox 3651 1784 3883 1860; x_wconf 85' lang='grc' dir='ltr'>δύναμιν,</span> 
     </span>
    </p>
   </div>
   <div class='ocr_carea' id='block_1_50' title="bbox 2256 1871 3885 1953">
    <p class='ocr_par' dir='ltr' id='par_1_50' title="bbox 2256 1871 3885 1953">
     <span class='ocr_line' id='line_1_50' title="bbox 2256 1871 3885 1953; baseline 0 -23"><span class='ocrx_word' id='word_1_330' title='bbox 2256 1876 2290 1944; x_wconf 78' lang='grc' dir='ltr'><strong>ἢ</strong></span> <span class='ocrx_word' id='word_1_331' title='bbox 2324 1875 2512 1951; x_wconf 83' lang='grc' dir='ltr'>ἀγνοίᾳ</span> <span class='ocrx_word' id='word_1_332' title='bbox 2544 1875 2738 1940; x_wconf 81' lang='grc' dir='ltr'>αὐτοὺς</span> <span class='ocrx_word' id='word_1_333' title='bbox 2768 1871 3144 1953; x_wconf 73' lang='grc' dir='ltr'>περιϐάλλων,</span> <span class='ocrx_word' id='word_1_334' title='bbox 3176 1876 3213 1946; x_wconf 70' lang='grc' dir='ltr'><strong>ἢ</strong></span> <span class='ocrx_word' id='word_1_335' title='bbox 3245 1872 3334 1930; x_wconf 79' lang='grc' dir='ltr'>διὰ</span> <span class='ocrx_word' id='word_1_336' title='bbox 3363 1875 3674 1952; x_wconf 84' lang='grc' dir='ltr'>περιεργίας</span> <span class='ocrx_word' id='word_1_337' title='bbox 3704 1874 3885 1939; x_wconf 78' lang='grc' dir='ltr'>αὐτοὺς</span> 
     </span>
    </p>
   </div>
   <div class='ocr_carea' id='block_1_51' title="bbox 2257 1960 2555 2041">
    <p class='ocr_par' dir='ltr' id='par_1_51' title="bbox 2257 1960 2555 2041">
     <span class='ocr_line' id='line_1_51' title="bbox 2257 1960 2555 2041; baseline 0.01 -22"><span class='ocrx_word' id='word_1_338' title='bbox 2257 1960 2555 2041; x_wconf 80' lang='grc' dir='ltr'>στρεϐλῶν.</span> 
     </span>
    </p>
   </div>
   <div class='ocr_carea' id='block_1_52' title="bbox 2323 2232 3888 2310">
    <p class='ocr_par' dir='ltr' id='par_1_52' title="bbox 2323 2232 3888 2310">
     <span class='ocr_line' id='line_1_52' title="bbox 2323 2232 3888 2310; baseline 0 -21"><span class='ocrx_word' id='word_1_339' title='bbox 2323 2236 2412 2291; x_wconf 83' lang='grc'>86.</span> <span class='ocrx_word' id='word_1_340' title='bbox 2444 2234 2601 2296; x_wconf 81' lang='grc' dir='ltr'>Τινὰς</span> <span class='ocrx_word' id='word_1_341' title='bbox 2658 2232 2749 2288; x_wconf 72' lang='grc' dir='ltr'>οὖν</span> <span class='ocrx_word' id='word_1_342' title='bbox 2802 2233 2862 2290; x_wconf 84' lang='grc' dir='ltr'>ἐκ</span> <span class='ocrx_word' id='word_1_343' title='bbox 2907 2235 3184 2305; x_wconf 77' lang='grc' dir='ltr'>ζητήσεων</span> <span class='ocrx_word' id='word_1_344' title='bbox 3244 2233 3345 2289; x_wconf 91' lang='grc' dir='ltr'>οὐκ</span> <span class='ocrx_word' id='word_1_345' title='bbox 3376 2232 3552 2310; x_wconf 83' lang='grc' dir='ltr'>ὀρθῶν</span> <span class='ocrx_word' id='word_1_346' title='bbox 3584 2234 3888 2309; x_wconf 74' lang='grc' dir='ltr'>παρέτρεψε.</span> 
     </span>
    </p>
   </div>
   <div class='ocr_carea' id='block_1_53' title="bbox 2252 2316 3889 2399">
    <p class='ocr_par' dir='ltr' id='par_1_53' title="bbox 2252 2316 3889 2399">
     <span class='ocr_line' id='line_1_53' title="bbox 2252 2316 3889 2399; baseline -0.001 -22"><span class='ocrx_word' id='word_1_347' title='bbox 2252 2322 2383 2397; x_wconf 81' lang='grc' dir='ltr'>Περὶ</span> <span class='ocrx_word' id='word_1_348' title='bbox 2442 2324 2543 2399; x_wconf 80' lang='grc' dir='ltr'>γάρ</span> <span class='ocrx_word' id='word_1_349' title='bbox 2593 2328 2727 2379; x_wconf 71' lang='grc' dir='ltr'>Θεοῦ</span> <span class='ocrx_word' id='word_1_350' title='bbox 2770 2324 2861 2379; x_wconf 85' lang='grc' dir='ltr'>καὶ</span> <span class='ocrx_word' id='word_1_351' title='bbox 2890 2330 2991 2393; x_wconf 77' lang='grc' dir='ltr'>τῆς</span> <span class='ocrx_word' id='word_1_352' title='bbox 3020 2322 3184 2379; x_wconf 78' lang='grc' dir='ltr'>αὐτοῦ</span> <span class='ocrx_word' id='word_1_353' title='bbox 3214 2321 3401 2385; x_wconf 86' lang='grc' dir='ltr'>οὐσίας</span> <span class='ocrx_word' id='word_1_354' title='bbox 3434 2316 3708 2379; x_wconf 76' lang='grc' dir='ltr'>διαλαϐεῖν</span> <span class='ocrx_word' id='word_1_355' title='bbox 3737 2323 3889 2391; x_wconf 75' lang='grc' dir='ltr'>θελή-</span> 
     </span>
    </p>
   </div>
   <div class='ocr_carea' id='block_1_54' title="bbox 2249 2409 3888 2489">
    <p class='ocr_par' dir='ltr' id='par_1_54' title="bbox 2249 2409 3888 2489">
     <span class='ocr_line' id='line_1_54' title="bbox 2249 2409 3888 2489; baseline -0.001 -23"><span class='ocrx_word' id='word_1_356' title='bbox 2249 2432 2454 2485; x_wconf 78' lang='grc' dir='ltr'>σαντες,</span> <span class='ocrx_word' id='word_1_357' title='bbox 2512 2412 2867 2489; x_wconf 86' lang='grc' dir='ltr'>ἐναυάγησαν.</span> <span class='ocrx_word' id='word_1_358' title='bbox 2925 2413 3023 2468; x_wconf 85' lang='grc' dir='ltr'>Τὸν</span> <span class='ocrx_word' id='word_1_359' title='bbox 3082 2412 3187 2488; x_wconf 79' lang='grc' dir='ltr'>γὰρ</span> <span class='ocrx_word' id='word_1_360' title='bbox 3239 2412 3538 2489; x_wconf 82' lang='grc' dir='ltr'>πρακτικὸν</span> <span class='ocrx_word' id='word_1_361' title='bbox 3603 2410 3720 2488; x_wconf 87' lang='grc' dir='ltr'>βίον</span> <span class='ocrx_word' id='word_1_362' title='bbox 3771 2409 3888 2466; x_wconf 82' lang='grc' dir='ltr'>ἀκο-</span> 
     </span>
    </p>
   </div>
   <div class='ocr_carea' id='block_1_55' title="bbox 2249 2497 3883 2579">
    <p class='ocr_par' dir='ltr' id='par_1_55' title="bbox 2249 2497 3883 2579">
     <span class='ocr_line' id='line_1_55' title="bbox 2249 2497 3883 2579; baseline -0.002 -23"><span class='ocrx_word' id='word_1_363' title='bbox 2249 2500 2466 2565; x_wconf 86' lang='grc' dir='ltr'>λούθως</span> <span class='ocrx_word' id='word_1_364' title='bbox 2527 2503 2602 2576; x_wconf 77' lang='grc' dir='ltr'>μὴ</span> <span class='ocrx_word' id='word_1_365' title='bbox 2664 2504 3081 2578; x_wconf 81' lang='grc' dir='ltr'>ἠνιοχήσαντες,</span> <span class='ocrx_word' id='word_1_366' title='bbox 3139 2501 3274 2579; x_wconf 92' lang='grc' dir='ltr'>πρὸς</span> <span class='ocrx_word' id='word_1_367' title='bbox 3323 2501 3555 2578; x_wconf 84' lang='grc' dir='ltr'>θεωρίαν</span> <span class='ocrx_word' id='word_1_368' title='bbox 3612 2497 3883 2576; x_wconf 75' lang='grc' dir='ltr'>ὥρμησαν,</span> 
     </span>
    </p>
   </div>
   <div class='ocr_carea' id='block_1_56' title="bbox 2244 2588 3887 2668">
    <p class='ocr_par' dir='ltr' id='par_1_56' title="bbox 2244 2588 3887 2668">
     <span class='ocr_line' id='line_1_56' title="bbox 2244 2588 3887 2668; baseline -0.002 -21"><span class='ocrx_word' id='word_1_369' title='bbox 2244 2591 2336 2647; x_wconf 85' lang='grc' dir='ltr'>καὶ</span> <span class='ocrx_word' id='word_1_370' title='bbox 2382 2589 2787 2667; x_wconf 80' lang='grc' dir='ltr'>ΐλιγγιάσαντες</span> <span class='ocrx_word' id='word_1_371' title='bbox 2842 2590 3180 2649; x_wconf 85' lang='grc' dir='ltr'>πεπτώκασι.</span> <span class='ocrx_word' id='word_1_372' title='bbox 3236 2595 3342 2647; x_wconf 76' lang='grc' dir='ltr'>Τοῦ</span> <span class='ocrx_word' id='word_1_373' title='bbox 3400 2593 3509 2667; x_wconf 77' lang='grc' dir='ltr'>γὰρ</span> <span class='ocrx_word' id='word_1_374' title='bbox 3566 2590 3782 2668; x_wconf 84' lang='grc' dir='ltr'>πρώτου</span> <span class='ocrx_word' id='word_1_375' title='bbox 3819 2588 3887 2650; x_wconf 84' lang='grc' dir='ltr'>ὡς</span> 
     </span>
    </p>
   </div>
   <div class='ocr_carea' id='block_1_57' title="bbox 2246 2673 3892 2757">
    <p class='ocr_par' dir='ltr' id='par_1_57' title="bbox 2246 2673 3892 2757">
     <span class='ocr_line' id='line_1_57' title="bbox 2246 2673 3892 2757; baseline -0.002 -23"><span class='ocrx_word' id='word_1_376' title='bbox 2246 2678 2383 2757; x_wconf 83' lang='grc' dir='ltr'>πρὸς</span> <span class='ocrx_word' id='word_1_377' title='bbox 2414 2680 2513 2749; x_wconf 76' lang='grc' dir='ltr'>τὴν</span> <span class='ocrx_word' id='word_1_378' title='bbox 2544 2679 2691 2753; x_wconf 82' lang='grc' dir='ltr'>τάξιν</span> <span class='ocrx_word' id='word_1_379' title='bbox 2727 2681 2803 2753; x_wconf 78' lang='grc' dir='ltr'>μὴ</span> <span class='ocrx_word' id='word_1_380' title='bbox 2837 2673 3251 2753; x_wconf 76' lang='grc' dir='ltr'>ἐπιλαϐόμενοι,</span> <span class='ocrx_word' id='word_1_381' title='bbox 3291 2683 3391 2734; x_wconf 75' lang='grc' dir='ltr'>τοῦ</span> <span class='ocrx_word' id='word_1_382' title='bbox 3443 2677 3696 2756; x_wconf 84' lang='grc' dir='ltr'>δεύτερου</span> <span class='ocrx_word' id='word_1_383' title='bbox 3743 2675 3892 2747; x_wconf 77' lang='grc' dir='ltr'>ἠστό-</span> 
     </span>
    </p>
   </div>
   <div class='ocr_carea' id='block_1_58' title="bbox 2246 2764 3886 2846">
    <p class='ocr_par' dir='ltr' id='par_1_58' title="bbox 2246 2764 3886 2846">
     <span class='ocr_line' id='line_1_58' title="bbox 2246 2764 3886 2846; baseline -0.013 -5"><span class='ocrx_word' id='word_1_384' title='bbox 2246 2789 2446 2845; x_wconf 78' lang='grc' dir='ltr'>χησαν.</span> <span class='ocrx_word' id='word_1_385' title='bbox 2490 2771 2695 2842; x_wconf 78' lang='grc' dir='ltr'>Ὥσπερ</span> <span class='ocrx_word' id='word_1_386' title='bbox 2754 2769 2859 2845; x_wconf 75' lang='grc' dir='ltr'>γάρ</span> <span class='ocrx_word' id='word_1_387' title='bbox 2911 2769 2964 2824; x_wconf 86' lang='lat' dir='ltr'>ol.</span> <span class='ocrx_word' id='word_1_388' title='bbox 3009 2772 3088 2841; x_wconf 80' lang='grc' dir='ltr'>τῷ</span> <span class='ocrx_word' id='word_1_389' title='bbox 3136 2767 3283 2846; x_wconf 73' lang='grc' dir='ltr'>ἄλφα</span> <span class='ocrx_word' id='word_1_390' title='bbox 3333 2768 3602 2845; x_wconf 77' lang='grc' dir='ltr'>στοιχείῳ</span> <span class='ocrx_word' id='word_1_391' title='bbox 3639 2764 3886 2843; x_wconf 83' lang='grc' dir='ltr'>ἐντυγχά-</span> 
     </span>
    </p>
   </div>
   <div class='ocr_carea' id='block_1_59' title="bbox 2244 2853 3889 2934">
    <p class='ocr_par' dir='ltr' id='par_1_59' title="bbox 2244 2853 3889 2934">
     <span class='ocr_line' id='line_1_59' title="bbox 2244 2853 3889 2934; baseline -0.004 -20"><span class='ocrx_word' id='word_1_392' title='bbox 2244 2879 2447 2929; x_wconf 91' lang='grc' dir='ltr'>νοντες,</span> <span class='ocrx_word' id='word_1_393' title='bbox 2478 2879 2518 2913; x_wconf 91' lang='grc' dir='ltr'>π</span> <span class='ocrx_word' id='word_1_394' title='bbox 2543 2863 2717 2933; x_wconf 84' lang='grc' dir='ltr'>ρῶτον</span> <span class='ocrx_word' id='word_1_395' title='bbox 2765 2857 2930 2913; x_wconf 81' lang='grc' dir='ltr'>αὐτοῦ</span> <span class='ocrx_word' id='word_1_396' title='bbox 2969 2857 3034 2912; x_wconf 86' lang='grc' dir='ltr'>τὸ</span> <span class='ocrx_word' id='word_1_397' title='bbox 3083 2864 3278 2933; x_wconf 84' lang='grc' dir='ltr'>σχῆμα</span> <span class='ocrx_word' id='word_1_398' title='bbox 3307 2858 3503 2934; x_wconf 81' lang='grc' dir='ltr'>ὁρῶσι,</span> <span class='ocrx_word' id='word_1_399' title='bbox 3533 2856 3626 2913; x_wconf 78' lang='grc' dir='ltr'>καὶ</span> <span class='ocrx_word' id='word_1_400' title='bbox 3655 2853 3889 2931; x_wconf 86' lang='grc' dir='ltr'>δεύτερον</span> 
     </span>
    </p>
   </div>
   <div class='ocr_carea' id='block_1_60' title="bbox 2242 2942 3890 3022">
    <p class='ocr_par' dir='ltr' id='par_1_60' title="bbox 2242 2942 3890 3022">
     <span class='ocr_line' id='line_1_60' title="bbox 2242 2942 3890 3022; baseline -0.001 -20"><span class='ocrx_word' id='word_1_401' title='bbox 2242 2948 2306 3004; x_wconf 89' lang='grc' dir='ltr'>τὸ</span> <span class='ocrx_word' id='word_1_402' title='bbox 2336 2942 2509 3022; x_wconf 73' lang='grc' dir='ltr'>ὄνομα</span> <span class='ocrx_word' id='word_1_403' title='bbox 2557 2944 2924 3016; x_wconf 84' lang='grc' dir='ltr'>διδάσκονται,</span> <span class='ocrx_word' id='word_1_404' title='bbox 2982 2945 3076 3002; x_wconf 86' lang='grc' dir='ltr'>καὶ</span> <span class='ocrx_word' id='word_1_405' title='bbox 3104 2946 3277 3009; x_wconf 79' lang='grc' dir='ltr'>οὕτως</span> <span class='ocrx_word' id='word_1_406' title='bbox 3307 2948 3397 3003; x_wconf 85' lang='grc' dir='ltr'>τὸν</span> <span class='ocrx_word' id='word_1_407' title='bbox 3434 2946 3666 3021; x_wconf 85' lang='grc' dir='ltr'>ἀριθμὸν</span> <span class='ocrx_word' id='word_1_408' title='bbox 3704 2945 3890 3019; x_wconf 82' lang='grc' dir='ltr'>μανθά·</span> 
     </span>
    </p>
   </div>
   <div class='ocr_carea' id='block_1_61' title="bbox 2242 3029 3889 3111">
    <p class='ocr_par' dir='ltr' id='par_1_61' title="bbox 2242 3029 3889 3111">
     <span class='ocr_line' id='line_1_61' title="bbox 2242 3029 3889 3111; baseline -0.002 -19"><span class='ocrx_word' id='word_1_409' title='bbox 2242 3058 2414 3107; x_wconf 89' lang='grc' dir='ltr'>νουσι,</span> <span class='ocrx_word' id='word_1_410' title='bbox 2446 3036 2538 3093; x_wconf 83' lang='grc' dir='ltr'>καὶ</span> <span class='ocrx_word' id='word_1_411' title='bbox 2567 3038 2631 3093; x_wconf 84' lang='grc' dir='ltr'>τὸ</span> <span class='ocrx_word' id='word_1_412' title='bbox 2658 3041 2972 3092; x_wconf 82' lang='grc' dir='ltr'>τελευταῖον</span> <span class='ocrx_word' id='word_1_413' title='bbox 3017 3035 3145 3099; x_wconf 76' lang='grc' dir='ltr'>τοὺς</span> <span class='ocrx_word' id='word_1_414' title='bbox 3185 3035 3376 3099; x_wconf 82' lang='grc' dir='ltr'>τόνους</span> <span class='ocrx_word' id='word_1_415' title='bbox 3427 3029 3889 3111; x_wconf 78' lang='grc' dir='ltr'>παραλαμϐάνου-</span> 
     </span>
    </p>
   </div>
   <div class='ocr_carea' id='block_1_62' title="bbox 2242 3122 3886 3202">
    <p class='ocr_par' dir='ltr' id='par_1_62' title="bbox 2242 3122 3886 3202">
     <span class='ocr_line' id='line_1_62' title="bbox 2242 3122 3886 3202; baseline -0.003 -19"><span class='ocrx_word' id='word_1_416' title='bbox 2242 3149 2346 3183; x_wconf 88' lang='grc' dir='ltr'>σιν.</span> <span class='ocrx_word' id='word_1_417' title='bbox 2378 3127 2442 3185; x_wconf 63' lang='lat' dir='ltr'>Ei</span> <span class='ocrx_word' id='word_1_418' title='bbox 2475 3125 2566 3182; x_wconf 76' lang='grc' dir='ltr'>οὖν</span> <span class='ocrx_word' id='word_1_419' title='bbox 2601 3126 2689 3182; x_wconf 86' lang='grc' dir='ltr'>ἐπὶ</span> <span class='ocrx_word' id='word_1_420' title='bbox 2716 3130 2815 3181; x_wconf 73' lang='grc' dir='ltr'>τοῦ</span> <span class='ocrx_word' id='word_1_421' title='bbox 2864 3126 3087 3199; x_wconf 85' lang='grc' dir='ltr'>πρώτου</span> <span class='ocrx_word' id='word_1_422' title='bbox 3136 3124 3415 3202; x_wconf 81' lang='grc' dir='ltr'>στοιχείου</span> <span class='ocrx_word' id='word_1_423' title='bbox 3458 3125 3699 3194; x_wconf 76' lang='grc' dir='ltr'>τοσαύτη</span> <span class='ocrx_word' id='word_1_424' title='bbox 3729 3122 3886 3200; x_wconf 82' lang='grc' dir='ltr'>χρεία</span> 
     </span>
    </p>
   </div>
   <div class='ocr_carea' id='block_1_63' title="bbox 2240 3212 3893 3293">
    <p class='ocr_par' dir='ltr' id='par_1_63' title="bbox 2240 3212 3893 3293">
     <span class='ocr_line' id='line_1_63' title="bbox 2240 3212 3893 3293; baseline -0.003 -23"><span class='ocrx_word' id='word_1_425' title='bbox 2240 3212 2435 3293; x_wconf 74' lang='grc' dir='ltr'>τριϐῆς</span> <span class='ocrx_word' id='word_1_426' title='bbox 2464 3216 2554 3272; x_wconf 83' lang='grc' dir='ltr'>καὶ</span> <span class='ocrx_word' id='word_1_427' title='bbox 2582 3215 2807 3291; x_wconf 71' lang='grc' dir='ltr'>τέχνης,</span> <span class='ocrx_word' id='word_1_428' title='bbox 2839 3214 2994 3288; x_wconf 85' lang='grc' dir='ltr'>πόσῳ</span> <span class='ocrx_word' id='word_1_429' title='bbox 3028 3212 3242 3288; x_wconf 75' lang='grc' dir='ltr'>μάλλον</span> <span class='ocrx_word' id='word_1_430' title='bbox 3276 3214 3366 3270; x_wconf 86' lang='grc' dir='ltr'>ἐπὶ</span> <span class='ocrx_word' id='word_1_431' title='bbox 3394 3219 3498 3269; x_wconf 76' lang='grc' dir='ltr'>τοῦ</span> <span class='ocrx_word' id='word_1_432' title='bbox 3549 3215 3893 3289; x_wconf 82' lang='grc' dir='ltr'>Δημιουργοῦ</span> 
     </span>
    </p>
   </div>
   <div class='ocr_carea' id='block_1_64' title="bbox 481 3299 2138 3384">
    <p class='ocr_par' dir='ltr' id='par_1_64' title="bbox 481 3299 2130 3383">
     <span class='ocr_line' id='line_1_64' title="bbox 481 3299 2130 3383; baseline -0.006 -16"><span class='ocrx_word' id='word_1_433' title='bbox 481 3310 705 3383; x_wconf 66' lang='grc' dir='ltr'>ρτωίτε,</span> <span class='ocrx_word' id='word_1_434' title='bbox 757 3309 830 3365; x_wconf 91' lang='lat' dir='ltr'>ad</span> <span class='ocrx_word' id='word_1_435' title='bbox 879 3304 1395 3376; x_wconf 88' lang='lat' dir='ltr'>contemplandam</span> <span class='ocrx_word' id='word_1_436' title='bbox 1440 3301 1796 3358; x_wconf 75' lang='lat' dir='ltr'>ineffabilem</span> <span class='ocrx_word' id='word_1_437' title='bbox 1845 3299 2130 3357; x_wconf 79' lang='lat' dir='ltr'>Creatoris</span> 
     </span>
    </p>
   </div>
   <div class='ocr_carea' id='block_1_65' title="bbox 2248 3299 3892 3384">
    <p class='ocr_par' dir='ltr' id='par_1_65' title="bbox 2248 3303 3892 3384">
     <span class='ocr_line' id='line_1_65' title="bbox 2248 3303 3892 3384; baseline -0.003 -24"><span class='ocrx_word' id='word_1_438' title='bbox 2248 3304 2453 3384; x_wconf 78' lang='grc' dir='ltr'>ὀφείλει</span> <span class='ocrx_word' id='word_1_439' title='bbox 2497 3304 2659 3368; x_wconf 88' lang='grc' dir='ltr'>πόνος</span> <span class='ocrx_word' id='word_1_440' title='bbox 2710 3304 2800 3360; x_wconf 88' lang='grc' dir='ltr'>καὶ</span> <span class='ocrx_word' id='word_1_441' title='bbox 2850 3304 3051 3379; x_wconf 78' lang='grc' dir='ltr'>χρόνος</span> <span class='ocrx_word' id='word_1_442' title='bbox 3118 3306 3477 3380; x_wconf 83' lang='grc' dir='ltr'>προηγεῖσθαι</span> <span class='ocrx_word' id='word_1_443' title='bbox 3527 3303 3605 3367; x_wconf 77' lang='grc' dir='ltr'>εἰς</span> <span class='ocrx_word' id='word_1_444' title='bbox 3654 3303 3753 3371; x_wconf 74' lang='grc' dir='ltr'>τὴν</span> <span class='ocrx_word' id='word_1_445' title='bbox 3800 3303 3892 3356; x_wconf 80' lang='grc' dir='ltr'>τοῦ</span> 
     </span>
    </p>
   </div>
   <div class='ocr_carea' id='block_1_66' title="bbox 478 3390 2134 3473">
    <p class='ocr_par' dir='ltr' id='par_1_66' title="bbox 478 3390 2134 3473">
     <span class='ocr_line' id='line_1_66' title="bbox 478 3390 2134 3473; baseline -0.007 -17"><span class='ocrx_word' id='word_1_446' title='bbox 478 3400 577 3471; x_wconf 88' lang='lat' dir='ltr'>qui</span> <span class='ocrx_word' id='word_1_447' title='bbox 612 3396 961 3473; x_wconf 79' lang='lat' dir='ltr'>proponitur</span> <span class='ocrx_word' id='word_1_448' title='bbox 987 3393 1278 3467; x_wconf 81' lang='lat' dir='ltr'>gloriam?</span> <span class='ocrx_word' id='word_1_449' title='bbox 1306 3395 1378 3448; x_wconf 92' lang='lat' dir='ltr'>At</span> <span class='ocrx_word' id='word_1_450' title='bbox 1408 3408 1480 3447; x_wconf 92' lang='lat' dir='ltr'>ne</span> <span class='ocrx_word' id='word_1_451' title='bbox 1518 3391 1650 3463; x_wconf 90' lang='lat' dir='ltr'>quis</span> <span class='ocrx_word' id='word_1_452' title='bbox 1680 3390 1931 3463; x_wconf 86' lang='lat' dir='ltr'>superbe</span> <span class='ocrx_word' id='word_1_453' title='bbox 1961 3390 2134 3446; x_wconf 84' lang='lat' dir='ltr'>adeat</span> 
     </span>
    </p>
   </div>
   <div class='ocr_carea' id='block_1_67' title="bbox 475 3476 2130 3552">
    <p class='ocr_par' dir='ltr' id='par_1_67' title="bbox 475 3476 2130 3552">
     <span class='ocr_line' id='line_1_67' title="bbox 475 3476 2130 3552; baseline -0.005 -11"><span class='ocrx_word' id='word_1_454' title='bbox 475 3486 625 3544; x_wconf 72' lang='lat'>635</span> <span class='ocrx_word' id='word_1_455' title='bbox 660 3484 992 3541; x_wconf 84' lang='lat' dir='ltr'>divinorum</span> <span class='ocrx_word' id='word_1_456' title='bbox 1024 3478 1632 3552; x_wconf 85' lang='lat' dir='ltr'>comprehensionem,</span> <span class='ocrx_word' id='word_1_457' title='bbox 1682 3494 1751 3533; x_wconf 82' lang='lat' dir='ltr'>ex</span> <span class='ocrx_word' id='word_1_458' title='bbox 1796 3476 2130 3549; x_wconf 85' lang='lat' dir='ltr'>disciplinis</span> 
     </span>
    </p>
   </div>
   <div class='ocr_carea' id='block_1_68' title="bbox 475 3564 2126 3640">
    <p class='ocr_par' dir='ltr' id='par_1_68' title="bbox 475 3564 2126 3640">
     <span class='ocr_line' id='line_1_68' title="bbox 475 3564 2126 3640; baseline -0.005 -12"><span class='ocrx_word' id='word_1_459' title='bbox 475 3571 856 3628; x_wconf 71' lang='lat' dir='ltr'>saecularibus</span> <span class='ocrx_word' id='word_1_460' title='bbox 887 3585 953 3625; x_wconf 89' lang='lat' dir='ltr'>eo</span> <span class='ocrx_word' id='word_1_461' title='bbox 1013 3567 1324 3640; x_wconf 75' lang='lat' dir='ltr'>profectus.</span> <span class='ocrx_word' id='word_1_462' title='bbox 1361 3566 1415 3620; x_wconf 90' lang='lat' dir='ltr'>Is</span> <span class='ocrx_word' id='word_1_463' title='bbox 1448 3581 1701 3636; x_wconf 86' lang='lat' dir='ltr'>namque</span> <span class='ocrx_word' id='word_1_464' title='bbox 1733 3581 1860 3621; x_wconf 88' lang='lat' dir='ltr'>sese</span> <span class='ocrx_word' id='word_1_465' title='bbox 1891 3564 2126 3636; x_wconf 90' lang='lat' dir='ltr'>decipit,</span> 
     </span>
    </p>
   </div>
   <div class='ocr_carea' id='block_1_69' title="bbox 475 3653 2129 3717">
    <p class='ocr_par' dir='ltr' id='par_1_69' title="bbox 475 3653 2129 3717">
     <span class='ocr_line' id='line_1_69' title="bbox 475 3653 2129 3717; baseline -0.007 0"><span class='ocrx_word' id='word_1_466' title='bbox 475 3660 690 3717; x_wconf 90' lang='lat' dir='ltr'>illusus</span> <span class='ocrx_word' id='word_1_467' title='bbox 721 3677 756 3716; x_wconf 90' lang='lat' dir='ltr'>a</span> <span class='ocrx_word' id='word_1_468' title='bbox 782 3660 1065 3714; x_wconf 62' lang='lat' dir='ltr'>daemone.</span> <span class='ocrx_word' id='word_1_469' title='bbox 1097 3656 1194 3712; x_wconf 87' lang='lat' dir='ltr'>Ait</span> <span class='ocrx_word' id='word_1_470' title='bbox 1222 3655 1376 3710; x_wconf 90' lang='lat' dir='ltr'>enim</span> <span class='ocrx_word' id='word_1_471' title='bbox 1409 3653 1723 3710; x_wconf 89' lang='lat' dir='ltr'>Psalmista</span> <span class='ocrx_word' id='word_1_472' title='bbox 1757 3671 1769 3709; x_wconf 88' lang='lat'><strong>:</strong></span> <span class='ocrx_word' id='word_1_473' title='bbox 1804 3655 1887 3709; x_wconf 69' lang='lat' dir='ltr'>Ea:</span> <span class='ocrx_word' id='word_1_474' title='bbox 1913 3669 2009 3708; x_wconf 81' lang='lat' dir='ltr'>ore</span> <span class='ocrx_word' id='word_1_475' title='bbox 2039 3653 2129 3708; x_wconf 76' lang='lat' dir='ltr'>in-</span> 
     </span>
    </p>
   </div>
   <div class='ocr_carea' id='block_1_70' title="bbox 472 3744 2129 3823">
    <p class='ocr_par' dir='ltr' id='par_1_70' title="bbox 472 3744 2129 3823">
     <span class='ocr_line' id='line_1_70' title="bbox 472 3744 2129 3823; baseline -0.005 -15"><span class='ocrx_word' id='word_1_476' title='bbox 472 3753 720 3823; x_wconf 81' lang='lat' dir='ltr'>]antium</span> <span class='ocrx_word' id='word_1_477' title='bbox 749 3753 799 3807; x_wconf 79' lang='lat' dir='ltr'>et</span> <span class='ocrx_word' id='word_1_478' title='bbox 832 3749 1150 3804; x_wconf 66' lang='lat' dir='ltr'>Mezentium</span> <span class='ocrx_word' id='word_1_479' title='bbox 1176 3748 1459 3818; x_wconf 73' lang='lat' dir='ltr'>pcrfecz&#39;stz&#39;</span> <span class='ocrx_word' id='word_1_480' title='bbox 1502 3744 1718 3801; x_wconf 78' lang='lat' dir='ltr'>laudem</span> <span class='ocrx_word' id='word_1_481' title='bbox 1747 3745 1811 3799; x_wconf 64' lang='lat'>‘5.</span> <span class='ocrx_word' id='word_1_482' title='bbox 1845 3744 2129 3800; x_wconf 76' lang='lat' dir='ltr'>Dominus</span> 
     </span>
    </p>
   </div>
   <div class='ocr_carea' id='block_1_71' title="bbox 472 3833 2130 3913">
    <p class='ocr_par' dir='ltr' id='par_1_71' title="bbox 472 3833 2130 3913">
     <span class='ocr_line' id='line_1_71' title="bbox 472 3833 2130 3913; baseline -0.005 -16"><span class='ocrx_word' id='word_1_483' title='bbox 472 3857 709 3913; x_wconf 76' lang='lat' dir='ltr'>quoque</span> <span class='ocrx_word' id='word_1_484' title='bbox 758 3840 815 3894; x_wconf 90' lang='lat' dir='ltr'>in</span> <span class='ocrx_word' id='word_1_485' title='bbox 864 3836 1178 3909; x_wconf 81' lang='lat' dir='ltr'>Evangelia</span> <span class='ocrx_word' id='word_1_486' title='bbox 1227 3836 1312 3891; x_wconf 88' lang='lat' dir='ltr'>sic</span> <span class='ocrx_word' id='word_1_487' title='bbox 1356 3835 1669 3907; x_wconf 86' lang='lat' dir='ltr'>loquitur:</span> <span class='ocrx_word' id='word_1_488' title='bbox 1715 3833 1892 3890; x_wconf 77' lang='lat' dir='ltr'>Sinite</span> <span class='ocrx_word' id='word_1_489' title='bbox 1933 3849 2130 3903; x_wconf 75' lang='lat' dir='ltr'>pueros</span> 
     </span>
    </p>
   </div>
   <div class='ocr_carea' id='block_1_72' title="bbox 472 3923 2126 3995">
    <p class='ocr_par' dir='ltr' id='par_1_72' title="bbox 472 3923 2126 3995">
     <span class='ocr_line' id='line_1_72' title="bbox 472 3923 2126 3995; baseline -0.005 -8"><span class='ocrx_word' id='word_1_490' title='bbox 472 3933 664 3987; x_wconf 82' lang='lat' dir='ltr'>venire</span> <span class='ocrx_word' id='word_1_491' title='bbox 690 3929 761 3986; x_wconf 87' lang='lat' dir='ltr'>ad</span> <span class='ocrx_word' id='word_1_492' title='bbox 790 3945 878 3984; x_wconf 82' lang='lat' dir='ltr'>me</span> <span class='ocrx_word' id='word_1_493' title='bbox 907 3947 925 3982; x_wconf 91' lang='lat'><em>:</em></span> <span class='ocrx_word' id='word_1_494' title='bbox 958 3928 1163 3982; x_wconf 83' lang='lat' dir='ltr'>talium</span> <span class='ocrx_word' id='word_1_495' title='bbox 1194 3929 1275 3980; x_wconf 70' lang='lat' dir='ltr'>est</span> <span class='ocrx_word' id='word_1_496' title='bbox 1304 3926 1455 3981; x_wconf 80' lang='lat' dir='ltr'>enim</span> <span class='ocrx_word' id='word_1_497' title='bbox 1484 3940 1719 3995; x_wconf 81' lang='lat' dir='ltr'>regnum</span> <span class='ocrx_word' id='word_1_498' title='bbox 1766 3925 2026 3981; x_wconf 68' lang='lat' dir='ltr'>calorum</span> <span class='ocrx_word' id='word_1_499' title='bbox 2061 3923 2126 3979; x_wconf 71' lang='grc'>⁸⁷.</span> 
     </span>
    </p>
   </div>
   <div class='ocr_carea' id='block_1_73' title="bbox 472 4014 2129 4087">
    <p class='ocr_par' dir='ltr' id='par_1_73' title="bbox 472 4014 2129 4087">
     <span class='ocr_line' id='line_1_73' title="bbox 472 4014 2129 4087; baseline -0.004 -12"><span class='ocrx_word' id='word_1_500' title='bbox 472 4020 540 4075; x_wconf 86' lang='lat' dir='ltr'>Et</span> <span class='ocrx_word' id='word_1_501' title='bbox 569 4019 684 4076; x_wconf 89' lang='lat' dir='ltr'>alio</span> <span class='ocrx_word' id='word_1_502' title='bbox 715 4019 841 4074; x_wconf 91' lang='lat' dir='ltr'>loco</span> <span class='ocrx_word' id='word_1_503' title='bbox 874 4034 887 4072; x_wconf 89' lang='lat'>:</span> <span class='ocrx_word' id='word_1_504' title='bbox 922 4018 1064 4084; x_wconf 74' lang='lat' dir='ltr'>Niri,</span> <span class='ocrx_word' id='word_1_505' title='bbox 1097 4014 1311 4087; x_wconf 87' lang='lat' dir='ltr'>inquit,</span> <span class='ocrx_word' id='word_1_506' title='bbox 1344 4014 1675 4087; x_wconf 73' lang='lat' dir='ltr'>efﬁciammi</span> <span class='ocrx_word' id='word_1_507' title='bbox 1719 4015 1861 4069; x_wconf 76' lang='lat' dir='ltr'>sicut</span> <span class='ocrx_word' id='word_1_508' title='bbox 1906 4014 2129 4085; x_wconf 74' lang='lat' dir='ltr'>parvuli</span> 
     </span>
    </p>
   </div>
   <div class='ocr_carea' id='block_1_74' title="bbox 472 4104 2124 4181">
    <p class='ocr_par' dir='ltr' id='par_1_74' title="bbox 472 4104 2124 4181">
     <span class='ocr_line' id='line_1_74' title="bbox 472 4104 2124 4181; baseline -0.004 -16"><span class='ocrx_word' id='word_1_509' title='bbox 472 4112 589 4181; x_wconf 74' lang='lat' dir='ltr'>isti,</span> <span class='ocrx_word' id='word_1_510' title='bbox 620 4126 731 4166; x_wconf 82' lang='lat' dir='ltr'>non</span> <span class='ocrx_word' id='word_1_511' title='bbox 762 4108 1044 4165; x_wconf 61' lang='lat' dir='ltr'>inhabilis</span> <span class='ocrx_word' id='word_1_512' title='bbox 1074 4108 1135 4161; x_wconf 83' lang='lat' dir='ltr'>in</span> <span class='ocrx_word' id='word_1_513' title='bbox 1187 4121 1422 4175; x_wconf 76' lang='lat' dir='ltr'>regnum</span> <span class='ocrx_word' id='word_1_514' title='bbox 1471 4104 1729 4160; x_wconf 68' lang='lat' dir='ltr'>caelorum</span> <span class='ocrx_word' id='word_1_515' title='bbox 1757 4104 1821 4159; x_wconf 68' lang='lat'>‘3.</span> <span class='ocrx_word' id='word_1_516' title='bbox 1869 4104 1968 4159; x_wconf 90' lang='lat' dir='ltr'>llis</span> <span class='ocrx_word' id='word_1_517' title='bbox 1994 4120 2124 4159; x_wconf 89' lang='lat' dir='ltr'>eru-</span> 
     </span>
    </p>
   </div>
   <div class='ocr_carea' id='block_1_75' title="bbox 468 4193 2129 4269">
    <p class='ocr_par' dir='ltr' id='par_1_75' title="bbox 468 4193 2129 4269">
     <span class='ocr_line' id='line_1_75' title="bbox 468 4193 2129 4269; baseline -0.005 -14"><span class='ocrx_word' id='word_1_518' title='bbox 468 4199 627 4256; x_wconf 86' lang='lat' dir='ltr'>ditus</span> <span class='ocrx_word' id='word_1_519' title='bbox 659 4198 821 4254; x_wconf 85' lang='lat' dir='ltr'>fuisti</span> <span class='ocrx_word' id='word_1_520' title='bbox 854 4200 1090 4269; x_wconf 86' lang='lat' dir='ltr'>prepter</span> <span class='ocrx_word' id='word_1_521' title='bbox 1122 4195 1450 4262; x_wconf 89' lang='lat' dir='ltr'>mundum;</span> <span class='ocrx_word' id='word_1_522' title='bbox 1485 4193 1703 4249; x_wconf 89' lang='lat' dir='ltr'>stultus</span> <span class='ocrx_word' id='word_1_523' title='bbox 1756 4194 1862 4248; x_wconf 84' lang='lat' dir='ltr'>ﬁas</span> <span class='ocrx_word' id='word_1_524' title='bbox 1890 4197 2129 4266; x_wconf 88' lang='lat' dir='ltr'>propter</span> 
     </span>
    </p>
   </div>
   <div class='ocr_carea' id='block_1_76' title="bbox 468 4281 2126 4355">
    <p class='ocr_par' dir='ltr' id='par_1_76' title="bbox 468 4281 2126 4355">
     <span class='ocr_line' id='line_1_76' title="bbox 468 4281 2126 4355; baseline -0.005 -11"><span class='ocrx_word' id='word_1_525' title='bbox 468 4288 653 4345; x_wconf 89' lang='lat' dir='ltr'>Deum</span> <span class='ocrx_word' id='word_1_526' title='bbox 687 4306 699 4344; x_wconf 90' lang='lat'>:</span> <span class='ocrx_word' id='word_1_527' title='bbox 733 4287 912 4343; x_wconf 89' lang='lat' dir='ltr'>evelle</span> <span class='ocrx_word' id='word_1_528' title='bbox 942 4290 1155 4353; x_wconf 88' lang='lat' dir='ltr'>vetera,</span> <span class='ocrx_word' id='word_1_529' title='bbox 1192 4288 1255 4338; x_wconf 94' lang='lat' dir='ltr'>ut</span> <span class='ocrx_word' id='word_1_530' title='bbox 1288 4282 1519 4355; x_wconf 87' lang='lat' dir='ltr'>plantes</span> <span class='ocrx_word' id='word_1_531' title='bbox 1570 4299 1736 4338; x_wconf 90' lang='lat' dir='ltr'>nova.</span> <span class='ocrx_word' id='word_1_532' title='bbox 1783 4282 1959 4338; x_wconf 89' lang='lat' dir='ltr'>Dirue</span> <span class='ocrx_word' id='word_1_533' title='bbox 2006 4281 2126 4336; x_wconf 93' lang='lat' dir='ltr'>rui-</span> 
     </span>
    </p>
   </div>
   <div class='ocr_carea' id='block_1_77' title="bbox 469 4370 2124 4443">
    <p class='ocr_par' dir='ltr' id='par_1_77' title="bbox 469 4370 2124 4443">
     <span class='ocr_line' id='line_1_77' title="bbox 469 4370 2124 4443; baseline -0.005 -9"><span class='ocrx_word' id='word_1_534' title='bbox 469 4395 612 4434; x_wconf 86' lang='lat' dir='ltr'>nosa</span> <span class='ocrx_word' id='word_1_535' title='bbox 640 4376 1041 4443; x_wconf 81' lang='lat' dir='ltr'>fundamenta,</span> <span class='ocrx_word' id='word_1_536' title='bbox 1077 4378 1142 4429; x_wconf 89' lang='lat' dir='ltr'>ut</span> <span class='ocrx_word' id='word_1_537' title='bbox 1190 4372 1634 4428; x_wconf 79' lang='lat' dir='ltr'>adamantinam</span> <span class='ocrx_word' id='word_1_538' title='bbox 1688 4370 1916 4427; x_wconf 85' lang='lat' dir='ltr'>Domini</span> <span class='ocrx_word' id='word_1_539' title='bbox 1956 4370 2124 4426; x_wconf 90' lang='lat' dir='ltr'>basin</span> 
     </span>
    </p>
   </div>
   <div class='ocr_carea' id='block_1_78' title="bbox 466 4460 2128 4535">
    <p class='ocr_par' dir='ltr' id='par_1_78' title="bbox 466 4460 2128 4535">
     <span class='ocr_line' id='line_1_78' title="bbox 466 4460 2128 4535; baseline -0.005 -12"><span class='ocrx_word' id='word_1_540' title='bbox 466 4466 837 4535; x_wconf 85' lang='lat' dir='ltr'>substituas;</span> <span class='ocrx_word' id='word_1_541' title='bbox 872 4469 935 4521; x_wconf 94' lang='lat' dir='ltr'>ut</span> <span class='ocrx_word' id='word_1_542' title='bbox 967 4461 1579 4535; x_wconf 83' lang='lat' dir='ltr'>tu,quemadmodum</span> <span class='ocrx_word' id='word_1_543' title='bbox 1612 4460 1953 4534; x_wconf 85' lang='lat' dir='ltr'>Apostolus,</span> <span class='ocrx_word' id='word_1_544' title='bbox 1988 4460 2128 4515; x_wconf 69' lang='lat' dir='ltr'>mdi-</span> 
     </span>
    </p>
   </div>
   <div class='ocr_carea' id='block_1_79' title="bbox 466 4555 1407 4629">
    <p class='ocr_par' dir='ltr' id='par_1_79' title="bbox 466 4555 1407 4629">
     <span class='ocr_line' id='line_1_79' title="bbox 466 4555 1407 4629; baseline -0.005 -17"><span class='ocrx_word' id='word_1_545' title='bbox 466 4556 657 4613; x_wconf 85' lang='lat' dir='ltr'>ticeris</span> <span class='ocrx_word' id='word_1_546' title='bbox 689 4573 867 4629; x_wconf 86' lang='lat' dir='ltr'>supra</span> <span class='ocrx_word' id='word_1_547' title='bbox 898 4555 1130 4610; x_wconf 81' lang='lat' dir='ltr'>ﬁrmam</span> <span class='ocrx_word' id='word_1_548' title='bbox 1160 4556 1407 4624; x_wconf 88' lang='lat' dir='ltr'>petram.</span> 
     </span>
    </p>
   </div>
   <div class='ocr_carea' id='block_1_80' title="bbox 536 4730 2128 4807">
    <p class='ocr_par' dir='ltr' id='par_1_80' title="bbox 536 4730 2128 4807">
     <span class='ocr_line' id='line_1_80' title="bbox 536 4730 2128 4807; baseline -0.006 -14"><span class='ocrx_word' id='word_1_549' title='bbox 536 4737 626 4793; x_wconf 86' lang='lat'>87.</span> <span class='ocrx_word' id='word_1_550' title='bbox 662 4734 865 4807; x_wconf 89' lang='lat' dir='ltr'>Neque</span> <span class='ocrx_word' id='word_1_551' title='bbox 891 4749 1024 4789; x_wconf 84' lang='lat' dir='ltr'>vero</span> <span class='ocrx_word' id='word_1_552' title='bbox 1059 4731 1492 4788; x_wconf 88' lang='lat' dir='ltr'>contentiosum</span> <span class='ocrx_word' id='word_1_553' title='bbox 1518 4745 1648 4785; x_wconf 85' lang='lat' dir='ltr'>esse</span> <span class='ocrx_word' id='word_1_554' title='bbox 1672 4732 1934 4800; x_wconf 91' lang='lat' dir='ltr'>oportet:</span> <span class='ocrx_word' id='word_1_555' title='bbox 1961 4745 2032 4785; x_wconf 90' lang='lat' dir='ltr'>ne</span> <span class='ocrx_word' id='word_1_556' title='bbox 2053 4730 2128 4786; x_wconf 88' lang='lat' dir='ltr'>ob</span> 
     </span>
    </p>
   </div>
   <div class='ocr_carea' id='block_1_81' title="bbox 466 4817 2127 4896">
    <p class='ocr_par' dir='ltr' id='par_1_81' title="bbox 466 4817 2127 4896">
     <span class='ocr_line' id='line_1_81' title="bbox 466 4817 2127 4896; baseline -0.005 -13"><span class='ocrx_word' id='word_1_557' title='bbox 466 4825 808 4883; x_wconf 82' lang='lat' dir='ltr'>afﬂuentem</span> <span class='ocrx_word' id='word_1_558' title='bbox 858 4823 1135 4896; x_wconf 91' lang='lat' dir='ltr'>loquendi</span> <span class='ocrx_word' id='word_1_559' title='bbox 1168 4820 1504 4876; x_wconf 87' lang='lat' dir='ltr'>facultatem</span> <span class='ocrx_word' id='word_1_560' title='bbox 1558 4817 1809 4873; x_wconf 88' lang='lat' dir='ltr'>multum</span> <span class='ocrx_word' id='word_1_561' title='bbox 1843 4818 2127 4891; x_wconf 87' lang='lat' dir='ltr'>temporis</span> 
     </span>
    </p>
   </div>
   <div class='ocr_carea' id='block_1_82' title="bbox 465 4907 2124 4984">
    <p class='ocr_par' dir='ltr' id='par_1_82' title="bbox 465 4907 2124 4984">
     <span class='ocr_line' id='line_1_82' title="bbox 465 4907 2124 4984; baseline -0.006 -11"><span class='ocrx_word' id='word_1_562' title='bbox 465 4917 719 4972; x_wconf 88' lang='lat' dir='ltr'>insume.</span> <span class='ocrx_word' id='word_1_563' title='bbox 754 4917 896 4968; x_wconf 77' lang='lat' dir='ltr'>Nam</span> <span class='ocrx_word' id='word_1_564' title='bbox 932 4928 1034 4984; x_wconf 91' lang='lat' dir='ltr'>per</span> <span class='ocrx_word' id='word_1_565' title='bbox 1064 4907 1541 4981; x_wconf 86' lang='lat' dir='ltr'>intempestivam</span> <span class='ocrx_word' id='word_1_566' title='bbox 1586 4907 1987 4979; x_wconf 83' lang='lat' dir='ltr'>garrulitatem</span> <span class='ocrx_word' id='word_1_567' title='bbox 2023 4907 2124 4964; x_wconf 68' lang='lat' dir='ltr'>lae-</span> 
     </span>
    </p>
   </div>
   <div class='ocr_carea' id='block_1_83' title="bbox 464 4996 2126 5075">
    <p class='ocr_par' dir='ltr' id='par_1_83' title="bbox 464 4996 2126 5075">
     <span class='ocr_line' id='line_1_83' title="bbox 464 4996 2126 5075; baseline -0.005 -14"><span class='ocrx_word' id='word_1_568' title='bbox 464 5006 601 5061; x_wconf 89' lang='lat' dir='ltr'>dere</span> <span class='ocrx_word' id='word_1_569' title='bbox 626 5010 681 5060; x_wconf 88' lang='lat' dir='ltr'>te</span> <span class='ocrx_word' id='word_1_570' title='bbox 703 5007 893 5075; x_wconf 88' lang='lat' dir='ltr'>potest</span> <span class='ocrx_word' id='word_1_571' title='bbox 916 4996 1422 5057; x_wconf 85' lang='lat' dir='ltr'>diabolus.Mullis</span> <span class='ocrx_word' id='word_1_572' title='bbox 1444 4996 1775 5052; x_wconf 86' lang='lat' dir='ltr'>instructus</span> <span class='ocrx_word' id='word_1_573' title='bbox 1794 4997 2013 5065; x_wconf 75' lang='lat' dir='ltr'>laqueis</span> <span class='ocrx_word' id='word_1_574' title='bbox 2034 5000 2126 5053; x_wconf 82' lang='lat' dir='ltr'>est</span> 
     </span>
    </p>
   </div>
   <div class='ocr_carea' id='block_1_84' title="bbox 465 5085 2119 5168">
    <p class='ocr_par' dir='ltr' id='par_1_84' title="bbox 465 5085 2119 5168">
     <span class='ocr_line' id='line_1_84' title="bbox 465 5085 2119 5168; baseline -0.005 -17"><span class='ocrx_word' id='word_1_575' title='bbox 465 5100 666 5168; x_wconf 88' lang='lat' dir='ltr'>utpote</span> <span class='ocrx_word' id='word_1_576' title='bbox 679 5091 1074 5166; x_wconf 86' lang='lat' dir='ltr'>peritissimus</span> <span class='ocrx_word' id='word_1_577' title='bbox 1109 5093 1370 5143; x_wconf 86' lang='lat' dir='ltr'>venator.</span> <span class='ocrx_word' id='word_1_578' title='bbox 1395 5086 1460 5140; x_wconf 86' lang='lat' dir='ltr'>Et</span> <span class='ocrx_word' id='word_1_579' title='bbox 1479 5085 1720 5157; x_wconf 89' lang='lat' dir='ltr'>quidem</span> <span class='ocrx_word' id='word_1_580' title='bbox 1741 5087 2119 5157; x_wconf 86' lang='lat' dir='ltr'>passerculis,</span> 
     </span>
    </p>
   </div>
   <div class='ocr_carea' id='block_1_85' title="bbox 467 5175 2119 5254">
    <p class='ocr_par' dir='ltr' id='par_1_85' title="bbox 467 5175 2119 5254">
     <span class='ocr_line' id='line_1_85' title="bbox 467 5175 2119 5254; baseline -0.005 -13"><span class='ocrx_word' id='word_1_581' title='bbox 467 5184 742 5241; x_wconf 73' lang='lat' dir='ltr'>minimas</span> <span class='ocrx_word' id='word_1_582' title='bbox 767 5186 934 5254; x_wconf 88' lang='lat' dir='ltr'>parat</span> <span class='ocrx_word' id='word_1_583' title='bbox 956 5177 1282 5235; x_wconf 85' lang='lat' dir='ltr'>tendiculas</span> <span class='ocrx_word' id='word_1_584' title='bbox 1303 5193 1315 5231; x_wconf 88' lang='lat'><strong>:</strong></span> <span class='ocrx_word' id='word_1_585' title='bbox 1333 5175 1654 5243; x_wconf 78' lang='lat' dir='ltr'>majoribus</span> <span class='ocrx_word' id='word_1_586' title='bbox 1669 5179 1863 5230; x_wconf 87' lang='lat' dir='ltr'>autem</span> <span class='ocrx_word' id='word_1_587' title='bbox 1891 5176 2119 5245; x_wconf 84' lang='lat' dir='ltr'>avibus;</span> 
     </span>
    </p>
   </div>
   <div class='ocr_carea' id='block_1_86' title="bbox 464 5264 2121 5339">
    <p class='ocr_par' dir='ltr' id='par_1_86' title="bbox 464 5264 2121 5339">
     <span class='ocr_line' id='line_1_86' title="bbox 464 5264 2121 5339; baseline -0.005 -9"><span class='ocrx_word' id='word_1_588' title='bbox 464 5274 737 5330; x_wconf 85' lang='lat' dir='ltr'>fortiores</span> <span class='ocrx_word' id='word_1_589' title='bbox 761 5272 1008 5327; x_wconf 90' lang='lat' dir='ltr'>adornat</span> <span class='ocrx_word' id='word_1_590' title='bbox 1025 5268 1287 5339; x_wconf 85' lang='lat' dir='ltr'>laqueos.</span> <span class='ocrx_word' id='word_1_591' title='bbox 1306 5269 1483 5321; x_wconf 83' lang='lat' dir='ltr'>Atrox</span> <span class='ocrx_word' id='word_1_592' title='bbox 1505 5264 2121 5338; x_wconf 82' lang='lat' dir='ltr'>lethil’erquelaqueus</span> 
     </span>
    </p>
   </div>
   <div class='ocr_carea' id='block_1_87' title="bbox 463 5353 2124 5435">
    <p class='ocr_par' dir='ltr' id='par_1_87' title="bbox 463 5353 2124 5435">
     <span class='ocr_line' id='line_1_87' title="bbox 463 5353 2124 5435; baseline -0.005 -15"><span class='ocrx_word' id='word_1_593' title='bbox 463 5370 572 5433; x_wconf 88' lang='lat' dir='ltr'>est,</span> <span class='ocrx_word' id='word_1_594' title='bbox 604 5360 804 5435; x_wconf 86' lang='lat' dir='ltr'>genesi</span> <span class='ocrx_word' id='word_1_595' title='bbox 835 5361 1049 5416; x_wconf 88' lang='lat' dir='ltr'>habere</span> <span class='ocrx_word' id='word_1_596' title='bbox 1078 5357 1278 5412; x_wconf 86' lang='lat' dir='ltr'>ﬁdem.</span> <span class='ocrx_word' id='word_1_597' title='bbox 1314 5353 1612 5424; x_wconf 87' lang='lat' dir='ltr'>Fugienda</span> <span class='ocrx_word' id='word_1_598' title='bbox 1641 5369 1772 5424; x_wconf 76' lang='lat' dir='ltr'>quae</span> <span class='ocrx_word' id='word_1_599' title='bbox 1800 5370 1866 5409; x_wconf 88' lang='lat' dir='ltr'>eo</span> <span class='ocrx_word' id='word_1_600' title='bbox 1898 5360 2124 5426; x_wconf 89' lang='lat' dir='ltr'>spectat</span> 
     </span>
    </p>
   </div>
   <div class='ocr_carea' id='block_1_88' title="bbox 462 5445 2119 5527">
    <p class='ocr_par' dir='ltr' id='par_1_88' title="bbox 462 5445 2119 5527">
     <span class='ocr_line' id='line_1_88' title="bbox 462 5445 2119 5527; baseline -0.006 -17"><span class='ocrx_word' id='word_1_601' title='bbox 462 5453 756 5527; x_wconf 86' lang='lat' dir='ltr'>cogitatio.</span> <span class='ocrx_word' id='word_1_602' title='bbox 781 5452 889 5508; x_wconf 87' lang='lat' dir='ltr'>Sed</span> <span class='ocrx_word' id='word_1_603' title='bbox 912 5449 1227 5523; x_wconf 89' lang='lat' dir='ltr'>persuadet</span> <span class='ocrx_word' id='word_1_604' title='bbox 1248 5452 1303 5501; x_wconf 86' lang='lat' dir='ltr'>te</span> <span class='ocrx_word' id='word_1_605' title='bbox 1324 5461 1428 5518; x_wconf 89' lang='lat' dir='ltr'>per</span> <span class='ocrx_word' id='word_1_606' title='bbox 1448 5461 1541 5500; x_wconf 91' lang='lat' dir='ltr'>res</span> <span class='ocrx_word' id='word_1_607' title='bbox 1563 5445 1724 5517; x_wconf 88' lang='lat' dir='ltr'>ipsas</span> <span class='ocrx_word' id='word_1_608' title='bbox 1748 5450 1805 5500; x_wconf 89' lang='lat' dir='ltr'>et</span> <span class='ocrx_word' id='word_1_609' title='bbox 1828 5462 1932 5517; x_wconf 89' lang='lat' dir='ltr'>per</span> <span class='ocrx_word' id='word_1_610' title='bbox 1952 5462 2119 5503; x_wconf 90' lang='lat' dir='ltr'>even-</span> 
     </span>
    </p>
   </div>
   <div class='ocr_carea' id='block_1_89' title="bbox 459 5533 2121 5614">
    <p class='ocr_par' dir='ltr' id='par_1_89' title="bbox 459 5533 2121 5614">
     <span class='ocr_line' id='line_1_89' title="bbox 459 5533 2121 5614; baseline -0.005 -15"><span class='ocrx_word' id='word_1_611' title='bbox 459 5552 631 5599; x_wconf 85' lang='lat' dir='ltr'>tuum</span> <span class='ocrx_word' id='word_1_612' title='bbox 666 5539 1091 5614; x_wconf 83' lang='lat' dir='ltr'>praescientiam</span> <span class='ocrx_word' id='word_1_613' title='bbox 1113 5537 1142 5593; x_wconf 74' lang='lat' dir='ltr'>‘I</span> <span class='ocrx_word' id='word_1_614' title='bbox 1169 5537 1241 5592; x_wconf 87' lang='lat' dir='ltr'>At</span> <span class='ocrx_word' id='word_1_615' title='bbox 1269 5533 1687 5605; x_wconf 85' lang='lat' dir='ltr'>conjecturalis</span> <span class='ocrx_word' id='word_1_616' title='bbox 1715 5538 1807 5590; x_wconf 85' lang='lat' dir='ltr'>est</span> <span class='ocrx_word' id='word_1_617' title='bbox 1839 5535 2012 5607; x_wconf 89' lang='lat' dir='ltr'>ratio,</span> <span class='ocrx_word' id='word_1_618' title='bbox 2033 5536 2121 5592; x_wconf 80' lang='lat' dir='ltr'>in-</span> 
     </span>
    </p>
   </div>
   <div class='ocr_carea' id='block_1_90' title="bbox 2240 3389 3894 3472">
    <p class='ocr_par' dir='ltr' id='par_1_90' title="bbox 2240 3389 3894 3472">
     <span class='ocr_line' id='line_1_90' title="bbox 2240 3389 3894 3472; baseline -0.004 -22"><span class='ocrx_word' id='word_1_619' title='bbox 2240 3394 2559 3469; x_wconf 75' lang='grc' dir='ltr'>ἀξιουμένου</span> <span class='ocrx_word' id='word_1_620' title='bbox 2616 3393 2843 3470; x_wconf 87' lang='grc' dir='ltr'>θεωρίαν</span> <span class='ocrx_word' id='word_1_621' title='bbox 2896 3400 2997 3465; x_wconf 78' lang='grc' dir='ltr'>τῆς</span> <span class='ocrx_word' id='word_1_622' title='bbox 3058 3394 3425 3472; x_wconf 80' lang='grc' dir='ltr'>ἀνεκφράστου</span> <span class='ocrx_word' id='word_1_623' title='bbox 3487 3391 3690 3465; x_wconf 82' lang='grc' dir='ltr'>δόξης;</span> <span class='ocrx_word' id='word_1_624' title='bbox 3755 3389 3894 3446; x_wconf 85' lang='grc' dir='ltr'>ἀλλά</span> 
     </span>
    </p>
   </div>
   <div class='ocr_carea' id='block_1_91' title="bbox 2244 3480 3890 3559">
    <p class='ocr_par' dir='ltr' id='par_1_91' title="bbox 2244 3480 3890 3559">
     <span class='ocr_line' id='line_1_91' title="bbox 2244 3480 3890 3559; baseline -0.004 -20"><span class='ocrx_word' id='word_1_625' title='bbox 2244 3486 2319 3558; x_wconf 76' lang='grc' dir='ltr'>μή</span> <span class='ocrx_word' id='word_1_626' title='bbox 2371 3504 2455 3546; x_wconf 89' lang='grc' dir='ltr'>τις</span> <span class='ocrx_word' id='word_1_627' title='bbox 2503 3483 2780 3559; x_wconf 88' lang='grc' dir='ltr'>γαυριάτω</span> <span class='ocrx_word' id='word_1_628' title='bbox 2827 3484 2963 3559; x_wconf 84' lang='grc' dir='ltr'>πρὸς</span> <span class='ocrx_word' id='word_1_629' title='bbox 3007 3482 3314 3557; x_wconf 82' lang='grc' dir='ltr'>κατάληψιν</span> <span class='ocrx_word' id='word_1_630' title='bbox 3359 3486 3469 3537; x_wconf 86' lang='grc' dir='ltr'>τῶν</span> <span class='ocrx_word' id='word_1_631' title='bbox 3505 3482 3666 3547; x_wconf 83' lang='grc' dir='ltr'>θείων</span> <span class='ocrx_word' id='word_1_632' title='bbox 3699 3480 3760 3536; x_wconf 85' lang='grc' dir='ltr'>ἐκ</span> <span class='ocrx_word' id='word_1_633' title='bbox 3787 3482 3890 3535; x_wconf 84' lang='grc' dir='ltr'>τῶν</span> 
     </span>
    </p>
   </div>
   <div class='ocr_carea' id='block_1_92' title="bbox 2238 3569 3890 3648">
    <p class='ocr_par' dir='ltr' id='par_1_92' title="bbox 2238 3569 3890 3648">
     <span class='ocr_line' id='line_1_92' title="bbox 2238 3569 3890 3648; baseline -0.003 -20"><span class='ocrx_word' id='word_1_634' title='bbox 2238 3569 2427 3643; x_wconf 77' lang='grc' dir='ltr'>ἔξωθεν</span> <span class='ocrx_word' id='word_1_635' title='bbox 2456 3572 2792 3645; x_wconf 79' lang='grc' dir='ltr'>μαθημάτων</span> <span class='ocrx_word' id='word_1_636' title='bbox 2840 3571 3187 3647; x_wconf 80' lang='grc' dir='ltr'>ὁρμώμενος.</span> <span class='ocrx_word' id='word_1_637' title='bbox 3241 3576 3573 3645; x_wconf 81' lang='grc' dir='ltr'>Φρεναπατᾷ</span> <span class='ocrx_word' id='word_1_638' title='bbox 3617 3571 3720 3648; x_wconf 72' lang='grc' dir='ltr'>γὰρ</span> <span class='ocrx_word' id='word_1_639' title='bbox 3779 3571 3890 3624; x_wconf 77' lang='grc' dir='ltr'>ἐαυ-</span> 
     </span>
    </p>
   </div>
   <div class='ocr_carea' id='block_1_93' title="bbox 2236 3656 3890 3739">
    <p class='ocr_par' dir='ltr' id='par_1_93' title="bbox 2236 3656 3890 3739">
     <span class='ocr_line' id='line_1_93' title="bbox 2236 3656 3890 3739; baseline -0.004 -22"><span class='ocrx_word' id='word_1_640' title='bbox 2236 3661 2330 3717; x_wconf 87' lang='grc' dir='ltr'>τὸν</span> <span class='ocrx_word' id='word_1_641' title='bbox 2359 3662 2388 3717; x_wconf 91' lang='lat'>6</span> <span class='ocrx_word' id='word_1_642' title='bbox 2418 3664 2687 3733; x_wconf 73' lang='grc' dir='ltr'>τοιοῦτος,</span> <span class='ocrx_word' id='word_1_643' title='bbox 2722 3660 2826 3716; x_wconf 79' lang='grc' dir='ltr'>ὑπὸ</span> <span class='ocrx_word' id='word_1_644' title='bbox 2854 3665 2951 3716; x_wconf 77' lang='grc' dir='ltr'>τοῦ</span> <span class='ocrx_word' id='word_1_645' title='bbox 2982 3658 3236 3733; x_wconf 86' lang='grc' dir='ltr'>δαίμονος</span> <span class='ocrx_word' id='word_1_646' title='bbox 3275 3660 3696 3739; x_wconf 76' lang='grc' dir='ltr'>φανταζόμενος.</span> <span class='ocrx_word' id='word_1_647' title='bbox 3751 3656 3890 3727; x_wconf 74' lang='grc' dir='ltr'>Φησὶ</span> 
     </span>
    </p>
   </div>
   <div class='ocr_carea' id='block_1_94' title="bbox 2238 3745 3891 3827">
    <p class='ocr_par' dir='ltr' id='par_1_94' title="bbox 2238 3745 3891 3827">
     <span class='ocr_line' id='line_1_94' title="bbox 2238 3745 3891 3827; baseline -0.003 -22"><span class='ocrx_word' id='word_1_648' title='bbox 2238 3751 2342 3827; x_wconf 80' lang='grc' dir='ltr'>γάρ</span> <span class='ocrx_word' id='word_1_649' title='bbox 2401 3752 2429 3805; x_wconf 90' lang='lat'>6</span> <span class='ocrx_word' id='word_1_650' title='bbox 2474 3749 2775 3823; x_wconf 82' lang='grc' dir='ltr'>Ὑμνῳδός.</span> <span class='ocrx_word' id='word_1_651' title='bbox 2854 3751 2947 3805; x_wconf 85' lang='grc' dir='ltr'>Ἐκ</span> <span class='ocrx_word' id='word_1_652' title='bbox 3020 3754 3118 3805; x_wconf 79' lang='grc' dir='ltr'>τοῦ</span> <span class='ocrx_word' id='word_1_653' title='bbox 3186 3750 3456 3823; x_wconf 79' lang='grc' dir='ltr'>στόματος</span> <span class='ocrx_word' id='word_1_654' title='bbox 3531 3750 3749 3822; x_wconf 87' lang='grc' dir='ltr'>νηπίων</span> <span class='ocrx_word' id='word_1_655' title='bbox 3808 3745 3891 3802; x_wconf 76' lang='grc' dir='ltr'>καί</span> 
     </span>
    </p>
   </div>
   <div class='ocr_carea' id='block_1_95' title="bbox 2240 3835 3888 3914">
    <p class='ocr_par' dir='ltr' id='par_1_95' title="bbox 2240 3835 3888 3914">
     <span class='ocr_line' id='line_1_95' title="bbox 2240 3835 3888 3914; baseline -0.002 -19"><span class='ocrx_word' id='word_1_656' title='bbox 2240 3839 2585 3910; x_wconf 81' lang='grc' dir='ltr'>θηλαζόντων</span> <span class='ocrx_word' id='word_1_657' title='bbox 2635 3839 2947 3913; x_wconf 86' lang='grc' dir='ltr'>κατηρτίσω</span> <span class='ocrx_word' id='word_1_658' title='bbox 3003 3839 3173 3897; x_wconf 74' lang='grc' dir='ltr'>αἶνον.</span> <span class='ocrx_word' id='word_1_659' title='bbox 3232 3838 3332 3894; x_wconf 80' lang='grc' dir='ltr'>Καὶ</span> <span class='ocrx_word' id='word_1_660' title='bbox 3381 3840 3410 3894; x_wconf 97' lang='lat'>6</span> <span class='ocrx_word' id='word_1_661' title='bbox 3471 3838 3675 3914; x_wconf 79' lang='grc' dir='ltr'>Κύριος</span> <span class='ocrx_word' id='word_1_662' title='bbox 3737 3835 3794 3893; x_wconf 69' lang='grc' dir='ltr'>δὲ</span> <span class='ocrx_word' id='word_1_663' title='bbox 3839 3836 3888 3891; x_wconf 81' lang='grc' dir='ltr'>ἐν</span> 
     </span>
    </p>
   </div>
   <div class='ocr_carea' id='block_1_96' title="bbox 2236 3924 3892 4006">
    <p class='ocr_par' dir='ltr' id='par_1_96' title="bbox 2236 3924 3892 4006">
     <span class='ocr_line' id='line_1_96' title="bbox 2236 3924 3892 4006; baseline -0.003 -22"><span class='ocrx_word' id='word_1_664' title='bbox 2236 3934 2316 4001; x_wconf 81' lang='grc' dir='ltr'>τῷ</span> <span class='ocrx_word' id='word_1_665' title='bbox 2373 3926 2692 4004; x_wconf 80' lang='grc' dir='ltr'>Εὐαγγελίῳ</span> <span class='ocrx_word' id='word_1_666' title='bbox 2774 3930 2970 4006; x_wconf 78' lang='grc' dir='ltr'>Ἅφετε</span> <span class='ocrx_word' id='word_1_667' title='bbox 3021 3928 3088 3983; x_wconf 64' lang='grc' dir='ltr'>τὰ</span> <span class='ocrx_word' id='word_1_668' title='bbox 3133 3925 3322 3983; x_wconf 82' lang='grc' dir='ltr'>παιδία</span> <span class='ocrx_word' id='word_1_669' title='bbox 3378 3926 3558 3992; x_wconf 80' lang='grc' dir='ltr'>ἐλθεῖν</span> <span class='ocrx_word' id='word_1_670' title='bbox 3620 3928 3760 4005; x_wconf 86' lang='grc' dir='ltr'>πρὸς</span> <span class='ocrx_word' id='word_1_671' title='bbox 3811 3924 3892 3999; x_wconf 78' lang='grc' dir='ltr'>μὲ-</span> 
     </span>
    </p>
   </div>
   <div class='ocr_carea' id='block_1_97' title="bbox 2236 4015 3885 4094">
    <p class='ocr_par' dir='ltr' id='par_1_97' title="bbox 2236 4015 3885 4094">
     <span class='ocr_line' id='line_1_97' title="bbox 2236 4015 3885 4094; baseline -0.002 -21"><span class='ocrx_word' id='word_1_672' title='bbox 2236 4023 2345 4073; x_wconf 89' lang='grc' dir='ltr'>τῶν</span> <span class='ocrx_word' id='word_1_673' title='bbox 2397 4019 2499 4094; x_wconf 76' lang='grc' dir='ltr'>γὰρ</span> <span class='ocrx_word' id='word_1_674' title='bbox 2554 4017 2818 4073; x_wconf 84' lang='grc' dir='ltr'>τοιούτων</span> <span class='ocrx_word' id='word_1_675' title='bbox 2881 4016 3022 4073; x_wconf 82' lang='grc' dir='ltr'>ἐστὶν</span> <span class='ocrx_word' id='word_1_676' title='bbox 3081 4019 3117 4086; x_wconf 71' lang='grc' dir='ltr'>ἡ</span> <span class='ocrx_word' id='word_1_677' title='bbox 3174 4015 3426 4092; x_wconf 83' lang='grc' dir='ltr'>βασιλεία</span> <span class='ocrx_word' id='word_1_678' title='bbox 3470 4022 3584 4072; x_wconf 89' lang='grc' dir='ltr'>τῶν</span> <span class='ocrx_word' id='word_1_679' title='bbox 3618 4016 3885 4089; x_wconf 79' lang='grc' dir='ltr'>οὐρανῶν.</span> 
     </span>
    </p>
   </div>
   <div class='ocr_carea' id='block_1_98' title="bbox 2238 4102 3895 4184">
    <p class='ocr_par' dir='ltr' id='par_1_98' title="bbox 2238 4102 3895 4184">
     <span class='ocr_line' id='line_1_98' title="bbox 2238 4102 3895 4184; baseline -0.003 -22"><span class='ocrx_word' id='word_1_680' title='bbox 2238 4107 2338 4162; x_wconf 85' lang='grc' dir='ltr'>Καὶ</span> <span class='ocrx_word' id='word_1_681' title='bbox 2398 4104 2652 4183; x_wconf 80' lang='grc' dir='ltr'>ἀλλαχοῦ</span> <span class='ocrx_word' id='word_1_682' title='bbox 2701 4125 2886 4184; x_wconf 71' lang='grc' dir='ltr'>φησιν⁹</span> <span class='ocrx_word' id='word_1_683' title='bbox 2948 4107 3069 4160; x_wconf 77' lang='grc' dir='ltr'>Ἐὰν</span> <span class='ocrx_word' id='word_1_684' title='bbox 3134 4106 3209 4178; x_wconf 83' lang='grc' dir='ltr'>μή</span> <span class='ocrx_word' id='word_1_685' title='bbox 3268 4102 3501 4181; x_wconf 65' lang='grc' dir='ltr'>γένησθε</span> <span class='ocrx_word' id='word_1_686' title='bbox 3551 4107 3628 4168; x_wconf 85' lang='grc' dir='ltr'>ὡς</span> <span class='ocrx_word' id='word_1_687' title='bbox 3678 4106 3747 4160; x_wconf 73' lang='grc' dir='ltr'>τά</span> <span class='ocrx_word' id='word_1_688' title='bbox 3776 4124 3895 4159; x_wconf 86' lang='grc' dir='ltr'>παι-</span> 
     </span>
    </p>
   </div>
   <div class='ocr_carea' id='block_1_99' title="bbox 2239 4194 3897 4272">
    <p class='ocr_par' dir='ltr' id='par_1_99' title="bbox 2239 4194 3897 4272">
     <span class='ocr_line' id='line_1_99' title="bbox 2239 4194 3897 4272; baseline -0.002 -21"><span class='ocrx_word' id='word_1_689' title='bbox 2239 4194 2345 4270; x_wconf 76' lang='grc' dir='ltr'>δία,</span> <span class='ocrx_word' id='word_1_690' title='bbox 2373 4196 2435 4251; x_wconf 86' lang='grc' dir='ltr'>οὐ</span> <span class='ocrx_word' id='word_1_691' title='bbox 2470 4197 2545 4269; x_wconf 79' lang='grc' dir='ltr'>μὴ</span> <span class='ocrx_word' id='word_1_692' title='bbox 2583 4194 2863 4266; x_wconf 68' lang='grc' dir='ltr'>εἰσέλθητε</span> <span class='ocrx_word' id='word_1_693' title='bbox 2902 4194 2978 4257; x_wconf 77' lang='grc' dir='ltr'>είς</span> <span class='ocrx_word' id='word_1_694' title='bbox 3010 4196 3109 4264; x_wconf 77' lang='grc' dir='ltr'>τήν</span> <span class='ocrx_word' id='word_1_695' title='bbox 3149 4195 3428 4270; x_wconf 85' lang='grc' dir='ltr'>βασιλείαν</span> <span class='ocrx_word' id='word_1_696' title='bbox 3460 4199 3575 4251; x_wconf 86' lang='grc' dir='ltr'>τῶν</span> <span class='ocrx_word' id='word_1_697' title='bbox 3633 4194 3897 4272; x_wconf 79' lang='grc' dir='ltr'>οὐρανῶν.</span> 
     </span>
    </p>
   </div>
   <div class='ocr_carea' id='block_1_100' title="bbox 2236 4280 3905 4362">
    <p class='ocr_par' dir='ltr' id='par_1_100' title="bbox 2236 4280 3905 4362">
     <span class='ocr_line' id='line_1_100' title="bbox 2236 4280 3905 4362; baseline -0.002 -22"><span class='ocrx_word' id='word_1_698' title='bbox 2236 4290 2411 4341; x_wconf 78' lang='grc' dir='ltr'>Ταῦτα</span> <span class='ocrx_word' id='word_1_699' title='bbox 2442 4282 2764 4356; x_wconf 75' lang='grc' dir='ltr'>ἐπαιδεύθης</span> <span class='ocrx_word' id='word_1_700' title='bbox 2796 4281 2886 4340; x_wconf 77' lang='grc' dir='ltr'>διὰ</span> <span class='ocrx_word' id='word_1_701' title='bbox 2927 4285 3020 4339; x_wconf 89' lang='grc' dir='ltr'>τὸν</span> <span class='ocrx_word' id='word_1_702' title='bbox 3069 4284 3297 4357; x_wconf 67' lang='grc' dir='ltr'>κόσμον·</span> <span class='ocrx_word' id='word_1_703' title='bbox 3355 4286 3543 4362; x_wconf 87' lang='grc' dir='ltr'>μωρὸς</span> <span class='ocrx_word' id='word_1_704' title='bbox 3590 4288 3762 4361; x_wconf 81' lang='grc' dir='ltr'>γενυῦ</span> <span class='ocrx_word' id='word_1_705' title='bbox 3819 4280 3905 4338; x_wconf 72' lang='grc' dir='ltr'>διὰ</span> 
     </span>
    </p>
   </div>
   <div class='ocr_carea' id='block_1_101' title="bbox 2234 4370 3902 4452">
    <p class='ocr_par' dir='ltr' id='par_1_101' title="bbox 2234 4370 3902 4452">
     <span class='ocr_line' id='line_1_101' title="bbox 2234 4370 3902 4452; baseline -0.002 -24"><span class='ocrx_word' id='word_1_706' title='bbox 2234 4374 2326 4429; x_wconf 87' lang='grc' dir='ltr'>τὸν</span> <span class='ocrx_word' id='word_1_707' title='bbox 2356 4373 2503 4430; x_wconf 81' lang='grc' dir='ltr'>Θεόν·</span> <span class='ocrx_word' id='word_1_708' title='bbox 2533 4370 2763 4448; x_wconf 78' lang='grc' dir='ltr'>ἔκκοψον</span> <span class='ocrx_word' id='word_1_709' title='bbox 2796 4374 2862 4428; x_wconf 70' lang='grc' dir='ltr'>τά</span> <span class='ocrx_word' id='word_1_710' title='bbox 2885 4371 3118 4443; x_wconf 80' lang='grc' dir='ltr'>παλαιά,</span> <span class='ocrx_word' id='word_1_711' title='bbox 3144 4371 3336 4428; x_wconf 73' lang='grc' dir='ltr'>Ἱνανέα</span> <span class='ocrx_word' id='word_1_712' title='bbox 3357 4372 3792 4452; x_wconf 63' lang='grc' dir='ltr'>φυτεύσῃςποὺς</span> <span class='ocrx_word' id='word_1_713' title='bbox 3815 4391 3902 4425; x_wconf 90' lang='grc' dir='ltr'>σα-</span> 
     </span>
    </p>
   </div>
   <div class='ocr_carea' id='block_1_102' title="bbox 2236 4461 3904 4541">
    <p class='ocr_par' dir='ltr' id='par_1_102' title="bbox 2236 4461 3904 4541">
     <span class='ocr_line' id='line_1_102' title="bbox 2236 4461 3904 4541; baseline -0.002 -22"><span class='ocrx_word' id='word_1_714' title='bbox 2236 4463 2396 4541; x_wconf 69' lang='grc' dir='ltr'>θροὺς</span> <span class='ocrx_word' id='word_1_715' title='bbox 2425 4462 2713 4538; x_wconf 86' lang='grc' dir='ltr'>θεμελίους</span> <span class='ocrx_word' id='word_1_716' title='bbox 2763 4461 2980 4537; x_wconf 82' lang='grc' dir='ltr'>κάθελε,</span> <span class='ocrx_word' id='word_1_717' title='bbox 3022 4461 3116 4518; x_wconf 59' lang='grc' dir='ltr'>τίνςιι</span> <span class='ocrx_word' id='word_1_718' title='bbox 3143 4465 3241 4532; x_wconf 84' lang='grc' dir='ltr'>τήν</span> <span class='ocrx_word' id='word_1_719' title='bbox 3266 4461 3636 4537; x_wconf 86' lang='grc' dir='ltr'>ἀδαμάντινον</span> <span class='ocrx_word' id='word_1_720' title='bbox 3668 4468 3769 4520; x_wconf 75' lang='grc' dir='ltr'>τοῦ</span> <span class='ocrx_word' id='word_1_721' title='bbox 3798 4464 3904 4519; x_wconf 85' lang='grc' dir='ltr'>Κυ-</span> 
     </span>
    </p>
   </div>
   <div class='ocr_carea' id='block_1_103' title="bbox 2240 4549 3901 4629">
    <p class='ocr_par' dir='ltr' id='par_1_103' title="bbox 2240 4549 3901 4629">
     <span class='ocr_line' id='line_1_103' title="bbox 2240 4549 3901 4629; baseline -0.001 -22"><span class='ocrx_word' id='word_1_722' title='bbox 2240 4552 2360 4628; x_wconf 89' lang='grc' dir='ltr'>ρίου</span> <span class='ocrx_word' id='word_1_723' title='bbox 2395 4551 2547 4629; x_wconf 86' lang='grc' dir='ltr'>βάσιν</span> <span class='ocrx_word' id='word_1_724' title='bbox 2598 4552 2814 4627; x_wconf 79' lang='grc' dir='ltr'>ἐπιθῇς·</span> <span class='ocrx_word' id='word_1_725' title='bbox 2862 4550 2955 4607; x_wconf 66' lang='grc' dir='ltr'>ἵνα</span> <span class='ocrx_word' id='word_1_726' title='bbox 2986 4552 3077 4607; x_wconf 87' lang='grc' dir='ltr'>καὶ</span> <span class='ocrx_word' id='word_1_727' title='bbox 3104 4550 3165 4606; x_wconf 84' lang='grc' dir='ltr'>σὺ</span> <span class='ocrx_word' id='word_1_728' title='bbox 3198 4552 3271 4615; x_wconf 83' lang='grc' dir='ltr'>ὡς</span> <span class='ocrx_word' id='word_1_729' title='bbox 3307 4549 3655 4615; x_wconf 83' lang='grc' dir='ltr'>Ἀπόστολος</span> <span class='ocrx_word' id='word_1_730' title='bbox 3686 4551 3775 4607; x_wconf 82' lang='grc' dir='ltr'>ἐπὶ</span> <span class='ocrx_word' id='word_1_731' title='bbox 3805 4550 3901 4619; x_wconf 69' lang='grc' dir='ltr'>τὴν</span> 
     </span>
    </p>
   </div>
   <div class='ocr_carea' id='block_1_104' title="bbox 2239 4638 3111 4717">
    <p class='ocr_par' dir='ltr' id='par_1_104' title="bbox 2239 4638 3111 4717">
     <span class='ocr_line' id='line_1_104' title="bbox 2239 4638 3111 4717; baseline -0.001 -21"><span class='ocrx_word' id='word_1_732' title='bbox 2239 4641 2455 4717; x_wconf 70' lang='grc' dir='ltr'>στερεὰν</span> <span class='ocrx_word' id='word_1_733' title='bbox 2484 4639 2678 4716; x_wconf 65' lang='grc' dir='ltr'>πέτραν</span> <span class='ocrx_word' id='word_1_734' title='bbox 2721 4638 3111 4716; x_wconf 74' lang='grc' dir='ltr'>οἷκοδομηθῇς.</span> 
     </span>
    </p>
   </div>
   <div class='ocr_carea' id='block_1_105' title="bbox 2308 4725 3908 4808">
    <p class='ocr_par' dir='ltr' id='par_1_105' title="bbox 2308 4725 3908 4808">
     <span class='ocr_line' id='line_1_105' title="bbox 2308 4725 3908 4808; baseline -0.002 -23"><span class='ocrx_word' id='word_1_735' title='bbox 2308 4732 2398 4785; x_wconf 90' lang='grc'>87.</span> <span class='ocrx_word' id='word_1_736' title='bbox 2434 4729 2510 4787; x_wconf 86' lang='grc' dir='ltr'>Οὐ</span> <span class='ocrx_word' id='word_1_737' title='bbox 2545 4727 2627 4785; x_wconf 85' lang='grc' dir='ltr'>δεῖ</span> <span class='ocrx_word' id='word_1_738' title='bbox 2670 4728 2760 4785; x_wconf 73' lang='grc' dir='ltr'>οὖν</span> <span class='ocrx_word' id='word_1_739' title='bbox 2812 4729 3120 4808; x_wconf 79' lang='grc' dir='ltr'>φιλόνεικον</span> <span class='ocrx_word' id='word_1_740' title='bbox 3174 4729 3328 4785; x_wconf 71' lang='grc' dir='ltr'>εἶναι·</span> <span class='ocrx_word' id='word_1_741' title='bbox 3384 4727 3473 4784; x_wconf 83' lang='grc' dir='ltr'>διὰ</span> <span class='ocrx_word' id='word_1_742' title='bbox 3509 4731 3618 4800; x_wconf 74' lang='grc' dir='ltr'>τήν</span> <span class='ocrx_word' id='word_1_743' title='bbox 3651 4725 3908 4785; x_wconf 86' lang='grc' dir='ltr'>πολυλο-</span> 
     </span>
    </p>
   </div>
   <div class='ocr_carea' id='block_1_106' title="bbox 2237 4816 3905 4896">
    <p class='ocr_par' dir='ltr' id='par_1_106' title="bbox 2237 4816 3905 4896">
     <span class='ocr_line' id='line_1_106' title="bbox 2237 4816 3905 4896; baseline -0.002 -22"><span class='ocrx_word' id='word_1_744' title='bbox 2237 4819 2357 4895; x_wconf 81' lang='grc' dir='ltr'>γίαν</span> <span class='ocrx_word' id='word_1_745' title='bbox 2396 4820 2473 4893; x_wconf 83' lang='grc' dir='ltr'><strong>μή</strong></span> <span class='ocrx_word' id='word_1_746' title='bbox 2506 4818 2692 4876; x_wconf 76' lang='grc' dir='ltr'>πολλὰ</span> <span class='ocrx_word' id='word_1_747' title='bbox 2725 4818 3070 4896; x_wconf 80' lang='grc' dir='ltr'>ἀσχοληθῇς.</span> <span class='ocrx_word' id='word_1_748' title='bbox 3104 4820 3203 4874; x_wconf 77' lang='grc' dir='ltr'>Καὶ</span> <span class='ocrx_word' id='word_1_749' title='bbox 3252 4819 3354 4896; x_wconf 77' lang='grc' dir='ltr'>γὰρ</span> <span class='ocrx_word' id='word_1_750' title='bbox 3387 4816 3476 4875; x_wconf 75' lang='grc' dir='ltr'>διὰ</span> <span class='ocrx_word' id='word_1_751' title='bbox 3524 4827 3630 4891; x_wconf 86' lang='grc' dir='ltr'>τῆς</span> <span class='ocrx_word' id='word_1_752' title='bbox 3676 4818 3905 4894; x_wconf 83' lang='grc' dir='ltr'>ἀκαίρου</span> 
     </span>
    </p>
   </div>
   <div class='ocr_carea' id='block_1_107' title="bbox 2234 4902 3903 4986">
    <p class='ocr_par' dir='ltr' id='par_1_107' title="bbox 2234 4902 3903 4986">
     <span class='ocr_line' id='line_1_107' title="bbox 2234 4902 3903 4986; baseline -0.001 -24"><span class='ocrx_word' id='word_1_753' title='bbox 2234 4905 2501 4986; x_wconf 78' lang='grc' dir='ltr'>φλυαρίας</span> <span class='ocrx_word' id='word_1_754' title='bbox 2553 4904 2771 4963; x_wconf 82' lang='grc' dir='ltr'>δύναται</span> <span class='ocrx_word' id='word_1_755' title='bbox 2829 4905 3088 4984; x_wconf 84' lang='grc' dir='ltr'>βλάπτειν</span> <span class='ocrx_word' id='word_1_756' title='bbox 3140 4908 3168 4961; x_wconf 91' lang='lat'>6</span> <span class='ocrx_word' id='word_1_757' title='bbox 3201 4902 3479 4969; x_wconf 74' lang='grc' dir='ltr'>διάϐολος.</span> <span class='ocrx_word' id='word_1_758' title='bbox 3517 4906 3750 4971; x_wconf 74' lang='grc' dir='ltr'>Πολλὰς</span> <span class='ocrx_word' id='word_1_759' title='bbox 3802 4906 3903 4981; x_wconf 72' lang='grc' dir='ltr'>γὰρ</span> 
     </span>
    </p>
   </div>
   <div class='ocr_carea' id='block_1_108' title="bbox 2234 4994 3901 5074">
    <p class='ocr_par' dir='ltr' id='par_1_108' title="bbox 2234 4994 3901 5074">
     <span class='ocr_line' id='line_1_108' title="bbox 2234 4994 3901 5074; baseline -0.002 -22"><span class='ocrx_word' id='word_1_760' title='bbox 2234 4996 2351 5073; x_wconf 78' lang='grc' dir='ltr'>ἔχει</span> <span class='ocrx_word' id='word_1_761' title='bbox 2398 4994 2652 5074; x_wconf 82' lang='grc' dir='ltr'>παγίδας,</span> <span class='ocrx_word' id='word_1_762' title='bbox 2703 4997 2791 5053; x_wconf 83' lang='grc' dir='ltr'>καὶ</span> <span class='ocrx_word' id='word_1_763' title='bbox 2842 4995 3015 5060; x_wconf 87' lang='grc' dir='ltr'>δεινός</span> <span class='ocrx_word' id='word_1_764' title='bbox 3060 4997 3168 5052; x_wconf 88' lang='grc' dir='ltr'>ἐστι</span> <span class='ocrx_word' id='word_1_765' title='bbox 3203 5000 3491 5073; x_wconf 81' lang='grc' dir='ltr'>θηρευτής·</span> <span class='ocrx_word' id='word_1_766' title='bbox 3525 4998 3623 5052; x_wconf 81' lang='grc' dir='ltr'>καὶ</span> <span class='ocrx_word' id='word_1_767' title='bbox 3652 5003 3773 5059; x_wconf 85' lang='grc' dir='ltr'>τοῖς</span> <span class='ocrx_word' id='word_1_768' title='bbox 3810 4996 3901 5070; x_wconf 72' lang='grc' dir='ltr'>μὲν</span> 
     </span>
    </p>
   </div>
   <div class='ocr_carea' id='block_1_109' title="bbox 2236 5085 3905 5166">
    <p class='ocr_par' dir='ltr' id='par_1_109' title="bbox 2236 5085 3905 5166">
     <span class='ocr_line' id='line_1_109' title="bbox 2236 5085 3905 5166; baseline -0.002 -22"><span class='ocrx_word' id='word_1_769' title='bbox 2236 5090 2601 5166; x_wconf 87' lang='grc' dir='ltr'>βραχυτάτοις</span> <span class='ocrx_word' id='word_1_770' title='bbox 2650 5090 2957 5165; x_wconf 84' lang='grc' dir='ltr'>στρουθίοις</span> <span class='ocrx_word' id='word_1_771' title='bbox 3010 5090 3180 5165; x_wconf 75' lang='grc' dir='ltr'>μικρά</span> <span class='ocrx_word' id='word_1_772' title='bbox 3205 5087 3385 5159; x_wconf 88' lang='grc' dir='ltr'>τίθησι</span> <span class='ocrx_word' id='word_1_773' title='bbox 3418 5085 3728 5144; x_wconf 85' lang='grc' dir='ltr'>σκάνδαλα·</span> <span class='ocrx_word' id='word_1_774' title='bbox 3788 5092 3905 5149; x_wconf 78' lang='grc' dir='ltr'>τοῖς</span> 
     </span>
    </p>
   </div>
   <div class='ocr_carea' id='block_1_110' title="bbox 2233 5175 3907 5255">
    <p class='ocr_par' dir='ltr' id='par_1_110' title="bbox 2233 5175 3907 5255">
     <span class='ocr_line' id='line_1_110' title="bbox 2233 5175 3907 5255; baseline -0.002 -22"><span class='ocrx_word' id='word_1_775' title='bbox 2233 5175 2291 5233; x_wconf 76' lang='grc' dir='ltr'>δὲ</span> <span class='ocrx_word' id='word_1_776' title='bbox 2343 5176 2607 5255; x_wconf 85' lang='grc' dir='ltr'>μεγάλοις</span> <span class='ocrx_word' id='word_1_777' title='bbox 2658 5176 2868 5255; x_wconf 76' lang='grc' dir='ltr'>ὀρνέοις</span> <span class='ocrx_word' id='word_1_778' title='bbox 2920 5177 3180 5254; x_wconf 72' lang='grc' dir='ltr'>ἴσχυρνὺς</span> <span class='ocrx_word' id='word_1_779' title='bbox 3235 5176 3556 5254; x_wconf 80' lang='grc' dir='ltr'>εὐτρεπίζει,</span> <span class='ocrx_word' id='word_1_780' title='bbox 3604 5178 3741 5239; x_wconf 82' lang='grc' dir='ltr'>τοὺς</span> <span class='ocrx_word' id='word_1_781' title='bbox 3778 5175 3907 5253; x_wconf 88' lang='grc' dir='ltr'>βρό-</span> 
     </span>
    </p>
   </div>
   <div class='ocr_carea' id='block_1_111' title="bbox 2230 5266 3907 5345">
    <p class='ocr_par' dir='ltr' id='par_1_111' title="bbox 2230 5266 3907 5345">
     <span class='ocr_line' id='line_1_111' title="bbox 2230 5266 3907 5345; baseline -0.002 -23"><span class='ocrx_word' id='word_1_782' title='bbox 2230 5287 2387 5344; x_wconf 82' lang='grc' dir='ltr'>χους.</span> <span class='ocrx_word' id='word_1_783' title='bbox 2449 5266 2620 5344; x_wconf 62' lang='lat' dir='ltr'>Bap-hc</span> <span class='ocrx_word' id='word_1_784' title='bbox 2676 5267 2767 5323; x_wconf 79' lang='grc' dir='ltr'>καὶ</span> <span class='ocrx_word' id='word_1_785' title='bbox 2825 5267 3200 5345; x_wconf 68' lang='grc' dir='ltr'>θανατηφόροις</span> <span class='ocrx_word' id='word_1_786' title='bbox 3259 5266 3371 5322; x_wconf 85' lang='grc' dir='ltr'>ἐστὶ</span> <span class='ocrx_word' id='word_1_787' title='bbox 3429 5266 3651 5343; x_wconf 83' lang='grc' dir='ltr'>βρόχος</span> <span class='ocrx_word' id='word_1_788' title='bbox 3704 5267 3770 5321; x_wconf 89' lang='grc' dir='ltr'>τὸ</span> <span class='ocrx_word' id='word_1_789' title='bbox 3820 5286 3907 5320; x_wconf 87' lang='grc' dir='ltr'>πι-</span> 
     </span>
    </p>
   </div>
   <div class='ocr_carea' id='block_1_112' title="bbox 2230 5354 3912 5432">
    <p class='ocr_par' dir='ltr' id='par_1_112' title="bbox 2230 5354 3912 5432">
     <span class='ocr_line' id='line_1_112' title="bbox 2230 5354 3912 5432; baseline -0.001 -22"><span class='ocrx_word' id='word_1_790' title='bbox 2230 5355 2433 5411; x_wconf 83' lang='grc' dir='ltr'>στεύειν</span> <span class='ocrx_word' id='word_1_791' title='bbox 2464 5357 2596 5411; x_wconf 83' lang='grc' dir='ltr'>εἷναι</span> <span class='ocrx_word' id='word_1_792' title='bbox 2626 5356 2850 5432; x_wconf 73' lang='grc' dir='ltr'>γένεσιν.</span> <span class='ocrx_word' id='word_1_793' title='bbox 2906 5361 3204 5419; x_wconf 85' lang='grc' dir='ltr'>Φευκταῖος</span> <span class='ocrx_word' id='word_1_794' title='bbox 3253 5357 3282 5410; x_wconf 92' lang='lat'>6</span> <span class='ocrx_word' id='word_1_795' title='bbox 3330 5355 3467 5431; x_wconf 84' lang='grc' dir='ltr'>πρὸς</span> <span class='ocrx_word' id='word_1_796' title='bbox 3514 5360 3693 5411; x_wconf 81' lang='grc' dir='ltr'>τοῦτο</span> <span class='ocrx_word' id='word_1_797' title='bbox 3753 5354 3912 5429; x_wconf 89' lang='grc' dir='ltr'>λογι-</span> 
     </span>
    </p>
   </div>
   <div class='ocr_carea' id='block_1_113' title="bbox 2230 5442 3913 5523">
    <p class='ocr_par' dir='ltr' id='par_1_113' title="bbox 2230 5442 3913 5523">
     <span class='ocr_line' id='line_1_113' title="bbox 2230 5442 3913 5523; baseline -0.001 -23"><span class='ocrx_word' id='word_1_798' title='bbox 2230 5445 2391 5520; x_wconf 87' lang='grc' dir='ltr'>σμός.</span> <span class='ocrx_word' id='word_1_799' title='bbox 2435 5443 2612 5501; x_wconf 82' lang='grc' dir='ltr'>Ἀλλὰ</span> <span class='ocrx_word' id='word_1_800' title='bbox 2660 5444 2832 5501; x_wconf 91' lang='grc' dir='ltr'>πείθει</span> <span class='ocrx_word' id='word_1_801' title='bbox 2885 5464 2943 5501; x_wconf 88' lang='grc' dir='ltr'>σε</span> <span class='ocrx_word' id='word_1_802' title='bbox 2984 5442 3075 5500; x_wconf 75' lang='grc' dir='ltr'>διὰ</span> <span class='ocrx_word' id='word_1_803' title='bbox 3123 5443 3458 5523; x_wconf 84' lang='grc' dir='ltr'>πραγμάτων</span> <span class='ocrx_word' id='word_1_804' title='bbox 3503 5444 3600 5500; x_wconf 83' lang='grc' dir='ltr'>καὶ</span> <span class='ocrx_word' id='word_1_805' title='bbox 3657 5444 3913 5523; x_wconf 85' lang='grc' dir='ltr'>προγνώ-</span> 
     </span>
    </p>
   </div>
   <div class='ocr_carea' id='block_1_114' title="bbox 2231 5526 3910 5612">
    <p class='ocr_par' dir='ltr' id='par_1_114' title="bbox 2231 5526 3910 5612">
     <span class='ocr_line' id='line_1_114' title="bbox 2231 5526 3910 5612; baseline -0.001 -22"><span class='ocrx_word' id='word_1_806' title='bbox 2231 5552 2408 5605; x_wconf 76' lang='grc' dir='ltr'>σιωνς</span> <span class='ocrx_word' id='word_1_807' title='bbox 2471 5534 2843 5610; x_wconf 85' lang='grc' dir='ltr'>Στοχαστικὸς</span> <span class='ocrx_word' id='word_1_808' title='bbox 2898 5536 2928 5591; x_wconf 89' lang='lat'>6</span> <span class='ocrx_word' id='word_1_809' title='bbox 2983 5526 3210 5611; x_wconf 83' lang='grc' dir='ltr'>τρόπος·</span> <span class='ocrx_word' id='word_1_810' title='bbox 3270 5527 3527 5596; x_wconf 75' lang='grc' dir='ltr'>ἀϐέϐαιος</span> <span class='ocrx_word' id='word_1_811' title='bbox 3587 5536 3627 5605; x_wconf 78' lang='grc' dir='ltr'><strong>ὴ</strong></span> <span class='ocrx_word' id='word_1_812' title='bbox 3680 5534 3910 5612; x_wconf 85' lang='grc' dir='ltr'>γνώμη.</span> 
     </span>
    </p>
   </div>
   <div class='ocr_carea' id='block_1_115' title="bbox 532 5749 2253 5827">
    <p class='ocr_par' dir='ltr' id='par_1_115' title="bbox 532 5749 2253 5827">
     <span class='ocr_line' id='line_1_115' title="bbox 532 5749 2253 5827; baseline -0.002 -14"><span class='ocrx_word' id='word_1_813' title='bbox 532 5759 577 5796; x_wconf 74' lang='grc'>⁴⁶</span> <span class='ocrx_word' id='word_1_814' title='bbox 606 5755 762 5814; x_wconf 75' lang='lat' dir='ltr'>Peal.</span> <span class='ocrx_word' id='word_1_815' title='bbox 792 5770 917 5823; x_wconf 90' lang='lat' dir='ltr'>vm,</span> <span class='ocrx_word' id='word_1_816' title='bbox 947 5755 1002 5811; x_wconf 91' lang='lat'>3.</span> <span class='ocrx_word' id='word_1_817' title='bbox 1077 5753 1121 5788; x_wconf 78' lang='grc'>⁴³²</span> <span class='ocrx_word' id='word_1_818' title='bbox 1151 5750 1292 5808; x_wconf 91' lang='lat' dir='ltr'>Luc.</span> <span class='ocrx_word' id='word_1_819' title='bbox 1324 5765 1486 5820; x_wconf 78' lang='lat' dir='ltr'>xvm,</span> <span class='ocrx_word' id='word_1_820' title='bbox 1520 5750 1608 5806; x_wconf 88' lang='grc'>16.</span> <span class='ocrx_word' id='word_1_821' title='bbox 1690 5750 1735 5787; x_wconf 79' lang='grc'>⁴⁸</span> <span class='ocrx_word' id='word_1_822' title='bbox 1765 5749 1974 5809; x_wconf 83' lang='lat' dir='ltr'>Matth.</span> <span class='ocrx_word' id='word_1_823' title='bbox 2003 5768 2166 5827; x_wconf 66' lang='grc' dir='ltr'>πίνω,</span> <span class='ocrx_word' id='word_1_824' title='bbox 2195 5754 2253 5809; x_wconf 88' lang='lat'>3.</span> 
     </span>
    </p>
   </div>
  </div>
