4162 6376
305 414 448 473 1541

1440 411 1626 474 νιΤΑ
1674 410 2002 472 ΞΑΝΟΤᾸΞ
2047 409 2577 472 ΞΥΝΕΙΑΕἸῚΗΙΕ.

3552 423 3706 483 1542

297 541 431 597 Οὐδὲ
457 544 560 618 γὰρ
593 542 898 617 ἀναγκαίως
933 542 1317 607 ἀκολουθεῖτά
1373 544 1499 615 παρ’
1557 542 1732 596 άὺτῶν
1787 541 1944 616 λεγό-

2071 545 2231 597 firma
2277 545 2551 615 cognitio.
2587 544 2780 615 Neque
2827 548 2985 603 enim
3046 551 3373 605 necessario
3432 555 3707 609 eveniunt

301 650 452 704 μενα·
489 631 669 707 ὣσπερ
700 633 801 708 γάρ
830 637 944 693 τοῖς
973 630 1213 692 ἷδιώταις
1252 633 1341 686 καὶ
1393 637 1509 693 τοῖς
1559 629 1833 690 ναυτίλοις
1887 629 1946 683 ἐκ

295 724 391 789 τῆς
444 725 552 774 τῶν
602 725 776 798 νεφῶν
837 719 1110 791 ἰδιότητάς
1172 721 1281 775 ἐστί
1331 742 1413 781 τις
1478 717 1696 794 ἀμυδρὰ
1747 723 1943 794 γνῶσις

299 808 510 882 ἀνέμων
538 811 572 880 ἢ
606 811 792 865 ὑετῶν·
824 809 966 865 οὕτω
995 809 1212 871 τούτοις
1265 810 1324 864 ὲκ
1373 806 1647 880 δαιμόνων
1699 810 1730 876 ἡ
1782 806 1948 882 σαθρὰ

295 898 617 974 πρόγνωσις.
653 900 750 953 Καὶ
783 904 912 973 γοῦν
942 920 1062 954 τινα
1115 898 1204 953 καὶ
1253 897 1404 952 αὐτοὶ
1466 897 1682 971 λέγουσι
1742 915 1944 969 στοχα-

298 992 516 1053 στικῶς,
578 988 651 1050 ὡς
711 990 799 1042 καὶ
860 989 910 1042 οἱ
971 987 1410 1063 ἐγγαστρίμυθοι·
1471 985 1561 1040 καὶ
1612 990 1771 1039 τοῦτο
1805 982 1850 1037 δ’
1885 983 1942 1036 ἂν

295 1076 470 1131 αὑτῶν
509 1077 721 1150 μᾶλλον
757 1075 1099 1132 διασκεδάσαι
1132 1074 1388 1146 δυνηθείη
1419 1077 1518 1143 τήν
1567 1073 1778 1152 φαύλην
1832 1070 1946 1126 διά-

293 1187 464 1220 νοιαν·
527 1167 572 1221 εί
639 1167 742 1242 γάρ
821 1166 880 1221 ἐκ
935 1164 1209 1239 δαιμόνων
1271 1166 1324 1219 αἱ
1383 1164 1735 1240 στοχαστικαὶ
1797 1163 1951 1216 αὑται

297 1253 649 1332 ψευδολογίαι
708 1257 1054 1325 συνέστησαν,
1119 1255 1319 1328 ματαία
1370 1258 1478 1308 τῶν
1528 1252 1873 1332 ψηφιζὸντων
1915 1253 1950 1320 ἡ

295 1343 487 1420 τέχνη.

369 1436 457 1491 88.
491 1433 555 1491 Εἰ
588 1431 644 1490 δὶ
675 1433 761 1489 ἐπὶ
811 1431 1001 1489 πλεῖον
1052 1430 1328 1508 ένδεΛεχεῖ
1376 1433 1496 1507 περὶ
1532 1431 1705 1485 αὑτῶν
1742 1428 1948 1483 δικαιο-

299 1520 637 1600 λογοῦμενος
667 1525 695 1578 ὁ
729 1523 950 1598 ἐχθρὸς,
984 1522 1043 1578 ἐκ
1071 1522 1266 1577 τούτου
1295 1521 1453 1576 αὑτὸν
1475 1518 1739 1595 ἐλέγξεις,
1774 1517 1831 1572 ἐκ
1858 1521 1954 1572 τοῦ

301 1610 504 1667 ἄλλοτε
534 1612 729 1674 ἄλλοις
765 1611 1054 1688 λογισμοῖς
1084 1615 1152 1685 τῇ
1184 1615 1340 1686 ψυχῇ
1391 1609 1680 1682 πολεμεῖν.
1726 1609 1794 1661 Τὸ
1852 1607 1954 1680 γάρ

300 1698 527 1755 ἅσταυον
587 1695 862 1755 ἀϐέϐαιον·
923 1702 986 1754 τὸ
1036 1697 1093 1755 Si
1147 1694 1400 1754 ἀϐέϐαιον
1455 1697 1727 1758 ἀπωλείας
1777 1695 1956 1771 ἐγγύς,

302 1787 443 1847 Οὑδὶ
500 1790 603 1865 γὰρ
649 1793 718 1862 τῇ
770 1790 962 1863 πρώτῃ
1007 1789 1172 1843 αὑτοῦ
1219 1788 1381 1857 κακίᾳ
1430 1787 1737 1862 ὲπαρκεῖται
1783 1785 1810 1837 ὁ
1842 1781 1958 1837 διά-

309 1874 500 1939 ϐολος·
527 1876 673 1933 ἀλλᾶ
702 1899 764 1952 γε
793 1879 880 1932 καὶ
905 1877 1312 1950 αὐτοματισμὸν
1346 1870 1646 1930 ὑποϐάλλει
1677 1878 1744 1946 τῇ
1777 1875 1953 1946 ψυχῇ·

304 1969 391 2022 καὶ
427 1967 583 2030 ἄνθος
645 1967 855 2045 φύσεως
916 1967 1007 2022 τὸν
1068 1965 1311 2040 ἡγεμόνα
1366 1968 1525 2036 ἡμῶν
1567 1968 1687 2017 νοῦν
1719 1961 1952 2036 ὑπογρά-

315 2077 419 2134 φει·
451 2056 537 2110 καἓ
580 2056 684 2125 ὃτι,
721 2052 1084 2127 διαλυομένου
1121 2059 1218 2108 τοῦ
1251 2055 1524 2125 σώματος,
1573 2051 1954 2128 συμφθείρεται

321 2145 411 2200 καὶ
444 2148 478 2214 ἡ
511 2147 687 2219 ψυχή.
721 2144 896 2198 Ταῦτα
937 2141 994 2198 δὲ
1025 2146 1159 2214 ἡμῖν
1193 2142 1364 2197 πάντα
1397 2135 1696 2196 ὑποϐάλλει
1730 2140 1864 2213 πρὸς
1896 2139 1956 2192 τὸ

310 2233 537 2306 ἀμελείᾳ
579 2235 678 2302 τὴν
729 2235 912 2308 ψυχὴν
970 2229 1294 2309 διαφθεῖραι.
1356 2228 1531 2287 Ἀλλά
1589 2229 1956 2303 προσγινομέ·

305 2345 411 2377 νων
443 2322 648 2378 τούτων
679 2326 786 2377 τῶν
821 2319 1067 2376 σκιωδῶν
1100 2321 1513 2398 φαντασμάτων,
1567 2320 1642 2390 μή
1693 2318 1768 2379 ὡς
1819 2316 1956 2386 ἀλη-

310 2413 453 2476 θέσιν
513 2413 696 2474 αὑτοῖς
749 2411 1086 2483 συνθώμεθα.
1147 2414 1322 2464 Ταῦτα
1372 2409 1473 2483 γάρ
1525 2408 1700 2462 αὑτῶν
1733 2407 1832 2473 τήν
1860 2426 1955 2459 κα-

310 2501 430 2556 κίαν
491 2499 774 2567 δείκνυσιν,
833 2499 1038 2554 ἄλλοτε
1098 2496 1282 2559 ἄλλως
1360 2496 1796 2572 προσερχόμενα,
1867 2494 1956 2548 καὶ

313 2591 448 2668 ῥιπῇ
483 2589 770 2662 ὀφθαλμοῦ
801 2589 1164 2667 ἀφιπτάμενα.
1200 2587 1296 2641 Καὶ
1326 2591 1454 2663 γοῦν
1488 2582 1610 2640 οἶδά
1653 2605 1769 2638 τινα
1823 2587 1957 2638 Θεοῦ

309 2676 506 2734 δοῦλον
567 2679 682 2734 κατ’
731 2677 925 2754 ἀρετὴν
993 2678 1235 2752 βιοῦντα,
1286 2672 1451 2740 ὅστις,
1513 2673 1875 2746 καθεζόμενος
1907 2671 1958 2726 ἐν

307 2770 387 2841 τῷ
443 2766 678 2840 κελλίῳ,
736 2766 987 2837 ἐπετήρει
1052 2771 1160 2820 τῶν
1230 2764 1514 2838 λογισμῶν
1583 2763 1678 2824 τὰς
1737 2781 1956 2832 παρεισ-

308 2858 541 2933 αγωγάς,
574 2857 662 2910 καὶ
713 2855 926 2930 ἐμέτρει
957 2862 1114 2916 ποῖος
1146 2859 1384 2929 πρῶτος,
1432 2853 1519 2907 καὶ
1567 2857 1725 2913 ποῖος
1778 2849 1955 2905 δεύτε-

309 2967 424 3021 ρος,
469 2946 555 3000 καὶ
611 2943 840 3008 ἕκαστος
891 2945 1067 3000 αὐτῶν
1118 2943 1284 2998 πόσον
1336 2943 1533 3018 χρόνον
1585 2946 1823 3016 κατεῖχε·
1868 2940 1956 2994 καὶ

311 3035 357 3090 εἰ
391 3036 676 3111 ὑστέρησεν
710 3034 743 3104 ἢ
773 3034 1104 3110 προέφθασεν
1144 3041 1244 3102 τῆς
1297 3031 1675 3106 παρελθούσης
1724 3029 1954 3105 ἡμέρας·

309 3123 483 3186 οὕτως
539 3119 776 3197 ἀκριϐῶς
826 3124 1090 3193 ἠπίστατο
1138 3124 1235 3193 τήν
1285 3142 1344 3175 τε
1389 3125 1485 3174 τοῦ
1511 3125 1644 3175 Θεοῦ
1677 3121 1837 3194 χάριν
1869 3117 1957 3173 καὶ

297 3215 397 3281 τὴν
458 3212 660 3268 οἰκείαν
719 3211 998 3287 καρτερίαν
1054 3232 1113 3266 τε
1167 3212 1257 3265 καὶ
1318 3207 1567 3281 δύναμιν·
1617 3207 1693 3263 ἔτι
1726 3229 1788 3280 γε
1850 3209 1955 3280 μὴν

299 3302 389 3358 καὶ
421 3303 520 3370 τήν
552 3306 648 3356 τοῦ
677 3300 880 3377 ἐχθροῦ
911 3301 1236 3375 καθαίρεσιν.

375 3484 462 3536 89.
501 3489 625 3535 Δεον
655 3480 748 3534 οῦν
777 3481 926 3552 ἡμᾶς
956 3477 1185 3539 τούτους
1223 3478 1349 3538 τοὺς
1408 3477 1637 3538 κανόνας
1694 3472 1949 3544 ὑποδεξα-

310 3569 470 3642 μένας
505 3568 813 3648 φυλάττειν.
851 3565 920 3624 Ei’
937 3568 1038 3644 γὰρ
1070 3568 1122 3620 οἱ
1161 3565 1594 3640 ἐμπορευόμενοι
1641 3565 1736 3626 τάς
1781 3585 1950 3640 προσ-

304 3659 528 3734 καίρους
579 3656 954 3732 πραγματείας
996 3657 1112 3710 καθ’
1160 3654 1384 3726 ἑκάστην
1434 3654 1642 3728 ἡμέραν
1693 3659 1954 3728 ζυγοστα-

307 3753 460 3803 τοῦσι
489 3748 555 3803 τὰ
585 3744 773 3823 κέρδη·
807 3747 895 3802 καὶ
949 3745 1192 3817 ἀσμένως
1254 3746 1346 3816 μὲν
1397 3745 1462 3798 τὰ
1499 3743 1722 3798 πλείονα
1755 3739 1954 3798 ὑποδέ-

305 3857 522 3913 χονται,
556 3838 689 3911 πρὸς
721 3833 778 3889 δῖε
805 3836 899 3896 τὰς
934 3833 1134 3906 ζημίας
1163 3833 1577 3908 ἀπεχθάνονται·
1612 3831 1754 3887 πολὺ
1786 3830 1953 3887 πλέον

306 3925 514 3981 τούτων
576 3925 862 4000 ἀγρυπνεῖν
913 3925 1179 3998 προσήκει
1227 3921 1354 3982 τοὺς
1403 3922 1495 3975 τὸν
1545 3920 1806 3990 ἀληθινὸν
1856 3922 1954 3990 θη-

309 4016 502 4089 σαυρὸν
528 4014 1020 4089 ἐπιπορευομένους·
1055 4013 1144 4064 καὶ
1177 4014 1281 4064 τῶν
1319 4011 1414 4081 μὲν
1446 4008 1715 4084 πλειόνων
1746 4008 1953 4083 ἀγαθῶν

311 4104 568 4180 ἐφίεσθαι·
630 4103 671 4157 εἰ
735 4100 790 4156 δὲ
837 4101 925 4156 καὶ
980 4100 1143 4175 μικρά
1171 4120 1254 4160 τις
1293 4095 1475 4166 κλοπὴ
1508 4101 1604 4152 τοῦ
1638 4097 1839 4173 ἐχθροῦ
1870 4097 1958 4172 γέ-

310 4213 483 4265 νοιτο,
549 4192 756 4267 βαρέως
814 4191 906 4264 μὶν
960 4191 1136 4266 φέρειν
1189 4185 1277 4242 διὰ
1322 4187 1383 4242 τὸ
1414 4185 1708 4263 κρίνεσθαι,
1743 4184 1865 4241 ἀλλ’
1896 4185 1957 4240 οὐ

317 4283 424 4354 μὴν
458 4282 851 4357 ἀπογικώσκειν
886 4279 1130 4346 ³ἑαυτοὺς,
1161 4277 1250 4332 καὶ
1283 4277 1454 4331 πάντα
1503 4275 1708 4350 ῥίπτειν
1764 4272 1852 4329 διὰ
1897 4275 1959 4330 τὸ

308 4370 559 4426 ἀκούσιον
589 4375 852 4441 πταῖσμα.
880 4371 1069 4443 Ἔχεις
1098 4369 1166 4422 τὰ
1195 4366 1513 4436 ἐνενήκοντα
1561 4364 1704 4419 ἐννέα
1751 4359 1961 4439 πρόϐα-

309 4482 398 4531 τα,
435 4462 583 4530 ζήτει
615 4459 702 4514 καὶ
731 4459 795 4513 τὸ
821 4455 1136 4519 ἀπολωλός.
1167 4457 1252 4524 Mi]
1284 4458 1527 4528 πτοηθῇς
1559 4451 1648 4508 διὰ
1674 4454 1737 4508 τὸ
1766 4452 1844 4521 ἓν,
1883 4456 1957 4526 μή

313 4549 598 4628 ἀποφύγῃς
629 4549 720 4602 τὸν
772 4542 1068 4618 Δεσπότην,
1117 4546 1206 4600 καὶ
1258 4546 1284 4598 ὁ
1342 4539 1642 4619 αἱμοϐόρος
1702 4538 1961 4604 διάϐολος

313 4639 484 4695 πᾶσάν
525 4658 620 4692 σου
675 4638 774 4706 τὴν
835 4634 1036 4711 ἀγέλην
1081 4640 1188 4688 τῶν
1246 4633 1486 4708 πράξεων
1546 4631 1961 4707 αἰχμαλωτίσας

315 4727 590 4784 ἀπολέσει.
629 4727 720 4795 Μὴ
765 4723 856 4779 οὖν
901 4723 1331 4796 λειποτακτήσῃς
1383 4719 1472 4776 διὰ
1517 4723 1578 4776 τὸ
1627 4718 1704 4776 ἓν·
1766 4721 1965 4796 ἀγαθὸς

315 4819 418 4893 γάρ
452 4816 592 4872 ἐστιν
628 4817 655 4870 ὁ
687 4813 982 4884 Δεσπότης·
1018 4811 1148 4891 φησί
1193 4814 1292 4887 γὲιρ
1339 4809 1426 4864 διὰ
1475 4815 1572 4864 τοῦ
1623 4808 1965 4882 Ψαλμῳὸοῦ,

317 4907 393 4967 ὡς
426 4906 547 4962 Ἐὰν
582 4904 736 4977 πέσῃ,
788 4902 850 4957 οὐ
900 4900 1422 4977 καταῤῥαχθήσεται·
1477 4897 1560 4953 ὅτι
1621 4899 1968 4974 ὑποστηρίζει

318 4997 514 5070 Κύριος
546 5001 708 5070 χεῖρα
736 4993 916 5048 αὑτοῦ.

389 5089 478 5142 90.
510 5088 644 5138 Ὅσα
674 5084 778 5159 γὰρ
810 5082 896 5136 έαν
931 5080 1217 5156 πράξωμεν
1249 5079 1284 5148 ἢ
1326 5075 1669 5154 κερδάνωμεν
1724 5077 1966 5158 ἐνταῦθα9

328 5174 494 5250 μικρά
543 5174 884 5248 ἡγησώμεθα
937 5171 1068 5245 πρὸς
1114 5170 1204 5224 τὸν
1242 5166 1516 5241 μέλλοντα
1546 5165 1766 5220 αἰώνιον
1795 5165 1967 5220 πλοῦς

318 5287 434 5324 τον.
495 5266 582 5320 Ἐν
647 5262 748 5338 γὰρ
802 5264 870 5334 τῇ
929 5263 998 5336 γῇ
1046 5259 1214 5328 ταύτῃ
1261 5258 1334 5320 ὡς
1382 5257 1434 5311 ἐν
1485 5253 1705 5330 δευτέρᾳ
1740 5257 1971 5330 μητρῴᾳ

317 5351 504 5426 κοιλίᾳ
579 5353 940 5428 τυγχάνομεν.
1003 5352 1208 5424 Ὥσπερ
1287 5348 1384 5422 γὰρ
1468 5345 1518 5400 ἐν
1581 5343 1801 5406 ἐκείνοις
1853 5351 1970 5407 τοῖς

322 5449 525 5519 μυχοῖς
587 5440 649 5496 οὐ
708 5439 966 5510 τοιαύτην
1031 5439 1176 5508 ζωὴν
1237 5436 1484 5512 εἶ’χομεν·
1547 5432 1666 5488 οὔτε
1725 5434 1827 5509 γὰρ
1858 5438 1965 5487 τῶν

311 5531 576 5589 τοιούτων
609 5525 936 5606 στερεμνίων
995 5530 1211 5603 τροφῶν
1245 5522 1590 5598 ἀπελαύομεν
1640 5523 1693 5580 ἐν
1744 5521 1970 5586 ἐκείνοις

391 5753 436 5789 ⁸⁸
463 5750 618 5810 Pu].
649 5764 843 5824 mw,
871 5748 967 5804 24.

2055 648 2181 702 quea
2215 632 2286 686 ab
2319 633 2402 686 eis
2435 633 2853 703 pradicuntur.
2883 636 3021 692 Nam
3057 639 3211 692 sicut
3241 640 3618 709 pepuleribus
3650 651 3707 698 et

2058 721 2273 791 nautis,
2307 738 2374 775 ex
2426 722 2671 776 nubium
2707 727 3079 795 preprietate,
3113 729 3379 797 quaedam
3425 729 3573 786 inest
3605 738 3707 788 ob-

2057 829 2230 866 scura
2260 817 2562 867 ventorum
2615 819 2670 866 et
2720 814 3046 884 pluviarum
3083 818 3316 884 notitia;
3361 821 3439 874 ita
3487 829 3543 876 et
3595 824 3709 879 illis

2061 900 2233 956 fallax
2267 917 2335 955 ex
2367 902 2730 957 daemonibus
2763 905 3142 974 praescientia.
3179 908 3243 960 Et
3277 925 3405 961 vero
3438 914 3706 981 quasdam

2059 988 2142 1043 illi
2180 1007 2280 1059 per
2310 990 2702 1060 conjecturam
2740 994 3070 1062 proferunt;
3119 999 3613 1065 quemadmodum
3657 1008 3714 1056 et

2061 1079 2460 1150 ventriloqui:
2510 1081 2662 1152 quod
2719 1098 2860 1134 sane
2919 1082 3114 1152 ipsum
3167 1084 3413 1139 validius
3468 1092 3716 1158 potuerit

2062 1185 2297 1239 pravam
2331 1186 2533 1224 eorum
2566 1169 2899 1240 Opinionem
2936 1171 3243 1244 dissipare.
3280 1174 3421 1230 Nam
3455 1179 3500 1231 si
3537 1195 3568 1232 a
3599 1181 3714 1233 da:-

2065 1258 2336 1311 monibus
2366 1258 2790 1328 conjecturalia
2823 1260 2941 1313 haec
2977 1261 3300 1329 mendacia,
3328 1281 3474 1319 vana
3503 1274 3592 1321 est
3623 1287 3718 1324 ars

2065 1346 2425 1401 nativitatem
2461 1347 2935 1419 supputantium.

2135 1437 2221 1488 88.
2257 1435 2415 1498 Quod
2448 1436 2495 1491 si
2530 1436 2721 1491 adhuc
2771 1445 3094 1507 perseveret
3145 1440 3419 1498 inimicus
3449 1447 3716 1503 eamdem

2066 1541 2303 1579 causam
2340 1543 2728 1597 propugnare,
2753 1545 2818 1580 ex
2850 1527 2957 1581 hoc
2988 1545 3120 1582 eum
3159 1533 3444 1588 mendacii
3478 1537 3716 1591 convin-

2067 1630 2183 1679 ces,
2207 1614 2358 1684 quod
2394 1615 2563 1669 modo
2595 1615 2711 1670 illis
2744 1616 2912 1669 modo
2955 1617 3085 1671 aliis
3115 1619 3569 1689 cogitationibus
3603 1625 3717 1680 im-

2068 1708 2288 1772 pugnet
2339 1703 2621 1758 animam.
2660 1703 2932 1758 lnstabile
2964 1705 3193 1775 quidvis
3245 1708 3543 1766 infirmum
3576 1718 3667 1768 est
3700 1730 3713 1768 :

2069 1790 2368 1846 inﬁrmum
2417 1796 2612 1846 autem
2663 1797 2752 1846 est
2805 1794 3130 1862 proximum
3185 1796 3464 1854 interitui.
3519 1801 3716 1870 Neque

2069 1880 2222 1934 enim
2248 1881 2390 1935 satis
2413 1880 2643 1936 diabolo
2665 1887 2752 1935 est
2785 1881 2968 1951 prima
2993 1901 3100 1937 sua
3125 1885 3376 1951 malitia;
3411 1891 3509 1944 sed
3537 1892 3713 1948 etiam

2069 1967 2370 2022 fortuitum
2407 1985 2600 2023 rerum
2653 1975 2923 2024 eventum
2979 1972 3187 2026 animae
3238 1980 3530 2044 suggerit;
3584 1982 3716 2035 ani-

2068 2074 2351 2127 mumque
2392 2063 2672 2112 rectorem
2727 2064 2991 2113 nostrum
3040 2062 3265 2129 definit,
3297 2064 3493 2120 ﬂorem
3548 2076 3714 2124 natu-

2069 2164 2189 2201 ra):
2235 2148 2516 2218 docetque
2564 2148 2855 2203 dissoluto
2911 2166 3169 2220 corpore,
3221 2154 3480 2210 animam
3539 2159 3717 2215 simul

2068 2236 2385 2306 corrumpi.
2412 2235 2541 2289 Haec
2563 2241 2757 2290 autem
2785 2237 2981 2290 omnia
3005 2239 3342 2306 subjicit,ut
3361 2260 3430 2298 ex
3451 2248 3720 2302 socordia

2068 2325 2324 2379 animam
2359 2326 2610 2380 deducat
2662 2325 2718 2379 in
2772 2327 3107 2397 perniciem.
3141 2329 3248 2383 Sed
3307 2323 3718 2392 accedentibus

2068 2413 2405 2485 caliginosis
2438 2414 2775 2484 hujusmodi
2813 2416 3157 2486 phantasiis,
3184 2435 3253 2473 ne
3281 2419 3395 2475 illis
3418 2425 3586 2494 quasi
3618 2441 3714 2480 ve-

2069 2502 2148 2556 ris
2181 2503 2594 2558 assentiamur.
2625 2505 2751 2576 lpsa
2781 2505 2996 2577 quippe
3040 2523 3204 2560 suam
3260 2511 3514 2579 produnt
3547 2512 3716 2567 mali-

2069 2591 2378 2662 gnitatem,
2417 2609 2568 2645 nunc
2602 2591 2720 2660 ille,
2757 2610 2889 2647 mox
2920 2592 3034 2648 alio
3066 2596 3238 2649 modo
3271 2599 3626 2666 accedentia,
3661 2607 3719 2658 et

2068 2680 2184 2734 ictu
2217 2679 2368 2735 oculi
2403 2681 2712 2736 avolantia.
2736 2680 2874 2736 Novi
2908 2683 3162 2754 aliquem
3199 2685 3289 2740 Dei
3322 2704 3576 2755 servum,
3604 2691 3713 2745 vir-

2069 2769 2329 2840 tutisque
2380 2770 2733 2840 studiosum,
2769 2772 2866 2842 qui
2917 2789 3050 2826 cum
3099 2774 3327 2828 sederet
3374 2777 3431 2831 in
3484 2779 3713 2850 cellula,

2068 2857 2489 2929 cogitationum
2523 2859 2720 2913 aditus
2751 2861 3113 2928 observabat,
3150 2879 3213 2917 ac
3245 2880 3444 2919 secum
3479 2875 3708 2938 reputa-

2071 2949 2167 3002 bat
2199 2947 2335 3018 quid
2371 2949 2646 3018 primum,
2684 2950 2822 3020 quid
2869 2953 3191 3006 secundum
3225 2961 3398 3019 esset,
3423 2963 3479 3011 et
3528 2976 3713 3029 quan-

2067 3042 2191 3092 tum
2226 3038 2505 3108 temporis
2557 3041 3020 3110 unumquodque
3071 3041 3328 3112 ipsorum
3383 3061 3711 3116 persevera-

2070 3131 2155 3181 ret
2189 3144 2199 3180 :
2236 3143 2300 3181 ac
2331 3125 2378 3179 si
2411 3126 2632 3180 tardius
2675 3127 2920 3182 citiusve
2953 3146 3128 3199 quam
3179 3132 3361 3202 pridie
3393 3138 3712 3194 accederet.

2071 3217 2152 3269 Ita
2182 3220 2450 3269 accurate
2495 3221 2734 3269 noverat
2783 3231 2914 3270 cum
2966 3217 3212 3287 gratiam
3255 3221 3370 3289 Dei,
3406 3228 3532 3278 tum
3586 3244 3715 3298 pro-

1983 3290 2025 3356 C
2065 3303 2251 3375 priam
2303 3305 2796 3375 perseverantiam
2841 3309 2897 3358 et
2959 3306 3381 3380 fortitudinem,
3415 3290 3600 3384 atque.
3640 3317 3711 3371 ad

2061 3393 2182 3448 haec
2215 3392 2431 3447 inimici
2465 3393 2846 3448 eversionem.

2131 3481 2220 3534 89.
2252 3481 2356 3535 Par
2384 3485 2472 3536 est
2500 3497 2636 3552 ergo
2669 3498 2773 3536 nos
2812 3499 2911 3536 eas
2944 3490 3210 3556 acceptas
3245 3488 3478 3560 regulas
3511 3493 3718 3550 obser-

2063 3586 2212 3624 vare.
2236 3568 2378 3624 Nam
2411 3569 2458 3624 si
2493 3569 2590 3641 qui
2625 3586 2818 3624 rerum
2873 3575 3283 3644 temporalium
3321 3585 3709 3637 mercaturam

2063 3663 2348 3724 exercent,
2376 3659 2632 3728 quotidie
2663 3658 2822 3714 lucra
2849 3661 3243 3730 considerant,
3271 3664 3518 3722 libenter
3548 3668 3716 3740 plura

2067 3748 2374 3819 recipiunt,
2423 3748 2638 3803 damna
2696 3755 3082 3805 aversantur:
3121 3753 3303 3808 multo
3353 3756 3540 3828 magis
3579 3775 3715 3813 con-

2069 3838 2224 3892 venit
2255 3853 2352 3891 eos
2386 3836 2621 3906 vigilare
2654 3837 2754 3908 qui
2802 3838 2918 3892 veri
2954 3839 3210 3894 thesauri
3262 3846 3717 3914 negotiationem

2066 3930 2364 3991 exercent;
2420 3925 2704 3996 pluraque
2758 3927 2908 3982 bona
2956 3934 3244 4000 appetere.
3279 3934 3440 3997 Quod
3490 3937 3537 3989 si
3589 3953 3720 4006 par-

2068 4031 2201 4068 vum
2263 4014 2484 4068 inimici
2545 4016 2762 4069 furtum
2818 4018 3147 4088 contigerit,
3182 4021 3434 4092 graviter
3482 4025 3718 4094 quidem

2071 4101 2444 4171 ferrejudicii
2492 4102 2781 4156 subeundi
2835 4120 3032 4167 causa,
3067 4123 3170 4160 nec
3218 4113 3411 4163 tamen
3464 4111 3721 4182 despon—

2069 4191 2205 4244 dere
2265 4189 2553 4258 animum,
2600 4207 2787 4259 neque
2836 4199 3048 4246 cuncta
3105 4201 3340 4266 propter
3393 4197 3723 4255 involunta-

2071 4277 2222 4332 rium
2275 4277 2505 4348 lapsum
2563 4278 2859 4348 projicere.
2910 4283 3098 4334 Habes
3151 4284 3468 4356 nonaginta
3518 4304 3723 4344 novem

2070 4384 2224 4437 oves,
2258 4383 2447 4437 quaere
2477 4365 2638 4420 illam
2673 4385 2800 4438 qua:
2846 4369 3014 4439 periit
3048 4387 3059 4422 :
3098 4388 3167 4425 ne
3200 4375 3375 4427 unius
3408 4376 3726 4433 amissione

2070 4456 2485 4520 consterneris,
2521 4473 2708 4526 neque
2740 4458 2930 4528 fugias
2958 4477 2990 4512 a
3023 4460 3165 4515 facie
3203 4463 3449 4533 Domini,
3483 4482 3554 4521 ne
3584 4483 3726 4521 san-

2072 4543 2377 4615 guinarius
2410 4543 2677 4598 diabolus
2721 4550 2909 4599 totum
2965 4547 3260 4603 actionum
3312 4555 3546 4607 tuarum
3597 4570 3726 4625 gre-

2003 4661 2042 4724 D
2074 4649 2230 4724 gem,
2285 4635 2342 4687 in
2392 4633 2797 4724 captivitatem
2860 4635 3174 4692 deductum
3235 4639 3554 4710 disperdat.
3600 4643 3726 4698 Noli

2078 4723 2271 4793 itaque
2305 4722 2480 4776 unius
2522 4739 2698 4777 causa
2746 4723 2934 4778 locum
2990 4725 3256 4782 amittere
3306 4735 3495 4786 tuum.
3530 4732 3728 4789 Bonus

2078 4818 2167 4867 est
2203 4811 2480 4866 Dominus
2512 4814 2609 4881 qui
2648 4827 2746 4882 per
2779 4810 3147 4868 Psalmistam
3183 4816 3263 4870 ait
3295 4834 3307 4870 :
3347 4822 3485 4873 Cum
3515 4823 3727 4878 cecide-

2077 4904 2152 4956 rit
2198 4918 2311 4955 non.
2356 4901 2668 4967 collidatur,
2699 4903 2833 4971 quia
2885 4902 3142 4957 Dominus
3189 4909 3444 4976 supponit
3492 4925 3724 4965 manum

2077 5008 2255 5046 suam.

2152 5082 2306 5136 630
2353 5081 2441 5135 90.
2476 5082 2844 5154 Quaecunque
2895 5084 2987 5137 hic
3041 5085 3312 5157 negotiati
3367 5093 3466 5143 aut
3515 5089 3726 5147 lucrati

2083 5169 2388 5229 fuerimus,
2426 5171 2582 5240 parvi
2620 5172 2893 5225 momenti
2929 5178 3286 5242 reputemus,
3322 5175 3367 5229 si
3402 5193 3536 5232 cum
3571 5181 3727 5233 futu-

2082 5259 2160 5312 ris
2183 5259 2414 5313 zeternis
2445 5260 2656 5329 opibus
2688 5268 3120 5332 comparentur.
3157 5262 3217 5317 In
3244 5263 3349 5319 bac
3371 5266 3588 5338 quippe
3619 5273 3730 5323 ter-

2081 5365 2162 5410 ra,
2191 5346 2345 5401 velut
2393 5347 2450 5400 in
2504 5349 2762 5402 secundo
2804 5355 2964 5404 utero
3016 5357 3278 5408 materno
3323 5355 3726 5412 consistimus.

2079 5435 2583 5501 Quemadmodum
2631 5437 2787 5489 enim
2841 5437 2897 5491 in
2951 5437 3223 5495 claustris
3276 5443 3578 5510 maternis,
3611 5462 3728 5501 non

2080 5524 2217 5580 huic
2262 5522 2516 5580 similem
2567 5524 2800 5595 agimus
2826 5524 3023 5596 vitam,
3057 5545 3246 5601 neque
3291 5532 3447 5587 enim
3497 5531 3616 5590 illic
3648 5535 3731 5593 ita
