4162 6370
457 433 476 489 ι
491 433 607 493 543

1621 428 1683 490 S.
1733 422 2255 491 ATHANASIUS.
2283 464 2358 473 —
2391 429 2700 495 SPURIA.

3708 444 3851 505 1544

454 566 659 621 solidis
690 565 835 621 cibis
873 577 933 623 ut
958 582 1112 622 nunc
1156 567 1397 621 utimur.
1432 563 1555 619 Non
1592 564 1794 620 eodem
1828 562 1906 618 ibi
1941 563 2111 624 modo

2226 566 2340 623 τοῖς
2371 563 2603 638 χωρίοις
2636 566 2711 628 ὡς
2737 568 2846 620 νῦν*
2882 566 3005 623 οὕτε
3037 569 3144 642 μήν
3172 566 3345 632 οὕτως
3396 569 3621 649 ἐνεργεῖν
3668 571 3850 645 ἠδυνά-

455 656 681 727 0perari
732 653 968 725 licebat,
1018 672 1129 726 quo
1182 655 1241 708 in
1291 654 1399 708 hac
1446 654 1595 721 vita;
1639 651 1847 707 solaris
1896 651 2114 723 quippe

450 743 600 800 lucis
640 746 952 817 omnisque
983 745 1316 818 splendoris
1361 749 1627 815 expertes
1659 759 1914 800 eramus.
1947 741 2113 797 Sicut

452 853 584 908 ergo
633 836 691 892 in
742 837 1019 893 claustris
1068 837 1480 906 hujuscmnodi
1533 839 1855 901 versantes,
1906 831 2111 887 multis

453 927 759 998 praesentis
789 926 915 980 vita:
949 928 1124 982 rebus
1157 926 1659 991 destituebamur;
1694 924 1777 978 ita
1822 926 1879 978 et
1907 921 1967 976 in
1999 921 2112 976 hoc

453 1018 675 1073 mundo
725 1017 1146 1073 defraudamur
1192 1016 1363 1089 longe
1414 1015 1623 1088 potiori
1676 1011 2113 1086 magniﬁcentia

453 1105 616 1177 regni
662 1105 963 1162 cmlorum.
1017 1104 1346 1161 Periculum
1403 1106 1646 1160 fecimus
1695 1103 2110 1159 alimentorum

451 1194 633 1266 hujus
658 1195 1155 1267 vitae,divinajam
1181 1190 1866 1267 expectamusPrmsenti
1886 1188 2112 1246 lumine

453 1283 622 1356 potiti
654 1300 891 1351 sumus;
925 1282 1104 1340 solem
1130 1284 1376 1357 justitiaz
1410 1301 1567 1339 nunc
1597 1288 1978 1355 exoptemus;
2012 1296 2110 1336 su-

452 1390 696 1446 pernam
735 1374 1090 1444 Jerusalem,
1121 1392 1223 1447 pro
1276 1375 1507 1431 civitate
1556 1378 1858 1447 matreque
1912 1378 2112 1428 nostra

450 1462 810 1532 habeamus;
858 1467 1083 1536 patrem
1115 1480 1249 1520 vero
1279 1469 1549 1520 nostrum
1592 1479 1870 1519 vocemus
1900 1461 2107 1517 Deum.

452 1552 557 1609 Hic
586 1552 852 1610 vivamus
895 1558 1314 1627 temperanter,
1347 1559 1411 1610 ut
1435 1554 1617 1610 vitam
1666 1557 1943 1609 aeternam
1977 1567 2111 1606 con-

452 1657 793 1714 sequamur.

519 1729 610 1784 91.
661 1729 1168 1794 Quemadmodum
1226 1731 1379 1786 enim
1438 1730 1694 1786 infantes
1742 1730 1800 1784 in
1867 1725 2110 1783 matrice

450 1816 777 1885 constituti,
812 1819 883 1873 ad
925 1820 1202 1889 majorem
1239 1819 1655 1891 perfectionem
1688 1835 1757 1874 ex
1787 1816 1949 1874 tenui
1980 1815 2109 1871 cibo

2226 661 2362 722 μεθα
2409 652 2483 713 ὡς
2534 651 2777 709 ἐνταῦθα·
2833 656 2922 711 καί⁵
2969 657 3071 733 γὰρ
3118 663 3215 713 τοῦ
3264 658 3499 728 ἡλιακοῦ
3547 664 3719 739 φωτὸς
3763 665 3848 719 καὶ

2221 738 2400 808 πάσης
2462 740 2635 817 αὐγῆς
2687 743 2840 807 ἐκτὸς
2890 745 3236 823 ὑπήρχομεν·
3290 747 3468 824 ὣσπερ
3516 738 3604 804 οὖν
3645 750 3693 805 ἐν
3726 751 3849 808 ἐκεί-

2220 848 2332 889 νοις
2357 835 2480 891 τοῖς
2510 831 2779 904 ταμιείοις
2811 830 2984 903 οὖσαι,
3016 833 3243 892 πολλῶν
3290 842 3397 892 τῶν
3457 837 3672 895 ἐνταῦθα
3716 839 3847 896 ἐλει-

2221 916 2453 989 πόμεθα”
2491 918 2664 983 οὕτως
2695 922 2784 976 καὶ
2819 921 2871 977 ἐν
2918 922 2995 996 τῷ
3024 928 3114 979 νῦν
3165 924 3358 1000 κόσμῳ
3397 925 3849 1005 πλεονεκτούμεθα

2219 1005 2357 1081 πρὸς
2385 1008 2483 1077 τὴν
2515 1012 2622 1063 τῶν
2664 1009 2905 1086 οὐρανῶν
2961 1011 3264 1088 βασιλείαν.
3316 1010 3621 1089 Ἐλάϐομεν
3671 1024 3845 1094 πεῖραν

2219 1097 2326 1150 τῶν
2360 1094 2581 1153 ἐνταῦθα
2609 1104 2846 1177 τροφῶν,
2875 1106 2983 1156 τῶν
3036 1102 3192 1157 θείων
3222 1102 3563 1180 ὀρεχθῶμεν.
3597 1107 3847 1164 Ἀπελαό-

2222 1204 2386 1257 σαμεν
2417 1189 2514 1240 τοῦ
2546 1185 2766 1244 ἐνταῦθα
2795 1190 2998 1267 φωτὸς,
3028 1191 3118 1246 τὸν
3165 1191 3327 1261 ἥλιον
3371 1196 3469 1262 τῆς
3520 1191 3843 1267 δικαιοσύνης

2220 1274 2568 1347 ποθήσωμεν·
2613 1277 2719 1345 Τὴν
2752 1275 2864 1333 ἄνω
2904 1278 3216 1357 Ἰερουσαλή
3228 1304 3267 1355 μ
3297 1282 3635 1358 ἡγησώμεθα
3663 1284 3843 1340 ἑαυτῶν

2219 1359 2384 1416 πόλιν
2409 1384 2467 1419 τε
2514 1365 2604 1420 καὶ
2657 1366 2885 1443 μητέρα·
2934 1369 3137 1443 πατέρα
3185 1366 3244 1424 δὲ
3270 1369 3362 1424 τὸν
3396 1370 3524 1426 Θεὸν
3555 1371 3846 1446 καλέσωμεν

2221 1451 2444 1507 ἑαυτῶν.
2479 1455 2739 1529 Ζήσωμεν
2774 1455 2996 1511 ἐνταῦθα
3025 1456 3338 1537 σωφρόνως,
3365 1457 3454 1514 ἵνα
3502 1461 3600 1529 τῆς
3645 1461 3849 1517 αἰωνίου

2222 1545 2334 1612 ζωῆ
2368 1540 2649 1619 τύχωμεν.

2289 1721 2609 1797 91.’¹Ωσπερ
2650 1723 2754 1799 γὰρ
2809 1723 2876 1778 τὰ
2918 1722 2968 1779 ἒν
3023 1726 3205 1801 μήτρᾳ
3265 1725 3465 1804 βρέφη,
3519 1726 3852 1792 τελειωθέντα
3896 1746 3901 1749 ⁷

2220 1807 2271 1879 ἐξ
2304 1807 2593 1874 ἐλάττονος
2621 1818 2828 1890 τροφῆς
2858 1833 2916 1868 τε
2945 1813 3034 1868 καὶ
3069 1818 3234 1888 ζωῆς,
3268 1810 3358 1870 διὰ
3384 1816 3581 1871 τούτου
3608 1815 3695 1870 καὶ
3727 1817 3854 1894 πρὸς

451 1910 627 1978 atque
655 1906 777 1962 vita
818 1906 1075 1975 deducti,
1109 1923 1213 1980 per
1259 1906 1359 1962 illa
1407 1907 1476 1963 ad
1530 1907 1812 1980 majorem
1860 1905 2107 2003 vegetio-

2225 1898 2318 1966 τήν
2378 1898 2596 1971 μείζονα
2636 1898 2883 1979 φέρονται
2936 1904 3232 1978 σωτήριανσ
3269 1902 3444 1967 οὓτως
3472 1904 3560 1960 καὶ
3591 1906 3642 1960 οἱ
3670 1903 3854 1961 δίκαιοι

2227 1986 2241 2003 ς
2346 1994 2375 2003 -
2530 1992 2555 2003 ..
2652 1988 2664 2003 .
2867 1987 2891 2003 κ
3082 1996 3109 2003 μ
3271 1994 3283 2003 .
3420 1995 3432 2003 .
3520 1991 3544 2003 ..
3788 1994 3797 2003 .

450 2010 691 2065 remque
750 1992 1181 2050 incolumitatis
1234 1994 1632 2051 conditionem
1684 1995 1981 2061 feruntur;
2037 1992 2114 2046 ita

453 2082 630 2138 etiam
677 2081 827 2154 justi
866 2098 933 2139 ex
965 2082 1229 2140 saeculari
1280 2083 1553 2141 instituto
1602 2084 1675 2140 ad
1726 2084 1835 2139 iter
1881 2080 2114 2138 caeleste

454 2170 761 2241 secedunt,
793 2169 947 2227 sicut
996 2170 1282 2245 scriptum
1333 2175 1424 2227 est
1456 2190 1469 2229 :
1503 2171 1664 2228 Ibunt
1708 2170 1775 2228 de
1823 2172 2025 2227 virtute
2053 2170 2115 2225 in

458 2259 801 2319 virtutem“.
836 2259 1171 2317 Peccatores
1202 2265 1422 2327 autem,
1445 2260 1603 2318 velut
1631 2261 1801 2316 {citus
1830 2258 1977 2316 uteri
2012 2257 2111 2330 qui

460 2350 520 2406 in
555 2350 795 2407 matrice
827 2352 1142 2422 intereunt,
1176 2370 1245 2409 ex
1275 2353 1532 2410 tenebris
1562 2354 1620 2409 in
1651 2353 1924 2409 tenebras
1954 2355 2114 2407 tran-

458 2439 779 2497 sferuntur.
814 2441 872 2496 ln
905 2446 1061 2498 terra
1104 2459 1360 2514 namque
1389 2441 1565 2499 morti
1595 2442 1931 2508 traduntur,
1969 2437 2114 2496 mul-

457 2526 710 2584 titudine
762 2534 1135 2601 peccatorum
1167 2529 1384 2585 obruti.
1414 2529 1734 2601 Postquam
1766 2533 1961 2585 autem
1996 2529 2113 2583 fue-

457 2613 577 2671 rint
603 2632 673 2672 ex
704 2615 811 2673 bac
849 2617 969 2673 vita
1012 2617 1244 2689 dejecti,
1277 2617 1336 2672 in
1368 2618 1707 2675 obscuriora
1757 2622 1815 2674 et
1856 2620 2114 2673 tartareo.

460 2703 583 2761 loca
621 2706 1175 2781 detruduntur(93).
1203 2707 1316 2764 Ter
1361 2706 1422 2763 in
1471 2707 1590 2763 vita
1636 2706 1956 2763 nascimur.
1988 2705 2111 2762 Pri-

460 2808 556 2849 ma
586 2795 888 2867 generatio
938 2801 1027 2852 est
1075 2814 1142 2852 ex
1192 2797 1325 2852 sinu
1376 2799 1640 2852 materno
1670 2796 1881 2865 exitus,
1914 2813 2049 2851 cum
2081 2812 2115 2851 a

461 2884 613 2938 terra
642 2881 703 2938 in
745 2887 964 2939 terram
1014 2883 1249 2957 agimur
1281 2902 1293 2941 :
1328 2883 1565 2957 reliqum
1620 2888 1814 2941 autem
1864 2885 2012 2952 duae,
2045 2901 2116 2940 ex

457 2974 613 3028 terra
645 2989 751 3028 nos
782 2972 1037 3029 evehunt
1081 2972 1140 3029 in
1190 2972 1438 3043 coelum;
1472 2990 1726 3047 quarum
1781 2974 1963 3031 altera
2012 2990 2115 3046 per

454 3055 706 3132 gratiam
738 3067 850 3134 est,
883 3079 1011 3136 quae
1061 3080 1166 3136 per
1198 3063 1456 3120 divinum
1493 3062 1663 3121 nobis
1694 3062 1986 3119 lavacrum
2021 3079 2111 3119 ac-

454 3151 607 3206 cedit
638 3168 653 3206 :
689 3151 840 3208 hanc
880 3154 1100 3225 quippe
1144 3154 1276 3225 jure
1327 3155 1823 3226 regenerationem
1857 3152 2112 3226 appella-

457 3255 609 3294 mus.
641 3240 838 3296 Tertia
883 3247 1079 3298 autem
1112 3260 1182 3297 ex
1226 3243 1568 3315 pcenitentia
1619 3242 1790 3299 nobis
1837 3247 1895 3299 et
1942 3240 2113 3298 bonis

2223 1986 2283 2041 ἐκ
2308 1994 2409 2058 τῆς
2461 1992 2559 2043 τοῦ
2601 1988 2813 2064 κόσμου
2864 1987 3141 2069 διαγωγῆς
3187 1994 3326 2070 πρὸς
3373 1995 3474 2063 τήν
3515 1991 3622 2049 ἅνω
3651 1994 3853 2071 πορείαν

2221 2073 2568 2152 ἀναχωροῦσι
2643 2076 2779 2132 κατᾶ
2844 2080 2907 2134 τὸ
2984 2078 3382 2157 γεγραμμένον*
3453 2087 3546 2137 Ἐκ
3600 2079 3857 2156 δυνάμεως

2224 2163 2299 2225 είς
2378 2161 2622 2228 δύναμιν.
2702 2164 2770 2224 Οἵ
2832 2188 2893 2243 γε
2966 2167 3314 2246 ἁμαρτωλοὶ,
3383 2169 3564 2247 ὥσπερ
3619 2170 3684 2226 τὰ
3735 2173 3860 2226 κατᾶ

2222 2253 2454 2328 γαστρὸς
2506 2249 2715 2332 ἔμϐρυα
2762 2254 2813 2309 ἐν
2866 2260 2935 2330 τῇ
2990 2259 3175 2334 μήτρα
3210 2257 3627 2332 τελευτήσαντα,
3659 2258 3717 2315 ἐκ
3744 2254 3859 2315 σκό-

2221 2360 2348 2402 τους
2405 2342 2583 2396 σκότει
2639 2340 3049 2418 παραδίδονται.
3116 2345 3213 2400 Καὶ
3269 2346 3374 2423 γὰρ
3437 2346 3490 2403 ἐν
3544 2346 3612 2423 τῇ
3666 2352 3736 2424 γῇ
3785 2368 3856 2403 νεα

2221 2437 2475 2507 κροῦνται
2518 2439 2598 2507 τῷ
2646 2435 2847 2505 πλήθει
2898 2440 3004 2491 τῶν
3051 2438 3463 2516 ἁμαρτημάτων
3523 2440 3853 2512 κεκαλυμμὲ-

2221 2540 2328 2576 νοι⁶
2388 2523 2478 2577 καὶ
2536 2523 2867 2600 ἀπαχθέντες
2927 2522 2985 2580 δὲ
3038 2531 3135 2581 τοῦ
3190 2526 3333 2604 βίου,
3376 2528 3455 2591 εἰς
3490 2526 3743 2606 ζοφώδεις
3772 2527 3853 2582 καὶ

2221 2611 2585 2691 ταρταρώδεις
2640 2615 2842 2679 τόπους
2899 2618 3309 2696 καταφέρονται.
3372 2619 3564 2695 Τρίτον
3630 2623 3706 2691 τῷ
3762 2616 3856 2694 βίῳ

2220 2703 2535 2778 τικτόμεθα·
2570 2705 2643 2760 ὧν
2678 2708 2713 2776 ἡ
2752 2707 2845 2780 μὲν
2894 2707 3086 2783 πρώτη
3119 2706 3258 2762 ἐστὶν
3287 2709 3322 2778 ἡ
3356 2706 3415 2763 ἐκ
3444 2712 3552 2763 τῶν
3602 2707 3856 2783 μητρῴων

2223 2792 2445 2849 κόλπων
2505 2792 2765 2871 πρόοδος,
2825 2795 3059 2867 ὁπηνίκα
3117 2795 3192 2859 εἷς
3249 2799 3348 2873 γῆν
3425 2798 3755 2873 ἀπαγώμεθα
3809 2794 3863 2850 ἐκ

2222 2890 2345 2961 γῆς·
2381 2884 2434 2939 αἱ
2484 2881 2541 2939 δὲ
2584 2882 2775 2940 λοιπαὶ
2821 2882 2916 2939 δύο
2962 2885 3022 2940 ἐκ
3071 2887 3173 2961 γῆς
3202 2887 3352 2959 ἡμᾶς
3385 2886 3465 2949 είς
3499 2884 3752 2965 οὐρανοὺς
3780 2884 3859 2939 ἀν·

2226 2973 2467 3049 άγουσιν·
2517 2974 2589 3028 ὧν
2640 2976 2675 3044 ἡ
2731 2974 2823 3047 μὶν
2870 2972 2971 3048 μία
3014 2973 3154 3030 ἐστὶν
3208 2974 3268 3030 ἐκ
3315 2974 3566 3051 χάριτος.
3596 2978 3631 3046 ἡ
3664 2972 3748 3030 διὰ
3772 2976 3862 3029 τοῦ

2227 3062 2371 3128 θείου
2419 3062 2657 3137 λουτροῦ
2707 3065 2843 3136 ἡμῖν
2893 3062 3338 3140 προσερχομένη·
3395 3065 3489 3120 καὶ
3543 3065 3645 3141 γὰρ
3674 3062 3862 3133 ταύτην

2225 3151 2444 3223 ἀληθῶς
2498 3151 2915 3228 παλιγγενεσίαν
2975 3150 3273 3225 καλοῦμεν*
3335 3155 3370 3223 ἡ
3406 3142 3465 3208 δὲ
3503 3153 3657 3230 τρίτη
3690 3151 3748 3209 ἑκ
3773 3158 3866 3222 τῆς

2231 3240 2513 3315 μετανοίας
2544 3244 2678 3315 ἡμῖν
2712 3241 2936 3296 καὶτῶν
2993 3241 3206 3318 ἀγαθῶν
3267 3240 3451 3297 πόνων
3509 3241 3861 3321 προσγίνεται.

454 3328 731 3401 cperibus
781 3331 1090 3399 contingit.
1125 3310 1314 3405 Atque
1353 3331 1410 3387 in
1456 3335 1562 3388 hac
1613 3338 1913 3406 postrema
1957 3349 2111 3389 nunc

2226 3332 2312 3385 ’Ev
2342 3330 2510 3406 ταύτῃ
2537 3335 2627 3385 νῦν
2661 3332 2823 3405 ἡμεῖς
2854 3329 3173 3405 ἑστήκαμεν.

451 3433 780 3474 versamur.

522 3507 613 3561 92.
646 3507 939 3565 Debemus
973 3515 1190 3582 Itaque,
1225 3514 1536 3583 postquam
1586 3511 1656 3566 ad
1703 3528 1903 3567 verum
1935 3528 2112 3582 spon-

453 3611 585 3652 sum
618 3598 999 3670 accessimus,
1033 3601 1336 3656 decentius
1377 3601 1592 3656 ornari.
1630 3602 1707 3657 Ad
1742 3607 2003 3657 nostram
2038 3600 2114 3657 sit

451 3687 897 3745 aedificationem
935 3690 1275 3761 nuptiarum
1328 3691 1509 3761 hujus
1560 3691 1755 3746 saeculi
1808 3698 2113 3763 spectacu‘

446 3776 593 3832 lum.
617 3777 762 3832 Nam
797 3778 846 3835 si
879 3778 1086 3852 puellaa
1119 3780 1238 3835 viro
1266 3780 1594 3850 coniunctae
1626 3781 1726 3853 qui
1757 3780 1989 3837 illarum
2027 3782 2111 3838 fa-

449 3862 558 3921 cile
589 3866 781 3938 specie
813 3868 939 3939 capi
988 3868 1196 3940 possit,
1229 3872 1455 3924 tantam
1510 3866 1896 3926 nihilominus
1945 3869 2112 3926 adhi-

448 3954 588 4009 bent
616 3970 841 4027 curam,
875 3956 933 4010 in
966 3956 1212 4028 balneis,
1245 3957 1587 4030 unguentis,
1622 3956 1981 4031 reliquisque
2013 3976 2110 4015 va-

448 4040 518 4097 rii
549 4045 780 4115 generis
810 4044 1138 4117 ornatibus,
1169 4047 1307 4118 quia
1336 4045 1431 4102 his
1465 4065 1527 4102 se
1558 4049 1922 4105 venustiores
1953 4066 2113 4105 ama-

450 4130 801 4205 bilioresque
836 4132 955 4190 fore
1005 4141 1246 4206 putant;
1280 4136 1329 4192 si
1362 4141 1527 4193 tanta
1577 4137 1650 4193 iis
1692 4156 1817 4211 quae
1851 4139 2111 4213 corporis

446 4219 633 4279 cultui
664 4222 876 4278 deditae
906 4227 1048 4279 sunt
1098 4224 1252 4280 inest
1300 4225 1713 4283 ostentationis
1762 4227 2057 4300 cupiditas
2093 4244 2107 4283 :

445 4315 663 4382 quanto
707 4312 895 4384 magis
926 4313 1093 4368 decet
1139 4331 1242 4370 nos
1274 4314 1496 4371 caelesti
1527 4316 1755 4388 Sponso
1790 4317 2109 4389 desponsa-

444 4405 553 4470 tas,
587 4414 687 4456 eas
719 4417 1089 4474 exsuperare,
1127 4408 1303 4474 atque
1352 4403 1645 4461 laboriosa
1700 4404 2112 4462 exercitatione

443 4490 678 4545 abluere
701 4490 905 4546 sordes
930 4496 1323 4563 peccatorum,
1348 4494 1814 4566 indumentaque
1844 4511 2109 4568 corpora-

444 4578 522 4634 lia
563 4584 924 4636 commutare
957 4597 1091 4636 cum
1124 4581 1557 4655 spiritualibus.
1591 4584 1818 4656 Corpus
1849 4584 1960 4639 illa:
1991 4589 2106 4640 ter-

2294 3512 2382 3564 92.
2417 3507 2744 3585 Ὀφείλομεν
2775 3511 2891 3577 νῦν,
2938 3512 3017 3580 τῷ
3078 3506 3327 3581 ἀληθινῷ
3372 3509 3597 3587 νυμφίῳ
3648 3505 3862 3585 προσελ-

2223 3599 2430 3669 θοῦσαι,
2508 3596 2928 3673 εὐπρεπέστερον
3005 3603 3374 3670 κοσμηθῆναι.
3452 3597 3682 3653 Γινέσθω
3735 3600 3859 3670 ἡμῖν

2224 3683 2495 3759 οἰκοδομή
2526 3689 2561 3756 ἡ
2598 3687 2690 3741 θὲα
2717 3691 2814 3741 τοῦ
2844 3690 3111 3759 κοσμικοῦ
3138 3687 3337 3762 γάμου.
3384 3685 3449 3741 Ei
3500 3688 3603 3764 γὰρ
3654 3687 3862 3755 ἐκεῖναι,

2223 3777 2359 3851 πρὸς
2418 3775 2510 3829 τὸν
2568 3774 2842 3831 εὐάλωτον
2904 3774 3300 3849 συναπτόμεναι
3361 3771 3552 3848 ἄνδρα,
3607 3774 3863 3845 τοσαύτην

2220 3865 2451 3920 τίθενται
2506 3863 2747 3933 σπουδὴν
2803 3863 3047 3942 λουτρῶν
3096 3886 3155 3920 τε
3203 3864 3291 3919 καὶ
3346 3863 3861 3945 μυραλοιφιῖον,“καί

2221 3955 2482 4026 ποικίλης
2530 3957 2855 4026 κοσμήσεως
2907 3954 2987 4026 (ἐκ
3025 3955 3128 4031 γὰρ
3162 3953 3368 4009 τούτων
3404 3951 3654 4010 δοκοῦσιν
3683 3953 3860 4014 ἑαυτὰς

2224 4045 2514 4121 ἐρασμίους
2578 4043 2790 4118 μᾶλλον
2848 4045 3314 4120 παρασκευάζειν),
3375 4043 3461 4098 καὶ
3522 4043 3567 4099 εί
3639 4042 3861 4111 τοσαύτη

2220 4140 2338 4197 τοῖς
2396 4133 2531 4189 κατὰ
2572 4134 2636 4189 τὸ
2685 4134 2845 4206 σῶμα
2902 4131 3353 4206 πολιτευομένοις
3418 4133 3681 4211 φαντασία
3730 4129 3862 4186 ἐντέ-

2219 4244 2423 4277 τεκταυ
2455 4222 2611 4296 πόσῳ
2645 4220 2858 4296 μᾶλλον
2891 4218 3007 4277 δὲον
3068 4224 3215 4296 ἡμᾶς
3277 4215 3612 4291 ἐπαναϐῆναι
3672 4218 3863 4279 ἐκείνας

2218 4317 2289 4387 τῇ
2346 4313 2560 4389 γνώμῃ,
2610 4316 2689 4383 τῷ
2747 4309 2981 4387 οὐρανίῳ
3023 4310 3245 4389 νυμφίῳ
3299 4310 3736 4385 μνηστευθείσας,
3780 4305 3862 4363 καὶ

2223 4400 2626 4457 ἀπολοῦσασθαι
2663 4400 2757 4473 μὶν
2790 4405 2897 4455 τῶν
2932 4402 3211 4475 ἁμαρτιῶν
3263 4401 3354 4455 τὸν
3406 4399 3577 4476 ῥύπον
3628 4404 3696 4474 τῇ
3755 4396 3862 4453 ἐπι-

2219 4489 2373 4562 πόνῳ
2432 4490 2675 4561 ἀσκήσει,
2738 4487 3155 4562 ἀντικταλλάξαι
3225 4487 3283 4544 δὲ
3356 4494 3463 4544 τῶν
3550 4489 3863 4563 σωματικῶν

2222 4575 2532 4651 ἐνδυμάτων
2592 4577 2657 4632 τὰ
2712 4566 3070 4651 πνευματικά.
3131 4579 3383 4659 Ἐκεῖναι.
3424 4578 3484 4632 τὸ
3543 4581 3700 4651 σῶμα
3753 4578 3864 4633 τοῖς

445 4667 599 4724 renis
640 4668 1140 4742 saecularibusque
1175 4671 1418 4728 ﬂoribus
1469 4677 1754 4729 exornant
1787 4691 1800 4730 :
1836 4691 1941 4730 nos
1986 4675 2111 4731 ani-

2225 4671 2511 4740 κοσμικοῖς
2561 4665 2650 4721 καὶ
2698 4664 2914 4742 γηίνοις
2966 4662 3144 4731 ἄνθεσι
3194 4671 3515 4739 κοσμοῦσιν·
3571 4668 3734 4739 ἡμεῖς
3773 4663 3864 4730 τήν

445 4773 602 4813 mam
634 4758 956 4813 virtutibus
1007 4761 1431 4817 concinnemus
1464 4760 1850 4834 lapidumque
1897 4766 2111 4836 pretio-

446 4863 646 4901 sorum
686 4846 813 4903 loco
844 4848 1019 4920 capiti
1051 4849 1571 4921 circumponamus
1625 4850 1915 4922 triplicem
1951 4869 2113 4909 coro-

447 4954 603 5004 nam,
653 4937 851 5005 ﬁdem,
903 4956 1065 5011 spem
1117 4947 1174 4996 et
1224 4940 1591 4996 charitatem.
1628 4942 1853 4997 Collum
1915 4949 2111 5000 autem

443 5023 700 5097 pretioso
769 5025 972 5081 monili
1021 5027 1465 5083 circumdemus
1529 5028 1894 5098 humilitate;
1955 5047 2112 5086 zonae

447 5114 596 5179 loco,
631 5115 1023 5186 temperantia
1064 5116 1412 5188 cingantur;
1461 5118 1804 5187 magniﬁcus
1837 5121 1912 5176 sit
1947 5122 2114 5177 nobis

444 5203 764 5261 linteorum
812 5207 1440 5277 amictus,spontanea
1488 5215 1838 5280 paupertas;
1890 5211 1948 5266 in
2000 5228 2111 5267 cce-

449 5310 587 5350 nam
617 5301 994 5367 apponantur
1022 5313 1149 5366 qua;
1205 5313 1320 5350 non
1354 5303 1817 5369 corrumpuntur
1846 5301 2110 5365 obsonia,

446 5400 649 5455 preces
676 5390 733 5439 et
784 5384 1019 5457 psalmi.
1049 5382 1293 5452 Verum,
1329 5391 1394 5440 ut
1420 5385 1502 5441 ait
1534 5388 1869 5460 Apostolus,
1904 5407 1973 5446 ne
2018 5407 2111 5447 so-

446 5468 572 5525 lum
614 5470 880 5543 linguam
930 5487 1187 5538 moveas,
1220 5471 1324 5527 sed
1374 5471 1546 5528 etiam
1596 5473 1802 5546 spiritu
1854 5476 2113 5550 intellige

516 5622 562 5658 ⁵ο
591 5621 743 5678 Psal.
777 5639 1012 5693 Lxxxm,
1042 5624 1097 5678 8.

518 5762 634 5833 (93)
661 5763 856 5819 Schol.
885 5765 942 5837 3,
974 5765 1046 5821 ad
1077 5766 1242 5837 grad.
1274 5783 1354 5823 vn
1385 5766 1648 5825 Climaci.

2224 4757 2409 4833 ψυχὴν
2441 4761 2559 4818 ταῖς
2591 4755 2806 4829 ἀρεταῖς
2838 4752 3239 4833 φαιδρύνωμεν·
3292 4755 3381 4810 καὶ
3413 4755 3532 4811 ἀντῖ
3586 4757 3678 4828 μὲν
3712 4752 3867 4810 λίθων

2225 4844 2546 4902 πολυτελῶν
2574 4843 2643 4919 τῇ
2692 4844 2903 4924 κεφαλῇ
2948 4846 3255 4920 περιθῶμεν
3307 4844 3399 4900 τὸν
3432 4843 3727 4918 τρίπλοκον
3762 4838 3864 4895 στὲο

2227 4957 2413 5016 φανον,
2443 4935 2643 5007 πίστιν,
2705 4930 2903 4990 ἐλπίδα
2949 4934 3039 4988 καὶ
3097 4934 3332 5010 ἀγάπην·
3386 4939 3460 5006 τῷ
3511 4932 3568 4989 δὲ
3605 4928 3864 5011 τραχήλῳ

2222 5027 2322 5095 τήν
2398 5024 2583 5098 τιμίαν
2669 5023 2939 5096 κόσμησιν
3034 5025 3362 5097 περιθῶμεν,
3441 5024 3538 5092 τήν
3620 5039 3862 5077 ταπεινο-

2226 5114 2517 5194 φροσύνην·
2578 5113 2696 5168 ἀντὶ
2756 5108 2813 5167 δὲ
2859 5113 3035 5183 ζώνης
3082 5113 3180 5181 τῆν
3225 5110 3578 5190 σωφροσύνην
3641 5113 3860 5185 περιζω-

2225 5205 2464 5277 σώμεθα·
2537 5200 2766 5280 λαμπρά
2815 5198 2873 5256 δὲ
2920 5204 3057 5275 ἡμῖν
3106 5195 3379 5277 περιϐολὴ
3434 5204 3469 5272 ἡ
3520 5196 3861 5273 ἀκτημοσύνη

2223 5295 2474 5371 γινέσθω·
2511 5293 2862 5370 προσαγέσθω
2896 5289 2953 5346 δὲ
2980 5295 3060 5363 τῷ
3098 5286 3301 5363 δείπνῳ
3331 5291 3397 5345 τὰ
3429 5291 3505 5364 μὴ
3555 5286 3867 5371 φθειρόμενα

2224 5370 2357 5459 όψα,
2392 5382 2551 5460 εὐχαί
2606 5403 2664 5437 τε
2706 5381 2796 5437 καὶ
2855 5378 3088 5455 ψαλμοί.
3150 5377 3309 5435 Ἀλλ’
3364 5379 3439 5443 ὡς
3488 5380 3516 5434 ὁ
3548 5370 3867 5436 Ἀπόστολός

2224 5494 2380 5552 φησι,
2447 5473 2526 5546 μὴ
2589 5472 2753 5545 μόνον
2801 5471 2901 5540 τήν
2959 5467 3210 5544 γλῶτταν
3263 5467 3420 5524 κίνει·
3481 5464 3627 5523 ἀλλά
3669 5486 3728 5544 γε
3780 5460 3864 5516 καὶ
