4162 6418
324 528 478 587 1545

1442 522 1629 585 VITA
1672 518 1999 581 SANCTA-E
2045 521 2604 583 SYNCLETYC/E.

3571 530 3730 588 1546

318 664 397 730 τῷ
427 659 691 731 πνεύματι
722 656 831 711 νόει
861 657 927 711 τα
958 655 1269 729 λειγόμενα.
1308 652 1581 711 Πολλάκις
1611 653 1711 727 γαρ
1742 652 1803 705 τὸ
1865 653 1959 723 μὲν

2095 673 2202 725 iure
2242 656 2537 709 dicuntur.
2588 657 2747 725 Smpe
2783 674 3035 728 namque
3065 660 3351 731 contingit
3410 665 3472 714 ut
3502 678 3566 715 os
3620 660 3736 715 alia

322 748 497 821 στόμα
544 747 854 824 φθέγγεται,
904 748 939 815 ἡ
992 742 1047 799 δέ
1095 740 1289 818 καρδία
1318 743 1440 818 περὶ
1475 741 1775 817 λογισμοὺς
1810 742 1975 816 ἀσχοο

324 836 520 893 λεῖται.
556 835 851 911 [ιροσέχειν
887 832 944 889 δὲ
975 831 1075 900 δεῖ,
1113 834 1213 906 μὴ,
1242 838 1357 892 τοῖς
1383 831 1551 893 θείοις
1581 830 1779 904 γάμοις
1811 850 1975 904 προσ-

326 926 603 993 ελθοῦσαι,
629 925 808 980 πενίαν
842 922 1165 996 λαμπάδων,
1216 919 1489 975 τουτέστιν
1540 920 1764 992 ἀρετῶν,
1804 920 1974 987 νοσή-

325 1036 526 1087 σωμεν.
563 1016 791 1085 Μισήσει
825 1014 928 1087 γὰρ
950 1015 1096 1083 ἡμᾶς
1127 1012 1154 1065 6
1190 1012 1462 1083 μνηστήρ,
1516 1007 1605 1061 καὶ
1656 1005 1769 1061 οὐδ’
1827 1005 1974 1067 ὅλως

323 1102 688 1177 προσδέξεται,
731 1102 818 1158 ἐὰν
874 1104 948 1173 μὴ
997 1102 1092 1162 τὰς
1144 1098 1461 1173 ὑποσχέσεις
1511 1091 1671 1169 λάϐῃ.
1721 1094 1870 1157 Τίνες
1916 1092 1974 1149 δέ

323 1195 452 1249 εἰσιν
489 1191 681 1261 afuat;
729 1196 826 1245 τοῦ
879 1192 971 1263 μὲν
1024 1190 1275 1261 σώματος
1326 1187 1475 1256 ἥττω
1526 1184 1852 1261 φροντίζειν,
1884 1183 1971 1239 ἐπὶ

320 1283 498 1338 πλείω
532 1280 589 1337 δὶ
616 1283 713 1350 τὴν
747 1282 931 1355 ψυχὴν
962 1277 1221 1351 ἀρδεύειν·
1266 1276 1419 1332 αὗται
1451 1276 1555 1351 γάρ
1590 1275 1720 1328 εἰσιν
1751 1275 1805 1327 αἱ
1836 1274 1971 1349 πρὸς

319 1372 479 1427 αὐτὸν
510 1378 792 1440 συνθῆκαι.

388 1466 480 1519 93.
540 1464 739 1533 Ὠσπερ
789 1456 845 1513 δὲ
902 1458 1001 1513 οὐκ
1051 1456 1292 1532 έγχωρεῖ
1343 1452 1437 1509 δύο
1485 1452 1683 1515 κάδους
1732 1454 1867 1508 κατὰ
1906 1452 1970 1507 τὸ

318 1552 446 1607 αὐτὸ
504 1552 716 1626 ἀνάγειν
776 1547 1249 1622 πεπληρωμένους
1310 1541 1522 1606 ὕδατος·
1580 1540 1669 1597 διὰ
1720 1543 1823 1617 γὰρ
1871 1542 1969 1595 τυύ

319 1638 682 1716 στρεφομένου
728 1636 953 1708 ἅξωνος,
1005 1637 1032 1689 ὁ
1087 1635 1179 1707 μὲν
1227 1635 1301 1696 εἷς
1350 1637 1550 1709 κοῦφος
1598 1634 1909 1705 κατάγεται,
1941 1631 1969 1684 6

321 1728 379 1785 δὶ
406 1730 591 1805 ἓτερος
650 1729 838 1801 μεστὸς
869 1727 1136 1800 ἀνάγεται·
1175 1723 1347 1785 οὕτως
1379 1722 1468 1776 καὶ
1501 1721 1580 1797 ἐφ’
1609 1723 1769 1792 ἡμῶν
1807 1719 1966 1775 ἐστιν·

321 1820 446 1875 ὅταν
480 1822 582 1893 γαρ
614 1818 713 1885 τὴν
744 1822 916 1870 πᾶσαν
945 1811 1269 1886 κηδεμονίαν
1303 1816 1370 1884 τῇ
1405 1814 1558 1886 ψυχῇ
1590 1808 1968 1885 προσοίσωμεν

321 1910 678 1984 πληρωθεῖσα
730 1911 834 1960 τῶν
894 1902 1077 1959 καλῶν
1137 1902 1406 1977 ἀνάγεται,
1477 1904 1585 1955 τῶν
1666 1897 1968 1973 μεταρσίων

326 2000 605 2076 έφιεμένη.
638 1996 707 2050 Τὸ
740 1992 796 2049 δὶ
821 1999 980 2065 σῶμα
1008 1996 1191 2064 ἡμῶν,
1217 1988 1305 2044 διὰ
1332 1997 1429 2058 τῆς
1461 1989 1739 2091 ἀσκήρεως
1769 1992 1971 2091 κοῦφον
2004 2027 2052 2091 Β

324 2075 635 2163 γενόμενον,
689 2084 750 2139 οὐ
804 2084 973 2158 βρίθει
1022 2083 1119 2149 τὴν
1170 2083 1542 2154 ἡγεμονοῦσαν
1592 2075 1840 2148 δύναμιν.
1877 2076 1973 2129 Καὶ

323 2177 524 2232 τούτου
561 2176 761 2249 μάρτυς
786 2174 814 2226 6
845 2168 1204 2240 Ἀπόστολος,
1238 2168 1368 2244 φησὶ
1400 2168 1520 2243 γὰρ·
1554 2170 1713 2220 ’Ὀσον
1739 2166 1766 2219 6
1786 2164 1979 2235 ἔξωθεν

324 2270 486 2339 ἡμῶν
536 2264 816 2338 ἄνθρωπος
867 2259 1161 2339 φθείρεται,
1209 2262 1465 2313 τοσοῦτον
1515 2258 1542 2311 6
1575 2250 1724 2310 ἔνδον
1760 2256 1977 2309 ἀνακαι-

323 2361 532 2412 νοῦται.

394 2450 482 2503 94.
520 2446 605 2498 Ἐν
658 2463 796 2515 μονῃ
837 2433 1113 2494 κοινοϐίου
1144 2436 1470 2511 τυγχάνεις;
1524 2435 1599 2506 μή
1636 2432 1975 2507 μεταλλάξῃς

323 2537 414 2591 τὸν
446 2534 612 2588 τόπον
641 2554 652 2565 ·
710 2524 960 2605 βλαϐήσῃ
988 2527 1087 2601 γὰρ
1124 2522 1400 2599 μεγάλως.
1436 2525 1635 2597 Ὠσπερ
1664 2524 1764 2598 γαρ
1805 2520 1973 2596 ὅρνις,

329 2620 707 2693 έξανισταμένη
758 2622 866 2673 τῶν
916 2615 1056 2683 ὠῶν,
1107 2610 1262 2690 οὔρια
1290 2617 1457 2667 ταῦτα
1486 2612 1573 2666 καὶ
1608 2609 1773 2686 ἄγονα
1802 2629 1975 2684 παρα-

330 2714 590 2779 σκευάζει·
671 2707 843 2767 οὒτως
920 2706 1181 2777 παρθένος
1254 2703 1288 2771 ἢ
1371 2701 1613 2775 μοναχὸς
1670 2702 1979 2773 ψυχροῦται

328 2801 419 2857 καὶ
478 2803 759 2875 νεκροῦται
817 2802 918 2863 τῆς
950 2794 1205 2863 πίστεως,
1258 2790 1424 2845 τόπον
1480 2789 1539 2844 ἐκ
1592 2788 1763 2843 τόπου
1816 2808 1976 2861 μετα-

330 2886 552 2946 ϐαίνων.

399 2982 490 3036 95.
525 2980 610 3048 Μή
664 2996 721 3031 σε
770 2972 996 3047 δελεάσῃ
1042 2974 1078 3041 ἡ
1127 2976 1234 3026 τῶν
1266 2971 1402 3025 κατά
1428 2969 1519 3024 τὸν
1548 2967 1752 3039 κόσμον
1807 2965 1981 3022 πλου-

330 3068 460 3123 σίων
493 3066 693 3143 τρυφὴ,
727 3063 801 3124 ὣς
849 3084 899 3116 τι
932 3064 1210 3137 χρήσιμον
1261 3057 1482 3134 ἔχουσα.
1534 3054 1765 3125 Ἡδονῆς
1810 3054 1977 3110 ἕνεκεν

326 3160 426 3226 τὴν
462 3154 826 3230 ὀψαρτυτικήν
883 3155 1088 3224 τιμῶσι
1129 3150 1351 3225 τέχνην·
1411 3146 1631 3216 νηστείᾳ
1679 3146 1767 3200 καὶ
1816 3144 1976 3206 αὐτὸς

327 3245 417 3303 διὰ
442 3250 550 3300 τῶν
600 3240 833 3299 εὐτελῶν
880 3241 977 3309 τὴν
1032 3238 1249 3293 έκείνων
1304 3236 1556 3311 εὐπορίαν
1604 3239 1712 3288 τῶν
1761 3237 1977 3310 τροφῶν

327 3329 700 3408 ὑπερϐάλλον).
734 3330 878 3400 Φησὶ
912 3329 1037 3404 γὰρ,
1070 3327 1142 3388 ὡς
1184 3327 1373 3402 Ψυχὴ,
1407 3324 1457 3380 έν
1492 3322 1793 3396 πλησμονῇ
1823 3322 1975 3393 οὖσα,

2083 744 2382 815 loquatur,
2433 747 2574 799 dum
2625 762 2723 800 cor
2751 748 2907 801 circa
2953 748 3336 818 cogitationes
3394 755 3736 821 occupatur.

2083 834 2413 888 Cavendum
2450 850 2643 905 porro,
2676 850 2747 889 ne
2782 851 2888 891 nos
2918 851 3048 905 quae
3097 836 3323 892 divinas
3355 838 3588 893 adimus
3630 855 3740 892 nu-

2084 924 2258 993 ptias,
2288 922 2652 994 lampadum,
2687 924 2744 977 id
2778 928 2867 979 est
2903 924 3209 995 virtutum,
3235 928 3480 997 penuria
3521 927 3743 982 labore-

2085 1028 2236 1067 mus.
2272 1011 2541 1081 Alioquin
2574 1012 2760 1066 oderit
2791 1029 2895 1067 nos
2939 1030 3216 1083 sponsus,
3276 1031 3380 1069 nec
3439 1014 3739 1070 ullatenus

2083 1100 2371 1167 admittet,
2407 1100 2456 1155 si
2484 1118 2598 1155 non
2638 1101 2928 1171 acceperit
2967 1102 3276 1173 promissa.
3311 1105 3585 1168 Quasnam
3637 1103 3739 1159 illa

2082 1190 2257 1245 sunt?
2316 1191 2575 1261 corporis
2622 1190 2907 1245 minorem
2948 1208 3148 1246 curam
3194 1208 3413 1263 gerere,
3475 1192 3732 1247 animam

2082 1289 2277 1335 autem
2318 1278 2539 1351 largius
2589 1278 2860 1350 irrigare:
2895 1280 3015 1336 haec
3071 1286 3212 1337 sunt
3269 1286 3434 1353 pacta
3472 1298 3604 1337 cum
3638 1281 3735 1338 ille

2079 1368 2245 1423 inita.

2148 1459 2238 1513 93.
2265 1457 2426 1513 Sicut
2455 1463 2652 1513 autem
2683 1474 2853 1513 nemo
2896 1463 3087 1530 potest
3133 1461 3280 1515 duas
3322 1460 3530 1515 situlas
3580 1452 3735 1532 aqua

2080 1545 2284 1618 plenas
2316 1564 2430 1601 una
2457 1546 2692 1616 tollere;
2718 1564 2854 1602 nam
2887 1565 2989 1619 per
3010 1564 3176 1603 axem
3200 1552 3301 1619 qui
3325 1550 3587 1621 vertitur,
3617 1548 3732 1604 alia

2080 1652 2262 1690 vacua
2282 1636 2633 1698 demittitur,
2658 1635 2774 1690 alia
2795 1636 3268 1708 plenaelevatur;
3298 1639 3537 1708 perinde
3563 1639 3732 1693 nobis

2081 1725 2386 1796 contingit.
2411 1727 2553 1781 Cum
2576 1726 2721 1781 687
2760 1732 2941 1781 totam
2960 1728 3117 1782 enim
3141 1727 3592 1783 sollicitudinem
3618 1727 3737 1783 ani-

2082 1832 2189 1869 ma:
2227 1814 2712 1886 impenderimus,
2766 1816 2933 1871 bouis
2982 1816 3192 1872 referta
3239 1817 3505 1872 evehitur
3551 1818 3734 1873 subli-

2082 1905 2202 1958 mia
2231 1908 2530 1975 appetens.
2566 1903 2791 1975 Corpus
2821 1909 3018 1959 autem
3052 1911 3342 1969 nostrum,
3384 1923 3486 1977 per
3527 1908 3736 1961 duram

2082 1991 2558 2047 exercitationem
2590 1992 2715 2047 leve
2744 1992 3038 2060 effectum,
3071 2011 3185 2049 non
3218 1995 3494 2065 deprimit
3517 2000 3737 2065 partem

2088 2081 2250 2136 illam
2295 2080 2616 2153 principem
2676 2098 2743 2137 ac
2803 2084 3228 2138 moderantem.
3294 2084 3475 2156 Cujus
3525 2084 3607 2139 rei
3663 2088 3742 2139 te-

2088 2169 2196 2225 stis
2225 2175 2316 2225 est
2343 2170 2655 2242 Apostolus
2698 2171 2899 2227 dicens
2932 2190 2944 2227 :
2981 2173 3194 2240 Quanto
3240 2183 3425 2230 noster
3453 2176 3554 2244 qui
3607 2176 3742 2243 foris

2086 2266 2165 2316 est
2198 2260 2357 2315 homo
2412 2262 2808 2331 corrumpitur,
2841 2264 2994 2317 tanta
3041 2264 3087 2317 τὶς
3116 2265 3216 2333 qui
3243 2267 3394 2319 intus
3440 2268 3521 2318 est
3579 2280 3738 2320 reno-

2084 2353 2246 2404 vatur
2264 2350 2327 2403 Μ.

2155 2440 2243 2492 Ui.
2276 2440 2390 2509 (94)
2428 2443 2491 2493 In
2525 2440 2883 2495 monasterio
2926 2444 2983 2495 et
3028 2442 3289 2497 cmnobio
3346 2443 3640 2499 versaris?
3670 2460 3739 2499 ne

2085 2530 2406 2585 mutaveris
2437 2530 2651 2585 locum.
2699 2530 2843 2585 Nam
2905 2532 2957 2585 id
2994 2532 3100 2586 tibi
3134 2549 3343 2603 magno
3395 2533 3505 2588 erit
3560 2535 3739 2589 detri-

2089 2626 2304 2675 mento.
2330 2620 2475 2674 Nam
2508 2620 2663 2674 sicut
2702 2621 2825 2674 avis
2856 2637 2964 2676 ova
3002 2622 3298 2687 deserens,
3357 2627 3525 2677 vento
3562 2640 3743 2695 expo-

2087 2710 2200 2766 sita
2233 2708 2329 2763 illa
2351 2717 2407 2764 et
2434 2708 2749 2764 infecunda
2772 2709 2985 2779 reddit,
3006 2710 3090 2765 sic
3113 2711 3273 2781 virgo
3306 2711 3391 2766 vel
3418 2712 3744 2767 monachus

2089 2798 2284 2854 locum
2318 2816 2387 2853 ex
2415 2797 2540 2853 loco
2573 2803 2810 2853 mutans
2843 2799 2899 2853 in
2958 2800 3074 2855 fide
3110 2800 3369 2872 frigescit
3413 2818 3480 2856 ac
3527 2802 3746 2857 exstin-

2088 2888 2309 2959 guitur.

2159 2978 2248 3030 95.
2284 2977 2395 3047 (95)
2434 2976 2515 3032 Νο
2564 2982 2620 3032 te
2666 2977 2960 3048 decipiant
3002 2979 3249 3033 divitum
3311 2980 3490 3051 hujus
3546 2981 3748 3035 saeculi

2089 3066 2329 3130 delicias,
2349 3067 2517 3137 quasi
2542 3066 2683 3121 utile
2704 3066 3007 3137 quidpiam
3033 3068 3304 3123 habeant.
3331 3071 3744 3141 Coquinariam

2089 3155 2173 3210 illi
2206 3161 2389 3210 artem
2424 3155 2741 3226 voluptatis
2765 3172 2943 3211 causa
2966 3157 3167 3211 colunt
3187 3162 3243 3211 et
3268 3159 3463 3229 magni
3493 3157 3740 3215 faciunt:

2087 3250 2149 3300 tu
2183 3262 2315 3300 vero
2338 3244 2569 3316 jejunio
2584 3245 2968 3316 ciborumque
3000 3247 3222 3302 vilitate
3252 3263 3454 3302 eorum
3515 3249 3743 3320 copiam

2087 3339 2381 3407 superato.
2431 3335 2517 3388 Ait
2545 3334 2735 3389 enim:
2789 3335 2986 3389 Anima
3032 3350 3155 3407 quae
3186 3338 3239 3390 in
3300 3340 3593 3393 saturitate
3642 3345 3741 3409 est,

320 3398 543 3500 κηρίοις
590 3421 861 3494 ἐμπαίζει.
907 3420 996 3487 Μὴ
1029 3415 1291 3490 κορεσθῇς
1324 3414 1511 3491 ἄρτου,
1541 3415 1631 3469 καὶ
1664 3413 1761 3468 οὐκ
1789 3412 1971 3466 ἰπιθυ-

2095 3398 2228 3485 Γαὖὼ
2256 3423 2446 3478 ἰίιιιάίι
2475 3423 2541 3488 δ’,
2563 3422 2644 3478 Νο
2666 3422 2896 3478 satieris
2927 3398 3097 3495 pan-e,
3130 3429 3187 3479 et
3216 3441 3325 3480 non
3377 3398 3737 3482 desiderabis

327 3516 522 3588 μήσεις
553 3510 723 3566 o'ivoo.

395 3606 489 3659 96.
520 3600 653 3677 Τρία
701 3598 811 3654 έστὶ
861 3602 957 3651 τοῦ
1005 3595 1203 3671 έχθροῦ
1249 3595 1317 3649 τὰ
1352 3599 1541 3670 πρῶτα
1571 3591 1861 3669 κεφάλαια,
1921 3588 1972 3659 έξ

325 3696 399 3747 ὧν
461 3697 602 3745 πᾶσα
647 3688 807 3744 κακία
863 3688 1166 3761 κατάγεται·
1222 3683 1499 3756 επιθυμία,
1552 3680 1749 3751 ἡδονὴ,
1800 3678 1971 3749 λύπη.

322 3787 419 3837 ’Ἐν
479 3781 529 3851 ἐξ
588 3780 699 3840 ἰνὸς
750 3782 918 3831 ταύτα
967 3773 1224 3850 ἤρτηται,
1278 3773 1367 3828 καὶ
1424 3772 1478 3827 ἓν
1531 3772 1607 3826 ένὶ
1666 3770 1974 3825 ἀκολουθεῖ·

324 3873 416 3929 καὶ
447 3870 649 3941 ἡδονῆς
682 3870 775 3941 μὶν
808 3872 1072 3941 κρατῆσαι
1105 3864 1325 3918 δυνατὸν
1382 3863 1637 3938 μετρίως,
1686 3860 1978 3932 έπιθυμίας

330 3961 391 4017 δὲ
422 3960 701 4017 ἀδύνατον.
754 3959 823 4011 Τὸ
870 3962 964 4029 μὲν
996 3956 1096 4030 γὰρ
1120 3962 1219 4022 τῆς
1248 3952 1453 4023 ἡδονῆς
1485 3950 1574 4007 διὰ
1600 3956 1697 4006 τοῦ
1730 3952 1981 4023 σώματος

331 4050 585 4108 τελεῖται·
634 4050 697 4103 τὸ
746 4046 803 4102 δὶ
854 4046 959 4099 ἀπὸ
1005 4046 1189 4119 ψυχῆς
1241 4042 1498 4118 ἄρχεται·
1552 4044 1587 4110 ἠ
1638 4038 1694 4095 δὶ
1742 4038 1888 4109 λύπη
1924 4038 1984 4093 tu

330 4145 439 4196 τῶν
472 4137 793 4216 ἀμφοτέρων
842 4132 1311 4201 κατασκευάζεται.
1361 4132 1447 4199 Μὴ
1500 4130 1863 4205 συγχωρήσῃς
1889 4127 1980 4216 οὗν

328 4232 430 4300 τήν
487 4214 770 4300 ἐπιθυμίαν
845 4224 1148 4299 ἐνεργῆσαι,
1196 4220 1284 4275 καὶ
1339 4222 1407 4275 τὰ
1464 4219 1632 4275 λοιπὰ
1684 4214 1982 4272 ἀποσκεδά-

332 4342 463 4382 σεις.
494 4318 557 4374 El
590 4316 647 4373 δὲ
685 4317 1048 4391 συγχωρήσῃς
1096 4312 1371 4388 προκύψαι
1412 4312 1474 4365 τὸ
1518 4314 1757 4385 πρῶτον,
1811 4306 1982 4363 διανε-

337 4409 505 4484 μηθὲν
542 4407 672 4481 πρὸς
712 4407 773 4460 τὸ
805 4403 1073 4479 δεύτερον,
1105 4399 1373 4469 κυκλικὴν
1415 4396 1771 4455 ἀνταπόδοσιν
1822 4400 1989 4468 ποιή-

335 4520 518 4555 σονται
576 4496 712 4572 πρὸς
767 4493 947 4566 ὶαυτὰ,
1008 4492 1097 4546 καὶ
1166 4489 1421 4564 οὐδαμῶς
1494 4490 1844 4565 συγχωρήσει
1916 4491 1985 4559 τῇ

334 4592 492 4663 ψυχῇ
552 4583 881 4662 ἀνασφῆλαι.
946 4582 1247 4657 Γέγραπται
1306 4582 1430 4655 γαρ,
1464 4580 1539 4642 ὡς
1569 4580 1658 4647 Μὴ
1693 4576 1784 4639 δὸς
1832 4574 1985 4632 ὕδατι

337 4675 596 4748 διέξοδον.

2078 3515 2304 3570 vinum.

2153 3604 2243 3657 96.
2278 3603 2572 3657 Triasunt
2602 3601 2791 3673 prima
2838 3602 3062 3657 inimici
3118 3604 3331 3674 capita,
3390 3620 3459 3659 ex
3516 3604 3735 3676 quibus

2087 3694 2280 3749 omnis
2314 3692 2539 3747 malitia
2569 3692 2774 3746 deduci
2788 3698 2906 3747 tur:
2932 3693 3429 3765 concupiscentia,
3445 3695 3734 3765 voluptas,

2089 3783 2267 3837 dolor.
2306 3782 2433 3836 Haec
2462 3798 2592 3836 vero
2638 3798 2823 3835 unum
2856 3798 2924 3835 ex
2980 3782 3093 3835 alio
3128 3784 3400 3853 pendent,
3453 3790 3509 3838 et
3553 3800 3738 3839 unum

2091 3870 2248 3926 aliud
2299 3868 2585 3939 sequitur.
2637 3868 3008 3939 Voluptatem
3060 3871 3430 3926 mediocriter
3472 3872 3745 3927 cohibere

2093 3976 2433 4031 possumus,
2470 3958 3005 4029 concupiscentiam
3058 3976 3171 4013 non
3208 3976 3543 4030 possumus.
3581 3963 3743 4026 Quod

2090 4047 2406 4119 voluptatis
2429 4052 2517 4101 est
2548 4062 2786 4117 corpore
2819 4048 3145 4119 peragitur;
3197 4050 3351 4120 quod
3399 4067 3532 4105 vero
3582 4051 3747 4122 cupi-

2094 4136 2319 4202 ditatis,
2353 4136 2424 4190 ab
2465 4134 2662 4189 anima
2694 4135 2931 4205 incipit;
2968 4135 3133 4191 doler
3170 4143 3367 4193 autem
3407 4155 3474 4194 ex
3504 4145 3749 4210 utroque

2095 4224 2419 4281 conﬁcitur.
2452 4223 2533 4278 Ne
2573 4224 2933 4279 concesseris
2965 4224 3147 4296 igitur
3175 4227 3556 4298 cupiditatem
3608 4245 3748 4300 ope—

2096 4313 2232 4383 rari,
2266 4319 2321 4367 et
2364 4312 2589 4383 reliqua
2647 4312 2986 4383 dissipabis.
3047 4314 3103 4368 Si
3153 4319 3348 4370 autem
3393 4317 3751 4372 concesseris

2099 4408 2164 4459 ut
2190 4408 2459 4473 erumpat
2490 4400 2766 4470 primum,
2813 4402 2969 4471 quod
3027 4403 3098 4457 ad
3149 4404 3473 4459 secundum
3536 4405 3748 4477 vergit:

2098 4491 2365 4548 circulari
2390 4497 2547 4545 motu
2570 4496 2886 4557 recurrent,
2904 4506 3009 4545 nec
3028 4507 3270 4562 prorsus
3292 4494 3549 4548 animam
3569 4510 3752 4549 emer-

2105 4596 2239 4655 gere
2269 4581 2486 4637 sinent.
2512 4578 2806 4651 Scriptum
2839 4584 2932 4635 est
2969 4579 3123 4635 enim
3152 4597 3165 4637 :
3196 4582 3273 4638 Ne
3319 4582 3409 4638 des
3436 4598 3615 4655 aqua!
3655 4600 3752 4639 ex-

2098 4672 2241 4725 itum
2272 4670 2338 4725 ⁵³.

406 4770 497 4823 97.
522 4766 594 4820 Οὐ
627 4770 756 4819 πᾶσι
814 4763 988 4817 πάντα
1043 4758 1325 4836 συμφέρει·
1383 4758 1607 4821 ἕκαστος
1659 4755 1716 4812 δὲ
1751 4763 1830 4830 τῷ
1862 4756 1980 4831 ἰδίῳ

2163 4760 2254 4814 97.
2295 4762 2420 4812 Non
2461 4757 2736 4813 omnibus
2794 4758 2993 4813 omnia
3042 4760 3416 4815 conveniunt.
3455 4761 3755 4833 Unusquis

336 4853 423 4910 νοί
453 4852 932 4931 πληροφορείσθω.
964 4852 1085 4908 ’Ὁτι
1143 4845 1380 4908 πολλοῖς
1412 4847 1463 4901 έν
1492 4842 1753 4918 κοινοϐίῳ
1783 4848 1988 4925 συμφέ-

340 4966 442 5022 ρει,
493 4947 583 4998 καὶ
636 4940 829 5002 ἀλλοις
876 4941 991 4994 κατ’
1042 4935 1180 4992 ἰδίαν
1214 4936 1519 5011 ἀναχωρεῖν
1552 4934 1834 5012 ὠφέλιμον
1866 4957 1993 5012 τυγ-

341 5033 520 5109 χάνει.
582 5033 788 5105 ’Ὀσπερ
836 5031 936 5105 γὰρ
984 5032 1090 5081 τῶν
1143 5030 1321 5105 φυτῶν
1384 5025 1452 5078 τὰ
1503 5027 1596 5096 μὲν
1648 5022 1699 5078 ἐν
1748 5030 1865 5085 τοῖς
1916 5023 1992 5079 δι-

344 5123 532 5197 ὐγροις
565 5120 753 5179 τόποις
786 5116 1125 5193 τυγχάνοντα
1154 5112 1507 5187 εὐθαλέστερα
1545 5113 1806 5186 γίνονται,
1838 5116 1905 5166 τα
1934 5111 1991 5167 δὶ

344 5211 395 5266 έν
445 5216 564 5272 τοῖς
612 5206 925 5284 ξηροτέροις
980 5205 1359 5279 μονιμώτερα·
1421 5201 1562 5257 οὕτω
1620 5203 1708 5256 καὶ
1764 5206 1872 5256 τῶν
1904 5202 1991 5256 ἀν-

346 5300 582 5375 θρώπων
613 5298 663 5351 οἱ
700 5297 793 5368 μὶν
829 5295 1019 5355 ἐντοῖς
1070 5292 1431 5368 ὑψηλοτέροις
1478 5291 1668 5351 τόποις
1719 5291 1774 5344 εὖ
1823 5293 1991 5366 πράτ-

341 5409 549 5461 τουσιν,
610 5387 661 5441 οἱ
720 5383 777 5440 δὲ
834 5385 886 5440 έν
954 5390 1072 5445 τοῖς
1146 5383 1544 5458 ταπεινοτέροις
1617 5378 1993 5453 διασώζονται,

414 5589 459 5625 ⁸³
491 5587 540 5644 ll
569 5590 696 5644 Cor.
726 5602 808 5654 iv,
844 5585 929 5641 16.
962 5585 1006 5620 ⁸⁸
1028 5584 1191 5640 Prov.
1224 5598 1397 5653 xxvn,
1428 5581 1484 5639 7.
1507 5582 1553 5616 ⁵³
1584 5579 1756 5637 Eccli.
1780 5597 1907 5653 xxv,
1940 5580 2033 5637 34.

443 5784 533 5870 gi)
566 5785 668 5868 va,
698 5784 808 5841 pp.
845 5782 883 5838 ι.
905 5799 961 5852 v,
990 5781 1047 5853 7,
1081 5780 1167 5837 15.
1209 5777 1485 5837 Scholion
1532 5778 1625 5850 73,
1685 5776 1758 5833 ad
1818 5777 1993 5847 Grad,

347 5858 385 5918 4
414 5856 677 5917 Climaci.

635 5984 905 6048 Panem.
934 5981 1047 6046 Gn.
1089 5977 1360 6046 XXVIII.

2099 4866 2209 4920 que
2240 4852 2436 4903 autem
2461 4846 2696 4917 propria
2743 4852 2936 4901 mente
2983 4847 3120 4917 quid
3158 4850 3426 4919 expediat
3479 4852 3757 4923 exploret.

2100 4936 2303 4993 Multis
2334 4936 2563 5007 expedit
2594 4952 2828 4990 manere
2862 4936 2917 4989 in
2941 4936 3228 5003 coenobio,
3263 4938 3465 4995 multis
3497 4939 3638 4995 utile
3669 4952 3755 4997 est

2101 5041 2363 5082 seorsum
2384 5024 2673 5079 secedere.
2698 5024 2840 5079 Nam
2867 5025 3017 5080 sicut
3047 5025 3381 5096 plantarum
3406 5028 3530 5082 aliae
3555 5029 3610 5083 in
3648 5030 3758 5084 hu-

2104 5116 2280 5169 midis
2310 5114 2451 5169 locis
2483 5114 2824 5169 virentiores
2856 5115 3142 5181 evadunt;
3174 5115 3297 5169 alias
3326 5116 3381 5169 in
3417 5118 3759 5173 siccioribus

2104 5206 2333 5261 firmius
2391 5206 2737 5276 l‘eliciusque
2781 5207 3137 5261 consistunt:
3190 5206 3269 5261 ita
3303 5207 3609 5263 hominum
3660 5210 3759 5265 alii

2104 5294 2413 5349 altioribus
2447 5294 2504 5346 in
2535 5293 2678 5348 locis
2712 5295 2889 5365 probe
2925 5280 3283 5365 feliciterque
3322 5302 3521 5365 agunt,
3555 5298 3613 5351 in
3650 5298 3755 5353 hu-

2109 5382 2437 5437 milioribus
2461 5381 2558 5437 alii
2591 5388 3030 5437 conservantur.
3052 5383 3215 5438 Multi
3243 5401 3383 5439 sane
3415 5385 3473 5440 in
3506 5386 3754 5443 civitate.

2176 5774 2289 5849 (95)
2324 5776 2427 5834 Vit.
2459 5776 2569 5833 PP.
2592 5774 2633 5833 1.
2656 5791 2719 5848 ν,
2741 5776 2793 5846 4,
2817 5774 2906 5833 43.

3401 5981 3479 6043 49
