4162 6372
499 411 653 473 1547

1671 405 1738 466 S.
1786 400 2318 464 ATHANASIUS.
2353 430 2433 444 —
2462 398 2780 462 SPURIA.

3749 402 3890 466 1548

499 561 634 600 cum
665 559 734 599 ea
756 558 880 614 quae
912 541 972 596 in
1002 555 1196 597 eremo
1235 541 1550 611 agerentur
1591 536 1876 593 memoria
1930 534 2146 592 recole-

2275 528 2477 588 Ηολλοὶ
2537 529 2628 584 οὗν
2689 528 2739 582 ἐν
2800 527 2984 597 πόλει,
3033 527 3226 614 τὰντῆς
3260 525 3470 604 ἐρήμου
3499 528 3890 606 φανταζόμενοι,

499 637 651 700 rent,
675 631 927 688 salutem
943 635 1079 685 sunt
1103 627 1401 684 consecuti
1429 626 1634 683 :multi
1661 626 1836 681 etiam
1878 625 1937 680 in
1963 627 2162 679 monte

499 727 802 778 versantes
825 720 1144 792 perierunt,
1171 719 1310 789 quia
1340 717 1438 771 illa
1469 721 1706 788 agerent
1751 732 1876 786 quae
1917 712 2162 786 popula-

503 811 669 867 ribus
712 815 942 865 tantum
992 811 1408 880 competerent.
1472 805 1614 860 Fieri
1664 820 1916 875 namque
1975 800 2164 873 potest

505 905 572 956 ut
599 899 696 971 qui
729 915 862 955 cum
888 897 1158 970 pluribus
1190 899 1474 961 versatur,
1509 894 1705 950 animo
1733 892 2030 950 solitarius
2060 892 2164 963 sit;

507 992 567 1046 et
583 987 859 1058 quisolus
889 990 1001 1056 est,
1025 1002 1158 1040 cum
1191 984 1365 1040 turba
1398 987 1592 1039 mente
1622 987 1905 1038 versetur.

577 1078 666 1134 98.
713 1077 825 1150 (96)
875 1074 1038 1133 Multi
1079 1079 1220 1130 sunt
1272 1072 1487 1129 diaboli
1537 1071 1744 1128 aculei.
1805 1072 1931 1128 Non
1980 1071 2169 1144 potuit

508 1169 852 1240 paupertate
881 1165 1144 1221 animum
1175 1162 1503 1218 dimovere?
1532 1161 1767 1217 divitias
1787 1163 1954 1217 aliert
1984 1161 2044 1216 in
2075 1177 2168 1216 es-

509 1273 662 1312 cam.
695 1255 805 1310 Per
834 1252 1222 1310 contumelias
1243 1257 1300 1308 et
1329 1251 1642 1323 approbria
1671 1267 1785 1305 non
1818 1249 2169 1322 praevaluit?

509 1344 716 1401 laudes
747 1343 988 1398 adhibet
1007 1346 1182 1413 atque
1212 1340 1478 1411 gloriam.
1514 1341 1620 1394 Per
1649 1341 1961 1395 sanitatem
2008 1338 2166 1395 devi-

509 1440 642 1490 ctus
663 1432 791 1488 est?
821 1432 1092 1487 morbum
1122 1430 1386 1485 immittit
1405 1428 1653 1500 corpori.
1685 1429 1829 1485 Cum
1859 1428 2017 1484 enim
2066 1445 2168 1484 vo-

509 1520 840 1594 luptatibus
863 1537 980 1576 non
1003 1519 1258 1591 potuerit
1273 1519 1557 1590 decipere,
1575 1517 2168 1588 perinvitoslabores,

511 1611 720 1668 animae
773 1626 975 1682 parare
1024 1612 1270 1664 conatur
1316 1608 1697 1678 eversionem,
1746 1605 2166 1678 inconsultam,

512 1717 618 1757 nec
639 1704 1047 1772 spontaneam.
1080 1697 1310 1753 Morbos
1338 1696 1497 1752 enim
1520 1695 1904 1769 gravissimos
1926 1695 2167 1767 injicere

512 1788 898 1863 permittitur,
931 1787 1150 1860 quibus
1189 1789 1379 1842 tentat
1433 1785 1703 1841 homines
1751 1785 1810 1841 in
1857 1784 2168 1858 segnitiem

512 1879 822 1950 conjicere,
847 1891 1172 1948 eorumque
1201 1891 1340 1946 erga
1363 1879 1545 1930 Deum
1567 1874 2166 1930 cbaritatemcontur-

2273 618 2572 690 ἐσώθησαν·
2606 617 2696 672 καὶ
2726 616 2960 690 πολλοὶ,
2993 617 3044 673 ἒν
3077 613 3192 693 ὄρει
3222 613 3390 689 ὄντες,
3421 619 3487 672 τὰ
3521 624 3626 674 τῶν
3655 617 3894 693 δημοτῶν

2271 706 2619 782 πράττοντες,
2671 704 2986 765 ἀπώλοντο.
3045 707 3276 762 Δυνατὸν
3333 707 3465 780 μετὰ
3511 705 3731 762 πολλῶν
3782 705 3897 765 ὅντα

2278 797 2524 870 μονάζειν
2583 799 2652 869 τῇ
2700 795 2912 870 γνώμῃ,
2963 793 3054 850 xui
3104 795 3268 870 μόνον
3311 791 3440 851 ὅντα
3473 796 3603 869 μετὰ
3631 791 3806 872 ὄχλων
3835 803 3896 874 τῇ

2276 883 2489 957 διανοίᾳ
2518 882 2839 961 συνδιάγειν.

2348 1060 2543 1118 Πολλᾶ
2593 1067 2692 1118 τοῦ
2751 1057 3014 1118 διαϐόλου
3071 1063 3138 1119 τὰ
3194 1061 3407 1141 κέντρα.
3469 1065 3566 1119 Διὰ
3627 1065 3800 1127 πενίας
3849 1064 3905 1120 ού

2279 1153 2598 1225 μετεκίνησε
2627 1155 2841 1229 ψυχήη
2870 1151 3110 1209 πλοῦτον
3143 1153 3402 1230 προσάγει
3457 1153 3531 1216 είς
3583 1150 3789 1230 δέλεαρ.
3839 1161 3911 1209 Δι’

2278 1236 2486 1316 ὕϐρεων
2544 1242 2635 1296 καὶ
2685 1241 3010 1316 ὀνειδισμῶν
3077 1242 3178 1298 οὐκ
3224 1241 3467 1318 ἴσχυσεν,
3538 1242 3772 1306 ἐπαίνους
3821 1244 3902 1299 καὶ

2280 1325 2433 1398 δόξαν
2492 1326 2886 1404 προϐάλλεται.
2940 1331 3039 1384 Διά
3083 1336 3184 1399 τῆς
3235 1330 3418 1405 ὑγείας
3467 1331 3714 1405 ἡττήθτη
3766 1351 3902 1385 νοσο-

2285 1423 2428 1472 ποιεῖ
2453 1419 2516 1472 τὸ
2543 1422 2721 1491 σῶμα.
2773 1423 2902 1480 Ταῖς
2950 1420 3055 1494 γὰρ
3103 1415 3328 1488 ἡδοναῖς
3374 1419 3452 1491 μή
3485 1416 3726 1487 δυνηθεὶς
3781 1420 3903 1473 ἀπα-

2277 1513 2460 1576 τῆσαι,
2494 1502 2584 1560 διὰ
2611 1511 2717 1561 τῶν
2746 1507 3014 1562 ἀκουσίων
3041 1507 3220 1562 πόνων
3267 1507 3368 1576 τὴν
3427 1507 3772 1583 παρατροπὴν
3817 1513 3907 1577 τῆς

2277 1598 2466 1670 ψυχῆς
2500 1601 2746 1672 πειρᾶται
2790 1603 3017 1666 ποιῆσαι
3065 1596 3422 1675 ἀπροαίρετον
3460 1595 3550 1652 καὶ
3600 1591 3906 1667 ἀϐούλητον.

2278 1684 2484 1748 Νόσους
2514 1687 2616 1762 γάρ
2671 1707 2823 1749 τινας
2867 1686 2957 1741 xui
3013 1688 3314 1762 βαρυτάτας
3372 1685 3424 1758 ἕξ
3455 1686 3718 1757 αἰτήσεως
3763 1706 3911 1761 προσ-

2277 1773 2420 1850 άγει,
2468 1775 2606 1849 πρὸς
2648 1777 2711 1832 τὸ
2755 1773 2846 1831 διὰ
2872 1775 3080 1832 τούτων
3117 1775 3571 1854 ὀλιγωρήσαντας
3602 1774 3910 1832 ἐπιθολῶσαι

2279 1863 2454 1919 αὐτῶν
2506 1865 2607 1934 τὴν
2665 1865 2804 1940 πρὸς
2851 1866 2980 1921 Θεὸν
3032 1864 3273 1941 ἀγάπην.
3323 1863 3482 1920 Ἀλλ’
3533 1867 3578 1920 εἰ
3624 1865 3709 1920 καὶ
3765 1884 3912 1920 κατα-

511 1945 672 2024 bare.
706 1945 818 2022 Sed
851 1945 1195 2037 sivecorpus
1217 1962 1564 2032 conciditur,
1615 1979 1681 2018 ao
1727 1961 2166 2018 vehementissi-

2277 1953 2525 2026 τέμνεται
2553 1955 2616 2008 τὸ
2669 1959 2851 2028 σῶμα,
2883 1955 2973 2009 καὶ
3019 1960 3277 2031 πυρετοῖς
3323 1951 3714 2032 σφοδροτάτοις
3763 1973 3911 2009 κατα-

515 2055 629 2111 mis
652 2052 913 2110 febribus
955 2053 1381 2117 inﬂammatur,
1432 2068 1497 2106 ac
1545 2051 1777 2107 etiamsi
1813 2050 2171 2108 intolerabili

514 2145 614 2200 siti
645 2142 1030 2211 excrucietur,
1064 2141 1112 2198 si
1135 2141 1373 2212 quidem
1397 2145 1664 2212 peccator
1692 2156 1825 2195 cum
1865 2141 1950 2196 sis
1973 2141 2173 2196 istbmc

513 2233 1080 2306 pateris,recordare
1122 2230 1454 2286 futurorum
1511 2229 1963 2301 suppliciorum,
2015 2229 2170 2302 ignis

512 2322 732 2387 aeterni,
762 2334 1184 2391 pcenarumque
1205 2316 1431 2388 judicio
1465 2317 1950 2389 inﬂigendarum:
1983 2334 2172 2390 neque

511 2410 572 2465 in
606 2407 898 2481 prmsenti,
931 2407 1158 2463 socordi
1185 2413 1362 2478 atque
1391 2407 1618 2477 abjecto
1649 2405 1846 2461 animo
1880 2406 2016 2462 eris.
2051 2407 2168 2462 La:-

513 2504 638 2554 tare
663 2498 802 2570 quia
854 2495 1111 2552 visitavit
1156 2501 1213 2552 te
1271 2496 1575 2566 Dominus,
1631 2500 1807 2566 atque
1855 2495 2169 2567 pulchrum

510 2587 657 2644 illud
689 2587 913 2643 dictum
949 2586 1006 2641 in
1035 2601 1133 2640 ore
1164 2585 1351 2640 habe:
1405 2585 1692 2656 Castigam
1750 2586 2044 2654 castigavit
2085 2601 2172 2640 me

513 2678 799 2744 Dominus,
829 2680 882 2731 et
911 2677 1084 2730 morti
1131 2673 1349 2745 peccati
1385 2691 1494 2730 non
1551 2673 1791 2730 tradidit
1819 2690 1903 2729 me
1919 2674 1983 2728 “.
2041 2675 2167 2729 Fer-

514 2781 648 2821 rum
697 2781 846 2834 eras,
906 2765 1006 2819 sed
1051 2763 1184 2835 igne
1223 2763 1556 2836 rubiginem
1613 2763 1862 2819 amittis.
1915 2763 2076 2828 Quod
2119 2763 2168 2818 si

515 2855 693 2912 etiam
715 2853 934 2926 probus
971 2868 1054 2920 es,
1104 2851 1446 2907 inﬁrmitate
1477 2851 1715 2916 teneris,
1749 2869 1782 2906 a
1833 2851 2062 2923 magnis
2095 2851 2167 2907 ad

516 2943 742 3015 majora
771 2940 1158 3014 progrederis.
1187 2942 1411 2996 Aurum
1442 2957 1537 2996 es:
1562 2944 1622 2995 at
1651 2955 1754 3012 per
1788 2941 1982 3012 ignem
2035 2957 2167 3011 pro-

512 3032 705 3089 batior
732 3030 949 3087 evadis.
983 3031 1168 3086 Datus
1193 3034 1284 3086 est
1302 3030 1408 3085 tibi
1441 3029 1721 3100 carnique
1754 3033 1868 3085 tuae
1921 3029 2167 3101 angelus

513 3122 764 3188 Satanae,
791 3119 1039 3175 exsulta.
1072 3119 1218 3174 Vide
1249 3118 1342 3174 cui
1373 3118 1584 3174 similis
1621 3119 1863 3174 effectus
1910 3119 2030 3174 sis:
2063 3120 2165 3173 do-

512 3215 689 3266 natus
719 3226 781 3265 es
813 3207 978 3263 Pauli
1012 3224 1276 3263 munere.
1305 3208 1481 3262 Febre
1512 3207 1799 3278 probaris,
1833 3207 2023 3279 rigore
2039 3224 2166 3262 eru-

510 3299 677 3366 diris,
709 3303 770 3354 at
798 3298 1102 3369 Scriptura
1131 3295 1308 3351 dicit:
1348 3297 1724 3352 Transivimus
1759 3312 1858 3368 per
1896 3298 2078 3367 ignem
2107 3302 2164 3352 et
2193 3317 2234 3382 ρ

507 3405 718 3460 aquam
736 3387 798 3442 ⁵⁸.
831 3386 994 3452 Quod
1026 3389 1312 3457 superest,
1344 3389 1614 3456 paratum
1649 3386 2012 3457 refrigerium
2053 3390 2162 3442 est.

510 3480 871 3534 Consecutus
892 3491 954 3530 es
979 3473 1258 3546 primum,
1305 3474 1458 3529 638
1507 3475 1831 3530 secundum
1873 3480 2162 3546 exspecta.

513 3573 665 3623 Dum
717 3563 1002 3636 operaris,
1048 3562 1311 3618 exclama
1341 3563 1461 3618 haec
1495 3563 1727 3619 Davidis
1768 3565 1943 3620 verba
1973 3565 2163 3636 profe-

512 3673 678 3713 rens:
705 3655 860 3724 Inops
905 3658 958 3709 et
999 3668 1214 3724 pauper
1251 3662 1305 3708 et
1354 3653 1539 3708 dolens
1577 3669 1700 3708 sum
1739 3669 1835 3724 ego
1867 3654 1930 3708 ⁸⁸.
1972 3654 2162 3708 Perfe-

512 3749 644 3805 ctus
673 3743 787 3802 eris
823 3759 926 3815 per
980 3741 1302 3796 ternarium
1352 3757 1689 3797 numerum.
1745 3743 1844 3797 Ait
1881 3742 2069 3798 enim:
2102 3744 2166 3798 In

514 3834 877 3891 tribulatione
905 3830 1157 3885 dilatusti
1181 3831 1324 3886 mihi
1343 3829 1408 3885 ⁸⁷.
1462 3831 1562 3885 His
1601 3829 1852 3886 maxime
1898 3829 2166 3886 certami-

511 3922 692 3978 nibus
704 3919 918 3976 animis
949 3933 1348 3977 exerceamur:
1365 3934 1482 3990 praa
1495 3916 1679 3975 oculis
1701 3919 1855 3975 enim
1874 3919 2163 3977 habemus

511 4009 938 4068 adversarium.

578 4189 667 4244 99.
701 4187 814 4259 (97)
856 4186 939 4243 Ne
981 4185 1177 4242 animo
1207 4185 1647 4254 contristamur,
1686 4203 1819 4243 cum
1866 4203 1969 4260 per
1997 4188 2162 4243 inﬁr-

507 4278 776 4334 mitatem
808 4292 874 4331 ac
893 4273 1108 4331 vulnus
1138 4274 1397 4346 corporis
1423 4291 1540 4330 non
1575 4291 1892 4347 possumus
1914 4279 2066 4332 stare
2087 4277 2158 4332 ad

505 4366 854 4429 orationem,
889 4367 991 4419 aut
1011 4379 1148 4418 voce
1169 4361 1418 4434 psallere
1447 4381 1460 4418 :
1485 4363 1684 4420 omnia
1704 4363 1818 4420 ista
1847 4365 2014 4421 nobis
2038 4383 2164 4437 pro*

505 4455 720 4511 derunt
751 4453 824 4509 ad
847 4452 1239 4524 cupiditatum
1277 4451 1657 4508 eversionem.
1698 4452 1844 4508 Nam
1896 4455 2162 4526 jejunare

505 4560 572 4603 ac
602 4543 769 4599 humi
801 4541 1272 4612 cubarejussum
1305 4541 1474 4596 nobis
1530 4548 1622 4598 est
1660 4542 1730 4595 ad
1786 4543 2162 4614 turpissimae

501 4633 835 4704 voluptates
858 4628 1258 4686 deolinandas.
1292 4629 1351 4684 Si
1382 4645 1519 4700 ergo
1562 4646 1660 4684 eas
1693 4631 1933 4686 morbus
1991 4635 2161 4690 obtu-

2282 2041 2559 2120 φλέγεται,
2593 2041 2670 2098 ἔτι
2706 2045 2813 2116 μὴν
2844 2044 2934 2099 καὶ
2963 2041 3104 2118 δίψει
3138 2045 3342 2116 ἀνιάτῳ
3370 2043 3462 2098 καὶ
3514 2042 3724 2119 ἀσχέτῳ
3768 2062 3914 2097 κατα-

2280 2127 2545 2186 θλίϐεται·
2604 2133 2650 2188 εἰ
2711 2133 2808 2205 μὲν
2867 2131 3196 2210 ἁμαρτωλὸς
3256 2133 3329 2187 ὥν
3391 2131 3558 2189 ταῦτα
3626 2131 3908 2208 ὑφίστασαι,

2283 2221 2667 2293 ὑπομνήσθητι
2713 2229 2815 2291 τῆς
2868 2221 3183 2295 μελλούσης
3221 2220 3530 2295 κολάσεως,
3560 2222 3646 2277 καὶ
3676 2219 3766 2276 τοῦ
3795 2219 3909 2276 uico-

2278 2309 2393 2364 νίου
2439 2311 2611 2385 πυρὸς
2664 2311 2754 2366 καὶ
2800 2315 2907 2365 τῶν
2955 2308 3279 2366 δικαστικῶν
3337 2316 3642 2388 τιμωριῶν,
3683 2310 3768 2365 καὶ
3823 2309 3912 2364 ούκ

2280 2397 2646 2473 ὀλιγωρήσεις
2677 2399 2814 2475 πρὸς
2863 2402 2930 2454 τὰ
2975 2399 3234 2475 παρόντα.
3285 2399 3515 2475 Χαίρου,
3569 2399 3650 2455 ὅτι
3707 2398 3907 2454 ἐπεσκό-

2276 2489 2418 2558 πησί
2467 2509 2525 2542 σε
2557 2489 2584 2543 ὁ
2646 2487 2864 2564 Κύριος,
2913 2488 3004 2543 xui
3059 2489 3122 2543 τὸ
3181 2485 3428 2566 εὔφημον
3473 2487 3531 2544 δὲ
3563 2487 3731 2544 ἐκεῖνο
3761 2487 3906 2564 ῥητὸν

2279 2575 2366 2632 ἐπὶ
2413 2584 2512 2648 τῆς
2571 2577 2827 2653 γλώσσης
2886 2575 3003 2654 ἔχε,
3062 2579 3136 2640 ὡς
3189 2576 3470 2634 Παιδεύων
3532 2575 3800 2633 ἐπαίδευσέ
3852 2597 3908 2649 με

2279 2668 2307 2722 ὁ
2367 2666 2586 2743 Κύριος·
2645 2672 2724 2738 τῷ
2783 2665 2840 2721 δὲ
2891 2667 3104 2741 θανάτῳ
3177 2675 3276 2737 τῆς
3346 2667 3617 2745 ἁμαρτίας
3675 2665 3733 2723 οὐ
3788 2686 3911 2742 παρ-ι

2277 2754 2446 2810 ἑδωκέ
2479 2776 2564 2825 με.
2599 2753 2837 2832 Σίδηρος
2861 2755 3177 2833 ἐτκγχανες,
3203 2755 3349 2812 ἀλλὰ
3392 2755 3484 2812 διὰ
3501 2762 3599 2813 τοῦ
3629 2757 3792 2832 πυρὸς
3827 2755 3911 2812 τὸν

2279 2843 2357 2898 ἰὸν
2387 2840 2702 2918 ἀποϐάλλῃ,
2736 2845 2799 2899 Ei
2831 2842 2887 2899 δὲ
2916 2845 3006 2900 καὶ
3055 2843 3264 2908 δίκαιος
3316 2844 3388 2900 ὥν
3445 2845 3763 2923 ἀρῥωστεῖς,
3817 2843 3912 2898 ἀπὸ

2274 2937 2381 2988 τῶν
2415 2933 2665 3010 μεγάλων
2723 2933 2810 2988 ἰπὶ
2868 2934 2937 2989 τὰ
2976 2934 3144 3006 μείζω
3174 2935 3529 3010 προκόπτεις.
3591 2935 3798 3009 Χρυσὸς
3851 2933 3914 3003 εἴ,

2275 3021 2424 3078 ἀλλὰ
2471 3020 2559 3078 διὰ
2586 3021 2684 3078 τοῦ
2706 3023 2876 3099 πυρὸς
2903 3020 3276 3098 δοκιμώτερος
3306 3024 3452 3100 γίνη.
3487 3021 3684 3094 Ἐδόθη
3718 3045 3798 3079 σοι
3825 3023 3914 3098 ἄγ-

2271 3110 2436 3190 γελος
2469 3119 2641 3167 Σατᾶν
2693 3117 2762 3187 τῇ
2819 3112 2998 3189 σαρκὶ,
3045 3110 3324 3188 ἀγαλλιῶ,
3368 3112 3542 3189 βλιπε
3569 3113 3672 3170 τίνι
3730 3111 3912 3186 ὅμοιος

2271 3202 2518 3278 γέγονας.
2575 3209 2677 3271 τῆς
2733 3204 2834 3278 γὰρ
2866 3202 3084 3259 Παύλου
3139 3200 3346 3278 δωρεᾶς
3375 3205 3641 3275 ἠξιώθης.
3677 3205 3772 3259 Διά
3823 3199 3911 3258 τοῦ

2272 3288 2507 3365 πυρετοῦ
2540 3289 2826 3366 δοκιμάζῃ·
2878 3289 2966 3346 διὰ
3015 3291 3202 3368 ῥίγους
3252 3290 3515 3367 παιδεύῃ·
3569 3292 3714 3350 ἀλλὰ
3763 3312 3910 3372 φησιν

2275 3381 2310 3450 ἡ
2345 3383 2553 3458 Γραφήο
2616 3379 2924 3453 Διήλθομεν
2985 3380 3075 3436 διὰ
3131 3383 3300 3457 πυρὸς
3359 3382 3451 3437 καὶ
3525 3380 3739 3446 ὕδατος.
3796 3389 3912 3436 Λοι-

2274 3468 2375 3523 πὸν
2402 3468 2464 3524 τὸ
2495 3469 2896 3547 ἀναψυκτήριον
2929 3470 3280 3543 ἡτοίμασται.
3323 3472 3559 3548 ’Έτυχες
3615 3476 3716 3527 τοῦ
3771 3471 3914 3547 πρώ-

2271 3578 2392 3628 του,
2425 3556 2703 3634 προσδόκα
2747 3559 2811 3614 τὸ
2869 3556 3139 3635 δεύτερον.
3198 3561 3455 3636 Πράττων
3513 3563 3758 3637 ]πάσχω]
3824 3559 3914 3636 βόα

2272 3648 2340 3701 τὰ
2367 3645 2462 3702 τοῦ
2494 3647 2654 3723 ἁγίου
2711 3647 2880 3724 Δαβὶδ
2945 3649 3182 3724 ῥήματασ
3243 3650 3372 3727 φησὶ
3433 3651 3559 3727 γὰρ,
3619 3651 3694 3713 ὡς
3751 3651 3912 3719 Πίνης

2271 3736 2362 3791 καὶ
2420 3739 2645 3814 πτωχὸς
2702 3738 2792 3792 xui
2850 3737 3031 3814 ἀλγῶν
3093 3738 3208 3812 εἰμι
3265 3738 3392 3815 ἐγώ.
3453 3739 3671 3803 Τέλειος
3726 3740 3913 3815 γενήσῃ

2273 3822 2363 3880 διὰ
2390 3834 2490 3896 τῆς
2521 3824 2765 3902 τριάδος.
2802 3827 2899 3882 Καὶ
2963 3827 3065 3904 γάρ
3124 3849 3305 3906 φησιν.
3364 3830 3457 3883 Ἔν
3521 3827 3705 3903 θλίψει
3763 3825 3910 3884 ἑπλά·

2269 3917 2430 3980 τυνάς
2465 3938 2553 3990 με.
2585 3918 2670 3972 Ἐν
2709 3917 2926 3980 τούτοις
2987 3916 3226 3990 μάλιστα
3269 3920 3389 3980 τοῖς
3449 3919 3772 3994 γυμνασίοις
3823 3916 3909 3979 τὰς

2269 4005 2452 4082 ψυχὰς
2511 4007 2858 4079 ἀσκηθῶμεν⁶
2917 4005 3001 4061 ἐπ’
3055 4005 3364 4084 ὀφθαλμοῖς
3421 4009 3527 4084 γὰρ
3561 4009 3773 4085 ὁρῶμεν
3828 4007 3910 4061 τὸν

2270 4093 2567 4150 ἀντίπαλον
2578 4140 2590 4152 .

2342 4187 2431 4242 99.
2466 4186 2554 4255 Μὴ
2590 4181 2949 4257 λυπηθῶμεν,
3007 4184 3083 4246 ὡς
3136 4182 3226 4240 διὰ
3265 4186 3366 4256 τὴν
3399 4184 3675 4250 ἀσθένειαν
3704 4185 3790 4241 xui
3820 4185 3908 4252 τὴν

2271 4272 2496 4349 πληγὴν
2532 4277 2631 4329 τοῦ
2680 4274 2933 4346 σώματος
2969 4275 3046 4348 μή
3081 4271 3366 4348 δυνάμενοι
3398 4274 3476 4338 εἲς
3507 4275 3682 4352 εὐχήν
3711 4282 3911 4344 στῆναι,

2269 4365 2305 4434 ἢ
2339 4361 2571 4438 ψάλλειν
2609 4363 2742 4437 μετᾶ
2769 4370 2976 4441 φωνῆς·
3028 4364 3201 4418 πάντα
3228 4366 3364 4438 ἡμῖν
3395 4369 3564 4420 ταῦτα
3591 4363 3761 4435 ἤνυτο
3787 4363 3914 4437 πρὸς

2272 4452 2575 4529 καθαίρεσιν
2604 4451 2931 4526 ἐπιθυμιῶν.
2969 4453 3066 4507 Καὶ
3097 4453 3198 4528 γὰρ
3247 4454 3468 4524 νηστεία
3509 4454 3600 4510 καὶ
3659 4450 3916 4530 χαμευνία

2271 4540 2362 4597 διὰ
2411 4543 2506 4603 τὰς
2562 4541 2882 4616 αἰσχίστους
2924 4543 3060 4614 ἡμῖν
3090 4539 3292 4611 ἡδονὰς
3329 4543 3801 4616 νενομοθέτηνται.
3855 4539 3914 4598 Ei

2272 4628 2364 4685 οὖν
2410 4633 2444 4698 ἡ
2495 4629 2648 4692 νόσος
2702 4629 2898 4692 ταύτας
2955 4625 3228 4703 ἤμϐλυνε,
3285 4633 3536 4707 περιττὸς
3587 4633 3616 4686 ὀ
3646 4631 3831 4692 πόνος.
3860 4626 3914 4682 Τί

506 4693 682 4790 derit,
711 4720 1046 4790 superfluus
1086 4725 1174 4774 est
1204 4717 1386 4774 labor.
1442 4693 1556 4773 Dur
1593 4718 1725 4773 dico
1774 4721 2110 4791 superﬂuus
2134 4718 2161 4774 ?

2275 4717 2328 4775 δὲ
2359 4693 2507 4794 λέγω
2533 4718 2784 4795 περιττός
2815 4738 2829 4788 ;
2863 4693 3044 4793 ὥσπερ
3075 4719 3178 4797 γὰρ
3212 4693 3436 4794 ’μείζονί
3465 4743 3574 4776 τινι
3616 4721 3707 4776 καὶ
3764 4719 3912 4794 ἴσχυ-

503 4810 643 4882 quia
672 4813 953 4879 tanquam
991 4807 1242 4879 graviori
1279 4807 1622 4877 fortiorique
1647 4809 1923 4877 remedio,
1949 4827 2158 4884 nempe

501 4899 708 4955 morbo
739 4896 1005 4952 letbifcra
1027 4901 1422 4969 symptomata
1443 4896 1802 4967 sopitasunt.
1829 4903 2018 4969 Atque
2039 4901 2158 4956 haec

500 4994 591 5044 est
612 5004 826 5060 magna
873 4987 1229 5054 exercitatio,
1279 4985 1513 5040 morbos
1563 4985 1850 5058 patienter
1893 4988 2062 5056 ferre,
2103 4996 2160 5046 et

500 5079 822 5152 gratiarum
855 5075 1103 5132 actionis
1126 5075 1380 5148 hymnos
1411 5074 1527 5130 Deo
1555 5075 1840 5132 emittere.
1885 5079 2159 5151 Adempti

501 5168 672 5225 nobis
704 5173 843 5223 sunt
873 5164 1072 5223 oculi?
1104 5181 1174 5220 ne
1206 5163 1459 5237 graviter
1497 5164 1778 5233 feramus,
1829 5169 1989 5239 quia,
2027 5169 2160 5226 licet

499 5255 856 5314 insatiabilis
919 5254 1260 5327 cupiditatis
1312 5254 1706 5310 instrumenta
1757 5257 2156 5328 amiserimus,

499 5349 760 5404 attamen
782 5345 1032 5402 internis
1063 5341 1250 5402 oculis
1279 5342 1749 5416 contemplamur
1768 5343 2016 5417 gloriam
2047 5348 2159 5404 Do-

2270 4811 2478 4884 ροτὲρῳ
2525 4809 2796 4884 φαρμάκῳ
2857 4813 2925 4883 τῇ
2975 4810 3119 4882 νόσῳ
3167 4812 3233 4865 τὰ
3291 4809 3632 4889 ὀλεθροφόρα
3661 4809 3911 4884 συμπτώο

2273 4919 2412 4972 ματα
2458 4899 2834 4970 κεκοίμηνται.
2887 4899 2986 4953 Καὶ
3034 4899 3168 4969 αὕτη
3203 4899 3342 4954 ἐστὶν
3374 4902 3408 4969 ἡ
3473 4899 3690 4975 μεγάλη
3752 4898 3910 4967 ἄσκη-

2269 5009 2371 5060 σις,
2400 4988 2464 5041 τὸ
2491 4985 2541 5042 ἐν
2568 4991 2686 5048 ταῖς
2717 4986 2894 5048 νόσοις
2945 4986 3308 5064 ἐγκαρτερεῖν,
3341 4989 3430 5043 xui
3462 4988 3911 5064 εὐχαριστηρίους

2268 5076 2468 5149 ὕμνους
2555 5076 2891 5148 άναπὲμπειν
2967 5080 3046 5148 τῷ
3121 5075 3418 5152 κρείττονι.
3514 5076 3914 5155 Ἀφαιρούμεθα

2269 5164 2607 5242 ὀφθαλμῶνς
2648 5166 2724 5238 μὴ
2757 5166 2965 5241 βαρέως
2998 5164 3319 5241 ἐνέγκωμεν·
3375 5166 3442 5221 τά
3469 5168 3571 5243 γὰρ
3602 5175 3706 5236 τῆς
3738 5166 3915 5232 ἀπληο

2269 5255 2420 5318 στίας
2463 5253 2663 5331 ὄργανα
2708 5250 3080 5326 ἀπεϐάλομεν,
3112 5253 3259 5309 ἀλλά
3284 5261 3400 5318 τοῖς
3433 5254 3586 5311 ἔνδον
3614 5255 3914 5333 ὀφθαλμοῖς

2267 5347 2366 5416 τήν
2427 5342 2582 5417 δόξαν
2659 5343 2858 5419 Κυρίου
2914 5345 3406 5420 κατοπτριζόμεθα.
3466 5345 3915 5423 Ἐκωφεύσαμεν;

569 5545 617 5584 ⁸³
645 5546 801 5606 Psal.
830 5562 999 5616 cxvn,
1036 5546 1185 5602 18.“
1215 5543 1507 5615 Psalmxv,
1532 5545 1620 5602 42.
1651 5546 1695 5582 ⁵⁸
1726 5545 1882 5602 Psal.
1917 5562 2115 5621 vam,
2147 5549 2166 5606 ξ

2275 5547 2316 5586 ⁵⁷
2346 5545 2505 5605 Psal.
2537 5561 2616 5618 tv,
2645 5550 2700 5602 2.

504 5746 512 5815 ζ
574 5742 688 5823 (se)
718 5742 783 5800 In
818 5742 952 5802 Vitis
979 5743 1093 5804 PP.
1122 5744 1165 5802 1.
1194 5759 1253 5818 ν,
1278 5744 1336 5817 7,
1371 5745 1458 5802 16.

2333 5747 2446 5822 (97)
2476 5747 2542 5805 In
2577 5747 2710 5805 Viti:
2737 5746 2848 5806 PP.
2880 5746 2922 5818 1,
2949 5764 3008 5821 ν,
3037 5749 3093 5824 7,
3120 5746 3202 5806 ιγ.
