4162 6394
285 445 443 505 1549

1412 437 1599 500 VITA
1647 435 1978 497 SANGTE
2019 435 2578 497 SYNGLETYCE.

3545 438 3703 500 1550

287 572 781 647 εύχαριστησωμεν
838 569 937 636 τὴν
971 590 1197 641 ματαιαν
1231 569 1396 635 ἄκοην
1424 566 1607 622 τέλεον
1639 562 1942 621 ἀποϐαλόν-

2060 568 2217 621 mini.
2246 568 2722 622 Obsurduimus?
2753 569 2969 639 gratius
2998 586 3259 640 agamus,
3287 570 3440 640 quod
3473 568 3705 626 inanem

288 683 399 723 τες.
431 660 534 722 Τὰς
568 666 761 734 χεῖρας
791 658 1134 731 πεπόνθαμεν
1170 677 1182 726 ;
1217 657 1362 711 ἁλι.ὰ
1390 658 1484 717 τὰς
1536 653 1684 710 ἔνδον
1738 654 1939 729 ἔχομεν

287 749 721 825 εὑτρεπισθείσας
772 748 908 822 πρὸς
956 747 1046 801 τὸν
1098 746 1233 800 κατὰ
1274 750 1370 800 τοῦ
1421 745 1621 821 ἐχθροῦ
1670 743 1939 816 πόλεμον.

287 837 597 915 Ἀῥρωστία
623 838 741 901 καθ’
770 836 900 892 ὅλον
928 835 990 891 τὸ
1023 841 1181 909 σῶμα
1208 841 1395 909 κρατεῖ
1428 854 1441 904 ;
1473 833 1597 889 ἀλλ’
1627 836 1660 903 ἠ
1696 834 1832 889 κατά
1851 833 1940 887 τὸν

288 927 397 984 ἓσω
428 926 710 1002 ἄνθρωπον
747 927 894 1002 ὑγεία
927 924 1139 999 μᾶλλον
1172 924 1339 998 αὔξει.

362 1110 485 1165 100.
519 1108 604 1161 Ἐν
638 1100 897 1177 κοινοϐίῳ
949 1104 1127 1174 οὗσαι,
1174 1106 1273 1173 τὴν
1309 1104 1549 1171 ὑπακοὴν
1606 1099 1817 1174 μᾶλλον
1847 1108 1944 1171 τῆς

288 1198 569 1267 ἀσκήσεως
618 1195 999 1270 προκρίνωμεν
1036 1212 1048 1224 ·
1101 1196 1136 1263 ἡ
1192 1195 1284 1267 μὲν
1335 1194 1436 1269 γὰρ
1514 1190 1806 1267 ὑπεροψίαν
1858 1188 1945 1245 δι-

286 1283 495 1355 δάσκει,
548 1286 582 1353 ἡ
636 1282 693 1338 δὲ
750 1282 1246 1361 ταπεινοφροσύνην
1308 1279 1731 1357 ἐπαγγέλλεται.
1794 1281 1944 1334 Ἐστι

284 1372 341 1430 δέ
369 1375 458 1429 καὶ
490 1374 549 1429 ἐκ
606 1379 702 1429 τοῦ
750 1374 951 1449 ἐχθροῦ
1003 1372 1361 1446 ἐπιτεταμένη
1411 1372 1662 1440 ἄσκησις.
1712 1369 1814 1425 Καὶ
1843 1370 1944 1445 γὰρ

287 1465 339 1519 οἱ
372 1464 539 1518 αὑτοῦ
575 1463 811 1535 μαθηταὶ
862 1467 1021 1517 τοῦτο
1064 1466 1304 1518 ποιοῦσι.
1340 1465 1461 1522 Πῶς
1512 1458 1601 1514 οῦν
1655 1457 1945 1534 διακρίνω-

288 1574 382 1627 μεν
410 1555 509 1621 τὴν
546 1552 689 1607 θείαν
722 1554 813 1606 καὶ
868 1549 1155 1626 βασιλικὴν
1190 1552 1417 1620 ἄσκησιν
1470 1556 1570 1619 τῆς
1626 1555 1945 1625 τυραννικῆς

281 1642 371 1697 καὶ
421 1638 826 1713 δαιμονιώδους
861 1659 875 1711 ;
912 1638 1109 1710 δῆλον,
1159 1639 1233 1702 ὡς
1283 1637 1387 1693 ἀπὸ
1431 1642 1533 1707 τῆς
1582 1636 1942 1713 συμμετρίας.

284 1734 465 1793 ’Ἀπας
509 1751 593 1785 σοι
643 1731 671 1784 ὁ
718 1730 918 1806 χρόνος
968 1731 1045 1791 εἷς
1095 1729 1271 1783 κανὼν
1317 1726 1564 1797 νηστείας
1628 1726 1941 1801 ὑπαρχέτω.

285 1822 374 1889 Μή
432 1820 693 1895 τέσσαρας
746 1821 782 1887 ἢ
841 1820 999 1873 πέντε
1052 1816 1389 1891 νηστεύσῃς,
1447 1816 1536 1871 καὶ
1601 1816 1701 1884 τὴν
1762 1812 1939 1884 ἄλλην

285 1908 484 1980 πλήθει
532 1913 748 1985 τροφῶν
800 1905 1103 1980 καταλύσῃς
1152 1908 1250 1974 τήν
1299 1904 1525 1979 δύναμιν
1554 1950 1567 1962 .
1620 1908 1793 1963 Τοῦτο
1837 1901 1942 1972 ἡδὺ
1974 1943 2021 2007 Β

282 1999 363 2070 τῷ
394 1997 598 2073 ἐχθρῷ.
635 2000 923 2072 Πανταχοῦ
953 1998 988 2065 ἠ
1020 1995 1249 2071 ἀμετρία
1279 1995 1612 2071 φθοροποιὸς
1655 1994 1937 2069 τυγχάνει.

286 2089 375 2156 Μὴ
417 2087 503 2164 ὑφ’
532 2083 586 2142 ἓν
620 2108 714 2140 σου
744 2088 810 2140 τὰ
843 2084 989 2139 ὅπλα
1038 2082 1353 2157 ἀναλώσῃς,
1395 2084 1485 2138 καὶ
1536 2083 1742 2158 γυμνὸς
1794 2081 1942 2157 εὑρε-

283 2178 392 2238 θεὶς
422 2176 471 2231 ἐν
503 2174 582 2248 τῷ
632 2174 865 2247 πολέμῳ
895 2172 1170 2234 εὐάλωτος
1214 2175 1436 2248 γενήσῃ.
1476 2174 1551 2227 Τὰ
1594 2171 1739 2227 ὅπλα
1780 2174 1940 2243 ἡμῶν

285 2266 395 2321 ἐστι
426 2267 488 2320 τὸ
520 2269 700 2337 σῶμα.
735 2267 768 2333 ἡ
804 2262 860 2318 δὲ
890 2265 1043 2339 ψύχη
1080 2264 1107 2317 ὁ
1140 2263 1504 2338 στρατιώτης’
1540 2262 1628 2316 καὶ
1677 2266 1784 2315 τῶν
1837 2262 1941 2333 ἀμ-

285 2355 528 2433 φοτέρων
580 2352 848 2425 ἐπιμελοῦ
903 2354 1039 2426 πρὸς
1086 2352 1180 2413 τὰς
1233 2351 1462 2426 χρείας.
1523 2350 1662 2411 Νέος
1730 2349 1803 2403 ὥν
1853 2350 1942 2404 καὶ

288 2445 467 2520 ὑγιής,
529 2445 839 2513 νήστευσον.
899 2442 1048 2511 ’Ἥξει
1108 2441 1211 2516 γὰρ
1269 2441 1330 2495 τὸ
1383 2443 1554 2515 γῆρας
1608 2442 1740 2512 μετά
1785 2440 1939 2502 ἀσθε-

284 2533 448 2594 νείας.
499 2534 585 2593 Ὠς
639 2529 789 2605 δύνῃ,
841 2530 1167 2604 θησαύρισον
1218 2529 1446 2607 τροφὰς,
1488 2526 1600 2599 ἵνα,
1658 2530 1733 2600 μή
1786 2526 1937 2581 δυνά-

290 2643 465 2694 μενος,
519 2622 675 2696 εὑρῃς
713 2666 724 2676 .
775 2622 1012 2689 Νήστευε
1055 2620 1191 2692 μετά
1236 2617 1407 2693 λόγου
1463 2618 1551 2671 καὶ
1614 2612 1888 2691 ἀκριϐείας
1925 2660 1937 2673 .

284 2714 423 2781 "Ope
475 2712 549 2783 μή
595 2711 621 2763 ὁ
673 2710 869 2784 ἐχθρὸς
930 2708 1212 2781 ἐπεισέλθῃ
1267 2712 1335 2781 τῇ
1396 2706 1635 2783 ἐμπορίᾳ
1690 2714 1791 2776 τῆς
1848 2728 1939 2776 νη-

286 2800 500 2861 στείας·
558 2799 646 2853 καὶ
705 2800 849 2873 τάχα
906 2800 1062 2871 οἶμαι
1122 2797 1244 2873 περὶ
1303 2796 1499 2852 τούτου
1556 2797 1647 2851 τὸν
1708 2803 1941 2872 Σωτῆρα

286 2889 559 2963 εἰρηκέναι
603 2887 686 2944 τό·
738 2889 950 2943 Γίνεσθε
1000 2885 1220 2961 δόκιμοι
1270 2891 1617 2963 τραπεζῖται·
1670 2886 1937 2955 τουτέστι,

280 2978 345 3034 τὸ
379 2976 661 3054 βασιλικὸν
706 2978 966 3053 χάραγμα
1017 2971 1256 3051 ἀκριϐῶς
1303 2977 1628 3051 γινώσκετε·
1693 2974 1793 3029 εἶ’σί
1837 2977 1937 3051 γὰρ

280 3067 372 3122 καὶ
424 3064 923 3143 παραχαραγματα·
958 3065 1047 3120 καὶ
1106 3067 1141 3134 ἡ
1206 3066 1300 3138 μὶν
1360 3069 1457 3120 τοῦ
1515 3068 1723 3140 χρυσοῦ
1781 3064 1938 3142 φύσις

278 3158 314 3226 ἡ
364 3155 524 3227 αύτή,
578 3152 817 3233 διαφέρει
849 3152 906 3209 δὲ
952 3158 1031 3226 τῷ
1082 3154 1417 3230 χαράγματι.
1470 3155 1530 3212 ’0
1584 3154 1677 3227 μὶν
1732 3154 1937 3230 χρυσός

280 3244 391 3301 ἐστι
450 3245 711 3317 νηστεία,
788 3243 1109 3321 ἐγκράτεια,
1166 3242 1513 3330 ἐλεημοσύνη
1551 3265 1562 3278 ·
1626 3242 1772 3299 ἀλλᾶ
1846 3244 1937 3298 καὶ

2054 658 2322 712 auditum
2356 658 2623 711 funditus
2654 658 3047 714 amiserimus.
3079 659 3285 713 Manus
3318 658 3587 713 laborant
3619 660 3706 714 in—

2054 746 2375 801 ﬁrmitate?
2399 750 2457 801 at
2489 746 2646 801 intus
2670 747 2886 802 adsunt
2907 764 3118 802 manus
3142 752 3355 819 paratas
3379 749 3450 803 ad
3484 748 3705 803 bellum

2054 852 2186 890 cum
2239 836 2570 891 adversario
2626 837 2970 907 gerendum.
3005 837 3205 892 Morbo
3264 842 3447 892 totum
3494 854 3707 908 corpus

2054 930 2143 979 est
2183 926 2505 981 effectura?
2555 942 2757 981 verum
2811 926 2998 998 magis
3049 926 3353 998 magisque
3408 926 3706 982 interioris

2054 1013 2314 1069 hominis
2346 1015 2569 1069 sanitas
2602 1020 2868 1086 augetur.

2133 1105 2247 1158 100.
2271 1104 2378 1174 (98)
2401 1110 2542 1158 Cum
2576 1104 2634 1158 in
2667 1104 2930 1159 coenobio
2961 1103 3233 1171 vivimus,
3258 1103 3704 1173 obsequentiam

2055 1192 2446 1249 exercitationi
2477 1210 2910 1265 praeponamus.
2948 1193 3077 1247 Haec
3119 1208 3372 1264 namque
3402 1194 3570 1248 docet
3608 1210 3707 1248 su-

2054 1282 2347 1354 perbiam;
2376 1282 2476 1337 illa
2499 1300 2631 1338 vero
2653 1282 3046 1338 humilitatem
3072 1282 3399 1354 pollicetur.
3423 1283 3707 1338 Ceterum

2054 1372 2230 1427 etiam
2263 1372 2336 1427 ab
2382 1372 2620 1428 inimico
2652 1372 2910 1428 exoritur
2940 1373 3125 1428 ardua
3173 1371 3527 1427 exercitatio.
3561 1371 3709 1426 Nam

2054 1462 2315 1533 idipsum
2347 1463 2475 1532 ejus
2497 1462 2771 1533 discipuli
2794 1466 3092 1533 prmstant.
3113 1462 3236 1525 Qua
3259 1461 3439 1533 igitur
3460 1465 3599 1516 note.
3624 1460 3711 1515 di-

2052 1552 2249 1606 vinam
2274 1551 2612 1622 regiamque
2634 1552 3110 1607 exercitationem
3135 1568 3166 1605 a
3191 1550 3496 1622 tyrannica
3522 1555 3578 1605 et
3599 1551 3711 1604 das-

2054 1641 2325 1696 moniaca
2373 1640 2890 1696 internoscemus?
2937 1640 3140 1711 utique
3179 1657 3249 1695 ex
3286 1639 3709 1695 moderatione.

2054 1735 2161 1785 Per
2191 1735 2377 1785 totum
2403 1730 2533 1785 vitea
2566 1735 2680 1785 tua:
2711 1735 2944 1801 tempus
2967 1747 3086 1786 una
3108 1729 3184 1785 sit
3216 1729 3320 1784 tibi
3344 1728 3711 1801 regulajeju-

2055 1818 2158 1875 nii.
2182 1818 2264 1873 Ne
2294 1822 2549 1889 quatuor
2582 1822 2683 1873 aut
2714 1818 2976 1889 quinque
3007 1817 3131 1873 dies
3164 1835 3196 1873 a
3225 1819 3353 1874 cibo
3386 1818 3705 1884 abstineas,

2053 1913 2111 1963 et
2144 1908 2489 1979 insequente
2517 1907 2610 1963 die
2640 1924 2743 1979 per
2771 1907 3033 1963 ciborum
3068 1907 3387 1979 ingluviem
3420 1906 3708 1961 dissolvas

2052 1998 2201 2052 vires
2232 2003 2384 2053 tuas.
2420 1998 2479 2051 Id
2511 1996 2947 2068 perjucundum
2981 1996 3221 2051 inimico
3251 2000 3359 2051 est.
3394 1996 3543 2061 Quia
3575 1995 3708 2050 ubi-

2054 2103 2168 2158 que
2199 2086 2604 2141 immoderatio
2636 2086 2955 2157 perniciem
3009 2086 3196 2142 affert.
3230 2084 3357 2140 Noli
3409 2102 3572 2141 arma
3606 2088 3709 2141 tua

2056 2193 2173 2231 una
2205 2180 2434 2231 tantum
2461 2192 2659 2248 pugna
2690 2175 3009 2245 insumere,
3035 2193 3106 2230 ne
3129 2175 3177 2231 si
3202 2175 3396 2230 nudus
3427 2174 3483 2229 in
3514 2174 3710 2245 praelia

2054 2264 2384 2336 reperiaris,
2431 2264 2618 2320 facilis
2666 2270 2837 2336 captu
2893 2265 2994 2319 sis.
3028 2266 3202 2318 Arma
3249 2268 3451 2319 nostra
3498 2278 3711 2334 corpus

2054 2359 2223 2421 sunt;
2256 2354 2454 2408 anima
2484 2370 2619 2409 vero
2652 2352 2820 2409 miles
2853 2370 2866 2409 :
2902 2352 3209 2423 utriusque
3241 2368 3439 2407 curam
3471 2368 3606 2423 gere
3636 2352 3707 2407 ad

2054 2442 2422 2498 necessitatis
2456 2446 2712 2514 tempus.
2746 2442 2895 2497 Dum
2920 2441 3157 2513 juvenis
3190 2457 3486 2510 sanusque
3515 2457 3599 2508 es,
3624 2441 3711 2510 je-

2044 2533 2212 2603 juna.
2238 2531 2442 2586 Veniet
2474 2548 2731 2602 namque
2753 2531 2856 2585 tibi
2890 2534 3159 2586 senectus
3182 2547 3313 2585 cum
3346 2530 3707 2586 infirmitate.

2052 2622 2292 2684 Quando
2326 2624 2509 2693 potes,
2546 2622 2791 2676 reconde
2823 2621 2931 2675 tibi
2965 2621 3161 2686 cibos;
3195 2624 3260 2674 ut
3290 2636 3417 2673 cum
3454 2636 3567 2673 non
3602 2636 3708 2690 po-

2052 2710 2193 2765 teris
2240 2710 2516 2781 amplius,
2552 2710 2813 2765 invenias
2846 2710 3026 2781 ipsos.
3058 2710 3271 2779 Jejuna
3302 2725 3433 2762 cum
3486 2707 3710 2763 ratione

2052 2804 2106 2854 et
2138 2798 2461 2870 diligentia.
2497 2802 2642 2854 Cave
2675 2816 2744 2854 ne
2776 2798 3051 2853 inimicus
3083 2796 3297 2869 jejunii
3328 2797 3413 2851 tui
3446 2797 3708 2868 negotia-

2051 2888 2270 2943 tionem
2328 2888 2579 2943 subeat:
2627 2888 2972 2959 videturque
3026 2886 3170 2942 mibi
3220 2903 3289 2941 ea
3337 2886 3580 2941 forsitan
3636 2886 3707 2940 de

2051 2995 2226 3033 causa
2257 2978 2481 3033 dictum
2505 2976 2688 3033 fuisse
2710 2995 2743 3033 a
2766 2977 3061 3033 Salvatore
3086 2993 3099 3031 :
3126 2979 3311 3032 Estote
3329 2975 3492 3047 probi
3522 2980 3706 3047 trape—

2049 3069 2174 3123 zitae
2196 3068 2328 3139 (99);
2361 3067 2469 3123 hoc
2502 3074 2608 3131 est,
2645 3067 2814 3139 regies
2851 3071 3094 3122 moneta:
3127 3066 3578 3137 impressionem
3612 3080 3703 3120 ac-

2049 3162 2249 3213 curate
2271 3157 2603 3228 cognoscite
2629 3177 2640 3207 :
2668 3156 2808 3227 quia
2828 3162 2967 3212 sunt
2986 3156 3163 3211 etiam
3188 3154 3503 3209 adulterini
3539 3170 3709 3208 nume

2052 3246 2151 3301 mi.
2174 3248 2364 3317 Atque
2389 3246 2515 3300 auri
2540 3246 2777 3316 quidem
2803 3250 3011 3300 natura
3033 3244 3258 3307 eadem,
3287 3243 3484 3297 differt
3514 3246 3710 3297 autem

278 3334 567 3406 Ἑλλήνων
614 3331 803 3395 παῖδες
845 3335 945 3403 τὴν
995 3335 1319 3410 τυραννικὴν
1348 3318 1546 3387 ἀὐτῶν
1599 3332 1779 3387 εἳκόνα
1807 3333 1938 3387 τού-

2059 3336 2340 3405 impresso
2373 3334 2561 3406 signo.
2589 3340 2813 3389 Aurum
2858 3339 2947 3389 est
2983 3333 3302 3403 jejunium,
3329 3330 3711 3397 continentia,

277 3446 396 3486 τοις
430 3424 745 3493 ἐντίθενται,
795 3423 883 3477 καὶ
930 3421 1191 3496 αἱρετικοὶ
1249 3419 1307 3476 δὲ
1352 3420 1546 3483 πάντες
1594 3418 1683 3476 διὰ
1730 3422 1935 3477 τούτων

282 3512 655 3588 σεμνύνονται.
702 3514 861 3587 Ὁρᾷν
910 3509 967 3566 δὲ
1024 3508 1107 3566 δεῖ
1168 3510 1429 3584 τούτους,
1478 3511 1568 3565 καὶ
1617 3510 1939 3588 ἀποφεύγειν

286 3604 363 3665 ὡς
410 3603 865 3679 παραχαράκτας.
914 3599 1089 3657 Βλέπε
1146 3601 1243 3673 μὴ,
1301 3600 1654 3677 ἀγυμνάστως
1716 3621 1937 3673 περιπε-

284 3693 393 3747 σὼν
452 3691 673 3763 αὑτοῖς,
732 3692 1043 3764 ζημιωθῇς.
1097 3690 1270 3767 Δέχου
1320 3688 1411 3745 οὖν
1462 3691 1597 3764 μετὰ
1642 3686 1937 3767 ἀσφαλείας

282 3783 376 3837 τὸν
462 3786 559 3836 τοῦ
634 3782 864 3855 Χριστοῦ
940 3781 1166 3854 σταυρὸν
1240 3777 1732 3854 διεντετυπωμένον
1818 3784 1937 3841 ταῖς

284 3871 500 3947 ἀρεταῖς
536 3889 551 3904 ⁸
622 3871 924 3940 τουτέστι,
986 3869 1162 3925 πίστιν
1252 3869 1419 3945 ὀρθήν
1509 3871 1642 3943 μετά
1727 3873 1935 3941 σεμνῶν

282 3961 527 4037 πράξεων
540 4004 552 4018 .

362 4142 485 4197 101.
540 4143 631 4194 Δεῖ
678 4140 826 4211 ἡμᾶς
872 4136 1016 4211 πάσῃ
1080 4133 1341 4211 διακρίσει
1388 4130 1648 4211 κυϐερνᾷν
1688 4136 1787 4203 τήν
1838 4136 1939 4206 ψυ-

286 4230 420 4305 χὴν,
454 4227 542 4283 καὶ
569 4226 621 4282 ἐν
660 4220 917 4298 κοινοϐίῳ
941 4225 1120 4294 οὔσας,
1149 4226 1224 4297 μὴ
1256 4224 1321 4278 τὰ
1353 4223 1553 4278 ἑαυτῶν
1591 4222 1941 4294 ζητεῖν,μήτε

292 4320 400 4392 μὴν
452 4317 627 4388 οἰκείᾳ
671 4313 947 4371 δουλεύειν
998 4315 1211 4390 γνώμῃ,
1259 4312 1402 4369 ἀλλὰ
1448 4316 1516 4386 τῇ
1570 4312 1706 4366 κατὰ
1762 4310 1939 4365 πίστιν

294 4406 461 4482 μητρὶ
516 4407 832 4481 πειθαρχεῖν
882 4447 895 4460 .
958 4403 1172 4475 Ἐξορίᾳ
1239 4402 1429 4464 ἑαυτὰς
1500 4397 1889 4477 παρεδώκαμεν
1923 4415 1940 4431 ⁸

288 4495 531 4551 τουτέστι
572 4499 675 4549 τῶν
722 4496 1003 4567 κοσμικῶν
1049 4487 1189 4566 ὅρων
1250 4489 1350 4562 ἔξω
1382 4490 1671 4567 ἐγενόμεθα
1704 4509 1715 4521 ⁸
1751 4488 1944 4544 οὐκοῦν

294 4580 695 4657 ἐκῦεϐλήμεθα·
753 4584 827 4657 μή
882 4582 948 4637 τὰ
994 4581 1129 4637 αύτὰ
1180 4583 1543 4655 ζητήσωμεν.
1594 4579 1739 4634 Ἐκεῖ
1790 4575 1942 4651 δόξαν

2048 3424 2434 3494 eleemosyna.
2485 3422 2597 3477 Sed
2656 3422 2768 3493 ipsi
2819 3422 3066 3493 gentiles
3122 3420 3489 3493 tyrannicam
3542 3436 3711 3474 suam

2048 3513 2365 3585 imaginem
2400 3512 2560 3567 hisce
2592 3511 2965 3583 imprimunt,
3000 3525 3321 3581 omnesque
3356 3506 3609 3563 haeretici
3642 3508 3713 3562 de

2051 3602 2260 3658 iisdem
2322 3602 2669 3674 gloriantur.
2716 3602 2865 3656 Istos
2915 3604 3110 3655 autem
3162 3616 3359 3654 cavere
3408 3598 3709 3666 vitareque

2050 3693 2279 3762 oportet
2311 3694 2589 3760 tanquam
2633 3687 2789 3743 falsas
2838 3692 3085 3742 moneta;
3137 3702 3531 3758 percussores.
3564 3683 3707 3739 Vide

2050 3796 2120 3833 ne
2154 3779 2212 3833 in
2246 3795 2343 3833 eos
2389 3778 2655 3850 imperite
2686 3777 2988 3848 delapsus,
3021 3776 3374 3831 detrimento
3406 3774 3700 3830 afficiaris.

2048 3869 2262 3940 Accipe
2292 3868 2474 3940 igitur
2511 3884 2646 3923 cum
2692 3869 3007 3923 securitate
3038 3865 3267 3921 Domini
3300 3881 3555 3931 crucem,
3588 3864 3699 3919 im-

2050 3958 2268 4031 pressis
2298 3957 2615 4012 virtutibus
2659 3956 2999 4027 sigillatam,
3032 3956 3090 4011 id
3120 3960 3231 4024 est,
3265 3956 3438 4011 fidem
3481 3958 3697 4011 rectam

2049 4063 2183 4101 cum
2216 4046 2387 4101 bonis
2419 4046 2715 4117 operibus.

2123 4136 2244 4190 101.
2269 4134 2345 4205 (1)
2379 4134 2619 4206 Oportet
2649 4150 2756 4189 nos
2799 4150 2931 4189 cum
2979 4134 3138 4189 omni
3169 4134 3538 4201 discretione,
3572 4134 3705 4188 ani-

2052 4242 2209 4280 mam
2243 4240 2461 4295 regere,
2488 4228 2543 4279 et
2572 4223 2631 4278 in
2668 4223 2929 4279 coenobio
2953 4240 3086 4278 cum
3111 4240 3340 4290 sumus,
3367 4240 3480 4278 non
3504 4227 3707 4278 nostra

2053 4330 2326 4386 quaerere,
2349 4330 2538 4384 neque
2584 4312 2831 4385 pr0priaa
2864 4312 3146 4367 voluntati
3178 4312 3484 4379 famulari;
3521 4312 3623 4366 sed
3654 4309 3708 4366 ei

2054 4421 2181 4476 quae
2215 4402 2541 4459 secundum
2567 4401 2741 4457 fidem
2772 4406 2960 4457 mater
2989 4404 3078 4458 est
3097 4402 3518 4473 obtemperare.
3546 4400 3707 4455 Exsi-

2053 4493 2131 4550 lio
2165 4510 2269 4547 nos
2320 4490 2481 4564 ipsas
2530 4490 2979 4557 mulctavimus;
3032 4490 3090 4545 id
3138 4495 3249 4561 est,
3290 4495 3452 4546 extra
3502 4489 3711 4544 mundi

2055 4582 2277 4639 limites
2307 4582 2616 4637 exivimus.
2648 4579 2831 4652 Igitur
2877 4580 3072 4651 ejecta;
3117 4596 3326 4635 sumus
3361 4598 3373 4635 :
3404 4579 3607 4635 eadem
3640 4594 3711 4635 ne

295 4674 543 4751 εἴχομεν,
577 4671 684 4728 ὧδε
714 4670 1041 4745 ὀνειδισμόν·
1096 4671 1207 4726 ἐκεῖ
1255 4668 1538 4745 δαψίλειαν
1570 4673 1809 4746 τροφῶν,
1842 4665 1942 4723 ὧδε

2059 4672 2449 4744 requiramus.
2484 4670 2604 4727 Illic
2644 4669 2891 4741 gloriam
2945 4669 3283 4735 habuimus,
3316 4670 3410 4725 hic
3458 4668 3712 4741 ignomi-

292 4765 383 4820 καὶ
413 4768 510 4818 τοῦ
556 4760 720 4839 ἄρτου
764 4758 991 4817 ἓνδειαν.
1040 4767 1125 4815 Ἐν
1174 4764 1254 4831 τῷ
1305 4759 1499 4832 κόσμῳ
1544 4760 1595 4813 οἱ
1643 4758 1947 4829 πταίοντες,

293 4853 383 4909 καὶ
414 4854 491 4927 μὴ
528 4850 855 4927 βουλόμενοι
888 4850 964 4912 εἷς
998 4846 1245 4928 φυλακὴν
1294 4847 1613 4922 βάλλονται’
1649 4847 1737 4901 καὶ
1786 4850 1951 4919 ἡμεῖς

298 4941 387 4998 διὰ
431 4943 527 5005 τὰς
576 4940 843 5017 ἁμαρτίας
883 4942 1043 5013 ἡμῶν
1095 4938 1284 4999 ἑαυτὰς
1327 4935 1735 5014 φυλακίσωμεν,
1771 4934 1860 4990 ’ἱνα
1889 4937 1952 4992 τὸ

298 5032 543 5087 ἑκούσιον
588 5036 690 5101 τῆς
732 5029 962 5107 γνώμης
1009 5029 1109 5097 τὴν
1177 5024 1487 5101 μέλλουσαν
1533 5024 1757 5080 κόλασιν
1799 5025 1952 5080 ἀπο-

304 5116 535 5195 σοϐήσῃ.

377 5213 499 5267 102.
535 5208 823 5280 Νηστεύεις
857 5228 869 5277 ;
908 5208 984 5280 μή
1038 5205 1346 5283 προφασίσῃ
1396 5198 1574 5260 νόσον.
1628 5204 1728 5260 Καὶ
1772 5204 1872 5280 γὰρ
1904 5203 1957 5258 οἱ

310 5302 387 5374 μή
443 5298 787 5370 νηστεύοντες
842 5302 961 5359 τοῖς
1019 5296 1204 5357 αὑτοῖς
1264 5293 1581 5368 περιέπεσον
1632 5296 1957 5367 νοσήμασιν.

308 5390 492 5466 "Upim
540 5393 636 5444 τοῦ
683 5387 905 5457 καλοῦ;
962 5388 1038 5460 μὴ
1092 5386 1467 5460 ἀναχαιτίσῃς,
1518 5389 1615 5439 τοῦ
1664 5382 1865 5460 ἐχθροῦ
1906 5406 1962 5439 σε

308 5480 663 5557 ἐγκύπτοντος
720 5477 888 5540 Αὐτὸς
913 5478 1012 5553 γὰρ
1044 5479 1111 5549 τῇ
1162 5475 1416 5549 ὑπομονῇ
1449 5494 1544 5529 σου
1594 5480 1959 5550 καταργεῖται·

316 5790 352 5847 4
535 5716 595 5771 In
632 5713 770 5772 Vitis
811 5714 924 5770 PP.
968 5711 1009 5767 l.
1040 5727 1096 5777 ν,
1131 5710 1218 5776 14,
1250 5710 1305 5765 9.
1338 5708 1533 5766 Schol.
1565 5708 1657 5781 97,
1691 5710 1762 5766 ad
1794 5710 1969 5767 Grad.

453 5802 555 5843 ιω.

453 5802 555 5843 ιω.

2061 4762 2217 4819 niam
2246 4780 2258 4818 :
2286 4759 2405 4815 illic
2430 4760 2694 4816 ciborum
2717 4758 2967 4830 copiam,
2993 4760 3087 4814 hic
3116 4759 3286 4830 panis
3307 4758 3714 4831 indigentiam.

2064 4855 2126 4908 In
2160 4851 2380 4905 mundo
2414 4850 2514 4922 qui
2562 4850 2622 4904 in
2676 4850 2897 4903 crimen
2947 4848 3170 4921 delapsi
3228 4854 3388 4916 sunt,
3418 4848 3505 4903 vel
3554 4845 3719 4902 inviti

2064 4941 2279 4997 carceri
2327 4939 2743 5010 mancipantur
2776 4954 2788 4993 :
2824 4955 2932 4993 nos
2977 4954 3210 5010 quoque
3240 4940 3311 4993 ob
3346 4943 3581 5009 peccata
3611 4953 3719 4992 no-

2066 5030 2277 5086 strain
2319 5028 2648 5084 custodiam
2702 5045 2808 5083 nos
2859 5029 3256 5093 intrudamus,
3290 5033 3353 5081 ut
3395 5025 3725 5083 voluntaria

2067 5137 2238 5193 pcnna
2272 5120 2537 5173 futurum
2574 5117 2828 5189 depellat
2860 5117 3242 5190 supplicium.

2142 5210 2262 5264 100.
2282 5207 2568 5279 Jejunas?
2592 5224 2661 5263 ne
2691 5208 2958 5263 morbum
2987 5205 3477 5262 comminiscaris.
3498 5204 3726 5260 Etenim

2069 5299 2243 5355 etiam
2271 5298 2370 5369 qui
2406 5298 2831 5368 nonjejunant,
2855 5297 2913 5351 in
2946 5297 3183 5351 easdem
3208 5293 3729 5366 inciduntcsgritu-

2071 5388 2263 5443 dines.
2290 5392 2515 5442 Bonum
2542 5387 2729 5441 iniisti
2747 5385 2774 5440 ?
2800 5403 2869 5441 ne
2892 5386 3137 5452 resilias,
3162 5387 3301 5440 dum
3326 5384 3602 5439 inimicus
3624 5383 3731 5437 tibi

2073 5478 2271 5533 obices
2314 5481 2501 5549 parat.
2534 5477 2667 5548 Ipse
2712 5492 2969 5547 namque
3017 5474 3302 5547 patientia
3350 5478 3450 5530 tua
3480 5472 3734 5530 destrui-

2175 5711 2268 5782 99)
2300 5710 2381 5766 De
2407 5709 2516 5765 hoc
2546 5708 2699 5782 dicto
2730 5722 2890 5782 saepe
2911 5711 3108 5782 actum
3140 5710 3230 5764 est
3259 5705 3557 5780 superius.

2175 5711 2268 5782 99)
2300 5710 2381 5766 De
2407 5710 2516 5765 hoc
2546 5710 2699 5764 dicto
2730 5722 2881 5778 saepe
2911 5711 3043 5762 actu

2154 5710 2241 5857 ξω
2268 5787 2332 5839 In
2370 5783 2503 5841 Viti:
2530 5782 2641 5837 PP.
2674 5779 2715 5837 l.
2746 5796 2799 5850 v,
2833 5780 2920 5852 14,
2954 5780 3043 5836 17.
