4162 6370
251 435 406 497 1863

1392 436 1581 498 νιΤΑ
1625 435 1954 496 ΒΑΝΟΤᾹΞ
2001 432 2536 495 SYNCLETICE.

3517 428 3675 490 1554

252 563 564 629 δικαστικὰς
609 563 1100 640 ἐμπεπιπευμένοι
1161 567 1356 643 ἀρχὰς,
1417 567 1652 637 ὁπηνίκα
1685 569 1743 622 ἂν
1777 567 1904 642 βου-

2028 581 2116 622 aos
2145 566 2282 638 igne
2313 565 2653 620 absumunt.
2685 561 2780 619 Sic
2829 576 3060 633 quoque
3091 560 3367 617 inimicus
3398 577 3466 618 ex
3496 561 3674 618 inter-

253 653 466 724 ληθῶσι
513 661 628 717 τοῖς
659 657 1003 728 ἀμαρτήσασι
1070 658 1364 733 βαρυτέρας
1424 655 1682 712 ἐπιθεῖναι
1730 677 1905 728 τιμω-

254 745 395 819 ρίας,
429 741 518 797 διὰ
567 743 955 819 βληχροτάτου
1003 746 1173 820 πυρὸς
1222 745 1448 808 τούτους
1503 744 1902 801 ἀναλίσκουσιν·

2019 657 2132 723 nis,
2170 654 2327 710 velut
2372 655 2752 709 suburentem
2803 667 3174 706 commovens
3206 651 3448 720 febrem,
3483 651 3674 709 inces-

2019 749 2220 800 santer
2244 744 2337 799 die
2370 747 2650 814 nocteque
2681 741 3000 796 cruciatum
3035 741 3317 796 movebat.

253 835 426 926 οὕτως
461 835 551 920 ούν
586 835 674 890 καὶ
708 837 734 890 ὁ
765 836 958 926 ἐχθρὸς
994 836 1052 891 ἐκ
1080 843 1186 926 τῶν
1220 836 1408 908 ἔνὸων,
1443 837 1625 913 ὥσπερ
1661 833 2124 911 ὑποσμυχόμενον
2156 835 2246 890 τὸν
2281 833 2508 908 πυρετὸν
2544 837 2729 900 κινῶν,
2760 831 3027 886 ἄπαυστον
3089 831 3139 886 ἐν
3200 832 3349 886 νυκτὶ
3402 833 3492 886 καὶ
3554 843 3671 906 μεθ⁴

253 909 288 976 ἠ
301 908 463 984 μέραν
497 907 732 963 ἐποιεῖτο
772 907 878 977 τὴν
898 910 1168 984 τιμωρίαν
1181 954 1191 965 .

327 1033 448 1087 107.
481 1029 578 1084 Καὶ
636 1030 834 1100 ταύτην
895 1029 951 1086 δὲ
997 1033 1094 1099 τήν
1129 1031 1349 1107 πληγήν
1401 1032 1655 1106 γενναίως
1713 1029 1907 1107 ὑπεφέ-

254 1141 420 1196 ρουσα
476 1122 538 1176 ού
600 1128 888 1177 συνέπιπτε
944 1129 1021 1195 τῷ
1080 1127 1413 1201 φρονήματι.
1449 1122 1594 1178 ἀλλὰ
1649 1122 1812 1177 πάλιν
1869 1122 1904 1189 ἡ

255 1210 496 1284 μακαρία
526 1211 661 1264 κατὰ
688 1209 785 1266 τοῦ
817 1211 1018 1287 ἆχθροῦ
1048 1213 1345 1286 ἠγωνίζετο
1426 1212 1521 1266 Καὶ
1561 1212 1688 1288 γοῦν
1740 1210 1905 1265 πάλιν

247 1306 367 1360 ταῖς
397 1299 625 1374 ἀγαθαῖς
659 1297 1034 1361 διδασκαλίαις
1091 1301 1218 1363 τοὺς
1254 1302 1341 1356 ὑπ’
1396 1301 1559 1356 αὐτοῦ
1607 1321 1906 1372 τραυματι-

254 1388 514 1460 ζομένους
550 1389 684 1443 ἰᾶτο·
719 1391 807 1443 καὶ
841 1391 942 1464 γάρ
989 1391 1166 1464 ὥσπερ
1222 1389 1278 1445 ἐκ
1326 1391 1544 1452 λέοντος
1601 1385 1906 1465 αἱμοϐόρου

260 1478 356 1538 τὰς
385 1478 567 1553 ψυχὰς
597 1477 884 1553 ἀπλήγους
918 1480 1134 1535 ἀνέσπα.
1169 1483 1488 1555 Ἐθεράπευε
1511 1478 1566 1534 δὲ
1596 1479 1724 1541 τοὺς
1743 1499 1905 1550 τραυ-

255 1567 448 1640 ματίας
472 1573 588 1628 τοῖς
619 1568 912 1642 σωτηρίοις
943 1574 1039 1623 τοῦ
1070 1570 1266 1644 Κυρίου
1299 1570 1626 1648 φαρμάκοις.
1654 1569 1813 1626 de:
1849 1565 1906 1622 δὲ

251 1657 340 1710 καὶ
373 1655 647 1730 ἀτρώτους
681 1654 1051 1734 διεφύλαττεν·
1107 1657 1527 1714 ὑποδεικνύουσα
1569 1659 1668 1734 γὰρ
1718 1658 1904 1719 αὐτοῖς

249 1743 347 1799 τοῦ
379 1740 640 1800 διαϐόλου
669 1747 764 1809 τὰς
799 1744 1028 1822 δολεράς
1059 1746 1633 1824 παγίδας,ἐλευθέρους
1664 1747 1899 1801 ἐποιεῖτο

249 1840 352 1903 τῆς
376 1833 666 1910 ἁμαρτιας.

328 1962 448 2016 108.
478 1957 670 2035 Ἔλεγε
710 1957 768 2014 δὶ
814 1962 849 2029 ἡ
905 1961 1194 2033 θαυμασία,
1234 1963 1309 2024 ὡς
1345 1963 1419 2034 μή
1457 1959 1565 2016 δεῖν
1597 1963 1898 2036 ἀμεριμνᾷν

250 2069 389 2104 ποτε
417 2050 510 2110 τὰς
545 2053 660 2122 Θεῷ
711 2050 1061 2123 ἀνακειμένας
1109 2054 1311 2127 ψυχάς.
1362 2051 1588 2114 Ταύταις
1645 2053 1744 2126 γὰρ
1811 2051 1906 2122 μά-

252 2136 418 2193 λιστα
466 2138 808 2195 ἀντίκειταιὸ
875 2139 1093 2216 ἐχθρός.
1171 2141 1266 2196 Καὶ
1325 2143 1448 2217 γάρ,
1508 2143 1901 2216 ἡσυχαζουσῶν

250 2226 446 2298 αύτῶν,
493 2227 710 2303 βρύχει,
769 2229 857 2283 καὶ
903 2230 1226 2302 ἡττώμενος
1277 2229 1504 2285 ἀνιᾶται·
1558 2230 1646 2284 καὶ
1711 2229 1902 2304 μικρὸν

248 2317 648 2393 ἀποχωρήσας,
683 2316 948 2392 ἆπιτηρεῖ·
981 2319 1076 2374 κᾶν
1142 2318 1321 2396 βραχύ
1377 2341 1430 2373 τι
1485 2319 1902 2395 ἀφυπνώσωσιν,

251 2406 424 2468 οὕτως
480 2405 886 2483 ἐπεισέρχεται·
940 2408 1028 2463 καὶ
1062 2406 1130 2463 δι’
1162 2409 1236 2463 ὢν
1295 2408 1502 2483 νομίζει
1554 2430 1636 2470 τις
1667 2405 1813 2482 ἔχειν
1841 2408 1904 2462 τὸ

251 2494 576 2572 ἀμέριμνον,
641 2493 730 2551 διὰ
784 2497 989 2552 τούτων
1048 2496 1223 2552 αὐτῶν
1279 2496 1658 2566 ὑποσκελίζει·
1723 2496 1903 2571 ὣσπερ

249 2586 351 2661 γὰρ
384 2581 644 2640 ἀδύνατον
670 2585 796 2648 τοὺς
826 2585 960 2640 πάνυ
1017 2586 1255 2665 φαύλους
1323 2589 1398 2661 μή
1459 2584 1604 2664 ἔχειν
1638 2587 1728 2642 καὶ
1761 2607 1909 2640 σπινο

248 2681 388 2749 θῆρα
418 2673 610 2744 καλοῦ,
644 2676 786 2730 οὖτω
820 2679 882 2731 τὸ
907 2675 1144 2731 ἐνιντίον
1177 2683 1294 2739 τοῖς
1332 2682 1597 2754 χρηστοῖς
1624 2677 1902 2751 πρόσεστι.

253 2764 375 2820 Τῶν
432 2764 536 2838 γὰρ
587 2763 918 2840 μαχομένων
967 2765 1132 2842 μοῖρά
1179 2787 1259 2828 τις
1290 2767 1340 2821 ἐν
1368 2773 1484 2828 τοῖς
1514 2765 1904 2839 ἀντικειμένοις

257 2857 442 2928 μέρεσι
502 2856 786 2930 τυγχάνει.
867 2855 1145 2918 Πολλάκις
1213 2854 1344 2931 γοῦν
1413 2857 1693 2932 ἄνθρωπος
1750 2857 1906 2910 παντὶ

254 2941 522 3016 αἲσχίστῳ
570 2944 1056 3019 περιεστοίχισται,
1115 2945 1202 3000 καὶ
1262 2947 1403 3019 πάσῃ
1454 2943 1718 3016 ἀκολασίᾳ
1766 2966 1908 3017 συμ⁹

251 3031 540 3108 πέφυρται·
604 3030 729 3086 ἀλλ’
805 3033 957 3107 ὅμως
1027 3033 1278 3108 ἐλεήμων
1349 3036 1626 3111 τυγχάνει·
1709 3034 1800 3088 καὶ
1855 3032 1906 3088 έν

260 3117 578 3183 σπουδαίοις
625 3120 899 3184 πολλάκις
949 3123 1366 3196 ἱμπολιτεύεται
1418 3123 1760 3202 σωφροσύνη,
1811 3145 1906 3193 νη-

253 3207 424 3279 στεία,
460 3209 714 3273 ἐπίπονος
747 3210 992 3281 ἄσκησις·
1028 3212 1129 3266 είσὶ
1181 3210 1238 3268 δὶ
1285 3210 1550 3290 φειδωλοὶ
1608 3212 1696 3266 καὶ
1744 3212 1905 3266 κατά-

257 3306 443 3354 Λαλομ

333 3514 455 3569 109.
490 3519 582 3569 Δεῖ
607 3512 698 3569 οὖν
724 3519 831 3570 τῶν
872 3520 1116 3591 σμικρῶν
1173 3518 1247 3589 μή
1282 3515 1528 3589 ἀμελεῖν,
1582 3516 1655 3578 ὡς
1710 3518 1783 3588 μὴ
1819 3513 1909 3570 δυ-

257 3603 506 3674 ναμένων
567 3603 849 3680 βλάπτειν.
893 3606 990 3660 Καὶ
1041 3607 1144 3681 γὰρ
1195 3604 1340 3682 ὕδωρ
1387 3604 1538 3661 λίθον
1591 3610 1669 3677 τῷ
1725 3605 1912 3680 χρόνῳ

263 3687 497 3750 διέλυσε.
530 3693 604 3748 Τὰ
637 3695 731 3767 μὶν
766 3693 856 3750 οὖν
911 3695 1134 3771 μέγιστα
1180 3699 1287 3750 τῶν
1343 3695 1394 3749 ἐν
1455 3695 1762 3768 ἀνθρώποις
1817 3715 1912 3748 κα-

266 3780 379 3837 λῶν
408 3781 468 3838 έκ
524 3782 668 3846 θείας
704 3785 930 3860 χάριτος
959 3784 1142 3846 αὐτοῖς
1174 3784 1538 3860 προσγίνεται·
1598 3785 1664 3838 τὰ
1713 3781 1770 3838 δὶ
1829 3780 1916 3837 δο-

262 3869 460 3927 κοῦντα
503 3875 708 3948 σμικρά
751 3875 1042 3948 τυγχάνειν
1077 3871 1141 3927 δι¹
1168 3873 1368 3927 ἑαυτῶν
1423 3867 1714 3927 ἀποσοϐεῖν
1767 3869 1911 3926 δεδι-

261 3958 524 4036 δάγμεθα.
557 3964 614 4015 Ὀ
645 3960 736 4017 οὖν
767 3967 847 4034 τῷ
876 3960 1099 4037 μεγάλῳ
1129 3960 1219 4017 διὰ
1271 3969 1372 4032 τῆς
1421 3961 1646 4037 χάριτος
1698 3962 1910 4033 ἀπομα-

261 4049 601 4126 χησάμενος,
653 4051 746 4105 τοῦ
795 4049 852 4106 δὶ
900 4049 1134 4127 σμικροῦ
1183 4053 1618 4129 καταφρονήσας,
1656 4050 1912 4125 μεγάλως

265 4135 624 4215 βλαϐήσεται.
685 4142 746 4197 Ὁ
797 4143 897 4218 γὰρ
957 4142 1153 4215 Κύριος
1212 4144 1393 4214 ἡμῶν,
1457 4140 1638 4216 ὣσπερ
1687 4141 1911 4216 γνήσιος

263 4229 472 4302 Πατὴρ,
533 4228 734 4304 ἀρτίως
788 4234 896 4284 τῶν
953 4227 1184 4285 παιδίων
1228 4228 1393 4284 αὐτού
1426 4229 1724 4304 ὁρμώντων
1778 4230 1912 4303 πρὸς

266 4314 501 4393 βάδισιν,
564 4317 739 4394 ὀρέγει
785 4321 882 4388 τήν
934 4325 1095 4396 χεῖρα
1120 4339 1132 4352 ·
1177 4320 1266 4374 καὶ
1295 4321 1430 4374 κατά
1459 4325 1560 4373 πᾶν
1595 4320 1775 4372 ὁτιοῦν
1802 4322 1910 4372 τῶν

267 4404 520 4480 μεγάλων
553 4410 700 4480 ἡμᾶς
731 4406 994 4463 κινδύνων
1042 4409 1328 4485 ῥυόμενος,
1363 4409 1439 4472 εἷς
1466 4410 1533 4463 τὰ
1566 4408 1733 4484 μικρά
1789 4429 1914 4482 συγ-

264 4502 444 4571 χωρεῖ
493 4499 626 4570 ὴμῖν
689 4497 779 4575 ἀφ’
825 4499 1024 4553 ἑαυτῶν
1084 4501 1388 4566 κινεῖσθαι,
1466 4498 1721 4572 καθάπερ
1785 4496 1913 4550 ποσί

260 4584 477 4647 τούτοις
531 4588 631 4655 τὴν
680 4588 911 4662 γνώμην
959 4585 1163 4650 δεικνὺς
1214 4587 1514 4664 ἐλευθέραν.
1560 4589 1616 4641 Ὀ
1647 4592 1751 4662 γάρ
1780 4587 1914 4663 πρὸς

260 4675 332 4729 τὰ
363 4676 531 4752 μικρὰ
561 4673 858 4744 εὐάλωτος,
911 4682 1030 4739 πῶς
1080 4678 1139 4732 ἃν
1166 4679 1233 4731 τὰ
1276 4678 1444 4750 μείζω
1493 4675 1720 4755 φυλάξαι
1755 4673 1918 4746 δυνη-

261 4762 380 4835 θείη
407 4783 421 4833 ;

337 4891 460 4946 110.
492 4888 662 4944 Πάλιν
691 4890 830 4965 ὁρῶν
872 4888 1039 4957 αὐτὴν
1091 4886 1569 4964 διισχυριζομένην
1626 4895 1744 4952 καθ’
1792 4887 1918 4943 ἑαυ-

261 4981 368 5032 τοῦ
398 4978 426 5033 ὁ
463 4975 781 5050 μισόκαλνς,
813 4976 1040 5054 ἤχθετο.
1092 4978 1189 5032 Καὶ
1236 4980 1376 5054 ὁρῶν
1430 4977 1620 5032 ἑαυτοῦ
1679 4979 1777 5046 τὴν
1825 4998 1918 5031 τυ-

267 5066 489 5144 ραννίδα
543 5070 999 5144 καθαιρουμένην,
1059 5065 1242 5144 ἕτερόν
1297 5089 1420 5122 τινα
1479 5073 1791 5142 μηχανᾶται
1819 5087 1917 5120 κα-

264 5157 388 5220 κίας
433 5157 656 5232 τρόπον·
707 5159 796 5212 καὶ
840 5155 1071 5228 πλήττει
1117 5161 1184 5212 τα
1209 5157 1490 5235 φωνητικὰ
1530 5153 1748 5232 ὄργανα,
1783 5156 1918 5229 πρὸς

262 5248 331 5302 τὸ
360 5248 452 5300 τὸν
497 5247 832 5324 προφορικὸν
883 5246 1106 5321 ἐκκόψαι
1158 5244 1343 5322 λόγον,
1397 5244 1569 5300 δοκῶν
1609 5243 1696 5299 διὰ
1723 5245 1918 5299 τούτου

266 5339 686 5413 λιμαγχονῆσαι
733 5341 840 5391 τῶν
892 5337 1046 5391 θείων
1096 5335 1273 5412 λόγων
1341 5337 1434 5397 τὰς
1496 5334 1917 5409 συνερχομένας.

267 5425 431 5483 Ἀλλ’
493 5426 538 5482 εί
594 5426 683 5480 καὶ
739 5428 838 5495 τήν
899 5427 1066 5495 ἀκοὴν
1099 5433 1200 5495 τῆς
1231 5425 1494 5504 ὠφελείας
1527 5425 1829 5500 ἐπέρησεν,
1866 5423 1917 5478 ἐν

267 5521 349 5588 τῷ
383 5516 587 5590 μείζονι
617 5515 681 5572 τὸ
736 5513 924 5590 κέρδος
964 5512 1306 5587 δεδώρηται·
1364 5513 1433 5589 τῇ
1485 5514 1583 5590 γὰρ
1643 5513 1764 5587 ὕψει
1803 5517 1920 5574 τοῖς

269 5610 492 5665 πάθεσιν
581 5606 991 5680 ένακενίζουσαι,
1074 5603 1285 5678 μᾶλλον
1370 5605 1745 5680 ἐκραταιοῦντο
1820 5604 1919 5671 τὴν

269 5703 524 5777 γνώμην.
583 5696 659 5752 Τὰ
713 5696 817 5772 γὰρ
875 5695 1084 5766 ἐκείνης
1147 5699 1244 5750 τοῦ
1314 5696 1568 5768 σώματος
1641 5691 1926 5769 τραύματα

268 5789 370 5853 τὰς
401 5786 792 5864 πεπληγμένας
822 5787 1004 5862 ψυχὰς
1037 5785 1176 5840 ἰᾶτο·
1235 5785 1326 5840 καὶ
1349 5788 1416 5854 ἦν
1474 5782 1606 5839 ἴδεῖν
1637 5779 1922 5860 προφυλα-

1937 1894 1985 1958 Β

2091 1032 2210 1085 107.
2243 1030 2345 1086 Illa
2375 1046 2530 1098 vero,
2567 1027 2910 1098 hujusmodi
2936 1026 3166 1099 plagam
3197 1031 3434 1082 strenue
3459 1028 3671 1100 ferens,

2018 1138 2131 1176 non
2183 1121 2437 1175 concidit
2482 1119 2698 1174 animo.
2734 1119 3111 1188 Rursumque
3161 1117 3329 1172 beata
3375 1117 3536 1189 virgo
3568 1120 3670 1173 ad-

2016 1227 2221 1265 versus
2275 1209 2503 1264 hostem
2563 1207 2934 1262 instaurabat
2982 1223 3263 1276 pugnam.
3332 1207 3669 1280 Iterumque

2018 1298 2309 1371 praeclaris
2349 1298 2474 1353 suis
2523 1296 2912 1362 documentis,
2945 1294 3280 1350 vulneratos
3327 1296 3399 1350 ab
3428 1295 3668 1353 inimico

2017 1389 2263 1444 sanabat
2305 1404 2318 1441 :
2362 1403 2426 1441 ac
2470 1387 2627 1442 velut
2674 1403 2704 1441 e
2754 1385 3022 1440 faucibus
3071 1384 3434 1456 sanguinarii
3482 1385 3668 1441 leonis

2017 1477 2243 1532 animas
2275 1475 2488 1531 illmsas
2519 1474 2878 1530 extrahebat.
2909 1473 3150 1529 Saucios
3180 1475 3425 1529 curabat
3454 1474 3671 1530 saluta-

2015 1567 2179 1621 ribus
2209 1565 2419 1620 Christi
2447 1563 2745 1619 remediis.
2773 1563 3098 1620 Nonnullos
3122 1561 3519 1618 invulneratos
3545 1581 3669 1620 ser-

2015 1656 2208 1721 vabat,
2242 1654 2631 1724 indicatisque
2682 1652 2903 1708 dolosis
2950 1653 3106 1708 640
3153 1651 3370 1707 diaboli
3416 1653 3664 1724 laqueis,

2013 1747 2227 1803 liberos
2260 1747 2537 1802 reddebat
2566 1762 2600 1800 a
2631 1749 2885 1816 peccato.

2089 1963 2210 2016 108.
2266 1961 2500 2017 Dicebat
2531 1977 2703 2033 porro
2754 1959 3102 2014 admiranda
3148 1958 3248 2014 illa
3287 1959 3448 2033 virgo
3481 1975 3494 2014 :
3529 1961 3665 2015 Ani-

2016 2069 2144 2108 mas
2173 2053 2288 2107 Deo
2320 2051 2540 2106 dicatas
2573 2066 2876 2122 nunquam
2909 2049 3120 2104 debere
3143 2064 3357 2119 ponere
3386 2048 3668 2105 sollicitu-

2015 2141 2234 2208 dinem,
2271 2141 2407 2213 quia
2439 2142 2521 2196 eis
2555 2139 2933 2212 potissimum
2967 2139 3312 2194 adversatur
3341 2137 3616 2195 inimicus
3649 2155 3663 2195 :

2016 2247 2149 2285 nam
2185 2232 2324 2285 dum
2374 2230 2431 2284 in
2467 2246 2702 2284 secessu
2759 2228 2868 2282 illae
2901 2232 2956 2283 et
3004 2227 3060 2282 in
3095 2227 3288 2299 quiete
3333 2232 3662 2298 versantur,

2016 2319 2165 2389 rugit
2184 2319 2300 2386 ille,
2327 2319 2515 2375 victus
2538 2317 2906 2390 indignatur;
2941 2315 3365 2388 paululumque
3387 2317 3665 2375 secedens

2015 2410 2434 2464 observatnum
2455 2405 2865 2480 aliquandovel
2881 2404 3176 2461 tantillum
3201 2405 3661 2475 obdormiscant,

2015 2504 2272 2568 tuncque
2303 2497 2472 2552 irruit
2505 2515 2517 2552 :
2547 2513 2611 2551 ac
2643 2512 2744 2568 per
2773 2512 2903 2566 quae
2951 2493 3082 2566 quis
3114 2493 3404 2550 existimat
3444 2493 3503 2548 in
3534 2498 3663 2551 tuto

2017 2603 2078 2644 se
2109 2586 2348 2652 versari,
2382 2601 2484 2659 per
2507 2586 2709 2641 eadem
2742 2584 2910 2639 illum
2942 2583 3297 2655 supplantat.
3323 2584 3486 2638 Sicut
3507 2583 3665 2639 enim

2021 2677 2140 2732 ﬁeri
2175 2676 2378 2748 nequit
2417 2693 2514 2731 eos
2545 2675 2643 2746 qui
2693 2674 3010 2729 admodum
3043 2671 3307 2728 scelerati
3359 2680 3516 2739 sunt,
3551 2688 3667 2727 non

2019 2767 2232 2822 habere
2264 2765 2350 2821 vel
2383 2763 2704 2820 scintillam
2739 2763 2876 2818 boni
2903 2780 2916 2831 ;
2953 2763 3036 2817 ita
3066 2761 3326 2816 vicissim
3359 2777 3421 2817 se
3451 2777 3544 2817 res
3566 2761 3669 2817 ha-

2020 2857 2116 2911 bet
2147 2855 2205 2910 in
2229 2855 2434 2910 bonis:
2465 2853 2757 2926 siquidem
2781 2869 2982 2908 eorum
3006 2869 3131 2923 quae
3154 2850 3306 2906 inter
3322 2867 3387 2907 se
3412 2853 3674 2921 pugnant

2020 2945 2208 3017 portio
2241 2945 2511 3016 quaedam
2538 2943 2594 2997 in
2629 2941 2915 3014 oppositis
2939 2940 3203 3012 partibus
3235 2938 3483 2994 exsistit.
3510 2938 3674 2995 Unde

2020 3050 2422 3105 saepenumero
2455 3033 2628 3086 homo
2661 3031 2814 3085 omni
2851 3028 3218 3100 turpitudine
3248 3027 3668 3096 circumdatus,

2019 3123 2179 3178 omni
2224 3119 2677 3192 intemperantia
2727 3119 2994 3185 fcedatus,
3030 3121 3286 3172 attamen
3339 3115 3673 3172 misericors

2020 3217 2110 3267 est
2141 3229 2154 3266 :
2189 3226 2453 3281 saepeque
2487 3210 2542 3263 in
2576 3208 2806 3264 virtutis
2837 3205 3118 3262 studiosis
3147 3209 3456 3260 versantur
3483 3204 3672 3260 conti-

1938 3269 1981 3334 C
2020 3299 2239 3369 nantia,
2264 3299 2582 3371 jejunium,
2617 3297 2910 3352 laboriosa
2955 3295 3290 3351 exercitatio
3324 3311 3336 3350 :
3371 3298 3512 3350 sunt
3565 3309 3671 3350 au-

2017 3394 2137 3445 tem
2169 3389 2364 3445 forsan
2399 3387 2554 3444 avari
2587 3392 2644 3442 et
2673 3387 3110 3442 obtrectatores.

2094 3517 2213 3570 109.
2248 3515 2370 3570 Non
2423 3515 2619 3584 itaque
2670 3510 3019 3583 negligenda
3069 3513 3207 3564 sunt
3255 3525 3451 3581 parva,
3501 3516 3676 3580 quasi

2021 3619 2228 3660 nocere
2287 3620 2400 3657 non
2456 3601 2705 3656 valeant.
2766 3600 2909 3654 Nam
2961 3597 3344 3652 diuturnitate
3390 3598 3675 3669 temporis

2023 3699 2190 3768 gutta
2220 3698 2383 3748 cavat
2415 3691 2690 3763 lapidem.
2727 3689 2900 3744 Porro
2933 3687 3190 3742 maxime.
3220 3703 3354 3759 pars
3384 3687 3673 3744 bonorum

2023 3801 2146 3855 quin
2180 3783 2238 3838 in
2271 3781 2612 3837 hominibus
2644 3784 2803 3844 sunt,
2825 3795 2893 3833 ex
2923 3777 3122 3832 divina
3153 3776 3299 3848 ipsis
3330 3776 3517 3848 gratia
3549 3793 3676 3849 pro-

2022 3874 2267 3929 veniunt
2290 3890 2302 3932 :
2338 3889 2467 3943 quas
2501 3873 2695 3925 autem
2723 3867 2950 3922 minora
2970 3867 3244 3921 videntur
3267 3882 3418 3935 esse,
3442 3883 3544 3937 per
3566 3882 3675 3923 nos

2023 3963 2183 4034 ipsos
2215 3961 2522 4032 proﬂigare
2547 3959 2736 4014 edocti
2759 3973 2987 4013 sumus.
3008 3956 3114 4021 Qui
3149 3955 3332 4027 igitur
3352 3955 3686 4027 majoribus

2022 4051 2257 4123 quidem
2290 4066 2391 4120 per
2419 4049 2665 4120 gratiam
2717 4045 3086 4118 expugnatis,
3121 4045 3270 4114 quod
3314 4061 3556 4116 parvum
3587 4048 3678 4101 est

2022 4138 2462 4210 contempserit,
2503 4135 2725 4208 ingenti
2759 4135 3048 4189 afﬁcietur
3093 4133 3330 4188 damno.
3385 4133 3530 4188 Nam
3567 4139 3674 4190 Do-

2024 4229 2222 4285 minus
2272 4231 2490 4293 noster,
2549 4229 2748 4295 utpote
2795 4240 2968 4279 verus
3017 4223 3202 4286 Pater,
3255 4221 3674 4294 incipientibus

2023 4318 2324 4374 ambulare
2355 4316 2492 4370 ﬁliis
2524 4314 2648 4370 suis
2674 4329 2915 4368 manum
2949 4312 3190 4384 porrigit
3222 4330 3234 4367 :
3271 4315 3446 4384 atque
3475 4329 3509 4367 a
3539 4329 3671 4384 gra-

2022 4409 2194 4464 vibus
2225 4407 2558 4480 quibusque
2591 4401 2866 4476 periculis
2894 4402 3193 4468 liberatos,
3227 4417 3334 4457 nos
3365 4401 3506 4456 sinit
3534 4419 3674 4474 par-

2024 4514 2095 4552 va
2127 4494 2383 4569 pericula
2413 4511 2516 4567 per
2545 4511 2650 4548 nos
2679 4492 2840 4565 ipsos
2862 4491 3045 4555 adire,
3073 4491 3240 4563 quasi
3275 4489 3522 4561 pedibus
3555 4506 3676 4548 am-

2025 4588 2296 4642 bulantes
2331 4605 2343 4642 :
2380 4585 2585 4656 hisque
2608 4582 2855 4638 liberum
2879 4579 3138 4636 declarat
3169 4580 3500 4636 arbitrium.
3527 4584 3675 4637 Nam

2026 4637 2292 4642 ηψπ--
2331 4637 2343 4642 ,
2381 4637 2578 4656 κατ.-

1947 4637 1993 4702 D
2028 4677 2130 4750 qui
2161 4676 2356 4748 parvis
2406 4673 2572 4731 facile
2618 4671 2888 4742 vincitur,
2922 4671 3148 4741 majora
3175 4685 3376 4725 cavere
3424 4686 3540 4742 qua
3583 4686 3675 4725 ra-

2029 4768 2187 4824 tione
2217 4763 2479 4838 poterit?

2103 4892 2222 4946 110.
2253 4889 2507 4944 Rursum
2539 4887 2719 4959 igitur
2749 4886 3056 4940 advertens
3085 4882 3224 4938 boni
3255 4898 3390 4938 osor
3417 4881 3515 4938 ille
3544 4898 3675 4938 eam

2028 4983 2308 5037 adversus
2333 4979 2528 5048 ipsum
2553 4972 2934 5038 corroborari,
2957 4971 3392 5044 indignabatur.
3427 4969 3674 5025 Videns-

2029 5086 2142 5141 que
2171 5067 2391 5123 destrui
2439 5064 2807 5136 tyrannidem
2855 5078 3045 5128 suam,
3078 5059 3256 5115 alium
3303 5058 3676 5114 machinatur

2033 5157 2264 5212 malitias
2297 5155 2538 5210 modum
2565 5171 2578 5208 :
2602 5153 2983 5221 vulneratque
3013 5150 3278 5204 membra
3298 5146 3672 5218 vocalia,quo

2029 5261 2361 5302 sermonem
2391 5244 2838 5313 doctrinamque
2867 5240 3028 5295 illius
3060 5237 3475 5309 interpellaret,
3511 5242 3673 5293 ratus

2031 5337 2114 5391 sic
2137 5353 2235 5390 eas
2261 5349 2386 5404 quea
2413 5331 2786 5388 convenirent
2805 5330 2958 5384 fame
2979 5329 3310 5384 divinorum
3337 5341 3674 5382 sermonum

2032 5427 2390 5480 interiturae.
2415 5421 2632 5476 Verum
2665 5419 2896 5474 etiamsi
2926 5434 3098 5472 aures
3129 5433 3327 5472 earum
3363 5414 3534 5470 solita
3561 5414 3678 5469 uti-

2030 5515 2192 5570 litate
2216 5511 2680 5585 privarit,majus
2702 5512 2899 5562 tamen
2921 5505 3068 5578 ipsis
3085 5507 3311 5560 lucrum
3333 5518 3679 5559 concessum

2031 5605 2160 5667 fuit,
2196 5619 2329 5658 cum
2380 5598 2565 5655 oculis
2612 5613 2742 5668 qua;
2790 5595 2891 5649 illa
2922 5599 3216 5664 pateretur
3263 5593 3681 5665 perspicerent,

2035 5694 2251 5764 majore
2283 5689 2464 5747 animi
2508 5687 2712 5743 robore
2741 5685 3146 5739 firmabantur.
3182 5682 3438 5738 Vulnera
3467 5682 3683 5754 quippe

2036 5782 2297 5854 corporis
2329 5781 2479 5851 ejus,
2510 5776 2841 5833 vulneratas
2861 5774 3092 5831 animas
3111 5772 3418 5828 curabant.
3453 5770 3681 5828 Videre-
