4162 6380
473 428 627 490 1555

1639 422 1706 482 S.
1750 419 2276 482 ATHANASIUS.
2302 453 2379 463 —
2409 420 2726 485 SPURIA.

3721 425 3859 488 1556

472 577 586 636 que
611 564 754 632 erat,
787 559 1092 616 munimen
1143 557 1572 628 sanitatemque
1605 553 2010 627 spectantibus
2041 554 2124 608 af-

2260 553 2342 621 ιῆν
2400 553 2490 607 καὶ
2551 551 2834 628 θεραπείαν
2881 555 2989 607 τῶν
3037 552 3327 626 θεωμένων
3368 550 3468 622 τὴν
3491 557 3588 623 τῆς
3620 556 3860 632 μακαρίας

477 653 624 708 ferre
654 652 833 707 beatae
879 649 1124 722 virginis
1169 646 1680 720 maganimitatem
1729 647 1904 714 atque
1943 658 2135 715 perse-

474 758 544 797 ve
551 759 652 797 ran
661 741 700 797 ti
709 757 801 797 am
812 783 825 796 .

551 894 671 949 111.
703 893 863 948 Hanc
895 907 1032 962 ergo
1066 890 1179 962 ipsi
1213 887 1427 944 ulceris
1458 903 1700 944 causam
1731 886 1910 942 efficit
1940 884 2136 941 inimi-

480 999 631 1040 cus:
667 982 947 1037 molarem
999 994 1185 1034 unum
1217 978 1451 1032 dentem
1497 975 1696 1031 dolore
1745 974 1954 1039 affecit,
2003 990 2137 1028 mox

479 1073 775 1146 gingivam
808 1069 1120 1141 putrefacit
1152 1084 1165 1122 :
1199 1066 1413 1122 excidit
1444 1083 1508 1120 os
1536 1090 1550 1133 ;
1592 1065 1759 1120 ulcus
1789 1068 1972 1119 totam
2005 1079 2134 1135 per-

481 1162 664 1218 currit
696 1159 997 1215 maxillam
1025 1183 1040 1225 ;
1073 1159 1533 1227 corrumpuntur
1559 1154 1763 1209 vicinae
1789 1159 2013 1224 partes:
2036 1168 2138 1222 per

484 1249 876 1323 quadraginta
907 1248 1032 1302 dies
1062 1263 1127 1301 os
1157 1245 1508 1310 corraditur,
1532 1248 1780 1315 postque
1802 1245 1950 1298 duos
1970 1257 2136 1296 men-

483 1357 580 1396 ses
611 1341 872 1394 foramen
916 1337 1194 1408 aperitur.
1226 1333 1437 1390 Omnia
1467 1334 1687 1388 circum
1721 1331 1847 1387 loca
1891 1331 2138 1403 nigrica-

484 1430 648 1500 bant,
678 1443 742 1482 os
771 1427 966 1498 ipsum
999 1425 1172 1480 etiam
1206 1427 1547 1494 corruptum
1573 1421 1854 1493 paulatim
1881 1418 2140 1476 absumi-

485 1524 585 1574 tur
615 1533 627 1573 :
667 1516 909 1589 putredo
961 1512 1486 1584 tmtidissimusque
1533 1512 1678 1566 odor
1705 1515 1894 1565 totum
1927 1525 2140 1579 corpus

485 1604 827 1677 occupavit;
876 1602 959 1658 ita
1008 1605 1071 1657 ut
1110 1618 1236 1673 quas
1290 1600 1696 1655 ministrarent
1741 1598 1877 1671 ipsi,
1917 1598 2140 1668 majore

487 1711 664 1768 quam
686 1693 788 1748 illa
809 1688 1818 1759 nauseaafﬁcerentur.Subindeque
1832 1704 1898 1742 ac
1917 1686 2141 1742 diutius

487 1783 901 1848 abscedebant,
920 1779 1421 1836 immanissimum
1440 1779 1702 1834 fmtorem
1725 1794 1841 1832 non
1867 1777 2140 1832 ferentes.

488 1873 633 1928 Cum
681 1871 738 1925 id
786 1870 1106 1926 necessitas
1155 1867 1500 1940 postularet,
1548 1871 1879 1923 aromatum
1924 1865 1978 1921 vi
2009 1881 2135 1920 suc-

2256 640 2674 717 μεγαλοψυχίαν
2701 663 2760 698 τε
2788 640 2877 698 καὶ
2897 640 3204 718 καρτερίαν.

2316 881 2438 940 111.
2491 881 2760 961 Πρόφασιν
2818 882 2911 956 μὶν
2963 881 3056 937 οὖν
3104 881 3240 957 αὐτῇ
3268 888 3370 952 τῆς
3400 884 3616 960 πληγῆς
3648 893 3860 943 ποιεῖται

2240 969 2441 1041 ταύτην
2490 973 2518 1026 ὁ
2568 971 2787 1047 ἐχθρός·
2844 971 2968 1044 μίαν
3020 972 3124 1047 γὰρ
3177 968 3357 1043 μύλην
3392 969 3673 1043 ὁδυνήσας,
3719 979 3860 1046 σήπει

2243 1061 2491 1134 παραυτά
2532 1061 2595 1115 τὸ
2642 1059 2824 1114 οὖλον·
2873 1057 2965 1114 καῖ
3013 1058 3260 1114 ἐκπίπτει
3305 1060 3399 1134 μὲν
3429 1063 3492 1116 τὸ
3524 1060 3773 1134 ὀστέον-ὴ
3818 1063 3868 1120 δὶ

2243 1151 2388 1221 νομὴ
2446 1147 2721 1224 διατρέχει
2781 1149 2856 1212 εἷς
2913 1148 3120 1203 ἃπασαν
3182 1149 3281 1218 τὴν
3325 1149 3503 1226 γένυν,
3560 1151 3644 1206 καὶ
3689 1151 3868 1228 γίνεται

2245 1239 2422 1316 φθορά
2468 1243 2573 1293 τῶν
2631 1237 2987 1311 ἐπικειμένων
3046 1237 3335 1309 σωμάτων·
3397 1239 3484 1293 καὶ
3532 1237 3582 1293 ἐν
3636 1242 3872 1316 τεσσαρά-

2245 1347 2410 1381 κοντα
2467 1327 2704 1403 ἡμέραις
2760 1324 3165 1404 τερηδονίζεται
3232 1326 3294 1382 τὸ
3357 1326 3559 1382 ὀστέον·
3617 1330 3701 1384 καὶ
3759 1331 3877 1402 μετά

2250 1413 2542 1490 διμηναῖον
2595 1415 2820 1492 χρόνον,
2863 1416 3069 1491 γίνεται
3113 1413 3387 1491 ἕκτρησις.
3423 1415 3770 1481 Μελανθέντες
3795 1418 3874 1472 οὖν

2247 1507 2384 1576 ἦσαν
2416 1506 2645 1568 ἃπαντες
2676 1507 2728 1560 οἱ
2758 1505 2912 1580 πέριξ
2941 1504 3124 1563 τόποι.
3155 1505 3231 1562 Τὸ
3285 1503 3343 1561 δὲ
3391 1505 3570 1561 ὀστέον
3627 1507 3710 1560 καὶ
3755 1505 3873 1560 αὐτὸ

2249 1596 2472 1672 φθαρὲν,
2502 1595 2620 1649 κατ’
2652 1594 2842 1669 ὀλίγον
2897 1591 3219 1649 ἐδαπανᾶτο·
3269 1598 3434 1668 σῆψις
3467 1592 3524 1650 δὲ
3549 1595 3635 1650 καὶ
3669 1596 3876 1670 βαρυτά-

2247 1704 2316 1754 τη
2349 1680 2588 1739 δυσωδία
2613 1684 2731 1748 καθ’
2759 1681 2888 1738 ὅλον
2921 1685 2984 1738 τὸ
3014 1687 3176 1758 σῶμα
3205 1682 3436 1760 ἐκράτει·
3470 1684 3545 1747 ὡς
3572 1685 3664 1747 τὰς
3695 1685 3876 1757 ὑπουρ-

2249 1773 2452 1850 γούσας
2502 1772 2674 1828 πλέον
2720 1773 2887 1843 αὐτῆς
2933 1772 3188 1848 πάσχειν.
3242 1773 3341 1828 Καὶ
3391 1774 3480 1828 τὸν
3537 1774 3627 1846 μὲν
3674 1771 3879 1828 πλείονα

2251 1863 2452 1939 χρόνον
2513 1861 2871 1937 ἒχωρίζοντο,
2936 1863 3012 1936 μὴ
3073 1863 3332 1939 φέρουσαι
3393 1864 3492 1932 τὴν
3546 1862 3877 1936 ἀπάνθρωπον

490 1977 668 2017 censa
713 1960 1014 2031 ingressae,
1047 1974 1182 2014 mox
1228 1957 1611 2013 discedebant
1656 1957 1730 2011 ob
1777 1954 2144 2010 teterrimum

2260 1933 2457 2026 ἀσμήν·
2611 1933 2670 2006 δὲ
2699 1933 2865 2026 χρεία
2909 1933 3116 2021 ἐκάλεί,
3144 1933 3530 2025 ’θυμιαμάτων
3581 1933 3882 2006 ὑπεκκαίου-

493 2051 754 2106 odorem.
787 2053 862 2103 At
891 2048 1062 2103 beata
1092 2047 1251 2116 virgo
1275 2049 1472 2117 aperte
1493 2045 1895 2102 adversarium
1917 2042 2147 2114 conspi-

497 2138 708 2208 ciebat,
731 2152 919 2208 neque
951 2135 1182 2192 sinebat
1206 2134 1502 2191 admoveri
1531 2134 1646 2190 sibi
1667 2133 2004 2190 subsidium
2035 2131 2147 2187 hu-

501 2243 674 2283 manu
685 2226 878 2294 m,hac
896 2225 956 2280 in
979 2241 1040 2280 re
1052 2241 1221 2280 suam
1235 2227 1707 2280 commonstrans
1721 2221 2145 2278 fortitudinem.

500 2318 644 2373 Cum
697 2320 894 2372 autem
945 2320 1128 2370 cmtus
1178 2313 1473 2386 virginum
1528 2313 1924 2380 hortarentur,
1959 2316 2024 2367 ut
2060 2308 2149 2367 vel

500 2405 863 2462 aromatibus
889 2403 1016 2460 loca
1047 2402 1415 2459 illinerentur
1442 2408 1677 2475 propter
1705 2419 1876 2459 suam
1907 2402 2151 2457 inﬁrmi-

499 2499 703 2565 tatem,
737 2509 1109 2564 nequaquam
1141 2492 1242 2548 illa
1272 2507 1493 2548 morem
1526 2493 1728 2564 gessit.
1767 2491 2152 2547 Existimabat

499 2583 656 2640 enim
687 2599 789 2655 per
817 2587 1123 2638 externum
1147 2580 1427 2637 auxilium
1450 2580 1862 2654 gloriosissimi
1885 2579 2153 2636 certami-

497 2671 590 2728 nis
622 2671 893 2727 imminui
925 2671 1125 2727 decus.
1161 2669 1273 2726 Illae
1304 2687 1475 2743 porro
1506 2670 1800 2726 medicum
1834 2670 2150 2742 quemdam

501 2764 763 2830 evocant,
795 2760 846 2815 si
880 2760 1025 2816 forte
1074 2763 1273 2831 posset
1321 2759 1418 2815 ille
1450 2760 1800 2830 persuadere
1832 2758 2042 2831 virgini
2089 2764 2144 2814 ut

500 2849 862 2905 curationem
914 2848 1266 2904 admitteret.
1299 2850 1372 2903 At
1403 2847 1504 2904 illa
1532 2849 1589 2904 id
1623 2848 1864 2904 minime
1902 2848 2040 2904 tulit
2063 2848 2153 2903 di-

501 2955 638 2995 cens
664 2957 676 2993 :
701 2938 848 3002 Quid
887 2955 976 2994 me
1000 2939 1072 2993 ab
1099 2937 1209 2993 hoc
1229 2937 1506 3007 praeclaro
1527 2937 1846 2994 certamine
1893 2937 2103 2994 arcetis
2126 2936 2155 2992 ?

502 3027 619 3084 Cur
647 3026 906 3099 quaeritis
936 3027 1097 3098 quod
1118 3032 1379 3099 apparet,
1414 3026 1750 3100 ignorantes
1773 3027 1912 3099 quid
1935 3026 2155 3083 lateat?

504 3115 652 3181 Quid
685 3121 804 3172 tam
856 3116 1086 3172 curiose
1133 3115 1352 3172 factum
1384 3115 1738 3187 perquiritis,
1772 3133 1908 3172 cum
1958 3121 2154 3172 aucto-

505 3222 629 3260 rem
664 3222 779 3261 non
828 3205 1118 3260 videatis?
1165 3206 1312 3260 Tum
1344 3205 1608 3262 medicus
1649 3206 1763 3277 ipsi
1796 3222 1809 3260 :
1843 3205 1969 3262 Non
2000 3207 2148 3260 641

2253 2062 2341 2096 σαι
2387 2040 2600 2109 πλῆθος
2647 2039 2974 2116 προσῄεσαν,
3005 2039 3095 2096 καὶ
3141 2039 3296 2106 αὖθις
3341 2041 3658 2118 ὑπεχώρουν
3709 2036 3790 2095 διὰ
3830 2040 3885 2095 τὸ

2254 2140 2353 2203 τῆς
2404 2129 2670 2194 δυσωδίας
2717 2131 3100 2206 ἀπάνθρωπον.
3157 2132 3221 2188 Ἠ
3253 2128 3313 2186 δὶ
3347 2129 3586 2207 μακαρία
3617 2131 3884 2206 προφανῶς

2257 2225 2477 2300 ἐθεώρει
2507 2224 2598 2279 τὸν
2633 2221 2948 2288 ἀντίπαλον,
2977 2223 3068 2278 καὶ
3117 2221 3236 2279 οὐδ’
3264 2222 3418 2286 ὅλως
3448 2221 3739 2298 συνεχώρει
3768 2219 3887 2292 αὐτῇ

2257 2313 2596 2389 ἀνθρώπινον
2652 2319 3035 2388 προσαχθῆναι
3095 2313 3378 2388 βοήθημα·
3445 2309 3750 2367 δεικνύουσα
3813 2305 3891 2362 καὶ

2258 2402 2310 2458 ἐν
2369 2401 2547 2475 τούτῳ
2602 2402 2702 2470 τήν
2762 2401 2964 2456 οἰκείαν
3014 2399 3284 2478 ἀνδρείαν.
3343 2402 3416 2459 Al
3469 2401 3526 2456 δὲ
3571 2398 3890 2455 συνελθοῦσαι

2258 2490 2600 2568 παρεκάλουν
2652 2490 2746 2545 κᾶν
2798 2489 2992 2565 μύροις
3033 2490 3162 2553 τοὺς
3217 2489 3426 2554 τόπους
3470 2489 3770 2566 ὑπαλείφειν
3815 2485 3892 2541 διὰ

2258 2582 2358 2650 τὴν
2391 2581 2595 2634 ἑαυτῶν
2627 2579 2924 2649 ἀσθένειαν,
2952 2581 3042 2634 καὶ
3076 2579 3177 2634 οὐκ
3223 2578 3490 2636 ἐπείθετο.
3541 2581 3749 2653 Ἡγεῖτο
3799 2576 3890 2650 γὰρ

2262 2668 2351 2726 διὰ
2396 2676 2496 2739 τῆς
2544 2669 2867 2742 συμμαχίας
2913 2673 3020 2723 τῶν
3067 2667 3221 2731 ἐκτὸς
3272 2670 3642 2746 καθαιρεῖσθαι
3671 2671 3762 2723 τοῦ
3813 2665 3892 2719 έν-

2263 2758 2421 2830 δόξου
2450 2759 2680 2835 ἀγῶνος.
2718 2759 2816 2814 Καὶ
2849 2755 2914 2829 δή
2946 2780 3064 2814 τινα
3105 2758 3285 2835 ἰατρὸν
3315 2760 3370 2814 αἱ
3426 2758 3762 2814 συνελθοῦσαι
3812 2775 3894 2827 με-

2261 2849 2673 2914 ταστέΛλονται,
2733 2849 2828 2919 ὡς,
2877 2846 2932 2904 εἷ’
2970 2871 3034 2924 γε
3083 2847 3358 2920 δυνηθείη,
3423 2848 3518 2905 κᾶν
3551 2847 3704 2910 αὐτὸς
3733 2851 3895 2901 πεῖσαι

2265 2938 2546 3013 θεραπείας
2605 2943 2814 3012 τυχεῖν.
2874 2938 2936 2992 Ἦ
2987 2935 3046 2992 δὲ
3092 2937 3254 2994 πάλιν
3289 2937 3388 2994 οὐκ
3421 2939 3690 3013 ἠνείχετο,
3723 2934 3896 3009 λέγου-

2266 3047 2350 3082 σα·
2408 3027 2469 3081 Τί
2530 3049 2598 3100 με
2643 3030 2743 3097 τῆς
2794 3027 2999 3102 ἀγαθῆς
3027 3025 3210 3096 πάλης
3239 3027 3445 3099 ταύτης
3476 3023 3792 3104 ἰγκὸπτετε;
3845 3021 3897 3078 Τί

2269 3122 2479 3188 ζητεῖτε
2532 3117 2594 3171 τὸ
2638 3116 2985 3194 φαινόμενον,
3051 3115 3344 3191 ἀγνοοῦσαι
3391 3115 3459 3172 τὸ
3513 3115 3899 3193 κρυπτόμενονε

2266 3205 2327 3260 Τί
2386 3205 2906 3281 πολυπραγμονεῖτε
2959 3204 3023 3260 τὸ
3053 3205 3361 3280 γινόμενον,
3387 3205 3484 3262 τὸν
3535 3207 3790 3260 ποιοῦντα
3837 3201 3902 3273 μὴ

506 3294 829 3349 curationis
879 3300 981 3350 aut
1011 3293 1203 3351 solatii
1235 3311 1416 3351 causa
1462 3295 1786 3350 remedium
1819 3294 2147 3356 oti‘erimus:

2267 3296 2611 3370 θεωροῦσαι;
2646 3294 2748 3351 Καὶ
2795 3294 2932 3369 πρὸς
2982 3293 3148 3365 αὐτήν
3199 3316 3359 3373 φησιν
3414 3297 3444 3351 ὁ
3485 3295 3668 3370 παρὼν
3716 3288 3898 3366 ἱατρός’

503 3385 607 3441 sed
655 3388 722 3438 ut
767 3388 1107 3452 corruptum
1158 3384 1636 3455 exstinctumque
1681 3384 2012 3439 membrum
2055 3399 2157 3455 pro

507 3489 669 3528 more
699 3472 1076 3545 sepeliamus,
1103 3489 1174 3528 ne
1199 3473 1300 3544 qui
1331 3474 1548 3529 adsunt
1573 3490 1692 3528 una
1721 3479 1993 3544 pereant:
2019 3489 2157 3528 nam

507 3563 662 3634 quod
697 3562 947 3618 mortuis
994 3563 1291 3618 admoveri
1321 3562 1490 3630 solet,
1514 3563 1572 3617 id
1591 3563 1718 3633 jam
1741 3579 1850 3618 nos
1880 3563 2160 3617 admove-

505 3667 641 3707 mus
670 3667 683 3706 :
719 3650 886 3707 aloen
928 3667 1060 3706 cum
1095 3651 1332 3724 myrrha
1378 3655 1435 3706 et
1465 3655 1654 3723 myrto
1695 3651 1828 3707 vino
1860 3651 2158 3707 madidam

505 3756 756 3812 appono.
791 3739 895 3794 Illa
933 3755 1064 3794 vero
1110 3739 1374 3796 admisso
1424 3739 1670 3795 consilio
1718 3741 1945 3807 annuit,
1982 3740 2157 3795 mise-

505 3834 633 3884 rata
665 3833 1013 3902 prassentem
1037 3834 1286 3886 coetum:
1317 3844 1384 3885 eo
1415 3828 1571 3884 enim
1603 3833 1770 3901 pacto
1801 3829 2163 3903 purgabatur

506 3917 729 3974 fmtoris
760 3917 1149 3974 vehementia.

582 4250 704 4306 112.
739 4249 881 4314 Quis
912 4267 1038 4317 non
1086 4250 1389 4307 exhorruit
1435 4251 1695 4308 immane
1725 4251 1896 4308 ulcus
1931 4252 2164 4325 conspi-

2266 3383 2386 3458 Οὐχ
2438 3383 2611 3438 ἓνεκεν
2660 3383 2942 3460 θεραπείας
2999 3385 3148 3446 τινὸς
3205 3383 3240 3453 ἢ
3301 3385 3649 3459 παραμυθίας
3687 3377 3903 3456 προσφέ-

2269 3494 2433 3548 ρομεν
2492 3471 2799 3550 φάρμακον,
2861 3471 2988 3530 ἀλλ’
3035 3472 3128 3529 ’ίνα
3199 3475 3262 3530 τὸ
3319 3472 3767 3550 ἠλλοτριωμένον
3822 3467 3899 3524 καὶ

2266 3561 2456 3635 νεκρὺν
2494 3562 2685 3638 μόριον
2719 3563 2854 3618 κατὰ
2882 3563 2981 3631 τὴν
3013 3563 3294 3633 συνήθειαν
3346 3566 3629 3638 θάψωμεν,
3677 3559 3808 3636 πρὸς
3845 3555 3899 3612 τὰ

2272 3651 2350 3725 μή
2405 3650 2536 3714 τοὺς
2576 3651 2848 3726 παρόντας
2897 3649 3375 3730 συνδιαφθαρῆναι.
3432 3656 3605 3728 ’Ὁπερ
3658 3654 3755 3727 γὰρ
3797 3654 3901 3708 τοῖς

2267 3741 2522 3796 τεθνεῶσι
2569 3739 2927 3816 προσάγουσι,
2983 3745 3146 3797 τοῦτο
3193 3741 3282 3797 καὶ
3314 3745 3482 3815 ἡμεῖς
3512 3746 3603 3797 νῦν
3636 3743 3902 3812 ποιοῦμεν·

2269 3829 2442 3901 ἀλὸην
2487 3831 2601 3904 ἅμα
2650 3829 2858 3904 σμύρνη
2902 3829 2992 3886 καὶ
3055 3830 3284 3908 μυρσίνη
3316 3829 3451 3905 οἵνῳ
3483 3829 3672 3893 δεύσας
3702 3824 3904 3906 προστί-

2271 3923 2431 3995 θημι.
2478 3922 2542 3977 Ἡ
2586 3917 2663 3994 δὲ,
2709 3918 3082 3995 ἀποδεξαμένη
3130 3922 3230 3991 τὴν
3281 3917 3623 3996 συμϐουλίαν
3654 3918 3907 3994 ἠνείχετο,

2267 4012 2363 4074 τὰς
2394 4009 2754 4076 συνελθούσας
2788 4009 3002 4084 μᾶλλον
3037 4010 3324 4083 ἐλεήσασα·
3371 4011 3685 4088 έκαθαίρετο
3731 4007 3828 4084 γὰρ
3856 4004 3908 4059 ἐκ

2268 4100 2466 4157 τούτου
2496 4103 2531 4170 ἡ
2579 4099 2812 4178 ἀμετρία
2839 4107 2938 4170 τῆς
2969 4097 3266 4163 δυσωδίας.

2345 4255 2470 4310 112.
2501 4251 2597 4314 Τίς
2629 4251 2729 4307 οὐκ
2768 4247 2948 4330 ιφριξε
2991 4252 3091 4322 τὴν
3142 4250 3484 4325 τηλικαύτην
3538 4251 3756 4329 πληγὴν
3805 4249 3912 4303 θεα-

509 4339 670 4396 ciens
705 4340 733 4395 ?
783 4340 888 4396 Cui
932 4357 1048 4396 non
1093 4340 1255 4396 utilis
1304 4341 1758 4412 fructuosusque
1807 4342 2147 4414 conspicqu

2272 4342 2504 4416 σάμενος
2531 4361 2544 4411 ;
2577 4340 2668 4399 Τίς
2701 4341 2800 4397 οὐκ
2829 4339 3090 4421 ὠφελήθη
3119 4344 3221 4412 τὴν
3262 4343 3548 4420 καρτερίαν
3592 4349 3692 4412 τῆς
3753 4358 3911 4414 μακα-

505 4427 731 4483 inimici
751 4429 992 4499 lapsus?
1012 4429 1138 4485 Illic
1161 4429 1328 4486 ulcus
1359 4429 1608 4487 immisit
1629 4431 1785 4487 unde
1807 4431 2088 4488 salutaris
2109 4449 2147 4488 e'

2273 4429 2392 4508 ρίας
2441 4429 2790 4504 θεασάμενος,
2844 4430 2934 4486 καὶ
2987 4430 3038 4487 ἒν
3086 4431 3255 4506 ταύτῃ
3296 4432 3397 4500 τήν
3431 4434 3772 4489 κατάπτωσιν
3826 4428 3912 4482 τοῦ

509 4517 892 4573 dulcissimus
924 4519 1054 4574 fons
1085 4535 1424 4576 sermonum
1459 4521 1748 4592 prodibat.
1782 4523 1922 4590 Ejus
1952 4522 2147 4576 imma-

2273 4520 2481 4596 ἰχθροῦ
2513 4519 2776 4590 ἐννοήσας
2805 4540 2816 4590 ;
2850 4522 2997 4576 Ἐκεῖ
3029 4521 3123 4594 μὲν
3153 4522 3255 4598 γὰρ
3290 4517 3482 4592 ἔστησε
3529 4523 3630 4592 τήν
3679 4517 3914 4592 πληγὴν,

509 4607 667 4662 nitas
700 4608 939 4663 modum
989 4625 1221 4665 omnem
1264 4626 1642 4682 exsuperans,
1676 4609 1888 4688 solatia
1921 4627 2147 4684 quaequi

2275 4609 2392 4665 ὅθεν
2448 4612 2482 4679 ἡ
2535 4611 2806 4685 σωτήριος
2839 4609 2930 4664 καὶ
2997 4608 3310 4685 γλυκυτάτη
3359 4615 3468 4666 τῶν
3523 4610 3700 4687 λόγων
3748 4602 3915 4683 προΐει

509 4697 838 4768 dissipavit.
872 4698 1176 4770 Tanquam
1213 4699 1333 4755 fera
1373 4699 1772 4773 sanguinaria,
1807 4675 1990 4757 totam
2023 4719 2147 4758 con-

2272 4699 2453 4776 πηγὴ,
2483 4699 2572 4753 καὶ
2603 4699 2664 4753 τὸ
2698 4693 3041 4776 ὑπερϐάλλον
3074 4698 3238 4755 αὐτοῦ
3273 4707 3374 4770 τῆς
3405 4675 3716 4772 δεινότητος
3764 4702 3919 4752 πᾶσαν

508 4785 868 4842 venientium
902 4805 1103 4844 curam
1137 4789 1400 4845 inutilem
1426 4790 1702 4856 reddidit,
1723 4795 1788 4846 ut
1809 4789 2147 4863 discerperet

2272 4787 2617 4864 παράκλησιν
2667 4785 3047 4846 ἀπεσκέδασεν.
3097 4791 3301 4866 ’Ὠσπερ
3360 4790 3464 4866 γὰρ
3524 4787 3716 4866 θηρίον
3771 4785 3914 4858 αἱμο-

511 4875 769 4932 oblatam
801 4878 1079 4949 praedam.
1132 4879 1244 4934 Sed
1297 4879 1439 4935 dum
1473 4879 1682 4950 quierit
1721 4879 1942 4947 cibum,
1976 4883 2147 4938 factu:

2275 4872 2459 4955 θόρον,
2491 4883 2660 4933 πᾶσαν
2710 4882 2817 4934 τῶν
2851 4879 3266 4956 συνερχομένων
3297 4880 3398 4948 τήν
3445 4875 3690 4947 σπουδὴν
3738 4871 3919 4931 ἀπεσό-

511 4970 602 5020 est
631 4965 938 5037 pabulum.
980 4969 1250 5041 Corporis
1295 4968 1451 5024 enim
1484 4968 1828 5026 infirmitate
1857 4971 2028 5042 quasi
2063 4988 2147 5044 ρει

2275 4963 2432 5039 ϐησε,
2484 4968 2622 5042 πρὸς
2669 4967 2732 5023 τὸ
2781 4969 3048 5044 σπαράξαι
3105 4969 3166 5023 τὸ
3197 4969 3502 5043 προσπεσὸν
3537 4970 3778 5041 θήραμα·
3835 4959 3916 5018 καὶ

511 5053 754 5109 hamum
787 5054 1019 5112 illectus
1070 5062 1394 5130 captusque
1427 5057 1536 5114 fuit
1567 5075 1581 5115 :
1617 5058 1895 5116 feminam
1937 5060 2147 5130 videns1

2272 5056 2457 5124 θοίνην
2523 5060 2722 5130 ζητῶν,
2779 5056 2916 5132 βορά
2968 5054 3177 5133 γέγονε.
3231 5055 3559 5128 Ἐδελεάσθη
3617 5056 3716 5134 γὰρ
3749 5052 3918 5124 ὥσπερ

513 5145 944 5214 contemnebat,
969 5147 1108 5217 quia
1140 5146 1446 5218 ignorabat
1467 5146 1689 5202 virilem
1723 5149 1852 5219 ejus
1873 5150 2137 5206 animum

2274 5143 2345 5200 δι’
2403 5146 2696 5222 ἀγκίστρου
2752 5149 2821 5220 τῇ
2885 5149 2982 5201 τοῦ
3059 5147 3316 5220 σώματος
3375 5147 3641 5218 ἀσθενείᾳ·
3703 5146 3921 5220 γυναῖκα

511 5232 806 5289 Didicerat
825 5236 1094 5292 morbida
1117 5237 1383 5292 membra
1403 5251 1554 5302 esse,
1569 5239 1910 5294 caacutiebat
1925 5240 2142 5312 quippe

2273 5237 2438 5312 ὁρῶν,
2495 5234 2832 5313 κατεφρόνει·
2914 5235 3100 5312 ἠγνόει
3176 5237 3280 5312 γάρ
3334 5236 3502 5308 αὐτῆς
3568 5236 3634 5292 τὸ
3692 5233 3924 5306 ἀνδρεῖον

511 5338 617 5377 nec
649 5328 876 5394 poterat
926 5325 1303 5382 fortissimam
1351 5325 1513 5382 illius
1564 5331 1819 5383 mentem
1852 5329 2140 5386 {estimare

2272 5324 2552 5402 φρόνημα.
2639 5321 2914 5380 Νοσοῦντα
2978 5324 3048 5379 τὰ
3121 5322 3264 5397 μέλη
3336 5324 3756 5398 κατεμάνθανευ·
3815 5317 3923 5376 ἐτύ-

510 5410 713 5466 Trium
747 5412 926 5484 igitur
957 5415 1250 5471 mensium
1303 5415 1492 5488 spatio
1524 5416 1634 5472 hoc
1665 5417 1722 5472 in
1757 5433 1942 5490 agone
1971 5417 2147 5475 decor

2272 5413 2490 5493 φλωττε
2537 5415 2663 5491 γὰρ,
2708 5415 2799 5468 τὸν
2853 5413 3209 5490 ἰσχυρότατον
3269 5414 3438 5486 αὐτῆς
3495 5412 3763 5491 λογισμὸν
3795 5428 3913 5466 κατ-

509 5498 673 5555 tavit.
706 5499 931 5558 Virtute
961 5508 1154 5560 autem
1209 5504 1403 5561 divina
1432 5508 1621 5560 totum
1671 5523 1883 5578 corpus
1922 5512 2147 5564 susten-

2273 5506 2527 5560 οπτεῦσαι
2564 5504 2639 5577 μὴ
2675 5500 2988 5578 δυνάμενος.
3034 5501 3184 5574 Μησὶ
3219 5503 3313 5576 μὶν
3343 5504 3435 5559 οῦν
3470 5504 3622 5578 τρισὶ
3652 5501 3742 5558 καὶ
3795 5497 3924 5574 πρὸς

511 5589 691 5646 tabat.
725 5591 868 5646 Nam
902 5609 1026 5662 quae
1059 5595 1318 5665 corporis
1367 5595 1795 5651 conservationi
1835 5595 2147 5653 inserviunt

2269 5597 2462 5649 τοῦτον
2487 5592 2578 5646 τὸν
2608 5591 2794 5667 ἀγῶνα
2824 5590 3114 5662 ἐνήθλησε.
3147 5591 3377 5665 Δυνάμει
3409 5591 3466 5648 δὲ
3521 5592 3640 5665 θείᾳ
3685 5591 3748 5646 τὸ
3794 5585 3915 5643 ὅλον

511 5679 1038 5738 imminuebantur.
1083 5685 1297 5740 Aderat
1346 5685 1584 5741 inedia:
1618 5703 1732 5756 quo
1781 5686 1936 5742 enim
1989 5689 2147 5743 modc

2270 5687 2663 5758 παρεκρατεῖτο
2695 5687 2875 5756 σῶμα.
2929 5685 3004 5736 Τὰ
3059 5683 3164 5757 γὰρ
3222 5680 3586 5738 συντελοῦντα
3634 5681 3774 5758 πρὸς
3827 5676 3917 5743 τὴν

515 5767 806 5836 potuisset
835 5768 996 5825 cibos
1027 5788 1279 5841 sumere,
1305 5773 1602 5832 obtinente
1633 5779 1796 5832 tanta
1827 5777 1957 5832 tabe
1987 5781 2147 5848 atqui

2274 5770 2540 5845 διαμονὴν
2591 5770 2760 5827 αὐτοῦ
2806 5769 3131 5847 ἐμεμείωτο.
3184 5771 3442 5854 Ἀτροφία
3475 5772 3571 5848 μὶν
3605 5769 3696 5828 οὖν
3727 5770 3913 5845 παρῆν’
