4162 6382
299 439 456 501 1557

1423 437 1612 500 νΙΤΑ
1655 436 1988 500 ΞΑΝΕΤΑΞ
2028 437 2589 500 SYNCLETYCIE.

3555 434 3712 499 1558

291 573 408 630 πῶς
467 569 571 643 γὰρ
619 565 855 637 ἠδύνατο
915 566 1098 621 σιτίων
1162 561 1486 638 μεταλαϐεῖν
1517 565 1786 636 τοσαύτης
1841 568 1983 638 σήη

2063 567 2300 624 foetore?
2347 572 2688 625 Recesserat
2735 569 2806 624 ab
2855 585 2923 624 ea
2971 584 3215 624 somnus
3269 566 3468 623 dolore
3515 566 3710 640 depel-

293 662 438 733 ψεως
495 656 585 711 καὶ
655 652 920 717 δυσωδίας
969 654 1313 731 κρατούσης;
1391 656 1834 730 Ἀποκεχώριστο
1893 652 1951 710 δὲ
2060 657 2232 714 lente.

296 747 386 802 ἀπ’
437 747 606 816 αὐτῆς
652 745 745 800 καῖ
793 746 820 800 ὁ
852 743 1015 806 ὕπνος
1069 743 1173 799 ὐπὸ
1204 747 1310 798 τῶν
1343 741 1658 820 ἀλγηδόνων
1688 739 1951 798 ἐκκοπτὸο

343 857 463 897 ενος

343 859 463 897 ενος

303 859 490 982 μ⁸113.
543 927 669 978 Ὅτε
719 921 775 978 δὶ
834 922 1002 992 αὐτῆς
1048 922 1112 977 τὸ
1162 918 1326 997 πέρας
1373 925 1470 990 τῆς
1520 922 1674 992 νίκης
1706 923 1794 976 καὶ
1850 926 1948 977 τοῦ

296 1015 556 1092 στεφάνου
605 1012 764 1089 ἐγγὺς
825 1011 1054 1086 ἐγένετο,
1106 1011 1196 1065 καὶ
1241 1011 1498 1074 ὀπτασίας
1532 1011 1800 1086 ἰθεωρησε
1857 1012 1946 1066 καὶ

294 1103 538 1179 ἀγγέλων
599 1101 930 1168 ἐπιστασίας,
978 1101 1066 1155 καὶ
1114 1100 1389 1173 παρθένων
1433 1100 1598 1176 ἁγίων
1631 1100 1944 1172 προτροπὰς

289 1192 425 1269 πρὸς
457 1193 557 1261 τὴν
587 1189 801 1260 ἄνοδον,
833 1190 922 1245 καὶ
970 1189 1274 1262 ἑλλάμψεις
1319 1189 1696 1260 ἀνεκλαλήτου
1741 1190 1946 1263 φωτὸς,

285 1282 374 1338 καὶ
434 1279 763 1357 παραδείσοο
813 1285 1020 1356 χῶρον
1071 1281 1159 1334 καὶ
1215 1280 1348 1352 μετὰ
1393 1281 1491 1348 τὴν
1545 1279 1664 1343 θέαν
1711 1278 1941 1353 τούτων,

287 1371 468 1448 ὥσπερ
503 1371 576 1432 εἷς
608 1371 801 1439 ἐαυτήν
836 1369 1120 1444 γενομένη,
1153 1369 1477 1444 κατήγγειλε
1503 1375 1621 1430 ταῖς
1644 1369 1942 1444 παρούσαις

283 1461 536 1538 γενναίως
566 1481 623 1514 τε
656 1459 857 1537 φιὶρειν,
890 1459 980 1513 καὶ
1017 1459 1091 1530 μὴ
1130 1457 1417 1534 ὀλιγωρεῖν
1450 1458 1586 1532 πρὸς
1637 1459 1697 1512 τὸ
1746 1457 1939 1533 παρόν.

287 1549 422 1604 Εἶπε
463 1546 520 1603 δὲ
551 1549 758 1615 αὐταῖς,
791 1548 881 1602 καὶ
912 1548 987 1609 ὡς
1023 1548 1104 1601 δτι
1139 1549 1283 1601 Μετὰ
1311 1552 1457 1620 τρεῖς
1487 1548 1698 1622 ἡμέρας
1731 1567 1941 1623 χωρισ-

294 1640 534 1711 θήσομαι
564 1642 661 1692 τοῦ
694 1638 970 1710 σώματος.
1000 1636 1077 1693 Οὐ
1117 1637 1276 1708 μόνον
1311 1634 1367 1690 δὲ
1413 1642 1596 1703 τοῦτο,
1651 1636 1797 1691 ἀλλὰ
1850 1637 1940 1690 καὶ

287 1729 388 1796 τὴν
420 1727 563 1802 ὥραν
595 1733 696 1796 τῆς
727 1727 955 1798 ἀφίξεως
985 1731 1093 1781 τῶν
1130 1726 1352 1780 ἐνταῦθα
1382 1723 1646 1795 ἐδήλωσε.
1680 1726 1778 1782 Καὶ
1813 1748 1939 1780 συν-

283 1815 632 1881 τελεσθέντος
662 1820 760 1871 τοῦ
791 1816 1016 1892 χρόνου,
1050 1813 1292 1884 ἀπῆλθεν
1322 1817 1356 1884 ἡ
1394 1815 1630 1887 μακαρία
1683 1815 1940 1891 Συγκλη-

2129 928 2249 981 113.
2286 926 2392 982 Ubl
2442 927 2704 998 proxime
2737 927 2844 981 fuit
2893 931 3048 981 meta
3092 925 3343 983 victorias
3393 930 3566 998 atque
3614 942 3706 982 co-

2057 1032 2231 1081 rona,
2291 1016 2546 1071 visiones
2619 1015 3018 1088 contemplata
3075 1021 3182 1082 est,
3247 1016 3706 1088 angelorumque

2056 1104 2292 1172 auxilia,
2345 1104 2639 1177 virginum
2690 1106 2829 1160 item
2883 1109 3222 1160 sanctarum
3273 1105 3705 1161 cohortationes

2054 1195 2125 1248 ad
2161 1210 2492 1260 ascensum,
2528 1210 2752 1249 necnon
2807 1193 3231 1249 illustrationes
3269 1193 3584 1249 ineﬂ‘abilis
3616 1193 3705 1249 lu-

2055 1283 2253 1352 minis,
2282 1289 2456 1355 atque
2488 1284 2739 1355 paradisi
2767 1283 3086 1355 regionem.
3115 1282 3213 1336 llis
3243 1287 3439 1338 autem
3461 1299 3706 1355 conspe-

2054 1372 2183 1439 ctis,
2212 1373 2376 1443 quasi
2411 1389 2533 1428 rem
2557 1389 2754 1428 secum
2782 1372 3171 1444 perpendens,
3195 1371 3268 1425 iis
3300 1388 3432 1442 quae
3461 1372 3706 1428 aderant

2054 1461 2427 1528 renuntiavit,
2464 1467 2528 1516 ut
2555 1461 2780 1516 fortiter
2809 1461 3167 1516 sustinerent
3191 1477 3381 1532 neque
3403 1461 3528 1530 jam
3558 1461 3703 1517 deli-

2053 1555 2267 1605 cerent.
2322 1551 2674 1622 Addiditque
2722 1551 2843 1605 hac
2888 1551 3064 1604 verba
3106 1567 3118 1606 :
3162 1551 3301 1606 Post
3346 1550 3610 1606 triduum
3670 1567 3705 1608 ο.

2051 1655 2291 1710 corpore
2338 1641 2673 1712 separabor.
2723 1640 2921 1710 Neque
2972 1638 3079 1694 hoc
3128 1641 3342 1706 solum,
3377 1641 3477 1694 sed
3523 1639 3699 1695 etiam

2052 1727 2254 1782 horam
2287 1730 2477 1784 exitus
2526 1729 2911 1784 denuntiavit.
2964 1728 3085 1792 Quo
3119 1729 3407 1800 completo
3438 1733 3700 1801 tempore

2051 1818 2120 1871 ad
2158 1820 2468 1872 Dominum
2523 1818 2794 1889 migravit
2840 1818 3011 1873 beata
3043 1817 3386 1889 Syncletica,
3421 1822 3594 1887 atque
3625 1819 3696 1874 ab

283 1907 414 1974 τική
441 1906 576 1980 πρὸς
606 1905 696 1960 τὸν
733 1905 946 1980 Κύριον,
981 1902 1214 1958 ἔπαθλον
1243 1909 1348 1958 τῶν
1381 1904 1610 1978 ἀγώνων
1631 1905 1755 1978 παρ’
1776 1904 1939 1958 αὐτοῦ
1969 1945 1983 2008 1

289 1992 315 2009 δ
353 1995 372 2009 ιι
467 1995 476 2009 1
648 1996 660 2009 \
799 1998 826 2008 ο
964 1993 976 2009 ἱ
1096 1997 1121 2007 ~
1220 1994 1246 2009 n
1348 1991 1365 2009 Ν
1420 1993 1430 2009 Ι
1585 1992 1598 2009 ἱ
1667 1991 1690 2009 δ
1714 1989 1752 2009 Ib
1920 1993 1931 2009 ἱ

2063 1923 2148 1962 eos
2180 1908 2237 1963 in
2271 1909 2578 1980 praemium
2610 1908 2996 1964 certaminum
3023 1923 3266 1979 regnum
3298 1907 3574 1963 caelorum
3607 1926 3698 1964 ac-

284 1992 552 2067 δεξαμὲνη
601 1996 700 2063 τὴν
759 1998 866 2048 τῶν
923 1993 1162 2069 οὐρανῶν
1219 1991 1516 2067 βασιλείανο
1557 1992 1630 2054 εἷς
1663 1989 1816 2063 δόξαν
1847 1993 1935 2047 καὶ
1969 1989 1983 2008 ¹

2063 1997 2239 2068 >epit;
2289 1997 2348 2053 in
2380 1999 2626 2068 gloriam
2659 2002 2716 2052 et
2763 1996 2996 2051 laudem
3049 1996 3275 2052 Domini
3324 1998 3508 2052 nostri
3554 1998 3694 2054 Jesu

281 2081 501 2138 ἔπαινον
533 2088 631 2138 τοῦ
664 2082 860 2159 Κυρίου
892 2085 1050 2156 ἡμῶν
1081 2085 1260 2152 Ἰησοῦ
1291 2085 1548 2158 Χριστοῦ,
1601 2084 1717 2156 μεθ’
1750 2083 1811 2137 οὗ
1859 2087 1938 2156 τῷ

279 2173 453 2246 Πατρὶ
485 2174 597 2247 ἅμα
620 2177 698 2245 τῷ
728 2171 978 2248 παναγίῳ
1011 2171 1282 2245 ιῐνεύματι
1325 2172 1398 2235 εἷς
1425 2172 1549 2235 τοὺς
1578 2172 1778 2235 αἰῶνας
1822 2180 1929 2230 τῶν

275 2262 513 2319 αἰώνων.
549 2264 746 2335 Ἀμήν.

355 2355 432 2427 (2)
465 2352 625 2426 Κόριε
656 2352 683 2406 ὁ
716 2352 845 2413 Θεὸς
876 2355 982 2405 τῶν
1012 2348 1313 2424 δυνάμεων,
1345 2355 1465 2414 ταῖς
1496 2347 1804 2428 πρεσϐείαις
1831 2360 1933 2423 τῆς

280 2443 644 2514 πανυμνήτου
695 2441 961 2496 Θεοτόκου
1007 2447 1106 2510 τῆς
1140 2439 1279 2514 ἐμῆς
1315 2435 1533 2516 βεϐαίας
1567 2439 1812 2509 ἰλπίδος,
1845 2443 1932 2496 καὶ

281 2534 362 2588 ὧν
397 2533 645 2606 Πατάρων
679 2531 834 2604 πόθῳ
865 2530 954 2585 καὶ
984 2530 1140 2603 κόπῳ
1167 2529 1292 2592 τοὺς
1335 2530 1486 2606 βίους
1545 2530 1933 2605 συνελεξάμην,

281 2620 515 2691 ἀξίωσόν
551 2641 617 2693 με
636 2621 726 2675 τὸν
760 2619 1085 2696 ἁμαρτωλὸν
1139 2618 1308 2695 εὖρεῖν
1356 2621 1518 2695 χάριν
1565 2619 1792 2675 ἐνώπιόν
1839 2642 1935 2676 σου

284 2712 372 2772 οἷς
406 2708 556 2771 οἶδας
587 2709 862 2785 κρίμασιν.

355 2802 504 2862 "Em;
552 2797 659 2854 ὧδε
710 2800 1101 2875 πεπλήρωνται
1153 2797 1204 2852 οἱ
1256 2796 1313 2852 ἐκ
1351 2804 1449 2867 τῆς
1484 2796 1637 2872 ἁγίας
1668 2800 1814 2874 παρᾶ
1841 2804 1937 2854 τοῦ

288 2888 560 2964 μακαρίου
593 2887 872 2964 ’Δρσενίου
901 2892 997 2943 τοῦ
1042 2884 1306 2962 Πηγάδων
1338 2885 1722 2958 ἰξεληλυθότες
1754 2886 1936 2964 λόγοι,

279 2979 460 3041 καθὼς
483 2979 600 3033 καθ’
631 2977 816 3050 εἱρμὸν
848 2983 1051 3032 κεῖνται
1080 2976 1332 3038 ἅπαντες.

2048 2085 2283 2155 Christi,
2335 2103 2466 2142 cum
2529 2091 2698 2143 Patre
2739 2092 2798 2142 et
2842 2085 3063 2158 Spiritu
3115 2089 3318 2142 sancto
3373 2085 3433 2142 in
3481 2086 3696 2143 saecula

2045 2174 2412 2230 saeculorum.
2446 2178 2663 2231 Amen.‘

2116 2355 2359 2412 Domine
2416 2360 2564 2410 Deus
2604 2355 2910 2419 virtutum,
2962 2353 3483 2410 intercessionibus
3536 2357 3696 2412 omni

2048 2444 2219 2499 laude
2249 2442 2606 2499 celebrandae
2629 2443 2908 2514 Deiparzs,
2927 2460 3053 2515 quas
3074 2447 3165 2498 est
3193 2443 3358 2498 ﬁrma
3388 2459 3522 2516 spes
3544 2461 3694 2516 mea,

2046 2539 2102 2590 et
2134 2534 2371 2589 Patrum
2421 2550 2672 2604 quorum
2705 2533 2853 2588 vitas
2900 2532 3096 2589 studio
3128 2535 3304 2604 atque
3351 2531 3548 2590 labore
3579 2533 3698 2590 col-

2047 2623 2182 2696 legi,
2216 2623 2467 2678 concede
2498 2622 2641 2677 mihi
2677 2621 2988 2694 peccatorl,
3023 2626 3088 2676 ut
3117 2622 3334 2694 quibus
3365 2623 3516 2678 nosti
3541 2623 3700 2695 judi-

2049 2711 2173 2783 ciis,
2208 2711 2503 2767 inveniam
2535 2713 2785 2784 gratiam
2816 2711 2877 2766 in
2906 2716 3221 2783 conspectu
3253 2715 3376 2767 tuo.

2121 2802 2412 2857 Hactenus
2467 2801 2869 2868 absolvuntur,
2920 2800 3016 2872 qui
3068 2816 3137 2856 ex
3184 2805 3386 2856 sancta
3427 2800 3549 2869 illa,
3599 2819 3703 2874 per

2051 2891 2287 2945 beatum
2320 2889 2633 2946 Arsenium
2665 2889 3061 2960 Pegadensem
3103 2889 3445 2961 prodierunt
3475 2906 3701 2947 sermo-

2051 2995 2175 3046 nes,
2211 2995 2326 3051 quo
2358 2978 2561 3034 ordine
2592 2995 2798 3034 omnes
2828 2977 3142 3034 habentur.

350 3106 638 3177 (2)_Haac,
691 3104 763 3160 ad
831 3105 1009 3160 ﬁnem
1067 3120 1274 3176 usque,
1334 3107 1568 3161 exstant
1621 3103 1680 3159 in
1733 3103 1976 3162 Schedis
2034 3104 2504 3171 Combeﬁsianis,
2562 3119 2668 3161 nec
2723 3103 3002 3176 leguntur
3053 3103 3113 3160 in
3169 3103 3534 3161 Monumentis
3588 3103 3702 3162 Go-

284 3175 497 3234 telerii.

1018 3459 1091 3515 IN
1133 3459 1530 3524 SEQUENTIA
1571 3458 1715 3516 DUO
1755 3459 2121 3518 OPUSCULA
2158 3459 2503 3516 ASCETICA
2538 3458 2960 3514 ADMONITIO.

357 3581 396 3635 Α
429 3579 621 3634 multis
641 3579 770 3648 jam
797 3577 1014 3633 saeculis
1043 3578 1422 3649 subsequentes
1451 3577 1574 3633 duae
1605 3580 1854 3635 asceticae
1900 3577 2305 3634 exhortationes
2337 3577 2407 3632 ad
2438 3577 2734 3633 monachos
2780 3580 2830 3632 et
2859 3576 2928 3631 ad
2956 3593 3186 3648 sponsas
3219 3578 3433 3632 Christi
3461 3576 3704 3633 Athana-

283 3669 438 3724 nasii
460 3668 689 3723 nomine
713 3668 991 3739 prodiere.
1024 3672 1088 3722 In
1120 3667 1450 3723 collectione
1487 3685 1726 3738 namque
1759 3669 2110 3738 Reqularum,
2145 3682 2270 3738 qum
2315 3678 2496 3722 octavo
2526 3665 2731 3724 saeculo
2761 3684 2794 3721 a
2841 3665 3130 3721 Benedicto
3160 3667 3466 3721 Anionensi
3491 3668 3708 3722 concin-

285 3767 431 3814 nata
457 3760 556 3825 est,
588 3765 822 3828 utraque
849 3765 1120 3829 comparet
1149 3758 1451 3814 Athanasii
1479 3760 1698 3814 nomine
1728 3760 2034 3828 inscripta;
2063 3774 2188 3813 cum
2205 3760 2402 3812 neutra
2433 3762 2623 3812 tamen
2653 3756 2940 3811 Athanasii
2966 3755 3112 3811 nihil
3139 3757 3256 3811 nisi
3282 3771 3480 3811 nomen
3504 3755 3708 3810 admit-

289 3855 392 3903 tat.
421 3846 560 3901 Nam
590 3847 715 3913 ipsa
748 3847 863 3902 luce
889 3847 1100 3902 clarius
1129 3855 1226 3916 est,
1258 3864 1292 3901 a
1321 3848 1522 3902 Latino
1565 3848 1852 3917 scriptore,
1878 3851 1931 3902 et
1977 3846 2197 3918 quidem
2236 3846 2484 3915 eleganti
2539 3847 2855 3916 Latineque,
2885 3853 2947 3899 ut
2989 3845 3089 3899 illa
3135 3852 3316 3909 aptate,
3355 3844 3706 3916 peritissimo,

287 3935 588 3992 adornatas
616 3936 806 4006 fuisse.
861 3934 1108 3990 Secunda
1152 3950 1338 4006 porro,
1371 3937 1433 3989 in
1485 3936 1625 3990 Actis
1671 3936 1898 3991 concilii
1943 3936 2401 4006 Aquisgranensis
2445 3938 2623 3989 exstat
2669 3935 2912 4002 integra,
2961 3933 3364 4004 Athanasioque
3392 3933 3708 3988 ascribitur.

294 4023 447 4082 Unde
475 4025 710 4094 fortasse
737 4024 1014 4095 suspicari
1039 4023 1223 4092 liceat,
1255 4024 1424 4092 fuisse
1455 4022 1641 4089 illam,
1667 4025 1994 4094 pariterque
2031 4024 2296 4093 priorem,
2329 4039 2449 4093 quae
2479 4021 2668 4077 eodem
2712 4025 2890 4093 ferme
2917 4021 3049 4093 styli
3075 4037 3272 4091 genere
3301 4022 3606 4092 conscripta
3635 4027 3712 4075 est

289 4114 364 4170 ab
396 4117 622 4170 auctore
650 4129 751 4169 suo
779 4113 1272 4170 commendationis
1299 4128 1465 4167 causa
1511 4112 1798 4168 Athanasii
1841 4111 2069 4168 nomine
2095 4113 2441 4182 insignitum.
2497 4113 2798 4182 Utrumque
2841 4119 3028 4166 autem
3057 4111 3387 4182 opusculum
3418 4111 3474 4165 in
3501 4109 3712 4181 Appen-

288 4203 414 4259 dice
443 4201 513 4258 ad
534 4201 771 4258 codicem
800 4204 1161 4273 Regularum,
1192 4206 1424 4257 curante
1455 4205 1598 4256 Luca
1631 4201 1905 4257 Holstcnio
1934 4201 2144 4257 editum
2171 4202 2280 4270 fuit
2309 4201 2546 4256 Parisiis
2576 4217 2724 4256 anno
2758 4200 2911 4254 1663.

485 4459 1085 4583 SANGTI
1175 4457 1792 4581 PATRIS
1872 4455 2494 4581 NOSTRI
2583 4452 3527 4578 ATHANASII

1155 4693 1925 4783 EXHORTATIO
1986 4693 2127 4780 AD
2187 4690 2853 4781 MONACHOS.

894 4872 1059 4946 (Vide
1083 4874 1415 4946 Patrotogiaa
1447 4873 1656 4930 Latine
1683 4876 1827 4930 tom.
1861 4872 1998 4940 CIII,
2033 4871 2140 4928 col.
2166 4872 2292 4941 665,
2324 4871 2383 4926 in
2415 4869 2726 4928 Benedicto
2757 4867 3120 4942 Anianensi.)

1691 5015 3713 5049 -———_————————-‘———-—-—__—-——__

510 5143 1092 5241 EJUSDEM
1160 5139 2000 5239 EXHORTATIO
2068 5141 2242 5234 AD
2313 5136 2906 5234 SPONSAM
2974 5133 3507 5232 CHRISTI.

1697 5334 1842 5391 Vide
1872 5333 2041 5401 ibid.,
2071 5331 2184 5389 col.
2213 5332 2342 5400 671,
