2081 3202
108 171 187 202 1559
676 171 708 201 S.
732 170 949 201 ATHANASII

1016 187 1054 191 —
1071 170 1228 201 SPURIA.
1741 168 1825 200 1560
1845 203 1850 205 Α

613 303 649 331 ΙΝ
669 303 871 331 EPISTOLAM
891 302 1106 334 SEQUENTEM
1126 301 1310 331 MONITUM.

142 376 330 404 642-649.
358 376 508 411 Epistulam
532 375 679 403 Athanasii
693 375 804 402 nomine
828 374 863 401 ad
888 374 1042 410 episcopum
1066 375 1215 401 Persarum
1239 375 1429 409 conscriptam,
1455 374 1538 402 Roma
1562 373 1641 402 nobis
1667 374 1825 402 transmisit

106 422 149 449 vir
163 422 198 449 ct.
216 421 347 449 Claudius
372 421 573 456 Slephanotius,
589 425 749 455 procurator
771 428 832 454 gen.
859 423 956 446 nostra!
980 420 1210 453 congregationis,
1232 427 1286 445 non
1311 419 1359 446 hoc
1382 426 1436 446 uno
1450 418 1528 446 nobis
1549 418 1661 445 nomine
1677 418 1824 447 observan-

107 466 156 493 dus
173 474 182 492 :
197 466 287 493 multa
302 467 401 501 quippe
415 465 492 492 nobis
505 465 714 500 perhumaniter
729 465 821 499 ofﬁcia
840 464 965 491 contulit.
982 464 1062 491 Nemo
1078 467 1166 490 autem
1182 471 1238 490 non
1264 463 1335 490 videt
1351 460 1437 498 fuisse
1450 463 1541 498 primo
1559 462 1647 490 Graece
1660 466 1823 496 exaratam,

107 511 207 539 exinde
221 519 282 538 vero
307 511 405 538 Latine
426 511 460 537 ab
480 510 574 537 minus
594 510 684 545 perito
705 510 839 544 scriptore
864 509 1037 536 translatam.
1065 509 1095 535 Et
1119 508 1228 543 quidem
1252 516 1288 535 ea:
1302 508 1427 535 vertendi
1450 508 1557 535 ratione
1576 507 1685 535 videtur
1707 507 1826 543 antiqua

109 564 165 584 esse
179 557 267 583 versio
281 564 290 582 :
306 555 359 583 olet
375 556 447 582 enim
460 563 635 590 peregrinum
651 554 725 581 illud
739 556 766 581 et
781 554 925 587 inelegans
943 553 1102 580 Latinitatis
1123 561 1217 588 genus,
1242 552 1312 588 quod
1327 561 1365 587 VI,
1381 561 1420 580 v11
1435 554 1461 580 et
1475 552 1699 588 subsequentibus
1714 552 1826 581 seculis

109 602 139 629 in
154 609 207 628 usu
222 603 291 628 erat.
307 599 421 629 Νοθιίας
436 608 516 632 Porro
531 601 697 635 argumenta
711 607 762 626 nec
775 599 879 626 occulta
896 599 1012 633 prmfert
1024 608 1033 624 :
1050 598 1206 631 cuiusmodi
1229 599 1267 625 est
1291 597 1361 624 illud
1376 597 1446 632 quod
1470 598 1513 625 ait
1531 606 1541 625 .'
1555 598 1724 625 Secundum
1745 597 1825 633 quod

109 645 253 680 scriptum
269 647 312 671 est
330 653 336 671 :
355 656 367 668 κ
387 644 447 671 Una
461 644 557 671 Deitas
574 644 601 671 in
619 643 713 670 tribus
729 643 847 670 stantiis
864 642 1078 678 cognoscenda,
1096 654 1110 666 »
1126 644 1205 677 quasi
1219 650 1282 670 vero
1296 644 1327 669 in
1342 642 1415 669 libro
1427 642 1559 678 quodam,
1570 642 1648 678 cujus
1662 642 1827 670 auctoritati

110 690 279 718 Athanasius
295 689 502 724 astipularetur,
520 688 660 724 ejusmodi
674 688 809 715 sententia
825 691 935 722 reperta
947 688 992 714 sit.
1012 687 1062 715 Ubi
1075 687 1199 714 advertas
1216 687 1306 719 velim,
1323 687 1403 718 illud,
1418 687 1446 714 in
1462 687 1557 714 tribus
1573 686 1701 720 stantiis,
1712 694 1825 722 expres-

109 743 172 762 sum
185 734 277 761 videri
291 741 325 761 es:
339 733 388 760 hoc
402 733 482 765 dicto,
500 732 524 759 ὲν
540 732 627 769 τρισὶν
645 732 831 766 ὑποστάσεσιν,
848 740 908 767 qua!
923 740 949 759 se

1005 732 1057 759 itia
1072 732 1135 759 licet
1150 731 1222 767 apud
1237 732 1415 758 Athanasium
1430 739 1630 767 nonnunquam
1644 739 1697 759 usu
1719 732 1826 769 veniat,

109 787 164 807 non
179 780 218 806 ita
233 781 323 806 autem
338 778 494 809 adhibetur,
511 767 593 813 quasi
608 779 635 804 in
656 778 778 812 confesso
801 776 874 811 apud
890 784 982 804 omnes
997 778 1052 806 sit;
1076 784 1139 803 cum
1154 777 1275 811 opposita
1291 776 1356 803 huic
1379 776 1538 811 propositio,
1554 776 1626 811 quod
1649 776 1757 804 scilicet
1768 767 1827 804 u'na

110 824 146 851 sit
161 822 305 852 ὑπόστασις
326 823 355 850 in
380 823 525 855 Trinitate,
541 824 571 849 ut
594 822 730 849 catholica
744 826 770 849 et
792 823 850 848 tum
874 822 1003 856 temporis
1024 820 1191 848 admittenda
1217 821 1376 849 declaretur
1399 822 1432 848 ab
1447 821 1597 848 Athanasio
1621 822 1652 848 in
1665 825 1736 849 temo
1758 819 1826 848 Ale-

110 867 261 895 xandrinae
276 867 391 902 synodi,
414 874 479 902 pag.
503 866 567 901 773,
583 866 649 893 dum
677 868 769 893 tamen
793 873 875 900 penes
895 873 955 892 eam
978 873 1076 892 vocum
1102 866 1262 892 varietatem
1286 865 1380 893 eadem
1402 865 1467 900 ﬁdes
1483 867 1649 901 reperiatur.
1675 864 1753 893 Haud
1768 864 1828 893 leve

112 913 178 940 item
193 911 263 939 illud
277 916 315 938 est
329 909 434 940 νοθείας
451 911 594 945 indicium,
610 910 679 946 quod
702 911 848 937 ementitus
865 910 917 937 iste
931 910 1096 937 Athanasius
1111 910 1254 944 epistolam
1277 910 1402 945 Dionysii
1426 910 1461 937 ad
1475 910 1595 937 Paulum
1615 909 1829 937 Samosatemsm

113 956 203 984 mittat
230 955 265 983 ad
291 957 403 988 Persas,
427 963 486 990 quae
509 956 648 983 communi
674 955 847 982 eruditorum
875 954 981 982 calculo
1004 955 1077 981 inter
1102 955 1278 990 supposititia
1302 956 1482 990 computatur.
1509 954 1632 982 Habetur
1653 956 1745 982 autem
1771 952 1828 982 illa

113 1005 178 1028 tom.
195 1002 209 1028 1
224 999 408 1027 Bibliotheca:
427 998 479 1026 PP.
494 1000 595 1032 Gram,
610 1007 674 1034 pag.
689 999 753 1032 273,
768 999 814 1026 sed
829 999 859 1025 in
874 999 1016 1026 nonnullis
1031 999 1150 1026 multum
1165 999 1302 1033 discrepat
1315 999 1348 1026 ab
1365 999 1418 1026 ista
1433 1007 1516 1034 quam
1530 999 1638 1026 edimus
1651 999 1785 1032 versione,
1796 999 1829 1026 in

115 1052 168 1080 qua
182 1043 279 1071 desunt
298 1043 364 1071 bene
378 1043 480 1075 multa,
496 1044 551 1070 sive
566 1045 726 1079 interpretis
741 1044 865 1077 incuria,
880 1044 937 1070 sive
951 1052 986 1071 ea:
1000 1043 1124 1070 codicum
1138 1043 1307 1071 diversitate.
1325 1043 1456 1071 (laterum
1470 1043 1545 1071 nihil
1563 1047 1603 1071 est
1616 1043 1687 1079 quod
1701 1042 1829 1078 ambiga-

114 1097 175 1117 mus
189 1089 223 1116 ab
238 1088 331 1116 eodem
346 1089 540 1116 concinnatum
554 1089 642 1124 fuisse
656 1089 799 1124 utriusque
813 1089 936 1124 epistolae
946 1089 1215 1124 interpretationem,
1227 1088 1297 1123 quod
1311 1088 1402 1124 ipsum
1413 1089 1545 1116 versionis
1558 1096 1646 1123 genus
1660 1085 1830 1118 ἀδιστάκτως

112 1141 162 1169 par
174 1141 203 1162 se
216 1133 363 1169 signiﬁcat.

215 1271 425 1303 Dilectissimo
442 1281 532 1312 papas
548 1275 579 1303 et
594 1272 621 1303 ei
637 1272 693 1312 qui
707 1281 779 1302 cum
795 1272 863 1312 ipso
880 1275 927 1302 est
945 1272 1041 1307 clero,
1059 1275 1089 1302 et
1104 1272 1158 1311 qui
1174 1272 1206 1302 in
1222 1273 1387 1303 Persarum
1404 1271 1567 1311 provincia
1590 1271 1724 1309 habitat,

417 1316 448 1343 et
463 1313 517 1352 qui
531 1313 563 1343 in
580 1313 641 1343 fide
658 1313 713 1343 Dei
727 1313 844 1343 ﬁrmati
859 1316 944 1349 sunt,
958 1313 1160 1349 Athanasius,
1176 1313 1208 1343 in
1225 1313 1358 1343 Domino
1375 1313 1523 1352 gaudere.

152 1466 230 1495 650
246 1466 353 1494 Sancta
368 1467 396 1493 et
408 1465 548 1493 divinitus
564 1464 708 1501 inspirata
727 1465 877 1501 Scriptura
894 1474 945 1493 an-
960 1467 987 1500 Α
1001 1467 1123 1501 fuerant,
1140 1466 1233 1493 datam
1249 1466 1335 1500 legem
1354 1465 1419 1501 ﬁliis
1435 1466 1520 1493 Israel
1544 1473 1600 1494 non
1614 1466 1731 1502 per/eote
1744 1467 1834 1494 custo-

120 1511 270 1547 tiquorum
295 1510 379 1538 nobis
404 1512 486 1538 actus
510 1512 639 1545 enarrat,
662 1510 812 1538 deducens
838 1519 891 1538 nos
911 1519 945 1538 ex
1001 1511 1124 1543 dierum,
1140 1511 1191 1538 sed
1207 1512 1325 1538 erantet
1341 1511 1397 1545 legi
1411 1511 1560 1538 servientes
1574 1518 1610 1538 ea:
1623 1512 1711 1546 parte,
1726 1511 1752 1539 et
1765 1518 1832 1539 con-

119 1555 185 1591 ipsa
199 1555 234 1583 ad
252 1563 284 1583 ea
300 1563 362 1589 qua:
378 1554 462 1583 utilia
477 1557 545 1582 sunt
562 1555 722 1589 actionum,
741 1554 946 1583 abominantes

119 1608 236 1628 omnem
248 1600 373 1635 speciem
386 1599 505 1627 malitias
514 1599 721 1635 etimpietatis.
734 1599 765 1627 In
778 1600 945 1636 Regnorum

119 1645 210 1681 igitur
227 1644 309 1672 libris
333 1643 436 1672 scribit
450 1644 611 1680 deliquisse
636 1644 735 1677 Israel,
755 1646 784 1671 et
808 1644 946 1672 adorasse

117 1691 280 1717 creaturam
305 1688 400 1724 magis
424 1697 512 1724 quam
538 1688 715 1716 Creatorem.
741 1689 827 1717 Scitis
848 1692 946 1717 autem

118 1735 262 1769 quantum
277 1732 387 1760 malum
405 1733 442 1760 sit
457 1733 642 1761 Conditorem
660 1733 868 1769 relinquentes,
881 1742 946 1762 eam

118 1786 181 1814 quae
197 1778 239 1806 illi
256 1778 380 1806 debetur
394 1777 517 1814 gloriam
535 1777 621 1806 idolis
636 1780 735 1813 aptare
749 1780 779 1805 et
793 1779 945 1806 creaturis.

117 1822 177 1850 Hoc
187 1822 246 1849 illis
257 1822 423 1858 agentibus,
436 1822 556 1849 retraxit
571 1824 647 1849 Deus
658 1822 835 1857 adjutorium
846 1831 946 1855 suum,

118 1866 169 1895 ubi
188 1866 245 1903 ipsi
269 1874 301 1894 se
324 1866 446 1894 tradunt
470 1866 499 1893 in
525 1866 664 1894 servitute
689 1866 808 1902 regibus
832 1867 946 1902 vestris,

119 1910 225 1946 captivi
241 1913 339 1939 autem
363 1911 551 1938 adducuntur
575 1910 630 1938 sub
655 1910 858 1939 Salmanassar
882 1919 949 1947 rege

119 1956 306 1992 Assyriorum
324 1963 375 1992 pro
392 1957 469 1983 terra
485 1964 538 1983 sua
554 1955 719 1989 Pulmstina,
737 1956 801 1983 dico
818 1956 949 1985 habitare

120 2003 230 2028 terram
254 2000 437 2036 Assyriorum
453 1999 482 2027 in
499 2000 596 2027 ﬂuviis
613 2000 719 2028 Evaleae
735 2003 763 2028 et
785 2001 948 2030 Enaborzo-

122 2053 176 2073 zan
192 2047 221 2073 et
231 2047 345 2072 montes
356 2044 518 2072 Medorum.
529 2045 691 2072 Introducit
701 2048 799 2073 autem
813 2055 864 2082 pro
876 2046 948 2082 ipsis

121 2090 254 2117 habitare
269 2089 430 2117 Samariam
454 2089 638 2126 Babylonius,
655 2098 688 2117 ex
704 2090 817 2118 Cuthan
833 2094 862 2119 et
879 2093 949 2119 Dea-

117 2134 182 2168 jan,
199 2136 228 2162 et
243 2133 393 2167 Decmath,
410 2135 438 2161 et
461 2134 642 2170 Scppbavcn,
659 2136 685 2161 et
700 2134 905 2163 habitaverunt
920 2136 949 2162 in

122 2160 295 2207 Libitina}
306 2160 444 2206 assa
460 2160 511 2214 prb
519 2160 605 2206 ‘ms.’
614 2160 952 2208 igrai;'igi..1’.};'.;;
966 2160 989 2193 Β

121 2223 151 2251 in
177 2223 261 2251 initio
285 2223 428 2251 sessionis
452 2231 565 2256 eorum,
581 2232 638 2251 non
661 2224 826 2252 timuerunt
848 2225 950 2252 Domi.-

122 2276 205 2302 num,
222 2270 250 2296 et
265 2267 390 2295 immisit
403 2267 545 2295 Dominus
560 2268 658 2296 leones
675 2269 703 2296 in
715 2277 765 2297 eos
775 2271 802 2296 et
813 2271 896 2297 erant
908 2269 950 2297 in-

121 2312 300 2340 terﬁcientes
315 2320 349 2339 ex
363 2312 416 2345 eis,
433 2314 461 2339 et
485 2312 615 2341 dicentes
634 2313 770 2341 dixerunt
785 2313 845 2349 regi
862 2315 951 2349 Assy-

123 2356 233 2384 riorum
251 2364 258 2384 τ
276 2356 371 2384 Gentes
387 2365 454 2392 quas
479 2357 650 2385 transtulisti
670 2361 696 2386 et
709 2358 824 2393 posuisti
838 2359 868 2386 in
883 2359 952 2386 civi-

123 2401 229 2429 tatibus
243 2401 381 2429 Sarnariae
395 2402 525 2437 ignorant
535 2402 675 2439 judicium
691 2403 738 2430 Dei
751 2404 846 2438 terrae,
861 2408 886 2431 et
899 2403 951 2431 im-

124 2446 201 2474 misit
224 2446 254 2473 in
276 2454 321 2473 eos
344 2446 444 2479 leones,
459 2448 485 2474 et
507 2454 566 2475 ecce
588 2450 653 2474 sunt
676 2447 873 2483 mortiﬁcantes
897 2456 952 2484 eos,

123 2494 233 2527 propter
248 2490 319 2527 quod
334 2492 458 2519 nesciunt
475 2490 614 2527 judicium
629 2492 677 2519 Dei
689 2496 779 2520 terrae.
797 2495 830 2521 Et
843 2501 952 2529 prince-

123 2536 167 2571 pit
187 2544 238 2564 rex
259 2537 433 2572 Assyriorum
456 2537 551 2564 dicens
571 2546 580 2564 :
602 2537 744 2566 Ducuntur
758 2539 781 2566 ii
795 2539 843 2574 qui
856 2538 955 2566 exinde

125 2585 190 2609 sunt
205 2583 232 2608 et
255 2581 467 2617 proﬁciscantur
480 2583 505 2609 et
515 2583 645 2610 maneant
660 2583 708 2616 ibi,
718 2583 876 2611 illuminent
893 2584 954 2611 illos

119 2625 229 2661 judicia
247 2626 300 2654 Dei
315 2628 407 2655 terra.
424 2627 456 2654 Et
470 2626 646 2665 adduxerunt
669 2635 756 2655 unum
774 2636 809 2655 ex
825 2628 954 2656 sacerdo-

124 2669 206 2704 tibus,
222 2678 304 2706 quem
327 2672 576 2706 transmigraverat
600 2671 634 2699 de
647 2671 777 2700 Samaria
795 2674 821 2700 et
842 2673 910 2700 sedit
924 2674 954 2700 in

123 2714 226 2749 Bethel,
241 2718 267 2743 et
288 2717 346 2743 erat
370 2716 537 2744 illuminans
558 2723 601 2744 eos
624 2716 747 2744 sacerdos
770 2717 900 2752 quomodo
923 2719 957 2745 ti.

123 2761 230 2787 merent
257 2759 414 2788 Dominum.
446 2762 484 2788 Et
508 2760 597 2789 edocti
622 2760 653 2789 hi
679 2762 728 2798 qui
755 2763 956 2797 transmigrati

1001 1555 1198 1583 suetudinibus
1212 1556 1335 1590 paternis
1361 1556 1465 1582 utentes
1477 1555 1508 1582 ⁵⁸.
1526 1555 1561 1583 Et
1575 1563 1669 1591 usque
1684 1563 1763 1582 nunc
1777 1555 1832 1583 Sa-

1002 1600 1113 1627 maritae
1130 1599 1195 1627 istis
1211 1599 1474 1627 consuetudinibus
1490 1601 1623 1633 utuntur,
1641 1599 1725 1634 ejecti
1741 1608 1758 1627 ι
1773 1601 1832 1627 Deo

1002 1646 1122 1680 propter
1137 1643 1214 1679 quod
1231 1652 1288 1671 non
1299 1644 1452 1678 mundam,
1466 1644 1516 1671 sed
1531 1644 1715 1672 commistam
1732 1644 1833 1673 nescio

1002 1697 1090 1725 quam
1107 1689 1277 1716 servitutem
1302 1691 1520 1724 consummant,
1536 1697 1632 1725 neque
1646 1688 1740 1725 legem
1756 1689 1833 1717 Mosi

1002 1742 1096 1768 neque
1111 1733 1377 1761 consuetudinibus
1394 1733 1495 1769 patriis
1513 1733 1636 1769 perfecte
1658 1734 1832 1762 servientes.

1003 1779 1062 1806 Ista
1076 1779 1279 1813 agnoscentes,
1302 1777 1497 1810 dilectissimi,
1514 1778 1657 1806 mundam
1673 1777 1833 1806 oﬁeramua

1002 1822 1061 1849 Deo
1077 1822 1258 1854 servitutem,
1275 1831 1332 1849 non
1348 1822 1532 1850 commistam
1544 1823 1686 1851 habentes
1700 1823 1835 1858 impieta-

1003 1866 1040 1894 tis
1058 1866 1195 1903 speciem,
1213 1867 1262 1894 sed
1281 1866 1436 1902 impolluta
1450 1869 1478 1894 et
1493 1867 1552 1902 pia,
1569 1876 1627 1903 qua
1645 1868 1720 1896 Deus
1735 1867 1834 1896 delec-

1003 1913 1102 1945 tatur;
1120 1911 1233 1938 nullum
1251 1911 1327 1938 enim
1356 1911 1491 1947 suscipit,
1507 1912 1602 1948 magis
1624 1914 1721 1940 autem
1737 1914 1767 1941 et
1780 1913 1835 1941 ad-

1000 1957 1115 1992 judicat
1131 1956 1246 1984 duobus
1263 1956 1391 1984 dominis
1416 1956 1601 1985 servientem.
1628 1957 1801 1985 Avertimini
1817 1967 1836 1987 a.

1005 2001 1137 2037 patribus
1149 2001 1287 2029 traditam
1299 2000 1381 2029 vobis
1392 2001 1598 2030 idololatriam:
1615 2001 1760 2031 haereticis
1774 2011 1835 2031 non

1005 2046 1183 2082 coaptemini
1201 2055 1207 2073 :
1225 2046 1332 2073 melius
1357 2046 1435 2074 enim
1459 2049 1522 2074 erat
1545 2047 1750 2082 hujuscemodi
1774 2055 1835 2076 non

1005 2099 1179 2127 cognoscere
1202 2090 1366 2125 veritatem,
1384 2099 1473 2126 quam
1498 2095 1707 2126 cognoscentes
1727 2094 1836 2120 retror-

1005 2144 1072 2163 sum
1098 2135 1226 2163 converti
1243 2136 1275 2163 θθ.
1305 2136 1462 2163 Dicendum
1487 2138 1531 2164 est
1546 2137 1625 2164 enim
1650 2137 1710 2165 illis
1726 2145 1733 2165 :
1751 2137 1837 2166 Canis

1007 2189 1128 2209 reversus
1144 2182 1178 2208 ad
1193 2181 1327 2209 vomitum
1351 2189 1442 2215 suum,
1459 2183 1484 2209 et
1506 2190 1554 2209 sus
1570 2181 1628 2209 tota
1643 2182 1672 2210 in
1687 2181 1837 2210 volutabra

1004 2227 1121 2262 gurgitis
1132 2226 1163 2253 ⁵ο.
1180 2226 1239 2254 Nos
1251 2227 1348 2253 autem
1360 2225 1401 2253 ita
1417 2234 1423 2253 ι
1443 2227 1515 2254 Unus
1529 2227 1603 2254 enim
1616 2227 1697 2255 nobis
1707 2227 1789 2260 Deus,
1799 2235 1838 2255 ea:

1005 2279 1059 2306 quo
1075 2271 1178 2303 omnia,
1195 2274 1220 2298 et
1235 2278 1308 2297 unus
1322 2271 1453 2298 Dominus
1466 2272 1544 2299 Jesus
1556 2271 1689 2304 Christus,
1698 2279 1839 2308 perquam

1006 2316 1111 2349 omnia,
1128 2317 1154 2342 et
1168 2323 1239 2342 unus
1260 2314 1381 2350 Spiritus
1403 2319 1514 2343 sanctus
1525 2316 1556 2351 0',
1578 2316 1750 2353 significans
1766 2316 1836 2344 uni~

1005 2367 1090 2387 versa
1104 2358 1234 2387 Trinitas
1261 2360 1397 2396 perfecta,
1423 2360 1697 2395 consubstantialia,
1712 2361 1836 2398 aequalia

1008 2404 1134 2437 virtutis,
1153 2402 1279 2440 ἰσοκλῆς,
1296 2404 1325 2432 id
1342 2407 1386 2432 est
1400 2405 1521 2440 aqualis
1535 2405 1645 2442 gloria.
1669 2408 1755 2435 Pater
1769 2414 1837 2435 cm-

1009 2448 1090 2476 nium
1116 2449 1259 2477 bonorum
1284 2450 1361 2484 fons,
1377 2458 1411 2478 ex
1426 2458 1484 2485 quo
1509 2450 1600 2478 Filius
1623 2454 1712 2480 natus
1732 2453 1788 2487 est,
1801 2459 1837 2479 ex

1009 2502 1066 2530 quo
1082 2496 1109 2520 et
1125 2494 1252 2529 Spiritus
1277 2496 1397 2522 sanctus
1421 2495 1560 2531 procedit,
1576 2496 1740 2524 secundum
1756 2497 1836 2533 quod

1009 2539 1152 2575 scriptum
1168 2540 1212 2566 est
1228 2546 1234 2565 :
1253 2538 1315 2566 Una
1330 2539 1423 2567 deitas
1439 2539 1468 2566 in
1485 2540 1580 2568 tribus
1594 2540 1712 2569 atantiia
1726 2548 1835 2578 cogno-

1009 2583 1126 2611 scenda.
1139 2583 1194 2611 Sed
1210 2582 1239 2610 in
1252 2583 1421 2611 novissimis
1436 2583 1534 2612 smculi
1546 2585 1729 2621 temporibus
1744 2586 1838 2614 misc-

1008 2630 1088 2655 tatus
1099 2628 1177 2663 quod
1186 2627 1386 2663 lapsumcstin
1396 2628 1646 2665 impietategenus
1660 2629 1837 2665 humanum,

1010 2673 1087 2708 quod
1104 2675 1234 2699 creatum
1256 2673 1351 2700 estad
1376 2673 1535 2709 imaginem
1558 2675 1587 2702 et
1610 2674 1838 2704 similitudinem

1011 2717 1070 2751 Dei,
1087 2725 1260 2745 conversum
1277 2717 1307 2744 in
1332 2717 1532 2746 adorationem
1554 2726 1674 2755 operum
1691 2727 1835 2748 manuum

1011 2770 1142 2797 suarum,
1151 2762 1288 2797 deposuit
1298 2762 1428 2798 seipsum
1440 2762 1637 2792 involuntaria
1646 2765 1837 2794 evacuationo

160 2839 183 2858 ⁸⁸
198 2839 236 2867 IV
251 2840 320 2877 Reg.
336 2848 405 2875 xvu,
421 2841 517 2869 26—33.
555 2841 578 2859 "
592 2841 617 2869 Ii
633 2843 707 2870 Petr.
722 2850 754 2877 ιι,
770 2842 814 2869 21.
853 2842 876 2860 ⁸ο
891 2843 949 2871 ibid

1005 2843 1034 2876 3;
1051 2841 1132 2870 Prov.
1146 2850 1221 2876 xxvr,
1240 2842 1283 2870 11.
1321 2843 1341 2861 ⁶¹
1358 2842 1368 2870 l
1384 2844 1446 2871 Car.
1463 2852 1524 2878 vni,
1540 2844 1568 2871 6.

1598 5 1635 20 ρ-

2078 1484 2081 1498 ι

2076 1529 2081 1546 ί

2072 1565 2081 1591 [Ξ

2068 1617 2081 1637 θ

2068 1657 2077 1682 ί

2065 1708 2081 1737 et

1831 3075 1885 3093 κί’·
1914 3080 1925 3092 ι,

1790 3091 1839 3120 gf;
1864 3094 1887 3102 ·⁸
1902 3097 1938 3119 δρν
1960 3108 1964 3110 .

1780 3122 1795 3127 υ
1916 3119 1954 3135 is,

1743 3142 1778 3153 ν-
1959 3141 1970 3148 .
