4162 6372
336 418 484 478 1561

1288 414 1668 477 EPISTULA
1714 414 1816 472 AD
1861 407 2305 470 EPISCOPUM
2358 403 2812 469 PERSARUM.

3589 401 3745 461 1562

336 551 659 607 secundum
694 550 1122 605 humanitatem
1159 549 1520 619 unigenitum
1575 547 1671 601 Dei
1701 544 1986 609 Verbum,
2016 544 2069 608 Α
2102 538 2531 610 inquit,salvum
2546 539 2987 611 factetpopulum
3007 536 3461 607 suumapeccatt's
3490 534 3745 589 eorum”.

336 640 838 696 consubstantiale
871 638 1022 693 Patri
1052 639 1460 693 etincarnatus
1490 654 1558 692 ex
1580 638 1785 690 sancta
1814 637 1869 688 et
1895 632 1988 686 Dei

335 729 616 801 genitrice
640 728 899 797 Virgine,
933 727 1023 779 καὶ
1058 725 1365 801 ῥυομιῖται,
1399 726 1456 779 id
1491 730 1597 788 est,
1622 729 1679 779 et
1707 725 1990 791 temperat

338 824 593 873 nostram
625 818 829 885 vitam,
863 817 1113 869 edocens
1164 815 1456 886 quomodo
1507 818 1769 884 oporteat
1800 811 1988 865 vivere

340 923 444 979 per
495 905 834 975 evangelicae
886 904 1314 977 praedicationis
1348 902 1783 973 magisterium:
1819 904 1873 953 et
1896 915 1990 970 pa-

337 997 483 1050 titur
514 994 747 1067 propria
779 1011 885 1048 sua
915 999 1169 1055 carnc,et
1201 992 1534 1063 exspolians
1569 992 1863 1044 iul'ernum
1900 1004 1987 1041 re-

337 1084 476 1138 vixit
512 1084 839 1150 triduanus,
872 1083 1327 1138 ascenditetiam
1352 1083 1407 1135 in
1441 1080 1613 1136 cmlos
1646 1086 1701 1133 et
1731 1080 1893 1134 sedet
1914 1077 1984 1132 ad

337 1174 633 1229 dexteram
670 1173 992 1242 majestatis
1038 1171 1093 1224 in
1128 1170 1390 1226 excelsis.
1426 1171 1623 1241 Ipsum
1675 1173 1985 1222 venturum

337 1266 744 1332 exspectamus
777 1262 831 1314 in
867 1261 1053 1331 gloria
1085 1260 1269 1314 Patris
1295 1258 1657 1328 judicanlem
1718 1257 1876 1311 vivos
1933 1260 1990 1310 et

341 1357 623 1416 mortuos,
672 1350 1013 1404 reddentem
1069 1348 1385 1419 unicuique
1444 1348 1769 1402 secundum
1817 1362 1992 1416 opera

342 1440 504 1510 ejus;
542 1438 653 1510 piis
686 1439 922 1509 quidem
956 1455 1083 1508 qua:
1113 1454 1217 1491 nec
1250 1436 1451 1491 oculus
1501 1435 1664 1504 vidit,
1699 1451 1801 1489 nec
1834 1434 1991 1488 auris

341 1528 580 1591 audivit,
613 1532 670 1581 et
706 1527 763 1579 in
806 1543 903 1579 cor
965 1526 1223 1580 hominis
1273 1542 1389 1579 non
1437 1524 1699 1579 ascendit
1733 1542 1744 1579 :
1784 1524 1993 1594 impios

338 1623 535 1671 autem
574 1616 808 1669 mittens
834 1616 889 1669 in
924 1615 1116 1685 ignem
1150 1615 1561 1677 aeternum,ubi
1596 1612 1993 1667 interminabi—

341 1704 416 1760 lis
450 1705 663 1759 vermis
690 1710 746 1758 et
778 1705 948 1758 fletus
976 1710 1031 1759 et
1056 1703 1271 1757 stridor
1297 1704 1584 1756 dentium.
1604 1702 1737 1757 Istis
1756 1706 1994 1755 coactus

342 1812 472 1850 sum
506 1794 712 1848 litteris
739 1794 819 1848 uti
852 1794 922 1848 ad
955 1793 1333 1859 vos,audiens
1361 1792 1607 1847 haereses
1630 1790 1859 1861 aliquas
1880 1791 1995 1844 ini-

342 1884 664 1957 quissimas
708 1882 1189 1955 superseminari,
1216 1882 1571 1953 quibusdam
1594 1881 1654 1935 in
1686 1888 1876 1935 vestra
1907 1896 1996 1935 re-
2030 1918 2078 1981 Β

342 1974 514 2045 gione
534 1989 647 2026 non
666 1973 944 2026 euntibus
962 1971 1020 2025 in
1054 1971 1314 2041 vestigiis
1338 1987 1525 2041 neque
1556 1969 1996 2041 Evangeliorum

341 2063 628 2125 doctrina,
665 2078 767 2115 nec
801 2061 857 2115 in
893 2060 1295 2131 apostolorum
1323 2059 1860 2131 praedicationibus,
1895 2074 2000 2111 nec

341 2151 401 2207 in
434 2149 652 2206 sanctis
684 2149 941 2220 synodis.
979 2150 1077 2204 sed
1114 2150 1296 2219 impia
1343 2148 1609 2219 quaedam
1643 2147 1999 2202 eﬂ‘undenti-

342 2240 455 2295 bus
472 2242 528 2293 et
549 2238 870 2293 cauteriata
888 2238 1315 2309 dogmata,quxe
1340 2243 1528 2309 ccepta
1542 2242 1681 2292 sunt
1704 2237 1775 2291 ab
1798 2236 1915 2307 iniq
1927 2253 1999 2292 uo

344 2326 523 2384 Paulo
552 2328 957 2393 Samosateno,
1005 2344 1179 2397 quem
1212 2326 1433 2397 expulit
1481 2326 1827 2381 universalis
1858 2342 2000 2397 syn-

345 2418 839 2484 odus,audentem
855 2416 1047 2472 dicere
1064 2417 1122 2471 in
1143 2417 1378 2471 nomine
1400 2416 1656 2486 quodam
1672 2415 1999 2469 secundum

346 2521 455 2561 nos
486 2504 854 2558 inhabitasse
885 2504 1065 2558 Deum
1111 2503 1391 2569 Verbum,
1424 2504 1578 2557 sicut
1624 2503 1683 2556 in
1718 2519 1833 2556 uno
1866 2518 1997 2573 pro-

349 2594 751 2665 phetarum,et
782 2609 896 2647 non
928 2608 1056 2647 esse
1104 2592 1287 2647 Deum
1322 2594 1689 2646 incarnatum
1725 2596 1996 2646 sanctum

349 2681 693 2737 Emmanuel
719 2682 1039 2736 secundum
1063 2681 1431 2752 evangelista":
1455 2681 1859 2752 magisterium
1882 2681 1997 2734 cla-

352 2772 619 2837 mantis;
677 2771 903 2825 Verbum
951 2786 1079 2825 caro
1134 2774 1347 2841 factum
1403 2775 1501 2839 est,
1534 2776 1585 2825 et
1641 2772 1910 2824 habitavit
1937 2771 1997 2823 in

345 2860 502 2915 nobis
521 2860 566 2894 ⁶²
598 2876 609 2913 :
649 2876 763 2914 non
790 2860 1074 2928 abjiciens
1106 2862 1262 2931 quod
1293 2865 1438 2929 erat,
1487 2859 1779 2931 accipiens
1802 2864 1996 2913 autem

347 2950 502 3020 quod
538 2966 651 3003 non
683 2953 825 3003 erat.
862 2948 1066 3016 Istum,
1102 2955 1165 3003 ut
1195 2948 1333 3018 dixi,
1358 2948 1707 3003 universalis
1737 2949 1998 3020 synodus

354 3039 646 3109 deposuit,
697 3038 945 3109 impium
992 3040 1146 3108 quod
1198 3040 1270 3093 ab
1320 3039 1501 3109 impio
1550 3038 1877 3108 expositum
1912 3043 2002 3093 est

346 3128 561 3199 dogma
590 3143 718 3183 esse
750 3127 1042 3192 sanciens,
1078 3129 1176 3182 sed
1204 3132 1260 3181 et
1297 3128 1610 3200 Dionysius
1641 3128 1999 3183 Alexandriae

347 3216 658 3287 episcopus
690 3217 895 3271 scribit
926 3218 995 3270 ad
1028 3216 1223 3288 ipsum
1267 3218 1570 3272 attrahens
1602 3218 1672 3270 ad
1708 3219 1999 3289 paeniten-

348 3286 512 3369 tiam,
549 3286 937 3360 abstinentem
972 3286 1263 3377 abiimpia
1292 3306 1519 3373 haeresi,
1550 3311 1609 3361 et
1640 3286 1778 3360 sunt
1810 3307 1999 3378 paria-
2030 3286 2073 3353 (ἶ

350 3394 605 3465 epistola:
643 3395 923 3467 Dionysii,
955 3394 1197 3451 contuli.

440 3518 740 3557 DIONYSIUS
781 3518 1091 3557 EPISCOPUS
1131 3519 1523 3569 ALEXANDRIE,
1565 3519 1637 3557 AD
1678 3519 1915 3558 PAULUM

954 3592 1397 3630 SAMOSAT‘INUM.

424 3662 819 3719 Dilectissimo
880 3664 1042 3718 fratri
1095 3664 1270 3719 Paulo
1340 3664 1614 3736 episcopo
1668 3664 2004 3734 Antiochiae,

352 3768 484 3807 cum
516 3751 677 3808 omni
708 3752 884 3820 clero,
919 3752 1233 3825 Dionysius
1264 3753 1576 3826 episcopus
1622 3752 2007 3821 Alexandriae,

352 3840 609 3896 multum
644 3842 920 3912 gaudere.

424 3952 451 3980 α
484 3932 551 3986 Et
584 3947 836 4003 primum
858 3929 1155 3985 scribente
1186 3934 1240 3985 te
1266 3930 2007 4002 scripsimus,attrahentes

350 4024 405 4074 te
437 4025 502 4075 ut
526 4020 835 4075 manileste
857 4019 1081 4073 diceres
1105 4021 1258 4089 quod
1290 4019 1410 4075 vis:
1445 4026 1501 4074 et
1520 4021 2006 4076 nuncscribimus

351 4108 505 4164 sicut
546 4108 823 4181 possibile
854 4111 942 4163 est
982 4108 1319 4177 judicantes
1350 4110 1420 4163 de
1453 4108 1543 4164 his
1592 4126 1715 4178 quae
1748 4111 2006 4166 secundo

352 4197 721 4268 dixisti,quia
752 4197 965 4251 vitiosa
995 4205 1134 4251 sunt
1164 4198 1341 4252 verba
1364 4214 1487 4265 quas
1520 4204 1637 4253 ate
1667 4199 1822 4254 dicta
1844 4204 2004 4263 sunt,

355 4286 576 4342 nullius
608 4288 883 4341 habentia
912 4285 1331 4341 satisfactionis
1351 4287 1773 4355 ostensionem,
1791 4293 1847 4343 et
1868 4290 2007 4360 quia

353 4376 716 4432 sulﬁeienter
757 4374 989 4447 possint
1012 4375 1336 4446 retorqueri
1366 4392 1495 4447 quae
1511 4377 1613 4432 tibi
1645 4378 2008 4449 praecipitan-

350 4464 580 4533 tervisa
602 4468 741 4519 sunt
764 4463 1007 4519 definire
1030 4480 1041 4517 :
1065 4464 1212 4519 duas
1237 4464 1582 4536 hypostases
1605 4466 1835 4523 dicente
1856 4468 2006 4523 duas

355 4570 634 4627 personas
670 4554 847 4609 unius
878 4557 935 4608 et
965 4552 1148 4608 solius
1182 4552 1417 4621 Christi,
1468 4556 1617 4610 duos
1661 4555 1927 4613 Christos
1954 4566 2007 4613 et

2102 628 2217 683 Soli
2250 628 2405 684 enim
2440 628 2554 682 Deo
2587 627 2860 699 possibile
2878 632 2967 680 est
2998 643 3029 680 a
3064 626 3313 696 peccatis
3343 622 3742 689 salvare,651

2101 718 2255 772 sicut
2283 722 2338 770 et
2364 716 2611 771 debitori
2644 717 2771 787 Heg.
2807 714 3099 783 creditori]
3145 712 3551 768 remissionem
3604 728 3745 782 prea-

2101 813 2255 863 stare
2288 824 2299 861 :
2338 810 2475 875 Quis
2507 808 2686 877 enim,
2729 806 2939 876 inquit,
2976 806 3112 859 Deus
3168 806 3308 858 sicut
3354 806 3433 868 tu,
3494 805 3751 873 auferens

2102 900 2156 951 in
2168 899 2525 969 iquitatem,et
2542 894 2971 967 supergrediens
2994 894 3322 963 injustitz'am
3343 892 3387 925 ⁸⁸
3406 893 3432 945 ‘?
3466 900 3506 944 A
3520 892 3614 945 udi
3637 889 3745 961 igi-

2101 992 2197 1041 tur
2228 994 2281 1041 et
2311 985 2568 1057 intellige
2599 1003 2665 1039 ea
2698 1002 2823 1055 quae
2858 1001 2890 1037 a
2928 990 2982 1037 te
3032 983 3186 1036 dicta
3234 986 3392 1049 sunt,
3428 986 3484 1035 et
3514 980 3749 1035 attende

2102 1093 2169 1131 ea
2200 1092 2327 1147 quae
2359 1093 2391 1130 a
2424 1093 2515 1130 me
2549 1077 2827 1129 dicuntur
2859 1070 3334 1143 :Beneplacitum
3366 1075 3453 1124 est
3486 1075 3596 1124 Deo
3621 1085 3746 1124 ma.

2094 1166 2325 1237 joribus
2377 1166 2546 1219 donis
2580 1165 2877 1219 hominem
2930 1161 3213 1216 honorare
3259 1160 3489 1231 quando
3539 1162 3596 1214 et
3622 1174 3746 1212 am-

2102 1255 2257 1325 plius
2290 1254 2573 1324 placuerit
2624 1254 2733 1308 Deo
2766 1254 2823 1307 in
2870 1252 3151 1307 virtutum
3202 1248 3701 1305 conversationem
3736 1264 3750 1302 :

2103 1344 2245 1397 nihil
2281 1349 2470 1398 autem
2510 1344 2719 1397 hurum
2753 1341 2939 1396 visum
2971 1345 3057 1395 est
3117 1340 3173 1393 in
3207 1338 3435 1393 Christo
3465 1338 3621 1404 Jesu,
3658 1352 3754 1390 ne-

2104 1450 2216 1503 que
2250 1431 2567 1504 prudentiae
2610 1432 2817 1503 gratia,
2853 1427 3165 1507 φιλοπονία,
3226 1429 3281 1483 id
3342 1432 3429 1482 est
3486 1426 3750 1481 studium

2104 1522 2462 1577 laboriosum
2494 1539 2506 1587 ;
2544 1537 2731 1590 neque
2763 1536 2864 1591 per
2893 1519 3249 1584 castitatem;
3280 1517 3546 1573 ciborum
3578 1513 3757 1570 absti-

2109 1612 2324 1675 nentia,
2360 1611 2899 1681 supergredientem
2940 1609 3255 1662 humanrm
3290 1620 3650 1661 mensuram.
3686 1604 3754 1658 Et

2107 1702 2363 1756 Joannes
2398 1701 2633 1771 quidem
2697 1698 3064 1753 admirabilis
3124 1703 3268 1763 erat,
3321 1711 3508 1765 neque
3539 1710 3751 1765 panem

2108 1791 2441 1854 comedens,
2487 1804 2674 1858 neque
2725 1789 2924 1841 vinum
2978 1787 3221 1851 bibens;
3254 1784 3521 1839 Christus
3553 1787 3749 1837 autem

2106 1878 2511 1933 testimonium
2571 1877 2778 1931 habuit
2833 1877 3145 1930 comedens
3194 1878 3249 1929 et
3282 1874 3508 1928 bibens.
3559 1873 3627 1927 Et
3658 1870 3754 1927 ille

2110 1968 2345 2038 quidem
2380 1968 2437 2021 in
2469 1982 2662 2021 eremo
2694 1966 2909 2035 degens
2943 1963 3263 2018 solitariam
3294 1963 3474 2017 vitam
3502 1959 3757 2032 perficie-

2109 2057 2208 2112 bat
2238 2056 2306 2111 ad
2345 2056 2691 2127 placendum
2726 2054 2876 2119 Deo;
2913 2053 3193 2108 Dominus
3226 2056 3421 2105 autem
3441 2050 3613 2104 Jesus
3634 2054 3758 2103 erat

2109 2162 2243 2201 eum
2277 2144 2579 2217 apostolis,
2617 2143 2977 2209 mulieribus,
3011 2147 3067 2197 et
3117 2140 3381 2211 reliquis,
3415 2155 3529 2194 non
3564 2153 3757 2209 segre-

2109 2240 2282 2307 gatus
2340 2235 2412 2289 ab
2470 2250 2671 2288 eorum
2732 2233 3303 2297 conversatione;et
3363 2232 3600 2301 propter
3649 2226 3757 2281 hoc

2109 2324 2527 2380 ostendebatur
2556 2322 2885 2378 differentia
2914 2321 3128 2376 Christi
3156 2320 3228 2375 ad
3259 2319 3547 2375 Joannem
3581 2317 3759 2372 mira-

2108 2414 2210 2469 bili
2244 2412 2535 2467 munditia
2561 2412 2872 2482 etjustitia
2916 2408 3383 2481 incomparabili.
3408 2407 3557 2472 Quia
3583 2406 3760 2461 Joan-

2108 2502 2200 2557 nis
2252 2502 2488 2572 quidem
2546 2500 2803 2571 operatio
2833 2504 2958 2555 erat
2996 2499 3276 2571 justitie;
3308 2496 3523 2554 Christi
3563 2500 3759 2549 autem

2108 2595 2351 2645 naturai.
2390 2595 2533 2660 Ergo
2590 2590 3007 2645 inconveniens
3065 2592 3153 2643 est
3210 2587 3401 2643 dicere
3460 2585 3758 2641 hominem

2108 2680 2406 2735 Christum
2440 2677 2871 2751 beneplacitum
2907 2678 3184 2733 habuisse
3216 2694 3249 2731 a
3279 2677 3395 2731 Deo
3429 2691 3533 2747 pro
3564 2672 3760 2729 omni-

2109 2772 2219 2827 bus
2252 2770 2591 2825 hominibus
2620 2770 2677 2824 in
2716 2771 2817 2825 Dei
2862 2770 3282 2825 habitationem
3329 2768 3455 2823 sine
3495 2764 3761 2821 solitaria

2108 2867 2164 2916 et
2196 2860 2763 2932 laboriosajustitia.
2818 2860 3087 2915 Christus
3146 2864 3339 2913 autem
3399 2875 3512 2913 non
3564 2855 3761 2924 verbo,

2108 2952 2232 3019 (sed
2267 2952 2555 3020 veritate,)
2583 2966 2685 3021 per
2714 2966 2841 3004 eam
2876 2966 3002 3021 quae
3038 2949 3097 3002 in
3150 2947 3367 3019 Spiritu
3423 2950 3511 3001 est
3542 2944 3763 3001 unitiu-

2112 3057 2242 3095 nem
2296 3040 2679 3103 haereditavit,
2731 3038 3101 3093 incarnatum
3151 3053 3218 3091 ex
3278 3035 3516 3107 Virgine
3556 3034 3761 3100 Maria,

2110 3131 2261 3185 sicut
2290 3134 2347 3183 et
2379 3145 2523 3199 puer
2546 3133 2778 3200 propter
2817 3144 2942 3182 eam
2977 3143 3104 3197 quae
3155 3142 3223 3181 ex
3271 3125 3398 3197 ipso
3447 3128 3536 3179 est
3565 3140 3765 3178 carna-

2113 3219 2225 3274 lem
2258 3216 3078 3289 generationem.Preedicatur
3107 3222 3300 3271 autem
3334 3220 3391 3269 et
3420 3213 3635 3269 Christi
3661 3228 3763 3268 no-

2115 3324 2242 3362 men
2280 3308 2455 3361 verbo
2487 3311 2543 3360 et
2575 3310 2889 3376 antequam
2924 3308 3261 3375 ungeretur,
3307 3304 3459 3358 sicut
3511 3306 3567 3357 et
3596 3318 3761 3373 puer,

2113 3397 2267 3452 Deus
2299 3396 2485 3461 fortis,
2520 3401 2838 3467 antequam
2872 3411 2941 3451 ex
2972 3394 3217 3449 muliere
3248 3396 3590 3448 nasceretur
3620 3407 3632 3445 :
3661 3390 3761 3446 sed

2113 3491 2171 3541 et
2198 3486 2545 3541 vestimenta
2573 3486 2701 3555 ejus
2751 3484 2934 3539 divisa
2980 3500 3109 3539 esse
3153 3484 3448 3549 dicuntur,
3495 3486 3552 3536 et
3588 3480 3762 3535 exho-

2114 3581 2387 3630 noratum
2408 3590 2549 3653 esse
2582 3574 2927 3645 priusquam
2950 3573 3426 3639 exhonoraretur,
3458 3587 3573 3625 non
3603 3569 3761 3625 enim

2116 3680 2184 3719 ex
2222 3664 2396 3719 rebus
2430 3664 2573 3736 ipsis
2601 3663 2672 3718 de
2715 3662 2944 3717 Christo
2977 3662 3133 3716 dicta
3165 3666 3306 3717 sunt
3336 3661 3465 3727 ista,
3494 3658 3596 3715 sed
3628 3674 3762 3730 pro-

2115 3752 2670 3825 phetice.Quomodo
2690 3769 2826 3823 ergo
2860 3768 3014 3807 unus
3044 3751 3311 3806 Christus
3344 3748 3583 3805 alterius
3603 3748 3764 3804 Chri-

2116 3843 2188 3897 sti
2223 3844 2459 3897 nomine
2491 3843 2679 3898 vocari
2713 3842 2909 3907 habet,
2940 3842 3081 3897 dum
3119 3858 3230 3896 non
3284 3840 3571 3895 exsistant
3600 3839 3715 3893 duo
3736 3838 3764 3892 ?

2115 3930 2325 3986 Civitas
2358 3937 2555 3985 autem
2578 3947 2711 3985 cum
2744 3931 2985 3986 Domino
3004 3948 3117 3986 non
3134 3934 3477 3985 numeratur
3495 3928 3554 3982 in
3580 3944 3763 3983 unum

2116 4038 2447 4085 numerum,
2485 4037 2589 4075 nec
2620 4022 2832 4075 domus
2859 4037 2991 4075 cum
3017 4019 3637 4093 conditore,quomodo
3661 4034 3764 4074 nee

2115 4110 2319 4164 eadem
2354 4114 2632 4180 operatur
2683 4110 2892 4165 civitas
2941 4114 2997 4165 et
3042 4110 3378 4181 imperator,
3413 4124 3517 4163 nec
3549 4108 3763 4163 domus

2114 4204 2171 4253 et
2201 4199 2485 4267 conditor,
2520 4215 2624 4253 nec
2656 4198 2857 4253 civitos
2890 4198 3208 4270 aliquando
3250 4197 3551 4253 vocabitur
3582 4197 3765 4266 impe-

2117 4294 2294 4357 rator,
2330 4304 2433 4341 nec
2459 4286 2614 4358 leges
2646 4288 2965 4342 constituet
3003 4287 3205 4341 civitas
3238 4287 3391 4341 sicut
3422 4286 3762 4356 imperator,

2117 4394 2222 4432 nec
2252 4378 2463 4431 domus
2494 4376 2759 4430 aedificat.
2802 4376 2871 4430 Et
2901 4375 3051 4429 alius
3085 4376 3251 4430 docet
3297 4380 3501 4440 artem,
3552 4374 3611 4429 in
3648 4390 3762 4429 uno

2116 4472 2310 4523 autem
2335 4469 2834 4521 connumerantur
2866 4482 2991 4538 quae
3025 4464 3289 4535 ejusdem
3340 4469 3479 4519 sunt
3511 4463 3763 4535 generis,

2118 4557 2274 4611 sicut
2303 4557 2478 4611 homo
2511 4555 2756 4619 homini,
2789 4554 2943 4609 Deus
2971 4558 3102 4619 Deo,
3134 4554 3429 4625 quomodo
3461 4558 3517 4607 et
3545 4552 3643 4624 qui
3664 4569 3764 4608 ea-

354 4644 502 4699 duos
536 4642 734 4698 Filios.
768 4641 958 4697 Unum
994 4646 1205 4697 natura
1233 4643 1530 4698 Christum
1579 4648 1636 4699 et
1666 4644 1875 4700 Filium
1912 4647 2004 4702 Dei
2038 4655 2083 4719 ι)
2116 4646 2248 4700 dem
2281 4645 2505 4717 Operari
2540 4648 2805 4715 possunt.
2839 4642 3131 4714 Expulsus
3164 4643 3343 4713 igitur
3372 4658 3454 4703 es.
3488 4646 3642 4696 certe
3673 4658 3769 4695 ne-

354 4732 938 4805 prmexsistentem,et
966 4729 1215 4785 alterum
1248 4733 1571 4786 secundum
1605 4735 2008 4804 aquivocatio-

354 4837 487 4877 nem
518 4820 815 4876 Christum
840 4823 896 4874 et
928 4818 1140 4874 Filium
1173 4819 1292 4885 Dei,
1326 4822 1422 4891 qui
1458 4826 1659 4892 postea
1690 4826 1748 4877 et
1778 4824 1834 4878 in
1871 4824 2010 4880 ulti-

357 4910 471 4965 mis
492 4909 858 4981 temporibus
888 4907 1192 4976 exstitit,et
1224 4911 1549 4965 secundum
1575 4911 2010 4984 beneplacitum

358 4998 453 5055 Dei
515 4999 738 5070 accepit
789 5014 1001 5054 nomen
1055 4998 1204 5065 Filii,
1258 4999 1757 5069 quemadmodum
1808 5004 2012 5060 civitas

356 5088 611 5147 Domini.
657 5092 714 5143 et
762 5088 972 5142 domus
1026 5088 1363 5143 conditoris.
1438 5089 1647 5143 Volens
1696 5088 1915 5146 oblitus
1948 5110 2011 5147 es

356 5178 472 5233 otia
527 5178 640 5249 [Gr.
700 5173 744 5228 ὦ
804 5175 1026 5249 twigs],
1087 5178 1225 5248 quia
1301 5195 1455 5233 unus
1518 5179 1866 5250 praedicatus
1924 5186 2012 5238 est

358 5272 414 5322 et
444 5268 786 5339 unigenitus
840 5266 1020 5321 Filius
1069 5267 1169 5321 Dei
1208 5272 1263 5321 et
1317 5268 1588 5323 Christus
1631 5270 1800 5324 Jesus
1842 5286 2009 5325 voca-

360 5362 476 5423 tus,
539 5356 823 5411 Dominus
882 5354 1101 5427 glorias,
1162 5356 1315 5411 sicut
1374 5358 1595 5412 dictum
1656 5363 1744 5413 est
1802 5360 1871 5414 de
1928 5360 2013 5432 ip-

360 5463 445 5517 so,
486 5450 541 5501 et
580 5444 814 5501 salvans
862 5444 1165 5499 credentes
1214 5445 1270 5500 in
1324 5446 1518 5517 ipsum
1595 5447 1831 5519 propria
1877 5465 2011 5520 pas-

361 5535 523 5591 sione
579 5535 778 5589 divina
851 5532 1038 5589 salute
1115 5551 1229 5589 non
1310 5535 1771 5609 humana:IpSe
1830 5538 2009 5605 enim,

434 5730 479 5765 δ’
501 5728 667 5785 Joan.
703 5746 741 5799 ι,
778 5731 861 5785 14.
938 5730 984 5766 ⁸³
1012 5729 1217 5787 Matth.
1245 5749 1281 5803 ι,
1313 5732 1404 5793 21.
1480 5732 1526 5767 ⁸⁸
1556 5732 1730 5790 Mich.
1761 5749 1862 5807 vn,
1896 5736 1983 5796 18.

2121 4752 2234 4807 que
2265 4736 2413 4790 duos
2442 4734 2720 4801 Christos,
2757 4737 2812 4788 et
2842 4733 2990 4787 duos
3014 4732 3190 4787 Filios
3222 4731 3318 4787 Dei
3355 4730 3667 4803 praevalent
3687 4731 3764 4785 di-

2122 4841 2270 4893 cere,
2301 4840 2489 4895 neque
2530 4840 2628 4879 eos
2660 4823 2760 4894 qui
2812 4823 2928 4877 duo
2960 4824 3098 4877 sunt
3154 4821 3306 4876 sicut
3353 4838 3530 4876 unam
3566 4837 3768 4893 perso-

2122 4932 2280 4969 nam.
2318 4914 2412 4969 Dei
2438 4918 2632 4968 autem
2669 4913 2852 4968 forma
2884 4911 3138 4966 Verbum
3168 4910 3374 4983 ipsius,
3399 4915 3453 4965 et
3486 4910 3770 4980 sapientia

2128 5004 2301 5059 Filius
2333 5003 2449 5067 Dei,
2481 5008 2539 5058 et
2569 5005 2716 5059 Deus
2748 5002 2900 5057 idem
2934 5002 3056 5073 ipse
3104 5001 3469 5055 conﬁtendus
3518 5004 3627 5055 est.
3656 4999 3767 5073 lgi-

2120 5098 2217 5149 tur
2250 5110 2493 5165 personr
2523 5097 2575 5147 et
2611 5109 2728 5146 una
2759 5091 3145 5147 subsistentia
3197 5107 3453 5162 personae
3500 5106 3604 5145 nec
3635 5107 3770 5162 pos-

2122 5189 2263 5239 sunt
2290 5198 2417 5239 esse
2468 5182 2590 5237 hzrc
2639 5180 2720 5233 ἐπ’
2780 5180 2934 5233 ἆνοῦν
2986 5182 3160 5253 [edz'ti,
3218 5177 3300 5233 ἐπ’
3330 5178 3676 5251 ἀνθρώπων],
3709 5179 3765 5233 id

2120 5278 2230 5341 est,
2265 5273 2324 5327 in
2356 5271 2449 5327 his
2482 5289 2607 5343 quae
2640 5271 2764 5326 sine
2789 5279 2979 5325 mente
3010 5274 3163 5326 sunt.
3199 5270 3452 5325 Verbum
3478 5270 3631 5323 enim
3668 5268 3768 5323 ho-

2123 5362 2300 5417 minis
2324 5366 2379 5417 et
2409 5360 2700 5432 sapientia
2731 5364 2788 5413 et
2813 5360 3020 5425 virtus,
3053 5364 3111 5415 et
3143 5360 3329 5416 forma
3380 5358 3767 5413 insubsisten-

2120 5450 2289 5506 tiales
2319 5454 2515 5520 partes
2538 5449 2715 5503 unius
2754 5447 3010 5503 hominis
3064 5449 3449 5520 aspiciuntur,
3511 5446 3609 5501 sed
3666 5463 3770 5501 nec

2121 5541 2297 5595 homo
2326 5536 2562 5610 singula
2600 5552 2799 5592 eorum
2853 5553 2979 5607 quae
3026 5538 3181 5593 dicta
3233 5540 3391 5605 sunt,
3452 5552 3558 5593 nec
3588 5534 3770 5591 Filius
