4162 6388
139 391 294 456 1563
1257 399 1323 461 S.
1369 397 1794 463 ATHANASII

1919 432 1994 445 ——
2026 397 2338 462 SPURIA.
3391 397 3549 457 1564

135 529 277 582 sunt
306 525 442 596 ista,
477 526 548 582 ob
578 526 688 583 hoc
715 528 1018 598 nimirum,
1052 531 1192 602 quia
1224 529 1412 588 forma
1438 531 1697 588 hominis
1728 537 1785 588 et
1814 538 1864 603 Α
1899 536 2134 604 propter
2162 531 2272 587 hoc
2299 531 2453 603 quod
2484 529 2630 586 dixit
2658 529 2717 586 in
2766 545 2938 586 cruce
2973 547 2985 586 :
3020 531 3164 585 Deus
3202 544 3374 598 meus,
3411 529 3549 584 Deus

139 614 168 670 ὁ
201 612 400 689 Λόγος,
433 616 490 671 id
517 622 627 684 est,
672 635 922 690 persona
962 635 1090 676 esse
1119 618 1426 688 αὐτοτελές,
1454 621 1511 676 id
1545 626 1651 690 est,
1686 639 1788 693 per

139 705 520 777 semetipsum
555 705 826 779 perfecta,
862 725 976 764 non
1002 710 1422 781 possunt.Quia
1444 727 1577 766 vero
1601 711 1788 766 forma

145 794 239 850 Dei
272 800 330 850 et
361 795 616 852 Verbum
651 797 964 867 ejus,Deus
993 804 1052 854 et
1075 799 1256 855 Filius
1289 800 1656 856 conﬁtendus
1674 805 1785 856 est.

140 883 455 940 Ostensum
485 885 662 957 igitur
712 885 1080 959 impossibile
1131 905 1261 944 esse
1304 893 1360 944 et
1410 889 1566 944 istud
1617 894 1786 944 tuum

141 974 446 1044 sophisma
475 975 725 1031 dicentis
748 975 1046 1032 hominem
1074 994 1204 1035 esse
1235 979 1484 1034 formam
1508 979 1786 1047 hominis,

141 1064 214 1119 ob
273 1062 378 1118 hoc
432 1063 573 1134 quia
622 1063 698 1119 sit
743 1064 897 1121 Deus
947 1067 1134 1122 forma
1163 1067 1262 1124 Dei
1298 1084 1311 1122 :
1345 1067 1445 1139 qui
1495 1072 1687 1123 autem
1721 1084 1791 1123 ex

142 1151 392 1206 mortuis
424 1153 739 1208 resurrexit
759 1153 1316 1223 Christus,vivorum
1335 1162 1393 1212 et
1424 1161 1790 1213 mortuorum

26 1291 32 1297 .
143 1239 431 1296 Dominus
463 1245 576 1310 est,
609 1247 665 1297 et
695 1243 806 1314 ipsi
835 1244 1037 1299 vivunt
1083 1246 1281 1301 omnia
1315 1265 1328 1302 :
1361 1246 1485 1302 Sive
1531 1248 1787 1316 vivimus,

145 1329 363 1401 inquit,
387 1332 500 1386 sive
527 1333 818 1404 morimur,
833 1335 1060 1390 Domini
1085 1351 1273 1391 sumus
1301 1337 1365 1390 ⁸⁵.
1399 1336 1462 1392 In
1494 1337 1604 1392 hoc
1633 1336 1791 1392 enim

142 1418 244 1488 ait,
278 1417 517 1475 Chistus
545 1425 812 1476 mortuus
853 1427 942 1478 est
989 1428 1046 1478 et
1093 1425 1433 1491 resurrexit,
1467 1431 1605 1482 utet
1635 1444 1789 1482 mor-

142 1512 378 1563 tuorum
411 1514 468 1564 et
496 1509 755 1566 vivorum
787 1511 1142 1568 dominetur.
1185 1513 1339 1569 Deus
1379 1521 1469 1570 est
1498 1516 1654 1571 enim
1689 1533 1790 1572 na-

142 1601 295 1663 tura,
330 1596 430 1668 qui
462 1598 796 1656 dominator
825 1605 912 1656 est
945 1602 1400 1671 omnium,sicut
1429 1620 1496 1660 ex
1530 1603 1789 1660 mulieri-

143 1686 254 1742 bus
285 1686 522 1760 agnitus
554 1689 920 1760 praedicatur,
953 1691 1183 1748 dicente
1223 1693 1449 1750 Thema
1483 1711 1494 1749 :
1529 1695 1792 1751 Dominus

140 1792 290 1832 meus
335 1781 387 1833 et
416 1777 556 1832 Deus
584 1794 736 1835 meus
763 1781 826 1834 ⁸⁸.
865 1781 1013 1836 Deus
1054 1786 1248 1838 autem
1281 1787 1620 1839 sanctorum
1652 1801 1790 1856 apo-

142 1864 451 1937 stolorum,
484 1884 600 1922 non
629 1867 731 1938 qui
780 1872 991 1924 natura
1039 1869 1235 1935 homo,
1298 1873 1396 1927 sed
1431 1872 1529 1942 qui
1584 1877 1795 1928 natura

147 1955 298 2010 Deus
325 1959 433 2025 est,
469 1955 570 2027 qui
603 1954 965 2013 haereditavit
1013 1963 1215 2030 gentes
1247 1963 1303 2015 et
1353 1961 1607 2031 judicat,
1639 1961 1794 2017 sicut

142 2042 366 2098 dictum
397 2048 507 2116 est,
541 2060 776 2100 omnem
805 2049 1022 2102 terram
1059 2065 1071 2103 :
1106 2049 1350 2120 Exsurge
1374 2049 1790 2122 enim,inquit,

147 2132 586 2205 Domine,judica
617 2138 1110 2208 terram,quoniam
1136 2143 1199 2193 tu
1221 2138 1580 2196 hmeditabis
1597 2142 1658 2196 in
1672 2156 1794 2196 om-

143 2221 306 2276 nibus
334 2222 586 2290 gentibus
616 2223 680 2278 ".
723 2223 907 2281 Filius
937 2231 1135 2282 autem
1192 2233 1251 2283 et
1281 2228 1464 2285 haeres
1526 2234 1794 2285 mortuus

146 2315 237 2366 est
277 2315 520 2382 postea;
552 2316 685 2385 post
744 2328 942 2370 servos
1000 2320 1059 2370 et
1116 2315 1451 2389 prOphetas,
1484 2318 1639 2373 sicut
1671 2319 1798 2391 ipse

147 2398 229 2455 ait
256 2399 314 2455 in
363 2400 695 2474 Evangelio.
746 2402 1047 2467 Quomodo
1103 2421 1239 2478 ergo
1273 2407 1448 2464 homo
1505 2407 1794 2466 Christus.

147 2493 204 2544 et
233 2506 348 2544 non
393 2489 548 2547 Deus
595 2509 785 2559 verus,
833 2499 890 2548 et
935 2495 1270 2552 adorandus
1321 2497 1392 2553 ab
1438 2499 1598 2554 omni
1629 2515 1797 2555 crea-

147 2583 283 2636 tura
300 2581 329 2637 ‘I
359 2583 799 2655 Incorporatum
821 2591 912 2642 est
931 2588 1085 2643 enim
1101 2589 1199 2645 Dei
1221 2589 1475 2647 Verbum
1495 2608 1564 2647 ex
1595 2597 1798 2649 sancta

148 2669 411 2743 Virgine,
457 2673 614 2728 unde
642 2678 701 2729 et
758 2675 1092 2747 passionem
1155 2696 1258 2747 pro
1289 2680 1459 2735 nobis
1516 2682 1797 2752 suscepit,

149 2775 441 2818 evacuans
471 2763 854 2835 semetipsum
889 2769 948 2822 et
976 2765 1298 2824 humilians
1323 2786 1509 2842 usque
1536 2771 1607 2826 ad
1641 2788 1796 2827 mor-

151 2853 549 2918 tem,mortem
581 2855 778 2908 autem
809 2855 1000 2912 crucis
1034 2872 1047 2911 :
1081 2857 1321 2928 aequalis
1340 2857 1455 2914 Deo
1485 2860 1794 2930 exsistens,

153 2938 308 2994 sicut
341 2939 562 2995 dictum
592 2946 702 3009 est,
734 2947 789 2999 et
837 2943 1116 3002 obediens
1165 2949 1276 3003 Deo
1325 2948 1536 3016 factus,
1569 2953 1626 3005 et
1655 2951 1795 3006 sub-

146 3025 274 3099 lege
299 3028 536 3084 divinus
565 3028 880 3102 legislator.
915 3033 987 3088 Et
1044 3034 1182 3106 quid
1242 3036 1447 3107 multa,
1505 3054 1663 3094 unus
1711 3047 1798 3096 est

145 3116 562 3185 Christus,una
591 3136 886 3192 personna
914 3122 1165 3180 visibilis
1197 3128 1252 3180 et
1284 3125 1684 3197 invisibilis,id
1708 3133 1799 3185 est

146 3205 346 3263 divina
373 3211 432 3263 et
491 3209 847 3267 sensibiliter
895 3212 1146 3285 simplex
1179 3214 1492 3272 desursum
1532 3222 1590 3273 et
1621 3219 1790 3274 deor-

1898 639 2067 688 meus,
2100 623 2295 696 utquid
2335 639 2420 679 me
2470 623 2813 694 dereliquisti
2839 622 2885 657 ⁸ο
2909 621 2936 676 ‘I
2967 621 3036 677 Et
3064 621 3124 676 in
3173 637 3288 692 quo
3341 625 3550 676 natura

1895 712 2178 768 Dominus
2211 717 2301 768 est
2331 717 2386 768 et
2414 714 2668 768 Verbum
2703 711 2906 782 Patris,
2941 727 3044 782 per
3089 726 3268 782 quem
3325 709 3546 778 omnia,

1897 807 1954 858 et
1983 800 2548 858 consubstantialem
2593 801 2752 856 Patri
2795 818 2828 856 a
2875 799 3148 855 Patribus
3173 799 3424 855 dictum.
3455 799 3551 856 Sic

1897 891 2052 946 enim
2087 891 2305 959 dixisti,
2341 890 2526 946 ﬁlium
2560 889 2818 946 hominis
2843 889 3141 945 Christum
3162 905 3275 944 non
3294 904 3423 944 esse
3455 887 3552 943 Fi-

1898 980 2044 1036 lium
2078 981 2198 1049 Dei,
2235 997 2339 1037 nec
2372 985 2608 1036 Petrum
2641 980 2922 1035 reveritus
2972 978 3071 1051 qui
3115 995 3218 1050 per
3250 975 3554 1033 revelatio-

1901 1087 2035 1126 nem
2067 1071 2258 1127 Patris
2288 1070 2474 1125 ﬁlium
2536 1069 2814 1137 hominis,
2874 1067 3088 1124 Filium
3148 1066 3247 1123 Dei
3301 1066 3552 1122 viventis

1899 1160 2203 1216 confessus
2241 1165 2350 1228 est,
2405 1164 2463 1215 et
2517 1159 2823 1229 Thomam,
2886 1158 3203 1213 Dominum
3259 1173 3437 1212 suum
3496 1158 3554 1210 et

1899 1249 2084 1305 Deum
2115 1248 2414 1305 Christum
2440 1265 2507 1304 ex
2535 1247 2879 1304 vulneribus
2917 1247 3047 1318 ejus
3079 1249 3498 1318 agnoscentem
3535 1262 3548 1300 :

1904 1355 2007 1410 pro
2039 1338 2210 1394 nobis
2243 1339 2399 1393 enim
2433 1337 2610 1404 dolet,
2644 1337 2798 1393 sicut
2827 1336 2925 1407 qui
2955 1335 3218 1392 carnales
3249 1334 3551 1406 passiones

1901 1427 2186 1482 sustinuit
2217 1444 2318 1499 pro
2350 1427 2699 1492 nobis,sicut
2724 1426 2902 1481 Isaias
2922 1425 3064 1479 dicit
3097 1441 3110 1479 :
3144 1427 3264 1495 Ipse
3292 1423 3552 1478 debilita-

1903 1519 1980 1571 tis
2010 1524 2227 1571 nostras
2257 1518 2481 1587 accepit,
2540 1522 2595 1571 et
2651 1516 3005 1586 inﬁrmitates
3059 1515 3299 1585 portavit
3322 1513 3387 1566 ⁸ο.
3424 1512 3554 1583 Ipse

1903 1605 2073 1661 nobis
2105 1606 2304 1677 utique
2337 1611 2487 1661 Deus
2523 1605 2794 1661 Verbum.
2841 1603 3052 1660 Volens
3099 1604 3256 1657 enim
3289 1601 3556 1656 incarna-

1900 1700 1998 1751 tus
2031 1699 2139 1764 est,
2175 1711 2278 1750 nec
2309 1695 2467 1750 enim
2507 1694 2674 1750 aliter
2721 1693 2996 1765 possibile
3039 1695 3165 1748 erat
3195 1692 3316 1764 pati
3355 1690 3555 1746 Domi-

1903 1802 2042 1840 num
2072 1789 2340 1840 nostrum
2370 1785 2577 1840 Jesum
2609 1781 3474 1850 Christum,nisiincarnaretur
3495 1779 3554 1834 in

1903 1874 2290 1930 similitudine
2322 1873 2578 1929 hominis
2609 1871 2848 1929 animati
2883 1869 3369 1943 intelligibilis,ut
3398 1868 3554 1942 quod

1902 1981 2019 2020 non
2051 1969 2379 2019 correxerat
2397 1963 2594 2033 homo,
2626 1963 2733 2018 hoc
2767 1962 3017 2018 Verbum
3054 1959 3149 2016 Dei
3181 1961 3554 2016 incarnatum

1903 2053 2235 2125 corrigeret.
2269 2053 2469 2125 Neque
2498 2053 2653 2109 enim
2704 2068 2772 2107 ex
2821 2050 3065 2107 muliere
3113 2054 3301 2106 totum
3335 2047 3557 2104 exstitit

1903 2142 2192 2207 Christus,
2225 2143 2325 2197 sed
2359 2143 2684 2197 secundum
2717 2140 3171 2209 humanitatem,
3203 2155 3272 2194 ex
3303 2139 3419 2194 Deo
3452 2153 3554 2192 au-

1903 2237 2023 2287 tem
2055 2232 2380 2287 secundum
2413 2231 2712 2304 spiritum,
2745 2246 2849 2286 nec
2879 2230 3035 2285 enim
3062 2229 3232 2284 aliter
3265 2228 3361 2284 Dei
3393 2225 3555 2299 geni-

1905 2322 2019 2377 trix
2051 2321 2232 2378 Maria
2262 2322 2450 2377 vocari
2502 2325 2714 2393 potest.
2772 2319 3100 2390 Aliquando
3163 2333 3269 2374 nec
3332 2315 3558 2372 Domini

1906 2412 2308 2467 interfectores
2338 2411 2546 2479 Judaei,
2582 2410 2631 2466 si
2660 2427 2774 2465 non
2823 2412 2948 2464 erat
2982 2409 3132 2464 Deus
3171 2407 3439 2464 Christus
3467 2421 3558 2460 se-

1907 2502 2164 2557 cundum
2203 2503 2381 2556 Deum
2412 2499 2694 2564 Verbum,
2728 2500 2828 2554 sed
2863 2513 2969 2554 nec
3019 2501 3227 2570 praeter
3257 2501 3560 2568 peccatum

1907 2607 2036 2646 esse
2066 2593 2293 2661 poterat
2325 2607 2338 2644 :
2373 2589 2499 2644 sine
2530 2587 2885 2643 abstinentia
2916 2592 2973 2642 et
3019 2585 3311 2658 sapientia
3339 2585 3562 2655 absque

1909 2679 2228 2752 magistris,
2265 2677 2376 2734 nisi
2403 2682 2552 2733 Deus
2574 2681 2729 2732 esset
2761 2676 3069 2732 continens
3101 2673 3402 2746 proprium
3435 2689 3561 2728 cor-

1908 2786 2041 2841 pus,
2074 2772 2131 2823 et
2160 2783 2410 2839 operans
2466 2770 2529 2822 ut
2558 2767 2742 2834 Deus;
2776 2769 3013 2838 propter
3069 2763 3225 2836 quod
3257 2768 3316 2819 et
3361 2761 3562 2818 volens

1908 2862 2180 2915 mortuus
2208 2861 2316 2925 est,
2350 2860 2407 2912 et
2437 2860 2647 2928 sponte
2690 2854 2947 2912 surrexit
2988 2871 3023 2910 a
3072 2853 3340 2910 mortuis.
3379 2851 3559 2908 Filius

1907 2949 2196 3004 exsistens
2229 2946 2322 3003 Dei
2352 2945 2688 3015 unigenitus
2711 2949 2767 3000 et
2795 2943 3053 2999 divinam
3086 2943 3331 3014 gloriam
3355 2947 3559 3014 petens

1909 3043 2226 3109 antequam
2260 3035 2520 3091 mundus
2550 3033 2740 3090 factus
2769 3037 2945 3104 esset,
2961 3049 3076 3088 non
3105 3048 3324 3088 vacuus
3352 3031 3480 3102 ejus
3501 3034 3561 3087 et

1907 3131 2222 3199 antequam
2261 3128 2482 3198 peteret
2514 3142 2528 3192 ;
2563 3124 2716 3180 sicut
2743 3128 2800 3180 et
2826 3123 3076 3179 Sanctus
3101 3120 3390 3178 exsistens
3421 3137 3558 3176 san-

1909 3216 2323 3273 ctiﬁcationem
2375 3213 2756 3286 suscipiebat,
2808 3213 2910 3285 qui
2947 3212 3236 3284 Spiritum
3285 3214 3559 3267 sanctum

140 3311 297 3362 sum,
329 3298 692 3369 compositus
751 3316 821 3356 ex
849 3301 968 3358 Deo
1014 3281 1075 3359 et
1121 3319 1190 3359 ex
1221 3305 1486 3362 muliere.
1516 3307 1793 3364 Conditor
1823 3281 1866 3349 (ἶ
1910 3306 2161 3378 largitur
2189 3305 2513 3360 secundum
2540 3281 3393 3375 inspirationem—propriamﬁt
3413 3316 3562 3372 pris-

142 3400 282 3456 ergo
313 3391 369 3441 et
399 3387 638 3444 Creator
661 3390 955 3462 passibilis
985 3395 1044 3447 et
1064 3391 1448 3464 impassibilis
1477 3401 1798 3468 erat,mun-

142 3475 286 3530 dum
319 3476 715 3547 sanctificans,
749 3483 806 3535 et
826 3481 1313 3550 sanctiﬁcatus,et
1342 3484 1637 3542 credimus
1659 3487 1796 3557 quia

142 3564 446 3636 proprium
477 3567 604 3635 ejus
635 3572 726 3623 est
773 3570 1139 3626 sanctificare
1191 3575 1249 3627 et
1293 3573 1646 3630 sanctiﬁcari
1683 3591 1694 3629 :
1729 3577 1795 3631 Et

141 3667 242 3723 pro
266 3652 375 3723 ipsi
398 3653 576 3720 enim,
615 3655 828 3725 inquit,
876 3659 1153 3728 sanctiﬁco
1200 3675 1286 3714 me
1325 3660 1504 3730 ipsum
1531 3662 1594 3715 ⁸⁸.
1630 3662 1790 3725 Quod

147 3741 514 3813 impossibile
545 3747 630 3799 est
668 3743 891 3800 homini
925 3751 988 3801 ut
1017 3747 1435 3816 sanctiﬁcetur,
1459 3749 1566 3805 soli
1598 3755 1794 3806 autem

145 3829 262 3885 Deo
307 3831 465 3886 istud
507 3832 786 3904 possibile
835 3838 944 3904 est,
1005 3834 1232 3891 homini
1287 3839 1437 3894 facto
1467 3841 1794 3897 secundum

145 3920 553 3991 carnem,quia
583 3925 640 3976 et
669 3922 826 3978 Deus
847 3929 938 3979 est
966 3929 1022 3980 et
1053 3925 1228 3982 homo
1255 3926 1408 3982 idem
1441 3929 1563 4000 ipse
1595 3931 1793 4000 singu-

148 4007 290 4062 laris
322 4024 599 4080 personze.
631 4011 767 4067 Istis
797 4028 933 4085 ergo
957 4013 1082 4070 sine
1104 4017 1475 4074 contentione
1497 4018 1577 4075 ita
1606 4037 1668 4075 se
1689 4019 1794 4076 he.-

143 4097 444 4166 bentibus,
481 4098 724 4171 expulsa
748 4101 851 4157 tibi
886 4109 1026 4159 sunt
1053 4105 1249 4161 omnia
1279 4108 1707 4166 sententialiter
1737 4114 1797 4165 et

138 4186 484 4260 juveniliter
507 4189 682 4245 dicta.
714 4190 910 4247 Alium
941 4194 1132 4249 virum
1165 4195 1391 4252 dicente
1419 4201 1476 4252 te
1493 4198 1793 4254 Christum

146 4281 355 4348 praeter
384 4277 570 4334 Deum
599 4281 880 4350 Verbum,
913 4283 986 4338 ab
1015 4283 1128 4340 alio
1175 4285 1402 4342 Christo
1433 4287 1716 4358 dignitate
1740 4291 1799 4343 et

148 4363 368 4422 honore
389 4372 447 4423 et
463 4369 796 4439 operatione
817 4371 1263 4445 ditl'erentem,et
1283 4391 1466 4431 unum
1498 4376 1795 4432 Christum

150 4452 209 4508 in
241 4454 472 4512 Christo
505 4457 893 4530 habitantem,
921 4465 979 4516 et
1009 4468 1345 4534 operantem
1389 4465 1601 4521 divinae
1622 4467 1800 4536 justi-

1905 3395 2194 3452 exsistens
2225 3411 2293 3449 ex
2343 3395 2457 3449 Deo
2507 3391 2884 3465 sempiterno,
2935 3390 3135 3446 divina
3187 3389 3565 3463 generatione

1905 3486 2145 3540 initium
2177 3483 2410 3540 essendi
2441 3481 2824 3554 corporaliter
2853 3497 2922 3537 ex
2971 3479 3215 3536 muliere
3237 3479 3557 3552 accipiens,

1905 3579 1963 3630 et
2009 3577 2246 3645 propter
2310 3571 2418 3627 hoc
2470 3578 2680 3626 natura
2733 3571 2937 3641 justus
3004 3568 3158 3624 sicut
3216 3569 3391 3631 Deus,
3445 3583 3562 3622 non

1906 3662 2234 3719 secundum
2268 3660 2683 3716 abstinentiam
2705 3658 2922 3714 laboris
2954 3658 3107 3714 sicut
3137 3657 3331 3713 omnis
3361 3657 3560 3727 homo,

1906 3756 1963 3807 et
1993 3750 2207 3806 delicta
2255 3766 2323 3805 ex
2369 3750 2522 3806 652
2572 3747 2922 3803 necessitate
2983 3747 3408 3818 subsequitur:
3443 3746 3563 3802 Non

1907 3849 1984 3897 est
2014 3839 2192 3908 enim,
2227 3838 2440 3910 inquit,
2462 3839 2647 3910 justus
2675 3853 2848 3906 super
2888 3845 3114 3907 terram,
3148 3837 3245 3908 qui
3272 3838 3439 3906 faciet
3468 3836 3560 3892 b0-

1903 3947 2042 3986 num
2067 3932 2119 3985 et
2148 3945 2256 3985 non
2275 3937 2453 4001 peccet
2481 3929 2548 3984 τι.
2583 3927 2821 4000 PrOpter
2863 3927 3019 3998 quod
3067 3930 3126 3982 et
3155 3927 3477 3982 certamina
3501 3932 3562 3981 et

1906 4020 2137 4076 labores
2165 4017 2568 4074 venerantium
2614 4018 2820 4083 Deum,
2869 4021 2926 4071 et
2973 4015 3422 4072 intercessiones
3454 4031 3560 4088 pro

1906 4110 2002 4166 his
2031 4108 2129 4180 qui
2158 4108 2484 4181 culpabiles
2515 4111 2680 4176 sunt,
2712 4111 2770 4162 et
2797 4105 3201 4162 omnimodam
3233 4105 3558 4160 bonitatem

1913 4199 2008 4256 Dei
2050 4204 2109 4254 et
2167 4198 2602 4253 miserationem
2655 4196 2966 4266 indigenus
3014 4212 3220 4251 omnes
3267 4195 3561 4250 homines.

1907 4287 2179 4344 Christus
2209 4291 2409 4341 autem
2441 4303 2556 4341 non
2587 4284 2963 4351 abstinentia,
3000 4300 3105 4340 nec
3134 4301 3205 4340 ex
3233 4284 3348 4338 fide
3373 4288 3568 4339 osten-

1909 4393 2013 4432 sus
2043 4380 2154 4442 est,
2189 4375 2345 4431 sicut
2360 4376 2486 4446 jam
2540 4374 2885 4447 praedictum
2918 4377 3008 4429 est
3035 4390 3048 4428 :
3084 4371 3372 4430 naturalis
3402 4371 3562 4428 enim

1903 4466 2136 4537 justitia
2177 4465 2377 4522 divina
2405 4465 2592 4519 virtus
2614 4462 2853 4530 exstitit,
2887 4466 2944 4517 et
2975 4462 3104 4532 ipsa
3123 4466 3212 4517 est
3253 4461 3416 4517 solus
3463 4461 3567 4532 qui

151 4542 245 4598 tite
277 4561 472 4616 opera.
521 4547 808 4605 Erubesce
850 4549 1032 4622 igitur
1086 4553 1223 4623 quia
1279 4553 1679 4611 irrationabile
1707 4562 1799 4612 est
1910 4551 2167 4609 creditur
2207 4556 2358 4606 Deus
2396 4567 2569 4606 verus
2617 4555 2675 4605 et
2731 4565 3043 4621 reposcens
3091 4550 3163 4606 ab
3222 4547 3568 4604 hominibus

152 4632 412 4705 aliquam
438 4639 496 4691 et
523 4636 913 4694 inanimatam
946 4641 1252 4698 materiam
1301 4642 1598 4699 Christum
1627 4661 1799 4717 expo-
1831 4655 1878 4720 D
1910 4658 2041 4698 eam
2072 4657 2195 4710 quas
2224 4639 2284 4695 in
2316 4640 2444 4712 ipso
2493 4639 2774 4696 estﬁdem
2807 4655 2822 4696 :
2857 4641 2966 4707 Qui
3007 4639 3185 4705 enim,
3210 4636 3425 4708 inquit,
3453 4653 3568 4693 cre-

150 4738 297 4778 nens
329 4739 457 4794 quae
490 4741 523 4779 a
554 4725 675 4782 sole
705 4729 932 4800 operari
964 4747 1134 4802 posse
1162 4731 1288 4803 [γῆν
1323 4730 1426 4785 ὑπὸ
1456 4728 1620 4801 ἡλίου
1653 4731 1800 4810 ἐνερ-

150 4812 472 4884 γουμένην].
506 4814 681 4870 Terra
711 4817 867 4871 enim
901 4815 1029 4874 sine
1075 4820 1372 4876 voluntate
1419 4822 1643 4894 species
1688 4831 1796 4880 est.

149 4901 239 4955 Sic
270 4901 426 4957 enim
461 4903 661 4958 dixisti
696 4923 708 4959 :
746 4906 989 4962 Infirma
1037 4907 1140 4963 ﬁlii
1185 4925 1219 4964 a
1269 4909 1384 4966 Deo
1411 4911 1626 4967 auferri
1657 4913 1798 4968 dici-

120 5005 305 5057 'mus,
339 4992 492 5048 sicut
530 4992 1023 5051 humectationem
1055 5001 1218 5053 terra:
1253 4999 1324 5054 ab
1383 5000 1565 5057 arido.
1623 5002 1800 5060 Vides

145 5078 205 5134 in
240 5086 519 5152 quantum
551 5082 1141 5142 inconsiderationem
1167 5088 1447 5160 deponas,
1480 5092 1634 5147 sicut
1653 5093 1800 5149 dicis

148 5168 341 5224 virum
374 5171 755 5242 absumptum
788 5190 822 5228 a
850 5173 966 5230 Deo
998 5176 1185 5231 Verbo
1225 5182 1289 5232 ut
1321 5194 1424 5234 nec
1465 5179 1642 5236 homo
1673 5197 1802 5237 esse

148 5258 368 5330 possit;
403 5259 654 5316 liberum
685 5262 737 5317 ei
768 5263 1016 5320 offerens
1037 5265 1498 5324 arbitrium.Non
1531 5269 1687 5324 enim
1711 5287 1800 5326 se-

149 5348 408 5404 cundum
442 5352 739 5422 propriam
759 5357 1108 5424 potestatem
1134 5372 1146 5410 :
1181 5355 1489 5413 hominum
1512 5359 1668 5414 enim
1694 5359 1802 5414 hoc

145 5441 379 5493 tantum
412 5443 468 5495 et
497 5441 838 5515 angelorum
868 5443 1291 5500 est.Desertum
1325 5452 1519 5503 autem
1553 5448 1699 5505 dicis
1722 5448 1805 5504 fa-

148 5531 310 5582 ctum
346 5527 706 5587 Salvatorem
721 5531 1022 5588 Christum
1040 5533 1376 5606 despiciens
1391 5538 1800 5611 semetipsum,

1910 4733 1991 4787 dit
2019 4733 2081 4786 in
2109 4746 2218 4797 me,
2249 4731 2384 4786 vivit
2435 4731 2494 4785 in
2541 4736 2819 4787 aeternum
2847 4730 2911 4784 ⁷³.
2946 4729 3036 4799 Et,
3097 4729 3205 4798 Qui
3232 4727 3424 4797 diligit
3451 4742 3562 4794 me,

1908 4821 2175 4878 mandata
2201 4836 2332 4877 mea
2367 4823 2552 4876 servat
2578 4821 2644 4889 ⁷⁸,
2677 4824 2734 4876 et
2763 4817 3180 4892 reliqua.0uid
3212 4833 3350 4890 ergo
3382 4815 3564 4872 conﬁ-

1910 4912 2053 4967 teris
2082 4910 2404 4981 Christum,
2437 4911 2530 4966 dic
2564 4927 2576 4966 :
2611 4925 2797 4981 neque
2829 4925 3037 4977 unum,
3070 4923 3259 4979 neque
3289 4907 3439 4962 duos
3470 4922 3569 4978 po-

1908 5006 2000 5058 tes
2032 5001 2241 5067 dicere,
2265 5015 2372 5056 nec
2405 5002 2585 5057 Deum
2617 5015 2722 5055 nec
2755 4998 3078 5055 hominem.
3131 4998 3248 5053 Ista
3278 5000 3368 5052 est
3407 4996 3564 5052 enim

1910 5090 2171 5146 deﬁnitio
2200 5106 2404 5145 eorum
2438 5106 2565 5161 quis
2595 5106 2629 5144 a
2670 5093 2726 5144 te
2775 5086 2931 5144 dicta
2976 5091 3116 5143 sunt
3146 5103 3159 5140 :
3195 5103 3380 5157 neque
3409 5086 3567 5141 enim

1912 5185 2124 5236 natura
2161 5195 2295 5236 cum
2342 5179 2568 5249 iustum
2619 5177 2764 5233 dicis
2811 5177 2969 5234 sicut
3019 5179 3240 5244 Deum;
3277 5175 3436 5231 Deus
3481 5179 3572 5230 est

1911 5270 2068 5326 enim
2100 5269 2212 5324 hoc
2243 5273 2454 5324 natura
2483 5267 2638 5339 quod
2671 5268 2892 5323 bonum
2926 5265 3144 5322 dicitur
3177 5265 3248 5320 de
3277 5264 3430 5338 ipso,
3463 5264 3572 5320 Ju-

1913 5364 2072 5415 stum
2097 5375 2231 5414 eum
2250 5357 2398 5414 dicis
2421 5358 2576 5413 sicut
2605 5354 3569 5427 hominemjustitiaabstinentias,

1913 5449 1998 5503 sic
2031 5447 2186 5503 enim
2221 5448 2396 5504 homo
2421 5447 2642 5518 justus,
2678 5461 2784 5500 nec
2812 5443 3118 5500 indeﬁnito
3150 5445 3440 5500 decedens
3471 5459 3572 5515 ap-

1913 5553 2082 5610 pares
2107 5537 2186 5592 nil
2218 5536 2443 5593 habens
2474 5535 2629 5608 quod
2660 5534 2821 5590 dicas
2852 5533 2922 5589 de
2952 5532 3203 5590 Christo.
3236 5533 3456 5589 Deinde
3476 5531 3571 5587 di-

225 5671 270 5704 ⁵⁵
299 5670 466 5726 Rom.
501 5690 618 5739 XIV,
648 5677 702 5729 8.
778 5676 824 5711 ⁸⁸
851 5675 1021 5732 Joan.
1054 5694 1147 5745 xx,
1179 5679 1269 5734 28.
1363 5681 1406 5715 ⁸⁷
1437 5681 1590 5737 Psal.
1623 5698 1785 5738 LXXXI

155 5738 200 5774 το
227 5741 316 5774 1.-
375 5758 471 5774 nn
534 5747 557 5774 ι.
656 5747 699 5774 τι
734 5745 862 5774 ι-..ι
918 5763 1016 5774 ...η
1074 5750 1138 5774 o.
1175 5750 1314 5774 ιδῃ..
1375 5768 1439 5774 ___
1487 5754 1551 5774 sn
1598 5753 1657 5774 In
1754 5755 1794 5774 qs

1969 5680 2015 5716 ⁸⁸
2041 5685 2208 5774 δοεᾶ
2240 5680 2500 5774 ΧΨᾼΩ.
2576 5680 2622 5714 ⁸ο
2647 5677 2851 5774 Matth.
2885 5693 3038 5748 xxvn,
3073 5677 3181 5747 46;
3214 5675 3372 5749 Psal,
3402 5692 3566 5748 xxI,1.

227 5741 340 5797 Isa.
375 5758 493 5799 Lm.
527 5747 580 5800 4.
656 5747 700 5783 τί
734 5745 886 5804 Psal.
918 5763 1042 5818 xm,
1072 5741 1144 5820 3;'
1175 5750 1343 5810 Rom.
1375 5768 1461 5821 ιιι,
1485 5753 1680 5812 10-42.
1754 5755 1794 5790 ⁷²

1905 5770 1993 5811 an.
2027 5771 2106 5812 ιι.
2135 5753 2224 5810 26.
2301 5741 2544 5812 "ann.
2576 5767 2693 5824 xiv,
2722 5751 2814 5807 21.
