4162 6404
428 448 580 510 1565

1381 453 1764 516 EPISTOLA
1806 456 1909 515 AD
1956 454 2397 517 EPISCOPUM
2443 454 2890 516 PERSARUM.

3686 453 3844 514 1566

426 580 509 637 cis
542 583 863 638 secundum
897 584 1371 640 communionem
1398 585 1711 656 justiflcari
1756 586 2078 654 Christum,
2112 588 2162 653 Α
2192 590 2418 640 ctorum
2477 584 2762 640 voluntati
2819 587 3178 658 rependitur,
3239 590 3296 642 et
3350 585 3449 657 qui
3494 582 3849 641 conﬁtentur

426 687 541 725 non
580 677 790 725 natura
820 673 1195 728 exsistentem
1220 674 1474 745 justum,
1511 691 1621 730 non
1645 675 1965 747 prmvalens
1987 675 2081 729 in-

422 759 686 829 telligere
737 763 977 816 modum
1037 764 1473 818 communionis
1501 780 1628 835 quea
1660 765 1729 819 ad
1763 779 1996 819 omnem
2026 767 2083 819 et

423 850 820 919 acceptionem
855 850 1166 921 signiﬁcat,
1193 852 1347 907 sicut
1370 852 1514 907 dixit
1534 858 1590 906 et
1610 852 1897 924 sapientia
1927 852 2026 907 Dei
2063 868 2076 907 :

424 939 499 992 Da
528 938 673 991 mihi
712 954 807 993 cor
859 943 1037 1001 tuum,
1096 948 1155 995 ut
1211 943 1434 1006 sapiens
1489 943 1591 1010 ﬁas
1651 944 1710 996 in
1764 944 2079 996 novissimis

420 1027 529 1080 tuis
577 1027 642 1081 7‘.
676 1030 1027 1083 Convertens
1094 1028 1244 1083 alius
1289 1030 1570 1101 propheta
1602 1032 1787 1085 dicit:
1829 1032 2079 1086 Volunta-

422 1122 525 1169 tem
558 1117 871 1171 timentium
900 1134 955 1172 se
983 1119 1148 1188 faciet
1177 1120 1240 1172 ⁷⁸.
1267 1118 1549 1174 Voluntas
1584 1121 1789 1191 utique
1820 1120 1918 1175 Dei
1947 1137 2077 1175 san-

2191 691 2326 729 eum
2359 690 2552 729 coram
2588 674 2945 742 hominibus,
2973 676 3412 731 confitebuntur
3442 675 3513 730 ab
3563 674 3691 745 ipso
3749 688 3845 727 co-

2192 780 2318 818 ram
2352 767 2519 819 Patre
2549 765 2675 833 ejus
2709 764 2807 836 qui
2842 763 2899 819 in
2932 765 3091 820 caelis
3122 770 3231 832 est,
3257 765 3405 819 sicut
3439 764 3561 836 ipse
3592 762 3735 817 dicit
3760 761 3842 815 τοι

2188 857 2247 909 et
2279 852 2374 923 qui
2423 852 2863 923 compatiuntur
2920 853 3171 923 Christo,
3204 854 3263 907 in
3324 852 3846 907 conformationem

2190 943 2420 996 venient
2450 942 2649 1012 gloriae
2680 942 2828 1012 ejus.
2856 946 2971 996 Ista
2991 943 3144 996 enim
3177 958 3347 997 verax
3379 940 3716 997 communio
3739 938 3845 992 ho-

2188 1032 2366 1086 minis
2397 1031 2466 1085 ad
2505 1032 2683 1086 Deum
2717 1048 2832 1086 non
2866 1031 2992 1086 sine
3028 1032 3137 1085 ﬁde
3168 1030 3396 1086 ostendi
3428 1033 3620 1103 potest
3647 1033 3705 1083 et
3753 1026 3844 1081 di-

2186 1120 2490 1194 gnissimis
2522 1120 2819 1191 operibus.
2854 1141 2882 1169 ι)

811 1290 1076 1348 ΕΑΟΕἩ
1128 1292 1509 1350 EPIS'I‘OLA
1554 1293 1656 1349 AD
1702 1291 2142 1353 EPISCOPUM
2192 1292 2616 1353 l’El‘lSARUM
2664 1292 2945 1352 GRIECE
2990 1293 3091 1352 El‘
3139 1292 3443 1351 LATINE.

421 1419 898 1495 ExiBibliotheca
927 1422 1303 1491 Coisliniana,
1334 1440 1463 1494 pag.
1497 1426 1623 1478 269.
1648 1456 1703 1464 —
1740 1426 2041 1495 Epistolam
2073 1424 2381 1479 .lthanasii
2408 1422 2479 1477 ad
2501 1424 2807 1493 episcopum
2840 1428 3156 1490 Persarum,
3178 1425 3358 1493 inquit
3388 1423 3843 1495 Montfauconius.

508 1494 707 1566 Latine
760 1494 1033 1549 edidimus
1065 1497 1207 1549 inter
1266 1493 1459 1566 spuria
1491 1493 1793 1551 Athanasii
1808 1498 1979 1565 Opera
2005 1501 2135 1550 tom.
2170 1497 2238 1561 ll,
2268 1512 2323 1565 p.
2356 1497 2492 1559 649;
2528 1500 2710 1566 estque
2738 1500 2887 1549 vetus
2918 1498 3299 1561 interpretatio
3329 1494 3532 1551 Graeca:
3560 1510 3725 1565 quam
3756 1493 3847 1547 hic

490 1564 704 1638 damus,
736 1568 982 1638 epistolw
1010 1584 1028 1619 :
1061 1572 1110 1621 et
1142 1569 1203 1621 in
1234 1564 1344 1634 ﬁne
1374 1569 1625 1638 quadam
1656 1569 1821 1622 habet
1851 1564 1967 1638 qua
1994 1571 2053 1621 in
2085 1573 2239 1623 textu
2269 1564 2450 1622 Graeco
2480 1582 2591 1621 non
2616 1564 2974 1622 observantur
3004 1587 3020 1621 :
3052 1566 3267 1623 ercus
3298 1583 3459 1637 porro
3486 1564 3584 1622 ille
3607 1637 3612 1638 ί
3638 1570 3843 1629 textus,

490 1636 612 1713 licet
670 1637 1039 1713 Athanasium
1096 1642 1169 1713 in_
1191 1640 1350 1693 titulo
1381 1636 1738 1705 ementialur,
1772 1636 1903 1711 quia
1932 1650 2122 1695 tamen
2148 1642 2379 1711 antiqua
2407 1643 2487 1695 est
2518 1639 2635 1696 haec
2662 1640 2910 1709 epistola,
2943 1644 2995 1694 et
3025 1638 3209 1697 Greece
3236 1636 3524 1713 nunquam
3552 1637 3721 1707 edita,
3754 1638 3846 1693 hic

490 1708 669 1762 locum
699 1709 899 1763 habere
926 1709 1199 1766 commode
1225 1716 1419 1782 potest.

420 1857 715 1949 Ἀγαπητῷ
745 1862 940 1949 irrit-aq,~
959 1859 1047 1913 καὶ
1097 1864 1175 1949 τῷ
1228 1861 1313 1915 ὑπ’
1370 1860 1527 1949 αὐτὸν
1562 1861 1789 1949 ,κλήρω
1832 1867 1948 1924 τοῖς
1977 1863 2073 1949 τῂν

2188 1864 2391 1919 Dilecto
2418 1878 2579 1945 papae
2609 1871 2659 1917 et
2690 1863 2835 1946 clero
2866 1864 2974 1949 ipsi
3001 1863 3236 1949 subdito,
3286 1865 3461 1949 iisque
3516 1865 3843 1949 quiupersa-

543 1935 714 2056 ερσῶν
792 1931 1000 1986 οἰκοῦσι
1072 1934 1261 2008 χώραν
1312 1976 1325 2003 ,
1379 1931 1706 1997 Ἀθανιίσιος¹
1751 1931 1823 1989 έν
1896 1935 2078 2008 Κυρίῳ

543 2022 571 2054 α
604 2022 735 2056 οειν.

495 2020 735 2076 χαιρειν.

499 2147 560 2197 Ἡ
602 2143 727 2217 ἁγία
776 2143 1128 2207 θεόπνευστος
1178 2146 1363 2223 Γραφή
1408 2146 1501 2208 τὰς
1550 2150 1657 2201 τῶν
1704 2146 2075 2222 ἀρχαιοτέρων

428 2233 562 2305 ἡμῖν
614 2230 877 2308 διηγεῖται
930 2234 1187 2309 πράξεις,
1237 2234 1556 2311 ποδηγοῦσα
1610 2238 1755 2308 ἡμᾶς
1806 2235 1856 2307 ἐξ
1903 2236 2075 2291 αὐτῶν

429 2321 515 2375 ἐπὶ
546 2322 613 2375 τὶ
642 2324 895 2397 χρήσιμα
937 2328 1045 2377 τῶν
1096 2325 1403 2398 πρακτέων,
1456 2323 1922 2399 βδελυττομένους
1977 2333 2080 2381 πᾶν

428 2407 569 2472 εἶδος
628 2411 891 2485 πονηρίας
938 2414 1027 2467 καὶ
1078 2408 1410 2476 δυσσεϐείας.
1462 2416 1548 2468 Ἐν
1595 2420 1723 2490 γοῦν
1774 2421 1889 2477 τοῖς
1922 2422 2079 2469 Βασι-

426 2496 596 2561 λείοις
649 2500 811 2578 φησὶν
861 2500 1198 2574 ἡνομηκέναι
1248 2504 1337 2557 τὸν
1396 2503 1650 2578 Ἰσραήλ,
1702 2505 1790 2558 καὶ
1840 2524 2075 2580 προσκυ-

424 2594 530 2642 νεῖν
589 2591 659 2660 τῇ
714 2590 883 2645 κτίσει
942 2591 1088 2665 παρὰ
1142 2592 1233 2645 τὸν
1290 2592 1582 2649 κτίσαντα.
1643 2595 1781 2647 Ἶστε
1839 2591 1894 2647 δὲ
1953 2594 2074 2648 ὅσον

423 2679 609 2748 κακὸν,
640 2680 730 2732 τὸν
780 2681 1167 2755 Δηημιουργὸν
1222 2681 1623 2744 καταλιπόντας
1671 2683 1760 2736 καὶ
1805 2684 1902 2751 τήν
1934 2684 2079 2755 αὐτῷ

428 2766 792 2843 ὀφειλομένην
854 2766 1027 2838 δόξαν,
1088 2769 1417 2840 προσάπτειν
1481 2768 1733 2833 εἶδώλοις
1790 2772 1878 2825 καὶ
1936 2771 2021 2826 κτί
2056 2805 2076 2814 -

427 2876 615 2928 σμασι.
679 2862 847 2911 Τοῦτο
898 2855 1205 2934 δρασάντων
1265 2859 1504 2929 ἐκείνων,
1552 2860 1833 2937 ἀφίστησιν
1882 2863 1909 2915 ὁ
1949 2862 2077 2923 Θεὸς

426 2946 525 3013 τὴν
559 2945 722 3002 αὐτοῦ
776 2948 1026 3019 βοήθειαν
1079 2948 1129 3019 ἐξ
1179 2948 1379 3018 αὐτῶν,
1428 2948 1518 3003 καῖ
1566 2948 1950 3025 παραδίδονται
2001 2951 2075 3013 εἷς

429 3030 677 3089 δουλείαν
724 3041 842 3097 τοῖς
899 3035 1178 3112 ὑμετέροις
1232 3036 1561 3113 βασιλεῦσιν.
1612 3038 1979 3114 Αίχμάλωτοι
2022 3037 2079 3095 δὲ

424 3123 740 3199 γενόμενοι,
789 3124 1229 3195 καταδικάζονται
1292 3127 1391 3182 ὑπὸ
1456 3126 1922 3203 Σαλαμανασάρου
1981 3130 2074 3205 βα-

2260 1953 2382 2061 ναῖη
2440 1937 2724 2005 regionem
2781 1936 3051 2006 incolunt,
3110 1937 3463 2005 Athanasius,
3513 1936 3573 1990 in
3612 1936 3842 1992 Domino

2260 2024 2320 2061 sa
2349 2014 2515 2061 utem.

2257 2014 2515 2063 salutem.

2260 2152 2470 2203 Sancta
2500 2152 2557 2204 et
2587 2148 2869 2204 divinitus
2902 2147 3187 2220 inspirata
3229 2148 3529 2220 Scriptura
3579 2148 3849 2219 antiquo-

2191 2254 2321 2292 rum
2368 2237 2536 2293 nobis
2558 2242 2722 2309 gesta
2752 2244 3005 2305 enarrat,
3041 2254 3107 2293 ex
3140 2239 3209 2293 iis
3242 2255 3345 2293 nos
3378 2238 3446 2293 ad
3480 2237 3648 2292 utilia
3676 2254 3853 2309 opera

2190 2326 2510 2393 deducens,
2546 2332 2610 2381 ut
2639 2343 2870 2381 omnem
2903 2326 3173 2396 nequitias
3231 2332 3288 2380 et
3337 2324 3658 2396 impietatis
3717 2342 3849 2398 spe-

2189 2414 2334 2468 ciem
2398 2430 2755 2469 everscmur.
2820 2417 2880 2471 In
2938 2415 3270 2485 Regnorum
3322 2414 3519 2485 itaque
3550 2414 3715 2469 libris
3745 2415 3848 2481 ait,

2190 2504 2630 2574 praevaricatum
2668 2503 2851 2559 fuisse
2885 2504 3180 2568 lsraelem,
3205 2507 3259 2558 et
3290 2504 3531 2558 adorare
3565 2502 3849 2559 maluisse

2189 2597 2515 2647 creaturam
2550 2610 2725 2665 quam
2758 2594 3109 2648 Creatorem.
3136 2592 3310 2647 Scitis
3343 2596 3534 2647 autem
3559 2598 3844 2663 quantum

2190 2682 2413 2736 malum
2448 2682 2526 2737 sit
2556 2683 2885 2738 Creatorem
2920 2682 3269 2754 relinquere,
3305 2682 3681 2753 debitamque
3732 2682 3846 2753 ipsi

2188 2770 2432 2842 gloriam
2495 2772 2668 2827 idolis
2726 2778 2783 2827 et
2822 2771 3103 2827 creaturis
3136 2771 3473 2826 attribuere.
3510 2771 3567 2826 Id
3600 2787 3732 2826 cum
3760 2770 3843 2825 illi

2189 2866 2445 2932 agerent,
2480 2861 2667 2915 aufert
2697 2867 2847 2916 Deus
2880 2863 2950 2917 ab
2983 2861 3100 2915 illis
3132 2860 3407 2916 auxilium
3439 2877 3636 2928 suum,
3670 2864 3727 2915 et
3782 2860 3843 2916 in

2187 2956 2513 3005 vestrorum
2560 2967 2763 3021 regum
2797 2951 3136 3006 servitutem
3163 2950 3495 3006 traduntur.
3532 2951 3600 3005 Et
3632 2949 3845 3020 captivi

2188 3038 2422 3093 abducti
2448 3039 2805 3094 damnantur
2825 3057 2855 3094 a
2870 3038 3296 3095 Salmanasare.
3311 3038 3684 3111 Assyriorum
3708 3054 3843 3111 rege

2188 3128 2259 3182 ad
2294 3128 2459 3182 sedes
2493 3129 2830 3198 mutandus,
2865 3129 2945 3183 ita
2972 3134 3056 3198 ut,
3090 3127 3290 3183 relicta
3323 3132 3472 3183 terra
3501 3145 3629 3193 sua,
3664 3127 3843 3183 Palae-

422 3214 621 3276 σιΛέως
671 3214 965 3288 Ἀσσυρίων
1012 3215 1221 3286 οἷ’κησιν
1278 3217 1393 3271 ἀντὶ
1444 3220 1541 3287 τῆς
1590 3218 1765 3272 αὐτῶν
1805 3226 1929 3294 γῆς,
1967 3225 2073 3274 [Ια-

2189 3217 2341 3272 stina
2372 3234 2601 3289 nempe,
2651 3218 2708 3272 in
2772 3218 3139 3290 Assyriorum
3198 3217 3434 3289 regione
3489 3217 3842 3285 habitarent,

420 3300 702 3375 λαιστίνης
759 3305 903 3383 φημῖ
938 3349 951 3375 ,
1008 3307 1106 3374 τήν
1166 3306 1461 3379 ’Δσσυρίων
1520 3307 1570 3362 έν
1632 3306 1797 3362 ’Δλαέ
1870 3308 1959 3363 καὶ
2020 3308 2071 3363 έν

422 3392 633 3467 Ἀμωρ,
685 3399 957 3466 ποταμοῖς
1012 3397 1191 3464 Γιζὰν,
1250 3394 1339 3450 καί
1389 3395 1490 3469 ὄρη
1552 3394 1795 3467 Μήδων.
1857 3397 2072 3475 Εἷσάγει

424 3483 534 3537 ἀντ’
578 3482 753 3537 αὐτῶν
804 3481 985 3551 οἷδιησι
1034 3486 1133 3552 τήν
1192 3487 1519 3559 Σαμάρειαν,
1579 3482 1959 3549 Βαϐυλωνίους
2015 3487 2074 3543 ἐκ

419 3573 652 3639 Χουθᾶν,
707 3573 796 3627 καὶ
848 3574 952 3627 ἀπὸ
1003 3574 1167 3642 Δῖὰν,
1217 3574 1306 3629 καὶ
1358 3575 1464 3629 ἀπὸ
1515 3576 1708 3648 Ἐμᾶθ,
1758 3577 1847 3631 καὶ
1901 3583 2073 3654 Σεφα-

416 3662 609 3737 ρουὲμ,
657 3662 746 3717 καὶ
795 3661 1207 3735 κατῳκίσθησαν
1256 3665 1307 3718 έν
1352 3670 1471 3726 ταῖς
1524 3664 1716 3719 πόλεσι
1762 3666 2071 3741 Σαμαρείας

416 3749 534 3805 ἀντί
578 3754 686 3805 τῶν
744 3752 873 3806 υἱῶν
931 3751 1179 3827 Ἰσραήλ.
1241 3754 1339 3807 Καὶ
1395 3753 1601 3829 ἐγένετο
1661 3753 1711 3808 ἐν
1769 3754 1918 3831 ἀρχῇ
1974 3762 2075 3824 τῆς

416 3836 680 3915 καθέδρας
738 3840 936 3912 αὐτῶν,
997 3840 1097 3895 οὐκ
1155 3837 1499 3918 ἐφοϐήθησαν
1557 3843 1649 3897 τὸν
1715 3842 1933 3918 Κύριον,
1982 3845 2071 3898 καὶ

419 3927 730 3984 ἀπέστειλεν
783 3928 857 3990 εἴς
906 3928 1101 3991 αὐτοὺς
1149 3930 1276 3991 τοὺς
1326 3928 1570 4003 λέοντας,
1616 3931 1705 3985 καὶ
1753 3934 1887 4000 ἦσαν
1938 3931 2072 3986 ἀπο-

418 4018 717 4080 κτείνοντες
764 4018 978 4080 αὐτούς.
1032 4017 1132 4076 Καί
1182 4020 1332 4073 εἶπαν
1385 4024 1465 4092 τῷ
1517 4019 1733 4095 βασιλεῖ
1772 4021 2072 4093 Ἀσσυρίων

419 4106 668 4183 λέγοντες
701 4126 713 4138 ·
772 4108 846 4163 Τὰ
904 4105 1029 4179 ἔθνη
1089 4107 1123 4162 ’ἁ
1177 4108 1456 4171 ἀπώκισας
1496 4156 1509 4181 ,
1570 4109 1660 4164 καὶ
1712 4109 2066 4177 ἀντεκάθησας

415 4201 544 4267 (sic)
598 4197 649 4251 έν
705 4195 899 4253 πόλεσι
959 4198 1263 4274 Σαμαρείας
1298 4241 1311 4266 ,
1373 4197 1472 4254 οὐκ
1527 4197 1761 4273 ἔγνωσαν
1829 4199 1892 4253 τὸ
1949 4205 2068 4274 κρῖ-

420 4308 494 4359 μα
552 4290 676 4360 (sic)
730 4292 827 4342 τοῦ
901 4292 1039 4343 Θεοῦ
1093 4294 1193 4357 τῆς
1250 4294 1377 4363 γῆς,
1444 4287 1533 4343 καὶ
1600 4286 1884 4343 ἀπέστειλε
1941 4289 2069 4351 τοὺς

416 4373 637 4437 λέοντας
716 4375 793 4437 εἷς
868 4376 1068 4439 αὐτοῦς
1112 4421 1125 4445 ,
1185 4378 1274 4431 καὶ
1352 4374 1472 4432 ἱδού
1549 4378 1650 4432 εἰσι
1727 4379 2071 4440 θανατοῦντες

414 4464 634 4535 αὐτοὺς,
688 4464 876 4520 καθότι
935 4465 1034 4521 οὐκ
1092 4464 1265 4521 οἷ’δασι
1326 4466 1387 4521 τὸ
1444 4472 1616 4542 κρῖμα
1671 4471 1772 4521 τοῦ
1804 4472 1938 4523 Θεοῦ
1967 4475 2067 4538 τῆς

410 4561 515 4630 γῆς
550 4597 563 4611 .
622 4555 719 4609 Καὶ
796 4553 1131 4611 ένεστείλατο
1187 4557 1214 4610 ὁ
1278 4555 1532 4632 βασιλεὺς
1593 4557 1917 4633 Ἀσσυρίων,
1979 4555 2145 4662 λέ-Β

636 4644 968 4720 ’Δπαγάγετε
1026 4645 1273 4719 ἐκεῖθεν,
1317 4646 1407 4701 καὶ
1466 4647 1870 4722 πορευέσθωσαν
1904 4691 1922 4719 ,
1977 4648 2067 4701 καὶ

1179 4735 1268 4789 καὶ
1353 4740 1645 4813 φωτιοῦσιν
1736 4735 1928 4799 αὐτοὺς
2006 4736 2067 4791 τὸ

413 4664 527 4720 γων
565 4663 578 4677 ⁸

413 4735 831 4789 κατοικείτωσαν
919 4732 1029 4788 ἐκεῖ
1079 4776 1092 4801 ,

416 4828 589 4897 κρῖμα
638 4827 735 4878 τοῦ
796 4826 930 4879 Θεοῦ
1001 4830 1100 4892 τῆς
1175 4830 1279 4899 γῆς
1316 4870 1328 4882 .
1390 4829 1487 4879 Καὶ
1545 4823 1755 4901 ἤγαγον
1814 4822 1907 4881 ἕνα
1959 4831 2065 4882 τῶν

416 4913 602 4987 ἱερέων
640 4958 654 4983 ,
715 4913 788 4967 ὧν
849 4911 1125 4984 ἀπῴκισαν
1187 4912 1294 4967 ἀπὸ
1353 4914 1685 4988 Σαμαρείας,
1744 4916 1833 4969 καὶ
1890 4916 2068 4980 έκάθι-

414 5023 500 5057 σεν
557 5001 609 5056 ἰν
670 4999 898 5071 Βαιθήλ.
954 5000 1056 5057 Καὶ
1105 5002 1172 5070 ἦν
1232 5002 1259 5056 ὁ
1319 5001 1495 5077 ἱερεὺς
1545 5004 1793 5079 φωτίζων
1849 5004 2067 5075 αὐτοὺς,

417 5092 566 5152 ὅπως
626 5085 907 5168 φοϐηθῶσι
978 5091 1069 5145 τὸν
1142 5090 1338 5164 Κύριον
1376 5134 1387 5146 .
1451 5091 1546 5145 Καὶ
1607 5089 1957 5167 διδαχθέντες
2018 5096 2070 5149 οἱ

421 5184 849 5253 μετοικισθέντες
934 5180 1023 5235 τὸν
1111 5177 1400 5252 δεδομένον
1482 5178 1650 5253 νόμον
1732 5186 1847 5243 τοῖς
1928 5183 2070 5245 υἱοῖς

418 5268 658 5345 Ἰσραὴλ,
722 5269 819 5324 οὐκ
877 5268 1143 5340 ἐφύλαξαν
1206 5268 1282 5331 εἷς
1338 5267 1498 5332 τέλος
1533 5290 1544 5302 ·
1598 5269 1726 5325 ἀλλ’
1785 5273 1919 5339 ἦσαν
1980 5272 2069 5327 καὶ

412 5364 492 5431 τῷ
563 5359 720 5432 νόμῳ
797 5357 1146 5422 δουλεύοντες
1207 5360 1264 5415 έκ
1325 5360 1520 5437 μέρους
1575 5360 1664 5415 καὶ
1720 5365 1839 5421 τοῖς
1906 5359 2066 5418 ἔθεσι.

417 5447 650 5510 Τούτοις
696 5447 993 5523 κέχρηνται
1026 5443 1426 5523 ἐκϐεϐλημένοι
1482 5450 1584 5505 ὑπὸ
1639 5453 1736 5505 τοῦ
1793 5453 1946 5519 Θεοῦ,
1982 5447 2072 5505 διὰ

416 5539 479 5593 τὸ
531 5538 606 5610 μὴ
665 5538 925 5614 καθαρὰν,
984 5536 1130 5591 ἀλλά
1188 5540 1529 5615 μεμιγμένην
1588 5534 1733 5616 ἔχειν
1791 5540 1913 5594 τινὰ
1969 5537 2068 5594 λα-

417 5624 619 5700 τρείαν,
651 5622 775 5680 οὕτε
820 5630 899 5697 τῷ
943 5624 1099 5697 νόμῳ
1148 5629 1409 5697 Μωσέως,
1454 5626 1578 5684 οὔτε
1618 5634 1736 5691 τοῖς
1784 5626 1922 5693 ἔθεσι
1955 5634 2071 5691 τοῖς

2188 3322 2399 3379 nempe
2458 3307 2515 3361 in
2579 3306 2716 3362 Alia;
2765 3311 2822 3362 et
2852 3307 2909 3361 in
2942 3308 3141 3374 Amor,
3174 3306 3231 3361 in
3264 3305 3457 3361 ﬂuviis
3488 3306 3663 3362 Gizan
3697 3310 3754 3362 et
3780 3305 3842 3362 in

2189 3396 2487 3450 montibus
2520 3396 2837 3451 Medorum.
2874 3397 3086 3451 Eorum
3120 3399 3315 3450 autem
3349 3394 3474 3452 loco
3517 3395 3841 3451 Samariam

2184 3484 2410 3539 inducit
2461 3484 2808 3556 Babylonios
2869 3502 2939 3539 ex
2993 3484 3316 3552 Chusthan,
3379 3489 3436 3539 et
3489 3502 3555 3539 ex
3586 3485 3754 3554 Aian,
3787 3488 3847 3539 et

2184 3589 2252 3629 ex
2300 3574 2532 3643 Emath,
2594 3580 2651 3628 ct
2707 3591 2775 3629 ex
2833 3574 3210 3645 Sepharvem,
3265 3578 3322 3628 et
3375 3573 3637 3628 habitare
3690 3574 3844 3644 jussi

2185 3667 2323 3718 sunt
2380 3662 2439 3717 in
2498 3661 2703 3717 uribus
2762 3663 3039 3717 Samaria:
3098 3679 3201 3734 pro
3260 3662 3398 3717 {iliis
3432 3661 3627 3717 Israel.
3662 3663 3728 3717 Et
3759 3663 3843 3717 fa-

2185 3758 2344 3807 ctum
2401 3758 2489 3808 est
2556 3751 2722 3807 initio
2784 3751 3167 3807 habitationis
3236 3769 3463 3818 eorum,
3521 3768 3655 3807 cum
3724 3769 3839 3807 non

2185 3842 2459 3897 timerent
2514 3841 2853 3907 Dominum,
2914 3840 3161 3896 immisit
3219 3841 3276 3895 in
3335 3858 3434 3897 eos
3491 3840 3689 3895 leones
3738 3840 3843 3911 qui

2183 3931 2529 3986 occidebant
2586 3947 2707 3986 eos.
2766 3932 2837 3986 Et
2894 3931 3164 3986 dixerunt
3219 3930 3341 4003 regi
3399 3930 3776 4002 Assyriorum
3827 3946 3840 3985 :

2184 4019 2377 4075 Gentes
2462 4036 2595 4091 quas
2682 4020 3019 4075 transtulisti
3101 4027 3152 4074 et
3217 4020 3472 4075 hebetare
3535 4019 3716 4091 fecisti
3781 4020 3841 4073 in

2182 4109 2411 4163 urbibus
2439 4108 2735 4177 Samarias,
2762 4126 2872 4166 non
2906 4114 3175 4166 noverunt
3195 4109 3473 4181 judicium
3514 4110 3609 4165 Dei
3650 4114 3839 4179 terra,

2180 4207 2232 4253 et
2288 4200 2519 4253 immisit
2571 4199 2631 4254 in
2694 4215 2781 4255 eos
2849 4200 3046 4266 leones,
3110 4206 3163 4255 et
3231 4215 3352 4254 ecce
3418 4199 3673 4254 occidunt
3734 4215 3842 4265 eos,

2181 4290 2313 4359 quia
2366 4290 2614 4343 nesciunt
2663 4288 2945 4359 judicium
3001 4290 3101 4343 Dei
3128 4291 3308 4343 terra.
3344 4288 3406 4343 Et
3435 4290 3593 4343 misit
3620 4304 3727 4342 rea:
3756 4287 3847 4342 As-

2178 4379 2457 4448 syriorum
2505 4378 2686 4433 dicens
2716 4396 2739 4442 ,·
2772 4378 2957 4434 Ducite
3000 4378 3128 4433 inde
3181 4377 3524 4449 (sacerdotes)
3571 4381 3623 4432 et
3678 4392 3843 4433 acce-

2178 4467 2313 4523 dant
2368 4471 2419 4523 et
2472 4468 2724 4523 habitent
2779 4468 2884 4536 ibi,
2926 4477 2977 4523 et
3009 4466 3333 4523 illuminent
3362 4483 3449 4523 eos
3478 4467 3714 4535 iudiciis
3742 4468 3844 4523 Dei

2180 4562 2366 4613 terrm.
2400 4558 2462 4610 Et
2500 4556 2853 4611 adduxerunt
2910 4574 3080 4611 unum
3135 4573 3207 4611 ea:
3261 4555 3651 4625 sacerdotibus,
3709 4571 3841 4626 quos

2179 4646 2578 4701 transtulerant
2633 4662 2702 4700 ea;
2752 4648 3037 4713 Samaria,
3096 4650 3148 4701 et
3202 4646 3339 4701 sedit
3396 4647 3457 4700 in
3512 4645 3738 4702 Baethel.
3776 4645 3841 4700 Et

2178 4740 2301 4791 erat
2330 4736 2585 4790 sacerdos
2614 4736 2946 4791 illuminans
2972 4751 3059 4791 eos
3089 4738 3146 4790 ut
3202 4736 3457 4791 timerent
3521 4736 3837 4791 Dominum.

2178 4828 2253 4881 Et
2307 4825 2477 4881 edocti
2526 4826 2589 4895 ii,
2614 4827 2712 4897 qui
2740 4825 2999 4880 translati
3025 4827 3272 4895 fuerant,
3305 4826 3475 4896 legem
3505 4824 3639 4895 ﬁliis
3668 4824 3842 4879 Israel

2179 4915 2479 4979 traditam,
2510 4932 2633 4969 eam
2664 4930 2773 4969 non
2802 4916 3047 4985 perfecte
3075 4913 3472 4981 custodierunt,
3531 4913 3621 4969 sed
3670 4915 3842 4969 simul

2177 5012 2229 5061 et
2259 5006 2363 5074 legi
2391 5020 2460 5059 ea:
2507 5012 2669 5076 parte
2723 5004 3032 5059 serviebant
3089 5013 3139 5059 et
3193 5005 3398 5075 patriis
3429 5002 3840 5059 conusetudini-

2182 5095 2279 5149 bus
2308 5094 2372 5147 ⁷⁷.
2428 5098 2512 5148 Ita
2571 5110 2633 5149 se
2686 5098 3018 5164 gesserunt,
3077 5093 3361 5164 ejectique
3419 5109 3451 5147 a
3508 5091 3625 5147 Deo
3678 5098 3838 5157 sunt,

2187 5183 2343 5255 quod
2375 5200 2490 5238 non
2524 5199 2760 5254 purum,
2796 5183 2896 5237 sed
2934 5182 3171 5237 mistum
3206 5182 3435 5236 cultum
3469 5181 3836 5249 exhiberent,

2182 5289 2372 5344 neque
2400 5272 2512 5345 legi
2545 5272 2781 5345 Moysis,
2819 5288 3007 5343 neque
3054 5271 3259 5343 patriis
3311 5270 3839 5325 consuetudinibus

2181 5362 2427 5433 perfecte
2487 5363 2827 5417 servientes.
2888 5362 3017 5417 Herc
3076 5378 3208 5415 cum
3269 5361 3559 5429 sciamus,
3620 5358 3837 5425 dilecti,

2182 5468 2395 5522 purum
2420 5451 2535 5506 Deo
2556 5454 2780 5506 cultum
2804 5451 3207 5514 exhibeamus,
3225 5447 3838 5520 nulloqueimpietatis

2180 5555 2389 5611 genere
2440 5540 2807 5613 permistum,
2854 5540 2953 5596 sed
2995 5538 3437 5595 immaculatum
3465 5542 3521 5594 et
3542 5537 3836 5610 pium,cui

2183 5634 2333 5684 Deus
2391 5629 2502 5685 sibi
2563 5629 2908 5701 complacet.
2943 5629 3179 5685 Nullum
3216 5628 3370 5685 enim
3403 5625 3682 5693 admittit,
3717 5624 3836 5683 imo

491 5790 537 5823 τι
569 5789 730 5847 Prov.
763 5806 877 5862 xxx,
906 5790 996 5847 20.
1073 5791 1117 5826 ⁷⁸
1146 5790 1295 5849 Psel.
1327 5806 1509 5863 σχειν,
1543 5792 1631 5849 19.
1708 5794 1752 5827 ⁷⁸
1778 5792 1984 5852 Matth.
2016 5809 2072 5863 κ,

2188 5833 2197 5848 .
2272 5791 2315 5826 ⁷⁷
2347 5790 2421 5846 IV
2452 5789 2593 5863 Reg.
2624 5806 2763 5857 xvu,
2791 5790 2975 5847 26-33.
