4162 6398
151 413 301 475 1571
1287 414 1358 474 S.
1400 407 1794 472 ATHANASI

1974 435 2043 449 —-
2074 405 2386 469 SPUHIA.
3421 407 3577 470 i572

161 571 190 604 «
226 563 473 607 monem
504 544 831 605 Athanasii
861 542 930 604 de
959 542 1124 611 Fide,
1160 543 1342 622 cujus
1370 543 1617 604 initium
1641 547 1735 602 est
1770 559 1782 599 :
1820 537 2394 622 5¢_Quicunquepult
2441 538 2638 599 salvus
2693 559 2829 613 esse,
2864 564 2892 595 μ)
2934 539 3251 601 memoria
3308 542 3578 622 quisque

157 651 184 682 α
222 627 646 698 commendet,
678 633 740 684 et
769 644 1017 684 sensum
1048 625 1217 684 illius
1241 620 1582 702 intelligat,
1614 628 1676 682 et
1705 620 1914 702 verbis
1945 620 2384 702 communibus
2417 622 2745 680 enuntiare
2774 628 2986 700 queat.
3027 645 3054 677 ι)

237 707 592 778 Ratherius,
627 705 1015 766 Leodirensis
1045 706 1397 784 episcopus,
1427 700 1514 764 ita
1544 703 1826 784 loquitur
1855 701 1918 784 in
1943 700 2396 784 _admonitione_
2437 702 2726 784 synodali
2760 725 2789 755 «
2820 701 2889 784 Si
2948 707 3317 784 Sermonem
3380 702 3577 762 Atha-

160 812 191 845 «
223 787 382 848 nasii
439 787 716 865 episcopi
764 787 842 846 de
875 786 1024 846 Fide
1053 781 1286 845 sancta
1335 781 1842 860 Trinitatiscujus
1871 781 2120 842 initium
2145 787 2257 841 est:
2295 803 2323 835 ι
2357 781 2699 861 Quicunque
2728 781 2854 842 vult
2879 781 3076 842 salvus
3102 800 3238 855 esse,
3272 807 3300 839 ι
3338 801 3577 844 memo-

159 893 191 927 α
222 873 374 928 riter
402 873 634 928 teneat.
670 890 700 922 »

231 949 411 1010 Abbo
466 946 876 1008 Floriacensis
926 946 988 1005 in
1043 944 1349 1026 Apologia
1401 944 1480 1004 ad
1534 946 1802 1026 Francor

1974 959 2152 1026 reges
2182 942 2508 1026 Hugonem
2542 949 2603 1026 et
2637 942 2976 1026 ltobertum
3014 961 3046 1026 :7
3069 969 3099 1002 «
3132 945 3578 1026 Fidemiquam

157 1052 188 1086 «
220 1027 680 1090 alternantibus
710 1027 919 1087 choris
949 1031 1010 1086 et
1037 1021 1113 1085 in'
1135 1021 1400 1086 Francia
1420 1030 1478 1085 et
1501 1025 1671 1102 apud
1706 1022 2055 1100 Anglorum
2093 1022 2432 1082 Ecclesiam
2462 1021 2693 1102 variari
2723 1024 2968 1096 audivi;
2995 1025 3103 1086 alii
3132 1025 3298 1086 enim
3333 1021 3580 1099 dicunt,

153 1133 183 1166 ι
217 1117 287 1171 ut
317 1108 612 1181 arbitror,
641 1107 986 1168 secundum
1015 1105 1427 1167 Athanasium
1462 1129 1490 1161 »
1533 1101 1561 1164 ξ
1586 1128 1616 1160 ‹‹
1651 1102 1921 1183 Spiritus
1947 1110 2181 1163 sanctus
2209 1121 2247 1163 a
2277 1102 2467 1164 Patre
2493 1111 2548 1163 et
2570 1101 2752 1176 Filio,
2778 1124 2895 1166 non
2922 1106 3136 1186 factus,
3174 1126 3291 1167 non
3318 1116 3577 1180 creatus,

322 1188 619 1248 recedens.

153 1190 256 1250 sed
322 1190 619 1250 recedens.

233 1210 476 1331 Siculo
507 1267 839 1329 undecimo
869 1266 1133 1339 Gualdo,
1167 1266 1514 1348 monachus
1543 1261 1954 1336 Corbeiensis,
1989 1261 2100 1341 qui
2143 1262 2332 1325 Vitam
2363 1263 2693 1324 Anscharii
2721 1265 2998 1327 carmine
3037 1267 3412 1348 conscripsit
3443 1267 3580 1328 edi-

151 1354 282 1412 tam
320 1369 359 1411 a
389 1349 741 1423 Lambecio,
778 1349 914 1408 hac
944 1349 1019 1407 de
1048 1346 1352 1426 Symbolo
1384 1347 1576 1407 habet
1610 1362 1624 1404 :

442 1507 475 1539 «
505 1483 1021 1561 Catholicamque
1050 1481 1236 1542 ﬁdem
1269 1501 1460 1561 quam
1491 1479 1918 1560 composuisse
1947 1479 2193 1542 beatus.
2225 1504 2255 1536 »

435 1587 464 1619 κ
499 1567 723 1625 Fertur
754 1563 1156 1624 Athanasius.
1193 1586 1224 1620 »

229 1701 396 1765 Otho
424 1705 637 1762 autem
668 1698 1187 1777 Frisingensisita
1210 1697 1530 1777 loquitur:
1562 1722 1591 1754 α
1616 1696 1999 1777 Athanasius
2033 1715 2294 1757 manens
2315 1696 2379 1756 in
2403 1696 2684 1758 Ecclesia
2713 1699 3126 1758 Treverorum
3158 1697 3275 1759 sub
3306 1697 3584 1760 Maximo

154 1807 186 1840 ‹‹
215 1782 351 1860 ejus
381 1781 672 1842 Ecclesia
703 1776 998 1859 episcOpo
1032 1797 1046 1838 :
1089 1804 1118 1836 (ι
1155 1776 1502 1860 Quicunque
1532 1776 1746 1860 vult,»
1779 1788 1916 1860 etc.,
1951 1796 1990 1838 a
2021 1777 2405 1860 quibusdam
2437 1778 2666 1838 dicitur
2694 1778 2985 1860 edidisse.

226 1857 493 1925 Inﬁnita
525 1879 684 1941 pene
712 1857 933 1938 opera
951 1865 1114 1921 esset
1144 1857 1415 1922 cateros
1436 1859 1743 1941 sequioris
1775 1859 1892 1920 aevi
1922 1858 2261 1936 scriptores
2291 1876 2612 1941 recensere
2645 1858 2751 1937 qui
2801 1859 3177 1941 Symbolum
3231 1857 3586 1941 Quicunque

149 1944 473 2005 ascribunt
526 1939 912 2013 Athanasio;
971 1959 1242 2020 quorum
1302 1940 1689 2020 testimonia,
1737 1946 2228 2020 quantacunque
2258 1939 2623 2020 afferentur,
2659 1940 2835 2018 parvi
2871 1947 2983 2000 aut
3011 1939 3586 2020 nulliusmomenti

147 2030 294 2085 sunt
315 2023 394 2084 ad
423 2021 581 2082 illud
607 2021 955 2082 Athanasio
985 2017 1430 2082 vindicandum
1464 2021 1562 2080 vel
1590 2019 2112 2097 abjudicandum.
2132 2017 2426 2096 Adjicere
2457 2037 2580 2079 non
2613 2017 2826 2099 pigeat
2858 2038 2984 2080 non
3015 2019 3217 2080 visum
3252 2019 3583 2080 hactenus

145 2105 336 2164 fuisse
367 2105 726 2163 Gracorum
761 2102 1100 2180 quodpiam
1138 2108 1640 2172 monumentum,
1675 2105 1914 2160 certum
1947 2099 2188 2180 scilicet
2208 2117 2292 2180 ac
2347 2099 2800 2175 indubitatum,
2861 2119 2989 2176 quo
3047 2099 3128 2161 ab
3192 2101 3373 2161 annis
3430 2100 3576 2179 plus

146 2184 505 2263 quingentis
563 2178 795 2242 notum‘
843 2178 1132 2242 Ecclesia
1191 2184 1420 2263 Graca
1479 2182 1665 2263 fuisse
1697 2178 2446 2263 Symbolquuicunque
2479 2181 2672 2258 possit
2702 2181 3124 2263 comprobari.
3159 2181 3354 2242 Graci
3387 2178 3578 2263 porro

148 2261 458 2344 aequioris
521 2263 660 2335 avi,
693 2263 927 2344 Latinis
958 2283 1034 2323 ex
1067 2262 1349 2344 Symboli
1380 2262 1752 2344 auctoritate
1779 2279 1894 2344 pro
1924 2261 2191 2344 Spiritus
2218 2261 2418 2344 sancti
2475 2280 2550 2344 ex
2597 2263 2780 2323 Patre
2835 2262 3120 2344 Filioque
3176 2262 3580 2341 processione

144 2341 620 2423 comprobanda
655 2343 1041 2420 urgentibus,
1077 2343 1172 2402 vel
1204 2352 1518 2419 negarunt
1549 2342 1878 2402 Athanasii
1907 2341 2186 2423 esse._ve|
2217 2341 2570 2402 inconsulte
2603 2343 2974 2420 Symbolum
2996 2362 3034 2403 a
3055 2349 3272 2403 sancto
3307 2345 3576 2403 Doctore

145 2419 568 2504 compositum
602 2419 788 2482 fuisse
819 2423 1106 2496 confessi,
1143 2423 1497 2483 addititiam
1531 2441 1662 2504 esse
1694 2440 1930 2504 vocem,
1965 2419 2232 2504 et‘Filio,
2272 2441 2421 2504 non,
2456 2419 2662 2504 minus
2717 2423 3209 2504 inconsiderate
3237 2424 3580 2504 commenti

145 2502 316 2580 sunt,
374 2523 514 2565 cum
575 2509 818 2564 constet
869 2504 932 2563 in
990 2505 1284 2564 omnibus
1339 2503 1576 2563 Latinis
1612 2503 1931 2562 codicibus
1963 2502 2150 2562 etiam
2183 2503 2648 2580 antiquioribus
2678 2506 2787 2582 qui
2819 2504 2899 2563 ab
2920 2505 3101 2564 annis
3135 2503 3304 2563 mille
3336 2503 3578 2564 exarati

145 2593 312 2657 sunt,
347 2604 484 2646 eam
520 2584 737 2644 haberi
767 2602 1006 2644 vocem.
1043 2584 1160 2644 Alii
1191 2590 1400 2644 autem
1437 2583 1868 2661 impudentius
1893 2583 2266 2643 elfutiebant
2295 2585 2736 2656 Athanasium,
2772 2601 2913 2644 cum
2949 2584 3010 2644 id
3071 2584 3280 2662 operis
3337 2585 3572 2657 ederet,

145 2666 386 2727 ebrium
420 2665 631 2736 fuisse,
669 2683 826 2743 quos
856 2664 945 2724 ita
974 2665 1178 2744 carpit
1209 2664 1566 2725 Gennadius
1598 2683 1738 2741 cap.
1777 2668 1788 2723 l

1959 2664 2200 2744 Spiritu
2229 2671 2432 2724 sancto
2465 2684 2487 2724 .'
2520 2668 2638 2745 Οὐξιᾼ
2689 2665 2964 2745 αἰδοῦντᾳι
3010 2667 3206 2745 λέγων,
3263 2669 3337 2730 ὡς
3365 2670 3398 2745 ib
3426 2670 3575 2745 ἱερὸς

144 2752 460 2828 Ἀβαγάσιος
496 2751 742 2828 util-saec,
777 2749 1009 2828 καὶῆ-ὅτε
1036 2743 1184 2805 τάῦτ⁹
1217 2748 1690 2828 Eypaupc,_1t)vﬂpnc
1718 2752 1782 2819 ἦν

1931 2743 2057 2805 ηυζα
2089 2747 2224 2805 Non
2257 2749 2551 2804 verentur
2581 2743 2790 2805 dicere
2846 2743 3265 2806 Athanasium
3325 2743 3574 2805 ebrium

153 2849 183 2883 «
215 2827 405 2887 fuisse
437 2842 578 2886 cum
613 2825 749 2885 hac
779 2825 1100 2900 scriberet,
1135 2832 1197 2887 et
1226 2825 1669 2904 vini’plenum.
1709 2848 1737 2881 »

927 3077 1000 3137 Il.
1038 3073 1129 3136 De
1155 3073 1453 3136 codicibus
1484 3075 1544 3134 in
1574 3073 1781 3156 quibus
1811 3082 1999 3135 exstat
2032 3072 2382 3155 Symbolum
2414 3071 2804 3151 Quicunque.

228 3265 525 3327 Codicum
587 3262 866 3334 omnium
927 3263 1034 3344 qui
1093 3265 1396 3326 hactenus
1453 3265 1568 3325 visi
1611 3263 2067 3343 memoratique
2097 3268 2265 3335 sunt,
2301 3263 2775 3344 antiquissimus
2805 3264 2910 3324 ille
2941 3269 3035 3326 est
3065 3263 3175 3343 qui
3206 3264 3286 3326 ab
3319 3267 3572 3328 Usserio

145 3346 466 3419 laudatur,
498 3363 633 3406 avo
663 3343 1177 3422 GregoriiMagni
1206 3345 1618 3424 conscriptus,
1651 3346 1702 3406 si
1735 3353 1945 3405 tamen
1976 3363 2051 3405 ea
2078 3362 2223 3404 vere
2252 3343 2332 3404 sit
2361 3343 2497 3421 ejus
2547 3345 2955 3424 manuscripti
2983 3352 3136 3406 atas
3171 3363 3183 3405 :
3220 3364 3364 3406 nam
3399 3348 3579 3408 addit

149 3426 436 3488 Usserius
478 3427 853 3507 scripturam
887 3444 1020 3507 av_o
1046 3427 1548 3507 Cregoriilonge
1576 3445 1709 3486 esse
1739 3427 2170 3506 posteriorem.
2191 3425 2302 3484 Hic
2325 3426 2568 3486 nullum
2604 3426 2934 3507 pramittit
2963 3426 3285 3506 scriptoris
3317 3445 3571 3498 nomen,

146 3507 254 3568 sed
287 3507 489 3566 solum
519 3505 903 3577 inscribitur,
937 3505 1116 3566 Fides
1143 3506 1460 3568 catholica.

223 3592 391 3647 654
449 3588 812 3665 Nongentos
869 3593 1124 3664 superat
1177 3606 1377 3647 annos
1432 3586 1829 3667 Colbertinus
1887 3587 2086 3646 codex
2139 3586 2280 3656 784,
2319 3586 2645 3667 Saxonicis
2672 3587 3023 3667 descriptus
3057 3587 3297 3658 litteris,
3333 3593 3396 3648 et
3438 3607 3578 3650 mea

144 3668 398 3745 quidem
431 3667 740 3727 sententia
773 3674 914 3726 ante
947 3674 1195 3727 atatem
1229 3667 1434 3727 Caroli
1467 3667 1675 3745 Magni
1707 3666 1931 3726 editus.
1967 3667 2078 3725 Hic
2109 3667 2312 3725 media
2345 3673 2520 3744 parte
2569 3666 2647 3726 ab
2705 3666 2896 3728 initio
2946 3668 3203 3728 mutilus
3260 3675 3376 3740 est,
3442 3689 3573 3731 non

145 3748 481 3808 amissione
540 3748 672 3808 folii
727 3746 1103 3828 cujuspiam,
1163 3747 1272 3807 sed
1332 3747 1505 3828 quia
1539 3747 1830 3806 librarius
1886 3746 1996 3828 qui
2037 3746 2388 3824 exscripsit,
2423 3765 2488 3807 se
2517 3747 2605 3807 ita
2637 3748 2926 3808 mutilum
2958 3749 3232 3810 Treviris
3265 3751 3578 3828 reperisse

148 3832 438 3900 testatur,
470 3828 646 3888 nullo
677 3827 1004 3888 enuntiato
1037 3829 1311 3888 auctoris
1343 3827 1616 3887 nomine.
1653 3827 2082 3900 Quamobrum
2116 3845 2240 3886 non
2297 3845 2412 3886 sua
2468 3828 2654 3888 modo
2713 3835 2898 3889 atate
2956 3829 3222 3890 eximius
3279 3827 3396 3904 est,
3459 3832 3572 3893 sed

145 3909 334 3968 etiam
399 3908 546 3986 quia
601 3928 674 3968 ex
725 3908 1077 3986 antiquiore
1107 3907 1454 3984 descriptus
1484 3907 1701 3968 fertur.
1738 3909 1898 3969 Sunt
1929 3907 2037 3986 qui
2069 3907 2350 3968 codicem
2379 3907 2555 3967 illum
2591 3911 2747 3971 1100
2777 3929 3088 3971 annorum
3122 3928 3253 3972 esse
3284 3911 3572 3973 afﬁrma-

145 3994 318 4050 runt.
351 3988 582 4048 Verum
617 3988 797 4067 periti
829 3988 1065 4066 quique
1114 4007 1247 4049 avo
1279 3989 1526 4048 circiter
1559 3989 1763 4067 Pipini
1794 3994 2120 4049 exaratum
2155 3987 2564 4049 arbitrantur.

229 4067 402 4148 Paris
433 4068 650 4128 saltem
685 4069 1078 4146 antiquitatis
1107 4075 1199 4128 est
1231 4070 1790 4147 Sangermanensis
1820 4076 2031 4130 noster
2060 4087 2234 4128 num.
2269 4070 2409 4139 257,
2445 4069 2770 4135 Saxonicis
2801 4071 3037 4148 pariter
3065 4070 3288 4131 litteris
3343 4089 3571 4133 exara-

145 4153 270 4220 tus,
304 4147 411 4226 qui
441 4149 691 4209 titulum
725 4149 916 4209 habet
951 4167 963 4207 :
1006 4171 1034 4206 ‹‹
1070 4149 1251 4210 Fides
1283 4150 1481 4210 sancti
1511 4150 1839 4211 Athanasii
1868 4149 2148 4228 episcopi
2183 4149 2605 4210 Alexandria.

231 4229 458 4306 Regius
488 4229 686 4290 codex
719 4248 895 4292 num.
926 4230 1106 4302 4908,
1139 4249 1449 4290 annorum
1487 4248 1642 4308 pene
1673 4236 2162 4308 nongentarum,
2197 4229 2439 4288 nullum
2474 4229 2666 4291 habet
2697 4229 2981 4303 titulum,
3015 4230 3387 4308 nullumque
3419 4251 3574 4294 auc-

146 4309 581 4389 torisnomen.
615 4310 896 4387 1Equalis
925 4309 1044 4388 ipsi
1075 4318 1188 4384 est,
1224 4311 1333 4389 qui
1394 4318 1779 4372 memoratur
1828 4330 1867 4371 a
1911 4310 2274 4376 Lambecio.
2336 4317 2634 4389 extatque
2692 4311 2756 4370 in
2816 4311 3210 4372 Bibliotheca
3265 4314 3572 4388 Casarea,

146 4388 351 4472 Caroli
382 4390 592 4469 Magni
613 4390 794 4468 jussu
825 4388 1374 4471 conscriptus,’cuj
1388 4411 1456 4452 us
1487 4392 1706 4453 titulus
1736 4391 1824 4452 sic
1852 4390 2046 4452 habet
2079 4409 2094 4450 :
2137 4415 2166 4446 «
2193 4390 2374 4451 Fides
2403 4388 2604 4452 sancti
2641 4391 2971 4453 Athanasii
3000 4393 3280 4472 episcOpi
3308 4393 3580 4456 Alexan-

152 4469 348 4530 drini.
385 4493 414 4523 ›)

236 4549 592 4689 Eodexuqxil
615 4548 696 4609 ab
727 4549 974 4689 Usserio
1019 4551 1248 4612 dicitur
1302 4550 1492 4612 fuisse
1523 4550 1904 4613 Ethelstani
1931 4551 2279 4631 Anglorum
2313 4550 2498 4628 regis,
2527 4551 2618 4613 ita
2641 4551 3002 4614 inscribitur
3037 4570 3052 4614 :
3089 4578 3116 4608 «
3151 4554 3334 4615 Fides
3377 4556 3578 4618 sancti

283 4647 486 4689 anasu
599 4649 760 4689 exan
813 4649 953 4689 nni.

147 4630 486 4692 Athanasii
517 4630 953 4692 Alexandrini.

225 4710 624 4791 Colbertinus
655 4728 803 4770 num
863 4713 1039 4782 1339,
1073 4711 1179 4790 qui
1211 4712 1328 4770 fuit
1355 4711 1558 4771 Caroli
1591 4711 1765 4772 Calvi
1794 4711 2220 4791 imperatoris,
2253 4709 2612 4770 inscribitur
2647 4729 2661 4771 :
2704 4734 2732 4770 α
2769 4712 2950 4773 Fides
2979 4713 3332 4775 Athanasii.
3372 4739 3399 4772 ι

227 4792 296 4876 In
326 4790 451 4876 alio
482 4791 1006 4876 _Sangerm_an_ensi
1039 4791 1156 4876 ’700
1176 4792 1422 4851 circiter
1451 4810 1785 4876 annorum,
1823 4790 1976 4853 etin
2008 4793 2193 4853 tertio
2225 4791 2506 4871 ejusdem
2545 4793 2936 4865 monasterii,
2964 4795 3229 4855 multum
3264 4796 3580 4876 sequioris

150 4871 291 4943 avi,
326 4870 699 4950 Symbolum
731 4871 887 4930 nihil
919 4873 1046 4930 fere
1072 4873 1388 4949 discrepat
1419 4873 1500 4931 ab
1531 4873 1733 4932 editis.

232 4955 400 5036 Duos
430 4969 687 5036 quoque
714 4952 1257 5036 vidimus__c_odice_s
1286 4954 1670 5036 incanobio
1699 4952 1911 5014 Sancti
1941 4951 2312 5015 Theoderici
2345 4969 2542 5031 prope
2578 4957 2827 5028 Remos,
2854 4955 2918 5014 in
2942 4955 3172 5034 quibus
3201 4956 3576 5036 Symbolum

153 5030 501 5111 Quicunque
535 5032 692 5091 nihil
724 5032 919 5092 ferme
950 5031 1160 5091 differt
1190 5032 1270 5091 ab
1302 5033 1507 5093 editis.

233 5112 454 5172 Exstat
482 5113 628 5202 item
651 5112 783 5202 _hoc
813 5113 1183 5202 Symbolum
1215 5112 1276 5202 in
1313 5114 1526 5174 codice
1555 5113 1916 5202 Colbertino
1949 5133 2137 5202 num.
2172 5114 2330 5202 3133
2381 5111 2555 5202 nullo
2616 5115 2867 5202 praevia
2909 5116 3255 5202 scriptoris
3293 5119 3574 5202 nomine,

149 5209 461 5274 annorum
521 5193 766 5253 circiter
821 5194 964 5274 600.
1017 5196 1061 5253 E
1113 5193 1366 5271 regione
1424 5213 1570 5253 vero
1629 5196 1983 5274 conscripta
2015 5196 2248 5274 legitur
2279 5194 2558 5272 ejusdem
2593 5193 2796 5256 atatis
2827 5193 3067 5258 Gallica
3099 5197 3322 5270 versio,
3357 5200 3420 5259 in
3453 5193 3580 5262 ﬁne

152 5273 398 5355 mutila,
431 5292 621 5352 quam
654 5292 767 5355 nos
795 5273 1101 5355 edendam
1135 5274 1452 5355 duximus.
1488 5275 1637 5351 Ejus
1667 5275 1848 5336 nobis
1877 5273 2124 5355 copiam
2158 5275 2302 5336 fecit
2331 5292 2571 5353 suaque
2621 5295 2812 5338 manu
2869 5285 3196 5339 exaratam
3253 5279 3427 5341 dedit
3484 5285 3582 5342 vir

151 5352 538 5414 clarissimus
567 5353 873 5431 nobisque
903 5354 1320 5414 amicissimus
1349 5354 1661 5415 Baluzius.

230 5433 707 5518 Aliusqhabetur
730 5435 932 5518 codex
959 5435 1021 5494 in
1052 5435 1442 5518 Bibliotheca
1477 5438 1598 5494 RR.
1641 5438 1753 5518 PP.
1789 5438 2078 5496 Fratrum
2111 5436 2450 5507 minorum,
2481 5434 2563 5495 ab
2596 5439 2778 5498 annis
2808 5439 3288 5518 quadringentis
3349 5459 3578 5502 exara-

145 5517 269 5603 tus,
331 5513 439 5573 ubi
468 5515 859 5603 Symbolum
915 5521 1117 5603 exstat
1153 5515 1368 5603 hatine
1399 5533 1541 5603 cum
1575 5516 1857 5603 versione
1876 5518 2126 5603 _Gallica
2155 5536 2190 5578 e
2219 5518 2475 5603 regione
2499 5513 2964 5603 _1_tapacppaqttxmc
2997 5513 3326 5603 adornata.
3363 5522 3579 5603 Codex

150 5599 361 5654 autem
394 5600 487 5654 est
515 5595 887 5655 Psalterium
917 5596 1068 5656 olim
1101 5597 1177 5655 ad
1215 5613 1396 5656 usum
1425 5597 1824 5657 dominarum
1857 5598 1934 5658 de
1968 5599 2265 5672 Brebant,
2298 5595 2368 5659 ut
2409 5595 2728 5661 indicatur
2783 5600 2848 5660 in
2907 5601 3113 5662 fronte
3175 5601 3341 5672 libri,
3404 5602 3576 5664 hisce

149 5674 758 5758 verbis_recentiore
813 5692 1005 5758 manu
1053 5677 1424 5758 conscriptis
1455 5693 1468 5737 :
1511 5700 1540 5732 ‹‹
1567 5677 1650 5738 Ce
1680 5678 1962 5739 Psautier
1990 5679 2098 5757 qui
2129 5685 2223 5741 est
2249 5699 2326 5742 en
2363 5682 2539 5742 Latin
2568 5685 2632 5742 et
2649 5698 2724 5742 en
2758 5681 3054 5758 Frencois
3069 5687 3164 5744 est
3192 5700 3273 5744 au
3305 5687 3578 5746 couvent

162 5772 196 5813 α
225 5753 334 5814 des
363 5753 623 5817 Sereurs
653 5756 940 5817 Meneurs
969 5756 1048 5817 de
1075 5753 1514 5838 Longchamp,
1547 5763 1611 5819 et
1641 5758 1705 5819 fu
1736 5777 1863 5820 aux
1891 5753 2119 5821 Dames
2149 5760 2226 5823 de
2257 5759 2554 5824 Brebant.
2588 5783 2620 5818 »
2655 5764 2890 5826 Earum
2919 5753 3151 5826 nomen
3197 5767 3356 5838 erat,
3406 5765 3575 5828 Mar-
