4162 6362
352 426 503 487 1573
1273 420 1646 484 DIATRIBE
1693 421 1771 481 IN
1819 419 1995 480 SYMl

2124 419 2258 483 .UM
2309 419 2826 497 QUICUNQUE.
3609 426 3767 485 15⁵74

347 559 552 638 garita
599 564 659 619 et
704 559 968 630 Joanna,
1027 574 1295 635 quarum
1328 562 1507 635 pater
1538 554 1919 638 Godefridus
1943 554 2017 638 de
2050 555 2325 638 B_rebant
2357 557 2548 615 frater
2577 562 2710 615 erat
2742 558 2946 616 Maria
2979 556 3265 635 conjugis
3294 557 3459 635 regis
3487 556 3770 637 Philippi

354 635 646 703 Audacis.
683 641 750 699 In
787 638 1151 715 hujusmodi
1184 638 1418 710 codice,
1458 637 1623 716 quod
1659 654 1767 715 per
1816 635 1973 694 mihi
2024 635 2250 695 mirum
2314 638 2511 696 visum
2573 644 2685 707 est,
2751 638 2966 697 Latino
3024 640 3327 715 Symbolo
3389 639 3487 697 hic
3550 635 3770 699 titulus

401 721 798 781 ramittitur:
856 741 884 775 ct
942 718 1268 778 Canticum
1328 717 1643 778 Bonefacii
1676 740 1705 770 ››
1766 733 1779 773 :
1834 717 1895 775 in
1930 716 2134 775 fronte
2166 722 2375 775 autem
2411 716 2663 776 Gallica
2695 718 2993 777 versionis
3025 736 3057 777 e
3109 720 3361 795 regione
3415 719 3771 779 istiusmodi

401 741 798 781 ramutuur:
856 741 884 775 κ
942 741 1268 778 uanucum
1328 741 1643 778 DOHBIECII
1676 741 1705 770 ))
1766 741 1779 773 ζ
1836 741 1895 775 ιιι
1930 741 2134 775 ιιύιιιθ
2166 741 2375 775 auwm
2411 741 2663 776 uauicw
2695 741 2993 777 νει-8101118
3025 741 3057 777 ϐ
3109 741 3361 795 regione
3416 741 3767 779 lsnusmoal

352 741 581 877 ﬁgitur
611 800 932 877 inscriptio
968 817 981 857 :
1026 820 1056 855 α
1086 804 1166 858 Ge
1197 800 1388 857 chant
1419 800 1511 857 fut
1543 798 1707 856 saint
1740 796 2087 855 Anaistaise
2119 798 2227 874 qui
2257 796 2621 875 opostoilles
2652 799 2729 855 de
2765 802 2977 857 llome.
3031 821 3060 851 »
3128 801 3326 875 Hujus
3383 818 3569 877 porro
3627 817 3767 859 ver-

356 883 549 942 sionis
582 900 771 941 manu
803 897 917 940 sua
939 879 1266 957 exscripta
1287 880 1467 939 nobis
1489 878 1738 957 copiam
1775 877 1918 935 fecit
1949 878 2041 935 vir
2066 877 2346 937 eruditus
2378 884 2597 937 Petrus
2629 879 2924 951 Pelester,
2955 877 3007 956 ej
3021 897 3088 937 us
3120 879 3391 939 canobii
3432 879 3768 940 bibliothe-

358 980 590 1023 canus.

435 1068 892 1129 Felckmannus
922 1065 998 1126 de
1028 1065 1350 1125 codicibus
1380 1064 1608 1142 quibus
1638 1064 1771 1141 ipse
1802 1068 1895 1122 est
1928 1082 2075 1123 usus
2105 1064 2193 1123 ita
2222 1064 2503 1142 loquitur
2537 1081 2550 1122 :
2592 1088 2622 1119 «
2654 1066 2873 1125 Exstat
2904 1064 3023 1124 hoc
3059 1064 3428 1142 Symbolum
3461 1066 3522 1124 in
3557 1072 3774 1126 nostro

361 1172 390 1207 α
422 1150 634 1208 codice
665 1152 700 1207 2
732 1165 1073 1225 anonymo,
1109 1147 1216 1206 sel)
1248 1147 1486 1223 absque
1516 1145 1698 1204 titulo
1730 1151 1791 1203 et
1820 1144 2073 1203 nomine
2104 1146 2397 1216 auctoris,
2438 1146 2601 1204 unde
2630 1152 2691 1205 et
2722 1146 2807 1204 sic
2839 1146 3101 1205 editum.
3145 1146 3465 1205 Invenitur
3493 1146 3555 1205 id
3600 1147 3775 1205 simi-

359 1253 389 1285 ‹‹
420 1230 560 1289 liter
592 1229 650 1288 in
686 1224 1055 1305 fragmentis
1088 1227 1304 1286 Hilarii
1338 1226 1648 1285 historicis
1692 1224 1756 1283 in
1806 1226 1944 1305 cod.
1993 1226 2187 1284 veteri
2222 1232 2380 1305 part.
2427 1242 2467 1283 ιι
2500 1225 2615 1285 sub
2646 1226 2857 1285 ﬁnem.
2896 1226 3253 1285 Invenimus
3280 1226 3551 1305 idipsum
3585 1227 3775 1286 etiam

358 1334 387 1367 «
419 1316 561 1389 post
590 1308 650 1367 in
686 1304 899 1389 codice
930 1308 1203 1389 quodam
1236 1306 1539 1389 Palatina
1571 1304 2595 1389 Biblioth._expresse’Athanasio
2643 1306 3014 1389 inscriptum
3059 1305 3238 1389 _(licet
3264 1306 3367 1389 _id~
3398 1306 3778 1367 recentiores

356 1413 386 1446 «
420 1384 617 1451 Graci
649 1388 873 1460 nolint,
909 1384 975 1447 ut
1006 1388 1214 1447 videre
1246 1393 1337 1446 est
1366 1406 1437 1445 ex
1476 1386 1752 1465 Epistola
1786 1384 2014 1467 Meletii
2053 1386 2732 1467 Constantinopolitani
2778 1384 3153 1464 patriarcha
3204 1386 3284 1447 ad
3334 1387 3655 1467 Douzam),
3700 1406 3777 1448 ex

357 1495 387 1527 ‹‹
420 1490 543 1549 quo
575 1469 762 1530 etiam
796 1468 1246 1547 discrepantias
1278 1467 1582 1546 quasdam
1630 1466 2012 1527 notabimus.
2046 1486 2075 1522 υ
2132 1468 2279 1527 Hac
2331 1466 2812 1527 Felckmannus.

436 1580 523 1638 De
555 1575 782 1636 Gracis
812 1580 1021 1635 autem
1057 1574 1375 1635 codicibus
1405 1592 1607 1651 pauca
1637 1578 1983 1651 suppetunt
2011 1572 2294 1645 dicenda,
2330 1591 2470 1632 cum
2504 1592 2698 1633 unum
2734 1580 2975 1633 tantum
3011 1573 3191 1633 nobis
3230 1574 3537 1652 inspicere
3581 1574 3777 1634 licue-

354 1658 457 1730 rit,
495 1656 730 1717 scilicet
762 1658 911 1733 Reg.
944 1655 1122 1729 2502,
1157 1655 1219 1714 in
1273 1673 1398 1733 quo
1440 1659 1644 1714 exstat
1691 1653 2061 1732 Symbolum
2112 1654 2431 1732 superiore
2480 1654 2711 1714 saculo
2763 1660 3114 1714 exaratum.
3169 1657 3256 1715 De
3307 1655 3495 1715 variis
3546 1655 3775 1715 Gracis

355 1737 644 1799 formulis
672 1736 837 1797 infra
868 1735 1140 1814 agimus.

1122 1951 1226 2011 ΙΙΙ.
1264 1948 1613 2030 Symbolum
1656 1949 2026 2027 Quicunque
2064 1949 2167 2010 cui
2198 1950 2273 2009 sit
2314 1952 2551 2010 auctori
2584 1949 3017 2012 ascribendum.

443 2142 523 2201 Ut
555 2137 850 2215 colligere
873 2143 965 2197 est
994 2156 1070 2197 ex
1102 2143 1381 2196 veterum
1417 2137 1811 2205 testimoniis,
1835 2141 2025 2214 atque
2055 2155 2129 2196 cx
2162 2137 2446 2196 coulicum
2480 2136 2991 2215 inscriptionibus
3022 2137 3309 2215 superius
3344 2140 3780 2214 recensitis,ab

362 2219 548 2279 annis
581 2220 720 2297 plus
753 2217 921 2277 mille
968 2218 1337 2296 Symbolum
1396 2219 1738 2297 Quicunque
1785 2216 2127 2276 Athanasio
2178 2218 2294 2275 fuit
2341 2219 2703 2295 ascriptum.
2759 2226 2837 2276 At
2884 2217 2946 2275 id
3002 2236 3124 2277 non
3176 2219 3307 2277 sine
3355 2224 3781 2283 controversia

362 2300 710 2359 admissum
744 2299 932 2357 fuisse
959 2300 1180 2358 suadet
1209 2297 1496 2358 codicum
1532 2297 1899 2370 multorum,
1934 2299 2118 2357 etiam
2143 2298 3187 2374 antiquissimorum,auctoritas,in
3205 2299 3431 2376 quibus
3460 2302 3785 2362 Athanasii

364 2398 597 2440 nomen
632 2379 887 2439 minime
918 2384 1242 2456 comparet
1276 2399 1289 2439 :
1339 2378 1561 2437 suadet
1608 2379 1753 2437 item
1799 2378 1903 2437 ille
1947 2378 2232 2456 superius
2281 2396 2317 2435 a
2369 2378 2545 2437 nobis
2580 2386 2962 2437 memoratus
2992 2380 3214 2449 codex,
3251 2379 3357 2457 qui
3392 2382 3782 2442 Bonifacium

363 2466 683 2521 auctorem
717 2459 995 2519 exhibet.
1029 2460 1230 2518 Probe
1263 2458 1493 2538 quippe
1527 2458 1880 2537 conjectare
1912 2458 2056 2517 licet
2086 2458 2410 2539 Bonifacio
2442 2459 2815 2517 attributum
2853 2459 3060 2533 fuisse,
3113 2460 3261 2536 quia
3307 2478 3489 2520 verus
3536 2480 3783 2539 germa-

368 2558 610 2619 nusque
641 2547 1026 2622 auctornon
1080 2546 1265 2622 notus
1309 2544 1515 2622 esset“:
1570 2557 1713 2599 nam
1768 2539 1817 2599 si
1871 2558 1985 2622 pro
2034 2538 2360 2622 Athanasii
2406 2540 2755 2622 fetu‘vulgo
2789 2539 3073 2622 habitum
3106 2540 3344 2611 fuisset,
3380 2538 3782 2622 nequaquam

369 2622 505 2700 ejus
536 2622 671 2681 loco
702 2620 1172 2680 substituendus
1194 2620 1397 2701 fuerat
1427 2619 1609 2679 alius.
1636 2622 1789 2679 Nam
1812 2620 2014 2701 solent
2034 2620 2117 2701 ad
2147 2619 2757 2701 commendationem
2785 2639 2978 2698 opera
3008 2620 3419 2701 obscurorum
3455 2619 3785 2701 minusque

371 2699 667 2762 notorum
704 2702 1030 2760 hominum
1083 2700 1401 2779 praclaris
1449 2701 1706 2759 attribui
1757 2699 2210 2777 scriptoribus;
2268 2700 2443 2777 atqui
2498 2707 2739 2759 tantum
2792 2708 2885 2759 est
2930 2700 3258 2759 Athanasii
3308 2720 3537 2762 nomen
3593 2699 3786 2765 utne

377 2783 672 2858 cogitarit
702 2782 954 2858 quidem
991 2785 1304 2859 quispiam
1339 2779 1640 2858 majorem
1676 2799 1749 2839 ex
1795 2781 1919 2840 alio
1954 2780 2226 2840 mutuari
2256 2780 2720 2840 auctoritatem.
2758 2780 3075 2841 Accedunt
3108 2786 3411 2857 praterea
3445 2784 3785 2845 multorum

376 2863 720 2942 prasertim
755 2862 1083 2942 undecimo
1115 2861 1344 2942 saculo
1376 2862 1750 2939 scriptorum
1783 2861 2162 2932 testimonia,
2196 2862 2304 2937 qui
2334 2860 2561 2942 diserte
2600 2861 2775 2920 aiunt
2822 2880 2859 2920 a
2907 2861 3284 2939 quibusdam
3318 2866 3563 2923 tantum
3595 2866 3787 2925 tribui

372 2941 717 3004 Athanasio
750 2941 1120 3020 Symbolum
1156 2941 1518 3021 Quicunque,
1552 2942 1947 3019 innuuntque
1981 2960 2105 3000 non
2125 2958 2268 3022 esse
2302 2959 2430 3022 rem
2464 2941 2650 3017 vulgo
2686 2947 3024 3019 receptam.
3062 2942 3238 3003 Unde
3282 2944 3582 3022 consequi
3615 2945 3786 3006 vide-

370 3030 497 3096 tur,
530 3022 923 3102 Symbolum,
958 3040 1082 3100 quo
1114 3020 1485 3100 tempore’in
1518 3022 1721 3082 lucem
1756 3022 2005 3099 prodiit,
2039 3020 2367 3081 Athanasii
2400 3040 2521 3081 non
2560 3022 2905 3102 pratulisse
2936 3040 3190 3081 nomen.
3215 3023 3337 3082 Sed
3370 3023 3476 3083 ubi
3497 3020 3543 3084 Va
3578 3027 3785 3087 nescio

375 3042 497 3096 tur,
530 3042 923 3102 bymoomm,
958 3042 1082 3100 quo
1114 3042 1396 3100 tempore
1423 3042 1485 3080 1n
1518 3042 1721 3082 lucem
1756 3042 2005 3099 prouni,
2039 3042 2367 3081 Athanasu
2400 3042 2521 3081 non
2560 3042 2905 3160 pratunsse
2936 3042 3190 3081 nomen.
3215 3042 3337 3082 aea
3370 3042 3476 3083 um
3506 3044 3543 3084 a
3578 3044 3785 3087 neseio

375 3123 499 3182 quo
533 3102 792 3163 attribui
823 3102 1169 3184 Athanasio
1201 3102 1647 3184 captumgfuit,
1682 3102 1905 3162 exinde
1940 3120 2224 3184 manasse
2258 3108 2323 3160 ut
2354 3102 2413 3161 in
2451 3120 2554 3163 mu
2587 3103 2663 3162 tis
2691 3102 3011 3184 codicibus
3043 3120 3273 3184 nomen
3322 3103 3457 3181 ejus
3505 3107 3787 3184 pramit-

375 3190 633 3245 teretur.
670 3184 741 3243 Et
775 3201 923 3242 vero
954 3200 1025 3242 ex
1061 3183 1258 3243 tribus
1288 3182 1607 3242 codicibus
1640 3184 1748 3262 qui
1778 3183 1981 3243 Caroli
2015 3182 2224 3260 Magni
2254 3189 2505 3243 atatem
2549 3201 2847 3260 superare
2895 3183 3354 3252 existimantur,
3406 3182 3576 3245 solus
3626 3190 3787 3248 San-

378 3264 805 3343 germanensis
860 3282 1087 3323 nomen
1138 3263 1392 3323 exhibet
1442 3264 1788 3336 Athanasii,
1842 3282 1967 3342 quo
2014 3264 2296 3323 innuitur
2348 3264 2554 3323 minus
2605 3264 2995 3341 frequentem
3046 3271 3195 3324 tunc
3242 3264 3432 3325 fuisse
3480 3266 3791 3345 ejusmodi

374 3345 870 3423 inscriptionem.

466 3452 645 3511 Falso
675 3452 889 3529 itaque
920 3451 1259 3529 ascriptum
1292 3451 1638 3511 Athanasio
1669 3452 2077 3517 arbitrantur.
2126 3456 2256 3511 tum
2292 3468 2367 3511 ea
2396 3469 2583 3529 quam
2617 3469 2806 3529 supra
2838 3451 3345 3521 memoravimus,
3398 3458 3531 3513 tum
3582 3455 3796 3515 multis

384 3533 522 3593 aliis
554 3532 629 3591 de
668 3532 891 3591 causis.
920 3534 1009 3591 Ex
1041 3532 1269 3609 quibus
1297 3532 1407 3591 illa
1439 3532 1709 3592 maxime
1741 3538 1944 3609 urget,
1970 3532 2138 3609 quod
2172 3550 2207 3591 a
2241 3533 2486 3591 nemine
2517 3533 2919 3609 antiquorum
2953 3538 3096 3592 ante
3128 3534 3463 3610 septimum
3496 3536 3793 3596 saculum

384 3618 931 3673 commemoretur.
970 3617 1154 3694 Sane
1202 3620 1326 3671 tam
1378 3614 1697 3689 egregium
1748 3622 2146 3694 opusculum,
2198 3632 2235 3672 a
2293 3619 2468 3672 tanto
2517 3616 2820 3690 scriptore
2870 3612 3335 3683 concinnatum,
3391 3634 3791 3694 nequaquam

387 3694 635 3753 silentio
672 3692 1273 3771 pratermittendum
1306 3700 1479 3765 erat;
1533 3696 1595 3751 in
1629 3694 1753 3752 illis
1786 3694 2055 3753 maxime
2085 3693 2643 3773 disceptationibus
2674 3712 2811 3769 qua
2844 3711 2983 3773 cum
3025 3694 3420 3764 Nestorianis,
3461 3692 3797 3773 Eutychia-

391 3776 612 3852 nisque
642 3774 882 3833 oborta
913 3779 1077 3832 sunt.
1129 3773 1457 3834 Athanasii
1503 3774 1737 3852 quippe
1784 3774 2221 3835 auctoritatem
2276 3774 2481 3851 magni
2534 3772 2845 3832 faciebant
2892 3772 3169 3833 haretici
3216 3773 3330 3833 illi.
3382 3776 3540 3847 Quid
3580 3772 3797 3837 causa

391 3854 583 3931 igitur
608 3861 762 3935 erat,
799 3854 966 3935 quod
1012 3871 1125 3912 nec
1173 3872 1211 3913 a
1257 3855 1483 3913 Gracis
1531 3872 1643 3935 nec
1691 3872 1728 3913 a
1778 3854 2009 3913 Latinis
2053 3855 2426 3913 atferrentur
2459 3856 2593 3913 loca
2626 3873 2701 3913 ex
2735 3854 2851 3913 hoc
2885 3854 3185 3931 Symbolo
3216 3863 3534 3934 excerpta,
3568 3857 3797 3935 quibus

388 3953 631 4016 errores
659 3933 969 4011 ejusmodi
1001 3937 1162 4016 θη
1196 3934 1651 4016 confutantur?
1682 3936 1823 4016 Nec
1871 3935 2180 4016 estquod
2234 3941 2593 4016 reponatur,
2644 3952 2780 3993 eam
2827 3940 3019 4016 totam
3070 3942 3309 4012 partem
3342 3933 3625 4014 symboli
3654 3956 3797 4016 qua

386 4015 885 4075 incarnationem
920 4013 1165 4072 Domini
1196 4014 1466 4091 respicit,
1505 4013 1752 4093 nonnisi
1784 4021 1922 4091 post
1952 4015 2093 4074 illas
2122 4020 2372 4073 exortas
2403 4014 2670 4073 hareses
2702 4015 2988 4091 symbolo
3020 4016 3208 4074 fuisse
3240 4013 3551 4093 adjeCtam
3588 4038 3601 4078 :
3650 4013 3794 4079 nam

385 4095 451 4177 id
484 4095 678 4172 gratis
707 4094 963 4177 omnino
995 4093 1241 4177 dicitur,
1273 4111 1416 4152 cum
1449 4093 1510 4177 ign
1542 4092 1834 4177 omnibus
1863 4094 1969 4171 qui
2005 4094 2447 4177 hactenu_s_vi_si
2479 4101 2623 4177 sunt
2654 4094 2971 4177 codicibus
3002 4092 3331 4177 integrum
3362 4102 3561 4157 exstet
3610 4099 3796 4177 Sym-

386 4175 627 4245 bolum,
668 4181 736 4234 ut
769 4174 1077 4251 hodieque
1108 4174 1425 4255 recitatur.
1454 4175 1773 4255 rPraterea
1804 4176 1863 4233 in
1897 4174 2223 4233 catholica
2258 4174 2400 4233 fidei
2434 4174 2924 4250 professionibus
2955 4176 3247 4233 omnibus
3297 4183 3485 4253 atque
3529 4174 3799 4255 Symbo-

387 4255 486 4329 lis,
522 4274 644 4315 non
678 4258 753 4314 de
783 4255 1087 4315 Trinitate
1119 4254 1330 4326 modo,
1364 4254 1468 4335 sed
1501 4255 1687 4314 etiam
1720 4255 1797 4314 de
1832 4254 2266 4314 incarnatione
2298 4255 2525 4335 agitur,
2564 4260 2631 4335 ut
2661 4255 2867 4312 videre
2899 4262 2990 4335 est
3028 4256 3090 4314 in
3124 4255 3427 4332 Symbolo
3457 4254 3793 4335 Apostolo-

390 4355 530 4396 rum
565 4338 625 4394 in
667 4336 1012 4417 Nicanoet
1042 4335 1271 4417 inaliis
1303 4334 1676 4417 quibusque.
1718 4335 2141 4407 Quamobrem
2174 4354 2298 4395 non
2332 4334 2534 4413 potuit
2563 4334 2624 4393 in
2659 4340 2785 4394 tam
2819 4334 3065 4413 prolixo
3097 4336 3398 4413 Symbolo
3434 4334 3800 4417 mysterium

390 4416 844 4477 Incarnationis
876 4415 955 4475 ab
986 4414 1163 4475 initio
1196 4416 1611 4494 pratermitti.

475 4523 567 4582 Ad
604 4522 755 4604 hac.
794 4522 842 4580 si
874 4522 1014 4600 quis
1045 4521 1189 4581 ﬁdei
1218 4521 1524 4604 formulas
1552 4521 1649 4581 vel
1681 4521 1761 4581 ah
1794 4521 2294 4604 Athanasio,4vel
2326 4520 2648 4604 Athanasii
2671 4540 2815 4604 avo
2845 4522 3242 4604 conscriptas
3263 4540 3404 4583 cum
3454 4522 3573 4585 hoc
3619 4524 3804 4604 Sym-

390 4603 539 4663 bolo
570 4603 872 4673 conferat,
906 4609 1150 4661 tantum
1186 4603 1645 4663 animadvertet
1675 4604 1836 4663 inter
1865 4604 1972 4663 illa
2004 4602 2402 4673 discriminis,
2438 4610 2507 4661 ut
2537 4603 2629 4660 vel
2666 4602 2811 4659 hinc
2842 4601 3049 4661 solum
3095 4601 3249 4661 nihil
3293 4610 3643 4678 cunctetur,
3664 4601 3677 4604 ’
3698 4606 3805 4666 alii

392 4702 527 4742 avo
558 4701 748 4761 quam
795 4682 1243 4764 Athanasiano,
1300 4684 1403 4742 alii
1458 4684 1767 4761 scriptorii
1820 4702 2008 4762 quam
2061 4683 2405 4742 Athanasio
2454 4684 2822 4755 Symbolum
2874 4682 3260 4758 adjudicare.
3322 4687 3648 4745 Percurrat
3694 4687 3803 4764 qui

391 4764 660 4824 voluerit
690 4782 845 4840 quas
878 4763 1254 4821 Athanasius
1286 4771 1576 4823 accurate
1616 4765 1868 4841 collegit
1910 4765 2003 4823 sui
2052 4764 2167 4822 avi
2216 4764 2359 4822 ﬁdei
2409 4764 2849 4822 confessiones.
2901 4771 2994 4821 An
3044 4764 3381 4823 formulam
3431 4766 3639 4835 istam,
3694 4763 3808 4826 lies

390 4863 689 4924 personas,
717 4849 825 4903 aut
849 4849 1073 4913 tirace,
1099 4854 1243 4921 τρεῖς
1278 4850 1595 4911 ὑποστάσεις
1630 4844 1689 4901 in
1723 4844 2191 4905 Catholicorum
2225 4844 2523 4921 symbolis
2547 4844 2882 4902 admissam
2905 4848 2967 4902 et
3001 4844 3459 4919 promulgatam
3496 4846 3809 4924 reperiet?

400 4924 566 4984 Licet
599 4925 762 4983 enim
796 4942 921 4983 una
951 4924 1295 5001 eademque
1327 4943 1574 5000 semper
1603 4924 1790 4983 fuerit
1833 4943 1907 4983 ea
1956 4927 2033 4985 de
2074 4943 2140 4984 re
2178 4924 2463 4983 Ecclesia
2496 4924 2803 4991 doctrina,
2841 4924 3115 4982 nondum
3151 4931 3359 4983 tamen
3396 4926 3490 4985 ha
3523 4926 3808 4987 formula

395 5004 457 5063 in
495 5005 767 5064 Ecclesia
800 5014 1064 5081 recepta
1099 5005 1191 5062 vel
1236 5004 1297 5062 in
1348 5005 1628 5063 confesso
1677 5012 1879 5076 erant,
1930 5012 1999 5064 ut
2046 5004 2242 5063 fusius
2290 5005 2777 5079 comprobamus
2827 5003 2888 5061 in
2936 5004 3310 5065 Prafatione
3361 5008 3660 5081 generali.
3700 5008 3811 5068 Ille

398 5085 543 5144 item
580 5086 862 5162 Symboli
896 5085 1275 5143 Versiculos:
1314 5108 1343 5139 ‹‹
1375 5084 1643 5161 Spiritus
1675 5091 1926 5144 sanctus
1958 5104 1994 5144 a
2029 5088 2208 5143 l’atre
2242 5092 2302 5143 et
2335 5085 2510 5153 Filio,
2540 5104 2661 5143 non
2696 5086 2919 5154 factus,
2946 5102 3055 5142 nec
3089 5094 3355 5154 creatus,
3387 5104 3497 5145 nec
3530 5089 3804 5163 genitus,

403 5189 432 5219 (ι
468 5166 573 5223 sed
627 5166 992 5240 procedens,
1026 5188 1055 5218 »
1112 5184 1235 5223 non
1281 5172 1395 5235 est,
1442 5172 1509 5223 ut
1539 5183 1723 5224 nemo
1755 5166 1990 5241 peritus
2021 5184 2143 5224 non
2180 5165 2493 5233 fatebitur,
2532 5165 2741 5223 saculi
2776 5164 3203 5223 Athanasiani.
3239 5166 3609 5243 Quanquam
3643 5169 3809 5228 enim

405 5246 787 5305 Athanasius
811 5246 1110 5319 Spiritum
1136 5253 1417 5305 sanctum
1444 5264 1518 5304 ex
1544 5248 1724 5305 Patre
1746 5251 1934 5323 atque
1959 5263 2033 5305 ex
2064 5245 2223 5305 Filio
2255 5263 2508 5303 manare
2543 5263 2665 5303 non
2697 5245 2887 5325 semel
2918 5244 3200 5304 docuerit
3235 5245 3296 5304 in
3329 5246 3455 5305 suis
3493 5266 3633 5325 qua
3677 5248 3810 5323 jam

401 5332 649 5385 exstant
677 5326 995 5403 operibus,
1032 5325 1127 5384 his
1158 5332 1367 5386 tamen
1402 5326 1686 5384 formulis
1717 5344 2041 5405 nunquam
2072 5332 2167 5385 est
2198 5344 2344 5385 usus
2380 5342 2392 5383 :
2450 5326 2773 5401 multoque
2807 5324 3012 5384 minus
3041 5325 3166 5384 illa
3196 5325 3258 5384 in
3302 5324 3605 5405 symbo1is
3634 5328 3811 5388 ﬁdei-

403 5425 525 5484 que
556 5405 1049 5466 confessionibus
1080 5406 1284 5465 locum
1322 5406 1619 5466 habuere.
1657 5409 1789 5467 Non
1822 5404 1949 5466 olet
1978 5407 2127 5465 item
2156 5406 2568 5465 Athanasium
2602 5405 2708 5465 sed
2743 5404 3205 5481 Eutychianum
3240 5404 3441 5467 avum
3479 5408 3590 5468 illa
3638 5409 3811 5469 clau-

403 5487 587 5577 spla__:
637 5510 678 5577 _«
710 5488 886 5577 Unus
932 5489 1190 5577 omnino
1236 5505 1362 5547 non
1412 5487 1781 5577 confusione
1816 5486 2348 5577 substantia-sed
2395 5485 2631 5577 unitate
2664 5503 3033 5577 personna._»
3088 5488 3261 5577 I_.icet
3282 5488 3466 5577 enim
3486 5488 3813 5577 quidpiam

405 5566 605 5659 simile
634 5566 696 5659 in
727 5566 863 5644 ejus
891 5566 1138 5659 scriptis
1166 5574 1572 5646 compareat;
1618 5568 1895 5629 nondum
1930 5574 2141 5628 tamen
2173 5567 2531 5627 obtinuerat
2566 5572 2632 5626 ut
2661 5565 2722 5624 in
2756 5565 3246 5643 professionibus
3277 5568 3422 5629 fidei
3454 5565 3817 5648 hujusmodi

408 5646 721 5707 sententia
749 5666 864 5707 usu
896 5646 1151 5707 veniret.

492 5754 624 5815 Huc
655 5753 896 5815 accedit
925 5752 1210 5834 Symboli
1238 5752 1433 5815 verba
1456 5754 1961 5837 sententiamque
1997 5753 2288 5818 Latinum
2316 5752 2598 5814 indicare
2627 5751 3022 5833 scriptorem,
3054 5768 3261 5833 neque
3290 5754 3486 5817 ullam
3517 5754 3821 5822 versionis
