2081 3187
3 2694 14 2702 μ

0 2724 3 2737 l

0 2753 11 2774 κ

0 2835 13 2863 Ξ

0 2895 19 2940 εἴ.

0 2940 19 2978 τέ

0 2994 19 3036 ἕι

0 3043 18 3055 Ἰ

15 2870 30 2885 β

14 2915 30 2938 ..ὁ

14 2940 24 2949 ι
30 2940 38 2953 ,ν

20 2999 38 3009 ς.

16 3015 37 3028 ,ί

23 3031 34 3046 μ

14 3043 18 3055 l

37 2968 42 2977 ,ο

197 204 274 235 1575
768 205 801 234 S.
824 204 1090 236 ATHANASIUS.
1108 220 1147 228 -
1161 204 1318 236 SPURIA.
1821 211 1892 242 1575

196 280 233 300 ex
249 272 356 301 Graeco
372 269 462 299 facta:
478 273 585 300 notam
602 271 761 309 prmferre.
781 270 813 301 Si
838 280 960 301 versum
987 280 1025 301 ex
1050 270 1157 301 Grzeco
1183 272 1303 308 fuisset,
1331 272 1431 302 multa
1447 274 1562 303 Graecae
1579 273 1766 307 dictionisin
1791 276 1894 309 Latina

195 310 453 354 interpretatione
465 314 699 354 comparerent,
720 311 764 354 uti
779 311 858 341 solet
872 312 903 341 in
926 312 993 350 ejus
1010 312 1278 354 (evi_versionibus
1294 313 1464 354 observari.
1482 315 1588 353 Neque
1603 314 1664 344 dici
1680 323 1767 354 posse
1780 316 1894 348 videtur

196 351 237 393 ab
263 351 436 393 Athanasio
462 351 555 393 fuisse
578 351 685 393 Latine
700 351 817 381 editum
838 360 844 380 :
874 351 1187 393 namqueﬂscriptoris
1202 355 1248 382 est
1266 362 1321 391 pro
1336 353 1389 383 illa
1407 356 1498 383 aetate
1516 351 1622 384 Latine
1638 351 1821 393 peritissimi,
1837 367 1893 388 non

195 392 296 435 solum
313 391 429 430 quippe
446 390 559 425 verbis,
577 392 629 435 sed
646 391 740 435 etiam
760 392 897 435 numeris
914 392 1111 435 modulisque
1128 393 1245 435 Latinis
1261 390 1460 435 constathoc
1480 390 1676 433 Symbolum,
1700 390 1819 435 vixque.
1831 406 1892 428 cre-

195 432 289 462 datur
304 434 425 461 tantum
446 434 573 469 tamque
588 431 775 460 familiarem
793 432 910 461 Latinae
928 432 1042 470 lingua
1058 441 1149 461 usum
1166 433 1339 463 Athanasio
1360 434 1464 463 fuisse.

234 487 366 515 Demum
383 484 408 514 si
424 483 606 525 hujusmodi
622 484 805 523 Symbolum
824 485 1005 514 adornasset
1024 485 1225 521 Athanasius,
1244 496 1406 525 nunquam
1422 490 1490 517 erat
1513 487 1685 518 omissurus
1700 489 1894 520 consubstan-

194 525 278 568 tialis
293 534 412 560 vocem,
430 524 520 563 cujus
536 534 630 568 causa
646 528 711 554 toto
727 525 878 568 vitaa_suae
894 525 1051 568 curriculo
1063 526 1267 568 concertavit,
1288 524 1445 566 tantisque
1471 528 1617 566 periculis
1642 529 1818 568 perfunctus
1839 533 1892 561 est.

194 566 284 608 Hisce
312 574 369 594 nos
400 565 598 608 argumentis
622 565 767 603 permoti,
793 566 978 608 Symbolum
1010 565 1183 608 Gaia-anque
1210 565 1894 608 Athanasio7incunctanter‘abjudicandum

193 606 395 648 arbitramur.
414 606 482 635 Jam
498 605 708 643 disquiramus
725 608 830 635 utrum
850 606 985 635 aliorum
1005 606 1059 644 qui
1084 606 1152 645 ejus
1176 610 1320 637 auctores
1343 617 1409 638 esse
1424 608 1577 645 feruntur,
1596 605 1732 648 cuipiam
1747 610 1786 640 sit
1801 611 1891 641 ascri-

192 646 345 676 bendum.

232 699 350 729 Hilario
375 698 516 741 nonnulli
542 697 713 741 ascriptum
738 698 1017 741 voluerunt,»quia
1042 698 1380 741 nimirumrinﬂcodice
1406 700 1544 739 quodam
1572 704 1674 731 exstat
1698 705 1768 741 post
1789 703 1892 734 Hilarii

190 740 378 779 fragmenta.
396 738 490 773 Quasi
517 747 591 779 vero
614 738 644 767 id
672 748 732 768 non
758 739 852 777 vulgo
876 742 907 768 et
930 739 960 768 in
983 739 1139 778 plerisque
1157 740 1316 770 codicibus
1331 738 1527 778 observetur,
1546 744 1579 771 ut
1595 738 1894 774 multa—diversorum

191 788 288 819 opera
304 781 531 822 consequenter
548 778 578 807 in
597 779 817 822 manuscriptis
833 779 1063 809 describantur.
1080 781 1155 822 Cum
1172 784 1277 822 autem
1294 781 1324 810 in
1341 781 1495 820 ejusmodi
1516 781 1622 812 codice
1648 785 1718 822 post
1740 783 1895 815 Hilariana

189 818 286 859 opera
301 819 387 861 nullo
405 818 565 861 praemisso
582 819 718 861 auctoris
733 819 860 861 nomine
875 823 1068 858 compareat,
1087 820 1169 856 hinc,
1189 821 1234 850 uti
1246 820 1313 859 jam
1330 818 1425 860 supra
1441 822 1587 858 diximus,
1604 818 1814 861 inferendum,
1831 827 1895 855 tum

189 863 355 891 exaratum
372 859 478 894 fuisse,
496 868 565 888 cum
579 868 636 897 pro
653 860 867 889 Athanasiano
884 861 1024 890 nondum
1042 861 1135 898 vulgo
1150 861 1331 891 haberetur.

229 913 364 944 Eusebio
382 911 572 954 Vercellensi
582 912 724 954 tribuere
743 913 898 943 nonnulli.
924 915 975 950 At,
1000 917 1210 953 praeterquam
1228 915 1312 954 quod
1329 915 1416 945 nullo
1433 915 1652 952 fundamento,
1669 916 1758 946 nulla
1773 917 1890 948 auctori

188 957 253 984 tate
282 953 481 995 nititurnhsec
504 952 622 995 opinio,
650 953 776 995 videtur
797 954 983 995 Symbolum
1009 973 1024 982 ς.
1051 952 1224 984 recentiore
1239 952 1402 993 'prodiisse
1428 956 1591 994 scriptore.
1611 957 1689 986 Nam
1712 966 1782 995 quae
1805 957 1836 987 in
1857 967 1893 988 eo

190 997 316 1035 exstant
331 993 372 1035 de
384 993 491 1022 divina
506 992 696 1035 et-bumana
707 993 820 1035 Christi
836 997 961 1029 natura,
977 995 1127 1024 saeculum
1145 992 1288 1025 redolent
1311 992 1530 1025 Nestorianum
1545 1005 1550 1031 ;
1577 995 1711 1035 ipsaque
1722 992 1798 1027 tota
1822 997 1891 1028 fidei

189 1034 337 1069 formula,
355 1033 391 1063 iis
406 1035 452 1062 est
468 1032 595 1062 vocibus
617 1036 646 1062 et
671 1033 820 1063 clausulis
841 1034 1027 1073 composita,
1046 1038 1078 1064 ut
1093 1035 1133 1064 ad
1150 1035 1274 1064 Eusebii
1291 1045 1392 1065 wvum
1410 1036 1538 1066 minime
1554 1032 1711 1075 pertinere
1726 1037 1839 1068 valeat.

229 1090 310 1119 Sunt
331 1087 405 1117 item
431 1087 484 1126 qui
506 1087 690 1127 Symbolum
716 1087 857 1116 tribuant
876 1088 1050 1123 Anastasio,
1070 1097 1164 1126 quam
1182 1090 1368 1118 sententiam
1385 1090 1595 1128 subaugurari
1611 1090 1685 1120 licet
1700 1091 1844 1121 obortam
1860 1100 1893 1121 ex

188 1129 351 1158 nominum
369 1128 590 1169 similitudine;
618 1128 766 1169 nimirum
789 1128 944 1169 inrcodice
961 1129 1097 1167 quodam
1116 1128 1206 1157 facile
1222 1129 1367 1158 substitui
1387 1139 1441 1169 pro
1458 1130 1629 1160 Athanasio
1646 1131 1751 1169 potuit
1765 1133 1892 1161 Anasta-

188 1169 261 1199 sius.
281 1169 395 1210 Verum
412 1168 475 1210 sive
492 1168 612 1198 Sinaita
627 1168 690 1203 ille,
708 1168 771 1210 sive
788 1168 1050 1210 Bibliothecarius
1065 1169 1247 1210 Anastasius
1262 1169 1467 1208 intelligatur,
1487 1171 1589 1200 neutri
1605 1168 1709 1210 potest
1724 1171 1892 1210 assignari;

189 1218 251 1239 non
268 1208 375 1250 priori,
394 1209 469 1250 quia
481 1212 573 1250 recte
588 1208 815 1250 comprobatur
838 1218 856 1238 a
883 1209 990 1238 Latino
1012 1209 1163 1248 scriptore
1178 1209 1296 1239 editum
1314 1210 1501 1249 opusculum
1520 1208 1623 1246 fuisse,
1639 1211 1704 1241 imo
1720 1208 1816 1241 etiam
1830 1211 1895 1250 ipso

188 1249 352 1280 Anastasio
368 1248 528 1287 antiquius
543 1258 619 1283 esse,
638 1258 676 1278 ex
692 1249 834 1278 codicum
857 1252 959 1284 aetate,
985 1252 1016 1278 et
1039 1258 1076 1279 ex
1102 1250 1311 1279 [Eduensibus
1335 1248 1478 1289 superius
1497 1251 1600 1280 allatis
1615 1251 1797 1282 Canonibus
1812 1248 1894 1282 com-

188 1292 400 1325 monstratur;
420 1289 502 1319 unde
516 1289 611 1319 etiam
628 1289 726 1328 liquet
743 1289 841 1318 multo
859 1289 960 1318 minus
979 1290 1141 1319 Anastasio
1158 1290 1252 1319 tribui
1274 1299 1363 1328 posse
1379 1290 1633 1321 Bibliothecario.

227 1342 387 1373 Bonifacio
403 1342 529 1372 cuidam
547 1342 591 1372 uti
605 1351 701 1381 supra
717 1342 853 1371 diximus
869 1342 995 1372 ascribit
1011 1343 1109 1372 codex
1126 1352 1215 1372 unus.
1235 1343 1295 1373 Sed
1321 1353 1378 1373 nec
1401 1343 1470 1382 quis
1494 1344 1534 1373 sit
1557 1344 1610 1374 ille
1633 1344 1824 1381 Bonifacius,
1840 1353 1894 1374 nco

185 1382 430 1454 1[indeflibraéius
445 1382 601 1421 ejusmodi
616 1385 777 1413 auctorem
793 1382 970 1421 expiscatus
986 1383 1036 1420 sit,
1053 1383 1084 1413 in
1100 1386 1248 1422 promptu
1264 1386 1311 1413 est
1331 1383 1479 1414 ediscere.
1497 1385 1599 1420 Quare
1614 1384 1694 1414 nihil
1711 1385 1840 1415 ulterius
1854 1384 1894 1415 dd

211 1433 262 1454 om
278 1432 344 1453 acno
382 1432 558 1453 isseremus.

211 1432 344 1454 omiacm
361 1432 558 1453 disseremus.

225 1476 337 1514 Vigilio
362 1475 506 1514 ascripsit
531 1484 668 1514 nuperus
692 1475 820 1513 quidam
846 1475 979 1515 scriptor
993 1475 1054 1514 (3);
1081 1475 1136 1513 qui
1161 1478 1278 1511 tamen,
1306 1479 1339 1505 ut
1365 1475 1447 1505 valet
1470 1477 1642 1515 sagacitate
1658 1480 1689 1506 et
1704 1476 1892 1514 eruditione,

185 1516 310 1546 nonnisi
325 1516 534 1554 conjectando
550 1515 700 1554 loquitur.
714 1516 768 1545 Hae
786 1525 857 1544 vero
869 1524 971 1545 causae
988 1519 1061 1545 sunt
1076 1515 1160 1554 quod
1178 1516 1259 1546 hanc
1275 1516 1327 1545 ille
1338 1516 1518 1555 opinionem
1536 1516 1575 1546 sit
1585 1517 1754 1555 amplexus
1769 1517 1897 1552 ἰσουοά

122 1556 128 1562 ”
184 1557 299 1587 soleret
313 1556 443 1595 Vigilius
460 1565 532 1585 suas
548 1555 781 1585 lucubrationes
797 1555 969 1586 Athanasio
985 1555 1141 1585 ascribere
1161 1565 1167 1584 :
1194 1556 1371 1595 cujusmodi
1396 1559 1442 1586 est
1459 1557 1608 1595 Dialogus
1623 1557 1776 1587 adversus
1791 1556 1898 1587 Sabel-

183 1596 295 1632 lianos,
312 1597 444 1626 Arianos
459 1599 489 1626 et
505 1595 721 1637 Photinianos.
747 1598 778 1637 2°
794 1596 882 1631 Quod
900 1595 1081 1637 Eutychetis
1098 1596 1181 1637 haud
1199 1597 1242 1625 ita
1257 1596 1379 1637 pridem
1404 1597 1619 1635 insurgentem
1637 1597 1774 1627 haeresin
1797 1606 1897 1637 oppu-

182 1646 280 1676 gnare
295 1646 461 1675 aggressus
479 1636 518 1677 sit
535 1636 674 1675 Vigilius.
693 1637 732 1665 At
746 1635 884 1674 ejusdem
903 1645 1023 1666 errores
1037 1636 1097 1665 hoc
1112 1636 1143 1665 in
1160 1636 1310 1676 Symbolo
1326 1637 1550 1676 exploduntur.
1568 1638 1600 1667 3°
1610 1638 1700 1672 Quod
1717 1635 1897 1677 frequentes

182 1677 267 1716 apud
283 1677 427 1707 eumdem
441 1676 588 1714 Vigilium
601 1680 767 1706 occurrant
783 1676 930 1714 loquendi
948 1677 1084 1706 rationes
1100 1677 1130 1705 in
1142 1677 1293 1714 Symbolo
1311 1681 1479 1716 usurpata}.
1495 1678 1607 1707 Verum
1626 1678 1694 1707 haec
1710 1676 1900 1716 argumenta

181 1717 280 1757 probe
295 1716 470 1747 confutavit
486 1717 631 1746 laudatus
649 1716 916 1757 virAnthelmius.
944 1718 981 1746 Et
1005 1725 1091 1752 sane,
1118 1720 1152 1746 ut
1175 1717 1397 1747 animadvertit
1421 1718 1483 1749 ille.
1507 1721 1603 1747 ruunt
1619 1717 1686 1748 haec
1702 1718 1824 1751 omnia.
1841 1717 1896 1747 ubi

181 1756 356 1787 ostenditur
372 1757 519 1795 Dialogos
535 1757 604 1786 illos
621 1757 679 1797 qui
689 1756 770 1786 inter
785 1757 999 1786 Athanasiana
1015 1761 1200 1795 comparent
1215 1767 1321 1796 opera,
1344 1761 1375 1787 et
1399 1758 1573 1787 Chiftletius
1597 1758 1712 1797 Vigilio
1731 1757 1895 1796 adjudica-

179 1798 236 1832 vit,
264 1807 464 1836 nequaquam
489 1806 554 1826 esse
578 1796 692 1835 Vigilii.
720 1797 809 1831 Quod
837 1798 933 1835 probe
956 1797 1099 1835 superius
1123 1806 1179 1826 suo
1204 1797 1272 1827 loco
1297 1796 1646 1828 commonstrabamusJ
1662 1798 1798 1828 Etiamsi
1823 1807 1896 1828 vero

179 1837 285 1876 Vigilii
301 1840 404 1868 essent
420 1837 551 1875 Dialogi,
569 1847 631 1866 non
648 1837 752 1866 statim
771 1836 843 1866 hinc
858 1840 1102 1875 consequeretur
1117 1837 1184 1875 ejus
1203 1846 1269 1866 esse
1295 1838 1493 1876 Symbolum.
1521 1840 1610 1873 Nam,
1638 1839 1724 1877 quod
1750 1838 1895 1869 animad-

179 1878 309 1908 vertisse
321 1877 455 1916 juvabit,
476 1887 530 1915 pro
547 1877 711 1915 explorato
727 1877 921 1912 habendum,
939 1877 1081 1916 Symboli
1098 1877 1293 1916 scriptorem,
1312 1878 1348 1907 iis
1366 1878 1513 1917 loquendi
1531 1878 1642 1914 modis,
1660 1879 1698 1909 iis
1714 1888 1808 1909 usum
1825 1887 1897 1909 sen—

179 1918 284 1948 tentiis
300 1918 405 1952 fuisse,
419 1927 488 1956 quae
500 1927 555 1947 suo
568 1926 635 1947 aevo
651 1927 670 1947 a
687 1917 800 1958 Latinis
810 1917 965 1958 Patribus,
979 1917 1211 1956 Catholicisque
1227 1917 1300 1947 viris
1311 1918 1505 1957 frequentius
1517 1918 1755 1957 usurpabantur
1769 1928 1776 1950 :
1795 1927 1897 1958 neque

177 1958 354 1998 putandum
372 1967 468 1987 novas
484 1958 571 1987 illum
589 1957 711 1987 dicendi
732 1957 1118 1998 formulasrcommentum
1144 1966 1232 1987 esse:
1261 1958 1315 1988 sed
1340 1967 1392 1988 eas
1419 1962 1452 1988 ut
1478 1959 1507 1988 in
1534 1959 1676 1989 confesso
1702 1964 1782 1990 tunc
1808 1957 1898 1989 erant

179 1997 352 2037 collegisse.
366 1999 443 2028 Hinc
461 1998 563 2036 palam
582 2007 630 2027 res
646 2001 703 2032 est,
717 1997 800 2036 quod
818 1997 901 2036 apud
914 1998 1133 2036 Augustinum,
1148 1998 1277 2036 eiusque
1292 2008 1455 2037 suppares,
1470 1999 1666 2028 Vincentium
1686 1999 1894 2036 Lirinensem,

177 2038 338 2077 Vigilium,
356 2041 387 2068 et
402 2038 480 2068 alios
495 2038 624 2067 inferius
640 2038 806 2070 notandos.
824 2038 907 2067 haud
924 2039 1021 2068 semel
1036 2041 1202 2068 occurrant
1218 2039 1371 2076 ejusmodi
1394 2039 1569 2069 sententiae.
1586 2039 1675 2070 Unde
1691 2040 1896 2071 manifestum

177 2082 223 2109 est
238 2079 356 2109 nullam
373 2081 599 2117 congruentem
615 2078 768 2108 hactenus
784 2078 912 2108 allatam
929 2087 994 2108 esse
1010 2087 1150 2114 causam,
1168 2088 1266 2117 quare
1282 2079 1395 2117 Vigilio
1411 2079 1599 2109 ascribatur.

217 2132 291 2162 Afro
305 2132 413 2171 itaque
426 2131 540 2170 Vigilio
556 2131 634 2160 nihil
650 2134 697 2160 est
711 2131 795 2169 quod
812 2131 996 2169 Symbolum
1015 2130 1188 2171 Quicunque
1209 2131 1376 2161 tribuatur.
1403 2132 1442 2161 At
1467 2131 1539 2161 huic
1564 2131 1689 2162 Gallum
1714 2135 1895 2170 auctorem,

177 2175 258 2202 656
274 2172 474 2202 Vincentium
492 2181 605 2210 nempe
623 2171 825 2206 Lirinensem,
841 2171 1002 2201 substituit
1018 2171 1165 2201 laudatus
1183 2171 1229 2201 vir
1252 2171 1461 2207 Anthelmius,
1489 2172 1542 2210 qui
1569 2181 1657 2201 suam
1684 2172 1773 2203 hisce
1799 2182 1896 2211 argu-

177 2213 291 2242 mentis
306 2212 392 2242 hisce
407 2212 509 2241 verbis
524 2211 711 2242 sententiam
727 2211 838 2241 asserit
855 2221 862 2241 :
891 2222 905 2239 ‹‹
923 2213 953 2241 1ο
968 2211 1058 2246 Quod
1069 2211 1126 2252 ille
1142 2211 1338 2250 tempestatis
1354 2212 1454 2247 istius,
1472 2221 1534 2251 qua
1551 2212 1706 2251 digestum
1729 2216 1778 2243 est
1801 2214 1895 2252 Sym-

180 2262 195 2282 α
212 2252 331 2288 bolum,
349 2252 562 2282 nobilissimus
586 2252 721 2293 scriptor
741 2251 919 2293 exstiterit;
944 2253 977 2293 2°
994 2251 1275 2293 quod__hseresibus
1298 2252 1416 2293 bellum
1439 2252 1577 2282 indicere
1591 2262 1706 2292 scopus
1720 2252 1786 2293 ipsi
1801 2251 1898 2284 fuerit

179 2302 194 2321 «ι
210 2292 340 2329 unicus;
366 2293 398 2321 3°
413 2293 497 2331 quod
514 2301 645 2327 errores,
663 2292 805 2331 Symboli
820 2291 1015 2332 confessione
1030 2291 1191 2330 sigillatim
1210 2292 1402 2332 perstrictos,
1428 2293 1553 2322 eosdem
1579 2291 1694 2332 specie,
1719 2291 1780 2324 nec
1803 2293 1895 2329 alios,

177 2344 192 2360 «
210 2332 334 2372 scriptis
349 2333 412 2362 suis
431 2333 617 2372 impugnare
633 2332 802 2370 delegerit;
819 2334 851 2361 4⁸
868 2331 950 2370 quod
968 2332 1026 2361 sub
1041 2332 1145 2361 alieno
1162 2331 1287 2361 nomine
1301 2332 1333 2361 in
1350 2332 1408 2362 hac
1425 2333 1571 2371 palaestra
1587 2331 1699 2363 mereri
1714 2333 1897 2370 atfectarit;

176 2384 191 2400 «
207 2374 240 2414 {5°
256 2373 341 2414 quod
355 2373 415 2411 ipsi
428 2371 611 2414 Trevirense
627 2373 740 2414 solum,
758 2381 812 2414 seu
826 2372 951 2410 Belgica
967 2372 1079 2414 prima,
1094 2371 1124 2400 in
1142 2381 1205 2414 qua
1221 2372 1322 2414 primo
1339 2375 1496 2414 repertum
1514 2377 1561 2414 est
1577 2373 1780 2412 Symbolum,
1793 2373 1899 2414 patria

174 2411 320 2449 «fuerit;
346 2414 377 2442 6°
400 2413 484 2451 quod
510 2413 575 2452 ipse
601 2422 671 2442 cum
697 2412 837 2450 ejusdem
867 2411 1103 2451 metropoliticze
1130 2412 1215 2441 urbis
1242 2412 1379 2442 antistite
1405 2416 1471 2442 tum
1496 2411 1634 2450 sedente,
1660 2411 1899 2445 necessitudine

177 2453 350 2483 nvideatur
375 2453 552 2491 obligatus;
578 2454 610 2482 7°
632 2452 716 2492 quod
741 2452 771 2481 in
800 2452 938 2491 aliquam
966 2453 1007 2482 M.
1034 2452 1197 2482 Athanasii
1223 2452 1461 2482 similitudinem
1485 2463 1502 2483 a
1528 2454 1638 2492 patriis
1666 2454 1785 2484 ﬁnibus
1810 2454 1899 2485 velut

177 2503 192 2522 α
207 2493 341 2525 extorris
356 2494 473 2532 egerit;
496 2493 528 2522 8°
544 2493 629 2532 quod
644 2493 676 2522 in
692 2492 798 2531 aliquo
814 2502 870 2522 suo
889 2492 982 2532 priori
999 2501 1093 2530 opere
1110 2492 1253 2531 Symboli
1268 2493 1452 2529 locutiones,
1469 2493 1718 2533 insignioresque
1735 2494 1898 2525 formulas

175 2545 192 2561 α
207 2533 381 2573 occuparit,
399 2543 455 2563 nec
471 2533 573 2563 verbis
588 2533 787 2563 solummodo
804 2533 851 2562 vel
867 2532 1141 2570 characteristicis,
1160 2535 1193 2562 ut
1215 2533 1260 2562 ita
1275 2533 1389 2568 dicam,
1408 2533 1547 2570 vocibus,
1566 2534 1619 2564 sed
1635 2532 1894 2571 transitionibus,

175 2585 190 2601 «
208 2574 260 2604 sed
272 2573 579 2621 comparationibus,
603 2573 657 2603 sed
680 2572 790 2621 iisdem
817 2576 1009 2621 postremum
1026 2576 1155 2621 ‘tenore,
1181 2576 1430 2612 contexturaque
1454 2574 1621 2621 ratiocinii,
1645 2583 1717 2621 cum
1744 2575 1894 2621 Symboli

176 2625 191 2643 σι
208 2613 356 2645 methodo
371 2617 402 2644 et
417 2613 550 2644 artificio
566 2622 749 2652 progressus
765 2613 877 2649 fuerit;
903 2614 935 2643 9°
951 2613 1035 2652 quod
1050 2613 1082 2642 in
1098 2613 1166 2652 ejus
1185 2622 1204 2642 a
1225 2622 1256 2643 se
1280 2616 1345 2643 tum
1371 2614 1520 2653 expositae
1546 2615 1618 2644 ﬁdei
1642 2613 1891 2653 confessionem,

175 2666 190 2683 «
208 2654 293 2695 miris
307 2663 344 2695 ac
358 2653 478 2695 iteratis
494 2654 609 2695 mentis
621 2653 798 2695 excessibus
814 2656 934 2695 raptus,
950 2653 1278 2695 ejusdemaliquando
1294 2654 1513 2689 retractandis,
1537 2657 1567 2684 et
1591 2654 1769 2695 elegantius
1791 2664 1892 2695 expo-

173 2706 188 2722 «
205 2694 318 2741 nendse
332 2694 483 2742 indicium
496 2694 693 2742 prodiderit;
721 2694 772 2723 10°
787 2693 875 2742 quod
893 2696 1051 2742 postremo
1067 2693 1106 2723 ad
1122 2693 1438 2742 hanc'exppnendam
1452 2703 1580 2742 operam
1597 2694 1731 2742 solemni
1744 2693 1892 2742 promis-

172 2746 188 2763 «
205 2735 294 2766 sione
307 2743 375 2765 sese
388 2734 619 2766 constrinxerit.
636 2734 711 2770 Qum
726 2733 853 2773 gemina
868 2733 995 2765 tandem
1011 2736 1044 2765 et
1057 2742 1172 2773 urgens
1187 2733 1394 2765 elucubrandi
1409 2735 1553 2775 Symboli
1568 2735 1691 2766 occasio
1707 2733 1782 2767 fuit.
1800 2746 1817 2767 ››

209 2875 249 2913 (3)
263 2874 408 2910 Quosnell.
424 2875 456 2904 in
471 2875 541 2903 odit.
555 2875 584 2904 S.
600 2874 711 2904 Leonis.

1756 60 1760 63 ν
1803 50 1807 51 ⁷
1843 50 1859 64 7‘
1910 57 1915 64 τ
1922 55 1925 57 ·
1999 53 2001 55 ‘

1867 3114 1894 3131 τα
1934 3109 1942 3112 “
1954 3112 1958 3114 ⁷
1983 3111 1997 3119 ’ί
2016 3115 2018 3117 θ

1809 3144 1813 3146 .
1828 3135 1852 3144 ⁵,
2002 3131 2010 3134 ⁴

1800 3158 1833 3170 ’“”ν
