4162 6408
290 502 436 562 l5'l'l
1245 498 1613 561 DIATltlBE
1660 499 1733 557 IN
1782 494 2223 558 SYMUOLUM
2268 494 2746 568 QUICUNQUE.
3548 503 3703 561 4578

363 641 506 697 Haac
539 637 780 697 erudite
810 654 959 696 sane
991 636 1343 704 Observata,
1390 637 1439 694 si
1492 636 1646 694 alias
1695 640 1931 694 certum
1982 633 2321 710 quodpiam
2376 640 2737 709 suppeteret
2773 653 2881 710 pro
2918 636 3240 695 Vincentio
3275 637 3703 697 testimonium

283 718 378 778 vel
411 719 644 778 codicis
677 722 772 777 vel
804 718 1125 795 scriptoris
1158 716 1447 795 alicujus,
1471 734 1614 775 eum
1648 716 1841 792 probe
1864 722 2436 773 commonstrarent
2468 715 2680 773 eximii
2706 716 2991 791 opusculi
3022 723 3369 776 auctorem.
3399 724 3476 777 At
3504 719 3705 777 donec

283 800 514 858 certius
543 799 780 875 aliquid
814 804 1118 875 emergat,
1152 797 1267 856 sub
1310 797 1523 873 judice
1575 800 1742 854 litem
1798 795 2066 873 pendere
2115 812 2365 853 necesse
2408 801 2527 875 est.
2586 797 2735 853 Nam
2788 796 2956 872 quod
3009 796 3210 872 primo
3260 797 3399 857 loco
3449 798 3703 871 dicitur,

283 880 527 938 etiamsi
557 874 954 956 exploratum
988 874 1168 947 esset,
1205 877 1522 936 infirmum
1562 883 1768 935 tamen
1802 894 1933 934 esse
1981 894 2165 934 nemo
2216 894 2339 956 non
2392 874 2713 956 fateretur.
2765 876 2942 946 Quod
2993 876 3161 935 enim
3215 878 3575 937 Vincentius
3624 897 3702 938 eo

286 960 568 1019 ﬂorueait
616 955 773 1027 aevo,
826 978 951 1037 quo
1004 957 1235 1035 prodiit
1283 957 1652 1035 Symbolum
1691 976 1703 1016 :
1758 974 1833 1015 ea
1872 974 2021 1014 sane
2063 973 2186 1037 non
2220 955 2367 1014 satis
2399 962 2543 1031 apta
2577 955 2941 1037 conjectura
2971 956 3178 1027 fuerit,
3217 962 3283 1017 ut
3310 958 3447 1033 ejus
3478 966 3702 1019 auctor

284 1042 692 1100 existimetur.
719 1035 862 1101 Non
887 1057 1052 1115 aegre
1084 1038 1333 1115 quidem
1368 1038 1777 1097 concesserim
1802 1036 2109 1095 Vincentii
2141 1042 2323 1095 aetate
2354 1036 2583 1095 editam
2620 1035 2808 1095 fuisse
2838 1036 3012 1094 illam
3046 1037 3188 1097 fidei
3222 1039 3697 1115 professionem,

288 1140 400 1180 nec
431 1132 638 1181 tamen
671 1121 901 1180 codicis
924 1119 1265 1179 Colbertini
1294 1119 1668 1178 auctoritate
1699 1116 1919 1175 nititur
1950 1116 2084 1175 hazc
2114 1116 2349 1194 Opinio,
2378 1134 2563 1193 quem
2598 1116 2941 1175 arbitratur
2972 1117 3369 1177 Anthelmius
3403 1120 3556 1179 IIUO
3590 1138 3702 1178 an-

287 1220 535 1261 norum.
576 1202 813 1260 Fltenim
867 1200 1059 1279 (quod
1094 1218 1245 1277 pace
1281 1199 1392 1257 viri
1423 1197 1840 1279 eruditissimi
1876 1202 1937 1279 et
1980 1196 2339 1279 amicissimi
2372 1196 2639 1275 dicatur)
2693 1197 2891 1256 multo
2944 1198 3201 1257 minoris
3257 1198 3458 1258 (etatis
3506 1200 3702 1259 codex

287 1300 419 1341 esse
468 1277 919 1359 comprobatur
954 1301 966 1340 :
1026 1299 1210 1339 nemo
1263 1280 1426 1338 enim
1470 1278 1708 1357 peritus
1746 1278 1847 1336 cui
1879 1277 2104 1359 librum
2139 1277 2552 1345 exhibuerim,
2589 1283 2809 1336 octavo
2842 1295 2982 1337 eum
3018 1279 3250 1338 saaculo
3283 1280 3700 1358 antiquiorem

288 1358 638 1422 mstimavit’.
678 1366 827 1433 Quae
856 1366 1327 1437 consequuntur
1355 1365 1564 1419 autem
1599 1364 1974 1435 argumenta
2014 1358 2091 1416 ad
2133 1366 2425 1416 octavum
2480 1376 2699 1433 usque,
2753 1376 2877 1416 non
2926 1360 3453 1420 controvertenda
3488 1380 3501 1421 :
3556 1379 3702 1420 nam

285 1443 372 1503 ita
408 1449 799 1521 compertum
853 1448 946 1501 est
994 1442 1266 1519 potuisse
1315 1440 1657 1521 hominem,
1688 1438 1809 1521 chi
1856 1438 1991 1497 haec
2040 1439 2487 1521 convenerint,
2522 1439 2705 1521 edere
2755 1439 3145 1516 Symbolum,
3202 1448 3270 1499 ut
3317 1460 3441 1500 non
3494 1442 3698 1499 minus

284 1519 680 1601 exploratum
726 1524 807 1582 sit
856 1525 1130 1600 potuisse
1175 1521 1391 1594 alium,
1428 1521 1526 1580 cui
1568 1520 1724 1601 nihil
1773 1537 1990 1578 eorum
2040 1526 2379 1601 competat,
2418 1519 2583 1601 illud
2631 1520 2963 1601 adornare.
3023 1526 3227 1601 Quare
3277 1522 3355 1580 ad
3406 1530 3701 1581 octavum

287 1599 453 1681 quod
512 1604 777 1680 alicujus
832 1599 981 1661 sane
1040 1602 1339 1662 momenti
1395 1606 1487 1661 est
1543 1600 1938 1681 accedamus.
1987 1599 2227 1681 Petitur
2280 1599 2569 1681 illudiex
2627 1599 3000 1681 quibusdam
3061 1600 3361 1678 loquendi
3418 1602 3705 1661 formulis

291 1678 584 1762 magnam
620 1678 760 1743 cum
797 1683 1079 1761 Symboli
1112 1681 1845 1762 particulisquibusdam
1865 1678 2337 1739 similitudinem
2373 1679 3363 1762 referentibus,quasaccurateex
3396 1682 3708 1762 Vincentii

281 1760 773 1825 Commonitorio
806 1760 1059 1841 collegit
1088 1762 1380 1823 laudatus
1406 1761 1520 1837 vir,
1555 1767 1615 1822 et
1658 1761 1807 1840 quia
1848 1778 1959 1820 nec
1986 1778 2204 1839 pauca:
2238 1778 2351 1819 nec
2379 1761 2747 1838 spernendae
2778 1760 2903 1819 illae
2934 1768 3100 1831 sunt,
3136 1778 3240 1823 eas
3270 1762 3373 1822 hic
3408 1761 3705 1823 exhibere

282 1863 407 1906 non
442 1848 675 1926 pigeat.

1710 1989 1991 2045 TABULA
2031 1988 2277 2043 PRIMA.

750 2121 1049 2191 Exceptum
1088 2134 1157 2174 ex
1195 2119 1266 2190 3y
1276 2119 1467 2174 mboto.
1965 2116 2019 2183 Α

365 2214 404 2265 1.
443 2210 608 2265 Fides
643 2214 837 2264 autem
864 2213 1179 2264 CATHOLICA
1202 2208 1320 2263 hazc
1344 2213 1451 2272 est,
1478 2212 1541 2261 ut
1560 2222 1729 2261 UNUM
1763 2205 1945 2261 Deum

2436 2118 2766 2187 Excerptum
2804 2131 2832 2171 ε
2873 2115 3317 2173 Commomtorio.

2129 2204 2168 2259 l.
2205 2203 2462 2261 Ecclesia
2508 2222 2641 2260 vero
2682 2205 2997 2260 Caranum
3030 2223 3191 2261 UNAM
3237 2208 3603 2266 Divinitatem
3647 2229 3707 2268 IN

304 2300 362 2338 IN
394 2283 719 2347 TRINITATE,
754 2286 810 2336 et
839 2281 1196 2336 TBINITATBM
1238 2297 1296 2336 IN
1331 2280 1553 2334 unitate
1582 2294 1944 2333 vassasmua.

368 2442 437 2497 II.
499 2446 698 2503 Νεοοε
747 2456 1187 2496 CONFUNDENTES
1230 2456 1536 2507 PERSONAS,
1580 2455 1766 2501 NEQUE
1807 2454 1943 2493 sua-

300 2530 574 2570 ιτΑΝτιιΜ
616 2528 992 2568 ΒΕΡΑΒΑΝΤΕΞ.

362 2674 453 2730 III.
498 2675 637 2729 ALIA
680 2691 772 2729 ss'r
820 2671 975 2728 enim
1030 2688 1284 2727 ransom
1340 2672 1571 2742 Purus,
1609 2689 1741 2727 ALIA
1780 2670 1944 2738 FILII,

289 2762 421 2801 ALIA
463 2746 737 2801 SPIaI'rus
777 2761 996 2800 SANCTI.

362 2852 452 2907 IV.
479 2853 590 2907 Sen
631 2852 859 2921 PATRIS,
895 2868 959 2906 ετ
990 2851 1151 2917 Ειιιι,
1186 2867 1253 2905 ET
1289 2850 1550 2906 SpIaI'rus
1591 2866 1788 2905 SANCTI
1829 2866 1948 2905 UNA

290 2930 380 2980 est
410 2924 711 2991 divinitas,
743 2922 984 2994 aequalis
1014 2923 1223 2995 gloria,
1254 2928 1540 2978 coaterna
1574 2922 1872 2993 Majestas.

2055 2276 2379 2331 THINITATIS
2422 2276 2892 2352 plenitudine,_et
2942 2278 3271 2334 TRINITATIS
3312 2282 3706 2352 aequalitatem

2056 2365 2113 2402 IN
2156 2365 2273 2403 UNA
2318 2356 2493 2419 atque
2524 2349 2724 2404 eadem
2760 2349 3065 2419 Majestate
3096 2349 3456 2408 szsanua.

2129 2446 2195 2500 II.
2244 2450 2323 2500 U'r
2364 2462 2551 2507 Nsoua
2593 2445 2973 2517 singularitas
3005 2465 3385 2515 SUBSTANTUE,
3429 2468 3711 2509 ransom-

2056 2534 2181 2572 auu
2222 2535 2558 2573 CONFUNDAT
2590 2519 3026 2589 proprietatem,
3062 2537 3247 2582 NEQUE
3278 2523 3418 2577 item
3460 2524 3715 2581 Trinita-

2058 2590 2135 2645 tis
2167 2590 2488 2656 distinctio,
2525 2590 2809 2645 unitatem
2842 2607 3084 2647 samum
3123 2592 3385 2651 Deitatis.

2129 2688 2227 2742 IlI.
2260 2687 2408 2750 Quia
2452 2686 2675 2742 scilicet
2712 2706 2841 2742 ALIA
2878 2706 2978 2745 as'r
3018 2706 3272 2747 ransom
3313 2692 3541 2760 PATRIS,
3580 2710 3714 2750 ΑιιΑ

2059 2758 2219 2826 FILII,
2262 2777 2389 2815 ΑωΑ
2419 2764 2687 2814 SPIRITUS
2727 2776 2945 2816 SANCTI.

2128 2848 2216 2903 IV.
2259 2849 2373 2903 Sen
2412 2849 2618 2904 PATRIS
2649 2866 2712 2903 1-:r
2758 2851 2915 2915 FILII,
2958 2868 3022 2905 ετ
3050 2853 3319 2909 SPIRITUS
3358 2870 3557 2909 SANCTI
3591 2872 3709 2910 non

2056 2918 2172 2975 alia
2199 2926 2255 2975 et
2285 2920 2418 2988 alia,
2453 2921 2552 2977 sed
2586 2938 2702 2976 UNA
2732 2923 3054 2995 eademque
3087 2930 3317 2979 natura.

1655 3018 1942 3075 TABULA
1982 3018 2330 3075 SECUNDA.

745 3124 1020 3191 Excerptu
1029 3137 1080 3174 m
1122 3137 1196 3176 ex
1241 3119 1492 3192 Symbolo

370 3210 409 3265 Ι.
443 3210 543 3265 Est
574 3225 709 3265 ergo
744 3210 887 3264 fides
936 3215 1091 3265 recta
1126 3227 1196 3265 υτ
1225 3210 1534 3265 credamus
1565 3213 1620 3263 et
1648 3225 1947 3263 CONFITEA-

298 3298 446 3348 arua,
483 3281 620 3353 quia
653 3280 937 3337 Dominus
968 3287 1167 3337 noster
1194 3282 1367 3337 Jesus
1413 3282 1681 3337 Christus
1713 3280 1814 3335 DEI
1858 3280 1946 3335 FI-

301 3356 449 3421 Lius,
494 3361 645 3409 Usus
686 3371 751 3409 ετ
790 3370 946 3409 nouo
986 3371 1102 3409 ssr.

366 3495 435 3550 Il.
470 3495 624 3550 Deus
662 3500 752 3550 est
799 3512 867 3549 sx
908 3495 1241 3550 substantia
1287 3493 1490 3549 PATRIS
1538 3511 1679 3548 ANTE
1716 3509 1947 3548 samum

295 3583 563 3632 GENITUS,
603 3573 661 3621 et
692 3566 868 3622 homo
900 3572 989 3623 est
1012 3585 1081 3621 nx
1107 3567 1442 3622 substantia
1475 3567 1697 3621 MATRIS
1737 3582 1795 3620 IN
1838 3581 1945 3619 sa:-

295 3654 439 3694 aULO
480 3644 675 3695 natus.

367 3726 461 3782 III.
508 3728 836 3783 Psarscrus
876 3727 1044 3796 DEUS,
1079 3744 1400 3783 PERFECTUS
1431 3743 1612 3795 HOMO,
1656 3743 1725 3781 sx
1764 3742 1946 3781 ANIMA

296 3799 568 3855 rationali
601 3806 658 3855 et
688 3800 949 3855 humana
978 3816 1161 3855 GARNB
1201 3816 1552 3856 suasis'rst.

367 4104 460 4161 ιν.
495 4106 765 4169 [ΕουΑιιε
799 4109 969 4161 Parm
996 4105 1328 4159 sdcundum
1350 4104 1722 4160 Divinitatem
1758 4120 1943 4159 MINOR

291 4176 481 4234 Paraa
512 4179 837 4233 secundum
873 4177 1317 4233 humanitatem.

1981 3387 2028 3452 Β

2446 3119 2772 3189 Excerptum
2801 3134 2829 3174 θ
2870 3118 3309 3176 Commonitorio.

2132 3208 2169 3260 l.
2212 3206 2601 3262 Vehementer
2651 3206 2805 3262 enim
2868 3224 3186 3279 praecavere
3244 3211 3563 3279 debemus,
3635 3230 3708 3269 υτ

2058 3278 2349 3334 Christum
2386 3296 2499 3334 non
2534 3280 2704 3333 modo
2737 3278 3063 3348 unum,sed
3098 3297 3331 3351 semper
3361 3278 3706 3340 unumCON-

2059 3367 2367 3425 FITEAMUR.
2403 3393 2414 3405 .
2456 3393 2467 3405 .
2507 3393 2518 3405 .
2557 3368 2709 3425 unus
2742 3352 3012 3425 idemque
3045 3352 3332 3417 Christus,
3360 3358 3551 3410 FILIUS
3580 3356 3706 3425 DEI,

2062 3439 2215 3477 unus
2251 3424 2519 3494 idemque
2550 3423 2839 3489 Christus,
2878 3424 3029 3478 Dsus
3070 3440 3136 3478 ετ
3175 3441 3344 3479 HOMO.

2132 3513 2197 3565 II.
2226 3512 2380 3566 Idem
2415 3529 2478 3566 sx
2516 3513 2701 3568 Pam:
2730 3529 2877 3566 ANTE
2910 3528 3141 3567 sanum
3170 3529 3432 3581 GENITUS,
3459 3514 3612 3570 idem
3646 3531 3705 3571 Ix

2057 3600 2238 3638 auras
2278 3600 2336 3638 IN
2368 3600 2599 3639 samum
2637 3590 2969 3655 generatus.

2130 3727 2224 3781 III.
2267 3727 2597 3782 Pearsc'rus
2641 3728 2816 3791 Deus,
2858 3744 3166 3783 psarsc'rus
3218 3745 3397 3796 HOMO,
3458 3728 3515 3782 in
3580 3728 3701 3784 Deo

2056 3816 2291 3855 summa
2336 3799 2640 3867 Divinitas,
2684 3800 2740 3852 in
2796 3799 3033 3855 homine
3084 3799 3254 3871 plena
3301 3799 3640 3855 humanitas
3683 3816 3697 3854 :

2056 3872 2273 3943 quippe
2301 3887 2427 3942 quae
2458 3872 2717 3926 animam
2754 3871 2932 3926 simul
2964 3871 3175 3927 habeat
3206 3877 3262 3927 et
3289 3888 3550 3928 οΑιιΝειι.
3583 3915 3595 3926 .
3634 3914 3645 3925 .
3684 3914 3697 3927 .

2052 3960 2122 3997 ax
2144 3943 2366 4013 duplici
2389 3944 2729 4012 diversaque
2752 3959 3086 3999 suasIsrst
3110 3944 3293 3999 animi
3317 3944 3701 4015 corporisque

2052 4019 2280 4070 natura.

2128 4108 2219 4157 IV.
2271 4102 2411 4158 Duas
2471 4103 2816 4157 substantias
2876 4108 3035 4172 sunt,
3078 4120 3195 4158 una
3253 4109 3585 4170 coasterna,
3652 4110 3712 4161 et

2052 4192 2309 4238 mouaus
2341 4178 2517 4230 PATRI
2542 4193 2557 4245 ;
2586 4174 2769 4230 altera
2796 4191 2865 4230 ex
2904 4180 3163 4246 tempore
3194 4181 3251 4230 et
3283 4193 3470 4232 MINOB
3498 4176 3706 4233 Parma.

1606 4328 1753 4385 057
1799 4328 2078 4386 TABULA
2118 4329 2401 4385 TERTIA.

763 4460 1094 4529 Emam-ptum
1116 4472 1185 4513 ex
1206 4456 1485 4527 Symbolo.

371 4549 411 4604 Ι.
455 4547 561 4611 Qui
596 4546 731 4602 licet
764 4552 915 4602 Dsus
956 4546 1033 4601 sit
1078 4550 1135 4602 et
1178 4545 1377 4617 homo,
1418 4561 1531 4600 NON
1571 4562 1687 4601 nuo
1728 4550 1946 4600 tamen.

301 4620 405 4675 sed
439 4636 594 4675 UNUS
633 4635 734 4675 ss'r
764 4622 1067 4675 CHRISTUS.

372 4780 443 4835 ΙΙ.
483 4780 643 4837 UNus
681 4795 876 4834 Αυτεκ
935 4795 1045 4833 NON
1095 4792 1488 4833 CONvaasIONa
1542 4794 1853 4833 DIVINTATIS
1894 4777 1953 4832 in

296 4868 559 4921 carnem,
620 4852 721 4905 sed
781 4850 1188 4921 assumptione
1247 4867 1634 4905 HUMANITATIS
1674 4850 1731 4903 in
1774 4867 1953 4904 DEUM.

300 4922 468 4979 UNus
499 4925 738 4977 omnino
771 4940 884 4977 NON
914 4938 1269 4978 CONFUSIONE
1299 4922 1660 4986 substantias,
1686 4938 1789 4975 san
1822 4938 1954 4975 UNI-

302 5012 443 5050 TATE
482 5011 777 5049 PERSONE.

382 5085 477 5139 III.
512 5084 657 5138 Nam
719 5100 881 5138 SICUT
936 5100 1117 5138 ANIMA
1173 5081 1471 5137 rationalis
1523 5086 1579 5136 et
1617 5098 1762 5135 cano
1802 5098 1957 5135 unus

307 5171 413 5211 EST
450 5172 633 5220 HOMO,
675 5171 765 5209 ITA
804 5153 959 5210 Deus
991 5160 1047 5209 et
1092 5154 1264 5209 homo
1306 5171 1461 5210 UNus
1508 5170 1608 5208 ss'r
1646 5157 1952 5208 CHRISTUS.

381 5405 471 5463 IV.
516 5403 624 5472 Qui
655 5405 877 5461 Passus
917 5409 1004 5460 est
1033 5421 1137 5477 pro
1170 5404 1359 5460 salute
1390 5410 1611 5475 nostra,
1646 5410 1756 5460 etc.

2454 4458 2783 4526 Excerptum
2813 4470 2841 4510 e
2873 4453 3313 4511 Commonitorio.

2131 4548 2175 4598 Ι.
2218 4543 2389 4599 UNUM
2428 4543 2722 4599 Christum
2770 4544 2998 4609 Jesum,
3040 4560 3153 4599 NON
3186 4560 3354 4611 θυοδ,
3405 4544 3715 4600 eumdem-

2058 4631 2170 4687 que
2205 4620 2362 4671 DEUM
2405 4615 2622 4687 pariter
2660 4620 2834 4687 atque
2867 4632 3228 4671 HOMINsM....
3279 4624 3331 4672 et
3364 4616 3471 4672 hoc
3522 4621 3712 4673 totum

2057 4703 2212 4742 UNUB
2254 4704 2352 4742 EST
2389 4703 2695 4743 UHRISTUS.

2140 4780 2208 4831 II.
2252 4775 2413 4831 UNus
2451 4794 2631 4831 Αυτεκ
2670 4793 2873 4832 NON....
2907 4793 3247 4832 DIVINITATIS
3288 4781 3345 4831 et
3386 4793 3715 4833 HUMANITA-

2064 4864 2151 4902 TIS
2192 4864 2566 4915 CONFUSIONE,
2601 4865 2704 4904 εει)
2746 4866 2986 4904 ΟΝῙΤΑΤΕ
3029 4865 3390 4904 PlRSONzE....
3426 4866 3538 4905 NON
3576 4866 3716 4905 CON-

2066 4937 2339 4974 VERSIONE
2370 4927 2611 4987 naturae,
2647 4938 2747 4977 san
2789 4937 3079 4977 passomrz.

2140 5081 2233 5136 Ill.
2265 5081 2446 5152 Igitur
2476 5097 2639 5135 SICUT
2668 5099 2849 5137 ANIMA
2880 5098 3141 5137 connexa
3171 5098 3362 5148 CARNI,
3392 5099 3504 5137 non
3527 5082 3719 5137 imita-

2067 5159 2164 5208 tur
2217 5153 2535 5216 hominem,
2571 5154 2668 5207 sed
2726 5170 2823 5208 ss'r
2872 5171 3050 5221 HOMO,
3096 5172 3183 5209 ITA
3223 5155 3419 5219 etiam,
3461 5154 3718 5209 Verbum

2068 5224 2248 5292 Deus,
2284 5224 2539 5278 uniendO
2572 5240 2633 5279 se
2684 5223 3005 5281 homini....
3042 5226 3229 5280 factus
3263 5241 3365 5280 ss'r
3403 5242 3630 5281 HOMO...
3662 5232 3723 5282 et

2067 5313 2137 5351 ex
2192 5297 2425 5351 duabus
2456 5296 2806 5351 substantiis
2846 5312 2999 5352 UNus
3040 5314 3139 5352 EST
3177 5301 3476 5353 CHRISTUS.

2142 5422 2232 5475 IV.
2268 5418 2524 5475 Ecclesia
2574 5420 2758 5474 Deum
2809 5422 3138 5476 secundum
3190 5421 3490 5478 hominem
3540 5422 3727 5479 credit

2069 5493 2313 5558 factum,
2356 5508 2606 5560 PASBUM,
2639 5496 2749 5547 etc.

395 5680 543 5739 Haec
571 5677 635 5737 in
666 5676 971 5737 Vincentii
1007 5677 1502 5739 Commonitorio
1532 5676 1796 5756 sparsim
1831 5676 2055 5756 posita,
2086 5676 2150 5735 in
2179 5694 2373 5736 unum
2406 5674 2656 5753 collegit
2687 5673 2979 5735 laudatus
3012 5675 3105 5736 vir
3131 5674 3529 5738 Anthelmius
3562 5694 3575 5736 :
3622 5695 3728 5740 va-

334 5760 510 5820 idum
543 5758 689 5819 hinc
717 5757 857 5818 elici
888 5764 1060 5817 ratus
1090 5763 1559 5836 argumentum,
1582 5777 1709 5837 quo
1740 5757 2107 5837 Symbolum
2140 5756 2467 5817 Vincentio
2499 5756 2702 5817 eidem
2736 5756 3041 5817 Lirinensi
3072 5756 3439 5818 ascribatur.
3469 5761 3544 5837 Et
3573 5776 3729 5819 sane

338 5840 381 5902 d
407 5839 604 5921 probe
632 5838 862 5899 eruditi
892 5839 1007 5899 viri
1036 5840 1424 5917 argumentis
1452 5836 1805 5913 conﬁcitur,
1837 5838 2002 5900 nihil
2030 5855 2385 5920 repugnare
2417 5837 2678 5913 scilicet,
2710 5843 2781 5900 ut
2808 5837 2888 5898 sit
2915 5838 3075 5899 illud
3105 5837 3415 5901 Vincentii
3445 5836 3738 5900 Lirinen-

645 5973 905 6036 ΡΑι-ιοι..
954 5973 1065 6038 Gn.
1111 5972 1381 6039 XXVIII.

3336 5971 3415 6035 50
