4162 6374
239 439 395 500 1579
1403 435 1468 496 8.
1513 435 2074 500 ATHANASIUS..
2112 468 2188 484 --
2217 435 2534 500 SPURIA.
3513 437 3674 499 £580

237 573 320 634 sis
349 590 529 652 opus.
565 573 716 644 Qum
745 569 910 632 enim
942 568 1194 649 gravior
1223 588 1298 631 ea
1326 569 1391 630 in
1427 588 1490 631 re
1519 589 1846 632 occurrere
1879 571 2125 632 videtur
2154 571 2516 641 difﬁcultas,
2547 589 2622 632 ex
2654 571 2980 632 confutata
3012 590 3238 651 nempe
3269 572 3334 633 in
3365 572 3671 652 Symbolo

237 653 604 733 Eutychetis
635 652 857 712 haeresi
889 652 1056 711 hisce
1086 652 1291 710 verbis
1317 668 1330 710 :
1373 674 1401 708 ‹‹
1427 654 1599 714 Unus
1628 653 1885 712 omnino
1916 671 2038 712 non
2064 652 2429 713 confusione
2455 653 2854 725 substantiae,
2877 653 2984 713 sed
3021 654 3261 714 unitate
3293 671 3600 732 personae,
3630 676 3658 712 υ

240 732 428 814 plane
458 734 703 814 levatur
731 751 804 792 ex
837 733 1025 792 simili
1055 732 1532 792 Commonitorii
1563 735 1701 794 loco
1730 733 2020 814 superius
2049 735 2256 812 posito
2288 749 2331 814 :7
2359 751 2434 793 ex
2476 752 2602 811 quo
2636 733 2843 811 palam
2877 741 2993 807 est,
3026 743 3175 794 ante
3203 734 3670 795 Chalcedonen-

239 813 370 876 sem
403 813 712 893 synodum
743 814 807 872 in
843 831 956 872 usu
989 814 1178 872 fuisse
1206 831 1345 872 eam
1379 814 1678 884 loquendi
1710 813 2076 893 formulam.
2121 813 2444 891 Siquidem
2489 813 2852 874 Vincentius
2893 814 2956 874 in
3003 815 3502 876 Communitorio
3552 816 3670 876 ali-

240 901 399 975 quot
427 881 572 955 ante
602 912 740 954 eam
773 894 1297 975 synodumiannis
1327 913 1364 975 a
1395 881 1874 975 se-conscripto,
1895 893 1973 975 iis
2001 899 2095 954 est
2127 881 2272 954 usus
2303 895 2579 954 vocibus.
2607 897 2906 956 Fatemur
2935 901 3143 955 tamen
3177 896 3357 956 nobis
3388 897 3668 956 nondum

237 973 495 1056 prorsus
524 981 834 1046 constare,
871 974 1058 1056 fuisse
1087 973 1456 1052 Symbolum
1489 992 1526 1056 a
1555 974 1882 1056 Vincentio
1914 973 2220 1056 Lirinensi
2249 976 2677 1054 conscriptum
2713 995 2727 1038 :
2780 975 2841 1035 id
2884 976 3087 1036 solum
3119 976 3320 1054 liquet
3347 994 3362 1036 :
3418 985 3486 1037 ut
3516 977 3668 1038 Vin-

240 1054 482 1136 centius
509 1057 574 1115 in
605 1055 1108 1136 Commonitorio
1131 1071 1311 1114 voces
1342 1054 1575 1136 passim
1608 1055 1670 1114 in
1706 1054 1983 1136 Ecclesia
2012 1074 2126 1116 suo
2158 1074 2292 1116 sevo
2323 1056 2689 1117 observatas
2730 1074 2844 1134 pro
2894 1057 3017 1116 fide
3064 1057 3440 1136 exponenda
3489 1076 3664 1117 usur-

239 1138 433 1216 pavit,
469 1135 556 1195 ita
587 1142 909 1195 auctorem
942 1135 1250 1214 Symboli,
1284 1135 1568 1213 quisquis
1606 1136 1864 1196 tandem
1903 1135 2010 1195 ille
2062 1136 2161 1207 sit,
2215 1137 2471 1197 vocibus
2521 1155 2701 1196 usum
2755 1154 2888 1197 esse
2936 1155 3050 1197 suo
3099 1156 3234 1197 aevo
3284 1139 3346 1197 in
3393 1137 3672 1198 Ecclesia

236 1217 536 1296 receptis;
571 1216 698 1276 imo
729 1216 1138 1294 conspicuum
1170 1221 1262 1276 est
1291 1223 1584 1275 neutrum
1615 1217 1804 1276 aliam
1839 1223 2048 1276 tenere
2077 1218 2268 1288 viam,
2303 1218 2447 1278 aliis
2478 1218 2568 1277 uti
2612 1217 2796 1278 dictis
2845 1217 3154 1278 debuisse.
3214 1220 3300 1278 Ea
3347 1222 3514 1279 enim
3565 1225 3664 1279 est

237 1296 648 1367 consuetudo,
685 1296 846 1356 utin
887 1297 1190 1377 cudendis
1230 1296 1546 1374 Symbolis
1591 1302 1653 1357 et
1703 1298 1874 1358 Fidei
1921 1297 2442 1370 confessionibus,
2494 1298 2798 1376 loquendi
2846 1300 3049 1359 solum
3101 1317 3335 1376 genera
3385 1299 3575 1377 vulgo
3630 1317 3670 1360 a

237 1377 576 1459 Catholicis
603 1382 908 1459 usurpata
939 1375 1381 1459 adhibeantur,
1416 1395 1531 1438 nec
1561 1396 1728 1438 nova
1753 1377 2261 1453 introducantur,
2293 1378 2413 1438 nisi
2440 1378 2504 1439 in
2535 1375 2814 1458 synodis,
2862 1397 2936 1439 ac
2976 1397 3054 1440 ne
3101 1375 3165 1440 in
3215 1379 3472 1459 synodis
3505 1375 3664 1459 'qui-

240 1461 406 1532 dem,
443 1457 562 1517 nisi
592 1458 964 1536 gravissima
991 1456 1068 1516 de
1101 1474 1309 1517 causa.

322 1537 501 1611 Quod
531 1544 850 1618 postremo
874 1538 1008 1598 loco
1033 1537 1285 1608 dicitur,
1320 1537 1715 1598 Vincentium
1747 1539 1826 1597 ad
1858 1537 2004 1598 ﬁdei
2033 1537 2492 1599 confessionem
2522 1537 2730 1600 denuo
2760 1538 3159 1600 tractandam
3191 1545 3256 1600 et
3303 1539 3658 1618 explanan-

247 1619 394 1679 dam
424 1636 558 1678 sese
589 1617 853 1699 solemni
886 1617 1304 1698 promissione
1335 1618 1800 1690 constrinxisse,
1835 1618 1900 1678 id
1930 1636 2081 1680 sane
2136 1620 2214 1679 de
2237 1619 2548 1699 Symbolo
2577 1618 2948 1696 huiusmodi
2991 1619 3364 1682 adornanda
3385 1617 3669 1699 intelligi

244 1718 373 1760 non
409 1717 592 1778 posse
624 1697 822 1776 liquet
850 1716 927 1758 ex
957 1699 1092 1781 ejus
1121 1699 1326 1781 verbis
1360 1715 1374 1781 ξ
1415 1701 1623 1781 «Haec
1652 1699 1716 1758 in
1746 1717 2036 1781 excursu,
2074 1697 2294 1781 inquit,
2336 1699 2507 1781 dicta
2535 1699 3112 1781 sunt.alias,siDeo
3146 1700 3478 1778 placuerit,
3513 1697 3668 1762 ube-

240 1781 370 1841 rius
394 1781 732 1862 rtractanda
761 1785 824 1839 et
852 1779 1248 1862 explicanda.
1284 1803 1314 1834 »
1352 1779 1501 1850 Quis
1521 1779 1689 1862 enim
1723 1799 1846 1840 non
1889 1779 2248 1862 videat,_his
2278 1780 2684 1862 prolixiorem
2702 1780 2983 1862 promitti
3005 1787 3507 1862 tractatum,non
3531 1782 3670 1862 ipso

243 1861 532 1940 symbolo
566 1865 836 1931 tantum,
863 1861 971 1919 sed
999 1860 1189 1942 eliam
1222 1859 1756 1942 commonitorioi:
1792 1860 1965 1942 quod
2001 1859 2199 1920 multo
2231 1861 2537 1942 prolixius
2581 1868 2673 1921 est
2704 1859 3027 1940 Symbolo,
3066 1860 3416 1942 Quicunque
3452 1865 3482 1924 ?

321 1942 633 2022 Caeterum
666 1958 809 2022 cum
842 1958 916 1999 ex
949 1941 1157 2022 allatis
1188 1959 1379 2017 supra
1404 1941 1779 2022 testimoniis
1800 1941 2088 2022 videatur
2109 1943 2169 2001 in
2195 1941 2383 2000 Guliis
2409 1941 2676 2019 primum
2713 1942 3016 2002 celebrari
3047 1941 3320 2018 coepisse
3340 1943 3460 2003 hoc
3491 1944 3669 2022 Sym-

236 2019 480 2092 bolum,
514 2021 685 2080 haud
717 2021 830 2080 abs
861 2038 926 2080 re
958 2021 1318 2096 coniectant
1366 2021 1592 2080 eruditi
1646 2021 1782 2091 viri,
1829 2021 1891 2080 in
1925 2023 2141 2082 Galliis
2170 2022 2326 2080 illud
2371 2023 2559 2081 fuisse
2606 2023 3066 2082 elucubratum.
3102 2023 3285 2094 Quod
3319 2024 3469 2083 item
3501 2019 3662 2084 forte

240 2101 1007 2183 suadeatantiquissimus
1037 2101 1143 2183 ille
1172 2101 1234 2159 in
1269 2101 1484 2183 Galliis
1524 2106 1586 2160 et
1613 2101 1678 2160 in
1707 2101 1934 2183 Anglia
1982 2121 2118 2162 mos
2174 2102 2460 2183 Symboli
2504 2103 2862 2162 alternatim
2914 2103 3287 2163 concinendi
3325 2122 3339 2162 :
3375 2105 3661 2183 itemque

237 2199 387 2242 mss.
420 2180 884 2242 Gallicanorum
917 2181 1102 2258 copia
1131 2187 1193 2240 et
1222 2181 1583 2259 antiquitas.
1618 2182 1890 2242 Treviris
1937 2190 2149 2243 autem
2179 2180 2258 2242 ab
2287 2182 2634 2242 Athanasio
2684 2183 2874 2243 fuisse
2917 2184 3296 2244 adornatum
3332 2180 3652 2244 testantur

236 2266 382 2324 Otto
410 2261 679 2344 _Frisi_ng.
712 2268 776 2344 et
808 2270 948 2340 post
975 2262 1154 2321 illum
1187 2261 1760 2344 Durandusﬂeoﬂ.
1795 2262 2062 2344 de’v.rlib.
2097 2281 2182 2335 iv,
2217 2281 2355 2340 cap,
2388 2268 2445 2324 2.
2483 2263 2608 2324 Sed
2635 2264 2938 2324 Baronius
2968 2264 3048 2324 ad
3081 2267 3391 2335 ann.340,
3425 2265 3659 2344 opina-

238 2347 342 2424 tur
369 2342 450 2402 ab
478 2341 822 2424 Athanasio
853 2344 1068 2424 Romae
1095 2341 1474 2424 catholicam
1505 2342 1651 2402 ﬁdei
1683 2341 2133 2424 professionem
2165 2361 2378 2405 coram
2398 2345 2566 2404 Julio
2600 2345 3104 2424 pontiﬁce'fuisse
3137 2341 3491 2406 recitatam.
3527 2349 3664 2418 Qua

237 2422 317 2484 de
347 2440 412 2483 re
443 2422 595 2502 quid
617 2422 1012 2484 sentiendum
1041 2425 1123 2484 sit
1151 2441 1230 2484 ex
1259 2423 1694 2502 superioribus
1728 2423 1959 2504 liquet.

980 2718 1083 2781 IV.
1113 2716 1204 2781 De
1231 2718 1416 2781 variis
1442 2716 1710 2802 Symboli
1735 2717 2042 2800 famulis,
2077 2739 2208 2782 cum
2241 2718 2500 2797 Latinis,
2533 2730 2658 2782 tum
2689 2719 2940 2786 Graecis.

325 2971 530 3057 Latini
557 2970 805 3057 codices
833 2971 1124 3057 plerique
1150 2990 1369 3033 omnes
1397 2972 1780 3057 Symbolum
1801 2972 2100 3057 exhibent
2122 2992 2264 3035 cum
2291 2975 2623 3055 perpaucis
2643 2975 3212 3050 varietatibus,uno
3235 2982 3498 3057 excepto
3520 2978 3668 3039 Col-

244 3052 494 3136 bertino
523 3052 986 3136 antiquissimo,
1019 3053 1129 3136 qui
1159 3072 1284 3113 non
1315 3054 1648 3136 sententia,
1678 3054 1787 3114 sed
1822 3055 2015 3116 verbo
2044 3052 2502 3116 tantum‘ten—us
2533 3058 2802 3118 multum
2836 3057 3149 3136 discrepat
3179 3059 3261 3118 ab
3293 3052 3500 3119 edi-tis.

327 3135 560 3194 Graecae
584 3150 730 3214 vero
762 3133 1050 3194 formulae
1077 3133 1164 3194 ita
1195 3135 1358 3194 inter
1386 3153 1450 3194 se
1482 3135 1830 3206 dissonant,
1868 3141 1935 3194 ut
1963 3154 2002 3196 a
2061 3137 2247 3196 variis
2295 3136 2747 3214 interpretibus
2777 3156 2853 3198 ex
2913 3133 3134 3200 Latino
3167 3141 3382 3200 Graece
3434 3157 3662 3199 versas

246 3212 438 3294 fuisse
467 3213 876 3292 conspicuum
908 3215 1009 3274 sit.
1043 3214 1326 3284 Quatuor
1346 3215 1669 3274 all‘erimur
1696 3214 1959 3275 inferius
1992 3233 2006 3275 :
2043 3216 2416 3294 Gudlingius
2445 3212 2592 3278 vero
2624 3220 2685 3278 in
2712 3218 2875 3278 notis
2904 3219 2984 3279 ad
3034 3219 3513 3280 Zialowiskium
3548 3237 3659 3280 sex

248 3293 429 3378 editit
457 3294 782 3378 formulas,
817 3312 893 3353 ex
923 3313 1193 3373 quarum
1210 3303 1438 3378 tamen
1467 3312 1734 3378 numero
1766 3304 1890 3378 tres
1919 3297 2202 3378 itaiinter
2232 3293 2298 3357 se
2322 3305 2467 3358 sunt
2495 3299 2817 3372 alfines,ut
2849 3301 3066 3378 paucis
3094 3300 3412 3360 duntaxat
3443 3301 3667 3361 lectio-

249 3375 434 3435 nibus
464 3374 782 3446 differant,
816 3393 973 3452 quas
1004 3394 1117 3435 nos
1148 3375 1589 3436 adnotavimus
1612 3376 1691 3436 ad
1727 3377 1976 3436 tertiam
2005 3377 2370 3439 formulam.

329 3455 541 3516 Prima
572 3455 662 3516 ita
695 3456 970 3516 formula
997 3457 1231 3530 Graeca,
1265 3476 1339 3517 ea
1369 3463 1463 3518 est
1493 3475 1682 3535 quam
1716 3457 1794 3516 ad
1825 3456 2015 3517 ﬁnem
2051 3457 2476 3519 Palatinorum
2534 3459 2823 3521 codicum
2883 3459 3036 3521 editi
3066 3460 3556 3534 Felckmanuus,
3588 3461 3669 3521 de

251 3537 697 3614 qua'superius
726 3541 934 3598 actum
970 3537 1108 3597 fuit.

329 3617 639 3701 Secunda,
669 3635 863 3701 quam
884 3615 1601 3701 _ediinus,forr_nula,jam
1627 3615 1778 3676 olim
1803 3616 2036 3701 publici
2059 3616 2233 3701 juris
2264 3618 2428 3701 facta
2452 3637 2563 3697 per
2586 3621 3054 3681 Genebrardum
3087 3639 3254 3681 anno
3287 3621 3668 3701 1560,quam

250 3696 340 3756 ait
369 3697 472 3756 ille
501 3716 635 3757 esse
668 3697 957 3758 Ecclesiae
987 3696 1720 3774 Constantinopolitanae,
1753 3703 1959 3757 exstat
1989 3698 2054 3756 in
2090 3699 2280 3776 Hegio
2312 3696 2526 3760 codice
2559 3719 2705 3760 num
2765 3704 2948 3765 2502.
2983 3702 3132 3760 olim
3166 3720 3240 3761 ex
3273 3696 3670 3764 Bibliotheca

246 3776 509 3860 {cannis
538 3778 785 3860 Huralti
816 3778 1191 3860 Boistallerii
1213 3796 1248 3836 a
1279 3778 1503 3860 Carolu
1524 3778 1605 3837 1X
1633 3779 1924 3837 Venetias
1952 3776 2241 3856 legati.[n
2267 3799 2390 3856 quo
2418 3782 2633 3841 codice
2669 3782 2801 3842 haec
2833 3783 3130 3860 leguntur
3151 3790 3298 3842 ante
3327 3783 3664 3855 Dial0gum

250 3857 313 3918 S.
347 3857 672 3948 itthanasii
705 3875 846 3948 cum
880 3858 1024 3918 Ario
1059 3863 1174 3948 {1:6
1196 3864 1374 3948 Δ*παρὸν
1411 3857 1624 3948 βιϐλξον
1659 3861 1866 3948 “pd-qm

2023 3868 2024 3877 “
2057 3865 2209 3948 ὲμοζ)-
2225 3866 2500 3948 Ζαχαρίου
2524 3866 2720 3948 γῖεξέως
2750 3865 2846 3922 τοῦ
2879 3857 3089 3944 Ιξρητὸς
3117 3873 3214 3924 τοῦ
3247 3876 3552 3948 Μαραφαρᾶ
3575 3869 3666 3925 διὰ

247 3943 560 4027 συνδρομῆς
589 3944 678 4027 xui
714 3945 910 4027 μισβρῦ
941 3948 1037 3998 τοῦ
1067 3942 1416 4027 ἐγδοξοτάξῑρυ
1444 3942 2404 4027 κυρίου-ἰωάννφὲυ-Βοϊσταλμλιρίο-ύ,
2435 3943 2712 4020 πρέσϐεως
2764 3942 3022 4023 Ἐνετίῃσι
3067 3954 3164 4003 τοῦ
3212 3942 3669 4027 ἐκλάμτέρὸτάτου

248 4028 339 4079 καί
371 4023 746 4100 γαληνοτάτου
774 4023 1030 4106 αὐθέντορ
1061 4024 1226 4100 σύρου
1259 4022 1474 4106 ξίᾴρλᾳυ
1508 4023 2058 4106 βαειιλὲῳςιΓάλλων.
2093 4024 2317 4106 Κᾳίτοιλ
2341 4025 2427 4081 ἐὰν
2463 4022 2957 4106 εὕρητῇῗτι-λάθᾲος
2991 4028 3283 4106 σύγγνωτε.
3328 4022 3666 4106 ἀνθρώπινον

247 4099 415 4168 πάθος
448 4105 523 4186 τὲ
542 4105 887 4186 ἁμαρτᾴνειν.
923 4099 1224 4183 "Essem.
1261 4101 1324 4186 Id
1357 4105 1470 4172 est,
1510 4122 1541 4153 «
1565 4099 1678 4158 Hic
1712 4099 1890 4186 iiber

2024 4117 2088 4186 ne
2120 4101 2471 4186 descriptus
2501 4099 2594 4186 est
2623 4099 3362 4186 Zacliaria‘Maraphara,
3397 4099 3667 4186 presby-

255 4203 286 4237 «
319 4187 451 4242 tero
482 4177 784 4252 Cretensi,
819 4198 939 4259 ope
969 4177 1040 4241 ac
1075 4181 1357 4241 mercede
1387 4186 1649 4258 accepta
1678 4177 2006 4240 clarissimi
2035 4181 2275 4241 domini
2295 4177 2558 4242 Joannis
2589 4187 2751 4244 658
2778 4177 3177 4257 Boistallerii,
3229 4177 3505 4247 Venetiis
3536 4177 3668 4249 ver-

254 4284 287 4318 ‹‹
317 4261 531 4346 santis,
568 4260 766 4346 legati
789 4261 1267 4346 praeclarissimi
1283 4279 1356 4322 ac
1386 4261 1774 4346 serenissi‘mi
1794 4260 2036 4346 domini
2065 4262 2272 4322 Caroli
2301 4264 2469 4346 regis
2492 4264 2837 4346 Gallorum.
2875 4266 2940 4346 Si
2971 4284 3159 4346 quem
3188 4284 3377 4344 porro
3407 4267 3663 4346 lapsum

161 4403 170 4410 ,
255 4365 288 4398 α
318 4341 1184 4426 deprehendatis,ignoscite.
1218 4344 1522 4403 Humana!
1550 4340 2054 4426 estinﬁrmitatis
2102 4361 2360 4426 peccare
2399 4361 2411 4402 :
2448 4345 2716 4426 Salvete.
2755 4345 2839 4405 Et
2881 4340 3140 4424 inferius
3173 4340 3671 4426 {Transcriptus

254 4447 287 4479 «
318 4431 381 4484 et
411 4421 766 4507 recognitus
796 4421 952 4507 liber
983 4422 1082 4507 hic
1111 4430 1308 4497 est,ex
1342 4421 1764 4507 vetustissimo
1782 4422 2125 4507 eaempiari
2157 4423 2400 4507 Cretico
2425 4446 2439 4498 ;
2473 4424 2748 4485 Venetiis
2778 4421 2951 4485 anno
2985 4427 3162 4497 1552,
3182 4428 3469 4507 impensa
3501 4421 3673 4490 facta

253 4527 284 4560 «
317 4520 652 4564 aureorum
683 4503 756 4561 Χ.
790 4503 1130 4589 Zacharias
1159 4505 1452 4589 sacerdos
1480 4501 1887 4589 tra_ns_cripsit_
1905 4508 1969 4562 et
2006 4502 2252 4589 habuit.
2311 4526 2338 4559 ι
2379 4505 2692 4589 Incertum
2746 4512 2955 4589 autem
3001 4514 3214 4568 utrum
3246 4501 3322 4569 e'x
3354 4510 3464 4571 illo
3493 4512 3670 4589 quod

258 4592 567 4667 memorat
597 4584 1018 4667 vetustissimo
1045 4585 1391 4667 exemplari
1415 4582 1782 4667 Symbolum
1809 4583 1998 4642 etiam
2031 4585 2110 4642 sit
2143 4591 2464 4643 mutuatus
2490 4603 2503 4667 ς
2529 4587 2726 4645 codex
2750 4587 2985 4665 quippe
3007 4589 3236 4667 amplae
3262 4590 3444 4651 molis
3468 4582 3673 4653 multa

248 4671 311 4750 et
341 4665 517 4724 varia
532 4665 1008 4750 complectitur,
1030 4683 1185 4750 quae
1215 4662 1508 4750 dubitare
1538 4662 1686 4750 licet
1715 4680 1794 4750 ex
1813 4681 2032 4750 unone
2061 4667 2276 4724 codice
2304 4666 2619 4750 exscripta
2667 4662 2924 4750 fuerint
2945 4687 3025 4728 an
3079 4662 3157 4728 ei:
3204 4671 3668 4750 compluribus.

247 4745 412 4806 Sane
442 4743 685 4824 nullum
721 4744 986 4803 vidimus
1019 4746 1310 4806 Graecum
1346 4744 1535 4821 hujus
1569 4743 1854 4820 Symboli
1884 4743 2164 4803 codicem
2213 4746 2324 4823 qui
2366 4752 2786 4808 trecentorum
2832 4748 2914 4808 sit
2960 4767 3298 4824 annorum,
3351 4743 3473 4813 hec
3512 4753 3674 4814 anti-

249 4843 446 4905 quum
480 4823 651 4905 aliud
679 4842 720 4905 ia
751 4825 1050 4902 quopiam
1087 4833 1287 4886 visum
1316 4826 1504 4885 fuisse
1533 4823 1846 4905 novimus.

329 4904 560 4973 Tertia,
597 4903 868 4983 primum
902 4905 1072 4964 edita
1102 4908 1218 4967 fuit
1249 4907 1330 4967 ab
1361 4903 1626 4966 Henrico
1659 4905 1982 4981 Stephano
2014 4923 2180 4964 anno
2213 4907 2390 4966 1565.
2427 4906 2661 4966 Deinde
2692 4926 2840 4968 vero
2872 4925 2909 4967 a
2941 4909 3218 4970 Gilberlo
3257 4911 3672 4975 Genebrardo

252 5005 327 5047 ex
359 4985 572 5046 codice
605 4986 822 5045 Lazari
856 4985 1081 5058 Baifﬁi,
1127 4993 1271 5048 eum
1325 4985 1478 5047 varii
1537 4983 1910 5067 lectionibus
1939 5003 2014 5044 ex
2072 4986 2345 5046 editione
2383 4987 2629 5048 Henrici
2690 4989 2999 5067 Stephani
3047 5010 3191 5067 quae
3225 4992 3283 5050 in
3348 4995 3674 5055 nonnullis

251 5067 437 5151 ab_ea
467 5067 1124 5151 discrepatnltemque
1155 5087 1230 5128 ex
1264 5076 1580 5151 postrema
1612 5065 2020 5151 conciliorum
2051 5067 2348 5151 editione,
2383 5086 2524 5145 qum
2558 5069 2620 5127 in
2677 5065 2962 5146 pluribus
3018 5065 3228 5131 differt
3259 5073 3339 5132 ab
3372 5083 3669 5151 utraque.

333 5149 570 5219 Quarta
602 5147 771 5224 Fidei
805 5147 1098 5220 formula,
1153 5146 1497 5210 seu’versio
1545 5146 1828 5223 Symboli
1864 5148 2212 5226 Quicunque
2241 5149 2306 5206 in
2359 5156 2675 5226 postrema
2717 5151 3136 5211 Conciliorum
3185 5154 3459 5215 editione
3519 5146 3675 5218 cusa

251 5237 368 5303 est,
393 5247 467 5288 ex
498 5228 748 5290 Usserio
779 5229 1136 5311 desumpta.
1171 5249 1362 5309 quam
1401 5227 1682 5291 Usserius
1711 5247 1785 5311 ex
1817 5228 2066 5311 Patricii
2097 5229 2268 5311 {Iunii
2299 5231 2672 5308 apographo
2705 5238 3048 5305 mutuatus,
3082 5233 3402 5311 publicam
3437 5237 3675 5297 fecerat

252 5328 418 5372 anno
453 5311 630 5370 1657.
666 5311 813 5369 Haec
843 5309 1029 5392 plane
1057 5307 1512 5392 ποερᾱφραστεξῶς
1544 5310 1895 5392 conscripta

2034 5314 2072 5366 t.
2100 5309 2330 5386 Estque
2381 5307 2600 5370 novatu
2633 5312 2920 5389 dignum.
2971 5313 3032 5371 in
3072 5307 3274 5392 prima
3304 5324 3366 5376 et
3395 5317 3677 5378 formula

248 5392 553 5474 Spiritum
587 5384 877 5474 sanctum
902 5389 1025 5474 dici
1047 5384 1252 5474 solum
1283 5385 1578 5474 e_x__Patre
1607 5384 1965 5474 procedere,
1998 5387 2059 5446 in
2093 5384 2374 5474 secunda
2405 5396 2469 5449 et
2509 5384 2732 5474 tertia:
2769 5411 2843 5451 ex
2896 5384 3086 5452 Patre
3132 5395 3416 5474 Filioque
3453 5415 3468 5456 :
3503 5399 3674 5460 unde

251 5465 535 5533 fortassis
563 5470 837 5549 suspicio
870 5470 1081 5529 veniat
1114 5465 1300 5552 fuisse
1320 5465 1459 5552 illas
1488 5486 1526 5527 a
1554 5465 1791 5529 Latinis
1813 5467 2185 5552 editas,cum
2213 5471 2376 5530 hanc
2407 5472 2606 5552 Graeci
2626 5473 2981 5532 doctrinam
3017 5465 3409 5552 proterve-ac
3433 5484 3674 5540 temere

253 5558 473 5614 contra
503 5545 864 5611 sanet—orum
901 5553 1156 5629 Patrum
1189 5545 1376 5605 etiam
1411 5547 1770 5609 Graecorum
1803 5548 2180 5629 sententiam
2213 5551 2568 5629 repudient.

335 5634 474 5718 _Non
508 5631 826 5718 ingratum
877 5629 1099 5691 lectori
1127 5626 1264 5718 fore
1317 5634 1640 5718 putamus,
1673 5626 2379 5718 qupdubinasﬁallicas
2411 5631 2728 5718 versiones
2756 5630 2855 5692 his
2892 5632 3314 5718 adjecerimus
3344 5653 3357 5697 :
3393 5656 3670 5718 quarum

252 5712 456 5796 priori
469 5707 844 5796 _uti;dic_tum
875 5718 986 5796 e_s_t_,
1022 5729 1099 5772 ex
1131 5708 1342 5796 codice
1373 5707 1730 5770 Colbertino
1752 5710 1980 5796 ἔμβα
2007 5709 2126 5770 600
2153 5711 2337 5772 anuis
2367 5713 2730 5796 conscripta
2771 5719 2888 5796 est.
2920 5707 3136 5777 Altera
3168 5735 3315 5780 vero
3343 5707 3431 5780 ei
3450 5720 3673 5784 codice

259 5788 387 5870 RR.
418 5789 537 5849 PP.
575 5791 863 5850 Fratrum
893 5790 1206 5852 Minorum
1237 5788 1356 5850 400
1384 5807 1719 5852 annorum.
1751 5790 2143 5870 Videturque
2190 5808 2269 5852 ex
2299 5788 2659 5874 antiquiore
2707 5795 2922 5858 codice
2970 5797 3288 5881 exscripta
3320 5816 3336 5860 :
3369 5819 3500 5864 non
3519 5819 3672 5881 con-
