  <div class='ocr_page' id='page_1' title='image "/cluster/home/n/w/nwhite01/storage/ocr_20150623/28:no.4/coo.31924054873090/804.png"; bbox 0 0 4162 6382; ppageno 0'>
   <div class='ocr_carea' id='block_1_1' title="bbox 293 479 444 543">
    <p class='ocr_par' dir='ltr' id='par_1_1' title="bbox 293 479 444 543">
     <span class='ocr_line' id='line_1_1' title="bbox 293 479 444 543; baseline -0.02 0"><span class='ocrx_word' id='word_1_1' title='bbox 293 479 444 543; x_wconf 71' lang='grc'><strong>1881</strong></span> 
     </span>
    </p>
   </div>
   <div class='ocr_carea' id='block_1_2' title="bbox 1514 474 2483 549">
    <p class='ocr_par' dir='ltr' id='par_1_2' title="bbox 1514 474 2483 549">
     <span class='ocr_line' id='line_1_2' title="bbox 1514 474 2483 549; baseline -0.005 -9"><span class='ocrx_word' id='word_1_2' title='bbox 1514 474 1947 540; x_wconf 83' lang='lat' dir='ltr'><strong>SYMBOLUM</strong></span> <span class='ocrx_word' id='word_1_3' title='bbox 1998 475 2483 549; x_wconf 79' lang='lat' dir='ltr'><strong>QUICUNQUE.</strong></span> 
     </span>
    </p>
   </div>
   <div class='ocr_carea' id='block_1_3' title="bbox 3549 480 3704 540">
    <p class='ocr_par' dir='ltr' id='par_1_3' title="bbox 3549 480 3704 540">
     <span class='ocr_line' id='line_1_3' title="bbox 3549 480 3704 540; baseline 0.006 -1"><span class='ocrx_word' id='word_1_4' title='bbox 3549 480 3704 540; x_wconf 70' lang='grc'><strong>1582</strong></span> 
     </span>
    </p>
   </div>
   <div class='ocr_carea' id='block_1_4' title="bbox 296 611 3704 691">
    <p class='ocr_par' dir='ltr' id='par_1_4' title="bbox 296 611 3704 691">
     <span class='ocr_line' id='line_1_4' title="bbox 296 611 3704 691; baseline -0.001 -14"><span class='ocrx_word' id='word_1_5' title='bbox 296 620 480 677; x_wconf 88' lang='lat' dir='ltr'><strong>sonat</strong></span> <span class='ocrx_word' id='word_1_6' title='bbox 509 615 672 674; x_wconf 92' lang='lat' dir='ltr'><strong>enim</strong></span> <span class='ocrx_word' id='word_1_7' title='bbox 708 612 817 673; x_wconf 89' lang='lat' dir='ltr'><strong>illa</strong></span> <span class='ocrx_word' id='word_1_8' title='bbox 846 614 1281 691; x_wconf 80' lang='lat' dir='ltr'><strong>interpretatio</strong></span> <span class='ocrx_word' id='word_1_9' title='bbox 1306 632 1443 673; x_wconf 93' lang='lat' dir='ltr'><strong>cum</strong></span> <span class='ocrx_word' id='word_1_10' title='bbox 1480 614 1699 673; x_wconf 87' lang='lat' dir='ltr'><strong>Latino</strong></span> <span class='ocrx_word' id='word_1_11' title='bbox 1732 613 2037 691; x_wconf 86' lang='lat' dir='ltr'><strong>Symbolo</strong></span> <span class='ocrx_word' id='word_1_12' title='bbox 2069 632 2099 671; x_wconf 89' lang='lat' dir='ltr'><strong>e</strong></span> <span class='ocrx_word' id='word_1_13' title='bbox 2136 613 2388 689; x_wconf 81' lang='lat' dir='ltr'><strong>regione</strong></span> <span class='ocrx_word' id='word_1_14' title='bbox 2423 612 2623 689; x_wconf 79' lang='lat' dir='ltr'><strong>posito</strong></span> <span class='ocrx_word' id='word_1_15' title='bbox 2662 630 2674 681; x_wconf 89' lang='lat'>;</span> <span class='ocrx_word' id='word_1_16' title='bbox 2709 611 2795 671; x_wconf 87' lang='lat' dir='ltr'><strong>ita</strong></span> <span class='ocrx_word' id='word_1_17' title='bbox 2828 618 2893 672; x_wconf 94' lang='lat' dir='ltr'><strong>ut</strong></span> <span class='ocrx_word' id='word_1_18' title='bbox 2916 613 3101 673; x_wconf 88' lang='lat' dir='ltr'><strong>etiam</strong></span> <span class='ocrx_word' id='word_1_19' title='bbox 3128 612 3449 691; x_wconf 81' lang='lat' dir='ltr'><strong>inscriptio</strong></span> <span class='ocrx_word' id='word_1_20' title='bbox 3485 616 3704 675; x_wconf 86' lang='lat' dir='ltr'><strong>Latina</strong></span> 
     </span>
    </p>
   </div>
   <div class='ocr_carea' id='block_1_5' title="bbox 300 693 3562 772">
    <p class='ocr_par' dir='ltr' id='par_1_5' title="bbox 300 693 3562 772">
     <span class='ocr_line' id='line_1_5' title="bbox 300 693 3562 772; baseline -0.001 -15"><span class='ocrx_word' id='word_1_21' title='bbox 300 716 337 757; x_wconf 89' lang='lat' dir='ltr'><strong>a</strong></span> <span class='ocrx_word' id='word_1_22' title='bbox 390 696 627 756; x_wconf 91' lang='lat' dir='ltr'><strong>Gallica</strong></span> <span class='ocrx_word' id='word_1_23' title='bbox 657 696 902 771; x_wconf 80' lang='lat' dir='ltr'><strong>penitus</strong></span> <span class='ocrx_word' id='word_1_24' title='bbox 934 694 1266 772; x_wconf 86' lang='lat' dir='ltr'><strong>discrepet,</strong></span> <span class='ocrx_word' id='word_1_25' title='bbox 1300 694 1361 752; x_wconf 90' lang='lat' dir='ltr'><strong>in</strong></span> <span class='ocrx_word' id='word_1_26' title='bbox 1400 696 1732 772; x_wconf 77' lang='lat' dir='ltr'><strong>prioreque</strong></span> <span class='ocrx_word' id='word_1_27' title='bbox 1767 693 2091 763; x_wconf 84' lang='lat' dir='ltr'><strong>Bonifacii,</strong></span> <span class='ocrx_word' id='word_1_28' title='bbox 2130 694 2188 751; x_wconf 91' lang='lat' dir='ltr'><strong>in</strong></span> <span class='ocrx_word' id='word_1_29' title='bbox 2227 694 2571 770; x_wconf 75' lang='lat' dir='ltr'><strong>posteriore</strong></span> <span class='ocrx_word' id='word_1_30' title='bbox 2605 712 2748 752; x_wconf 68' lang='lat' dir='ltr'><strong>vexo</strong></span> <span class='ocrx_word' id='word_1_31' title='bbox 2775 694 3101 753; x_wconf 78' lang='lat' dir='ltr'><strong>Athanasii</strong></span> <span class='ocrx_word' id='word_1_32' title='bbox 3130 712 3264 754; x_wconf 80' lang='lat' dir='ltr'><strong>esse</strong></span> <span class='ocrx_word' id='word_1_33' title='bbox 3294 696 3562 755; x_wconf 81' lang='lat' dir='ltr'><strong>dicatur.</strong></span> 
     </span>
    </p>
   </div>
   <div class='ocr_carea' id='block_1_6' title="bbox 377 772 3705 853">
    <p class='ocr_par' dir='ltr' id='par_1_6' title="bbox 377 772 3705 853">
     <span class='ocr_line' id='line_1_6' title="bbox 377 772 3705 853; baseline -0 -18"><span class='ocrx_word' id='word_1_34' title='bbox 377 777 483 835; x_wconf 86' lang='lat' dir='ltr'><strong>His</strong></span> <span class='ocrx_word' id='word_1_35' title='bbox 513 776 957 852; x_wconf 69' lang='lat' dir='ltr'><strong>subiungimus</strong></span> <span class='ocrx_word' id='word_1_36' title='bbox 988 775 1277 853; x_wconf 90' lang='lat' dir='ltr'><strong>Symboli</strong></span> <span class='ocrx_word' id='word_1_37' title='bbox 1308 774 1792 852; x_wconf 82' lang='lat' dir='ltr'><strong>explicationem</strong></span> <span class='ocrx_word' id='word_1_38' title='bbox 1831 773 2044 833; x_wconf 89' lang='lat' dir='ltr'><strong>Latine</strong></span> <span class='ocrx_word' id='word_1_39' title='bbox 2074 774 2487 851; x_wconf 83' lang='lat' dir='ltr'><strong>compositam</strong></span> <span class='ocrx_word' id='word_1_40' title='bbox 2511 791 2587 832; x_wconf 80' lang='lat' dir='ltr'><strong>ex</strong></span> <span class='ocrx_word' id='word_1_41' title='bbox 2620 772 2831 833; x_wconf 83' lang='lat' dir='ltr'><strong>codice</strong></span> <span class='ocrx_word' id='word_1_42' title='bbox 2856 773 3116 851; x_wconf 87' lang='lat' dir='ltr'><strong>hujusce</strong></span> <span class='ocrx_word' id='word_1_43' title='bbox 3140 775 3705 853; x_wconf 86' lang='lat' dir='ltr'><strong>Sangermanensis</strong></span> 
     </span>
    </p>
   </div>
   <div class='ocr_carea' id='block_1_7' title="bbox 298 853 3702 934">
    <p class='ocr_par' dir='ltr' id='par_1_7' title="bbox 298 853 3702 934">
     <span class='ocr_line' id='line_1_7' title="bbox 298 853 3702 934; baseline 0 -19"><span class='ocrx_word' id='word_1_44' title='bbox 298 856 566 916; x_wconf 73' lang='lat' dir='ltr'><strong>cmnobii</strong></span> <span class='ocrx_word' id='word_1_45' title='bbox 600 874 908 915; x_wconf 90' lang='lat' dir='ltr'><strong>annorum</strong></span> <span class='ocrx_word' id='word_1_46' title='bbox 937 856 1078 915; x_wconf 90' lang='lat' dir='ltr'><strong>dlus</strong></span> <span class='ocrx_word' id='word_1_47' title='bbox 1109 857 1597 934; x_wconf 89' lang='lat' dir='ltr'><strong>quingentorum</strong></span> <span class='ocrx_word' id='word_1_48' title='bbox 1635 854 2040 931; x_wconf 79' lang='lat' dir='ltr'><strong>exscriptam,</strong></span> <span class='ocrx_word' id='word_1_49' title='bbox 2084 872 2207 913; x_wconf 92' lang='lat' dir='ltr'><strong>non</strong></span> <span class='ocrx_word' id='word_1_50' title='bbox 2241 853 2591 931; x_wconf 79' lang='lat' dir='ltr'><strong>indignam,</strong></span> <span class='ocrx_word' id='word_1_51' title='bbox 2625 859 2694 913; x_wconf 91' lang='lat' dir='ltr'><strong>ut</strong></span> <span class='ocrx_word' id='word_1_52' title='bbox 2746 854 3150 928; x_wconf 85' lang='lat' dir='ltr'><strong>arbitramur,</strong></span> <span class='ocrx_word' id='word_1_53' title='bbox 3211 874 3354 933; x_wconf 59' lang='lat' dir='ltr'><strong>quas</strong></span> <span class='ocrx_word' id='word_1_54' title='bbox 3385 858 3446 916; x_wconf 91' lang='lat' dir='ltr'><strong>in</strong></span> <span class='ocrx_word' id='word_1_55' title='bbox 3501 856 3702 917; x_wconf 86' lang='lat' dir='ltr'><strong>lucem</strong></span> 
     </span>
    </p>
   </div>
   <div class='ocr_carea' id='block_1_8' title="bbox 304 938 589 1017">
    <p class='ocr_par' dir='ltr' id='par_1_8' title="bbox 304 938 589 1017">
     <span class='ocr_line' id='line_1_8' title="bbox 304 938 589 1017; baseline 0 -23"><span class='ocrx_word' id='word_1_56' title='bbox 304 938 589 1017; x_wconf 84' lang='lat' dir='ltr'><strong>prodeat.</strong></span> 
     </span>
    </p>
   </div>
   <div class='ocr_carea' id='block_1_9' title="bbox 394 1012 3707 1094">
    <p class='ocr_par' dir='ltr' id='par_1_9' title="bbox 394 1012 3707 1094">
     <span class='ocr_line' id='line_1_9' title="bbox 394 1012 3707 1094; baseline -0.001 -17"><span class='ocrx_word' id='word_1_57' title='bbox 394 1026 635 1094; x_wconf 81' lang='lat' dir='ltr'><strong>Agmen</strong></span> <span class='ocrx_word' id='word_1_58' title='bbox 667 1016 905 1075; x_wconf 86' lang='lat' dir='ltr'><strong>claudit</strong></span> <span class='ocrx_word' id='word_1_59' title='bbox 935 1017 1148 1075; x_wconf 64' lang='lat' dir='ltr'><strong>Graeca</strong></span> <span class='ocrx_word' id='word_1_60' title='bbox 1180 1015 1327 1074; x_wconf 85' lang='lat' dir='ltr'><strong>ﬁdei</strong></span> <span class='ocrx_word' id='word_1_61' title='bbox 1356 1014 1773 1082; x_wconf 85' lang='lat' dir='ltr'><strong>confessio,ex</strong></span> <span class='ocrx_word' id='word_1_62' title='bbox 1803 1014 2016 1073; x_wconf 87' lang='lat' dir='ltr'><strong>codice</strong></span> <span class='ocrx_word' id='word_1_63' title='bbox 2049 1014 2243 1090; x_wconf 81' lang='lat' dir='ltr'><strong>Regio</strong></span> <span class='ocrx_word' id='word_1_64' title='bbox 2273 1016 2431 1073; x_wconf 75' lang='lat'><strong>2356</strong></span> <span class='ocrx_word' id='word_1_65' title='bbox 2460 1013 2764 1089; x_wconf 88' lang='lat' dir='ltr'><strong>excripta.</strong></span> <span class='ocrx_word' id='word_1_66' title='bbox 2800 1012 2950 1084; x_wconf 68' lang='lat' dir='ltr'><strong>Quae</strong></span> <span class='ocrx_word' id='word_1_67' title='bbox 2976 1014 3125 1074; x_wconf 89' lang='lat' dir='ltr'><strong>item</strong></span> <span class='ocrx_word' id='word_1_68' title='bbox 3151 1016 3403 1093; x_wconf 55' lang='lat' dir='ltr'><strong>praefert</strong></span> <span class='ocrx_word' id='word_1_69' title='bbox 3426 1017 3707 1078; x_wconf 87' lang='lat' dir='ltr'><strong>Athana-</strong></span> 
     </span>
    </p>
   </div>
   <div class='ocr_carea' id='block_1_10' title="bbox 311 1094 2895 1175">
    <p class='ocr_par' dir='ltr' id='par_1_10' title="bbox 311 1094 2895 1175">
     <span class='ocr_line' id='line_1_10' title="bbox 311 1094 2895 1175; baseline -0.002 -18"><span class='ocrx_word' id='word_1_70' title='bbox 311 1098 385 1157; x_wconf 88' lang='lat' dir='ltr'><strong>sii</strong></span> <span class='ocrx_word' id='word_1_71' title='bbox 419 1116 674 1168; x_wconf 83' lang='lat' dir='ltr'><strong>nomen,</strong></span> <span class='ocrx_word' id='word_1_72' title='bbox 709 1095 1068 1174; x_wconf 81' lang='lat' dir='ltr'><strong>multisque,</strong></span> <span class='ocrx_word' id='word_1_73' title='bbox 1105 1102 1171 1156; x_wconf 91' lang='lat' dir='ltr'><strong>ut</strong></span> <span class='ocrx_word' id='word_1_74' title='bbox 1202 1096 1654 1167; x_wconf 81' lang='lat' dir='ltr'><strong>existimamus,</strong></span> <span class='ocrx_word' id='word_1_75' title='bbox 1693 1102 1832 1175; x_wconf 87' lang='lat' dir='ltr'><strong>post</strong></span> <span class='ocrx_word' id='word_1_76' title='bbox 1862 1094 2277 1154; x_wconf 85' lang='lat' dir='ltr'><strong>Athanasium</strong></span> <span class='ocrx_word' id='word_1_77' title='bbox 2308 1095 2553 1154; x_wconf 61' lang='lat' dir='ltr'><strong>saeculis</strong></span> <span class='ocrx_word' id='word_1_78' title='bbox 2582 1094 2752 1155; x_wconf 87' lang='lat' dir='ltr'><strong>edita</strong></span> <span class='ocrx_word' id='word_1_79' title='bbox 2782 1100 2895 1154; x_wconf 89' lang='lat' dir='ltr'><strong>est.</strong></span> 
     </span>
    </p>
   </div>
   <div class='ocr_carea' id='block_1_11' title="bbox 841 1346 3156 1447">
    <p class='ocr_par' dir='ltr' id='par_1_11' title="bbox 841 1346 3156 1447">
     <span class='ocr_line' id='line_1_11' title="bbox 841 1346 3156 1447; baseline -0.002 -2"><span class='ocrx_word' id='word_1_80' title='bbox 841 1348 1521 1447; x_wconf 90' lang='grc' dir='ltr'><strong>ΣΥΜΒΟΛΟΝ</strong></span> <span class='ocrx_word' id='word_1_81' title='bbox 1604 1348 1855 1445; x_wconf 89' lang='grc' dir='ltr'><strong>ΤΟΥ</strong></span> <span class='ocrx_word' id='word_1_82' title='bbox 1933 1347 2315 1443; x_wconf 85' lang='grc' dir='ltr'><strong>ΑΓΙΟΥ</strong></span> <span class='ocrx_word' id='word_1_83' title='bbox 2395 1346 3156 1445; x_wconf 79' lang='grc' dir='ltr'><strong>ΑΘΑΝΑΣΙΟΥ.</strong></span> 
     </span>
    </p>
   </div>
   <div class='ocr_carea' id='block_1_12' title="bbox 432 1646 3593 1792">
    <p class='ocr_par' dir='ltr' id='par_1_12' title="bbox 432 1646 3593 1792">
     <span class='ocr_line' id='line_1_12' title="bbox 432 1646 3593 1792; baseline -0 -80"><span class='ocrx_word' id='word_1_84' title='bbox 432 1648 910 1712; x_wconf 79' lang='lat' dir='ltr'><strong>SYMBOLUM</strong></span> <span class='ocrx_word' id='word_1_85' title='bbox 953 1649 1017 1712; x_wconf 85' lang='lat' dir='ltr'><strong>S.</strong></span> <span class='ocrx_word' id='word_1_86' title='bbox 1060 1652 1109 1711; x_wconf 69' lang='grc' dir='ltr'><em>Α</em></span> <span class='ocrx_word' id='word_1_87' title='bbox 1129 1647 1545 1711; x_wconf 80' lang='lat' dir='ltr'><strong>THANASII</strong></span> <span class='ocrx_word' id='word_1_88' title='bbox 1582 1648 1706 1709; x_wconf 83' lang='lat' dir='ltr'><strong>DE</strong></span> <span class='ocrx_word' id='word_1_89' title='bbox 1750 1646 2479 1792; x_wconf 41' lang='grc' dir='ltr'><strong>ιὲἕθέΕῇἒῇοιιιἈ</strong></span> <span class='ocrx_word' id='word_1_90' title='bbox 2530 1648 2637 1729; x_wconf 75' lang='grc'><strong>(4),</strong></span> <span class='ocrx_word' id='word_1_91' title='bbox 2698 1647 2968 1710; x_wconf 86' lang='lat' dir='ltr'><strong><em>VULGO</em></strong></span> <span class='ocrx_word' id='word_1_92' title='bbox 3008 1648 3106 1711; x_wconf 85' lang='lat' dir='ltr'><strong><em>IN</em></strong></span> <span class='ocrx_word' id='word_1_93' title='bbox 3158 1648 3593 1713; x_wconf 79' lang='lat' dir='ltr'><strong>ECCLESIA</strong></span> 
     </span>
    </p>
   </div>
   <div class='ocr_carea' id='block_1_13' title="bbox 1688 1975 2322 2035">
    <p class='ocr_par' dir='ltr' id='par_1_13' title="bbox 1688 1975 2322 2035">
     <span class='ocr_line' id='line_1_13' title="bbox 1688 1975 2322 2035; baseline 0.003 -3"><span class='ocrx_word' id='word_1_94' title='bbox 1688 1975 1917 2033; x_wconf 70' lang='lat' dir='ltr'><strong>PRIMA</strong></span> <span class='ocrx_word' id='word_1_95' title='bbox 1956 1975 2322 2035; x_wconf 81' lang='lat' dir='ltr'><strong>FORMULA.</strong></span> 
     </span>
    </p>
   </div>
   <div class='ocr_carea' id='block_1_14' title="bbox 374 2118 1969 2199">
    <p class='ocr_par' dir='ltr' id='par_1_14' title="bbox 374 2118 1951 2196">
     <span class='ocr_line' id='line_1_14' title="bbox 374 2118 1951 2196; baseline -0.003 -19"><span class='ocrx_word' id='word_1_96' title='bbox 374 2122 437 2177; x_wconf 74' lang='grc' dir='ltr'><strong>Εἴ</strong></span> <span class='ocrx_word' id='word_1_97' title='bbox 463 2143 546 2183; x_wconf 85' lang='grc' dir='ltr'><strong>τις</strong></span> <span class='ocrx_word' id='word_1_98' title='bbox 593 2119 737 2177; x_wconf 74' lang='grc' dir='ltr'>θιλει</span> <span class='ocrx_word' id='word_1_99' title='bbox 779 2122 1042 2193; x_wconf 77' lang='grc' dir='ltr'>σωθῆναι,</span> <span class='ocrx_word' id='word_1_100' title='bbox 1095 2122 1198 2196; x_wconf 85' lang='grc' dir='ltr'><strong>πρὸ</strong></span> <span class='ocrx_word' id='word_1_101' title='bbox 1244 2122 1458 2175; x_wconf 74' lang='grc' dir='ltr'>πάντων</span> <span class='ocrx_word' id='word_1_102' title='bbox 1503 2122 1615 2196; x_wconf 78' lang='grc' dir='ltr'>χρὴ</span> <span class='ocrx_word' id='word_1_103' title='bbox 1667 2118 1814 2191; x_wconf 74' lang='grc' dir='ltr'><strong>αὖτῷ</strong></span> <span class='ocrx_word' id='word_1_104' title='bbox 1850 2120 1951 2187; x_wconf 77' lang='grc' dir='ltr'>τήν</span> 
     </span>
    </p>
   </div>
   <div class='ocr_carea' id='block_1_15' title="bbox 2086 2118 3722 2199">
    <p class='ocr_par' dir='ltr' id='par_1_15' title="bbox 2136 2122 3722 2199">
     <span class='ocr_line' id='line_1_15' title="bbox 2136 2122 3722 2199; baseline 0.004 -21"><span class='ocrx_word' id='word_1_105' title='bbox 2136 2124 2483 2189; x_wconf 72' lang='grc' dir='ltr'>Οσιουκουιι</span> <span class='ocrx_word' id='word_1_106' title='bbox 2513 2123 2639 2179; x_wconf 87' lang='lat' dir='ltr'><strong>vult</strong></span> <span class='ocrx_word' id='word_1_107' title='bbox 2667 2122 2863 2180; x_wconf 78' lang='lat' dir='ltr'><strong>salvus</strong></span> <span class='ocrx_word' id='word_1_108' title='bbox 2892 2129 3193 2191; x_wconf 82' lang='lat' dir='ltr'><strong>esse,ante</strong></span> <span class='ocrx_word' id='word_1_109' title='bbox 3222 2126 3419 2181; x_wconf 89' lang='lat' dir='ltr'><strong>omnia</strong></span> <span class='ocrx_word' id='word_1_110' title='bbox 3449 2144 3598 2199; x_wconf 88' lang='lat' dir='ltr'><strong>opus</strong></span> <span class='ocrx_word' id='word_1_111' title='bbox 3630 2132 3722 2184; x_wconf 84' lang='lat' dir='ltr'><strong>est</strong></span> 
     </span>
    </p>
   </div>
   <div class='ocr_carea' id='block_1_16' title="bbox 307 2208 1956 2287">
    <p class='ocr_par' dir='ltr' id='par_1_16' title="bbox 307 2208 1956 2287">
     <span class='ocr_line' id='line_1_16' title="bbox 307 2208 1956 2287; baseline -0.002 -21"><span class='ocrx_word' id='word_1_112' title='bbox 307 2211 607 2281; x_wconf 78' lang='grc' dir='ltr'><strong>καθολικὴν</strong></span> <span class='ocrx_word' id='word_1_113' title='bbox 655 2217 917 2287; x_wconf 82' lang='grc' dir='ltr'>κρατῆσαι</span> <span class='ocrx_word' id='word_1_114' title='bbox 969 2210 1175 2265; x_wconf 89' lang='grc' dir='ltr'>πίστιν·</span> <span class='ocrx_word' id='word_1_115' title='bbox 1217 2210 1284 2279; x_wconf 74' lang='grc' dir='ltr'>ἢν</span> <span class='ocrx_word' id='word_1_116' title='bbox 1332 2209 1376 2264; x_wconf 78' lang='grc' dir='ltr'><strong>εἰ</strong></span> <span class='ocrx_word' id='word_1_117' title='bbox 1432 2212 1507 2283; x_wconf 73' lang='grc' dir='ltr'><strong>μή</strong></span> <span class='ocrx_word' id='word_1_118' title='bbox 1554 2231 1636 2272; x_wconf 90' lang='grc' dir='ltr'><strong>τις</strong></span> <span class='ocrx_word' id='word_1_119' title='bbox 1690 2210 1815 2284; x_wconf 71' lang='grc' dir='ltr'>ὑγιῆ</span> <span class='ocrx_word' id='word_1_120' title='bbox 1868 2208 1956 2263; x_wconf 76' lang='grc' dir='ltr'><strong>καί</strong></span> 
     </span>
    </p>
   </div>
   <div class='ocr_carea' id='block_1_17' title="bbox 308 2295 1955 2376">
    <p class='ocr_par' dir='ltr' id='par_1_17' title="bbox 308 2295 1955 2376">
     <span class='ocr_line' id='line_1_17' title="bbox 308 2295 1955 2376; baseline -0.002 -21"><span class='ocrx_word' id='word_1_121' title='bbox 308 2299 541 2374; x_wconf 75' lang='grc' dir='ltr'>ἄμωμον</span> <span class='ocrx_word' id='word_1_122' title='bbox 584 2303 862 2376; x_wconf 77' lang='grc' dir='ltr'>τηρήσειε,</span> <span class='ocrx_word' id='word_1_123' title='bbox 921 2302 1099 2370; x_wconf 70' lang='grc' dir='ltr'>πάσης</span> <span class='ocrx_word' id='word_1_124' title='bbox 1151 2295 1490 2373; x_wconf 67' lang='grc' dir='ltr'>ἀμφιϐολίας</span> <span class='ocrx_word' id='word_1_125' title='bbox 1542 2298 1694 2361; x_wconf 69' lang='grc' dir='ltr'>ἐκτὸς</span> <span class='ocrx_word' id='word_1_126' title='bbox 1743 2299 1817 2361; x_wconf 76' lang='grc' dir='ltr'><strong>εἷς</strong></span> <span class='ocrx_word' id='word_1_127' title='bbox 1862 2300 1955 2353; x_wconf 91' lang='grc' dir='ltr'><strong>τὸν</strong></span> 
     </span>
    </p>
   </div>
   <div class='ocr_carea' id='block_1_18' title="bbox 309 2384 1960 2457">
    <p class='ocr_par' dir='ltr' id='par_1_18' title="bbox 309 2384 1960 2457">
     <span class='ocr_line' id='line_1_18' title="bbox 309 2384 1960 2457; baseline -0.002 -12"><span class='ocrx_word' id='word_1_128' title='bbox 309 2392 478 2445; x_wconf 76' lang='grc' dir='ltr'>αἱῶνα</span> <span class='ocrx_word' id='word_1_129' title='bbox 516 2389 824 2445; x_wconf 79' lang='grc' dir='ltr'>ἀπολεῖται.</span> <span class='ocrx_word' id='word_1_130' title='bbox 879 2389 1070 2451; x_wconf 88' lang='grc' dir='ltr'>Πίστις</span> <span class='ocrx_word' id='word_1_131' title='bbox 1103 2386 1161 2443; x_wconf 81' lang='grc' dir='ltr'>δὶ</span> <span class='ocrx_word' id='word_1_132' title='bbox 1206 2388 1475 2457; x_wconf 79' lang='grc' dir='ltr'>καθολική</span> <span class='ocrx_word' id='word_1_133' title='bbox 1511 2388 1643 2457; x_wconf 72' lang='grc' dir='ltr'>αὕτη</span> <span class='ocrx_word' id='word_1_134' title='bbox 1680 2388 1844 2457; x_wconf 72' lang='grc' dir='ltr'>ἐστὶν,</span> <span class='ocrx_word' id='word_1_135' title='bbox 1871 2384 1960 2441; x_wconf 82' lang='grc' dir='ltr'>’ίνα</span> 
     </span>
    </p>
   </div>
   <div class='ocr_carea' id='block_1_19' title="bbox 306 2475 1959 2555">
    <p class='ocr_par' dir='ltr' id='par_1_19' title="bbox 306 2475 1959 2555">
     <span class='ocr_line' id='line_1_19' title="bbox 306 2475 1959 2555; baseline -0.004 -19"><span class='ocrx_word' id='word_1_136' title='bbox 306 2477 397 2536; x_wconf 64' lang='grc' dir='ltr'>ἵνα</span> <span class='ocrx_word' id='word_1_137' title='bbox 429 2480 557 2535; x_wconf 91' lang='grc' dir='ltr'>Θεὸν</span> <span class='ocrx_word' id='word_1_138' title='bbox 609 2478 661 2533; x_wconf 71' lang='grc' dir='ltr'>ἰν</span> <span class='ocrx_word' id='word_1_139' title='bbox 706 2475 918 2554; x_wconf 76' lang='grc' dir='ltr'><strong>ἰ’ριάδι⁹</strong></span> <span class='ocrx_word' id='word_1_140' title='bbox 963 2478 1051 2532; x_wconf 82' lang='grc' dir='ltr'><strong>καὶ</strong></span> <span class='ocrx_word' id='word_1_141' title='bbox 1100 2476 1308 2555; x_wconf 80' lang='grc' dir='ltr'>Τριάδα</span> <span class='ocrx_word' id='word_1_142' title='bbox 1358 2477 1409 2532; x_wconf 72' lang='grc' dir='ltr'>ὲν</span> <span class='ocrx_word' id='word_1_143' title='bbox 1466 2475 1657 2550; x_wconf 76' lang='grc' dir='ltr'>μονάδι</span> <span class='ocrx_word' id='word_1_144' title='bbox 1693 2476 1959 2549; x_wconf 76' lang='grc' dir='ltr'>σέϐωμεν,</span> 
     </span>
    </p>
   </div>
   <div class='ocr_carea' id='block_1_20' title="bbox 314 2564 1961 2643">
    <p class='ocr_par' dir='ltr' id='par_1_20' title="bbox 314 2564 1961 2643">
     <span class='ocr_line' id='line_1_20' title="bbox 314 2564 1961 2643; baseline -0.002 -20"><span class='ocrx_word' id='word_1_145' title='bbox 314 2570 453 2642; x_wconf 80' lang='grc' dir='ltr'>μήτε</span> <span class='ocrx_word' id='word_1_146' title='bbox 484 2565 809 2643; x_wconf 73' lang='grc' dir='ltr'><strong>συγχέοντες</strong></span> <span class='ocrx_word' id='word_1_147' title='bbox 840 2568 905 2621; x_wconf 80' lang='grc' dir='ltr'>τὰ</span> <span class='ocrx_word' id='word_1_148' title='bbox 949 2565 1236 2643; x_wconf 88' lang='grc' dir='ltr'>πρόσωπα,</span> <span class='ocrx_word' id='word_1_149' title='bbox 1294 2569 1433 2639; x_wconf 73' lang='grc' dir='ltr'>μήτε</span> <span class='ocrx_word' id='word_1_150' title='bbox 1459 2568 1557 2635; x_wconf 76' lang='grc' dir='ltr'>τὴν</span> <span class='ocrx_word' id='word_1_151' title='bbox 1605 2566 1786 2622; x_wconf 80' lang='grc' dir='ltr'>οὐσίαν</span> <span class='ocrx_word' id='word_1_152' title='bbox 1821 2564 1961 2621; x_wconf 89' lang='grc' dir='ltr'>διαι-</span> 
     </span>
    </p>
   </div>
   <div class='ocr_carea' id='block_1_21' title="bbox 313 2654 1960 2735">
    <p class='ocr_par' dir='ltr' id='par_1_21' title="bbox 313 2654 1960 2735">
     <span class='ocr_line' id='line_1_21' title="bbox 313 2654 1960 2735; baseline -0.002 -23"><span class='ocrx_word' id='word_1_153' title='bbox 313 2662 548 2735; x_wconf 89' lang='grc' dir='ltr'>ροῦντες.</span> <span class='ocrx_word' id='word_1_154' title='bbox 596 2654 778 2727; x_wconf 86' lang='grc' dir='ltr'>’Δλλη</span> <span class='ocrx_word' id='word_1_155' title='bbox 823 2657 928 2735; x_wconf 75' lang='grc' dir='ltr'><strong>φάρ</strong></span> <span class='ocrx_word' id='word_1_156' title='bbox 979 2656 1119 2711; x_wconf 67' lang='grc' dir='ltr'>ἐστιν</span> <span class='ocrx_word' id='word_1_157' title='bbox 1159 2658 1194 2726; x_wconf 78' lang='grc' dir='ltr'>ἡ</span> <span class='ocrx_word' id='word_1_158' title='bbox 1228 2659 1322 2710; x_wconf 92' lang='grc' dir='ltr'><strong>τοῦ</strong></span> <span class='ocrx_word' id='word_1_159' title='bbox 1372 2656 1584 2731; x_wconf 88' lang='grc' dir='ltr'>Πατρὸς</span> <span class='ocrx_word' id='word_1_160' title='bbox 1646 2655 1960 2724; x_wconf 74' lang='grc' dir='ltr'><strong>ὑπόστασις,</strong></span> 
     </span>
    </p>
   </div>
   <div class='ocr_carea' id='block_1_22' title="bbox 313 2743 1963 2820">
    <p class='ocr_par' dir='ltr' id='par_1_22' title="bbox 313 2743 1963 2820">
     <span class='ocr_line' id='line_1_22' title="bbox 313 2743 1963 2820; baseline -0.001 -19"><span class='ocrx_word' id='word_1_161' title='bbox 313 2746 459 2817; x_wconf 81' lang='grc' dir='ltr'>ἄλλη</span> <span class='ocrx_word' id='word_1_162' title='bbox 490 2750 587 2801; x_wconf 90' lang='grc' dir='ltr'><strong>τοῦ</strong></span> <span class='ocrx_word' id='word_1_163' title='bbox 618 2746 767 2815; x_wconf 72' lang='grc' dir='ltr'>Υἳοῦ,</span> <span class='ocrx_word' id='word_1_164' title='bbox 801 2746 889 2801; x_wconf 82' lang='grc' dir='ltr'><strong>καὶ</strong></span> <span class='ocrx_word' id='word_1_165' title='bbox 924 2743 1069 2815; x_wconf 78' lang='grc' dir='ltr'>ἄλλη</span> <span class='ocrx_word' id='word_1_166' title='bbox 1101 2750 1197 2800; x_wconf 77' lang='grc' dir='ltr'><strong>τοῦ</strong></span> <span class='ocrx_word' id='word_1_167' title='bbox 1244 2745 1397 2820; x_wconf 76' lang='grc' dir='ltr'>ἁγίου</span> <span class='ocrx_word' id='word_1_168' title='bbox 1448 2745 1782 2818; x_wconf 67' lang='grc' dir='ltr'>ΙΙνεῦματοςθ</span> <span class='ocrx_word' id='word_1_169' title='bbox 1818 2743 1963 2800; x_wconf 71' lang='grc' dir='ltr'>ἀλλὰ</span> 
     </span>
    </p>
   </div>
   <div class='ocr_carea' id='block_1_23' title="bbox 317 2833 1963 2910">
    <p class='ocr_par' dir='ltr' id='par_1_23' title="bbox 317 2833 1963 2910">
     <span class='ocr_line' id='line_1_23' title="bbox 317 2833 1963 2910; baseline -0.002 -19"><span class='ocrx_word' id='word_1_170' title='bbox 317 2836 527 2910; x_wconf 88' lang='grc' dir='ltr'>Πατρὸς</span> <span class='ocrx_word' id='word_1_171' title='bbox 564 2882 578 2907; x_wconf 84' lang='grc'><strong><em>,</em></strong></span> <span class='ocrx_word' id='word_1_172' title='bbox 618 2835 707 2889; x_wconf 85' lang='grc' dir='ltr'><strong>καὶ</strong></span> <span class='ocrx_word' id='word_1_173' title='bbox 758 2836 901 2906; x_wconf 72' lang='grc' dir='ltr'>Υἱοῦ,</span> <span class='ocrx_word' id='word_1_174' title='bbox 951 2834 1041 2889; x_wconf 87' lang='grc' dir='ltr'><strong>καὶ</strong></span> <span class='ocrx_word' id='word_1_175' title='bbox 1093 2834 1251 2909; x_wconf 82' lang='grc' dir='ltr'>ἁγίου</span> <span class='ocrx_word' id='word_1_176' title='bbox 1302 2834 1645 2907; x_wconf 68' lang='grc' dir='ltr'>Πνεύματος,</span> <span class='ocrx_word' id='word_1_177' title='bbox 1706 2834 1803 2906; x_wconf 91' lang='grc' dir='ltr'><strong>μία</strong></span> <span class='ocrx_word' id='word_1_178' title='bbox 1853 2833 1963 2889; x_wconf 72' lang='grc' dir='ltr'>ἰστὶ</span> 
     </span>
    </p>
   </div>
   <div class='ocr_carea' id='block_1_24' title="bbox 315 2920 1963 2997">
    <p class='ocr_par' dir='ltr' id='par_1_24' title="bbox 315 2920 1963 2997">
     <span class='ocr_line' id='line_1_24' title="bbox 315 2920 1963 2997; baseline 0.001 -18"><span class='ocrx_word' id='word_1_179' title='bbox 315 2925 528 2995; x_wconf 82' lang='grc' dir='ltr'>θεότης,</span> <span class='ocrx_word' id='word_1_180' title='bbox 590 2923 676 2995; x_wconf 60' lang='grc' dir='ltr'>ἴση</span> <span class='ocrx_word' id='word_1_181' title='bbox 738 2922 885 2995; x_wconf 80' lang='grc' dir='ltr'>δόξα,</span> <span class='ocrx_word' id='word_1_182' title='bbox 947 2920 1425 2992; x_wconf 78' lang='grc' dir='ltr'>συνδιαιωνίζουσα</span> <span class='ocrx_word' id='word_1_183' title='bbox 1482 2924 1515 2991; x_wconf 80' lang='grc' dir='ltr'>ἠ</span> <span class='ocrx_word' id='word_1_184' title='bbox 1576 2922 1963 2997; x_wconf 83' lang='grc' dir='ltr'>μεγαλειότης,</span> 
     </span>
    </p>
   </div>
   <div class='ocr_carea' id='block_1_25' title="bbox 311 3012 1965 3089">
    <p class='ocr_par' dir='ltr' id='par_1_25' title="bbox 311 3012 1965 3089">
     <span class='ocr_line' id='line_1_25' title="bbox 311 3012 1965 3089; baseline -0.002 -18"><span class='ocrx_word' id='word_1_185' title='bbox 311 3016 443 3075; x_wconf 84' lang='grc' dir='ltr'>Οἴος</span> <span class='ocrx_word' id='word_1_186' title='bbox 472 3015 499 3067; x_wconf 98' lang='lat'><strong>6</strong></span> <span class='ocrx_word' id='word_1_187' title='bbox 532 3014 743 3089; x_wconf 76' lang='grc' dir='ltr'>Πατὴρ,</span> <span class='ocrx_word' id='word_1_188' title='bbox 793 3017 1039 3074; x_wconf 85' lang='grc' dir='ltr'>τοιοῦτος</span> <span class='ocrx_word' id='word_1_189' title='bbox 1090 3012 1179 3066; x_wconf 87' lang='grc' dir='ltr'><strong>καὶ</strong></span> <span class='ocrx_word' id='word_1_190' title='bbox 1233 3013 1260 3066; x_wconf 92' lang='lat'><strong>6</strong></span> <span class='ocrx_word' id='word_1_191' title='bbox 1296 3012 1439 3079; x_wconf 71' lang='grc' dir='ltr'>Υἱὸς,</span> <span class='ocrx_word' id='word_1_192' title='bbox 1489 3017 1735 3067; x_wconf 88' lang='grc' dir='ltr'>τοιοῦτον</span> <span class='ocrx_word' id='word_1_193' title='bbox 1784 3014 1872 3067; x_wconf 84' lang='grc' dir='ltr'>καὶ</span> <span class='ocrx_word' id='word_1_194' title='bbox 1904 3013 1965 3067; x_wconf 91' lang='grc' dir='ltr'><strong>τὸ</strong></span> 
     </span>
    </p>
   </div>
   <div class='ocr_carea' id='block_1_26' title="bbox 314 3100 1965 3176">
    <p class='ocr_par' dir='ltr' id='par_1_26' title="bbox 314 3100 1965 3176">
     <span class='ocr_line' id='line_1_26' title="bbox 314 3100 1965 3176; baseline -0.002 -17"><span class='ocrx_word' id='word_1_195' title='bbox 314 3107 540 3175; x_wconf 90' lang='grc' dir='ltr'>Πνεῦμα</span> <span class='ocrx_word' id='word_1_196' title='bbox 585 3102 648 3156; x_wconf 89' lang='grc' dir='ltr'><strong>τὸ</strong></span> <span class='ocrx_word' id='word_1_197' title='bbox 693 3104 867 3176; x_wconf 77' lang='grc' dir='ltr'>ἅγιον.</span> <span class='ocrx_word' id='word_1_198' title='bbox 928 3107 1214 3162; x_wconf 80' lang='grc' dir='ltr'>’¹Δκτιστος</span> <span class='ocrx_word' id='word_1_199' title='bbox 1278 3102 1305 3155; x_wconf 92' lang='lat'><strong>6</strong></span> <span class='ocrx_word' id='word_1_200' title='bbox 1365 3103 1580 3174; x_wconf 71' lang='grc' dir='ltr'>Πατὴρ,</span> <span class='ocrx_word' id='word_1_201' title='bbox 1640 3100 1888 3163; x_wconf 83' lang='grc' dir='ltr'>ἄκτιστος</span> <span class='ocrx_word' id='word_1_202' title='bbox 1938 3103 1965 3155; x_wconf 87' lang='lat'><strong>6</strong></span> 
     </span>
    </p>
   </div>
   <div class='ocr_carea' id='block_1_27' title="bbox 312 3191 1964 3265">
    <p class='ocr_par' dir='ltr' id='par_1_27' title="bbox 312 3191 1964 3265">
     <span class='ocr_line' id='line_1_27' title="bbox 312 3191 1964 3265; baseline -0.002 -18"><span class='ocrx_word' id='word_1_203' title='bbox 312 3193 459 3261; x_wconf 64' lang='grc' dir='ltr'>Υἱὸς,</span> <span class='ocrx_word' id='word_1_204' title='bbox 493 3193 739 3245; x_wconf 80' lang='grc' dir='ltr'>ἄκτιστον</span> <span class='ocrx_word' id='word_1_205' title='bbox 768 3192 856 3245; x_wconf 84' lang='grc' dir='ltr'>καὶ</span> <span class='ocrx_word' id='word_1_206' title='bbox 904 3192 965 3245; x_wconf 89' lang='grc' dir='ltr'><strong>τὸ</strong></span> <span class='ocrx_word' id='word_1_207' title='bbox 1014 3191 1167 3265; x_wconf 74' lang='grc' dir='ltr'>ἅγιον</span> <span class='ocrx_word' id='word_1_208' title='bbox 1204 3194 1442 3263; x_wconf 88' lang='grc' dir='ltr'>Πνεῦμα.</span> <span class='ocrx_word' id='word_1_209' title='bbox 1478 3191 1751 3265; x_wconf 76' lang='grc' dir='ltr'>’Άμετρος</span> <span class='ocrx_word' id='word_1_210' title='bbox 1784 3191 1812 3244; x_wconf 91' lang='lat'><strong>6</strong></span> <span class='ocrx_word' id='word_1_211' title='bbox 1845 3197 1964 3245; x_wconf 85' lang='grc' dir='ltr'>Πα-</span> 
     </span>
    </p>
   </div>
   <div class='ocr_carea' id='block_1_28' title="bbox 310 3277 1967 3356">
    <p class='ocr_par' dir='ltr' id='par_1_28' title="bbox 310 3277 1967 3356">
     <span class='ocr_line' id='line_1_28' title="bbox 310 3277 1967 3356; baseline 0 -21"><span class='ocrx_word' id='word_1_212' title='bbox 310 3283 437 3355; x_wconf 74' lang='grc' dir='ltr'>τὴρ,</span> <span class='ocrx_word' id='word_1_213' title='bbox 495 3283 727 3356; x_wconf 71' lang='grc' dir='ltr'>ἄμετρος</span> <span class='ocrx_word' id='word_1_214' title='bbox 786 3282 814 3335; x_wconf 90' lang='lat'><strong>6</strong></span> <span class='ocrx_word' id='word_1_215' title='bbox 871 3281 1019 3346; x_wconf 75' lang='grc' dir='ltr'>Υἱὸς,</span> <span class='ocrx_word' id='word_1_216' title='bbox 1076 3277 1309 3353; x_wconf 75' lang='grc' dir='ltr'>ἄμετρον</span> <span class='ocrx_word' id='word_1_217' title='bbox 1366 3282 1455 3333; x_wconf 80' lang='grc' dir='ltr'><strong>καὶ</strong></span> <span class='ocrx_word' id='word_1_218' title='bbox 1510 3280 1573 3334; x_wconf 92' lang='grc' dir='ltr'><strong>τὸ</strong></span> <span class='ocrx_word' id='word_1_219' title='bbox 1634 3284 1859 3352; x_wconf 77' lang='grc' dir='ltr'>Πνεῦμα</span> <span class='ocrx_word' id='word_1_220' title='bbox 1904 3280 1967 3335; x_wconf 88' lang='grc' dir='ltr'><strong>τὸ</strong></span> 
     </span>
    </p>
   </div>
   <div class='ocr_carea' id='block_1_29' title="bbox 315 3367 1966 3447">
    <p class='ocr_par' dir='ltr' id='par_1_29' title="bbox 315 3367 1966 3447">
     <span class='ocr_line' id='line_1_29' title="bbox 315 3367 1966 3447; baseline -0.001 -23"><span class='ocrx_word' id='word_1_221' title='bbox 315 3372 487 3447; x_wconf 75' lang='grc' dir='ltr'>ἅγιον.</span> <span class='ocrx_word' id='word_1_222' title='bbox 524 3370 757 3432; x_wconf 83' lang='grc' dir='ltr'>Δίώνιος</span> <span class='ocrx_word' id='word_1_223' title='bbox 811 3371 837 3423; x_wconf 92' lang='lat'><strong>6</strong></span> <span class='ocrx_word' id='word_1_224' title='bbox 870 3370 1082 3445; x_wconf 79' lang='grc' dir='ltr'>Πατὴρ,</span> <span class='ocrx_word' id='word_1_225' title='bbox 1134 3369 1353 3430; x_wconf 79' lang='grc' dir='ltr'>αἰώνιος</span> <span class='ocrx_word' id='word_1_226' title='bbox 1388 3369 1414 3422; x_wconf 97' lang='lat'><strong>6</strong></span> <span class='ocrx_word' id='word_1_227' title='bbox 1444 3368 1590 3435; x_wconf 71' lang='grc' dir='ltr'>Υἱὸς,</span> <span class='ocrx_word' id='word_1_228' title='bbox 1624 3367 1843 3422; x_wconf 78' lang='grc' dir='ltr'>αίώνιον</span> <span class='ocrx_word' id='word_1_229' title='bbox 1877 3369 1966 3423; x_wconf 72' lang='grc' dir='ltr'><strong>καὶ</strong></span> 
     </span>
    </p>
   </div>
   <div class='ocr_carea' id='block_1_30' title="bbox 314 3457 1965 3533">
    <p class='ocr_par' dir='ltr' id='par_1_30' title="bbox 314 3457 1965 3533">
     <span class='ocr_line' id='line_1_30' title="bbox 314 3457 1965 3533; baseline -0.002 -18"><span class='ocrx_word' id='word_1_230' title='bbox 314 3460 379 3515; x_wconf 86' lang='grc' dir='ltr'><strong>τὸ</strong></span> <span class='ocrx_word' id='word_1_231' title='bbox 430 3463 650 3532; x_wconf 84' lang='grc' dir='ltr'>Πνεῦμα</span> <span class='ocrx_word' id='word_1_232' title='bbox 705 3459 767 3513; x_wconf 87' lang='grc' dir='ltr'><strong>τὸ</strong></span> <span class='ocrx_word' id='word_1_233' title='bbox 824 3460 995 3533; x_wconf 79' lang='grc' dir='ltr'>ἅγιον.</span> <span class='ocrx_word' id='word_1_234' title='bbox 1058 3458 1152 3512; x_wconf 79' lang='grc' dir='ltr'>Καὶ</span> <span class='ocrx_word' id='word_1_235' title='bbox 1214 3457 1367 3530; x_wconf 74' lang='grc' dir='ltr'>ὅμως</span> <span class='ocrx_word' id='word_1_236' title='bbox 1428 3457 1489 3511; x_wconf 79' lang='grc' dir='ltr'><strong>οῦ</strong></span> <span class='ocrx_word' id='word_1_237' title='bbox 1540 3462 1687 3532; x_wconf 80' lang='grc' dir='ltr'>τρεῖς</span> <span class='ocrx_word' id='word_1_238' title='bbox 1732 3457 1965 3529; x_wconf 66' lang='grc' dir='ltr'>αἰώνιος,</span> 
     </span>
    </p>
   </div>
   <div class='ocr_carea' id='block_1_31' title="bbox 321 3544 1970 3623">
    <p class='ocr_par' dir='ltr' id='par_1_31' title="bbox 321 3544 1970 3623">
     <span class='ocr_line' id='line_1_31' title="bbox 321 3544 1970 3623; baseline -0.002 -20"><span class='ocrx_word' id='word_1_239' title='bbox 321 3547 448 3604; x_wconf 80' lang='grc' dir='ltr'>ἀλλ’</span> <span class='ocrx_word' id='word_1_240' title='bbox 477 3548 552 3610; x_wconf 75' lang='grc' dir='ltr'><strong>εἷς</strong></span> <span class='ocrx_word' id='word_1_241' title='bbox 586 3548 828 3609; x_wconf 74' lang='grc' dir='ltr'>αίώνιοςο</span> <span class='ocrx_word' id='word_1_242' title='bbox 860 3546 1041 3623; x_wconf 82' lang='grc' dir='ltr'>ὥσπερ</span> <span class='ocrx_word' id='word_1_243' title='bbox 1076 3546 1138 3601; x_wconf 81' lang='grc' dir='ltr'>οὖ</span> <span class='ocrx_word' id='word_1_244' title='bbox 1186 3550 1333 3621; x_wconf 84' lang='grc' dir='ltr'>τρεῖς</span> <span class='ocrx_word' id='word_1_245' title='bbox 1376 3548 1635 3617; x_wconf 80' lang='grc' dir='ltr'>ἄκτιστοι,</span> <span class='ocrx_word' id='word_1_246' title='bbox 1669 3544 1797 3600; x_wconf 76' lang='grc' dir='ltr'>οὖδὶ</span> <span class='ocrx_word' id='word_1_247' title='bbox 1825 3551 1970 3621; x_wconf 81' lang='grc' dir='ltr'>τρεῖς</span> 
     </span>
    </p>
   </div>
   <div class='ocr_carea' id='block_1_32' title="bbox 323 3635 1970 3711">
    <p class='ocr_par' dir='ltr' id='par_1_32' title="bbox 323 3635 1970 3711">
     <span class='ocr_line' id='line_1_32' title="bbox 323 3635 1970 3711; baseline -0.001 -19"><span class='ocrx_word' id='word_1_248' title='bbox 323 3635 571 3711; x_wconf 76' lang='grc' dir='ltr'>ἄμετροι,</span> <span class='ocrx_word' id='word_1_249' title='bbox 604 3636 732 3693; x_wconf 79' lang='grc' dir='ltr'>ἀλλ’</span> <span class='ocrx_word' id='word_1_250' title='bbox 765 3638 841 3699; x_wconf 80' lang='grc' dir='ltr'>εἷς</span> <span class='ocrx_word' id='word_1_251' title='bbox 881 3638 1154 3707; x_wconf 79' lang='grc' dir='ltr'>ἄκτιστος,</span> <span class='ocrx_word' id='word_1_252' title='bbox 1186 3636 1274 3690; x_wconf 80' lang='grc' dir='ltr'>καὶ</span> <span class='ocrx_word' id='word_1_253' title='bbox 1326 3635 1399 3697; x_wconf 68' lang='grc' dir='ltr'><strong>εἷς</strong></span> <span class='ocrx_word' id='word_1_254' title='bbox 1450 3636 1697 3710; x_wconf 76' lang='grc' dir='ltr'>ἄμετρος.</span> <span class='ocrx_word' id='word_1_255' title='bbox 1735 3636 1970 3709; x_wconf 87' lang='grc' dir='ltr'>Ὀμοίως</span> 
     </span>
    </p>
   </div>
   <div class='ocr_carea' id='block_1_33' title="bbox 317 3725 1971 3803">
    <p class='ocr_par' dir='ltr' id='par_1_33' title="bbox 317 3725 1971 3803">
     <span class='ocr_line' id='line_1_33' title="bbox 317 3725 1971 3803; baseline -0.001 -22"><span class='ocrx_word' id='word_1_256' title='bbox 317 3726 707 3803; x_wconf 79' lang='grc' dir='ltr'>παντοκράτωρ</span> <span class='ocrx_word' id='word_1_257' title='bbox 770 3727 797 3780; x_wconf 88' lang='lat'><strong>6</strong></span> <span class='ocrx_word' id='word_1_258' title='bbox 851 3728 1065 3801; x_wconf 71' lang='grc' dir='ltr'>Πατὴρ,</span> <span class='ocrx_word' id='word_1_259' title='bbox 1120 3727 1509 3803; x_wconf 83' lang='grc' dir='ltr'>παντοκράτωρ</span> <span class='ocrx_word' id='word_1_260' title='bbox 1560 3727 1587 3780; x_wconf 92' lang='lat'><strong>6</strong></span> <span class='ocrx_word' id='word_1_261' title='bbox 1639 3725 1790 3794; x_wconf 71' lang='grc' dir='ltr'>Υἱὸς,</span> <span class='ocrx_word' id='word_1_262' title='bbox 1838 3746 1971 3779; x_wconf 82' lang='grc' dir='ltr'>παν-</span> 
     </span>
    </p>
   </div>
   <div class='ocr_carea' id='block_1_34' title="bbox 312 3814 1971 3892">
    <p class='ocr_par' dir='ltr' id='par_1_34' title="bbox 312 3814 1971 3892">
     <span class='ocr_line' id='line_1_34' title="bbox 312 3814 1971 3892; baseline -0.002 -21"><span class='ocrx_word' id='word_1_263' title='bbox 312 3816 596 3892; x_wconf 86' lang='grc' dir='ltr'>τοκράτωρ</span> <span class='ocrx_word' id='word_1_264' title='bbox 643 3817 705 3871; x_wconf 85' lang='grc' dir='ltr'><strong>τὸ</strong></span> <span class='ocrx_word' id='word_1_265' title='bbox 766 3819 991 3887; x_wconf 78' lang='grc' dir='ltr'>Πνεῦμα</span> <span class='ocrx_word' id='word_1_266' title='bbox 1052 3816 1114 3869; x_wconf 89' lang='lat'><strong>16</strong></span> <span class='ocrx_word' id='word_1_267' title='bbox 1163 3816 1339 3889; x_wconf 74' lang='grc' dir='ltr'>ἅγιον·</span> <span class='ocrx_word' id='word_1_268' title='bbox 1392 3814 1479 3869; x_wconf 81' lang='grc' dir='ltr'><strong>καὶ</strong></span> <span class='ocrx_word' id='word_1_269' title='bbox 1531 3814 1683 3887; x_wconf 75' lang='grc' dir='ltr'>ὅμως</span> <span class='ocrx_word' id='word_1_270' title='bbox 1732 3814 1793 3868; x_wconf 82' lang='grc' dir='ltr'>οὖ</span> <span class='ocrx_word' id='word_1_271' title='bbox 1825 3819 1971 3887; x_wconf 82' lang='grc' dir='ltr'>τρεῖς</span> 
     </span>
    </p>
   </div>
   <div class='ocr_carea' id='block_1_35' title="bbox 317 3902 1971 3980">
    <p class='ocr_par' dir='ltr' id='par_1_35' title="bbox 317 3902 1971 3980">
     <span class='ocr_line' id='line_1_35' title="bbox 317 3902 1971 3980; baseline -0.001 -20"><span class='ocrx_word' id='word_1_272' title='bbox 317 3907 771 3980; x_wconf 75' lang='grc' dir='ltr'>παντοκράτορες,</span> <span class='ocrx_word' id='word_1_273' title='bbox 834 3902 959 3959; x_wconf 79' lang='grc' dir='ltr'>ἀλλ’</span> <span class='ocrx_word' id='word_1_274' title='bbox 1008 3904 1081 3965; x_wconf 72' lang='grc' dir='ltr'>εἷς</span> <span class='ocrx_word' id='word_1_275' title='bbox 1134 3904 1547 3979; x_wconf 83' lang='grc' dir='ltr'>παντοκράτωρ.</span> <span class='ocrx_word' id='word_1_276' title='bbox 1582 3903 1741 3960; x_wconf 69' lang='grc' dir='ltr'>Οὕτω</span> <span class='ocrx_word' id='word_1_277' title='bbox 1786 3904 1913 3964; x_wconf 84' lang='grc' dir='ltr'>Θεὸς</span> <span class='ocrx_word' id='word_1_278' title='bbox 1944 3905 1971 3958; x_wconf 94' lang='lat'><strong>6</strong></span> 
     </span>
    </p>
   </div>
   <div class='ocr_carea' id='block_1_36' title="bbox 316 3991 1973 4069">
    <p class='ocr_par' dir='ltr' id='par_1_36' title="bbox 316 3991 1973 4069">
     <span class='ocr_line' id='line_1_36' title="bbox 316 3991 1973 4069; baseline -0.002 -19"><span class='ocrx_word' id='word_1_279' title='bbox 316 3996 531 4069; x_wconf 71' lang='grc' dir='ltr'>Πατὴρ,</span> <span class='ocrx_word' id='word_1_280' title='bbox 592 3995 719 4055; x_wconf 85' lang='grc' dir='ltr'>Θεὸς</span> <span class='ocrx_word' id='word_1_281' title='bbox 771 3995 798 4047; x_wconf 87' lang='lat'><strong>6</strong></span> <span class='ocrx_word' id='word_1_282' title='bbox 844 3992 989 4063; x_wconf 74' lang='grc' dir='ltr'>Υἱὸς,</span> <span class='ocrx_word' id='word_1_283' title='bbox 1040 3993 1171 4054; x_wconf 89' lang='grc' dir='ltr'>Θεὸς</span> <span class='ocrx_word' id='word_1_284' title='bbox 1200 3993 1261 4046; x_wconf 91' lang='grc' dir='ltr'><strong>τὸ</strong></span> <span class='ocrx_word' id='word_1_285' title='bbox 1292 3997 1518 4064; x_wconf 81' lang='grc' dir='ltr'>Πνεῦμα</span> <span class='ocrx_word' id='word_1_286' title='bbox 1537 3993 1599 4046; x_wconf 90' lang='grc' dir='ltr'><strong>τὸ</strong></span> <span class='ocrx_word' id='word_1_287' title='bbox 1640 3993 1811 4067; x_wconf 74' lang='grc' dir='ltr'>ἅγιον²</span> <span class='ocrx_word' id='word_1_288' title='bbox 1846 3991 1973 4047; x_wconf 80' lang='grc' dir='ltr'>ἀλλ’</span> 
     </span>
    </p>
   </div>
   <div class='ocr_carea' id='block_1_37' title="bbox 315 4079 1969 4157">
    <p class='ocr_par' dir='ltr' id='par_1_37' title="bbox 315 4079 1969 4157">
     <span class='ocr_line' id='line_1_37' title="bbox 315 4079 1969 4157; baseline -0.002 -19"><span class='ocrx_word' id='word_1_289' title='bbox 315 4082 468 4157; x_wconf 73' lang='grc' dir='ltr'>ὅμως</span> <span class='ocrx_word' id='word_1_290' title='bbox 517 4082 579 4138; x_wconf 78' lang='grc' dir='ltr'><strong>οῦ</strong></span> <span class='ocrx_word' id='word_1_291' title='bbox 626 4088 772 4156; x_wconf 87' lang='grc' dir='ltr'>τρεῖς</span> <span class='ocrx_word' id='word_1_292' title='bbox 824 4081 957 4150; x_wconf 79' lang='grc' dir='ltr'>θεοὶ,</span> <span class='ocrx_word' id='word_1_293' title='bbox 1009 4079 1135 4136; x_wconf 82' lang='grc' dir='ltr'>ἀλλ’</span> <span class='ocrx_word' id='word_1_294' title='bbox 1168 4081 1241 4142; x_wconf 78' lang='grc' dir='ltr'><strong>εἷς</strong></span> <span class='ocrx_word' id='word_1_295' title='bbox 1272 4080 1419 4141; x_wconf 85' lang='grc' dir='ltr'>Θεός.</span> <span class='ocrx_word' id='word_1_296' title='bbox 1454 4080 1726 4142; x_wconf 65' lang='grc' dir='ltr'>Ὡσαύτως</span> <span class='ocrx_word' id='word_1_297' title='bbox 1770 4079 1969 4156; x_wconf 72' lang='grc' dir='ltr'>Κύριος</span> 
     </span>
    </p>
   </div>
   <div class='ocr_carea' id='block_1_38' title="bbox 316 4169 1968 4248">
    <p class='ocr_par' dir='ltr' id='par_1_38' title="bbox 316 4169 1968 4248">
     <span class='ocr_line' id='line_1_38' title="bbox 316 4169 1968 4248; baseline -0.004 -20"><span class='ocrx_word' id='word_1_298' title='bbox 316 4173 344 4227; x_wconf 86' lang='lat'><strong>6</strong></span> <span class='ocrx_word' id='word_1_299' title='bbox 376 4174 591 4246; x_wconf 76' lang='grc' dir='ltr'>Πατὴρ,</span> <span class='ocrx_word' id='word_1_300' title='bbox 628 4171 823 4248; x_wconf 81' lang='grc' dir='ltr'>Κύριος</span> <span class='ocrx_word' id='word_1_301' title='bbox 858 4172 886 4225; x_wconf 93' lang='lat'><strong>6</strong></span> <span class='ocrx_word' id='word_1_302' title='bbox 918 4170 1065 4237; x_wconf 76' lang='grc' dir='ltr'>Υἱὸς,</span> <span class='ocrx_word' id='word_1_303' title='bbox 1099 4169 1295 4244; x_wconf 75' lang='grc' dir='ltr'>Κύριος</span> <span class='ocrx_word' id='word_1_304' title='bbox 1346 4170 1409 4224; x_wconf 90' lang='grc' dir='ltr'><strong>τὸ</strong></span> <span class='ocrx_word' id='word_1_305' title='bbox 1441 4170 1665 4241; x_wconf 89' lang='grc' dir='ltr'>Πνεῦμα</span> <span class='ocrx_word' id='word_1_306' title='bbox 1699 4170 1760 4223; x_wconf 88' lang='grc' dir='ltr'><strong>τὸ</strong></span> <span class='ocrx_word' id='word_1_307' title='bbox 1793 4171 1968 4242; x_wconf 76' lang='grc' dir='ltr'>ἅγιον·</span> 
     </span>
    </p>
   </div>
   <div class='ocr_carea' id='block_1_39' title="bbox 312 4257 1969 4336">
    <p class='ocr_par' dir='ltr' id='par_1_39' title="bbox 312 4257 1969 4336">
     <span class='ocr_line' id='line_1_39' title="bbox 312 4257 1969 4336; baseline -0.003 -20"><span class='ocrx_word' id='word_1_308' title='bbox 312 4264 403 4317; x_wconf 87' lang='grc' dir='ltr'><strong>καὶ</strong></span> <span class='ocrx_word' id='word_1_309' title='bbox 434 4261 587 4335; x_wconf 74' lang='grc' dir='ltr'>ὅμως</span> <span class='ocrx_word' id='word_1_310' title='bbox 620 4261 683 4316; x_wconf 80' lang='grc' dir='ltr'>οὗ</span> <span class='ocrx_word' id='word_1_311' title='bbox 713 4267 860 4336; x_wconf 86' lang='grc' dir='ltr'>τρεῖς</span> <span class='ocrx_word' id='word_1_312' title='bbox 891 4259 1095 4335; x_wconf 78' lang='grc' dir='ltr'>κύριοι,</span> <span class='ocrx_word' id='word_1_313' title='bbox 1126 4257 1252 4313; x_wconf 81' lang='grc' dir='ltr'>ἀλλ’</span> <span class='ocrx_word' id='word_1_314' title='bbox 1299 4259 1376 4321; x_wconf 72' lang='grc' dir='ltr'><strong>εἷς</strong></span> <span class='ocrx_word' id='word_1_315' title='bbox 1426 4260 1537 4312; x_wconf 62' lang='grc' dir='ltr'>ἔστι</span> <span class='ocrx_word' id='word_1_316' title='bbox 1570 4258 1784 4332; x_wconf 67' lang='grc' dir='ltr'>Κύριος.</span> <span class='ocrx_word' id='word_1_317' title='bbox 1830 4260 1969 4325; x_wconf 85' lang='grc' dir='ltr'>Ὀτι,</span> 
     </span>
    </p>
   </div>
   <div class='ocr_carea' id='block_1_40' title="bbox 317 4346 1969 4426">
    <p class='ocr_par' dir='ltr' id='par_1_40' title="bbox 317 4346 1969 4426">
     <span class='ocr_line' id='line_1_40' title="bbox 317 4346 1969 4426; baseline -0.002 -22"><span class='ocrx_word' id='word_1_318' title='bbox 317 4349 497 4426; x_wconf 82' lang='grc' dir='ltr'>ὥσπερ</span> <span class='ocrx_word' id='word_1_319' title='bbox 555 4348 864 4423; x_wconf 79' lang='grc' dir='ltr'>μοναδικῶς</span> <span class='ocrx_word' id='word_1_320' title='bbox 918 4349 1145 4416; x_wconf 71' lang='grc' dir='ltr'>ἑκάστην</span> <span class='ocrx_word' id='word_1_321' title='bbox 1198 4347 1487 4402; x_wconf 81' lang='grc' dir='ltr'>ὑπόστασιν</span> <span class='ocrx_word' id='word_1_322' title='bbox 1547 4347 1674 4401; x_wconf 84' lang='grc' dir='ltr'>Θεὸν</span> <span class='ocrx_word' id='word_1_323' title='bbox 1720 4346 1809 4402; x_wconf 80' lang='grc' dir='ltr'><strong>καὶ</strong></span> <span class='ocrx_word' id='word_1_324' title='bbox 1867 4346 1969 4401; x_wconf 82' lang='grc' dir='ltr'><strong>Κύ-</strong></span> 
     </span>
    </p>
   </div>
   <div class='ocr_carea' id='block_1_41' title="bbox 317 4435 1969 4513">
    <p class='ocr_par' dir='ltr' id='par_1_41' title="bbox 317 4435 1969 4513">
     <span class='ocr_line' id='line_1_41' title="bbox 317 4435 1969 4513; baseline -0.002 -19"><span class='ocrx_word' id='word_1_325' title='bbox 317 4459 433 4513; x_wconf 88' lang='grc' dir='ltr'>ριον</span> <span class='ocrx_word' id='word_1_326' title='bbox 488 4438 784 4513; x_wconf 81' lang='grc' dir='ltr'>ὁμολογεῖν</span> <span class='ocrx_word' id='word_1_327' title='bbox 847 4440 1201 4513; x_wconf 78' lang='grc' dir='ltr'>Χριστιανικῇ</span> <span class='ocrx_word' id='word_1_328' title='bbox 1264 4435 1493 4507; x_wconf 76' lang='grc' dir='ltr'><strong>ἀληθείᾳ</strong></span> <span class='ocrx_word' id='word_1_329' title='bbox 1535 4435 1969 4511; x_wconf 80' lang='grc' dir='ltr'>ἀναγκαζόμεθα,</span> 
     </span>
    </p>
   </div>
   <div class='ocr_carea' id='block_1_42' title="bbox 316 4523 1970 4602">
    <p class='ocr_par' dir='ltr' id='par_1_42' title="bbox 316 4523 1970 4602">
     <span class='ocr_line' id='line_1_42' title="bbox 316 4523 1970 4602; baseline -0.002 -19"><span class='ocrx_word' id='word_1_330' title='bbox 316 4528 461 4584; x_wconf 70' lang='grc' dir='ltr'>οὕτω</span> <span class='ocrx_word' id='word_1_331' title='bbox 511 4534 656 4602; x_wconf 81' lang='grc' dir='ltr'>τρεῖς</span> <span class='ocrx_word' id='word_1_332' title='bbox 709 4527 865 4589; x_wconf 74' lang='grc' dir='ltr'>θεοὺς</span> <span class='ocrx_word' id='word_1_333' title='bbox 912 4528 947 4596; x_wconf 73' lang='grc' dir='ltr'>ἥ</span> <span class='ocrx_word' id='word_1_334' title='bbox 993 4532 1138 4602; x_wconf 88' lang='grc' dir='ltr'>τρεῖς</span> <span class='ocrx_word' id='word_1_335' title='bbox 1192 4526 1415 4601; x_wconf 76' lang='grc' dir='ltr'>κυρίους</span> <span class='ocrx_word' id='word_1_336' title='bbox 1471 4523 1647 4601; x_wconf 71' lang='grc' dir='ltr'>λέγειν</span> <span class='ocrx_word' id='word_1_337' title='bbox 1703 4524 1970 4599; x_wconf 66' lang='grc' dir='ltr'>Ααθολικῇ</span> 
     </span>
    </p>
   </div>
   <div class='ocr_carea' id='block_1_43' title="bbox 318 4612 1971 4690">
    <p class='ocr_par' dir='ltr' id='par_1_43' title="bbox 318 4612 1971 4690">
     <span class='ocr_line' id='line_1_43' title="bbox 318 4612 1971 4690; baseline -0.002 -19"><span class='ocrx_word' id='word_1_338' title='bbox 318 4614 562 4689; x_wconf 67' lang='grc' dir='ltr'>εὐσεϐείᾳ</span> <span class='ocrx_word' id='word_1_339' title='bbox 615 4616 943 4690; x_wconf 76' lang='grc' dir='ltr'>κωλυόμεθα</span> <span class='ocrx_word' id='word_1_340' title='bbox 981 4660 991 4670; x_wconf 86' lang='grc'><strong>.</strong></span> <span class='ocrx_word' id='word_1_341' title='bbox 1048 4621 1102 4669; x_wconf 87' lang='lat'><strong>&#39;0</strong></span> <span class='ocrx_word' id='word_1_342' title='bbox 1167 4616 1352 4684; x_wconf 73' lang='grc' dir='ltr'>Πατήν</span> <span class='ocrx_word' id='word_1_343' title='bbox 1432 4616 1516 4669; x_wconf 84' lang='grc' dir='ltr'><strong>ὑπ’</strong></span> <span class='ocrx_word' id='word_1_344' title='bbox 1576 4612 1794 4676; x_wconf 82' lang='grc' dir='ltr'>οὐδενός</span> <span class='ocrx_word' id='word_1_345' title='bbox 1860 4613 1971 4669; x_wconf 66' lang='grc' dir='ltr'>ἐστι</span> 
     </span>
    </p>
   </div>
   <div class='ocr_carea' id='block_1_44' title="bbox 324 4700 1971 4780">
    <p class='ocr_par' dir='ltr' id='par_1_44' title="bbox 324 4700 1971 4780">
     <span class='ocr_line' id='line_1_44' title="bbox 324 4700 1971 4780; baseline -0.002 -19"><span class='ocrx_word' id='word_1_346' title='bbox 324 4704 742 4779; x_wconf 69' lang='grc' dir='ltr'>πεποιημένος,</span> <span class='ocrx_word' id='word_1_347' title='bbox 822 4702 943 4760; x_wconf 81' lang='grc' dir='ltr'>οὕτε</span> <span class='ocrx_word' id='word_1_348' title='bbox 1013 4701 1609 4780; x_wconf 70' lang='grc' dir='ltr'>δεδημιουργημένος,</span> <span class='ocrx_word' id='word_1_349' title='bbox 1682 4700 1804 4758; x_wconf 71' lang='grc' dir='ltr'>οὔτε</span> <span class='ocrx_word' id='word_1_350' title='bbox 1880 4722 1971 4778; x_wconf 88' lang='grc' dir='ltr'>γε-</span> 
     </span>
    </p>
   </div>
   <div class='ocr_carea' id='block_1_45' title="bbox 316 4791 1968 4872">
    <p class='ocr_par' dir='ltr' id='par_1_45' title="bbox 316 4791 1968 4872">
     <span class='ocr_line' id='line_1_45' title="bbox 316 4791 1968 4872; baseline -0.002 -22"><span class='ocrx_word' id='word_1_351' title='bbox 316 4795 670 4872; x_wconf 69' lang='grc' dir='ltr'>γεννημὲνος.</span> <span class='ocrx_word' id='word_1_352' title='bbox 729 4796 791 4853; x_wconf 76' lang='grc' dir='ltr'>Ὀ</span> <span class='ocrx_word' id='word_1_353' title='bbox 842 4794 961 4855; x_wconf 78' lang='grc' dir='ltr'>Υἱὸς</span> <span class='ocrx_word' id='word_1_354' title='bbox 1016 4793 1123 4847; x_wconf 77' lang='grc' dir='ltr'>ἀπὸ</span> <span class='ocrx_word' id='word_1_355' title='bbox 1186 4792 1356 4867; x_wconf 86' lang='grc' dir='ltr'>μόνου</span> <span class='ocrx_word' id='word_1_356' title='bbox 1414 4797 1510 4847; x_wconf 92' lang='grc' dir='ltr'><strong>τοῦ</strong></span> <span class='ocrx_word' id='word_1_357' title='bbox 1570 4793 1784 4868; x_wconf 83' lang='grc' dir='ltr'>Πατρός</span> <span class='ocrx_word' id='word_1_358' title='bbox 1829 4791 1968 4847; x_wconf 77' lang='grc' dir='ltr'>ἔστιν</span> 
     </span>
    </p>
   </div>
   <div class='ocr_carea' id='block_1_46' title="bbox 2071 2212 3723 2289">
    <p class='ocr_par' dir='ltr' id='par_1_46' title="bbox 2071 2212 3723 2289">
     <span class='ocr_line' id='line_1_46' title="bbox 2071 2212 3723 2289; baseline 0.004 -23"><span class='ocrx_word' id='word_1_359' title='bbox 2071 2216 2134 2266; x_wconf 90' lang='lat' dir='ltr'><strong>ut</strong></span> <span class='ocrx_word' id='word_1_360' title='bbox 2164 2217 2358 2267; x_wconf 81' lang='lat' dir='ltr'><strong>teneat</strong></span> <span class='ocrx_word' id='word_1_361' title='bbox 2388 2212 2735 2268; x_wconf 84' lang='lat' dir='ltr'><strong>catholicam</strong></span> <span class='ocrx_word' id='word_1_362' title='bbox 2769 2212 2937 2268; x_wconf 83' lang='lat' dir='ltr'><strong>ﬁdem</strong></span> <span class='ocrx_word' id='word_1_363' title='bbox 2966 2230 2979 2268; x_wconf 89' lang='lat'><strong>:</strong></span> <span class='ocrx_word' id='word_1_364' title='bbox 3015 2230 3190 2285; x_wconf 89' lang='lat' dir='ltr'><strong>quam</strong></span> <span class='ocrx_word' id='word_1_365' title='bbox 3224 2216 3339 2270; x_wconf 83' lang='lat' dir='ltr'><strong>nisi</strong></span> <span class='ocrx_word' id='word_1_366' title='bbox 3370 2217 3723 2289; x_wconf 86' lang='lat' dir='ltr'><strong>quisquein-</strong></span> 
     </span>
    </p>
   </div>
   <div class='ocr_carea' id='block_1_47' title="bbox 2069 2301 3724 2376">
    <p class='ocr_par' dir='ltr' id='par_1_47' title="bbox 2069 2301 3724 2376">
     <span class='ocr_line' id='line_1_47' title="bbox 2069 2301 3724 2376; baseline 0.004 -21"><span class='ocrx_word' id='word_1_367' title='bbox 2069 2306 2295 2373; x_wconf 88' lang='lat' dir='ltr'><strong>tegram</strong></span> <span class='ocrx_word' id='word_1_368' title='bbox 2328 2301 2786 2374; x_wconf 79' lang='lat' dir='ltr'><strong>inviolatamque</strong></span> <span class='ocrx_word' id='word_1_369' title='bbox 2835 2304 3170 2371; x_wconf 83' lang='lat' dir='ltr'><strong>servaverit,</strong></span> <span class='ocrx_word' id='word_1_370' title='bbox 3204 2305 3427 2376; x_wconf 88' lang='lat' dir='ltr'><strong>absque</strong></span> <span class='ocrx_word' id='word_1_371' title='bbox 3453 2306 3631 2361; x_wconf 80' lang='lat' dir='ltr'><strong>dubio</strong></span> <span class='ocrx_word' id='word_1_372' title='bbox 3664 2307 3724 2361; x_wconf 89' lang='lat' dir='ltr'><strong>in</strong></span> 
     </span>
    </p>
   </div>
   <div class='ocr_carea' id='block_1_48' title="bbox 2071 2391 3728 2463">
    <p class='ocr_par' dir='ltr' id='par_1_48' title="bbox 2071 2391 3728 2463">
     <span class='ocr_line' id='line_1_48' title="bbox 2071 2391 3728 2463; baseline 0.004 -19"><span class='ocrx_word' id='word_1_373' title='bbox 2071 2395 2354 2445; x_wconf 61' lang='lat' dir='ltr'><strong>aeternum</strong></span> <span class='ocrx_word' id='word_1_374' title='bbox 2404 2391 2616 2463; x_wconf 87' lang='lat' dir='ltr'><strong>peribit</strong></span> <span class='ocrx_word' id='word_1_375' title='bbox 2664 2392 2762 2462; x_wconf 91' lang='lat'><strong>(5).</strong></span> <span class='ocrx_word' id='word_1_376' title='bbox 2800 2392 2971 2448; x_wconf 86' lang='lat' dir='ltr'><strong>Fides</strong></span> <span class='ocrx_word' id='word_1_377' title='bbox 3020 2399 3215 2448; x_wconf 88' lang='lat' dir='ltr'><strong>autem</strong></span> <span class='ocrx_word' id='word_1_378' title='bbox 3265 2394 3553 2450; x_wconf 89' lang='lat' dir='ltr'><strong>catholica</strong></span> <span class='ocrx_word' id='word_1_379' title='bbox 3604 2395 3728 2451; x_wconf 68' lang='lat' dir='ltr'><strong>hac</strong></span> 
     </span>
    </p>
   </div>
   <div class='ocr_carea' id='block_1_49' title="bbox 2071 2481 3729 2550">
    <p class='ocr_par' dir='ltr' id='par_1_49' title="bbox 2071 2481 3729 2550">
     <span class='ocr_line' id='line_1_49' title="bbox 2071 2481 3729 2550; baseline 0.003 -15"><span class='ocrx_word' id='word_1_380' title='bbox 2071 2484 2179 2548; x_wconf 91' lang='lat' dir='ltr'><strong>est,</strong></span> <span class='ocrx_word' id='word_1_381' title='bbox 2213 2486 2278 2535; x_wconf 92' lang='lat' dir='ltr'><strong>ut</strong></span> <span class='ocrx_word' id='word_1_382' title='bbox 2309 2496 2490 2535; x_wconf 88' lang='lat' dir='ltr'><strong>unum</strong></span> <span class='ocrx_word' id='word_1_383' title='bbox 2527 2482 2706 2536; x_wconf 89' lang='lat' dir='ltr'><strong>Deum</strong></span> <span class='ocrx_word' id='word_1_384' title='bbox 2742 2481 2798 2536; x_wconf 91' lang='lat' dir='ltr'><strong>in</strong></span> <span class='ocrx_word' id='word_1_385' title='bbox 2853 2481 3156 2550; x_wconf 88' lang='lat' dir='ltr'><strong>Trinitate,</strong></span> <span class='ocrx_word' id='word_1_386' title='bbox 3188 2486 3245 2538; x_wconf 90' lang='lat' dir='ltr'><strong>et</strong></span> <span class='ocrx_word' id='word_1_387' title='bbox 3286 2484 3635 2539; x_wconf 90' lang='lat' dir='ltr'><strong>Trinitatem</strong></span> <span class='ocrx_word' id='word_1_388' title='bbox 3668 2484 3729 2540; x_wconf 90' lang='lat' dir='ltr'><strong>in</strong></span> 
     </span>
    </p>
   </div>
   <div class='ocr_carea' id='block_1_50' title="bbox 2073 2569 3732 2645">
    <p class='ocr_par' dir='ltr' id='par_1_50' title="bbox 2073 2569 3732 2645">
     <span class='ocr_line' id='line_1_50' title="bbox 2073 2569 3732 2645; baseline 0.003 -20"><span class='ocrx_word' id='word_1_389' title='bbox 2073 2569 2300 2625; x_wconf 82' lang='lat' dir='ltr'><strong>unitate</strong></span> <span class='ocrx_word' id='word_1_390' title='bbox 2332 2586 2714 2625; x_wconf 83' lang='lat' dir='ltr'><strong>veneremur:</strong></span> <span class='ocrx_word' id='word_1_391' title='bbox 2750 2587 2938 2642; x_wconf 89' lang='lat' dir='ltr'><strong>neque</strong></span> <span class='ocrx_word' id='word_1_392' title='bbox 2968 2572 3390 2628; x_wconf 78' lang='lat' dir='ltr'><strong>confundentes</strong></span> <span class='ocrx_word' id='word_1_393' title='bbox 3424 2589 3732 2645; x_wconf 88' lang='lat' dir='ltr'><strong>personas,</strong></span> 
     </span>
    </p>
   </div>
   <div class='ocr_carea' id='block_1_51' title="bbox 2074 2659 3730 2733">
    <p class='ocr_par' dir='ltr' id='par_1_51' title="bbox 2074 2659 3730 2733">
     <span class='ocr_line' id='line_1_51' title="bbox 2074 2659 3730 2733; baseline 0.003 -20"><span class='ocrx_word' id='word_1_394' title='bbox 2074 2674 2264 2730; x_wconf 89' lang='lat' dir='ltr'><strong>neque</strong></span> <span class='ocrx_word' id='word_1_395' title='bbox 2297 2659 2689 2713; x_wconf 82' lang='lat' dir='ltr'><strong>substantiam</strong></span> <span class='ocrx_word' id='word_1_396' title='bbox 2737 2665 3099 2731; x_wconf 86' lang='lat' dir='ltr'><strong>separantes.</strong></span> <span class='ocrx_word' id='word_1_397' title='bbox 3134 2659 3261 2715; x_wconf 81' lang='lat' dir='ltr'><strong>Alia</strong></span> <span class='ocrx_word' id='word_1_398' title='bbox 3290 2668 3377 2716; x_wconf 93' lang='lat' dir='ltr'><strong>est</strong></span> <span class='ocrx_word' id='word_1_399' title='bbox 3406 2661 3561 2717; x_wconf 90' lang='lat' dir='ltr'><strong>enim</strong></span> <span class='ocrx_word' id='word_1_400' title='bbox 3598 2678 3730 2733; x_wconf 84' lang='lat' dir='ltr'><strong>per-</strong></span> 
     </span>
    </p>
   </div>
   <div class='ocr_carea' id='block_1_52' title="bbox 2077 2747 3729 2821">
    <p class='ocr_par' dir='ltr' id='par_1_52' title="bbox 2077 2747 3729 2821">
     <span class='ocr_line' id='line_1_52' title="bbox 2077 2747 3729 2821; baseline 0.001 -17"><span class='ocrx_word' id='word_1_401' title='bbox 2077 2764 2222 2804; x_wconf 89' lang='lat' dir='ltr'><strong>sona</strong></span> <span class='ocrx_word' id='word_1_402' title='bbox 2253 2748 2465 2815; x_wconf 85' lang='lat' dir='ltr'><strong>Patris,</strong></span> <span class='ocrx_word' id='word_1_403' title='bbox 2487 2747 2601 2803; x_wconf 89' lang='lat' dir='ltr'><strong>alia</strong></span> <span class='ocrx_word' id='word_1_404' title='bbox 2632 2748 2781 2815; x_wconf 86' lang='lat' dir='ltr'><strong>Filii,</strong></span> <span class='ocrx_word' id='word_1_405' title='bbox 2816 2748 2931 2804; x_wconf 90' lang='lat' dir='ltr'><strong>alia</strong></span> <span class='ocrx_word' id='word_1_406' title='bbox 2951 2749 3207 2821; x_wconf 83' lang='lat' dir='ltr'><strong>Spiritus</strong></span> <span class='ocrx_word' id='word_1_407' title='bbox 3230 2752 3414 2805; x_wconf 82' lang='lat' dir='ltr'><strong>sancti</strong></span> <span class='ocrx_word' id='word_1_408' title='bbox 3442 2769 3455 2818; x_wconf 91' lang='lat'>;</span> <span class='ocrx_word' id='word_1_409' title='bbox 3489 2752 3587 2806; x_wconf 91' lang='lat' dir='ltr'><strong>sed</strong></span> <span class='ocrx_word' id='word_1_410' title='bbox 3620 2751 3729 2807; x_wconf 86' lang='lat' dir='ltr'><strong>Pa-</strong></span> 
     </span>
    </p>
   </div>
   <div class='ocr_carea' id='block_1_53' title="bbox 2073 2836 3725 2909">
    <p class='ocr_par' dir='ltr' id='par_1_53' title="bbox 2073 2836 3725 2909">
     <span class='ocr_line' id='line_1_53' title="bbox 2073 2836 3725 2909; baseline 0.002 -17"><span class='ocrx_word' id='word_1_411' title='bbox 2073 2837 2204 2907; x_wconf 89' lang='lat' dir='ltr'><strong>tris,</strong></span> <span class='ocrx_word' id='word_1_412' title='bbox 2239 2843 2296 2892; x_wconf 90' lang='lat' dir='ltr'><strong>et</strong></span> <span class='ocrx_word' id='word_1_413' title='bbox 2346 2836 2492 2906; x_wconf 84' lang='lat' dir='ltr'><strong>Filii,</strong></span> <span class='ocrx_word' id='word_1_414' title='bbox 2524 2842 2583 2893; x_wconf 89' lang='lat' dir='ltr'><strong>et</strong></span> <span class='ocrx_word' id='word_1_415' title='bbox 2612 2837 2867 2909; x_wconf 81' lang='lat' dir='ltr'><strong>Spiritus</strong></span> <span class='ocrx_word' id='word_1_416' title='bbox 2899 2837 3110 2905; x_wconf 91' lang='lat' dir='ltr'><strong>sancti,</strong></span> <span class='ocrx_word' id='word_1_417' title='bbox 3145 2856 3262 2894; x_wconf 87' lang='lat' dir='ltr'><strong>una</strong></span> <span class='ocrx_word' id='word_1_418' title='bbox 3290 2844 3380 2894; x_wconf 90' lang='lat' dir='ltr'><strong>est</strong></span> <span class='ocrx_word' id='word_1_419' title='bbox 3431 2840 3725 2909; x_wconf 89' lang='lat' dir='ltr'><strong>divinitas,</strong></span> 
     </span>
    </p>
   </div>
   <div class='ocr_carea' id='block_1_54' title="bbox 2077 2926 3729 2999">
    <p class='ocr_par' dir='ltr' id='par_1_54' title="bbox 2077 2926 3729 2999">
     <span class='ocr_line' id='line_1_54' title="bbox 2077 2926 3729 2999; baseline 0.002 -18"><span class='ocrx_word' id='word_1_420' title='bbox 2077 2926 2318 2997; x_wconf 63' lang='lat' dir='ltr'><strong>aqualis</strong></span> <span class='ocrx_word' id='word_1_421' title='bbox 2352 2926 2539 2997; x_wconf 80' lang='lat' dir='ltr'><strong>gloria</strong></span> <span class='ocrx_word' id='word_1_422' title='bbox 2565 2931 2620 2981; x_wconf 90' lang='lat' dir='ltr'><strong>et</strong></span> <span class='ocrx_word' id='word_1_423' title='bbox 2652 2931 2939 2983; x_wconf 60' lang='lat' dir='ltr'><strong>conterna</strong></span> <span class='ocrx_word' id='word_1_424' title='bbox 2971 2928 3271 2999; x_wconf 87' lang='lat' dir='ltr'><strong>majestas.</strong></span> <span class='ocrx_word' id='word_1_425' title='bbox 3306 2929 3505 2992; x_wconf 87' lang='lat' dir='ltr'><strong>Qualis</strong></span> <span class='ocrx_word' id='word_1_426' title='bbox 3543 2930 3729 2997; x_wconf 88' lang='lat' dir='ltr'><strong>Pater,</strong></span> 
     </span>
    </p>
   </div>
   <div class='ocr_carea' id='block_1_55' title="bbox 2076 3014 3726 3088">
    <p class='ocr_par' dir='ltr' id='par_1_55' title="bbox 2076 3014 3726 3088">
     <span class='ocr_line' id='line_1_55' title="bbox 2076 3014 3726 3088; baseline 0.002 -18"><span class='ocrx_word' id='word_1_427' title='bbox 2076 3015 2209 3071; x_wconf 85' lang='lat' dir='ltr'><strong>talis</strong></span> <span class='ocrx_word' id='word_1_428' title='bbox 2268 3015 2469 3085; x_wconf 85' lang='lat' dir='ltr'><strong>Filius,</strong></span> <span class='ocrx_word' id='word_1_429' title='bbox 2504 3014 2639 3069; x_wconf 88' lang='lat' dir='ltr'><strong>talis</strong></span> <span class='ocrx_word' id='word_1_430' title='bbox 2691 3015 2944 3087; x_wconf 73' lang='lat' dir='ltr'><strong>Spiritus</strong></span> <span class='ocrx_word' id='word_1_431' title='bbox 3002 3021 3240 3072; x_wconf 88' lang='lat' dir='ltr'><strong>sanctus</strong></span> <span class='ocrx_word' id='word_1_432' title='bbox 3298 3019 3397 3088; x_wconf 86' lang='lat'><strong>(6).</strong></span> <span class='ocrx_word' id='word_1_433' title='bbox 3429 3018 3726 3074; x_wconf 82' lang='lat' dir='ltr'><strong>lncrcatus</strong></span> 
     </span>
    </p>
   </div>
   <div class='ocr_carea' id='block_1_56' title="bbox 2078 3104 3727 3179">
    <p class='ocr_par' dir='ltr' id='par_1_56' title="bbox 2078 3104 3727 3179">
     <span class='ocr_line' id='line_1_56' title="bbox 2078 3104 3727 3179; baseline 0.003 -20"><span class='ocrx_word' id='word_1_434' title='bbox 2078 3105 2269 3171; x_wconf 87' lang='lat' dir='ltr'><strong>Pater,</strong></span> <span class='ocrx_word' id='word_1_435' title='bbox 2300 3104 2597 3160; x_wconf 89' lang='lat' dir='ltr'><strong>increatus</strong></span> <span class='ocrx_word' id='word_1_436' title='bbox 2629 3104 2833 3174; x_wconf 88' lang='lat' dir='ltr'><strong>Filius,</strong></span> <span class='ocrx_word' id='word_1_437' title='bbox 2855 3106 3148 3162; x_wconf 88' lang='lat' dir='ltr'><strong>increatus</strong></span> <span class='ocrx_word' id='word_1_438' title='bbox 3180 3106 3437 3179; x_wconf 86' lang='lat' dir='ltr'><strong>Spiritus</strong></span> <span class='ocrx_word' id='word_1_439' title='bbox 3467 3112 3727 3164; x_wconf 86' lang='lat' dir='ltr'><strong>sanctus.</strong></span> 
     </span>
    </p>
   </div>
   <div class='ocr_carea' id='block_1_57' title="bbox 2078 3192 3727 3268">
    <p class='ocr_par' dir='ltr' id='par_1_57' title="bbox 2078 3192 3727 3268">
     <span class='ocr_line' id='line_1_57' title="bbox 2078 3192 3727 3268; baseline 0.002 -21"><span class='ocrx_word' id='word_1_440' title='bbox 2078 3194 2412 3249; x_wconf 88' lang='lat' dir='ltr'><strong>Immensus</strong></span> <span class='ocrx_word' id='word_1_441' title='bbox 2438 3194 2625 3264; x_wconf 88' lang='lat' dir='ltr'><strong>Pater,</strong></span> <span class='ocrx_word' id='word_1_442' title='bbox 2659 3192 2989 3249; x_wconf 89' lang='lat' dir='ltr'><strong>immensus</strong></span> <span class='ocrx_word' id='word_1_443' title='bbox 3022 3194 3223 3262; x_wconf 86' lang='lat' dir='ltr'><strong>Filius,</strong></span> <span class='ocrx_word' id='word_1_444' title='bbox 3257 3197 3581 3251; x_wconf 88' lang='lat' dir='ltr'><strong>immensus</strong></span> <span class='ocrx_word' id='word_1_445' title='bbox 3599 3197 3727 3268; x_wconf 87' lang='lat' dir='ltr'><strong>Spi-</strong></span> 
     </span>
    </p>
   </div>
   <div class='ocr_carea' id='block_1_58' title="bbox 2078 3282 3727 3352">
    <p class='ocr_par' dir='ltr' id='par_1_58' title="bbox 2078 3282 3727 3352">
     <span class='ocr_line' id='line_1_58' title="bbox 2078 3282 3727 3352; baseline 0.002 -15"><span class='ocrx_word' id='word_1_446' title='bbox 2078 3282 2228 3339; x_wconf 86' lang='lat' dir='ltr'><strong>ritus</strong></span> <span class='ocrx_word' id='word_1_447' title='bbox 2258 3289 2519 3338; x_wconf 90' lang='lat' dir='ltr'><strong>sanctus.</strong></span> <span class='ocrx_word' id='word_1_448' title='bbox 2550 3282 2822 3339; x_wconf 68' lang='lat' dir='ltr'><strong>Eternus</strong></span> <span class='ocrx_word' id='word_1_449' title='bbox 2855 3283 3039 3349; x_wconf 90' lang='lat' dir='ltr'><strong>Pater,</strong></span> <span class='ocrx_word' id='word_1_450' title='bbox 3056 3288 3307 3340; x_wconf 66' lang='lat' dir='ltr'><strong>mternus</strong></span> <span class='ocrx_word' id='word_1_451' title='bbox 3340 3284 3543 3352; x_wconf 84' lang='lat' dir='ltr'><strong>Filius,</strong></span> <span class='ocrx_word' id='word_1_452' title='bbox 3563 3291 3727 3341; x_wconf 61' lang='lat' dir='ltr'><strong>aster-</strong></span> 
     </span>
    </p>
   </div>
   <div class='ocr_carea' id='block_1_59' title="bbox 2079 3372 3727 3443">
    <p class='ocr_par' dir='ltr' id='par_1_59' title="bbox 2079 3372 3727 3443">
     <span class='ocr_line' id='line_1_59' title="bbox 2079 3372 3727 3443; baseline 0.002 -17"><span class='ocrx_word' id='word_1_453' title='bbox 2079 3389 2192 3426; x_wconf 82' lang='lat' dir='ltr'><strong>nus</strong></span> <span class='ocrx_word' id='word_1_454' title='bbox 2240 3372 2489 3441; x_wconf 88' lang='lat' dir='ltr'><strong>Spiritus</strong></span> <span class='ocrx_word' id='word_1_455' title='bbox 2542 3377 2806 3426; x_wconf 87' lang='lat' dir='ltr'><strong>sanctus.</strong></span> <span class='ocrx_word' id='word_1_456' title='bbox 2841 3372 2911 3426; x_wconf 89' lang='lat' dir='ltr'><strong>Et</strong></span> <span class='ocrx_word' id='word_1_457' title='bbox 2960 3378 3153 3427; x_wconf 87' lang='lat' dir='ltr'><strong>tamen</strong></span> <span class='ocrx_word' id='word_1_458' title='bbox 3202 3390 3314 3428; x_wconf 93' lang='lat' dir='ltr'><strong>non</strong></span> <span class='ocrx_word' id='word_1_459' title='bbox 3350 3380 3467 3429; x_wconf 87' lang='lat' dir='ltr'><strong>tres</strong></span> <span class='ocrx_word' id='word_1_460' title='bbox 3505 3374 3727 3443; x_wconf 69' lang='lat' dir='ltr'><strong>aeterni,</strong></span> 
     </span>
    </p>
   </div>
   <div class='ocr_carea' id='block_1_60' title="bbox 2080 3460 3735 3529">
    <p class='ocr_par' dir='ltr' id='par_1_60' title="bbox 2080 3460 3735 3529">
     <span class='ocr_line' id='line_1_60' title="bbox 2080 3460 3735 3529; baseline 0.003 -15"><span class='ocrx_word' id='word_1_461' title='bbox 2080 3460 2180 3515; x_wconf 90' lang='lat' dir='ltr'><strong>sed</strong></span> <span class='ocrx_word' id='word_1_462' title='bbox 2216 3477 2371 3515; x_wconf 91' lang='lat' dir='ltr'><strong>unus</strong></span> <span class='ocrx_word' id='word_1_463' title='bbox 2402 3466 2657 3515; x_wconf 73' lang='lat' dir='ltr'><strong>aaternus</strong></span> <span class='ocrx_word' id='word_1_464' title='bbox 2684 3478 2696 3515; x_wconf 90' lang='lat'>:</span> <span class='ocrx_word' id='word_1_465' title='bbox 2723 3462 2874 3516; x_wconf 86' lang='lat' dir='ltr'><strong>sicut</strong></span> <span class='ocrx_word' id='word_1_466' title='bbox 2908 3477 3022 3516; x_wconf 92' lang='lat' dir='ltr'><strong>non</strong></span> <span class='ocrx_word' id='word_1_467' title='bbox 3057 3468 3176 3516; x_wconf 90' lang='lat' dir='ltr'><strong>tres</strong></span> <span class='ocrx_word' id='word_1_468' title='bbox 3208 3461 3584 3529; x_wconf 89' lang='lat' dir='ltr'><strong>increati,nec</strong></span> <span class='ocrx_word' id='word_1_469' title='bbox 3616 3468 3735 3519; x_wconf 90' lang='lat' dir='ltr'><strong>tres</strong></span> 
     </span>
    </p>
   </div>
   <div class='ocr_carea' id='block_1_61' title="bbox 2083 3548 3731 3617">
    <p class='ocr_par' dir='ltr' id='par_1_61' title="bbox 2083 3548 3731 3617">
     <span class='ocr_line' id='line_1_61' title="bbox 2083 3548 3731 3617; baseline 0.003 -15"><span class='ocrx_word' id='word_1_470' title='bbox 2083 3548 2379 3613; x_wconf 87' lang='lat' dir='ltr'><strong>immensi,</strong></span> <span class='ocrx_word' id='word_1_471' title='bbox 2411 3548 2511 3603; x_wconf 91' lang='lat' dir='ltr'><strong>sed</strong></span> <span class='ocrx_word' id='word_1_472' title='bbox 2546 3565 2701 3603; x_wconf 89' lang='lat' dir='ltr'><strong>unus</strong></span> <span class='ocrx_word' id='word_1_473' title='bbox 2746 3548 3069 3617; x_wconf 83' lang='lat' dir='ltr'><strong>increatus,</strong></span> <span class='ocrx_word' id='word_1_474' title='bbox 3098 3554 3156 3604; x_wconf 92' lang='lat' dir='ltr'><strong>et</strong></span> <span class='ocrx_word' id='word_1_475' title='bbox 3187 3566 3343 3605; x_wconf 88' lang='lat' dir='ltr'><strong>unus</strong></span> <span class='ocrx_word' id='word_1_476' title='bbox 3385 3552 3731 3607; x_wconf 86' lang='lat' dir='ltr'><strong>immensus.</strong></span> 
     </span>
    </p>
   </div>
   <div class='ocr_carea' id='block_1_62' title="bbox 2082 3636 3731 3713">
    <p class='ocr_par' dir='ltr' id='par_1_62' title="bbox 2082 3636 3731 3713">
     <span class='ocr_line' id='line_1_62' title="bbox 2082 3636 3731 3713; baseline 0.004 -22"><span class='ocrx_word' id='word_1_477' title='bbox 2082 3636 2365 3692; x_wconf 88' lang='lat' dir='ltr'><strong>Similiter</strong></span> <span class='ocrx_word' id='word_1_478' title='bbox 2419 3638 2792 3709; x_wconf 86' lang='lat' dir='ltr'><strong>omnipotens</strong></span> <span class='ocrx_word' id='word_1_479' title='bbox 2853 3642 3035 3707; x_wconf 87' lang='lat' dir='ltr'><strong>Pater,</strong></span> <span class='ocrx_word' id='word_1_480' title='bbox 3096 3640 3470 3710; x_wconf 84' lang='lat' dir='ltr'><strong>omnipotens</strong></span> <span class='ocrx_word' id='word_1_481' title='bbox 3528 3641 3731 3713; x_wconf 87' lang='lat' dir='ltr'><strong>Filius,</strong></span> 
     </span>
    </p>
   </div>
   <div class='ocr_carea' id='block_1_63' title="bbox 2083 3725 3733 3798">
    <p class='ocr_par' dir='ltr' id='par_1_63' title="bbox 2083 3725 3733 3798">
     <span class='ocr_line' id='line_1_63' title="bbox 2083 3725 3733 3798; baseline 0.003 -17"><span class='ocrx_word' id='word_1_482' title='bbox 2083 3725 2457 3797; x_wconf 90' lang='lat' dir='ltr'><strong>omnipotens</strong></span> <span class='ocrx_word' id='word_1_483' title='bbox 2502 3726 2759 3798; x_wconf 84' lang='lat' dir='ltr'><strong>Spiritus</strong></span> <span class='ocrx_word' id='word_1_484' title='bbox 2807 3732 3049 3783; x_wconf 83' lang='lat' dir='ltr'><strong>sanctus</strong></span> <span class='ocrx_word' id='word_1_485' title='bbox 3084 3745 3096 3783; x_wconf 90' lang='lat'>:</span> <span class='ocrx_word' id='word_1_486' title='bbox 3131 3733 3186 3783; x_wconf 91' lang='lat' dir='ltr'><strong>et</strong></span> <span class='ocrx_word' id='word_1_487' title='bbox 3218 3736 3414 3784; x_wconf 87' lang='lat' dir='ltr'><strong>tamen</strong></span> <span class='ocrx_word' id='word_1_488' title='bbox 3467 3746 3582 3785; x_wconf 91' lang='lat' dir='ltr'><strong>non</strong></span> <span class='ocrx_word' id='word_1_489' title='bbox 3612 3735 3733 3786; x_wconf 86' lang='lat' dir='ltr'><strong>tres</strong></span> 
     </span>
    </p>
   </div>
   <div class='ocr_carea' id='block_1_64' title="bbox 2081 3815 3730 3888">
    <p class='ocr_par' dir='ltr' id='par_1_64' title="bbox 2081 3815 3730 3888">
     <span class='ocr_line' id='line_1_64' title="bbox 2081 3815 3730 3888; baseline 0.003 -19"><span class='ocrx_word' id='word_1_490' title='bbox 2081 3815 2533 3886; x_wconf 87' lang='lat' dir='ltr'><strong>omnipotentes,</strong></span> <span class='ocrx_word' id='word_1_491' title='bbox 2568 3816 2667 3871; x_wconf 89' lang='lat' dir='ltr'><strong>sed</strong></span> <span class='ocrx_word' id='word_1_492' title='bbox 2701 3834 2854 3873; x_wconf 89' lang='lat' dir='ltr'><strong>unus</strong></span> <span class='ocrx_word' id='word_1_493' title='bbox 2894 3816 3286 3888; x_wconf 83' lang='lat' dir='ltr'><strong>omnipotens.</strong></span> <span class='ocrx_word' id='word_1_494' title='bbox 3322 3818 3406 3873; x_wconf 89' lang='lat' dir='ltr'><strong>lta</strong></span> <span class='ocrx_word' id='word_1_495' title='bbox 3430 3818 3584 3873; x_wconf 87' lang='lat' dir='ltr'><strong>Deus</strong></span> <span class='ocrx_word' id='word_1_496' title='bbox 3628 3819 3730 3874; x_wconf 82' lang='lat' dir='ltr'><strong>l‘a-</strong></span> 
     </span>
    </p>
   </div>
   <div class='ocr_carea' id='block_1_65' title="bbox 2084 3904 3731 3979">
    <p class='ocr_par' dir='ltr' id='par_1_65' title="bbox 2084 3904 3731 3979">
     <span class='ocr_line' id='line_1_65' title="bbox 2084 3904 3731 3979; baseline 0.004 -21"><span class='ocrx_word' id='word_1_497' title='bbox 2084 3914 2186 3973; x_wconf 90' lang='lat' dir='ltr'><strong>ter,</strong></span> <span class='ocrx_word' id='word_1_498' title='bbox 2225 3909 2373 3959; x_wconf 85' lang='lat' dir='ltr'><strong>Deus</strong></span> <span class='ocrx_word' id='word_1_499' title='bbox 2406 3904 2609 3973; x_wconf 88' lang='lat' dir='ltr'><strong>Filius,</strong></span> <span class='ocrx_word' id='word_1_500' title='bbox 2642 3905 2797 3961; x_wconf 87' lang='lat' dir='ltr'><strong>Deus</strong></span> <span class='ocrx_word' id='word_1_501' title='bbox 2842 3907 3096 3979; x_wconf 85' lang='lat' dir='ltr'><strong>Spiritus</strong></span> <span class='ocrx_word' id='word_1_502' title='bbox 3125 3914 3367 3963; x_wconf 88' lang='lat' dir='ltr'><strong>sanctus</strong></span> <span class='ocrx_word' id='word_1_503' title='bbox 3402 3924 3414 3961; x_wconf 89' lang='lat'>:</span> <span class='ocrx_word' id='word_1_504' title='bbox 3447 3914 3503 3964; x_wconf 87' lang='lat' dir='ltr'><strong>et</strong></span> <span class='ocrx_word' id='word_1_505' title='bbox 3532 3912 3731 3964; x_wconf 88' lang='lat' dir='ltr'><strong>tamen</strong></span> 
     </span>
    </p>
   </div>
   <div class='ocr_carea' id='block_1_66' title="bbox 2082 3994 3730 4066">
    <p class='ocr_par' dir='ltr' id='par_1_66' title="bbox 2082 3994 3730 4066">
     <span class='ocr_line' id='line_1_66' title="bbox 2082 3994 3730 4066; baseline 0.004 -19"><span class='ocrx_word' id='word_1_506' title='bbox 2082 4010 2197 4048; x_wconf 90' lang='lat' dir='ltr'><strong>non</strong></span> <span class='ocrx_word' id='word_1_507' title='bbox 2232 4000 2351 4049; x_wconf 91' lang='lat' dir='ltr'><strong>tres</strong></span> <span class='ocrx_word' id='word_1_508' title='bbox 2380 3994 2603 4059; x_wconf 88' lang='lat' dir='ltr'><strong>dii,sed</strong></span> <span class='ocrx_word' id='word_1_509' title='bbox 2636 4012 2791 4050; x_wconf 87' lang='lat' dir='ltr'><strong>unus</strong></span> <span class='ocrx_word' id='word_1_510' title='bbox 2821 4001 2909 4050; x_wconf 91' lang='lat' dir='ltr'><strong>est</strong></span> <span class='ocrx_word' id='word_1_511' title='bbox 2941 3998 3206 4050; x_wconf 89' lang='lat' dir='ltr'><strong>Deus.lta</strong></span> <span class='ocrx_word' id='word_1_512' title='bbox 3237 3996 3521 4052; x_wconf 91' lang='lat' dir='ltr'><strong>Dominus</strong></span> <span class='ocrx_word' id='word_1_513' title='bbox 3540 4001 3730 4066; x_wconf 86' lang='lat' dir='ltr'><strong>Pater,</strong></span> 
     </span>
    </p>
   </div>
   <div class='ocr_carea' id='block_1_67' title="bbox 2082 4082 3734 4155">
    <p class='ocr_par' dir='ltr' id='par_1_67' title="bbox 2082 4082 3734 4155">
     <span class='ocr_line' id='line_1_67' title="bbox 2082 4082 3734 4155; baseline 0.003 -18"><span class='ocrx_word' id='word_1_514' title='bbox 2082 4082 2367 4137; x_wconf 86' lang='lat' dir='ltr'><strong>Dominus</strong></span> <span class='ocrx_word' id='word_1_515' title='bbox 2402 4082 2602 4151; x_wconf 86' lang='lat' dir='ltr'><strong>Filius,</strong></span> <span class='ocrx_word' id='word_1_516' title='bbox 2635 4082 2921 4139; x_wconf 89' lang='lat' dir='ltr'><strong>Dominus</strong></span> <span class='ocrx_word' id='word_1_517' title='bbox 2952 4083 3205 4155; x_wconf 86' lang='lat' dir='ltr'><strong>Spiritus</strong></span> <span class='ocrx_word' id='word_1_518' title='bbox 3248 4091 3488 4141; x_wconf 87' lang='lat' dir='ltr'><strong>sanctus</strong></span> <span class='ocrx_word' id='word_1_519' title='bbox 3518 4103 3529 4139; x_wconf 90' lang='lat'>:</span> <span class='ocrx_word' id='word_1_520' title='bbox 3565 4091 3621 4141; x_wconf 91' lang='lat' dir='ltr'><strong>et</strong></span> <span class='ocrx_word' id='word_1_521' title='bbox 3651 4092 3734 4142; x_wconf 85' lang='lat' dir='ltr'><strong>ta-</strong></span> 
     </span>
    </p>
   </div>
   <div class='ocr_carea' id='block_1_68' title="bbox 2082 4171 3733 4240">
    <p class='ocr_par' dir='ltr' id='par_1_68' title="bbox 2082 4171 3733 4240">
     <span class='ocr_line' id='line_1_68' title="bbox 2082 4171 3733 4240; baseline 0.004 -14"><span class='ocrx_word' id='word_1_522' title='bbox 2082 4188 2215 4226; x_wconf 87' lang='lat' dir='ltr'><strong>men</strong></span> <span class='ocrx_word' id='word_1_523' title='bbox 2250 4188 2365 4226; x_wconf 89' lang='lat' dir='ltr'><strong>non</strong></span> <span class='ocrx_word' id='word_1_524' title='bbox 2400 4176 2517 4227; x_wconf 88' lang='lat' dir='ltr'><strong>tres</strong></span> <span class='ocrx_word' id='word_1_525' title='bbox 2548 4171 2793 4238; x_wconf 89' lang='lat' dir='ltr'><strong>domini,</strong></span> <span class='ocrx_word' id='word_1_526' title='bbox 2816 4174 2919 4227; x_wconf 81' lang='lat' dir='ltr'><strong>sed</strong></span> <span class='ocrx_word' id='word_1_527' title='bbox 2945 4190 3100 4229; x_wconf 88' lang='lat' dir='ltr'><strong>unus</strong></span> <span class='ocrx_word' id='word_1_528' title='bbox 3130 4176 3219 4229; x_wconf 88' lang='lat' dir='ltr'><strong>est</strong></span> <span class='ocrx_word' id='word_1_529' title='bbox 3250 4173 3553 4231; x_wconf 88' lang='lat' dir='ltr'><strong>Dominus.</strong></span> <span class='ocrx_word' id='word_1_530' title='bbox 3586 4177 3733 4240; x_wconf 87' lang='lat' dir='ltr'><strong>Quia</strong></span> 
     </span>
    </p>
   </div>
   <div class='ocr_carea' id='block_1_69' title="bbox 2083 4260 3735 4333">
    <p class='ocr_par' dir='ltr' id='par_1_69' title="bbox 2083 4260 3735 4333">
     <span class='ocr_line' id='line_1_69' title="bbox 2083 4260 3735 4333; baseline 0.004 -18"><span class='ocrx_word' id='word_1_531' title='bbox 2083 4262 2237 4315; x_wconf 91' lang='lat' dir='ltr'><strong>sicut</strong></span> <span class='ocrx_word' id='word_1_532' title='bbox 2259 4260 2560 4333; x_wconf 86' lang='lat' dir='ltr'><strong>sigillatim</strong></span> <span class='ocrx_word' id='word_1_533' title='bbox 2585 4278 3066 4333; x_wconf 89' lang='lat' dir='ltr'><strong>unamquamque</strong></span> <span class='ocrx_word' id='word_1_534' title='bbox 3091 4279 3401 4333; x_wconf 88' lang='lat' dir='ltr'><strong>personam</strong></span> <span class='ocrx_word' id='word_1_535' title='bbox 3434 4266 3613 4320; x_wconf 90' lang='lat' dir='ltr'><strong>Deum</strong></span> <span class='ocrx_word' id='word_1_536' title='bbox 3631 4273 3735 4322; x_wconf 88' lang='lat' dir='ltr'><strong>aut</strong></span> 
     </span>
    </p>
   </div>
   <div class='ocr_carea' id='block_1_70' title="bbox 2082 4349 3733 4425">
    <p class='ocr_par' dir='ltr' id='par_1_70' title="bbox 2082 4349 3733 4425">
     <span class='ocr_line' id='line_1_70' title="bbox 2082 4349 3733 4425; baseline 0.002 -20"><span class='ocrx_word' id='word_1_537' title='bbox 2082 4349 2487 4420; x_wconf 85' lang='lat' dir='ltr'><strong>Duminum(7)</strong></span> <span class='ocrx_word' id='word_1_538' title='bbox 2512 4350 2775 4405; x_wconf 87' lang='lat' dir='ltr'><strong>confiteri</strong></span> <span class='ocrx_word' id='word_1_539' title='bbox 2808 4350 3135 4405; x_wconf 80' lang='lat' dir='ltr'><strong>Christiana</strong></span> <span class='ocrx_word' id='word_1_540' title='bbox 3164 4351 3403 4407; x_wconf 89' lang='lat' dir='ltr'><strong>veritate</strong></span> <span class='ocrx_word' id='word_1_541' title='bbox 3433 4353 3733 4425; x_wconf 87' lang='lat' dir='ltr'><strong>compelli-</strong></span> 
     </span>
    </p>
   </div>
   <div class='ocr_carea' id='block_1_71' title="bbox 2082 4440 3736 4506">
    <p class='ocr_par' dir='ltr' id='par_1_71' title="bbox 2082 4440 3736 4506">
     <span class='ocr_line' id='line_1_71' title="bbox 2082 4440 3736 4506; baseline 0.004 -12"><span class='ocrx_word' id='word_1_542' title='bbox 2082 4457 2255 4506; x_wconf 86' lang='lat' dir='ltr'><strong>mur;</strong></span> <span class='ocrx_word' id='word_1_543' title='bbox 2290 4440 2371 4494; x_wconf 87' lang='lat' dir='ltr'><strong>ita</strong></span> <span class='ocrx_word' id='word_1_544' title='bbox 2403 4445 2518 4494; x_wconf 81' lang='lat' dir='ltr'><strong>tres</strong></span> <span class='ocrx_word' id='word_1_545' title='bbox 2570 4440 2708 4496; x_wconf 89' lang='lat' dir='ltr'><strong>deos</strong></span> <span class='ocrx_word' id='word_1_546' title='bbox 2749 4446 2851 4495; x_wconf 87' lang='lat' dir='ltr'><strong>aut</strong></span> <span class='ocrx_word' id='word_1_547' title='bbox 2902 4441 3170 4496; x_wconf 85' lang='lat' dir='ltr'><strong>dominos</strong></span> <span class='ocrx_word' id='word_1_548' title='bbox 3215 4440 3405 4497; x_wconf 89' lang='lat' dir='ltr'><strong>dicere</strong></span> <span class='ocrx_word' id='word_1_549' title='bbox 3451 4443 3736 4500; x_wconf 85' lang='lat' dir='ltr'><strong>catholica</strong></span> 
     </span>
    </p>
   </div>
   <div class='ocr_carea' id='block_1_72' title="bbox 2082 4527 3734 4600">
    <p class='ocr_par' dir='ltr' id='par_1_72' title="bbox 2082 4527 3734 4600">
     <span class='ocr_line' id='line_1_72' title="bbox 2082 4527 3734 4600; baseline 0.004 -17"><span class='ocrx_word' id='word_1_550' title='bbox 2082 4527 2363 4600; x_wconf 86' lang='lat' dir='ltr'><strong>religione</strong></span> <span class='ocrx_word' id='word_1_551' title='bbox 2392 4527 2792 4599; x_wconf 88' lang='lat' dir='ltr'><strong>prohibemur.</strong></span> <span class='ocrx_word' id='word_1_552' title='bbox 2826 4529 2995 4585; x_wconf 90' lang='lat' dir='ltr'><strong>Pater</strong></span> <span class='ocrx_word' id='word_1_553' title='bbox 3024 4547 3059 4584; x_wconf 91' lang='lat' dir='ltr'><strong>a</strong></span> <span class='ocrx_word' id='word_1_554' title='bbox 3088 4528 3248 4584; x_wconf 90' lang='lat' dir='ltr'><strong>nullo</strong></span> <span class='ocrx_word' id='word_1_555' title='bbox 3279 4535 3365 4585; x_wconf 87' lang='lat' dir='ltr'><strong>est</strong></span> <span class='ocrx_word' id='word_1_556' title='bbox 3396 4531 3604 4599; x_wconf 80' lang='lat' dir='ltr'><strong>factus,</strong></span> <span class='ocrx_word' id='word_1_557' title='bbox 3630 4550 3734 4591; x_wconf 87' lang='lat' dir='ltr'><strong>nec</strong></span> 
     </span>
    </p>
   </div>
   <div class='ocr_carea' id='block_1_73' title="bbox 2081 4615 3733 4687">
    <p class='ocr_par' dir='ltr' id='par_1_73' title="bbox 2081 4615 3733 4687">
     <span class='ocr_line' id='line_1_73' title="bbox 2081 4615 3733 4687; baseline 0.004 -17"><span class='ocrx_word' id='word_1_558' title='bbox 2081 4621 2338 4684; x_wconf 89' lang='lat' dir='ltr'><strong>creatus,</strong></span> <span class='ocrx_word' id='word_1_559' title='bbox 2371 4632 2478 4671; x_wconf 82' lang='lat' dir='ltr'><strong>nec</strong></span> <span class='ocrx_word' id='word_1_560' title='bbox 2524 4615 2779 4687; x_wconf 87' lang='lat' dir='ltr'><strong>genitus.</strong></span> <span class='ocrx_word' id='word_1_561' title='bbox 2830 4615 3012 4671; x_wconf 86' lang='lat' dir='ltr'><strong>Filius</strong></span> <span class='ocrx_word' id='word_1_562' title='bbox 3045 4634 3077 4671; x_wconf 86' lang='lat' dir='ltr'><strong>a</strong></span> <span class='ocrx_word' id='word_1_563' title='bbox 3109 4616 3276 4673; x_wconf 83' lang='lat' dir='ltr'><strong>Patre</strong></span> <span class='ocrx_word' id='word_1_564' title='bbox 3326 4618 3451 4675; x_wconf 90' lang='lat' dir='ltr'><strong>solo</strong></span> <span class='ocrx_word' id='word_1_565' title='bbox 3497 4625 3587 4676; x_wconf 88' lang='lat' dir='ltr'><strong>est</strong></span> <span class='ocrx_word' id='word_1_566' title='bbox 3618 4638 3733 4677; x_wconf 88' lang='lat' dir='ltr'><strong>non</strong></span> 
     </span>
    </p>
   </div>
   <div class='ocr_carea' id='block_1_74' title="bbox 2082 4703 3735 4777">
    <p class='ocr_par' dir='ltr' id='par_1_74' title="bbox 2082 4703 3735 4777">
     <span class='ocr_line' id='line_1_74' title="bbox 2082 4703 3735 4777; baseline 0.005 -20"><span class='ocrx_word' id='word_1_567' title='bbox 2082 4703 2294 4770; x_wconf 82' lang='lat' dir='ltr'><strong>factus,</strong></span> <span class='ocrx_word' id='word_1_568' title='bbox 2328 4721 2433 4759; x_wconf 89' lang='lat' dir='ltr'><strong>nec</strong></span> <span class='ocrx_word' id='word_1_569' title='bbox 2463 4708 2715 4771; x_wconf 89' lang='lat' dir='ltr'><strong>creatus,</strong></span> <span class='ocrx_word' id='word_1_570' title='bbox 2748 4704 2848 4759; x_wconf 89' lang='lat' dir='ltr'><strong>sed</strong></span> <span class='ocrx_word' id='word_1_571' title='bbox 2894 4704 3127 4777; x_wconf 89' lang='lat' dir='ltr'><strong>genitus</strong></span> <span class='ocrx_word' id='word_1_572' title='bbox 3163 4723 3175 4760; x_wconf 91' lang='lat'>:</span> <span class='ocrx_word' id='word_1_573' title='bbox 3213 4705 3462 4777; x_wconf 90' lang='lat' dir='ltr'><strong>Spiritus</strong></span> <span class='ocrx_word' id='word_1_574' title='bbox 3495 4714 3735 4766; x_wconf 85' lang='lat' dir='ltr'><strong>sanctus</strong></span> 
     </span>
    </p>
   </div>
   <div class='ocr_carea' id='block_1_75' title="bbox 2085 4792 3735 4868">
    <p class='ocr_par' dir='ltr' id='par_1_75' title="bbox 2085 4792 3735 4868">
     <span class='ocr_line' id='line_1_75' title="bbox 2085 4792 3735 4868; baseline 0.004 -19"><span class='ocrx_word' id='word_1_575' title='bbox 2085 4808 2119 4849; x_wconf 87' lang='lat' dir='ltr'><strong>a</strong></span> <span class='ocrx_word' id='word_1_576' title='bbox 2148 4793 2316 4849; x_wconf 85' lang='lat' dir='ltr'><strong>Patre</strong></span> <span class='ocrx_word' id='word_1_577' title='bbox 2347 4798 2405 4848; x_wconf 93' lang='lat' dir='ltr'><strong>et</strong></span> <span class='ocrx_word' id='word_1_578' title='bbox 2434 4793 2576 4848; x_wconf 84' lang='lat' dir='ltr'><strong>Filio</strong></span> <span class='ocrx_word' id='word_1_579' title='bbox 2610 4809 2725 4849; x_wconf 89' lang='lat' dir='ltr'><strong>non</strong></span> <span class='ocrx_word' id='word_1_580' title='bbox 2758 4792 2911 4850; x_wconf 69' lang='grc'><strong>069</strong></span> <span class='ocrx_word' id='word_1_581' title='bbox 2966 4792 3177 4862; x_wconf 81' lang='lat' dir='ltr'><strong>factus,</strong></span> <span class='ocrx_word' id='word_1_582' title='bbox 3209 4809 3316 4849; x_wconf 89' lang='lat' dir='ltr'><strong>nec</strong></span> <span class='ocrx_word' id='word_1_583' title='bbox 3345 4802 3595 4868; x_wconf 87' lang='lat' dir='ltr'><strong>creatus,</strong></span> <span class='ocrx_word' id='word_1_584' title='bbox 3629 4816 3735 4856; x_wconf 89' lang='lat' dir='ltr'><strong>nec</strong></span> 
     </span>
    </p>
   </div>
   <div class='ocr_carea' id='block_1_76' title="bbox 391 4941 3730 5030">
    <p class='ocr_par' dir='ltr' id='par_1_76' title="bbox 391 4941 3730 5030">
     <span class='ocr_line' id='line_1_76' title="bbox 391 4941 3730 5030; baseline 0.001 -28"><span class='ocrx_word' id='word_1_585' title='bbox 391 4951 467 5030; x_wconf 46' lang='lat' dir='ltr'><strong>(ii)</strong></span> <span class='ocrx_word' id='word_1_586' title='bbox 507 4950 697 5030; x_wconf 50' lang='lat' dir='ltr'><strong>Code‘x</strong></span> <span class='ocrx_word' id='word_1_587' title='bbox 745 4948 959 5030; x_wconf 56' lang='lat' dir='ltr'><strong>ﬂagitis</strong></span> <span class='ocrx_word' id='word_1_588' title='bbox 1004 4948 1146 5030; x_wconf 64' lang='lat'>2962</span> <span class='ocrx_word' id='word_1_589' title='bbox 1270 4947 1382 5030; x_wconf 52' lang='lat' dir='ltr'><strong>T‘oii</strong></span> <span class='ocrx_word' id='word_1_590' title='bbox 1426 4942 1484 5030; x_wconf 45' lang='grc' dir='ltr'><strong>,ἰν</strong></span> <span class='ocrx_word' id='word_1_591' title='bbox 1537 4943 1973 5030; x_wconf 37' lang='grc' dir='ltr'>ἀγίοιςΠξτρὸς</span> <span class='ocrx_word' id='word_1_592' title='bbox 2005 4950 2049 5017; x_wconf 77' lang='lat' dir='ltr'><strong>C</strong></span> <span class='ocrx_word' id='word_1_593' title='bbox 2084 4944 2299 4999; x_wconf 87' lang='grc' dir='ltr'>πάντων</span> <span class='ocrx_word' id='word_1_594' title='bbox 2332 4944 2491 5021; x_wconf 82' lang='grc' dir='ltr'>χρεία</span> <span class='ocrx_word' id='word_1_595' title='bbox 2549 4943 2689 4999; x_wconf 72' lang='grc' dir='ltr'>ἐστὶν</span> <span class='ocrx_word' id='word_1_596' title='bbox 2738 4941 2831 5000; x_wconf 76' lang='grc' dir='ltr'>ἵνα</span> <span class='ocrx_word' id='word_1_597' title='bbox 2872 4946 2970 5014; x_wconf 82' lang='grc' dir='ltr'><strong>τήν</strong></span> <span class='ocrx_word' id='word_1_598' title='bbox 3012 4946 3311 5015; x_wconf 75' lang='grc' dir='ltr'>καθολικὴν</span> <span class='ocrx_word' id='word_1_599' title='bbox 3343 4951 3584 5023; x_wconf 76' lang='grc' dir='ltr'>κρατήσῃ</span> <span class='ocrx_word' id='word_1_600' title='bbox 3638 4949 3730 5005; x_wconf 84' lang='grc' dir='ltr'>πί-</span> 
     </span>
    </p>
   </div>
   <div class='ocr_carea' id='block_1_77' title="bbox 318 5014 1975 5094">
    <p class='ocr_par' dir='ltr' id='par_1_77' title="bbox 318 5014 1975 5094">
     <span class='ocr_line' id='line_1_77' title="bbox 318 5014 1975 5094; baseline -0.003 -21"><span class='ocrx_word' id='word_1_601' title='bbox 318 5014 477 5091; x_wconf 78' lang='grc' dir='ltr'>ἡμῶν</span> <span class='ocrx_word' id='word_1_602' title='bbox 514 5018 758 5094; x_wconf 78' lang='grc' dir='ltr'>μεγάλου</span> <span class='ocrx_word' id='word_1_603' title='bbox 816 5014 1131 5094; x_wconf 63' lang='grc' dir='ltr'>’Ἆρανασίου</span> <span class='ocrx_word' id='word_1_604' title='bbox 1193 5015 1472 5094; x_wconf 60' lang='grc' dir='ltr'>ὁμολογία</span> <span class='ocrx_word' id='word_1_605' title='bbox 1528 5014 1626 5094; x_wconf 65' lang='grc' dir='ltr'>τῆς</span> <span class='ocrx_word' id='word_1_606' title='bbox 1686 5014 1851 5071; x_wconf 78' lang='grc' dir='ltr'>αὐτοῦ</span> <span class='ocrx_word' id='word_1_607' title='bbox 1882 5014 1975 5070; x_wconf 77' lang='grc' dir='ltr'>πί-</span> 
     </span>
    </p>
   </div>
   <div class='ocr_carea' id='block_1_78' title="bbox 322 5088 1973 5153">
    <p class='ocr_par' dir='ltr' id='par_1_78' title="bbox 322 5088 1973 5153">
     <span class='ocr_line' id='line_1_78' title="bbox 322 5088 1973 5153; baseline -0.001 -7"><span class='ocrx_word' id='word_1_608' title='bbox 322 5088 524 5153; x_wconf 68' lang='grc' dir='ltr'>στεως.’</span> <span class='ocrx_word' id='word_1_609' title='bbox 546 5088 607 5148; x_wconf 78' lang='lat' dir='ltr'><strong>lri</strong></span> <span class='ocrx_word' id='word_1_610' title='bbox 640 5094 837 5148; x_wconf 81' lang='lat' dir='ltr'><strong>codice</strong></span> <span class='ocrx_word' id='word_1_611' title='bbox 868 5092 1244 5147; x_wconf 85' lang='lat' dir='ltr'><strong>Felckmanni</strong></span> <span class='ocrx_word' id='word_1_612' title='bbox 1274 5088 1468 5146; x_wconf 67' lang='lat' dir='ltr'><strong>Graeco</strong></span> <span class='ocrx_word' id='word_1_613' title='bbox 1504 5088 1700 5143; x_wconf 90' lang='lat' dir='ltr'><strong>nullus</strong></span> <span class='ocrx_word' id='word_1_614' title='bbox 1733 5105 1973 5153; x_wconf 87' lang='lat' dir='ltr'><strong>compa-</strong></span> 
     </span>
    </p>
   </div>
   <div class='ocr_carea' id='block_1_79' title="bbox 323 5160 1977 5234">
    <p class='ocr_par' dir='ltr' id='par_1_79' title="bbox 323 5160 1977 5234">
     <span class='ocr_line' id='line_1_79' title="bbox 323 5160 1977 5234; baseline -0.002 -15"><span class='ocrx_word' id='word_1_615' title='bbox 323 5170 413 5220; x_wconf 86' lang='lat' dir='ltr'><strong>ret</strong></span> <span class='ocrx_word' id='word_1_616' title='bbox 442 5163 673 5229; x_wconf 91' lang='lat' dir='ltr'><strong>titulus,</strong></span> <span class='ocrx_word' id='word_1_617' title='bbox 708 5181 812 5234; x_wconf 85' lang='lat' dir='ltr'><strong>nec</strong></span> <span class='ocrx_word' id='word_1_618' title='bbox 857 5163 1163 5234; x_wconf 86' lang='lat' dir='ltr'><strong>scriptoris</strong></span> <span class='ocrx_word' id='word_1_619' title='bbox 1191 5178 1427 5234; x_wconf 85' lang='lat' dir='ltr'><strong>nomen.</strong></span> <span class='ocrx_word' id='word_1_620' title='bbox 1466 5163 1522 5215; x_wconf 88' lang='lat' dir='ltr'><strong>in</strong></span> <span class='ocrx_word' id='word_1_621' title='bbox 1560 5160 1747 5234; x_wconf 60' lang='lat' dir='ltr'><strong>Palat.</strong></span> <span class='ocrx_word' id='word_1_622' title='bbox 1777 5160 1977 5215; x_wconf 90' lang='lat' dir='ltr'><strong>codice</strong></span> 
     </span>
    </p>
   </div>
   <div class='ocr_carea' id='block_1_80' title="bbox 323 5230 1975 5307">
    <p class='ocr_par' dir='ltr' id='par_1_80' title="bbox 323 5230 1975 5307">
     <span class='ocr_line' id='line_1_80' title="bbox 323 5230 1975 5307; baseline -0.002 -17"><span class='ocrx_word' id='word_1_623' title='bbox 323 5235 555 5307; x_wconf 78' lang='lat' dir='ltr'><strong>legitur,</strong></span> <span class='ocrx_word' id='word_1_624' title='bbox 602 5232 894 5307; x_wconf 71' lang='grc' dir='ltr'>Σῦμοολον</span> <span class='ocrx_word' id='word_1_625' title='bbox 954 5230 1049 5287; x_wconf 69' lang='grc' dir='ltr'><strong>τοῦ</strong></span> <span class='ocrx_word' id='word_1_626' title='bbox 1110 5230 1266 5307; x_wconf 76' lang='grc' dir='ltr'>ἁγίου</span> <span class='ocrx_word' id='word_1_627' title='bbox 1325 5231 1645 5287; x_wconf 82' lang='grc' dir='ltr'>Ἀθανασίου</span> <span class='ocrx_word' id='word_1_628' title='bbox 1726 5232 1975 5307; x_wconf 67' lang='lat' dir='ltr'><strong>Sitnger-</strong></span> 
     </span>
    </p>
   </div>
   <div class='ocr_carea' id='block_1_81' title="bbox 324 5304 1975 5376">
    <p class='ocr_par' dir='ltr' id='par_1_81' title="bbox 324 5304 1975 5376">
     <span class='ocr_line' id='line_1_81' title="bbox 324 5304 1975 5376; baseline -0.003 -14"><span class='ocrx_word' id='word_1_629' title='bbox 324 5304 484 5363; x_wconf 65' lang='lat' dir='ltr'><strong>min.</strong></span> <span class='ocrx_word' id='word_1_630' title='bbox 518 5310 645 5373; x_wconf 83' lang='lat'><strong>257,</strong></span> <span class='ocrx_word' id='word_1_631' title='bbox 687 5304 847 5363; x_wconf 71' lang='lat' dir='ltr'><strong>Fides</strong></span> <span class='ocrx_word' id='word_1_632' title='bbox 891 5307 1068 5362; x_wconf 81' lang='lat' dir='ltr'><strong>sancti</strong></span> <span class='ocrx_word' id='word_1_633' title='bbox 1115 5306 1407 5360; x_wconf 77' lang='lat' dir='ltr'><strong>Athanasii</strong></span> <span class='ocrx_word' id='word_1_634' title='bbox 1445 5307 1689 5376; x_wconf 77' lang='lat' dir='ltr'><strong>episcopi</strong></span> <span class='ocrx_word' id='word_1_635' title='bbox 1738 5304 1975 5359; x_wconf 77' lang='lat' dir='ltr'><strong>Alexan-</strong></span> 
     </span>
    </p>
   </div>
   <div class='ocr_carea' id='block_1_82' title="bbox 323 5376 1976 5445">
    <p class='ocr_par' dir='ltr' id='par_1_82' title="bbox 323 5376 1976 5445">
     <span class='ocr_line' id='line_1_82' title="bbox 323 5376 1976 5445; baseline -0.004 -11"><span class='ocrx_word' id='word_1_636' title='bbox 323 5380 486 5435; x_wconf 67' lang='lat' dir='ltr'><strong>driae.</strong></span> <span class='ocrx_word' id='word_1_637' title='bbox 520 5381 623 5445; x_wconf 90' lang='lat' dir='ltr'><strong>Qui</strong></span> <span class='ocrx_word' id='word_1_638' title='bbox 657 5380 728 5434; x_wconf 89' lang='lat' dir='ltr'><strong>ab</strong></span> <span class='ocrx_word' id='word_1_639' title='bbox 760 5378 992 5434; x_wconf 84' lang='lat' dir='ltr'><strong>Usserio</strong></span> <span class='ocrx_word' id='word_1_640' title='bbox 1024 5378 1241 5433; x_wconf 88' lang='lat' dir='ltr'><strong>dicitur</strong></span> <span class='ocrx_word' id='word_1_641' title='bbox 1284 5380 1463 5433; x_wconf 83' lang='lat' dir='ltr'><strong>fuisse</strong></span> <span class='ocrx_word' id='word_1_642' title='bbox 1496 5376 1831 5433; x_wconf 67' lang='lat' dir='ltr'><strong>Ethelstani</strong></span> <span class='ocrx_word' id='word_1_643' title='bbox 1864 5378 1976 5429; x_wconf 82' lang='lat' dir='ltr'><strong>An-</strong></span> 
     </span>
    </p>
   </div>
   <div class='ocr_carea' id='block_1_83' title="bbox 369 5447 1969 5521">
    <p class='ocr_par' dir='ltr' id='par_1_83' title="bbox 369 5447 1969 5521">
     <span class='ocr_line' id='line_1_83' title="bbox 369 5447 1969 5521; baseline -0.002 -16"><span class='ocrx_word' id='word_1_644' title='bbox 369 5452 555 5507; x_wconf 90' lang='lat' dir='ltr'><strong>lorum</strong></span> <span class='ocrx_word' id='word_1_645' title='bbox 617 5452 792 5521; x_wconf 86' lang='lat' dir='ltr'><strong>regis,</strong></span> <span class='ocrx_word' id='word_1_646' title='bbox 852 5450 1073 5504; x_wconf 90' lang='lat' dir='ltr'><strong>habet:</strong></span> <span class='ocrx_word' id='word_1_647' title='bbox 1137 5451 1299 5506; x_wconf 78' lang='lat' dir='ltr'><strong>Fides</strong></span> <span class='ocrx_word' id='word_1_648' title='bbox 1356 5447 1969 5521; x_wconf 16' lang='lat' dir='ltr'><strong>AthanasiiﬂAlexand.</strong></span> 
     </span>
    </p>
   </div>
   <div class='ocr_carea' id='block_1_84' title="bbox 325 5468 1979 5590">
    <p class='ocr_par' dir='ltr' id='par_1_84' title="bbox 325 5468 1979 5590">
     <span class='ocr_line' id='line_1_84' title="bbox 369 5468 1969 5521; baseline -0.002 -16"><span class='ocrx_word' id='word_1_649' title='bbox 369 5468 555 5507; x_wconf 82' lang='lat' dir='ltr'><strong>lorum</strong></span> <span class='ocrx_word' id='word_1_650' title='bbox 617 5468 792 5521; x_wconf 83' lang='lat' dir='ltr'><strong>regis,</strong></span> <span class='ocrx_word' id='word_1_651' title='bbox 852 5468 1073 5504; x_wconf 67' lang='lat' dir='ltr'><strong>nanes:</strong></span> <span class='ocrx_word' id='word_1_652' title='bbox 1137 5468 1299 5506; x_wconf 72' lang='lat' dir='ltr'><strong>riae:</strong></span> <span class='ocrx_word' id='word_1_653' title='bbox 1356 5468 1639 5505; x_wconf 75' lang='grc' dir='ltr'>Αιηαηαδιι</span> <span class='ocrx_word' id='word_1_654' title='bbox 1698 5468 1969 5503; x_wconf 70' lang='grc' dir='ltr'>Αιεπαηα.</span> 
     </span>
     <span class='ocr_line' id='line_1_85' title="bbox 325 5468 1979 5590; baseline -0.004 -12"><span class='ocrx_word' id='word_1_655' title='bbox 325 5468 576 5579; x_wconf 60' lang='grc' dir='ltr'><strong>ἓοιὺρνῐ.</strong></span> <span class='ocrx_word' id='word_1_656' title='bbox 608 5524 715 5577; x_wconf 76' lang='grc'><strong>784</strong></span> <span class='ocrx_word' id='word_1_657' title='bbox 768 5522 1012 5576; x_wconf 90' lang='lat' dir='ltr'><strong>mutilus</strong></span> <span class='ocrx_word' id='word_1_658' title='bbox 1057 5526 1146 5575; x_wconf 90' lang='lat' dir='ltr'><strong>est</strong></span> <span class='ocrx_word' id='word_1_659' title='bbox 1178 5521 1366 5590; x_wconf 87' lang='lat' dir='ltr'><strong>initio,</strong></span> <span class='ocrx_word' id='word_1_660' title='bbox 1398 5528 1453 5574; x_wconf 90' lang='lat' dir='ltr'><strong>et</strong></span> <span class='ocrx_word' id='word_1_661' title='bbox 1484 5538 1515 5574; x_wconf 90' lang='lat' dir='ltr'><strong>a</strong></span> <span class='ocrx_word' id='word_1_662' title='bbox 1550 5520 1741 5575; x_wconf 87' lang='lat' dir='ltr'><strong>media</strong></span> <span class='ocrx_word' id='word_1_663' title='bbox 1788 5518 1979 5573; x_wconf 92' lang='lat' dir='ltr'><strong>solum</strong></span> 
     </span>
    </p>
   </div>
   <div class='ocr_carea' id='block_1_85' title="bbox 330 5590 1983 5666">
    <p class='ocr_par' dir='ltr' id='par_1_85' title="bbox 330 5590 1983 5666">
     <span class='ocr_line' id='line_1_86' title="bbox 330 5590 1983 5666; baseline -0.002 -17"><span class='ocrx_word' id='word_1_664' title='bbox 330 5602 492 5666; x_wconf 87' lang='lat' dir='ltr'><strong>parte</strong></span> <span class='ocrx_word' id='word_1_665' title='bbox 525 5596 750 5665; x_wconf 87' lang='lat' dir='ltr'><strong>incipit,</strong></span> <span class='ocrx_word' id='word_1_666' title='bbox 784 5600 849 5648; x_wconf 82' lang='lat' dir='ltr'><strong>ut.</strong></span> <span class='ocrx_word' id='word_1_667' title='bbox 877 5594 1026 5666; x_wconf 79' lang='lat' dir='ltr'><strong>infra</strong></span> <span class='ocrx_word' id='word_1_668' title='bbox 1079 5592 1595 5666; x_wconf 9' lang='lat' dir='ltr'><strong>niotaturr.__Regigus</strong></span> <span class='ocrx_word' id='word_1_669' title='bbox 1625 5592 1805 5666; x_wconf 72' lang='lat' dir='ltr'><strong>codex</strong></span> <span class='ocrx_word' id='word_1_670' title='bbox 1846 5590 1983 5645; x_wconf 78' lang='grc'><strong>4908</strong></span> 
     </span>
    </p>
   </div>
   <div class='ocr_carea' id='block_1_86' title="bbox 330 5661 1985 5728">
    <p class='ocr_par' dir='ltr' id='par_1_86' title="bbox 330 5661 1985 5728">
     <span class='ocr_line' id='line_1_87' title="bbox 330 5661 1985 5728; baseline -0.003 -7"><span class='ocrx_word' id='word_1_671' title='bbox 330 5661 558 5721; x_wconf 76' lang='lat' dir='ltr'><strong>nullum</strong></span> <span class='ocrx_word' id='word_1_672' title='bbox 596 5661 769 5721; x_wconf 80' lang='lat' dir='ltr'><strong>habet</strong></span> <span class='ocrx_word' id='word_1_673' title='bbox 800 5664 1059 5720; x_wconf 89' lang='lat' dir='ltr'><strong>titulum.</strong></span> <span class='ocrx_word' id='word_1_674' title='bbox 1094 5664 1199 5728; x_wconf 89' lang='lat' dir='ltr'><strong>Qui</strong></span> <span class='ocrx_word' id='word_1_675' title='bbox 1237 5665 1307 5717; x_wconf 92' lang='lat' dir='ltr'><strong>ab</strong></span> <span class='ocrx_word' id='word_1_676' title='bbox 1340 5661 1575 5719; x_wconf 82' lang='lat' dir='ltr'><strong>Usserio</strong></span> <span class='ocrx_word' id='word_1_677' title='bbox 1608 5663 1827 5719; x_wconf 88' lang='lat' dir='ltr'><strong>dicitur</strong></span> <span class='ocrx_word' id='word_1_678' title='bbox 1855 5677 1985 5717; x_wconf 88' lang='lat' dir='ltr'><strong>esse</strong></span> 
     </span>
    </p>
   </div>
   <div class='ocr_carea' id='block_1_87' title="bbox 328 5734 1983 5811">
    <p class='ocr_par' dir='ltr' id='par_1_87' title="bbox 328 5734 1983 5811">
     <span class='ocr_line' id='line_1_88' title="bbox 328 5734 1983 5811; baseline -0.004 -17"><span class='ocrx_word' id='word_1_679' title='bbox 328 5742 592 5811; x_wconf 81' lang='lat' dir='ltr'><strong>tempore</strong></span> <span class='ocrx_word' id='word_1_680' title='bbox 640 5737 903 5811; x_wconf 73' lang='lat' dir='ltr'><strong>Gregorii</strong></span> <span class='ocrx_word' id='word_1_681' title='bbox 963 5736 1038 5811; x_wconf 75' lang='grc' dir='ltr'>Μ.</span> <span class='ocrx_word' id='word_1_682' title='bbox 1101 5735 1452 5811; x_wconf 77' lang='lat' dir='ltr'><strong>descriptus,</strong></span> <span class='ocrx_word' id='word_1_683' title='bbox 1470 5736 1637 5811; x_wconf 47' lang='lat' dir='ltr'><strong>fides</strong></span> <span class='ocrx_word' id='word_1_684' title='bbox 1669 5734 1983 5811; x_wconf 51' lang='lat' dir='ltr'><strong>famelica,</strong></span> 
     </span>
    </p>
   </div>
   <div class='ocr_carea' id='block_1_88' title="bbox 2085 5037 2220 5071">
    <p class='ocr_par' dir='ltr' id='par_1_88' title="bbox 2085 5037 2220 5071">
     <span class='ocr_line' id='line_1_89' title="bbox 2085 5037 2220 5071; baseline 0.007 -1"><span class='ocrx_word' id='word_1_685' title='bbox 2085 5037 2220 5071; x_wconf 85' lang='grc' dir='ltr'>στιν.</span> 
     </span>
    </p>
   </div>
   <div class='ocr_carea' id='block_1_89' title="bbox 2157 5086 3737 5166">
    <p class='ocr_par' dir='ltr' id='par_1_89' title="bbox 2157 5086 3737 5166">
     <span class='ocr_line' id='line_1_90' title="bbox 2157 5086 3737 5166; baseline 0.004 -23"><span class='ocrx_word' id='word_1_686' title='bbox 2157 5090 2233 5166; x_wconf 77' lang='grc'><strong>(5)</strong></span> <span class='ocrx_word' id='word_1_687' title='bbox 2264 5087 2322 5142; x_wconf 92' lang='lat' dir='ltr'><strong>S.</strong></span> <span class='ocrx_word' id='word_1_688' title='bbox 2358 5086 2584 5166; x_wconf 80' lang='lat' dir='ltr'><strong>Ge_r_tn.,_</strong></span> <span class='ocrx_word' id='word_1_689' title='bbox 2630 5090 3117 5161; x_wconf 68' lang='lat' dir='ltr'><strong>Inviolabilemque</strong></span> <span class='ocrx_word' id='word_1_690' title='bbox 3159 5093 3486 5159; x_wconf 75' lang='lat' dir='ltr'><strong>servaverit,</strong></span> <span class='ocrx_word' id='word_1_691' title='bbox 3534 5095 3737 5166; x_wconf 81' lang='lat' dir='ltr'><strong>absque</strong></span> 
     </span>
    </p>
   </div>
   <div class='ocr_carea' id='block_1_90' title="bbox 2085 5160 3737 5236">
    <p class='ocr_par' dir='ltr' id='par_1_90' title="bbox 2085 5160 3737 5236">
     <span class='ocr_line' id='line_1_91' title="bbox 2085 5160 3737 5236; baseline 0.005 -22"><span class='ocrx_word' id='word_1_692' title='bbox 2085 5160 2250 5236; x_wconf 68' lang='lat' dir='ltr'><strong>dubio</strong></span> <span class='ocrx_word' id='word_1_693' title='bbox 2306 5161 2624 5236; x_wconf 47' lang='lat' dir='ltr'><strong>peribitJ&#39;n</strong></span> <span class='ocrx_word' id='word_1_694' title='bbox 2679 5171 2969 5236; x_wconf 58' lang='lat' dir='ltr'><strong>aetrrnam.</strong></span> <span class='ocrx_word' id='word_1_695' title='bbox 3009 5160 3069 5236; x_wconf 72' lang='lat' dir='ltr'><strong>in</strong></span> <span class='ocrx_word' id='word_1_696' title='bbox 3132 5167 3266 5235; x_wconf 81' lang='lat' dir='ltr'><strong>Reg.</strong></span> <span class='ocrx_word' id='word_1_697' title='bbox 3325 5166 3520 5236; x_wconf 84' lang='lat' dir='ltr'><strong>absque</strong></span> <span class='ocrx_word' id='word_1_698' title='bbox 3574 5160 3737 5224; x_wconf 51' lang='lat' dir='ltr'><strong>du&#39;bio</strong></span> 
     </span>
    </p>
   </div>
   <div class='ocr_carea' id='block_1_91' title="bbox 2087 5229 3739 5356">
    <p class='ocr_par' dir='ltr' id='par_1_91' title="bbox 2087 5229 3739 5356">
     <span class='ocr_line' id='line_1_92' title="bbox 2087 5229 3739 5307; baseline 0.004 -21"><span class='ocrx_word' id='word_1_699' title='bbox 2087 5233 2268 5286; x_wconf 87' lang='lat' dir='ltr'><strong>deest.</strong></span> <span class='ocrx_word' id='word_1_700' title='bbox 2307 5229 2449 5285; x_wconf 81' lang='lat' dir='ltr'><strong>lbid.</strong></span> <span class='ocrx_word' id='word_1_701' title='bbox 2504 5230 2681 5287; x_wconf 79' lang='lat' dir='ltr'><strong>Palat.</strong></span> <span class='ocrx_word' id='word_1_702' title='bbox 2717 5232 2822 5301; x_wconf 82' lang='lat' dir='ltr'><strong>sic,</strong></span> <span class='ocrx_word' id='word_1_703' title='bbox 2851 5231 2973 5307; x_wconf 82' lang='grc' dir='ltr'>ὑγιῆ</span> <span class='ocrx_word' id='word_1_704' title='bbox 3010 5229 3242 5305; x_wconf 69' lang='grc' dir='ltr'>ἄμωμον</span> <span class='ocrx_word' id='word_1_705' title='bbox 3274 5229 3555 5307; x_wconf 69' lang='grc' dir='ltr'>τηρήσειεν</span> <span class='ocrx_word' id='word_1_706' title='bbox 3589 5236 3739 5301; x_wconf 68' lang='grc' dir='ltr'>ἐκτὸς</span> 
     </span>
     <span class='ocr_line' id='line_1_93' title="bbox 2089 5298 2525 5356; baseline 0 0"><span class='ocrx_word' id='word_1_707' title='bbox 2089 5298 2393 5356; x_wconf 80' lang='grc' dir='ltr'>δίσταγμοῦ</span> <span class='ocrx_word' id='word_1_708' title='bbox 2427 5300 2525 5356; x_wconf 67' lang='grc' dir='ltr'>εἲς.</span> 
     </span>
    </p>
   </div>
   <div class='ocr_carea' id='block_1_92' title="bbox 2129 5321 2525 5373">
    <p class='ocr_par' dir='ltr' id='par_1_92' title="bbox 2129 5321 2525 5373">
     <span class='ocr_line' id='line_1_94' title="bbox 2129 5321 2525 5373; baseline 0.003 -18"><span class='ocrx_word' id='word_1_709' title='bbox 2129 5321 2393 5373; x_wconf 86' lang='grc' dir='ltr'>ισταγμου</span> <span class='ocrx_word' id='word_1_710' title='bbox 2427 5321 2525 5362; x_wconf 76' lang='grc' dir='ltr'>εις.</span> 
     </span>
    </p>
   </div>
   <div class='ocr_carea' id='block_1_93' title="bbox 2158 5322 3739 5447">
    <p class='ocr_par' dir='ltr' id='par_1_93' title="bbox 2158 5322 3739 5447">
     <span class='ocr_line' id='line_1_95' title="bbox 2158 5322 2525 5375; baseline 0.003 -20"><span class='ocrx_word' id='word_1_711' title='bbox 2158 5322 2393 5375; x_wconf 76' lang='grc' dir='ltr'>παγμου</span> <span class='ocrx_word' id='word_1_712' title='bbox 2427 5322 2525 5362; x_wconf 77' lang='grc' dir='ltr'>εις.</span> 
     </span>
     <span class='ocr_line' id='line_1_96' title="bbox 2158 5374 3739 5447; baseline 0.004 -17"><span class='ocrx_word' id='word_1_713' title='bbox 2158 5376 2236 5444; x_wconf 87' lang='lat'><strong>(6)</strong></span> <span class='ocrx_word' id='word_1_714' title='bbox 2270 5374 2399 5430; x_wconf 84' lang='lat' dir='ltr'><strong>Mox</strong></span> <span class='ocrx_word' id='word_1_715' title='bbox 2453 5374 2612 5444; x_wconf 80' lang='lat' dir='ltr'><strong>Reg.,</strong></span> <span class='ocrx_word' id='word_1_716' title='bbox 2647 5374 2791 5447; x_wconf 13' lang='lat' dir='ltr'><strong>talis,</strong></span> <span class='ocrx_word' id='word_1_717' title='bbox 2828 5377 2889 5447; x_wconf 64' lang='lat' dir='ltr'><strong>et</strong></span> <span class='ocrx_word' id='word_1_718' title='bbox 2925 5374 3167 5440; x_wconf 75' lang='lat' dir='ltr'><strong>Spiritus</strong></span> <span class='ocrx_word' id='word_1_719' title='bbox 3214 5387 3451 5447; x_wconf 76' lang='lat' dir='ltr'><strong>sanctus,</strong></span> <span class='ocrx_word' id='word_1_720' title='bbox 3483 5386 3541 5435; x_wconf 89' lang='lat' dir='ltr'><strong>et</strong></span> <span class='ocrx_word' id='word_1_721' title='bbox 3570 5381 3651 5436; x_wconf 85' lang='lat' dir='ltr'><strong>ita</strong></span> <span class='ocrx_word' id='word_1_722' title='bbox 3680 5382 3739 5437; x_wconf 91' lang='lat' dir='ltr'><strong>in</strong></span> 
     </span>
    </p>
   </div>
   <div class='ocr_carea' id='block_1_94' title="bbox 2090 5444 3743 5519">
    <p class='ocr_par' dir='ltr' id='par_1_94' title="bbox 2090 5444 3743 5519">
     <span class='ocr_line' id='line_1_97' title="bbox 2090 5444 3743 5519; baseline 0.004 -18"><span class='ocrx_word' id='word_1_723' title='bbox 2090 5447 2591 5519; x_wconf 78' lang='lat' dir='ltr'><strong>subsequentibus</strong></span> <span class='ocrx_word' id='word_1_724' title='bbox 2647 5444 2991 5519; x_wconf 80' lang='lat' dir='ltr'><strong>particulam</strong></span> <span class='ocrx_word' id='word_1_725' title='bbox 3023 5456 3073 5501; x_wconf 77' lang='lat' dir='ltr'><strong>et</strong></span> <span class='ocrx_word' id='word_1_726' title='bbox 3121 5453 3274 5513; x_wconf 87' lang='lat' dir='ltr'><strong>ante,</strong></span> <span class='ocrx_word' id='word_1_727' title='bbox 3312 5444 3545 5519; x_wconf 65' lang='lat' dir='ltr'><strong>Spiritus</strong></span> <span class='ocrx_word' id='word_1_728' title='bbox 3586 5470 3743 5509; x_wconf 82' lang='lat' dir='ltr'><strong>sanc-</strong></span> 
     </span>
    </p>
   </div>
   <div class='ocr_carea' id='block_1_95' title="bbox 2089 5515 3741 5581">
    <p class='ocr_par' dir='ltr' id='par_1_95' title="bbox 2089 5515 3741 5581">
     <span class='ocr_line' id='line_1_98' title="bbox 2089 5515 3741 5581; baseline 0.004 -9"><span class='ocrx_word' id='word_1_729' title='bbox 2089 5523 2196 5572; x_wconf 87' lang='lat' dir='ltr'><strong>tus.</strong></span> <span class='ocrx_word' id='word_1_730' title='bbox 2236 5517 2460 5573; x_wconf 90' lang='lat' dir='ltr'><strong>Desinit</strong></span> <span class='ocrx_word' id='word_1_731' title='bbox 2508 5515 2702 5571; x_wconf 86' lang='lat' dir='ltr'><strong>autem</strong></span> <span class='ocrx_word' id='word_1_732' title='bbox 2754 5515 2813 5569; x_wconf 91' lang='lat' dir='ltr'><strong>in</strong></span> <span class='ocrx_word' id='word_1_733' title='bbox 2866 5516 2986 5570; x_wconf 67' lang='lat' dir='ltr'><strong>hanc</strong></span> <span class='ocrx_word' id='word_1_734' title='bbox 3034 5519 3205 5572; x_wconf 87' lang='lat' dir='ltr'><strong>verba</strong></span> <span class='ocrx_word' id='word_1_735' title='bbox 3241 5538 3254 5573; x_wconf 88' lang='lat'><strong>:</strong></span> <span class='ocrx_word' id='word_1_736' title='bbox 3290 5515 3355 5574; x_wconf 35' lang='lat' dir='ltr'><strong>Et&quot;</strong></span> <span class='ocrx_word' id='word_1_737' title='bbox 3402 5527 3583 5578; x_wconf 82' lang='lat' dir='ltr'><strong>tamen</strong></span> <span class='ocrx_word' id='word_1_738' title='bbox 3630 5543 3741 5581; x_wconf 83' lang='lat' dir='ltr'><strong>non</strong></span> 
     </span>
    </p>
   </div>
   <div class='ocr_carea' id='block_1_96' title="bbox 2091 5586 3301 5654">
    <p class='ocr_par' dir='ltr' id='par_1_96' title="bbox 2091 5586 3301 5654">
     <span class='ocr_line' id='line_1_99' title="bbox 2091 5586 3301 5654; baseline 0 -9"><span class='ocrx_word' id='word_1_739' title='bbox 2091 5594 2200 5645; x_wconf 73' lang='lat' dir='ltr'><strong>tres</strong></span> <span class='ocrx_word' id='word_1_740' title='bbox 2231 5591 2445 5654; x_wconf 61' lang='lat' dir='ltr'><strong>zwrni,</strong></span> <span class='ocrx_word' id='word_1_741' title='bbox 2477 5588 2683 5644; x_wconf 78' lang='lat' dir='ltr'><strong>exinde</strong></span> <span class='ocrx_word' id='word_1_742' title='bbox 2717 5586 2958 5643; x_wconf 90' lang='lat' dir='ltr'><strong>mutilus</strong></span> <span class='ocrx_word' id='word_1_743' title='bbox 2988 5594 3077 5645; x_wconf 91' lang='lat' dir='ltr'><strong>est</strong></span> <span class='ocrx_word' id='word_1_744' title='bbox 3102 5590 3301 5645; x_wconf 88' lang='lat' dir='ltr'><strong>codex.</strong></span> 
     </span>
    </p>
   </div>
   <div class='ocr_carea' id='block_1_97' title="bbox 2164 5660 3743 5733">
    <p class='ocr_par' dir='ltr' id='par_1_97' title="bbox 2164 5660 3743 5733">
     <span class='ocr_line' id='line_1_100' title="bbox 2164 5660 3743 5733; baseline 0.008 -19"><span class='ocrx_word' id='word_1_745' title='bbox 2164 5663 2240 5732; x_wconf 93' lang='lat'><strong>(7)</strong></span> <span class='ocrx_word' id='word_1_746' title='bbox 2270 5661 2330 5718; x_wconf 93' lang='lat' dir='ltr'><strong>S.</strong></span> <span class='ocrx_word' id='word_1_747' title='bbox 2362 5660 2454 5730; x_wconf 74' lang='grc' dir='ltr'>ϐ..</span> <span class='ocrx_word' id='word_1_748' title='bbox 2489 5661 2933 5733; x_wconf 79' lang='lat' dir='ltr'><strong>Unamquamque</strong></span> <span class='ocrx_word' id='word_1_749' title='bbox 2970 5676 3261 5733; x_wconf 77' lang='lat' dir='ltr'><strong>personam</strong></span> <span class='ocrx_word' id='word_1_750' title='bbox 3292 5667 3342 5720; x_wconf 75' lang='lat' dir='ltr'><strong>et</strong></span> <span class='ocrx_word' id='word_1_751' title='bbox 3370 5664 3662 5723; x_wconf 78' lang='lat' dir='ltr'><strong>Dominum</strong></span> <span class='ocrx_word' id='word_1_752' title='bbox 3689 5672 3743 5727; x_wconf 76' lang='lat' dir='ltr'><strong>et</strong></span> 
     </span>
    </p>
   </div>
   <div class='ocr_carea' id='block_1_98' title="bbox 2094 5738 2290 5790">
    <p class='ocr_par' dir='ltr' id='par_1_98' title="bbox 2094 5738 2290 5790">
     <span class='ocr_line' id='line_1_101' title="bbox 2094 5738 2290 5790; baseline -0.01 0"><span class='ocrx_word' id='word_1_753' title='bbox 2094 5738 2290 5790; x_wconf 81' lang='lat' dir='ltr'><strong>Deum.</strong></span> 
     </span>
    </p>
   </div>
   <div class='ocr_carea' id='block_1_99' title="bbox 330 5803 2091 5882">
    <p class='ocr_par' dir='ltr' id='par_1_99' title="bbox 330 5803 2091 5882">
     <span class='ocr_line' id='line_1_102' title="bbox 330 5803 2091 5882; baseline -0.007 -12"><span class='ocrx_word' id='word_1_754' title='bbox 330 5803 524 5871; x_wconf 63' lang='lat' dir='ltr'><strong>Iolu&#39;m</strong></span> <span class='ocrx_word' id='word_1_755' title='bbox 558 5803 942 5866; x_wconf 82' lang='lat' dir='ltr'><strong>habet.Palat.</strong></span> <span class='ocrx_word' id='word_1_756' title='bbox 975 5808 1000 5863; x_wconf 89' lang='grc'><strong>1</strong></span> <span class='ocrx_word' id='word_1_757' title='bbox 1037 5805 1210 5880; x_wconf 84' lang='lat' dir='ltr'><strong>paulo</strong></span> <span class='ocrx_word' id='word_1_758' title='bbox 1240 5803 1372 5879; x_wconf 80' lang='lat' dir='ltr'><strong>post</strong></span> <span class='ocrx_word' id='word_1_759' title='bbox 1400 5803 1635 5864; x_wconf 86' lang='lat' dir='ltr'><strong>initium</strong></span> <span class='ocrx_word' id='word_1_760' title='bbox 1668 5803 1987 5882; x_wconf 75' lang='lat' dir='ltr'><strong>habet,llp6</strong></span> <span class='ocrx_word' id='word_1_761' title='bbox 2014 5812 2091 5823; x_wconf 79' lang='lat'><strong>&quot;‘</strong></span> 
     </span>
    </p>
   </div>
  </div>
