4162 6398
399 428 551 489 1585

1605 425 2041 491 SYMBOLUM
2087 426 2568 500 QUICUNQUE.

3657 422 3814 484 1586

1733 591 2063 649 SECUNDA
2106 589 2352 646 FORMU
2362 591 2471 645 LA.

394 711 499 763 Τοῦ
532 706 583 762 ὲν
610 706 789 783 ἀγίοις
822 708 1031 785 Πατρὸς
1059 712 1217 783 ἡμῶν
1252 710 1572 765 ’ΛΘανασίου
1603 714 1699 764 τοῦ
1737 706 1980 795 μεγάλου
2016 703 2293 833 ὁμοιὶλργία
2322 712 2423 775 τῆς
2449 703 2755 775 καθολικῆς
2786 706 3016 768 πίστεως
3064 707 3125 774 ἢν
3176 701 3345 759 ἔδωκε
3381 702 3521 775 πρὸς
3575 700 3809 759 Ἰούλιον

1877 800 2055 833 παπαν
2148 799 2325 833 (nunc.

1877 800 2055 833 παπαν
2107 799 2325 851 νωμης.

463 935 549 1002 Τῷ
580 930 791 994 θέλοντι
824 941 1062 1003 σωθῆναι
1113 935 1219 1010 πρὸ
1270 934 1483 989 πάντων
1536 933 1741 1008 ἀνάγκη
1799 935 1899 1001 τὴν
1946 954 2039 987 κα·
2073 936 2125 1000 Α
2159 952 2300 1002 ματα
2332 930 2473 1006 ἆγια.
2510 929 2668 985 Ἀλλ’
2692 929 2743 984 ἐν
2773 931 2941 1003 ταύτῃ
2984 933 3053 994 τῆ
3102 925 3287 1004 Τριάδι
3334 925 3489 981 οὐδὲν
3542 924 3808 999 πρότερον

391 1018 619 1088 Θολικὴν
681 1022 857 1076 πίστιν
919 1022 1191 1099 κατέχειν·
1254 1026 1313 1092 ἢν
1348 1024 1393 1079 εἴ
1430 1025 1503 1096 μή
1536 1045 1620 1085 τις
1653 1023 1899 1099 ἀκεραίαν
1958 1022 2047 1075 καὶ
2159 1021 2192 1088 ἢ
2228 1019 2476 1095 ὕστερον,
2507 1017 2657 1074 οὐδὲν
2695 1025 2879 1092 μεῖζον
2910 1020 2945 1087 ἢ
2993 1016 3236 1073 ἓλαττονο
3283 1014 3429 1071 ἀλλὰ
3467 1014 3592 1090 τρία
3636 1013 3807 1089 πρόσ-

393 1107 837 1183 ἀπαράθραυστον
888 1114 1294 1186 συντηρήσειεν,
1359 1107 1751 1189 ἀναμφιϐόΛως
1821 1111 1896 1173 είς
1954 1112 2045 1165 τὸν
2158 1130 2280 1163 ωπα
2312 1108 2553 1163 συναίδια
2584 1110 2799 1171 ἑαυτοῖς
2833 1108 2965 1176 ἐστι,
2998 1107 3086 1162 καὶ
3144 1104 3232 1160 διὰ
3278 1105 3491 1159 πάντων
3544 1104 3654 1161 ἳσα.
3703 1102 3808 1160 01‘5-

390 1196 566 1251 αίῶνα
617 1198 921 1272 ἀπογεῖται.
981 1200 1127 1269 Αὕτη
1190 1198 1246 1255 δὲ
1293 1200 1432 1255 ἐστιν
1474 1204 1508 1269 ἡ
1540 1200 1807 1267 καθολικὴ
1841 1199 2043 1271 πίστις,

386 1284 481 1340 ’ὲνα
541 1287 669 1341 Θεὸν
726 1287 776 1341 ἐν
826 1287 1034 1362 Τριάδι,
1092 1289 1182 1343 καὶ
1252 1288 1451 1365 Τριάδα
1506 1289 1556 1344 ἰν
1620 1288 1810 1363 μονάδι
1870 1284 2042 1344 σέϐειν

389 1377 558 1447 ἡμᾶς,
619 1378 759 1447 μήτε
806 1379 871 1431 τὰ
918 1378 1185 1453 πρόσωπα
1243 1377 1592 1454 συγχέοντας,
1648 1381 1785 1451 μήτε
1814 1379 1912 1446 τήν
1946 1377 2042 1433 ού-

387 1464 503 1518 σίαν
566 1462 927 1541 διαιροῦντας.
989 1466 1170 1523 ’Ἄλλο
1228 1468 1329 1543 γάρ
1396 1469 1505 1523 ἐστι
1563 1470 1625 1522 τὸ
1683 1466 1778 1523 τοῦ
1830 1468 2039 1542 Πατρὸς

384 1553 699 1629 πρόσωπον,
761 1554 899 1610 ἄλλο
954 1557 1017 1611 τὸ
1069 1562 1166 1611 τοῦ
1224 1560 1373 1625 ι’ῖοῦ,
1434 1556 1575 1613 ἄλλο
1632 1560 1694 1611 τὸ
1741 1562 1837 1612 τοῦ
1882 1557 2038 1631 ἁγίου

387 1642 718 1716 Πνεύματος.
777 1643 951 1701 Ἀλλὰ
996 1651 1093 1701 τοῦ
1144 1646 1351 1722 Πατρὸς
1401 1648 1489 1701 καὶ
1539 1652 1634 1700 τοῦ
1667 1644 1792 1700 Υἱοῦ
1823 1646 2037 1701 καὶτοῦ

388 1731 548 1805 ἁγίου
596 1731 910 1805 Πνεύματος
971 1735 1067 1807 μία
1125 1734 1235 1789 ἐστὶ
1286 1736 1496 1805 θεότης,
1548 1733 1641 1808 ’ίσῃ
1675 1732 1821 1806 δόξα,
1854 1733 2035 1788 συναί-

386 1818 503 1882 διος
551 1818 935 1896 μεγαλειότης.
986 1825 1116 1886 Οῖος
1179 1826 1206 1879 6
1266 1826 1477 1897 Πατὴρ,
1533 1829 1779 1886 τοιοῦτος
1810 1825 1837 1879 6
1889 1824 2033 1891 Υἱὸς,

383 1913 631 1965 τοιοῦτον
681 1912 743 1965 τὸ
802 1917 1019 1985 Πνεῦμα
1073 1914 1135 1968 τὸ
1200 1913 1374 1989 ἅγιον.
1430 1915 1715 1975 ’Δκτιστος
1764 1915 1791 1968 6
1824 1914 2031 1988 Πατήρ,

386 1996 635 2061 ἅκτιστος
704 2001 732 2053 6
810 2001 954 2068 Υἱὸς,
1031 2003 1277 2057 ἄκτιστον
1346 2003 1410 2057 τὸ
1469 2007 1684 2074 Πνεῦμα
1739 2002 1803 2057 τὸ
1860 2002 2029 2078 ἅγιον.

384 2088 642 2164 Ἀπειρος
676 2089 704 2144 6
738 2092 947 2165 Πατὴρ,
982 2089 1201 2167 ἄπειρος
1232 2092 1260 2145 6
1292 2092 1437 2163 Υἱὸς,
1470 2089 1690 2168 ἄπειρον
1722 2092 1783 2147 τὸ
1814 2096 2032 2164 Πνεῦμα

378 2176 440 2231 τὸ
474 2177 648 2253 aylov.
684 2176 889 2241 Ἀίδιος
923 2181 950 2234 6
983 2181 1193 2255 Πατὴρ,
1226 2177 1407 2242 ἀίδιος
1456 2182 1483 2235 6
1533 2180 1680 2248 Υἱὸς,
1739 2178 1911 2234 ἀίδιον
1966 2180 2030 2235 τὸ

2154 1219 2263 1260 τως
2313 1200 2385 1260 ὡς
2443 1200 2579 1253 κατά
2634 1198 2828 1266 πάντα,
2880 1198 3058 1261 καθὼς
3114 1193 3224 1265 ἤδη
3269 1192 3512 1265 εἷ’πομεν,
3570 1196 3660 1246 καί
3707 1192 3805 1259 τὴν

2153 1286 2351 1361 Τριάδα
2385 1287 2435 1342 ἰν
2480 1288 2547 1361 τῇ
2573 1285 2790 1361 μονάδι,
2821 1286 2910 1341 καὶ
2940 1288 3039 1354 τήν
3085 1281 3293 1359 μονάδα
3323 1282 3374 1337 ἰν
3402 1289 3469 1351 τῆ
3503 1278 3689 1356 Τριάδι
3722 1278 3806 1334 σὲ-

2154 1371 2264 1431 6ειν
2298 1380 2463 1449 ἡμᾶς.
2496 1383 2550 1430 'O
2595 1374 2932 1451 βουλόμενος
2963 1374 3141 1428 τοίνυν
3176 1374 3441 1442 σωθῆναι,
3490 1369 3634 1424 οὕτω
3681 1368 3805 1441 περὶ

2148 1466 2245 1533 τῆς
2278 1463 2513 1537 Τριάδος
2545 1465 2829 1543 φρονείτω.

2223 1555 2533 1630 Ἀναγκαῖον
2593 1553 2649 1610 δὲ
2698 1554 2834 1627 πρὸς
2888 1554 2988 1622 τήν
3060 1550 3278 1607 αἶ’ώνιον
3343 1547 3633 1624 σωτηρίαν,
3709 1547 3799 1603 καὶ

2145 1644 2244 1711 τήν
2302 1648 2397 1697 τοῦ
2458 1643 2655 1712 Κυρίου
2726 1646 2884 1715 ἡμῶν
2962 1643 3140 1711 Ἰησοῦ
3217 1636 3451 1715 Χριστοῦ
3528 1637 3795 1713 σάρκωσιν

2144 1738 2347 1795 πιστῶς
2413 1734 2679 1809 κατέχειν.
2747 1735 2897 1787 Ἔστι
2956 1732 3134 1787 τοίνυν
3200 1726 3393 1807 βεϐαία
3449 1728 3648 1801 πίστις,
3701 1726 3795 1781 ’ίνα

2142 1822 2482 1896 πιστεύωμεν
2540 1824 2630 1878 καὶ
2688 1820 3057 1897 ὁμολογῶμεν
3087 1821 3179 1876 τὸν
3235 1820 3434 1895 Κύριον
3488 1821 3648 1891 ἡμῶν
3681 1818 3792 1886 Ἰη-

2142 1916 2267 1965 σοῦν
2297 1914 2523 1987 Χριστὸν
2557 1913 2646 1967 τὸν
2681 1913 2801 1967 Υἱὸν
2832 1916 2929 1966 τοῦ
2979 1915 3135 1977 Θεοῦ,
3184 1908 3313 1965 Θεὸν
3365 1908 3452 1963 καὶ
3506 1906 3787 1983 ἄνθρωπον

2142 2000 2300 2056 εἶναι.
2336 2002 2463 2055 Θεὸν
2510 2000 2570 2055 ix
2613 2008 2713 2071 τῆς
2764 2000 2947 2062 οὐσίας
2984 2004 3082 2055 τοῦ
3113 2002 3269 2070 Θεοῦ,
3302 1997 3407 2072 πρὸ
3434 2000 3541 2051 τῶν
3574 1995 3788 2049 αίώνων

2140 2092 2485 2165 γεννηθέντα·
2544 2088 2753 2145 τέλειον
2812 2090 2940 2146 Θεὸν
2991 2088 3080 2143 καὶ
3130 2086 3340 2143 τὲλειον
3396 2087 3701 2161 ἄνθρωπον,
3732 2083 3792 2139 ἰκ

2138 2183 2323 2255 ψυχῆς
2379 2179 2610 2255 λογικῆς
2666 2178 2753 2234 καὶ
2813 2177 3159 2251 ἀνθρωπίνης
3217 2175 3412 2252 σαρκὸς
3470 2175 3784 2251 ὑφεστῶτα·

380 2271 595 2341 Πνεῦμα
636 2268 695 2322 τὸ
742 2269 918 2342 ἅγιον.
972 2269 1047 2326 Ού
1101 2272 1207 2342 μὴν
1254 2272 1397 2345 τρεῖς
1430 2268 1621 2338 ἀίδιοι,
1679 2268 1806 2323 ἀλλ’
1838 2272 1913 2332 εἷς
1944 2269 2025 2324 ἀί·
2057 2311 2104 2376 Β
2138 2270 2249 2326 ἴσον
2308 2276 2387 2344 τῷ
2466 2272 2633 2348 Πατρὶ
2706 2274 2841 2326 κατὰ
2903 2273 3001 2339 τὴν
3062 2270 3310 2339 Θεότητα,
3371 2268 3633 2323 ἆλάττονα
3687 2271 3784 2321 τοῦ

383 2352 407 2376 δ
550 2356 619 2376 Λτν
808 2356 879 2376 ’δκ
1016 2364 1037 2375 υ
1116 2357 1139 2376 ν
1466 2359 1477 2376 ἳ
1688 2364 1711 2375 ν
1793 2357 1816 2376 ν
2138 2367 2179 2376 ο-
2294 2362 2305 2376 \
2510 2362 2522 2376 \
2633 2362 2646 2376 \
2759 2363 2773 2376 ς
2815 2363 2839 2376 Α
2986 2361 2997 2376 1
3220 2360 3287 2376 un
3432 2356 3446 2376 ,
3587 2357 3601 2376 \
3655 2363 3688 2376 Α
3735 2355 3750 2376 Ι

379 2352 515 2417 διος.
548 2356 732 2419 Οὕτως
764 2356 889 2413 οὐδὲ
920 2364 1064 2431 τρεῖς
1110 2357 1373 2426 ἄκτιστοι,
1423 2359 1545 2414 οὐτε
1593 2364 1736 2434 τρεῖς
1788 2357 2021 2434 ἄπειροι,

377 2442 504 2499 ἀλλ’
557 2445 628 2507 εἶς
680 2445 946 2516 ἄκτιστος,
996 2448 1071 2509 είς
1124 2446 1365 2524 ἄπειρος.
1414 2447 1648 2522 Ὁμοίως
1698 2445 2027 2502 παντοδύνα-

382 2554 483 2606 μος
515 2534 543 2588 6
587 2536 793 2609 Πατὴρ,
825 2534 1231 2610 παντοδύναμος
1266 2538 1293 2591 6
1324 2538 1468 2605 Υἱὸς,
1502 2534 1910 2611 παντοδύναμον
1960 2538 2022 2592 τὸ

380 2628 600 2695 Πνεῦμα
640 2623 701 2679 τό
754 2628 928 2699 ἅγιον·
984 2626 1049 2679 οὐ
1100 2628 1205 2699 μὴν
1236 2633 1381 2701 τρεῖς
1414 2625 1839 2699 παντοδύναμοι,
1896 2625 2023 2681 ἀλλ’

380 2713 456 2774 εἷς
507 2712 941 2788 παντοδύναμος.
999 2715 1158 2773 Οὕτω
1210 2717 1298 2771 καὶ
1348 2718 1477 2779 Θεὸς
1528 2717 1555 2771 6
1589 2718 1797 2792 Πατὴρ,
1831 2717 1959 2779 Θεὸς
1994 2719 2021 2771 6

377 2802 521 2870 Υἱὸς,
567 2803 697 2864 Θεὸς
754 2804 816 2858 τὸ
862 2810 1077 2879 Πνεῦμα
1122 2807 1184 2860 τὸ
1233 2807 1404 2882 ἅγιον·
1447 2805 1509 2861 ού
1545 2807 1650 2879 μὴν
1708 2811 1853 2882 τρεῖς
1885 2806 2019 2880 θεοῖ,

378 2889 504 2945 ἀλλ’
536 2892 610 2953 εἷς
642 2892 795 2954 Θεός.
820 2892 974 2948 Οὕτω
1006 2894 1201 2970 Κύριος
1234 2896 1261 2949 6
1296 2896 1502 2969 Πατὴρ,
1554 2894 1747 2968 Κύριος
1798 2896 1826 2950 6
1875 2897 2019 2963 Υἱὸς,

375 2978 572 3054 Κύριος
624 2984 686 3037 τὸ
746 2987 961 3055 Πνεῦμα
1014 2985 1076 3037 τὸ
1126 2985 1297 3059 ἅγιον·
1352 2983 1413 3038 ού
1468 2984 1573 3057 μὴν
1622 2990 1769 3058 τρεῖς
1816 2984 2019 3061 κύριοι,

372 3068 501 3127 ἀλλ’
559 3075 635 3135 εἷς
680 3076 893 3149 Κύριος·
950 3074 1063 3130 ὶπεῖ
1113 3078 1294 3139 καθὼς
1319 3072 1543 3130 ἕκαστον
1572 3080 1678 3130 τῶν
1710 3079 2019 3152 προσώπων

371 3162 525 3235 Θεὸν,
556 3164 592 3231 ἢ
627 3164 824 3240 Κύριον
859 3163 1155 3240 ὁμολογεῖν
1190 3166 1294 3221 ὑπὸ
1321 3167 1423 3236 τής
1475 3172 1856 3242 Χριστιανικῆς
1890 3167 2024 3238 ἀλη-

370 3250 515 3314 θείας
546 3253 979 3327 ἀναγκαζόμεθα,
1014 3254 1156 3309 οὕτω
1193 3255 1282 3309 καὶ
1313 3260 1460 3328 τρεῖς
1518 3254 1674 3319 θεοὺς
1716 3257 1749 3324 ἢ
1800 3256 2019 3332 κυρίως

370 3338 552 3415 λέγειν
602 3344 637 3410 ἡ
691 3340 960 3411 καθολικη
1011 3344 1267 3419 Θρησκεία
1313 3343 1539 3400 κωλύει.
1592 3345 1647 3397 Ὀ
1690 3346 1876 3420 Πατήρ
1906 3344 2020 3400 τοί-

370 3449 461 3483 νυν
502 3430 590 3484 ὑπ⁹
635 3428 852 3492 οὐδενὸς
902 3428 1024 3486 οὕτε
1072 3431 1386 3503 πεποίηται,
1439 3430 1562 3488 οὕτε
1609 3432 1865 3503 ἔκτισται,
1900 3432 2023 3489 οὕτε

371 3520 705 3594 γεγέννηται.
780 3519 957 3582 Μόνος
1036 3522 1159 3583 Υἱὸς
1228 3522 1376 3595 παρά
1430 3526 1527 3576 τοῦ
1584 3523 1791 3598 Πατρὸς
1854 3518 2021 3595 μόνου

370 3603 511 3660 ἐστὶν
570 3606 632 3661 οὐ
691 3608 964 3677 ποιηθεὶς,
1045 3609 1105 3663 ού
1180 3608 1431 3681 στισθεὶς,
1506 3609 1652 3666 ἀλλὰ
1724 3610 2019 3686 γεννηθείς.

2138 2362 2345 2437 Πατρὸς
2399 2362 2533 2417 κατὰ
2586 2362 2686 2430 τὴν
2748 2361 3157 2437 ἀνθρωπότητα.
3220 2360 3343 2427 ”Ος,
3402 2356 3449 2411 εἰ
3514 2357 3601 2411 καὶ
3651 2355 3781 2417 Θεός

2134 2450 2241 2506 ἐστι
2288 2450 2377 2505 καὶ
2436 2448 2740 2525 ἄνθρωπος,
2800 2451 2861 2505 ού
2917 2451 2993 2524 μὴ
3046 2446 3163 2519 δύο,
3210 2446 3337 2503 ἀλλ’
3368 2446 3442 2509 εἷς
3474 2446 3585 2501 ἐστι
3644 2452 3777 2519 Χρι-

2132 2540 2277 2602 στός·
2340 2542 2413 2603 εἷς
2474 2538 2551 2611 δὲ,
2606 2540 2667 2596 ού
2720 2543 2817 2609 τῆς
2866 2540 3121 2609 θεότητος
3191 2532 3623 2613 μεταϐληθείσης
3700 2534 3776 2598 είς

2133 2629 2321 2705 σάρκα,
2355 2628 2500 2684 ἀλλά
2528 2636 2629 2699 τῆς
2659 2628 3078 2705 ἀνθρωπότητος
3112 2628 3214 2683 ὑπὸ
3272 2624 3370 2683 τοῦ
3422 2631 3555 2682 Θεοῦ
3601 2646 3776 2701 προσ-

2132 2716 2449 2794 ληφθείσηςι
2504 2720 2580 2780 εἷς
2633 2717 2938 2786 παντελῶς,
2996 2717 3058 2772 ού
3131 2720 3330 2795 φυρμῷ
3399 2723 3499 2786 τῆς
3570 2714 3778 2787 οὐσίας,

2130 2808 2278 2863 ἀλλὰ
2323 2812 2390 2881 τῇ
2449 2812 2545 2863 τοῦ
2592 2810 2894 2884 προσώπου
2943 2806 3177 2877 ἐνότητι.
3235 2809 3438 2882 Ὥσπερ
3477 2806 3581 2880 γὰρ
3612 2807 3647 2874 ἠ
3679 2802 3782 2859 λοο

2130 2899 2260 2975 γικὴ
2293 2899 2447 2973 ψυχὴ
2501 2897 2589 2952 καὶ
2622 2900 2656 2967 ἡ
2692 2897 2821 2972 σὰρξ
2856 2896 2930 2959 εἷς
2964 2895 3103 2951 ἐστιν
3137 2894 3445 2970 ἄνθρωπος,
3499 2894 3643 2948 οὕτω
3693 2893 3783 2947 καὶ

2134 2988 2161 3041 6
2194 2988 2323 3049 Θεὸς
2372 2987 2461 3041 καὶ
2512 2986 2795 3059 ἄνθρωπος
2846 2988 2922 3048 εἷς
2973 2984 3080 3040 ἐστι
3129 2984 3383 3058 Χριστός’
3433 2983 3618 3048 παθὼν
3655 2983 3786 3055 ὑπὶρ

2129 3084 2230 3145 τῆς
2263 3076 2533 3152 σωτηρίας
2562 3079 2745 3149 ἡμῶν.
2795 3076 3072 3139 κατελθὼν
3116 3074 3191 3136 εἷς
3222 3075 3312 3129 τὸν
3343 3068 3503 3144 ᾅδην,
3531 3076 3602 3145 τῇ
3632 3071 3790 3147 τρίτῃ

2132 3167 2313 3239 ἡμέρᾳ
2351 3165 2410 3221 ἐκ
2438 3170 2543 3220 τῶν
2571 3169 2773 3241 νεκρῶν
2806 3165 3058 3234 ἀναστὰς,
3108 3164 3198 3218 καὶ
3242 3163 3481 3218 ἀνελθὼν
3533 3160 3608 3224 είς
3661 3160 3788 3223 τοὺς

2133 3255 2415 3329 οὐρανοὺς,
2466 3255 2555 3309 καὶ
2600 3256 2904 3327 καθήμενος
2938 3253 2997 3308 ἐκ
3029 3251 3213 3326 δεξιῶν
3246 3257 3341 3307 τοῦ
3371 3248 3788 3324 παντοδυνάμου

2133 3349 2267 3401 Θεοῦ
2324 3344 2414 3399 καὶ
2465 3345 2696 3418 Πατρὸς,
2752 3343 2949 3398 ἐκεῖθεν
3012 3342 3155 3412 ἥξων
3214 3347 3389 3417 κρῖναι
3449 3346 3649 3411 ζῶντας
3697 3338 3787 3394 καὶ

2129 3434 2375 3509 νεκρούς·
2425 3434 2486 3487 οὗ
2518 3434 2653 3509 πρὸς
2686 3434 2785 3501 τήν
2836 3431 3132 3506 παρουσίαν
3180 3430 3375 3492 πάντες
3425 3431 3477 3484 οἱ
3509 3428 3784 3505 ἄνθρωποι

2130 3522 2523 3593 ἀναστήσονται
2559 3521 2693 3594 μετὰ
2745 3525 2853 3575 τῶν
2889 3517 3038 3574 ἰδίων
3089 3520 3357 3592 σωμάτων
3408 3515 3783 3579 ἀποδώσοντες

2132 3608 2298 3687 λόγον
2330 3610 2451 3685 περὶ
2483 3615 2589 3665 τῶν
2619 3607 2787 3686 ἔργων
2820 3609 3017 3664 αὐτῶν.
3049 3609 3113 3662 Οἱ
3146 3608 3241 3681 μὲν
3274 3608 3363 3663 οὗν
3416 3608 3589 3681 ἀγαθά
3639 3608 3784 3681 πρά-

367 3694 441 3749 Τὸ
497 3699 718 3769 Πνεῦμα
771 3697 835 3752 τὸ
884 3699 1037 3771 ἅγιον
1086 3699 1231 3772 παρά
1276 3701 1432 3757 ϐθθ
1488 3701 1696 3775 Πατρὸς
1752 3700 1842 3755 καὶ
1892 3701 2019 3755 Υίοῦ
2051 3688 2094 3755 (2⁸.
2132 3701 2310 3772 ξαντες
2361 3700 2438 3761 εἷς
2485 3701 2585 3769 τὴν
2637 3699 2856 3753 αἰώνιον
2906 3696 3287 3754 ἀπελεύσονται
3348 3697 3515 3767 ζωὴν,
3548 3696 3601 3751 οὶ
3632 3693 3689 3751 δδ
3716 3696 3784 3751 τὰ

370 3782 433 3838 ού
462 3785 712 3854 ποιηθὶν,
747 3784 809 3839 ού
839 3788 1074 3855 κτισθὲν,
1115 3786 1178 3841 ού
1228 3788 1502 3862 γεννηθὶν,
1552 3786 1680 3845 ἀλλ’
1738 3788 2024 3867 ἐκπορευό-

372 3894 553 3946 μενον.
588 3874 701 3947 (14)
730 3873 825 3936 Εἷς
850 3876 1028 3929 τοίνυν
1062 3876 1273 3949 Πατὴρ,
1316 3876 1378 3931 ού
1435 3882 1582 3952 τρεῖς
1634 3879 1885 3954 πατέρες
1944 3878 2019 3941 ε’ίς

368 3961 398 4017 6
430 3962 579 4034 Υὶὸσ,
613 3962 675 4019 ού
703 3968 849 4039 τρεῖς
882 3962 1013 4019 υἱοίο
1043 3960 1097 4020 ἓν
1144 3969 1364 4039 Πνεῦμα
1393 3965 1568 4041 ἅγιον,
1601 3965 1662 4021 ού
1692 3966 1817 4043 τρία
1860 3967 2020 4022 πνεύ-

2134 3789 2316 3868 φαῦλα
2355 3790 2429 3851 είς
2466 3790 2531 3844 τὸ
2560 3793 2666 3863 πῦρ
2696 3790 2759 3843 τὸ
2786 3788 3024 3844 αἰώνιον.
3060 3786 3206 3857 Αὕτη
3235 3785 3374 3841 εστὶν
3424 3788 3460 3856 ἡ
3509 3784 3778 3854 καθολικὴ

2132 3879 2336 3947 πίστις,
2392 3878 2457 3948 ἧν
2511 3878 2556 3933 εί
2591 3878 2667 3951 μή
2696 3899 2781 3939 τις
2812 3881 3018 3940 πιστῶς
3040 3878 3129 3931 καὶ
3164 3871 3395 3953 βεϐαίως
3426 3875 3779 3943 πιστεύσειεν,

2133 3968 2243 4043 οὐχ
2273 3966 2387 4030 οἷός
2416 3987 2476 4023 τε
2504 3964 2652 4023 ἔσται
2682 3968 2943 4036 σωθῆναι.

1746 4280 2018 4337 TLRTIA
2060 4280 2410 4339 FORMULA.

632 4392 880 4455 Ἔκθεσὶς
914 4390 1217 4469 ὁμολογίας
1243 4400 1344 4465 τῆς
1363 4393 1665 4465 καθολικῆς
1694 4394 1923 4458 πίστεως
1951 4400 2048 4451 τοῦ
2080 4395 2321 4473 μεγάλου
2353 4394 2674 4461 ’Δθανασίου
2704 4396 3049 4472 πατριάρχου
3076 4391 3501 4470 Ἀλεξανδρείας.

438 4558 626 4617 Ὅστις
658 4555 717 4609 ἂν
756 4552 1024 4629 βούληται
1055 4557 1171 4629 (15)
1204 4558 1469 4627 σωθῆναι,
1510 4556 1617 4632 πρὸ
1660 4558 1873 4612 πάντων
1908 4557 2021 4633 χρὴ
2053 4563 2100 4628 D
2128 4562 2225 4613 τοῦ
2263 4556 2409 4627 Υἱοῦ,
2452 4554 2597 4627 ἄλλη
2619 4561 2717 4611 τοῦ
2748 4556 2903 4632 ἁγίου
2934 4553 3268 4629 Πνεύματος.

364 4648 579 4719 κρατεῖν
626 4644 726 4713 τὴν
755 4643 1055 4713 καθολικὴν
1088 4645 1288 4699 πίστιν’
1317 4648 1383 4716 ἣν
1438 4646 1483 4701 εί
1537 4648 1612 4719 μὴ
1665 4646 1740 4709 εἷς
1798 4648 2020 4709 ἕκαστος

364 4734 509 4788 σώαν
552 4732 639 4787 καὶ
689 4732 996 4805 ἀμώμητον
1040 4736 1258 4809 τηρήσῃ
1291 4738 1423 4809 (16),
1456 4733 1580 4790 ἄνευ
1609 4732 1909 4812 δισταγμοῦ
1943 4737 2020 4799 εἷς

361 4822 456 4876 τὸν
486 4821 656 4876 αΐῶνα
682 4819 988 4877 ἀπολεῖται.

438 4910 624 4973 Πίστις
654 4907 713 4965 δὶ
750 4912 785 4979 ἡ
830 4908 1099 4979 καθολική
1133 4906 1267 4981 αὕτη
1323 4911 1487 4979 ἰστίν,
1515 4910 1608 4967 ’ίνα
1666 4912 1753 4969 ἐνα
1783 4915 1911 4971 Θεὸν
1968 4914 2019 4969 ἐν

368 4996 579 5074 Τριάδι,
628 5000 719 5054 καὶ
765 4996 967 5073 Τριάδα
1014 4998 1066 5055 ἄν
1122 4998 1315 5073 μονάδι
1360 4995 1664 5075 σεϐώμεθα,
1728 5004 1867 5076 μήτε
1897 5024 2024 5081 συγ-

368 5086 589 5163 χίοντες
637 5086 733 5149 τὰς
783 5087 1121 5161 ὑποστάσεις,
1182 5091 1320 5163 μήτε
1362 5091 1465 5158 τήν
1524 5090 1705 5147 οὐσίαν
1755 5089 2021 5167 διαχωρί-

371 5181 546 5246 ζοντες
577 5179 712 5251 (17).

437 5263 622 5337 Ἀλλη
674 5267 777 5342 γάρ
828 5264 969 5322 ἰστιν
1020 5268 1055 5337 ἡ
1099 5266 1389 5331 ὑπόστασις
1446 5272 1542 5323 τοῦ
1583 5269 1815 5344 Πατρὸς,
1874 5267 2021 5341 άλλη

434 5472 549 5597 (14)
576 5471 641 5527 In
673 5472 895 5599 εἶποξο
955 5473 1290 5530 Florentino.
1338 5479 1478 5533 tom.
1531 5476 1677 5542 X111,
1710 5492 1841 5549 pag.
1874 5478 2016 5533 703:

368 5544 431 5624 Ἀ
468 5543 683 5624 figo:
745 5542 1172 5624 v‘m'6polgy6q
1200 5552 1300 5624 τῆς
1342 5546 1536 5624 ἑαυτοῦ
1584 5548 1817 5624 πίστεώς
1841 5566 2018 5624 ’φησις

368 5616 439 5671 Τὸ
471 5618 695 5687 Πνεῦμα
737 5614 801 5671 τὸ
845 5614 1003 5687 ἅγιον
1042 5614 1159 5687 ,ἀπὸ
1179 5622 1277 5671 τοῦ
1318 5620 1525 5687 Πατρὸς
1554 5620 1642 5675 καὶ
1672 5624 1767 5675 τοῦ
1799 5614 1936 5674 Υἰὸῦή
1957 5618 2018 5674 ού

372 5686 707 5755 ποιητὸνοὐ
736 5686 975 5758 κτιστὸν,
1005 5686 1132 5743 ἀλλ’
1162 5686 1503 5758 ἆκπορευτὸν.

446 5760 556 5834 (15)
590 5759 822 5818 Honrio.
853 5760 1078 5835 Steph.,
1111 5758 1256 5824 ὅστις
1290 5758 1562 5835 βούλεται.

2201 4645 2377 4703 ’Λλλὰ
2418 4646 2647 4722 Πατρὸς,
2679 4646 2769 4700 καὶ
2799 4646 2949 4716 Υῖοῦ,
2999 4644 3087 4699 καὶ
3120 4642 3279 4718 ἁγίου
3311 4643 3647 4717 Πνεύματος,
3683 4644 3783 4717 μία

2130 4736 2270 4792 ἐστὶν
2322 4739 2357 4805 ἡ
2422 4735 2636 4808 Θεότης,
2692 4735 2789 4809 μία
2838 4733 2977 4790 ἐστὶν
3027 4742 3062 4804 η
3114 4730 3242 4805 δόξα
3270 4736 3405 4808 (18),
3436 4730 3709 4797 συναΐδιος
3742 4735 3778 4806 ἡ

2135 4824 2512 4901 μεγαλειότης.

2203 4916 2329 4977 Οῖος
2364 4914 2393 4969 6
2425 4915 2634 4989 Πατὴρ,
2682 4918 2928 4976 τοιοῦτος
2958 4915 2986 4969 6
3019 4913 3163 4981 Υἱὸς,
3194 4915 3442 4968 τοιοῦτον
3467 4910 3531 4967 τὸ
3560 4915 3781 4985 Πνεῦμα

2130 5005 2192 5059 τὸ
2224 5003 2398 5060 ἆγιον.

2299 5025 2398 5060 ιον.

2204 5025 2492 5155 ’ἰγκτιστος
2534 5094 2563 5148 6
2604 5093 2813 5168 Πατὴρ,
2846 5090 3097 5154 ἄκτιστος
3128 5094 3157 5146 6
3206 5091 3350 5162 Υἱὸς,
3394 5086 3644 5147 ἅκτιστον
3693 5090 3787 5147 καὶ

2132 5185 2244 5257 (19)
2274 5184 2337 5236 τὸ
2365 5186 2587 5255 Πνεῦμα
2613 5182 2676 5237 τὸ
2707 5183 2879 5258 ἅγιον.

2207 5269 2619 5341 Ἀκατάληπτος
2696 5271 2725 5325 6
2800 5271 3011 5346 Πατὴρ,
3089 5266 3474 5337 ἀκατάληπτος
3562 5269 3591 5325 6
3638 5268 3788 5338 Υἱὸς,

2229 5479 2317 5549 16)
2348 5478 2587 5544 Concil.,
2618 5476 2929 5549 τηρήσειεν.

2231 5548 2315 5623 17)
2347 5551 2531 5616 Alius,
2570 5548 2899 5623 μερίζοντες.

2200 5614 2316 5694 (18)
2347 5614 2579 5694 ῌειιῐνὶνοξ
2606 5614 2830 5694 ὃὶθρδ.,
2865 5619 2962 5694 μία
2998 5619 3119 5674 Γίοῦ
3219 5616 3363 5688 δόξα.
3391 5616 3632 5694 Concil.,
3689 5614 3777 5688 ἴση

2129 5690 2260 5747 Υἱοῦ
2363 5691 2506 5762 ῗόξα.
2566 5690 2722 5750 Ibid:
2745 5690 2986 5760 CdDCil.,
3020 5690 3291 5755 συναῒδιος
3324 5697 3359 5765 ὴ
3391 5693 3604 5760 Θεότης.

2202 5767 2317 5840 (19)
2353 5766 2451 5821 Καί
2482 5768 2657 5824 Deest
2684 5766 2744 5822 in
2775 5766 2991 5822 Concil.
