4162 6404
366 402 524 467 1589

1582 402 2025 467 SYMBOLUM
2073 401 2557 474 QUICUNOUE.

3630 402 3784 462 1590

435 532 619 603 ’Δλλη
650 534 751 610 γάρ
797 533 1089 596 ὑπόστασις
1143 539 1239 589 τοῦ
1297 534 1509 609 [ἰατρὸς
1562 531 1709 602 ἄλλη
1754 536 1851 586 τοῦ
1883 533 2030 596 Υἱοῦ,

2222 532 2347 588 Alia
2378 540 2465 588 est
2495 535 2650 589 enim
2684 551 2931 606 persona
2961 534 3172 601 Patris,
3203 531 3319 589 alia
3352 530 3499 598 Filii,
3521 530 3635 586 alia
3659 530 3788 602 Spi-

368 622 511 693 ἄλλη
565 628 663 677 τοῦ
714 623 867 699 ἁγίου
923 623 1265 696 Πνεύματος.
1318 622 1496 678 Ἀλλά
1539 627 1635 677 τοῦ
1680 623 1909 697 Πατρὸς,
1943 622 2030 675 καὶ

367 718 465 767 τοῦ
497 713 645 777 Υἳοῦ,
677 714 765 766 καὶ
794 717 892 767 τοῦ
927 712 1085 786 άγίου
1112 712 1443 784 Πνεύματος,
1482 712 1581 784 μία
1631 710 1768 765 ἐστὶν
1821 713 1854 778 ἡ
1910 710 2030 773 θεό-

368 822 487 870 της,
522 798 576 855 ’ἐν
609 803 671 855 τὸ
702 801 921 875 κράτος,
958 801 1054 873 μία
1093 800 1325 871 ἐξουσία,
1386 801 1482 872 μία
1533 799 1803 876 βασιλεία,
1854 799 1941 870 ίίση
1993 802 2028 869 ἡ

372 888 519 960 δόξα,
572 886 659 960 ἴση
709 893 743 959 ἡ
799 889 1159 964 μεγαλωσύνη
1207 891 1296 944 καὶ
1330 890 1566 951 αίώνιος.
1601 892 1724 951 Οίος
1759 890 1785 942 ὁ
1818 890 2026 962 Πατὴρ,

368 984 619 1040 τοιοῦτος
653 980 680 1032 6
713 979 857 1048 Υἱὸς,
888 984 1139 1034 τοιοῦτον
1172 982 1233 1034 τὸ
1267 972 1484 1051 Πνεῦμα
1512 981 1573 1034 τὸ
1614 980 1790 1053 ἅγιον.
1840 980 2028 1033 ’Ἄκτι-

372 1088 494 1129 στος
542 1069 570 1122 6
622 1069 829 1141 Πατὴρ,
877 1068 1127 1130 ἅκτιστος
1178 1070 1205 1122 6
1258 1069 1380 1130 Υἱὸς
1428 1069 1674 1122 ἄκτιστον
1716 1068 1777 1121 τὸ
1811 1072 2030 1137 Πνεῦμα

368 1157 431 1211 τὸ
463 1156 639 1230 ἃγιον²
702 1156 789 1210 καὶ
843 1157 903 1211 οὐ
964 1163 1111 1230 τρεῖς
1163 1158 1425 1225 ἃκτιστοι,
1479 1156 1605 1211 ἀλλ’
1646 1156 1721 1218 εἶς
1756 1154 2024 1217 ἃκτιστος.

370 1245 763 1321 Παντοκράτωρ
813 1247 841 1299 6
892 1248 1099 1320 Πατὴρ,
1167 1247 1556 1321 παντοκράτωρ
1605 1248 1632 1300 6
1694 1246 1838 1311 Υἱὸς,
1896 1265 2029 1298 παν-

369 1336 649 1408 τοκράτωρ
694 1335 757 1389 τὸ
806 1339 1018 1407 Πνεῦμα
1070 1336 1133 1389 τὸ
1185 1336 1356 1409 ἅγιον·
1416 1335 1506 1389 καὶ
1554 1334 1614 1389 οὐ
1652 1340 1797 1410 τρεῖς
1829 1354 2027 1389 παντο-

366 1423 649 1498 κράτορες,
700 1421 825 1477 ἀλλ’
875 1423 948 1483 εἷς
997 1425 1412 1499 παντοκράτωρ.
1473 1424 1710 1484 Αἷ’ώνιος
1756 1425 1783 1478 6
1819 1423 2028 1498 Πατήρ,

366 1512 587 1573 αίώνιος
619 1513 647 1565 6
678 1512 800 1573 Υἱὸς
828 1512 1052 1566 αἰώνιον
1096 1513 1158 1567 τὸ
1208 1517 1429 1585 Πνεῦμα
1470 1514 1532 1567 τὸ
1584 1514 1757 1586 ἅγιον
1818 1512 1908 1566 καὶ
1966 1510 2027 1566 οὐ

368 1606 513 1676 τρεῖς
543 1600 779 1671 αίώνιοι,
813 1600 944 1656 ἀλλ’
974 1602 1050 1663 εἷς
1098 1602 1339 1663 αΐώνιος.
1376 1599 1799 1673 Παντοδύναμος
1833 1602 1860 1655 6
1916 1608 2025 1655 Παο

369 1690 498 1767 τήρ,
530 1687 951 1763 παντοδύναμος
987 1692 1014 1745 6
1046 1688 1607 1763 Υἱὸς,παντοδύναμον
1639 1690 1701 1745 τὸ
1722 1694 1943 1762 Πνεῦμα
1968 1689 2032 1745 τὸ

374 1780 553 1854 ἅγιονο
605 1779 694 1834 καὶ
746 1779 808 1834 οὐ
858 1785 1006 1855 τρεῖς
1044 1778 1472 1853 παντοδύναμοι,
1506 1778 1634 1835 ἀλλ’
1663 1780 1737 1842 εἷς
1763 1777 2032 1834 παποὸὐ-

372 1888 565 1941 ναμος.
621 1868 781 1925 Οὕτω
841 1870 970 1930 Θεὸς
1031 1870 1059 1923 6
1108 1871 1320 1943 Πατὴρ,
1372 1870 1501 1924 Θεὸς
1552 1871 1580 1923 6
1630 1867 1772 1937 Υἱός,
1815 1870 1942 1930 Θεὸς
1970 1869 2033 1923 τὸ

379 1961 606 2030 Πνεῦμα
650 1958 712 2011 τὸ
762 1959 937 2032 ἅγιοψ
990 1958 1080 2012 καὶ
1130 1958 1191 2012 οὐ
1236 1963 1381 2032 τρεῖς
1430 1960 1564 2025 θεοὶ,
1622 1957 1748 2013 ἀλλ’
1796 1959 1870 2018 εἷς
1922 1957 2035 2011 ἐστι

377 2045 528 2107 Θεός.
592 2044 786 2118 Κύριος
854 2047 882 2100 6
935 2047 1143 2122 Πατὴρ,
1200 2046 1399 2121 Κύριος
1452 2047 1479 2100 6
1530 2047 1676 2115 Υἱὸς,
1730 2044 1925 2121 Κύριος
1972 2046 2034 2100 τὸ

380 2137 603 2206 Πνεῦμα
654 2134 717 2188 16
770 2133 950 2207 ἆγιον·
1001 2135 1089 2188 καὶ
1140 2134 1202 2188 οὐ
1248 2140 1394 2209 τρεῖς
1430 2136 1632 2207 κύριοι,
1665 2134 1792 2189 ἀλλ’
1820 2135 1896 2196 εἷς
1924 2133 2034 2189 ἐστι

377 2223 595 2299 Κύριος·
653 2223 749 2277 Καὶ
800 2221 983 2299 ὣσπερ
1038 2223 1344 2296 μοναδικῶς
1378 2224 1503 2296 μίαν
1538 2225 1763 2294 εκάστην
1799 2224 2031 2278 ὑπόστα-

376 2334 458 2367 σιν
502 2312 630 2367 Θεὸν
685 2312 774 2367 καὶ
828 2312 1022 2388 Κύριον
1076 2314 1376 2387 ὁμολογεῖν
1424 2317 1776 2388 Χριστιανικῇ
1804 2312 2035 2383 ἀληθείᾳ

376 2406 809 2476 συνηγοροῦμεν,
844 2401 989 2456 οὕτω
1016 2408 1165 2476 τρεῖς
1200 2401 1356 2465 θεοὺς
1386 2403 1421 2471 ἢ
1478 2408 1625 2477 τρεῖς
1675 2404 1893 2477 κυρίους
1938 2402 2029 2457 λέ-

377 2510 491 2565 γειν
551 2490 613 2544 οὐ
665 2488 1043 2563 συναινοῦμεν,
1093 2489 1241 2545 ἀλλὰ
1287 2490 1569 2552 παντελῶς
1619 2490 2029 2565 ἇπαγορεύομεν

378 2578 569 2653 ΙΙατήρ
617 2578 718 2654 γὰρ
775 2579 903 2652 παρ’
960 2576 1173 2639 οὐδενός
1230 2578 1339 2632 ἔστι
1397 2580 1649 2648 ποιητὸς,
1701 2578 1762 2633 οὐ
1792 2580 2030 2651 κτιστὸς,

381 2664 508 2720 ἀλλ’
565 2667 880 2741 ἀγὲννητος.
928 2668 985 2719 Ὀ
1035 2667 1157 2727 Υἳὸς
1209 2667 1313 2720 ἀπὸ
1362 2671 1460 2721 τοῦ
1518 2668 1726 2743 Πατρός
1770 2668 1909 2722 ἆστιν
1969 2667 2031 2722 οὐ

380 2756 632 2825 ποιητὸς,
693 2754 754 2808 οὐ
811 2755 1049 2821 κτιστὸς,
1097 2754 1242 2809 ἀλλὰ
1270 2755 1547 2827 γεννητός.
1606 2756 1677 2810 Τὸ
1709 2761 1923 2829 Πνεῦμα
1970 2757 2033 2811 16

384 2841 536 2917 ἅγιον
599 2843 704 2897 ἀπὸ
752 2846 848 2897 τοῦ
904 2843 1116 2918 Πατρός
1157 2842 1296 2897 ἐστιν
1326 2843 1387 2897 οὐ
1418 2845 1670 2913 ποιητὸν,
1704 2844 1765 2899 οὐ
1795 2847 2030 2916 κτιστὸν,

386 2933 447 2987 οὐ
472 2934 753 3008 γεννητὸν,
785 2932 912 2988 ἀλλ’
945 2932 1289 3008 ἕκπορευτόν.
1322 2934 1415 2995 Εἷς
1449 2933 1641 2989 λοιπὸν
1675 2936 1702 2989 6
1736 2937 1943 3009 Πατὴρ,
1971 2935 2033 2990 οὐ

385 3028 530 3097 τρεῖς
577 3022 840 3097 πατέρες·
893 3022 968 3083 είς
1019 3023 1163 3092 Υἱὸς,
1214 3022 1275 3076 οὐ
1323 3029 1469 3098 τρεῖς
1520 3024 1649 3078 υἱοί·
1701 3021 1756 3078 ’ἐν
1816 3030 2037 3097 Πνεῦμα

389 3113 565 3186 ἅγιον,
622 3110 684 3165 οὐ
740 3111 863 3186 τρία
918 3111 1199 3183 πνεύματα
1256 3114 1398 3187 ἅγια.
1464 3113 1564 3169 Καὶ
1622 3113 1674 3167 ὲν
1725 3113 1893 3187 ταύτῃ
1966 3114 2034 3189 τῇ

380 3201 570 3275 Τριάδι
600 3198 778 3262 οὐδεὶς
806 3204 1021 3275 πρῶτος
1053 3201 1087 3268 ἢ
1116 3198 1369 3275 ἔσχατος.
1405 3198 1581 3263 οὐδεὶς
1632 3201 1801 3275 μέγας
1855 3203 1889 3271 ἢ
1946 3224 2034 3275 μι-

2065 1911 2112 1975 Β

2142 623 2293 677 ritus
2327 624 2531 677 sancti.
2567 623 2677 677 Sed
2713 624 2921 689 Patris,
2954 630 3009 677 et
3049 623 3197 687 Filii,
3230 627 3286 677 et
3314 621 3565 691 Spiritus
3598 618 3787 675 sancti

2142 730 2257 767 una
2289 720 2378 767 est
2408 714 2705 779 divinitas,
2741 730 2921 767 unum
2973 714 3288 783 imperium
3338 728 3452 765 una
3506 709 3789 781 potentia,

2142 819 2326 855 unum
2361 818 2632 873 regnum,
2667 801 2908 871 aequalis
2952 802 3157 872 gloria,
3210 800 3452 871 mqualis
3484 804 3541 853 et
3577 803 3793 853 aeterna

2140 893 2436 961 majestas.
2475 892 2674 954 Qualis
2726 891 2909 950 Pater,
2945 890 3077 946 talis
3126 890 3327 952 Filius,
3373 889 3509 943 talis
3539 888 3791 959 Spiritus

2139 986 2405 1035 sanctus.
2437 980 2740 1035 Increatus
2764 984 2952 1045 Pater,
2980 981 3271 1034 increatus
3297 978 3795 1042 Filius,increatus

2137 1069 2391 1139 Spiritus
2410 1076 2681 1135 sanctus;
2718 1086 2821 1123 nec
2855 1075 3048 1123 tamen
3076 1067 3477 1134 tresincreati,
3500 1068 3599 1121 sed
3638 1082 3793 1121 unus

2140 1157 2460 1213 increatus.
2485 1157 2765 1212 Omnium
2792 1158 3112 1228 imperator
3130 1157 3586 1215 Pater.omnium
3608 1156 3791 1226 impe-

2140 1252 2297 1301 rator
2330 1247 2527 1313 Filius,
2560 1248 2826 1302 omnium
2871 1248 3188 1317 imperator
3221 1246 3476 1316 Spiritus
3516 1249 3792 1311 sanctus;

2140 1352 2246 1390 nec
2304 1341 2496 1390 tamen
2542 1341 2659 1391 tres
2714 1336 2980 1391 omnium
3035 1336 3437 1406 imperatores,
3490 1334 3591 1389 sed
3642 1349 3797 1388 unus

2139 1426 2403 1480 omnium
2433 1427 2767 1497 imperator.
2794 1427 3063 1481 Aiternus
3086 1425 3274 1488 Pater,
3308 1430 3560 1479 aeternus
3584 1421 3793 1490 Filius,

2138 1519 2389 1570 aeternus
2419 1514 2672 1585 Spiritus
2704 1518 2979 1579 sanctus;
3012 1530 3115 1569 nec
3164 1518 3361 1568 tamen
3412 1517 3529 1567 tres
3572 1510 3798 1580 aeterni,

2140 1604 2241 1658 sed
2275 1620 2429 1658 unus
2463 1609 2739 1659 aeternus.
2784 1603 3167 1673 Omnipotens
3199 1602 3391 1666 Pater,
3422 1599 3796 1673 omnipotens

2140 1691 2322 1747 Filius
2374 1694 2746 1764 omnipotens
2797 1692 3051 1763 Spiritus
3101 1695 3387 1757 sanctus;
3439 1706 3543 1745 nec
3592 1695 3793 1745 tamen

2139 1785 2261 1835 tres
2292 1782 2745 1853 omnipotentes,
2782 1782 2879 1836 sed
2914 1797 3070 1836 unus
3100 1780 3490 1850 omnipotens.
3525 1779 3609 1833 Ita
3641 1783 3794 1835 Deus

2148 1868 2331 1933 Pater,
2383 1870 2538 1925 Deus
2596 1869 2775 1926 Filius
2822 1870 2975 1925 Deus
3024 1869 3276 1940 Spiritus
3332 1874 3572 1923 sanctus
3616 1886 3629 1935 ;
3689 1884 3796 1923 nec

2141 1963 2339 2013 tamen
2372 1964 2490 2014 tres
2521 1959 2623 2025 dii,
2653 1961 2751 2014 sed
2789 1976 2941 2013 unus
2972 1964 3061 2013 est
3095 1960 3264 2024 Deus,
3293 1958 3572 2012 Dominus
3608 1957 3796 2028 Pater,

2144 2048 2443 2102 Dominus
2496 2047 2696 2114 Filius,
2751 2048 3036 2103 Dominus
3083 2047 3337 2118 Spiritus
3383 2050 3662 2113 sanctus;
3694 2061 3803 2102 nec

2142 2142 2337 2192 tamen
2370 2142 2489 2192 tres
2515 2138 2761 2202 domini,
2797 2137 2897 2191 sed
2950 2153 3104 2190 unus
3148 2141 3239 2191 est
3284 2135 3591 2190 Dominus.
3626 2135 3696 2189 Et
3722 2136 3801 2189 si-

2144 2231 2245 2279 cut
2292 2225 2637 2296 singillatim
2673 2240 3155 2296 unamquamque
3179 2240 3489 2296 personam
3521 2222 3703 2278 Deum
3736 2240 3803 2279 eo

2142 2313 2457 2368 Dominum
2525 2314 2785 2369 confiteri
2847 2320 3113 2385 oportere
3169 2313 3505 2369 Christiana
3561 2312 3803 2369 veritate

2142 2402 2552 2470 defendimus;
2586 2402 2667 2457 ita
2696 2407 2817 2458 tres
2848 2404 2987 2457 deos
3040 2408 3142 2456 aut
3191 2407 3309 2457 tres
3359 2401 3630 2457 dominos
3681 2402 3796 2457 dici

2143 2507 2256 2545 non
2306 2492 2643 2562 probamus,
2713 2493 2812 2546 sed
2864 2492 3104 2546 omnino
3157 2491 3560 2562 repudiamus,
3632 2490 3802 2546 Pater

2142 2578 2297 2634 enim
2331 2596 2363 2633 a
2394 2578 2554 2634 nullo
2578 2584 2667 2633 est
2697 2580 2905 2645 factus,
2930 2596 3041 2634 non
3067 2585 3321 2650 creatus,
3349 2580 3447 2633 sed
3475 2579 3797 2650 ingenitus.

2143 2667 2326 2723 Filius
2385 2685 2418 2723 a
2458 2668 2622 2723 Patre
2670 2673 2759 2723 est
2809 2686 2922 2724 non
2973 2669 3182 2738 factus,
3218 2685 3330 2723 non
3384 2672 3634 2736 creatus,
3694 2667 3798 2723 sed

2143 2758 2395 2827 genitus.
2441 2758 2691 2829 Spiritus
2749 2765 2993 2813 sanctus
3043 2775 3076 2812 a
3106 2758 3273 2813 Patre
3304 2763 3393 2813 est
3432 2774 3545 2812 non
3582 2758 3797 2826 factus,

2145 2862 2259 2900 non
2314 2852 2564 2915 creatus,
2616 2864 2733 2901 non
2783 2847 3034 2919 genitus,
3080 2848 3180 2901 sed
3233 2848 3575 2918 procedens.
3625 2845 3790 2901 Unus

2146 2936 2383 2990 demum
2417 2942 2506 2990 est
2536 2941 2726 3001 Pater,
2763 2953 2875 2990 non
2922 2941 3037 2991 tres
3088 2943 3322 3007 patres;
3368 2951 3523 2990 unus
3582 2934 3788 3003 Filius,

2145 3041 2260 3079 non
2308 3030 2427 3080 tres
2478 3025 2581 3080 filii
2627 3041 2641 3091 ;
2696 3042 2850 3080 unus
2896 3026 3149 3097 Spiritus
3196 3030 3456 3090 sanctus,
3509 3041 3623 3078 non
3676 3028 3795 3080 tres

2146 3113 2389 3183 spiritus
2421 3114 2630 3181 sancti,
2665 3119 2731 3168 Et
2778 3115 2835 3167 in
2870 3114 2978 3169 hac
3018 3113 3302 3168 Trinitate
3349 3129 3521 3167 nemo
3570 3112 3798 3184 primus

2149 3208 2250 3256 aut
2280 3209 2614 3273 postremus
2646 3220 2657 3257 :
2714 3204 2813 3257 sed
2865 3208 2985 3258 tres
3026 3219 3285 3273 persona
3316 3208 3541 3257 aeternas
3574 3205 3715 3255 sunt
3744 3203 3802 3257 et

377 3288 528 3362 κρός·
591 3286 737 3343 ἀλλὰ
788 3289 842 3343 αἱ
900 3294 1045 3361 τρεῖς
1108 3290 1429 3351 ὑποστάσεις
1479 3290 1785 3346 αίώνιοίτά
1814 3291 1914 3346 εἰσι
1945 3292 2030 3346 καί

2150 3293 2405 3362 aequales
2429 3292 2486 3346 in
2511 3293 2813 3357 omnibus,
2839 3298 2904 3347 ut
2930 3309 3108 3363 supra
3128 3292 3350 3347 dictum
3374 3297 3480 3347 est.
3507 3291 3803 3347 Unitatem

372 3376 488 3433 ’ίσαι
519 3377 599 3441 είς
631 3378 825 3447 πάντα,
858 3378 934 3440 ὡς
965 3378 1309 3451 προείρηται.
1343 3377 1561 3434 Μονάδα
1590 3384 1719 3454 γοῦν
1743 3379 1795 3435 ιν
1820 3380 2034 3456 Τριάδι,

382 3466 472 3522 καὶ
501 3463 705 3543 Τριάδα
750 3466 803 3521 ἂν
856 3464 1049 3540 μονάδι
1079 3472 1183 3529 πᾶς
1224 3460 1551 3543 Χριστιανὸς
1573 3464 1914 3533 εὐσεϐείσθωο
1946 3470 2037 3525 καὶ

376 3555 522 3612 οὕτω
573 3557 699 3631 περῖ
750 3562 853 3626 τῆς
902 3557 1057 3632 ἁγίας
1114 3555 1203 3611 καὶ
1265 3561 1541 3626 ζωοποιοῦ
1597 3558 1687 3613 καὶ
1736 3559 2036 3632 όμοουσίου

379 3642 619 3722 Τριάδος
652 3642 940 3718 δοξάζὲτω.

450 3771 771 3845 Ἀναγκαῖον
833 3766 891 3825 δι
942 3768 1055 3824 ιστι
1101 3770 1191 3824 καὶ
1238 3772 1341 3839 τήν
1399 3770 1667 3844 σάρκωσιν
1736 3776 1833 3826 τοῦ
1909 3773 2037 3827 Ποῦ

376 3862 474 3913 τοῦ
531 3862 666 3913 Θεοῦ
718 3856 811 3912 καῖ
869 3864 1132 3933 Σωτῆρος
1184 3860 1345 3930 ἡμῶν
1376 3863 1555 3927 Ἰησοῦ
1588 3864 1827 3934 Χριστοῦ
1859 3859 2034 3935 ὀρθῶς

376 3947 667 4003 πιστεύειν.
702 3948 853 4002 Ἐστι
885 3951 1015 4021 γοῦν
1048 3949 1082 4016 ἢ
1124 3946 1305 4008 πίστις
1359 3945 1521 4021 όρθὴ,
1566 3946 1658 4002 ’ίνα
1696 3950 2037 4021 πιστεύωμεν

374 4036 465 4091 καὶ
514 4036 907 4111 ὁμολογῶμεν,
953 4034 1036 4089 ὅτι
1068 4036 1097 4089 6
1129 4034 1329 4108 Κύριος
1362 4036 1522 4108 ἡμῶν
1560 4038 1769 4106 Ἰησοῦς
1801 4037 2033 4110 Χριστὸς

376 4126 404 4180 6
432 4130 529 4180 τοῦ
561 4129 695 4180 Θεοῦ
727 4125 871 4193 ΥῙὸς,
905 4126 1033 4186 Θεὸς
1085 4125 1174 4178 καὶ
1205 4119 1487 4197 ἄνθρωπός
1530 4125 1662 4180 tm.
1715 4125 1843 4186 Θεός
1892 4125 2032 4180 ἰστιν

378 4215 557 4284 ικτῆς
614 4212 797 4275 οὐσίας
849 4214 1063 4289 Πατρὸς
1117 4215 1215 4287 [αι.
1271 4212 1519 4274 ἄκτιστός
1566 4212 1676 4268 ἰστὶ
1729 4214 1818 4268 καὶ
1879 4214 2035 4269 οὐσία

379 4304 636 4379 Πατρὸς],
692 4302 977 4378 ἄνθρωπός
1036 4302 1176 4357 ἐστιν
1222 4302 1281 4357 ἐκ
1309 4309 1411 4371 τῆς
1443 4302 1627 4365 οὐσίας
1656 4310 1758 4372 τῆς
1788 4302 2032 4377 Μητρός.

379 4390 601 4461 Ἐπειδή
656 4392 761 4466 γὰρ
820 4392 1136 4466 ἁμαρτήσας
1194 4392 1222 4446 6
1281 4388 1462 4463 ’Δδὰμ
1518 4390 1729 4464 θανάτῳ
1757 4392 1820 4446 16
1876 4393 2032 4466 γένος

376 4485 484 4536 τῶν
515 4481 811 4556 ἀνθρώπων
872 4474 1131 4549 ὐπὲὅαλε,
1176 4479 1266 4534 καὶ
1313 4480 1412 4548 τὴν
1446 4479 1601 4539 φύσιν
1659 4482 1817 4553 ἡμων
1870 4480 2033 4535 ὐπεύε-

379 4573 535 4626 θυνον
583 4574 663 4642 τῷ
693 4569 845 4645 χρίει
876 4568 1189 4639 πεποίηκεν·
1249 4570 1277 4624 6
1311 4569 1432 4630 Υἱὸς
1486 4567 1679 4624 λοιπὸν
1726 4574 1823 4623 τοῦ
1870 4568 2033 4645 ἀορά-

2145 3396 2283 3452 ergo
2313 3381 2372 3435 in
2404 3380 2705 3449 Trinitate,
2758 3387 2816 3436 et
2857 3381 3202 3437 Trinitatem
3247 3382 3306 3435 in
3355 3382 3580 3435 unitate
3609 3378 3804 3435 omnis

2147 3468 2517 3525 Christianus
2548 3471 2901 3526 conﬁteatur
2924 3488 2936 3525 :
2959 3475 3013 3526 et
3042 3470 3123 3525 ita
3143 3471 3213 3525 de
3236 3474 3459 3535 sancta,
3488 3468 3718 3524 vivifica
3744 3470 3806 3523 et

2146 3558 2632 3614 consubstantiali
2665 3559 2953 3615 Trinitate
2983 3558 3216 3615 sentiat.

2216 3770 2462 3827 Necesse
2494 3775 2687 3827 autem
2732 3775 2845 3839 est,
2874 3776 2932 3827 et
2972 3772 3043 3827 de
3088 3769 3488 3826 incarnatione
3537 3769 3665 3826 Filii
3700 3769 3798 3827 Dei

2145 3864 2203 3915 et
2228 3860 2538 3916 salvatoris
2588 3861 2769 3916 nostri
2814 3865 2951 3917 Jesu
2984 3861 3198 3915 Christi
3230 3864 3381 3916 recte
3410 3860 3664 3915 credere.
3698 3860 3799 3916 Est

2144 3964 2282 4020 ergo
2319 3950 2463 4004 fides
2495 3955 2651 4004 recta
2687 3954 2751 4005 ut
2790 3951 3100 4005 credamus
3132 3954 3190 4004 et
3220 3949 3623 4017 conﬂteamur,
3658 3948 3799 4019 quia

2148 4037 2428 4093 Dominus
2463 4044 2659 4093 noster
2686 4038 2860 4093 Jesus
2891 4038 3159 4093 Christus
3192 4038 3287 4093 Dei
3320 4036 3521 4103 Filius,
3556 4036 3710 4091 Deus
3741 4040 3799 4093 et

2144 4126 2320 4181 homo
2351 4131 2459 4181 est.
2496 4131 2644 4181 Deus
2675 4132 2764 4183 est
2792 4144 2858 4182 ex
2892 4126 3227 4182 substantia
3260 4125 3481 4181 Patris:
3518 4125 3693 4181 homo
3709 4130 3802 4182 est

2143 4231 2208 4270 ex
2240 4214 2569 4269 substantia
2595 4215 2817 4269 Matris.
2854 4215 2998 4270 Cum
3032 4215 3184 4270 enim
3220 4218 3453 4287 peccato
3484 4230 3591 4269 suo
3612 4214 3799 4270 Adam

2144 4303 2451 4359 hominum
2501 4319 2688 4376 genus
2730 4305 2905 4359 morti
2974 4304 3343 4373 subjecisset,
3406 4308 3799 4375 naturamque

2143 4398 2402 4448 nostram
2431 4392 2626 4447 debito
2670 4393 2985 4448 obnoxium
3019 4393 3286 4459 fecisset;
3333 4391 3461 4447 ideo
3494 4390 3676 4448 Filius
3707 4391 3799 4447 in-

2146 4480 2392 4539 visibilis
2425 4482 2616 4537 Patris
2651 4488 2707 4537 et
2738 4482 2861 4546 Dei,
2894 4498 2959 4537 ex
2994 4480 3155 4536 ccelis
3198 4480 3442 4535 minime
3490 4480 3800 4537 discedens

2144 4572 2213 4626 ad
2264 4588 2370 4626 nos
2420 4570 2721 4625 descendit
2762 4588 2774 4625 :
2831 4586 2895 4625 ac
2927 4587 3030 4641 per
3078 4570 3345 4625 auditum
3400 4569 3704 4642 ingressus
3734 4570 3795 4627 in

373 4681 471 4715 του
504 4659 713 4735 ΙΙατρὸς
762 4658 851 4711 καὶ
883 4661 1037 4724 Θεοῦ,
1068 4662 1174 4712 τῶν
1210 4657 1448 4733 οὐρανῶν
1482 4656 1584 4712 οὐκ
1627 4656 1836 4725 ἐκστὰς,
1890 4658 2026 4734 πρὸς

2143 4664 2368 4715 uterum
2429 4664 2646 4715 sanctae
2703 4659 3003 4731 Virginis,
3060 4659 3349 4732 mystice,
3418 4675 3519 4715 seu
3582 4675 3793 4715 arcano

374 4751 522 4822 ἡμᾶς
566 4746 827 4817 κατῆλθε·
868 4746 956 4800 καὶ
1015 4743 1085 4799 δι’
1140 4745 1309 4815 ἀκοῆς
1371 4744 1547 4808 εἰσδὺς
1586 4748 1687 4816 τήν
1732 4745 1895 4817 νηδὺν
1926 4754 2026 4817 τῆς

374 4838 524 4915 ἁγίας
557 4836 853 4911 Παρθένου,
890 4838 1162 4908 μυστικῶς
1207 4835 1307 4903 τὴν
1364 4834 1658 4911 κυοφορίαν
1718 4836 2026 4913 εἰργάσατο,

377 4924 529 4990 ὸνδὺς
586 4928 688 4995 τὴν
724 4924 994 5001 ὴμετὲραν
1055 4923 1210 5002 φύσιν
1263 4924 1379 4978 κατ’
1426 4920 1589 4999 ἄκραν
1640 4920 1855 4979 ἕνωσιν
1898 4926 2027 4989 Θεὸς

375 5016 517 5090 όμοῦ
536 5013 626 5071 καὶ
645 5013 931 5090 ἄνθρωπος
954 5010 1414 5086 προελθὼνρῦτω
1435 5012 1533 5081 τὴν
1555 5014 1673 5077 καθ’
1703 5015 1853 5085 ἡμᾶς
1875 5014 2032 5069 οὐκο-

373 5105 567 5179 νομίαν
628 5102 919 5174 ἐπλήρωσε
967 5099 1037 5156 δι’
1086 5099 1287 5179 ἄφατον
1322 5099 1493 5156 ἔλεον.
1528 5101 1627 5155 Καὶ
1659 5100 1869 5163 τέλειος
1901 5104 2030 5164 Θεὸς

378 5193 474 5263 ὢν,
507 5195 693 5270 γεγονε
719 5192 927 5253 τέλειος
958 5188 1257 5266 ἄνθρωπος,
1296 5191 1371 5263 μὴ
1403 5191 1647 5265 τραπεὶς,
1683 5191 1757 5262 μὴ
1789 5190 2030 5246 ἆλλοιω-

378 5284 490 5349 θεὶς
548 5283 647 5350 τήν
696 5278 1015 5355 ὑπερούσιον
1066 5278 1155 5334 καὶ
1206 5276 1473 5357 ἄφραστον
1511 5278 1696 5333 οὐσίαν
1736 5286 1833 5349 τῆς
1864 5279 2029 5334 αὐτοῦ

377 5372 659 5443 θεότητος,
719 5368 779 5425 lx
824 5373 1011 5445 ψυχῆς
1060 5367 1290 5443 λογικῆς
1340 5367 1429 5422 καὶ
1459 5367 1800 5442 ἀνθρωπίνης
1831 5369 2027 5443 σαρκὸς

377 5459 681 5521 οὐσιωθείς’
731 5458 891 5520 αὐτὸς
953 5456 1124 5529 ἑαυτῷ
1179 5457 1271 5511 σὺν
1328 5458 1406 5529 τῷ
1438 5462 1675 5535 συμφυεῖ
1701 5458 1865 5512 αὐτοῦ
1893 5479 2027 5511 παν-

378 5551 518 5629 αγίῳ
550 5547 825 5621 Ιινεύματι
859 5544 1275 5623 δημιουργήσας
1302 5548 1399 5614 τήν
1428 5546 1689 5622 παναγίαν
1747 5550 1846 5616 τῆς
1900 5568 2027 5622 σαρ-

378 5638 473 5702 κὸς
505 5637 842 5715 πρόσληψιν,
869 5634 1079 5691 τελείαν
1114 5634 1295 5690 οὐσίαν
1329 5635 1674 5712 ἀνθρωπίνην
1734 5635 2026 5691 ἑνυποστα-

377 5749 472 5786 τον
532 5727 677 5799 αὐτῷ
721 5724 811 5781 καὶ
864 5722 1166 5801 ἀδιαίρετον
1223 5724 1275 5796 ἐξ
1323 5724 1510 5799 αὐτοῦ,
1576 5725 1841 5802 ἁμαρτίας
1892 5726 2029 5801 ἁμᾶ.

2140 4750 2312 4805 modo
2361 4748 2511 4805 uteri
2561 4748 2946 4820 gestationem
2991 4748 3204 4817 effecit,
3246 4748 3550 4821 ingressus
3592 4748 3651 4803 in
3686 4765 3789 4803 na-

2139 4842 2333 4893 turam
2368 4843 2633 4893 nostram
2669 4854 2771 4911 per
2797 4853 3092 4893 summam
3129 4837 3413 4892 unitatem
3448 4854 3460 4892 :
3491 4854 3609 4893 una
3634 4836 3789 4893 Deus

2140 4932 2195 4984 et
2249 4926 2425 4983 homo
2482 4944 2849 4999 progressus,
2910 4926 2994 4981 sic
3034 4943 3162 4981 eam
3215 4944 3343 4998 quas
3403 4943 3509 4982 nos
3567 4931 3791 5000 spectat

2138 5016 2521 5072 ceconomiam
2572 5017 2856 5090 implevit,
2909 5032 3011 5088 per
3055 5015 3411 5071 ineffabilem
3462 5016 3790 5072 misericor-

2139 5106 2318 5161 diam.
2344 5107 2411 5161 Et
2446 5107 2738 5177 perfectus
2768 5105 2920 5161 Deus
2950 5122 3084 5160 cum
3116 5110 3293 5173 esset,
3327 5105 3512 5160 factus
3544 5109 3629 5159 est
3665 5121 3791 5176 per-

2139 5195 2323 5250 fectus
2354 5195 2551 5265 homo,
2586 5212 2698 5250 non
2735 5212 3072 5261 conversus,
3106 5210 3294 5267 neque
3332 5198 3596 5249 mutatus
3636 5195 3789 5252 802

2138 5285 2461 5339 secundum
2496 5283 3125 5356 supersubstantialem
3159 5289 3216 5338 et
3260 5282 3612 5339 ineﬂ’abilem
3647 5286 3789 5338 sub-

2137 5374 2415 5428 stantiam
2436 5390 2553 5428 suaa
2580 5373 2913 5440 deitatis,ex
2933 5374 3133 5430 anima
3156 5373 3427 5429 rationali
3449 5377 3506 5428 et
3536 5372 3796 5429 humana

2136 5478 2312 5517 carne
2363 5463 2715 5518 subsistens.
2771 5463 2893 5517 Sibi
2948 5464 3071 5535 ipse
3128 5479 3262 5518 cum
3292 5462 3509 5533 Spiritu
3544 5462 3795 5517 sanctis-

2138 5550 2287 5606 simo
2338 5552 2438 5623 qui
2491 5552 2755 5622 ejusdem
2809 5556 2897 5606 est
2948 5557 3193 5616 naturae,
3226 5556 3426 5606 auctor
3472 5555 3561 5606 est
3598 5566 3792 5605 sacra-

2136 5640 2382 5695 tissima:
2416 5640 2838 5712 assumptionis
2870 5641 3085 5696 carnis.
3121 5640 3434 5695 Perfectam
3467 5639 3786 5694 humanam

2140 5730 2541 5788 substantiam
2577 5730 2943 5801 (assumpsit)
2996 5730 3055 5785 in
3105 5746 3167 5785 se
3196 5729 3637 5794 subsistentem,
3669 5733 3726 5783 et
3755 5744 3790 5784 a
