2081 3189
161 204 242 236 1595

163 323 302 351 personas
327 318 397 342 sunt
418 324 471 343 une
504 324 573 344 seua
595 316 696 345 Dieux.
720 317 780 345 Mes
802 318 919 345 besoinz
944 321 989 344 est

161 359 355 394 apardurable
368 359 430 387 salu
445 368 501 395 que
517 361 598 387 aussi
614 361 691 388 croie
707 361 818 389 chacun
836 361 990 389 feelement

162 403 366 432 l'incarnation
383 405 418 431 de
435 408 532 432 nostra
549 406 689 441 Seigneur
708 406 777 433 Dieu
794 407 884 433 Jhesu
901 407 987 434 Crist.

163 448 224 476 Nus
241 457 277 476 ne
294 452 362 484 puet
377 452 453 476 estre
469 458 537 477 saus
553 459 584 477 se
610 450 628 476 il
656 459 692 478 ne
716 451 788 478 croit
817 451 990 478 fermemeut

163 501 219 529 que
235 497 348 521 nostros
365 494 438 521 sires
452 494 543 521 .lhesu
559 494 621 522 Criz
638 495 772 522 descendi
798 504 832 523 en
859 499 945 523 terre.
962 498 990 523 et

165 539 262 574 prinst
276 538 357 565 chair
373 547 407 565 en
425 538 452 565 la
468 539 612 574 glorieuso
623 540 709 575 Virgo
720 541 807 567 Marie
824 549 875 575 por
892 543 989 568 nostra

164 586 346 610 sauvement.
367 584 500 618 llonques
517 586 561 610 est
578 585 670 611 droite
688 586 741 611 l‘oiz
767 593 823 619 que
839 593 913 612 nous
929 593 988 612 cre-

164 635 218 655 ons
234 630 262 654 et
275 627 439 663 regeissons
455 636 511 663 que
536 632 649 656 nostres
671 629 743 656 sires
759 630 846 657 Jhesu
868 630 932 657 Criz
946 632 991 657 est

166 671 225 699 Fils
241 671 276 699 de
292 671 362 699 Dieu
379 674 407 699 et
433 672 520 699 Dieux
544 675 573 700 et
597 681 655 700 om.
684 673 764 701 Droiz
789 677 833 701 est
856 683 912 710 que
936 683 990 702 nos

166 716 215 751 qui
231 724 328 743 sumes
344 716 471 744 Crestien
489 725 590 744 creons
608 718 781 745 fermement
796 727 851 754 que
868 718 887 746 li
904 721 990 755 Espe-

165 760 234 787 rites
250 760 300 796 qui
317 761 452 788 descendi
470 770 505 788 en
522 761 548 789 la
572 762 658 797 Virge
684 763 772 790 Maria
796 766 825 790 et
850 763 877 790 la
897 763 991 791 seinte

166 805 252 832 chars
267 813 321 839 quo
336 805 354 832 il
372 805 446 841 prist
461 808 531 833 sunt
544 815 599 834 una
622 806 702 835 seuls
717 808 786 835 Diex
801 808 849 843 qui
867 811 911 836 est
926 817 991 844 ape-

166 849 208 876 lez
223 849 313 877 Jhesu
330 849 401 877 Criz.
419 850 440 877 Il
456 853 500 878 est
516 853 573 878 Dex
589 851 654 879 dels
676 855 814 880 sustance
830 853 886 880 dou
906 856 991 881 Perre

165 894 327 929 engendrez
343 894 448 922 devant
471 896 513 923 les
538 896 641 924 siecles
666 900 694 924 et
716 906 762 924 om
788 900 833 925 est
856 898 922 925 dela
941 907 991 925 su-

166 941 266 965 stance
282 938 347 966 dels
363 947 441 967 mere
458 948 509 966 nez
526 948 562 967 ou
579 941 682 968 siecles
699 943 883 977 Apertement
899 951 990 978 poons

165 990 254 1010 vouer
269 991 324 1019 que
341 986 457 1011 nostres
472 984 608 1012 sirethe
618 985 702 1012 Chriz
716 989 762 1013 est
779 989 836 1013 Dex
847 987 882 1014 de
899 996 950 1023 par
966 987 992 1015 le

165 1028 238 1055 Pere
253 1035 302 1055 car
317 1035 348 1055 ce
364 1030 408 1055 est
420 1028 438 1055 li
450 1028 597 1064 Esperites
612 1030 668 1057 dou
687 1032 756 1058 Pere
766 1034 809 1059 est
825 1039 872 1059 om
889 1032 924 1059 de
940 1040 993 1068 par

167 1072 194 1099 la
210 1080 289 1099 mere
305 1080 356 1107 psr
368 1072 397 1099 1s
414 1072 561 1108 chairque
578 1073 595 1100 il
609 1074 682 1110 prist
695 1083 729 1102 en
743 1075 771 1102 li.
783 1078 839 1102 Par
855 1076 907 1103 feiz
924 1079 991 1104 Dex.

167 1124 220 1152 par
235 1116 289 1143 feiz
304 1125 350 1144 om
368 1118 403 1144 de
430 1118 544 1145 revable
567 1127 632 1145 ome
657 1121 684 1146 et
708 1120 743 1147 de
767 1120 838 1147 cher
852 1120 992 1148 humaiue

167 1168 353 1196 parmenanz.
371 1161 423 1188 Jhe
439 1161 500 1188 Criz
524 1165 568 1189 est
582 1163 659 1190 voirs
675 1163 733 1190 Dex
746 1168 773 1190 et
788 1165 865 1192 voirs
880 1173 927 1192 om
945 1174 994 1192 cur

166 1207 228 1232 eest
251 1204 270 1232 li
295 1205 441 1241 Esperites
458 1206 492 1233 de
519 1206 589 1234 Dieu
606 1208 656 1243 qui
673 1208 746 1244 priet
761 1209 831 1236 char
846 1210 992 1237 teerienne

167 1249 235 1284 Egsl
253 1258 289 1276 au
301 1249 370 1277 Pers
380 1250 479 1278 selonc
490 1251 632 1280 lumanite
648 1252 745 1280 selonc
755 1261 786 1281 ce
797 1262 854 1289 que
863 1254 920 1281 Jhu
931 1255 993 1281 Criz

167 1296 274 1321 estDex
281 1294 461 1322 estineuxau
472 1295 540 1323 Pere
551 1296 683 1324 etselonc
693 1297 719 1324 la
726 1297 796 1324 char
805 1299 993 1326 estmendres

168 1338 206 1365 de
220 1338 271 1366 lui.
289 1339 356 1374 Etje
368 1340 425 1367 soit
444 1348 476 1367 ce
493 1340 562 1375 qu’il
574 1349 604 1368 es
618 1341 676 1368 Dex
687 1344 715 1368 et
726 1351 784 1369 om.
797 1351 832 1370 ne
841 1352 893 1379 por
903 1345 994 1378 quant

170 1391 202 1411 ce
218 1391 254 1411 ne
269 1385 338 1411 sunt
348 1384 406 1411 mie
421 1384 470 1411 dui
487 1385 548 1412 Criz
564 1385 627 1412 ainz
643 1389 687 1413 est
702 1395 758 1414 uns
775 1387 838 1414 seul
861 1387 954 1415 Chriz.
967 1391 995 1415 et

170 1436 206 1455 ne
222 1431 368 1464 porquant
382 1437 413 1456 se
425 1429 483 1456 Jhu
501 1429 564 1457 Criz
580 1433 624 1458 est
639 1430 697 1458 Dex
712 1434 740 1459 et
756 1440 802 1459 om
821 1441 827 1459 ε
846 1441 898 1468 por
913 1442 943 1460 ce
959 1441 994 1460 ne

170 1472 231 1500 doit
246 1481 282 1500 ou
300 1472 357 1500 mie
370 1473 432 1500 dire
447 1482 503 1509 que
518 1482 550 1502 ce
565 1474 660 1502 soient
683 1476 733 1503 dui
749 1477 846 1504 Christ
858 1477 918 1505 Uns
934 1486 995 1505 cer-

169 1519 214 1545 tes
230 1520 275 1544 est
290 1526 326 1545 ne
342 1518 399 1545 mie
415 1526 467 1553 par
481 1518 508 1546 le
531 1521 792 1548 convertissement
807 1522 886 1549 664
901 1523 935 1549 de
951 1523 994 1549 di-

170 1561 260 1589 vinite
284 1569 319 1589 en
346 1562 432 1591 chsrs
458 1572 521 1591 mes
545 1573 597 1599 par
618 1564 645 1592 la
670 1566 767 1601 prinse
791 1567 943 1594 dumanite
959 1576 994 1595 en

171 1606 251 1634 Dieu.
267 1614 315 1634 ces
340 1607 415 1634 deux
439 1608 541 1636 choses
563 1609 637 1637 deux
652 1612 681 1636 et
694 1618 739 1637 om
758 1619 793 1638 ne
810 1611 996 1639 demontrent

742 205 775 237 S.
797 206 1061 238 ATHANASIUS.
1076 223 1115 229 —
1130 207 1286 239 SPURIA.

1788 208 1869 240 1596

160 270 281 298 Trinite.
298 271 429 298 Entende
443 272 472 298 et
486 271 562 299 croie
578 271 751 300 fermement
766 281 821 307 que
836 281 884 301 ces
895 272 984 300 troies
1000 273 1023 306 Α
1040 272 1085 300 del
1103 275 1167 301 tout
1182 282 1218 301 ne
1234 274 1290 301 mie
1301 282 1354 310 par
1363 273 1565 301 ennullement
1575 275 1611 302 de
1626 274 1784 303 substance
1795 275 1872 304 meis

1045 326 1097 353 par
1112 317 1204 345 lunite
1219 319 1254 346 de
1270 327 1403 354 persone.
1418 319 1473 346 Car
1496 319 1519 346 si
1536 327 1618 347 come
1633 319 1709 347 lame
1723 319 1872 348 reisnable

1043 364 1071 389 et
1087 362 1114 389 la
1127 363 1213 390 chsrz
1228 366 1273 390 est
1289 372 1344 390 uns
1360 371 1407 390 om
1433 364 1513 390 aussi
1543 363 1632 391 Dieux
1647 367 1675 391 et
1690 372 1737 391 om
1755 367 1800 392 est
1815 372 1872 392 uns

1044 406 1130 434 Crist.
1150 407 1184 434 La
1200 411 1302 435 nature
1318 408 1382 435 dela
1406 408 1477 435 char
1502 415 1537 435 ne
1563 410 1612 443 pot
1637 408 1696 435 mie
1710 408 1783 436 faire
1801 408 1874 436 Dieu

1044 455 1072 479 et
1087 453 1129 479 soi
1155 462 1211 480 une
1227 454 1313 481 chose
1330 462 1389 481 mes
1406 453 1433 481 la
1459 454 1537 481 force
1560 453 1595 481 de
1617 453 1739 490 lesperit
1762 454 1812 482 tlst
1826 454 1872 482 soi

1044 500 1072 524 et
1087 497 1113 524 la
1130 497 1199 525 char
1215 507 1253 525 un
1271 501 1350 526 Dleu.

1081 568 1134 599 Qui
1151 569 1228 596 sofi‘ri
1251 570 1369 604 passion
1395 579 1447 606 por
1471 572 1570 598 nostro
1597 569 1659 597 salu
1685 570 1823 598 descendi
1840 578 1874 598 as

1045 614 1181 640 enternex
1196 622 1231 640 au
1249 615 1304 641 tier
1315 614 1364 649 jor
1379 615 1522 642 resuscita
1537 615 1572 642 de
1592 617 1669 642 mort
1694 614 1766 642 Icelo
1788 615 1875 642 chars

1046 666 1101 693 que
1117 658 1135 684 il
1150 658 1295 694 Esperites
1313 660 1406 694 prinst
1422 668 1455 687 en
1483 660 1511 687 la
1527 659 1689 695 glorieusse
1704 659 1791 695 Virga
1808 667 1872 687 mo-

1046 707 1094 731 rut
1106 712 1157 739 pro
1174 713 1226 731 nos
1243 713 1357 738 sauver,
1378 707 1407 732 et
1431 705 1568 733 descendi
1586 714 1602 733 a
1626 705 1708 733 enfer
1734 714 1788 741 por
1801 704 1876 733 deli-

1045 757 1111 775 vrer
1126 757 1173 776 ses
1189 749 1264 776 amis
1279 750 1329 784 qui
1345 750 1470 777 estoient
1485 752 1512 777 et
1531 750 1560 777 la
1586 750 1663 777 force
1687 750 1723 777 de
1738 749 1877 786 lespsrite

1046 792 1073 820 la
1098 793 1147 820 fiat
1170 793 1327 821 resusciter
1350 796 1378 821 et
1405 793 1552 829 lamporta
1574 793 1646 822 osoi.
1673 794 1694 822 Il
1718 796 1820 822 monts
1845 802 1878 822 es

1046 837 1138 864 cieuls
1153 839 1180 864 et
1195 837 1251 865 siet
1267 838 1313 865 ala
1330 838 1427 865 desire
1443 838 1479 865 de
1496 839 1565 865 Dieu
1585 838 1612 866 le
1628 839 1697 866 Pere
1712 840 1777 866 tout
1792 838 1877 874 puis-

1046 884 1113 909 sant
1129 882 1224 909 diluec
1240 885 1285 909 est
1300 882 1507 918 avenirjugier
1522 882 1564 910 les
1579 882 1622 910 vis
1636 885 1664 910 et
1679 882 1722 910 les
1738 891 1828 911 mors.

1085 944 1204 971 Nostres
1230 944 1303 972 sires
1333 945 1423 972 Jhesu
1449 945 1511 972 Criz
1527 945 1577 980 qui
1604 944 1706 973 souﬁ‘ri
1731 947 1808 973 mort
1824 952 1881 981 por

1048 997 1102 1016 nos
1117 991 1146 1015 et
1161 989 1297 1016 descendi
1314 999 1331 1016 ι
1347 989 1427 1016 cnfer
1452 997 1504 1025 por
1528 997 1575 1016 ses
1602 989 1688 1017 amis.
1705 992 1734 1017 et
1749 990 1880 1018 resucita

1048 1033 1084 1060 de
1102 1035 1177 1060 mort
1193 1041 1209 1060 ο.
1224 1033 1268 1061 vie
1284 1036 1313 1061 et
1324 1036 1426 1061 monts
1445 1042 1476 1061 ea
1487 1033 1573 1062 sciels
1584 1034 1747 1062 descendra
1761 1042 1798 1062 au
1811 1033 1882 1069 jour

1048 1077 1093 1105 del
1112 1077 1181 1105 ivise
1196 1086 1271 1113 pour
1293 1078 1392 1113 jugier
1414 1078 1456 1106 les
1480 1078 1522 1106 vis
1547 1081 1575 1106 et
1599 1078 1641 1106 les
1657 1080 1814 1107 morts.Au
1829 1078 1881 1107 cui

1048 1125 1222 1149 avenement
1238 1123 1295 1149 tuit
1315 1123 1333 1149 li
1350 1131 1415 1150 ome
1429 1125 1479 1150 ont
1504 1123 1681 1150 aresusciter
1700 1131 1716 1150 e
1737 1122 1801 1151 leur
1814 1131 1883 1151 cors

1049 1170 1077 1195 et
1094 1170 1162 1194 sunt
1178 1167 1300 1194 arendre
1316 1167 1351 1194 de
1380 1167 1443 1194 leur
1467 1175 1572 1203 propro
1596 1167 1650 1195 feiz
1671 1175 1767 1196 reson.
1784 1168 1884 1200 Quant

1048 1215 1146 1239 nostre
1171 1212 1245 1239 sires
1269 1212 1359 1239 Jhesu
1384 1211 1446 1239 Criz
1474 1212 1582 1240 vendre
1595 1212 1694 1247 jugior
1721 1211 1748 1240 le
1773 1212 1883 1240 monde

1048 1256 1107 1283 lors
1131 1259 1284 1283 revenront
1305 1259 1401 1284 toutes
1425 1265 1498 1292 genz
1523 1265 1559 1284 en
1584 1257 1666 1284 chair
1689 1259 1718 1284 et
1741 1265 1778 1284 en
1793 1265 1827 1285 os
1851 1258 1883 1284 et

1049 1300 1112 1328 leur
1125 1309 1156 1328 es
1171 1302 1336 1328 convendra
1350 1302 1455 1329 rendre
1471 1301 1565 1329 reison
1589 1302 1625 1329 de
1648 1300 1713 1329 leur
1737 1308 1876 1329 uueures.

1050 1346 1082 1372 Et
1092 1344 1128 1372 cil
1147 1345 1194 1380 qui
1212 1345 1277 1373 bien
1295 1345 1380 1372 {irent
1394 1346 1472 1373 iront
1492 1354 1526 1373 en
1541 1346 1586 1373 vie
1602 1345 1787 1382 pardurable.
1804 1345 1879 1374 meis

1052 1389 1088 1417 cil
1103 1390 1153 1425 qui
1169 1389 1226 1417 mal
1244 1390 1330 1417 firent
1345 1390 1424 1417 iront
1436 1398 1471 1417 en
1488 1391 1534 1418 {eu
1547 1391 1596 1426 qui
1614 1391 1720 1418 durera
1736 1398 1806 1418 sans
1822 1390 1880 1418 fin.

1051 1434 1089 1463 En
1115 1435 1142 1462 la
1164 1434 1255 1470 gloire
1280 1435 1349 1462 Dieu
1380 1437 1540 1468 enterront,
1569 1435 1606 1462 cil
1622 1435 1673 1471 qui
1696 1435 1755 1463 mal
1771 1437 1880 1464 suront

1050 1488 1120 1507 oure
1136 1479 1347 1507 descenderant
1362 1487 1397 1506 en
1418 1480 1507 1507 enfer.
1525 1480 1625 1507 Cestes
1646 1482 1690 1508 est
1707 1480 1735 1507 la
1749 1479 1787 1508 toi
1803 1488 1884 1508 com-

1051 1532 1139 1551 mune
1155 1523 1182 1550 la
1198 1523 1264 1559 qucl
1279 1531 1309 1551 se
1329 1524 1456 1551 checuus
1480 1532 1573 1551 nsura
1595 1532 1681 1552 creue
1696 1523 1835 1552 Ieelment
1851 1526 1884 1553 et

1055 1569 1228 1596 fermement
1250 1577 1320 1595 saus
1344 1577 1379 1595 ne
1401 1577 1487 1604 porra
1513 1569 1670 1596 estre.llex
1693 1571 1738 1597 est
1764 1568 1794 1596 la
1820 1577 1883 1597 ore-

1051 1622 1121 1641 auce
1137 1613 1172 1640 de
1188 1613 1281 1640 seinte
1297 1613 1452 1641 crestiente
1478 1621 1593 1641 comme
1608 1613 1664 1641 ciet
1679 1613 1809 1641 siaumes
1825 1621 1883 1642 nos

168 1651 216 1678 uie
241 1660 298 1679 une
322 1660 406 1687 parce
431 1661 489 1688 que
513 1652 540 1680 la
564 1654 656 1681 deitez
682 1655 740 1682 fust
755 1664 839 1683 muee
862 1665 897 1683 en
922 1657 993 1684 cher
1009 1652 1030 1685 C
1049 1659 1147 1686 devise
1163 1661 1192 1685 et
1201 1658 1251 1694 qui
1263 1657 1316 1685 issi
1331 1666 1367 1685 ne
1382 1658 1455 1685 croit
1469 1658 1593 1686 damnez
1607 1666 1673 1686 sera
1688 1657 1883 1694 pardurshleo

167 1703 231 1723 mes
246 1704 332 1732 porco
348 1704 404 1732 que
420 1696 448 1724 la
464 1698 534 1725 char
550 1706 619 1726 mus
635 1699 663 1726 ls
679 1700 769 1728 deitez
786 1709 821 1728 en
835 1700 917 1736 Dieu,
935 1701 995 1730 Uns

1052 1705 1142 1730 ment.

916 1832 1128 1861 ADMONITIO.

168 1877 218 1905 Hic
229 1877 354 1913 Symboli
367 1878 539 1917 Quicunque
553 1881 765 1908 commentarius
788 1881 878 1917 prodit
899 1889 934 1908 ex
956 1882 1049 1909 codice
1073 1882 1242 1910 bibliothecae
1263 1881 1358 1910 Sancti
1385 1883 1522 1911 Germani
1544 1891 1562 1910 α
1586 1883 1679 1910 Prati:
1702 1890 1818 1912 numero
1830 1882 1885 1911 190

417 1915 628 1950 quingenton
643 1917 753 1944 circiter
766 1915 913 1950 aimorum,
929 1925 984 1945 non
1006 1917 1139 1952 indigna;
1153 1919 1201 1954 qui
1214 1918 1336 1946 studioso
1350 1919 1444 1947 lectori
1456 1918 1630 1946 exhibeatur.

651 1965 779 1993 INCIPIT
794 1966 983 1995 TRACTATUS
1002 1968 1049 1995 DE
1067 1967 1144 1995 FIDE
1158 1966 1344 1996 CATHOLICA

206 2026 227 2053 Ι.
245 2026 416 2058 ΟυιευΝουε
446 2028 503 2054 vult
524 2028 620 2055 salvus
644 2036 701 2055 esse
730 2030 795 2056 ante
822 2030 916 2057 omnia
930 2037 998 2064 opus

173 2075 212 2098 est
225 2073 256 2098 ut
269 2073 360 2099 teneat
373 2072 538 2100 catholicam
554 2072 646 2106 fidem.
672 2072 723 2100 Hio
749 2074 853 2102 beatus
868 2074 997 2102 Athana-

170 2116 234 2143 sius
249 2115 371 2144 liberum
389 2117 543 2145 arbitrium
562 2117 676 2152 posuit:
695 2118 771 2145 sicut
786 2118 856 2145 dicit
872 2119 900 2145 in
917 2119 998 2146 Psal-

172 2168 220 2187 mo
237 2169 244 2188 :
262 2161 328 2195 Qui:
342 2166 382 2189 est
397 2162 477 2189 homo
491 2163 540 2197 qui
554 2162 612 2189 vult
626 2163 710 2189 vitam
728 2170 734 2189 :
751 2162 785 2196 ⁸³,
801 2165 829 2190 et
843 2163 951 2190 iterum
968 2164 997 2190 in

172 2205 329 2241 Evengelio
353 2206 415 2242 ipsa
445 2206 560 2234 Veritas
589 2207 629 2234 ait
654 2216 660 2234 :
689 2208 744 2241 Qui
758 2208 817 2235 vult
834 2209 927 2235 venire
941 2212 999 2243 post

172 2257 215 2277 me
228 2250 261 2284 ⁸³,
277 2250 417 2278 similiter
429 2254 459 2278 et
474 2251 532 2285 hic,
545 2251 712 2287 Quicumque
726 2252 794 2280 vult.
811 2253 905 2284 Quare
921 2252 999 2280 Deus

172 2294 360 2330 omnipotens
375 2295 490 2323 nullum
518 2296 668 2324 hominem
693 2296 816 2324 invitum
842 2300 893 2324 aut
916 2305 998 2325 coac-

169 2341 233 2367 tum
250 2340 340 2367 trahit
357 2341 391 2368 ad
410 2340 508 2372 ﬁdem,
525 2340 580 2368 nisi
598 2341 648 2377 qui
673 2349 728 2368 sua
751 2341 870 2377 propria
893 2341 995 2369 volun-

174 2386 232 2412 tate
246 2384 308 2411 vult
321 2384 421 2413 venire
436 2386 470 2412 ad
488 2385 587 2413 ﬁdem.
604 2386 660 2414 Sed
676 2385 845 2421 quicunque
863 2386 923 2413 vult
938 2386 997 2414 sal-

169 2437 225 2456 vus
239 2437 304 2456 esse
320 2429 346 2456 in
364 2437 483 2466 corpore
504 2429 548 2457 vel
573 2430 682 2458 anima.
710 2430 871 2458 necessitas
892 2433 937 2458 est
953 2430 997 2458 illi

170 2475 202 2501 ut
216 2475 314 2501 teneat
329 2473 502 2502 catholicam
519 2474 618 2503 ﬁdem.
631 2475 725 2507 Qusre
740 2477 807 2502 ante
821 2483 907 2503 omne
923 2484 998 2511 opus

170 2525 289 2546 uecesu
304 2521 350 2546 est
361 2521 394 2546 ut
409 2519 481 2546 fides
497 2519 658 2554 praecedat;
678 2521 745 2547 ante
760 2527 877 2547 omnem
893 2528 996 2555 opera-

170 2562 290 2598 tionem,
305 2565 566 2601 ante_omnemque
581 2563 810 2597 inchoationem,
826 2567 894 2592 ante
910 2572 998 2592 omne

170 2607 347 2643 principium
373 2608 537 2644 uniquique
562 2616 637 2644 opus
652 2610 696 2636 est
716 2611 748 2636 ut
762 2610 860 2637 teneat
875 2609 996 2637 catholi-

170 2660 235 2680 cam
253 2653 352 2689 ﬁdem,
377 2652 492 2680 dicente
516 2652 679 2689 Apostolo:
705 2653 772 2681 Sine
794 2653 847 2688 ﬁde
870 2654 996 2689 impossi-

170 2696 224 2726 bile
236 2701 276 2725 ut
289 2697 397 2733 placere
414 2699 467 2725 Deo
481 2697 514 2724 ".
541 2697 623 2726 Unde
646 2700 675 2726 et
698 2699 835 2726 Habacuc
856 2698 998 2734 propheta

171 2741 212 2770 sit
228 2750 235 2770 :
250 2742 344 2770 Justus
364 2743 458 2770 autem
483 2750 519 2770 ea:
541 2741 599 2778 ﬁde
622 2743 690 2771 vivit
708 2742 744 2771 ³⁵.
772 2742 913 2770 Catholica
930 2751 936 2770 :
953 2745 998 2771 est

170 2793 267 2816 sermo
282 2785 411 2820 Graecus,
427 2787 529 2815 Latine
552 2787 775 2823 interpretatur.
797 2787 936 2823 generalis
953 2787 996 2815 vel

1052 2030 1230 2058 universalis.
1247 2029 1397 2058 Generalis
1413 2029 1539 2065 pertinet
1553 2030 1589 2057 ad
1605 2038 1709 2058 omnes
1722 2029 1859 2058 homines
1875 2038 1885 2058 :

1054 2074 1229 2102 universalis
1242 2075 1310 2108 quia
1326 2083 1377 2110 per
1392 2075 1561 2102 universum
1587 2074 1688 2102 orbem
1704 2074 1813 2102 diffusa
1825 2077 1884 2103 est.

1053 2119 1138 2147 Fides
1153 2121 1197 2146 est
1213 2119 1371 2146 credulitas
1383 2128 1440 2154 qus
1451 2119 1592 2146 veraciter
1604 2119 1752 2147 credimus
1762 2119 1792 2147 id
1804 2119 1885 2155 quod

1055 2172 1244 2200 nequaquam
1261 2164 1360 2191 videre
1374 2163 1517 2191 valemus.
1531 2162 1614 2191 Unde
1626 2163 1785 2199 Apostolus
1794 2163 1883 2192 dicit:

1053 2208 1131 2235 Fides
1145 2212 1184 2235 est
1206 2208 1405 2243 spei-undarum
1430 2208 1584 2235 subitantia
1606 2216 1713 2241 rerum,
1730 2215 1885 2243 argumen-

1055 2254 1112 2279 tum
1126 2260 1182 2280 non
1193 2254 1388 2288 apparentium
1398 2252 1430 2279 ⁸⁸.
1447 2252 1556 2280 Dicitur
1571 2253 1649 2280 enim
1666 2252 1739 2280 ﬁdes
1753 2260 1787 2280 eo
1802 2253 1884 2289 quod

1054 2296 1086 2324 ﬁt
1102 2297 1178 2325 inter
1196 2297 1289 2325 Deum
1314 2300 1343 2325 et
1370 2296 1530 2325 hominem.
1556 2297 1643 2324 Istam
1669 2297 1769 2332 ﬁdem,
1793 2297 1883 2325 istam

1012 2352 1036 2385 Ι)
1054 2341 1257 2369 credulitatem
1283 2344 1351 2369 ante
1374 2341 1483 2374 omnia,
1510 2341 1596 2368 nobis
1620 2349 1696 2377 opus
1710 2344 1756 2369 est
1771 2343 1883 2375 tene”,

1051 2386 1121 2421 quia
1136 2385 1209 2413 fides
1224 2388 1269 2413 est
1284 2385 1509 2413 fundamentum
1529 2385 1663 2413 omnium
1677 2385 1833 2414 virtutum.
1846 2385 1885 2414 Et

1053 2430 1163 2458 idcirco
1179 2430 1262 2466 prius
1277 2430 1456 2458 aedificemus
1472 2430 1560 2458 ﬁdem
1576 2438 1641 2466 qua
1651 2431 1697 2458 est
1707 2430 1887 2459 fundamen-

1052 2476 1116 2502 tum
1132 2477 1162 2502 et
1177 2483 1266 2511 super
1275 2482 1341 2502 eam
1364 2476 1483 2502 caeteras
1496 2475 1620 2502 virtutes
1637 2482 1644 2502 :
1661 2474 1732 2511 quis
1745 2475 1811 2503 sine
1824 2474 1885 2504 ﬁde

1052 2519 1152 2547 nullus
1167 2519 1268 2547 salvus
1282 2527 1347 2547 esse
1363 2521 1468 2555 potest.

1086 2565 1113 2591 2-
1125 2565 1210 2599 Quam
1227 2565 1284 2592 nisi
1298 2565 1412 2600 quisque
1433 2564 1572 2598 integram
1584 2563 1805 2600 inviolatamque
1822 2571 1883 2592 ser-

1050 2610 1156 2637 υιιυανὶι
1170 2609 1271 2645 absque
1280 2609 1368 2636 dubio
1382 2609 1414 2636 in
1428 2613 1559 2636 aeternus
1566 2608 1677 2644 peribit.
1686 2608 1780 2641 Onam
1791 2608 1883 2637 ﬁdem

1052 2653 1107 2681 nisi
1117 2652 1409 2689 quisqueintogram,
1421 2652 1450 2680 id
1462 2655 1506 2680 est
1519 2652 1883 2690 unusquiqueintegrun

1052 2700 1082 2726 et
1096 2697 1212 2733 plenam
1232 2700 1260 2725 et
1280 2698 1439 2733 perlectam
1465 2697 1634 2731 servaverit.
1646 2697 1675 2725 id
1695 2700 1740 2725 est
1758 2699 1793 2726 ut
1814 2705 1885 2727 esus

1052 2750 1109 2770 non
1127 2741 1243 2770 scindat
1258 2750 1309 2777 per
1325 2741 1457 2770 hmresim
1474 2749 1569 2777 neque
1582 2741 1618 2769 ab
1634 2741 1706 2769 ulllo
1720 2741 1886 2772 schismate

1052 2789 1268 2823 corrumpatur.
1285 2786 1464 2820 Inoinlatam,
1481 2785 1510 2813 id
1525 2787 1580 2821 est.
1597 2788 1631 2814 ut
1657 2793 1723 2814 eam
1747 2794 1807 2815 non
1823 2787 1887 2815 vis.

205 2875 230 2894 υ
246 2875 321 2904 ιιιιι.
335 2883 436 2910 um,
454 2876 497 2904 ut.
534 2876 807 2913 "Ilstth.xv1,2£.
845 2877 868 2895 ιι
878 2877 965 2906 Hebr.
981 2885 993 2906 ι

1051 2888 1064 2905 ›.
1100 2876 1124 2895 ⁸⁵
1136 2875 1232 2905 Galat.
1248 2876 1291 2911 nl,
1310 2876 1352 2904 11.
1389 2875 1477 2904 Hebr.
1493 2883 1534 2911 ιι,
1551 2875 1576 2903 1.
