4162 6378
345 435 496 494 1597

1380 430 1476 490 EX
1488 429 1798 492 POSlTIO
1845 427 2001 490 SYM
2015 428 2189 488 BOLl
2235 427 2710 502 QUICUNQUE.

3600 423 3758 484 1598

340 564 420 620 let
452 564 601 618 male
646 564 922 628 docendo,
976 568 1151 634 atque
1204 562 1593 634 praedicando,
1645 568 1709 616 ut
1759 562 1806 615 si
1858 577 1984 616 eam
2019 562 2072 627 Α
2105 559 2652 629 lius,nonoreatura
2672 556 3760 629 sicutAriusdicebat,quiasimulom-

344 670 455 707 non
511 651 853 706 custodierit
904 652 1190 722 integram
1251 656 1307 705 et
1362 650 1724 714 inviolatam,
1775 649 1996 719 absque

345 742 521 797 dubio
557 743 612 794 in
645 749 861 795 aeterna
891 742 1267 794 damnatione
1297 740 1527 810 peribit.

417 833 469 886 3.
505 833 658 884 Fides
705 835 888 883 autem
933 830 1207 884 catholica
1255 831 1366 883 haec
1404 838 1503 892 est,
1537 839 1596 882 ut
1627 847 1801 884 unum
1833 830 1997 882 Deum

348 922 406 974 in
435 923 701 975 Trinitate
727 930 777 973 et
802 920 1117 972 Trinitatem
1143 921 1200 971 in
1232 921 1445 972 unitate
1466 935 1808 973 veneremur.
1833 918 1998 972 Nunc

351 1011 684 1063 manilestat
721 1009 856 1078 quid
893 1014 982 1061 est
1015 1009 1180 1068 ﬁdes,
1214 1007 1298 1060 vel
1335 1007 1526 1077 qualis
1569 1011 1675 1073 est,
1723 1006 1806 1060 vel
1857 1023 1998 1074 qua-

351 1098 484 1153 liter
522 1100 925 1166 unusquisque
957 1098 1189 1151 credere
1222 1097 1448 1151 debeat.
1502 1098 1560 1152 Ut
1613 1113 1784 1149 unum
1836 1097 2000 1149 Deum

349 1190 405 1243 in
444 1190 707 1242 'I'rinitate
737 1189 784 1240 et
833 1188 1158 1240 Trinitatem
1192 1187 1247 1238 in
1280 1188 1491 1238 unitate
1523 1201 1859 1238 veneremur.
1897 1189 1998 1237 De-

351 1277 555 1330 bemus
589 1277 769 1330 Deum
805 1275 1036 1328 credere
1067 1275 1284 1328 trinum
1329 1280 1383 1327 et
1435 1291 1638 1328 unum.
1699 1273 1887 1327 Unum
1942 1272 2000 1325 in

349 1363 705 1428 substantia,
729 1367 785 1416 et
819 1363 1036 1415 trinum
1072 1362 1126 1414 in
1165 1360 1447 1430 personis.
1470 1361 1584 1414 Nec
1617 1365 1852 1430 propter
1871 1357 2000 1412 Tri-

347 1457 591 1508 nitatem
628 1453 912 1505 debemus
944 1449 1239 1503 dimittere
1273 1450 1583 1512 unitatem,
1617 1464 1720 1502 nec
1769 1450 2003 1518 prepter

347 1543 634 1598 unitatem
669 1541 953 1594 debemus
985 1539 1278 1593 dimittere
1307 1538 1672 1592 Trinitatem.
1700 1536 1769 1591 Ut
1805 1537 1998 1606 ipsum

347 1648 522 1704 quem
560 1629 828 1696 colimus,
859 1628 1176 1696 credimus,
1213 1644 1393 1682 unum
1429 1643 1776 1681 veneremur
1807 1629 1862 1679 et
1895 1623 2000 1678 tri—

349 1738 511 1789 num,
547 1735 729 1773 unum
785 1723 1018 1788 propter
1058 1718 1342 1771 unitatem
1377 1716 1745 1781 substantiae,
1780 1715 1999 1769 trinum

348 1815 585 1881 propter
616 1823 999 1880 personarum
1032 1807 1330 1861 vocabula.
1364 1805 1743 1874 Veneremur,
1783 1804 1836 1858 id
1887 1809 1997 1871 est,

349 1900 681 1954 adoremus.

421 1989 470 2042 4.
507 1993 687 2057 Neque
716 1987 1106 2056 confundentes
1134 2000 1392 2054 personas
1429 1999 1601 2053 neque
1629 1982 2004 2036 substantiam

348 2089 685 2147 separantes.
719 2076 1086 2130 Conl‘undere
1116 2078 1205 2128 est
1236 2072 1632 2125 commiscere.
1668 2073 1856 2135 Quare
1886 2086 2001 2123 non

348 2167 632 2220 debemus
683 2171 909 2219 tantum
964 2180 1139 2217 unam
1200 2177 1506 2233 personam
1562 2160 1815 2222 credere,
1853 2157 2005 2213 sicut

346 2253 634 2309 Sabellius
668 2253 977 2308 haereticus
1010 2253 1328 2313 asserebat,
1375 2251 1474 2303 sed
1526 2253 1645 2303 tres
1698 2264 2000 2318 personas,

346 2349 578 2397 Patrem
611 2348 668 2397 et
699 2342 907 2396 Filium
941 2347 998 2396 et
1029 2341 1312 2410 Spiritum
1356 2344 1648 2392 sanctum.
1702 2336 1817 2390 Nec
1864 2337 2000 2389 sub-

347 2431 623 2488 stantiam
655 2447 946 2501 separare,
981 2436 1044 2482 ut
1072 2429 1245 2482 Arius
1279 2427 1584 2481 haereticus
1617 2425 1952 2479 affirmabat
1984 2439 1996 2478 :

347 2521 576 2575 dicebat
606 2520 760 2573 enim
804 2520 957 2590 quod
1005 2519 1158 2572 sicut
1206 2522 1370 2570 erant
1425 2522 1544 2570 tres
1603 2531 1861 2586 personas
1922 2514 2002 2566 ita

348 2610 597 2665 fuissent
627 2613 682 2663 et
714 2616 830 2662 tres
862 2605 1222 2662 substantiae.
1256 2610 1484 2659 Patrem
1530 2605 1830 2659 asserebat
1877 2619 2003 2656 ma-

346 2701 533 2771 jorem
569 2698 731 2761 Filio,
771 2697 977 2752 Filium
1015 2696 1296 2750 minorem
1333 2699 1519 2760 Patre,
1555 2693 1834 2764 Spiritum
1867 2708 2002 2746 san-

352 2795 510 2844 ctum
544 2787 882 2842 ministrum
915 2802 1115 2840 eorum
1147 2784 1391 2838 dicebat.
1417 2783 1759 2838 Substantia
1788 2782 2005 2835 dicitur

355 2894 421 2932 eo
473 2877 627 2947 quod
683 2892 751 2929 ex
800 2875 1117 2944 semetipsa
1162 2873 1465 2928 subsistat.
1499 2871 1842 2927 Substantia
1871 2885 2002 2924 vero

358 2981 671 3021 commune
709 2969 798 3019 est
837 2979 1048 3018 nomen
1097 2963 1360 3017 omnium
1419 2977 1614 3016 rerum
1663 2977 1791 3031 quas
1841 2964 2000 3014 sunt.

362 3053 580 3110 Caelum
616 3053 793 3121 enim,
828 3051 935 3114 sol,
969 3051 1128 3119 luna,
1160 3057 1334 3112 terra.
1368 3051 1604 3104 arbores
1635 3054 1691 3102 et
1733 3048 2004 3104 homines

359 3141 702 3198 substantiae
735 3142 1030 3195 dicuntur.
1071 3141 1218 3194 Deus
1252 3140 1431 3210 igitur
1460 3139 1794 3193 substantia
1827 3143 1916 3192 est
1949 3141 2006 3192 et

349 3233 684 3287 substantia
709 3230 913 3300 prima,
941 3235 997 3284 et
1019 3229 1283 3284 omnium
1309 3229 1779 3283 substantiarum
1804 3244 2001 3291 causa,

2109 650 2201 704 nia
2227 651 2443 705 creavit
2466 668 2598 705 cum
2625 651 2809 706 Patre.
2836 650 3118 705 Similiter
3140 655 3197 702 et
3215 648 3465 719 Spiritus
3492 651 3754 701 sanctus.

2175 740 2227 793 9.
2263 742 2568 794 lmmensus
2624 743 2808 806 Pater,
2859 741 3159 793 immensus
3208 737 3411 806 Filius,
3465 738 3760 790 immensus

2107 828 2348 899 Spiritus
2391 838 2637 884 sanctus.
2691 831 3040 894 immensus,
3091 827 3231 898 quia
3275 829 3402 896 ejus
3463 823 3758 895 magnitu-

2108 918 2302 972 dinem
2338 917 2422 970 vel
2464 918 2852 989 quantitatem
2896 916 3093 971 nullus
3149 929 3488 969 mensurare
3548 917 3758 984 potest,

2110 1007 2247 1077 quia
2295 1007 2435 1061 caelo
2495 1012 2585 1061 est
2640 1005 2940 1072 excelsior,
2983 1011 3039 1060 et
3098 1011 3250 1058 terra
3307 1002 3650 1074 prol'undior
3707 1005 3762 1056 et

2110 1097 2280 1150 latior
2312 1097 2472 1151 mari.
2511 1098 2578 1151 Et
2623 1102 2712 1151 est
2752 1094 3324 1164 incircumscriptus,
3357 1093 3758 1163 incorporeus,

2110 1185 2396 1254 inlocslis,
2432 1187 2649 1258 ubique
2681 1189 2859 1250 totus,
2893 1190 2949 1238 et
2981 1201 3093 1237 non
3136 1188 3224 1236 est
3266 1181 3427 1236 locus
3485 1179 3584 1234 ubi
3645 1195 3760 1234 non

2112 1274 2207 1345 sit,
2244 1276 2395 1329 sicut
2427 1276 2565 1329 dicit
2594 1276 2648 1328 in
2687 1273 2918 1328 Psalmo
2954 1291 2966 1328 :
3019 1272 3080 1327 Si
3129 1271 3422 1326 ascendero
3455 1272 3511 1324 in
3543 1270 3758 1336 caelum,

2111 1373 2169 1419 tu
2223 1366 2340 1418 illic
2395 1381 2481 1433 es,
2541 1366 2591 1418 si
2647 1362 2965 1419 descendere
3023 1361 3093 1417 ad
3150 1363 3456 1431 infernum,
3519 1358 3645 1413 ades
3692 1357 3758 1412 ⁸⁷.

2112 1454 2177 1508 Et
2210 1454 2255 1508 si
2289 1454 2444 1508 ivero
2479 1455 2546 1508 ad
2581 1458 2840 1507 extrema
2875 1451 3079 1517 maris,
3111 1450 3189 1504 ibi
3233 1465 3324 1503 me
3373 1449 3610 1503 dextera
3657 1450 3760 1501 tua

2111 1543 2354 1596 tenebit.
2383 1544 2512 1613 Ipse
2543 1547 2632 1596 est
2654 1542 2810 1596 enim
2838 1542 2990 1594 intra
3013 1538 3211 1595 omnia
3233 1542 3288 1593 et
3321 1554 3435 1592 non
3469 1535 3760 1598 inclusus,

2110 1636 2268 1686 extra
2300 1632 2499 1684 omnia
2529 1635 2586 1684 et
2629 1646 2742 1684 non
2798 1629 3090 1684 exclusus.
3144 1625 3426 1682 Similiter
3476 1630 3533 1680 et
3584 1624 3762 1679 Filius

2111 1720 2210 1792 qui
2261 1719 2495 1791 attingit
2540 1738 2571 1774 a
2621 1720 2735 1773 fine
2789 1734 2975 1788 usque
3024 1718 3094 1772 ad
3151 1717 3325 1771 ﬁnem
3389 1714 3630 1770 fortiter.
3685 1718 3763 1769 De

2110 1827 2225 1881 quo
2286 1809 2572 1879 scriptum
2633 1813 2722 1862 est
2779 1826 2791 1863 :
2865 1808 3028 1861 Verbo
3085 1807 3309 1861 Domini
3363 1805 3488 1860 εαξιί
3545 1803 3758 1873 ﬁrmati

2109 1903 2238 1954 sunt
2288 1899 2352 1951 ⁸⁸.
2415 1898 2543 1952 Pari
2605 1897 2778 1952 modo
2839 1901 2895 1950 et
2956 1896 3210 1965 Spiritus
3271 1897 3546 1963 sanctus,
3606 1892 3763 1947 unde

2113 1989 2329 2042 dicitur
2389 2004 2401 2041 :
2479 1986 2714 2057 Spiritus
2772 1986 2996 2040 Domini
3052 1984 3284 2055 replevit
3341 1983 3529 2037 orbem
3580 1986 3760 2036 terra-

2111 2094 2237 2131 rum
2275 2077 2338 2130 ⁸ο.

2186 2168 2272 2220 10.
2307 2169 2572 2221 Λέιενηιιε
2609 2170 2789 2229 Pater,
2819 2172 3062 2219 aeternus
3099 2164 3298 2232 Filius,
3342 2167 3588 2218 aeternus
3637 2159 3762 2229 Spi-

2111 2257 2253 2309 ritus
2301 2264 2541 2309 sanctus.
2576 2253 2677 2308 Hic
2715 2259 2995 2306 aeternum
3046 2267 3150 2323 pro
3201 2251 3555 2322 sempiterno
3589 2249 3762 2303 debe-

2114 2361 2246 2398 mus
2278 2343 2623 2414 intelligere.
2660 2347 2926 2397 tEternus
2960 2346 3107 2395 Deus
3158 2341 3396 2404 dicitur,
3450 2339 3587 2409 quia
3637 2339 3764 2392 sine

2112 2432 2278 2488 initio
2309 2437 2366 2488 et
2396 2433 2522 2486 sine
2561 2433 2675 2485 ﬁne
2725 2435 2998 2485 constat:
3051 2429 3324 2484 similiter
3366 2434 3423 2483 et
3474 2427 3652 2482 Filius
3709 2430 3766 2482 et

2111 2523 2363 2594 Spiritus
2396 2527 2657 2576 sanctus.
2705 2520 2869 2576 Sicut
2918 2535 3221 2590 nunquam
3284 2535 3399 2573 non
3459 2517 3624 2573 Pater
3679 2516 3766 2572 ita

2112 2628 2416 2682 nunquam
2451 2627 2564 2665 non
2599 2610 2775 2664 Filius
2810 2625 2875 2664 ac
2908 2609 3158 2680 Spiritus
3191 2612 3452 2662 sanctus.

2185 2702 2270 2755 11.
2305 2701 2369 2755 Et
2413 2707 2600 2754 tamen
2643 2715 2751 2753 non
2798 2704 2910 2753 tres
2939 2699 3161 2764 aeterni,
3193 2698 3294 2751 sed
3323 2712 3467 2751 unus
3495 2699 3762 2765 Meritus,

2112 2789 2168 2844 id
2202 2793 2312 2853 est,
2346 2789 2402 2842 in
2438 2788 2792 2842 substantia.

2186 2880 2271 2932 12.
2305 2878 2454 2932 Sicut
2497 2894 2606 2932 non
2635 2881 2744 2932 tres
2786 2878 3042 2946 increati,
3087 2892 3186 2930 nec
3218 2884 3324 2930 tres
3357 2876 3636 2938 immensi,
3669 2872 3765 2928 sed

2111 2985 2252 3023 unus
2284 2970 2555 3022 increatus
2589 2977 2639 3020 et
2672 2983 2816 3020 unus
2846 2968 3162 3021 immensus.
3193 2965 3339 3031 Quia
3369 2980 3552 3019 unum
3586 2967 3672 3018 est
3703 2963 3762 3018 in

2113 3058 2467 3112 substantia.

2188 3147 2271 3200 l3.
2308 3146 2576 3200 Similiter
2601 3146 2938 3216 omnipotens
2969 3147 3152 3210 Pater,
3186 3143 3531 3214 omnipotens
3561 3142 3760 3209 Filius,

2113 3238 2456 3306 omnipotens
2506 3237 2751 3305 Spiritus
2807 3238 3042 3288 sanctus.
3107 3234 3490 3303 Omnipotens
3547 3232 3764 3286 dicitur

347 3324 486 3393 quia
518 3320 784 3374 omnium
821 3335 1014 3373 rerum
1062 3317 1300 3373 Creator
1345 3322 1452 3372 est.
1506 3317 1773 3372 Essentia
1821 3301 2074 3388 igiturC
2112 3301 2284 3380 Pater-
2332 3325 2471 3397 quia
2521 3301 2717 3378 o'mnia
2768 3329 2977 3395 potest,
3030 3340 3145 3377 non
3197 3341 3230 3377 α
3279 3301 3552 3392 patiendo
3606 3319 3762 3391 quod

340 3411 572 3484 proprie
604 3410 674 3463 de
707 3408 819 3462 Deo
852 3407 1085 3474 dicitur,
1117 3409 1256 3478 quia
1297 3423 1532 3478 semper
1579 3411 1668 3461 est
1711 3407 1862 3476 quod
1913 3411 2004 3462 est

344 3501 442 3572 qui
476 3495 978 3553 incommutabilis
1008 3501 1118 3551 est.

418 3590 474 3644 5.
507 3588 630 3644 Alia
675 3595 752 3641 est
799 3589 947 3641 enim
1001 3601 1232 3656 persona
1284 3585 1493 3650 Patris,
1542 3584 1657 3639 alia
1706 3585 1856 3655 Filii,
1882 3584 2004 3640 alia

348 3679 592 3749 Spiritus
621 3678 821 3730 sancti.
851 3676 956 3730 Hic
986 3681 1189 3730 contra
1220 3673 1540 3729 Sabellium
1573 3678 1712 3729 sunt
1742 3690 2002 3745 personas

347 3767 568 3832 divisae,
604 3765 705 3837 qui
755 3764 1057 3820 asserebat
1107 3780 1235 3818 esse
1284 3779 1485 3818 unam.
1525 3762 1673 3827 Quia
1719 3765 1892 3816 Pater
1942 3762 2003 3817 in

343 3873 452 3912 sua
483 3870 733 3928 persona
763 3868 869 3907 nec
899 3857 988 3907 est
1020 3851 1224 3922 Filius,
1259 3851 1359 3906 sed
1391 3855 1621 3906 tantum
1656 3851 1845 3918 Pater,
1897 3867 2003 3906 nec

345 3945 530 4003 Filius
559 3943 618 3999 in
647 3959 756 3998 sua
790 3957 1040 4014 persona
1069 3945 1158 3996 est
1187 3940 1376 4010 Pater,
1405 3939 1504 3995 sed
1535 3943 1764 3994 tantum
1798 3937 2001 4007 Filius,

348 4051 453 4091 nec
483 4033 735 4105 Spiritus
765 4034 1006 4086 sanctus
1039 4030 1096 4084 in
1131 4045 1240 4084 sua
1271 4045 1520 4100 persona
1551 4034 1640 4083 est
1680 4028 1851 4082 Pater
1899 4044 2004 4084 nec

346 4124 550 4187 Filius,
609 4121 712 4176 sed
773 4125 1000 4174 tantum
1062 4118 1319 4186 Spiritus
1375 4123 1662 4173 sanctus:
1722 4133 1791 4171 ex
1841 4121 2000 4171 utro-

350 4228 463 4283 que
496 4210 816 4281 procedens
849 4224 1099 4280 persona
1147 4208 1305 4262 dicta
1360 4211 1449 4262 est
1495 4223 1560 4262 eo
1609 4206 1764 4277 quod
1809 4222 1908 4277 per
1939 4222 2000 4262 se

350 4306 540 4357 sonat.

414 4392 468 4444 6.
503 4389 604 4444 Sed
652 4389 838 4443 Patris
886 4396 936 4442 et
987 4388 1120 4442 Filii
1170 4391 1222 4441 et
1271 4386 1509 4457 Spiritus
1556 4389 1735 4441 sancti
1780 4403 1892 4440 una
1920 4393 2004 4440 est

348 4481 635 4541 divinitas,
668 4477 903 4548 aequalis
951 4477 1148 4547 gloria,
1189 4481 1464 4532 coaeterna
1494 4477 1765 4547 majestas,
1800 4476 1856 4531 id
1889 4481 2000 4544 est,

350 4566 680 4640 coaequalis,
715 4566 839 4622 sine
890 4565 1056 4621 initio
1110 4570 1167 4620 et
1216 4565 1350 4633 fine,
1404 4569 1461 4620 et
1509 4565 1694 4637 gloria
1734 4571 1790 4620 et
1834 4570 1998 4638 pote-

351 4663 517 4715 state.

417 4749 473 4802 7.
508 4746 697 4817 Qualis
748 4745 931 4810 Pater,
982 4744 1113 4798 talis
1161 4744 1353 4810 Filius,
1403 4745 1534 4799 talis
1584 4745 1997 4820 Spiritus_san-

342 4847 480 4894 ctus.
520 4835 668 4902 Quia
699 4835 849 4888 sicut
881 4832 1047 4886 Pater
1077 4837 1166 4886 est
1195 4837 1449 4887 aeternus
1489 4832 1574 4887 vel
1626 4835 1999 4904 omnipotens

346 4941 448 4982 seu
481 4922 814 4989 invisibilis,
849 4921 1122 4976 similiter
1171 4926 1226 4976 et
1272 4920 1453 4975 Filius
1497 4925 1553 4976 et
1582 4921 1832 4993 Spiritus
1863 4939 1999 4978 san-

347 5022 495 5073 ctus.

413 5105 467 5158 8.
527 5105 822 5159 Increatus
880 5101 1067 5164 Pater,
1127 5101 1403 5154 increatus
1461 5101 1661 5165 Filius,
1719 5100 2000 5155 increatus

347 5195 587 5268 Spiritus
620 5192 773 5248 065
804 5197 1046 5248 sanctus.
1080 5192 1166 5254 In,
1199 5191 1531 5261 praepositio
1564 5195 1653 5246 est
1685 5193 1741 5245 in
1775 5191 1882 5246 hoc
1913 5191 1996 5247 lo-

347 5303 433 5351 eo,
459 5301 582 5356 pro,
607 5298 734 5350 non,
759 5281 968 5352 posita.
989 5280 1285 5335 lncreatus
1311 5280 1494 5347 Pater,
1521 5281 1575 5335 id
1599 5285 1708 5345 est,
1733 5297 1847 5335 non
1872 5297 1996 5336 cre-

343 5382 502 5440 atus,
525 5372 665 5445 quia
688 5372 813 5443 ipse
836 5376 923 5425 est
948 5374 1182 5424 Creator
1212 5370 1498 5438 omnium,
1522 5375 1577 5425 et
1599 5388 1632 5424 a
1654 5370 1815 5425 nullo
1837 5387 1996 5426 crea-

338 5471 468 5529 tus;
489 5463 615 5533 ipse
633 5469 718 5515 est
737 5458 999 5513 omnium
1018 5458 1224 5512 Factor
1239 5463 1297 5512 et
1315 5476 1347 5512 a
1366 5458 1528 5515 nullo
1549 5459 1754 5513 factus.
1776 5459 1998 5513 Incres-

338 5559 433 5608 tus
459 5551 661 5616 Filius,
688 5549 984 5603 increatus
1005 5545 1262 5616 Spiritus
1285 5554 1547 5602 sanctus.
1571 5548 1870 5602 lncreatus
1903 5546 1992 5602 Fi-

416 5758 456 5792 "
491 5755 642 5812 Psal.
677 5768 946 5819 cxxxvm,
978 5753 1032 5807 8.
1110 5750 1152 5785 ⁸⁸
1183 5749 1334 5807 Psal.
1367 5767 1547 5823 xxxix,
1577 5753 1630 5805 6.
1709 5751 1755 5787 ⁸⁸
1784 5751 1921 5824 Ssp.
1958 5767 1997 5819 ι,
2027 5751 2084 5807 7.

2112 3432 2225 3470 non
2258 3414 2403 3479 vult,
2443 3415 2541 3468 sed
2597 3431 2630 3468 a
2681 3412 2942 3468 faciendo
2975 3412 3175 3466 omnia
3205 3426 3589 3482 quascumque
3619 3408 3762 3477 vult,

2112 3505 2248 3577 quia
2281 3502 2425 3558 nihil
2460 3501 2541 3556 illi
2573 3501 2938 3574 impossibile
2981 3507 3073 3556 est
3101 3518 3112 3556 :
3170 3501 3544 3571 omnipotens
3583 3503 3638 3554 et
3672 3498 3762 3552 Fi-

2111 3592 2246 3648 lius.
2281 3589 2572 3662 Quidquid
2606 3596 2797 3662 potest
2829 3595 3018 3656 Pater,
3051 3594 3244 3660 potest
3271 3593 3328 3644 et
3370 3587 3576 3655 Filius,
3608 3586 3764 3642 nihi-

2110 3681 2370 3737 lominus
2412 3686 2468 3735 et
2499 3680 2753 3752 Spiritus
2786 3685 3046 3734 sanctus.

2184 3771 2271 3826 14.
2315 3771 2379 3825 Et
2427 3778 2605 3825 tamen
2665 3785 2778 3824 non
2837 3772 2943 3823 tres
2998 3769 3412 3839 omnipotentes,
3467 3765 3563 3820 sed
3616 3780 3763 3818 unus

2113 3862 2469 3931 omnipotens,
2503 3858 2558 3912 id
2593 3863 2700 3925 est,
2733 3858 2791 3912 in
2825 3857 3174 3913 substantia.
3210 3856 3326 3912 Ista
3376 3854 3612 3910 nomina
3657 3853 3763 3908 Ps-

2111 3947 2218 4004 tris
2248 3953 2304 4002 et
2333 3948 2458 4003 Filii
2493 3952 2549 4002 et
2579 3948 2832 4019 Spiritus
2863 3946 3075 4010 sancti,
3108 3962 3236 4016 quas
3279 3961 3432 4016 sirpe
3479 3943 3761 4005 diximus,

2111 4037 2351 4092 relativa
2383 4041 2543 4102 sunt,
2576 4035 2710 4106 quia
2743 4035 2858 4090 alia
2901 4036 2971 4090 ad
3025 4034 3140 4089 alia
3188 4034 3558 4098 referuntur;
3611 4031 3766 4086 sicut

2110 4125 2268 4180 verbi
2301 4124 2490 4196 gratia
2521 4141 2723 4180 servus
2755 4126 2822 4179 ad
2857 4124 3183 4192 dominum,
3217 4121 3494 4177 dominus
3527 4121 3596 4176 ad
3640 4136 3761 4174 ser-

2109 4232 2268 4283 vum,
2305 4215 2585 4283 magister
2640 4214 2709 4267 ad
2770 4211 3128 4284 discipulum
3188 4216 3245 4266 et
3302 4209 3630 4281 discipulus
3687 4210 3760 4264 ad

2111 4304 2455 4373 magistrum
2493 4321 2505 4359 :
2557 4307 2718 4373 pater
2767 4303 2837 4356 ad
2891 4301 3078 4355 lilium
3123 4306 3180 4354 et
3220 4300 3377 4354 illius
3407 4301 3476 4353 ad
3512 4303 3761 4369 patrem.

2110 4394 2254 4459 Quia
2286 4391 2485 4446 nullus
2520 4398 2681 4462 pater
2711 4391 2947 4460 dicitur,
2981 4390 3094 4444 nisi
3128 4389 3340 4444 habeat
3371 4387 3557 4442 tilium
3592 4386 3763 4454 cuius

2109 4482 2186 4537 sit
2215 4488 2397 4552 pater.
2421 4489 2472 4535 et
2505 4479 2705 4534 nullus
2728 4479 2886 4533 ﬁlius
2908 4479 3143 4547 dicitur,
3167 4478 3277 4532 nisi
3304 4478 3513 4532 habeat
3536 4481 3760 4547 patrem

2109 4573 2278 4640 cujus
2337 4568 2493 4623 ﬁlius
2550 4568 2644 4623 sit.
2709 4567 2853 4633 Quia
2913 4570 2963 4622 si
3024 4585 3137 4622 non
3198 4566 3504 4621 habuisset
3546 4563 3758 4632 ﬁlium,

2029 4661 2073 4726 D
2108 4675 2408 4730 nunquam
2440 4656 2746 4712 habuisset
2777 4672 2991 4710 nomen
3026 4655 3229 4727 patris.
3263 4654 3547 4710 Similiter
3575 4652 3760 4724 Spiri-

2107 4752 2203 4802 tus
2235 4753 2474 4802 sanctus
2509 4763 2622 4800 non
2656 4763 2689 4800 a
2720 4761 2804 4810 se,
2833 4745 2932 4799 sed
2967 4744 3220 4814 alicujus
3251 4748 3338 4798 est
3369 4742 3630 4813 spiritus.
3661 4741 3762 4797 Est

2108 4843 2166 4893 et
2197 4837 2432 4907 aliquod
2458 4835 2805 4890 vocabulum
2843 4833 2940 4887 ubi
2979 4833 3224 4904 spiritus
3258 4831 3496 4886 relative
3523 4830 3758 4895 dicitur,

2108 4926 2403 4998 quomodo
2434 4925 2652 4980 donum
2688 4921 2989 4978 donatoris
3019 4927 3076 4976 et
3105 4923 3352 4976 donator
3381 4920 3539 4974 doni.
3575 4923 3756 4974 Dona-

2107 5020 2292 5071 torem
2351 5015 2480 5069 dico
2537 5030 2666 5068 esse
2715 5012 2965 5077 Patrem,
3012 5012 3230 5065 donum
3285 5026 3420 5064 vero
3471 5008 3756 5079 Spiritum

2107 5108 2400 5159 sanctum.
2435 5102 2662 5157 Donum
2699 5102 2948 5155 refertur
2980 5100 3051 5154 ad
3085 5099 3450 5163 donatorsm,
3485 5103 3541 5152 et
3573 5098 3756 5152 dona-

2103 5197 2196 5248 tor
2226 5192 2297 5246 ad
2330 5193 2574 5247 donum.
2607 5191 2748 5246 Ecce
2781 5207 2892 5261 qua
2941 5189 3162 5243 ratione
3214 5186 3468 5257 Spiritus
3513 5191 3757 5241 sanctus

2105 5281 2344 5336 relative
2375 5279 2610 5335 dicitur.

2179 5370 2264 5424 15.
2318 5371 2397 5424 Ita
2454 5370 2588 5424 Deus
2644 5370 2826 5438 Pater,
2886 5369 3022 5422 Deus
3080 5367 3277 5435 Filius,
3321 5365 3464 5420 Deus
3520 5364 3760 5434 Spiritus

2103 5463 2344 5514 sanctus.
2373 5463 2522 5512 Deus
2555 5457 2854 5528 proprium
2889 5471 3100 5509 nomen
3125 5453 3428 5509 Trinitatis
3462 5453 3760 5523 pertinens

2104 5547 2176 5603 ad
2210 5551 2439 5601 Patrem
2471 5552 2527 5602 et
2552 5545 2762 5600 Filium
2794 5549 2849 5600 et
2869 5543 3149 5616 Spiritum
3184 5547 3480 5609 sanctum,
3505 5540 3755 5598 transla-
