2081 3189
166 198 244 230 1599

165 309 242 338 citur
259 310 351 343 Theos,
368 311 396 339 id
414 315 458 340 est
473 314 567 349 timor,
589 315 666 342 unde
691 318 816 343 tractum
842 318 886 343 est
914 316 991 343 Deus

166 355 246 389 quod
261 363 329 383 eum
345 356 510 385 colentibus
526 359 564 386 sit
578 360 675 387 timor.
701 360 855 396 Proprium
885 369 991 387 nomen

165 400 211 426 est
228 399 322 434 Pater,
339 401 408 435 quia
425 402 504 429 solus
527 406 572 430 est
597 405 689 439 Pater,
714 407 741 432 et
764 405 915 440 proprium
941 414 991 432 no-

166 451 233 470 men
250 446 295 471 est
312 444 412 481 Filius,
429 447 499 481 quia
514 447 596 475 solus
612 448 700 476 Filius
716 452 761 476 est
780 458 796 476 a
821 449 881 477 solo
898 449 991 484 Patre,

166 489 195 515 et
210 489 360 523 proprium
377 498 482 518 nomen
497 494 541 519 est
556 493 683 529 Spiritus
703 497 832 528 sanctus,
859 494 928 530 quia
956 495 991 522 ab

166 534 292 568 utroque
308 535 448 569 procedit.
462 535 536 563 Deus
550 541 595 564 est
607 538 700 573 Pater,
713 539 780 573 quia
794 538 857 574 ipse
868 541 912 566 est
927 539 992 566 fons

167 578 196 604 et
211 578 292 613 origo
308 578 435 607 deitatis.
452 580 594 609 Similiter
610 582 700 610 Filius
716 583 802 618 Deus,
819 583 873 611 hoc
893 592 949 611 non
976 591 993 610 a

167 622 326 659 semetipso
344 624 413 659 quia
429 633 485 652 non
502 628 546 653 est
561 635 578 654 a
596 635 637 660 se,
654 628 702 655 sed
729 637 745 655 a
770 627 832 656 solo
849 628 933 655 Patre
948 631 993 656 est

166 666 295 702 genitus.
312 667 375 695 Pari
393 669 478 697 modo
494 673 522 698 et
537 671 663 706 Spiritus
679 681 735 700 non
752 681 768 700 a
788 681 819 700 se
836 675 922 708 Deus,
940 673 990 700 sed

167 719 184 738 a
199 711 283 739 Patre
298 715 325 739 et
341 713 411 740 Filio
428 718 472 741 est
487 716 655 750 procedens.

204 757 247 783 16,
272 757 305 784 Et
329 762 421 785 tamen
445 768 502 786 non
527 765 581 788 tres
603 761 653 793 dii,
681 762 726 789 sed
750 771 821 790 unus
843 767 883 790 est
910 763 989 790 Deus.

166 801 245 828 Sicut
261 802 402 837 scriptum
428 807 495 831 est:
523 805 609 839 Audi,
635 807 731 840 Israel,
759 808 894 835 Dominus
919 811 992 836 Deus

167 847 229 873 tuus
243 846 311 874 Deus
327 855 398 875 unus
413 850 451 876 est
466 849 497 876 νο.

204 891 247 918 17.
265 892 303 918 Ita
318 893 447 920 Dominus
461 894 553 928 Pater,
577 897 712 923 Dominus
737 897 834 929 Filius,
860 898 992 925 Dominus

746 204 780 235 S.
801 204 1061 237 ATHANASIUS.
1078 221 1118 229 —
1136 206 1294 238 SPUHIA.

1729 0 1754 11 τ,
1764 7 1774 14 __

1729 31 1746 46 ρ
1761 17 1793 35 ’ἵ
1810 0 1839 41 ta.
1846 0 1958 45 Μ,
1968 0 2001 44 ,I'
2048 27 2053 30 ν

1798 204 1880 239 1600

165 265 230 292 tum
246 273 280 293 ex
294 267 392 294 Greca
408 268 612 303 appellatione.
629 270 702 298 Nam
725 270 804 298 Deus
827 270 922 298 Greece
947 271 990 298 di-
1006 274 1033 307 Α
1050 271 1161 307 placuit
1176 272 1390 308 plenitudinem
1403 272 1565 301 divinitatis
1575 272 1707 301 habitam
1718 272 1879 309 corporali-

1047 318 1101 344 ter.
1118 317 1157 345 De
1173 318 1257 345 Patre
1272 318 1335 346 sine
1354 317 1449 352 initio,
1477 320 1505 346 et
1530 318 1594 346 sine
1620 318 1699 352 ﬁne;
1726 318 1762 346 de
1786 317 1878 346 Matre

1047 360 1163 389 initium
1182 362 1269 390 habet
1283 365 1311 389 et
1327 362 1408 390 nullo
1424 362 1611 390 concluditur
1626 362 1694 390 fine.

1082 416 1127 442 22.
1145 415 1263 451 Spiritus
1278 417 1389 444 sanctus
1413 424 1429 443 a
1455 417 1536 444 Patre
1559 418 1584 444 et
1608 416 1690 450 Filio,
1705 423 1762 444 non
1776 416 1877 451 factus,

1047 467 1095 486 nec
1124 465 1243 495 creatus,
1269 469 1319 488 nec
1345 463 1464 496 genitus,
1489 461 1537 488 sed
1563 461 1722 496 procedens.
1749 460 1879 497 Spiritus

1047 508 1168 531 sanctus
1185 513 1242 532 non
1259 506 1343 533 debet
1359 506 1508 541 ingenitus
1523 505 1568 532 vel
1588 505 1706 541 genitus
1721 504 1791 540 dici,
1807 505 1879 541 quia

1048 548 1073 575 si
1089 548 1238 583 ingenitus
1253 549 1398 577 diceretur
1414 550 1490 577 sicut
1507 550 1598 585 Pater,
1623 550 1791 577 dicerentur
1818 549 1878 577 duo

1047 595 1155 628 patres.
1182 594 1211 621 Si
1238 594 1365 630 genitus,
1383 595 1441 622 duo
1465 593 1517 621 ﬁlii
1541 593 1680 622 mstimari
1696 596 1827 630 possent.
1846 595 1878 622 in

1048 640 1151 665 sancta
1166 638 1309 666 Trinitate
1324 639 1475 674 proprium
1492 639 1580 666 habet
1601 638 1732 674 Spiritus
1755 641 1879 667 sanctus

1047 682 1117 717 quia
1133 691 1191 709 non
1208 686 1251 710 est
1268 683 1358 718 Pater,
1375 691 1427 710 nec
1443 683 1545 717 Filius,
1570 683 1621 711 sed
1648 683 1778 719 Spiritus
1804 691 1875 711 san-

1047 729 1112 754 ctus
1129 730 1157 754 et
1172 728 1331 762 procedens
1348 736 1364 755 a
1380 728 1464 755 Patre
1479 730 1507 755 et
1523 727 1604 755 Filio.
1620 728 1712 756 Audis
1727 727 1798 763 quia
1821 728 1878 756 iste

1047 771 1083 798 ab
1099 772 1254 807 ambobus,
1273 773 1322 800 sed
1339 772 1429 800 Filius
1446 772 1481 799 ab
1499 781 1566 806 uno,
1584 773 1669 800 Pater
1684 781 1701 800 a
1722 771 1804 800 nullo
1819 774 1877 800 est.

1047 819 1087 843 Ac
1117 824 1167 851 per
1196 817 1249 844 hoc
1279 817 1522 844 demonstrantur
1549 819 1649 852 aperte
1682 817 1879 853 proprietates

1047 868 1161 888 eorum.
1180 862 1244 889 ldeo
1261 861 1351 897 igitur
1373 862 1500 897 Spiritus
1524 861 1573 889 Dei
1598 863 1719 889 sanctus
1745 863 1878 897 vocatur,

1047 907 1118 941 quia
1133 907 1228 935 Patris
1244 911 1272 935 et
1289 908 1350 935 Filii
1368 908 1509 935 sanctitas
1524 909 1579 935 est.
1595 907 1669 935 Nam
1694 915 1761 934 cum
1785 907 1825 935 sit
1848 908 1879 935 et

166 935 287 969 Spiritus
306 939 427 964 sanctus.
453 938 596 966 Dominus
620 940 728 968 dicitur
751 950 767 969 a
792 943 993 970 dominatione

168 988 198 992 μ
218 982 291 992 -..Α
312 984 385 992 μη.
607 986 614 992 .
671 986 675 991 .
720 989 725 992 λ
870 990 873 992 .
926 990 930 992 .

1054 935 1132 979 i’ater
1156 952 1279 987 spiritus
1302 955 1330 979 et
1357 952 1448 980 Filius
1463 952 1595 988 spiritus,
1612 953 1641 979 et
1656 952 1742 979 Pater
1756 951 1877 980 sanctus

166 982 471 1033 §°‘qu°d_c“ffitl{£§m
489 993 586 1033 βιςὶεξ-ῐξξ-
599 986 776 1033 ἀοωῖῐξεῖςυῗυ
796 990 878 1024 regat
905 990 993 1024 atque
1008 982 1031 992 Π
1049 998 1078 1023 et
1092 982 1184 1023 Filius
1201 999 1333 1032 sanctus,
1349 997 1466 1033 proprie
1479 982 1578 1024 tamen
1589 982 1719 1024 vvocatur
1734 995 1796 1032 ipse
1810 996 1878 1032 Spi-

166 1025 319 1061 gubernet.
336 1026 475 1055 Similiter
491 1031 519 1056 et
534 1030 625 1058 Filius
640 1033 668 1058 et
683 1031 809 1067 Spiritus
825 1035 955 1061 sanctus.

205 1070 247 1096 18.
265 1072 302 1097 Et
319 1075 409 1099 tamen
425 1081 478 1100 non
495 1076 549 1101 tres
571 1075 692 1110 Domini,
714 1077 760 1104 sed
783 1086 854 1105 unus
878 1082 917 1105 est
939 1079 992 1105 D0-

167 1115 281 1147 minus;
306 1115 334 1142 in
352 1117 528 1145 substantia.

204 1159 246 1186 19.
272 1160 343 1194 Quia
365 1162 436 1189 sicut
459 1163 625 1198 singilialim
653 1173 875 1202 unamquamque
897 1175 991 1202 perso-

166 1211 233 1230 nam
250 1204 332 1232 Deum
348 1214 380 1232 ac
399 1206 547 1235 Dominum
563 1210 687 1244 conﬁteri
703 1211 863 1239 Christiana
878 1214 992 1240 veritate

167 1249 366 1284 compellimur.
383 1251 571 1286 Singillatim,
589 1253 616 1280 id
640 1257 695 1288 est,
716 1256 852 1283 distincte
875 1257 917 1284 vel
945 1266 992 1284 se-

167 1292 303 1327 paratim.
320 1294 361 1321 De
376 1294 460 1323 Patre
482 1296 506 1323 ei
530 1297 596 1333 quis
620 1301 648 1326 te
672 1299 902 1336 interrogaverit,
920 1302 991 1337 quid

167 1339 212 1364 est
235 1336 264 1364 in
290 1340 437 1373 persona?
461 1343 616 1376 responde,
632 1343 710 1371 Deus
731 1347 759 1372 et
774 1336 938 1373 Dominus:
966 1347 991 1374 si

166 1383 264 1409 autem
281 1383 316 1410 de
332 1383 413 1417 Filio,
427 1385 503 1413 Deus
518 1389 546 1414 et
558 1388 698 1416 Dominus
714 1389 867 1418 similiter:
885 1391 909 1418 si
925 1399 991 1418 vero

165 1425 201 1454 de
230 1426 341 1462 Spiritu
372 1432 494 1462 sancto,
524 1431 725 1460 indubitanter
755 1436 900 1470 responde
930 1435 990 1471 ple-

166 1478 238 1515 num
264 1471 354 1500 Deum
381 1475 410 1501 et
434 1474 592 1503 Dominum
610 1485 676 1504 eum
691 1486 765 1506 esse.
783 1480 990 1515 Compellimur,

165 1514 194 1542 id
218 1518 274 1550 est,
301 1517 434 1554 cogimur
454 1519 497 1546 vel
517 1521 720 1550 admonemur.
738 1525 781 1550 Ita
796 1514 927 1552 lrasrdeos
942 1527 991 1552 aut

165 1559 290 1589 dominos
300 1561 390 1590 dicere
403 1563 538 1592 catholica
553 1566 688 1600 religione
701 1567 888 1603 prohibemur,
902 1569 930 1596 id
947 1572 991 1597 est

164 1606 308 1634 vetamur.

1048 1040 1122 1068 ritus
1138 1044 1268 1069 sanctus.

1082 1086 1126 1112 23.
1153 1086 1227 1113 Unus
1255 1093 1318 1121 ergo
1342 1087 1435 1119 Pater,
1461 1093 1515 1113 non
1541 1086 1595 1113 tres
1621 1087 1724 1121 patres,
1745 1093 1817 1113 unus
1830 1085 1878 1113 Fi-

1048 1130 1110 1163 lius,
1136 1138 1191 1157 non
1217 1135 1270 1157 tres
1295 1130 1363 1165 ﬁlii,
1387 1138 1460 1157 unus
1474 1130 1598 1165 Spiritus
1611 1131 1733 1164 sanctus,
1748 1137 1805 1158 non
1820 1133 1878 1157 tres

1046 1175 1161 1210 spiritus
1175 1176 1274 1202 sancti.
1287 1175 1342 1202 Sed
1359 1183 1436 1202 unus
1452 1175 1547 1209 Pater,
1560 1173 1630 1210 quia
1645 1173 1726 1202 solus
1741 1174 1798 1202 sibi
1813 1174 1878 1202 uni-

1043 1227 1113 1246 cum
1143 1219 1242 1254 genuit
1274 1219 1388 1247 Filium.
1419 1220 1453 1247 Et
1482 1227 1559 1246 unus
1588 1219 1692 1252 Filius,
1712 1218 1784 1255 quia
1812 1219 1875 1246 sin-

1046 1263 1187 1299 gulariter
1203 1264 1239 1291 ab
1264 1272 1321 1291 uno
1337 1266 1422 1291 Patre
1436 1263 1553 1299 genitus
1578 1265 1632 1290 est.
1646 1263 1728 1291 Unus
1743 1262 1874 1298 Spiritus

1046 1309 1123 1336 666
1135 1312 1265 1342 sanctus,
1275 1309 1343 1344 quia
1355 1317 1371 1336 a
1382 1308 1465 1335 Patre
1475 1310 1504 1335 et
1517 1307 1589 1336 Filio
1612 1307 1718 1335 unicus
1733 1306 1877 1343 procedit.

1081 1362 1125 1390 21s.
1142 1363 1174 1389 Et
1200 1363 1230 1389 in
1253 1363 1304 1389 hac
1328 1362 1461 1389 Trinitate
1481 1362 1554 1389 nihil
1574 1361 1654 1397 prius
1668 1365 1716 1388 aut
1728 1362 1876 1397 posterius,

1045 1406 1121 1434 nihil
1136 1407 1227 1442 majus
1242 1411 1290 1434 aut
1305 1408 1408 1434 minus.
1430 1405 1508 1433 Nihil
1533 1405 1614 1441 prius
1640 1407 1692 1433 aut
1717 1405 1877 1441 posterius,

1046 1452 1116 1487 quia
1131 1451 1232 1479 nullus
1248 1451 1398 1487 antiquior
1412 1453 1457 1478 est
1478 1452 1507 1478 et
1521 1450 1622 1478 nullus
1638 1450 1791 1486 posterior,
1807 1449 1878 1478 nul-

1046 1495 1093 1523 lus
1109 1496 1228 1523 inferior
1242 1498 1271 1523 et
1286 1495 1385 1523 nullus
1402 1494 1546 1531 superior.
1562 1494 1613 1522 Sed
1627 1497 1693 1523 totae
1708 1498 1764 1522 tm
1777 1501 1877 1530 perso-

1047 1549 1090 1569 ηκ
1104 1545 1253 1569 coaeterna:
1267 1541 1322 1568 sibi
1337 1545 1401 1568 sunt
1416 1545 1442 1568 et
1456 1540 1622 1575 coaequales.

1080 1595 1125 1621 25.
1143 1594 1182 1621 Ita
1196 1596 1227 1621 ut
1239 1602 1290 1630 per
1303 1595 1408 1628 omnia,
1423 1595 1495 1621 sicut
1509 1593 1570 1629 jam
1592 1601 1677 1628 supra
1697 1592 1802 1620 dictum
1825 1593 1877 1626 est,

200 1650 244 1677 20.
273 1653 358 1678 Pater
381 1661 398 1679 a
420 1654 498 1681 nullo
522 1657 563 1682 est
585 1655 673 1688 factus
694 1665 744 1684 nec
762 1662 867 1685 creatus
882 1666 931 1685 nec
944 1667 990 1694 gc-
1005 1646 1027 1679 α
1047 1640 1189 1694 έιὴῖὴίιῗί
1212 1640 1477 1694 ῗῗᾲιῑένῗῗξίαιῗζιξξ,
1489 1638 1879 1694 Τῖξηξιῗξ,ῗῗ.αῗέιέἷῗιῗῗῗῖ

163 1694 249 1722 nilus.
273 1695 358 1723 Pater
384 1705 400 1724 a
423 1697 504 1725 nullo
525 1701 570 1726 est
585 1699 690 1735 factus,
707 1701 776 1737 quia
790 1702 853 1738 ipse
869 1705 913 1730 est
929 1711 991 1730 om-

164 1738 246 1766 nium
266 1740 366 1768 factor.
383 1741 440 1769 Nec
461 1746 586 1777 creatus,
609 1746 659 1772 sed
686 1749 808 1779 creator,
834 1755 886 1774 nec
910 1747 991 1783 geni-

165 1785 225 1817 tus,
242 1785 292 1812 sed
309 1785 432 1821 genitor.
449 1787 534 1815 Pater
556 1789 634 1817 enim
657 1790 754 1818 Grece
771 1791 872 1819 Latine
885 1793 994 1827 genitor

163 1828 280 1856 dicitur.

199 1873 243 1901 21.
261 1873 351 1901 Filius
365 1883 382 1903 a
396 1877 479 1903 Patre
492 1877 549 1905 solo
564 1879 616 1911 est,
626 1886 681 1906 non
695 1879 799 1915 factus,
811 1887 861 1907 nec
875 1884 993 1915 creatus,

164 1917 212 1956 sed
235 1918 351 1953 genitus.
378 1919 468 1948 Filius
493 1929 510 1949 a
535 1923 620 1950 Patre
647 1922 709 1951 solo
733 1926 778 1951 est
803 1933 860 1952 non
887 1926 992 1959 factus,

166 1961 237 1997 quia
260 1962 324 1998 ipse
348 1966 393 1991 est
417 1965 550 1993 omnium
577 1967 669 1995 factor
693 1968 781 1996 simul
806 1977 873 1997 cum
898 1972 992 1998 Patre.

165 2007 221 2034 Sed
238 2009 282 2034 est
297 2008 413 2043 genitus
430 2009 511 2038 solus
531 2019 548 2038 a
563 2011 624 2039 solo
641 2014 733 2040 Patre.
751 2013 784 2040 Et
799 2022 858 2042 una
873 2023 995 2051 quisque

166 2060 292 2088 persona
316 2051 404 2081 habet
427 2055 590 2091 proprium,
613 2057 691 2092 quod
721 2066 778 2086 non
809 2058 897 2087 habet
926 2059 993 2088 alia.

168 2096 321 2133 Proprium
339 2098 426 2128 habet
441 2100 470 2128 in
487 2110 612 2137 persona
622 2103 715 2138 Pater,
727 2104 796 2140 quia
812 2104 894 2133 solus
910 2107 996 2134 Pater

167 2144 223 2171 est.
247 2143 282 2171 Et
305 2145 457 2181 proprium
481 2145 570 2174 habet
598 2148 626 2175 in
653 2156 777 2184 persona
800 2150 901 2184 Filius,
927 2151 996 2186 quia

169 2187 250 2215 solus
277 2196 294 2215 a
318 2189 402 2217 Patre
425 2191 543 2226 genitus
568 2194 622 2219 est.
639 2193 693 2221 Sed
720 2196 748 2221 et
771 2194 859 2222 habet
883 2195 994 2231 aliquid

170 2232 321 2268 proprium
342 2233 522 2271 Filiusjquod
541 2244 598 2264 non
622 2237 709 2266 habet
724 2241 818 2274 Pater,
835 2247 888 2266 nec
903 2240 995 2276 Spiri-

167 2278 218 2304 tus
242 2280 372 2305 sanctus.
390 2278 482 2307 Habet
498 2281 690 2310 aeternitatem
706 2291 773 2311 cum
788 2283 873 2311 Patre
888 2287 916 2311 et
931 2285 995 2321 Spi-

257 2324 359 2350 sancto
376 2331 381 2349 :
408 2326 436 2351 et
461 2324 548 2377 habet
567 2325 599 2377 in
613 2328 744 2363 tempore
761 2328 943 2356 nativitatem
960 2330 996 2357 de
1011 2344 1035 2377 Β

169 2365 273 2401 Matre,
290 2375 379 2402 quam
396 2376 453 2396 non
470 2369 558 2397 habet
579 2370 675 2404 Pater,
698 2380 752 2400 nec
776 2372 902 2408 Spiritus
928 2382 995 2401 san—

167 2413 245 2438 ctus.
262 2412 335 2445 Quia
351 2420 408 2440 non
426 2413 549 2450 suscipit
564 2415 648 2444 Pater
662 2424 780 2444 carnem
802 2418 830 2445 in
853 2426 907 2446 sua
931 2426 995 2454 per-

169 2464 252 2490 sona,
283 2465 335 2484 nec
365 2457 490 2493 Spiritus
517 2462 649 2494 sanctus,
675 2461 725 2489 sed
755 2464 870 2490 tantum
895 2463 996 2499 Filius,

170 2503 203 2530 ut
218 2502 302 2530 nobis
323 2502 352 2530 in
375 2511 407 2531 se
431 2504 598 2532 ostenderet
621 2506 695 2533 duas
719 2506 826 2534 habere
850 2510 971 2535 naturas
990 2516 997 2542 ;

170 2554 258 2575 unam
275 2550 342 2575 ante
356 2548 456 2576 omnia
470 2549 576 2577 saecula
589 2558 648 2585 qua
662 2551 779 2586 genitus
795 2554 840 2580 est
854 2561 888 2580 ex
903 2552 996 2587 Patre,

168 2593 198 2619 et
226 2592 261 2620 de
288 2600 346 2627 qua
373 2592 446 2621 dicit
475 2593 588 2621 isaias:
619 2594 831 2624 Generationem
854 2597 913 2633 ejus
937 2599 998 2633 quis

168 2637 316 2665 enarrabil
331 2637 351 2655 ⁹¹
364 2637 378 2664 ‘I
393 2636 516 2666 alteram
533 2638 563 2666 in
579 2641 709 2675 tempore
726 2649 784 2676 qua
799 2643 889 2669 natus
904 2645 948 2669 est
965 2650 999 2670 ex

169 2681 273 2717 Matre,
291 2682 326 2710 de
341 2690 398 2718 qua
413 2682 484 2710 dicit
498 2683 607 2712 Paulus
623 2685 775 2721 apostolus
792 2695 798 2713 :
820 2687 890 2714 Cum
906 2691 999 2714 autem

170 2727 248 2754 venit
268 2727 411 2762 plenitudo
438 2729 580 2763 temporis,
604 2730 681 2758 misit
707 2731 775 2758 Deus
799 2731 901 2759 Filium
916 2740 998 2759 suum

170 2772 278 2807 factum
292 2778 327 2798 ea:
340 2772 470 2805 muliere,
485 2773 588 2808 factum
603 2774 653 2801 sub
667 2775 724 2811 lege
738 2775 772 2809 ³³,
795 2776 824 2803 in
846 2784 903 2812 quo
920 2784 998 2804 com-

1046 1685 1138 1711 randa
1152 1685 1198 1711 sit.
1218 1684 1362 1711 Debemus
1385 1683 1478 1710 colere
1503 1685 1532 1709 et
1555 1682 1678 1710 adorare
1701 1682 1878 1709 Trinitatem

1047 1729 1076 1756 in
1094 1729 1217 1763 unitate,
1234 1731 1262 1755 et
1278 1729 1420 1755 unitatem
1437 1728 1465 1754 in
1489 1726 1642 1755 Trinitate.

1082 1783 1128 1809 26.
1146 1782 1200 1816 Qui
1213 1783 1271 1809 vult
1286 1789 1351 1817 ergo
1365 1781 1457 1809 salvus
1469 1789 1535 1814 esse,
1551 1781 1592 1808 ita
1612 1780 1645 1808 de
1667 1780 1800 1808 Trinitate
1813 1787 1878 1807 seu-

1048 1828 1114 1854 tiat.
1131 1827 1182 1854 Hic
1199 1828 1281 1863 rogat
1295 1829 1323 1854 et
1339 1827 1477 1854 admonet
1491 1827 1523 1853 ut
1547 1825 1753 1861 unusquisque
1775 1824 1880 1853 doctor

1050 1871 1219 1899 memoriter
1234 1879 1298 1899 eam
1314 1873 1420 1903 teneat,
1436 1872 1465 1897 et
1479 1869 1602 1897 firmiter
1616 1869 1725 1904 credat,
1741 1871 1770 1897 et
1784 1868 1878 1898 alium

1050 1916 1235 1952 praedicando
1250 1916 1361 1943 doceat.

1084 1970 1129 1998 27.
1155 1970 1207 1998 Sed
1229 1970 1415 1998 necessarium
1441 1972 1479 1997 est
1502 1968 1538 1996 ad
1561 1970 1696 1997 aeternam
1717 1967 1835 1996 salutem
1849 1971 1882 1996 ut

1051 2016 1271 2043 incarnationem
1297 2022 1403 2050 quoque
1430 2014 1541 2042 Domini
1569 2014 1660 2041 nostri
1686 2013 1749 2041 Jesu
1772 2012 1884 2041 Christi

1049 2059 1169 2095 ﬁdeliter
1182 2060 1285 2087 credat.
1298 2059 1422 2087 Necesse
1436 2060 1480 2086 est
1493 2057 1579 2086 nobis
1595 2059 1640 2092 ut,
1650 2057 1727 2086 sicut
1741 2056 1884 2093 superius

1050 2104 1190 2137 diximus,
1216 2104 1257 2131 ita
1285 2104 1451 2132 credamus.
1477 2102 1509 2130 Si
1535 2110 1603 2130 vero
1628 2101 1721 2130 vitam
1740 2103 1882 2130 εἰει-ηοω

1050 2150 1187 2177 volumus
1212 2149 1331 2181 habere,
1355 2148 1385 2175 id
1410 2150 1466 2183 est,
1496 2156 1563 2175 cum
1590 2146 1707 2175 Christo
1735 2147 1800 2175 sine
1822 2145 1885 2174 tino

1051 2202 1184 2231 regnare,
1214 2201 1335 2221 necesse
1363 2195 1406 2221 est
1436 2194 1470 2220 ut
1499 2192 1735 2220 incarnationem
1764 2191 1885 2220 Domini

1051 2238 1143 2266 nostri
1171 2238 1241 2266 Jesu
1265 2237 1373 2265 Christi
1398 2236 1525 2265 ﬁdeliter
1546 2236 1713 2264 credamus.
1729 2235 1884 2268 Quomodo

1051 2282 1206 2310 ﬁdeliter?
1239 2284 1301 2310 Non
1335 2281 1523 2318 adoptivum,
1559 2281 1610 2309 sed
1643 2280 1795 2316 proprium
1829 2279 1886 2308 Dei

1052 2327 1167 2361 Filium,
1194 2327 1271 2355 sicut
1294 2327 1365 2354 dicit
1388 2326 1568 2362 Apostolus:
1594 2326 1711 2361 Propria
1736 2324 1808 2353 Pilio
1831 2332 1885 2353 suo

1051 2380 1107 2400 non
1130 2373 1250 2408 pepercit
1272 2372 1354 2407 Deus,
1378 2372 1425 2399 sed
1449 2379 1499 2407 pro
1522 2370 1599 2399 nobis
1617 2371 1747 2398 omnibus
1761 2369 1886 2398 tradidit

1052 2417 1134 2444 illum
1151 2417 1183 2444 ⁰⁸.

1087 2462 1132 2489 28.
1148 2462 1194 2489 Est
1209 2469 1271 2497 ergo
1288 2461 1354 2496 ﬁdes
1377 2462 1450 2489 recta
1470 2461 1502 2488 ut
1524 2459 1668 2488 credamus
1691 2460 1718 2486 et
1742 2457 1884 2495 conﬁtea-

1052 2515 1125 2541 mur,
1141 2507 1210 2542 quia
1225 2506 1357 2533 Dominus
1372 2507 1464 2533 noster
1477 2506 1554 2533 Jews
1569 2504 1693 2532 Christus
1710 2504 1762 2532 Dei
1781 2504 1883 2539 Filius,

1054 2555 1125 2580 Deus
1148 2555 1174 2578 et
1199 2550 1277 2578 homo
1297 2553 1346 2578 est.
1367 2550 1434 2578 Pari
1450 2550 1538 2577 modo
1552 2549 1671 2577 inchoat
1686 2556 1822 2577 enarrare
1837 2557 1884 2577 se-

1053 2596 1183 2624 cundum
1200 2595 1415 2623 humanitatem
1427 2594 1545 2627 Christi,
1558 2593 1636 2630 quod
1651 2593 1690 2622 sit
1706 2593 1779 2622 ﬁdes
1793 2595 1885 2627 recta,

1053 2644 1086 2668 ut
1100 2640 1195 2676 ipsam
1211 2640 1427 2668 humanitatem
1446 2639 1603 2667 credamus
1627 2639 1714 2666 corde
1737 2641 1767 2666 et
1791 2638 1886 2667 conﬁ-

1054 2688 1170 2713 teamur
1184 2693 1243 2719 ore,
1261 2685 1338 2712 sicut
1353 2684 1424 2712 dicit
1444 2682 1604 2720 Apostolus
1622 2691 1628 2711 :
1655 2683 1740 2712 Corde
1761 2683 1889 2712 creditur

1054 2731 1094 2758 ad
1104 2730 1259 2766 justitiam,
1277 2737 1323 2757 ore
1337 2731 1430 2757 autem
1448 2729 1581 2763 confessio
1606 2728 1636 2759 ﬁt
1658 2728 1695 2756 ad
1717 2728 1837 2757 salutem
1851 2728 1886 2757 ⁸⁸.

1054 2775 1132 2803 Deus
1147 2777 1177 2802 et
1191 2774 1279 2802 homo
1295 2783 1373 2802 unus
1388 2776 1443 2802 est.
1460 2774 1511 2803 Est
1524 2781 1611 2801 verus
1629 2773 1679 2802 Dei
1696 2773 1796 2809 Filius,
1812 2774 1887 2810 quia

208 2875 231 2893 ³ο
247 2875 330 2902 Deut.
345 2882 385 2911 v1,
401 2875 428 2903 4.
465 2876 488 2894 ⁹¹
505 2878 560 2905 lea.
576 2885 627 2913 an,
644 2878 672 2906 8.
710 2879 733 2897 “
748 2879 843 2908 Galat.
859 2888 898 2916 iv,
914 2880 941 2908 4.
979 2880 996 2897 ⁹¹

1054 2886 1102 2908 ιω.
1118 2886 1180 2914 vni,
1196 2877 1240 2907 3t.
1279 2878 1302 2896 °‘
1317 2878 1403 2907 Rom.
1417 2886 1446 2912 ι,
1461 2877 1506 2906 to.

1901 3095 1916 3102 ,
1930 3085 1943 3100 δ
1955 3084 1960 3086 ⁷
1982 3103 1996 3109 κ

1795 3143 1810 3150 γ·
1823 3101 2021 3189 ’ᾑὲέ
1871 3111 1890 3122 ἃ..

1799 3161 1802 3164 ,
1821 3152 1829 3162 Ι
