4162 6388
340 449 492 511 1601

1380 446 1800 509 EXPOSI'I‘IO
1846 445 2189 510 SYMBOLI
2230 445 2708 522 QUICUNQUE.

3599 458 3755 520 1602

339 584 665 641 secundum
716 582 1076 638 divinitatem
1126 580 1270 636 nihil
1322 580 1541 651 minus,
1574 585 1736 637 extra
1784 596 1990 636 secun-
2023 583 2074 649 Α
2110 580 2187 637 sit
2244 597 2432 637 veris.
2498 583 2676 638 Homo
2754 590 2989 657 propter
3065 588 3483 659 suscipientem
3542 592 3756 660 Deum,

342 673 483 729 dum
522 672 946 727 humanitatem
979 687 1159 742 quam
1210 670 1363 726 Deus
1397 670 1584 737 Pater,
1619 669 1765 725 nihil
1798 670 1995 725 minus

344 768 506 818 extra
536 768 840 833 peccatum
875 776 1052 833 quam
1086 760 1279 815 homo.

412 852 501 904 29.
553 853 692 905 Deus
743 856 829 905 est
886 866 955 905 ea:
1002 849 1307 904 substantia
1368 851 1556 904 Patris
1610 853 1746 903 ante
1791 848 1998 904 saecula

339 941 579 1011 genitus,
612 944 664 994 et
696 939 865 995 homo
908 948 989 993 est
1017 954 1086 993 ea:
1128 939 1439 992 substantia
1480 939 1680 992 matris
1711 939 1770 991 in
1795 938 1996 992 saeculo

340 1031 522 1084 natus.
574 1028 727 1083 Deus
775 1033 864 1083 est
910 1044 975 1082 ex
1026 1026 1361 1082 substantia
1408 1027 1615 1093 Patris,
1669 1026 1724 1080 id
1765 1032 1872 1095 est,
1930 1042 1999 1081 ex

340 1118 674 1189 aequalitate
705 1122 948 1183 naturae,
974 1122 1109 1171 ante
1131 1115 1344 1170 saecula
1366 1115 1618 1186 genitus,
1650 1115 1707 1168 id
1732 1121 1839 1180 est,
1864 1121 1998 1169 ante

340 1223 574 1262 omnem
607 1212 932 1261 creaturam
964 1206 1117 1259 sicut
1144 1205 1288 1258 dicit
1320 1204 1374 1257 in
1424 1204 1651 1259 Psalmo
1688 1223 1700 1260 :
1734 1205 1819 1258 Ea:
1847 1214 2000 1259 utero

338 1298 465 1351 ante
497 1296 790 1363 luciferum
818 1294 984 1363 genui
1015 1298 1066 1347 te
1086 1294 1149 1345 οδ.
1188 1292 1265 1345 Ex
1298 1298 1482 1361 utero,
1516 1293 1572 1346 id
1605 1297 1716 1361 est,
1770 1309 1838 1347 ex
1871 1308 2001 1346 mea

339 1385 710 1450 substantia;
768 1388 905 1437 ante
956 1382 1285 1447 luciferum,
1322 1380 1380 1434 id
1430 1388 1541 1447 est,
1584 1387 1729 1436 ante-
1763 1398 1998 1436 omnem

339 1478 691 1529 creaturam.
754 1473 820 1526 Et
879 1472 1037 1525 homo
1093 1478 1171 1525 est
1228 1486 1300 1525 ea:
1342 1470 1655 1525 substantia
1701 1473 1896 1525 matris
1941 1471 2001 1525 in

339 1562 541 1619 saeculo
589 1563 773 1629 natus,
806 1560 863 1614 id
915 1564 1025 1623 est,
1054 1563 1213 1614 totus
1265 1558 1441 1613 homo
1472 1574 1606 1612 cum
1664 1573 1902 1629 corpore
1945 1562 2003 1613 et

344 1650 563 1717 anima,
592 1651 651 1705 in
683 1648 881 1705 omnia
913 1648 1081 1704 nobis
1113 1646 1348 1711 similis,
1378 1648 1601 1719 absque
1632 1651 1886 1719 peccato.
1921 1647 2001 1701 Ex

347 1738 680 1795 substantia
736 1737 961 1807 matris,
1012 1737 1070 1792 id
1120 1742 1228 1807 est,
1280 1738 1350 1791 de
1399 1735 1731 1807 aequalitate
1779 1741 1999 1791 naturas

350 1828 559 1883 matris
590 1828 647 1881 in
680 1826 892 1883 saeculo
924 1830 1120 1895 natus,
1153 1825 1211 1879 id
1242 1829 1349 1891 est,
1395 1824 1454 1879 in
1488 1825 1581 1881 his
1615 1824 1998 1896 temporibus.

348 1916 474 1971 Non
505 1916 740 1971 aliunde
772 1916 885 1971 nisi
916 1916 986 1969 de
1009 1914 1232 1969 semine
1263 1914 1527 1969 mulieris
1558 1913 1686 1970 sine
1716 1914 1867 1969 coitu
1892 1913 1999 1968 viri

350 2022 584 2061 carnem
639 2004 917 2076 suscepit.
950 2004 1113 2059 Unde
1144 2002 1419 2059 Salomon
1451 2021 1463 2058 :
1497 2004 1789 2075 Sapientia
1817 2001 2002 2072 ediﬁ-

348 2096 492 2149 cavit
547 2094 654 2149 sibi
699 2094 919 2149 domum
944 2094 1007 2161 9‘,
1062 2093 1166 2148 hoc
1213 2097 1320 2162 est,
1383 2093 1689 2147 ediﬁcavit
1734 2092 2002 2147 Christus

350 2183 462 2237 sibi
494 2199 728 2237 carnem
762 2184 833 2237 de
884 2184 1053 2237 beata
1102 2182 1303 2245 Maria,
1338 2182 1408 2236 de
1457 2197 1573 2253 qua
1605 2181 1822 2253 legitur
1853 2199 1864 2237 :
1900 2182 2005 2249 Qui

349 2274 528 2342 factus
553 2276 628 2326 est
657 2274 709 2327 ei
737 2287 806 2326 ex
833 2273 1041 2325 semine
1073 2270 1244 2325 David
1274 2271 1572 2325 secundum
1602 2287 1825 2325 carnem
1842 2272 1904 2324 '7.

424 2361 511 2415 30.
572 2362 855 2431 Perfectus
910 2362 1073 2429 Deus,
1131 2362 1403 2430 perfectus
1460 2359 1635 2427 homo,
1692 2377 1762 2415 ex
1816 2362 2007 2415 anima

354 2450 628 2505 rationali
684 2454 734 2504 et
813 2449 1059 2503 humana
1115 2464 1283 2503 carne
1358 2449 1671 2504 subsistens.
1732 2451 2007 2518 Perfectus

355 2541 517 2605 Deus,
555 2540 609 2593 id
642 2543 752 2609 est,
788 2538 1015 2610 plenus,
1048 2537 1183 2608 quia
1226 2536 1371 2591 nihil
1402 2537 1675 2608 indiguit.
1708 2540 2006 2593 Perfectus

358 2629 555 2697 homo,
597 2627 731 2699 qnia
782 2626 927 2681 nihil
978 2626 1174 2682 minus
1220 2626 1426 2681 habuit
1468 2632 1631 2681 extra
1683 2634 2007 2699 peccatum,

359 2734 536 2789 quam
571 2717 766 2772 homo.
810 2718 892 2771 Ex
940 2718 1127 2771 anima
1158 2717 1442 2770 rationali.
1493 2717 1765 2772 Christus
1813 2734 2008 2772 veram

360 2807 618 2862 animam
652 2805 859 2861 habuit
906 2806 1059 2860 unde
1088 2805 1386 2877 Sapientia
1415 2821 1672 2861 crescere
1702 2806 2010 2878 potuisset,

358 2898 511 2953 sicut
559 2896 701 2952 dicit
747 2897 803 2951 in
857 2896 1162 2969 Evangelio
1206 2914 1219 2951 :
1261 2898 1414 2952 Iesus
1470 2900 1654 2951 autem
1695 2898 2015 2968 proﬁciebat

354 2989 629 3059 sapientia
660 2992 712 3042 et
743 2989 900 3042 astate
920 2986 981 3037 ⁸⁸.
1037 2985 1337 3057 Sapientia
1386 2985 1445 3039 in
1492 2986 1710 3054 anima,
1743 2990 1800 3040 et
1848 2990 2014 3041 aetate

355 3076 413 3131 in
475 3092 736 3147 corpore.
817 3079 883 3131 Et
940 3075 1184 3130 humana
1235 3091 1402 3130 carne
1478 3075 1799 3130 subsistens.
1868 3074 2008 3142 Quia

356 3164 577 3221 humus
625 3169 783 3221 terra
830 3164 1069 3232 dicitur,
1102 3165 1173 3219 de
1216 3164 1587 3219 humanitate
1636 3180 1870 3219 carnem
1920 3182 2013 3220 as-

359 3255 638 3325 sumpsit.

426 3322 516 3399 31:
548 3344 807 3415 quualis
850 3344 1017 3398 Patri
1060 3341 1357 3397 secundum
1406 3342 1783 3408 divinitatem,
1828 3344 2013 3397 minor
2043 3322 2086 3390 C

358 3433 523 3487 Patre
550 3432 848 3487 secundum
880 3432 1299 3486 humanitatem.
1336 3430 1591 3501 £qualis
1621 3433 1781 3485 Patri
1816 3448 2009 3486 secun-

358 3524 491 3577 dum
547 3521 896 3576 divinitatem
949 3521 1273 3575 secundum
1332 3519 1476 3575 illud
1530 3536 1543 3575 :
1592 3522 1696 3592 Ego
1742 3524 1793 3576 et
1844 3522 2014 3576 Pater

362 3628 536 3665 unum
559 3627 767 3665 sumus.
801 3611 977 3665 Minor
1006 3611 1172 3664 Patre
1198 3610 1497 3664 secundum
1526 3610 1927 3665 humanitatem
1948 3610 2011 3678 9’,

356 3702 527 3770 juxta
576 3700 728 3771 quod
783 3699 923 3753 dicit
964 3716 975 3754 :
1018 3699 1183 3753 Pater
1229 3700 1406 3767 maior
1457 3714 1542 3754 me
1589 3702 1734 3755 est‘.
1791 3700 1851 3754 In
1905 3716 2016 3769 quo

366 3787 539 3843 homo
571 3794 660 3844 est
690 3789 883 3843 minor
912 3805 945 3843 a
974 3787 1295 3844 divinitate.

435 3877 523 3933 32.
554 3877 660 3945 Qui
690 3878 813 3931 licet
847 3878 984 3931 Deus
1015 3878 1086 3931 sit
1113 3886 1164 3931 et
1195 3878 1372 3945 homo,
1404 3893 1513 3932 non
1543 3877 1655 3933 duo
1683 3887 1888 3947 tamen,
1918 3878 2020 3934 sed

364 3983 505 4022 unus
533 3976 609 4022 est
641 3966 903 4021 Christus.
950 3966 1081 4020 Ideo
1113 3968 1198 4020 sic
1250 3966 1529 4037 conjungi
1574 3965 1756 4021 voluit
1790 3967 1885 4021 Dei
1922 3966 2018 4022 Fi-

363 4056 479 4111 lius
508 4071 643 4111 cum
694 4055 956 4110 humana
996 4059 1224 4125 natura,
1259 4059 1324 4109 ut
1374 4069 1443 4109 ex
1475 4055 1567 4111 his
1614 4055 1846 4111 duabus
1879 4056 2019 4110 sub-

364 4144 598 4201 stantiis
632 4145 792 4199 fleret
824 4160 941 4199 una
975 4160 1241 4215 persona.

434 4234 523 4289 33.
589 4235 735 4292 Unus
790 4238 977 4289 autem
1030 4248 1141 4288 non
1195 4234 1548 4288 conversione
1596 4230 1907 4287 divinitatis
1959 4235 2021 4288 in

365 4339 606 4393 carnem,
638 4324 731 4379 sed
778 4324 1157 4394 assumptione
1204 4322 1568 4377 humanitatis
1619 4324 1675 4377 in
1725 4327 1858 4378 Deo.
1893 4322 2019 4377 Non

367 4414 523 4485 quod
555 4412 657 4467 illa
703 4412 980 4467 divinitas
1028 4429 1155 4483 quae
1204 4418 1291 4466 est
1326 4411 1505 4466 Filius
1556 4411 1657 4466 Dei
1689 4427 1751 4465 se
1782 4428 2019 4466 conver-

364 4503 536 4557 tisset
573 4502 628 4556 in
665 4502 1114 4567 humanitatem,
1147 4505 1209 4555 ut
1256 4501 1409 4572 quod
1442 4507 1565 4556 erat
1595 4501 1878 4567 divinum,
1913 4500 2022 4555 hoc

368 4592 531 4645 ﬁeret
554 4590 915 4657 humanum;
940 4590 1040 4645 sed
1072 4590 1426 4645 assumendo
1461 4595 1732 4644 naturam
1760 4595 2020 4643 nostram

2106 670 2259 726 Deus
2298 686 2488 738 verus,
2523 672 2676 727 Deus
2731 674 2825 728 Dei
2860 676 3074 744 Filius;
3129 684 3361 749 propter
3412 686 3754 753 susceptum

2107 759 2428 827 hominem,
2472 760 2646 815 homo
2676 778 2866 817 verus.
2901 764 3213 821 Personam
3248 767 3465 840 quippe
3497 769 3624 824 Filii
3652 770 3753 825 Dei

2106 866 2220 903 non
2255 865 2319 903 ex
2355 849 2585 903 duabus
2608 852 2872 921 personis
2905 853 3151 921 unitam,
3174 857 3272 911 sed
3293 873 3361 912 ex
3390 858 3620 915 duabus
3651 878 3756 915 na-

2106 938 2258 992 turis
2288 939 2535 993 existere
2566 941 2883 1005 credimus,
2917 942 2986 997 de
3017 944 3247 999 duabus
3299 948 3565 1016 personis
3596 966 3758 1005 com-

2108 1029 2359 1098 positam
2394 1029 2649 1095 credere,
2680 1034 2745 1083 ut
2777 1031 2941 1086 nefas
2970 1038 3255 1088 vetamus.

2178 1118 2264 1171 35.
2300 1118 2435 1172 Nam
2481 1119 2625 1172 sicut
2672 1122 2859 1173 anima
2907 1123 3206 1175 rationalis
3252 1127 3302 1178 et
3330 1140 3454 1180 caro
3504 1142 3649 1181 unus
3678 1134 3757 1183 est

2108 1207 2284 1274 homo,
2336 1208 2415 1260 ita
2462 1206 2599 1261 Deus
2647 1216 2699 1261 et
2755 1209 2911 1263 homo
2958 1226 3101 1264 unus
3148 1216 3227 1266 est
3276 1212 3544 1269 Christus.
3595 1215 3759 1270 Sicut

2110 1295 2264 1349 enim
2296 1311 2365 1349 ex
2390 1311 2562 1351 carne
2593 1301 2649 1350 et
2687 1296 2885 1351 anima
2918 1316 3097 1353 unum
3149 1299 3401 1356 dicimus
3432 1302 3754 1369 hominem,

2109 1390 2165 1438 et
2198 1384 2603 1455 unusquisque
2634 1386 2812 1441 habet
2859 1388 3007 1441 duos
3046 1387 3313 1445 homines
3364 1392 3418 1444 in
3456 1408 3538 1460 se,
3571 1411 3757 1449 unum

2109 1474 2422 1540 carnalem,
2440 1474 2621 1529 alium
2640 1475 3025 1547 spiritualem,
3043 1495 3225 1533 unum
3245 1480 3555 1549 visibilem,
3576 1484 3756 1541 alium

2110 1562 2486 1629 invisibilem,
2520 1580 2703 1618 unum
2759 1563 3085 1635 mortalem,
3127 1566 3306 1623 alium
3340 1570 3755 1643 immortalem,

2111 1651 2191 1706 ita
2222 1650 2375 1706 Deus
2407 1660 2459 1707 et
2491 1651 2666 1708 homo
2699 1669 2852 1708 unus
2884 1658 2972 1708 est
3001 1654 3291 1712 Christus.

2181 1740 2270 1793 36.
2322 1741 2430 1807 Qui
2474 1756 2666 1809 passus
2712 1750 2795 1796 est
2838 1758 2939 1810 pro
2985 1743 3166 1799 salute
3215 1752 3421 1815 nostra,
3478 1749 3761 1808 descendit

2110 1830 2180 1883 ad
2209 1830 2438 1899 inferos,
2490 1832 2653 1885 tertia
2699 1830 2786 1885 die
2814 1835 3125 1887 resurrexit
3171 1851 3205 1888 a
3254 1838 3505 1892 mortuis.
3548 1839 3609 1894 In
3643 1857 3759 1912 quo

2113 1918 2371 1990 passus?
2404 1919 2462 1972 in
2513 1935 2628 1989 quo
2678 1918 3003 1986 videbatur,
3048 1921 3105 1975 in
3158 1938 3272 1993 quo
3321 1923 3495 1982 homo
3525 1932 3667 1998 erat,
3699 1928 3762 1985 in

2112 2023 2228 2077 quo
2259 2006 2593 2072 crucifixus,
2644 2006 2701 2060 in
2736 2023 2851 2078 quo
2898 2013 3187 2076 mortuus,
3224 2011 3281 2065 in
3326 2028 3438 2083 quo
3470 2015 3762 2085 sepultus,

2115 2096 2174 2150 in
2206 2112 2320 2165 quo
2372 2095 2708 2149 resurrexit.
2743 2094 2888 2160 Quia
2932 2096 3208 2153 divinitas
3236 2099 3621 2173 iiupassibilis
3652 2109 3761 2173 est,

2116 2187 2211 2239 sed
2265 2184 2323 2237 in
2382 2184 2788 2252 conjunctione
2847 2201 3106 2255 personae
3163 2188 3343 2245 Filius
3391 2191 3492 2247 Dei
3550 2192 3765 2249 dicitur

2116 2290 2346 2345 passus.
2403 2272 2681 2328 Descendit
2727 2273 2796 2327 ad
2846 2276 3070 2344 inferos,
3120 2276 3174 2330 id
3223 2283 3330 2345 est,
3382 2282 3579 2337 anima
3626 2300 3759 2340 cum

2114 2363 2323 2429 Verbo,
2356 2362 2492 2432 quia
2544 2363 2889 2433 priusquam
2938 2363 3279 2421 humanitas
3327 2377 3630 2442 assumpta
3673 2378 3764 2429 est

2116 2468 2150 2506 ι
2191 2452 2516 2515 divinitate,
2551 2468 2663 2505 non
2707 2457 2796 2506 est
2846 2460 3115 2523 separata
3162 2472 3195 2509 a
3241 2456 3451 2521 Verbo,
3485 2460 3585 2515 sed
3633 2461 3763 2533 ipsa

2118 2542 2315 2595 anima
2359 2557 2392 2594 a
2420 2556 2659 2611 corpore
2709 2548 2978 2611 separata
3018 2548 3123 2598 est.
3159 2545 3306 2610 Quia
3352 2545 3400 2601 si
3446 2565 3561 2604 non
3608 2555 3765 2607 esset

2119 2635 2405 2701 separata,
2448 2646 2561 2684 non
2610 2636 2807 2701 posset
2860 2632 3026 2687 mori.
3080 2633 3149 2687 Et
3194 2633 3302 2690 iste
3331 2636 3648 2693 descensus
3688 2640 3760 2695 ad

2120 2718 2304 2775 solam
2333 2719 2591 2774 animam
2627 2718 2895 2790 pertinet.
2922 2722 3094 2776 Tertia
3116 2722 3203 2778 die
3233 2729 3533 2781 resurrexit
3564 2745 3602 2783 a
3627 2745 3771 2784 mor-

2122 2810 2252 2877 tuis,
2290 2814 2352 2863 ut
2381 2808 2550 2863 nobis
2601 2808 2933 2880 exemplum
2968 2813 3410 2871 resurrectionis
3443 2818 3776 2873 ostenderet

2122 2898 2273 2953 sicut
2326 2898 2611 2969 propheta
2657 2898 2779 2954 ait:
2824 2900 2947 2954 Post
2994 2902 3135 2956 duos
3181 2902 3297 2958 dies
3344 2906 3627 2961 suscitabit
3674 2923 3774 2964 nos

2123 2993 2172 3043 et
2201 2989 2370 3043 tertia
2399 2987 2488 3042 die
2535 3004 2909 3061 resurgemus,
2941 2996 2997 3044 et
3026 2991 3093 3060 Iin
3140 3002 3425 3064 conspectu
3454 2995 3577 3066 ejus
3624 2998 3775 3052 vive-

2123 3094 2243 3132 mus
2275 3078 2313 3131 ³.

2194 3168 2282 3221 37.
2320 3166 2581 3221 Ascendit
2633 3166 2702 3221 ad
2749 3167 2929 3234 celos,
2975 3168 3122 3224 sedet
3168 3169 3237 3224 ad
3284 3170 3567 3228 dexteram
3595 3174 3774 3229 omni-

2124 3258 2372 3327 potentis,
2422 3257 2555 3310 inde
2613 3260 2874 3311 venturus
2922 3260 3001 3311 est
3034 3258 3288 3327 judicare
3338 3262 3485 3317 vivos
3532 3272 3583 3317 et
3621 3279 3776 3317 mor-

2126 3350 2268 3399 tuos.
2302 3344 2580 3399 Ascendit
2623 3344 2693 3399 arl
2746 3344 2919 3400 caelos
2950 3346 3078 3415 ipsa
3125 3346 3463 3403 humanitas
3511 3366 3636 3421 qua
3671 3351 3780 3407 fuit

2123 3450 2317 3505 passa.
2369 3433 2521 3487 sicut
2571 3432 2759 3505 angeli
2809 3433 3079 3489 dixerunt
3127 3452 3139 3489 :
3193 3436 3306 3492 l'iri
3351 3437 3591 3504 Galilei,
3640 3440 3780 3511 quid

2121 3524 2277 3576 statis
2334 3522 2656 3593 aspicientes
2731 3524 2791 3576 in
2845 3524 3042 3577 caelum
3082 3527 3107 3576 Ρ
3180 3526 3275 3580 Hic
3327 3527 3478 3582 Iesus
3537 3530 3634 3598 qui
3690 3545 3782 3584 as-

2123 3616 2373 3682 sumptus
2420 3616 2499 3666 est
2527 3629 2559 3665 a
2610 3611 2756 3666 vobis
2805 3614 2863 3666 in
2908 3616 3106 3667 caelum
3154 3616 3233 3669 sic
3282 3619 3477 3687 veniet,
3518 3618 3784 3689 quemad-

2125 3701 2344 3755 modum
2407 3699 2620 3755 vidistis
2686 3717 2809 3754 eum
2867 3706 3085 3757 euntem
3154 3705 3211 3757 in
3277 3706 3471 3760 caelum
3525 3707 3565 3759 ³.
3636 3707 3785 3771 Quia

2129 3789 2453 3845 secundum
2481 3789 2846 3845 divinitatem
2880 3790 2951 3845 ad
2986 3790 3209 3847 nullum
3241 3798 3436 3863 potest
3464 3797 3782 3853 ascendere

2126 3879 2345 3948 locum,
2394 3879 2495 3934 sed
2546 3879 2764 3949 ubique
2814 3884 2969 3935 totus
3025 3887 3130 3936 est.
3185 3881 3339 3937 Sedet
3386 3883 3455 3939 ad
3502 3884 3784 3941 dexteram

2127 3969 2226 4024 Dei
2253 3970 2437 4023 Patris
2483 3970 2893 4039 omnipotentis.
2926 3972 3239 4033 ,Dexteram
3286 3978 3482 4028 autem
3538 3974 3633 4029 Dei
3668 3991 3783 4030 non

2129 4056 2445 4121 carnalem,
2497 4072 2608 4110 non
2662 4057 3048 4128 corporalem,
3098 4060 3253 4115 sicut
3302 4061 3563 4118 humana
3610 4062 3788 4119 habet

2129 4150 2359 4211 natura,
2390 4144 2487 4198 sed
2517 4144 2572 4198 in
2602 4144 2709 4198 hoc
2740 4162 2841 4217 pro
2864 4144 3048 4217 gloria
3074 4148 3167 4202 Dei
3200 4149 3470 4204 convenit
3498 4152 3783 4223 accipere.

2132 4239 2209 4289 Ac
2242 4232 2289 4288 si
2317 4239 2517 4303 aperte
2546 4233 2704 4287 dicat
2738 4252 2750 4289 :
2787 4242 2993 4305 regnat
3022 4234 3080 4290 in
3118 4235 3302 4306 gloria
3334 4237 3456 4309 Dei,
3498 4243 3556 4293 et
3585 4241 3787 4297 sedere

2134 4340 2233 4394 pro
2267 4338 2510 4394 regnare
2538 4322 2770 4376 dicitur.
2801 4322 2932 4377 Inde
2962 4328 3223 4379 venturus
3250 4334 3329 4381 est
3346 4328 3607 4394 judicare
3636 4331 3785 4385 vivos

2130 4416 2183 4468 et
2213 4420 2475 4466 mortuos.
2518 4410 2810 4465 Venturus
2860 4419 2951 4467 est
2982 4413 3039 4467 in
3088 4415 3291 4470 eadem
3343 4417 3530 4470 forma
3574 4417 3631 4473 in
3666 4436 3785 4489 qua

2131 4502 2465 4567 crucifixus,
2493 4499 2546 4553 in
2581 4517 2698 4570 qua
2723 4506 3008 4568 mortuus,
3046 4502 3103 4557 in
3137 4519 3253 4574 qua
3283 4504 3550 4575 sepultus
3580 4513 3690 4573 est,
3723 4508 3784 4563 in

2132 4606 2249 4662 qua
2281 4588 2616 4655 resurrexit,
2651 4607 2764 4643 non
2815 4590 2872 4644 in
2922 4608 2989 4646 ea
3038 4597 3264 4646 tantum
3319 4592 3684 4650 humanitate
3724 4596 3786 4652 in

368 4681 451 4735 sic
482 4686 569 4736 est
601 4697 754 4734 Lnus
804 4680 1063 4745 effectus,
1098 4684 1161 4733 ut
1194 4696 1305 4733 non
1354 4679 1648 4733 amitteret
1678 4679 1830 4749 quod
1877 4683 2020 4747 erat,
2053 4717 2098 4780 Β
2133 4696 2247 4750 qua
2279 4689 2449 4733 antea
2477 4679 2603 4744 fuit,
2635 4680 2732 4733 sed
2759 4680 2814 4733 in
2847 4681 3033 4751 gloria
3052 4686 3110 4734 et
3136 4681 3458 4750 majestate.
3485 4684 3553 4739 Et
3576 4684 3703 4740 ideo
3724 4685 3786 4741 in

369 4771 469 4824 sed
504 4774 833 4825 assumeret
861 4769 1014 4838 quod
1052 4784 1164 4822 non
1200 4774 1346 4822 erat.
1380 4768 1718 4838 Assumpsit
1750 4768 2021 4822 humani-

367 4864 572 4922 tatem,
604 4865 661 4913 et
693 4874 807 4912 non
843 4857 1040 4912 amisit
1070 4857 1456 4910 divinitatem.

441 4949 527 5003 34.
567 4949 710 5005 Unus
750 4949 975 5002 omnino
1021 4962 1129 5000 non
1177 4947 1499 5016 confusione
1547 4946 1900 5012 substantiae,
1932 4945 2024 5001 sed

370 5041 589 5093 unitate
616 5051 883 5107 personae.
933 5036 1055 5090 Non
1091 5037 1144 5089 in
1197 5053 1261 5090 eo
1297 5041 1517 5089 natura;
1550 5033 1881 5089 commistio
1912 5040 2023 5099 est,

372 5134 435 5183 ut
465 5127 549 5183 vel
582 5127 855 5180 divinitas
880 5130 1205 5179 mutaretur
1228 5126 1285 5177 in
1320 5129 1590 5178 naturam
1615 5122 2021 5193 humanitatis,

372 5216 454 5271 vel
482 5216 819 5270 humanitas
847 5218 1277 5269 converteretur
1296 5213 1352 5267 in
1379 5217 1650 5267 naturam
1674 5212 2023 5280 divinitatis,

371 5306 468 5361 sed
496 5305 725 5376 utrique
748 5309 967 5359 naturze
994 5306 1189 5357 manet
1213 5302 1537 5373 proprietas
1558 5302 1615 5355 in
1650 5306 2021 5372 perpetuum.

370 5395 557 5451 Tanta
589 5400 786 5449 tamen
835 5394 1171 5463 conjunctio
1220 5397 1309 5446 est
1360 5394 1725 5455 naturarum,
1758 5395 1822 5445 ut
1865 5390 2023 5445 idem

370 5486 471 5556 qui
525 5482 874 5539 mternaliter
922 5498 991 5537 ex
1039 5481 1155 5537 Deo
1205 5480 1374 5536 Patre
1420 5480 1656 5552 genitus
1705 5485 1815 5550 est,
1847 5479 2023 5535 homo

445 5716 490 5751 ⁸⁸
520 5713 673 5771 Psal.
705 5729 819 5780 (ιιι,
849 5714 907 5770 4.

375 5802 454 5859 vi,
483 5788 536 5843 3.
613 5786 635 5823 ³
663 5787 790 5843 Act.
821 5801 861 5856 ι,
893 5783 983 5842 Η.

988 5713 1035 5748 ’⁸
1064 5715 1232 5768 Prov.
1264 5726 1341 5783 ιι,
1375 5712 1427 5767 1.
1502 5711 1546 5747 ν’
1572 5711 1741 5769 Rom.
1774 5725 1814 5780 ι,
1846 5710 1902 5768 3.
1976 5709 2011 5746 ⁹¹

2126 5724 2192 5767 ιο.
2223 5725 2286 5778 ιι,
2315 5710 2407 5767 52.
2481 5711 2528 5747 θ’
2556 5710 2724 5769 Joan.
2773 5728 2830 5783 x,
2861 5712 2952 5771 30.

2132 4769 2336 4822 eadem
2362 4770 2567 4833 forma,
2596 4774 2656 4821 ut
2685 4767 2878 4823 videat
2904 4770 3151 4823 llerodes
3175 4776 3231 4823 et
3252 4770 3476 4827 Pilatus
3499 4790 3669 4843 quem
3688 4777 3789 4844 ju-

2132 4859 2493 4919 dicaverunt,
2529 4862 2585 4911 et
2614 4857 2845 4912 videant
2875 4857 3057 4912 Judaei
3090 4876 3262 4930 quem
3297 4861 3689 4929 tradiderunt,
3724 4868 3789 4919 ut

2134 4947 2369 5000 videant
2396 4945 2613 5002 milites
2644 4963 2815 5016 quem
2851 4948 3288 5017 crucifixerunt,
3314 4955 3376 5004 ut
3405 4949 3641 5007 videant
3674 4954 3787 5007 im-

2134 5036 2212 5106 pii
2247 5050 2419 5104 quem
2476 5041 2852 5105 negaverunt.
2910 5039 3092 5106 Vivos,
3144 5054 3291 5107 quos
3344 5040 3471 5109 ejus
3503 5040 3788 5097 adventus

2134 5125 2421 5178 invenerit
2450 5124 2507 5177 in
2540 5141 2780 5195 corpore
2826 5126 3102 5180 viventes.
3138 5132 3408 5192 Mortuos,
3439 5130 3535 5198 qui
3570 5131 3786 5186 mortui

2132 5218 2303 5268 erunt
2352 5213 2422 5266 ab
2474 5212 2640 5268 initio
2677 5230 2862 5284 usque
2914 5214 2970 5268 in
3018 5213 3185 5269 illum
3237 5217 3413 5271 diem.
3462 5216 3564 5273 Vel
3598 5219 3784 5275 aliter.

2132 5300 2329 5365 Vivos,
2362 5300 2418 5355 id
2452 5305 2560 5371 est,
2590 5306 2823 5357 sanctos
2851 5319 2863 5369 ;
2898 5307 3185 5366 mortuos,
3217 5303 3274 5359 id
3308 5312 3418 5373 est,
3453 5312 3787 5378 peccatores

2133 5405 2266 5445 cum
2302 5390 2706 5459 peccatoribus
2738 5392 2864 5446 suis
2895 5390 3004 5461 [sic
3034 5392 3257 5462 codex].

2203 5478 2351 5535 667
2380 5478 2469 5534 38.
2501 5478 2581 5534 Ad
2609 5479 2768 5550 cujus
2788 5481 3089 5535 adventum
3111 5496 3295 5538 omnes
3324 5481 3570 5541 homines
3599 5501 3787 5543 resur-

3032 5714 3051 5751 ¹
3082 5712 3252 5770 Joan.
3282 5730 3399 5784 xlv,
3430 5717 3522 5774 28.
3599 5716 3622 5752 ³
3650 5716 3786 5779 08οο
