4162 6382
353 465 511 529 1605

1617 464 1719 527 DE
1765 465 2109 528 ΗΑἹῚΟΝΕ
2154 465 2502 527 ΡΑΞΟΗΑΞ.

3602 465 3629 524 1
3643 462 3760 524 606

350 598 414 655 τὸ
464 598 641 673 ἀρχὴν
693 596 821 651 εἶναι
874 593 1227 673 ὑπεράρχιον,
1275 597 1339 652 τὸ
1396 596 1583 651 οὐσίαν
1639 597 1774 652 εἶναι
1834 598 1993 672 ὑπερ-

2133 615 2235 654 ιεεθ
2284 597 2383 668 qui
2430 594 2844 667 comprehendi
2906 598 3175 666 nequeat,
3228 610 3489 666 regnare,
3541 610 3760 660 creare,

352 687 558 757 οὐσιον,
588 688 650 740 τὸ
682 690 797 763 φῶς
829 684 1093 761 λέγεσθαι.
1129 692 1198 740 To
1229 683 1286 740 δὶ
1319 685 1510 747 σκότος
1535 686 1599 740 τὰ
1650 681 1999 757 συμϐολικῶς

354 776 645 851 λεγόμενα,
700 774 811 829 οἷον
868 777 1168 847 θυμοῦσθαι
1242 776 1332 829 καὶ
1394 775 1749 851 ὀργίζεσθαι,
1803 777 2001 830 ὑπνοῦν

354 866 442 921 καὶ
499 865 880 940 ἐγρηγορέναι.
934 870 1109 919 Ταῦτα
1156 866 1329 919 πάντα
1374 869 1443 938 τῇ
1493 870 1590 937 μιᾷ
1636 864 1788 939 φύσει
1836 885 2004 938 προσ-

354 954 707 1031 αρμόζοντες,
770 954 868 1009 οὐκ
914 954 973 1008 ἐκ
1026 958 1131 1009 τῶν
1190 956 1305 1009 κατ’
1363 954 1528 1023 αὐτὴν
1588 951 1863 1026 δηλοῦμεν
1899 1000 1912 1025 ,
1973 955 2006 1021 ἣ

355 1049 585 1116 νοοῦμεν
620 1043 807 1113 αὐτὴν,
840 1041 967 1097 ἀλλ’
998 1042 1047 1097 ἐν
1094 1048 1201 1097 τῶν
1251 1043 1372 1117 περὶ
1422 1042 1614 1112 αὐτήν.
1644 1042 1779 1098 Μίαν
1834 1040 1879 1096 δ’
1912 1040 2001 1096 οὖν

353 1133 451 1201 τὴν
485 1132 642 1208 φύσιν
674 1130 875 1193 εἰδότες
904 1137 1011 1186 τῶν
1060 1137 1224 1207 τριῶν
1280 1132 1645 1201 ὑποστάσεων,
1690 1129 1866 1185 οὐδενὶ
1896 1136 2003 1184 τῶν

358 1220 544 1277 ἄλλων
576 1219 945 1298 διαφερουσῶν
980 1223 1013 1290 ἢ
1042 1223 1159 1283 ταῖς
1187 1219 1423 1291 ἰδιότησι
1452 1220 1693 1289 ταύταις,
1724 1221 1787 1274 τὸ
1818 1225 2002 1294 γεννᾷν

358 1310 502 1387 λέγω
561 1311 650 1365 καὶ
700 1312 763 1365 τὸ
822 1312 1126 1384 γεννᾶσθαι,
1184 1310 1271 1365 καὶ
1331 1312 1391 1365 τὸ
1450 1309 1857 1382 ἐκπορεύεσθαι,
1916 1308 2005 1363 καὶ

357 1400 441 1454 δτι
470 1401 533 1454 τὸ
567 1400 661 1471 μὶν
694 1400 904 1474 Πατὴρ,
933 1400 997 1453 τὸ
1047 1396 1104 1453 δὲ
1150 1400 1292 1469 Υἱὸς,
1318 1400 1380 1453 τὸ
1431 1397 1489 1453 δὶ
1522 1403 1757 1471 Πνεῦμα·
1791 1396 1879 1453 καί
1922 1397 2005 1453 ὅτι

359 1490 387 1543 6
420 1489 513 1561 μὲν
550 1488 757 1560 Πατὴρ,
792 1489 1071 1562 γεννήτωρ
1102 1488 1191 1541 καὶ
1221 1482 1551 1559 προϐοΑεὺς,
1584 1488 1859 1562 γεννήτωρ
1912 1489 2005 1559 μὶν

356 1584 454 1634 τοῦ
505 1581 667 1650 Υἱοῦ,
717 1573 1025 1652 προϐολεὺς
1074 1575 1131 1632 δὶ
1173 1582 1270 1632 τοῦ
1320 1578 1653 1649 Πνεῦματος·
1701 1578 1729 1632 6
1779 1575 1836 1631 δὶ
1884 1578 2006 1638 Υἱὸς

357 1668 627 1745 γὲννημα,
667 1669 730 1722 τὸ
761 1665 819 1722 δὲ
863 1670 1076 1739 Πνεῦμα
1123 1661 1449 1743 πρόϐΛημα.
1484 1668 1580 1721 Καὶ
1612 1668 1641 1721 6
1676 1667 1768 1739 μὶν
1821 1668 2007 1741 Πατὴρ

362 1757 731 1831 ἆγᾶννητος,ὁ
791 1754 849 1811 δὶ
907 1757 1031 1818 Υἱὸς
1088 1757 1340 1832 γεννητὸς
1401 1753 1489 1810 διὰ
1540 1752 1635 1810 δύο
1695 1777 1779 1825 νν,
1827 1756 1892 1810 τὸ
1951 1753 2009 1809 δὶ

359 1845 579 1919 Πνεῦμα
635 1842 981 1917 ἱκπορευτόν.
1015 1845 1110 1901 Καὶ
1172 1846 1199 1900 6
1254 1847 1347 1919 μὶν
1404 1847 1592 1921 Πατὴρ
1645 1844 1839 1915 αἴτιος,
1874 1845 1901 1899 6
1953 1843 2010 1900 δὶ

360 1938 482 1998 Υἱὸς
530 1936 619 1990 καὶ
650 1936 712 1990 τὸ
757 1940 975 2007 Πνεῦμα
1013 1935 1244 1991 αίτιατὰ.
1297 1935 1395 1989 Καὶ
1436 1936 1463 1989 6
1511 1935 1605 2007 μὲν
1639 1936 1824 2010 Πατὴρ
1873 1954 2010 2009 προ-

361 2021 580 2095 ϐολεὺς,
614 2026 641 2079 6
674 2022 731 2079 δὲ
782 2026 906 2087 Υἱὸς
940 2024 1060 2086 Υἱὸς
1114 2024 1299 2096 μόνον,
1329 2024 1418 2078 καὶ
1469 2024 1531 2078 τὸ
1584 2028 1803 2096 Πνεῦμα
1850 2022 2009 2078 ἔκπο-

364 2116 675 2193 ρεοόμενον⁸
738 2114 799 2168 οὐ
844 2116 945 2189 γὰρ
1004 2113 1296 2184 ἐξίστανται
1346 2117 1455 2168 τῶν
1516 2111 1829 2183 ἷδιοτήτων,
1888 2109 2013 2166 οὔτε

364 2206 393 2260 6
437 2206 620 2279 Πατὴρ
670 2208 768 2259 τοῦ
826 2204 959 2257 εῖναι
1023 2204 1231 2277 Πατὴρ,
1291 2200 1413 2257 οὔτε
1470 2204 1498 2256 6
1550 2203 1671 2264 Υἱὸς
1720 2207 1817 2257 τοῦ
1877 2203 2012 2256 εἷναι

366 2295 511 2359 Υἱὸς,
545 2293 669 2349 οὔτε
715 2292 777 2348 τὸ
810 2296 1029 2365 Πνεῦμα
1074 2296 1171 2347 τοῦ
1220 2291 1357 2347 εἶναι
1410 2295 1647 2364 ΙΙνεῦμα,
1677 2290 1804 2347 ἀλλ’
1843 2294 1878 2361 ἡ
1915 2292 2010 2364 μὶν

365 2382 519 2439 οὐσία
576 2383 768 2454 κοινὴ,
828 2382 925 2453 μία
980 2385 1085 2436 τῶν
1140 2385 1306 2453 τριῶν
1367 2382 1403 2450 ἡ
1460 2380 1675 2452 θεότης,
1732 2380 2011 2455 (ὅσ-πτεροῦν

366 2476 519 2551 φῶτα
569 2472 693 2546 τρία
747 2468 1021 2540 ἀλλήλοις
1072 2468 1336 2541 δνούμενα
1385 2469 1474 2524 καὶ
1528 2468 1590 2524 οὐ
1650 2469 2011 2545 συγχεόμενα.

362 2566 537 2617 Ταῦτα
572 2560 667 2634 μὶν
699 2559 857 2615 ἱκανὰ
881 2556 1075 2615 είδᾶναι
1107 2559 1231 2632 περὶ
1258 2560 1358 2629 τὴν
1391 2555 1701 2634 θεολογίαν.

809 2736 977 2801 Τιλος
1007 2739 1098 2793 καὶ
1130 2758 1209 2811 τῳ
1239 2742 1355 2810 Θεῷ
1383 2736 1567 2815 χάρις.

2113 706 2304 760 posse,
2336 694 2615 742 internum
2650 703 2799 749 esse,
2834 686 3186 757 principium
3218 702 3346 740 esse
3378 703 3557 756 supra
3588 702 3762 740 omne

2111 777 2491 849 principium,
2527 777 2724 830 lumen
2757 776 2893 829 dici.
2928 775 3203 829 Tenebras
3234 781 3430 829 autem
3463 780 3603 829 sunt
3632 792 3760 846 quas

2113 866 2429 938 symbolice
2487 866 2581 937 (de
2636 865 2773 934 Deo)
2832 864 3129 931 dicuntur,
3173 862 3392 918 scilicet
3444 864 3762 936 indignari,

2113 956 2308 1024 irasci,
2362 956 2637 1023 dormire,
2670 953 2930 1022 vigilare.
2966 953 3095 1006 Hine
3142 953 3341 1007 omnia
3382 953 3482 1006 uni
3538 959 3762 1008 naturas

2114 1050 2501 1116 congruenter
2549 1043 2959 1105 attribuentes,
2993 1058 3105 1095 non
3150 1057 3219 1095 ex
3250 1042 3321 1096 iis
3372 1058 3502 1113 quas
3530 1044 3600 1096 ad
3633 1058 3763 1097 eam

2117 1136 2404 1206 pertinent
2435 1133 2845 1205 significamus
2877 1136 2975 1185 aut
3009 1129 3413 1201 intelligimus,
3447 1131 3546 1186 sed
3577 1148 3646 1186 ex
3693 1130 3765 1186 iis

2115 1240 2242 1294 quae
2284 1224 2438 1277 circa
2486 1221 2647 1276 illam
2700 1226 2858 1275 sunt.
2892 1218 3078 1274 Unam
3126 1219 3321 1291 itaque
3370 1220 3591 1275 scimus
3638 1235 3769 1275 esse

2116 1320 2388 1367 naturam
2423 1313 2601 1366 trium
2637 1310 3068 1382 hypostasium,
3102 1326 3229 1379 qua:
3265 1308 3423 1363 nullo
3455 1308 3568 1364 alio
3599 1310 3767 1364 δισθ-

2118 1406 2274 1466 runt,
2294 1417 2470 1471 quam
2503 1401 2664 1454 hisce
2697 1398 3177 1470 proprietatibus,
3211 1413 3490 1468 generare
3520 1397 3766 1460 scilicet.

2117 1492 2487 1563 genereri,et
2541 1489 2873 1561 procedere,
2907 1494 2965 1541 et
3023 1488 3177 1553 quod
3241 1486 3384 1541 illud
3444 1486 3520 1542 sit
3578 1486 3765 1553 Pater,

2117 1579 2264 1634 illud
2319 1578 2520 1647 Filius,
2551 1576 2697 1631 illud
2749 1575 3024 1648 Spiritus,
3058 1579 3115 1629 et
3142 1575 3297 1646 quod
3340 1575 3504 1630 Pater
3528 1575 3767 1646 quidem

2117 1669 2196 1724 sit
2242 1668 2473 1739 genitor
2519 1672 2577 1721 et
2624 1666 2960 1737 productor.
2993 1664 3223 1735 genitor
3270 1664 3421 1732 Filii,
3455 1665 3770 1736 productor

2117 1758 2371 1829 Spiritus
2406 1774 2417 1812 :
2454 1756 2637 1811 Filius
2689 1754 2901 1826 proles,
2934 1754 3184 1825 Spiritus
3241 1754 3578 1823 productus.
3612 1753 3767 1809 008

2120 1852 2188 1903 Et
2221 1848 2385 1903 Pater
2430 1847 2668 1919 quidem
2719 1841 3035 1916 ἀγίννητος,
3087 1859 3187 1899 seu
3238 1860 3347 1899 non
3388 1846 3645 1915 genitus;
3678 1845 3771 1901 Fi-

2121 1936 2239 1993 lius
2266 1933 2522 2010 γεννητός
2554 1951 2686 1990 cum
2739 1934 2974 1988 duobus
2996 1953 3079 1999 vv,
3110 1948 3211 1988 seu
3243 1935 3483 2001 genitus,
3516 1933 3773 2005 Spiritus

2120 2043 2254 2082 vero
2289 2025 2624 2096 procedens.
2666 2025 2831 2078 Pater
2861 2038 3040 2077 causa
3069 2027 3180 2087 est,
3219 2021 3395 2078 Filius
3425 2027 3481 2078 et
3521 2022 3774 2095 Spiritus

2122 2114 2369 2170 causati.
2406 2113 2573 2167 Pater
2623 2118 2711 2167 est
2737 2112 2913 2166 etiam
2950 2110 3280 2182 productor.
3316 2110 3494 2166 Filius
3543 2116 3773 2167 tantum

2124 2204 2325 2268 Filius,
2377 2201 2632 2273 Spiritus
2683 2200 3003 2271 procedens
3038 2216 3051 2253 :
3084 2215 3270 2269 neque
3322 2200 3447 2255 suis
3490 2201 3779 2255 excedunt

2125 2291 2601 2365 proprietatibus,
2624 2290 2792 2344 Pater
2812 2288 3038 2344 scilicet
3059 2305 3091 2342 a
3113 2288 3337 2343 ratione
3366 2289 3570 2355 Patris,
3600 2289 3777 2345 Filius

2124 2399 2158 2437 ε
2190 2382 2412 2438 ratione
2442 2380 2591 2446 Filii,
2624 2379 2876 2450 Spiritus
2904 2394 2937 2432 a
2968 2377 3192 2433 ratione
3221 2377 3515 2450 Spiritus;
3548 2379 3650 2434 sed
3683 2396 3776 2435 es-

2125 2472 2316 2527 sentia
2345 2468 2678 2524 communis
2702 2472 2793 2523 est
2816 2484 2831 2533 ;
2857 2483 2973 2521 una
2992 2466 3170 2521 trium
3194 2473 3284 2522 est
3306 2466 3780 2537 divinitasgsieut

2124 2559 2239 2615 tris.
2270 2558 2498 2613 lumina
2544 2557 2790 2612 invicem
2824 2561 2990 2611 unita
3020 2571 3126 2611 nec
3175 2556 3439 2612 confusa.
3474 2557 3604 2614 Ηωο
3634 2561 3777 2614 sunt

2127 2649 2197 2705 ad
2231 2646 2535 2720 theologia:
2570 2646 2840 2702 notitiam
2873 2644 3038 2701 satis.

2652 2737 2805 2791 Finis
2834 2740 2886 2791 et
2914 2735 3097 2807 gratia
3123 2734 3252 2791 Deo.

1351 3057 1421 3115 IN
1462 3058 1894 3117 OPUSCULUM
1936 3060 2027 3117 DE
2068 3059 2433 3116 PASCHATE
2472 3057 2809 3115 MONITUM

443 3190 547 3247 Hic
604 3188 829 3244 libellus
876 3187 1034 3242 nobis
1077 3205 1112 3241 a
1164 3188 1307 3243 clar.
1338 3188 1457 3242 viro
1515 3188 1748 3243 Antonio
1804 3186 2121 3252 lumtorio,
2153 3190 2213 3242 in
2272 3186 2596 3241 bibliotheca
2653 3185 3015 3240 Ambrosiana
3068 3187 3369 3256 praeposito
3426 3188 3786 3242 transmissus

372 3279 689 3349 nuperrime
719 3279 847 3346 fuit.
884 3277 946 3331 Et
976 3276 1213 3346 quidem.
1246 3280 1305 3330 ut
1334 3276 1481 3330 mihi
1510 3277 1741 3342 videtur,
1774 3294 1808 3331 a
1839 3278 2038 3332 Latino
2068 3276 2299 3349 quodam
2328 3277 2593 3345 scriptore
2644 3275 2938 3329 Athanasii
2962 3276 3183 3329 nomine
3212 3280 3472 3330 exoratus
3497 3278 3595 3330 est.
3626 3277 3784 3333 Nihil

371 3370 520 3423 enim
551 3366 795 3421 Graecum
826 3366 929 3419 olel
960 3366 1101 3435 quod
1130 3367 1431 3420 orationem
1472 3370 1695 3435 spectat,
1726 3368 1833 3421 etsi
1858 3374 1920 3421 ut
1974 3366 2279 3436 legentibus
2322 3369 2512 3436 lucum
2556 3366 2763 3434 laceret
2809 3366 3048 3435 scriptor
3091 3366 3208 3433 iste,
3241 3370 3291 3419 et
3344 3366 3656 3421 Athanasio
3686 3365 3787 3421 hoc

370 3456 573 3511 ascmbi
602 3454 921 3524 apusculum
952 3463 1189 3521 curaret,
1223 3455 1497 3508 rationem
1545 3454 1828 3509 Paschatis
1857 3454 2214 3522 computandi
2242 3469 2365 3524 quae
2410 3453 2555 3524 apud
2596 3454 2803 3509 Gra'cos
2832 3455 3042 3509 obtinet
3086 3455 3239 3525 sequi
3283 3454 3557 3509 videatur.
3593 3455 3789 3510 Verum

371 3546 645 3601 nonnulla
675 3544 764 3597 hic
810 3551 1128 3613 comparent
1179 3558 1305 3613 quae
1334 3545 1516 3597 minus
1562 3548 1801 3614 peritum
1849 3544 2124 3618 ψηφιστήν
2179 3554 2438 3614 arguant,
2474 3550 2534 3597 ut
2564 3542 2705 3612 quod
2735 3546 2823 3597 ait
2853 3561 2871 3597 :
2903 3543 2997 3597 Sic
3039 3542 3259 3597 Pascha
3289 3560 3394 3597 nec
3425 3550 3559 3598 ante
3587 3560 3645 3599 xx
3677 3544 3789 3599 Ka-

375 3633 580 3688 lendas
611 3632 845 3704 Aprilis,
880 3648 983 3686 nec
1015 3636 1145 3702 post
1177 3649 1231 3686 ιι
1268 3631 1549 3687 Kalendas
1579 3633 1713 3687 Maii
1746 3633 2024 3688 celebrari
2059 3649 2228 3703 posse
2252 3634 2548 3687 decretum
2580 3637 2688 3686 est.
2723 3632 2873 3700 Quod
2902 3632 2987 3687 vel
3028 3648 3204 3686 unum
3232 3632 3502 3702 sufﬁciat,
3535 3641 3595 3688 ut
3624 3634 3790 3688 Atha-

372 3726 530 3778 nasio
564 3722 951 3793 abjudicemus
981 3739 999 3775 :
1029 3723 1126 3793 qui
1155 3738 1279 3776 cum
1325 3722 1470 3793 apud
1500 3724 1802 3793 Aigyptios,
1850 3726 2242 3794 computalores
2287 3724 2535 3777 omnium
2561 3724 3003 3777 acmiratissimos
3048 3724 3220 3776 vitam
3269 3726 3470 3791 ageret,
3503 3732 3555 3777 et
3597 3738 3793 3779 curam

374 3813 684 3868 ordinandi
745 3812 1030 3865 Paschalis
1062 3817 1186 3881 post
1240 3812 1573 3867 decessorem
1627 3829 1791 3867 suum
1847 3812 2243 3881 Alexandrum,
2276 3811 2476 3883 synodi
2530 3812 2768 3868 Nicznw
2813 3815 2973 3882 jussu
3031 3813 3327 3882 accepisset
3354 3812 3505 3883 (nam
3549 3813 3799 3867 Alexan-

376 3903 550 3957 drinis
580 3899 915 3972 praesulibus
946 3900 1063 3955 haec
1091 3902 1375 3970 provincia
1403 3901 1729 3956 demandata
1758 3902 1965 3972 fuerat)
1986 3919 2005 3961 ,'
2037 3904 2097 3956 in
2127 3901 2436 3973 hujusmodi
2465 3918 2707 3956 errorem
2752 3916 3032 3971 nunquam
3061 3900 3319 3968 delapsus
3348 3908 3510 3956 esset.
3561 3902 3797 3971 Quamo-

379 3995 532 4047 brem
585 3994 728 4045 inter
774 3990 968 4058 spuria
1014 3991 1211 4043 merito
1261 3990 1563 4057 obtegatur.
1615 3990 1928 4057 Opinamur
1973 3998 2156 4045 autem
2185 3998 2371 4045 octavo
2405 3990 2485 4044 vel
2515 4005 2662 4045 nono
2707 3990 2903 4044 sacculo
2933 3990 3271 4044 adornatum
3319 3992 3506 4061 fuisse,
3538 4005 3642 4061 quo
3686 4002 3802 4047 aevo

376 4080 694 4153 hujusmodi
722 4079 906 4133 studia
937 4077 1278 4132 oblinebant.

864 4220 1091 4301 Incipit
1118 4226 1424 4281 tractatus
1454 4223 1518 4282 S.
1555 4222 1879 4283 Athanasii
1911 4222 2187 4302 episcopi
2219 4221 2625 4282 Alexandrini
2655 4223 2732 4282 de
2763 4222 3003 4283 ratione
3032 4222 3314 4283 Pascha.

460 4375 654 4431 Mensis
684 4377 773 4433 hic
794 4378 939 4432 vobis
972 4377 1199 4431 initium
1230 4375 1742 4445 mensium,primus
1762 4375 1869 4429 erit
1888 4374 2040 4429 vobis
2070 4375 2113 4440 Ω
2152 4374 2431 4429 dueabilis
2487 4373 2669 4428 illum.
2726 4373 2922 4427 Lumbi
2976 4374 3145 4428 vestri
3194 4375 3427 4428 accincti
3480 4378 3535 4430 et
3588 4374 3804 4430 calcea-

385 4465 448 4519 in
484 4466 764 4520 mensibus
817 4467 975 4519 anni.
1014 4470 1255 4535 Loquere
1307 4464 1377 4518 ad
1432 4479 1644 4519 omnem
1699 4479 2037 4535 synagogam
2144 4472 2334 4517 menta
2363 4471 2541 4517 vestra
2572 4463 2630 4516 in
2658 4461 2885 4533 pedibus
2933 4463 3148 4525 vestris,
3181 4471 3232 4517 et
3269 4461 3438 4518 edetis
3466 4463 3632 4518 illum
3682 4480 3806 4519 cum

384 4554 635 4624 ﬁliorum
662 4555 853 4609 Israel.
905 4555 1123 4609 Decima
1173 4555 1376 4607 mensis
1407 4553 1572 4623 hujus
1613 4554 1810 4607 sumite
1863 4567 2033 4606 unus-
2144 4554 2513 4624 festinatione
2539 4570 2557 4605 :
2591 4554 2798 4606 Pascha
2825 4553 2978 4606 enim
3009 4561 3087 4605 est
3116 4552 3336 4608 Domini
3366 4553 3406 4607 ⁸.

386 4646 618 4715 quisque
656 4660 805 4698 ovem
850 4659 948 4714 per
998 4643 1190 4698 domus
1235 4647 1519 4714 paternas,
1550 4647 1602 4697 et
1647 4658 1744 4713 per
1787 4641 2039 4711 singulas

391 4734 623 4793 domus;
658 4734 735 4787 ita
786 4741 845 4786 ut
874 4733 924 4786 si
952 4748 1061 4786 non
1106 4734 1220 4785 sint
1249 4732 1385 4786 satis
1431 4732 1510 4786 ad
1554 4746 1729 4796 ovem,
1762 4732 2043 4786 assumat

385 4839 565 4878 secum
614 4824 853 4877 vicinum
902 4822 1295 4892 prapinquum.
1331 4819 1560 4875 Sument
1600 4823 1791 4875 autem
1839 4836 2041 4890 agnum

386 4912 695 4965 masculum
756 4912 1177 4965 immaculatum
1233 4910 1560 4963 anniculam
1616 4911 1685 4963 de
1749 4910 1939 4964 ovibus
1994 4912 2044 4963 et

388 5000 582 5061 hmdis.
616 5005 667 5055 et
714 5002 822 5054 erit
874 5002 1021 5054 vobis
1069 5000 1411 5052 observatum
1458 5014 1626 5063 usque
1671 5000 1730 5051 in
1760 5002 2044 5068 quartam-

390 5090 655 5145 decimam
710 5092 912 5144 mensis
969 5090 1151 5159 hujus.
1190 5088 1251 5141 Et
1307 5087 1509 5141 occidet
1566 5103 1690 5141 eum
1749 5086 2045 5141 multitudo

394 5193 692 5249 synagogas
743 5178 993 5248 ﬁliorum
1025 5179 1212 5232 Israel.
1248 5176 1323 5230 Ad
1372 5192 1648 5245 vesperam
1677 5184 1954 5229 assumant
1983 5174 2047 5229 dc

394 5271 670 5336 sanguine
697 5276 748 5322 et
798 5272 1000 5337 ponent
1049 5283 1211 5336 super
1236 5266 1366 5320 duos
1418 5269 1592 5335 postes
1634 5274 1684 5320 et
1717 5264 1913 5319 limina
1944 5265 2046 5317 do-

397 5373 538 5422 mus,
572 5360 627 5411 in
677 5359 871 5428 quibus
900 5357 1057 5411 edent
1104 5371 1227 5410 cum
1259 5373 1276 5409 :
1307 5365 1358 5409 et
1400 5355 1815 5409 manducabunt
1860 5368 2049 5407 carnes

396 5456 610 5502 assatas
659 5452 788 5517 agni
818 5455 869 5501 et
914 5461 1113 5516 azyma
1150 5460 1274 5499 cum
1321 5443 1699 5498 amaritudine
1744 5441 2047 5497 manduca-

400 5536 555 5590 bunt.
591 5538 653 5590 Et
709 5552 819 5589 non
878 5534 1288 5588 manducabitis
1344 5550 1413 5588 ea:
1456 5534 1525 5588 iis
1583 5532 1816 5587 crudum
1872 5546 2050 5601 neque

397 5631 606 5681 coctum
633 5625 692 5680 in
722 5641 888 5695 aqua,
911 5622 1007 5677 sed
1029 5631 1241 5677 assatas
1286 5624 1346 5677 in
1376 5624 1521 5691 igne.
1555 5622 1647 5678 Sic
1675 5626 1864 5678 autem
1892 5637 2049 5675 man-

470 5804 492 5839 ⁸
522 5803 703 5861 Exod.
733 5820 836 5877 ιιι,
866 5803 1023 5859 2-11.

2218 4642 2346 4696 Scio
2406 4641 2625 4695 multos
2684 4640 3091 4710 scrupulosius
3158 4640 3517 4712 interrogare
3576 4638 3803 4708 solitos,

2151 4748 2333 4803 quare
2363 4730 2687 4784 secundum
2722 4745 2941 4783 morem
2976 4727 3313 4784 Judaaorum
3357 4730 3427 4785 ad
3461 4728 3613 4785 lunai
3644 4744 3807 4785 com-

2151 4819 2499 4892 paritionem
2525 4819 2773 4874 diversis
2794 4818 3159 4889 temporibus
3173 4818 3394 4875 Pascha
3419 4819 3805 4874 celebremus:

2153 4909 2415 4964 dicentes
2469 4910 2686 4963 rectius
2745 4908 2946 4975 videri,
2981 4913 3045 4961 ut
3101 4908 3149 4961 si
3207 4908 3687 4963 commemoratio
3733 4907 3811 4961 sit

2154 4998 2469 5053 Dominicae
2518 4996 2831 5068 passionis,
2869 5013 3022 5051 unus
3072 4996 3507 5051 anniversarius
3547 4997 3672 5050 dies
3705 5012 3808 5049 na-

2154 5088 2286 5142 talis
2317 5088 2372 5140 in
2410 5087 2810 5141 observatione
2852 5090 3140 5151 teneatur,
3174 5090 3239 5140 ut
3289 5102 3521 5157 semper
3549 5101 3648 5139 vni
3683 5082 3808 5139 Kal.

2156 5175 2370 5248 Aprilis
2401 5176 2554 5229 diem
2582 5175 2812 5229 Paschse
2845 5174 3291 5240 celebrarentdn
3327 5191 3441 5245 quo
3473 5174 3566 5229 die
3597 5171 3813 5227 Christi

2157 5266 2505 5320 resurrectio
2538 5264 2883 5318 traderetur.
2923 5266 3121 5335 Itaque
3156 5264 3593 5334 inquirentibus
3619 5261 3813 5316 curio-

2159 5354 2305 5421 sius,
2340 5354 2473 5422 quid
2527 5353 2776 5421 majores
2829 5352 3011 5407 nostri
3062 5352 3244 5407 secuti
3297 5353 3604 5406 videantur
3636 5365 3812 5420 expo-

2160 5459 2319 5496 nam.
2356 5440 2555 5495 Passio
2588 5440 2803 5494 Christi
2838 5441 3160 5511 redemptio
3212 5445 3301 5495 est
3332 5445 3607 5495 creaturae
3654 5436 3814 5505 dicit,

2159 5531 2477 5586 resurrexit
2506 5530 2775 5605 Christus
2808 5530 2862 5582 in
2900 5529 3249 5600 aequinoctio
3282 5530 3432 5584 veris
3477 5529 3616 5583 luna
3646 5526 3819 5598 plena

2162 5620 2257 5675 die
2290 5618 2607 5675 Dominico.
2649 5604 2722 5672 De
2772 5634 2888 5689 quo
2918 5616 3232 5689 Apostolus
3270 5615 3352 5677 ﬁt
3400 5618 3555 5689 quod
3605 5604 3816 5688 conge-
