4162 6394
275 446 429 506 1607

1439 446 1500 503 S.
1548 442 2070 506 ATHANASIUS.
2102 476 2178 487 —
2208 444 2522 506 SPURIA.

3538 444 3698 509 1608

275 580 487 635 miscat
521 584 576 637 et
606 579 795 635 doleat
824 577 1086 650 subjecta
1117 577 1525 645 servituti,non
1560 595 1667 633 sua
1696 582 1922 649 sponte,
1953 579 2004 644 Α
2040 577 2408 633 inchoatione
2441 577 2887 649 noctis,plenam
2912 577 3115 633 lunam
3148 578 3533 651 intelligimus
3564 595 3696 635 esse

276 670 375 725 sed
410 686 512 740 per
539 686 672 725 eum
724 669 822 740 qui
857 668 1108 739 subjecit
1154 667 1313 722 illam
1366 684 1529 738 spem
1569 685 1581 722 :
1614 667 1751 739 quia
1784 671 1841 720 et
1870 667 1929 721 in

278 758 410 830 ipsa
441 758 786 815 liberabitur
816 776 849 813 a
878 756 1205 829 corruptela
1237 756 1539 812 servitutis
1589 773 1721 812 cum
1755 755 1929 811 liber-

279 852 396 902 tate
430 846 681 903 filiorum
716 847 813 903 Dei
849 848 888 901 ⁷.
922 847 1261 901 Creaturam
1298 851 1493 901 autem
1542 844 1931 917 intelligimus

277 952 408 992 esse
438 938 616 992 vitam
651 954 767 1008 qua
818 936 1075 990 mundus
1107 941 1358 1001 amatur,
1411 936 1469 989 in
1502 952 1617 1006 quo
1667 940 1934 989 creatura

278 1026 592 1098 omniaque
623 1026 945 1097 gignuntur
975 1041 1003 1079 e
1031 1030 1186 1079 terra
1211 1041 1222 1077 :
1244 1028 1464 1080 certum
1485 1024 1642 1078 enim
1675 1028 1766 1078 est
1785 1022 1931 1078 nihil

278 1116 461 1171 creari
497 1131 669 1187 posse
718 1115 846 1169 sine
874 1114 1011 1167 vita.
1046 1114 1181 1178 Quae
1233 1112 1435 1184 utique
1480 1118 1746 1167 creatura
1793 1117 1933 1166 tunc

278 1205 543 1275 subjecta
587 1209 674 1259 est
732 1202 997 1259 servituti
1055 1218 1189 1256 cum
1253 1202 1512 1256 mundus
1571 1207 1660 1256 est
1698 1206 1929 1271 captus.

275 1297 460 1357 Quam
510 1294 776 1349 Christus
827 1292 1096 1363 passione
1145 1308 1254 1346 sua
1284 1290 1523 1346 veniens
1579 1291 1829 1345 liberum
1870 1306 1933 1345 se

277 1381 544 1450 servavit,
578 1386 643 1436 ut
686 1382 743 1435 in
776 1397 842 1435 eo
874 1386 1138 1451 tempore
1186 1384 1486 1450 pateretur
1514 1377 1573 1432 in
1627 1394 1743 1448 quo
1774 1393 1931 1432 crea-

275 1474 409 1525 tura
452 1471 713 1540 subjecta
764 1470 953 1524 fuerat
1000 1467 1268 1523 servituti
1306 1485 1318 1522 :
1371 1472 1437 1522 ut
1484 1466 1621 1536 quia
1670 1466 1793 1522 dies
1835 1464 1933 1520 ille

276 1559 527 1615 tristitiae
561 1558 925 1627 fuerat,item
960 1556 1168 1613 latitia;
1199 1558 1559 1613 redderetur.
1597 1554 1935 1611 Resurrexit

276 1648 432 1704 enim
464 1648 730 1705 Christus
754 1648 813 1703 in
869 1647 1216 1719 mquinoctio
1248 1646 1398 1703 veris
1428 1645 1569 1701 luna
1614 1646 1803 1717 plena,
1838 1644 1934 1699 die

278 1738 603 1805 Dominica,
624 1754 800 1809 quem
832 1736 892 1792 in
922 1736 1127 1792 mundi
1163 1736 1473 1792 convenire
1504 1734 1790 1807 principio
1823 1733 1932 1789 Ge-

276 1827 435 1883 nesis
467 1826 747 1883 relatione
796 1827 1230 1899 cognoscimus,
1264 1842 1398 1881 cum
1446 1826 1700 1897 primum
1751 1840 1930 1896 appa-

278 1921 442 1973 rente
489 1916 673 1985 arida,
726 1932 906 1987 quam
954 1915 1181 1971 vocavit
1218 1914 1373 1970 Deus
1428 1923 1662 1979 terram,
1708 1912 1931 1968 dictum

276 2011 412 2061 est:
456 2004 735 2061 Germinet
781 2009 936 2060 terra
983 2021 1148 2060 omne
1194 2008 1404 2075 Ianum,
1454 2013 1505 2059 et
1550 2018 1712 2059 omne
1761 2001 1936 2058 viride

279 2095 494 2166 lignum
524 2095 645 2150 3.1a
676 2110 809 2148 vere
836 2098 1031 2149 autem
1065 2097 1397 2166 germinare
1427 2093 1623 2147 omnia
1655 2092 1934 2157 vidimus,

280 2190 455 2255 atque
493 2182 551 2237 in
586 2198 651 2237 eo
686 2181 1039 2254 principium
1085 2182 1288 2237 mundi
1324 2198 1452 2238 esse
1484 2180 1936 2254 comprehendi-

279 2291 433 2328 mus.
469 2276 779 2343 Propterea
799 2276 855 2327 et
876 2271 1177 2343 Scriptura
1204 2272 1436 2343 proprie
1463 2288 1723 2326 mensem
1760 2287 1929 2325 novo-

277 2380 409 2418 rum
442 2361 719 2434 appellat,
751 2360 811 2416 in
864 2378 979 2433 quo
1012 2367 1179 2416 terra;
1232 2361 1407 2416 facies
1457 2360 1786 2415 innovatur.
1822 2359 1932 2414 Sed

275 2468 407 2506 cum
443 2457 562 2506 tres
614 2467 846 2506 menses
877 2466 1117 2505 vernum
1152 2456 1388 2522 tempus
1419 2450 1687 2521 accipiat,
1722 2449 1932 2504 horum

276 2541 457 2596 trium
482 2540 741 2595 medium
760 2544 997 2610 tempus
1020 2539 1252 2595 initium
1280 2540 1500 2595 mundo
1525 2540 1758 2594 dedisse
1775 2555 1936 2593 mon-

277 2636 519 2686 stratur.
555 2630 813 2684 Medium
863 2628 1021 2684 enim
1052 2635 1287 2699 tempus
1335 2629 1488 2686 veris
1542 2633 1631 2684 est
1681 2627 1936 2699 aequino-

279 2721 484 2784 ctium,
519 2720 577 2773 in
610 2735 725 2790 quo
757 2718 857 2773 lux
886 2723 943 2773 et
987 2719 1238 2774 tenebris
1271 2719 1605 2775 consistunt
1652 2717 1931 2788 mquales,

280 2826 415 2866 cum
447 2809 647 2864 divisit
693 2809 868 2872 Deus,
897 2812 960 2863 ut
990 2807 1275 2879 scriptum
1328 2814 1437 2873 est,
1469 2807 1621 2862 inter
1671 2807 1932 2863 medium

283 2900 433 2955 lucis
464 2897 846 2968 mediumque
872 2898 1267 2953 tenebrarum.
1303 2898 1417 2953 Nec
1447 2897 1627 2952 dubia
1666 2898 1813 2952 fides
1845 2900 1935 2952 est

284 2989 355 3044 de
394 2986 626 3058 justitia
674 2991 733 3041 et
780 2985 1184 3042 benevolentia
1238 2987 1357 3057 Dei,
1402 2986 1500 3058 qui
1547 3002 1682 3042 cum
1734 2986 1935 3041 fecerit

284 3077 597 3145 mundum,
630 3075 828 3131 lumen
860 3081 917 3131 et
946 3077 1215 3131 tenebras
1246 3076 1518 3132 statuerit
1560 3076 1834 3147 mquales,
1869 3078 1935 3130 ut

282 3166 494 3222 deinde
525 3164 625 3220 lux
642 3169 951 3233 cresceret,
986 3170 1043 3220 et
1062 3167 1313 3222 tenebrae
1334 3167 1753 3221 decrescerent.
1787 3171 1931 3221 Cum

280 3272 418 3328 ergo
477 3254 572 3309 hic
613 3254 739 3310 dies
795 3254 1054 3309 medium
1109 3254 1259 3310 veris
1317 3255 1599 3321 obtineat,
1634 3271 1747 3309 non
1805 3254 1931 3309 sine

278 3326 456 3400 causa
507 3345 760 3411 majores
810 3343 994 3397 nostri
1034 3360 1138 3399 vni
1170 3344 1288 3399 Kal.
1338 3344 1551 3416 Aprilis
1600 3348 1718 3399 tres
1769 3326 2002 3400 addi_C

277 3434 492 3489 derunt
521 3432 742 3498 dies,ut
770 3433 1028 3503 primum
1057 3434 1211 3488 diem
1245 3434 1449 3489 mundi
1482 3435 1927 3490 constituerent.

276 3540 335 3578 x1
365 3522 522 3577 enim
555 3521 681 3576 Kal.
716 3521 934 3593 Aprilis
968 3522 1223 3593 primum
1272 3540 1399 3579 esse
1426 3523 1758 3591 voluerunt,
1792 3523 1932 3594 quia

276 3617 593 3682 antequam
626 3610 711 3666 sol
739 3611 798 3666 in
830 3611 945 3667 diei
978 3612 1261 3683 principio
1291 3614 1638 3669 conderetur
1669 3613 1929 3667 triduum

278 3706 412 3756 ante
452 3705 846 3772 praecesserat.
884 3701 1075 3756 Refert
1121 3700 1275 3756 enim
1309 3703 1549 3758 Genesis
1597 3707 1807 3773 quarta
1837 3702 1930 3756 die

275 3790 429 3846 facta
461 3788 779 3845 luminaria
806 3789 945 3845 solis
973 3794 1030 3846 et
1058 3789 1230 3845 lunae.
1255 3795 1564 3861 Propterea
1594 3791 1929 3846 invenimus

274 3883 333 3935 et
363 3880 424 3935 in
452 3894 555 3935 VIII
609 3879 733 3933 Kal.
788 3879 1023 3949 quidem
1071 3880 1482 3945 resurrexisse,
1529 3896 1730 3934 verum
1782 3880 1839 3934 in
1871 3897 1928 3935 xi

278 3968 406 4025 Kal.
442 3968 535 4022 die
586 3967 812 4023 Pascha
842 3984 975 4023 cum
1008 3968 1315 4040 discipulis
1355 3969 1682 4024 inchoasse.
1716 3969 1801 4024 Ita
1830 3968 1927 4025 isti

277 4063 398 4113 tres
429 4058 574 4121 dies,
610 4073 744 4113 cum
776 4058 1050 4130 passione
1095 4064 1153 4113 et
1184 4058 1607 4114 resurrectione
1655 4075 1927 4115 commu-

276 4147 494 4215 nicant,
527 4152 585 4202 et
614 4147 1026 4219 aequinoctium
1061 4148 1132 4203 ad
1165 4164 1369 4204 omnes
1398 4146 1745 4221 intelligitur
1773 4149 1924 4205 660

276 4237 583 4309 pertinere,
647 4236 707 4291 in
760 4236 975 4308 quibus
1030 4254 1269 4293 cursum
1323 4254 1425 4293 nec
1480 4238 1567 4293 sol
1627 4254 1732 4293 nec
1788 4237 1929 4294 luna

276 4325 703 4381 conficit.Diem
730 4331 925 4382 autem
951 4326 1588 4398 Dominicam,primam
1612 4328 1767 4383 diem
1799 4344 1928 4384 esse

278 4414 549 4469 dubitare
583 4430 696 4469 non
751 4431 1090 4487 possumus,
1124 4416 1263 4488 quia
1293 4416 1438 4472 dicit
1493 4416 1797 4489 Scriptura
1828 4434 1929 4473 sex

276 4503 486 4558 diebus
537 4503 756 4558 factum
787 4520 918 4559 esse
968 4506 1277 4570 mundum,
1310 4511 1365 4560 et
1396 4505 1645 4578 septima
1695 4506 1789 4561 die
1837 4523 1924 4561 re-

274 4591 590 4661 quievisse,
644 4607 821 4662 quam
872 4593 1183 4663 septimam
1231 4592 1552 4647 Sabbatum
1586 4591 1922 4663 appellavit.

2039 672 2400 738 generatam,
2434 671 2499 721 ut
2531 667 2680 721 facta
2711 668 2779 722 ad
2800 667 3295 724 illuminationem
3326 669 3570 724 terrzein
3603 668 3693 724 in-

2040 755 2345 812 choatione
2377 756 2584 826 noctis,
2617 761 2738 811 tota
2788 756 2845 811 in
2899 762 3053 812 terra
3101 763 3271 812 nocte
3322 758 3563 829 luceret,
3614 758 3701 813 sic

2043 844 2333 916 passionis
2389 845 2695 900 Dominica:
2747 846 3117 913 resurrectio,
3178 864 3306 919 quas
3362 852 3696 903 creaturam

2041 934 2276 989 servitio
2308 934 2661 1001 liberavit,in
2683 934 3209 1005 aaquinoctiomeris
3234 935 3374 990 luna
3397 934 3704 1007 plena,l)o-

2043 1023 2259 1078 minica
2279 1024 2391 1089 die,
2416 1024 2669 1078 traditur
2694 1024 3006 1079 exstitisse.
3038 1024 3149 1079 Sed
3174 1025 3334 1096 quia,
3355 1025 3511 1080 sicut
3538 1040 3701 1079 com-

2044 1113 2270 1182 putatio
2295 1112 2536 1177 invenit,
2562 1129 2907 1169 concurrere
2938 1113 3049 1168 sibi
3082 1130 3183 1185 per
3214 1112 3481 1186 singulos
3512 1130 3701 1169 annos

2042 1202 2099 1255 in
2136 1202 2511 1257 universitate
2542 1219 2657 1257 non
2688 1206 3004 1273 poterat.ut
3034 1203 3255 1258 scilicet
3286 1203 3703 1273 aequinoctium

2041 1297 2099 1346 et
2130 1290 2272 1346 luna
2319 1291 2491 1363 plena
2520 1297 2578 1346 et
2623 1292 2747 1347 dies
2802 1291 3107 1347 Dominica
3156 1292 3571 1359 convenirent;
3615 1309 3705 1348 se-

2044 1382 2245 1452 quenti
2262 1380 2415 1435 enim
2433 1397 2587 1435 anno
2607 1380 2666 1435 in
2690 1381 2893 1436 eodem
2920 1381 3014 1436 die
3035 1380 3178 1436 luna
3199 1381 3477 1437 vicesima
3498 1380 3705 1452 quinta

2042 1470 2302 1525 secunda
2332 1470 2476 1525 feria
2507 1469 2872 1541 deprehensa
2903 1474 3016 1535 est,
3042 1471 3374 1536 judicatum
3407 1476 3499 1525 est
3529 1470 3706 1541 aequi-

2042 1560 2300 1615 noctium
2319 1560 2389 1614 ad
2416 1558 2607 1615 natale
2627 1559 2859 1614 Pascha
2883 1559 3265 1630 \37-38),cum
3288 1561 3416 1614 dua:
3440 1558 3553 1615 illa:
3575 1576 3705 1630 par-

2042 1654 2129 1705 tes
2161 1655 2217 1705 et
2246 1650 2372 1705 dies
2419 1654 2476 1704 et
2506 1648 2647 1704 luna
2678 1649 2969 1720 deessent,
3003 1666 3119 1704 non
3172 1648 3464 1705 sufficere.
3498 1648 3701 1721 Itaque

2048 1738 2269 1792 rectius
2291 1740 2582 1792 statutum
2608 1742 2695 1792 est
2721 1737 2793 1791 ad
2813 1736 3067 1793 natalem
3091 1736 3323 1792 Pascha:
3346 1736 3705 1804 diem,men-

2042 1843 2167 1883 sem
2201 1827 2495 1898 integrum
2516 1826 2691 1882 νειανὶ
2709 1827 2768 1881 in
2801 1843 3155 1899 quacunque
3178 1827 3306 1898 ejus
3330 1827 3708 1898 parteetdies

1966 1955 2013 2019 B
2044 1922 2100 1973 et
2127 1915 2271 1971 luna
2317 1920 2752 1972 concurrerent.
2785 1915 2985 1988 Neque
3031 1917 3143 1973 hoc
3192 1916 3320 1973 sine
3350 1917 3703 1973 auctoritate

2045 2006 2377 2077 Scriptura,
2408 2010 2473 2060 ut
2488 2004 2644 2060 enim
2669 2005 2894 2078 Moyses
2925 2021 3058 2062 cum
3085 2004 3312 2062 Pascha
3341 2007 3651 2061 mandaret
3682 2022 3698 2062 :

2043 2096 2241 2152 Mensis
2271 2094 2360 2149 hic
2404 2095 2553 2149 vobis
2581 2095 2807 2150 initium
2833 2097 3113 2149 mensium
3154 2096 3376 2166 primus
3404 2097 3519 2150 erit
3556 2095 3711 2150 vobis

2044 2187 2107 2241 in
2139 2185 2413 2241 mensibus
2440 2184 2732 2248 anni.Quo
2766 2184 2939 2239 verbo
2960 2188 3195 2239 tantum
3230 2200 3492 2240 mensem
3521 2186 3591 2240 ad
3621 2200 3713 2240 ce-

2045 2275 2425 2331 lebrationem
2444 2273 3041 2345 Paschasintelligitur
3061 2274 3552 2329 consecrasse.Ita
3573 2290 3699 2327 ma-

2035 2367 2199 2436 jores
2245 2365 2449 2433 nostri,
2483 2363 2586 2435 qui
2627 2380 2667 2417 11
2723 2361 2845 2417 Kal.
2880 2362 3098 2434 Aprilis
3157 2363 3509 2435 principium
3562 2364 3703 2418 anni

2042 2455 2424 2523 invenerunt,
2486 2468 2749 2507 mensem
2808 2452 3017 2506 exinde
3073 2456 3483 2524 eomputantes
3540 2452 3599 2506 in
3660 2469 3703 2508 ιι

2042 2542 2169 2599 Kal.
2204 2542 2339 2598 Maii
2373 2542 2776 2598 extenderunt.
2820 2540 2915 2596 Sic
2943 2541 3170 2596 Pascha
3200 2558 3305 2596 nec
3336 2545 3469 2596 ante
3501 2558 3542 2595 ιι
3573 2539 3701 2596 Kal.

2041 2632 2277 2704 Aprilis,
2313 2648 2418 2686 nec
2449 2635 2581 2702 post
2628 2647 2663 2685 ιι
2698 2629 2821 2685 Kal.
2875 2629 3011 2685 Maii
3063 2630 3341 2685 celebrari
3399 2647 3572 2702 posse
3602 2632 3701 2686 de-

2043 2727 2264 2777 cretum
2298 2725 2406 2775 est.
2441 2721 2548 2774 Sed
2583 2736 2717 2774 cum
2751 2719 2808 2773 in
2842 2718 2949 2773 hoc
2997 2736 3197 2774 mense
3226 2726 3284 2775 et
3314 2718 3455 2774 luna
3486 2725 3543 2775 et
3574 2719 3698 2776 dies

2043 2810 2441 2875 convenirent,
2475 2807 2614 2863 luna
2654 2807 2877 2862 scilicet
2908 2806 3080 2878 plena
3129 2812 3185 2862 et
3216 2807 3517 2863 Dominica
3548 2809 3691 2875 dies,

2040 2905 2181 2955 tunc
2214 2898 2438 2954 Pascha
2467 2897 2751 2952 censitum
2788 2900 2876 2950 est
2904 2894 3319 2951 celebrandum
3375 2896 3527 2952 Sane
3560 2897 3698 2969 quia

2043 2991 2376 3060 frequenter
2427 3003 2633 3041 rursus
2665 3002 2799 3041 cum
2851 2985 3156 3040 Dominica
3187 2985 3281 3040 die
3326 2986 3477 3040 lunas
3511 2985 3695 3057 pleni-

2040 3080 2181 3134 tudo
2230 3076 2516 3141 convenit,
2552 3075 2782 3131 extendi
2814 3074 2872 3128 in
2905 3080 3127 3147 septem
3179 3074 3302 3130 dies
3336 3075 3691 3145 maluerunt,

2038 3167 2360 3224 dummodo
2390 3166 2564 3221 etiam
2601 3163 2959 3219 Dominicam
2993 3163 3051 3217 in
3094 3163 3537 3220 resurrectionis
3572 3180 3693 3219 me-

2040 3258 2285 3314 moriam
2313 3254 2741 3311 retinerent.lta
2764 3253 2998 3325 quando
3020 3253 3144 3308 dies
3167 3253 3251 3308 sic
3271 3254 3695 3325 veneritusque

2042 3348 2113 3404 ad
2144 3346 2482 3402 vicesimam
2534 3346 2782 3415 primam
2814 3342 3017 3397 lunam
3052 3347 3286 3413 propter
3329 3344 3693 3399 Dominicam

2041 3437 2193 3493 diem
2232 3435 2449 3491 Pascha
2476 3434 2822 3498 differimus,
2857 3433 3008 3503 quod
3040 3432 3232 3502 ipsum
3258 3448 3373 3487 non
3396 3431 3523 3487 sine
3543 3433 3699 3487 Scri-

2042 3532 2222 3597 pturae
2271 3525 2653 3588 auctoritate;
2686 3522 2829 3577 dicit
2871 3520 3026 3577 enim
3079 3521 3330 3589 Moyses,
3383 3538 3417 3576 a
3464 3521 3698 3577 decima

2042 3619 2251 3687 quarta
2280 3630 2467 3684 usque
2497 3612 2565 3667 ad
2612 3611 2948 3666 vicesimam
2981 3614 3134 3664 totos
3177 3615 3401 3681 septem
3433 3610 3558 3666 dies
3592 3612 3693 3666 Pa-

2042 3703 2194 3759 schaa
2226 3700 2621 3757 sanctiﬁcatos
2652 3715 2779 3754 esse
2810 3698 3039 3753 debere.
3076 3696 3236 3752 Unde
3268 3698 3340 3753 ad
3370 3698 3525 3753 hunc
3580 3714 3694 3752 nu-

2042 3809 2270 3847 merum
2302 3789 2533 3846 extendi
2580 3804 2752 3860 posse
2803 3786 3004 3842 lunam
3057 3788 3355 3842 decretum
3403 3792 3515 3842 est.
3549 3791 3699 3841 Pru-

2039 3884 2243 3938 dentes
2261 3886 2457 3936 autem
2474 3879 2661 3950 magis
2675 3879 2745 3932 ad
2769 3876 2970 3932 lunam
2986 3877 3207 3932 etdiem
3226 3893 3405 3950 quam
3425 3878 3496 3931 ad
3512 3877 3696 3949 tequi-

2040 3972 2294 4028 noctium
2312 3969 2565 4025 natalem
2590 3968 2823 4023 Paschae
2839 3967 2992 4022 diem
3016 3966 3327 4023 redierunt.
3354 3969 3512 4023 Luna
3532 3967 3695 4022 enim

2039 4061 2210 4135 plena
2239 4060 2418 4115 totius
2450 4057 2636 4114 noctis
2668 4055 2963 4110 illuminat
3007 4057 3302 4121 tenebras,
3336 4057 3490 4112 sicut
3520 4072 3627 4111 nos
3661 4073 3697 4111 ο.

2039 4147 2367 4220 corruptela
2396 4146 2774 4201 tenebrarum
2809 4143 3163 4199 illuminatio
3204 4144 3448 4217 spiritus
3478 4143 3696 4199 libera-

2035 4240 2134 4306 vit,
2181 4242 2238 4293 st
2291 4241 2424 4309 post
2480 4233 2893 4305 aequinoctium
2952 4232 3176 4288 Pascha
3233 4233 3575 4300 celebretur,
3627 4233 3689 4287 in

2040 4327 2245 4399 majori
2274 4328 2400 4397 jam
2432 4323 2646 4394 luce,et
2675 4321 2735 4377 in
2769 4322 2980 4377 minori
3000 4322 3127 4391 jam
3176 4327 3348 4379 nocte
3378 4322 3698 4378 celebrabi-

2036 4424 2153 4474 tur.
2178 4415 2477 4472 Dominica
2505 4430 2636 4468 vero
2669 4411 2795 4468 dies
2822 4411 3165 4467 resurrectio
3196 4416 3286 4468 est
3316 4413 3545 4468 dierum
3572 4430 3586 4479 ;
3622 4413 3698 4468 ad

2038 4507 2272 4563 initium
2322 4504 2478 4560 enim
2511 4502 2663 4557 redit
2708 4506 2764 4557 et
2793 4501 2967 4557 finem
3001 4508 3230 4557 revocat
3271 4502 3341 4557 ad
3374 4502 3575 4557 vitam.
3614 4503 3701 4557 Ita

2037 4598 2159 4652 hmo
2193 4594 2381 4667 magis
2412 4593 2536 4648 visa
2579 4591 2637 4646 in
2673 4590 2847 4646 natali
2883 4590 3115 4661 laetitiae,
3150 4597 3206 4645 et
3234 4597 3516 4646 creaturae
3546 4591 3699 4647 libe-

277 4676 443 4734 Unde
474 4679 850 4735 manifestum
885 4686 976 4736 est
1006 4681 1255 4752 primam
1288 4680 1441 4736 diem
1475 4681 1535 4734 in
1568 4681 1756 4751 prima
1784 4681 1926 4737 feria
1955 4698 2000 4763 D
2032 4685 2256 4743 ratione
2278 4683 2582 4751 servanda,
2619 4680 2871 4736 maxime
2904 4696 3037 4735 cum
3070 4680 3223 4735 intra
3254 4680 3430 4752 primi
3465 4681 3699 4737 mensis

276 4784 404 4838 quas
435 4772 525 4823 est
572 4767 872 4824 Dominica
902 4770 1254 4825 constitisse.
1313 4769 1442 4824 Sive
1493 4769 1648 4823 enim
1698 4770 1806 4825 hoc
1833 4786 1924 4826 se-

273 4857 537 4912 cundum
575 4859 1015 4924 mundum,sive
1041 4860 1367 4914 secundum
1399 4860 1671 4929 spiritum
1694 4877 1930 4932 compu-

272 4951 490 5012 temus,
525 4962 594 5001 ex
626 4963 744 5001 una
793 4948 1015 5019 origine
1056 4949 1422 5003 inveniemus
1469 4949 1927 5020 computationis

275 5035 589 5106 utriusque
623 5036 1087 5107 rationem,quia
1117 5039 1188 5092 ad
1222 5037 1538 5108 imaginem
1572 5039 1814 5109 spiritus
1838 5055 1926 5093 se-

275 5123 587 5195 ptiformis,
620 5130 676 5179 et
705 5124 903 5180 saeculi
938 5124 1137 5195 hujus,
1171 5125 1397 5189 dierum
1432 5127 1797 5196 septenarius
1828 5144 1929 5181 nu-

277 5228 474 5267 merus
506 5212 864 5269 constitutus
894 5213 1296 5270 est.Similiter
1325 5230 1456 5269 cum
1500 5215 1657 5269 dicat
1686 5215 1927 5271 Genesis

276 5301 429 5356 facta
480 5318 608 5357 esse
640 5303 754 5358 duo
784 5302 1103 5359 luminaria
1132 5304 1190 5359 in
1225 5304 1390 5373 ccelo,
1425 5308 1489 5358 ut
1536 5304 1801 5360 lucerent
1830 5322 1925 5360 su-

277 5406 380 5461 per
410 5395 649 5460 terram,
683 5393 869 5450 solem
917 5394 977 5449 in
1027 5392 1397 5450 inchoatione
1446 5393 1583 5463 diei,
1619 5394 1818 5449 lunam
1868 5394 1928 5449 in

342 5589 366 5628 τ
397 5591 566 5647 Rom.
598 5609 720 5667 vm,
749 5592 841 5653 22‘.
920 5594 940 5631 ⁸
972 5597 1112 5654 Gen.
1145 5613 1185 5668 ι,
1219 5594 1305 5654 11.

352 5786 565 5865 (37-38)
594 5792 796 5852 Natale
820 5799 1070 5868 Pascha,
1101 5816 1206 5858 vox
1237 5798 1456 5857 Latinis
1486 5795 1725 5858 usitata.

2035 4774 2318 4831 terminos
2353 4772 2698 4827 retinentur.
2734 4770 2958 4824 Rursus
2991 4771 3273 4840 majorem
3314 4769 3427 4824 diei
3463 4769 3700 4842 religio-

2038 4879 2172 4918 nem
2206 4876 2385 4933 quam
2415 4858 2569 4913 lunai
2602 4856 3083 4922 indicaverunt,si
3106 4857 3340 4925 quando
3363 4874 3477 4911 non
3503 4862 3707 4927 posset

2038 4956 2357 5022 utrumque
2379 4948 2618 5003 servari.
2658 4947 2949 5001 Decimam
2975 4950 3245 5016 quartam
3282 4946 3439 5000 enim
3472 4944 3703 5015 lunam,

2039 5057 2216 5114 quam
2249 5040 2402 5094 diem
2438 5036 2799 5092 Dominicam
2833 5035 3029 5107 egredi
3064 5034 3583 5106 maluerunt,quia
3611 5040 3701 5090 to-

2036 5134 2096 5185 ta
2126 5128 2287 5184 salus
2319 5130 2377 5182 in
2412 5125 2837 5183 resurrectione
2869 5129 3163 5195 est,quam
3189 5123 3247 5178 in
3280 5124 3373 5178 die
3399 5124 3703 5181 Dominica

2038 5236 2167 5275 esse
2224 5216 2706 5281 monstravimus,
2741 5215 2799 5268 in
2860 5231 2975 5285 qua
3026 5218 3083 5268 et
3140 5218 3304 5268 ortus
3354 5213 3581 5268 dierum
3645 5219 3704 5269 et

2039 5307 2389 5363 resurrectio
2421 5305 2777 5369 continetur,
2810 5309 3115 5375 propterea
3145 5302 3300 5373 quod
3335 5302 3393 5357 in
3427 5303 3556 5374 ipsa
3587 5302 3701 5357 Do-

2042 5397 2241 5452 minus
2292 5394 2634 5451 resurrexit.
2671 5393 2837 5448 Luna
2880 5408 3014 5447 vero
3059 5390 3196 5448 licet
3237 5392 3309 5448 ad
3357 5391 3702 5448 vicesimam
