4162 6370
370 306 397 365 1
409 305 527 366 609

1651 304 1986 366 LEXICON
2032 305 2488 365 ATHANASII.

3620 316 3777 374 1610

372 438 622 510 primam
659 443 880 510 partem
914 455 1028 494 non
1062 442 1242 493 totam
1269 438 1507 509 impleat
1537 442 1787 505 noctem,
1835 436 2018 508 pluri-
2049 438 2103 502 Α
2133 436 2479 491 docuerunt.
2508 438 2666 500 Quod
2705 457 2833 494 vero
2864 442 2933 494 de
2966 444 3251 513 sanguine
3286 446 3418 516 agni
3445 445 3656 501 domus
3684 464 3778 501 su-

374 543 533 581 mum
559 532 754 582 tamen
782 527 970 582 noctis
996 526 1293 581 illuminat
1318 533 1374 581 et
1400 528 1724 599 superat,in
1749 544 1863 597 quo
1896 543 2026 597 pru-

372 618 577 671 denter
590 617 839 686 majores
854 617 1037 671 nostri
1052 616 1385 671 maluerunt
1400 633 1585 687 usque
1600 617 1667 670 ad
1686 616 2023 670 vicesimam

374 706 620 777 primam
654 706 907 773 extendi,
942 723 1116 777 quam
1146 711 1279 761 ante
1310 707 1597 761 decimam
1620 710 1890 776 quartam
1920 705 2024 759 Pa-

376 795 515 850 scha
533 794 979 865 celebrari,quia
1008 800 1139 866 post
1162 812 1365 867 ergum
1386 796 1447 863 [ι.
1476 796 1728 866 tergum}
1756 795 2025 850 tenebras

377 883 1296 954 viaailliusestrelinquere,quam
1313 884 1721 938 antecedentes
1740 898 2027 951 nonposse

378 990 673 1045 superare.
710 973 908 1043 Itaque
940 972 1088 1026 hanc
1120 989 1416 1027 summam
1449 978 1503 1027 et
1526 973 1673 1026 hanc
1698 970 2025 1025 conclusio-

379 1079 509 1117 nem
528 1063 583 1116 in
601 1063 1390 1133 penace[pinacejconstituto
1409 1079 1439 1115 a
1455 1060 2025 1129 majoribus,inveni-

382 1168 509 1206 mus
532 1151 752 1206 Pascha
782 1167 885 1205 nec
907 1156 1040 1206 ante
1064 1168 1119 1204 x1
1146 1150 1267 1205 Kal.
1298 1150 1534 1221 Aprilis,
1588 1166 1777 1220 neque
1810 1154 1941 1219 post
1970 1164 2025 1202 xx

380 1240 501 1294 Kal.
539 1240 673 1295 Maii
708 1257 875 1311 posse
907 1239 1207 1294 celebrari.
1243 1240 1419 1309 Cujus
1451 1238 1871 1293 observationis
1894 1255 2027 1292 nar-

380 1330 600 1384 ratione
631 1333 884 1397 narrata,
916 1329 1139 1399 reliqua
1172 1345 1620 1399 prosequamur,
1684 1333 1745 1381 ut
1785 1327 2027 1399 imagini

378 1417 463 1471 illi
496 1419 554 1472 in
587 1435 703 1489 qua
732 1418 951 1473 Judaais
983 1418 1203 1473 Pascha
1236 1418 1578 1472 mandatum
1609 1421 1698 1471 est
1728 1417 2025 1471 veritatem

382 1523 788 1579 comperemus
822 1509 877 1561 in
907 1507 1137 1561 Christo
1168 1524 1373 1562 omnes
1414 1505 1710 1562 masculos
1744 1506 2027 1561 immacu-

384 1598 539 1653 latus
570 1596 880 1651 anniculus
911 1596 969 1651 in
1003 1596 1225 1651 Pascha
1250 1596 1465 1651 Iudaeis
1494 1596 1802 1651 mandatur
1822 1594 2026 1650 occidi.

385 1686 487 1741 Hic
512 1692 601 1741 est
620 1685 889 1740 Christus
930 1686 1156 1756 patiens
1187 1684 1489 1755 injuriam,
1526 1685 1624 1754 qui
1659 1684 1813 1738 sieut
1844 1700 2031 1755 agnus

384 1778 595 1831 ductus
619 1776 797 1831 estad
823 1774 1190 1829 occisionem:
1221 1773 1549 1828 masculum
1568 1790 1679 1827 non
1706 1778 1930 1827 tantum
1958 1772 2025 1827 ad

385 1882 609 1931 sexum,
631 1864 731 1919 sed
754 1869 809 1919 et
841 1865 910 1919 ad
936 1864 1115 1918 animi
1146 1863 1480 1919 ﬁrmitatem
1502 1864 1711 1917 referre
1724 1863 1927 1916 dehem
1940 1879 2028 1917 us.

389 1953 839 2010 Immaculatum
871 1951 1130 2007 ostendit
1159 1952 1475 2022 Scriptura,
1510 1969 1635 2021 quae
1688 1951 1829 2004 dicit
1877 1950 2029 2021 quod

384 2048 684 2116 peccatum
708 2042 765 2095 in
788 2058 853 2096 eo
877 2058 990 2095 non
1043 2041 1170 2109 fuit,
1198 2056 1300 2094 nec
1345 2041 1618 2095 inventus
1656 2046 1746 2094 est
1774 2039 1940 2093 dolus
1973 2039 2031 2093 in

385 2150 483 2188 ore
513 2131 792 2202 ejus(39).
826 2128 1150 2184 Anniculus
1181 2146 1248 2184 ex
1280 2146 1345 2185 eo
1378 2129 1610 2197 dicitur,
1660 2130 1811 2199 quod
1864 2129 1919 2183 in
1968 2144 2034 2183 eo

387 2226 544 2276 totus
569 2220 747 2275 totius
770 2218 929 2273 orbis
958 2219 1148 2289 spatia
1179 2219 1575 2285 continentur,
1609 2224 1666 2273 et
1714 2219 1865 2272 sicut
1895 2218 2033 2273 anni

386 2310 603 2365 aetasin
622 2312 870 2378 quatuor
891 2308 1253 2378 temporibus
1295 2312 1350 2362 et
1387 2307 1696 2361 duodecim
1732 2308 2036 2361 mensibus

387 2402 777 2469 computatur,
810 2397 892 2450 sic
928 2397 1069 2451 fides
1102 2396 1159 2449 in
1194 2400 1447 2465 quatuor
1466 2394 1791 2466 Evangeliis
1814 2400 1868 2449 et
1891 2396 2034 2449 duo-

388 2487 571 2542 decim
608 2484 890 2556 apostolis
932 2486 1280 2539 continetur.
1316 2484 1417 2539 Hic
1440 2500 1507 2539 ex
1529 2485 1735 2539 ovibus
1768 2487 1823 2539 et
1855 2482 2035 2538 haedis

382 2577 626 2647 jubetur
658 2573 901 2638 assumi,
933 2574 1086 2646 quod
1122 2573 1341 2627 Hebraei
1377 2574 1457 2627 ita
1488 2572 1920 2638 intellexerunt,
1974 2576 2037 2627 ut

388 2667 435 2721 si
470 2682 657 2735 agnus
690 2681 803 2717 non
838 2663 1043 2717 fuisset
1072 2662 1362 2728 inventus,
1398 2662 1599 2716 haedus
1623 2662 2036 2717 immaculatus

390 2754 797 2809 immolaretur
826 2752 883 2805 in
919 2751 1159 2818 Pascha,
1194 2752 1348 2822 quod
1385 2752 1551 2821 longe
1600 2751 1767 2805 aliter
1814 2757 1901 2805 est
1949 2751 2037 2804 di-

388 2848 568 2898 ctum.
602 2842 746 2896 Nam
779 2856 846 2896 ex
879 2840 1157 2911 permisto
1191 2840 1415 2895 semine
1437 2840 1732 2895 hwdorum
1755 2845 1812 2895 et
1842 2840 2035 2895 ovium

388 2932 717 3004 postulatus
743 2936 833 2985 est
864 2946 1068 2999 agnus,
1103 2930 1256 2999 quod
1289 2930 1526 3001 quidem
1562 2934 1769 2984 natura
1799 2946 1912 2985 non
1950 2946 2036 2984 re-

386 3022 545 3090 cipit,
578 3022 674 3075 sed
709 3021 766 3073 in
801 3018 981 3073 Chriti
1034 3019 1219 3089 ﬁgura
1280 3023 1670 3073 monstratum
1730 3025 1837 3083 est,
1902 3019 2039 3090 quia

385 3126 572 3182 genus
603 3110 730 3180 ejus
752 3125 817 3163 ex
836 3106 1114 3163 Israelitis
1139 3111 1195 3161 et
1218 3106 1563 3179 alienigenis
1586 3107 1851 3161 Moabitis
1874 3108 2037 3162 inve-

2138 524 2419 595 perlimen
2454 528 2787 596 consignari
2812 530 3014 598 jussit,
3060 549 3128 585 ne
3156 550 3187 587 a
3235 540 3524 589 vastatore
3573 535 3779 605 angelo

2135 620 2491 685 tangeretur,
2525 616 2780 670 ostendit
2810 620 2997 674 crucis
3032 622 3264 692 signum
3288 639 3403 693 quo
3429 624 3677 678 frontem
3706 624 3782 677 si-

2135 719 2388 774 gnamus
2420 703 2667 773 figuram
2702 708 3004 777 sanguinis
3037 709 3317 765 obtinere.
3355 713 3467 766 lloc
3491 718 3687 767 autem
3706 712 3784 767 si-

2136 792 2383 862 gnaculo
2415 792 2486 847 ab
2532 792 2736 863 angelo
2768 801 3056 851 vastatore
3082 799 3470 854 defendimur.
3513 802 3785 855 Comede-

2138 896 2195 933 re
2229 880 2406 951 hujus
2439 881 2572 951 agni
2606 899 2809 937 carnes
2832 884 3131 953 jubemur,
3167 888 3302 957 quia
3335 888 3673 944 liberandus
3697 894 3787 945 est

2139 972 2413 1040 populus,
2452 970 2625 1025 sicuti
2676 972 2941 1027 Christus
2990 975 3111 1029 ait:
3166 975 3283 1031 Nisi
3323 980 3443 1046 quis
3478 980 3786 1033 comederit

2136 1074 2357 1113 carnem
2382 1074 2558 1113 meum
2576 1078 2687 1114 non
2711 1061 2869 1116 habet
2892 1065 3057 1117 vitam
3094 1071 3423 1121 manentem
3438 1076 3478 1121 9.
3505 1068 3647 1122 Caro
3680 1084 3783 1121 au-

2136 1150 2251 1200 tem
2276 1147 2486 1201 Christi
2519 1152 2757 1204 verbum
2792 1155 2881 1205 est
2909 1152 3031 1223 Dei,
3066 1154 3164 1223 qui
3191 1155 3373 1225 [quia]
3404 1158 3631 1212 Verbum
3659 1172 3786 1212 caro

2136 1238 2343 1305 factum
2369 1242 2467 1299 est,
2496 1248 2547 1292 et
2568 1238 2835 1293 habitavit
2858 1242 2919 1295 in
2942 1242 3101 1296 nobis
3128 1243 3170 1277 ¹⁰
3192 1246 3275 1297 sic
3299 1243 3445 1299 istas
3464 1260 3667 1299 carnes
3692 1263 3784 1301 as-

2137 1330 2295 1379 satas
2325 1327 2628 1381 comedere
2662 1330 3017 1383 mandamur
3047 1333 3259 1387 crudae
3292 1333 3593 1404 elixasque
3652 1351 3783 1405 pro-

2139 1412 2428 1468 hibemur.
2462 1415 2633 1470 Cocta
2664 1417 2819 1471 enim
2852 1419 3065 1474 Christi
3098 1421 3275 1476 verba
3307 1439 3421 1477 non
3446 1423 3787 1495 cruda,pro-

2142 1502 2277 1557 bata
2308 1502 2367 1557 in
2392 1504 2577 1559 multo
2597 1507 2987 1562 tentationum
3017 1510 3243 1575 ardore,
3296 1528 3401 1565 nec
3428 1511 3647 1577 mollia,
3683 1529 3787 1569 nec

2144 1590 2318 1657 ﬂuxa,
2344 1608 2447 1646 nec
2469 1592 2582 1647 labi
2610 1594 2820 1649 facilia.
2846 1596 2974 1651 Heio
2998 1614 3128 1651 cum
3155 1616 3355 1669 azymo
3384 1617 3527 1671 pane
3547 1617 3788 1656 sumen-

2142 1680 2215 1734 da
2237 1686 2395 1747 sunt,
2425 1683 2903 1753 sicutApostolus
2927 1685 3044 1739 ait:
3080 1688 3288 1741 Pascha
3318 1693 3560 1743 nostrum
3591 1691 3787 1743 immo-

2142 1770 2290 1823 latus
2319 1779 2396 1824 est
2430 1770 2715 1835 Christus;
2748 1774 2931 1844 itaque
2977 1776 3306 1831 celebremus
3353 1778 3520 1847 illud,
3572 1794 3681 1833 non
3728 1780 3789 1832 in

2139 1860 2405 1927 fermento
2437 1861 2667 1917 malitiae
2696 1870 2745 1915 et
2770 1865 3058 1932 nequitia),
3091 1872 3178 1919 sed
3210 1868 3269 1919 in
3315 1869 3524 1937 azymis
3566 1868 3793 1922 sinceri-

2143 1948 2279 2001 tatis
2310 1957 2359 2001 et
2388 1949 2631 2003 veritatis
2656 1950 2878 2003 “.Addi
2901 1952 3115 2023 azymis
3137 1954 3559 2010 amaritudines
3582 1957 3789 2011 herba-

2145 2052 2272 2089 rum
2308 2038 2494 2101 docet,
2530 2038 2667 2108 quia
2699 2040 2971 2110 angustia
3002 2047 3057 2095 et
3086 2041 3339 2096 tribulus
3385 2051 3473 2097 est
3522 2044 3616 2100 via
3662 2062 3790 2115 quas

2145 2124 2305 2178 ducit
2336 2125 2404 2179 ad
2439 2124 2638 2181 vitam.
2674 2128 2927 2183 Lumbos
2960 2131 3220 2201 prmcipit
3248 2148 3393 2187 zona
3446 2133 3789 2205 constringi,

2149 2230 2219 2267 ne
2251 2214 2307 2267 in
2343 2213 2601 2269 libidinis
2634 2214 2926 2272 luxuriam
2960 2220 3346 2276 resolvantur.
3390 2221 3796 2277 Calceamenta

2146 2303 2205 2357 in
2239 2304 2486 2373 pedibus
2517 2321 2666 2371 esse,
2699 2306 2853 2360 sicut
2881 2308 3194 2377 Apostolus
3227 2311 3485 2377 mandat,
3539 2312 3797 2366 calceare

2147 2392 2322 2461 pedes
2355 2398 2585 2447 nostros
2619 2394 2677 2449 in
2694 2395 2994 2465 evangelio
3020 2398 3457 2468 pacisoportere
3482 2416 3492 2453 :
3521 2406 3792 2454 constan-

2145 2485 2232 2534 ter
2261 2480 2417 2534 enim
2452 2481 2845 2552 evangelizare
2878 2500 2991 2538 non
3028 2503 3365 2556 possumus,
3401 2488 3514 2543 nisi
3554 2504 3794 2559 gressus

2147 2573 2378 2624 nostros
2411 2576 2612 2625 contra
2642 2588 2846 2627 omnes
2879 2573 3124 2642 injurias
3156 2580 3210 2631 et
3250 2576 3478 2631 dolores
3538 2578 3793 2647 quodam

2148 2676 2358 2713 sensus
2393 2659 2720 2715 munimine
2753 2662 3089 2717 vestiamus.
3154 2665 3399 2719 Baculus
3448 2666 3620 2721 debet
3666 2684 3795 2722 esse

2148 2747 2203 2800 in
2240 2748 2532 2813 manibus,
2565 2749 2699 2817 quia
2731 2748 2789 2802 in
2824 2750 2931 2806 hac
2962 2752 3051 2805 via
3078 2752 3205 2805 vita:
3231 2754 3387 2808 sicut
3412 2755 3658 2809 baculus
3677 2761 3794 2810 sta-

2148 2834 2513 2890 bilimentum
2547 2843 2635 2891 est
2682 2843 2737 2891 et
2784 2839 3131 2911 disciplina:
3183 2842 3312 2896 ideo
3355 2843 3626 2898 Salomon
3680 2861 3793 2899 non

2146 2928 2301 2977 vetat
2323 2924 2597 2979 baculum
2621 2927 2776 2981 670
2807 2928 2876 2981 de
2911 2928 3012 2981 filii
3046 2931 3233 3000 capite
3266 2933 3569 2996 removeri,
3598 2938 3793 2988 osten-

2148 3012 2293 3067 dens
2334 3013 2727 3083 disciplinam.
2781 3016 2909 3070 Haec
2959 3025 3152 3073 autem
3209 3027 3428 3086 monet,
3478 3021 3679 3076 omnia
3735 3022 3794 3077 in

2148 3102 2518 3157 festinatione
2552 3104 2835 3169 facienda,
2869 3106 3008 3176 quia
3037 3109 3241 3161 tardus
3272 3114 3329 3162 et
3360 3110 3551 3164 lentus
3586 3110 3641 3163 in
3696 3110 3797 3166 Dei

386 3173 2050 3270 nituressepermistum.Dominusautemagnusistis,haa-
2083 3173 2336 3260 Cgratia
2369 3207 2480 3245 non
2516 3193 2809 3262 probatur.
2844 3200 3005 3249 Stare
3052 3212 3186 3267 ergo
3238 3214 3343 3252 nos
3392 3198 3449 3251 in
3502 3199 3798 3270 procincto

384 3285 1118 3359 dus[l.agnum...ha3dum]
1141 3284 1538 3354 peccatoribus
1555 3286 1937 3357 comparavit,
1960 3286 2041 3341 ita

386 3376 957 3449 quiaipseoriginem
997 3374 1323 3429 secundum
1355 3390 1585 3427 carnem
1624 3391 1734 3428 non
1774 3374 1964 3429 solum
2006 3392 2039 3430 a

390 3473 519 3531 Deo,
556 3465 653 3520 sed
689 3480 754 3518 ex
786 3462 1186 3533 peccatoribus
1217 3461 1491 3531 gentibus
1523 3467 1675 3515 esset
1705 3462 2035 3529 habiturus,

388 3561 574 3615 agnus
607 3560 674 3598 ex
706 3542 887 3597 haedis
918 3546 974 3595 et
1006 3541 1215 3595 oxibus
1249 3539 1582 3611 postulatur
1610 3558 1621 3605 ;
1656 3542 1752 3610 qui
1788 3542 1856 3595 ad
1915 3558 2038 3597 ves-

389 3650 585 3703 peram
622 3632 940 3686 mandatur
979 3629 1180 3683 occidi.
1220 3630 1278 3683 ln
1340 3646 1549 3684 occasu
1600 3629 1753 3683 enim
1812 3635 1867 3685 et
1925 3631 2037 3686 fine

384 3721 589 3776 mundi
630 3736 842 3791 passus
873 3719 1246 3774 ostenditur:
1282 3735 1413 3773 nam
1458 3724 1692 3790 tempus
1743 3718 1851 3773 hoc
1902 3737 2035 3775 nos-

382 3816 539 3865 trum
573 3808 926 3863 novissimos
956 3806 1153 3861 seaculi
1185 3806 1311 3861 dies
1346 3808 1626 3862 Dominus
1675 3808 2037 3879 apostolique

453 3954 474 3989 '
501 3956 670 4007 Joan.
705 3966 783 4017 v1,
810 3950 901 4003 54.
984 3950 1027 3985 ¹⁰
1054 3948 1223 4004 Joan.
1259 3966 1300 4015 1,
1336 3950 1421 4003 14.
1502 3952 1540 3983 “
1583 3950 1601 4003 Ι
1633 3949 1761 4005 Cor.
1796 3966 1850 4019 ν,
1882 3952 1937 4020 7,
1976 3952 2030 4006 8.

452 4095 563 4165 (39)
587 4092 733 4147 Vide
750 4091 935 4147 Gaud.
962 4089 1293 4146 Brixianum
1316 4090 1373 4145 in
1393 4106 1568 4147 serm.
1596 4092 1648 4159 3,
1674 4092 1744 4147 de
1786 4093 2028 4149 Pascha.

2150 3285 2377 3348 oportet
2406 3280 2627 3335 similes
2660 3281 2998 3339 hominibus
3029 3286 3397 3357 profecturis,
3430 3292 3493 3342 ut
3523 3305 3655 3341 cum
3702 3304 3798 3342 vo-

2148 3368 2363 3421 caverit
2407 3386 2510 3424 nos
2542 3369 2844 3437 Dominus,
2881 3390 2991 3427 non
3040 3391 3356 3429 moremur.
3420 3376 3501 3431 Ita
3559 3377 3798 3431 demum

2147 3456 2298 3510 enim
2335 3460 2645 3514 evadentes
2678 3459 2916 3514 interitu
2954 3479 2985 3515 a
3025 3464 3325 3530 servitute,
3389 3467 3797 3536 perveniemus

2147 3545 2216 3597 ad
2253 3561 2497 3615 regnnm
2531 3546 2651 3613 Dei,
2688 3548 2743 3600 in
2779 3565 2893 3618 quo
2929 3554 3272 3621 praiparavit
3329 3553 3497 3607 nobis
3544 3553 3797 3609 delecta-

2148 3632 2291 3687 biles
2326 3635 2682 3701 mansiones,
2719 3637 2817 3708 qui
2852 3656 2956 3692 nos
2990 3641 3211 3694 vocavit
3244 3659 3344 3712 per
3373 3641 3668 3697 Christum
3702 3645 3793 3697 .le-

2146 3738 2279 3776 sum
2313 3723 2495 3777 Deum
2530 3730 2587 3779 et
2618 3725 2931 3781 Dominum
2964 3735 3253 3797 nostrum,
3287 3733 3457 3799 cujus
3489 3736 3576 3787 est
3606 3732 3793 3803 gloria

2144 3809 2202 3863 in
2236 3814 2447 3867 secula
2477 3814 2845 3870 saeculorum.
2881 3820 3081 3872 Amen.

2696 3904 2939 3976 Explioit
2972 3906 3234 3965 feliciter.

388 4247 3271 4279 ﬂ

1215 4396 1935 4527 LEXICON
2031 4404 2954 4539 ATHANASII.

1892 4621 2302 4640 ἣ

398 4713 647 4789 (casus,
678 4709 949 4789 Anecdota
967 4709 1147 4789 graeca
1168 4722 1235 4789 ex
1262 4708 1953 4789 eoddz‘nmfs.__liiblipthecze
1984 4713 2159 4789 Regia;
2197 4716 2480 4789 Pariensis,
2511 4720 2699 4789 Oxonii
2750 4725 2890 4789 18H.
2921 4725 2971 4773 in
3016 4726 3069 4781 8,
3100 4730 3226 4780 tom.
3261 4728 3345 4783 ιν,
3373 4741 3422 4789 p.
3454 4730 3563 4777 201.
3595 4754 3655 4764 —
3685 4730 3807 4777 Pro-

452 4774 530 4853 git
562 4780 872 4836 θιεετρῑυω
899 4784 1239 4853 ξιξῖξίηξξιῇξξ
1252 4772 1662 4853 ςρρέέξξῖῖξιᾘί
1695 4772 2318 4853 oatjsmomxivfetplura
2348 4772 2599 4853 glossaria
2632 4772 2891 4853 continet:
2924 4772 3073 4853 Prius
3103 4772 3433 4839 dicituresse
3456 4772 3810 4853 _interpreta-

452 4838 527 4912 tio
562 4834 756 4912 vocum
789 4849 853 4912 ex
886 4834 1672 4912 Athanasioidepromptarum,
1703 4836 1795 4886 sed
1828 4839 2015 4887 multis
2048 4834 2179 4889 sunt
2204 4854 2324 4904 quas
2348 4834 2533 4906 procul
2571 4847 2733 4897 dubio
2766 4834 3806 4912 annuasmagna;Ehbij'aiéaiih'ﬁﬁ-

455 4900 617 4949 nibus
644 4899 725 4948 his
759 4897 1029 4962 glossariis
1048 4896 1266 4957 evenit.)

1938 5014 2242 5031 ﬁ

876 5123 1000 5171 ΤΟΥ
1040 5119 1127 5174 EN
1171 5119 1401 5175 ΑΓΙΟΙΣ
1446 5120 1723 5176 ΠΑΤΡΟΣ
1764 5124 1955 5175 ΠΜΩΝ
1996 5126 2412 5194 ΑΘΔΝΑΣΙΟΥ,
2457 5134 2719 5188 ΛΕΞΕΙΣ
2759 5136 3320 5195 ΕΡΜΗΝΕΥΜΕΝΑΙ.

965 5243 1142 5317 Ἀρχὴ
1182 5248 1279 5297 τοῦ
1311 5242 1475 5319 ἄλφα.

471 5328 688 5399 ’Δεδια,
720 5330 979 5387 Θάλασσα.

472 5399 870 5479 ξΑρςλτηρίαςλ
888 5402 1094 5479 nivatam.

471 5472 1101 5576 ᾉΞξλτιροέιᾶνόητος,
1133 5476 1195 5529 τὸ
1230 5474 1443 5551 βέλτιον
1480 5476 1555 5549 μὴ
1588 5475 1889 5550 γινώσκων.

474 5543 725 5617 Ἀϐἐνοτί,
766 5548 929 5622 βάθη.
972 5543 979 5545 ἡ
1091 5543 1096 5545 ﬁ
1230 5543 1240 5551 ’

474 5614 666 5692 Ἀϐής,
702 5618 978 5689 ἀσύνετος,
1007 5615 1241 5679 ἀνόσιος.

723 5749 987 5809 Ρλτιιοι.
1037 5746 1149 5807 Gn.
1198 5745 1475 5810 XXVIII.

2232 5248 2439 5335 :AgtOL,
2476 5257 2549 5326 μὴ
2586 5256 2823 5335 ἔχομντεςὲ,
2854 5258 3491 5335 ῖόξαλᾲπόλεωπόλοι),

2232 5322 2548 5408 :Aépmrov,
2570 5322 2755 5408 ndiev,
2792 5322 2958 5401 ἀηδῆ,
2987 5322 3277 5408 ὖδρῖαηρὸξθ.

2236 5394 2479 5479 ξΑξξκεῖτῇ
2492 5394 2641 5472 piam,
2666 5394 2889 5479 haupt-1;
2902 5394 3027 5475 plan
3060 5394 3180 5460 an";
3216 5403 3445 5479 βουλῆς.

2237 5468 2519 5550 ξΔξῇεψίά.
2555 5468 3074 5550 καρμδίὰξπόῥωςξις.

2236 5539 2590 5670 legi-xyw,
2627 5539 2853 5613 ’ἀσθενῆ
2890 5539 3008 5601 ’καὶ
3055 5548 3118 5602 τὸ
3168 5546 3379 5609 ἀσθενὲς
3436 5546 3815 5602 κατεπέκτασιν

2236 5637 2263 5669 υ
2292 5637 2325 5670 α
2368 5637 2458 5670 φα.

2164 5619 2263 5669 τοῦ
2292 5617 2458 5694 ἄλφαζ

3422 5750 3494 5808 51
