  <div class='ocr_page' id='page_1' title='image "/cluster/home/n/w/nwhite01/storage/ocr_20150623/28:no.4/coo.31924054873090/825.png"; bbox 0 0 4162 6390; ppageno 0'>
   <div class='ocr_carea' id='block_1_1' title="bbox 227 291 384 352">
    <p class='ocr_par' dir='ltr' id='par_1_1' title="bbox 227 291 384 352">
     <span class='ocr_line' id='line_1_1' title="bbox 227 291 384 352; baseline 0 0"><span class='ocrx_word' id='word_1_1' title='bbox 227 291 384 352; x_wconf 81' lang='grc'><strong>1623</strong></span> 
     </span>
    </p>
   </div>
   <div class='ocr_carea' id='block_1_2' title="bbox 1528 295 2338 361">
    <p class='ocr_par' dir='ltr' id='par_1_2' title="bbox 1528 295 2338 361">
     <span class='ocr_line' id='line_1_2' title="bbox 1528 295 2338 361; baseline -0.001 -3"><span class='ocrx_word' id='word_1_2' title='bbox 1528 297 1771 359; x_wconf 85' lang='lat' dir='ltr'><strong>INDEX</strong></span> <span class='ocrx_word' id='word_1_3' title='bbox 1815 295 2338 361; x_wconf 83' lang='lat' dir='ltr'><strong>ANALYTICUS.</strong></span> 
     </span>
    </p>
   </div>
   <div class='ocr_carea' id='block_1_3' title="bbox 3484 297 3645 360">
    <p class='ocr_par' dir='ltr' id='par_1_3' title="bbox 3484 297 3645 360">
     <span class='ocr_line' id='line_1_3' title="bbox 3484 297 3645 360; baseline 0.006 -1"><span class='ocrx_word' id='word_1_4' title='bbox 3484 300 3514 359; x_wconf 83' lang='lat'><strong>1</strong></span> <span class='ocrx_word' id='word_1_5' title='bbox 3527 297 3645 360; x_wconf 64' lang='lat'><strong>624</strong></span> 
     </span>
    </p>
   </div>
   <div class='ocr_carea' id='block_1_4' title="bbox 1104 634 2779 774">
    <p class='ocr_par' dir='ltr' id='par_1_4' title="bbox 1104 634 2779 774">
     <span class='ocr_line' id='line_1_4' title="bbox 1104 634 2779 774; baseline 0.006 -12"><span class='ocrx_word' id='word_1_6' title='bbox 1104 635 1602 762; x_wconf 83' lang='lat' dir='ltr'><strong>INDEX</strong></span> <span class='ocrx_word' id='word_1_7' title='bbox 1727 634 2779 774; x_wconf 81' lang='lat' dir='ltr'><strong>ANALYTICUS.</strong></span> 
     </span>
    </p>
   </div>
   <div class='ocr_carea' id='block_1_5' title="bbox 1036 1002 1101 1065">
    <p class='ocr_par' dir='ltr' id='par_1_5' title="bbox 1036 1002 1101 1065">
     <span class='ocr_line' id='line_1_5' title="bbox 1036 1002 1101 1065; baseline 0 0"><span class='ocrx_word' id='word_1_8' title='bbox 1036 1002 1101 1065; x_wconf 88' lang='lat' dir='ltr'><strong>A</strong></span> 
     </span>
    </p>
   </div>
   <div class='ocr_carea' id='block_1_6' title="bbox 307 1123 817 1180">
    <p class='ocr_par' dir='ltr' id='par_1_6' title="bbox 307 1123 817 1180">
     <span class='ocr_line' id='line_1_6' title="bbox 307 1123 817 1180; baseline -0.006 -8"><span class='ocrx_word' id='word_1_9' title='bbox 307 1124 490 1172; x_wconf 68' lang='lat' dir='ltr'><strong>Abdiaa</strong></span> <span class='ocrx_word' id='word_1_10' title='bbox 521 1123 671 1180; x_wconf 81' lang='lat' dir='ltr'><strong>liber,</strong></span> <span class='ocrx_word' id='word_1_11' title='bbox 707 1126 817 1173; x_wconf 89' lang='lat'><strong>126.</strong></span> 
     </span>
    </p>
   </div>
   <div class='ocr_carea' id='block_1_7' title="bbox 303 1186 926 1248">
    <p class='ocr_par' dir='ltr' id='par_1_7' title="bbox 303 1186 926 1248">
     <span class='ocr_line' id='line_1_7' title="bbox 303 1186 926 1248; baseline -0.006 -12"><span class='ocrx_word' id='word_1_12' title='bbox 303 1188 503 1236; x_wconf 85' lang='lat' dir='ltr'><strong>Abdias</strong></span> <span class='ocrx_word' id='word_1_13' title='bbox 537 1186 814 1248; x_wconf 79' lang='lat' dir='ltr'><strong>propheta,</strong></span> <span class='ocrx_word' id='word_1_14' title='bbox 847 1188 926 1234; x_wconf 99' lang='grc'><strong>97.</strong></span> 
     </span>
    </p>
   </div>
   <div class='ocr_carea' id='block_1_8' title="bbox 304 1248 1286 1312">
    <p class='ocr_par' dir='ltr' id='par_1_8' title="bbox 304 1248 1286 1312">
     <span class='ocr_line' id='line_1_8' title="bbox 304 1248 1286 1312; baseline 0.001 -16"><span class='ocrx_word' id='word_1_15' title='bbox 304 1249 591 1312; x_wconf 85' lang='lat' dir='ltr'><strong>Abraham,</strong></span> <span class='ocrx_word' id='word_1_16' title='bbox 624 1249 758 1296; x_wconf 88' lang='lat' dir='ltr'><strong>liber</strong></span> <span class='ocrx_word' id='word_1_17' title='bbox 787 1248 1143 1312; x_wconf 79' lang='lat' dir='ltr'><strong>apocryphus,</strong></span> <span class='ocrx_word' id='word_1_18' title='bbox 1179 1250 1286 1297; x_wconf 87' lang='lat'><strong>154.</strong></span> 
     </span>
    </p>
   </div>
   <div class='ocr_carea' id='block_1_9' title="bbox 306 1311 1890 1368">
    <p class='ocr_par' dir='ltr' id='par_1_9' title="bbox 306 1311 1890 1368">
     <span class='ocr_line' id='line_1_9' title="bbox 306 1311 1890 1368; baseline 0 -9"><span class='ocrx_word' id='word_1_19' title='bbox 306 1311 638 1359; x_wconf 80' lang='lat' dir='ltr'><strong>Abstinentia</strong></span> <span class='ocrx_word' id='word_1_20' title='bbox 667 1311 1009 1360; x_wconf 68' lang='lat' dir='ltr'><strong>continentiae</strong></span> <span class='ocrx_word' id='word_1_21' title='bbox 1042 1312 1238 1368; x_wconf 86' lang='lat' dir='ltr'><strong>nutrix,</strong></span> <span class='ocrx_word' id='word_1_22' title='bbox 1272 1313 1380 1360; x_wconf 88' lang='lat'><strong>642.</strong></span> <span class='ocrx_word' id='word_1_23' title='bbox 1427 1311 1778 1360; x_wconf 60' lang='lat' dir='ltr'><strong>Abstinentiaa</strong></span> <span class='ocrx_word' id='word_1_24' title='bbox 1809 1323 1890 1359; x_wconf 84' lang='lat' dir='ltr'><strong>ra-</strong></span> 
     </span>
    </p>
   </div>
   <div class='ocr_carea' id='block_1_10' title="bbox 246 1376 1896 1436">
    <p class='ocr_par' dir='ltr' id='par_1_10' title="bbox 246 1376 1896 1436">
     <span class='ocr_line' id='line_1_10' title="bbox 246 1376 1896 1436; baseline -0.002 -12"><span class='ocrx_word' id='word_1_25' title='bbox 246 1376 337 1428; x_wconf 86' lang='lat' dir='ltr'><strong>tio,</strong></span> <span class='ocrx_word' id='word_1_26' title='bbox 371 1378 479 1421; x_wconf 83' lang='lat'><strong>317.</strong></span> <span class='ocrx_word' id='word_1_27' title='bbox 640 1435 661 1436; x_wconf 30' lang='grc' dir='ltr'><em>η</em></span> <span class='ocrx_word' id='word_1_28' title='bbox 936 1434 946 1436; x_wconf 13' lang='grc' dir='ltr'><em>ῃ</em></span> <span class='ocrx_word' id='word_1_29' title='bbox 1006 1435 1009 1436; x_wconf 18' lang='grc' dir='ltr'><em>ν</em></span> <span class='ocrx_word' id='word_1_30' title='bbox 1573 1435 1579 1436; x_wconf 17' lang='lat'><em>7</em></span> <span class='ocrx_word' id='word_1_31' title='bbox 1852 1421 1896 1436; x_wconf 18' lang='grc' dir='ltr'><strong>γ’,</strong></span> 
     </span>
    </p>
   </div>
   <div class='ocr_carea' id='block_1_11' title="bbox 305 1433 1897 1498">
    <p class='ocr_par' dir='ltr' id='par_1_11' title="bbox 305 1433 1897 1498">
     <span class='ocr_line' id='line_1_11' title="bbox 305 1433 1897 1498; baseline 0.001 -16"><span class='ocrx_word' id='word_1_32' title='bbox 305 1437 523 1496; x_wconf 70' lang='grc' dir='ltr'><strong>Αγέντρν</strong></span> <span class='ocrx_word' id='word_1_33' title='bbox 572 1435 749 1483; x_wconf 72' lang='lat' dir='ltr'><strong>differt</strong></span> <span class='ocrx_word' id='word_1_34' title='bbox 803 1437 868 1484; x_wconf 91' lang='lat' dir='ltr'><strong>ab</strong></span> <span class='ocrx_word' id='word_1_35' title='bbox 924 1434 1216 1496; x_wconf 78' lang='grc' dir='ltr'><strong>ἀγέννητον,</strong></span> <span class='ocrx_word' id='word_1_36' title='bbox 1276 1439 1386 1485; x_wconf 69' lang='grc'><strong>283.</strong></span> <span class='ocrx_word' id='word_1_37' title='bbox 1431 1437 1505 1485; x_wconf 89' lang='lat' dir='ltr'><strong>De</strong></span> <span class='ocrx_word' id='word_1_38' title='bbox 1564 1435 1787 1498; x_wconf 82' lang='grc' dir='ltr'><strong>ἀγενήτῳ</strong></span> <span class='ocrx_word' id='word_1_39' title='bbox 1844 1433 1897 1484; x_wconf 67' lang='grc' dir='ltr'>δι</span> 
     </span>
    </p>
   </div>
   <div class='ocr_carea' id='block_1_12' title="bbox 241 1498 757 1561">
    <p class='ocr_par' dir='ltr' id='par_1_12' title="bbox 241 1498 757 1561">
     <span class='ocr_line' id='line_1_12' title="bbox 241 1498 757 1561; baseline -0.006 -14"><span class='ocrx_word' id='word_1_40' title='bbox 241 1499 494 1561; x_wconf 70' lang='grc' dir='ltr'><strong>ἀγεννήτῳ</strong></span> <span class='ocrx_word' id='word_1_41' title='bbox 609 1512 757 1559; x_wconf 79' lang='lat' dir='ltr'><strong>seqq.</strong></span> 
     </span>
    </p>
   </div>
   <div class='ocr_carea' id='block_1_13' title="bbox 309 1559 1305 1614">
    <p class='ocr_par' dir='ltr' id='par_1_13' title="bbox 309 1559 1305 1614">
     <span class='ocr_line' id='line_1_13' title="bbox 309 1559 1305 1614; baseline -0.002 -3"><span class='ocrx_word' id='word_1_42' title='bbox 309 1559 485 1611; x_wconf 63' lang='lat' dir='ltr'><strong>Achia?</strong></span> <span class='ocrx_word' id='word_1_43' title='bbox 518 1560 751 1608; x_wconf 73' lang='lat' dir='ltr'><strong>Silonitas</strong></span> <span class='ocrx_word' id='word_1_44' title='bbox 783 1559 916 1607; x_wconf 89' lang='lat' dir='ltr'><strong>liber</strong></span> <span class='ocrx_word' id='word_1_45' title='bbox 944 1561 1164 1614; x_wconf 87' lang='lat' dir='ltr'><strong>interiit,</strong></span> <span class='ocrx_word' id='word_1_46' title='bbox 1199 1564 1305 1610; x_wconf 90' lang='lat'><strong>156.</strong></span> 
     </span>
    </p>
   </div>
   <div class='ocr_carea' id='block_1_14' title="bbox 306 1622 1896 1684">
    <p class='ocr_par' dir='ltr' id='par_1_14' title="bbox 306 1622 1896 1684">
     <span class='ocr_line' id='line_1_14' title="bbox 306 1622 1896 1684; baseline -0.001 -12"><span class='ocrx_word' id='word_1_47' title='bbox 306 1626 434 1672; x_wconf 88' lang='lat' dir='ltr'><strong>Acta</strong></span> <span class='ocrx_word' id='word_1_48' title='bbox 461 1623 819 1683; x_wconf 65' lang='lat' dir='ltr'><strong>apostoloruh</strong></span> <span class='ocrx_word' id='word_1_49' title='bbox 853 1623 1045 1671; x_wconf 90' lang='lat' dir='ltr'><strong>dictata</strong></span> <span class='ocrx_word' id='word_1_50' title='bbox 1068 1637 1098 1671; x_wconf 89' lang='lat' dir='ltr'><strong>a</strong></span> <span class='ocrx_word' id='word_1_51' title='bbox 1128 1624 1297 1680; x_wconf 87' lang='lat' dir='ltr'><strong>Petro,</strong></span> <span class='ocrx_word' id='word_1_52' title='bbox 1331 1627 1437 1673; x_wconf 90' lang='lat'><strong>155.</strong></span> <span class='ocrx_word' id='word_1_53' title='bbox 1469 1623 1600 1672; x_wconf 88' lang='lat' dir='ltr'><strong>Acta</strong></span> <span class='ocrx_word' id='word_1_54' title='bbox 1629 1622 1896 1684; x_wconf 89' lang='lat' dir='ltr'><strong>apostolo-</strong></span> 
     </span>
    </p>
   </div>
   <div class='ocr_carea' id='block_1_15' title="bbox 243 1685 1120 1743">
    <p class='ocr_par' dir='ltr' id='par_1_15' title="bbox 243 1685 1120 1743">
     <span class='ocr_line' id='line_1_15' title="bbox 243 1685 1120 1743; baseline -0.003 -7"><span class='ocrx_word' id='word_1_55' title='bbox 243 1701 364 1736; x_wconf 85' lang='lat' dir='ltr'><strong>rum</strong></span> <span class='ocrx_word' id='word_1_56' title='bbox 397 1685 530 1734; x_wconf 88' lang='lat' dir='ltr'><strong>liber</strong></span> <span class='ocrx_word' id='word_1_57' title='bbox 560 1686 866 1742; x_wconf 89' lang='lat' dir='ltr'><strong>canonicus,</strong></span> <span class='ocrx_word' id='word_1_58' title='bbox 897 1689 976 1743; x_wconf 80' lang='lat'><strong>99,</strong></span> <span class='ocrx_word' id='word_1_59' title='bbox 1014 1689 1120 1735; x_wconf 84' lang='lat'><strong>143.</strong></span> 
     </span>
    </p>
   </div>
   <div class='ocr_carea' id='block_1_16' title="bbox 309 1747 1894 1810">
    <p class='ocr_par' dir='ltr' id='par_1_16' title="bbox 309 1747 1894 1810">
     <span class='ocr_line' id='line_1_16' title="bbox 309 1747 1894 1810; baseline -0.002 -12"><span class='ocrx_word' id='word_1_60' title='bbox 309 1750 473 1798; x_wconf 88' lang='lat' dir='ltr'><strong>Adam</strong></span> <span class='ocrx_word' id='word_1_61' title='bbox 497 1750 700 1810; x_wconf 87' lang='lat' dir='ltr'><strong>accepit</strong></span> <span class='ocrx_word' id='word_1_62' title='bbox 721 1747 969 1809; x_wconf 79' lang='lat' dir='ltr'><strong>pelliceas</strong></span> <span class='ocrx_word' id='word_1_63' title='bbox 990 1754 1168 1797; x_wconf 89' lang='lat' dir='ltr'><strong>vestes</strong></span> <span class='ocrx_word' id='word_1_64' title='bbox 1189 1749 1243 1796; x_wconf 93' lang='lat' dir='ltr'><strong>in</strong></span> <span class='ocrx_word' id='word_1_65' title='bbox 1267 1747 1566 1810; x_wconf 86' lang='lat' dir='ltr'><strong>symbolum</strong></span> <span class='ocrx_word' id='word_1_66' title='bbox 1589 1747 1792 1802; x_wconf 87' lang='lat' dir='ltr'><strong>mortis,</strong></span> <span class='ocrx_word' id='word_1_67' title='bbox 1817 1750 1894 1796; x_wconf 91' lang='lat'><strong>74.</strong></span> 
     </span>
    </p>
   </div>
   <div class='ocr_carea' id='block_1_17' title="bbox 248 1763 1898 1872">
    <p class='ocr_par' dir='ltr' id='par_1_17' title="bbox 248 1763 1898 1872">
     <span class='ocr_line' id='line_1_17' title="bbox 309 1763 1894 1810; baseline -0.002 -12"><span class='ocrx_word' id='word_1_68' title='bbox 309 1763 473 1798; x_wconf 80' lang='lat' dir='ltr'><strong>Adam</strong></span> <span class='ocrx_word' id='word_1_69' title='bbox 497 1763 616 1795; x_wconf 88' lang='lat' dir='ltr'><strong>acce</strong></span> <span class='ocrx_word' id='word_1_70' title='bbox 663 1763 700 1795; x_wconf 90' lang='grc' dir='ltr'><strong>ιι</strong></span> <span class='ocrx_word' id='word_1_71' title='bbox 721 1763 969 1809; x_wconf 80' lang='lat' dir='ltr'><strong>pemceas</strong></span> <span class='ocrx_word' id='word_1_72' title='bbox 990 1763 1168 1797; x_wconf 79' lang='lat' dir='ltr'><strong>vestes</strong></span> <span class='ocrx_word' id='word_1_73' title='bbox 1189 1763 1243 1796; x_wconf 81' lang='lat' dir='ltr'><strong>1n</strong></span> <span class='ocrx_word' id='word_1_74' title='bbox 1267 1763 1566 1810; x_wconf 86' lang='lat' dir='ltr'><strong>symnomm</strong></span> <span class='ocrx_word' id='word_1_75' title='bbox 1589 1763 1792 1802; x_wconf 85' lang='lat' dir='ltr'><strong>morus,</strong></span> <span class='ocrx_word' id='word_1_76' title='bbox 1826 1763 1894 1796; x_wconf 71' lang='grc'><strong>14.</strong></span> 
     </span>
     <span class='ocr_line' id='line_1_18' title="bbox 248 1763 1898 1872; baseline -0.004 -10"><span class='ocrx_word' id='word_1_77' title='bbox 248 1812 415 1862; x_wconf 84' lang='lat' dir='ltr'><strong>Adam</strong></span> <span class='ocrx_word' id='word_1_78' title='bbox 447 1763 756 1872; x_wconf 71' lang='lat' dir='ltr'><strong>cujusiigni</strong></span> <span class='ocrx_word' id='word_1_79' title='bbox 788 1811 1018 1859; x_wconf 87' lang='lat' dir='ltr'><strong>fructum</strong></span> <span class='ocrx_word' id='word_1_80' title='bbox 1053 1811 1303 1868; x_wconf 84' lang='lat' dir='ltr'><strong>comedit,</strong></span> <span class='ocrx_word' id='word_1_81' title='bbox 1335 1813 1444 1859; x_wconf 90' lang='lat'><strong>228.</strong></span> <span class='ocrx_word' id='word_1_82' title='bbox 1478 1813 1738 1859; x_wconf 87' lang='lat' dir='ltr'><strong>Adamum</strong></span> <span class='ocrx_word' id='word_1_83' title='bbox 1768 1811 1898 1858; x_wconf 83' lang='lat' dir='ltr'><strong>fuis-</strong></span> 
     </span>
    </p>
   </div>
   <div class='ocr_carea' id='block_1_18' title="bbox 247 1871 1900 1984">
    <p class='ocr_par' dir='ltr' id='par_1_18' title="bbox 247 1871 1900 1984">
     <span class='ocr_line' id='line_1_19' title="bbox 247 1871 1900 1984; baseline -0.002 -61"><span class='ocrx_word' id='word_1_84' title='bbox 247 1889 303 1984; x_wconf 59' lang='lat' dir='ltr'><strong>se:</strong></span> <span class='ocrx_word' id='word_1_85' title='bbox 331 1871 667 1984; x_wconf 64' lang='lat' dir='ltr'><strong>inegalvarias</strong></span> <span class='ocrx_word' id='word_1_86' title='bbox 712 1872 830 1921; x_wconf 91' lang='lat' dir='ltr'><strong>loco</strong></span> <span class='ocrx_word' id='word_1_87' title='bbox 861 1873 1128 1935; x_wconf 86' lang='lat' dir='ltr'><strong>sepultum</strong></span> <span class='ocrx_word' id='word_1_88' title='bbox 1179 1873 1329 1923; x_wconf 90' lang='lat' dir='ltr'><strong>aiunt</strong></span> <span class='ocrx_word' id='word_1_89' title='bbox 1361 1873 1702 1922; x_wconf 71' lang='lat' dir='ltr'><strong>Hebrzeorum</strong></span> <span class='ocrx_word' id='word_1_90' title='bbox 1734 1873 1900 1934; x_wconf 81' lang='lat' dir='ltr'><strong>magi-</strong></span> 
     </span>
     <span class='ocr_line' id='line_1_20' title="bbox 249 1951 468 1984; baseline -0.005 0"><span class='ocrx_word' id='word_1_91' title='bbox 249 1952 274 1984; x_wconf 88' lang='lat' dir='ltr'><strong>s</strong></span> <span class='ocrx_word' id='word_1_92' title='bbox 301 1951 364 1984; x_wconf 84' lang='lat' dir='ltr'><strong>r1.</strong></span> <span class='ocrx_word' id='word_1_93' title='bbox 458 1973 468 1983; x_wconf 90' lang='lat'><strong>.</strong></span> 
     </span>
    </p>
   </div>
   <div class='ocr_carea' id='block_1_19' title="bbox 249 1938 468 1993">
    <p class='ocr_par' dir='ltr' id='par_1_19' title="bbox 249 1938 468 1993">
     <span class='ocr_line' id='line_1_21' title="bbox 249 1938 468 1993; baseline -0.014 -6"><span class='ocrx_word' id='word_1_94' title='bbox 249 1938 364 1993; x_wconf 87' lang='lat' dir='ltr'><strong>stri,</strong></span> <span class='ocrx_word' id='word_1_95' title='bbox 390 1938 468 1985; x_wconf 85' lang='lat'><strong>68.</strong></span> 
     </span>
    </p>
   </div>
   <div class='ocr_carea' id='block_1_20' title="bbox 311 1997 1004 2050">
    <p class='ocr_par' dir='ltr' id='par_1_20' title="bbox 311 1997 1004 2050">
     <span class='ocr_line' id='line_1_22' title="bbox 311 1997 1004 2050; baseline -0.004 -2"><span class='ocrx_word' id='word_1_96' title='bbox 311 1998 462 2048; x_wconf 87' lang='lat' dir='ltr'><strong>Addo</strong></span> <span class='ocrx_word' id='word_1_97' title='bbox 494 1997 626 2044; x_wconf 90' lang='lat' dir='ltr'><strong>liber</strong></span> <span class='ocrx_word' id='word_1_98' title='bbox 652 1997 872 2050; x_wconf 88' lang='lat' dir='ltr'><strong>interiit,</strong></span> <span class='ocrx_word' id='word_1_99' title='bbox 899 1999 1004 2045; x_wconf 88' lang='lat'><strong>156.</strong></span> 
     </span>
    </p>
   </div>
   <div class='ocr_carea' id='block_1_21' title="bbox 313 2059 1130 2120">
    <p class='ocr_par' dir='ltr' id='par_1_21' title="bbox 313 2059 1130 2120">
     <span class='ocr_line' id='line_1_23' title="bbox 313 2059 1130 2120; baseline -0.002 -10"><span class='ocrx_word' id='word_1_100' title='bbox 313 2059 650 2110; x_wconf 76' lang='lat' dir='ltr'><strong>Adulterium</strong></span> <span class='ocrx_word' id='word_1_101' title='bbox 681 2059 990 2120; x_wconf 82' lang='lat' dir='ltr'><strong>quotuplex,</strong></span> <span class='ocrx_word' id='word_1_102' title='bbox 1022 2061 1130 2111; x_wconf 91' lang='lat'><strong>238.</strong></span> 
     </span>
    </p>
   </div>
   <div class='ocr_carea' id='block_1_22' title="bbox 311 2121 1898 2185">
    <p class='ocr_par' dir='ltr' id='par_1_22' title="bbox 311 2121 1898 2185">
     <span class='ocr_line' id='line_1_24' title="bbox 311 2121 1898 2185; baseline -0.002 -13"><span class='ocrx_word' id='word_1_103' title='bbox 311 2123 676 2185; x_wconf 61' lang='lat' dir='ltr'><strong>[Egyptiorum</strong></span> <span class='ocrx_word' id='word_1_104' title='bbox 710 2121 1084 2183; x_wconf 85' lang='lat' dir='ltr'><strong>episcoporum</strong></span> <span class='ocrx_word' id='word_1_105' title='bbox 1115 2122 1334 2185; x_wconf 88' lang='lat' dir='ltr'><strong>epistola</strong></span> <span class='ocrx_word' id='word_1_106' title='bbox 1361 2122 1427 2171; x_wconf 89' lang='lat' dir='ltr'><strong>ad</strong></span> <span class='ocrx_word' id='word_1_107' title='bbox 1460 2121 1683 2171; x_wconf 80' lang='lat' dir='ltr'><strong>Felicem</strong></span> <span class='ocrx_word' id='word_1_108' title='bbox 1707 2134 1898 2185; x_wconf 81' lang='lat' dir='ltr'><strong>papam</strong></span> 
     </span>
    </p>
   </div>
   <div class='ocr_carea' id='block_1_23' title="bbox 248 2184 746 2248">
    <p class='ocr_par' dir='ltr' id='par_1_23' title="bbox 248 2184 746 2248">
     <span class='ocr_line' id='line_1_25' title="bbox 248 2184 746 2248; baseline -0.01 -13"><span class='ocrx_word' id='word_1_109' title='bbox 248 2184 611 2248; x_wconf 62' lang='lat' dir='ltr'><strong>supposititia,</strong></span> <span class='ocrx_word' id='word_1_110' title='bbox 637 2185 746 2248; x_wconf 71' lang='lat'><strong>609.</strong></span> 
     </span>
    </p>
   </div>
   <div class='ocr_carea' id='block_1_24' title="bbox 309 2245 1072 2304">
    <p class='ocr_par' dir='ltr' id='par_1_24' title="bbox 309 2245 1072 2304">
     <span class='ocr_line' id='line_1_26' title="bbox 309 2245 1072 2304; baseline -0.008 -6"><span class='ocrx_word' id='word_1_111' title='bbox 309 2245 534 2298; x_wconf 64' lang='lat' dir='ltr'><strong>Etenim</strong></span> <span class='ocrx_word' id='word_1_112' title='bbox 563 2246 685 2294; x_wconf 63' lang='lat' dir='ltr'><strong>vita;</strong></span> <span class='ocrx_word' id='word_1_113' title='bbox 717 2245 962 2304; x_wconf 80' lang='lat' dir='ltr'><strong>felicitas,</strong></span> <span class='ocrx_word' id='word_1_114' title='bbox 995 2247 1072 2294; x_wconf 91' lang='lat'><strong>92.</strong></span> 
     </span>
    </p>
   </div>
   <div class='ocr_carea' id='block_1_25' title="bbox 313 2308 1897 2372">
    <p class='ocr_par' dir='ltr' id='par_1_25' title="bbox 313 2308 1897 2372">
     <span class='ocr_line' id='line_1_27' title="bbox 313 2308 1897 2372; baseline -0.001 -13"><span class='ocrx_word' id='word_1_115' title='bbox 313 2311 496 2360; x_wconf 88' lang='lat' dir='ltr'><strong>Actius</strong></span> <span class='ocrx_word' id='word_1_116' title='bbox 526 2309 779 2372; x_wconf 84' lang='lat' dir='ltr'><strong>carpitur,</strong></span> <span class='ocrx_word' id='word_1_117' title='bbox 822 2311 928 2356; x_wconf 74' lang='grc'><strong>440.</strong></span> <span class='ocrx_word' id='word_1_118' title='bbox 980 2309 1164 2357; x_wconf 88' lang='lat' dir='ltr'><strong>Aetius</strong></span> <span class='ocrx_word' id='word_1_119' title='bbox 1196 2311 1445 2372; x_wconf 81' lang='lat' dir='ltr'><strong>magister</strong></span> <span class='ocrx_word' id='word_1_120' title='bbox 1487 2308 1756 2367; x_wconf 88' lang='lat' dir='ltr'><strong>Eunomii,</strong></span> <span class='ocrx_word' id='word_1_121' title='bbox 1788 2309 1897 2358; x_wconf 91' lang='lat'><strong>429.</strong></span> 
     </span>
    </p>
   </div>
   <div class='ocr_carea' id='block_1_26' title="bbox 252 2371 1208 2434">
    <p class='ocr_par' dir='ltr' id='par_1_26' title="bbox 252 2371 1208 2434">
     <span class='ocr_line' id='line_1_28' title="bbox 252 2371 1208 2434; baseline -0.002 -12"><span class='ocrx_word' id='word_1_122' title='bbox 252 2374 385 2422; x_wconf 87' lang='lat' dir='ltr'><strong>Aetii</strong></span> <span class='ocrx_word' id='word_1_123' title='bbox 418 2371 658 2434; x_wconf 68' lang='lat' dir='ltr'><strong>epistola:</strong></span> <span class='ocrx_word' id='word_1_124' title='bbox 691 2371 1068 2434; x_wconf 86' lang='lat' dir='ltr'><strong>fragmentum,</strong></span> <span class='ocrx_word' id='word_1_125' title='bbox 1099 2373 1208 2420; x_wconf 82' lang='lat'><strong>429.</strong></span> 
     </span>
    </p>
   </div>
   <div class='ocr_carea' id='block_1_27' title="bbox 315 2433 1197 2495">
    <p class='ocr_par' dir='ltr' id='par_1_27' title="bbox 315 2433 1197 2495">
     <span class='ocr_line' id='line_1_29' title="bbox 315 2433 1197 2495; baseline -0.002 -11"><span class='ocrx_word' id='word_1_126' title='bbox 315 2433 550 2484; x_wconf 71' lang='lat' dir='ltr'><strong>Affectus</strong></span> <span class='ocrx_word' id='word_1_127' title='bbox 579 2434 772 2482; x_wconf 76' lang='lat' dir='ltr'><strong>animas</strong></span> <span class='ocrx_word' id='word_1_128' title='bbox 802 2433 1056 2495; x_wconf 88' lang='lat' dir='ltr'><strong>quinque,</strong></span> <span class='ocrx_word' id='word_1_129' title='bbox 1089 2437 1197 2483; x_wconf 92' lang='lat'><strong>200.</strong></span> 
     </span>
    </p>
   </div>
   <div class='ocr_carea' id='block_1_28' title="bbox 311 2496 1254 2558">
    <p class='ocr_par' dir='ltr' id='par_1_28' title="bbox 311 2496 1254 2558">
     <span class='ocr_line' id='line_1_30' title="bbox 311 2496 1254 2558; baseline -0.003 -12"><span class='ocrx_word' id='word_1_130' title='bbox 311 2501 559 2558; x_wconf 65' lang='lat' dir='ltr'><strong>Agapetaa</strong></span> <span class='ocrx_word' id='word_1_131' title='bbox 585 2496 837 2544; x_wconf 80' lang='lat' dir='ltr'><strong>mulieres</strong></span> <span class='ocrx_word' id='word_1_132' title='bbox 869 2496 1113 2554; x_wconf 82' lang='lat' dir='ltr'><strong>vitandae,</strong></span> <span class='ocrx_word' id='word_1_133' title='bbox 1145 2498 1254 2545; x_wconf 82' lang='lat'><strong>304.</strong></span> 
     </span>
    </p>
   </div>
   <div class='ocr_carea' id='block_1_29' title="bbox 315 2559 1495 2623">
    <p class='ocr_par' dir='ltr' id='par_1_29' title="bbox 315 2559 1495 2623">
     <span class='ocr_line' id='line_1_31' title="bbox 315 2559 1495 2623; baseline -0.002 -13"><span class='ocrx_word' id='word_1_134' title='bbox 315 2560 495 2623; x_wconf 72' lang='lat' dir='ltr'><strong>Aggaai</strong></span> <span class='ocrx_word' id='word_1_135' title='bbox 530 2560 819 2623; x_wconf 82' lang='lat' dir='ltr'><strong>liber,_1_27.</strong></span> <span class='ocrx_word' id='word_1_136' title='bbox 854 2561 1080 2623; x_wconf 59' lang='lat' dir='ltr'><strong>Agggeus</strong></span> <span class='ocrx_word' id='word_1_137' title='bbox 1111 2559 1384 2621; x_wconf 78' lang='lat' dir='ltr'><strong>propheta,</strong></span> <span class='ocrx_word' id='word_1_138' title='bbox 1416 2562 1495 2608; x_wconf 88' lang='lat'><strong>97.</strong></span> 
     </span>
    </p>
   </div>
   <div class='ocr_carea' id='block_1_30' title="bbox 313 2621 1385 2684">
    <p class='ocr_par' dir='ltr' id='par_1_30' title="bbox 313 2621 1385 2684">
     <span class='ocr_line' id='line_1_32' title="bbox 313 2621 1385 2684; baseline -0.002 -13"><span class='ocrx_word' id='word_1_139' title='bbox 313 2621 491 2684; x_wconf 44' lang='lat' dir='ltr'><strong>Al&#39;apis</strong></span> <span class='ocrx_word' id='word_1_140' title='bbox 521 2621 662 2669; x_wconf 85' lang='lat' dir='ltr'><strong>servi</strong></span> <span class='ocrx_word' id='word_1_141' title='bbox 688 2621 927 2669; x_wconf 82' lang='lat' dir='ltr'><strong>libertate</strong></span> <span class='ocrx_word' id='word_1_142' title='bbox 954 2622 1242 2679; x_wconf 86' lang='lat' dir='ltr'><strong>donantur,</strong></span> <span class='ocrx_word' id='word_1_143' title='bbox 1276 2625 1385 2672; x_wconf 89' lang='lat'><strong>251.</strong></span> 
     </span>
    </p>
   </div>
   <div class='ocr_carea' id='block_1_31' title="bbox 313 2683 1603 2745">
    <p class='ocr_par' dir='ltr' id='par_1_31' title="bbox 313 2683 1603 2745">
     <span class='ocr_line' id='line_1_33' title="bbox 313 2683 1603 2745; baseline 0 -13"><span class='ocrx_word' id='word_1_144' title='bbox 313 2683 536 2733; x_wconf 76' lang='lat' dir='ltr'><strong>Alleluia</strong></span> <span class='ocrx_word' id='word_1_145' title='bbox 565 2687 686 2745; x_wconf 86' lang='lat' dir='ltr'><strong>post</strong></span> <span class='ocrx_word' id='word_1_146' title='bbox 717 2689 897 2731; x_wconf 88' lang='lat' dir='ltr'><strong>ternos</strong></span> <span class='ocrx_word' id='word_1_147' title='bbox 927 2683 1159 2745; x_wconf 86' lang='lat' dir='ltr'><strong>psalmos</strong></span> <span class='ocrx_word' id='word_1_148' title='bbox 1189 2684 1492 2740; x_wconf 88' lang='lat' dir='ltr'><strong>dicendum,</strong></span> <span class='ocrx_word' id='word_1_149' title='bbox 1525 2686 1603 2732; x_wconf 89' lang='lat'><strong>93.</strong></span> 
     </span>
    </p>
   </div>
   <div class='ocr_carea' id='block_1_32' title="bbox 315 2745 1777 2800">
    <p class='ocr_par' dir='ltr' id='par_1_32' title="bbox 315 2745 1777 2800">
     <span class='ocr_line' id='line_1_34' title="bbox 315 2745 1777 2800; baseline -0.002 -4"><span class='ocrx_word' id='word_1_150' title='bbox 315 2747 488 2796; x_wconf 90' lang='lat' dir='ltr'><strong>Aman</strong></span> <span class='ocrx_word' id='word_1_151' title='bbox 519 2746 572 2793; x_wconf 93' lang='lat' dir='ltr'><strong>in</strong></span> <span class='ocrx_word' id='word_1_152' title='bbox 604 2745 738 2794; x_wconf 88' lang='lat' dir='ltr'><strong>festo</strong></span> <span class='ocrx_word' id='word_1_153' title='bbox 768 2745 979 2800; x_wconf 85' lang='lat' dir='ltr'><strong>phurim</strong></span> <span class='ocrx_word' id='word_1_154' title='bbox 1003 2747 1333 2795; x_wconf 84' lang='lat' dir='ltr'><strong>comburitur</strong></span> <span class='ocrx_word' id='word_1_155' title='bbox 1361 2762 1390 2796; x_wconf 90' lang='lat' dir='ltr'><strong>a</strong></span> <span class='ocrx_word' id='word_1_156' title='bbox 1417 2747 1635 2800; x_wconf 69' lang='lat' dir='ltr'><strong>Judaais,</strong></span> <span class='ocrx_word' id='word_1_157' title='bbox 1675 2749 1777 2795; x_wconf 88' lang='grc'><strong>130.</strong></span> 
     </span>
    </p>
   </div>
   <div class='ocr_carea' id='block_1_33' title="bbox 315 2807 1898 2870">
    <p class='ocr_par' dir='ltr' id='par_1_33' title="bbox 315 2807 1898 2870">
     <span class='ocr_line' id='line_1_35' title="bbox 315 2807 1898 2870; baseline -0.001 -13"><span class='ocrx_word' id='word_1_158' title='bbox 315 2811 605 2858; x_wconf 88' lang='lat' dir='ltr'><strong>Ambacum</strong></span> <span class='ocrx_word' id='word_1_159' title='bbox 636 2807 917 2870; x_wconf 89' lang='lat' dir='ltr'><strong>propheta,</strong></span> <span class='ocrx_word' id='word_1_160' title='bbox 950 2813 1024 2856; x_wconf 84' lang='lat'><strong>9&#39;7.</strong></span> <span class='ocrx_word' id='word_1_161' title='bbox 1058 2811 1348 2858; x_wconf 79' lang='lat' dir='ltr'><strong>Ambacum</strong></span> <span class='ocrx_word' id='word_1_162' title='bbox 1381 2809 1532 2868; x_wconf 90' lang='lat' dir='ltr'><strong>liber,</strong></span> <span class='ocrx_word' id='word_1_163' title='bbox 1568 2811 1673 2858; x_wconf 87' lang='lat'><strong>126.</strong></span> <span class='ocrx_word' id='word_1_164' title='bbox 1705 2807 1898 2858; x_wconf 88' lang='lat' dir='ltr'><strong>Amba-</strong></span> 
     </span>
    </p>
   </div>
   <div class='ocr_carea' id='block_1_34' title="bbox 253 2871 1240 2933">
    <p class='ocr_par' dir='ltr' id='par_1_34' title="bbox 253 2871 1240 2933">
     <span class='ocr_line' id='line_1_36' title="bbox 253 2871 1240 2933; baseline -0.002 -12"><span class='ocrx_word' id='word_1_165' title='bbox 253 2885 375 2921; x_wconf 87' lang='lat' dir='ltr'><strong>cum</strong></span> <span class='ocrx_word' id='word_1_166' title='bbox 406 2872 538 2920; x_wconf 89' lang='lat' dir='ltr'><strong>liber</strong></span> <span class='ocrx_word' id='word_1_167' title='bbox 558 2871 712 2926; x_wconf 89' lang='lat' dir='ltr'><strong>alius,</strong></span> <span class='ocrx_word' id='word_1_168' title='bbox 745 2872 1102 2933; x_wconf 77' lang='lat' dir='ltr'><strong>apocryphUs,</strong></span> <span class='ocrx_word' id='word_1_169' title='bbox 1138 2876 1240 2921; x_wconf 81' lang='lat'><strong>154:</strong></span> 
     </span>
    </p>
   </div>
   <div class='ocr_carea' id='block_1_35' title="bbox 313 2935 1624 2996">
    <p class='ocr_par' dir='ltr' id='par_1_35' title="bbox 313 2935 1624 2996">
     <span class='ocr_line' id='line_1_37' title="bbox 313 2935 1624 2996; baseline -0.003 -12"><span class='ocrx_word' id='word_1_170' title='bbox 313 2935 627 2984; x_wconf 70' lang='lat' dir='ltr'><strong>Ambrosius</strong></span> <span class='ocrx_word' id='word_1_171' title='bbox 645 2935 751 2996; x_wconf 59' lang='grc' dir='ltr'><strong>(Β.)</strong></span> <span class='ocrx_word' id='word_1_172' title='bbox 783 2935 993 2996; x_wconf 81' lang='lat' dir='ltr'><strong>scripsit</strong></span> <span class='ocrx_word' id='word_1_173' title='bbox 1023 2940 1209 2983; x_wconf 85' lang='lat' dir='ltr'><strong>contra</strong></span> <span class='ocrx_word' id='word_1_174' title='bbox 1239 2935 1481 2995; x_wconf 87' lang='lat' dir='ltr'><strong>Arianos,</strong></span> <span class='ocrx_word' id='word_1_175' title='bbox 1514 2935 1624 2984; x_wconf 88' lang='grc'><strong>593.</strong></span> 
     </span>
    </p>
   </div>
   <div class='ocr_carea' id='block_1_36' title="bbox 316 2995 1414 3057">
    <p class='ocr_par' dir='ltr' id='par_1_36' title="bbox 316 2995 1414 3057">
     <span class='ocr_line' id='line_1_38' title="bbox 316 2995 1414 3057; baseline -0.001 -12"><span class='ocrx_word' id='word_1_176' title='bbox 316 2999 477 3045; x_wconf 88' lang='lat' dir='ltr'><strong>Amos</strong></span> <span class='ocrx_word' id='word_1_177' title='bbox 505 2995 784 3057; x_wconf 86' lang='lat' dir='ltr'><strong>propheta,</strong></span> <span class='ocrx_word' id='word_1_178' title='bbox 819 2995 903 3044; x_wconf 57' lang='lat'><strong>97;</strong></span> <span class='ocrx_word' id='word_1_179' title='bbox 928 2998 1088 3045; x_wconf 86' lang='lat' dir='ltr'><strong>Amos</strong></span> <span class='ocrx_word' id='word_1_180' title='bbox 1116 2998 1269 3057; x_wconf 91' lang='lat' dir='ltr'><strong>liber,</strong></span> <span class='ocrx_word' id='word_1_181' title='bbox 1307 3001 1414 3046; x_wconf 82' lang='lat'><strong>125.</strong></span> 
     </span>
    </p>
   </div>
   <div class='ocr_carea' id='block_1_37' title="bbox 317 3057 1904 3130">
    <p class='ocr_par' dir='ltr' id='par_1_37' title="bbox 317 3057 1904 3130">
     <span class='ocr_line' id='line_1_39' title="bbox 317 3057 1904 3130; baseline -0.001 -23"><span class='ocrx_word' id='word_1_182' title='bbox 317 3059 563 3130; x_wconf 77' lang='lat' dir='ltr'><strong>A_ndreas</strong></span> <span class='ocrx_word' id='word_1_183' title='bbox 595 3059 713 3130; x_wconf 61' lang='lat'><strong>(8.),</strong></span> <span class='ocrx_word' id='word_1_184' title='bbox 734 3058 869 3130; x_wconf 32' lang='lat' dir='ltr'><strong>“ejus</strong></span> <span class='ocrx_word' id='word_1_185' title='bbox 904 3060 1236 3130; x_wconf 65' lang='lat' dir='ltr'><strong>encomium,</strong></span> <span class='ocrx_word' id='word_1_186' title='bbox 1259 3063 1429 3130; x_wconf 74' lang='lat' dir='ltr'><strong>402_et</strong></span> <span class='ocrx_word' id='word_1_187' title='bbox 1458 3072 1606 3130; x_wconf 63' lang='lat' dir='ltr'><strong>seqq.</strong></span> <span class='ocrx_word' id='word_1_188' title='bbox 1647 3057 1904 3130; x_wconf 69' lang='lat' dir='ltr'><strong>Praedicat</strong></span> 
     </span>
    </p>
   </div>
   <div class='ocr_carea' id='block_1_38' title="bbox 255 3120 1900 3181">
    <p class='ocr_par' dir='ltr' id='par_1_38' title="bbox 255 3120 1900 3181">
     <span class='ocr_line' id='line_1_40' title="bbox 255 3120 1900 3181; baseline -0.001 -11"><span class='ocrx_word' id='word_1_189' title='bbox 255 3122 308 3170; x_wconf 91' lang='lat' dir='ltr'><strong>in</strong></span> <span class='ocrx_word' id='word_1_190' title='bbox 341 3122 537 3170; x_wconf 57' lang='lat' dir='ltr'><strong>Graecia</strong></span> <span class='ocrx_word' id='word_1_191' title='bbox 567 3125 619 3170; x_wconf 87' lang='lat' dir='ltr'><strong>et</strong></span> <span class='ocrx_word' id='word_1_192' title='bbox 647 3121 698 3168; x_wconf 92' lang='lat' dir='ltr'><strong>in</strong></span> <span class='ocrx_word' id='word_1_193' title='bbox 732 3120 1081 3172; x_wconf 87' lang='lat' dir='ltr'><strong>barbarorum</strong></span> <span class='ocrx_word' id='word_1_194' title='bbox 1114 3124 1286 3181; x_wconf 88' lang='lat' dir='ltr'><strong>terris,</strong></span> <span class='ocrx_word' id='word_1_195' title='bbox 1318 3125 1425 3171; x_wconf 90' lang='lat'><strong>404.</strong></span> <span class='ocrx_word' id='word_1_196' title='bbox 1474 3120 1727 3170; x_wconf 82' lang='lat' dir='ltr'><strong>Miracula</strong></span> <span class='ocrx_word' id='word_1_197' title='bbox 1773 3120 1900 3180; x_wconf 87' lang='lat' dir='ltr'><strong>edit,</strong></span> 
     </span>
    </p>
   </div>
   <div class='ocr_carea' id='block_1_39' title="bbox 252 3182 1761 3245">
    <p class='ocr_par' dir='ltr' id='par_1_39' title="bbox 252 3182 1761 3245">
     <span class='ocr_line' id='line_1_41' title="bbox 252 3182 1761 3245; baseline -0.003 -11"><span class='ocrx_word' id='word_1_198' title='bbox 252 3186 360 3234; x_wconf 91' lang='lat'><strong>404.</strong></span> <span class='ocrx_word' id='word_1_199' title='bbox 397 3185 456 3232; x_wconf 88' lang='lat' dir='ltr'><strong>In</strong></span> <span class='ocrx_word' id='word_1_200' title='bbox 488 3182 738 3232; x_wconf 85' lang='lat' dir='ltr'><strong>Achaiam</strong></span> <span class='ocrx_word' id='word_1_201' title='bbox 769 3185 1014 3240; x_wconf 86' lang='lat' dir='ltr'><strong>mittitur,</strong></span> <span class='ocrx_word' id='word_1_202' title='bbox 1046 3188 1151 3234; x_wconf 84' lang='lat'><strong>404.</strong></span> <span class='ocrx_word' id='word_1_203' title='bbox 1186 3185 1338 3234; x_wconf 90' lang='lat' dir='ltr'><strong>Cruci</strong></span> <span class='ocrx_word' id='word_1_204' title='bbox 1371 3184 1623 3245; x_wconf 85' lang='lat' dir='ltr'><strong>afﬁgitur,</strong></span> <span class='ocrx_word' id='word_1_205' title='bbox 1653 3185 1761 3234; x_wconf 85' lang='lat'><strong>404.</strong></span> 
     </span>
    </p>
   </div>
   <div class='ocr_carea' id='block_1_40' title="bbox 319 3245 1900 3310">
    <p class='ocr_par' dir='ltr' id='par_1_40' title="bbox 319 3245 1900 3310">
     <span class='ocr_line' id='line_1_42' title="bbox 319 3245 1900 3310; baseline -0.002 -14"><span class='ocrx_word' id='word_1_206' title='bbox 319 3246 506 3309; x_wconf 83' lang='lat' dir='ltr'><strong>Angeli</strong></span> <span class='ocrx_word' id='word_1_207' title='bbox 536 3245 674 3307; x_wconf 90' lang='lat' dir='ltr'><strong>apud</strong></span> <span class='ocrx_word' id='word_1_208' title='bbox 707 3247 1064 3296; x_wconf 89' lang='lat' dir='ltr'><strong>Abrahamum</strong></span> <span class='ocrx_word' id='word_1_209' title='bbox 1113 3251 1445 3310; x_wconf 76' lang='lat' dir='ltr'><strong>apparenter</strong></span> <span class='ocrx_word' id='word_1_210' title='bbox 1481 3250 1686 3310; x_wconf 86' lang='lat' dir='ltr'><strong>tantum</strong></span> <span class='ocrx_word' id='word_1_211' title='bbox 1723 3246 1900 3294; x_wconf 90' lang='lat' dir='ltr'><strong>cibum</strong></span> 
     </span>
    </p>
   </div>
   <div class='ocr_carea' id='block_1_41' title="bbox 251 3309 1903 3371">
    <p class='ocr_par' dir='ltr' id='par_1_41' title="bbox 251 3309 1903 3371">
     <span class='ocr_line' id='line_1_43' title="bbox 251 3309 1903 3371; baseline 0 -15"><span class='ocrx_word' id='word_1_212' title='bbox 251 3313 614 3371; x_wconf 59' lang='lat' dir='ltr'><strong>sumpserunt,</strong></span> <span class='ocrx_word' id='word_1_213' title='bbox 647 3311 753 3362; x_wconf 85' lang='lat'><strong>507,</strong></span> <span class='ocrx_word' id='word_1_214' title='bbox 779 3311 884 3358; x_wconf 84' lang='lat'><strong>508.</strong></span> <span class='ocrx_word' id='word_1_215' title='bbox 909 3310 1078 3358; x_wconf 72' lang='lat' dir='ltr'><strong>(Ireati</strong></span> <span class='ocrx_word' id='word_1_216' title='bbox 1103 3309 1243 3368; x_wconf 86' lang='lat' dir='ltr'><strong>sunt,</strong></span> <span class='ocrx_word' id='word_1_217' title='bbox 1267 3312 1376 3360; x_wconf 91' lang='lat'><strong>218.</strong></span> <span class='ocrx_word' id='word_1_218' title='bbox 1405 3309 1684 3358; x_wconf 82' lang='lat' dir='ltr'><strong>Mutabiles</strong></span> <span class='ocrx_word' id='word_1_219' title='bbox 1715 3311 1842 3357; x_wconf 88' lang='lat' dir='ltr'><strong>sunt</strong></span> <span class='ocrx_word' id='word_1_220' title='bbox 1872 3321 1903 3356; x_wconf 87' lang='lat' dir='ltr'><strong>a</strong></span> 
     </span>
    </p>
   </div>
   <div class='ocr_carea' id='block_1_42' title="bbox 250 3371 1900 3436">
    <p class='ocr_par' dir='ltr' id='par_1_42' title="bbox 250 3371 1900 3436">
     <span class='ocr_line' id='line_1_44' title="bbox 250 3371 1900 3436; baseline -0.002 -15"><span class='ocrx_word' id='word_1_221' title='bbox 250 3372 468 3436; x_wconf 15' lang='lat' dir='ltr'><strong>bonoiin</strong></span> <span class='ocrx_word' id='word_1_222' title='bbox 486 3371 704 3436; x_wconf 84' lang='lat' dir='ltr'><strong>malum,</strong></span> <span class='ocrx_word' id='word_1_223' title='bbox 724 3374 812 3420; x_wconf 88' lang='lat'><strong>415</strong></span> <span class='ocrx_word' id='word_1_224' title='bbox 850 3372 1034 3436; x_wconf 71' lang='lat' dir='ltr'><strong>Angeli</strong></span> <span class='ocrx_word' id='word_1_225' title='bbox 1055 3373 1354 3422; x_wconf 86' lang='lat' dir='ltr'><strong>substantia</strong></span> <span class='ocrx_word' id='word_1_226' title='bbox 1371 3373 1552 3436; x_wconf 80' lang='lat' dir='ltr'><strong>ignota</strong></span> <span class='ocrx_word' id='word_1_227' title='bbox 1573 3371 1900 3428; x_wconf 88' lang='lat' dir='ltr'><strong>hominibus,</strong></span> 
     </span>
    </p>
   </div>
   <div class='ocr_carea' id='block_1_43' title="bbox 254 3433 1900 3496">
    <p class='ocr_par' dir='ltr' id='par_1_43' title="bbox 254 3433 1900 3496">
     <span class='ocr_line' id='line_1_45' title="bbox 254 3433 1900 3496; baseline -0.001 -13"><span class='ocrx_word' id='word_1_228' title='bbox 254 3435 361 3491; x_wconf 84' lang='lat'><strong>193,</strong></span> <span class='ocrx_word' id='word_1_229' title='bbox 384 3435 493 3491; x_wconf 86' lang='lat'><strong>217,</strong></span> <span class='ocrx_word' id='word_1_230' title='bbox 515 3435 624 3482; x_wconf 88' lang='lat'><strong>223.</strong></span> <span class='ocrx_word' id='word_1_231' title='bbox 656 3433 713 3482; x_wconf 91' lang='lat' dir='ltr'><strong>In</strong></span> <span class='ocrx_word' id='word_1_232' title='bbox 745 3447 852 3496; x_wconf 91' lang='lat' dir='ltr'><strong>quo</strong></span> <span class='ocrx_word' id='word_1_233' title='bbox 883 3433 1056 3483; x_wconf 75' lang='lat' dir='ltr'><strong>diﬂ‘ert</strong></span> <span class='ocrx_word' id='word_1_234' title='bbox 1084 3441 1149 3483; x_wconf 87' lang='lat' dir='ltr'><strong>ab</strong></span> <span class='ocrx_word' id='word_1_235' title='bbox 1181 3433 1417 3484; x_wconf 76' lang='lat' dir='ltr'><strong>hominis</strong></span> <span class='ocrx_word' id='word_1_236' title='bbox 1441 3435 1758 3490; x_wconf 88' lang='lat' dir='ltr'><strong>substantia,</strong></span> <span class='ocrx_word' id='word_1_237' title='bbox 1789 3436 1900 3482; x_wconf 84' lang='lat'><strong>223.</strong></span> 
     </span>
    </p>
   </div>
   <div class='ocr_carea' id='block_1_44' title="bbox 253 3496 1900 3556">
    <p class='ocr_par' dir='ltr' id='par_1_44' title="bbox 253 3496 1900 3556">
     <span class='ocr_line' id='line_1_46' title="bbox 253 3496 1900 3556; baseline -0.001 -11"><span class='ocrx_word' id='word_1_238' title='bbox 253 3496 440 3555; x_wconf 79' lang='lat' dir='ltr'><strong>Angin</strong></span> <span class='ocrx_word' id='word_1_239' title='bbox 474 3501 600 3544; x_wconf 91' lang='lat' dir='ltr'><strong>sunt</strong></span> <span class='ocrx_word' id='word_1_240' title='bbox 624 3497 944 3556; x_wconf 78' lang='lat' dir='ltr'><strong>incorporei,</strong></span> <span class='ocrx_word' id='word_1_241' title='bbox 970 3500 1073 3546; x_wconf 78' lang='lat'><strong>162:</strong></span> <span class='ocrx_word' id='word_1_242' title='bbox 1104 3499 1423 3554; x_wconf 82' lang='lat' dir='ltr'><strong>Angelorum</strong></span> <span class='ocrx_word' id='word_1_243' title='bbox 1449 3498 1665 3547; x_wconf 84' lang='lat' dir='ltr'><strong>ordines</strong></span> <span class='ocrx_word' id='word_1_244' title='bbox 1688 3510 1900 3554; x_wconf 90' lang='lat' dir='ltr'><strong>novem,</strong></span> 
     </span>
    </p>
   </div>
   <div class='ocr_carea' id='block_1_45' title="bbox 255 3559 1902 3620">
    <p class='ocr_par' dir='ltr' id='par_1_45' title="bbox 255 3559 1902 3620">
     <span class='ocr_line' id='line_1_47' title="bbox 255 3559 1902 3620; baseline -0.001 -12"><span class='ocrx_word' id='word_1_245' title='bbox 255 3562 364 3609; x_wconf 89' lang='grc'><strong>219.</strong></span> <span class='ocrx_word' id='word_1_246' title='bbox 389 3559 715 3620; x_wconf 80' lang='lat' dir='ltr'><strong>Augelorum</strong></span> <span class='ocrx_word' id='word_1_247' title='bbox 746 3560 959 3608; x_wconf 84' lang='lat' dir='ltr'><strong>ordines</strong></span> <span class='ocrx_word' id='word_1_248' title='bbox 982 3561 1132 3617; x_wconf 87' lang='lat' dir='ltr'><strong>varii,</strong></span> <span class='ocrx_word' id='word_1_249' title='bbox 1162 3564 1237 3617; x_wconf 89' lang='lat'><strong>21,</strong></span> <span class='ocrx_word' id='word_1_250' title='bbox 1271 3564 1361 3610; x_wconf 91' lang='lat'><strong>223</strong></span> <span class='ocrx_word' id='word_1_251' title='bbox 1415 3561 1648 3619; x_wconf 71' lang='lat' dir='ltr'><strong>Angelus</strong></span> <span class='ocrx_word' id='word_1_252' title='bbox 1678 3564 1760 3608; x_wconf 89' lang='lat' dir='ltr'><strong>est</strong></span> <span class='ocrx_word' id='word_1_253' title='bbox 1788 3559 1902 3607; x_wconf 82' lang='lat' dir='ltr'><strong>ani-</strong></span> 
     </span>
    </p>
   </div>
   <div class='ocr_carea' id='block_1_46' title="bbox 256 3621 1906 3686">
    <p class='ocr_par' dir='ltr' id='par_1_46' title="bbox 256 3621 1906 3686">
     <span class='ocr_line' id='line_1_48' title="bbox 256 3621 1906 3686; baseline 0 -16"><span class='ocrx_word' id='word_1_254' title='bbox 256 3621 360 3686; x_wconf 88' lang='lat' dir='ltr'><strong>mal</strong></span> <span class='ocrx_word' id='word_1_255' title='bbox 391 3621 662 3677; x_wconf 70' lang='lat' dir='ltr'><strong>rationale,</strong></span> <span class='ocrx_word' id='word_1_256' title='bbox 695 3635 884 3686; x_wconf 83' lang='lat' dir='ltr'><strong>expers</strong></span> <span class='ocrx_word' id='word_1_257' title='bbox 916 3623 1170 3681; x_wconf 65' lang='lat' dir='ltr'><strong>materias,</strong></span> <span class='ocrx_word' id='word_1_258' title='bbox 1203 3624 1416 3686; x_wconf 83' lang='lat' dir='ltr'><strong>hymnis</strong></span> <span class='ocrx_word' id='word_1_259' title='bbox 1438 3623 1676 3671; x_wconf 88' lang='lat' dir='ltr'><strong>dicendis</strong></span> <span class='ocrx_word' id='word_1_260' title='bbox 1697 3626 1906 3684; x_wconf 89' lang='lat' dir='ltr'><strong>aptum,</strong></span> 
     </span>
    </p>
   </div>
   <div class='ocr_carea' id='block_1_47' title="bbox 259 3685 825 3743">
    <p class='ocr_par' dir='ltr' id='par_1_47' title="bbox 259 3685 825 3743">
     <span class='ocr_line' id='line_1_49' title="bbox 259 3685 825 3743; baseline 0.002 -11"><span class='ocrx_word' id='word_1_261' title='bbox 259 3685 574 3743; x_wconf 87' lang='lat' dir='ltr'><strong>immortale,</strong></span> <span class='ocrx_word' id='word_1_262' title='bbox 606 3686 684 3739; x_wconf 91' lang='lat'><strong>21,</strong></span> <span class='ocrx_word' id='word_1_263' title='bbox 716 3685 825 3733; x_wconf 89' lang='lat'><strong>223.</strong></span> 
     </span>
    </p>
   </div>
   <div class='ocr_carea' id='block_1_48' title="bbox 330 3745 1908 3808">
    <p class='ocr_par' dir='ltr' id='par_1_48' title="bbox 330 3745 1908 3808">
     <span class='ocr_line' id='line_1_50' title="bbox 330 3745 1908 3808; baseline -0.001 -14"><span class='ocrx_word' id='word_1_264' title='bbox 330 3747 520 3794; x_wconf 89' lang='lat' dir='ltr'><strong>Anima</strong></span> <span class='ocrx_word' id='word_1_265' title='bbox 549 3746 837 3795; x_wconf 86' lang='lat' dir='ltr'><strong>bestiarum</strong></span> <span class='ocrx_word' id='word_1_266' title='bbox 870 3760 934 3794; x_wconf 83' lang='lat' dir='ltr'><strong>ex</strong></span> <span class='ocrx_word' id='word_1_267' title='bbox 966 3751 1105 3795; x_wconf 89' lang='lat' dir='ltr'><strong>terra</strong></span> <span class='ocrx_word' id='word_1_268' title='bbox 1133 3751 1232 3806; x_wconf 86' lang='lat' dir='ltr'><strong>est,</strong></span> <span class='ocrx_word' id='word_1_269' title='bbox 1264 3748 1368 3800; x_wconf 88' lang='lat'><strong>198.</strong></span> <span class='ocrx_word' id='word_1_270' title='bbox 1406 3747 1597 3797; x_wconf 90' lang='lat' dir='ltr'><strong>Anima</strong></span> <span class='ocrx_word' id='word_1_271' title='bbox 1627 3745 1773 3808; x_wconf 86' lang='lat' dir='ltr'><strong>quid,</strong></span> <span class='ocrx_word' id='word_1_272' title='bbox 1799 3747 1908 3805; x_wconf 90' lang='lat'><strong>198,</strong></span> 
     </span>
    </p>
   </div>
   <div class='ocr_carea' id='block_1_49' title="bbox 265 3807 1908 3871">
    <p class='ocr_par' dir='ltr' id='par_1_49' title="bbox 265 3807 1908 3871">
     <span class='ocr_line' id='line_1_51' title="bbox 265 3807 1908 3871; baseline -0.001 -15"><span class='ocrx_word' id='word_1_273' title='bbox 265 3809 608 3871; x_wconf 10' lang='lat' dir='ltr'><strong>220.7Animee</strong></span> <span class='ocrx_word' id='word_1_274' title='bbox 639 3808 933 3856; x_wconf 81' lang='lat' dir='ltr'><strong>substantia</strong></span> <span class='ocrx_word' id='word_1_275' title='bbox 962 3808 1145 3871; x_wconf 82' lang='lat' dir='ltr'><strong>ignota</strong></span> <span class='ocrx_word' id='word_1_276' title='bbox 1165 3810 1490 3868; x_wconf 87' lang='lat' dir='ltr'><strong>hominibus,</strong></span> <span class='ocrx_word' id='word_1_277' title='bbox 1525 3807 1761 3865; x_wconf 85' lang='lat'><strong>193,223.</strong></span> <span class='ocrx_word' id='word_1_278' title='bbox 1787 3807 1908 3856; x_wconf 89' lang='lat' dir='ltr'><strong>Ani-</strong></span> 
     </span>
    </p>
   </div>
   <div class='ocr_carea' id='block_1_50' title="bbox 266 3870 1910 3936">
    <p class='ocr_par' dir='ltr' id='par_1_50' title="bbox 266 3870 1910 3936">
     <span class='ocr_line' id='line_1_52' title="bbox 266 3870 1910 3936; baseline 0 -18"><span class='ocrx_word' id='word_1_279' title='bbox 266 3884 353 3936; x_wconf 82' lang='lat' dir='ltr'><strong>ma</strong></span> <span class='ocrx_word' id='word_1_280' title='bbox 381 3870 613 3919; x_wconf 88' lang='lat' dir='ltr'><strong>hominis</strong></span> <span class='ocrx_word' id='word_1_281' title='bbox 639 3871 934 3936; x_wconf 70' lang='lat' dir='ltr'><strong>un_de,_198.</strong></span> <span class='ocrx_word' id='word_1_282' title='bbox 959 3870 1160 3936; x_wconf 69' lang='lat' dir='ltr'><strong>Animas</strong></span> <span class='ocrx_word' id='word_1_283' title='bbox 1178 3877 1286 3921; x_wconf 89' lang='lat' dir='ltr'><strong>tres</strong></span> <span class='ocrx_word' id='word_1_284' title='bbox 1307 3877 1485 3936; x_wconf 89' lang='lat' dir='ltr'><strong>partes</strong></span> <span class='ocrx_word' id='word_1_285' title='bbox 1515 3877 1654 3926; x_wconf 88' lang='lat' dir='ltr'><strong>sunt,</strong></span> <span class='ocrx_word' id='word_1_286' title='bbox 1679 3871 1910 3936; x_wconf 85' lang='lat' dir='ltr'><strong>rationa-</strong></span> 
     </span>
    </p>
   </div>
   <div class='ocr_carea' id='block_1_51' title="bbox 265 3933 1908 3994">
    <p class='ocr_par' dir='ltr' id='par_1_51' title="bbox 265 3933 1908 3994">
     <span class='ocr_line' id='line_1_53' title="bbox 265 3933 1908 3994; baseline 0 -14"><span class='ocrx_word' id='word_1_287' title='bbox 265 3934 400 3989; x_wconf 86' lang='lat' dir='ltr'><strong>bilis,</strong></span> <span class='ocrx_word' id='word_1_288' title='bbox 426 3933 864 3994; x_wconf 89' lang='lat' dir='ltr'><strong>concupiscihilis.</strong></span> <span class='ocrx_word' id='word_1_289' title='bbox 898 3933 1191 3993; x_wconf 87' lang='lat' dir='ltr'><strong>irascibilis,</strong></span> <span class='ocrx_word' id='word_1_290' title='bbox 1218 3933 1324 3984; x_wconf 50' lang='lat'><strong>198:</strong></span> <span class='ocrx_word' id='word_1_291' title='bbox 1357 3936 1548 3983; x_wconf 80' lang='lat' dir='ltr'><strong>Anima</strong></span> <span class='ocrx_word' id='word_1_292' title='bbox 1569 3935 1824 3984; x_wconf 85' lang='lat' dir='ltr'><strong>dividitur</strong></span> <span class='ocrx_word' id='word_1_293' title='bbox 1853 3934 1908 3981; x_wconf 88' lang='lat' dir='ltr'><strong>in</strong></span> 
     </span>
    </p>
   </div>
   <div class='ocr_carea' id='block_1_52' title="bbox 262 3995 1910 4058">
    <p class='ocr_par' dir='ltr' id='par_1_52' title="bbox 262 3995 1910 4058">
     <span class='ocr_line' id='line_1_54' title="bbox 262 3995 1910 4058; baseline 0.001 -15"><span class='ocrx_word' id='word_1_294' title='bbox 262 3996 656 4052; x_wconf 85' lang='lat' dir='ltr'><strong>rationabilem,</strong></span> <span class='ocrx_word' id='word_1_295' title='bbox 677 3995 1010 4058; x_wconf 85' lang='lat' dir='ltr'><strong>irascibilem,</strong></span> <span class='ocrx_word' id='word_1_296' title='bbox 1029 3998 1520 4058; x_wconf 89' lang='lat' dir='ltr'><strong>concupiscibilem,</strong></span> <span class='ocrx_word' id='word_1_297' title='bbox 1534 4001 1642 4047; x_wconf 87' lang='lat'><strong>515.</strong></span> <span class='ocrx_word' id='word_1_298' title='bbox 1669 3998 1723 4044; x_wconf 94' lang='lat' dir='ltr'><strong>In</strong></span> <span class='ocrx_word' id='word_1_299' title='bbox 1741 3997 1910 4045; x_wconf 89' lang='lat' dir='ltr'><strong>tribus</strong></span> 
     </span>
    </p>
   </div>
   <div class='ocr_carea' id='block_1_53' title="bbox 263 4057 1910 4122">
    <p class='ocr_par' dir='ltr' id='par_1_53' title="bbox 263 4057 1910 4122">
     <span class='ocr_line' id='line_1_55' title="bbox 263 4057 1910 4122; baseline 0 -16"><span class='ocrx_word' id='word_1_300' title='bbox 263 4059 499 4122; x_wconf 88' lang='lat' dir='ltr'><strong>corporis</strong></span> <span class='ocrx_word' id='word_1_301' title='bbox 520 4058 761 4122; x_wconf 75' lang='lat' dir='ltr'><strong>partibus</strong></span> <span class='ocrx_word' id='word_1_302' title='bbox 786 4057 1006 4122; x_wconf 86' lang='lat' dir='ltr'><strong>habitat,</strong></span> <span class='ocrx_word' id='word_1_303' title='bbox 1039 4059 1093 4107; x_wconf 93' lang='lat' dir='ltr'><strong>in</strong></span> <span class='ocrx_word' id='word_1_304' title='bbox 1123 4057 1299 4117; x_wconf 74' lang='lat' dir='ltr'><strong>corde,</strong></span> <span class='ocrx_word' id='word_1_305' title='bbox 1325 4062 1377 4107; x_wconf 92' lang='lat' dir='ltr'><strong>in</strong></span> <span class='ocrx_word' id='word_1_306' title='bbox 1411 4064 1702 4122; x_wconf 87' lang='lat' dir='ltr'><strong>posteriore</strong></span> <span class='ocrx_word' id='word_1_307' title='bbox 1724 4059 1910 4121; x_wconf 89' lang='lat' dir='ltr'><strong>capitis</strong></span> 
     </span>
    </p>
   </div>
   <div class='ocr_carea' id='block_1_54' title="bbox 261 4120 1909 4182">
    <p class='ocr_par' dir='ltr' id='par_1_54' title="bbox 261 4120 1909 4182">
     <span class='ocr_line' id='line_1_56' title="bbox 261 4120 1909 4182; baseline 0.001 -14"><span class='ocrx_word' id='word_1_308' title='bbox 261 4125 428 4178; x_wconf 81' lang='lat' dir='ltr'><strong>parte,</strong></span> <span class='ocrx_word' id='word_1_309' title='bbox 455 4121 507 4168; x_wconf 93' lang='lat' dir='ltr'><strong>in</strong></span> <span class='ocrx_word' id='word_1_310' title='bbox 532 4120 762 4168; x_wconf 85' lang='lat' dir='ltr'><strong>basilicis</strong></span> <span class='ocrx_word' id='word_1_311' title='bbox 784 4121 950 4177; x_wconf 81' lang='lat' dir='ltr'><strong>venis,</strong></span> <span class='ocrx_word' id='word_1_312' title='bbox 975 4124 1082 4171; x_wconf 90' lang='lat'><strong>201.</strong></span> <span class='ocrx_word' id='word_1_313' title='bbox 1100 4122 1294 4172; x_wconf 90' lang='lat' dir='ltr'><strong>Anima</strong></span> <span class='ocrx_word' id='word_1_314' title='bbox 1313 4120 1588 4172; x_wconf 84' lang='lat' dir='ltr'><strong>rationalis</strong></span> <span class='ocrx_word' id='word_1_315' title='bbox 1605 4122 1774 4172; x_wconf 88' lang='lat' dir='ltr'><strong>tribus</strong></span> <span class='ocrx_word' id='word_1_316' title='bbox 1793 4120 1909 4182; x_wconf 86' lang='lat' dir='ltr'><strong>par-</strong></span> 
     </span>
    </p>
   </div>
   <div class='ocr_carea' id='block_1_55' title="bbox 260 4183 1905 4248">
    <p class='ocr_par' dir='ltr' id='par_1_55' title="bbox 260 4183 1905 4248">
     <span class='ocr_line' id='line_1_57' title="bbox 260 4183 1905 4248; baseline 0.001 -17"><span class='ocrx_word' id='word_1_317' title='bbox 260 4184 403 4248; x_wconf 81' lang='lat' dir='ltr'><strong>tibus</strong></span> <span class='ocrx_word' id='word_1_318' title='bbox 433 4187 656 4242; x_wconf 88' lang='lat' dir='ltr'><strong>constat,</strong></span> <span class='ocrx_word' id='word_1_319' title='bbox 701 4183 1034 4248; x_wconf 81' lang='lat' dir='ltr'><strong>cogitatione,</strong></span> <span class='ocrx_word' id='word_1_320' title='bbox 1069 4185 1267 4244; x_wconf 89' lang='lat' dir='ltr'><strong>animo,</strong></span> <span class='ocrx_word' id='word_1_321' title='bbox 1318 4185 1765 4248; x_wconf 81' lang='lat' dir='ltr'><strong>concupiscentia,</strong></span> <span class='ocrx_word' id='word_1_322' title='bbox 1797 4187 1905 4233; x_wconf 90' lang='lat'><strong>515.</strong></span> 
     </span>
    </p>
   </div>
   <div class='ocr_carea' id='block_1_56' title="bbox 260 4245 1906 4310">
    <p class='ocr_par' dir='ltr' id='par_1_56' title="bbox 260 4245 1906 4310">
     <span class='ocr_line' id='line_1_58' title="bbox 260 4245 1906 4310; baseline 0.001 -16"><span class='ocrx_word' id='word_1_323' title='bbox 260 4245 503 4310; x_wconf 87' lang='lat' dir='ltr'><strong>Animam</strong></span> <span class='ocrx_word' id='word_1_324' title='bbox 536 4258 656 4310; x_wconf 84' lang='lat' dir='ltr'><strong>cum</strong></span> <span class='ocrx_word' id='word_1_325' title='bbox 684 4259 908 4310; x_wconf 78' lang='lat' dir='ltr'><strong>corpore</strong></span> <span class='ocrx_word' id='word_1_326' title='bbox 943 4245 1161 4295; x_wconf 88' lang='lat' dir='ltr'><strong>interire</strong></span> <span class='ocrx_word' id='word_1_327' title='bbox 1192 4249 1409 4310; x_wconf 90' lang='lat' dir='ltr'><strong>quidam</strong></span> <span class='ocrx_word' id='word_1_328' title='bbox 1442 4245 1764 4303; x_wconf 70' lang='lat' dir='ltr'><strong>existimant,</strong></span> <span class='ocrx_word' id='word_1_329' title='bbox 1796 4248 1906 4296; x_wconf 83' lang='grc'><strong>574.</strong></span> 
     </span>
    </p>
   </div>
   <div class='ocr_carea' id='block_1_57' title="bbox 259 4307 1906 4370">
    <p class='ocr_par' dir='ltr' id='par_1_57' title="bbox 259 4307 1906 4370">
     <span class='ocr_line' id='line_1_59' title="bbox 259 4307 1906 4370; baseline 0.001 -13"><span class='ocrx_word' id='word_1_330' title='bbox 259 4309 571 4358; x_wconf 88' lang='lat' dir='ltr'><strong>Animarum</strong></span> <span class='ocrx_word' id='word_1_331' title='bbox 603 4307 980 4357; x_wconf 79' lang='lat' dir='ltr'><strong>defunctorum</strong></span> <span class='ocrx_word' id='word_1_332' title='bbox 1014 4307 1223 4358; x_wconf 77' lang='lat' dir='ltr'><strong>mentio</strong></span> <span class='ocrx_word' id='word_1_333' title='bbox 1238 4311 1294 4360; x_wconf 78' lang='lat' dir='ltr'><strong>fit</strong></span> <span class='ocrx_word' id='word_1_334' title='bbox 1324 4312 1376 4359; x_wconf 91' lang='lat' dir='ltr'><strong>in</strong></span> <span class='ocrx_word' id='word_1_335' title='bbox 1399 4311 1772 4370; x_wconf 87' lang='lat' dir='ltr'><strong>oblationibus,</strong></span> <span class='ocrx_word' id='word_1_336' title='bbox 1796 4311 1906 4360; x_wconf 88' lang='grc'><strong>224.</strong></span> 
     </span>
    </p>
   </div>
   <div class='ocr_carea' id='block_1_58' title="bbox 257 4371 1431 4432">
    <p class='ocr_par' dir='ltr' id='par_1_58' title="bbox 257 4371 1431 4432">
     <span class='ocr_line' id='line_1_60' title="bbox 257 4371 1431 4432; baseline 0.003 -13"><span class='ocrx_word' id='word_1_337' title='bbox 257 4371 464 4420; x_wconf 74' lang='lat' dir='ltr'><strong>Animas</strong></span> <span class='ocrx_word' id='word_1_338' title='bbox 496 4371 713 4420; x_wconf 90' lang='lat' dir='ltr'><strong>ubinam</strong></span> <span class='ocrx_word' id='word_1_339' title='bbox 744 4376 870 4419; x_wconf 85' lang='lat' dir='ltr'><strong>sunt</strong></span> <span class='ocrx_word' id='word_1_340' title='bbox 897 4376 1018 4432; x_wconf 84' lang='lat' dir='ltr'><strong>post</strong></span> <span class='ocrx_word' id='word_1_341' title='bbox 1047 4376 1288 4431; x_wconf 89' lang='lat' dir='ltr'><strong>mortem,</strong></span> <span class='ocrx_word' id='word_1_342' title='bbox 1320 4375 1431 4423; x_wconf 89' lang='lat'><strong>221.</strong></span> 
     </span>
    </p>
   </div>
   <div class='ocr_carea' id='block_1_59' title="bbox 326 4432 1043 4486">
    <p class='ocr_par' dir='ltr' id='par_1_59' title="bbox 326 4432 1043 4486">
     <span class='ocr_line' id='line_1_61' title="bbox 326 4432 1043 4486; baseline -0.003 -4"><span class='ocrx_word' id='word_1_343' title='bbox 326 4436 480 4483; x_wconf 84' lang='lat' dir='ltr'><strong>Anna</strong></span> <span class='ocrx_word' id='word_1_344' title='bbox 509 4433 614 4482; x_wconf 86' lang='lat' dir='ltr'><strong>ﬁlia</strong></span> <span class='ocrx_word' id='word_1_345' title='bbox 645 4432 898 4486; x_wconf 87' lang='lat' dir='ltr'><strong>Phanuel,</strong></span> <span class='ocrx_word' id='word_1_346' title='bbox 937 4436 1043 4483; x_wconf 89' lang='lat'><strong>364.</strong></span> 
     </span>
    </p>
   </div>
   <div class='ocr_carea' id='block_1_60' title="bbox 323 4496 1246 4550">
    <p class='ocr_par' dir='ltr' id='par_1_60' title="bbox 323 4496 1246 4550">
     <span class='ocr_line' id='line_1_62' title="bbox 323 4496 1246 4550; baseline 0.005 -5"><span class='ocrx_word' id='word_1_347' title='bbox 323 4496 758 4546; x_wconf 87' lang='lat' dir='ltr'><strong>Annuntiationis</strong></span> <span class='ocrx_word' id='word_1_348' title='bbox 789 4497 1002 4550; x_wconf 86' lang='lat' dir='ltr'><strong>festum,</strong></span> <span class='ocrx_word' id='word_1_349' title='bbox 1031 4499 1139 4546; x_wconf 88' lang='lat'><strong>334.</strong></span> <span class='ocrx_word' id='word_1_350' title='bbox 1232 4542 1246 4550; x_wconf 92' lang='lat'><strong>.</strong></span> 
     </span>
    </p>
   </div>
   <div class='ocr_carea' id='block_1_61' title="bbox 330 4558 1906 4624">
    <p class='ocr_par' dir='ltr' id='par_1_61' title="bbox 330 4558 1906 4624">
     <span class='ocr_line' id='line_1_63' title="bbox 330 4558 1906 4624; baseline 0.001 -16"><span class='ocrx_word' id='word_1_351' title='bbox 330 4560 566 4608; x_wconf 74' lang='lat' dir='ltr'><strong>Anomasi</strong></span> <span class='ocrx_word' id='word_1_352' title='bbox 611 4562 802 4620; x_wconf 89' lang='lat' dir='ltr'><strong>putant</strong></span> <span class='ocrx_word' id='word_1_353' title='bbox 831 4572 886 4607; x_wconf 90' lang='lat' dir='ltr'><strong>se</strong></span> <span class='ocrx_word' id='word_1_354' title='bbox 920 4558 1085 4608; x_wconf 88' lang='lat' dir='ltr'><strong>Deum</strong></span> <span class='ocrx_word' id='word_1_355' title='bbox 1123 4573 1298 4620; x_wconf 85' lang='lat' dir='ltr'><strong>nosse,</strong></span> <span class='ocrx_word' id='word_1_356' title='bbox 1349 4565 1406 4611; x_wconf 91' lang='lat' dir='ltr'><strong>ut</strong></span> <span class='ocrx_word' id='word_1_357' title='bbox 1435 4561 1549 4624; x_wconf 86' lang='lat' dir='ltr'><strong>ipse</strong></span> <span class='ocrx_word' id='word_1_358' title='bbox 1595 4574 1709 4609; x_wconf 86' lang='lat' dir='ltr'><strong>sese</strong></span> <span class='ocrx_word' id='word_1_359' title='bbox 1738 4561 1906 4620; x_wconf 86' lang='lat' dir='ltr'><strong>novit,</strong></span> 
     </span>
    </p>
   </div>
   <div class='ocr_carea' id='block_1_62' title="bbox 259 4624 610 4684">
    <p class='ocr_par' dir='ltr' id='par_1_62' title="bbox 259 4624 610 4684">
     <span class='ocr_line' id='line_1_64' title="bbox 259 4624 610 4684; baseline -0.006 -14"><span class='ocrx_word' id='word_1_360' title='bbox 259 4624 347 4670; x_wconf 87' lang='lat'><strong>407</strong></span> <span class='ocrx_word' id='word_1_361' title='bbox 379 4625 431 4670; x_wconf 88' lang='lat' dir='ltr'><strong>et</strong></span> <span class='ocrx_word' id='word_1_362' title='bbox 460 4634 610 4684; x_wconf 87' lang='lat' dir='ltr'><strong>seqq.</strong></span> 
     </span>
    </p>
   </div>
   <div class='ocr_carea' id='block_1_63' title="bbox 323 4683 1906 4746">
    <p class='ocr_par' dir='ltr' id='par_1_63' title="bbox 323 4683 1906 4746">
     <span class='ocr_line' id='line_1_65' title="bbox 323 4683 1906 4746; baseline 0.001 -13"><span class='ocrx_word' id='word_1_363' title='bbox 323 4683 633 4746; x_wconf 89' lang='lat' dir='ltr'><strong>Antichristi</strong></span> <span class='ocrx_word' id='word_1_364' title='bbox 660 4685 818 4741; x_wconf 68' lang='lat' dir='ltr'><strong>notas,</strong></span> <span class='ocrx_word' id='word_1_365' title='bbox 849 4684 957 4746; x_wconf 81' lang='grc'><strong>240.</strong></span> <span class='ocrx_word' id='word_1_366' title='bbox 985 4683 1343 4735; x_wconf 80' lang='lat' dir='ltr'><strong>Antichristus</strong></span> <span class='ocrx_word' id='word_1_367' title='bbox 1369 4690 1448 4736; x_wconf 87' lang='lat' dir='ltr'><strong>est</strong></span> <span class='ocrx_word' id='word_1_368' title='bbox 1469 4686 1637 4736; x_wconf 88' lang='lat' dir='ltr'><strong>bestia</strong></span> <span class='ocrx_word' id='word_1_369' title='bbox 1654 4685 1906 4746; x_wconf 88' lang='lat' dir='ltr'><strong>Danielis,</strong></span> 
     </span>
    </p>
   </div>
   <div class='ocr_carea' id='block_1_64' title="bbox 257 4744 1498 4808">
    <p class='ocr_par' dir='ltr' id='par_1_64' title="bbox 257 4744 1498 4808">
     <span class='ocr_line' id='line_1_66' title="bbox 257 4744 1498 4808; baseline 0.002 -13"><span class='ocrx_word' id='word_1_370' title='bbox 257 4747 366 4795; x_wconf 87' lang='lat'><strong>253.</strong></span> <span class='ocrx_word' id='word_1_371' title='bbox 397 4745 750 4795; x_wconf 88' lang='lat' dir='ltr'><strong>Antichristus</strong></span> <span class='ocrx_word' id='word_1_372' title='bbox 780 4744 1084 4808; x_wconf 12' lang='lat' dir='ltr'><strong>exiGalilaaa</strong></span> <span class='ocrx_word' id='word_1_373' title='bbox 1110 4747 1358 4808; x_wconf 89' lang='lat' dir='ltr'><strong>prodibit,</strong></span> <span class='ocrx_word' id='word_1_374' title='bbox 1389 4752 1498 4798; x_wconf 87' lang='lat'><strong>241.</strong></span> 
     </span>
    </p>
   </div>
   <div class='ocr_carea' id='block_1_65' title="bbox 320 4807 1909 4867">
    <p class='ocr_par' dir='ltr' id='par_1_65' title="bbox 320 4807 1909 4867">
     <span class='ocr_line' id='line_1_67' title="bbox 320 4807 1909 4867; baseline 0.003 -11"><span class='ocrx_word' id='word_1_375' title='bbox 320 4809 613 4857; x_wconf 84' lang='lat' dir='ltr'><strong>Antiochus</strong></span> <span class='ocrx_word' id='word_1_376' title='bbox 653 4808 761 4855; x_wconf 89' lang='lat' dir='ltr'><strong>adit</strong></span> <span class='ocrx_word' id='word_1_377' title='bbox 791 4807 1155 4867; x_wconf 87' lang='lat' dir='ltr'><strong>Athanasium,</strong></span> <span class='ocrx_word' id='word_1_378' title='bbox 1189 4813 1295 4860; x_wconf 90' lang='lat'><strong>202.</strong></span> <span class='ocrx_word' id='word_1_379' title='bbox 1336 4811 1678 4860; x_wconf 86' lang='lat' dir='ltr'><strong>Monasticam</strong></span> <span class='ocrx_word' id='word_1_380' title='bbox 1709 4811 1909 4867; x_wconf 88' lang='lat' dir='ltr'><strong>ample-</strong></span> 
     </span>
    </p>
   </div>
   <div class='ocr_carea' id='block_1_66' title="bbox 257 4825 1910 4936">
    <p class='ocr_par' dir='ltr' id='par_1_66' title="bbox 257 4825 1910 4936">
     <span class='ocr_line' id='line_1_68' title="bbox 320 4825 1909 4910; baseline 0.003 -54"><span class='ocrx_word' id='word_1_381' title='bbox 320 4825 613 4857; x_wconf 72' lang='grc' dir='ltr'><strong>Λυῐιοοηυε</strong></span> <span class='ocrx_word' id='word_1_382' title='bbox 653 4825 761 4855; x_wconf 74' lang='grc' dir='ltr'><strong>8οη</strong></span> <span class='ocrx_word' id='word_1_383' title='bbox 791 4825 1155 4867; x_wconf 79' lang='lat' dir='ltr'><strong>Atnanaslum,</strong></span> <span class='ocrx_word' id='word_1_384' title='bbox 1189 4825 1295 4860; x_wconf 71' lang='lat' dir='ltr'><strong>ZUZ.</strong></span> <span class='ocrx_word' id='word_1_385' title='bbox 1336 4825 1678 4860; x_wconf 82' lang='lat' dir='ltr'><strong>monasucam</strong></span> <span class='ocrx_word' id='word_1_386' title='bbox 1709 4825 1909 4910; x_wconf 62' lang='lat' dir='ltr'><strong>ample-</strong></span> 
     </span>
     <span class='ocr_line' id='line_1_69' title="bbox 257 4869 1910 4936; baseline 0.002 -17"><span class='ocrx_word' id='word_1_387' title='bbox 257 4872 418 4920; x_wconf 85' lang='lat' dir='ltr'><strong>ctitur</strong></span> <span class='ocrx_word' id='word_1_388' title='bbox 453 4873 634 4926; x_wconf 83' lang='lat' dir='ltr'><strong>vitam,</strong></span> <span class='ocrx_word' id='word_1_389' title='bbox 668 4872 774 4919; x_wconf 90' lang='lat'><strong>202.</strong></span> <span class='ocrx_word' id='word_1_390' title='bbox 821 4869 1021 4920; x_wconf 85' lang='lat' dir='ltr'><strong>Monita</strong></span> <span class='ocrx_word' id='word_1_391' title='bbox 1055 4873 1248 4936; x_wconf 87' lang='lat' dir='ltr'><strong>accipit</strong></span> <span class='ocrx_word' id='word_1_392' title='bbox 1289 4875 1356 4922; x_wconf 93' lang='lat' dir='ltr'><strong>ab</strong></span> <span class='ocrx_word' id='word_1_393' title='bbox 1393 4874 1700 4933; x_wconf 87' lang='lat' dir='ltr'><strong>Athanasio,</strong></span> <span class='ocrx_word' id='word_1_394' title='bbox 1735 4879 1826 4924; x_wconf 88' lang='grc' dir='ltr'><strong>2ο..</strong></span> <span class='ocrx_word' id='word_1_395' title='bbox 1855 4878 1910 4923; x_wconf 90' lang='lat' dir='ltr'><strong>et</strong></span> 
     </span>
    </p>
   </div>
   <div class='ocr_carea' id='block_1_67' title="bbox 257 4948 409 4984">
    <p class='ocr_par' dir='ltr' id='par_1_67' title="bbox 257 4948 409 4984">
     <span class='ocr_line' id='line_1_70' title="bbox 257 4948 409 4984; baseline 0.026 -3"><span class='ocrx_word' id='word_1_396' title='bbox 257 4948 409 4984; x_wconf 74' lang='grc' dir='ltr'><strong>εθαα.</strong></span> 
     </span>
    </p>
   </div>
   <div class='ocr_carea' id='block_1_68' title="bbox 320 4948 1363 5067">
    <p class='ocr_par' dir='ltr' id='par_1_68' title="bbox 320 4948 1363 5067">
     <span class='ocr_line' id='line_1_71' title="bbox 320 4948 1363 5067; baseline 0.003 -23"><span class='ocrx_word' id='word_1_397' title='bbox 320 4948 882 5067; x_wconf 47' lang='grc' dir='ltr'><strong>ᾏίέιίὴνᾳροφοςριῄῳ</strong></span> <span class='ocrx_word' id='word_1_398' title='bbox 913 5001 1224 5067; x_wconf 81' lang='lat' dir='ltr'><strong>carpuntur,</strong></span> <span class='ocrx_word' id='word_1_399' title='bbox 1255 5001 1363 5067; x_wconf 82' lang='lat'><strong>537.</strong></span> 
     </span>
    </p>
   </div>
   <div class='ocr_carea' id='block_1_69' title="bbox 319 5059 1904 5122">
    <p class='ocr_par' dir='ltr' id='par_1_69' title="bbox 319 5059 1904 5122">
     <span class='ocr_line' id='line_1_72' title="bbox 319 5059 1904 5122; baseline 0.001 -15"><span class='ocrx_word' id='word_1_400' title='bbox 319 5059 666 5122; x_wconf 79' lang='lat' dir='ltr'><strong>Apocalypsis</strong></span> <span class='ocrx_word' id='word_1_401' title='bbox 695 5059 772 5122; x_wconf 73' lang='lat' dir='ltr'><strong>in_</strong></span> <span class='ocrx_word' id='word_1_402' title='bbox 791 5059 969 5122; x_wconf 80' lang='lat' dir='ltr'><strong>Patmo</strong></span> <span class='ocrx_word' id='word_1_403' title='bbox 1004 5059 1175 5107; x_wconf 89' lang='lat' dir='ltr'><strong>insula</strong></span> <span class='ocrx_word' id='word_1_404' title='bbox 1202 5062 1399 5122; x_wconf 91' lang='lat' dir='ltr'><strong>scripta</strong></span> <span class='ocrx_word' id='word_1_405' title='bbox 1427 5064 1527 5118; x_wconf 87' lang='lat' dir='ltr'><strong>est,</strong></span> <span class='ocrx_word' id='word_1_406' title='bbox 1560 5062 1664 5110; x_wconf 88' lang='lat'><strong>153.</strong></span> <span class='ocrx_word' id='word_1_407' title='bbox 1702 5060 1904 5122; x_wconf 88' lang='lat' dir='ltr'><strong>Apoca-</strong></span> 
     </span>
    </p>
   </div>
   <div class='ocr_carea' id='block_1_70' title="bbox 258 5119 1906 5186">
    <p class='ocr_par' dir='ltr' id='par_1_70' title="bbox 258 5119 1906 5186">
     <span class='ocr_line' id='line_1_73' title="bbox 258 5119 1906 5186; baseline 0.002 -18"><span class='ocrx_word' id='word_1_408' title='bbox 258 5119 422 5184; x_wconf 82' lang='lat' dir='ltr'><strong>lypsis</strong></span> <span class='ocrx_word' id='word_1_409' title='bbox 471 5119 693 5171; x_wconf 71' lang='lat' dir='ltr'><strong>Joannis</strong></span> <span class='ocrx_word' id='word_1_410' title='bbox 719 5119 969 5181; x_wconf 82' lang='lat' dir='ltr'><strong>Theologi</strong></span> <span class='ocrx_word' id='word_1_411' title='bbox 1010 5135 1042 5169; x_wconf 88' lang='lat' dir='ltr'><strong>a</strong></span> <span class='ocrx_word' id='word_1_412' title='bbox 1069 5124 1270 5172; x_wconf 81' lang='lat' dir='ltr'><strong>sanctis</strong></span> <span class='ocrx_word' id='word_1_413' title='bbox 1309 5119 1560 5173; x_wconf 55' lang='lat' dir='ltr'><strong>&#39;Patribus</strong></span> <span class='ocrx_word' id='word_1_414' title='bbox 1593 5119 1906 5186; x_wconf 79' lang='lat' dir='ltr'><strong>approbata,</strong></span> 
     </span>
    </p>
   </div>
   <div class='ocr_carea' id='block_1_71' title="bbox 319 5243 1271 5309">
    <p class='ocr_par' dir='ltr' id='par_1_71' title="bbox 319 5243 1271 5309">
     <span class='ocr_line' id='line_1_74' title="bbox 319 5243 1271 5309; baseline 0.001 -14"><span class='ocrx_word' id='word_1_415' title='bbox 319 5244 637 5309; x_wconf 77' lang='lat' dir='ltr'><strong>Apocrypha</strong></span> <span class='ocrx_word' id='word_1_416' title='bbox 667 5258 774 5294; x_wconf 90' lang='lat' dir='ltr'><strong>non</strong></span> <span class='ocrx_word' id='word_1_417' title='bbox 807 5243 1130 5309; x_wconf 85' lang='lat' dir='ltr'><strong>damnanda,</strong></span> <span class='ocrx_word' id='word_1_418' title='bbox 1163 5248 1271 5296; x_wconf 89' lang='lat'><strong>642.</strong></span> 
     </span>
    </p>
   </div>
   <div class='ocr_carea' id='block_1_72' title="bbox 317 5307 1684 5378">
    <p class='ocr_par' dir='ltr' id='par_1_72' title="bbox 317 5307 1684 5378">
     <span class='ocr_line' id='line_1_75' title="bbox 317 5307 1684 5378; baseline 0.002 -23"><span class='ocrx_word' id='word_1_419' title='bbox 317 5307 622 5378; x_wconf 47' lang='lat' dir='ltr'><strong>Apocr‘yphi</strong></span> <span class='ocrx_word' id='word_1_420' title='bbox 647 5321 747 5378; x_wconf 84' lang='lat' dir='ltr'><strong>nec</strong></span> <span class='ocrx_word' id='word_1_421' title='bbox 777 5307 1061 5378; x_wconf 76' lang='lat' dir='ltr'><strong>approbati</strong></span> <span class='ocrx_word' id='word_1_422' title='bbox 1086 5322 1186 5378; x_wconf 86' lang='lat' dir='ltr'><strong>nec</strong></span> <span class='ocrx_word' id='word_1_423' title='bbox 1218 5310 1374 5378; x_wconf 77' lang='lat' dir='ltr'><strong>utiles</strong></span> <span class='ocrx_word' id='word_1_424' title='bbox 1403 5314 1545 5368; x_wconf 87' lang='lat' dir='ltr'><strong>sunt,</strong></span> <span class='ocrx_word' id='word_1_425' title='bbox 1580 5313 1684 5360; x_wconf 89' lang='lat'><strong>155.</strong></span> 
     </span>
    </p>
   </div>
   <div class='ocr_carea' id='block_1_73' title="bbox 316 5371 1909 5444">
    <p class='ocr_par' dir='ltr' id='par_1_73' title="bbox 316 5371 1909 5444">
     <span class='ocr_line' id='line_1_76' title="bbox 316 5371 1909 5444; baseline 0.003 -26"><span class='ocrx_word' id='word_1_426' title='bbox 316 5371 624 5444; x_wconf 70' lang='lat' dir='ltr'><strong>Apollinarii</strong></span> <span class='ocrx_word' id='word_1_427' title='bbox 646 5371 904 5444; x_wconf 58' lang='lat' dir='ltr'><strong>doctrina</strong></span> <span class='ocrx_word' id='word_1_428' title='bbox 935 5372 1256 5444; x_wconf 79' lang='lat' dir='ltr'><strong>confutatur,</strong></span> <span class='ocrx_word' id='word_1_429' title='bbox 1288 5375 1376 5421; x_wconf 86' lang='lat'><strong>458</strong></span> <span class='ocrx_word' id='word_1_430' title='bbox 1418 5378 1471 5422; x_wconf 90' lang='lat' dir='ltr'><strong>et</strong></span> <span class='ocrx_word' id='word_1_431' title='bbox 1494 5385 1656 5444; x_wconf 62' lang='lat' dir='ltr'><strong>seqq.</strong></span> <span class='ocrx_word' id='word_1_432' title='bbox 1694 5373 1909 5423; x_wconf 86' lang='lat' dir='ltr'><strong>Dicebat</strong></span> 
     </span>
    </p>
   </div>
   <div class='ocr_carea' id='block_1_74' title="bbox 254 5433 1904 5496">
    <p class='ocr_par' dir='ltr' id='par_1_74' title="bbox 254 5433 1904 5496">
     <span class='ocr_line' id='line_1_77' title="bbox 254 5433 1904 5496; baseline 0.002 -14"><span class='ocrx_word' id='word_1_433' title='bbox 254 5433 613 5496; x_wconf 82' lang='lat' dir='ltr'><strong>Apollinarius</strong></span> <span class='ocrx_word' id='word_1_434' title='bbox 641 5433 905 5496; x_wconf 86' lang='lat' dir='ltr'><strong>Christum</strong></span> <span class='ocrx_word' id='word_1_435' title='bbox 932 5445 1038 5496; x_wconf 83' lang='lat' dir='ltr'><strong>non</strong></span> <span class='ocrx_word' id='word_1_436' title='bbox 1070 5433 1384 5488; x_wconf 87' lang='lat' dir='ltr'><strong>humanum.</strong></span> <span class='ocrx_word' id='word_1_437' title='bbox 1418 5436 1508 5484; x_wconf 91' lang='lat' dir='ltr'><strong>sed</strong></span> <span class='ocrx_word' id='word_1_438' title='bbox 1532 5433 1768 5484; x_wconf 88' lang='lat' dir='ltr'><strong>divinum</strong></span> <span class='ocrx_word' id='word_1_439' title='bbox 1792 5451 1904 5485; x_wconf 84' lang='lat' dir='ltr'><strong>cor-</strong></span> 
     </span>
    </p>
   </div>
   <div class='ocr_carea' id='block_1_75' title="bbox 254 5495 1905 5606">
    <p class='ocr_par' dir='ltr' id='par_1_75' title="bbox 254 5495 1905 5606">
     <span class='ocr_line' id='line_1_78' title="bbox 254 5495 1905 5606; baseline 0.002 -62"><span class='ocrx_word' id='word_1_440' title='bbox 254 5495 354 5559; x_wconf 87' lang='lat' dir='ltr'><strong>pus</strong></span> <span class='ocrx_word' id='word_1_441' title='bbox 385 5497 655 5606; x_wconf 45' lang='lat' dir='ltr'><strong>bilggisse,</strong></span> <span class='ocrx_word' id='word_1_442' title='bbox 686 5497 794 5546; x_wconf 82' lang='lat'><strong>458.</strong></span> <span class='ocrx_word' id='word_1_443' title='bbox 844 5495 1072 5543; x_wconf 81' lang='lat' dir='ltr'><strong>Verbum</strong></span> <span class='ocrx_word' id='word_1_444' title='bbox 1125 5498 1238 5546; x_wconf 87' lang='lat' dir='ltr'><strong>vice</strong></span> <span class='ocrx_word' id='word_1_445' title='bbox 1278 5499 1468 5548; x_wconf 68' lang='lat' dir='ltr'><strong>animae</strong></span> <span class='ocrx_word' id='word_1_446' title='bbox 1499 5498 1662 5547; x_wconf 83' lang='lat' dir='ltr'><strong>fuisse</strong></span> <span class='ocrx_word' id='word_1_447' title='bbox 1713 5500 1765 5546; x_wconf 89' lang='lat' dir='ltr'><strong>in</strong></span> <span class='ocrx_word' id='word_1_448' title='bbox 1795 5513 1905 5548; x_wconf 91' lang='lat' dir='ltr'><strong>cor-</strong></span> 
     </span>
     <span class='ocr_line' id='line_1_79' title="bbox 254 5573 541 5606; baseline 0 0"><span class='ocrx_word' id='word_1_449' title='bbox 254 5573 398 5606; x_wconf 72' lang='lat' dir='ltr'><strong>pore.</strong></span> <span class='ocrx_word' id='word_1_450' title='bbox 500 5595 541 5606; x_wconf 90' lang='lat'><strong>..</strong></span> 
     </span>
    </p>
   </div>
   <div class='ocr_carea' id='block_1_76' title="bbox 269 5562 541 5612">
    <p class='ocr_par' dir='ltr' id='par_1_76' title="bbox 269 5562 541 5612">
     <span class='ocr_line' id='line_1_80' title="bbox 269 5562 541 5612; baseline 0.004 -7"><span class='ocrx_word' id='word_1_451' title='bbox 269 5573 398 5612; x_wconf 62' lang='lat' dir='ltr'><strong>lore,</strong></span> <span class='ocrx_word' id='word_1_452' title='bbox 435 5562 541 5608; x_wconf 69' lang='grc'><strong>459.</strong></span> 
     </span>
    </p>
   </div>
   <div class='ocr_carea' id='block_1_77' title="bbox 253 5576 1280 5683">
    <p class='ocr_par' dir='ltr' id='par_1_77' title="bbox 253 5576 1280 5683">
     <span class='ocr_line' id='line_1_81' title="bbox 253 5576 541 5622; baseline 0.003 -17"><span class='ocrx_word' id='word_1_453' title='bbox 253 5576 398 5622; x_wconf 83' lang='lat' dir='ltr'><strong>pore,</strong></span> <span class='ocrx_word' id='word_1_454' title='bbox 435 5576 541 5608; x_wconf 71' lang='lat'><strong>459.</strong></span> 
     </span>
     <span class='ocr_line' id='line_1_82' title="bbox 316 5621 1280 5683; baseline 0 -13"><span class='ocrx_word' id='word_1_455' title='bbox 316 5621 704 5683; x_wconf 69' lang='lat' dir='ltr'><strong>Apollinaristaa</strong></span> <span class='ocrx_word' id='word_1_456' title='bbox 725 5621 1142 5683; x_wconf 76' lang='lat' dir='ltr'><strong>impugnantur,</strong></span> <span class='ocrx_word' id='word_1_457' title='bbox 1177 5623 1280 5670; x_wconf 89' lang='lat'><strong>188.</strong></span> 
     </span>
    </p>
   </div>
   <div class='ocr_carea' id='block_1_78' title="bbox 316 5681 1163 5746">
    <p class='ocr_par' dir='ltr' id='par_1_78' title="bbox 316 5681 1163 5746">
     <span class='ocr_line' id='line_1_83' title="bbox 316 5681 1163 5746; baseline 0.002 -16"><span class='ocrx_word' id='word_1_458' title='bbox 316 5681 481 5746; x_wconf 54' lang='grc' dir='ltr'><strong>’Χμφώ</strong></span> <span class='ocrx_word' id='word_1_459' title='bbox 511 5697 613 5732; x_wconf 82' lang='lat' dir='ltr'><strong>vox</strong></span> <span class='ocrx_word' id='word_1_460' title='bbox 644 5681 772 5746; x_wconf 87' lang='lat' dir='ltr'><strong>quid</strong></span> <span class='ocrx_word' id='word_1_461' title='bbox 802 5681 1080 5746; x_wconf 75' lang='lat' dir='ltr'><strong>signiﬁcat,</strong></span> <span class='ocrx_word' id='word_1_462' title='bbox 1118 5686 1163 5732; x_wconf 90' lang='lat'><strong>5.</strong></span> 
     </span>
    </p>
   </div>
   <div class='ocr_carea' id='block_1_79' title="bbox 323 5744 1905 5808">
    <p class='ocr_par' dir='ltr' id='par_1_79' title="bbox 323 5744 1905 5808">
     <span class='ocr_line' id='line_1_84' title="bbox 323 5744 1905 5808; baseline 0.001 -13"><span class='ocrx_word' id='word_1_463' title='bbox 323 5744 525 5808; x_wconf 71' lang='lat' dir='ltr'><strong>Aquilaa</strong></span> <span class='ocrx_word' id='word_1_464' title='bbox 556 5745 727 5792; x_wconf 89' lang='lat' dir='ltr'><strong>versio</strong></span> <span class='ocrx_word' id='word_1_465' title='bbox 757 5744 856 5791; x_wconf 90' lang='lat' dir='ltr'><strong>sub</strong></span> <span class='ocrx_word' id='word_1_466' title='bbox 889 5744 1172 5803; x_wconf 85' lang='lat' dir='ltr'><strong>Hadriano,</strong></span> <span class='ocrx_word' id='word_1_467' title='bbox 1200 5749 1288 5796; x_wconf 83' lang='lat'><strong>330</strong></span> <span class='ocrx_word' id='word_1_468' title='bbox 1313 5751 1433 5808; x_wconf 89' lang='lat' dir='ltr'><strong>post</strong></span> <span class='ocrx_word' id='word_1_469' title='bbox 1455 5747 1575 5797; x_wconf 83' lang='lat' dir='ltr'><strong>LXX</strong></span> <span class='ocrx_word' id='word_1_470' title='bbox 1605 5747 1905 5797; x_wconf 85' lang='lat' dir='ltr'><strong>versionem</strong></span> 
     </span>
    </p>
   </div>
   <div class='ocr_carea' id='block_1_80' title="bbox 260 5809 576 5856">
    <p class='ocr_par' dir='ltr' id='par_1_80' title="bbox 260 5809 576 5856">
     <span class='ocr_line' id='line_1_85' title="bbox 260 5809 576 5856; baseline 0.003 -2"><span class='ocrx_word' id='word_1_471' title='bbox 260 5809 430 5856; x_wconf 88' lang='lat' dir='ltr'><strong>annis.</strong></span> <span class='ocrx_word' id='word_1_472' title='bbox 473 5811 576 5855; x_wconf 82' lang='lat'><strong>155.</strong></span> 
     </span>
    </p>
   </div>
   <div class='ocr_carea' id='block_1_81' title="bbox 326 5866 1899 5932">
    <p class='ocr_par' dir='ltr' id='par_1_81' title="bbox 326 5866 1899 5932">
     <span class='ocr_line' id='line_1_86' title="bbox 326 5866 1899 5932; baseline 0.002 -16"><span class='ocrx_word' id='word_1_473' title='bbox 326 5869 516 5927; x_wconf 83' lang='lat' dir='ltr'><strong>Aquila</strong></span> <span class='ocrx_word' id='word_1_474' title='bbox 531 5867 799 5925; x_wconf 81' lang='lat' dir='ltr'><strong>Ponticus,</strong></span> <span class='ocrx_word' id='word_1_475' title='bbox 819 5866 990 5926; x_wconf 91' lang='lat' dir='ltr'><strong>primo</strong></span> <span class='ocrx_word' id='word_1_476' title='bbox 1007 5869 1235 5930; x_wconf 80' lang='lat' dir='ltr'><strong>gentilis,</strong></span> <span class='ocrx_word' id='word_1_477' title='bbox 1251 5876 1370 5932; x_wconf 88' lang='lat' dir='ltr'><strong>post</strong></span> <span class='ocrx_word' id='word_1_478' title='bbox 1383 5871 1730 5929; x_wconf 88' lang='lat' dir='ltr'><strong>Christianus,</strong></span> <span class='ocrx_word' id='word_1_479' title='bbox 1754 5872 1899 5922; x_wconf 85' lang='lat' dir='ltr'><strong>exin-</strong></span> 
     </span>
    </p>
   </div>
   <div class='ocr_carea' id='block_1_82' title="bbox 2003 995 3183 1058">
    <p class='ocr_par' dir='ltr' id='par_1_82' title="bbox 2003 995 3183 1058">
     <span class='ocr_line' id='line_1_87' title="bbox 2003 995 3183 1058; baseline 0.001 -13"><span class='ocrx_word' id='word_1_480' title='bbox 2003 996 2069 1045; x_wconf 87' lang='lat' dir='ltr'><strong>de</strong></span> <span class='ocrx_word' id='word_1_481' title='bbox 2098 995 2331 1054; x_wconf 65' lang='lat' dir='ltr'><strong>Judaeus,</strong></span> <span class='ocrx_word' id='word_1_482' title='bbox 2362 999 2468 1046; x_wconf 86' lang='lat'><strong>155.</strong></span> <span class='ocrx_word' id='word_1_483' title='bbox 2497 997 2666 1045; x_wconf 89' lang='lat' dir='ltr'><strong>Vertit</strong></span> <span class='ocrx_word' id='word_1_484' title='bbox 2696 997 3043 1058; x_wconf 88' lang='lat' dir='ltr'><strong>Scripturam,</strong></span> <span class='ocrx_word' id='word_1_485' title='bbox 3082 1001 3183 1047; x_wconf 87' lang='grc'><strong>155.</strong></span> 
     </span>
    </p>
   </div>
   <div class='ocr_carea' id='block_1_83' title="bbox 2067 1059 3034 1118">
    <p class='ocr_par' dir='ltr' id='par_1_83' title="bbox 2067 1059 3034 1118">
     <span class='ocr_line' id='line_1_88' title="bbox 2067 1059 3034 1118; baseline 0.002 -12"><span class='ocrx_word' id='word_1_486' title='bbox 2067 1059 2355 1107; x_wconf 88' lang='lat' dir='ltr'><strong>Arbitrium</strong></span> <span class='ocrx_word' id='word_1_487' title='bbox 2390 1059 2620 1108; x_wconf 86' lang='lat' dir='ltr'><strong>hominis</strong></span> <span class='ocrx_word' id='word_1_488' title='bbox 2649 1060 2898 1118; x_wconf 89' lang='lat' dir='ltr'><strong>liberum,</strong></span> <span class='ocrx_word' id='word_1_489' title='bbox 2925 1061 3034 1108; x_wconf 88' lang='lat'><strong>517.</strong></span> 
     </span>
    </p>
   </div>
   <div class='ocr_carea' id='block_1_84' title="bbox 2066 1121 3464 1184">
    <p class='ocr_par' dir='ltr' id='par_1_84' title="bbox 2066 1121 3464 1184">
     <span class='ocr_line' id='line_1_89' title="bbox 2066 1121 3464 1184; baseline 0 -15"><span class='ocrx_word' id='word_1_490' title='bbox 2066 1122 2279 1169; x_wconf 87' lang='lat' dir='ltr'><strong>Aridam</strong></span> <span class='ocrx_word' id='word_1_491' title='bbox 2308 1135 2532 1184; x_wconf 88' lang='lat' dir='ltr'><strong>manum</strong></span> <span class='ocrx_word' id='word_1_492' title='bbox 2563 1123 2834 1184; x_wconf 91' lang='lat' dir='ltr'><strong>quomodo</strong></span> <span class='ocrx_word' id='word_1_493' title='bbox 2865 1123 3073 1172; x_wconf 86' lang='lat' dir='ltr'><strong>sanavit</strong></span> <span class='ocrx_word' id='word_1_494' title='bbox 3100 1121 3357 1180; x_wconf 86' lang='lat' dir='ltr'><strong>Christus,</strong></span> <span class='ocrx_word' id='word_1_495' title='bbox 3386 1124 3464 1170; x_wconf 80' lang='lat'><strong>54.</strong></span> 
     </span>
    </p>
   </div>
   <div class='ocr_carea' id='block_1_85' title="bbox 2073 1183 3654 1244">
    <p class='ocr_par' dir='ltr' id='par_1_85' title="bbox 2073 1183 3654 1244">
     <span class='ocr_line' id='line_1_90' title="bbox 2073 1183 3654 1244; baseline 0.001 -12"><span class='ocrx_word' id='word_1_496' title='bbox 2073 1183 2403 1233; x_wconf 84' lang='lat' dir='ltr'><strong>Aristotelem</strong></span> <span class='ocrx_word' id='word_1_497' title='bbox 2438 1197 2544 1232; x_wconf 90' lang='lat' dir='ltr'><strong>non</strong></span> <span class='ocrx_word' id='word_1_498' title='bbox 2577 1183 2808 1234; x_wconf 79' lang='lat' dir='ltr'><strong>sectatur</strong></span> <span class='ocrx_word' id='word_1_499' title='bbox 2836 1186 3186 1244; x_wconf 86' lang='lat' dir='ltr'><strong>orthodoxus,</strong></span> <span class='ocrx_word' id='word_1_500' title='bbox 3217 1185 3305 1233; x_wconf 90' lang='lat' dir='ltr'><strong>sed</strong></span> <span class='ocrx_word' id='word_1_501' title='bbox 3357 1186 3654 1244; x_wconf 82' lang='lat' dir='ltr'><strong>veritatem,</strong></span> 
     </span>
    </p>
   </div>
   <div class='ocr_carea' id='block_1_86' title="bbox 2069 1307 3658 1370">
    <p class='ocr_par' dir='ltr' id='par_1_86' title="bbox 2069 1307 3658 1370">
     <span class='ocr_line' id='line_1_91' title="bbox 2069 1307 3658 1370; baseline 0 -13"><span class='ocrx_word' id='word_1_502' title='bbox 2069 1309 2173 1357; x_wconf 91' lang='lat' dir='ltr'><strong>Arii</strong></span> <span class='ocrx_word' id='word_1_503' title='bbox 2197 1307 2420 1370; x_wconf 82' lang='lat' dir='ltr'><strong>perﬁdia</strong></span> <span class='ocrx_word' id='word_1_504' title='bbox 2441 1309 2626 1357; x_wconf 67' lang='lat' dir='ltr'><strong>Nicaea:</strong></span> <span class='ocrx_word' id='word_1_505' title='bbox 2651 1309 2958 1367; x_wconf 90' lang='lat' dir='ltr'><strong>damnatur,</strong></span> <span class='ocrx_word' id='word_1_506' title='bbox 2978 1310 3089 1358; x_wconf 88' lang='lat'><strong>562.</strong></span> <span class='ocrx_word' id='word_1_507' title='bbox 3110 1308 3218 1357; x_wconf 88' lang='lat' dir='ltr'><strong>Arii</strong></span> <span class='ocrx_word' id='word_1_508' title='bbox 3241 1309 3522 1367; x_wconf 79' lang='lat' dir='ltr'><strong>sententia,</strong></span> <span class='ocrx_word' id='word_1_509' title='bbox 3545 1311 3658 1359; x_wconf 88' lang='lat'><strong>575.</strong></span> 
     </span>
    </p>
   </div>
   <div class='ocr_carea' id='block_1_87' title="bbox 2009 1371 3656 1434">
    <p class='ocr_par' dir='ltr' id='par_1_87' title="bbox 2009 1371 3656 1434">
     <span class='ocr_line' id='line_1_92' title="bbox 2009 1371 3656 1434; baseline 0.001 -15"><span class='ocrx_word' id='word_1_510' title='bbox 2009 1372 2096 1420; x_wconf 88' lang='lat' dir='ltr'><strong>Ait</strong></span> <span class='ocrx_word' id='word_1_511' title='bbox 2121 1371 2375 1434; x_wconf 86' lang='lat' dir='ltr'><strong>Spiritum</strong></span> <span class='ocrx_word' id='word_1_512' title='bbox 2399 1376 2641 1419; x_wconf 87' lang='lat' dir='ltr'><strong>sanctum</strong></span> <span class='ocrx_word' id='word_1_513' title='bbox 2673 1385 2786 1420; x_wconf 84' lang='lat' dir='ltr'><strong>esse</strong></span> <span class='ocrx_word' id='word_1_514' title='bbox 2817 1372 2889 1419; x_wconf 85' lang='lat' dir='ltr'><strong>Fil</strong></span> <span class='ocrx_word' id='word_1_515' title='bbox 2914 1386 2944 1420; x_wconf 91' lang='grc' dir='ltr'>ο</span> <span class='ocrx_word' id='word_1_516' title='bbox 2975 1375 3027 1420; x_wconf 90' lang='lat' dir='ltr'><strong>et</strong></span> <span class='ocrx_word' id='word_1_517' title='bbox 3050 1373 3200 1420; x_wconf 89' lang='lat' dir='ltr'><strong>Patre</strong></span> <span class='ocrx_word' id='word_1_518' title='bbox 3231 1371 3514 1429; x_wconf 75' lang='lat' dir='ltr'><strong>minorem,</strong></span> <span class='ocrx_word' id='word_1_519' title='bbox 3545 1375 3656 1423; x_wconf 84' lang='lat'><strong>590.</strong></span> 
     </span>
    </p>
   </div>
   <div class='ocr_carea' id='block_1_88' title="bbox 2004 1433 3658 1496">
    <p class='ocr_par' dir='ltr' id='par_1_88' title="bbox 2004 1433 3658 1496">
     <span class='ocr_line' id='line_1_93' title="bbox 2004 1433 3658 1496; baseline -0.001 -13"><span class='ocrx_word' id='word_1_520' title='bbox 2004 1433 2340 1488; x_wconf 86' lang='lat' dir='ltr'><strong>Confutatur,</strong></span> <span class='ocrx_word' id='word_1_521' title='bbox 2363 1437 2451 1483; x_wconf 87' lang='lat'><strong>590</strong></span> <span class='ocrx_word' id='word_1_522' title='bbox 2483 1438 2535 1481; x_wconf 90' lang='lat' dir='ltr'><strong>et</strong></span> <span class='ocrx_word' id='word_1_523' title='bbox 2565 1447 2709 1496; x_wconf 85' lang='lat' dir='ltr'><strong>seqq.</strong></span> <span class='ocrx_word' id='word_1_524' title='bbox 2747 1435 2832 1483; x_wconf 85' lang='lat' dir='ltr'><strong>Ait</strong></span> <span class='ocrx_word' id='word_1_525' title='bbox 2857 1448 2964 1482; x_wconf 89' lang='lat' dir='ltr'><strong>non</strong></span> <span class='ocrx_word' id='word_1_526' title='bbox 2988 1448 3101 1482; x_wconf 90' lang='lat' dir='ltr'><strong>esse</strong></span> <span class='ocrx_word' id='word_1_527' title='bbox 3126 1435 3310 1494; x_wconf 89' lang='lat' dir='ltr'><strong>Deum,</strong></span> <span class='ocrx_word' id='word_1_528' title='bbox 3333 1436 3441 1483; x_wconf 87' lang='lat'><strong>591.</strong></span> <span class='ocrx_word' id='word_1_529' title='bbox 3464 1435 3658 1482; x_wconf 87' lang='lat' dir='ltr'><strong>Confu-</strong></span> 
     </span>
    </p>
   </div>
   <div class='ocr_carea' id='block_1_89' title="bbox 2005 1496 3659 1558">
    <p class='ocr_par' dir='ltr' id='par_1_89' title="bbox 2005 1496 3659 1558">
     <span class='ocr_line' id='line_1_94' title="bbox 2005 1496 3659 1558; baseline 0.001 -14"><span class='ocrx_word' id='word_1_530' title='bbox 2005 1501 2166 1554; x_wconf 87' lang='lat' dir='ltr'><strong>tatur,</strong></span> <span class='ocrx_word' id='word_1_531' title='bbox 2199 1500 2282 1545; x_wconf 87' lang='lat'><strong>591</strong></span> <span class='ocrx_word' id='word_1_532' title='bbox 2311 1500 2363 1543; x_wconf 91' lang='lat' dir='ltr'><strong>et</strong></span> <span class='ocrx_word' id='word_1_533' title='bbox 2391 1509 2540 1558; x_wconf 89' lang='lat' dir='ltr'><strong>seqq.</strong></span> <span class='ocrx_word' id='word_1_534' title='bbox 2569 1499 2726 1545; x_wconf 90' lang='lat' dir='ltr'><strong>Arius</strong></span> <span class='ocrx_word' id='word_1_535' title='bbox 2755 1497 3079 1545; x_wconf 66' lang='lat' dir='ltr'><strong>Constantius</strong></span> <span class='ocrx_word' id='word_1_536' title='bbox 3110 1496 3575 1546; x_wconf 76' lang='lat' dir='ltr'><strong>commendatione</strong></span> <span class='ocrx_word' id='word_1_537' title='bbox 3592 1497 3659 1545; x_wconf 88' lang='lat' dir='ltr'><strong>ab</strong></span> 
     </span>
    </p>
   </div>
   <div class='ocr_carea' id='block_1_90' title="bbox 2007 1559 3658 1621">
    <p class='ocr_par' dir='ltr' id='par_1_90' title="bbox 2007 1559 3658 1621">
     <span class='ocr_line' id='line_1_95' title="bbox 2007 1559 3658 1621; baseline -0.001 -13"><span class='ocrx_word' id='word_1_538' title='bbox 2007 1559 2192 1608; x_wconf 85' lang='lat' dir='ltr'><strong>exsilio</strong></span> <span class='ocrx_word' id='word_1_539' title='bbox 2224 1559 2381 1618; x_wconf 89' lang='lat' dir='ltr'><strong>redit,</strong></span> <span class='ocrx_word' id='word_1_540' title='bbox 2413 1563 2521 1607; x_wconf 78' lang='lat'><strong>562.</strong></span> <span class='ocrx_word' id='word_1_541' title='bbox 2559 1559 2644 1607; x_wconf 88' lang='lat' dir='ltr'><strong>Ait</strong></span> <span class='ocrx_word' id='word_1_542' title='bbox 2682 1559 2868 1607; x_wconf 86' lang='lat' dir='ltr'><strong>Filium</strong></span> <span class='ocrx_word' id='word_1_543' title='bbox 2903 1573 3009 1607; x_wconf 90' lang='lat' dir='ltr'><strong>non</strong></span> <span class='ocrx_word' id='word_1_544' title='bbox 3043 1573 3156 1606; x_wconf 88' lang='lat' dir='ltr'><strong>esse</strong></span> <span class='ocrx_word' id='word_1_545' title='bbox 3189 1559 3447 1621; x_wconf 64' lang='lat' dir='ltr'><strong>aequalem</strong></span> <span class='ocrx_word' id='word_1_546' title='bbox 3498 1559 3658 1618; x_wconf 85' lang='lat' dir='ltr'><strong>Patri,</strong></span> 
     </span>
    </p>
   </div>
   <div class='ocr_carea' id='block_1_91' title="bbox 2011 1621 3658 1680">
    <p class='ocr_par' dir='ltr' id='par_1_91' title="bbox 2011 1621 3658 1680">
     <span class='ocr_line' id='line_1_96' title="bbox 2011 1621 3658 1680; baseline 0.001 -10"><span class='ocrx_word' id='word_1_547' title='bbox 2011 1625 2114 1670; x_wconf 89' lang='lat'><strong>161.</strong></span> <span class='ocrx_word' id='word_1_548' title='bbox 2141 1621 2327 1670; x_wconf 91' lang='lat' dir='ltr'><strong>Filium</strong></span> <span class='ocrx_word' id='word_1_549' title='bbox 2351 1634 2465 1669; x_wconf 88' lang='lat' dir='ltr'><strong>esse</strong></span> <span class='ocrx_word' id='word_1_550' title='bbox 2490 1634 2656 1670; x_wconf 87' lang='lat' dir='ltr'><strong>unum</strong></span> <span class='ocrx_word' id='word_1_551' title='bbox 2674 1635 2794 1670; x_wconf 91' lang='lat' dir='ltr'><strong>cum</strong></span> <span class='ocrx_word' id='word_1_552' title='bbox 2815 1623 2966 1670; x_wconf 84' lang='lat' dir='ltr'><strong>Patre</strong></span> <span class='ocrx_word' id='word_1_553' title='bbox 2985 1622 3290 1680; x_wconf 89' lang='lat' dir='ltr'><strong>concordia,</strong></span> <span class='ocrx_word' id='word_1_554' title='bbox 3314 1634 3422 1669; x_wconf 90' lang='lat' dir='ltr'><strong>non</strong></span> <span class='ocrx_word' id='word_1_555' title='bbox 3451 1626 3658 1680; x_wconf 87' lang='lat' dir='ltr'><strong>natura,</strong></span> 
     </span>
    </p>
   </div>
   <div class='ocr_carea' id='block_1_92' title="bbox 2009 1683 3663 1746">
    <p class='ocr_par' dir='ltr' id='par_1_92' title="bbox 2009 1683 3663 1746">
     <span class='ocr_line' id='line_1_97' title="bbox 2009 1683 3663 1746; baseline -0.001 -13"><span class='ocrx_word' id='word_1_556' title='bbox 2009 1687 2113 1733; x_wconf 87' lang='lat'><strong>161.</strong></span> <span class='ocrx_word' id='word_1_557' title='bbox 2172 1685 2296 1733; x_wconf 85' lang='lat' dir='ltr'><strong>Rem</strong></span> <span class='ocrx_word' id='word_1_558' title='bbox 2329 1688 2561 1732; x_wconf 87' lang='lat' dir='ltr'><strong>creatam</strong></span> <span class='ocrx_word' id='word_1_559' title='bbox 2615 1697 2751 1744; x_wconf 91' lang='lat' dir='ltr'><strong>esse,</strong></span> <span class='ocrx_word' id='word_1_560' title='bbox 2805 1687 2908 1733; x_wconf 90' lang='lat'><strong>163.</strong></span> <span class='ocrx_word' id='word_1_561' title='bbox 2961 1684 3016 1732; x_wconf 91' lang='lat' dir='ltr'><strong>Id</strong></span> <span class='ocrx_word' id='word_1_562' title='bbox 3068 1684 3293 1746; x_wconf 88' lang='lat' dir='ltr'><strong>probare</strong></span> <span class='ocrx_word' id='word_1_563' title='bbox 3341 1684 3532 1732; x_wconf 86' lang='lat' dir='ltr'><strong>nititur</strong></span> <span class='ocrx_word' id='word_1_564' title='bbox 3579 1683 3663 1732; x_wconf 89' lang='lat' dir='ltr'><strong>bis</strong></span> 
     </span>
    </p>
   </div>
   <div class='ocr_carea' id='block_1_93' title="bbox 2008 1746 3665 1804">
    <p class='ocr_par' dir='ltr' id='par_1_93' title="bbox 2008 1746 3665 1804">
     <span class='ocr_line' id='line_1_98' title="bbox 2008 1746 3665 1804; baseline 0.001 -10"><span class='ocrx_word' id='word_1_565' title='bbox 2008 1746 2218 1795; x_wconf 85' lang='lat' dir='ltr'><strong>verbis:</strong></span> <span class='ocrx_word' id='word_1_566' title='bbox 2266 1746 2516 1794; x_wconf 75' lang='lat' dir='ltr'><strong>Dominus</strong></span> <span class='ocrx_word' id='word_1_567' title='bbox 2563 1747 2756 1794; x_wconf 79' lang='lat' dir='ltr'><strong>creavit</strong></span> <span class='ocrx_word' id='word_1_568' title='bbox 2807 1761 2904 1804; x_wconf 88' lang='lat' dir='ltr'><strong>me,</strong></span> <span class='ocrx_word' id='word_1_569' title='bbox 2941 1749 3046 1797; x_wconf 88' lang='lat'><strong>163.</strong></span> <span class='ocrx_word' id='word_1_570' title='bbox 3097 1746 3435 1802; x_wconf 87' lang='lat' dir='ltr'><strong>Confutatur,</strong></span> <span class='ocrx_word' id='word_1_571' title='bbox 3495 1749 3582 1796; x_wconf 80' lang='lat'><strong>163</strong></span> <span class='ocrx_word' id='word_1_572' title='bbox 3611 1749 3665 1796; x_wconf 87' lang='lat' dir='ltr'><strong>et</strong></span> 
     </span>
    </p>
   </div>
   <div class='ocr_carea' id='block_1_94' title="bbox 2008 1823 3664 1983">
    <p class='ocr_par' dir='ltr' id='par_1_94' title="bbox 2008 1823 3664 1983">
     <span class='ocr_line' id='line_1_99' title="bbox 2008 1823 3664 1983; baseline 0 -64"><span class='ocrx_word' id='word_1_573' title='bbox 2008 1823 2225 1983; x_wconf 40' lang='grc' dir='ltr'><strong>ἓξὲξ-11η</strong></span> <span class='ocrx_word' id='word_1_574' title='bbox 2253 1870 2510 1920; x_wconf 87' lang='lat' dir='ltr'><strong>adversus</strong></span> <span class='ocrx_word' id='word_1_575' title='bbox 2532 1870 2818 1920; x_wconf 86' lang='lat' dir='ltr'><strong>Sabellium</strong></span> <span class='ocrx_word' id='word_1_576' title='bbox 2844 1874 3064 1934; x_wconf 85' lang='lat' dir='ltr'><strong>pugnat,</strong></span> <span class='ocrx_word' id='word_1_577' title='bbox 3098 1871 3204 1920; x_wconf 89' lang='lat'><strong>362.</strong></span> <span class='ocrx_word' id='word_1_578' title='bbox 3229 1869 3338 1920; x_wconf 79' lang='lat' dir='ltr'><strong>Arii</strong></span> <span class='ocrx_word' id='word_1_579' title='bbox 3365 1870 3472 1920; x_wconf 91' lang='lat' dir='ltr'><strong>duo</strong></span> <span class='ocrx_word' id='word_1_580' title='bbox 3495 1874 3664 1930; x_wconf 90' lang='lat' dir='ltr'><strong>erant,</strong></span> 
     </span>
    </p>
   </div>
   <div class='ocr_carea' id='block_1_95' title="bbox 2075 1994 3662 2057">
    <p class='ocr_par' dir='ltr' id='par_1_95' title="bbox 2075 1994 3662 2057">
     <span class='ocr_line' id='line_1_100' title="bbox 2075 1994 3662 2057; baseline 0 -13"><span class='ocrx_word' id='word_1_581' title='bbox 2075 1994 2257 2044; x_wconf 88' lang='lat' dir='ltr'><strong>Ariani</strong></span> <span class='ocrx_word' id='word_1_582' title='bbox 2287 1994 2662 2057; x_wconf 89' lang='lat' dir='ltr'><strong>blasphemant</strong></span> <span class='ocrx_word' id='word_1_583' title='bbox 2703 1995 2758 2043; x_wconf 91' lang='lat' dir='ltr'><strong>in</strong></span> <span class='ocrx_word' id='word_1_584' title='bbox 2785 1995 2997 2052; x_wconf 89' lang='lat' dir='ltr'><strong>Filium,</strong></span> <span class='ocrx_word' id='word_1_585' title='bbox 3031 1997 3103 2052; x_wconf 88' lang='lat'><strong>19,</strong></span> <span class='ocrx_word' id='word_1_586' title='bbox 3137 1996 3246 2044; x_wconf 89' lang='lat'><strong>232.</strong></span> <span class='ocrx_word' id='word_1_587' title='bbox 3280 1995 3459 2044; x_wconf 88' lang='lat' dir='ltr'><strong>Ariani</strong></span> <span class='ocrx_word' id='word_1_588' title='bbox 3488 1996 3662 2057; x_wconf 85' lang='lat' dir='ltr'><strong>impu-</strong></span> 
     </span>
    </p>
   </div>
   <div class='ocr_carea' id='block_1_96' title="bbox 2010 2057 3661 2121">
    <p class='ocr_par' dir='ltr' id='par_1_96' title="bbox 2010 2057 3661 2121">
     <span class='ocr_line' id='line_1_101' title="bbox 2010 2057 3661 2121; baseline 0 -15"><span class='ocrx_word' id='word_1_589' title='bbox 2010 2063 2260 2121; x_wconf 90' lang='lat' dir='ltr'><strong>gnantur,</strong></span> <span class='ocrx_word' id='word_1_590' title='bbox 2288 2060 2374 2106; x_wconf 86' lang='lat'><strong>183</strong></span> <span class='ocrx_word' id='word_1_591' title='bbox 2404 2063 2456 2106; x_wconf 94' lang='lat' dir='ltr'><strong>et</strong></span> <span class='ocrx_word' id='word_1_592' title='bbox 2483 2071 2632 2120; x_wconf 91' lang='lat' dir='ltr'><strong>seqq.</strong></span> <span class='ocrx_word' id='word_1_593' title='bbox 2658 2057 3165 2121; x_wconf 81' lang='lat' dir='ltr'><strong>Confutantur,545.</strong></span> <span class='ocrx_word' id='word_1_594' title='bbox 3201 2058 3520 2107; x_wconf 88' lang='lat' dir='ltr'><strong>Arianorum</strong></span> <span class='ocrx_word' id='word_1_595' title='bbox 3541 2071 3661 2107; x_wconf 85' lang='lat' dir='ltr'><strong>sen-</strong></span> 
     </span>
    </p>
   </div>
   <div class='ocr_carea' id='block_1_97' title="bbox 2010 2120 3562 2185">
    <p class='ocr_par' dir='ltr' id='par_1_97' title="bbox 2010 2120 3562 2185">
     <span class='ocr_line' id='line_1_102' title="bbox 2010 2120 3562 2185; baseline 0.001 -16"><span class='ocrx_word' id='word_1_596' title='bbox 2010 2120 2192 2185; x_wconf 64' lang='lat' dir='ltr'><strong>tentias</strong></span> <span class='ocrx_word' id='word_1_597' title='bbox 2225 2125 2766 2185; x_wconf 69' lang='lat' dir='ltr'><strong>erroneas_et_carum</strong></span> <span class='ocrx_word' id='word_1_598' title='bbox 2788 2120 3202 2185; x_wconf 83' lang='lat' dir='ltr'><strong>confutationes,</strong></span> <span class='ocrx_word' id='word_1_599' title='bbox 3225 2123 3315 2170; x_wconf 83' lang='lat'><strong>554</strong></span> <span class='ocrx_word' id='word_1_600' title='bbox 3338 2124 3392 2170; x_wconf 90' lang='lat' dir='ltr'><strong>et</strong></span> <span class='ocrx_word' id='word_1_601' title='bbox 3415 2134 3562 2185; x_wconf 88' lang='lat' dir='ltr'><strong>seqq.</strong></span> 
     </span>
    </p>
   </div>
   <div class='ocr_carea' id='block_1_98' title="bbox 2071 2180 2818 2232">
    <p class='ocr_par' dir='ltr' id='par_1_98' title="bbox 2071 2180 2818 2232">
     <span class='ocr_line' id='line_1_103' title="bbox 2071 2180 2818 2232; baseline -0.003 0"><span class='ocrx_word' id='word_1_602' title='bbox 2071 2183 2430 2232; x_wconf 71' lang='lat' dir='ltr'><strong>Ariomanitas.</strong></span> <span class='ocrx_word' id='word_1_603' title='bbox 2471 2180 2598 2232; x_wconf 77' lang='lat' dir='ltr'><strong>Vide</strong></span> <span class='ocrx_word' id='word_1_604' title='bbox 2621 2182 2818 2232; x_wconf 88' lang='lat' dir='ltr'><strong>Ariani.</strong></span> 
     </span>
    </p>
   </div>
   <div class='ocr_carea' id='block_1_99' title="bbox 2071 2243 3659 2309">
    <p class='ocr_par' dir='ltr' id='par_1_99' title="bbox 2071 2243 3659 2309">
     <span class='ocr_line' id='line_1_104' title="bbox 2071 2243 3659 2309; baseline 0.001 -15"><span class='ocrx_word' id='word_1_605' title='bbox 2071 2246 2324 2294; x_wconf 88' lang='lat' dir='ltr'><strong>Arscnius</strong></span> <span class='ocrx_word' id='word_1_606' title='bbox 2381 2245 2701 2308; x_wconf 79' lang='lat' dir='ltr'><strong>Pegadensis</strong></span> <span class='ocrx_word' id='word_1_607' title='bbox 2744 2243 2957 2308; x_wconf 85' lang='lat' dir='ltr'><strong>scripsit</strong></span> <span class='ocrx_word' id='word_1_608' title='bbox 3002 2245 3164 2294; x_wconf 87' lang='lat' dir='ltr'><strong>vitam</strong></span> <span class='ocrx_word' id='word_1_609' title='bbox 3224 2245 3280 2294; x_wconf 91' lang='lat' dir='ltr'><strong>B.</strong></span> <span class='ocrx_word' id='word_1_610' title='bbox 3324 2244 3659 2309; x_wconf 69' lang='lat' dir='ltr'><strong>Syncleticte,</strong></span> 
     </span>
    </p>
   </div>
   <div class='ocr_carea' id='block_1_100' title="bbox 2074 2368 2787 2428">
    <p class='ocr_par' dir='ltr' id='par_1_100' title="bbox 2074 2368 2787 2428">
     <span class='ocr_line' id='line_1_105' title="bbox 2074 2368 2787 2428; baseline 0 -9"><span class='ocrx_word' id='word_1_611' title='bbox 2074 2368 2386 2419; x_wconf 70' lang='lat' dir='ltr'><strong>Asmodteus</strong></span> <span class='ocrx_word' id='word_1_612' title='bbox 2416 2369 2647 2428; x_wconf 73' lang='lat' dir='ltr'><strong>dzemon,</strong></span> <span class='ocrx_word' id='word_1_613' title='bbox 2681 2373 2787 2419; x_wconf 90' lang='lat'><strong>131.</strong></span> 
     </span>
    </p>
   </div>
   <div class='ocr_carea' id='block_1_101' title="bbox 2073 2431 3322 2495">
    <p class='ocr_par' dir='ltr' id='par_1_101' title="bbox 2073 2431 3322 2495">
     <span class='ocr_line' id='line_1_106' title="bbox 2073 2431 3322 2495; baseline 0 -15"><span class='ocrx_word' id='word_1_614' title='bbox 2073 2434 2374 2494; x_wconf 89' lang='lat' dir='ltr'><strong>Assumptio</strong></span> <span class='ocrx_word' id='word_1_615' title='bbox 2409 2433 2622 2494; x_wconf 85' lang='lat' dir='ltr'><strong>Moysis,</strong></span> <span class='ocrx_word' id='word_1_616' title='bbox 2655 2433 2791 2481; x_wconf 88' lang='lat' dir='ltr'><strong>liber</strong></span> <span class='ocrx_word' id='word_1_617' title='bbox 2821 2431 3178 2495; x_wconf 88' lang='lat' dir='ltr'><strong>apocryphus,</strong></span> <span class='ocrx_word' id='word_1_618' title='bbox 3215 2434 3322 2482; x_wconf 86' lang='lat'><strong>154.</strong></span> 
     </span>
    </p>
   </div>
   <div class='ocr_carea' id='block_1_102' title="bbox 2073 2495 3662 2558">
    <p class='ocr_par' dir='ltr' id='par_1_102' title="bbox 2073 2495 3662 2558">
     <span class='ocr_line' id='line_1_107' title="bbox 2073 2495 3662 2558; baseline -0.001 -14"><span class='ocrx_word' id='word_1_619' title='bbox 2073 2495 2416 2551; x_wconf 85' lang='lat' dir='ltr'><strong>Athanasius,</strong></span> <span class='ocrx_word' id='word_1_620' title='bbox 2449 2495 2695 2558; x_wconf 86' lang='lat' dir='ltr'><strong>Cyrillus,</strong></span> <span class='ocrx_word' id='word_1_621' title='bbox 2717 2496 3003 2557; x_wconf 77' lang='lat' dir='ltr'><strong>Gregorius</strong></span> <span class='ocrx_word' id='word_1_622' title='bbox 3031 2497 3304 2558; x_wconf 83' lang='lat' dir='ltr'><strong>Nyssenus</strong></span> <span class='ocrx_word' id='word_1_623' title='bbox 3333 2495 3484 2543; x_wconf 89' lang='lat' dir='ltr'><strong>aiunt</strong></span> <span class='ocrx_word' id='word_1_624' title='bbox 3503 2495 3662 2556; x_wconf 89' lang='lat' dir='ltr'><strong>Spiri-</strong></span> 
     </span>
    </p>
   </div>
   <div class='ocr_carea' id='block_1_103' title="bbox 2010 2557 3662 2620">
    <p class='ocr_par' dir='ltr' id='par_1_103' title="bbox 2010 2557 3662 2620">
     <span class='ocr_line' id='line_1_108' title="bbox 2010 2557 3662 2620; baseline -0.001 -14"><span class='ocrx_word' id='word_1_625' title='bbox 2010 2563 2122 2607; x_wconf 89' lang='lat' dir='ltr'><strong>tum</strong></span> <span class='ocrx_word' id='word_1_626' title='bbox 2146 2563 2386 2606; x_wconf 89' lang='lat' dir='ltr'><strong>sanctum</strong></span> <span class='ocrx_word' id='word_1_627' title='bbox 2420 2557 2642 2606; x_wconf 34' lang='lat' dir='ltr'><strong>ex’Filio</strong></span> <span class='ocrx_word' id='word_1_628' title='bbox 2674 2558 2979 2620; x_wconf 90' lang='lat' dir='ltr'><strong>procedere,</strong></span> <span class='ocrx_word' id='word_1_629' title='bbox 3003 2557 3110 2606; x_wconf 88' lang='lat'><strong>300.</strong></span> <span class='ocrx_word' id='word_1_630' title='bbox 3145 2559 3200 2606; x_wconf 92' lang='lat' dir='ltr'><strong>ld</strong></span> <span class='ocrx_word' id='word_1_631' title='bbox 3232 2558 3428 2607; x_wconf 82' lang='lat' dir='ltr'><strong>refutat</strong></span> <span class='ocrx_word' id='word_1_632' title='bbox 3454 2559 3662 2606; x_wconf 72' lang='lat' dir='ltr'><strong>Graecu-</strong></span> 
     </span>
    </p>
   </div>
   <div class='ocr_carea' id='block_1_104' title="bbox 2009 2621 3659 2684">
    <p class='ocr_par' dir='ltr' id='par_1_104' title="bbox 2009 2621 3659 2684">
     <span class='ocr_line' id='line_1_109' title="bbox 2009 2621 3659 2684; baseline 0 -16"><span class='ocrx_word' id='word_1_633' title='bbox 2009 2621 2107 2677; x_wconf 86' lang='lat' dir='ltr'><strong>lus,</strong></span> <span class='ocrx_word' id='word_1_634' title='bbox 2141 2623 2249 2670; x_wconf 89' lang='lat'><strong>300.</strong></span> <span class='ocrx_word' id='word_1_635' title='bbox 2297 2621 2421 2684; x_wconf 86' lang='lat' dir='ltr'><strong>Ejus</strong></span> <span class='ocrx_word' id='word_1_636' title='bbox 2452 2621 2676 2682; x_wconf 86' lang='lat' dir='ltr'><strong>epistola</strong></span> <span class='ocrx_word' id='word_1_637' title='bbox 2708 2621 2789 2684; x_wconf 86' lang='lat' dir='ltr'><strong>ad</strong></span> <span class='ocrx_word' id='word_1_638' title='bbox 2843 2621 3198 2684; x_wconf 15' lang='lat' dir='ltr'><strong>serapionemr</strong></span> <span class='ocrx_word' id='word_1_639' title='bbox 3237 2621 3500 2684; x_wconf 86' lang='lat' dir='ltr'><strong>laudatur,</strong></span> <span class='ocrx_word' id='word_1_640' title='bbox 3550 2623 3659 2684; x_wconf 83' lang='lat'><strong>301.</strong></span> 
     </span>
    </p>
   </div>
   <div class='ocr_carea' id='block_1_105' title="bbox 2010 2683 3662 2746">
    <p class='ocr_par' dir='ltr' id='par_1_105' title="bbox 2010 2683 3662 2746">
     <span class='ocr_line' id='line_1_110' title="bbox 2010 2683 3662 2746; baseline 0 -14"><span class='ocrx_word' id='word_1_641' title='bbox 2010 2683 2341 2732; x_wconf 86' lang='lat' dir='ltr'><strong>Athanasius</strong></span> <span class='ocrx_word' id='word_1_642' title='bbox 2361 2697 2636 2746; x_wconf 48' lang='lat' dir='ltr'><strong>su‘ccessor</strong></span> <span class='ocrx_word' id='word_1_643' title='bbox 2660 2683 2968 2739; x_wconf 80' lang='lat' dir='ltr'><strong>Alexandri,</strong></span> <span class='ocrx_word' id='word_1_644' title='bbox 2991 2687 3099 2732; x_wconf 85' lang='grc'><strong>574.</strong></span> <span class='ocrx_word' id='word_1_645' title='bbox 3122 2683 3398 2731; x_wconf 85' lang='lat' dir='ltr'><strong>Athanasii</strong></span> <span class='ocrx_word' id='word_1_646' title='bbox 3431 2688 3486 2731; x_wconf 89' lang='lat' dir='ltr'><strong>et</strong></span> <span class='ocrx_word' id='word_1_647' title='bbox 3513 2683 3662 2746; x_wconf 73' lang='lat' dir='ltr'><strong>Egy-</strong></span> 
     </span>
    </p>
   </div>
   <div class='ocr_carea' id='block_1_106' title="bbox 2011 2736 3663 2808">
    <p class='ocr_par' dir='ltr' id='par_1_106' title="bbox 2011 2736 3663 2808">
     <span class='ocr_line' id='line_1_111' title="bbox 2011 2736 3663 2808; baseline -0.001 -14"><span class='ocrx_word' id='word_1_648' title='bbox 2011 2748 2243 2808; x_wconf 86' lang='lat' dir='ltr'><strong>ptiorum</strong></span> <span class='ocrx_word' id='word_1_649' title='bbox 2267 2736 2577 2808; x_wconf 85' lang='lat' dir='ltr'><strong>pontchum</strong></span> <span class='ocrx_word' id='word_1_650' title='bbox 2597 2746 2818 2808; x_wconf 85' lang='lat' dir='ltr'><strong>epistola</strong></span> <span class='ocrx_word' id='word_1_651' title='bbox 2839 2746 2902 2794; x_wconf 90' lang='lat' dir='ltr'><strong>ad</strong></span> <span class='ocrx_word' id='word_1_652' title='bbox 2927 2736 3161 2794; x_wconf 81' lang='lat' dir='ltr'><strong>Marcum</strong></span> <span class='ocrx_word' id='word_1_653' title='bbox 3185 2759 3396 2808; x_wconf 88' lang='lat' dir='ltr'><strong>papam,</strong></span> <span class='ocrx_word' id='word_1_654' title='bbox 3421 2736 3663 2808; x_wconf 64' lang='lat' dir='ltr'><strong>supposi-</strong></span> 
     </span>
    </p>
   </div>
   <div class='ocr_carea' id='block_1_107' title="bbox 2011 2808 3664 2871">
    <p class='ocr_par' dir='ltr' id='par_1_107' title="bbox 2011 2808 3664 2871">
     <span class='ocr_line' id='line_1_112' title="bbox 2011 2808 3664 2871; baseline 0 -15"><span class='ocrx_word' id='word_1_655' title='bbox 2011 2809 2102 2867; x_wconf 89' lang='lat' dir='ltr'><strong>tia,</strong></span> <span class='ocrx_word' id='word_1_656' title='bbox 2125 2811 2233 2859; x_wconf 88' lang='lat'><strong>598.</strong></span> <span class='ocrx_word' id='word_1_657' title='bbox 2263 2809 2539 2856; x_wconf 84' lang='lat' dir='ltr'><strong>Athanasii</strong></span> <span class='ocrx_word' id='word_1_658' title='bbox 2560 2808 2786 2869; x_wconf 85' lang='lat' dir='ltr'><strong>epistola</strong></span> <span class='ocrx_word' id='word_1_659' title='bbox 2815 2809 2880 2857; x_wconf 90' lang='lat' dir='ltr'><strong>ad</strong></span> <span class='ocrx_word' id='word_1_660' title='bbox 2911 2808 3178 2857; x_wconf 90' lang='lat' dir='ltr'><strong>Liberium</strong></span> <span class='ocrx_word' id='word_1_661' title='bbox 3200 2822 3392 2871; x_wconf 88' lang='lat' dir='ltr'><strong>papam</strong></span> <span class='ocrx_word' id='word_1_662' title='bbox 3423 2808 3664 2871; x_wconf 79' lang='lat' dir='ltr'><strong>supposi-</strong></span> 
     </span>
    </p>
   </div>
   <div class='ocr_carea' id='block_1_108' title="bbox 2011 2870 3659 2934">
    <p class='ocr_par' dir='ltr' id='par_1_108' title="bbox 2011 2870 3659 2934">
     <span class='ocr_line' id='line_1_113' title="bbox 2011 2870 3659 2934; baseline 0.001 -16"><span class='ocrx_word' id='word_1_663' title='bbox 2011 2872 2145 2929; x_wconf 89' lang='lat' dir='ltr'><strong>titia,</strong></span> <span class='ocrx_word' id='word_1_664' title='bbox 2177 2874 2286 2920; x_wconf 87' lang='lat'><strong>607.</strong></span> <span class='ocrx_word' id='word_1_665' title='bbox 2324 2871 2596 2920; x_wconf 89' lang='lat' dir='ltr'><strong>Athanasii</strong></span> <span class='ocrx_word' id='word_1_666' title='bbox 2626 2875 2678 2918; x_wconf 92' lang='lat' dir='ltr'><strong>et</strong></span> <span class='ocrx_word' id='word_1_667' title='bbox 2707 2872 3079 2934; x_wconf 67' lang='lat' dir='ltr'><strong>Egyptiorum</strong></span> <span class='ocrx_word' id='word_1_668' title='bbox 3097 2870 3212 2920; x_wconf 81' lang='lat' dir='ltr'><strong>alia</strong></span> <span class='ocrx_word' id='word_1_669' title='bbox 3230 2871 3454 2934; x_wconf 87' lang='lat' dir='ltr'><strong>epistola</strong></span> <span class='ocrx_word' id='word_1_670' title='bbox 3483 2871 3548 2934; x_wconf 82' lang='lat' dir='ltr'><strong>ad</strong></span> <span class='ocrx_word' id='word_1_671' title='bbox 3567 2870 3659 2934; x_wconf 50' lang='lat' dir='ltr'><strong>Juj</strong></span> 
     </span>
    </p>
   </div>
   <div class='ocr_carea' id='block_1_109' title="bbox 2011 2932 3664 2996">
    <p class='ocr_par' dir='ltr' id='par_1_109' title="bbox 2011 2932 3664 2996">
     <span class='ocr_line' id='line_1_114' title="bbox 2011 2932 3664 2996; baseline -0.001 -14"><span class='ocrx_word' id='word_1_672' title='bbox 2011 2934 2139 2982; x_wconf 90' lang='lat' dir='ltr'><strong>lium</strong></span> <span class='ocrx_word' id='word_1_673' title='bbox 2188 2947 2380 2996; x_wconf 89' lang='lat' dir='ltr'><strong>papam</strong></span> <span class='ocrx_word' id='word_1_674' title='bbox 2435 2932 2950 2996; x_wconf 21' lang='lat' dir='ltr'><strong>supposititiaii607.</strong></span> <span class='ocrx_word' id='word_1_675' title='bbox 3002 2932 3278 2982; x_wconf 88' lang='lat' dir='ltr'><strong>Athanasii</strong></span> <span class='ocrx_word' id='word_1_676' title='bbox 3328 2932 3551 2996; x_wconf 89' lang='lat' dir='ltr'><strong>epistola</strong></span> <span class='ocrx_word' id='word_1_677' title='bbox 3596 2933 3664 2982; x_wconf 90' lang='lat' dir='ltr'><strong>ad</strong></span> 
     </span>
    </p>
   </div>
   <div class='ocr_carea' id='block_1_110' title="bbox 2012 2996 3162 3059">
    <p class='ocr_par' dir='ltr' id='par_1_110' title="bbox 2012 2996 3162 3059">
     <span class='ocr_line' id='line_1_115' title="bbox 2012 2996 3162 3059; baseline -0.001 -14"><span class='ocrx_word' id='word_1_678' title='bbox 2012 2999 2322 3059; x_wconf 86' lang='lat' dir='ltr'><strong>episcopum</strong></span> <span class='ocrx_word' id='word_1_679' title='bbox 2355 2997 2630 3044; x_wconf 90' lang='lat' dir='ltr'><strong>Persarum</strong></span> <span class='ocrx_word' id='word_1_680' title='bbox 2663 2996 3020 3058; x_wconf 85' lang='lat' dir='ltr'><strong>supposititia,</strong></span> <span class='ocrx_word' id='word_1_681' title='bbox 3051 3000 3162 3046; x_wconf 88' lang='lat'><strong>650.</strong></span> 
     </span>
    </p>
   </div>
   <div class='ocr_carea' id='block_1_111' title="bbox 2012 3057 3666 3170">
    <p class='ocr_par' dir='ltr' id='par_1_111' title="bbox 2012 3057 3666 3170">
     <span class='ocr_line' id='line_1_116' title="bbox 2012 3057 3666 3170; baseline 0.002 -67"><span class='ocrx_word' id='word_1_682' title='bbox 2012 3057 2314 3170; x_wconf 49' lang='lat' dir='ltr'><strong>3&#39;2itvaritia</strong></span> <span class='ocrx_word' id='word_1_683' title='bbox 2343 3063 2422 3107; x_wconf 82' lang='lat' dir='ltr'><strong>est</strong></span> <span class='ocrx_word' id='word_1_684' title='bbox 2452 3057 2780 3117; x_wconf 78' lang='lat' dir='ltr'><strong>insatiabilis,</strong></span> <span class='ocrx_word' id='word_1_685' title='bbox 2812 3060 2920 3108; x_wconf 87' lang='lat'><strong>623.</strong></span> <span class='ocrx_word' id='word_1_686' title='bbox 2946 3059 3210 3108; x_wconf 88' lang='lat' dir='ltr'><strong>Monacho</strong></span> <span class='ocrx_word' id='word_1_687' title='bbox 3245 3057 3522 3120; x_wconf 85' lang='lat' dir='ltr'><strong>fugienda,</strong></span> <span class='ocrx_word' id='word_1_688' title='bbox 3553 3059 3666 3116; x_wconf 88' lang='lat'><strong>320,</strong></span> 
     </span>
    </p>
   </div>
   <div class='ocr_carea' id='block_1_112' title="bbox 2074 3181 3669 3246">
    <p class='ocr_par' dir='ltr' id='par_1_112' title="bbox 2074 3181 3669 3246">
     <span class='ocr_line' id='line_1_117' title="bbox 2074 3181 3669 3246; baseline 0 -14"><span class='ocrx_word' id='word_1_689' title='bbox 2074 3185 2293 3242; x_wconf 89' lang='lat' dir='ltr'><strong>Aurum,</strong></span> <span class='ocrx_word' id='word_1_690' title='bbox 2327 3183 2451 3233; x_wconf 92' lang='lat' dir='ltr'><strong>thus</strong></span> <span class='ocrx_word' id='word_1_691' title='bbox 2498 3185 2551 3232; x_wconf 86' lang='lat' dir='ltr'><strong>et</strong></span> <span class='ocrx_word' id='word_1_692' title='bbox 2579 3183 2796 3246; x_wconf 82' lang='lat' dir='ltr'><strong>myrrha</strong></span> <span class='ocrx_word' id='word_1_693' title='bbox 2841 3183 3048 3233; x_wconf 89' lang='lat' dir='ltr'><strong>Christo</strong></span> <span class='ocrx_word' id='word_1_694' title='bbox 3089 3182 3281 3243; x_wconf 87' lang='lat' dir='ltr'><strong>oblata,</strong></span> <span class='ocrx_word' id='word_1_695' title='bbox 3332 3186 3392 3232; x_wconf 90' lang='lat' dir='ltr'><strong>ut</strong></span> <span class='ocrx_word' id='word_1_696' title='bbox 3425 3181 3576 3246; x_wconf 85' lang='lat' dir='ltr'><strong>Regi,</strong></span> <span class='ocrx_word' id='word_1_697' title='bbox 3609 3185 3669 3232; x_wconf 86' lang='lat' dir='ltr'><strong>ut</strong></span> 
     </span>
    </p>
   </div>
   <div class='ocr_carea' id='block_1_113' title="bbox 2014 3246 2618 3306">
    <p class='ocr_par' dir='ltr' id='par_1_113' title="bbox 2014 3246 2618 3306">
     <span class='ocr_line' id='line_1_118' title="bbox 2014 3246 2618 3306; baseline 0 -12"><span class='ocrx_word' id='word_1_698' title='bbox 2014 3247 2136 3306; x_wconf 92' lang='lat' dir='ltr'><strong>Deo,</strong></span> <span class='ocrx_word' id='word_1_699' title='bbox 2171 3250 2230 3296; x_wconf 89' lang='lat' dir='ltr'><strong>ut</strong></span> <span class='ocrx_word' id='word_1_700' title='bbox 2257 3246 2478 3305; x_wconf 90' lang='lat' dir='ltr'><strong>homini,</strong></span> <span class='ocrx_word' id='word_1_701' title='bbox 2509 3248 2618 3296; x_wconf 87' lang='lat'><strong>355.</strong></span> 
     </span>
    </p>
   </div>
   <div class='ocr_carea' id='block_1_114' title="bbox 2076 3433 3055 3492">
    <p class='ocr_par' dir='ltr' id='par_1_114' title="bbox 2076 3433 3055 3492">
     <span class='ocr_line' id='line_1_119' title="bbox 2076 3433 3055 3492; baseline -0.001 -10"><span class='ocrx_word' id='word_1_702' title='bbox 2076 3433 2251 3482; x_wconf 90' lang='lat' dir='ltr'><strong>Balnei</strong></span> <span class='ocrx_word' id='word_1_703' title='bbox 2283 3447 2412 3482; x_wconf 84' lang='lat' dir='ltr'><strong>usus</strong></span> <span class='ocrx_word' id='word_1_704' title='bbox 2440 3447 2592 3481; x_wconf 90' lang='lat' dir='ltr'><strong>rarus</strong></span> <span class='ocrx_word' id='word_1_705' title='bbox 2622 3433 2915 3492; x_wconf 87' lang='lat' dir='ltr'><strong>monachis,</strong></span> <span class='ocrx_word' id='word_1_706' title='bbox 2949 3437 3055 3484; x_wconf 90' lang='lat'><strong>306.</strong></span> 
     </span>
    </p>
   </div>
   <div class='ocr_carea' id='block_1_115' title="bbox 2076 3495 3674 3559">
    <p class='ocr_par' dir='ltr' id='par_1_115' title="bbox 2076 3495 3674 3559">
     <span class='ocr_line' id='line_1_120' title="bbox 2076 3495 3674 3559; baseline -0.001 -14"><span class='ocrx_word' id='word_1_707' title='bbox 2076 3497 2392 3558; x_wconf 81' lang='lat' dir='ltr'><strong>Baptismus.</strong></span> <span class='ocrx_word' id='word_1_708' title='bbox 2422 3496 2480 3545; x_wconf 94' lang='lat' dir='ltr'><strong>1n</strong></span> <span class='ocrx_word' id='word_1_709' title='bbox 2503 3496 2770 3557; x_wconf 88' lang='lat' dir='ltr'><strong>baptismo</strong></span> <span class='ocrx_word' id='word_1_710' title='bbox 2789 3500 2876 3544; x_wconf 85' lang='lat' dir='ltr'><strong>ter</strong></span> <span class='ocrx_word' id='word_1_711' title='bbox 2895 3496 3072 3545; x_wconf 85' lang='lat' dir='ltr'><strong>infans</strong></span> <span class='ocrx_word' id='word_1_712' title='bbox 3093 3497 3148 3544; x_wconf 92' lang='lat' dir='ltr'><strong>in</strong></span> <span class='ocrx_word' id='word_1_713' title='bbox 3171 3495 3427 3559; x_wconf 86' lang='lat' dir='ltr'><strong>piscinam</strong></span> <span class='ocrx_word' id='word_1_714' title='bbox 3460 3495 3674 3545; x_wconf 89' lang='lat' dir='ltr'><strong>immer-</strong></span> 
     </span>
    </p>
   </div>
   <div class='ocr_carea' id='block_1_116' title="bbox 2013 3558 3671 3622">
    <p class='ocr_par' dir='ltr' id='par_1_116' title="bbox 2013 3558 3671 3622">
     <span class='ocr_line' id='line_1_121' title="bbox 2013 3558 3671 3622; baseline -0.001 -14"><span class='ocrx_word' id='word_1_715' title='bbox 2013 3560 2255 3621; x_wconf 84' lang='lat' dir='ltr'><strong>gebatur,</strong></span> <span class='ocrx_word' id='word_1_716' title='bbox 2287 3561 2397 3607; x_wconf 86' lang='lat'><strong>273.</strong></span> <span class='ocrx_word' id='word_1_717' title='bbox 2421 3560 2687 3620; x_wconf 88' lang='lat' dir='ltr'><strong>Baptisma</strong></span> <span class='ocrx_word' id='word_1_718' title='bbox 2708 3572 2803 3621; x_wconf 89' lang='lat' dir='ltr'><strong>per</strong></span> <span class='ocrx_word' id='word_1_719' title='bbox 2827 3558 3246 3617; x_wconf 87' lang='lat' dir='ltr'><strong>immersionem,</strong></span> <span class='ocrx_word' id='word_1_720' title='bbox 3277 3562 3386 3609; x_wconf 83' lang='grc'><strong>394.</strong></span> <span class='ocrx_word' id='word_1_721' title='bbox 3411 3558 3469 3608; x_wconf 91' lang='lat' dir='ltr'><strong>ln</strong></span> <span class='ocrx_word' id='word_1_722' title='bbox 3499 3559 3671 3622; x_wconf 85' lang='lat' dir='ltr'><strong>bapti-</strong></span> 
     </span>
    </p>
   </div>
   <div class='ocr_carea' id='block_1_117' title="bbox 2016 3621 2999 3678">
    <p class='ocr_par' dir='ltr' id='par_1_117' title="bbox 2016 3621 2999 3678">
     <span class='ocr_line' id='line_1_122' title="bbox 2016 3621 2999 3678; baseline -0.001 -7"><span class='ocrx_word' id='word_1_723' title='bbox 2016 3637 2132 3671; x_wconf 90' lang='lat' dir='ltr'><strong>smo</strong></span> <span class='ocrx_word' id='word_1_724' title='bbox 2163 3626 2434 3670; x_wconf 81' lang='lat' dir='ltr'><strong>exuuntur</strong></span> <span class='ocrx_word' id='word_1_725' title='bbox 2465 3621 2700 3669; x_wconf 90' lang='lat' dir='ltr'><strong>vestibus</strong></span> <span class='ocrx_word' id='word_1_726' title='bbox 2729 3623 2856 3678; x_wconf 88' lang='lat' dir='ltr'><strong>suis,</strong></span> <span class='ocrx_word' id='word_1_727' title='bbox 2890 3624 2999 3671; x_wconf 89' lang='lat'><strong>396.</strong></span> 
     </span>
    </p>
   </div>
   <div class='ocr_carea' id='block_1_118' title="bbox 2079 3683 3670 3755">
    <p class='ocr_par' dir='ltr' id='par_1_118' title="bbox 2079 3683 3670 3755">
     <span class='ocr_line' id='line_1_123' title="bbox 2079 3683 3670 3755; baseline 0.001 -24"><span class='ocrx_word' id='word_1_728' title='bbox 2079 3685 2399 3755; x_wconf 70' lang='lat' dir='ltr'><strong>Baptismzta</strong></span> <span class='ocrx_word' id='word_1_729' title='bbox 2427 3683 2750 3755; x_wconf 41' lang='lat' dir='ltr'><strong>tria,.a_qua3,</strong></span> <span class='ocrx_word' id='word_1_730' title='bbox 2799 3685 3092 3747; x_wconf 88' lang='lat' dir='ltr'><strong>sanguinis,</strong></span> <span class='ocrx_word' id='word_1_731' title='bbox 3143 3683 3512 3748; x_wconf 86' lang='lat' dir='ltr'><strong>lacrymarum,</strong></span> <span class='ocrx_word' id='word_1_732' title='bbox 3558 3685 3670 3735; x_wconf 89' lang='lat'><strong>233.</strong></span> 
     </span>
    </p>
   </div>
   <div class='ocr_carea' id='block_1_119' title="bbox 2017 3747 2668 3810">
    <p class='ocr_par' dir='ltr' id='par_1_119' title="bbox 2017 3747 2668 3810">
     <span class='ocr_line' id='line_1_124' title="bbox 2017 3747 2668 3810; baseline 0.002 -16"><span class='ocrx_word' id='word_1_733' title='bbox 2017 3747 2343 3810; x_wconf 88' lang='lat' dir='ltr'><strong>Baptismata</strong></span> <span class='ocrx_word' id='word_1_734' title='bbox 2364 3747 2528 3804; x_wconf 88' lang='lat' dir='ltr'><strong>varia,</strong></span> <span class='ocrx_word' id='word_1_735' title='bbox 2560 3749 2668 3810; x_wconf 88' lang='lat'><strong>275.</strong></span> 
     </span>
    </p>
   </div>
   <div class='ocr_carea' id='block_1_120' title="bbox 2083 3808 3672 3872">
    <p class='ocr_par' dir='ltr' id='par_1_120' title="bbox 2083 3808 3672 3872">
     <span class='ocr_line' id='line_1_125' title="bbox 2083 3808 3672 3872; baseline 0.001 -15"><span class='ocrx_word' id='word_1_736' title='bbox 2083 3808 2282 3857; x_wconf 87' lang='lat' dir='ltr'><strong>Baruch</strong></span> <span class='ocrx_word' id='word_1_737' title='bbox 2315 3824 2377 3858; x_wconf 87' lang='lat' dir='ltr'><strong>ex</strong></span> <span class='ocrx_word' id='word_1_738' title='bbox 2418 3823 2508 3858; x_wconf 90' lang='lat' dir='ltr'><strong>ore</strong></span> <span class='ocrx_word' id='word_1_739' title='bbox 2553 3809 2794 3857; x_wconf 68' lang='lat' dir='ltr'><strong>Jeremiae</strong></span> <span class='ocrx_word' id='word_1_740' title='bbox 2837 3809 3113 3872; x_wconf 89' lang='lat' dir='ltr'><strong>scriptum,</strong></span> <span class='ocrx_word' id='word_1_741' title='bbox 3153 3809 3259 3860; x_wconf 89' lang='lat'><strong>128.</strong></span> <span class='ocrx_word' id='word_1_742' title='bbox 3306 3809 3510 3858; x_wconf 85' lang='lat' dir='ltr'><strong>Baruch</strong></span> <span class='ocrx_word' id='word_1_743' title='bbox 3539 3808 3672 3859; x_wconf 90' lang='lat' dir='ltr'><strong>liber</strong></span> 
     </span>
    </p>
   </div>
   <div class='ocr_carea' id='block_1_121' title="bbox 2017 3872 2700 3935">
    <p class='ocr_par' dir='ltr' id='par_1_121' title="bbox 2017 3872 2700 3935">
     <span class='ocr_line' id='line_1_126' title="bbox 2017 3872 2700 3935; baseline -0.001 -15"><span class='ocrx_word' id='word_1_744' title='bbox 2017 3872 2171 3931; x_wconf 88' lang='lat' dir='ltr'><strong>alius,</strong></span> <span class='ocrx_word' id='word_1_745' title='bbox 2202 3873 2559 3935; x_wconf 77' lang='lat' dir='ltr'><strong>apocrypbus,</strong></span> <span class='ocrx_word' id='word_1_746' title='bbox 2595 3875 2700 3921; x_wconf 88' lang='lat'><strong>154.</strong></span> 
     </span>
    </p>
   </div>
   <div class='ocr_carea' id='block_1_122' title="bbox 2083 3932 3110 3998">
    <p class='ocr_par' dir='ltr' id='par_1_122' title="bbox 2083 3932 3110 3998">
     <span class='ocr_line' id='line_1_127' title="bbox 2083 3932 3110 3998; baseline -0.002 -14"><span class='ocrx_word' id='word_1_747' title='bbox 2083 3932 2545 3998; x_wconf 12' lang='lat' dir='ltr'><strong>Basanrsiguiﬁcat</strong></span> <span class='ocrx_word' id='word_1_748' title='bbox 2573 3932 2968 3996; x_wconf 67' lang='lat' dir='ltr'><strong>turpitudinem,</strong></span> <span class='ocrx_word' id='word_1_749' title='bbox 2999 3937 3110 3984; x_wconf 91' lang='lat'><strong>270.</strong></span> 
     </span>
    </p>
   </div>
   <div class='ocr_carea' id='block_1_123' title="bbox 2086 3997 2868 4060">
    <p class='ocr_par' dir='ltr' id='par_1_123' title="bbox 2086 3997 2868 4060">
     <span class='ocr_line' id='line_1_128' title="bbox 2086 3997 2868 4060; baseline 0.003 -16"><span class='ocrx_word' id='word_1_750' title='bbox 2086 3997 2726 4060; x_wconf 31' lang='lat' dir='ltr'><strong>Basilides’impugnatur,</strong></span> <span class='ocrx_word' id='word_1_751' title='bbox 2761 4000 2868 4047; x_wconf 85' lang='lat'><strong>186.</strong></span> 
     </span>
    </p>
   </div>
   <div class='ocr_carea' id='block_1_124' title="bbox 2083 4058 3572 4118">
    <p class='ocr_par' dir='ltr' id='par_1_124' title="bbox 2083 4058 3572 4118">
     <span class='ocr_line' id='line_1_129' title="bbox 2083 4058 3572 4118; baseline -0.001 -10"><span class='ocrx_word' id='word_1_752' title='bbox 2083 4060 2305 4108; x_wconf 75' lang='lat' dir='ltr'><strong>Basilius</strong></span> <span class='ocrx_word' id='word_1_753' title='bbox 2335 4058 2590 4110; x_wconf 60' lang='lat' dir='ltr'><strong>Caesarea:</strong></span> <span class='ocrx_word' id='word_1_754' title='bbox 2621 4061 2884 4117; x_wconf 89' lang='lat' dir='ltr'><strong>laudatur,</strong></span> <span class='ocrx_word' id='word_1_755' title='bbox 2919 4061 3027 4109; x_wconf 87' lang='lat'><strong>319.</strong></span> <span class='ocrx_word' id='word_1_756' title='bbox 3062 4059 3266 4108; x_wconf 90' lang='lat' dir='ltr'><strong>Dictum</strong></span> <span class='ocrx_word' id='word_1_757' title='bbox 3299 4058 3433 4118; x_wconf 86' lang='lat' dir='ltr'><strong>ejus,</strong></span> <span class='ocrx_word' id='word_1_758' title='bbox 3463 4059 3572 4108; x_wconf 85' lang='lat'><strong>322.</strong></span> 
     </span>
    </p>
   </div>
   <div class='ocr_carea' id='block_1_125' title="bbox 2081 4121 3398 4185">
    <p class='ocr_par' dir='ltr' id='par_1_125' title="bbox 2081 4121 3398 4185">
     <span class='ocr_line' id='line_1_130' title="bbox 2081 4121 3398 4185; baseline -0.001 -13"><span class='ocrx_word' id='word_1_759' title='bbox 2081 4123 2360 4172; x_wconf 87' lang='lat' dir='ltr'><strong>Beatitudo</strong></span> <span class='ocrx_word' id='word_1_760' title='bbox 2393 4127 2512 4185; x_wconf 88' lang='lat' dir='ltr'><strong>post</strong></span> <span class='ocrx_word' id='word_1_761' title='bbox 2541 4127 2764 4172; x_wconf 89' lang='lat' dir='ltr'><strong>mortem</strong></span> <span class='ocrx_word' id='word_1_762' title='bbox 2794 4122 2967 4171; x_wconf 92' lang='lat' dir='ltr'><strong>solum</strong></span> <span class='ocrx_word' id='word_1_763' title='bbox 2998 4121 3292 4182; x_wconf 88' lang='lat' dir='ltr'><strong>obtinetur,</strong></span> <span class='ocrx_word' id='word_1_764' title='bbox 3320 4121 3398 4172; x_wconf 91' lang='lat'><strong>87.</strong></span> 
     </span>
    </p>
   </div>
   <div class='ocr_carea' id='block_1_126' title="bbox 2082 4185 3025 4244">
    <p class='ocr_par' dir='ltr' id='par_1_126' title="bbox 2082 4185 3025 4244">
     <span class='ocr_line' id='line_1_131' title="bbox 2082 4185 3025 4244; baseline -0.001 -10"><span class='ocrx_word' id='word_1_765' title='bbox 2082 4185 2471 4235; x_wconf 82' lang='lat' dir='ltr'><strong>Benedictionis</strong></span> <span class='ocrx_word' id='word_1_766' title='bbox 2501 4199 2699 4234; x_wconf 73' lang='lat' dir='ltr'><strong>mensze</strong></span> <span class='ocrx_word' id='word_1_767' title='bbox 2729 4186 2917 4244; x_wconf 85' lang='lat' dir='ltr'><strong>forma,</strong></span> <span class='ocrx_word' id='word_1_768' title='bbox 2949 4186 3025 4234; x_wconf 91' lang='lat'><strong>89.</strong></span> 
     </span>
    </p>
   </div>
   <div class='ocr_carea' id='block_1_127' title="bbox 2081 4247 3244 4312">
    <p class='ocr_par' dir='ltr' id='par_1_127' title="bbox 2081 4247 3244 4312">
     <span class='ocr_line' id='line_1_132' title="bbox 2081 4247 3244 4312; baseline 0 -16"><span class='ocrx_word' id='word_1_769' title='bbox 2081 4249 2301 4312; x_wconf 81' lang='lat' dir='ltr'><strong>Berytus</strong></span> <span class='ocrx_word' id='word_1_770' title='bbox 2329 4249 2458 4297; x_wconf 86' lang='lat' dir='ltr'><strong>urbs</strong></span> <span class='ocrx_word' id='word_1_771' title='bbox 2489 4248 2783 4312; x_wconf 63' lang='lat' dir='ltr'><strong>Antiochia;</strong></span> <span class='ocrx_word' id='word_1_772' title='bbox 2815 4247 3102 4312; x_wconf 79' lang='lat' dir='ltr'><strong>vectigalis,</strong></span> <span class='ocrx_word' id='word_1_773' title='bbox 3134 4249 3244 4297; x_wconf 84' lang='lat'><strong>289.</strong></span> 
     </span>
    </p>
   </div>
   <div class='ocr_carea' id='block_1_128' title="bbox 2082 4308 3675 4373">
    <p class='ocr_par' dir='ltr' id='par_1_128' title="bbox 2082 4308 3675 4373">
     <span class='ocr_line' id='line_1_133' title="bbox 2082 4308 3675 4373; baseline 0 -15"><span class='ocrx_word' id='word_1_774' title='bbox 2082 4308 2457 4371; x_wconf 76' lang='lat' dir='ltr'><strong>Blasphemant</strong></span> <span class='ocrx_word' id='word_1_775' title='bbox 2477 4312 2568 4373; x_wconf 90' lang='lat' dir='ltr'><strong>qui</strong></span> <span class='ocrx_word' id='word_1_776' title='bbox 2600 4311 2803 4368; x_wconf 90' lang='lat' dir='ltr'><strong>dicunt,</strong></span> <span class='ocrx_word' id='word_1_777' title='bbox 2825 4308 3080 4359; x_wconf 87' lang='lat' dir='ltr'><strong>Gabrielis</strong></span> <span class='ocrx_word' id='word_1_778' title='bbox 3095 4322 3280 4373; x_wconf 83' lang='lat' dir='ltr'><strong>vocem</strong></span> <span class='ocrx_word' id='word_1_779' title='bbox 3312 4308 3476 4358; x_wconf 86' lang='lat' dir='ltr'><strong>fuisse</strong></span> <span class='ocrx_word' id='word_1_780' title='bbox 3502 4309 3675 4373; x_wconf 71' lang='lat' dir='ltr'><strong>hypo-</strong></span> 
     </span>
    </p>
   </div>
   <div class='ocr_carea' id='block_1_129' title="bbox 2016 4370 3670 4435">
    <p class='ocr_par' dir='ltr' id='par_1_129' title="bbox 2016 4370 3670 4435">
     <span class='ocr_line' id='line_1_134' title="bbox 2016 4370 3670 4435; baseline -0.002 -13"><span class='ocrx_word' id='word_1_781' title='bbox 2016 4375 2180 4422; x_wconf 76' lang='lat' dir='ltr'><strong>stasin</strong></span> <span class='ocrx_word' id='word_1_782' title='bbox 2209 4370 2306 4423; x_wconf 89' lang='lat' dir='ltr'><strong>Dei</strong></span> <span class='ocrx_word' id='word_1_783' title='bbox 2336 4370 2512 4430; x_wconf 57' lang='lat' dir='ltr'><strong>Verbi,</strong></span> <span class='ocrx_word' id='word_1_784' title='bbox 2543 4374 2651 4423; x_wconf 89' lang='lat'><strong>338.</strong></span> <span class='ocrx_word' id='word_1_785' title='bbox 2686 4373 3056 4435; x_wconf 85' lang='lat' dir='ltr'><strong>Blasphemare</strong></span> <span class='ocrx_word' id='word_1_786' title='bbox 3089 4372 3144 4421; x_wconf 91' lang='lat' dir='ltr'><strong>in</strong></span> <span class='ocrx_word' id='word_1_787' title='bbox 3174 4370 3388 4431; x_wconf 91' lang='lat' dir='ltr'><strong>Filium,</strong></span> <span class='ocrx_word' id='word_1_788' title='bbox 3419 4376 3498 4421; x_wconf 88' lang='lat' dir='ltr'><strong>est</strong></span> <span class='ocrx_word' id='word_1_789' title='bbox 3527 4370 3670 4422; x_wconf 79' lang='lat' dir='ltr'><strong>blas-</strong></span> 
     </span>
    </p>
   </div>
   <div class='ocr_carea' id='block_1_130' title="bbox 2016 4435 3669 4498">
    <p class='ocr_par' dir='ltr' id='par_1_130' title="bbox 2016 4435 3669 4498">
     <span class='ocr_line' id='line_1_135' title="bbox 2016 4435 3669 4498; baseline 0 -14"><span class='ocrx_word' id='word_1_790' title='bbox 2016 4437 2267 4498; x_wconf 88' lang='lat' dir='ltr'><strong>phemare</strong></span> <span class='ocrx_word' id='word_1_791' title='bbox 2297 4437 2351 4484; x_wconf 91' lang='lat' dir='ltr'><strong>in</strong></span> <span class='ocrx_word' id='word_1_792' title='bbox 2383 4441 2622 4485; x_wconf 90' lang='lat' dir='ltr'><strong>sanctam</strong></span> <span class='ocrx_word' id='word_1_793' title='bbox 2665 4436 2994 4494; x_wconf 84' lang='lat' dir='ltr'><strong>Trinitatem,</strong></span> <span class='ocrx_word' id='word_1_794' title='bbox 3029 4439 3105 4484; x_wconf 89' lang='lat'><strong>19.</strong></span> <span class='ocrx_word' id='word_1_795' title='bbox 3146 4435 3246 4493; x_wconf 90' lang='lat' dir='ltr'><strong>Qui</strong></span> <span class='ocrx_word' id='word_1_796' title='bbox 3276 4435 3669 4497; x_wconf 89' lang='lat' dir='ltr'><strong>blasphemiam</strong></span> 
     </span>
    </p>
   </div>
   <div class='ocr_carea' id='block_1_131' title="bbox 2017 4499 3268 4562">
    <p class='ocr_par' dir='ltr' id='par_1_131' title="bbox 2017 4499 3268 4562">
     <span class='ocr_line' id='line_1_136' title="bbox 2017 4499 3268 4562; baseline -0.002 -14"><span class='ocrx_word' id='word_1_797' title='bbox 2017 4499 2145 4548; x_wconf 89' lang='lat' dir='ltr'><strong>dicit</strong></span> <span class='ocrx_word' id='word_1_798' title='bbox 2175 4499 2406 4562; x_wconf 87' lang='lat' dir='ltr'><strong>abnegat</strong></span> <span class='ocrx_word' id='word_1_799' title='bbox 2425 4502 2663 4548; x_wconf 89' lang='lat' dir='ltr'><strong>sanctam</strong></span> <span class='ocrx_word' id='word_1_800' title='bbox 2693 4499 3021 4557; x_wconf 88' lang='lat' dir='ltr'><strong>Trinitatem,</strong></span> <span class='ocrx_word' id='word_1_801' title='bbox 3051 4501 3128 4559; x_wconf 90' lang='lat'><strong>20,</strong></span> <span class='ocrx_word' id='word_1_802' title='bbox 3157 4499 3268 4547; x_wconf 87' lang='lat'><strong>233.</strong></span> 
     </span>
    </p>
   </div>
   <div class='ocr_carea' id='block_1_132' title="bbox 2811 4600 2862 4665">
    <p class='ocr_par' dir='ltr' id='par_1_132' title="bbox 2811 4600 2862 4665">
     <span class='ocr_line' id='line_1_137' title="bbox 2811 4600 2862 4665; baseline 0 0"><span class='ocrx_word' id='word_1_803' title='bbox 2811 4600 2862 4665; x_wconf 79' lang='grc' dir='ltr'>Ο</span> 
     </span>
    </p>
   </div>
   <div class='ocr_carea' id='block_1_133' title="bbox 2077 4685 3137 4749">
    <p class='ocr_par' dir='ltr' id='par_1_133' title="bbox 2077 4685 3137 4749">
     <span class='ocr_line' id='line_1_138' title="bbox 2077 4685 3137 4749; baseline -0.001 -13"><span class='ocrx_word' id='word_1_804' title='bbox 2077 4685 2204 4736; x_wconf 90' lang='lat' dir='ltr'><strong>Cain</strong></span> <span class='ocrx_word' id='word_1_805' title='bbox 2235 4685 2504 4749; x_wconf 90' lang='lat' dir='ltr'><strong>quomodo</strong></span> <span class='ocrx_word' id='word_1_806' title='bbox 2533 4685 2730 4749; x_wconf 87' lang='lat' dir='ltr'><strong>septies</strong></span> <span class='ocrx_word' id='word_1_807' title='bbox 2759 4687 2998 4749; x_wconf 90' lang='lat' dir='ltr'><strong>punitur,</strong></span> <span class='ocrx_word' id='word_1_808' title='bbox 3029 4689 3137 4737; x_wconf 91' lang='lat'><strong>267.</strong></span> 
     </span>
    </p>
   </div>
   <div class='ocr_carea' id='block_1_134' title="bbox 2078 4747 3675 4813">
    <p class='ocr_par' dir='ltr' id='par_1_134' title="bbox 2078 4747 3675 4813">
     <span class='ocr_line' id='line_1_139' title="bbox 2078 4747 3675 4813; baseline 0 -17"><span class='ocrx_word' id='word_1_809' title='bbox 2078 4747 2332 4813; x_wconf 64' lang='lat' dir='ltr'><strong>Calvariaa</strong></span> <span class='ocrx_word' id='word_1_810' title='bbox 2362 4748 2510 4797; x_wconf 90' lang='lat' dir='ltr'><strong>locus</strong></span> <span class='ocrx_word' id='word_1_811' title='bbox 2527 4747 2611 4813; x_wconf 20' lang='lat' dir='ltr'><strong>ini</strong></span> <span class='ocrx_word' id='word_1_812' title='bbox 2624 4762 2730 4813; x_wconf 84' lang='lat' dir='ltr'><strong>quo</strong></span> <span class='ocrx_word' id='word_1_813' title='bbox 2752 4747 3017 4813; x_wconf 81' lang='lat' dir='ltr'><strong>sepultum</strong></span> <span class='ocrx_word' id='word_1_814' title='bbox 3048 4749 3212 4799; x_wconf 84' lang='lat' dir='ltr'><strong>fuisse</strong></span> <span class='ocrx_word' id='word_1_815' title='bbox 3233 4749 3497 4798; x_wconf 84' lang='lat' dir='ltr'><strong>Adamum</strong></span> <span class='ocrx_word' id='word_1_816' title='bbox 3517 4747 3675 4797; x_wconf 91' lang='lat' dir='ltr'><strong>aiunt</strong></span> 
     </span>
    </p>
   </div>
   <div class='ocr_carea' id='block_1_135' title="bbox 2020 4811 2762 4875">
    <p class='ocr_par' dir='ltr' id='par_1_135' title="bbox 2020 4811 2762 4875">
     <span class='ocr_line' id='line_1_140' title="bbox 2020 4811 2762 4875; baseline 0 -15"><span class='ocrx_word' id='word_1_817' title='bbox 2020 4812 2361 4860; x_wconf 65' lang='lat' dir='ltr'><strong>Hebraeorum</strong></span> <span class='ocrx_word' id='word_1_818' title='bbox 2399 4811 2655 4875; x_wconf 77' lang='lat' dir='ltr'><strong>magistri,</strong></span> <span class='ocrx_word' id='word_1_819' title='bbox 2683 4815 2762 4875; x_wconf 87' lang='lat'><strong>68.</strong></span> 
     </span>
    </p>
   </div>
   <div class='ocr_carea' id='block_1_136' title="bbox 2077 4874 2720 4932">
    <p class='ocr_par' dir='ltr' id='par_1_136' title="bbox 2077 4874 2720 4932">
     <span class='ocr_line' id='line_1_141' title="bbox 2077 4874 2720 4932; baseline -0.002 -9"><span class='ocrx_word' id='word_1_820' title='bbox 2077 4875 2342 4923; x_wconf 88' lang='lat' dir='ltr'><strong>Canonica</strong></span> <span class='ocrx_word' id='word_1_821' title='bbox 2373 4874 2578 4932; x_wconf 84' lang='lat' dir='ltr'><strong>mulier,</strong></span> <span class='ocrx_word' id='word_1_822' title='bbox 2611 4874 2720 4924; x_wconf 90' lang='lat'><strong>238.</strong></span> 
     </span>
    </p>
   </div>
   <div class='ocr_carea' id='block_1_137' title="bbox 2077 4935 3669 4995">
    <p class='ocr_par' dir='ltr' id='par_1_137' title="bbox 2077 4935 3669 4995">
     <span class='ocr_line' id='line_1_142' title="bbox 2077 4935 3669 4995; baseline 0 -11"><span class='ocrx_word' id='word_1_823' title='bbox 2077 4937 2350 4985; x_wconf 86' lang='lat' dir='ltr'><strong>Canticum</strong></span> <span class='ocrx_word' id='word_1_824' title='bbox 2382 4938 2730 4992; x_wconf 86' lang='lat' dir='ltr'><strong>canticorum,</strong></span> <span class='ocrx_word' id='word_1_825' title='bbox 2760 4936 2896 4986; x_wconf 90' lang='lat' dir='ltr'><strong>liber</strong></span> <span class='ocrx_word' id='word_1_826' title='bbox 2924 4937 3235 4995; x_wconf 87' lang='lat' dir='ltr'><strong>canonicus,</strong></span> <span class='ocrx_word' id='word_1_827' title='bbox 3281 4939 3358 4986; x_wconf 87' lang='lat'><strong>97.</strong></span> <span class='ocrx_word' id='word_1_828' title='bbox 3395 4935 3669 4985; x_wconf 88' lang='lat' dir='ltr'><strong>Canticum</strong></span> 
     </span>
    </p>
   </div>
   <div class='ocr_carea' id='block_1_138' title="bbox 2014 4999 3666 5059">
    <p class='ocr_par' dir='ltr' id='par_1_138' title="bbox 2014 4999 3666 5059">
     <span class='ocr_line' id='line_1_143' title="bbox 2014 4999 3666 5059; baseline -0.001 -11"><span class='ocrx_word' id='word_1_829' title='bbox 2014 4999 2308 5048; x_wconf 87' lang='lat' dir='ltr'><strong>Salomonis</strong></span> <span class='ocrx_word' id='word_1_830' title='bbox 2338 5014 2402 5048; x_wconf 82' lang='lat' dir='ltr'><strong>ex</strong></span> <span class='ocrx_word' id='word_1_831' title='bbox 2433 5000 2548 5048; x_wconf 89' lang='lat' dir='ltr'><strong>aliis</strong></span> <span class='ocrx_word' id='word_1_832' title='bbox 2578 5000 2798 5048; x_wconf 83' lang='lat' dir='ltr'><strong>canticis</strong></span> <span class='ocrx_word' id='word_1_833' title='bbox 2828 4999 3103 5059; x_wconf 89' lang='lat' dir='ltr'><strong>selectum,</strong></span> <span class='ocrx_word' id='word_1_834' title='bbox 3137 5003 3246 5049; x_wconf 88' lang='lat'><strong>156.</strong></span> <span class='ocrx_word' id='word_1_835' title='bbox 3275 4999 3551 5048; x_wconf 89' lang='lat' dir='ltr'><strong>Canticum</strong></span> <span class='ocrx_word' id='word_1_836' title='bbox 3574 5000 3666 5046; x_wconf 90' lang='lat' dir='ltr'><strong>Sa-</strong></span> 
     </span>
    </p>
   </div>
   <div class='ocr_carea' id='block_1_139' title="bbox 2017 5061 3671 5126">
    <p class='ocr_par' dir='ltr' id='par_1_139' title="bbox 2017 5061 3671 5126">
     <span class='ocr_line' id='line_1_144' title="bbox 2017 5061 3671 5126; baseline -0.001 -16"><span class='ocrx_word' id='word_1_837' title='bbox 2017 5061 2263 5120; x_wconf 88' lang='lat' dir='ltr'><strong>lomonis,</strong></span> <span class='ocrx_word' id='word_1_838' title='bbox 2302 5065 2404 5111; x_wconf 90' lang='lat'><strong>122.</strong></span> <span class='ocrx_word' id='word_1_839' title='bbox 2441 5063 2736 5111; x_wconf 88' lang='lat' dir='ltr'><strong>Prudenter</strong></span> <span class='ocrx_word' id='word_1_840' title='bbox 2761 5062 3045 5126; x_wconf 77' lang='lat' dir='ltr'><strong>legendum</strong></span> <span class='ocrx_word' id='word_1_841' title='bbox 3077 5065 3131 5112; x_wconf 91' lang='lat' dir='ltr'><strong>et</strong></span> <span class='ocrx_word' id='word_1_842' title='bbox 3167 5062 3452 5126; x_wconf 84' lang='lat' dir='ltr'><strong>allegorice</strong></span> <span class='ocrx_word' id='word_1_843' title='bbox 3475 5061 3671 5110; x_wconf 88' lang='lat' dir='ltr'><strong>intelli-</strong></span> 
     </span>
    </p>
   </div>
   <div class='ocr_carea' id='block_1_140' title="bbox 2015 5124 3672 5236">
    <p class='ocr_par' dir='ltr' id='par_1_140' title="bbox 2015 5124 3672 5236">
     <span class='ocr_line' id='line_1_145' title="bbox 2015 5124 3672 5236; baseline 0 -63"><span class='ocrx_word' id='word_1_844' title='bbox 2015 5126 2267 5236; x_wconf 58' lang='lat' dir='ltr'><strong>gfndum,</strong></span> <span class='ocrx_word' id='word_1_845' title='bbox 2302 5128 2406 5174; x_wconf 90' lang='lat'><strong>122.</strong></span> <span class='ocrx_word' id='word_1_846' title='bbox 2439 5126 2760 5190; x_wconf 86' lang='lat' dir='ltr'><strong>Conjugium</strong></span> <span class='ocrx_word' id='word_1_847' title='bbox 2781 5125 2938 5175; x_wconf 87' lang='lat' dir='ltr'><strong>Verbi</strong></span> <span class='ocrx_word' id='word_1_848' title='bbox 2968 5139 3089 5174; x_wconf 91' lang='lat' dir='ltr'><strong>cum</strong></span> <span class='ocrx_word' id='word_1_849' title='bbox 3120 5124 3561 5182; x_wconf 53' lang='lat' dir='ltr'><strong>carne&#39;declarat,</strong></span> <span class='ocrx_word' id='word_1_850' title='bbox 3584 5127 3672 5173; x_wconf 87' lang='lat'><strong>122</strong></span> 
     </span>
     <span class='ocr_line' id='line_1_146' title="bbox 2016 5201 2248 5236; baseline -0.004 0"><span class='ocrx_word' id='word_1_851' title='bbox 2016 5201 2042 5236; x_wconf 90' lang='lat' dir='ltr'><strong>e</strong></span> <span class='ocrx_word' id='word_1_852' title='bbox 2096 5201 2248 5236; x_wconf 86' lang='lat' dir='ltr'><strong>sena.</strong></span> 
     </span>
    </p>
   </div>
   <div class='ocr_carea' id='block_1_141' title="bbox 2016 5201 2248 5236">
    <p class='ocr_par' dir='ltr' id='par_1_141' title="bbox 2016 5201 2248 5236">
     <span class='ocr_line' id='line_1_147' title="bbox 2016 5201 2248 5236; baseline -0.004 0"><span class='ocrx_word' id='word_1_853' title='bbox 2016 5201 2068 5236; x_wconf 75' lang='grc' dir='ltr'><strong>Θῐ</strong></span> <span class='ocrx_word' id='word_1_854' title='bbox 2096 5201 2248 5236; x_wconf 74' lang='lat'><strong>8800.</strong></span> 
     </span>
    </p>
   </div>
   <div class='ocr_carea' id='block_1_142' title="bbox 2076 5202 3154 5312">
    <p class='ocr_par' dir='ltr' id='par_1_142' title="bbox 2076 5202 3154 5312">
     <span class='ocr_line' id='line_1_148' title="bbox 2076 5202 3154 5312; baseline -0.002 -12"><span class='ocrx_word' id='word_1_855' title='bbox 2076 5202 2428 5300; x_wconf 47' lang='lat' dir='ltr'><strong>aggoqilhristi</strong></span> <span class='ocrx_word' id='word_1_856' title='bbox 2459 5249 2749 5307; x_wconf 89' lang='lat' dir='ltr'><strong>adoranda,</strong></span> <span class='ocrx_word' id='word_1_857' title='bbox 2781 5249 3075 5312; x_wconf 88' lang='lat' dir='ltr'><strong>quomodo,</strong></span> <span class='ocrx_word' id='word_1_858' title='bbox 3108 5253 3154 5299; x_wconf 90' lang='lat'><strong>2.</strong></span> 
     </span>
    </p>
   </div>
   <div class='ocr_carea' id='block_1_143' title="bbox 2077 5312 3306 5363">
    <p class='ocr_par' dir='ltr' id='par_1_143' title="bbox 2077 5312 3306 5363">
     <span class='ocr_line' id='line_1_149' title="bbox 2077 5312 3306 5363; baseline -0.001 -2"><span class='ocrx_word' id='word_1_859' title='bbox 2077 5312 2469 5362; x_wconf 83' lang='lat' dir='ltr'><strong>Catechumena</strong></span> <span class='ocrx_word' id='word_1_860' title='bbox 2498 5326 2607 5361; x_wconf 90' lang='lat' dir='ltr'><strong>non</strong></span> <span class='ocrx_word' id='word_1_861' title='bbox 2637 5318 2754 5361; x_wconf 88' lang='lat' dir='ltr'><strong>orat</strong></span> <span class='ocrx_word' id='word_1_862' title='bbox 2785 5326 2902 5361; x_wconf 90' lang='lat' dir='ltr'><strong>cum</strong></span> <span class='ocrx_word' id='word_1_863' title='bbox 2936 5312 3195 5363; x_wconf 82' lang='lat' dir='ltr'><strong>fidelibus.</strong></span> <span class='ocrx_word' id='word_1_864' title='bbox 3229 5315 3306 5362; x_wconf 92' lang='lat'><strong>90.</strong></span> 
     </span>
    </p>
   </div>
   <div class='ocr_carea' id='block_1_144' title="bbox 2077 5375 3671 5437">
    <p class='ocr_par' dir='ltr' id='par_1_144' title="bbox 2077 5375 3671 5437">
     <span class='ocr_line' id='line_1_150' title="bbox 2077 5375 3671 5437; baseline -0.001 -14"><span class='ocrx_word' id='word_1_865' title='bbox 2077 5375 2346 5423; x_wconf 87' lang='lat' dir='ltr'><strong>Catholica</strong></span> <span class='ocrx_word' id='word_1_866' title='bbox 2370 5376 2616 5437; x_wconf 80' lang='lat' dir='ltr'><strong>epistola,</strong></span> <span class='ocrx_word' id='word_1_867' title='bbox 2645 5377 2722 5423; x_wconf 89' lang='lat'><strong>22.</strong></span> <span class='ocrx_word' id='word_1_868' title='bbox 2754 5375 3033 5424; x_wconf 65' lang='lat' dir='ltr'><strong>Catholica}</strong></span> <span class='ocrx_word' id='word_1_869' title='bbox 3056 5376 3294 5437; x_wconf 64' lang='lat' dir='ltr'><strong>epistolae</strong></span> <span class='ocrx_word' id='word_1_870' title='bbox 3324 5377 3528 5436; x_wconf 85' lang='lat' dir='ltr'><strong>septem</strong></span> <span class='ocrx_word' id='word_1_871' title='bbox 3559 5385 3671 5422; x_wconf 90' lang='lat' dir='ltr'><strong>uno</strong></span> 
     </span>
    </p>
   </div>
   <div class='ocr_carea' id='block_1_145' title="bbox 2017 5437 3123 5501">
    <p class='ocr_par' dir='ltr' id='par_1_145' title="bbox 2017 5437 3123 5501">
     <span class='ocr_line' id='line_1_151' title="bbox 2017 5437 3123 5501; baseline 0.001 -16"><span class='ocrx_word' id='word_1_872' title='bbox 2017 5438 2285 5486; x_wconf 90' lang='lat' dir='ltr'><strong>volumine</strong></span> <span class='ocrx_word' id='word_1_873' title='bbox 2324 5437 2875 5501; x_wconf 89' lang='lat' dir='ltr'><strong>comprehenduntur,</strong></span> <span class='ocrx_word' id='word_1_874' title='bbox 2904 5442 2982 5494; x_wconf 88' lang='lat'><strong>99,</strong></span> <span class='ocrx_word' id='word_1_875' title='bbox 3017 5442 3123 5488; x_wconf 89' lang='lat'><strong>144.</strong></span> 
     </span>
    </p>
   </div>
   <div class='ocr_carea' id='block_1_146' title="bbox 2077 5498 3671 5563">
    <p class='ocr_par' dir='ltr' id='par_1_146' title="bbox 2077 5498 3671 5563">
     <span class='ocr_line' id='line_1_152' title="bbox 2077 5498 3671 5563; baseline -0.001 -15"><span class='ocrx_word' id='word_1_876' title='bbox 2077 5498 2769 5563; x_wconf 44' lang='lat' dir='ltr'><strong>Cataphryges’prophetas</strong></span> <span class='ocrx_word' id='word_1_877' title='bbox 2815 5507 2934 5563; x_wconf 89' lang='lat' dir='ltr'><strong>post</strong></span> <span class='ocrx_word' id='word_1_878' title='bbox 2961 5501 3245 5550; x_wconf 90' lang='lat' dir='ltr'><strong>Dominum</strong></span> <span class='ocrx_word' id='word_1_879' title='bbox 3298 5498 3671 5557; x_wconf 88' lang='lat' dir='ltr'><strong>introducunt,</strong></span> 
     </span>
    </p>
   </div>
   <div class='ocr_carea' id='block_1_147' title="bbox 2019 5563 3095 5626">
    <p class='ocr_par' dir='ltr' id='par_1_147' title="bbox 2019 5563 3095 5626">
     <span class='ocr_line' id='line_1_153' title="bbox 2019 5563 3095 5626; baseline 0.001 -15"><span class='ocrx_word' id='word_1_880' title='bbox 2019 5564 2123 5626; x_wconf 78' lang='lat'><strong>123.</strong></span> <span class='ocrx_word' id='word_1_881' title='bbox 2155 5563 2519 5626; x_wconf 85' lang='lat' dir='ltr'><strong>Cataphryges</strong></span> <span class='ocrx_word' id='word_1_882' title='bbox 2547 5563 2950 5625; x_wconf 80' lang='lat' dir='ltr'><strong>impugnantur,</strong></span> <span class='ocrx_word' id='word_1_883' title='bbox 2990 5566 3095 5612; x_wconf 90' lang='lat'><strong>187.</strong></span> 
     </span>
    </p>
   </div>
   <div class='ocr_carea' id='block_1_148' title="bbox 2017 5624 3672 5736">
    <p class='ocr_par' dir='ltr' id='par_1_148' title="bbox 2017 5624 3672 5736">
     <span class='ocr_line' id='line_1_154' title="bbox 2017 5624 3672 5736; baseline -0.001 -62"><span class='ocrx_word' id='word_1_884' title='bbox 2017 5624 2410 5736; x_wconf 40' lang='lat' dir='ltr'><strong>3lkgllcansus’sub</strong></span> <span class='ocrx_word' id='word_1_885' title='bbox 2430 5624 2688 5689; x_wconf 80' lang='lat' dir='ltr'><strong>Augusto,</strong></span> <span class='ocrx_word' id='word_1_886' title='bbox 2714 5628 2822 5676; x_wconf 84' lang='lat'><strong>346.</strong></span> <span class='ocrx_word' id='word_1_887' title='bbox 2844 5627 3184 5676; x_wconf 81' lang='lat' dir='ltr'><strong>Necessarius</strong></span> <span class='ocrx_word' id='word_1_888' title='bbox 3205 5625 3322 5686; x_wconf 87' lang='lat' dir='ltr'><strong>fuit,</strong></span> <span class='ocrx_word' id='word_1_889' title='bbox 3344 5625 3454 5675; x_wconf 89' lang='lat'><strong>347.</strong></span> <span class='ocrx_word' id='word_1_890' title='bbox 3476 5624 3672 5684; x_wconf 85' lang='lat' dir='ltr'><strong>Quare,</strong></span> 
     </span>
    </p>
   </div>
   <div class='ocr_carea' id='block_1_149' title="bbox 2078 5749 2822 5814">
    <p class='ocr_par' dir='ltr' id='par_1_149' title="bbox 2078 5749 2822 5814">
     <span class='ocr_line' id='line_1_155' title="bbox 2078 5749 2822 5814; baseline -0.001 -16"><span class='ocrx_word' id='word_1_891' title='bbox 2078 5749 2500 5814; x_wconf 73' lang='lat' dir='ltr'><strong>Chirographum</strong></span> <span class='ocrx_word' id='word_1_892' title='bbox 2531 5749 2677 5814; x_wconf 90' lang='lat' dir='ltr'><strong>quid,</strong></span> <span class='ocrx_word' id='word_1_893' title='bbox 2712 5752 2822 5800; x_wconf 91' lang='lat'><strong>276.</strong></span> 
     </span>
    </p>
   </div>
   <div class='ocr_carea' id='block_1_150' title="bbox 2077 5812 3673 5874">
    <p class='ocr_par' dir='ltr' id='par_1_150' title="bbox 2077 5812 3673 5874">
     <span class='ocr_line' id='line_1_156' title="bbox 2077 5812 3673 5874; baseline 0.001 -14"><span class='ocrx_word' id='word_1_894' title='bbox 2077 5812 2358 5861; x_wconf 89' lang='lat' dir='ltr'><strong>Christiani</strong></span> <span class='ocrx_word' id='word_1_895' title='bbox 2383 5812 2600 5861; x_wconf 85' lang='lat' dir='ltr'><strong>biennio</strong></span> <span class='ocrx_word' id='word_1_896' title='bbox 2618 5816 2738 5861; x_wconf 89' lang='lat' dir='ltr'><strong>ante</strong></span> <span class='ocrx_word' id='word_1_897' title='bbox 2753 5812 3018 5861; x_wconf 81' lang='lat' dir='ltr'><strong>excidium</strong></span> <span class='ocrx_word' id='word_1_898' title='bbox 3035 5812 3542 5874; x_wconf 81' lang='lat' dir='ltr'><strong>Jerosolymitanum</strong></span> <span class='ocrx_word' id='word_1_899' title='bbox 3561 5825 3673 5862; x_wconf 86' lang='lat' dir='ltr'><strong>m0-</strong></span> 
     </span>
    </p>
   </div>
   <div class='ocr_carea' id='block_1_151' title="bbox 2015 5875 3669 5940">
    <p class='ocr_par' dir='ltr' id='par_1_151' title="bbox 2015 5875 3669 5940">
     <span class='ocr_line' id='line_1_157' title="bbox 2015 5875 3669 5940; baseline 0.001 -17"><span class='ocrx_word' id='word_1_900' title='bbox 2015 5880 2212 5924; x_wconf 87' lang='lat' dir='ltr'><strong>nentur</strong></span> <span class='ocrx_word' id='word_1_901' title='bbox 2243 5875 2308 5924; x_wconf 89' lang='lat' dir='ltr'><strong>ad</strong></span> <span class='ocrx_word' id='word_1_902' title='bbox 2340 5888 2562 5938; x_wconf 87' lang='lat' dir='ltr'><strong>regnum</strong></span> <span class='ocrx_word' id='word_1_903' title='bbox 2592 5876 2840 5939; x_wconf 58' lang='lat' dir='ltr'><strong>Agrippa)</strong></span> <span class='ocrx_word' id='word_1_904' title='bbox 2871 5877 3180 5940; x_wconf 81' lang='lat' dir='ltr'><strong>confugere,</strong></span> <span class='ocrx_word' id='word_1_905' title='bbox 3202 5877 3313 5927; x_wconf 89' lang='lat'><strong>297.</strong></span> <span class='ocrx_word' id='word_1_906' title='bbox 3333 5875 3669 5926; x_wconf 87' lang='lat' dir='ltr'><strong>Christianus</strong></span> 
     </span>
    </p>
   </div>
  </div>
