  <div class='ocr_page' id='page_1' title='image "/cluster/home/n/w/nwhite01/storage/ocr_20150623/28:no.4/coo.31924054873090/829.png"; bbox 0 0 4162 6376; ppageno 0'>
   <div class='ocr_carea' id='block_1_1' title="bbox 449 338 598 404">
    <p class='ocr_par' dir='ltr' id='par_1_1' title="bbox 449 338 598 404">
     <span class='ocr_line' id='line_1_1' title="bbox 449 338 598 404; baseline 0.013 -6"><span class='ocrx_word' id='word_1_1' title='bbox 449 338 598 404; x_wconf 85' lang='lat'><strong>1631</strong></span> 
     </span>
    </p>
   </div>
   <div class='ocr_carea' id='block_1_2' title="bbox 506 471 1705 530">
    <p class='ocr_par' dir='ltr' id='par_1_2' title="bbox 506 471 1705 530">
     <span class='ocr_line' id='line_1_2' title="bbox 506 471 1705 530; baseline -0.002 -8"><span class='ocrx_word' id='word_1_2' title='bbox 506 471 818 522; x_wconf 89' lang='lat' dir='ltr'><strong>Sandalium</strong></span> <span class='ocrx_word' id='word_1_3' title='bbox 854 473 921 522; x_wconf 92' lang='lat' dir='ltr'><strong>ad</strong></span> <span class='ocrx_word' id='word_1_4' title='bbox 950 471 1342 522; x_wconf 76' lang='lat' dir='ltr'><strong>monachorum</strong></span> <span class='ocrx_word' id='word_1_5' title='bbox 1377 485 1557 530; x_wconf 89' lang='lat' dir='ltr'><strong>usum,</strong></span> <span class='ocrx_word' id='word_1_6' title='bbox 1595 473 1705 522; x_wconf 87' lang='lat'><strong>311.</strong></span> 
     </span>
    </p>
   </div>
   <div class='ocr_carea' id='block_1_3' title="bbox 507 533 2101 599">
    <p class='ocr_par' dir='ltr' id='par_1_3' title="bbox 507 533 2101 599">
     <span class='ocr_line' id='line_1_3' title="bbox 507 533 2101 599; baseline 0.001 -17"><span class='ocrx_word' id='word_1_7' title='bbox 507 536 782 599; x_wconf 79' lang='lat' dir='ltr'><strong>Sapientia</strong></span> <span class='ocrx_word' id='word_1_8' title='bbox 795 535 1112 592; x_wconf 88' lang='lat' dir='ltr'><strong>Salomonis,</strong></span> <span class='ocrx_word' id='word_1_9' title='bbox 1127 534 1257 584; x_wconf 91' lang='lat' dir='ltr'><strong>liber</strong></span> <span class='ocrx_word' id='word_1_10' title='bbox 1275 548 1386 599; x_wconf 90' lang='lat' dir='ltr'><strong>non</strong></span> <span class='ocrx_word' id='word_1_11' title='bbox 1404 535 1814 599; x_wconf 16' lang='lat' dir='ltr'><strong>canonicus,798.</strong></span> <span class='ocrx_word' id='word_1_12' title='bbox 1827 533 2101 599; x_wconf 73' lang='lat' dir='ltr'><strong>Sapientia</strong></span> 
     </span>
    </p>
   </div>
   <div class='ocr_carea' id='block_1_4' title="bbox 442 596 2098 660">
    <p class='ocr_par' dir='ltr' id='par_1_4' title="bbox 442 596 2098 660">
     <span class='ocr_line' id='line_1_4' title="bbox 442 596 2098 660; baseline -0.003 -11"><span class='ocrx_word' id='word_1_13' title='bbox 442 596 760 658; x_wconf 80' lang='lat' dir='ltr'><strong>Salomonis,</strong></span> <span class='ocrx_word' id='word_1_14' title='bbox 795 602 904 648; x_wconf 82' lang='lat'><strong>131.</strong></span> <span class='ocrx_word' id='word_1_15' title='bbox 937 599 1070 648; x_wconf 85' lang='lat' dir='ltr'><strong>Huic</strong></span> <span class='ocrx_word' id='word_1_16' title='bbox 1117 598 1520 656; x_wconf 79' lang='lat' dir='ltr'><strong>contradicitur,</strong></span> <span class='ocrx_word' id='word_1_17' title='bbox 1561 601 1670 649; x_wconf 88' lang='lat'><strong>£54.</strong></span> <span class='ocrx_word' id='word_1_18' title='bbox 1717 596 1990 660; x_wconf 86' lang='lat' dir='ltr'><strong>Sapientia</strong></span> <span class='ocrx_word' id='word_1_19' title='bbox 2019 596 2098 644; x_wconf 93' lang='lat' dir='ltr'><strong>Si-</strong></span> 
     </span>
    </p>
   </div>
   <div class='ocr_carea' id='block_1_5' title="bbox 442 659 2091 725">
    <p class='ocr_par' dir='ltr' id='par_1_5' title="bbox 442 659 2091 725">
     <span class='ocr_line' id='line_1_5' title="bbox 442 659 2091 725; baseline -0.002 -13"><span class='ocrx_word' id='word_1_20' title='bbox 442 663 589 719; x_wconf 88' lang='lat' dir='ltr'><strong>rach,</strong></span> <span class='ocrx_word' id='word_1_21' title='bbox 623 661 758 710; x_wconf 91' lang='lat' dir='ltr'><strong>liber</strong></span> <span class='ocrx_word' id='word_1_22' title='bbox 787 674 898 711; x_wconf 91' lang='lat' dir='ltr'><strong>non</strong></span> <span class='ocrx_word' id='word_1_23' title='bbox 929 661 1241 725; x_wconf 82' lang='lat' dir='ltr'><strong>canonicus,</strong></span> <span class='ocrx_word' id='word_1_24' title='bbox 1277 664 1354 710; x_wconf 87' lang='grc'><strong>98.</strong></span> <span class='ocrx_word' id='word_1_25' title='bbox 1381 661 1654 725; x_wconf 78' lang='lat' dir='ltr'><strong>Sapientia</strong></span> <span class='ocrx_word' id='word_1_26' title='bbox 1676 659 1806 710; x_wconf 82' lang='lat' dir='ltr'><strong>.lssu</strong></span> <span class='ocrx_word' id='word_1_27' title='bbox 1826 659 2091 718; x_wconf 87' lang='lat' dir='ltr'><strong>Siracidis,</strong></span> 
     </span>
    </p>
   </div>
   <div class='ocr_carea' id='block_1_6' title="bbox 444 723 1291 777">
    <p class='ocr_par' dir='ltr' id='par_1_6' title="bbox 444 723 1291 777">
     <span class='ocr_line' id='line_1_6' title="bbox 444 723 1291 777; baseline -0.004 -2"><span class='ocrx_word' id='word_1_28' title='bbox 444 725 552 775; x_wconf 82' lang='lat'><strong>133.</strong></span> <span class='ocrx_word' id='word_1_29' title='bbox 586 724 721 773; x_wconf 85' lang='lat' dir='ltr'><strong>Huic</strong></span> <span class='ocrx_word' id='word_1_30' title='bbox 753 723 1150 777; x_wconf 82' lang='lat' dir='ltr'><strong>contradicitur,</strong></span> <span class='ocrx_word' id='word_1_31' title='bbox 1186 725 1291 772; x_wconf 85' lang='lat'><strong>154.</strong></span> 
     </span>
    </p>
   </div>
   <div class='ocr_carea' id='block_1_7' title="bbox 506 785 1938 849">
    <p class='ocr_par' dir='ltr' id='par_1_7' title="bbox 506 785 1938 849">
     <span class='ocr_line' id='line_1_7' title="bbox 506 785 1938 849; baseline -0.002 -14"><span class='ocrx_word' id='word_1_32' title='bbox 506 787 756 836; x_wconf 87' lang='lat' dir='ltr'><strong>Satanam</strong></span> <span class='ocrx_word' id='word_1_33' title='bbox 787 787 1041 849; x_wconf 16' lang='lat' dir='ltr'><strong>superbia,</strong></span> <span class='ocrx_word' id='word_1_34' title='bbox 1067 786 1421 849; x_wconf 74' lang='lat' dir='ltr'><strong>praecipitavit</strong></span> <span class='ocrx_word' id='word_1_35' title='bbox 1453 786 1508 834; x_wconf 91' lang='lat' dir='ltr'><strong>in</strong></span> <span class='ocrx_word' id='word_1_36' title='bbox 1539 785 1826 849; x_wconf 89' lang='lat' dir='ltr'><strong>infernum,</strong></span> <span class='ocrx_word' id='word_1_37' title='bbox 1857 785 1938 836; x_wconf 89' lang='lat'><strong>86.</strong></span> 
     </span>
    </p>
   </div>
   <div class='ocr_carea' id='block_1_8' title="bbox 505 847 2093 912">
    <p class='ocr_par' dir='ltr' id='par_1_8' title="bbox 505 847 2093 912">
     <span class='ocr_line' id='line_1_8' title="bbox 505 847 2093 912; baseline -0.002 -14"><span class='ocrx_word' id='word_1_38' title='bbox 505 849 776 912; x_wconf 83' lang='lat' dir='ltr'><strong>Scriptura</strong></span> <span class='ocrx_word' id='word_1_39' title='bbox 807 847 980 898; x_wconf 84' lang='lat' dir='ltr'><strong>omnis</strong></span> <span class='ocrx_word' id='word_1_40' title='bbox 1015 847 1084 898; x_wconf 77' lang='lat' dir='ltr'><strong>de</strong></span> <span class='ocrx_word' id='word_1_41' title='bbox 1114 847 1270 897; x_wconf 80' lang='lat' dir='ltr'><strong>Verbi</strong></span> <span class='ocrx_word' id='word_1_42' title='bbox 1305 848 1567 912; x_wconf 86' lang='lat' dir='ltr'><strong>descensu</strong></span> <span class='ocrx_word' id='word_1_43' title='bbox 1599 848 1685 912; x_wconf 76' lang='lat' dir='ltr'><strong>ad</strong></span> <span class='ocrx_word' id='word_1_44' title='bbox 1709 861 1807 897; x_wconf 90' lang='lat' dir='ltr'><strong>nos</strong></span> <span class='ocrx_word' id='word_1_45' title='bbox 1837 851 1932 905; x_wconf 91' lang='lat' dir='ltr'><strong>est,</strong></span> <span class='ocrx_word' id='word_1_46' title='bbox 1985 847 2093 912; x_wconf 63' lang='lat'><strong>122,</strong></span> 
     </span>
    </p>
   </div>
   <div class='ocr_carea' id='block_1_9' title="bbox 441 908 2096 975">
    <p class='ocr_par' dir='ltr' id='par_1_9' title="bbox 441 908 2096 975">
     <span class='ocr_line' id='line_1_9' title="bbox 441 908 2096 975; baseline -0.003 -13"><span class='ocrx_word' id='word_1_47' title='bbox 441 908 728 975; x_wconf 73' lang='lat' dir='ltr'><strong>Scripturaa</strong></span> <span class='ocrx_word' id='word_1_48' title='bbox 750 912 869 961; x_wconf 83' lang='lat' dir='ltr'><strong>libri</strong></span> <span class='ocrx_word' id='word_1_49' title='bbox 887 911 980 975; x_wconf 86' lang='lat' dir='ltr'><strong>qui</strong></span> <span class='ocrx_word' id='word_1_50' title='bbox 1001 924 1109 961; x_wconf 92' lang='lat' dir='ltr'><strong>non</strong></span> <span class='ocrx_word' id='word_1_51' title='bbox 1134 915 1344 960; x_wconf 79' lang='lat' dir='ltr'><strong>exstant</strong></span> <span class='ocrx_word' id='word_1_52' title='bbox 1364 911 1571 960; x_wconf 91' lang='lat' dir='ltr'><strong>incuria</strong></span> <span class='ocrx_word' id='word_1_53' title='bbox 1589 910 1893 960; x_wconf 71' lang='lat' dir='ltr'><strong>Judteornm</strong></span> <span class='ocrx_word' id='word_1_54' title='bbox 1915 908 2096 958; x_wconf 90' lang='lat' dir='ltr'><strong>amissi</strong></span> 
     </span>
    </p>
   </div>
   <div class='ocr_carea' id='block_1_10' title="bbox 441 975 1982 1037">
    <p class='ocr_par' dir='ltr' id='par_1_10' title="bbox 441 975 1982 1037">
     <span class='ocr_line' id='line_1_10' title="bbox 441 975 1982 1037; baseline -0.002 -13"><span class='ocrx_word' id='word_1_55' title='bbox 441 979 584 1033; x_wconf 90' lang='lat' dir='ltr'><strong>sunt,</strong></span> <span class='ocrx_word' id='word_1_56' title='bbox 620 979 726 1025; x_wconf 87' lang='lat'><strong>156.</strong></span> <span class='ocrx_word' id='word_1_57' title='bbox 760 975 1034 1036; x_wconf 84' lang='lat' dir='ltr'><strong>Scriptura</strong></span> <span class='ocrx_word' id='word_1_58' title='bbox 1060 987 1212 1023; x_wconf 88' lang='lat' dir='ltr'><strong>sacra</strong></span> <span class='ocrx_word' id='word_1_59' title='bbox 1242 975 1562 1037; x_wconf 76' lang='lat' dir='ltr'><strong>indaganda,</strong></span> <span class='ocrx_word' id='word_1_60' title='bbox 1592 976 1700 1032; x_wconf 90' lang='lat'><strong>493,</strong></span> <span class='ocrx_word' id='word_1_61' title='bbox 1732 977 1840 1032; x_wconf 90' lang='grc'><strong>501,</strong></span> <span class='ocrx_word' id='word_1_62' title='bbox 1872 976 1982 1022; x_wconf 90' lang='grc'><strong>511.</strong></span> 
     </span>
    </p>
   </div>
   <div class='ocr_carea' id='block_1_11' title="bbox 503 1037 1538 1101">
    <p class='ocr_par' dir='ltr' id='par_1_11' title="bbox 503 1037 1538 1101">
     <span class='ocr_line' id='line_1_11' title="bbox 503 1037 1538 1101; baseline 0 -16"><span class='ocrx_word' id='word_1_63' title='bbox 503 1037 676 1086; x_wconf 91' lang='lat' dir='ltr'><strong>Semei</strong></span> <span class='ocrx_word' id='word_1_64' title='bbox 705 1038 980 1101; x_wconf 75' lang='lat' dir='ltr'><strong>prophetae</strong></span> <span class='ocrx_word' id='word_1_65' title='bbox 1017 1037 1150 1101; x_wconf 87' lang='lat' dir='ltr'><strong>liber</strong></span> <span class='ocrx_word' id='word_1_66' title='bbox 1179 1037 1538 1101; x_wconf 13' lang='lat' dir='ltr'><strong>interiit,g156.</strong></span> 
     </span>
    </p>
   </div>
   <div class='ocr_carea' id='block_1_12' title="bbox 472 1097 2095 1212">
    <p class='ocr_par' dir='ltr' id='par_1_12' title="bbox 472 1097 2095 1212">
     <span class='ocr_line' id='line_1_12' title="bbox 472 1097 2095 1212; baseline -0.001 -65"><span class='ocrx_word' id='word_1_67' title='bbox 472 1097 968 1212; x_wconf 57' lang='lat' dir='ltr'><strong>9g‘ensus&#39;hoininis</strong></span> <span class='ocrx_word' id='word_1_68' title='bbox 989 1100 1245 1162; x_wconf 89' lang='lat' dir='ltr'><strong>quinque,</strong></span> <span class='ocrx_word' id='word_1_69' title='bbox 1272 1102 1378 1148; x_wconf 93' lang='grc'><strong>198.</strong></span> <span class='ocrx_word' id='word_1_70' title='bbox 1401 1099 1602 1148; x_wconf 80' lang='lat' dir='ltr'><strong>Sensus</strong></span> <span class='ocrx_word' id='word_1_71' title='bbox 1623 1098 1815 1147; x_wconf 61' lang='lat' dir='ltr'><strong>animae</strong></span> <span class='ocrx_word' id='word_1_72' title='bbox 1836 1097 2095 1160; x_wconf 89' lang='lat' dir='ltr'><strong>quinque,</strong></span> 
     </span>
    </p>
   </div>
   <div class='ocr_carea' id='block_1_13' title="bbox 505 1222 2097 1286">
    <p class='ocr_par' dir='ltr' id='par_1_13' title="bbox 505 1222 2097 1286">
     <span class='ocr_line' id='line_1_13' title="bbox 505 1222 2097 1286; baseline -0.002 -13"><span class='ocrx_word' id='word_1_73' title='bbox 505 1223 738 1286; x_wconf 89' lang='lat' dir='ltr'><strong>Septima</strong></span> <span class='ocrx_word' id='word_1_74' title='bbox 755 1223 1122 1286; x_wconf 73' lang='lat' dir='ltr'><strong>interpretatio</strong></span> <span class='ocrx_word' id='word_1_75' title='bbox 1139 1222 1248 1286; x_wconf 90' lang='lat' dir='ltr'><strong>Scri</strong></span> <span class='ocrx_word' id='word_1_76' title='bbox 1259 1226 1424 1286; x_wconf 70' lang='lat' dir='ltr'><strong>pturaa</strong></span> <span class='ocrx_word' id='word_1_77' title='bbox 1443 1224 1524 1272; x_wconf 90' lang='lat' dir='ltr'><strong>est</strong></span> <span class='ocrx_word' id='word_1_78' title='bbox 1540 1222 1710 1272; x_wconf 84' lang='lat' dir='ltr'><strong>sancti</strong></span> <span class='ocrx_word' id='word_1_79' title='bbox 1725 1222 1942 1272; x_wconf 89' lang='lat' dir='ltr'><strong>Luciani</strong></span> <span class='ocrx_word' id='word_1_80' title='bbox 1958 1235 2097 1271; x_wconf 90' lang='lat' dir='ltr'><strong>mar-</strong></span> 
     </span>
    </p>
   </div>
   <div class='ocr_carea' id='block_1_14' title="bbox 440 1285 1874 1359">
    <p class='ocr_par' dir='ltr' id='par_1_14' title="bbox 440 1285 1874 1359">
     <span class='ocr_line' id='line_1_14' title="bbox 440 1285 1874 1359; baseline -0.001 -24"><span class='ocrx_word' id='word_1_81' title='bbox 440 1285 591 1359; x_wconf 70' lang='lat' dir='ltr'><strong>tyris,</strong></span> <span class='ocrx_word' id='word_1_82' title='bbox 615 1285 984 1359; x_wconf 37' lang='lat' dir='ltr'><strong>.156..Repe_rta</strong></span> <span class='ocrx_word' id='word_1_83' title='bbox 1012 1285 1111 1334; x_wconf 86' lang='lat' dir='ltr'><strong>sub</strong></span> <span class='ocrx_word' id='word_1_84' title='bbox 1136 1285 1491 1359; x_wconf 81' lang='lat' dir='ltr'><strong>Constantino</strong></span> <span class='ocrx_word' id='word_1_85' title='bbox 1518 1297 1729 1359; x_wconf 84' lang='lat' dir='ltr'><strong>magno,</strong></span> <span class='ocrx_word' id='word_1_86' title='bbox 1767 1289 1874 1336; x_wconf 87' lang='lat'><strong>156.</strong></span> 
     </span>
    </p>
   </div>
   <div class='ocr_carea' id='block_1_15' title="bbox 505 1347 2092 1412">
    <p class='ocr_par' dir='ltr' id='par_1_15' title="bbox 505 1347 2092 1412">
     <span class='ocr_line' id='line_1_15' title="bbox 505 1347 2092 1412; baseline -0.001 -15"><span class='ocrx_word' id='word_1_87' title='bbox 505 1347 856 1412; x_wconf 77' lang='lat' dir='ltr'><strong>Septuaginta</strong></span> <span class='ocrx_word' id='word_1_88' title='bbox 896 1351 1244 1412; x_wconf 69' lang='lat' dir='ltr'><strong>interpretum</strong></span> <span class='ocrx_word' id='word_1_89' title='bbox 1275 1350 1448 1412; x_wconf 90' lang='lat' dir='ltr'><strong>prima</strong></span> <span class='ocrx_word' id='word_1_90' title='bbox 1486 1347 1726 1396; x_wconf 88' lang='lat' dir='ltr'><strong>omnium</strong></span> <span class='ocrx_word' id='word_1_91' title='bbox 1755 1347 1952 1412; x_wconf 75' lang='lat' dir='ltr'><strong>versio,</strong></span> <span class='ocrx_word' id='word_1_92' title='bbox 1986 1349 2092 1396; x_wconf 87' lang='lat'><strong>155.</strong></span> 
     </span>
    </p>
   </div>
   <div class='ocr_carea' id='block_1_16' title="bbox 441 1410 2091 1472">
    <p class='ocr_par' dir='ltr' id='par_1_16' title="bbox 441 1410 2091 1472">
     <span class='ocr_line' id='line_1_16' title="bbox 441 1410 2091 1472; baseline -0.001 -13"><span class='ocrx_word' id='word_1_93' title='bbox 441 1410 549 1459; x_wconf 90' lang='lat' dir='ltr'><strong>Sub</strong></span> <span class='ocrx_word' id='word_1_94' title='bbox 584 1410 864 1460; x_wconf 78' lang='lat' dir='ltr'><strong>Ptolemaeo</strong></span> <span class='ocrx_word' id='word_1_95' title='bbox 917 1410 1393 1472; x_wconf 59' lang='lat' dir='ltr'><strong>Philadelpho&#39;230</strong></span> <span class='ocrx_word' id='word_1_96' title='bbox 1423 1413 1578 1460; x_wconf 89' lang='lat' dir='ltr'><strong>annis</strong></span> <span class='ocrx_word' id='word_1_97' title='bbox 1635 1416 1758 1459; x_wconf 89' lang='lat' dir='ltr'><strong>ante</strong></span> <span class='ocrx_word' id='word_1_98' title='bbox 1807 1411 2091 1466; x_wconf 86' lang='lat' dir='ltr'><strong>Christum,</strong></span> 
     </span>
    </p>
   </div>
   <div class='ocr_carea' id='block_1_17' title="bbox 444 1473 2094 1536">
    <p class='ocr_par' dir='ltr' id='par_1_17' title="bbox 444 1473 2094 1536">
     <span class='ocr_line' id='line_1_17' title="bbox 444 1473 2094 1536; baseline -0.001 -14"><span class='ocrx_word' id='word_1_99' title='bbox 444 1477 530 1522; x_wconf 83' lang='lat'><strong>155</strong></span> <span class='ocrx_word' id='word_1_100' title='bbox 581 1473 1333 1536; x_wconf 81' lang='lat' dir='ltr'><strong>Septuagintabebdomades</strong></span> <span class='ocrx_word' id='word_1_101' title='bbox 1381 1473 1613 1523; x_wconf 86' lang='lat' dir='ltr'><strong>Dauielis</strong></span> <span class='ocrx_word' id='word_1_102' title='bbox 1641 1473 1834 1522; x_wconf 65' lang='lat' dir='ltr'><strong>Chaisti</strong></span> <span class='ocrx_word' id='word_1_103' title='bbox 1883 1478 2094 1536; x_wconf 81' lang='lat' dir='ltr'><strong>tempus</strong></span> 
     </span>
    </p>
   </div>
   <div class='ocr_carea' id='block_1_18' title="bbox 442 1534 2092 1599">
    <p class='ocr_par' dir='ltr' id='par_1_18' title="bbox 442 1534 2092 1599">
     <span class='ocr_line' id='line_1_18' title="bbox 442 1534 2092 1599; baseline -0.002 -15"><span class='ocrx_word' id='word_1_104' title='bbox 442 1534 746 1598; x_wconf 83' lang='lat' dir='ltr'><strong>designant,</strong></span> <span class='ocrx_word' id='word_1_105' title='bbox 777 1539 886 1585; x_wconf 87' lang='lat'><strong>248.</strong></span> <span class='ocrx_word' id='word_1_106' title='bbox 939 1535 1369 1599; x_wconf 90' lang='lat' dir='ltr'><strong>Quadringentos</strong></span> <span class='ocrx_word' id='word_1_107' title='bbox 1423 1537 1714 1598; x_wconf 78' lang='lat' dir='ltr'><strong>nonaginta</strong></span> <span class='ocrx_word' id='word_1_108' title='bbox 1761 1549 1932 1584; x_wconf 90' lang='lat' dir='ltr'><strong>annos</strong></span> <span class='ocrx_word' id='word_1_109' title='bbox 1979 1534 2092 1583; x_wconf 86' lang='lat' dir='ltr'><strong>efﬁ-</strong></span> 
     </span>
    </p>
   </div>
   <div class='ocr_carea' id='block_1_19' title="bbox 441 1599 2097 1662">
    <p class='ocr_par' dir='ltr' id='par_1_19' title="bbox 441 1599 2097 1662">
     <span class='ocr_line' id='line_1_19' title="bbox 441 1599 2097 1662; baseline -0.001 -15"><span class='ocrx_word' id='word_1_110' title='bbox 441 1599 608 1656; x_wconf 90' lang='lat' dir='ltr'><strong>ciunt,</strong></span> <span class='ocrx_word' id='word_1_111' title='bbox 639 1601 746 1662; x_wconf 85' lang='grc'><strong>248.</strong></span> <span class='ocrx_word' id='word_1_112' title='bbox 777 1599 820 1647; x_wconf 80' lang='grc' dir='ltr'><strong>Α</strong></span> <span class='ocrx_word' id='word_1_113' title='bbox 849 1599 1067 1647; x_wconf 85' lang='lat' dir='ltr'><strong>Daniele</strong></span> <span class='ocrx_word' id='word_1_114' title='bbox 1116 1599 1181 1647; x_wconf 91' lang='lat' dir='ltr'><strong>ad</strong></span> <span class='ocrx_word' id='word_1_115' title='bbox 1213 1604 1424 1662; x_wconf 88' lang='lat' dir='ltr'><strong>tempus</strong></span> <span class='ocrx_word' id='word_1_116' title='bbox 1453 1613 1560 1662; x_wconf 77' lang='lat' dir='ltr'><strong>quo</strong></span> <span class='ocrx_word' id='word_1_117' title='bbox 1588 1599 1705 1648; x_wconf 62' lang='lat' dir='ltr'><strong>hinc</strong></span> <span class='ocrx_word' id='word_1_118' title='bbox 1744 1599 1941 1662; x_wconf 89' lang='lat' dir='ltr'><strong>scripta</strong></span> <span class='ocrx_word' id='word_1_119' title='bbox 1969 1600 2097 1646; x_wconf 90' lang='lat' dir='ltr'><strong>sunt</strong></span> 
     </span>
    </p>
   </div>
   <div class='ocr_carea' id='block_1_20' title="bbox 441 1614 1887 1732">
    <p class='ocr_par' dir='ltr' id='par_1_20' title="bbox 441 1614 1887 1732">
     <span class='ocr_line' id='line_1_20' title="bbox 441 1614 1884 1662; baseline 0 -15"><span class='ocrx_word' id='word_1_120' title='bbox 441 1614 608 1656; x_wconf 82' lang='lat' dir='ltr'><strong>ciunt,</strong></span> <span class='ocrx_word' id='word_1_121' title='bbox 639 1614 746 1647; x_wconf 73' lang='lat' dir='ltr'><strong>24s.</strong></span> <span class='ocrx_word' id='word_1_122' title='bbox 777 1614 820 1647; x_wconf 71' lang='grc' dir='ltr'>Α</span> <span class='ocrx_word' id='word_1_123' title='bbox 849 1614 1067 1647; x_wconf 83' lang='lat' dir='ltr'><strong>uameie</strong></span> <span class='ocrx_word' id='word_1_124' title='bbox 1116 1614 1181 1647; x_wconf 89' lang='lat' dir='ltr'><strong>aa</strong></span> <span class='ocrx_word' id='word_1_125' title='bbox 1213 1614 1316 1648; x_wconf 79' lang='lat' dir='ltr'><strong>tem</strong></span> <span class='ocrx_word' id='word_1_126' title='bbox 1363 1614 1424 1647; x_wconf 93' lang='lat' dir='ltr'><strong>us</strong></span> <span class='ocrx_word' id='word_1_127' title='bbox 1453 1614 1560 1662; x_wconf 77' lang='lat' dir='ltr'><strong>qun</strong></span> <span class='ocrx_word' id='word_1_128' title='bbox 1588 1614 1705 1648; x_wconf 76' lang='lat' dir='ltr'><strong>meo</strong></span> <span class='ocrx_word' id='word_1_129' title='bbox 1744 1614 1884 1662; x_wconf 79' lang='lat' dir='ltr'><strong>scrip</strong></span> 
     </span>
     <span class='ocr_line' id='line_1_21' title="bbox 441 1614 1887 1732; baseline 0 -23"><span class='ocrx_word' id='word_1_130' title='bbox 441 1662 569 1732; x_wconf 64' lang='lat' dir='ltr'><strong>anui</strong></span> <span class='ocrx_word' id='word_1_131' title='bbox 600 1661 880 1732; x_wconf 73' lang='lat' dir='ltr'><strong>plusquam</strong></span> <span class='ocrx_word' id='word_1_132' title='bbox 912 1614 1367 1732; x_wconf 51' lang='lat' dir='ltr'><strong>octingenti,_24§.</strong></span> <span class='ocrx_word' id='word_1_133' title='bbox 1413 1724 1442 1732; x_wconf 39' lang='grc' dir='ltr'><em>Π</em></span> <span class='ocrx_word' id='word_1_134' title='bbox 1570 1724 1580 1732; x_wconf 82' lang='lat'><strong>_</strong></span> <span class='ocrx_word' id='word_1_135' title='bbox 1687 1723 1700 1732; x_wconf 23' lang='grc' dir='ltr'><strong>Ὤ</strong></span> <span class='ocrx_word' id='word_1_136' title='bbox 1878 1723 1887 1732; x_wconf 84' lang='lat'>_</span> 
     </span>
    </p>
   </div>
   <div class='ocr_carea' id='block_1_21' title="bbox 501 1723 2096 1786">
    <p class='ocr_par' dir='ltr' id='par_1_21' title="bbox 501 1723 2096 1786">
     <span class='ocr_line' id='line_1_22' title="bbox 501 1723 2096 1786; baseline 0.001 -15"><span class='ocrx_word' id='word_1_137' title='bbox 501 1723 661 1772; x_wconf 86' lang='lat' dir='ltr'><strong>Sexta</strong></span> <span class='ocrx_word' id='word_1_138' title='bbox 690 1723 1372 1786; x_wconf 28' lang='lat' dir='ltr'><strong>interpretatio’Scriptura:</strong></span> <span class='ocrx_word' id='word_1_139' title='bbox 1411 1724 1537 1773; x_wconf 89' lang='lat' dir='ltr'><strong>item</strong></span> <span class='ocrx_word' id='word_1_140' title='bbox 1569 1724 1621 1772; x_wconf 92' lang='lat' dir='ltr'><strong>in</strong></span> <span class='ocrx_word' id='word_1_141' title='bbox 1670 1723 1824 1773; x_wconf 88' lang='lat' dir='ltr'><strong>doliis</strong></span> <span class='ocrx_word' id='word_1_142' title='bbox 1875 1723 2096 1772; x_wconf 86' lang='lat' dir='ltr'><strong>inventa</strong></span> 
     </span>
    </p>
   </div>
   <div class='ocr_carea' id='block_1_22' title="bbox 440 1785 1466 1850">
    <p class='ocr_par' dir='ltr' id='par_1_22' title="bbox 440 1785 1466 1850">
     <span class='ocr_line' id='line_1_23' title="bbox 440 1785 1466 1850; baseline 0.001 -15"><span class='ocrx_word' id='word_1_143' title='bbox 440 1785 745 1850; x_wconf 79' lang='lat' dir='ltr'><strong>Alexandro</strong></span> <span class='ocrx_word' id='word_1_144' title='bbox 779 1785 976 1850; x_wconf 82' lang='lat' dir='ltr'><strong>Severo</strong></span> <span class='ocrx_word' id='word_1_145' title='bbox 997 1785 1324 1850; x_wconf 83' lang='lat' dir='ltr'><strong>imperante,</strong></span> <span class='ocrx_word' id='word_1_146' title='bbox 1359 1789 1466 1836; x_wconf 89' lang='lat'><strong>156.</strong></span> 
     </span>
    </p>
   </div>
   <div class='ocr_carea' id='block_1_23' title="bbox 503 1848 2094 1912">
    <p class='ocr_par' dir='ltr' id='par_1_23' title="bbox 503 1848 2094 1912">
     <span class='ocr_line' id='line_1_24' title="bbox 503 1848 2094 1912; baseline -0.001 -14"><span class='ocrx_word' id='word_1_147' title='bbox 503 1849 716 1898; x_wconf 90' lang='lat' dir='ltr'><strong>Simeon</strong></span> <span class='ocrx_word' id='word_1_148' title='bbox 750 1849 816 1898; x_wconf 88' lang='lat' dir='ltr'><strong>ad</strong></span> <span class='ocrx_word' id='word_1_149' title='bbox 848 1848 1105 1912; x_wconf 76' lang='lat' dir='ltr'><strong>templum</strong></span> <span class='ocrx_word' id='word_1_150' title='bbox 1129 1864 1160 1898; x_wconf 89' lang='lat' dir='ltr'><strong>a</strong></span> <span class='ocrx_word' id='word_1_151' title='bbox 1191 1850 1389 1912; x_wconf 86' lang='lat' dir='ltr'><strong>Spiritu</strong></span> <span class='ocrx_word' id='word_1_152' title='bbox 1413 1852 1596 1898; x_wconf 91' lang='lat' dir='ltr'><strong>sancto</strong></span> <span class='ocrx_word' id='word_1_153' title='bbox 1626 1848 1959 1910; x_wconf 87' lang='lat' dir='ltr'><strong>deportatur,</strong></span> <span class='ocrx_word' id='word_1_154' title='bbox 1981 1849 2094 1897; x_wconf 89' lang='lat'><strong>360.</strong></span> 
     </span>
    </p>
   </div>
   <div class='ocr_carea' id='block_1_24' title="bbox 503 1911 1779 1974">
    <p class='ocr_par' dir='ltr' id='par_1_24' title="bbox 503 1911 1779 1974">
     <span class='ocr_line' id='line_1_25' title="bbox 503 1911 1779 1974; baseline -0.001 -14"><span class='ocrx_word' id='word_1_155' title='bbox 503 1912 798 1974; x_wconf 88' lang='lat' dir='ltr'><strong>Simoniani</strong></span> <span class='ocrx_word' id='word_1_156' title='bbox 829 1911 1207 1974; x_wconf 87' lang='lat' dir='ltr'><strong>blasphemant</strong></span> <span class='ocrx_word' id='word_1_157' title='bbox 1232 1911 1289 1960; x_wconf 87' lang='lat' dir='ltr'><strong>in</strong></span> <span class='ocrx_word' id='word_1_158' title='bbox 1322 1912 1529 1967; x_wconf 90' lang='lat' dir='ltr'><strong>Filium,</strong></span> <span class='ocrx_word' id='word_1_159' title='bbox 1565 1913 1638 1969; x_wconf 88' lang='lat'><strong>19,</strong></span> <span class='ocrx_word' id='word_1_160' title='bbox 1671 1914 1779 1961; x_wconf 87' lang='lat'><strong>232.</strong></span> 
     </span>
    </p>
   </div>
   <div class='ocr_carea' id='block_1_25' title="bbox 503 1973 1717 2037">
    <p class='ocr_par' dir='ltr' id='par_1_25' title="bbox 503 1973 1717 2037">
     <span class='ocr_line' id='line_1_26' title="bbox 503 1973 1717 2037; baseline -0.002 -15"><span class='ocrx_word' id='word_1_161' title='bbox 503 1973 688 2023; x_wconf 90' lang='lat' dir='ltr'><strong>Simon</strong></span> <span class='ocrx_word' id='word_1_162' title='bbox 718 1975 978 2023; x_wconf 83' lang='lat' dir='ltr'><strong>adversus</strong></span> <span class='ocrx_word' id='word_1_163' title='bbox 1006 1976 1325 2024; x_wconf 83' lang='lat' dir='ltr'><strong>Marcionem</strong></span> <span class='ocrx_word' id='word_1_164' title='bbox 1355 1977 1580 2037; x_wconf 80' lang='lat' dir='ltr'><strong>pugnat,</strong></span> <span class='ocrx_word' id='word_1_165' title='bbox 1608 1977 1717 2021; x_wconf 85' lang='lat'><strong>362.</strong></span> 
     </span>
    </p>
   </div>
   <div class='ocr_carea' id='block_1_26' title="bbox 501 2035 2028 2099">
    <p class='ocr_par' dir='ltr' id='par_1_26' title="bbox 501 2035 2028 2099">
     <span class='ocr_line' id='line_1_27' title="bbox 501 2035 2028 2099; baseline -0.001 -14"><span class='ocrx_word' id='word_1_166' title='bbox 501 2037 765 2098; x_wconf 88' lang='lat' dir='ltr'><strong>Siphones</strong></span> <span class='ocrx_word' id='word_1_167' title='bbox 793 2050 989 2099; x_wconf 88' lang='lat' dir='ltr'><strong>aquam</strong></span> <span class='ocrx_word' id='word_1_168' title='bbox 1021 2050 1082 2085; x_wconf 88' lang='lat' dir='ltr'><strong>ex</strong></span> <span class='ocrx_word' id='word_1_169' title='bbox 1113 2038 1245 2086; x_wconf 91' lang='lat' dir='ltr'><strong>mari</strong></span> <span class='ocrx_word' id='word_1_170' title='bbox 1278 2035 1558 2086; x_wconf 48' lang='lat' dir='ltr'><strong>ad&#39;nubes</strong></span> <span class='ocrx_word' id='word_1_171' title='bbox 1589 2035 1888 2093; x_wconf 87' lang='lat' dir='ltr'><strong>attrahunt,</strong></span> <span class='ocrx_word' id='word_1_172' title='bbox 1918 2035 2028 2084; x_wconf 85' lang='lat'><strong>247.</strong></span> 
     </span>
    </p>
   </div>
   <div class='ocr_carea' id='block_1_27' title="bbox 503 2099 1238 2162">
    <p class='ocr_par' dir='ltr' id='par_1_27' title="bbox 503 2099 1238 2162">
     <span class='ocr_line' id='line_1_28' title="bbox 503 2099 1238 2162; baseline 0.003 -15"><span class='ocrx_word' id='word_1_173' title='bbox 503 2099 810 2162; x_wconf 79' lang='lat' dir='ltr'><strong>Sirmiensis</strong></span> <span class='ocrx_word' id='word_1_174' title='bbox 839 2100 1096 2162; x_wconf 83' lang='lat' dir='ltr'><strong>synodus,</strong></span> <span class='ocrx_word' id='word_1_175' title='bbox 1129 2100 1238 2149; x_wconf 90' lang='grc'><strong>580.</strong></span> 
     </span>
    </p>
   </div>
   <div class='ocr_carea' id='block_1_28' title="bbox 503 2161 1110 2224">
    <p class='ocr_par' dir='ltr' id='par_1_28' title="bbox 503 2161 1110 2224">
     <span class='ocr_line' id='line_1_29' title="bbox 503 2161 1110 2224; baseline -0.002 -15"><span class='ocrx_word' id='word_1_176' title='bbox 503 2161 651 2224; x_wconf 87' lang='lat' dir='ltr'><strong>Sisoe</strong></span> <span class='ocrx_word' id='word_1_177' title='bbox 681 2161 826 2224; x_wconf 90' lang='lat' dir='ltr'><strong>quid,</strong></span> <span class='ocrx_word' id='word_1_178' title='bbox 859 2161 967 2217; x_wconf 91' lang='grc'><strong>260,</strong></span> <span class='ocrx_word' id='word_1_179' title='bbox 1000 2164 1110 2211; x_wconf 86' lang='grc'><strong>261.</strong></span> 
     </span>
    </p>
   </div>
   <div class='ocr_carea' id='block_1_29' title="bbox 501 2220 2093 2286">
    <p class='ocr_par' dir='ltr' id='par_1_29' title="bbox 501 2220 2093 2286">
     <span class='ocr_line' id='line_1_30' title="bbox 501 2220 2093 2286; baseline -0.001 -14"><span class='ocrx_word' id='word_1_180' title='bbox 501 2220 802 2286; x_wconf 81' lang='lat' dir='ltr'><strong>Sophonias</strong></span> <span class='ocrx_word' id='word_1_181' title='bbox 818 2224 1094 2286; x_wconf 85' lang='lat' dir='ltr'><strong>prepheta,</strong></span> <span class='ocrx_word' id='word_1_182' title='bbox 1115 2226 1192 2273; x_wconf 92' lang='lat'><strong>97.</strong></span> <span class='ocrx_word' id='word_1_183' title='bbox 1206 2221 1492 2286; x_wconf 68' lang='lat' dir='ltr'><strong>Saphoniaa</strong></span> <span class='ocrx_word' id='word_1_184' title='bbox 1512 2223 1664 2282; x_wconf 89' lang='lat' dir='ltr'><strong>liber,</strong></span> <span class='ocrx_word' id='word_1_185' title='bbox 1687 2220 2093 2285; x_wconf 74' lang='lat' dir='ltr'><strong>126.Sophoniaa</strong></span> 
     </span>
    </p>
   </div>
   <div class='ocr_carea' id='block_1_30' title="bbox 438 2286 1594 2349">
    <p class='ocr_par' dir='ltr' id='par_1_30' title="bbox 438 2286 1594 2349">
     <span class='ocr_line' id='line_1_31' title="bbox 438 2286 1594 2349; baseline -0.002 -14"><span class='ocrx_word' id='word_1_186' title='bbox 438 2286 732 2349; x_wconf 60' lang='lat' dir='ltr'><strong>prophetas,</strong></span> <span class='ocrx_word' id='word_1_187' title='bbox 763 2287 899 2336; x_wconf 91' lang='lat' dir='ltr'><strong>liber</strong></span> <span class='ocrx_word' id='word_1_188' title='bbox 928 2287 1066 2336; x_wconf 90' lang='lat' dir='ltr'><strong>alius</strong></span> <span class='ocrx_word' id='word_1_189' title='bbox 1096 2286 1452 2349; x_wconf 84' lang='lat' dir='ltr'><strong>apocryphus,</strong></span> <span class='ocrx_word' id='word_1_190' title='bbox 1486 2288 1594 2334; x_wconf 77' lang='lat'><strong>£54.</strong></span> 
     </span>
    </p>
   </div>
   <div class='ocr_carea' id='block_1_31' title="bbox 501 2345 2092 2411">
    <p class='ocr_par' dir='ltr' id='par_1_31' title="bbox 501 2345 2092 2411">
     <span class='ocr_line' id='line_1_32' title="bbox 501 2345 2092 2411; baseline -0.003 -13"><span class='ocrx_word' id='word_1_191' title='bbox 501 2345 749 2411; x_wconf 76' lang='lat' dir='ltr'><strong>spiritus,</strong></span> <span class='ocrx_word' id='word_1_192' title='bbox 780 2361 902 2408; x_wconf 89' lang='lat' dir='ltr'><strong>vox,</strong></span> <span class='ocrx_word' id='word_1_193' title='bbox 936 2345 1226 2398; x_wconf 49' lang='lat' dir='ltr'><strong>dicitur—de</strong></span> <span class='ocrx_word' id='word_1_194' title='bbox 1258 2345 1428 2397; x_wconf 80' lang='lat' dir='ltr'><strong>tribus</strong></span> <span class='ocrx_word' id='word_1_195' title='bbox 1460 2349 1832 2411; x_wconf 16' lang='lat' dir='ltr'><strong>personis.ﬂ11.</strong></span> <span class='ocrx_word' id='word_1_196' title='bbox 1864 2345 2092 2411; x_wconf 82' lang='lat' dir='ltr'><strong>Spiritus</strong></span> 
     </span>
    </p>
   </div>
   <div class='ocr_carea' id='block_1_32' title="bbox 439 2409 2089 2474">
    <p class='ocr_par' dir='ltr' id='par_1_32' title="bbox 439 2409 2089 2474">
     <span class='ocr_line' id='line_1_33' title="bbox 439 2409 2089 2474; baseline -0.001 -16"><span class='ocrx_word' id='word_1_197' title='bbox 439 2409 658 2460; x_wconf 72' lang='lat' dir='ltr'><strong>sanctus</strong></span> <span class='ocrx_word' id='word_1_198' title='bbox 682 2411 970 2474; x_wconf 74' lang='lat' dir='ltr'><strong>aliquando</strong></span> <span class='ocrx_word' id='word_1_199' title='bbox 992 2412 1175 2468; x_wconf 88' lang='lat' dir='ltr'><strong>Patris,</strong></span> <span class='ocrx_word' id='word_1_200' title='bbox 1207 2409 1498 2473; x_wconf 85' lang='lat' dir='ltr'><strong>aliquando</strong></span> <span class='ocrx_word' id='word_1_201' title='bbox 1521 2411 1652 2468; x_wconf 88' lang='lat' dir='ltr'><strong>Filii,</strong></span> <span class='ocrx_word' id='word_1_202' title='bbox 1687 2409 1975 2474; x_wconf 87' lang='lat' dir='ltr'><strong>aliquando</strong></span> <span class='ocrx_word' id='word_1_203' title='bbox 1995 2409 2089 2456; x_wconf 89' lang='lat' dir='ltr'><strong>ab-</strong></span> 
     </span>
    </p>
   </div>
   <div class='ocr_carea' id='block_1_33' title="bbox 439 2473 2091 2537">
    <p class='ocr_par' dir='ltr' id='par_1_33' title="bbox 439 2473 2091 2537">
     <span class='ocr_line' id='line_1_34' title="bbox 439 2473 2091 2537; baseline -0.001 -15"><span class='ocrx_word' id='word_1_204' title='bbox 439 2475 612 2537; x_wconf 84' lang='lat' dir='ltr'><strong>solute</strong></span> <span class='ocrx_word' id='word_1_205' title='bbox 633 2473 863 2537; x_wconf 86' lang='lat' dir='ltr'><strong>Spiritus</strong></span> <span class='ocrx_word' id='word_1_206' title='bbox 891 2475 1099 2532; x_wconf 90' lang='lat' dir='ltr'><strong>dicitur,</strong></span> <span class='ocrx_word' id='word_1_207' title='bbox 1133 2477 1207 2522; x_wconf 89' lang='grc'><strong>10.</strong></span> <span class='ocrx_word' id='word_1_208' title='bbox 1257 2474 1484 2536; x_wconf 88' lang='lat' dir='ltr'><strong>Spiritus</strong></span> <span class='ocrx_word' id='word_1_209' title='bbox 1513 2477 1729 2521; x_wconf 82' lang='lat' dir='ltr'><strong>sanctus</strong></span> <span class='ocrx_word' id='word_1_210' title='bbox 1757 2473 1941 2537; x_wconf 87' lang='lat' dir='ltr'><strong>omnia</strong></span> <span class='ocrx_word' id='word_1_211' title='bbox 1969 2485 2091 2533; x_wconf 66' lang='lat' dir='ltr'><strong>quas</strong></span> 
     </span>
    </p>
   </div>
   <div class='ocr_carea' id='block_1_34' title="bbox 439 2536 2090 2595">
    <p class='ocr_par' dir='ltr' id='par_1_34' title="bbox 439 2536 2090 2595">
     <span class='ocr_line' id='line_1_35' title="bbox 439 2536 2090 2595; baseline -0.002 -10"><span class='ocrx_word' id='word_1_212' title='bbox 439 2536 683 2585; x_wconf 79' lang='lat' dir='ltr'><strong>Christus</strong></span> <span class='ocrx_word' id='word_1_213' title='bbox 711 2537 854 2595; x_wconf 83' lang='lat' dir='ltr'><strong>facit,</strong></span> <span class='ocrx_word' id='word_1_214' title='bbox 891 2540 964 2586; x_wconf 87' lang='lat'><strong>12.</strong></span> <span class='ocrx_word' id='word_1_215' title='bbox 1000 2538 1113 2586; x_wconf 88' lang='lat' dir='ltr'><strong>Non</strong></span> <span class='ocrx_word' id='word_1_216' title='bbox 1145 2541 1225 2584; x_wconf 89' lang='lat' dir='ltr'><strong>est</strong></span> <span class='ocrx_word' id='word_1_217' title='bbox 1253 2537 1430 2585; x_wconf 91' lang='lat' dir='ltr'><strong>minor</strong></span> <span class='ocrx_word' id='word_1_218' title='bbox 1459 2537 1628 2594; x_wconf 85' lang='lat' dir='ltr'><strong>Patre,</strong></span> <span class='ocrx_word' id='word_1_219' title='bbox 1653 2538 1727 2584; x_wconf 90' lang='grc'><strong>15.</strong></span> <span class='ocrx_word' id='word_1_220' title='bbox 1752 2536 1924 2584; x_wconf 87' lang='lat' dir='ltr'><strong>Habet</strong></span> <span class='ocrx_word' id='word_1_221' title='bbox 1941 2548 2090 2582; x_wconf 88' lang='lat' dir='ltr'><strong>sanc-</strong></span> 
     </span>
    </p>
   </div>
   <div class='ocr_carea' id='block_1_35' title="bbox 441 2597 2090 2662">
    <p class='ocr_par' dir='ltr' id='par_1_35' title="bbox 441 2597 2090 2662">
     <span class='ocr_line' id='line_1_36' title="bbox 441 2597 2090 2662; baseline -0.001 -16"><span class='ocrx_word' id='word_1_222' title='bbox 441 2599 682 2662; x_wconf 88' lang='lat' dir='ltr'><strong>tiﬁcandi</strong></span> <span class='ocrx_word' id='word_1_223' title='bbox 715 2613 914 2648; x_wconf 90' lang='lat' dir='ltr'><strong>munus</strong></span> <span class='ocrx_word' id='word_1_224' title='bbox 945 2613 1041 2661; x_wconf 92' lang='lat' dir='ltr'><strong>per</strong></span> <span class='ocrx_word' id='word_1_225' title='bbox 1067 2600 1309 2662; x_wconf 77' lang='lat' dir='ltr'><strong>gratiam,</strong></span> <span class='ocrx_word' id='word_1_226' title='bbox 1332 2602 1419 2662; x_wconf 92' lang='lat'><strong>17.</strong></span> <span class='ocrx_word' id='word_1_227' title='bbox 1467 2599 1584 2648; x_wconf 89' lang='lat' dir='ltr'><strong>Pari</strong></span> <span class='ocrx_word' id='word_1_228' title='bbox 1617 2597 1774 2646; x_wconf 90' lang='lat' dir='ltr'><strong>modo</strong></span> <span class='ocrx_word' id='word_1_229' title='bbox 1821 2597 1874 2646; x_wconf 92' lang='lat' dir='ltr'><strong>in</strong></span> <span class='ocrx_word' id='word_1_230' title='bbox 1907 2601 2090 2662; x_wconf 80' lang='lat' dir='ltr'><strong>monte</strong></span> 
     </span>
    </p>
   </div>
   <div class='ocr_carea' id='block_1_36' title="bbox 441 2659 2092 2724">
    <p class='ocr_par' dir='ltr' id='par_1_36' title="bbox 441 2659 2092 2724">
     <span class='ocr_line' id='line_1_37' title="bbox 441 2659 2092 2724; baseline -0.001 -16"><span class='ocrx_word' id='word_1_231' title='bbox 441 2661 568 2724; x_wconf 78' lang='lat' dir='ltr'><strong>Sina</strong></span> <span class='ocrx_word' id='word_1_232' title='bbox 601 2667 654 2711; x_wconf 92' lang='lat' dir='ltr'><strong>et</strong></span> <span class='ocrx_word' id='word_1_233' title='bbox 684 2662 737 2710; x_wconf 90' lang='lat' dir='ltr'><strong>in</strong></span> <span class='ocrx_word' id='word_1_234' title='bbox 769 2659 1279 2724; x_wconf 29' lang='lat' dir='ltr'><strong>Pentecoste’legem</strong></span> <span class='ocrx_word' id='word_1_235' title='bbox 1310 2661 1472 2718; x_wconf 90' lang='lat' dir='ltr'><strong>dedit,</strong></span> <span class='ocrx_word' id='word_1_236' title='bbox 1521 2665 1597 2720; x_wconf 89' lang='grc'><strong>17,</strong></span> <span class='ocrx_word' id='word_1_237' title='bbox 1638 2665 1712 2724; x_wconf 86' lang='grc'><strong>18.</strong></span> <span class='ocrx_word' id='word_1_238' title='bbox 1766 2664 1878 2709; x_wconf 85' lang='lat' dir='ltr'><strong>Non</strong></span> <span class='ocrx_word' id='word_1_239' title='bbox 1925 2663 2007 2724; x_wconf 77' lang='lat' dir='ltr'><strong>est</strong></span> <span class='ocrx_word' id='word_1_240' title='bbox 2034 2659 2092 2724; x_wconf 85' lang='lat' dir='ltr'><strong>in</strong></span> 
     </span>
    </p>
   </div>
   <div class='ocr_carea' id='block_1_37' title="bbox 441 2721 2092 2797">
    <p class='ocr_par' dir='ltr' id='par_1_37' title="bbox 441 2721 2092 2797">
     <span class='ocr_line' id='line_1_38' title="bbox 441 2721 2092 2797; baseline -0.001 -25"><span class='ocrx_word' id='word_1_241' title='bbox 441 2722 583 2797; x_wconf 80' lang='lat' dir='ltr'><strong>loco,</strong></span> <span class='ocrx_word' id='word_1_242' title='bbox 613 2727 690 2774; x_wconf 92' lang='lat'><strong>34.</strong></span> <span class='ocrx_word' id='word_1_243' title='bbox 725 2724 952 2797; x_wconf 75' lang='lat' dir='ltr'><strong>Spiritus</strong></span> <span class='ocrx_word' id='word_1_244' title='bbox 977 2721 1213 2797; x_wconf 66' lang='lat' dir='ltr'><strong>sanctus,</strong></span> <span class='ocrx_word' id='word_1_245' title='bbox 1234 2724 1552 2797; x_wconf 77' lang='lat' dir='ltr'><strong>cur_dici_tur</strong></span> <span class='ocrx_word' id='word_1_246' title='bbox 1573 2723 1819 2797; x_wconf 53' lang='lat' dir='ltr'><strong>Spiritus,</strong></span> <span class='ocrx_word' id='word_1_247' title='bbox 1841 2724 1948 2772; x_wconf 84' lang='lat'><strong>284.</strong></span> <span class='ocrx_word' id='word_1_248' title='bbox 1975 2721 2092 2797; x_wconf 71' lang='lat' dir='ltr'><strong>Spi-</strong></span> 
     </span>
    </p>
   </div>
   <div class='ocr_carea' id='block_1_38' title="bbox 440 2784 2090 2849">
    <p class='ocr_par' dir='ltr' id='par_1_38' title="bbox 440 2784 2090 2849">
     <span class='ocr_line' id='line_1_39' title="bbox 440 2784 2090 2849; baseline -0.001 -15"><span class='ocrx_word' id='word_1_249' title='bbox 440 2787 575 2835; x_wconf 87' lang='lat' dir='ltr'><strong>ritus</strong></span> <span class='ocrx_word' id='word_1_250' title='bbox 605 2784 776 2836; x_wconf 85' lang='lat' dir='ltr'><strong>sancti</strong></span> <span class='ocrx_word' id='word_1_251' title='bbox 801 2787 970 2836; x_wconf 88' lang='lat' dir='ltr'><strong>deitas</strong></span> <span class='ocrx_word' id='word_1_252' title='bbox 1000 2789 1276 2849; x_wconf 82' lang='lat' dir='ltr'><strong>probatur,</strong></span> <span class='ocrx_word' id='word_1_253' title='bbox 1312 2790 1399 2836; x_wconf 89' lang='lat'><strong>176</strong></span> <span class='ocrx_word' id='word_1_254' title='bbox 1430 2791 1481 2835; x_wconf 88' lang='lat' dir='ltr'><strong>ct</strong></span> <span class='ocrx_word' id='word_1_255' title='bbox 1511 2784 1659 2849; x_wconf 81' lang='lat' dir='ltr'><strong>seqq.</strong></span> <span class='ocrx_word' id='word_1_256' title='bbox 1712 2786 1802 2849; x_wconf 85' lang='lat' dir='ltr'><strong>Est</strong></span> <span class='ocrx_word' id='word_1_257' title='bbox 1829 2784 2090 2834; x_wconf 89' lang='lat' dir='ltr'><strong>consubs-</strong></span> 
     </span>
    </p>
   </div>
   <div class='ocr_carea' id='block_1_39' title="bbox 438 2800 2092 2912">
    <p class='ocr_par' dir='ltr' id='par_1_39' title="bbox 438 2800 2092 2912">
     <span class='ocr_line' id='line_1_40' title="bbox 440 2800 2090 2849; baseline -0.001 -15"><span class='ocrx_word' id='word_1_258' title='bbox 440 2800 575 2835; x_wconf 83' lang='lat' dir='ltr'><strong>ritus</strong></span> <span class='ocrx_word' id='word_1_259' title='bbox 605 2800 775 2836; x_wconf 83' lang='lat' dir='ltr'><strong>sancti</strong></span> <span class='ocrx_word' id='word_1_260' title='bbox 801 2800 970 2836; x_wconf 77' lang='lat' dir='ltr'><strong>uenas</strong></span> <span class='ocrx_word' id='word_1_261' title='bbox 1037 2800 1276 2844; x_wconf 81' lang='lat' dir='ltr'><strong>ronatur,</strong></span> <span class='ocrx_word' id='word_1_262' title='bbox 1312 2800 1399 2836; x_wconf 76' lang='lat'><strong>1&#39;16</strong></span> <span class='ocrx_word' id='word_1_263' title='bbox 1430 2800 1481 2835; x_wconf 82' lang='lat' dir='ltr'><strong>et</strong></span> <span class='ocrx_word' id='word_1_264' title='bbox 1511 2801 1601 2849; x_wconf 89' lang='lat' dir='ltr'><strong>seq</strong></span> <span class='ocrx_word' id='word_1_265' title='bbox 1649 2823 1659 2833; x_wconf 93' lang='lat'><strong>.</strong></span> <span class='ocrx_word' id='word_1_266' title='bbox 1712 2800 1802 2834; x_wconf 73' lang='lat' dir='ltr'><strong>Est</strong></span> <span class='ocrx_word' id='word_1_267' title='bbox 1829 2800 2090 2834; x_wconf 79' lang='lat' dir='ltr'><strong>consubs-</strong></span> 
     </span>
     <span class='ocr_line' id='line_1_41' title="bbox 438 2800 2092 2912; baseline -0.001 -14"><span class='ocrx_word' id='word_1_268' title='bbox 438 2850 683 2898; x_wconf 88' lang='lat' dir='ltr'><strong>tantialis</strong></span> <span class='ocrx_word' id='word_1_269' title='bbox 719 2850 867 2912; x_wconf 87' lang='lat' dir='ltr'><strong>Patri</strong></span> <span class='ocrx_word' id='word_1_270' title='bbox 909 2854 958 2899; x_wconf 91' lang='lat' dir='ltr'><strong>et</strong></span> <span class='ocrx_word' id='word_1_271' title='bbox 1000 2802 1150 2906; x_wconf 48' lang='lat' dir='ltr'><strong>gilio,</strong></span> <span class='ocrx_word' id='word_1_272' title='bbox 1187 2852 1292 2899; x_wconf 89' lang='grc'><strong>179.</strong></span> <span class='ocrx_word' id='word_1_273' title='bbox 1340 2849 1565 2912; x_wconf 90' lang='lat' dir='ltr'><strong>Spiritus</strong></span> <span class='ocrx_word' id='word_1_274' title='bbox 1609 2800 1884 2897; x_wconf 45' lang='lat' dir='ltr'><strong>gerebatur</strong></span> <span class='ocrx_word' id='word_1_275' title='bbox 1931 2861 2092 2912; x_wconf 88' lang='lat' dir='ltr'><strong>super</strong></span> 
     </span>
    </p>
   </div>
   <div class='ocr_carea' id='block_1_40' title="bbox 439 2861 2090 3038">
    <p class='ocr_par' dir='ltr' id='par_1_40' title="bbox 439 2861 2090 3038">
     <span class='ocr_line' id='line_1_42' title="bbox 439 2861 2090 2958; baseline -0.002 -60"><span class='ocrx_word' id='word_1_276' title='bbox 439 2861 683 2898; x_wconf 83' lang='lat' dir='ltr'><strong>tantiaus</strong></span> <span class='ocrx_word' id='word_1_277' title='bbox 732 2861 867 2898; x_wconf 74' lang='lat' dir='ltr'><strong>Patri</strong></span> <span class='ocrx_word' id='word_1_278' title='bbox 909 2861 958 2899; x_wconf 85' lang='lat' dir='ltr'><strong>et</strong></span> <span class='ocrx_word' id='word_1_279' title='bbox 1006 2861 1150 2906; x_wconf 71' lang='lat' dir='ltr'><strong>F1110,</strong></span> <span class='ocrx_word' id='word_1_280' title='bbox 1187 2861 1292 2899; x_wconf 82' lang='grc'><strong>179.</strong></span> <span class='ocrx_word' id='word_1_281' title='bbox 1340 2861 1565 2912; x_wconf 79' lang='lat' dir='ltr'><strong>Spiritus</strong></span> <span class='ocrx_word' id='word_1_282' title='bbox 1612 2861 1884 2897; x_wconf 81' lang='lat' dir='ltr'><strong>ierenatur</strong></span> <span class='ocrx_word' id='word_1_283' title='bbox 1931 2861 2090 2958; x_wconf 81' lang='lat' dir='ltr'><strong>super</strong></span> 
     </span>
     <span class='ocr_line' id='line_1_43' title="bbox 441 2911 2090 3022; baseline -0.001 -62"><span class='ocrx_word' id='word_1_284' title='bbox 441 2925 609 2974; x_wconf 88' lang='lat' dir='ltr'><strong>aquas</strong></span> <span class='ocrx_word' id='word_1_285' title='bbox 637 2911 758 2974; x_wconf 92' lang='lat' dir='ltr'><strong>quis</strong></span> <span class='ocrx_word' id='word_1_286' title='bbox 781 2914 804 2959; x_wconf 87' lang='lat'><strong>?</strong></span> <span class='ocrx_word' id='word_1_287' title='bbox 834 2915 942 2962; x_wconf 89' lang='lat'><strong>205.</strong></span> <span class='ocrx_word' id='word_1_288' title='bbox 966 2913 1195 2986; x_wconf 83' lang='lat' dir='ltr'><strong>Spiritus</strong></span> <span class='ocrx_word' id='word_1_289' title='bbox 1217 2916 1435 2961; x_wconf 82' lang='lat' dir='ltr'><strong>sanctus</strong></span> <span class='ocrx_word' id='word_1_290' title='bbox 1455 2911 1832 3022; x_wconf 69' lang='lat' dir='ltr'><strong>noanrocedit</strong></span> <span class='ocrx_word' id='word_1_291' title='bbox 1853 2923 1914 2984; x_wconf 77' lang='lat' dir='ltr'><strong>ex</strong></span> <span class='ocrx_word' id='word_1_292' title='bbox 1939 2911 2002 2983; x_wconf 36' lang='lat' dir='ltr'><strong>Fi.</strong></span> <span class='ocrx_word' id='word_1_293' title='bbox 2018 2911 2090 2982; x_wconf 81' lang='lat' dir='ltr'><strong>io,</strong></span> 
     </span>
     <span class='ocr_line' id='line_1_44' title="bbox 439 2973 2088 3038; baseline -0.004 -12"><span class='ocrx_word' id='word_1_294' title='bbox 439 2975 523 3026; x_wconf 82' lang='grc'><strong>281</strong></span> <span class='ocrx_word' id='word_1_295' title='bbox 555 2979 608 3024; x_wconf 92' lang='lat' dir='ltr'><strong>et</strong></span> <span class='ocrx_word' id='word_1_296' title='bbox 637 2988 788 3038; x_wconf 90' lang='lat' dir='ltr'><strong>seqq.</strong></span> <span class='ocrx_word' id='word_1_297' title='bbox 818 2975 911 3038; x_wconf 84' lang='lat' dir='ltr'><strong>Est</strong></span> <span class='ocrx_word' id='word_1_298' title='bbox 939 2975 1137 3023; x_wconf 72' lang='lat' dir='ltr'><strong>lelDtB</strong></span> <span class='ocrx_word' id='word_1_299' title='bbox 1169 2978 1533 3038; x_wconf 10' lang='lat' dir='ltr'><strong>naturas,r41l.</strong></span> <span class='ocrx_word' id='word_1_300' title='bbox 1607 2977 1656 3022; x_wconf 94' lang='lat' dir='ltr'><strong>st</strong></span> <span class='ocrx_word' id='word_1_301' title='bbox 1683 2977 1931 3038; x_wconf 64' lang='lat' dir='ltr'><strong>essentia:</strong></span> <span class='ocrx_word' id='word_1_302' title='bbox 1953 2973 2088 3038; x_wconf 80' lang='lat' dir='ltr'><strong>divi-</strong></span> 
     </span>
    </p>
   </div>
   <div class='ocr_carea' id='block_1_41' title="bbox 779 3010 1533 3033">
    <p class='ocr_par' dir='ltr' id='par_1_41' title="bbox 779 3010 1533 3033">
     <span class='ocr_line' id='line_1_45' title="bbox 779 3010 1533 3033; baseline -0.001 -10"><span class='ocrx_word' id='word_1_303' title='bbox 779 3013 788 3023; x_wconf 77' lang='grc' dir='ltr'>ι</span> <span class='ocrx_word' id='word_1_304' title='bbox 820 3010 911 3023; x_wconf 63' lang='lat' dir='ltr'><strong>“vv</strong></span> <span class='ocrx_word' id='word_1_305' title='bbox 940 3010 1137 3023; x_wconf 69' lang='grc' dir='ltr'><strong>μινιυω</strong></span> <span class='ocrx_word' id='word_1_306' title='bbox 1171 3010 1393 3033; x_wconf 64' lang='grc' dir='ltr'><strong>υιιυυιω,</strong></span> <span class='ocrx_word' id='word_1_307' title='bbox 1427 3010 1533 3024; x_wconf 66' lang='grc' dir='ltr'><strong>Ἰ...</strong></span> 
     </span>
    </p>
   </div>
   <div class='ocr_carea' id='block_1_42' title="bbox 441 3035 2087 3098">
    <p class='ocr_par' dir='ltr' id='par_1_42' title="bbox 441 3035 2087 3098">
     <span class='ocr_line' id='line_1_46' title="bbox 441 3035 2087 3098; baseline -0.001 -13"><span class='ocrx_word' id='word_1_308' title='bbox 441 3050 546 3091; x_wconf 71' lang='lat' dir='ltr'><strong>nos,</strong></span> <span class='ocrx_word' id='word_1_309' title='bbox 565 3040 672 3087; x_wconf 87' lang='grc'><strong>411.</strong></span> <span class='ocrx_word' id='word_1_310' title='bbox 698 3035 787 3085; x_wconf 80' lang='lat' dir='ltr'><strong>Est</strong></span> <span class='ocrx_word' id='word_1_311' title='bbox 808 3037 978 3094; x_wconf 86' lang='lat' dir='ltr'><strong>ﬂatus,</strong></span> <span class='ocrx_word' id='word_1_312' title='bbox 1005 3039 1116 3087; x_wconf 90' lang='lat'><strong>436.</strong></span> <span class='ocrx_word' id='word_1_313' title='bbox 1134 3038 1222 3086; x_wconf 88' lang='lat' dir='ltr'><strong>Est</strong></span> <span class='ocrx_word' id='word_1_314' title='bbox 1241 3051 1302 3086; x_wconf 88' lang='lat' dir='ltr'><strong>ex</strong></span> <span class='ocrx_word' id='word_1_315' title='bbox 1326 3037 1415 3086; x_wconf 90' lang='lat' dir='ltr'><strong>Dei</strong></span> <span class='ocrx_word' id='word_1_316' title='bbox 1437 3037 1752 3092; x_wconf 87' lang='lat' dir='ltr'><strong>substantia,</strong></span> <span class='ocrx_word' id='word_1_317' title='bbox 1773 3038 1862 3086; x_wconf 84' lang='lat'><strong>443</strong></span> <span class='ocrx_word' id='word_1_318' title='bbox 1874 3035 2087 3098; x_wconf 81' lang='lat' dir='ltr'><strong>passim.</strong></span> 
     </span>
    </p>
   </div>
   <div class='ocr_carea' id='block_1_43' title="bbox 440 3099 2088 3162">
    <p class='ocr_par' dir='ltr' id='par_1_43' title="bbox 440 3099 2088 3162">
     <span class='ocr_line' id='line_1_47' title="bbox 440 3099 2088 3162; baseline -0.001 -14"><span class='ocrx_word' id='word_1_319' title='bbox 440 3100 534 3148; x_wconf 89' lang='lat' dir='ltr'><strong>Est</strong></span> <span class='ocrx_word' id='word_1_320' title='bbox 567 3101 725 3155; x_wconf 87' lang='lat' dir='ltr'><strong>Deus,</strong></span> <span class='ocrx_word' id='word_1_321' title='bbox 756 3101 847 3148; x_wconf 85' lang='lat'><strong>449</strong></span> <span class='ocrx_word' id='word_1_322' title='bbox 877 3106 930 3149; x_wconf 92' lang='lat' dir='ltr'><strong>et</strong></span> <span class='ocrx_word' id='word_1_323' title='bbox 959 3113 1125 3162; x_wconf 91' lang='lat' dir='ltr'><strong>seqq.,</strong></span> <span class='ocrx_word' id='word_1_324' title='bbox 1162 3101 1267 3150; x_wconf 89' lang='lat'><strong>484.</strong></span> <span class='ocrx_word' id='word_1_325' title='bbox 1302 3100 1558 3154; x_wconf 87' lang='lat' dir='ltr'><strong>Procedit.</strong></span> <span class='ocrx_word' id='word_1_326' title='bbox 1580 3100 1688 3150; x_wconf 87' lang='lat'><strong>282.</strong></span> <span class='ocrx_word' id='word_1_327' title='bbox 1720 3099 1947 3162; x_wconf 78' lang='lat' dir='ltr'><strong>Spiritus</strong></span> <span class='ocrx_word' id='word_1_328' title='bbox 1967 3111 2088 3147; x_wconf 88' lang='lat' dir='ltr'><strong>san-</strong></span> 
     </span>
    </p>
   </div>
   <div class='ocr_carea' id='block_1_44' title="bbox 440 3161 2086 3219">
    <p class='ocr_par' dir='ltr' id='par_1_44' title="bbox 440 3161 2086 3219">
     <span class='ocr_line' id='line_1_48' title="bbox 440 3161 2086 3219; baseline -0.001 -9"><span class='ocrx_word' id='word_1_329' title='bbox 440 3166 559 3210; x_wconf 87' lang='lat' dir='ltr'><strong>ctus</strong></span> <span class='ocrx_word' id='word_1_330' title='bbox 587 3161 821 3211; x_wconf 85' lang='lat' dir='ltr'><strong>viviﬁcat</strong></span> <span class='ocrx_word' id='word_1_331' title='bbox 851 3167 908 3212; x_wconf 92' lang='lat' dir='ltr'><strong>ut</strong></span> <span class='ocrx_word' id='word_1_332' title='bbox 938 3161 1092 3211; x_wconf 84' lang='lat' dir='ltr'><strong>Pater</strong></span> <span class='ocrx_word' id='word_1_333' title='bbox 1121 3166 1173 3210; x_wconf 90' lang='lat' dir='ltr'><strong>et</strong></span> <span class='ocrx_word' id='word_1_334' title='bbox 1204 3162 1383 3217; x_wconf 87' lang='lat' dir='ltr'><strong>Filius.</strong></span> <span class='ocrx_word' id='word_1_335' title='bbox 1417 3165 1526 3212; x_wconf 81' lang='grc'><strong>452.</strong></span> <span class='ocrx_word' id='word_1_336' title='bbox 1558 3163 1619 3210; x_wconf 90' lang='lat' dir='ltr'><strong>Et</strong></span> <span class='ocrx_word' id='word_1_337' title='bbox 1649 3161 1960 3219; x_wconf 89' lang='lat' dir='ltr'><strong>sanctiﬁcat,</strong></span> <span class='ocrx_word' id='word_1_338' title='bbox 1977 3163 2086 3211; x_wconf 85' lang='lat'><strong>452.</strong></span> 
     </span>
    </p>
   </div>
   <div class='ocr_carea' id='block_1_45' title="bbox 440 3223 2090 3283">
    <p class='ocr_par' dir='ltr' id='par_1_45' title="bbox 440 3223 2090 3283">
     <span class='ocr_line' id='line_1_49' title="bbox 440 3223 2090 3283; baseline 0 -10"><span class='ocrx_word' id='word_1_339' title='bbox 440 3223 696 3273; x_wconf 91' lang='lat' dir='ltr'><strong>Eamdem</strong></span> <span class='ocrx_word' id='word_1_340' title='bbox 728 3224 1022 3274; x_wconf 86' lang='lat' dir='ltr'><strong>doctrinam</strong></span> <span class='ocrx_word' id='word_1_341' title='bbox 1055 3225 1231 3283; x_wconf 88' lang='lat' dir='ltr'><strong>tradit,</strong></span> <span class='ocrx_word' id='word_1_342' title='bbox 1274 3227 1383 3273; x_wconf 82' lang='grc'><strong>453.</strong></span> <span class='ocrx_word' id='word_1_343' title='bbox 1414 3226 1560 3275; x_wconf 91' lang='lat' dir='ltr'><strong>Unus</strong></span> <span class='ocrx_word' id='word_1_344' title='bbox 1591 3229 1668 3274; x_wconf 88' lang='lat' dir='ltr'><strong>est</strong></span> <span class='ocrx_word' id='word_1_345' title='bbox 1699 3238 1818 3273; x_wconf 91' lang='lat' dir='ltr'><strong>cum</strong></span> <span class='ocrx_word' id='word_1_346' title='bbox 1850 3225 2003 3274; x_wconf 90' lang='lat' dir='ltr'><strong>Patre</strong></span> <span class='ocrx_word' id='word_1_347' title='bbox 2035 3227 2090 3273; x_wconf 89' lang='lat' dir='ltr'><strong>et</strong></span> 
     </span>
    </p>
   </div>
   <div class='ocr_carea' id='block_1_46' title="bbox 438 3288 1329 3344">
    <p class='ocr_par' dir='ltr' id='par_1_46' title="bbox 438 3288 1329 3344">
     <span class='ocr_line' id='line_1_50' title="bbox 438 3288 1329 3344; baseline -0.002 -7"><span class='ocrx_word' id='word_1_348' title='bbox 438 3288 567 3337; x_wconf 91' lang='lat' dir='ltr'><strong>Filio</strong></span> <span class='ocrx_word' id='word_1_349' title='bbox 598 3301 859 3336; x_wconf 90' lang='lat' dir='ltr'><strong>consensu</strong></span> <span class='ocrx_word' id='word_1_350' title='bbox 895 3291 950 3336; x_wconf 91' lang='lat' dir='ltr'><strong>et</strong></span> <span class='ocrx_word' id='word_1_351' title='bbox 980 3293 1189 3344; x_wconf 91' lang='lat' dir='ltr'><strong>natura,</strong></span> <span class='ocrx_word' id='word_1_352' title='bbox 1223 3289 1329 3337; x_wconf 90' lang='lat'><strong>485.</strong></span> 
     </span>
    </p>
   </div>
   <div class='ocr_carea' id='block_1_47' title="bbox 503 3349 1513 3408">
    <p class='ocr_par' dir='ltr' id='par_1_47' title="bbox 503 3349 1513 3408">
     <span class='ocr_line' id='line_1_51' title="bbox 503 3349 1513 3408; baseline 0 -10"><span class='ocrx_word' id='word_1_353' title='bbox 503 3350 822 3398; x_wconf 89' lang='lat' dir='ltr'><strong>Sticharium</strong></span> <span class='ocrx_word' id='word_1_354' title='bbox 856 3351 1134 3399; x_wconf 86' lang='lat' dir='ltr'><strong>monachis</strong></span> <span class='ocrx_word' id='word_1_355' title='bbox 1161 3349 1218 3399; x_wconf 91' lang='lat' dir='ltr'><strong>in</strong></span> <span class='ocrx_word' id='word_1_356' title='bbox 1255 3364 1372 3408; x_wconf 90' lang='lat' dir='ltr'><strong>usu,</strong></span> <span class='ocrx_word' id='word_1_357' title='bbox 1406 3352 1513 3399; x_wconf 86' lang='lat'><strong>306.</strong></span> 
     </span>
    </p>
   </div>
   <div class='ocr_carea' id='block_1_48' title="bbox 501 3411 2085 3472">
    <p class='ocr_par' dir='ltr' id='par_1_48' title="bbox 501 3411 2085 3472">
     <span class='ocr_line' id='line_1_52' title="bbox 501 3411 2085 3472; baseline -0.001 -10"><span class='ocrx_word' id='word_1_358' title='bbox 501 3413 833 3470; x_wconf 88' lang='lat' dir='ltr'><strong>Substantia,</strong></span> <span class='ocrx_word' id='word_1_359' title='bbox 860 3427 1047 3472; x_wconf 84' lang='lat' dir='ltr'><strong>genus.</strong></span> <span class='ocrx_word' id='word_1_360' title='bbox 1069 3416 1280 3470; x_wconf 87' lang='lat' dir='ltr'><strong>natura,</strong></span> <span class='ocrx_word' id='word_1_361' title='bbox 1300 3413 1487 3470; x_wconf 90' lang='lat' dir='ltr'><strong>forma,</strong></span> <span class='ocrx_word' id='word_1_362' title='bbox 1508 3425 1675 3460; x_wconf 92' lang='lat' dir='ltr'><strong>unum</strong></span> <span class='ocrx_word' id='word_1_363' title='bbox 1707 3415 1755 3461; x_wconf 84' lang='lat' dir='ltr'><strong>et</strong></span> <span class='ocrx_word' id='word_1_364' title='bbox 1779 3411 1918 3461; x_wconf 91' lang='lat' dir='ltr'><strong>idem</strong></span> <span class='ocrx_word' id='word_1_365' title='bbox 1942 3416 2085 3472; x_wconf 90' lang='lat' dir='ltr'><strong>sunt,</strong></span> 
     </span>
    </p>
   </div>
   <div class='ocr_carea' id='block_1_49' title="bbox 440 3475 1776 3537">
    <p class='ocr_par' dir='ltr' id='par_1_49' title="bbox 440 3475 1776 3537">
     <span class='ocr_line' id='line_1_53' title="bbox 440 3475 1776 3537; baseline -0.001 -13"><span class='ocrx_word' id='word_1_366' title='bbox 440 3477 548 3524; x_wconf 90' lang='grc'><strong>194.</strong></span> <span class='ocrx_word' id='word_1_367' title='bbox 582 3475 904 3524; x_wconf 71' lang='lat' dir='ltr'><strong>Substantiaa</strong></span> <span class='ocrx_word' id='word_1_368' title='bbox 939 3475 1357 3537; x_wconf 88' lang='lat' dir='ltr'><strong>signiﬁcationes</strong></span> <span class='ocrx_word' id='word_1_369' title='bbox 1388 3475 1630 3534; x_wconf 67' lang='lat' dir='ltr'><strong>diversas,</strong></span> <span class='ocrx_word' id='word_1_370' title='bbox 1661 3478 1776 3525; x_wconf 88' lang='lat'><strong>567.</strong></span> 
     </span>
    </p>
   </div>
   <div class='ocr_carea' id='block_1_50' title="bbox 503 3537 1266 3600">
    <p class='ocr_par' dir='ltr' id='par_1_50' title="bbox 503 3537 1266 3600">
     <span class='ocr_line' id='line_1_54' title="bbox 503 3537 1266 3600; baseline -0.001 -13"><span class='ocrx_word' id='word_1_371' title='bbox 503 3538 715 3600; x_wconf 90' lang='lat' dir='ltr'><strong>Sulpitii</strong></span> <span class='ocrx_word' id='word_1_372' title='bbox 747 3538 928 3588; x_wconf 89' lang='lat' dir='ltr'><strong>Severi</strong></span> <span class='ocrx_word' id='word_1_373' title='bbox 959 3537 1127 3599; x_wconf 91' lang='lat' dir='ltr'><strong>locus,</strong></span> <span class='ocrx_word' id='word_1_374' title='bbox 1159 3539 1266 3588; x_wconf 86' lang='lat'><strong>574.</strong></span> 
     </span>
    </p>
   </div>
   <div class='ocr_carea' id='block_1_51' title="bbox 500 3600 2086 3663">
    <p class='ocr_par' dir='ltr' id='par_1_51' title="bbox 500 3600 2086 3663">
     <span class='ocr_line' id='line_1_55' title="bbox 500 3600 2086 3663; baseline -0.001 -13"><span class='ocrx_word' id='word_1_375' title='bbox 500 3600 759 3663; x_wconf 85' lang='lat' dir='ltr'><strong>Superbia</strong></span> <span class='ocrx_word' id='word_1_376' title='bbox 782 3601 1052 3663; x_wconf 84' lang='lat' dir='ltr'><strong>fugienda,</strong></span> <span class='ocrx_word' id='word_1_377' title='bbox 1077 3604 1186 3651; x_wconf 85' lang='lat'><strong>328.</strong></span> <span class='ocrx_word' id='word_1_378' title='bbox 1211 3601 1470 3663; x_wconf 87' lang='lat' dir='ltr'><strong>Malorum</strong></span> <span class='ocrx_word' id='word_1_379' title='bbox 1502 3612 1814 3663; x_wconf 90' lang='lat' dir='ltr'><strong>supremum</strong></span> <span class='ocrx_word' id='word_1_380' title='bbox 1847 3603 1944 3663; x_wconf 83' lang='lat' dir='ltr'><strong>est,</strong></span> <span class='ocrx_word' id='word_1_381' title='bbox 1976 3601 2086 3649; x_wconf 91' lang='lat'><strong>628.</strong></span> 
     </span>
    </p>
   </div>
   <div class='ocr_carea' id='block_1_52' title="bbox 501 3615 2086 3727">
    <p class='ocr_par' dir='ltr' id='par_1_52' title="bbox 501 3615 2086 3727">
     <span class='ocr_line' id='line_1_56' title="bbox 501 3615 2086 3663; baseline -0.001 -14"><span class='ocrx_word' id='word_1_382' title='bbox 501 3615 569 3650; x_wconf 79' lang='lat' dir='ltr'><strong>bu</strong></span> <span class='ocrx_word' id='word_1_383' title='bbox 613 3615 759 3649; x_wconf 87' lang='lat' dir='ltr'><strong>erma</strong></span> <span class='ocrx_word' id='word_1_384' title='bbox 782 3615 1052 3663; x_wconf 79' lang='lat' dir='ltr'><strong>rugienaa,</strong></span> <span class='ocrx_word' id='word_1_385' title='bbox 1077 3615 1186 3651; x_wconf 78' lang='lat'><strong>328.</strong></span> <span class='ocrx_word' id='word_1_386' title='bbox 1211 3615 1470 3649; x_wconf 80' lang='lat' dir='ltr'><strong>maiorum</strong></span> <span class='ocrx_word' id='word_1_387' title='bbox 1502 3615 1814 3661; x_wconf 89' lang='lat' dir='ltr'><strong>supremum</strong></span> <span class='ocrx_word' id='word_1_388' title='bbox 1847 3615 1944 3657; x_wconf 82' lang='lat' dir='ltr'><strong>est,</strong></span> <span class='ocrx_word' id='word_1_389' title='bbox 1976 3615 2086 3649; x_wconf 81' lang='lat' dir='ltr'><strong>ozs.</strong></span> 
     </span>
     <span class='ocr_line' id='line_1_57' title="bbox 501 3615 2086 3727; baseline -0.001 -15"><span class='ocrx_word' id='word_1_390' title='bbox 501 3615 835 3727; x_wconf 68' lang='lat' dir='ltr'><strong>Syﬂogistica</strong></span> <span class='ocrx_word' id='word_1_391' title='bbox 865 3664 1154 3727; x_wconf 88' lang='lat' dir='ltr'><strong>disputatio</strong></span> <span class='ocrx_word' id='word_1_392' title='bbox 1183 3662 1573 3727; x_wconf 70' lang='lat' dir='ltr'><strong>Apollinaristm</strong></span> <span class='ocrx_word' id='word_1_393' title='bbox 1604 3675 1724 3727; x_wconf 83' lang='lat' dir='ltr'><strong>cum</strong></span> <span class='ocrx_word' id='word_1_394' title='bbox 1759 3661 2086 3721; x_wconf 90' lang='lat' dir='ltr'><strong>Orthodoxo,</strong></span> 
     </span>
    </p>
   </div>
   <div class='ocr_carea' id='block_1_53' title="bbox 441 3725 2025 3790">
    <p class='ocr_par' dir='ltr' id='par_1_53' title="bbox 441 3725 2025 3790">
     <span class='ocr_line' id='line_1_58' title="bbox 441 3725 2025 3790; baseline -0.001 -16"><span class='ocrx_word' id='word_1_395' title='bbox 441 3725 615 3790; x_wconf 58' lang='lat' dir='ltr'><strong>464&#39;et</strong></span> <span class='ocrx_word' id='word_1_396' title='bbox 643 3725 790 3790; x_wconf 87' lang='lat' dir='ltr'><strong>seqq.</strong></span> <span class='ocrx_word' id='word_1_397' title='bbox 821 3727 884 3775; x_wconf 90' lang='lat' dir='ltr'><strong>Et</strong></span> <span class='ocrx_word' id='word_1_398' title='bbox 913 3725 1294 3790; x_wconf 84' lang='lat' dir='ltr'><strong>responsiones</strong></span> <span class='ocrx_word' id='word_1_399' title='bbox 1321 3725 1650 3790; x_wconf 86' lang='lat' dir='ltr'><strong>Orthodoxi,_</strong></span> <span class='ocrx_word' id='word_1_400' title='bbox 1671 3727 1760 3790; x_wconf 89' lang='lat'><strong>46_4</strong></span> <span class='ocrx_word' id='word_1_401' title='bbox 1790 3728 1842 3790; x_wconf 82' lang='lat' dir='ltr'><strong>et</strong></span> <span class='ocrx_word' id='word_1_402' title='bbox 1876 3738 2025 3788; x_wconf 91' lang='lat' dir='ltr'><strong>seqq.</strong></span> 
     </span>
    </p>
   </div>
   <div class='ocr_carea' id='block_1_54' title="bbox 503 3786 2088 3852">
    <p class='ocr_par' dir='ltr' id='par_1_54' title="bbox 503 3786 2088 3852">
     <span class='ocr_line' id='line_1_59' title="bbox 503 3786 2088 3852; baseline -0.001 -15"><span class='ocrx_word' id='word_1_403' title='bbox 503 3786 854 3852; x_wconf 74' lang='lat' dir='ltr'><strong>Symmachus</strong></span> <span class='ocrx_word' id='word_1_404' title='bbox 882 3786 1056 3850; x_wconf 83' lang='lat' dir='ltr'><strong>primo</strong></span> <span class='ocrx_word' id='word_1_405' title='bbox 1088 3789 1472 3852; x_wconf 85' lang='lat' dir='ltr'><strong>Samaritanus,</strong></span> <span class='ocrx_word' id='word_1_406' title='bbox 1498 3787 1687 3852; x_wconf 81' lang='lat' dir='ltr'><strong>exinde</strong></span> <span class='ocrx_word' id='word_1_407' title='bbox 1710 3786 2088 3852; x_wconf 50' lang='lat' dir='ltr'><strong>Judaausf156.</strong></span> 
     </span>
    </p>
   </div>
   <div class='ocr_carea' id='block_1_55' title="bbox 437 3849 2092 3914">
    <p class='ocr_par' dir='ltr' id='par_1_55' title="bbox 437 3849 2092 3914">
     <span class='ocr_line' id='line_1_60' title="bbox 437 3849 2092 3914; baseline -0.001 -14"><span class='ocrx_word' id='word_1_408' title='bbox 437 3849 611 3900; x_wconf 85' lang='lat' dir='ltr'><strong>Vertit</strong></span> <span class='ocrx_word' id='word_1_409' title='bbox 641 3849 988 3913; x_wconf 79' lang='lat' dir='ltr'><strong>Scripturam,</strong></span> <span class='ocrx_word' id='word_1_410' title='bbox 1025 3854 1132 3900; x_wconf 89' lang='grc'><strong>156.</strong></span> <span class='ocrx_word' id='word_1_411' title='bbox 1167 3849 1466 3914; x_wconf 88' lang='lat' dir='ltr'><strong>Symmachi</strong></span> <span class='ocrx_word' id='word_1_412' title='bbox 1494 3851 1668 3898; x_wconf 87' lang='lat' dir='ltr'><strong>versio</strong></span> <span class='ocrx_word' id='word_1_413' title='bbox 1697 3852 1756 3899; x_wconf 88' lang='lat'><strong>56</strong></span> <span class='ocrx_word' id='word_1_414' title='bbox 1787 3850 1940 3898; x_wconf 91' lang='lat' dir='ltr'><strong>annis</strong></span> <span class='ocrx_word' id='word_1_415' title='bbox 1970 3854 2092 3913; x_wconf 88' lang='lat' dir='ltr'><strong>post</strong></span> 
     </span>
    </p>
   </div>
   <div class='ocr_carea' id='block_1_56' title="bbox 439 3914 1150 3972">
    <p class='ocr_par' dir='ltr' id='par_1_56' title="bbox 439 3914 1150 3972">
     <span class='ocr_line' id='line_1_61' title="bbox 439 3914 1150 3972; baseline -0.004 -9"><span class='ocrx_word' id='word_1_416' title='bbox 439 3914 649 3972; x_wconf 70' lang='lat' dir='ltr'><strong>Aquilae</strong></span> <span class='ocrx_word' id='word_1_417' title='bbox 681 3914 1006 3972; x_wconf 81' lang='lat' dir='ltr'><strong>versionem,</strong></span> <span class='ocrx_word' id='word_1_418' title='bbox 1045 3916 1150 3963; x_wconf 88' lang='lat'><strong>156.</strong></span> 
     </span>
    </p>
   </div>
   <div class='ocr_carea' id='block_1_57' title="bbox 541 3973 2091 4039">
    <p class='ocr_par' dir='ltr' id='par_1_57' title="bbox 541 3973 2091 4039">
     <span class='ocr_line' id='line_1_62' title="bbox 541 3973 2091 4039; baseline 0 -15"><span class='ocrx_word' id='word_1_419' title='bbox 541 3976 807 4039; x_wconf 82' lang='lat' dir='ltr'><strong>yncletica</strong></span> <span class='ocrx_word' id='word_1_420' title='bbox 837 3990 898 4025; x_wconf 86' lang='lat' dir='ltr'><strong>ex</strong></span> <span class='ocrx_word' id='word_1_421' title='bbox 927 3975 1245 4039; x_wconf 8' lang='lat' dir='ltr'><strong>Macedonia,</strong></span> <span class='ocrx_word' id='word_1_422' title='bbox 1261 3973 1509 4039; x_wconf 80' lang='lat' dir='ltr'><strong>oriunda,</strong></span> <span class='ocrx_word' id='word_1_423' title='bbox 1532 3975 1641 4024; x_wconf 89' lang='lat'><strong>616.</strong></span> <span class='ocrx_word' id='word_1_424' title='bbox 1663 3973 1975 4039; x_wconf 79' lang='lat' dir='ltr'><strong>Christianis</strong></span> <span class='ocrx_word' id='word_1_425' title='bbox 1994 3988 2091 4038; x_wconf 88' lang='lat' dir='ltr'><strong>pa-</strong></span> 
     </span>
    </p>
   </div>
   <div class='ocr_carea' id='block_1_58' title="bbox 439 4036 2090 4098">
    <p class='ocr_par' dir='ltr' id='par_1_58' title="bbox 439 4036 2090 4098">
     <span class='ocr_line' id='line_1_63' title="bbox 439 4036 2090 4098; baseline 0.001 -13"><span class='ocrx_word' id='word_1_426' title='bbox 439 4036 702 4092; x_wconf 82' lang='lat' dir='ltr'><strong>rentibus.</strong></span> <span class='ocrx_word' id='word_1_427' title='bbox 719 4042 812 4088; x_wconf 89' lang='grc'><strong>616</strong></span> <span class='ocrx_word' id='word_1_428' title='bbox 848 4039 945 4096; x_wconf 90' lang='lat' dir='ltr'><strong>Qui</strong></span> <span class='ocrx_word' id='word_1_429' title='bbox 968 4053 1086 4087; x_wconf 87' lang='lat' dir='ltr'><strong>cum</strong></span> <span class='ocrx_word' id='word_1_430' title='bbox 1106 4037 1307 4086; x_wconf 80' lang='lat' dir='ltr'><strong>familia</strong></span> <span class='ocrx_word' id='word_1_431' title='bbox 1322 4038 1674 4096; x_wconf 78' lang='lat' dir='ltr'><strong>commigrent</strong></span> <span class='ocrx_word' id='word_1_432' title='bbox 1687 4036 2090 4098; x_wconf 82' lang='lat' dir='ltr'><strong>Alexandriam,</strong></span> 
     </span>
    </p>
   </div>
   <div class='ocr_carea' id='block_1_59' title="bbox 438 4099 2088 4164">
    <p class='ocr_par' dir='ltr' id='par_1_59' title="bbox 438 4099 2088 4164">
     <span class='ocr_line' id='line_1_64' title="bbox 438 4099 2088 4164; baseline 0.001 -17"><span class='ocrx_word' id='word_1_433' title='bbox 438 4102 549 4164; x_wconf 84' lang='lat'><strong>616.</strong></span> <span class='ocrx_word' id='word_1_434' title='bbox 582 4101 708 4164; x_wconf 87' lang='lat' dir='ltr'><strong>Ejus</strong></span> <span class='ocrx_word' id='word_1_435' title='bbox 757 4102 922 4150; x_wconf 89' lang='lat' dir='ltr'><strong>frater</strong></span> <span class='ocrx_word' id='word_1_436' title='bbox 970 4101 1169 4150; x_wconf 87' lang='lat' dir='ltr'><strong>secedit</strong></span> <span class='ocrx_word' id='word_1_437' title='bbox 1209 4115 1240 4164; x_wconf 84' lang='lat' dir='ltr'><strong>a</strong></span> <span class='ocrx_word' id='word_1_438' title='bbox 1269 4099 1482 4156; x_wconf 64' lang='lat' dir='ltr'><strong>saeculo,</strong></span> <span class='ocrx_word' id='word_1_439' title='bbox 1520 4102 1633 4164; x_wconf 87' lang='grc'><strong>616.</strong></span> <span class='ocrx_word' id='word_1_440' title='bbox 1685 4100 1996 4164; x_wconf 72' lang='lat' dir='ltr'><strong>Syncleticm</strong></span> <span class='ocrx_word' id='word_1_441' title='bbox 2035 4101 2088 4149; x_wconf 92' lang='lat' dir='ltr'><strong>in</strong></span> 
     </span>
    </p>
   </div>
   <div class='ocr_carea' id='block_1_60' title="bbox 438 4162 2090 4226">
    <p class='ocr_par' dir='ltr' id='par_1_60' title="bbox 438 4162 2090 4226">
     <span class='ocr_line' id='line_1_65' title="bbox 438 4162 2090 4226; baseline 0.001 -16"><span class='ocrx_word' id='word_1_442' title='bbox 438 4162 668 4213; x_wconf 83' lang='lat' dir='ltr'><strong>Infantia</strong></span> <span class='ocrx_word' id='word_1_443' title='bbox 698 4165 882 4226; x_wconf 87' lang='lat' dir='ltr'><strong>pietas,</strong></span> <span class='ocrx_word' id='word_1_444' title='bbox 915 4167 1020 4213; x_wconf 81' lang='grc'><strong>616.</strong></span> <span class='ocrx_word' id='word_1_445' title='bbox 1080 4163 1301 4226; x_wconf 86' lang='lat' dir='ltr'><strong>Nuptias</strong></span> <span class='ocrx_word' id='word_1_446' title='bbox 1342 4163 1571 4226; x_wconf 84' lang='lat' dir='ltr'><strong>respuit,</strong></span> <span class='ocrx_word' id='word_1_447' title='bbox 1616 4164 1724 4211; x_wconf 88' lang='grc'><strong>616.</strong></span> <span class='ocrx_word' id='word_1_448' title='bbox 1778 4163 2090 4225; x_wconf 84' lang='lat' dir='ltr'><strong>Voluptates</strong></span> 
     </span>
    </p>
   </div>
   <div class='ocr_carea' id='block_1_61' title="bbox 439 4225 2091 4288">
    <p class='ocr_par' dir='ltr' id='par_1_61' title="bbox 439 4225 2091 4288">
     <span class='ocr_line' id='line_1_66' title="bbox 439 4225 2091 4288; baseline 0.001 -15"><span class='ocrx_word' id='word_1_449' title='bbox 439 4226 629 4275; x_wconf 91' lang='lat' dir='ltr'><strong>mundi</strong></span> <span class='ocrx_word' id='word_1_450' title='bbox 659 4225 922 4288; x_wconf 87' lang='lat' dir='ltr'><strong>repudiat,</strong></span> <span class='ocrx_word' id='word_1_451' title='bbox 954 4230 1063 4275; x_wconf 91' lang='lat'><strong>617.</strong></span> <span class='ocrx_word' id='word_1_452' title='bbox 1113 4226 1153 4274; x_wconf 81' lang='grc' dir='ltr'><strong>Α</strong></span> <span class='ocrx_word' id='word_1_453' title='bbox 1180 4225 1387 4288; x_wconf 88' lang='lat' dir='ltr'><strong>jejunio</strong></span> <span class='ocrx_word' id='word_1_454' title='bbox 1433 4229 1606 4282; x_wconf 87' lang='lat' dir='ltr'><strong>vacat,</strong></span> <span class='ocrx_word' id='word_1_455' title='bbox 1638 4227 1748 4273; x_wconf 92' lang='lat'><strong>617.</strong></span> <span class='ocrx_word' id='word_1_456' title='bbox 1792 4226 2091 4288; x_wconf 88' lang='lat' dir='ltr'><strong>Syncletica</strong></span> 
     </span>
    </p>
   </div>
   <div class='ocr_carea' id='block_1_62' title="bbox 438 4288 2087 4351">
    <p class='ocr_par' dir='ltr' id='par_1_62' title="bbox 438 4288 2087 4351">
     <span class='ocr_line' id='line_1_67' title="bbox 438 4288 2087 4351; baseline 0.001 -16"><span class='ocrx_word' id='word_1_457' title='bbox 438 4294 563 4350; x_wconf 89' lang='lat' dir='ltr'><strong>post</strong></span> <span class='ocrx_word' id='word_1_458' title='bbox 589 4295 816 4339; x_wconf 89' lang='lat' dir='ltr'><strong>mortem</strong></span> <span class='ocrx_word' id='word_1_459' title='bbox 871 4293 1174 4351; x_wconf 86' lang='lat' dir='ltr'><strong>parentum,</strong></span> <span class='ocrx_word' id='word_1_460' title='bbox 1210 4289 1262 4336; x_wconf 89' lang='lat' dir='ltr'><strong>in</strong></span> <span class='ocrx_word' id='word_1_461' title='bbox 1313 4291 1722 4351; x_wconf 89' lang='lat' dir='ltr'><strong>monumentum</strong></span> <span class='ocrx_word' id='word_1_462' title='bbox 1773 4288 2087 4350; x_wconf 79' lang='lat' dir='ltr'><strong>ingreditur,</strong></span> 
     </span>
    </p>
   </div>
   <div class='ocr_carea' id='block_1_63' title="bbox 439 4350 2090 4413">
    <p class='ocr_par' dir='ltr' id='par_1_63' title="bbox 439 4350 2090 4413">
     <span class='ocr_line' id='line_1_68' title="bbox 439 4350 2090 4413; baseline -0.001 -13"><span class='ocrx_word' id='word_1_463' title='bbox 439 4353 551 4400; x_wconf 86' lang='lat'><strong>617.</strong></span> <span class='ocrx_word' id='word_1_464' title='bbox 581 4353 794 4401; x_wconf 87' lang='lat' dir='ltr'><strong>Comam</strong></span> <span class='ocrx_word' id='word_1_465' title='bbox 841 4350 1027 4413; x_wconf 83' lang='lat' dir='ltr'><strong>capitis</strong></span> <span class='ocrx_word' id='word_1_466' title='bbox 1059 4351 1264 4411; x_wconf 86' lang='lat' dir='ltr'><strong>tondet,</strong></span> <span class='ocrx_word' id='word_1_467' title='bbox 1297 4354 1404 4399; x_wconf 89' lang='lat'><strong>617.</strong></span> <span class='ocrx_word' id='word_1_468' title='bbox 1439 4350 1734 4399; x_wconf 80' lang='lat' dir='ltr'><strong>Facultates</strong></span> <span class='ocrx_word' id='word_1_469' title='bbox 1763 4353 2090 4413; x_wconf 76' lang='lat' dir='ltr'><strong>pauperibus</strong></span> 
     </span>
    </p>
   </div>
   <div class='ocr_carea' id='block_1_64' title="bbox 441 4413 2088 4476">
    <p class='ocr_par' dir='ltr' id='par_1_64' title="bbox 441 4413 2088 4476">
     <span class='ocr_line' id='line_1_69' title="bbox 441 4413 2088 4476; baseline 0.001 -14"><span class='ocrx_word' id='word_1_470' title='bbox 441 4418 646 4476; x_wconf 88' lang='lat' dir='ltr'><strong>erogat,</strong></span> <span class='ocrx_word' id='word_1_471' title='bbox 676 4417 787 4464; x_wconf 88' lang='grc'><strong>617.</strong></span> <span class='ocrx_word' id='word_1_472' title='bbox 818 4413 1062 4464; x_wconf 87' lang='lat' dir='ltr'><strong>Virorum</strong></span> <span class='ocrx_word' id='word_1_473' title='bbox 1081 4413 1524 4462; x_wconf 82' lang='lat' dir='ltr'><strong>consuetudinem</strong></span> <span class='ocrx_word' id='word_1_474' title='bbox 1547 4413 1796 4472; x_wconf 87' lang='lat' dir='ltr'><strong>declinat,</strong></span> <span class='ocrx_word' id='word_1_475' title='bbox 1816 4417 1923 4462; x_wconf 90' lang='lat'><strong>618.</strong></span> <span class='ocrx_word' id='word_1_476' title='bbox 1947 4415 2088 4464; x_wconf 89' lang='lat' dir='ltr'><strong>Pane</strong></span> 
     </span>
    </p>
   </div>
   <div class='ocr_carea' id='block_1_65' title="bbox 438 4476 2086 4539">
    <p class='ocr_par' dir='ltr' id='par_1_65' title="bbox 438 4476 2086 4539">
     <span class='ocr_line' id='line_1_70' title="bbox 438 4476 2086 4539; baseline 0.001 -15"><span class='ocrx_word' id='word_1_477' title='bbox 438 4477 689 4539; x_wconf 82' lang='lat' dir='ltr'><strong>abstinet,</strong></span> <span class='ocrx_word' id='word_1_478' title='bbox 723 4490 860 4539; x_wconf 89' lang='lat' dir='ltr'><strong>aqua</strong></span> <span class='ocrx_word' id='word_1_479' title='bbox 891 4477 1199 4539; x_wconf 85' lang='lat' dir='ltr'><strong>parcissime</strong></span> <span class='ocrx_word' id='word_1_480' title='bbox 1229 4477 1412 4529; x_wconf 83' lang='lat' dir='ltr'><strong>utitur,</strong></span> <span class='ocrx_word' id='word_1_481' title='bbox 1446 4476 1555 4525; x_wconf 89' lang='grc'><strong>618.</strong></span> <span class='ocrx_word' id='word_1_482' title='bbox 1589 4477 1745 4524; x_wconf 87' lang='lat' dir='ltr'><strong>Humi</strong></span> <span class='ocrx_word' id='word_1_483' title='bbox 1777 4477 2086 4539; x_wconf 82' lang='lat' dir='ltr'><strong>cubat,618.</strong></span> 
     </span>
    </p>
   </div>
   <div class='ocr_carea' id='block_1_66' title="bbox 440 4538 2091 4602">
    <p class='ocr_par' dir='ltr' id='par_1_66' title="bbox 440 4538 2091 4602">
     <span class='ocr_line' id='line_1_71' title="bbox 440 4538 2091 4602; baseline 0.001 -15"><span class='ocrx_word' id='word_1_484' title='bbox 440 4538 798 4602; x_wconf 80' lang='lat' dir='ltr'><strong>Syncleticam</strong></span> <span class='ocrx_word' id='word_1_485' title='bbox 831 4538 1035 4589; x_wconf 88' lang='lat' dir='ltr'><strong>adeunt</strong></span> <span class='ocrx_word' id='word_1_486' title='bbox 1063 4540 1296 4602; x_wconf 82' lang='lat' dir='ltr'><strong>virgines</strong></span> <span class='ocrx_word' id='word_1_487' title='bbox 1319 4539 1520 4594; x_wconf 62' lang='lat' dir='ltr'><strong>multae.</strong></span> <span class='ocrx_word' id='word_1_488' title='bbox 1546 4541 1656 4602; x_wconf 72' lang='grc'><strong>619.</strong></span> <span class='ocrx_word' id='word_1_489' title='bbox 1681 4539 1875 4602; x_wconf 81' lang='lat' dir='ltr'><strong>Monita</strong></span> <span class='ocrx_word' id='word_1_490' title='bbox 1907 4538 2091 4588; x_wconf 87' lang='lat' dir='ltr'><strong>salutis</strong></span> 
     </span>
    </p>
   </div>
   <div class='ocr_carea' id='block_1_67' title="bbox 438 4599 2092 4664">
    <p class='ocr_par' dir='ltr' id='par_1_67' title="bbox 438 4599 2092 4664">
     <span class='ocr_line' id='line_1_72' title="bbox 438 4599 2092 4664; baseline 0.002 -15"><span class='ocrx_word' id='word_1_491' title='bbox 438 4599 530 4650; x_wconf 78' lang='lat' dir='ltr'><strong>dat</strong></span> <span class='ocrx_word' id='word_1_492' title='bbox 557 4602 680 4660; x_wconf 87' lang='lat' dir='ltr'><strong>illis,</strong></span> <span class='ocrx_word' id='word_1_493' title='bbox 712 4605 804 4652; x_wconf 92' lang='lat'><strong>619</strong></span> <span class='ocrx_word' id='word_1_494' title='bbox 836 4607 888 4651; x_wconf 93' lang='lat' dir='ltr'><strong>et</strong></span> <span class='ocrx_word' id='word_1_495' title='bbox 935 4615 1083 4664; x_wconf 87' lang='lat' dir='ltr'><strong>seqq.</strong></span> <span class='ocrx_word' id='word_1_496' title='bbox 1142 4599 1496 4664; x_wconf 85' lang='lat' dir='ltr'><strong>Syncleticam</strong></span> <span class='ocrx_word' id='word_1_497' title='bbox 1548 4599 1796 4649; x_wconf 85' lang='lat' dir='ltr'><strong>diabolus</strong></span> <span class='ocrx_word' id='word_1_498' title='bbox 1851 4603 2092 4664; x_wconf 85' lang='lat' dir='ltr'><strong>postulat</strong></span> 
     </span>
    </p>
   </div>
   <div class='ocr_carea' id='block_1_68' title="bbox 439 4663 2092 4725">
    <p class='ocr_par' dir='ltr' id='par_1_68' title="bbox 439 4663 2092 4725">
     <span class='ocr_line' id='line_1_73' title="bbox 439 4663 2092 4725; baseline 0.001 -11"><span class='ocrx_word' id='word_1_499' title='bbox 439 4666 869 4721; x_wconf 87' lang='lat' dir='ltr'><strong>excruciandam,</strong></span> <span class='ocrx_word' id='word_1_500' title='bbox 901 4663 1023 4716; x_wconf 19' lang='lat'><strong>639.7</strong></span> <span class='ocrx_word' id='word_1_501' title='bbox 1040 4664 1101 4713; x_wconf 90' lang='lat' dir='ltr'><strong>In</strong></span> <span class='ocrx_word' id='word_1_502' title='bbox 1124 4663 1378 4725; x_wconf 84' lang='lat' dir='ltr'><strong>pulmone</strong></span> <span class='ocrx_word' id='word_1_503' title='bbox 1403 4663 1664 4722; x_wconf 84' lang='lat' dir='ltr'><strong>vulnerat,</strong></span> <span class='ocrx_word' id='word_1_504' title='bbox 1690 4666 1799 4713; x_wconf 88' lang='lat'><strong>639.</strong></span> <span class='ocrx_word' id='word_1_505' title='bbox 1821 4663 2092 4715; x_wconf 84' lang='lat' dir='ltr'><strong>continua</strong></span> 
     </span>
    </p>
   </div>
   <div class='ocr_carea' id='block_1_69' title="bbox 438 4727 2091 4800">
    <p class='ocr_par' dir='ltr' id='par_1_69' title="bbox 438 4727 2091 4800">
     <span class='ocr_line' id='line_1_74' title="bbox 438 4727 2091 4800; baseline 0.001 -26"><span class='ocrx_word' id='word_1_506' title='bbox 438 4727 576 4800; x_wconf 74' lang='lat' dir='ltr'><strong>febri</strong></span> <span class='ocrx_word' id='word_1_507' title='bbox 608 4727 955 4800; x_wconf 36' lang='lat' dir='ltr'><strong>affligit..639.</strong></span> <span class='ocrx_word' id='word_1_508' title='bbox 1007 4727 1536 4800; x_wconf 52' lang='lat' dir='ltr'><strong>Octogenariamtunc</strong></span> <span class='ocrx_word' id='word_1_509' title='bbox 1583 4729 1713 4798; x_wconf 81' lang='lat' dir='ltr'><strong>erat,</strong></span> <span class='ocrx_word' id='word_1_510' title='bbox 1745 4729 1854 4800; x_wconf 76' lang='lat'><strong>639.</strong></span> <span class='ocrx_word' id='word_1_511' title='bbox 1886 4727 2091 4800; x_wconf 44' lang='lat' dir='ltr'><strong>“Tribus</strong></span> 
     </span>
    </p>
   </div>
   <div class='ocr_carea' id='block_1_70' title="bbox 440 4789 2086 4852">
    <p class='ocr_par' dir='ltr' id='par_1_70' title="bbox 440 4789 2086 4852">
     <span class='ocr_line' id='line_1_75' title="bbox 440 4789 2086 4852; baseline 0.002 -15"><span class='ocrx_word' id='word_1_512' title='bbox 440 4790 600 4852; x_wconf 87' lang='lat' dir='ltr'><strong>annis</strong></span> <span class='ocrx_word' id='word_1_513' title='bbox 628 4796 681 4839; x_wconf 90' lang='lat' dir='ltr'><strong>et</strong></span> <span class='ocrx_word' id='word_1_514' title='bbox 703 4789 922 4838; x_wconf 90' lang='lat' dir='ltr'><strong>dimidio</strong></span> <span class='ocrx_word' id='word_1_515' title='bbox 943 4793 1186 4852; x_wconf 68' lang='lat' dir='ltr'><strong>azgrotat.</strong></span> <span class='ocrx_word' id='word_1_516' title='bbox 1213 4792 1319 4838; x_wconf 88' lang='lat'><strong>639.</strong></span> <span class='ocrx_word' id='word_1_517' title='bbox 1343 4789 1563 4848; x_wconf 84' lang='lat' dir='ltr'><strong>Gingiva</strong></span> <span class='ocrx_word' id='word_1_518' title='bbox 1583 4790 1698 4852; x_wconf 89' lang='lat' dir='ltr'><strong>ejus</strong></span> <span class='ocrx_word' id='word_1_519' title='bbox 1723 4789 1956 4852; x_wconf 89' lang='lat' dir='ltr'><strong>putreﬁt,</strong></span> <span class='ocrx_word' id='word_1_520' title='bbox 1979 4794 2086 4840; x_wconf 89' lang='grc'><strong>640.</strong></span> 
     </span>
    </p>
   </div>
   <div class='ocr_carea' id='block_1_71' title="bbox 442 4851 2092 4914">
    <p class='ocr_par' dir='ltr' id='par_1_71' title="bbox 442 4851 2092 4914">
     <span class='ocr_line' id='line_1_76' title="bbox 442 4851 2092 4914; baseline 0.001 -14"><span class='ocrx_word' id='word_1_521' title='bbox 442 4851 602 4900; x_wconf 84' lang='lat' dir='ltr'><strong>Ulcus</strong></span> <span class='ocrx_word' id='word_1_522' title='bbox 630 4855 795 4901; x_wconf 90' lang='lat' dir='ltr'><strong>totam</strong></span> <span class='ocrx_word' id='word_1_523' title='bbox 834 4851 1092 4914; x_wconf 89' lang='lat' dir='ltr'><strong>percurrit</strong></span> <span class='ocrx_word' id='word_1_524' title='bbox 1139 4851 1422 4908; x_wconf 82' lang='lat' dir='ltr'><strong>maxillam,</strong></span> <span class='ocrx_word' id='word_1_525' title='bbox 1455 4853 1563 4900; x_wconf 89' lang='lat'><strong>640.</strong></span> <span class='ocrx_word' id='word_1_526' title='bbox 1612 4851 1706 4914; x_wconf 87' lang='lat' dir='ltr'><strong>Per</strong></span> <span class='ocrx_word' id='word_1_527' title='bbox 1728 4851 2092 4914; x_wconf 82' lang='lat' dir='ltr'><strong>quadraginta</strong></span> 
     </span>
    </p>
   </div>
   <div class='ocr_carea' id='block_1_72' title="bbox 439 4913 2088 4974">
    <p class='ocr_par' dir='ltr' id='par_1_72' title="bbox 439 4913 2088 4974">
     <span class='ocr_line' id='line_1_77' title="bbox 439 4913 2088 4974; baseline 0.002 -12"><span class='ocrx_word' id='word_1_528' title='bbox 439 4915 552 4962; x_wconf 92' lang='lat' dir='ltr'><strong>dies</strong></span> <span class='ocrx_word' id='word_1_529' title='bbox 581 4928 641 4962; x_wconf 88' lang='lat' dir='ltr'><strong>os</strong></span> <span class='ocrx_word' id='word_1_530' title='bbox 671 4913 987 4972; x_wconf 83' lang='lat' dir='ltr'><strong>corroditur,</strong></span> <span class='ocrx_word' id='word_1_531' title='bbox 1019 4917 1125 4962; x_wconf 75' lang='lat' dir='ltr'><strong>6m.</strong></span> <span class='ocrx_word' id='word_1_532' title='bbox 1178 4915 1370 4961; x_wconf 87' lang='lat' dir='ltr'><strong>Omnia</strong></span> <span class='ocrx_word' id='word_1_533' title='bbox 1416 4915 1614 4961; x_wconf 88' lang='lat' dir='ltr'><strong>circum</strong></span> <span class='ocrx_word' id='word_1_534' title='bbox 1646 4913 1761 4962; x_wconf 85' lang='lat' dir='ltr'><strong>loca</strong></span> <span class='ocrx_word' id='word_1_535' title='bbox 1807 4913 2088 4974; x_wconf 75' lang='lat' dir='ltr'><strong>nigricant,</strong></span> 
     </span>
    </p>
   </div>
   <div class='ocr_carea' id='block_1_73' title="bbox 437 4976 2089 5038">
    <p class='ocr_par' dir='ltr' id='par_1_73' title="bbox 437 4976 2089 5038">
     <span class='ocr_line' id='line_1_78' title="bbox 437 4976 2089 5038; baseline 0.001 -12"><span class='ocrx_word' id='word_1_536' title='bbox 437 4979 545 5026; x_wconf 76' lang='grc'><strong>640.</strong></span> <span class='ocrx_word' id='word_1_537' title='bbox 583 4978 869 5026; x_wconf 89' lang='lat' dir='ltr'><strong>Putredine</strong></span> <span class='ocrx_word' id='word_1_538' title='bbox 899 4981 949 5025; x_wconf 90' lang='lat' dir='ltr'><strong>et</strong></span> <span class='ocrx_word' id='word_1_539' title='bbox 981 4977 1148 5025; x_wconf 84' lang='lat' dir='ltr'><strong>fetore</strong></span> <span class='ocrx_word' id='word_1_540' title='bbox 1177 4979 1488 5037; x_wconf 91' lang='lat' dir='ltr'><strong>occupatur,</strong></span> <span class='ocrx_word' id='word_1_541' title='bbox 1525 4978 1634 5024; x_wconf 84' lang='lat'><strong>640.</strong></span> <span class='ocrx_word' id='word_1_542' title='bbox 1675 4976 1800 5038; x_wconf 86' lang='lat' dir='ltr'><strong>Ejus</strong></span> <span class='ocrx_word' id='word_1_543' title='bbox 1830 4978 2089 5028; x_wconf 92' lang='lat' dir='ltr'><strong>fortitudo</strong></span> 
     </span>
    </p>
   </div>
   <div class='ocr_carea' id='block_1_74' title="bbox 439 5039 2090 5100">
    <p class='ocr_par' dir='ltr' id='par_1_74' title="bbox 439 5039 2090 5100">
     <span class='ocr_line' id='line_1_79' title="bbox 439 5039 2090 5100; baseline 0.002 -12"><span class='ocrx_word' id='word_1_544' title='bbox 439 5039 621 5098; x_wconf 90' lang='lat' dir='ltr'><strong>animi,</strong></span> <span class='ocrx_word' id='word_1_545' title='bbox 654 5043 760 5090; x_wconf 75' lang='grc'><strong>640.</strong></span> <span class='ocrx_word' id='word_1_546' title='bbox 793 5040 922 5088; x_wconf 84' lang='lat' dir='ltr'><strong>Tres</strong></span> <span class='ocrx_word' id='word_1_547' title='bbox 951 5053 1162 5088; x_wconf 89' lang='lat' dir='ltr'><strong>menses</strong></span> <span class='ocrx_word' id='word_1_548' title='bbox 1193 5041 1265 5088; x_wconf 91' lang='lat' dir='ltr'><strong>ita</strong></span> <span class='ocrx_word' id='word_1_549' title='bbox 1294 5039 1420 5100; x_wconf 84' lang='lat' dir='ltr'><strong>agit,</strong></span> <span class='ocrx_word' id='word_1_550' title='bbox 1449 5041 1557 5086; x_wconf 90' lang='grc'><strong>641.</strong></span> <span class='ocrx_word' id='word_1_551' title='bbox 1587 5039 1894 5090; x_wconf 85' lang='lat' dir='ltr'><strong>Visionibus</strong></span> <span class='ocrx_word' id='word_1_552' title='bbox 1931 5055 2090 5100; x_wconf 83' lang='lat' dir='ltr'><strong>ange-</strong></span> 
     </span>
    </p>
   </div>
   <div class='ocr_carea' id='block_1_75' title="bbox 435 5101 2087 5167">
    <p class='ocr_par' dir='ltr' id='par_1_75' title="bbox 435 5101 2087 5167">
     <span class='ocr_line' id='line_1_80' title="bbox 435 5101 2087 5167; baseline 0.002 -17"><span class='ocrx_word' id='word_1_553' title='bbox 435 5101 606 5167; x_wconf 79' lang='lat' dir='ltr'><strong>lprum</strong></span> <span class='ocrx_word' id='word_1_554' title='bbox 639 5108 694 5152; x_wconf 92' lang='lat' dir='ltr'><strong>et</strong></span> <span class='ocrx_word' id='word_1_555' title='bbox 722 5103 989 5167; x_wconf 79' lang='lat' dir='ltr'><strong>virginum</strong></span> <span class='ocrx_word' id='word_1_556' title='bbox 1021 5107 1310 5167; x_wconf 81' lang='lat' dir='ltr'><strong>recreatur,</strong></span> <span class='ocrx_word' id='word_1_557' title='bbox 1341 5105 1450 5150; x_wconf 90' lang='lat'><strong>641.</strong></span> <span class='ocrx_word' id='word_1_558' title='bbox 1490 5102 1730 5151; x_wconf 71' lang='lat' dir='ltr'><strong>Prtedicit</strong></span> <span class='ocrx_word' id='word_1_559' title='bbox 1758 5118 1812 5152; x_wconf 90' lang='lat' dir='ltr'><strong>se</strong></span> <span class='ocrx_word' id='word_1_560' title='bbox 1846 5109 1966 5167; x_wconf 89' lang='lat' dir='ltr'><strong>post</strong></span> <span class='ocrx_word' id='word_1_561' title='bbox 1995 5107 2087 5154; x_wconf 87' lang='lat' dir='ltr'><strong>tri-</strong></span> 
     </span>
    </p>
   </div>
   <div class='ocr_carea' id='block_1_76' title="bbox 435 5163 1536 5222">
    <p class='ocr_par' dir='ltr' id='par_1_76' title="bbox 435 5163 1536 5222">
     <span class='ocr_line' id='line_1_81' title="bbox 435 5163 1536 5222; baseline -0.002 -10"><span class='ocrx_word' id='word_1_562' title='bbox 435 5163 602 5214; x_wconf 90' lang='lat' dir='ltr'><strong>duum</strong></span> <span class='ocrx_word' id='word_1_563' title='bbox 639 5166 974 5222; x_wconf 87' lang='lat' dir='ltr'><strong>morituram,</strong></span> <span class='ocrx_word' id='word_1_564' title='bbox 1009 5168 1117 5215; x_wconf 91' lang='lat'><strong>641.</strong></span> <span class='ocrx_word' id='word_1_565' title='bbox 1153 5164 1392 5222; x_wconf 85' lang='lat' dir='ltr'><strong>Moritur,</strong></span> <span class='ocrx_word' id='word_1_566' title='bbox 1423 5167 1536 5213; x_wconf 85' lang='grc'><strong>641.</strong></span> 
     </span>
    </p>
   </div>
   <div class='ocr_carea' id='block_1_77' title="bbox 498 5226 1773 5291">
    <p class='ocr_par' dir='ltr' id='par_1_77' title="bbox 498 5226 1773 5291">
     <span class='ocr_line' id='line_1_82' title="bbox 498 5226 1773 5291; baseline -0.002 -13"><span class='ocrx_word' id='word_1_567' title='bbox 498 5227 650 5291; x_wconf 82' lang='lat' dir='ltr'><strong>Syria</strong></span> <span class='ocrx_word' id='word_1_568' title='bbox 682 5228 988 5289; x_wconf 82' lang='lat' dir='ltr'><strong>ﬂuviorum,</strong></span> <span class='ocrx_word' id='word_1_569' title='bbox 1016 5227 1071 5277; x_wconf 92' lang='lat' dir='ltr'><strong>id</strong></span> <span class='ocrx_word' id='word_1_570' title='bbox 1102 5230 1200 5286; x_wconf 86' lang='lat' dir='ltr'><strong>est,</strong></span> <span class='ocrx_word' id='word_1_571' title='bbox 1238 5226 1633 5289; x_wconf 84' lang='lat' dir='ltr'><strong>Mesopotamia,</strong></span> <span class='ocrx_word' id='word_1_572' title='bbox 1668 5229 1773 5278; x_wconf 87' lang='lat'><strong>107.</strong></span> 
     </span>
    </p>
   </div>
   <div class='ocr_carea' id='block_1_78' title="bbox 1231 5424 1282 5489">
    <p class='ocr_par' dir='ltr' id='par_1_78' title="bbox 1231 5424 1282 5489">
     <span class='ocr_line' id='line_1_83' title="bbox 1231 5424 1282 5489; baseline 0 0"><span class='ocrx_word' id='word_1_573' title='bbox 1231 5424 1282 5489; x_wconf 96' lang='lat' dir='ltr'><strong>T</strong></span> 
     </span>
    </p>
   </div>
   <div class='ocr_carea' id='block_1_79' title="bbox 491 5601 1466 5658">
    <p class='ocr_par' dir='ltr' id='par_1_79' title="bbox 491 5601 1466 5658">
     <span class='ocr_line' id='line_1_84' title="bbox 491 5601 1466 5658; baseline 0 -8"><span class='ocrx_word' id='word_1_574' title='bbox 491 5602 1003 5651; x_wconf 81' lang='lat' dir='ltr'><strong>Tabennesiotarum</strong></span> <span class='ocrx_word' id='word_1_575' title='bbox 1037 5601 1324 5658; x_wconf 89' lang='lat' dir='ltr'><strong>silentium,</strong></span> <span class='ocrx_word' id='word_1_576' title='bbox 1357 5603 1466 5650; x_wconf 90' lang='grc'><strong>312.</strong></span> 
     </span>
    </p>
   </div>
   <div class='ocr_carea' id='block_1_80' title="bbox 489 5663 2089 5731">
    <p class='ocr_par' dir='ltr' id='par_1_80' title="bbox 489 5663 2089 5731">
     <span class='ocr_line' id='line_1_85' title="bbox 489 5663 2089 5731; baseline 0.003 -18"><span class='ocrx_word' id='word_1_577' title='bbox 489 5664 911 5731; x_wconf 72' lang='lat' dir='ltr'><strong>Tabernaculum</strong></span> <span class='ocrx_word' id='word_1_578' title='bbox 930 5678 1073 5714; x_wconf 91' lang='lat' dir='ltr'><strong>anno</strong></span> <span class='ocrx_word' id='word_1_579' title='bbox 1082 5663 1329 5731; x_wconf 65' lang='lat' dir='ltr'><strong>secundo</strong></span> <span class='ocrx_word' id='word_1_580' title='bbox 1350 5668 1471 5731; x_wconf 81' lang='lat' dir='ltr'><strong>post</strong></span> <span class='ocrx_word' id='word_1_581' title='bbox 1491 5677 1764 5731; x_wconf 81' lang='lat' dir='ltr'><strong>egressum</strong></span> <span class='ocrx_word' id='word_1_582' title='bbox 1780 5679 1843 5714; x_wconf 88' lang='lat' dir='ltr'><strong>ex</strong></span> <span class='ocrx_word' id='word_1_583' title='bbox 1862 5668 2089 5731; x_wconf 64' lang='lat' dir='ltr'><strong>Egypto</strong></span> 
     </span>
    </p>
   </div>
   <div class='ocr_carea' id='block_1_81' title="bbox 433 5725 2089 5784">
    <p class='ocr_par' dir='ltr' id='par_1_81' title="bbox 433 5725 2089 5784">
     <span class='ocr_line' id='line_1_86' title="bbox 433 5725 2089 5784; baseline 0.004 -9"><span class='ocrx_word' id='word_1_584' title='bbox 433 5725 736 5775; x_wconf 89' lang='lat' dir='ltr'><strong>confectum</strong></span> <span class='ocrx_word' id='word_1_585' title='bbox 774 5731 868 5784; x_wconf 86' lang='lat' dir='ltr'><strong>est,</strong></span> <span class='ocrx_word' id='word_1_586' title='bbox 923 5731 1028 5776; x_wconf 92' lang='lat'><strong>101.</strong></span> <span class='ocrx_word' id='word_1_587' title='bbox 1081 5725 1851 5777; x_wconf 29' lang='lat' dir='ltr'><strong>Tabernac’ulum&#39;Mosaicum</strong></span> <span class='ocrx_word' id='word_1_588' title='bbox 1899 5725 2089 5781; x_wconf 77' lang='lat' dir='ltr'><strong>mundi</strong></span> 
     </span>
    </p>
   </div>
   <div class='ocr_carea' id='block_1_82' title="bbox 436 5789 778 5844">
    <p class='ocr_par' dir='ltr' id='par_1_82' title="bbox 436 5789 778 5844">
     <span class='ocr_line' id='line_1_87' title="bbox 436 5789 778 5844; baseline 0.003 -10"><span class='ocrx_word' id='word_1_589' title='bbox 436 5789 633 5844; x_wconf 80' lang='lat' dir='ltr'><strong>imago,</strong></span> <span class='ocrx_word' id='word_1_590' title='bbox 672 5792 778 5837; x_wconf 84' lang='lat'><strong>401.</strong></span> 
     </span>
    </p>
   </div>
   <div class='ocr_carea' id='block_1_83' title="bbox 497 5802 1703 5921">
    <p class='ocr_par' dir='ltr' id='par_1_83' title="bbox 497 5802 1703 5921">
     <span class='ocr_line' id='line_1_88' title="bbox 497 5802 1703 5921; baseline 0 -26"><span class='ocrx_word' id='word_1_591' title='bbox 497 5802 1065 5921; x_wconf 44' lang='lat' dir='ltr'><strong>Eggtilr‘anlegis&#39;quare</strong></span> <span class='ocrx_word' id='word_1_592' title='bbox 1086 5850 1387 5921; x_wconf 61' lang='lat' dir='ltr'><strong>cptifractm</strong></span> <span class='ocrx_word' id='word_1_593' title='bbox 1419 5853 1561 5921; x_wconf 68' lang='lat' dir='ltr'><strong>sunt,</strong></span> <span class='ocrx_word' id='word_1_594' title='bbox 1594 5851 1703 5921; x_wconf 83' lang='grc'><strong>229.</strong></span> 
     </span>
    </p>
   </div>
   <div class='ocr_carea' id='block_1_84' title="bbox 498 5910 2091 5974">
    <p class='ocr_par' dir='ltr' id='par_1_84' title="bbox 498 5910 2091 5974">
     <span class='ocr_line' id='line_1_89' title="bbox 498 5910 2091 5974; baseline 0.008 -18"><span class='ocrx_word' id='word_1_595' title='bbox 498 5910 825 5974; x_wconf 69' lang='lat' dir='ltr'><strong>Testamenti</strong></span> <span class='ocrx_word' id='word_1_596' title='bbox 850 5911 1056 5974; x_wconf 80' lang='lat' dir='ltr'><strong>Veteris</strong></span> <span class='ocrx_word' id='word_1_597' title='bbox 1086 5911 1206 5974; x_wconf 80' lang='lat' dir='ltr'><strong>libri</strong></span> <span class='ocrx_word' id='word_1_598' title='bbox 1237 5925 1340 5960; x_wconf 85' lang='lat' dir='ltr'><strong>xxu</strong></span> <span class='ocrx_word' id='word_1_599' title='bbox 1365 5916 1508 5965; x_wconf 89' lang='lat' dir='ltr'><strong>sunt.</strong></span> <span class='ocrx_word' id='word_1_600' title='bbox 1535 5911 1692 5974; x_wconf 87' lang='lat' dir='ltr'><strong>juxta</strong></span> <span class='ocrx_word' id='word_1_601' title='bbox 1707 5926 1988 5966; x_wconf 89' lang='lat' dir='ltr'><strong>numerum</strong></span> <span class='ocrx_word' id='word_1_602' title='bbox 2011 5917 2091 5968; x_wconf 93' lang='lat' dir='ltr'><strong>lit-</strong></span> 
     </span>
    </p>
   </div>
   <div class='ocr_carea' id='block_1_85' title="bbox 440 5972 1216 6032">
    <p class='ocr_par' dir='ltr' id='par_1_85' title="bbox 440 5972 1216 6032">
     <span class='ocr_line' id='line_1_90' title="bbox 440 5972 1216 6032; baseline 0.004 -14"><span class='ocrx_word' id='word_1_603' title='bbox 440 5972 680 6020; x_wconf 89' lang='lat' dir='ltr'><strong>terarum</strong></span> <span class='ocrx_word' id='word_1_604' title='bbox 712 5972 1109 6032; x_wconf 81' lang='lat' dir='ltr'><strong>Hebraicarum,</strong></span> <span class='ocrx_word' id='word_1_605' title='bbox 1137 5973 1216 6023; x_wconf 85' lang='lat'><strong>98.</strong></span> 
     </span>
    </p>
   </div>
   <div class='ocr_carea' id='block_1_86' title="bbox 1743 331 2560 399">
    <p class='ocr_par' dir='ltr' id='par_1_86' title="bbox 1743 331 2560 399">
     <span class='ocr_line' id='line_1_91' title="bbox 1743 331 2560 399; baseline -0.001 -1"><span class='ocrx_word' id='word_1_606' title='bbox 1743 335 1991 398; x_wconf 85' lang='lat' dir='ltr'><strong>INDEX</strong></span> <span class='ocrx_word' id='word_1_607' title='bbox 2033 335 2140 397; x_wconf 87' lang='lat' dir='ltr'><strong>AN</strong></span> <span class='ocrx_word' id='word_1_608' title='bbox 2148 331 2560 399; x_wconf 81' lang='lat' dir='ltr'><strong>ALYTICUS.</strong></span> 
     </span>
    </p>
   </div>
   <div class='ocr_carea' id='block_1_87' title="bbox 3705 337 3864 402">
    <p class='ocr_par' dir='ltr' id='par_1_87' title="bbox 3705 337 3864 402">
     <span class='ocr_line' id='line_1_92' title="bbox 3705 337 3864 402; baseline 0 -1"><span class='ocrx_word' id='word_1_609' title='bbox 3705 337 3864 402; x_wconf 78' lang='lat'><strong>1632</strong></span> 
     </span>
    </p>
   </div>
   <div class='ocr_carea' id='block_1_88' title="bbox 2271 468 3611 536">
    <p class='ocr_par' dir='ltr' id='par_1_88' title="bbox 2271 468 3611 536">
     <span class='ocr_line' id='line_1_93' title="bbox 2271 468 3611 536; baseline 0.004 -18"><span class='ocrx_word' id='word_1_610' title='bbox 2271 469 2918 536; x_wconf 72' lang='lat' dir='ltr'><strong>TestamentumMuysis,</strong></span> <span class='ocrx_word' id='word_1_611' title='bbox 2951 468 3093 536; x_wconf 11' lang='lat' dir='ltr'><strong>liber,</strong></span> <span class='ocrx_word' id='word_1_612' title='bbox 3114 471 3474 536; x_wconf 84' lang='lat' dir='ltr'><strong>apocryphus,</strong></span> <span class='ocrx_word' id='word_1_613' title='bbox 3507 473 3611 524; x_wconf 85' lang='lat'><strong>154.</strong></span> 
     </span>
    </p>
   </div>
   <div class='ocr_carea' id='block_1_89' title="bbox 2270 532 3285 597">
    <p class='ocr_par' dir='ltr' id='par_1_89' title="bbox 2270 532 3285 597">
     <span class='ocr_line' id='line_1_94' title="bbox 2270 532 3285 597; baseline 0.002 -15"><span class='ocrx_word' id='word_1_614' title='bbox 2270 534 2482 597; x_wconf 82' lang='lat' dir='ltr'><strong>Tharsis</strong></span> <span class='ocrx_word' id='word_1_615' title='bbox 2513 533 2640 583; x_wconf 88' lang='lat' dir='ltr'><strong>urbs</strong></span> <span class='ocrx_word' id='word_1_616' title='bbox 2669 532 2866 584; x_wconf 76' lang='lat' dir='ltr'><strong>Indicas</strong></span> <span class='ocrx_word' id='word_1_617' title='bbox 2891 532 3285 597; x_wconf 49' lang='lat' dir='ltr'><strong>regionis,&#39;230.&#39;</strong></span> 
     </span>
    </p>
   </div>
   <div class='ocr_carea' id='block_1_90' title="bbox 2270 595 2986 659">
    <p class='ocr_par' dir='ltr' id='par_1_90' title="bbox 2270 595 2986 659">
     <span class='ocr_line' id='line_1_95' title="bbox 2270 595 2986 659; baseline 0.001 -15"><span class='ocrx_word' id='word_1_618' title='bbox 2270 595 2477 645; x_wconf 57' lang='lat' dir='ltr'><strong>Thecla;</strong></span> <span class='ocrx_word' id='word_1_619' title='bbox 2509 596 2842 659; x_wconf 87' lang='lat' dir='ltr'><strong>martyrium,</strong></span> <span class='ocrx_word' id='word_1_620' title='bbox 2876 595 2986 647; x_wconf 54' lang='lat'><strong>616—.</strong></span> 
     </span>
    </p>
   </div>
   <div class='ocr_carea' id='block_1_91' title="bbox 2271 659 3862 722">
    <p class='ocr_par' dir='ltr' id='par_1_91' title="bbox 2271 659 3862 722">
     <span class='ocr_line' id='line_1_96' title="bbox 2271 659 3862 722; baseline 0.003 -15"><span class='ocrx_word' id='word_1_621' title='bbox 2271 659 2564 722; x_wconf 88' lang='lat' dir='ltr'><strong>Theodotio</strong></span> <span class='ocrx_word' id='word_1_622' title='bbox 2595 660 2855 722; x_wconf 85' lang='lat' dir='ltr'><strong>Ephesius</strong></span> <span class='ocrx_word' id='word_1_623' title='bbox 2886 660 3115 722; x_wconf 89' lang='lat' dir='ltr'><strong>primum</strong></span> <span class='ocrx_word' id='word_1_624' title='bbox 3147 661 3475 722; x_wconf 87' lang='lat' dir='ltr'><strong>Marcionita,</strong></span> <span class='ocrx_word' id='word_1_625' title='bbox 3515 661 3710 711; x_wconf 85' lang='lat' dir='ltr'><strong>exinde</strong></span> <span class='ocrx_word' id='word_1_626' title='bbox 3741 661 3862 712; x_wconf 90' lang='lat' dir='ltr'><strong>des-</strong></span> 
     </span>
    </p>
   </div>
   <div class='ocr_carea' id='block_1_92' title="bbox 2205 721 3671 780">
    <p class='ocr_par' dir='ltr' id='par_1_92' title="bbox 2205 721 3671 780">
     <span class='ocr_line' id='line_1_97' title="bbox 2205 721 3671 780; baseline 0.003 -11"><span class='ocrx_word' id='word_1_627' title='bbox 2205 721 2330 769; x_wconf 90' lang='lat' dir='ltr'><strong>civit</strong></span> <span class='ocrx_word' id='word_1_628' title='bbox 2359 735 2391 770; x_wconf 91' lang='lat' dir='ltr'><strong>a</strong></span> <span class='ocrx_word' id='word_1_629' title='bbox 2419 721 2765 780; x_wconf 83' lang='lat' dir='ltr'><strong>Marcionitis,</strong></span> <span class='ocrx_word' id='word_1_630' title='bbox 2801 721 2909 773; x_wconf 85' lang='lat'><strong>156.</strong></span> <span class='ocrx_word' id='word_1_631' title='bbox 2937 722 3307 772; x_wconf 86' lang='lat' dir='ltr'><strong>Theodotionis</strong></span> <span class='ocrx_word' id='word_1_632' title='bbox 3337 721 3529 780; x_wconf 87' lang='lat' dir='ltr'><strong>versio,</strong></span> <span class='ocrx_word' id='word_1_633' title='bbox 3566 726 3671 774; x_wconf 90' lang='lat'><strong>156.</strong></span> 
     </span>
    </p>
   </div>
   <div class='ocr_carea' id='block_1_93' title="bbox 2266 783 3861 850">
    <p class='ocr_par' dir='ltr' id='par_1_93' title="bbox 2266 783 3861 850">
     <span class='ocr_line' id='line_1_98' title="bbox 2266 783 3861 850; baseline 0.003 -18"><span class='ocrx_word' id='word_1_634' title='bbox 2266 783 2670 846; x_wconf 70' lang='lat' dir='ltr'><strong>Theopaschitm</strong></span> <span class='ocrx_word' id='word_1_635' title='bbox 2701 785 2956 846; x_wconf 70' lang='lat' dir='ltr'><strong>haeretici,</strong></span> <span class='ocrx_word' id='word_1_636' title='bbox 3007 785 3258 836; x_wconf 90' lang='lat' dir='ltr'><strong>dicebant</strong></span> <span class='ocrx_word' id='word_1_637' title='bbox 3305 786 3477 850; x_wconf 88' lang='lat' dir='ltr'><strong>ipsam</strong></span> <span class='ocrx_word' id='word_1_638' title='bbox 3513 787 3766 837; x_wconf 87' lang='lat' dir='ltr'><strong>deitatem</strong></span> <span class='ocrx_word' id='word_1_639' title='bbox 3805 787 3861 836; x_wconf 86' lang='lat' dir='ltr'><strong>in</strong></span> 
     </span>
    </p>
   </div>
   <div class='ocr_carea' id='block_1_94' title="bbox 2205 849 2908 911">
    <p class='ocr_par' dir='ltr' id='par_1_94' title="bbox 2205 849 2908 911">
     <span class='ocr_line' id='line_1_99' title="bbox 2205 849 2908 911; baseline 0.003 -16"><span class='ocrx_word' id='word_1_640' title='bbox 2205 859 2359 896; x_wconf 89' lang='lat' dir='ltr'><strong>cruce</strong></span> <span class='ocrx_word' id='word_1_641' title='bbox 2390 860 2505 911; x_wconf 87' lang='lat' dir='ltr'><strong>esse</strong></span> <span class='ocrx_word' id='word_1_642' title='bbox 2534 861 2769 911; x_wconf 90' lang='lat' dir='ltr'><strong>passam,</strong></span> <span class='ocrx_word' id='word_1_643' title='bbox 2797 849 2908 897; x_wconf 90' lang='grc'><strong>287.</strong></span> 
     </span>
    </p>
   </div>
   <div class='ocr_carea' id='block_1_95' title="bbox 2267 908 3168 972">
    <p class='ocr_par' dir='ltr' id='par_1_95' title="bbox 2267 908 3168 972">
     <span class='ocr_line' id='line_1_100' title="bbox 2267 908 3168 972; baseline 0.002 -15"><span class='ocrx_word' id='word_1_644' title='bbox 2267 908 2678 972; x_wconf 50' lang='lat' dir='ltr'><strong>eameam—vox,</strong></span> <span class='ocrx_word' id='word_1_645' title='bbox 2708 911 3026 969; x_wconf 88' lang='lat' dir='ltr'><strong>vindicatur,</strong></span> <span class='ocrx_word' id='word_1_646' title='bbox 3059 911 3168 959; x_wconf 87' lang='lat'><strong>352.</strong></span> 
     </span>
    </p>
   </div>
   <div class='ocr_carea' id='block_1_96' title="bbox 2266 972 3857 1034">
    <p class='ocr_par' dir='ltr' id='par_1_96' title="bbox 2266 972 3857 1034">
     <span class='ocr_line' id='line_1_101' title="bbox 2266 972 3857 1034; baseline 0.003 -14"><span class='ocrx_word' id='word_1_647' title='bbox 2266 972 2435 1030; x_wconf 90' lang='lat' dir='ltr'><strong>Tobit,</strong></span> <span class='ocrx_word' id='word_1_648' title='bbox 2470 987 2561 1022; x_wconf 90' lang='lat' dir='ltr'><strong>seu</strong></span> <span class='ocrx_word' id='word_1_649' title='bbox 2609 973 2820 1034; x_wconf 88' lang='lat' dir='ltr'><strong>Tobias,</strong></span> <span class='ocrx_word' id='word_1_650' title='bbox 2867 973 2998 1022; x_wconf 89' lang='lat' dir='ltr'><strong>liber</strong></span> <span class='ocrx_word' id='word_1_651' title='bbox 3043 972 3356 1034; x_wconf 89' lang='lat' dir='ltr'><strong>canonicus,</strong></span> <span class='ocrx_word' id='word_1_652' title='bbox 3387 975 3464 1025; x_wconf 89' lang='lat'><strong>98.</strong></span> <span class='ocrx_word' id='word_1_653' title='bbox 3509 972 3665 1024; x_wconf 92' lang='lat' dir='ltr'><strong>Tobit</strong></span> <span class='ocrx_word' id='word_1_654' title='bbox 3705 973 3857 1034; x_wconf 89' lang='lat' dir='ltr'><strong>liber,</strong></span> 
     </span>
    </p>
   </div>
   <div class='ocr_carea' id='block_1_97' title="bbox 2208 1035 3052 1095">
    <p class='ocr_par' dir='ltr' id='par_1_97' title="bbox 2208 1035 3052 1095">
     <span class='ocr_line' id='line_1_102' title="bbox 2208 1035 3052 1095; baseline 0.001 -12"><span class='ocrx_word' id='word_1_655' title='bbox 2208 1036 2314 1083; x_wconf 91' lang='grc'><strong>130.</strong></span> <span class='ocrx_word' id='word_1_656' title='bbox 2349 1035 2481 1083; x_wconf 82' lang='lat' dir='ltr'><strong>lluic</strong></span> <span class='ocrx_word' id='word_1_657' title='bbox 2511 1037 2910 1095; x_wconf 86' lang='lat' dir='ltr'><strong>contradicitur,</strong></span> <span class='ocrx_word' id='word_1_658' title='bbox 2946 1036 3052 1085; x_wconf 88' lang='lat'><strong>154.</strong></span> 
     </span>
    </p>
   </div>
   <div class='ocr_carea' id='block_1_98' title="bbox 2265 1097 3108 1158">
    <p class='ocr_par' dir='ltr' id='par_1_98' title="bbox 2265 1097 3108 1158">
     <span class='ocr_line' id='line_1_103' title="bbox 2265 1097 3108 1158; baseline 0.002 -14"><span class='ocrx_word' id='word_1_659' title='bbox 2265 1097 2471 1158; x_wconf 89' lang='lat' dir='ltr'><strong>Torpor</strong></span> <span class='ocrx_word' id='word_1_660' title='bbox 2501 1099 2665 1147; x_wconf 87' lang='lat' dir='ltr'><strong>animi</strong></span> <span class='ocrx_word' id='word_1_661' title='bbox 2695 1098 2966 1156; x_wconf 90' lang='lat' dir='ltr'><strong>vitandus,</strong></span> <span class='ocrx_word' id='word_1_662' title='bbox 2999 1100 3108 1147; x_wconf 89' lang='lat'><strong>326.</strong></span> 
     </span>
    </p>
   </div>
   <div class='ocr_carea' id='block_1_99' title="bbox 2265 1159 3856 1232">
    <p class='ocr_par' dir='ltr' id='par_1_99' title="bbox 2265 1159 3856 1232">
     <span class='ocr_line' id='line_1_104' title="bbox 2265 1159 3856 1232; baseline 0.002 -25"><span class='ocrx_word' id='word_1_663' title='bbox 2265 1159 2391 1232; x_wconf 63' lang='lat' dir='ltr'><strong>Tres</strong></span> <span class='ocrx_word' id='word_1_664' title='bbox 2416 1174 2664 1232; x_wconf 38' lang='lat' dir='ltr'><strong>personae.</strong></span> <span class='ocrx_word' id='word_1_665' title='bbox 2693 1162 2748 1232; x_wconf 83' lang='lat' dir='ltr'><strong>in</strong></span> <span class='ocrx_word' id='word_1_666' title='bbox 2778 1162 2907 1232; x_wconf 78' lang='lat' dir='ltr'><strong>Deo,</strong></span> <span class='ocrx_word' id='word_1_667' title='bbox 2927 1162 3006 1232; x_wconf 87' lang='lat'><strong>2_9.</strong></span> <span class='ocrx_word' id='word_1_668' title='bbox 3036 1161 3162 1232; x_wconf 77' lang='lat' dir='ltr'><strong>Tres</strong></span> <span class='ocrx_word' id='word_1_669' title='bbox 3182 1159 3496 1232; x_wconf 75' lang='lat' dir='ltr'><strong>hypostases</strong></span> <span class='ocrx_word' id='word_1_670' title='bbox 3519 1160 3575 1232; x_wconf 74' lang='lat' dir='ltr'><strong>in</strong></span> <span class='ocrx_word' id='word_1_671' title='bbox 3597 1160 3723 1232; x_wconf 84' lang='lat' dir='ltr'><strong>Deo,</strong></span> <span class='ocrx_word' id='word_1_672' title='bbox 3743 1163 3856 1232; x_wconf 83' lang='lat'><strong>217.</strong></span> 
     </span>
    </p>
   </div>
   <div class='ocr_carea' id='block_1_100' title="bbox 2205 1222 3860 1335">
    <p class='ocr_par' dir='ltr' id='par_1_100' title="bbox 2205 1222 3860 1335">
     <span class='ocr_line' id='line_1_105' title="bbox 2205 1222 3860 1335; baseline 0.002 -65"><span class='ocrx_word' id='word_1_673' title='bbox 2205 1222 2548 1335; x_wconf 51' lang='lat' dir='ltr'><strong>safressassunt</strong></span> <span class='ocrx_word' id='word_1_674' title='bbox 2575 1224 2668 1286; x_wconf 92' lang='lat' dir='ltr'><strong>qui</strong></span> <span class='ocrx_word' id='word_1_675' title='bbox 2697 1225 3066 1274; x_wconf 88' lang='lat' dir='ltr'><strong>testimonium</strong></span> <span class='ocrx_word' id='word_1_676' title='bbox 3097 1223 3230 1274; x_wconf 88' lang='lat' dir='ltr'><strong>dant</strong></span> <span class='ocrx_word' id='word_1_677' title='bbox 3257 1222 3314 1272; x_wconf 88' lang='lat' dir='ltr'><strong>in</strong></span> <span class='ocrx_word' id='word_1_678' title='bbox 3343 1223 3498 1283; x_wconf 65' lang='lat' dir='ltr'><strong>coelo,</strong></span> <span class='ocrx_word' id='word_1_679' title='bbox 3527 1223 3699 1282; x_wconf 88' lang='lat' dir='ltr'><strong>Pater,</strong></span> <span class='ocrx_word' id='word_1_680' title='bbox 3732 1227 3860 1288; x_wconf 85' lang='lat' dir='ltr'><strong>etc.,</strong></span> 
     </span>
    </p>
   </div>
   <div class='ocr_carea' id='block_1_101' title="bbox 2267 1346 3858 1410">
    <p class='ocr_par' dir='ltr' id='par_1_101' title="bbox 2267 1346 3858 1410">
     <span class='ocr_line' id='line_1_106' title="bbox 2267 1346 3858 1410; baseline 0.002 -16"><span class='ocrx_word' id='word_1_681' title='bbox 2267 1348 2498 1397; x_wconf 89' lang='lat' dir='ltr'><strong>Trinitas</strong></span> <span class='ocrx_word' id='word_1_682' title='bbox 2527 1351 2606 1397; x_wconf 90' lang='lat' dir='ltr'><strong>est</strong></span> <span class='ocrx_word' id='word_1_683' title='bbox 2645 1346 3131 1406; x_wconf 89' lang='lat' dir='ltr'><strong>consubstantialis,</strong></span> <span class='ocrx_word' id='word_1_684' title='bbox 3165 1347 3467 1410; x_wconf 26' lang='lat' dir='ltr'><strong>19.hTrium</strong></span> <span class='ocrx_word' id='word_1_685' title='bbox 3502 1360 3858 1410; x_wconf 87' lang='lat' dir='ltr'><strong>personarum</strong></span> 
     </span>
    </p>
   </div>
   <div class='ocr_carea' id='block_1_102' title="bbox 2206 1408 3858 1472">
    <p class='ocr_par' dir='ltr' id='par_1_102' title="bbox 2206 1408 3858 1472">
     <span class='ocr_line' id='line_1_107' title="bbox 2206 1408 3858 1472; baseline 0.001 -14"><span class='ocrx_word' id='word_1_686' title='bbox 2206 1410 2450 1472; x_wconf 61' lang='lat' dir='ltr'><strong>quaedam</strong></span> <span class='ocrx_word' id='word_1_687' title='bbox 2465 1414 2592 1459; x_wconf 91' lang='lat' dir='ltr'><strong>sunt</strong></span> <span class='ocrx_word' id='word_1_688' title='bbox 2605 1410 2909 1459; x_wconf 91' lang='lat' dir='ltr'><strong>communia</strong></span> <span class='ocrx_word' id='word_1_689' title='bbox 2923 1410 3165 1469; x_wconf 89' lang='lat' dir='ltr'><strong>nomina,</strong></span> <span class='ocrx_word' id='word_1_690' title='bbox 3179 1408 3393 1468; x_wconf 89' lang='lat' dir='ltr'><strong>scilicet,</strong></span> <span class='ocrx_word' id='word_1_691' title='bbox 3410 1408 3858 1470; x_wconf 81' lang='lat' dir='ltr'><strong>Deus,Dominus,</strong></span> 
     </span>
    </p>
   </div>
   <div class='ocr_carea' id='block_1_103' title="bbox 2205 1473 3860 1535">
    <p class='ocr_par' dir='ltr' id='par_1_103' title="bbox 2205 1473 3860 1535">
     <span class='ocr_line' id='line_1_108' title="bbox 2205 1473 3860 1535; baseline 0.001 -15"><span class='ocrx_word' id='word_1_692' title='bbox 2205 1473 2448 1530; x_wconf 90' lang='lat' dir='ltr'><strong>Sanctus,</strong></span> <span class='ocrx_word' id='word_1_693' title='bbox 2472 1475 2667 1530; x_wconf 86' lang='lat' dir='ltr'><strong>Bonus,</strong></span> <span class='ocrx_word' id='word_1_694' title='bbox 2692 1473 2936 1535; x_wconf 87' lang='lat' dir='ltr'><strong>Spiritus,</strong></span> <span class='ocrx_word' id='word_1_695' title='bbox 2963 1476 3014 1522; x_wconf 90' lang='lat'><strong>11</strong></span> <span class='ocrx_word' id='word_1_696' title='bbox 3041 1476 3091 1521; x_wconf 89' lang='lat' dir='ltr'><strong>et</strong></span> <span class='ocrx_word' id='word_1_697' title='bbox 3110 1485 3257 1535; x_wconf 90' lang='lat' dir='ltr'><strong>seqq.</strong></span> <span class='ocrx_word' id='word_1_698' title='bbox 3279 1473 3525 1530; x_wconf 90' lang='lat' dir='ltr'><strong>Trinitas,</strong></span> <span class='ocrx_word' id='word_1_699' title='bbox 3549 1477 3656 1522; x_wconf 92' lang='lat' dir='ltr'><strong>tres</strong></span> <span class='ocrx_word' id='word_1_700' title='bbox 3677 1487 3860 1535; x_wconf 87' lang='lat' dir='ltr'><strong>perso-</strong></span> 
     </span>
    </p>
   </div>
   <div class='ocr_carea' id='block_1_104' title="bbox 2206 1535 3856 1598">
    <p class='ocr_par' dir='ltr' id='par_1_104' title="bbox 2206 1535 3856 1598">
     <span class='ocr_line' id='line_1_109' title="bbox 2206 1535 3856 1598; baseline 0.001 -14"><span class='ocrx_word' id='word_1_701' title='bbox 2206 1547 2290 1598; x_wconf 66' lang='lat' dir='ltr'><strong>nae</strong></span> <span class='ocrx_word' id='word_1_702' title='bbox 2321 1541 2447 1585; x_wconf 88' lang='lat' dir='ltr'><strong>sunt</strong></span> <span class='ocrx_word' id='word_1_703' title='bbox 2477 1537 2531 1583; x_wconf 90' lang='lat' dir='ltr'><strong>in</strong></span> <span class='ocrx_word' id='word_1_704' title='bbox 2562 1537 2813 1584; x_wconf 85' lang='lat' dir='ltr'><strong>omnibus</strong></span> <span class='ocrx_word' id='word_1_705' title='bbox 2843 1537 3044 1585; x_wconf 89' lang='lat' dir='ltr'><strong>similes</strong></span> <span class='ocrx_word' id='word_1_706' title='bbox 3074 1539 3126 1583; x_wconf 91' lang='lat' dir='ltr'><strong>et</strong></span> <span class='ocrx_word' id='word_1_707' title='bbox 3154 1535 3412 1597; x_wconf 59' lang='lat' dir='ltr'><strong>aequales,</strong></span> <span class='ocrx_word' id='word_1_708' title='bbox 3440 1538 3486 1585; x_wconf 91' lang='lat'><strong>2.</strong></span> <span class='ocrx_word' id='word_1_709' title='bbox 3523 1536 3856 1598; x_wconf 65' lang='lat' dir='ltr'><strong>Haecmqua-</strong></span> 
     </span>
    </p>
   </div>
   <div class='ocr_carea' id='block_1_105' title="bbox 2205 1596 3860 1656">
    <p class='ocr_par' dir='ltr' id='par_1_105' title="bbox 2205 1596 3860 1656">
     <span class='ocr_line' id='line_1_110' title="bbox 2205 1596 3860 1656; baseline 0.001 -11"><span class='ocrx_word' id='word_1_710' title='bbox 2205 1596 2330 1646; x_wconf 73' lang='lat' dir='ltr'><strong>liter</strong></span> <span class='ocrx_word' id='word_1_711' title='bbox 2363 1598 2582 1654; x_wconf 88' lang='lat' dir='ltr'><strong>habent,</strong></span> <span class='ocrx_word' id='word_1_712' title='bbox 2605 1599 2924 1656; x_wconf 90' lang='lat' dir='ltr'><strong>libertatem,</strong></span> <span class='ocrx_word' id='word_1_713' title='bbox 2947 1602 2992 1647; x_wconf 90' lang='lat'><strong>2.</strong></span> <span class='ocrx_word' id='word_1_714' title='bbox 3018 1596 3457 1656; x_wconf 86' lang='lat' dir='ltr'><strong>Viviﬁcationem,</strong></span> <span class='ocrx_word' id='word_1_715' title='bbox 3481 1600 3528 1647; x_wconf 91' lang='lat'><strong>3.</strong></span> <span class='ocrx_word' id='word_1_716' title='bbox 3559 1596 3860 1648; x_wconf 88' lang='lat' dir='ltr'><strong>Ordinatio-</strong></span> 
     </span>
    </p>
   </div>
   <div class='ocr_carea' id='block_1_106' title="bbox 2205 1661 3857 1723">
    <p class='ocr_par' dir='ltr' id='par_1_106' title="bbox 2205 1661 3857 1723">
     <span class='ocr_line' id='line_1_111' title="bbox 2205 1661 3857 1723; baseline 0.001 -15"><span class='ocrx_word' id='word_1_717' title='bbox 2205 1673 2350 1723; x_wconf 85' lang='lat' dir='ltr'><strong>nem,</strong></span> <span class='ocrx_word' id='word_1_718' title='bbox 2381 1661 2433 1709; x_wconf 92' lang='lat' dir='ltr'><strong>id</strong></span> <span class='ocrx_word' id='word_1_719' title='bbox 2455 1665 2555 1718; x_wconf 92' lang='lat' dir='ltr'><strong>est,</strong></span> <span class='ocrx_word' id='word_1_720' title='bbox 2578 1661 2722 1723; x_wconf 90' lang='lat' dir='ltr'><strong>quod</strong></span> <span class='ocrx_word' id='word_1_721' title='bbox 2746 1662 2956 1720; x_wconf 90' lang='lat' dir='ltr'><strong>possint</strong></span> <span class='ocrx_word' id='word_1_722' title='bbox 2970 1662 3220 1710; x_wconf 91' lang='lat' dir='ltr'><strong>ordinare</strong></span> <span class='ocrx_word' id='word_1_723' title='bbox 3242 1661 3532 1719; x_wconf 84' lang='lat' dir='ltr'><strong>ministros,</strong></span> <span class='ocrx_word' id='word_1_724' title='bbox 3559 1662 3606 1709; x_wconf 88' lang='lat'><strong>3.</strong></span> <span class='ocrx_word' id='word_1_725' title='bbox 3628 1661 3857 1722; x_wconf 83' lang='lat' dir='ltr'><strong>Legisla—</strong></span> 
     </span>
    </p>
   </div>
   <div class='ocr_carea' id='block_1_107' title="bbox 2204 1722 3858 1787">
    <p class='ocr_par' dir='ltr' id='par_1_107' title="bbox 2204 1722 3858 1787">
     <span class='ocr_line' id='line_1_112' title="bbox 2204 1722 3858 1787; baseline 0.002 -17"><span class='ocrx_word' id='word_1_726' title='bbox 2204 1722 2425 1780; x_wconf 90' lang='lat' dir='ltr'><strong>tionem,</strong></span> <span class='ocrx_word' id='word_1_727' title='bbox 2457 1726 2506 1773; x_wconf 89' lang='lat'><strong>3.</strong></span> <span class='ocrx_word' id='word_1_728' title='bbox 2530 1722 2889 1787; x_wconf 81' lang='lat' dir='ltr'><strong>Dominatum,</strong></span> <span class='ocrx_word' id='word_1_729' title='bbox 2914 1725 2962 1787; x_wconf 83' lang='lat'><strong>3.</strong></span> <span class='ocrx_word' id='word_1_730' title='bbox 2984 1723 3136 1782; x_wconf 90' lang='lat' dir='ltr'><strong>Quod</strong></span> <span class='ocrx_word' id='word_1_731' title='bbox 3158 1725 3328 1783; x_wconf 89' lang='lat' dir='ltr'><strong>Pater,</strong></span> <span class='ocrx_word' id='word_1_732' title='bbox 3352 1724 3534 1781; x_wconf 87' lang='lat' dir='ltr'><strong>Filius,</strong></span> <span class='ocrx_word' id='word_1_733' title='bbox 3557 1727 3610 1787; x_wconf 86' lang='lat' dir='ltr'><strong>et</strong></span> <span class='ocrx_word' id='word_1_734' title='bbox 3630 1723 3858 1787; x_wconf 80' lang='lat' dir='ltr'><strong>Spiritus</strong></span> 
     </span>
    </p>
   </div>
   <div class='ocr_carea' id='block_1_108' title="bbox 2204 1785 3859 1848">
    <p class='ocr_par' dir='ltr' id='par_1_108' title="bbox 2204 1785 3859 1848">
     <span class='ocr_line' id='line_1_113' title="bbox 2204 1785 3859 1848; baseline 0.002 -15"><span class='ocrx_word' id='word_1_735' title='bbox 2204 1790 2421 1834; x_wconf 90' lang='lat' dir='ltr'><strong>sanctus</strong></span> <span class='ocrx_word' id='word_1_736' title='bbox 2443 1785 2653 1835; x_wconf 87' lang='lat' dir='ltr'><strong>Domini</strong></span> <span class='ocrx_word' id='word_1_737' title='bbox 2675 1787 2801 1847; x_wconf 91' lang='lat' dir='ltr'><strong>sint,</strong></span> <span class='ocrx_word' id='word_1_738' title='bbox 2835 1791 2888 1835; x_wconf 92' lang='lat' dir='ltr'><strong>et</strong></span> <span class='ocrx_word' id='word_1_739' title='bbox 2915 1786 2988 1836; x_wconf 91' lang='lat' dir='ltr'><strong>ita</strong></span> <span class='ocrx_word' id='word_1_740' title='bbox 3011 1789 3290 1844; x_wconf 87' lang='lat' dir='ltr'><strong>vocentur,</strong></span> <span class='ocrx_word' id='word_1_741' title='bbox 3322 1787 3375 1835; x_wconf 83' lang='lat' dir='ltr'><strong>et</strong></span> <span class='ocrx_word' id='word_1_742' title='bbox 3403 1785 3630 1847; x_wconf 66' lang='lat' dir='ltr'><strong>singulas</strong></span> <span class='ocrx_word' id='word_1_743' title='bbox 3659 1785 3859 1848; x_wconf 85' lang='lat' dir='ltr'><strong>pariter</strong></span> 
     </span>
    </p>
   </div>
   <div class='ocr_carea' id='block_1_109' title="bbox 2203 1849 3857 1912">
    <p class='ocr_par' dir='ltr' id='par_1_109' title="bbox 2203 1849 3857 1912">
     <span class='ocr_line' id='line_1_114' title="bbox 2203 1849 3857 1912; baseline 0.001 -16"><span class='ocrx_word' id='word_1_744' title='bbox 2203 1861 2450 1912; x_wconf 66' lang='lat' dir='ltr'><strong>personae</strong></span> <span class='ocrx_word' id='word_1_745' title='bbox 2477 1850 2618 1897; x_wconf 89' lang='lat' dir='ltr'><strong>Deus</strong></span> <span class='ocrx_word' id='word_1_746' title='bbox 2640 1853 2917 1912; x_wconf 84' lang='lat' dir='ltr'><strong>vocentur,</strong></span> <span class='ocrx_word' id='word_1_747' title='bbox 2949 1851 3045 1912; x_wconf 83' lang='lat'><strong>3.4</strong></span> <span class='ocrx_word' id='word_1_748' title='bbox 3066 1853 3120 1898; x_wconf 91' lang='lat' dir='ltr'><strong>et</strong></span> <span class='ocrx_word' id='word_1_749' title='bbox 3147 1862 3292 1912; x_wconf 86' lang='lat' dir='ltr'><strong>seqq.</strong></span> <span class='ocrx_word' id='word_1_750' title='bbox 3311 1849 3462 1912; x_wconf 81' lang='lat' dir='ltr'><strong>Quod</strong></span> <span class='ocrx_word' id='word_1_751' title='bbox 3483 1853 3591 1897; x_wconf 90' lang='lat' dir='ltr'><strong>tres</strong></span> <span class='ocrx_word' id='word_1_752' title='bbox 3612 1861 3857 1912; x_wconf 69' lang='lat' dir='ltr'><strong>personae</strong></span> 
     </span>
    </p>
   </div>
   <div class='ocr_carea' id='block_1_110' title="bbox 2205 1910 3854 1974">
    <p class='ocr_par' dir='ltr' id='par_1_110' title="bbox 2205 1910 3854 1974">
     <span class='ocr_line' id='line_1_115' title="bbox 2205 1910 3854 1974; baseline 0.001 -15"><span class='ocrx_word' id='word_1_753' title='bbox 2205 1911 2474 1974; x_wconf 88' lang='lat' dir='ltr'><strong>apostolos</strong></span> <span class='ocrx_word' id='word_1_754' title='bbox 2503 1911 2734 1969; x_wconf 87' lang='lat' dir='ltr'><strong>mittant,</strong></span> <span class='ocrx_word' id='word_1_755' title='bbox 2771 1916 2815 1961; x_wconf 93' lang='lat'><strong>7.</strong></span> <span class='ocrx_word' id='word_1_756' title='bbox 2871 1910 3022 1969; x_wconf 88' lang='lat' dir='ltr'><strong>Quod</strong></span> <span class='ocrx_word' id='word_1_757' title='bbox 3055 1910 3273 1974; x_wconf 70' lang='lat' dir='ltr'><strong>pariter</strong></span> <span class='ocrx_word' id='word_1_758' title='bbox 3302 1911 3527 1974; x_wconf 88' lang='lat' dir='ltr'><strong>sedeant</strong></span> <span class='ocrx_word' id='word_1_759' title='bbox 3556 1910 3628 1959; x_wconf 36' lang='lat' dir='ltr'><strong>in’</strong></span> <span class='ocrx_word' id='word_1_760' title='bbox 3644 1911 3854 1974; x_wconf 83' lang='lat' dir='ltr'><strong>excelso</strong></span> 
     </span>
    </p>
   </div>
   <div class='ocr_carea' id='block_1_111' title="bbox 2203 1973 3855 2032">
    <p class='ocr_par' dir='ltr' id='par_1_111' title="bbox 2203 1973 3855 2032">
     <span class='ocr_line' id='line_1_116' title="bbox 2203 1973 3855 2032; baseline 0.002 -12"><span class='ocrx_word' id='word_1_761' title='bbox 2203 1973 2418 2031; x_wconf 93' lang='lat' dir='ltr'><strong>throno,</strong></span> <span class='ocrx_word' id='word_1_762' title='bbox 2431 1975 2478 2031; x_wconf 92' lang='grc'><strong>7,</strong></span> <span class='ocrx_word' id='word_1_763' title='bbox 2503 1975 2545 2022; x_wconf 90' lang='grc'><strong>8.</strong></span> <span class='ocrx_word' id='word_1_764' title='bbox 2561 1974 2712 2032; x_wconf 92' lang='lat' dir='ltr'><strong>Quod</strong></span> <span class='ocrx_word' id='word_1_765' title='bbox 2731 1975 2960 2022; x_wconf 89' lang='lat' dir='ltr'><strong>Trinitas</strong></span> <span class='ocrx_word' id='word_1_766' title='bbox 2975 1988 3006 2023; x_wconf 92' lang='lat' dir='ltr'><strong>a</strong></span> <span class='ocrx_word' id='word_1_767' title='bbox 3025 1975 3249 2023; x_wconf 89' lang='lat' dir='ltr'><strong>mortuis</strong></span> <span class='ocrx_word' id='word_1_768' title='bbox 3267 1973 3534 2024; x_wconf 87' lang='lat' dir='ltr'><strong>Christum</strong></span> <span class='ocrx_word' id='word_1_769' title='bbox 3557 1973 3855 2024; x_wconf 86' lang='lat' dir='ltr'><strong>secundum</strong></span> 
     </span>
    </p>
   </div>
   <div class='ocr_carea' id='block_1_112' title="bbox 2203 2037 3857 2099">
    <p class='ocr_par' dir='ltr' id='par_1_112' title="bbox 2203 2037 3857 2099">
     <span class='ocr_line' id='line_1_117' title="bbox 2203 2037 3857 2099; baseline 0.002 -16"><span class='ocrx_word' id='word_1_770' title='bbox 2203 2049 2416 2099; x_wconf 84' lang='lat' dir='ltr'><strong>carnem</strong></span> <span class='ocrx_word' id='word_1_771' title='bbox 2447 2037 2773 2099; x_wconf 82' lang='lat' dir='ltr'><strong>excitaverit,</strong></span> <span class='ocrx_word' id='word_1_772' title='bbox 2790 2044 2833 2086; x_wconf 92' lang='lat'><strong>8.</strong></span> <span class='ocrx_word' id='word_1_773' title='bbox 2849 2037 3000 2095; x_wconf 89' lang='lat' dir='ltr'><strong>Quod</strong></span> <span class='ocrx_word' id='word_1_774' title='bbox 3025 2041 3132 2086; x_wconf 90' lang='lat' dir='ltr'><strong>tres</strong></span> <span class='ocrx_word' id='word_1_775' title='bbox 3147 2049 3391 2099; x_wconf 74' lang='lat' dir='ltr'><strong>personae</strong></span> <span class='ocrx_word' id='word_1_776' title='bbox 3407 2049 3525 2086; x_wconf 83' lang='lat' dir='ltr'><strong>sese</strong></span> <span class='ocrx_word' id='word_1_777' title='bbox 3545 2041 3732 2086; x_wconf 90' lang='lat' dir='ltr'><strong>mutuo</strong></span> <span class='ocrx_word' id='word_1_778' title='bbox 3751 2037 3857 2099; x_wconf 84' lang='lat' dir='ltr'><strong>glo-</strong></span> 
     </span>
    </p>
   </div>
   <div class='ocr_carea' id='block_1_113' title="bbox 2203 2097 3857 2163">
    <p class='ocr_par' dir='ltr' id='par_1_113' title="bbox 2203 2097 3857 2163">
     <span class='ocr_line' id='line_1_118' title="bbox 2203 2097 3857 2163; baseline 0.001 -17"><span class='ocrx_word' id='word_1_779' title='bbox 2203 2097 2426 2163; x_wconf 84' lang='lat' dir='ltr'><strong>riﬁcent,</strong></span> <span class='ocrx_word' id='word_1_780' title='bbox 2459 2101 2506 2148; x_wconf 91' lang='lat'><strong>8.</strong></span> <span class='ocrx_word' id='word_1_781' title='bbox 2529 2098 2681 2156; x_wconf 90' lang='lat' dir='ltr'><strong>Quod</strong></span> <span class='ocrx_word' id='word_1_782' title='bbox 2703 2100 2904 2163; x_wconf 89' lang='lat' dir='ltr'><strong>ubique</strong></span> <span class='ocrx_word' id='word_1_783' title='bbox 2935 2100 3043 2149; x_wconf 90' lang='lat' dir='ltr'><strong>sint</strong></span> <span class='ocrx_word' id='word_1_784' title='bbox 3070 2097 3178 2149; x_wconf 78' lang='lat' dir='ltr'><strong>tres</strong></span> <span class='ocrx_word' id='word_1_785' title='bbox 3203 2113 3464 2161; x_wconf 63' lang='lat' dir='ltr'><strong>personas,</strong></span> <span class='ocrx_word' id='word_1_786' title='bbox 3496 2102 3543 2163; x_wconf 83' lang='lat'><strong>9.</strong></span> <span class='ocrx_word' id='word_1_787' title='bbox 3573 2099 3728 2163; x_wconf 83' lang='lat' dir='ltr'><strong>Quod</strong></span> <span class='ocrx_word' id='word_1_788' title='bbox 3750 2097 3857 2163; x_wconf 67' lang='lat' dir='ltr'><strong>tres</strong></span> 
     </span>
    </p>
   </div>
   <div class='ocr_carea' id='block_1_114' title="bbox 2204 2161 3857 2224">
    <p class='ocr_par' dir='ltr' id='par_1_114' title="bbox 2204 2161 3857 2224">
     <span class='ocr_line' id='line_1_119' title="bbox 2204 2161 3857 2224; baseline 0.001 -15"><span class='ocrx_word' id='word_1_789' title='bbox 2204 2161 2402 2222; x_wconf 90' lang='lat' dir='ltr'><strong>pariter</strong></span> <span class='ocrx_word' id='word_1_790' title='bbox 2431 2175 2673 2224; x_wconf 66' lang='lat' dir='ltr'><strong>persona:</strong></span> <span class='ocrx_word' id='word_1_791' title='bbox 2695 2175 2724 2210; x_wconf 90' lang='lat' dir='ltr'><strong>a</strong></span> <span class='ocrx_word' id='word_1_792' title='bbox 2746 2161 2957 2211; x_wconf 85' lang='lat' dir='ltr'><strong>nemine</strong></span> <span class='ocrx_word' id='word_1_793' title='bbox 2983 2166 3397 2224; x_wconf 83' lang='lat' dir='ltr'><strong>cognoscantur,</strong></span> <span class='ocrx_word' id='word_1_794' title='bbox 3414 2165 3459 2211; x_wconf 89' lang='lat'><strong>9.</strong></span> <span class='ocrx_word' id='word_1_795' title='bbox 3484 2161 3636 2224; x_wconf 84' lang='lat' dir='ltr'><strong>Quod</strong></span> <span class='ocrx_word' id='word_1_796' title='bbox 3657 2162 3857 2224; x_wconf 91' lang='lat' dir='ltr'><strong>pariter</strong></span> 
     </span>
    </p>
   </div>
   <div class='ocr_carea' id='block_1_115' title="bbox 2203 2223 3858 2288">
    <p class='ocr_par' dir='ltr' id='par_1_115' title="bbox 2203 2223 3858 2288">
     <span class='ocr_line' id='line_1_120' title="bbox 2203 2223 3858 2288; baseline 0.001 -16"><span class='ocrx_word' id='word_1_797' title='bbox 2203 2223 2512 2288; x_wconf 73' lang='lat' dir='ltr'><strong>operentur,</strong></span> <span class='ocrx_word' id='word_1_798' title='bbox 2528 2227 2576 2288; x_wconf 89' lang='lat'><strong>9.</strong></span> <span class='ocrx_word' id='word_1_799' title='bbox 2603 2224 2754 2282; x_wconf 92' lang='lat' dir='ltr'><strong>Quod</strong></span> <span class='ocrx_word' id='word_1_800' title='bbox 2778 2226 2976 2288; x_wconf 89' lang='lat' dir='ltr'><strong>pariter</strong></span> <span class='ocrx_word' id='word_1_801' title='bbox 3005 2225 3385 2288; x_wconf 65' lang='lat' dir='ltr'><strong>consolentur,</strong></span> <span class='ocrx_word' id='word_1_802' title='bbox 3402 2227 3448 2274; x_wconf 89' lang='lat'><strong>9.</strong></span> <span class='ocrx_word' id='word_1_803' title='bbox 3481 2223 3633 2282; x_wconf 89' lang='lat' dir='ltr'><strong>Quod</strong></span> <span class='ocrx_word' id='word_1_804' title='bbox 3657 2223 3858 2274; x_wconf 70' lang='lat' dir='ltr'><strong>fuerint</strong></span> 
     </span>
    </p>
   </div>
   <div class='ocr_carea' id='block_1_116' title="bbox 2201 2285 3851 2350">
    <p class='ocr_par' dir='ltr' id='par_1_116' title="bbox 2201 2285 3851 2350">
     <span class='ocr_line' id='line_1_121' title="bbox 2201 2285 3851 2350; baseline 0.002 -18"><span class='ocrx_word' id='word_1_805' title='bbox 2201 2285 2309 2350; x_wconf 69' lang='lat' dir='ltr'><strong>dux</strong></span> <span class='ocrx_word' id='word_1_806' title='bbox 2334 2349 2338 2350; x_wconf 18' lang='grc' dir='ltr'><em>ν</em></span> <span class='ocrx_word' id='word_1_807' title='bbox 2359 2287 2584 2343; x_wconf 87' lang='lat' dir='ltr'><strong>lsraelis,</strong></span> <span class='ocrx_word' id='word_1_808' title='bbox 2620 2289 2695 2335; x_wconf 91' lang='lat'><strong>12.</strong></span> <span class='ocrx_word' id='word_1_809' title='bbox 2737 2285 2795 2334; x_wconf 80' lang='lat' dir='ltr'><strong>lii</strong></span> <span class='ocrx_word' id='word_1_810' title='bbox 2825 2287 3078 2350; x_wconf 80' lang='lat' dir='ltr'><strong>Trinitate</strong></span> <span class='ocrx_word' id='word_1_811' title='bbox 3103 2301 3212 2336; x_wconf 89' lang='lat' dir='ltr'><strong>una</strong></span> <span class='ocrx_word' id='word_1_812' title='bbox 3238 2291 3346 2350; x_wconf 79' lang='lat' dir='ltr'><strong>tres</strong></span> <span class='ocrx_word' id='word_1_813' title='bbox 3375 2287 3708 2350; x_wconf 81' lang='lat' dir='ltr'><strong>hypostases,</strong></span> <span class='ocrx_word' id='word_1_814' title='bbox 3743 2290 3851 2338; x_wconf 80' lang='lat'><strong>194.</strong></span> 
     </span>
    </p>
   </div>
   <div class='ocr_carea' id='block_1_117' title="bbox 2201 2348 3854 2414">
    <p class='ocr_par' dir='ltr' id='par_1_117' title="bbox 2201 2348 3854 2414">
     <span class='ocr_line' id='line_1_122' title="bbox 2201 2348 3854 2414; baseline 0.002 -18"><span class='ocrx_word' id='word_1_815' title='bbox 2201 2348 2430 2414; x_wconf 79' lang='lat' dir='ltr'><strong>Trinitas</strong></span> <span class='ocrx_word' id='word_1_816' title='bbox 2478 2349 2968 2414; x_wconf 85' lang='lat' dir='ltr'><strong>consubstantialis,</strong></span> <span class='ocrx_word' id='word_1_817' title='bbox 3017 2352 3128 2414; x_wconf 84' lang='lat'><strong>218.</strong></span> <span class='ocrx_word' id='word_1_818' title='bbox 3173 2348 3464 2399; x_wconf 74' lang='lat' dir='ltr'><strong>Trinitatis</strong></span> <span class='ocrx_word' id='word_1_819' title='bbox 3489 2350 3750 2414; x_wconf 79' lang='lat' dir='ltr'><strong>imagines</strong></span> <span class='ocrx_word' id='word_1_820' title='bbox 3801 2353 3854 2414; x_wconf 91' lang='lat' dir='ltr'><strong>et</strong></span> 
     </span>
    </p>
   </div>
   <div class='ocr_carea' id='block_1_118' title="bbox 2201 2412 3854 2476">
    <p class='ocr_par' dir='ltr' id='par_1_118' title="bbox 2201 2412 3854 2476">
     <span class='ocr_line' id='line_1_123' title="bbox 2201 2412 3854 2476; baseline 0.002 -17"><span class='ocrx_word' id='word_1_821' title='bbox 2201 2412 2463 2476; x_wconf 79' lang='lat' dir='ltr'><strong>exempla,</strong></span> <span class='ocrx_word' id='word_1_822' title='bbox 2496 2413 2604 2476; x_wconf 67' lang='lat'><strong>281,</strong></span> <span class='ocrx_word' id='word_1_823' title='bbox 2627 2414 2738 2476; x_wconf 86' lang='lat'><strong>282,</strong></span> <span class='ocrx_word' id='word_1_824' title='bbox 2768 2415 2878 2461; x_wconf 89' lang='lat'><strong>283.</strong></span> <span class='ocrx_word' id='word_1_825' title='bbox 2902 2414 2957 2462; x_wconf 89' lang='lat' dir='ltr'><strong>In</strong></span> <span class='ocrx_word' id='word_1_826' title='bbox 2989 2413 3243 2462; x_wconf 89' lang='lat' dir='ltr'><strong>Trinitate</strong></span> <span class='ocrx_word' id='word_1_827' title='bbox 3268 2425 3517 2476; x_wconf 67' lang='lat' dir='ltr'><strong>quianam</strong></span> <span class='ocrx_word' id='word_1_828' title='bbox 3547 2412 3854 2463; x_wconf 77' lang='lat' dir='ltr'><strong>communia</strong></span> 
     </span>
    </p>
   </div>
   <div class='ocr_carea' id='block_1_119' title="bbox 2202 2475 3852 2539">
    <p class='ocr_par' dir='ltr' id='par_1_119' title="bbox 2202 2475 3852 2539">
     <span class='ocr_line' id='line_1_124' title="bbox 2202 2475 3852 2539; baseline 0.001 -18"><span class='ocrx_word' id='word_1_829' title='bbox 2202 2478 2347 2539; x_wconf 84' lang='lat' dir='ltr'><strong>sunt,</strong></span> <span class='ocrx_word' id='word_1_830' title='bbox 2376 2475 2486 2539; x_wconf 76' lang='lat'><strong>284.</strong></span> <span class='ocrx_word' id='word_1_831' title='bbox 2514 2475 2747 2539; x_wconf 79' lang='lat' dir='ltr'><strong>T_rinitas</strong></span> <span class='ocrx_word' id='word_1_832' title='bbox 2779 2489 3148 2539; x_wconf 80' lang='lat' dir='ltr'><strong>personarum,</strong></span> <span class='ocrx_word' id='word_1_833' title='bbox 3176 2475 3418 2539; x_wconf 79' lang='lat'><strong>335,336.</strong></span> <span class='ocrx_word' id='word_1_834' title='bbox 3442 2476 3713 2526; x_wconf 67' lang='lat' dir='ltr'><strong>Trinitatis</strong></span> <span class='ocrx_word' id='word_1_835' title='bbox 3744 2475 3852 2537; x_wconf 90' lang='lat' dir='ltr'><strong>epi-</strong></span> 
     </span>
    </p>
   </div>
   <div class='ocr_carea' id='block_1_120' title="bbox 2202 2536 3853 2604">
    <p class='ocr_par' dir='ltr' id='par_1_120' title="bbox 2202 2536 3853 2604">
     <span class='ocr_line' id='line_1_125' title="bbox 2202 2536 3853 2604; baseline 0.002 -21"><span class='ocrx_word' id='word_1_836' title='bbox 2202 2536 2363 2604; x_wconf 65' lang='lat' dir='ltr'><strong>theta,</strong></span> <span class='ocrx_word' id='word_1_837' title='bbox 2385 2537 2505 2604; x_wconf 75' lang='grc'><strong>300.</strong></span> <span class='ocrx_word' id='word_1_838' title='bbox 2537 2537 2764 2604; x_wconf 81' lang='lat' dir='ltr'><strong>Trinitas</strong></span> <span class='ocrx_word' id='word_1_839' title='bbox 2794 2537 2989 2604; x_wconf 82' lang='lat' dir='ltr'><strong>dicitur</strong></span> <span class='ocrx_word' id='word_1_840' title='bbox 3029 2536 3318 2602; x_wconf 87' lang='lat' dir='ltr'><strong>trigonium</strong></span> <span class='ocrx_word' id='word_1_841' title='bbox 3351 2543 3403 2590; x_wconf 92' lang='lat' dir='ltr'><strong>et</strong></span> <span class='ocrx_word' id='word_1_842' title='bbox 3429 2541 3707 2604; x_wconf 87' lang='lat' dir='ltr'><strong>trigerum,</strong></span> <span class='ocrx_word' id='word_1_843' title='bbox 3741 2536 3853 2589; x_wconf 77' lang='lat'><strong>549.</strong></span> 
     </span>
    </p>
   </div>
   <div class='ocr_carea' id='block_1_121' title="bbox 2262 2599 2904 2658">
    <p class='ocr_par' dir='ltr' id='par_1_121' title="bbox 2262 2599 2904 2658">
     <span class='ocr_line' id='line_1_126' title="bbox 2262 2599 2904 2658; baseline 0.005 -11"><span class='ocrx_word' id='word_1_844' title='bbox 2262 2599 2496 2648; x_wconf 88' lang='lat' dir='ltr'><strong>Tristitia</strong></span> <span class='ocrx_word' id='word_1_845' title='bbox 2523 2599 2761 2658; x_wconf 88' lang='lat' dir='ltr'><strong>vitanda,</strong></span> <span class='ocrx_word' id='word_1_846' title='bbox 2793 2602 2904 2650; x_wconf 86' lang='lat'><strong>326.</strong></span> 
     </span>
    </p>
   </div>
   <div class='ocr_carea' id='block_1_122' title="bbox 2263 2661 3418 2726">
    <p class='ocr_par' dir='ltr' id='par_1_122' title="bbox 2263 2661 3418 2726">
     <span class='ocr_line' id='line_1_127' title="bbox 2263 2661 3418 2726; baseline 0.002 -16"><span class='ocrx_word' id='word_1_847' title='bbox 2263 2661 2491 2726; x_wconf 67' lang='lat' dir='ltr'><strong>Tristitia</strong></span> <span class='ocrx_word' id='word_1_848' title='bbox 2515 2661 2619 2726; x_wconf 86' lang='lat' dir='ltr'><strong>alia</strong></span> <span class='ocrx_word' id='word_1_849' title='bbox 2649 2662 2871 2720; x_wconf 90' lang='lat' dir='ltr'><strong>inutilis,</strong></span> <span class='ocrx_word' id='word_1_850' title='bbox 2904 2661 3010 2726; x_wconf 86' lang='lat' dir='ltr'><strong>alia</strong></span> <span class='ocrx_word' id='word_1_851' title='bbox 3037 2663 3279 2726; x_wconf 87' lang='lat' dir='ltr'><strong>exitiosa,</strong></span> <span class='ocrx_word' id='word_1_852' title='bbox 3309 2665 3418 2714; x_wconf 88' lang='lat'><strong>624.</strong></span> 
     </span>
    </p>
   </div>
   <div class='ocr_carea' id='block_1_123' title="bbox 2262 2724 3587 2788">
    <p class='ocr_par' dir='ltr' id='par_1_123' title="bbox 2262 2724 3587 2788">
     <span class='ocr_line' id='line_1_128' title="bbox 2262 2724 3587 2788; baseline 0.003 -16"><span class='ocrx_word' id='word_1_853' title='bbox 2262 2724 2468 2788; x_wconf 73' lang='lat' dir='ltr'><strong>Tropici</strong></span> <span class='ocrx_word' id='word_1_854' title='bbox 2491 2724 2601 2788; x_wconf 79' lang='lat' dir='ltr'><strong>sive</strong></span> <span class='ocrx_word' id='word_1_855' title='bbox 2632 2724 3010 2788; x_wconf 89' lang='lat' dir='ltr'><strong>pneumatochi</strong></span> <span class='ocrx_word' id='word_1_856' title='bbox 3039 2724 3443 2788; x_wconf 80' lang='lat' dir='ltr'><strong>impugnantur,</strong></span> <span class='ocrx_word' id='word_1_857' title='bbox 3480 2728 3587 2778; x_wconf 90' lang='lat'><strong>184.</strong></span> 
     </span>
    </p>
   </div>
   <div class='ocr_carea' id='block_1_124' title="bbox 2262 2785 3538 2852">
    <p class='ocr_par' dir='ltr' id='par_1_124' title="bbox 2262 2785 3538 2852">
     <span class='ocr_line' id='line_1_129' title="bbox 2262 2785 3538 2852; baseline 0.003 -18"><span class='ocrx_word' id='word_1_858' title='bbox 2262 2786 2461 2836; x_wconf 90' lang='lat' dir='ltr'><strong>Tunica</strong></span> <span class='ocrx_word' id='word_1_859' title='bbox 2489 2785 2683 2836; x_wconf 82' lang='lat' dir='ltr'><strong>Christi</strong></span> <span class='ocrx_word' id='word_1_860' title='bbox 2711 2801 2808 2838; x_wconf 91' lang='lat' dir='ltr'><strong>cur</strong></span> <span class='ocrx_word' id='word_1_861' title='bbox 2841 2788 3013 2838; x_wconf 84' lang='lat' dir='ltr'><strong>scindi</strong></span> <span class='ocrx_word' id='word_1_862' title='bbox 3041 2785 3152 2838; x_wconf 88' lang='lat' dir='ltr'><strong>non</strong></span> <span class='ocrx_word' id='word_1_863' title='bbox 3179 2785 3435 2852; x_wconf 75' lang='lat' dir='ltr'><strong>potuerit,</strong></span> <span class='ocrx_word' id='word_1_864' title='bbox 3460 2792 3538 2838; x_wconf 89' lang='lat'><strong>74.</strong></span> 
     </span>
    </p>
   </div>
   <div class='ocr_carea' id='block_1_125' title="bbox 3001 2941 3060 3007">
    <p class='ocr_par' dir='ltr' id='par_1_125' title="bbox 3001 2941 3060 3007">
     <span class='ocr_line' id='line_1_130' title="bbox 3001 2941 3060 3007; baseline 0 0"><span class='ocrx_word' id='word_1_865' title='bbox 3001 2941 3060 3007; x_wconf 96' lang='lat' dir='ltr'>U</span> 
     </span>
    </p>
   </div>
   <div class='ocr_carea' id='block_1_126' title="bbox 2263 3097 3200 3162">
    <p class='ocr_par' dir='ltr' id='par_1_126' title="bbox 2263 3097 3200 3162">
     <span class='ocr_line' id='line_1_131' title="bbox 2263 3097 3200 3162; baseline 0.002 -17"><span class='ocrx_word' id='word_1_866' title='bbox 2263 3097 2729 3162; x_wconf 80' lang='lat' dir='ltr'><strong>Ultionespeccati</strong></span> <span class='ocrx_word' id='word_1_867' title='bbox 2759 3099 2885 3148; x_wconf 87' lang='lat' dir='ltr'><strong>Cain</strong></span> <span class='ocrx_word' id='word_1_868' title='bbox 2915 3111 3056 3162; x_wconf 63' lang='lat' dir='ltr'><strong>quas.</strong></span> <span class='ocrx_word' id='word_1_869' title='bbox 3090 3100 3200 3148; x_wconf 92' lang='lat'><strong>267.</strong></span> 
     </span>
    </p>
   </div>
   <div class='ocr_carea' id='block_1_127' title="bbox 2260 3160 2717 3223">
    <p class='ocr_par' dir='ltr' id='par_1_127' title="bbox 2260 3160 2717 3223">
     <span class='ocr_line' id='line_1_132' title="bbox 2260 3160 2717 3223; baseline -0.002 -13"><span class='ocrx_word' id='word_1_870' title='bbox 2260 3161 2396 3210; x_wconf 92' lang='lat' dir='ltr'><strong>Unio</strong></span> <span class='ocrx_word' id='word_1_871' title='bbox 2428 3160 2578 3223; x_wconf 86' lang='lat' dir='ltr'><strong>quid,</strong></span> <span class='ocrx_word' id='word_1_872' title='bbox 2613 3163 2717 3210; x_wconf 87' lang='lat'><strong>197.</strong></span> 
     </span>
    </p>
   </div>
   <div class='ocr_carea' id='block_1_128' title="bbox 2265 3223 2888 3286">
    <p class='ocr_par' dir='ltr' id='par_1_128' title="bbox 2265 3223 2888 3286">
     <span class='ocr_line' id='line_1_133' title="bbox 2265 3223 2888 3286; baseline 0.002 -14"><span class='ocrx_word' id='word_1_873' title='bbox 2265 3223 2572 3286; x_wconf 85' lang='lat' dir='ltr'><strong>Universale</strong></span> <span class='ocrx_word' id='word_1_874' title='bbox 2588 3223 2748 3286; x_wconf 72' lang='lat' dir='ltr'><strong>quid,</strong></span> <span class='ocrx_word' id='word_1_875' title='bbox 2783 3226 2888 3274; x_wconf 86' lang='lat'><strong>194.</strong></span> 
     </span>
    </p>
   </div>
   <div class='ocr_carea' id='block_1_129' title="bbox 2260 3285 3857 3347">
    <p class='ocr_par' dir='ltr' id='par_1_129' title="bbox 2260 3285 3857 3347">
     <span class='ocr_line' id='line_1_134' title="bbox 2260 3285 3857 3347; baseline 0.004 -15"><span class='ocrx_word' id='word_1_876' title='bbox 2260 3285 2547 3346; x_wconf 71' lang='grc' dir='ltr'><strong>ι’παπαντ-ή,</strong></span> <span class='ocrx_word' id='word_1_877' title='bbox 2581 3285 2773 3336; x_wconf 86' lang='lat' dir='ltr'><strong>festum</strong></span> <span class='ocrx_word' id='word_1_878' title='bbox 2797 3300 3048 3337; x_wconf 90' lang='lat' dir='ltr'><strong>occursus</strong></span> <span class='ocrx_word' id='word_1_879' title='bbox 3070 3286 3303 3347; x_wconf 91' lang='lat' dir='ltr'><strong>Domini,</strong></span> <span class='ocrx_word' id='word_1_880' title='bbox 3333 3287 3443 3337; x_wconf 90' lang='lat' dir='ltr'><strong>sive</strong></span> <span class='ocrx_word' id='word_1_881' title='bbox 3467 3286 3857 3338; x_wconf 84' lang='lat' dir='ltr'><strong>Pnriﬁcationis</strong></span> 
     </span>
    </p>
   </div>
   <div class='ocr_carea' id='block_1_130' title="bbox 2198 3348 2675 3412">
    <p class='ocr_par' dir='ltr' id='par_1_130' title="bbox 2198 3348 2675 3412">
     <span class='ocr_line' id='line_1_135' title="bbox 2198 3348 2675 3412; baseline 0 -16"><span class='ocrx_word' id='word_1_882' title='bbox 2198 3348 2252 3396; x_wconf 86' lang='grc' dir='ltr'><strong>Β.</strong></span> <span class='ocrx_word' id='word_1_883' title='bbox 2285 3349 2535 3412; x_wconf 78' lang='lat' dir='ltr'><strong>Virginis,</strong></span> <span class='ocrx_word' id='word_1_884' title='bbox 2561 3349 2675 3412; x_wconf 15' lang='lat' dir='ltr'><strong>r355.</strong></span> 
     </span>
    </p>
   </div>
   <div class='ocr_carea' id='block_1_131' title="bbox 2261 3411 2929 3476">
    <p class='ocr_par' dir='ltr' id='par_1_131' title="bbox 2261 3411 2929 3476">
     <span class='ocr_line' id='line_1_136' title="bbox 2261 3411 2929 3476; baseline 0.001 -16"><span class='ocrx_word' id='word_1_885' title='bbox 2261 3411 2428 3461; x_wconf 88' lang='lat' dir='ltr'><strong>Usura</strong></span> <span class='ocrx_word' id='word_1_886' title='bbox 2456 3411 2788 3476; x_wconf 90' lang='lat' dir='ltr'><strong>prohibetur,</strong></span> <span class='ocrx_word' id='word_1_887' title='bbox 2821 3413 2929 3462; x_wconf 91' lang='lat'><strong>305.</strong></span> 
     </span>
    </p>
   </div>
   <div class='ocr_carea' id='block_1_132' title="bbox 2991 3531 3052 3596">
    <p class='ocr_par' dir='ltr' id='par_1_132' title="bbox 2991 3531 3052 3596">
     <span class='ocr_line' id='line_1_137' title="bbox 2991 3531 3052 3596; baseline 0 0"><span class='ocrx_word' id='word_1_888' title='bbox 2991 3531 3052 3596; x_wconf 91' lang='lat' dir='ltr'><strong>V</strong></span> 
     </span>
    </p>
   </div>
   <div class='ocr_carea' id='block_1_133' title="bbox 2259 3662 3854 3731">
    <p class='ocr_par' dir='ltr' id='par_1_133' title="bbox 2259 3662 3854 3731">
     <span class='ocr_line' id='line_1_138' title="bbox 2259 3662 3854 3731; baseline 0.005 -20"><span class='ocrx_word' id='word_1_889' title='bbox 2259 3662 2574 3731; x_wconf 77' lang='lat' dir='ltr'><strong>Valentinus</strong></span> <span class='ocrx_word' id='word_1_890' title='bbox 2612 3663 2982 3731; x_wconf 70' lang='lat' dir='ltr'><strong>impugnatur,</strong></span> <span class='ocrx_word' id='word_1_891' title='bbox 3013 3663 3122 3714; x_wconf 91' lang='lat'><strong>186.</strong></span> <span class='ocrx_word' id='word_1_892' title='bbox 3155 3664 3484 3715; x_wconf 89' lang='lat' dir='ltr'><strong>Veneﬁcium</strong></span> <span class='ocrx_word' id='word_1_893' title='bbox 3519 3679 3630 3716; x_wconf 90' lang='lat' dir='ltr'><strong>non</strong></span> <span class='ocrx_word' id='word_1_894' title='bbox 3676 3671 3854 3731; x_wconf 88' lang='lat' dir='ltr'><strong>potest</strong></span> 
     </span>
    </p>
   </div>
   <div class='ocr_carea' id='block_1_134' title="bbox 2193 3725 2836 3789">
    <p class='ocr_par' dir='ltr' id='par_1_134' title="bbox 2193 3725 2836 3789">
     <span class='ocr_line' id='line_1_139' title="bbox 2193 3725 2836 3789; baseline 0.002 -15"><span class='ocrx_word' id='word_1_895' title='bbox 2193 3725 2397 3789; x_wconf 85' lang='lat' dir='ltr'><strong>justum</strong></span> <span class='ocrx_word' id='word_1_896' title='bbox 2428 3725 2703 3789; x_wconf 70' lang='lat' dir='ltr'><strong>occidere,</strong></span> <span class='ocrx_word' id='word_1_897' title='bbox 2725 3729 2836 3776; x_wconf 87' lang='lat'><strong>219.</strong></span> 
     </span>
    </p>
   </div>
   <div class='ocr_carea' id='block_1_135' title="bbox 2260 3788 3850 3861">
    <p class='ocr_par' dir='ltr' id='par_1_135' title="bbox 2260 3788 3850 3861">
     <span class='ocr_line' id='line_1_140' title="bbox 2260 3788 3850 3861; baseline 0.003 -25"><span class='ocrx_word' id='word_1_898' title='bbox 2260 3788 2489 3861; x_wconf 79' lang='lat' dir='ltr'><strong>Verbum</strong></span> <span class='ocrx_word' id='word_1_899' title='bbox 2510 3788 2635 3838; x_wconf 91' lang='lat' dir='ltr'><strong>dum</strong></span> <span class='ocrx_word' id='word_1_900' title='bbox 2665 3792 2966 3861; x_wconf 78' lang='lat' dir='ltr'><strong>gestaretur</strong></span> <span class='ocrx_word' id='word_1_901' title='bbox 2985 3789 3039 3861; x_wconf 89' lang='lat' dir='ltr'><strong>in</strong></span> <span class='ocrx_word' id='word_1_902' title='bbox 3065 3793 3312 3861; x_wconf 69' lang='lat' dir='ltr'><strong>materno</strong></span> <span class='ocrx_word' id='word_1_903' title='bbox 3334 3793 3504 3861; x_wconf 86' lang='lat' dir='ltr'><strong>utero,</strong></span> <span class='ocrx_word' id='word_1_904' title='bbox 3522 3791 3736 3861; x_wconf 84' lang='lat' dir='ltr'><strong>_in_sinu</strong></span> <span class='ocrx_word' id='word_1_905' title='bbox 3759 3795 3850 3861; x_wconf 65' lang='lat' dir='ltr'><strong>Pa.</strong></span> 
     </span>
    </p>
   </div>
   <div class='ocr_carea' id='block_1_136' title="bbox 2198 3851 3847 3915">
    <p class='ocr_par' dir='ltr' id='par_1_136' title="bbox 2198 3851 3847 3915">
     <span class='ocr_line' id='line_1_141' title="bbox 2198 3851 3847 3915; baseline 0.004 -16"><span class='ocrx_word' id='word_1_906' title='bbox 2198 3851 2294 3915; x_wconf 77' lang='lat' dir='ltr'><strong>tris</strong></span> <span class='ocrx_word' id='word_1_907' title='bbox 2324 3851 2841 3914; x_wconf 90' lang='lat' dir='ltr'><strong>incircumscriptum</strong></span> <span class='ocrx_word' id='word_1_908' title='bbox 2866 3851 3098 3915; x_wconf 86' lang='lat' dir='ltr'><strong>jacebat,</strong></span> <span class='ocrx_word' id='word_1_909' title='bbox 3131 3854 3241 3902; x_wconf 88' lang='lat'><strong>354.</strong></span> <span class='ocrx_word' id='word_1_910' title='bbox 3265 3853 3382 3902; x_wconf 86' lang='lat' dir='ltr'><strong>Non</strong></span> <span class='ocrx_word' id='word_1_911' title='bbox 3411 3858 3492 3902; x_wconf 89' lang='lat' dir='ltr'><strong>est</strong></span> <span class='ocrx_word' id='word_1_912' title='bbox 3519 3853 3576 3902; x_wconf 92' lang='lat' dir='ltr'><strong>in</strong></span> <span class='ocrx_word' id='word_1_913' title='bbox 3602 3854 3736 3915; x_wconf 92' lang='lat' dir='ltr'><strong>loco,</strong></span> <span class='ocrx_word' id='word_1_914' title='bbox 3768 3857 3847 3907; x_wconf 87' lang='lat'><strong>34.</strong></span> 
     </span>
    </p>
   </div>
   <div class='ocr_carea' id='block_1_137' title="bbox 2198 3913 3849 3976">
    <p class='ocr_par' dir='ltr' id='par_1_137' title="bbox 2198 3913 3849 3976">
     <span class='ocr_line' id='line_1_142' title="bbox 2198 3913 3849 3976; baseline 0.003 -14"><span class='ocrx_word' id='word_1_915' title='bbox 2198 3913 2288 3964; x_wconf 91' lang='lat' dir='ltr'><strong>Est</strong></span> <span class='ocrx_word' id='word_1_916' title='bbox 2317 3913 2770 3963; x_wconf 72' lang='lat' dir='ltr'><strong>consubstantiale</strong></span> <span class='ocrx_word' id='word_1_917' title='bbox 2795 3913 2950 3976; x_wconf 85' lang='lat' dir='ltr'><strong>Patri,</strong></span> <span class='ocrx_word' id='word_1_918' title='bbox 2981 3917 3057 3964; x_wconf 89' lang='lat'><strong>40.</strong></span> <span class='ocrx_word' id='word_1_919' title='bbox 3081 3916 3299 3965; x_wconf 89' lang='lat' dir='ltr'><strong>Passum</strong></span> <span class='ocrx_word' id='word_1_920' title='bbox 3321 3919 3401 3965; x_wconf 86' lang='lat' dir='ltr'><strong>est</strong></span> <span class='ocrx_word' id='word_1_921' title='bbox 3420 3929 3597 3975; x_wconf 90' lang='lat' dir='ltr'><strong>carne,</strong></span> <span class='ocrx_word' id='word_1_922' title='bbox 3622 3913 3732 3968; x_wconf 77' lang='grc'><strong>165.</strong></span> <span class='ocrx_word' id='word_1_923' title='bbox 3754 3921 3849 3969; x_wconf 82' lang='lat' dir='ltr'><strong>As-</strong></span> 
     </span>
    </p>
   </div>
   <div class='ocr_carea' id='block_1_138' title="bbox 2199 3977 3846 4043">
    <p class='ocr_par' dir='ltr' id='par_1_138' title="bbox 2199 3977 3846 4043">
     <span class='ocr_line' id='line_1_143' title="bbox 2199 3977 3846 4043; baseline 0.002 -17"><span class='ocrx_word' id='word_1_924' title='bbox 2199 3978 2427 4043; x_wconf 75' lang='lat' dir='ltr'><strong>sumpsit</strong></span> <span class='ocrx_word' id='word_1_925' title='bbox 2443 3977 2739 4043; x_wconf 85' lang='lat' dir='ltr'><strong>perfectum</strong></span> <span class='ocrx_word' id='word_1_926' title='bbox 2761 3977 3052 4043; x_wconf 86' lang='lat' dir='ltr'><strong>hominem,</strong></span> <span class='ocrx_word' id='word_1_927' title='bbox 3079 3977 3367 4043; x_wconf 80' lang='lat' dir='ltr'><strong>166._Verbi</strong></span> <span class='ocrx_word' id='word_1_928' title='bbox 3391 3992 3496 4028; x_wconf 91' lang='lat' dir='ltr'><strong>una</strong></span> <span class='ocrx_word' id='word_1_929' title='bbox 3524 3979 3846 4043; x_wconf 87' lang='lat' dir='ltr'><strong>hypostasis,</strong></span> 
     </span>
    </p>
   </div>
   <div class='ocr_carea' id='block_1_139' title="bbox 2202 3992 3850 4104">
    <p class='ocr_par' dir='ltr' id='par_1_139' title="bbox 2202 3992 3850 4104">
     <span class='ocr_line' id='line_1_144' title="bbox 2202 3992 3846 4088; baseline 0.003 -63"><span class='ocrx_word' id='word_1_930' title='bbox 2202 3992 2427 4039; x_wconf 79' lang='lat' dir='ltr'><strong>BUIDpSlt</strong></span> <span class='ocrx_word' id='word_1_931' title='bbox 2442 3992 2739 4088; x_wconf 69' lang='lat' dir='ltr'><strong>perrectum</strong></span> <span class='ocrx_word' id='word_1_932' title='bbox 2765 3992 3052 4050; x_wconf 81' lang='lat' dir='ltr'><strong>nominem,</strong></span> <span class='ocrx_word' id='word_1_933' title='bbox 3079 3992 3185 4028; x_wconf 79' lang='lat'><strong>166.</strong></span> <span class='ocrx_word' id='word_1_934' title='bbox 3212 3992 3367 4052; x_wconf 59' lang='lat' dir='ltr'><strong>verm</strong></span> <span class='ocrx_word' id='word_1_935' title='bbox 3391 3992 3496 4028; x_wconf 91' lang='lat' dir='ltr'><strong>una</strong></span> <span class='ocrx_word' id='word_1_936' title='bbox 3525 3992 3846 4043; x_wconf 81' lang='lat' dir='ltr'><strong>nypostasis,</strong></span> 
     </span>
     <span class='ocr_line' id='line_1_145' title="bbox 2202 4040 3850 4104; baseline 0.002 -16"><span class='ocrx_word' id='word_1_937' title='bbox 2202 4042 2306 4089; x_wconf 89' lang='grc'><strong>192.</strong></span> <span class='ocrx_word' id='word_1_938' title='bbox 2339 4040 2441 4104; x_wconf 86' lang='lat' dir='ltr'><strong>Ver</strong></span> <span class='ocrx_word' id='word_1_939' title='bbox 2484 4054 2571 4089; x_wconf 91' lang='lat' dir='ltr'><strong>um</strong></span> <span class='ocrx_word' id='word_1_940' title='bbox 2593 4041 2722 4103; x_wconf 82' lang='lat' dir='ltr'><strong>quid</strong></span> <span class='ocrx_word' id='word_1_941' title='bbox 2744 4045 2829 4098; x_wconf 82' lang='lat' dir='ltr'><strong>sit,</strong></span> <span class='ocrx_word' id='word_1_942' title='bbox 2863 4040 3256 4104; x_wconf 80' lang='lat' dir='ltr'><strong>etquotmodis</strong></span> <span class='ocrx_word' id='word_1_943' title='bbox 3285 4041 3510 4100; x_wconf 81' lang='lat' dir='ltr'><strong>dicatur,</strong></span> <span class='ocrx_word' id='word_1_944' title='bbox 3537 4045 3642 4091; x_wconf 90' lang='lat'><strong>199.</strong></span> <span class='ocrx_word' id='word_1_945' title='bbox 3668 4043 3850 4093; x_wconf 91' lang='lat' dir='ltr'><strong>Homi-</strong></span> 
     </span>
    </p>
   </div>
   <div class='ocr_carea' id='block_1_140' title="bbox 2199 4103 3850 4166">
    <p class='ocr_par' dir='ltr' id='par_1_140' title="bbox 2199 4103 3850 4166">
     <span class='ocr_line' id='line_1_146' title="bbox 2199 4103 3850 4166; baseline 0.004 -16"><span class='ocrx_word' id='word_1_946' title='bbox 2199 4116 2320 4151; x_wconf 90' lang='lat' dir='ltr'><strong>nem</strong></span> <span class='ocrx_word' id='word_1_947' title='bbox 2351 4103 2550 4152; x_wconf 83' lang='lat' dir='ltr'><strong>factum</strong></span> <span class='ocrx_word' id='word_1_948' title='bbox 2573 4105 2635 4151; x_wconf 92' lang='lat' dir='ltr'><strong>iri</strong></span> <span class='ocrx_word' id='word_1_949' title='bbox 2665 4103 3034 4164; x_wconf 64' lang='lat' dir='ltr'><strong>praenuntiant</strong></span> <span class='ocrx_word' id='word_1_950' title='bbox 3054 4103 3358 4166; x_wconf 81' lang='lat' dir='ltr'><strong>Scripturas,</strong></span> <span class='ocrx_word' id='word_1_951' title='bbox 3380 4106 3488 4154; x_wconf 90' lang='lat'><strong>249.</strong></span> <span class='ocrx_word' id='word_1_952' title='bbox 3515 4105 3669 4154; x_wconf 90' lang='lat' dir='ltr'><strong>Verbi</strong></span> <span class='ocrx_word' id='word_1_953' title='bbox 3693 4112 3850 4156; x_wconf 89' lang='lat' dir='ltr'><strong>natu-</strong></span> 
     </span>
    </p>
   </div>
   <div class='ocr_carea' id='block_1_141' title="bbox 2198 4166 3849 4282">
    <p class='ocr_par' dir='ltr' id='par_1_141' title="bbox 2198 4166 3849 4282">
     <span class='ocr_line' id='line_1_147' title="bbox 2199 4166 3848 4233; baseline 0.004 -20"><span class='ocrx_word' id='word_1_954' title='bbox 2199 4178 2311 4214; x_wconf 90' lang='lat' dir='ltr'><strong>ram</strong></span> <span class='ocrx_word' id='word_1_955' title='bbox 2343 4179 2505 4214; x_wconf 92' lang='lat' dir='ltr'><strong>unam</strong></span> <span class='ocrx_word' id='word_1_956' title='bbox 2536 4167 2866 4215; x_wconf 88' lang='lat' dir='ltr'><strong>incarnatam</strong></span> <span class='ocrx_word' id='word_1_957' title='bbox 2914 4166 3108 4225; x_wconf 89' lang='lat' dir='ltr'><strong>dicere,</strong></span> <span class='ocrx_word' id='word_1_958' title='bbox 3141 4179 3252 4216; x_wconf 88' lang='lat' dir='ltr'><strong>non</strong></span> <span class='ocrx_word' id='word_1_959' title='bbox 3291 4171 3372 4216; x_wconf 90' lang='lat' dir='ltr'><strong>est</strong></span> <span class='ocrx_word' id='word_1_960' title='bbox 3399 4167 3654 4218; x_wconf 91' lang='lat' dir='ltr'><strong>catholice</strong></span> <span class='ocrx_word' id='word_1_961' title='bbox 3683 4169 3848 4233; x_wconf 91' lang='lat' dir='ltr'><strong>loqui,</strong></span> 
     </span>
     <span class='ocr_line' id='line_1_148' title="bbox 2198 4228 3849 4282; baseline 0.004 -7"><span class='ocrx_word' id='word_1_962' title='bbox 2198 4228 2307 4277; x_wconf 91' lang='lat'><strong>340.</strong></span> <span class='ocrx_word' id='word_1_963' title='bbox 2339 4228 2570 4277; x_wconf 89' lang='lat' dir='ltr'><strong>Verbum</strong></span> <span class='ocrx_word' id='word_1_964' title='bbox 2599 4241 2710 4278; x_wconf 92' lang='lat' dir='ltr'><strong>non</strong></span> <span class='ocrx_word' id='word_1_965' title='bbox 2743 4232 2823 4278; x_wconf 92' lang='lat' dir='ltr'><strong>est</strong></span> <span class='ocrx_word' id='word_1_966' title='bbox 2851 4241 3170 4278; x_wconf 90' lang='lat' dir='ltr'><strong>conversum</strong></span> <span class='ocrx_word' id='word_1_967' title='bbox 3201 4230 3256 4278; x_wconf 92' lang='lat' dir='ltr'><strong>in</strong></span> <span class='ocrx_word' id='word_1_968' title='bbox 3291 4243 3524 4282; x_wconf 89' lang='lat' dir='ltr'><strong>carnem.</strong></span> <span class='ocrx_word' id='word_1_969' title='bbox 3555 4231 3678 4280; x_wconf 89' lang='lat' dir='ltr'><strong>licet</strong></span> <span class='ocrx_word' id='word_1_970' title='bbox 3722 4246 3849 4282; x_wconf 90' lang='lat' dir='ltr'><strong>caro</strong></span> 
     </span>
    </p>
   </div>
   <div class='ocr_carea' id='block_1_142' title="bbox 2198 4289 3852 4358">
    <p class='ocr_par' dir='ltr' id='par_1_142' title="bbox 2198 4289 3852 4358">
     <span class='ocr_line' id='line_1_149' title="bbox 2198 4289 3852 4358; baseline 0.004 -20"><span class='ocrx_word' id='word_1_971' title='bbox 2198 4289 2394 4358; x_wconf 71' lang='lat' dir='ltr'><strong>factum</strong></span> <span class='ocrx_word' id='word_1_972' title='bbox 2430 4291 2514 4358; x_wconf 77' lang='lat' dir='ltr'><strong>sit.</strong></span> <span class='ocrx_word' id='word_1_973' title='bbox 2544 4292 2654 4358; x_wconf 72' lang='lat'><strong>494.</strong></span> <span class='ocrx_word' id='word_1_974' title='bbox 2681 4293 2797 4340; x_wconf 90' lang='lat' dir='ltr'><strong>Non</strong></span> <span class='ocrx_word' id='word_1_975' title='bbox 2828 4292 2930 4340; x_wconf 91' lang='lat' dir='ltr'><strong>dici</strong></span> <span class='ocrx_word' id='word_1_976' title='bbox 2965 4296 3140 4355; x_wconf 86' lang='lat' dir='ltr'><strong>potest</strong></span> <span class='ocrx_word' id='word_1_977' title='bbox 3162 4305 3382 4358; x_wconf 85' lang='lat' dir='ltr'><strong>passum</strong></span> <span class='ocrx_word' id='word_1_978' title='bbox 3415 4292 3578 4344; x_wconf 87' lang='lat' dir='ltr'><strong>fuisse</strong></span> <span class='ocrx_word' id='word_1_979' title='bbox 3602 4296 3852 4358; x_wconf 74' lang='lat' dir='ltr'><strong>impasci-</strong></span> 
     </span>
    </p>
   </div>
   <div class='ocr_carea' id='block_1_143' title="bbox 2198 4353 3398 4418">
    <p class='ocr_par' dir='ltr' id='par_1_143' title="bbox 2198 4353 3398 4418">
     <span class='ocr_line' id='line_1_150' title="bbox 2198 4353 3398 4418; baseline 0.003 -16"><span class='ocrx_word' id='word_1_980' title='bbox 2198 4353 2392 4418; x_wconf 72' lang='lat' dir='ltr'><strong>biiiter,</strong></span> <span class='ocrx_word' id='word_1_981' title='bbox 2421 4355 2530 4403; x_wconf 90' lang='grc'><strong>499.</strong></span> <span class='ocrx_word' id='word_1_982' title='bbox 2563 4354 2666 4403; x_wconf 91' lang='lat' dir='ltr'><strong>Nec</strong></span> <span class='ocrx_word' id='word_1_983' title='bbox 2688 4367 2905 4418; x_wconf 82' lang='lat' dir='ltr'><strong>passum</strong></span> <span class='ocrx_word' id='word_1_984' title='bbox 2937 4353 3116 4418; x_wconf 83' lang='lat' dir='ltr'><strong>carne,</strong></span> <span class='ocrx_word' id='word_1_985' title='bbox 3145 4353 3253 4418; x_wconf 37' lang='lat'><strong>5’02,</strong></span> <span class='ocrx_word' id='word_1_986' title='bbox 3286 4357 3398 4418; x_wconf 85' lang='lat'><strong>503.</strong></span> 
     </span>
    </p>
   </div>
   <div class='ocr_carea' id='block_1_144' title="bbox 2259 4415 3686 4480">
    <p class='ocr_par' dir='ltr' id='par_1_144' title="bbox 2259 4415 3686 4480">
     <span class='ocr_line' id='line_1_151' title="bbox 2259 4415 3686 4480; baseline 0.001 -16"><span class='ocrx_word' id='word_1_987' title='bbox 2259 4415 2466 4480; x_wconf 79' lang='lat' dir='ltr'><strong>Veritas</strong></span> <span class='ocrx_word' id='word_1_988' title='bbox 2495 4429 2602 4465; x_wconf 91' lang='lat' dir='ltr'><strong>non</strong></span> <span class='ocrx_word' id='word_1_989' title='bbox 2632 4415 2703 4480; x_wconf 71' lang='lat' dir='ltr'><strong>ex</strong></span> <span class='ocrx_word' id='word_1_990' title='bbox 2727 4416 2839 4465; x_wconf 89' lang='lat' dir='ltr'><strong>sola</strong></span> <span class='ocrx_word' id='word_1_991' title='bbox 2868 4417 3208 4466; x_wconf 90' lang='lat' dir='ltr'><strong>multitudine</strong></span> <span class='ocrx_word' id='word_1_992' title='bbox 3233 4416 3546 4480; x_wconf 88' lang='lat' dir='ltr'><strong>judicanda,</strong></span> <span class='ocrx_word' id='word_1_993' title='bbox 3577 4419 3686 4468; x_wconf 88' lang='lat'><strong>492.</strong></span> 
     </span>
    </p>
   </div>
   <div class='ocr_carea' id='block_1_145' title="bbox 2262 4479 3848 4544">
    <p class='ocr_par' dir='ltr' id='par_1_145' title="bbox 2262 4479 3848 4544">
     <span class='ocr_line' id='line_1_152' title="bbox 2262 4479 3848 4544; baseline 0.003 -17"><span class='ocrx_word' id='word_1_994' title='bbox 2262 4479 2809 4544; x_wconf 16' lang='lat' dir='ltr'><strong>vestimentuAChristi</strong></span> <span class='ocrx_word' id='word_1_995' title='bbox 2853 4493 2949 4528; x_wconf 90' lang='lat' dir='ltr'><strong>cur</strong></span> <span class='ocrx_word' id='word_1_996' title='bbox 2977 4480 3028 4528; x_wconf 89' lang='lat' dir='ltr'><strong>in</strong></span> <span class='ocrx_word' id='word_1_997' title='bbox 3060 4479 3292 4543; x_wconf 87' lang='lat' dir='ltr'><strong>quatuor</strong></span> <span class='ocrx_word' id='word_1_998' title='bbox 3323 4485 3499 4544; x_wconf 88' lang='lat' dir='ltr'><strong>partes</strong></span> <span class='ocrx_word' id='word_1_999' title='bbox 3543 4481 3737 4544; x_wconf 89' lang='lat' dir='ltr'><strong>divisa,</strong></span> <span class='ocrx_word' id='word_1_1000' title='bbox 3767 4485 3848 4533; x_wconf 90' lang='lat'><strong>74.</strong></span> 
     </span>
    </p>
   </div>
   <div class='ocr_carea' id='block_1_146' title="bbox 2149 4541 3058 4603">
    <p class='ocr_par' dir='ltr' id='par_1_146' title="bbox 2149 4541 3058 4603">
     <span class='ocr_line' id='line_1_153' title="bbox 2149 4541 3058 4603; baseline 0 -13"><span class='ocrx_word' id='word_1_1001' title='bbox 2149 4575 2152 4578; x_wconf 61' lang='lat'><strong><em>~</em></strong></span> <span class='ocrx_word' id='word_1_1002' title='bbox 2199 4541 2525 4590; x_wconf 85' lang='lat' dir='ltr'><strong>Vestimenta</strong></span> <span class='ocrx_word' id='word_1_1003' title='bbox 2553 4542 2782 4603; x_wconf 83' lang='lat' dir='ltr'><strong>Virginis</strong></span> <span class='ocrx_word' id='word_1_1004' title='bbox 2811 4554 2949 4602; x_wconf 64' lang='lat' dir='ltr'><strong>quae,</strong></span> <span class='ocrx_word' id='word_1_1005' title='bbox 2981 4547 3058 4591; x_wconf 90' lang='grc'><strong>88.</strong></span> 
     </span>
    </p>
   </div>
   <div class='ocr_carea' id='block_1_147' title="bbox 2262 4603 3852 4670">
    <p class='ocr_par' dir='ltr' id='par_1_147' title="bbox 2262 4603 3852 4670">
     <span class='ocr_line' id='line_1_154' title="bbox 2262 4603 3852 4670; baseline 0.004 -19"><span class='ocrx_word' id='word_1_1006' title='bbox 2262 4603 2656 4670; x_wconf 64' lang='lat' dir='ltr'><strong>Vigiliidialogi</strong></span> <span class='ocrx_word' id='word_1_1007' title='bbox 2686 4605 3099 4670; x_wconf 83' lang='lat' dir='ltr'><strong>contra_Arium.</strong></span> <span class='ocrx_word' id='word_1_1008' title='bbox 3132 4605 3223 4655; x_wconf 90' lang='lat'><strong>562</strong></span> <span class='ocrx_word' id='word_1_1009' title='bbox 3253 4608 3308 4654; x_wconf 90' lang='lat' dir='ltr'><strong>et</strong></span> <span class='ocrx_word' id='word_1_1010' title='bbox 3329 4618 3479 4669; x_wconf 86' lang='lat' dir='ltr'><strong>seqq.</strong></span> <span class='ocrx_word' id='word_1_1011' title='bbox 3511 4605 3684 4670; x_wconf 87' lang='lat' dir='ltr'><strong>Vigilii</strong></span> <span class='ocrx_word' id='word_1_1012' title='bbox 3713 4607 3852 4658; x_wconf 90' lang='lat' dir='ltr'><strong>liber</strong></span> 
     </span>
    </p>
   </div>
   <div class='ocr_carea' id='block_1_148' title="bbox 2199 4665 3176 4726">
    <p class='ocr_par' dir='ltr' id='par_1_148' title="bbox 2199 4665 3176 4726">
     <span class='ocr_line' id='line_1_155' title="bbox 2199 4665 3176 4726; baseline 0.002 -12"><span class='ocrx_word' id='word_1_1013' title='bbox 2199 4665 2386 4715; x_wconf 83' lang='lat' dir='ltr'><strong>contra</strong></span> <span class='ocrx_word' id='word_1_1014' title='bbox 2414 4665 2742 4716; x_wconf 76' lang='lat' dir='ltr'><strong>Maribadum</strong></span> <span class='ocrx_word' id='word_1_1015' title='bbox 2769 4667 3035 4726; x_wconf 77' lang='lat' dir='ltr'><strong>laudatur,</strong></span> <span class='ocrx_word' id='word_1_1016' title='bbox 3066 4670 3176 4718; x_wconf 89' lang='lat'><strong>592.</strong></span> 
     </span>
    </p>
   </div>
   <div class='ocr_carea' id='block_1_149' title="bbox 2262 4728 3455 4790">
    <p class='ocr_par' dir='ltr' id='par_1_149' title="bbox 2262 4728 3455 4790">
     <span class='ocr_line' id='line_1_156' title="bbox 2262 4728 3455 4790; baseline 0.004 -15"><span class='ocrx_word' id='word_1_1017' title='bbox 2262 4728 2561 4778; x_wconf 85' lang='lat' dir='ltr'><strong>Vindictam</strong></span> <span class='ocrx_word' id='word_1_1018' title='bbox 2594 4742 2802 4779; x_wconf 89' lang='lat' dir='ltr'><strong>sumere</strong></span> <span class='ocrx_word' id='word_1_1019' title='bbox 2833 4729 3039 4779; x_wconf 91' lang='lat' dir='ltr'><strong>homini</strong></span> <span class='ocrx_word' id='word_1_1020' title='bbox 3069 4744 3177 4780; x_wconf 92' lang='lat' dir='ltr'><strong>non</strong></span> <span class='ocrx_word' id='word_1_1021' title='bbox 3207 4729 3346 4790; x_wconf 91' lang='lat' dir='ltr'><strong>licet,</strong></span> <span class='ocrx_word' id='word_1_1022' title='bbox 3377 4731 3455 4780; x_wconf 92' lang='lat'><strong>73.</strong></span> 
     </span>
    </p>
   </div>
   <div class='ocr_carea' id='block_1_150' title="bbox 2261 4791 3028 4854">
    <p class='ocr_par' dir='ltr' id='par_1_150' title="bbox 2261 4791 3028 4854">
     <span class='ocr_line' id='line_1_157' title="bbox 2261 4791 3028 4854; baseline 0.007 -16"><span class='ocrx_word' id='word_1_1023' title='bbox 2261 4791 2381 4854; x_wconf 89' lang='lat' dir='ltr'><strong>Vini</strong></span> <span class='ocrx_word' id='word_1_1024' title='bbox 2410 4796 2567 4854; x_wconf 89' lang='lat' dir='ltr'><strong>potus</strong></span> <span class='ocrx_word' id='word_1_1025' title='bbox 2597 4792 2920 4851; x_wconf 85' lang='lat' dir='ltr'><strong>moderatus,</strong></span> <span class='ocrx_word' id='word_1_1026' title='bbox 2951 4795 3028 4843; x_wconf 92' lang='lat'><strong>94.</strong></span> 
     </span>
    </p>
   </div>
   <div class='ocr_carea' id='block_1_151' title="bbox 2261 4853 3295 4917">
    <p class='ocr_par' dir='ltr' id='par_1_151' title="bbox 2261 4853 3295 4917">
     <span class='ocr_line' id='line_1_158' title="bbox 2261 4853 3295 4917; baseline 0.003 -17"><span class='ocrx_word' id='word_1_1027' title='bbox 2261 4853 2453 4917; x_wconf 81' lang='lat' dir='ltr'><strong>Vipera</strong></span> <span class='ocrx_word' id='word_1_1028' title='bbox 2482 4858 2722 4904; x_wconf 90' lang='lat' dir='ltr'><strong>ventrem</strong></span> <span class='ocrx_word' id='word_1_1029' title='bbox 2749 4857 2930 4905; x_wconf 89' lang='lat' dir='ltr'><strong>matris</strong></span> <span class='ocrx_word' id='word_1_1030' title='bbox 2961 4854 3155 4914; x_wconf 84' lang='lat' dir='ltr'><strong>exedit,</strong></span> <span class='ocrx_word' id='word_1_1031' title='bbox 3189 4857 3295 4905; x_wconf 88' lang='lat'><strong>259.</strong></span> 
     </span>
    </p>
   </div>
   <div class='ocr_carea' id='block_1_152' title="bbox 2261 4917 3853 4983">
    <p class='ocr_par' dir='ltr' id='par_1_152' title="bbox 2261 4917 3853 4983">
     <span class='ocr_line' id='line_1_159' title="bbox 2261 4917 3853 4983; baseline 0.002 -17"><span class='ocrx_word' id='word_1_1032' title='bbox 2261 4917 2505 4983; x_wconf 74' lang='lat' dir='ltr'><strong>Virgines</strong></span> <span class='ocrx_word' id='word_1_1033' title='bbox 2515 4931 2633 4983; x_wconf 84' lang='lat' dir='ltr'><strong>non</strong></span> <span class='ocrx_word' id='word_1_1034' title='bbox 2656 4918 2857 4983; x_wconf 83' lang='lat' dir='ltr'><strong>debent</strong></span> <span class='ocrx_word' id='word_1_1035' title='bbox 2872 4918 2988 4983; x_wconf 80' lang='lat' dir='ltr'><strong>loco</strong></span> <span class='ocrx_word' id='word_1_1036' title='bbox 3009 4919 3234 4983; x_wconf 84' lang='lat' dir='ltr'><strong>moveri,</strong></span> <span class='ocrx_word' id='word_1_1037' title='bbox 3257 4921 3369 4983; x_wconf 72' lang='lat'><strong>637.</strong></span> <span class='ocrx_word' id='word_1_1038' title='bbox 3389 4918 3718 4983; x_wconf 85' lang='lat' dir='ltr'><strong>Virginitatis</strong></span> <span class='ocrx_word' id='word_1_1039' title='bbox 3737 4919 3853 4970; x_wconf 86' lang='lat' dir='ltr'><strong>lau-</strong></span> 
     </span>
    </p>
   </div>
   <div class='ocr_carea' id='block_1_153' title="bbox 2199 4978 3851 5040">
    <p class='ocr_par' dir='ltr' id='par_1_153' title="bbox 2199 4978 3851 5040">
     <span class='ocr_line' id='line_1_160' title="bbox 2199 4978 3851 5040; baseline 0.004 -13"><span class='ocrx_word' id='word_1_1040' title='bbox 2199 4978 2311 5039; x_wconf 88' lang='lat' dir='ltr'><strong>des,</strong></span> <span class='ocrx_word' id='word_1_1041' title='bbox 2342 4983 2422 5030; x_wconf 89' lang='lat'><strong>94.</strong></span> <span class='ocrx_word' id='word_1_1042' title='bbox 2465 4980 2833 5040; x_wconf 81' lang='lat' dir='ltr'><strong>Virginitatem</strong></span> <span class='ocrx_word' id='word_1_1043' title='bbox 2865 4997 2896 5030; x_wconf 92' lang='lat' dir='ltr'><strong>a</strong></span> <span class='ocrx_word' id='word_1_1044' title='bbox 2923 4981 3234 5030; x_wconf 89' lang='lat' dir='ltr'><strong>Christianis</strong></span> <span class='ocrx_word' id='word_1_1045' title='bbox 3270 4981 3375 5030; x_wconf 91' lang='lat' dir='ltr'><strong>coli</strong></span> <span class='ocrx_word' id='word_1_1046' title='bbox 3404 4978 3601 5031; x_wconf 64' lang='lat' dir='ltr'><strong>eth&#39;nici</strong></span> <span class='ocrx_word' id='word_1_1047' title='bbox 3630 4983 3851 5034; x_wconf 88' lang='lat' dir='ltr'><strong>credere</strong></span> 
     </span>
    </p>
   </div>
   <div class='ocr_carea' id='block_1_154' title="bbox 2198 5042 3854 5107">
    <p class='ocr_par' dir='ltr' id='par_1_154' title="bbox 2198 5042 3854 5107">
     <span class='ocr_line' id='line_1_161' title="bbox 2198 5042 3854 5107; baseline 0.003 -16"><span class='ocrx_word' id='word_1_1048' title='bbox 2198 5045 2516 5107; x_wconf 80' lang='lat' dir='ltr'><strong>uolunt,79.</strong></span> <span class='ocrx_word' id='word_1_1049' title='bbox 2542 5042 2700 5104; x_wconf 81' lang='lat' dir='ltr'><strong>Virgo</strong></span> <span class='ocrx_word' id='word_1_1050' title='bbox 2731 5043 2889 5093; x_wconf 91' lang='lat' dir='ltr'><strong>debet</strong></span> <span class='ocrx_word' id='word_1_1051' title='bbox 2917 5044 3427 5107; x_wconf 78' lang='lat' dir='ltr'><strong>relinquereomnia</strong></span> <span class='ocrx_word' id='word_1_1052' title='bbox 3473 5046 3766 5102; x_wconf 87' lang='lat' dir='ltr'><strong>terrestria,</strong></span> <span class='ocrx_word' id='word_1_1053' title='bbox 3799 5052 3854 5096; x_wconf 94' lang='lat' dir='ltr'><strong>et</strong></span> 
     </span>
    </p>
   </div>
   <div class='ocr_carea' id='block_1_155' title="bbox 2203 5105 3850 5180">
    <p class='ocr_par' dir='ltr' id='par_1_155' title="bbox 2203 5105 3850 5180">
     <span class='ocr_line' id='line_1_162' title="bbox 2203 5105 3850 5180; baseline 0.002 -26"><span class='ocrx_word' id='word_1_1054' title='bbox 2203 5106 2678 5180; x_wconf 48' lang='lat' dir='ltr'><strong>Deo-solihgerere,</strong></span> <span class='ocrx_word' id='word_1_1055' title='bbox 2706 5111 2788 5180; x_wconf 36' lang='grc'><strong>15..</strong></span> <span class='ocrx_word' id='word_1_1056' title='bbox 2805 5107 3048 5180; x_wconf 78' lang='lat' dir='ltr'><strong>Virgines</strong></span> <span class='ocrx_word' id='word_1_1057' title='bbox 3155 5105 3548 5180; x_wconf 47' lang='lat' dir='ltr'><strong>b&#39;alneumnon</strong></span> <span class='ocrx_word' id='word_1_1058' title='bbox 3573 5109 3850 5180; x_wconf 80' lang='lat' dir='ltr'><strong>accedant,</strong></span> 
     </span>
    </p>
   </div>
   <div class='ocr_carea' id='block_1_156' title="bbox 2199 5168 3849 5231">
    <p class='ocr_par' dir='ltr' id='par_1_156' title="bbox 2199 5168 3849 5231">
     <span class='ocr_line' id='line_1_163' title="bbox 2199 5168 3849 5231; baseline 0.004 -15"><span class='ocrx_word' id='word_1_1059' title='bbox 2199 5172 2274 5217; x_wconf 91' lang='lat'><strong>89.</strong></span> <span class='ocrx_word' id='word_1_1060' title='bbox 2309 5168 2511 5227; x_wconf 77' lang='lat' dir='ltr'><strong>Virgini</strong></span> <span class='ocrx_word' id='word_1_1061' title='bbox 2533 5168 2687 5218; x_wconf 88' lang='lat' dir='ltr'><strong>fucus</strong></span> <span class='ocrx_word' id='word_1_1062' title='bbox 2715 5168 3052 5226; x_wconf 83' lang='lat' dir='ltr'><strong>interdictas,</strong></span> <span class='ocrx_word' id='word_1_1063' title='bbox 3077 5169 3158 5220; x_wconf 91' lang='lat'><strong>89.</strong></span> <span class='ocrx_word' id='word_1_1064' title='bbox 3181 5170 3464 5231; x_wconf 86' lang='lat' dir='ltr'><strong>Unguenta</strong></span> <span class='ocrx_word' id='word_1_1065' title='bbox 3487 5171 3633 5230; x_wconf 90' lang='lat' dir='ltr'><strong>item,</strong></span> <span class='ocrx_word' id='word_1_1066' title='bbox 3656 5175 3710 5220; x_wconf 89' lang='lat' dir='ltr'><strong>et</strong></span> <span class='ocrx_word' id='word_1_1067' title='bbox 3731 5168 3849 5222; x_wconf 61' lang='lat' dir='ltr'><strong>aroé</strong></span> 
     </span>
    </p>
   </div>
   <div class='ocr_carea' id='block_1_157' title="bbox 2198 5232 3855 5296">
    <p class='ocr_par' dir='ltr' id='par_1_157' title="bbox 2198 5232 3855 5296">
     <span class='ocr_line' id='line_1_164' title="bbox 2198 5232 3855 5296; baseline 0.003 -17"><span class='ocrx_word' id='word_1_1068' title='bbox 2198 5234 2359 5296; x_wconf 85' lang='lat' dir='ltr'><strong>mata,</strong></span> <span class='ocrx_word' id='word_1_1069' title='bbox 2376 5232 2769 5296; x_wconf 13' lang='lat' dir='ltr'><strong>_89.7Virgi_nuim</strong></span> <span class='ocrx_word' id='word_1_1070' title='bbox 2792 5236 2950 5296; x_wconf 88' lang='lat' dir='ltr'><strong>caput</strong></span> <span class='ocrx_word' id='word_1_1071' title='bbox 2967 5235 3300 5296; x_wconf 74' lang='lat' dir='ltr'><strong>tonsum,88.</strong></span> <span class='ocrx_word' id='word_1_1072' title='bbox 3323 5232 3644 5296; x_wconf 89' lang='lat' dir='ltr'><strong>Ornamenta</strong></span> <span class='ocrx_word' id='word_1_1073' title='bbox 3665 5235 3855 5296; x_wconf 91' lang='lat' dir='ltr'><strong>capitis</strong></span> 
     </span>
    </p>
   </div>
   <div class='ocr_carea' id='block_1_158' title="bbox 2199 5293 3778 5359">
    <p class='ocr_par' dir='ltr' id='par_1_158' title="bbox 2199 5293 3778 5359">
     <span class='ocr_line' id='line_1_165' title="bbox 2199 5293 3778 5359; baseline 0.004 -19"><span class='ocrx_word' id='word_1_1074' title='bbox 2199 5293 2439 5359; x_wconf 75' lang='lat' dir='ltr'><strong>virginis,</strong></span> <span class='ocrx_word' id='word_1_1075' title='bbox 2468 5295 2544 5342; x_wconf 91' lang='lat'><strong>88.</strong></span> <span class='ocrx_word' id='word_1_1076' title='bbox 2577 5293 2870 5359; x_wconf 62' lang='lat' dir='ltr'><strong>Virginum&#39;</strong></span> <span class='ocrx_word' id='word_1_1077' title='bbox 2884 5295 3078 5359; x_wconf 78' lang='lat' dir='ltr'><strong>pudor,</strong></span> <span class='ocrx_word' id='word_1_1078' title='bbox 3106 5297 3182 5345; x_wconf 92' lang='lat'><strong>89.</strong></span> <span class='ocrx_word' id='word_1_1079' title='bbox 3203 5295 3446 5359; x_wconf 76' lang='lat' dir='ltr'><strong>Virginis</strong></span> <span class='ocrx_word' id='word_1_1080' title='bbox 3473 5295 3665 5359; x_wconf 88' lang='lat' dir='ltr'><strong>ofﬁcia,</strong></span> <span class='ocrx_word' id='word_1_1081' title='bbox 3699 5293 3778 5348; x_wconf 82' lang='lat'><strong>89.</strong></span> 
     </span>
    </p>
   </div>
   <div class='ocr_carea' id='block_1_159' title="bbox 2305 5356 3416 5421">
    <p class='ocr_par' dir='ltr' id='par_1_159' title="bbox 2305 5356 3416 5421">
     <span class='ocr_line' id='line_1_166' title="bbox 2305 5356 3416 5421; baseline 0.005 -18"><span class='ocrx_word' id='word_1_1082' title='bbox 2305 5356 2438 5421; x_wconf 86' lang='lat' dir='ltr'><strong>irtus</strong></span> <span class='ocrx_word' id='word_1_1083' title='bbox 2467 5356 2696 5421; x_wconf 57' lang='lat' dir='ltr'><strong>propria&#39;</strong></span> <span class='ocrx_word' id='word_1_1084' title='bbox 2711 5356 2903 5421; x_wconf 82' lang='lat' dir='ltr'><strong>cuique</strong></span> <span class='ocrx_word' id='word_1_1085' title='bbox 2933 5357 3275 5417; x_wconf 91' lang='lat' dir='ltr'><strong>occultanda,</strong></span> <span class='ocrx_word' id='word_1_1086' title='bbox 3305 5356 3416 5408; x_wconf 89' lang='lat'><strong>624.</strong></span> 
     </span>
    </p>
   </div>
   <div class='ocr_carea' id='block_1_160' title="bbox 2259 5418 3578 5482">
    <p class='ocr_par' dir='ltr' id='par_1_160' title="bbox 2259 5418 3578 5482">
     <span class='ocr_line' id='line_1_167' title="bbox 2259 5418 3578 5482; baseline 0.004 -16"><span class='ocrx_word' id='word_1_1087' title='bbox 2259 5418 2376 5482; x_wconf 85' lang='lat' dir='ltr'><strong>Vita</strong></span> <span class='ocrx_word' id='word_1_1088' title='bbox 2407 5418 2640 5469; x_wconf 81' lang='lat' dir='ltr'><strong>hominis</strong></span> <span class='ocrx_word' id='word_1_1089' title='bbox 2668 5433 2736 5469; x_wconf 90' lang='lat' dir='ltr'><strong>an</strong></span> <span class='ocrx_word' id='word_1_1090' title='bbox 2767 5418 3054 5470; x_wconf 74' lang='lat' dir='ltr'><strong>terminum</strong></span> <span class='ocrx_word' id='word_1_1091' title='bbox 3082 5421 3298 5480; x_wconf 87' lang='lat' dir='ltr'><strong>habeat,</strong></span> <span class='ocrx_word' id='word_1_1092' title='bbox 3326 5423 3440 5482; x_wconf 86' lang='lat'><strong>241,</strong></span> <span class='ocrx_word' id='word_1_1093' title='bbox 3469 5422 3578 5471; x_wconf 82' lang='lat'><strong>242.</strong></span> 
     </span>
    </p>
   </div>
   <div class='ocr_carea' id='block_1_161' title="bbox 2260 5481 2839 5541">
    <p class='ocr_par' dir='ltr' id='par_1_161' title="bbox 2260 5481 2839 5541">
     <span class='ocr_line' id='line_1_168' title="bbox 2260 5481 2839 5541; baseline 0.005 -12"><span class='ocrx_word' id='word_1_1094' title='bbox 2260 5481 2520 5530; x_wconf 90' lang='lat' dir='ltr'><strong>Voluntas</strong></span> <span class='ocrx_word' id='word_1_1095' title='bbox 2548 5482 2699 5541; x_wconf 90' lang='lat' dir='ltr'><strong>quid,</strong></span> <span class='ocrx_word' id='word_1_1096' title='bbox 2734 5486 2839 5532; x_wconf 88' lang='lat'><strong>195.</strong></span> 
     </span>
    </p>
   </div>
   <div class='ocr_carea' id='block_1_162' title="bbox 2261 5543 2944 5606">
    <p class='ocr_par' dir='ltr' id='par_1_162' title="bbox 2261 5543 2944 5606">
     <span class='ocr_line' id='line_1_169' title="bbox 2261 5543 2944 5606; baseline 0.006 -14"><span class='ocrx_word' id='word_1_1097' title='bbox 2261 5543 2518 5593; x_wconf 89' lang='lat' dir='ltr'><strong>Voluntas</strong></span> <span class='ocrx_word' id='word_1_1098' title='bbox 2548 5543 2639 5594; x_wconf 91' lang='lat' dir='ltr'><strong>Dei</strong></span> <span class='ocrx_word' id='word_1_1099' title='bbox 2671 5559 2798 5606; x_wconf 90' lang='lat' dir='ltr'><strong>una,</strong></span> <span class='ocrx_word' id='word_1_1100' title='bbox 2834 5547 2944 5596; x_wconf 88' lang='lat'><strong>426.</strong></span> 
     </span>
    </p>
   </div>
   <div class='ocr_carea' id='block_1_163' title="bbox 3003 5664 3054 5728">
    <p class='ocr_par' dir='ltr' id='par_1_163' title="bbox 3003 5664 3054 5728">
     <span class='ocr_line' id='line_1_170' title="bbox 3003 5664 3054 5728; baseline 0 0"><span class='ocrx_word' id='word_1_1101' title='bbox 3003 5664 3054 5728; x_wconf 93' lang='lat' dir='ltr'><strong><em>Z</em></strong></span> 
     </span>
    </p>
   </div>
   <div class='ocr_carea' id='block_1_164' title="bbox 2259 5793 3858 5866">
    <p class='ocr_par' dir='ltr' id='par_1_164' title="bbox 2259 5793 3858 5866">
     <span class='ocr_line' id='line_1_171' title="bbox 2259 5793 3858 5866; baseline 0.005 -25"><span class='ocrx_word' id='word_1_1102' title='bbox 2259 5793 2536 5866; x_wconf 77' lang='lat' dir='ltr'><strong>zachariae</strong></span> <span class='ocrx_word' id='word_1_1103' title='bbox 2554 5794 2842 5866; x_wconf 69' lang='lat' dir='ltr'><strong>propheta,</strong></span> <span class='ocrx_word' id='word_1_1104' title='bbox 2872 5795 2949 5844; x_wconf 91' lang='lat'><strong>97.</strong></span> <span class='ocrx_word' id='word_1_1105' title='bbox 2974 5794 3242 5866; x_wconf 67' lang='lat' dir='ltr'><strong>Zacharias</strong></span> <span class='ocrx_word' id='word_1_1106' title='bbox 3259 5795 3424 5866; x_wconf 71' lang='lat' dir='ltr'><strong>liber,</strong></span> <span class='ocrx_word' id='word_1_1107' title='bbox 3459 5796 3858 5866; x_wconf 74' lang='lat' dir='ltr'><strong>1__27._Zacharise</strong></span> 
     </span>
    </p>
   </div>
   <div class='ocr_carea' id='block_1_165' title="bbox 2199 5857 3858 5929">
    <p class='ocr_par' dir='ltr' id='par_1_165' title="bbox 2199 5857 3858 5929">
     <span class='ocr_line' id='line_1_172' title="bbox 2199 5857 3858 5929; baseline 0.005 -26"><span class='ocrx_word' id='word_1_1108' title='bbox 2199 5857 2356 5929; x_wconf 65' lang='lat' dir='ltr'><strong>occisi</strong></span> <span class='ocrx_word' id='word_1_1109' title='bbox 2376 5857 2676 5929; x_wconf 50' lang='lat' dir='ltr'><strong>sanguisuin</strong></span> <span class='ocrx_word' id='word_1_1110' title='bbox 2702 5861 2854 5920; x_wconf 90' lang='lat' dir='ltr'><strong>petra</strong></span> <span class='ocrx_word' id='word_1_1111' title='bbox 2882 5863 3181 5929; x_wconf 59' lang='lat' dir='ltr'><strong>concretus</strong></span> <span class='ocrx_word' id='word_1_1112' title='bbox 3197 5861 3293 5929; x_wconf 77' lang='lat' dir='ltr'><strong>est,</strong></span> <span class='ocrx_word' id='word_1_1113' title='bbox 3325 5861 3434 5910; x_wconf 90' lang='grc'><strong>399.</strong></span> <span class='ocrx_word' id='word_1_1114' title='bbox 3465 5859 3731 5911; x_wconf 65' lang='lat' dir='ltr'><strong>Zacharias</strong></span> <span class='ocrx_word' id='word_1_1115' title='bbox 3762 5875 3858 5924; x_wconf 79' lang='lat' dir='ltr'><strong>pa-</strong></span> 
     </span>
    </p>
   </div>
   <div class='ocr_carea' id='block_1_166' title="bbox 2199 5918 3238 6046">
    <p class='ocr_par' dir='ltr' id='par_1_166' title="bbox 2199 5918 3238 6046">
     <span class='ocr_line' id='line_1_173' title="bbox 2199 5918 3238 5984; baseline 0.003 -17"><span class='ocrx_word' id='word_1_1116' title='bbox 2199 5918 2295 5967; x_wconf 89' lang='lat' dir='ltr'><strong>tris</strong></span> <span class='ocrx_word' id='word_1_1117' title='bbox 2321 5918 2547 5968; x_wconf 84' lang='lat' dir='ltr'><strong>Joannis</strong></span> <span class='ocrx_word' id='word_1_1118' title='bbox 2575 5918 3097 5984; x_wconf 58' lang='lat' dir='ltr'><strong>liber&#39;apocryphus,</strong></span> <span class='ocrx_word' id='word_1_1119' title='bbox 3132 5923 3238 5972; x_wconf 88' lang='grc'><strong>154.</strong></span> 
     </span>
     <span class='ocr_line' id='line_1_174' title="bbox 2264 5979 2877 6046; baseline 0.005 -17"><span class='ocrx_word' id='word_1_1120' title='bbox 2264 5979 2474 6031; x_wconf 79' lang='lat' dir='ltr'><strong>Zizania</strong></span> <span class='ocrx_word' id='word_1_1121' title='bbox 2501 5981 2648 6046; x_wconf 89' lang='lat' dir='ltr'><strong>quid,</strong></span> <span class='ocrx_word' id='word_1_1122' title='bbox 2686 5984 2764 6044; x_wconf 90' lang='lat'><strong>47,</strong></span> <span class='ocrx_word' id='word_1_1123' title='bbox 2796 5985 2877 6033; x_wconf 86' lang='lat'><strong>48.</strong></span> 
     </span>
    </p>
   </div>
  </div>
