4162 6418
541 374 698 439 1639

2047 366 2315 430 ADDEN
2323 370 2450 431 DA.

3864 378 4042 440 1641

541 505 757 574 ἀνίστη·
811 506 902 561 καὶ
950 503 1033 560 ὅτι
1093 502 1170 567 εἷς
1220 500 1481 580 οὐρανοὺς
1528 501 1829 579 ἀνελήφθη·
1878 499 1967 556 καὶ
2008 497 2191 563 ἐκάθι-
2220 503 2271 569 Α
2304 500 2452 565 ἅλως
2470 504 2533 559 τὸ
2552 505 2826 582 παράπαν·
2862 506 3008 565 ἀλλά
3035 509 3119 578 τὸ,
3150 508 3257 581 ναὶ,
3288 508 3504 578 ναὶ,καὶ
3533 510 3619 578 τὸ,
3654 508 3767 581 οὕ,
3800 505 3919 564 οὗ·
3952 530 4042 564 κα

540 618 628 652 σεν
657 595 710 652 έν
766 593 911 667 δεξιᾷ
964 598 1061 649 τοῦ
1105 592 1340 668 Πατρὸς,
1390 593 1703 653 ἀποθεώσας
1744 592 1834 645 τὸν
1887 590 2194 665 ἄνθρωπον,

540 686 599 742 ὅν
649 680 866 742 ἔλαϐεν·
915 681 1006 740 καί
1057 682 1356 759 ἐρχόμενον
1389 686 1567 759 κρῖναι
1602 686 1804 751 ζῶντας
1832 680 1922 733 καὶ
1949 676 2193 753 νεκρούς,

536 777 603 834 Εἰ
661 773 719 831 δέ
768 795 887 837 πως
947 776 1275 847 προωρικῶς
1335 772 1392 826 αἱ
1452 776 1592 835 θεῖαι
1655 771 1858 846 Γραφαὶ
1917 767 2194 843 λέγουσιν,

538 864 687 937 αύτῷ
737 866 815 939 (α)
864 860 1046 937 ὣσπερ
1094 861 1393 935 κτίσματος
1437 860 1500 915 τὸ
1548 859 1683 915 κατὰ
1727 860 1896 933 σάρκα
1922 856 2013 912 καὶ
2043 861 2196 925 πλη-

541 956 762 1032 ροῦσθαι
811 946 1327 1025 καταλαμϐάνομεν.
1397 950 1519 1007 ἸΙαὶτι
1565 947 2027 1021 ἀναθεματίζομεν
2069 943 2198 1006 τοὺς

542 1045 619 1118 μὴ
677 1041 1090 1118 ὁμολογοῦντας
1138 1041 1273 1096 εἶναι
1313 1039 1595 1094 ἀνάστασιν
1628 1041 1853 1113 νεκρῶν,
1883 1037 1975 1092 καὶ
2025 1036 2197 1096 πάσας

534 1134 631 1196 τὰς
677 1133 934 1206 αἱρέσεις.
994 1128 1418 1204 Ἀνεθεματίσθη
1483 1125 1541 1182 δὲ
1591 1126 1683 1182 καὶ
1734 1127 1785 1181 έν
1831 1130 1948 1187 τοῖς
1991 1143 2195 1200 προγε-

536 1220 879 1298 γραμμένοις
936 1223 972 1290 ἡ
1040 1218 1193 1282 ἄθεος
1250 1219 1431 1279 πίστις
1473 1221 1579 1272 τῶν
1640 1217 1954 1289 Ἀρειανῶν,
2015 1211 2067 1267 έν
2117 1215 2197 1284 τῷ

538 1310 807 1368 πιστεύειν
856 1310 946 1366 καὶ
997 1307 1197 1385 λέγειν,
1246 1305 1566 1385 γεννηθέντα
1613 1305 1702 1360 καὶ
1774 1304 1836 1359 ού
1878 1303 2194 1372 ποιηθέντα·

541 1399 694 1457 αὐτοὶ
747 1400 850 1476 γάρ
912 1397 1132 1475 λέγουσι
1190 1395 1394 1470 κτίσμα
1450 1395 1541 1450 τὸν
1575 1394 1698 1449 Υἱὸν
1727 1393 1880 1449 εἶναι.
1942 1391 2083 1466 Πρὸς
2141 1387 2197 1444 δὶ

540 1490 604 1545 τὸ
662 1487 1059 1562 ἀναπληρῶσαι
1118 1486 1294 1541 πάντα
1340 1484 1409 1539 τὰ
1460 1491 1561 1555 τῆς
1616 1482 1848 1544 πίστεως
1910 1480 2048 1556 μέρη
2117 1476 2198 1534 ἔτι

537 1578 948 1654 ὁμολογοῦντες
1002 1579 1170 1631 ταῦτα
1242 1572 1493 1651 λέγομεν·
1569 1571 1653 1628 ὅτι
1721 1570 2047 1643 πιστεύομεν
2120 1567 2196 1631 εἷς

533 1666 589 1725 ἓν
623 1670 698 1744 (b)
755 1668 1053 1744 βάπτισμα,
1105 1663 1179 1726 εἷς
1232 1664 1358 1737 μίαν
1408 1660 1738 1731 Ἐκκλησίαν
1791 1659 1868 1724 εἷς
1913 1658 2199 1714 ἀνάστασιν

534 1761 763 1835 νεκρῶν,
823 1755 900 1819 είς
956 1751 1233 1831 βασιλείαν
1285 1752 1553 1827 οὐρανῶν,
1587 1750 1665 1813 εἷς
1714 1748 1891 1826 κρίσιν
1952 1747 2199 1816 αἰώνιον,

534 1833 640 1904 Τὸν
695 1846 825 1903 Θεὸν
885 1842 1268 1919 ὁμολογοῦμεν
1330 1840 1544 1917 Πατέρα
1592 1839 1686 1895 καὶ
1715 1838 1806 1919 τῦν
1840 1836 1963 1891 Υὶὸν
2012 1833 2195 1890 καὶτὸ

536 1938 693 2013 ἆγιον
753 1916 993 2008 Πνεῦμα·
1054 1916 1268 2008 Πατέρα
1328 1927 1736 2003 ἀκατάληπτρν,
1774 1916 2195 2013 ’ἀπερινόητοη

536 2010 808 2104 ἀόριστον,
868 2023 958 2078 καὶ
1006 2020 1266 2091 ἀνόητον·
1315 2023 1531 2093 πνεῦμα
1573 2017 1674 2104 γάρ
1724 2017 1752 2071 6
1815 2014 2002 2104 Θεόςί
2032 2010 2200 2104 θελήῖ

538 2090 670 2189 μάτι
725 2090 805 2169 δὲ,
835 2111 1001 2168 αὐτοῦ
1056 2090 1147 2166 καὶ
1178 2107 1409 2180 ἀληθείᾳ
1437 2090 1528 2162 και
1562 2090 1849 2175 εῦδοκήσεί
1887 2102 2047 2180 ὀφθὶν
2108 2090 2197 2155 καὶ

535 2203 781 2274 λαλῆσαν
813 2202 1152 2280 προφήταις,
1184 2198 1277 2254 καὶ
1322 2195 1573 2259 δικαίοις·
1606 2198 1685 2280 τῷ
1716 2190 1915 2266 Ἀδὰμ,
1946 2195 2026 2264 τῷ
2055 2194 2196 2262 Νῶε,

533 2298 614 2366 τῷ
660 2278 948 2369 ’Δϐραάμ,ή
986 2292 1065 2363 τῷ
1113 2288 1315 2355 Ἰσαὰκ,
1359 2291 1439 2358 τῶ
1469 2278 1685 2353 Ἰακὼϐ,
1722 2279 1990 2355 Σαμουήλ
2020 2300 2080 2334 τε
2107 2279 2198 2333 καὶ

536 2380 722 2456 Δαυῒδ,
769 2367 960 2437 Ἧλίου
1015 2378 1106 2435 καὶ
1165 2375 1462 2449 Ελισσαίῳ·
1522 2374 1612 2429 καὶ
1657 2378 1776 2435 τοῖς
1805 2371 2023 2432 λοιποῖς
2057 2367 2197 2438 ἅπαξ

535 2474 867 2550 προφήταις·
930 2469 1058 2525 Θεὸν
1117 2466 1276 2523 αύτὸν
1336 2460 1467 2519 ὅντα
1519 2470 1618 2533 τῆς
1679 2466 1877 2530 Καινῆς
1934 2458 2024 2515 καὶ
2082 2464 2195 2514 Πα-

537 2546 699 2624 λαιάς
757 2560 1056 2630 Διαθήκης.
1113 2560 1252 2615 Ὅσα
1298 2552 1357 2609 δὲ
1403 2556 1438 2623 ἡ
1486 2553 1672 2630 Γραφὴ
1704 2549 1876 2627 λέγει,
1908 2546 2192 2626 ὀφθαλμὸς

536 2648 761 2728 Κυρίου,
823 2650 935 2703 ῶτα
991 2645 1219 2721 Κυρίου,
1287 2643 1379 2699 καὶ
1445 2641 1546 2697 ὅσα
1599 2645 1824 2696 τοιαῦτα
1878 2638 2004 2713 περὶ
2059 2633 2194 2693 Θεοῦ

538 2724 689 2814 λέγει
740 2739 775 2806 ἡ
829 2736 1035 2814 Γραφὴ,
1079 2734 1263 2804 ἀληθῆ
1296 2732 1447 2786 εἰσιν·
1479 2730 1569 2785 καὶ
1620 2726 1794 2790 οὕτως
1842 2724 2190 2814 πιστεύομεν·

535 2812 1041 2898 ἀκαταλήπτως-δὲ
1087 2822 1176 2879 καὶ
1222 2822 1618 2897 ἀπερινοήτως·
1668 2817 1758 2873 καὶ
1789 2817 1965 2872 πάντα
1987 2812 2192 2889 ἅνθρω-

539 2940 641 2974 πον
692 2918 809 2973 κατ’
858 2915 1041 2971 εἰκόνα
1092 2914 1223 2969 εἶναι
1263 2916 1419 2969 Θεοῦ.
1471 2916 1625 2965 Ἔστι
1677 2912 1750 2981 (c)
1782 2905 1839 2962 δὲ
1869 2907 1898 2962 6
1934 2905 2052 2982 βίος
2081 2909 2188 2961 τῶν

537 3010 671 3064 υἱῶν
709 3014 813 3077 τῆς
852 3004 1023 3075 αὐτῆς
1068 3002 1370 3072 καθολικῆς
1415 2997 1764 3070 Ἐκκλησίας,
1812 2997 1901 3052 καὶ
1955 2995 2190 3070 μάλιστα

534 3095 845 3154 ἐπισκόπων
889 3094 979 3149 καὶ
1027 3092 1309 3168 κληρικῶν
1369 3090 1461 3145 καὶ
1514 3087 1859 3162 μοναζόντων
1927 3084 2017 3140 καὶ
2082 3088 2186 3140 τῶν

2307 590 2393 646 ἐάν
2449 614 2556 649 που
2613 596 2821 671 ἀνάγκη
2879 600 2998 653 τινὰ
3067 597 3239 674 λέγειν
3318 597 3370 655 ἐν
3428 597 3648 672 ὁμιλίᾳ,
3721 596 4042 674 γίνωσκε

2306 681 2601 755 Ἀλήθειαν
2636 685 2803 761 Λέγω·
2837 686 2898 741 ού
2927 685 3219 761 ψεύδομαι.
3269 687 3342 742 Τὸ
3391 683 3449 743 δὲ
3497 681 3836 761 σεϐάσμιον
3911 682 4041 742 ὅνοη

2309 793 2386 845 μα
2434 773 2530 828 τοῦ
2579 779 2713 830 Θεοῦ
2760 775 2840 852 ἐφ’
2890 774 3038 850 ὅρκῳ
3093 776 3169 848 μὴ
3220 771 3376 849 λάϐε,
3422 778 3560 850 μήτε
3614 777 3759 831 τινὰ
3838 774 4037 851 ὅρκῳ

2304 863 2485 925 καθὼς
2537 862 2651 919 εἶπε
2695 864 2759 919 τὸ
2803 863 2959 939 ἃγιον
3014 863 3372 941 Εὐαγγέλιον·
3418 868 3586 920 ταῦτα
3631 865 3757 942 γὰρ
3830 864 4042 919 πάντα

2303 951 2372 1005 τὰ
2422 950 2713 1030 σφάλματα
2762 952 2826 1007 ού
2882 955 3170 1029 προσήκει,
3239 950 3367 1009 οὕτε
3415 954 3647 1027 ἀρμόζει
3701 959 3855 1018 τοῖς
3930 976 4042 1028 μοι

2305 1045 2520 1116 ναχοῖς·
2552 1038 2700 1097 ἀλλά
2727 1042 2818 1096 καὶ
2867 1042 2974 1097 ἀπὸ
3021 1040 3350 1113 Ἐκκλησίας
3402 1038 3698 1100 ἐκϐάλλειν
3757 1044 3877 1099 τὸν
3951 1044 4042 1116 μή

2305 1128 2862 1208 παραφυλαττόμενον
2927 1130 2979 1187 ἐν
3045 1132 3284 1195 τούτοις.
3351 1135 3471 1190 Ἔτι
3542 1130 3600 1186 δὲ
3664 1131 3866 1188 αὐτὸν
3947 1134 4042 1206 μὴ

2305 1224 2544 1294 γυμνοῦν
2596 1219 2827 1275 ἐνώπιόν
2875 1242 3024 1284 τινος
3060 1222 3122 1276 τὸ
3154 1220 3404 1294 σύνολον,
3439 1220 3484 1277 εί
3519 1222 3594 1294 μὴ
3628 1222 3709 1276 δι’
3739 1221 4042 1297 ἀνάγκην

2308 1307 2599 1381 ἀσθενείας,
2649 1308 2701 1364 έν
2753 1306 2993 1384 λουτρῷ,
3042 1310 3077 1379 ἢ
3129 1307 3218 1365 διὰ
3266 1311 3456 1379 πάθος,
3496 1311 3531 1379 ἣ
3560 1309 3613 1365 έν
3653 1308 3839 1383 βάθει
3879 1308 4042 1366 ὑδά-

2303 1417 2436 1453 των.
2468 1395 2623 1468 Μηδὲ
2653 1392 2875 1474 ὑϐρίσῃς
2909 1396 3141 1477 ἀδελφὸν
3185 1398 3340 1476 ῥακά,
3388 1399 3425 1469 ἢ
3485 1398 3700 1474 μωρόν·
3772 1401 4041 1477 ἑορταῖς

2308 1483 2366 1542 δὲ
2397 1485 2626 1550 ἐθνικαῖς
2662 1488 2738 1561 μή
2772 1492 3175 1564 ωγκοινωνεῖν·
3223 1488 3292 1544 τὰ
3339 1482 3583 1543 σάϐϐατα
3630 1490 3715 1562 μὴ
3778 1487 4034 1569 φυλάτ-

2306 1597 2442 1648 τειν,
2491 1574 2728 1653 καθάπερ
2782 1577 2833 1631 οἱ
2880 1574 3155 1635 Ἰουδαῖοι·
3213 1577 3289 1649 μὴ
3347 1575 3624 1652 μαγεύειν·
3687 1580 3779 1651 μὴ
3863 1599 4031 1657 φαρ-

2313 1665 2584 1738 μακεύειν·
2641 1663 2783 1740 μηδὲ
2828 1667 3194 1739 συμπράκτειν
3235 1670 3401 1722 ταῦτα
3445 1665 3533 1722 ἐπὶ
3562 1665 3716 1739 νόσῳ
3752 1667 3798 1737 ἢ
3836 1669 4027 1723 πάθει

2309 1755 2344 1825 ἢ
2380 1753 2431 1810 έν
2483 1753 2752 1831 δείγματι·
2810 1755 2885 1829 μή
2935 1754 3265 1831 ἀπέρχεσθαι
3308 1756 3446 1831 πρὸς
3493 1752 3789 1811 έπαοιδόν·
3856 1758 4027 1830 μήτε

2310 1842 2657 1923 φυλακτήρια
2720 1844 2894 1917 ἑαυτῴ
2952 1844 3300 1921 περιτιθέναι·
3364 1846 3503 1918 μήτε
3556 1844 4016 1920 περικαθαίρειν

2312 1936 2453 2007 μήτε
2510 1935 2598 2011 ἀφ’
2651 1935 2842 1990 ἑαυτοῦ
2895 1936 3034 2007 μήτε
3081 1933 3187 1989 ἀπὸ
3237 1930 3417 1989 ἄλλου
3454 1934 3623 1997 τινός·
3660 1933 3827 1991 ἀλλὰ
3861 1936 4014 1990 πάν-

2307 2044 2429 2078 τοτε
2474 2023 2536 2078 τὸ
2586 2026 2744 2095 σῶμα
2791 2021 3029 2101 φύλαττε
3076 2022 3181 2077 ἀπὸ
3232 2023 3403 2089 πάσης
3453 2023 3848 2100 αἲσχρότητῠς
3906 2024 4012 2079 καὶ

2311 2110 2615 2187 ἀσελγείας·
2670 2114 2810 2185 μήτε
2855 2107 3000 2187 ἔχειν
3058 2117 3313 2187 γυναῖκας
3368 2112 3665 2176 συνάκτους
3729 2115 3801 2185 (f.
3859 2134 4007 2168 συν-

2310 2201 2606 2270 εισάκτους)
2654 2199 2894 2274 καθάπερ
2935 2200 3079 2263 τινες
3143 2200 3424 2276 ἀγαπητὰς
3492 2200 3779 2265 ὑπέθεντο·
3839 2204 4004 2277 τάχα

2308 2289 2390 2344 ἐπ’
2440 2289 2681 2365 ἐσχάτων
2741 2288 2966 2361 μισηταὶ
3013 2287 3065 2343 έν
3116 2288 3262 2361 αὐτῷ
3311 2290 3717 2365 εὑρεθήσονται,
3752 2291 3855 2345 καὶ
3890 2312 3997 2344 πι-

2304 2377 2580 2453 κρότεραι,
2631 2375 2831 2453 χολῆς·
2891 2377 2967 2451 μὴ
3020 2374 3116 2453 ἔχε
3158 2377 3295 2433 κατὰ
3342 2378 3527 2453 ψυχὴν
3575 2375 3787 2454 ἔχθραν
3843 2380 3996 2435 κατά

2303 2488 2472 2534 τινος,
2532 2465 2623 2521 καὶ
2681 2466 2904 2542 γένηται
2963 2468 2997 2535 ἡ
3068 2468 3352 2542 προσευχή
3414 2488 3509 2521 σου
3570 2464 3986 2540 ἀπρόσδεκτος·

2308 2557 2384 2630 μὴ
2433 2555 2695 2631 συνεύχου
2745 2555 2879 2628 μετὰ
2925 2555 3210 2629 αἱρετικῶν
3276 2554 3313 2623 ἢ
3377 2556 3513 2627 μετὰ
3561 2554 3823 2628 ἐθνικῶν,
3885 2556 3982 2612 καὶ

2301 2643 2522 2721 γένηται
2575 2646 2611 2713 ἡ
2655 2646 2936 2719 προσευχή
2986 2663 3083 2698 σου
3125 2640 3511 2719 ἀπρόσδεκτος·
3550 2645 3627 2717 μή
3659 2639 3981 2720 παράϐαινε

2300 2732 2549 2803 νηστείαν
2583 2731 2803 2809 Κυρίου,
2834 2732 2982 2786 τοῦτ’
3010 2727 3122 2786 ἔστι
3170 2729 3400 2807 τετράδα
3445 2732 3535 2787 καὶ
3587 2734 3972 2805 παρασκευήν,

2301 2822 2346 2878 εἰ
2381 2822 2457 2895 μὴ
2493 2817 2570 2876 ἔτι
2599 2819 2687 2876 ἐπὶ
2724 2819 2871 2893 νόσῳ
2905 2814 3222 2896 βεϐάρησαι·
3267 2821 3445 2898 χωρὶς
3494 2828 3596 2892 τῆς
3650 2816 3973 2896 ἑϐδομάδος

2296 2915 2394 2966 τοῦ
2455 2911 2611 2987 ἁγίου
2671 2911 2865 2985 Ιιάσχα
2917 2907 3007 2963 καὶ
3065 2915 3166 2979 τῆς
3238 2912 3635 2983 Πεντηκοστῆς,
3700 2910 3796 2965 καὶ
3853 2914 3966 2965 τῶν

2300 2998 2631 3056 δεσποτικῶν
2661 2999 2883 3075 έορτῶν,
2914 3001 3022 3052 τῶν
3055 2994 3284 3053 δώδεκα·
3326 2998 3424 3061 τὰς
3455 2995 3514 3053 δὲ
3566 2996 3769 3061 λοιπάς
3820 2997 3965 3071 ἦμέ-

2299 3109 2394 3165 ρας
2445 3083 2685 3166 ἀκριϐῶς
2734 3087 2990 3165 φύλαττε.
3042 3088 3131 3156 Μὴ
3182 3085 3334 3143 λύειν
3363 3088 3463 3156 τήν
3492 3086 3745 3159 νηστείαν
3777 3087 3961 3164 χωρὶς

533 3184 746 3243 λοιπῶν
795 3186 1153 3260 Χριστιανῶν,
1201 3180 1292 3237 καὶ
1343 3179 1418 3241 ὡς
1459 3182 1578 3240 τοῖς
1621 3179 1764 3239 υἱοῖς
1793 3175 1968 3231 αὐτῶν
2003 3172 2188 3229 ἐντὲλ-
2222 3249 2258 3260 Α
2298 3177 2556 3254 ἀνάγκης·
2593 3174 2700 3232 εἷίτε
2725 3177 2818 3231 καὶ
2848 3172 3081 3254 ἀδελφὸς
3126 3176 3261 3251 πρὸς
3315 3176 3373 3230 σὲ
3422 3174 3743 3249 ένδημήσει,
3794 3176 3958 3250 μετά-

534 3275 743 3332 λονται·
794 3249 1011 3350 πρῶτον
1062 3270 1215 3327 αὐτοὶ
1264 3268 1437 3330 οὕτως
1475 3264 1751 3343 διάγοντες
1779 3264 1867 3321 καὶ
1900 3261 2183 3319 διδάσκον-
2215 3249 2258 3317 C
2296 3265 2387 3330 ὃος
2412 3249 2633 3341 ’ἀγάπην
2664 3263 2754 3320 διὰ
2782 3266 2872 3320 τὸν
2904 3249 3075 3321 κόπον
3107 3249 3209 3335 τῆς
3259 3263 3409 3320 ὁδοῦ·
3444 3265 3507 3320 σὺ
3559 3263 3618 3320 δὲ
3668 3266 3745 3339 μὴ
3791 3249 3957 3341 γεύσῃ

529 3384 640 3428 τες·
703 3363 880 3425 οὕτως
940 3360 1129 3438 χάριτί
1187 3358 1304 3415 ἐστε
1360 3355 1711 3430 σεσωσμένοι,
1762 3352 1985 3422 Ἀλλ’ἡ
2018 3353 2181 3429 χάρις

542 3452 800 3531 βούλεται
859 3451 1209 3524 αύθαιρέτους
1264 3448 1400 3503 εἶναι
1445 3446 1536 3501 καὶ
1584 3445 1786 3506 παντὸς
1848 3441 2042 3505 καλοῦ,
2091 3442 2180 3497 καὶ

535 3528 762 3618 ἀγαθοῦ·
794 3540 885 3596 καὶ
939 3538 1189 3610 ζηλωτὰς
1225 3544 1325 3606 τῆς
1389 3533 1681 3613 ὀρθοδόξου
1728 3530 1963 3594 πίστεως
2012 3528 2179 3604 ἄξιον·

530 3632 621 3689 καὶ
671 3631 831 3687 αὐτὸν
883 3628 1237 3703 εὐτρεπίζειν·
1288 3622 1572 3701 πρόδηλον
1620 3622 1710 3678 καὶ
1761 3626 1928 3677 ταῦτα
1975 3619 2179 3697 φυλάτ-

526 3741 661 3778 τειν·
714 3720 806 3777 καὶ
859 3719 952 3775 τὸν
1032 3717 1230 3793 Κύριον
1286 3719 1450 3789 ἡμῶν
1508 3715 1720 3783 Ἰησοῦν
1772 3711 2004 3786 Χριστὸν
2059 3710 2184 3785 ἀγα-

526 3812 722 3882 πήσεις
770 3808 930 3864 αὐτὸν
981 3805 1032 3877 ἐξ
1084 3805 1222 3875 ὅλης
1270 3810 1370 3874 τῆς
1417 3800 1643 3878 καρδίας
1695 3822 1812 3869 σου,
1842 3799 1931 3854 καὶ
1963 3799 2014 3873 ἐξ
2046 3799 2183 3869 ὅλης

526 3907 630 3971 τῆς
678 3898 865 3975 ψυχῆς
914 3914 1030 3951 σου·
1082 3894 1172 3950 καὶ
1209 3895 1302 3950 τὸν
1342 3891 1577 3963 πλησίον
1612 3913 1707 3946 σου
1738 3890 1813 3952 ὡς
1845 3889 2085 3945 σεαυτόν·
2119 3889 2180 3945 ού

527 3987 897 4067 φονεύσωμεν·
950 3984 1013 4041 ού
1068 3983 1473 4061 μοιχεύσωμεν·
1529 3980 1590 4035 ού
1636 3977 2178 4058 παιδοφθορήσωμεν·

530 4065 593 4132 ού
649 4074 1139 4155 φαρμακεύσωμεν·
1196 4072 1259 4127 ού
1307 4069 1618 4145 κλέψωμεν·
1686 4068 1746 4124 οὐ
1801 4065 2181 4143 ψευδομαρτυ-

530 4154 809 4241 ρήσωμεν·
862 4163 924 4219 οὐ
972 4160 1482 4238 διχοστατήσωμεν·
1552 4158 1891 4234 ἀπεχώμεθα
1954 4154 2181 4212 πνικτοῦ

525 4255 617 4310 καὶ
669 4252 922 4327 αἵματος,
968 4251 1061 4307 καὶ
1109 4248 1449 4321 πλεονεξίας.
1504 4250 1662 4324 ⁹Ὀρα,
1715 4245 1984 4323 ἄνθρωπε,
2021 4249 2183 4320 μήτις

527 4364 586 4398 σε
634 4343 899 4413 ἀπατήσει
955 4347 1056 4411 τῆς
1113 4338 1344 4400 πίστεως
1399 4336 1623 4409 ταύτης·
1680 4335 1795 4392 ἐπεὶ
1826 4335 2093 4412 παρεκτός
2125 4357 2183 4391 σε

527 4435 663 4488 Θεοῦ
711 4429 970 4486 διδάσκει.
1019 4427 1195 4485 Ταῦτά
1243 4426 1344 4482 εἶσι
1392 4427 1458 4482 τὰ
1507 4427 1761 4504 προφανῆ
1790 4426 2177 4501 ἁμαρτήματα·

526 4521 581 4577 αἱ
614 4519 673 4576 δὶ
702 4520 778 4583 ὡς
827 4517 1113 4595 ἰλάχισται
1165 4516 1484 4595 φαινόμεναι
1535 4513 1773 4571 ἐντολαί·
1827 4514 1901 4568 ὤν
1951 4514 2041 4567 καὶ
2082 4512 2183 4569 αύ-

525 4612 635 4663 τῶν
688 4605 856 4684 λόγον
917 4603 1303 4678 ἀπολύσωμεν·
1348 4603 1477 4664 τοὺς
1533 4600 1859 4676 μονάζοντας
1907 4604 2176 4675 γυναικῶν

528 4697 662 4774 ὖπὶρ
715 4697 891 4753 πάντα
935 4693 1385 4771 κεχωρισμένους
1433 4691 1587 4746 εἶναι·
1639 4691 1779 4763 μήτε
1826 4688 1901 4751 είς
1951 4687 2175 4762 ὁμιλίαν

526 4785 701 4842 αὐτῶν
753 4780 1030 4862 ἔρχεσθαι,
1084 4784 1223 4857 μήτε
1272 4781 1400 4857 όρᾷν
1449 4779 1632 4850 αὐτὰς,
1688 4780 1829 4851 μήτε
1866 4777 2179 4856 φιλοτιμεῖ-

531 4876 674 4943 σθαι,
712 4871 805 4929 (ίνα
859 4874 934 4946 μή
982 4869 1086 4942 ἅδη
1139 4870 1337 4925 αὐτῶν·
1382 4873 1571 4944 ψυχῆς
1617 4867 1788 4940 ζημία
1815 4866 2056 4943 γένηται·
2092 4868 2179 4923 ἰὰν

528 4962 766 5041 μοιχεύῃ
798 4964 835 5033 ἡ
882 4958 1078 5039 καρδία
1130 4980 1247 5031 σου,
1299 4960 1619 5033 ἀμαρνάνεις
1655 4957 1928 5033 μεγάλως.
1963 4957 2179 5013 Φυλάτ-

520 5056 703 5110 τεσθαι
757 5050 816 5108 δὲ
844 5053 1009 5107 πάλιν
1067 5050 1143 5124 μὴ
1172 5050 1307 5105 εἶναι
1359 5045 1663 5123 δίγλωσσον
1695 5046 1729 5115 ἢ
1765 5044 2063 5122 δίγνωμον,
2101 5048 2176 5121 μὴ

523 5142 780 5219 ψεύστην,
834 5141 911 5215 μή
960 5136 1294 5209 κατάλαλον,
1350 5136 1426 5212 μή
1474 5136 1710 5211 ἀκαίρως
1759 5140 2177 5213 περιπατοῦντα,

529 5234 672 5307 μήτε
722 5225 1083 5307 ῥεμϐόμενον,
1152 5228 1227 5300 μὴ
1292 5224 1672 5302 ἀναίσχυντον,
1736 5227 1874 5298 μήτε
1933 5225 2176 5303 ὀργίλον,

529 5323 670 5395 μήτε
716 5319 1000 5394 πάροινον,
1040 5319 1076 5386 ἢ
1132 5313 1494 5394 φιλάργυρον,
1557 5316 1632 5388 μὴ
1688 5315 2048 5393 ὑπερήφανον.
2100 5317 2176 5389 μὴ

524 5406 786 5481 αύθάδην,
863 5407 941 5481 μή
1019 5404 1222 5481 σαπρὸν
1292 5404 1452 5480 λόγον
1513 5405 1764 5482 φέροντα,
1827 5407 1966 5478 μήτε
2020 5399 2182 5481 ὅρκον

617 5636 652 5674 ιι
702 5615 915 5689 Aliqua
942 5615 1039 5672 hic
1069 5613 1304 5670 desunt.

596 5618 673 5762 ξεί
702 5687 807 5744 Hic
835 5687 1042 5760 incipit
1074 5687 1304 5742 secund;

2212 4567 2260 4633 D

2292 3352 2397 3419 ἕως
2448 3355 2592 3433 ὧρας
2643 3354 2890 3425 ἐννάτης.
2943 3353 3207 3424 Νηστείαν
3263 3352 3320 3409 δὲ
3369 3351 3516 3430 λέγω
3563 3355 3664 3424 τὴν
3693 3352 3951 3431 τεταγμέ-

2293 3467 2419 3517 νην,
2473 3447 2623 3500 τοῦτ’
2678 3441 2790 3500 ἔστι
2853 3445 2960 3517 πρὸ
3013 3443 3230 3499 πάντων
3284 3445 3382 3514 τήν
3430 3443 3585 3520 ἀγίαν
3617 3443 3705 3499 καὶ
3737 3440 3945 3514 ἔνδοξον

2291 3535 2747 3612 τεσσαρακοστὴν,
2799 3533 2887 3588 καὶ
2931 3538 3029 3588 τοῦ
3083 3532 3283 3589 λοιποῦ
3333 3533 3535 3609 χρόνου
3581 3529 3808 3608 τετράδα
3851 3531 3942 3587 καὶ

2290 3626 2653 3698 παρασκευήν·
2684 3624 2781 3685 τὰς
2815 3619 2873 3677 δὲ
2920 3620 3118 3685 λοιπὰς
3168 3622 3400 3698 ἡμέρας,
3447 3619 3621 3697 ἤγουν
3672 3619 3934 3695 δευτέραν,

2290 3712 2504 3790 τρίτην,
2554 3714 2643 3768 καί
2693 3713 2967 3785 πέμπτην,
3019 3710 3105 3765 ἐὰν
3154 3709 3371 3766 δύνασαι
3428 3710 3534 3765 ἀπὸ
3584 3706 3720 3772 ἰδίας
3747 3730 3934 3786 προαι-

2295 3801 2489 3880 ρέσεως
2536 3800 2836 3873 νηστεύειν,
2888 3798 3034 3855 ἔσται
3083 3800 3111 3854 6
3162 3800 3352 3873 μισθός
3383 3820 3479 3855 σου
3507 3798 3700 3860 πολύς·
3732 3798 3782 3853 ἐν
3805 3796 3933 3853 ταύ-

2289 3913 2409 3954 ταις
2462 3892 2566 3968 γάρ
2612 3895 2733 3954 ταῖς
2781 3890 3015 3966 ἡμέραις
3066 3890 3157 3945 καὶ
3201 3890 3348 3966 παρὰ
3374 3891 3474 3958 τήν
3502 3888 3645 3966 ὣραν
3679 3885 3929 3964 διάκρισις

2288 3982 2491 4059 γίνεται
2539 3981 2616 4043 είς
2664 3979 2823 4058 φίλον
2878 3979 3165 4053 ἐπίσημον·
3214 3981 3305 4035 καὶ
3348 3980 3450 4035 οῦκ
3491 3977 3604 4036 ἔστι
3656 3984 3816 4055 κρῖμα
3843 3975 3929 4033 διὰ

2289 4072 2388 4140 τὴν
2423 4071 2658 4147 ἀγάπην·
2704 4072 2739 4139 ἡ
2790 4067 2848 4125 δὲ
2882 4070 3189 4145 τεταγμένη
3236 4069 3453 4139 νηστεία
3499 4069 3601 4125 ὑπὸ
3631 4071 3735 4124 τῶν
3762 4069 3919 4143 ἁγίων

2290 4157 2612 4215 ἀποστόλων
2665 4155 2935 4233 διάκρισις
2985 4158 3212 4234 γίνεται·
3259 4159 3287 4213 6
3339 4154 3397 4214 δὲ
3426 4156 3746 4234 παρακούων
3767 4155 3919 4226 αὐτὴν

2292 4247 2600 4305 ἀπόλλυται
2655 4248 2789 4321 μετὰ
2838 4251 2948 4303 τῶν
3008 4248 3459 4324 γαστριμάργων·
3518 4244 3592 4301 ὦν
3649 4246 3678 4301 6
3732 4244 3839 4309 θεὸς
3881 4245 3914 4315 ἡ

2291 4337 2479 4396 κοιλία
2505 4337 2595 4393 καὶ
2627 4339 2662 4406 ἡ
2696 4333 2823 4408 δόξα
2850 4341 2948 4392 τοῦ
2978 4335 3210 4411 κόσμου,
3241 4337 3331 4392 καὶ
3357 4339 3393 4407 ἡ
3444 4335 3911 4413 ἀνθρωπαρέσκεια.

2288 4428 2359 4484 Τὸ
2407 4422 2673 4482 σάϐϐατον
2724 4426 2800 4500 μὴ
2853 4430 3080 4497 νήστευε
3126 4426 3267 4497 ὃλην
3314 4427 3414 4495 τὴν
3448 4423 3680 4502 ἡμέραν·
3705 4424 3913 4500 ἀπρεπὶς

2288 4516 2390 4595 γάρ
2439 4516 2580 4572 ἐστιν
2631 4513 2771 4585 ὅλην
2816 4515 2917 4585 τήν
2964 4515 3174 4590 ἡμέραν
3206 4519 3303 4571 τοῦ
3345 4509 3620 4569 σαϐϐάτου
3658 4514 3804 4590 μέχρι
3832 4510 3911 4568 δυ-

2291 4610 2445 4680 σμῶν
2494 4603 2660 4675 ἡλίου
2710 4603 3013 4674 νηστεύειν·
3065 4600 3233 4677 ἔξεστι
3279 4600 3338 4659 δὲ
3385 4600 3492 4666 ἕως
3539 4597 3683 4673 ὥρας
3706 4600 3905 4671 ἓκτηςῆ

2290 4691 2558 4768 ἑϐδόμης·
2621 4694 2685 4749 τὸ
2745 4691 2804 4748 δὲ
2848 4692 3103 4769 περισσὸν
3168 4690 3442 4763 Ἰουδαϊκὴ
3511 4690 3709 4767 αἵρεσίς
3762 4690 3901 4749 έστιν.

2289 4783 2427 4857 ’ἅπαξ
2474 4780 2550 4838 δέ·
2606 4784 2682 4857 μὴ
2736 4779 3002 4838 ἐπιδυέτω
3052 4784 3080 4838 6
3129 4779 3293 4852 ἥλιος
3343 4780 3394 4838 ἐν
3445 4775 3716 4853 σαϐϐάτῳ,
3760 4780 3799 4836 εί
3833 4781 3899 4855 μὴ

2295 4874 2458 4948 μόνον
2488 4877 2568 4945 τῷ
2603 4871 2831 4949 μεγάλῳ
2860 4866 3117 4946 σαϐϐάτῳ
3157 4871 3208 4927 ἐν
3255 4871 3324 4947 τῇ
3374 4870 3526 4927 νυκτὶ
3576 4875 3673 4926 τοῦ
3719 4870 3897 4945 Πάσχα·

2288 4966 2325 5034 ἡ
2376 4960 2435 5019 δὲ
2480 4965 2579 5032 τῆς
2623 4958 2881 5040 τετράδος
2930 4961 3020 5017 καὶ
3049 4969 3149 5032 τῆς
3179 4966 3523 5039 παρασκευῆς
3551 4959 3640 5015 καὶ
3670 4966 3753 5030 τῆς
3773 4959 3898 5036 ἁγίας

2286 5058 2719 5129 τεσσαρακοστῆς
2788 5051 3010 5123 νηστεία
3078 5050 3381 5127 τεταγμένη
3444 5048 3585 5105 ἐστὶν
3637 5045 3731 5112 ἕως
3774 5048 3895 5124 ὥρας

2290 5142 2526 5213 έννάτης·
2587 5140 2678 5196 καὶ
2728 5139 2780 5196 εἷ’
2822 5160 2877 5195 τι
2922 5140 3175 5215 περισσὸν
3224 5141 3478 5210 ποιήσεις
3535 5138 3681 5214 παρά
3716 5138 3795 5206 τὴν
3821 5157 3892 5192 σε-

2291 5236 2485 5287 αυτνοῦ
2516 5230 2853 5307 προαίρεσιν,
2893 5226 3031 5301 ἕξεις
3069 5229 3161 5285 τὸν
3199 5228 3414 5303 μισθόν.
3446 5229 3726 5299 Νηστεύων
3752 5224 3798 5282 δὲ
3819 5226 3895 5282 καὶ

2289 5320 2703 5394 κοιταζόμενος,
2743 5317 2913 5397 βλέπε
2947 5319 3023 5393 μή
3057 5320 3335 5398 φυσιωθῇς
3381 5317 3435 5373 ἰν
3461 5317 3617 5396 τύφῳ
3643 5316 3720 5372 καὶ
3759 5317 3890 5392 ὑπερ-

2291 5408 2513 5486 ηφανίᾳ·
2570 5411 2606 5480 ἦ
2665 5408 2769 5485 γὰρ
2825 5407 3090 5488 φυσίωσις
3144 5406 3312 5483 παγίς
3367 5405 3479 5463 ἔστι
3524 5409 3622 5461 τοῦ
3653 5399 3881 5477 διαϐόλου,

2364 5618 2442 5691 (b)
2474 5617 2610 5674 Cod.
2639 5609 2752 5672 ἕνα.

702 5682 1042 5760 Hic'incipit
1074 5687 1331 5742 secunda
1361 5702 1498 5758 pars
1519 5682 1793 5757 opusculi
1823 5685 1896 5742 ab
1923 5687 2181 5748 Arnoldo
2220 5682 2400 5751 edita}
