4162 6366
349 461 501 518 1641

350 590 484 610 λεν
558 591 644 606 ιι
854 591 865 608 ν
1018 594 1038 603 ν
1133 587 1140 606 Ι
1426 589 1437 610 0.
1539 589 1547 606 θ
1682 586 1724 610 ‘.\\
1785 585 1848 610 ’ἓν

347 590 418 646 δι’
447 595 514 660 ἧς
547 591 654 645 ἀπὸ
684 612 778 645 του
813 591 1044 663 οὐρανοῦ
1084 587 1381 644 πέπτωκεν·
1419 589 1625 660 ὁμοίως
1678 587 1731 641 δὲ
1783 587 1830 640 δι

343 689 446 750 τῆς
494 681 619 742 τοὺς
670 680 988 754 ἀνθρώπους
1035 674 1369 733 καταϐάλλει
1418 676 1747 752 παγιδεύων.
1793 673 1996 746 Μηδεὶς

347 791 403 824 σε
435 769 684 841 πλανήσῃ
711 767 760 822 ἐν
795 771 1026 840 κυριακῇ
1077 767 1374 837 νηστεύειν,
1425 767 1458 835 ἢ
1494 767 1541 821 ἐν
1594 769 1752 838 ἑορτῇ
1802 763 1994 819 δεσπο-

342 863 470 931 τικῇ
513 859 575 912 τὸ
609 859 880 932 παράπαν·
921 855 1060 930 μηδέ
1111 862 1454 946 γονυπετεῖνζ
1497 856 1561 909 οὐ
1609 857 1709 931 γάρ
1754 854 1891 909 ἔστιν
1945 853 1994 908 ἐν

345 952 529 1020 θεσμῷ
561 945 909 1018 Ἐκκλησίας,
951 947 1130 1007 καθὼς
1178 943 1532 1021 προείπαμεν.
1569 945 1663 999 Καὶ
1719 943 1884 1020 βλέπε
1919 944 1992 1016 μή

341 1037 398 1091 σὲ
455 1034 776 1106 πλανήσωσί
823 1057 965 1097 τινες
1018 1036 1408 1111 Μαρκιανισταὶ
1583 1033 1736 1108 ἑτέρα
1793 1030 1994 1108 α’ίρεσις

341 1133 616 1203 νηστεύειν
672 1133 722 1187 ἐν
773 1128 1028 1204 σαϐϐάτῳ
1061 1132 1094 1200 ἦ
1128 1137 1382 1207 κυριακῇ.
1420 1131 1600 1188 Μόνον
1654 1128 1709 1184 δὲ
1739 1135 1844 1183 τῶν
1881 1151 1997 1184 συν-

344 1222 535 1294 άξεων,
565 1229 662 1291 τῆς
693 1219 1043 1295 ψαλμῳδίας,
1075 1221 1164 1275 καὶ
1213 1228 1312 1290 τῆς
1361 1221 1730 1296 ἀναγνώσεως,
1769 1219 1857 1274 καὶ
1887 1224 1993 1273 τῶν

342 1310 622 1386 ἀχράντων
698 1309 1011 1386 μυστηρίων
1084 1311 1158 1383 μὴ
1248 1309 1486 1382 ἀμέλει·
1547 1308 1822 1369 τοιαύταις
1892 1309 1994 1383 γάρ

345 1402 551 1462 θυσίαις
609 1399 969 1476 εὐαρεστεῖται
1022 1400 1049 1453 ὁ
1101 1399 1250 1461 Θεός.
1306 1400 1492 1470 Ἀξιον
1545 1399 1762 1454 σεαυτὸν
1816 1397 1994 1473 εὐτρε-

343 1488 505 1558 πίζου
553 1497 652 1558 τῆς
701 1489 972 1565 ἀχράντου
1018 1489 1304 1550 κοινωνίας
1351 1493 1449 1543 τοῦ
1505 1487 1694 1561 τιμίου
1744 1489 1995 1560 σώματος

343 1579 433 1633 καὶ
491 1577 719 1652 α’ίματος
762 1584 857 1634 τοῦ
911 1578 1105 1653 Κυρίου
1163 1581 1321 1651 ἡμῶν
1385 1579 1566 1648 Ἰησοῦ
1614 1574 1998 1652 Χριστοῦ,⁹ίνα

347 1669 424 1741 μὴ
458 1667 534 1730 εἷς
564 1673 735 1744 κρῖμα
785 1667 958 1742 ἐσθίῃς
1007 1667 1096 1722 καὶ
1145 1667 1336 1741 πίνῃς.
1388 1668 1476 1736 Μὴ
1533 1664 1723 1740 ἀμέλει
1774 1664 1994 1721 πλύνειν

344 1754 518 1819 πόδας
583 1762 842 1832 μοναχῶν
899 1756 1214 1833 ἐρχομένων
1272 1757 1408 1832 πρὸς
1465 1757 1522 1811 σέ
1555 1776 1567 1789 ·
1633 1757 1996 1826 ζητηθήσεται

343 1845 478 1914 αὕτη
533 1849 568 1915 ἡ
621 1844 817 1915 ἐντολὴ
869 1848 1012 1919 παρὰ
1058 1852 1164 1902 τῶν
1227 1844 1774 1923 ὑπερηφανευσάντων
1807 1844 1993 1916 αὐτὴν,

344 1935 390 1990 εἰ
421 1936 511 1990 καὶ
544 1934 826 1990 ἐπίσκοποι
860 1938 1008 1990 ὦσιν·
1062 1937 1090 1990 6
1122 1938 1226 2011 γάρ
1270 1935 1474 1990 τούτων
1528 1935 1722 2010 Κύριος
1779 1939 1993 2010 πρῶτος
2029 1969 2076 2034 Β

343 2021 490 2099 ἕνιψε
537 2025 665 2087 τοὺς
715 2023 882 2086 πόδας
929 2031 1034 2080 τῶν
1094 2027 1374 2098 μαθητῶν,
1405 2023 1773 2100 παραγγείλας
1807 2023 1999 2086 αὐτοὺς

345 2115 519 2175 οὕτως
552 2121 748 2171 ποιεῖν.
783 2116 869 2182 Μὴ
926 2114 1077 2190 γίνου
1109 2111 1470 2190 φιλάργυρος,
1572 2111 1996 2189 αἰσχροκερδής.

345 2211 433 2279 Μή
485 2208 630 2265 πολύ
673 2212 887 2286 χρῆμα,
945 2211 1018 2282 μή
1071 2209 1196 2265 θέλε
1245 2217 1467 2275 κτᾶσθαι
1517 2211 1774 2287 ἀργύριον
1802 2212 1836 2279 ἢ
1870 2231 2002 2286 χρυ-

355 2298 468 2352 σίον
515 2299 682 2367 πολὺ,
731 2301 764 2368 ἢ
816 2300 980 2372 μόνον
1029 2297 1241 2376 ἐφόδιον
1299 2301 1460 2376 χάριν
1508 2300 1598 2354 καὶ
1648 2304 1862 2376 τροφῶν
1911 2299 1998 2353 καὶ

352 2387 592 2466 ἀμφίων.
637 2389 707 2442 Τὸ
756 2385 814 2442 δὲ
861 2388 1192 2462 περίσσευμα
1241 2385 1330 2450 δὸς
1379 2394 1493 2450 τοῖς
1541 2389 1788 2459 πένησιν·
1821 2393 1999 2463 κρεῖτο

351 2498 442 2532 τον
476 2477 578 2551 γάρ
609 2476 660 2531 ἐν
691 2475 941 2552 πτωχείᾳ
969 2477 1058 2531 καὶ
1112 2477 1162 2532 ἐν
1191 2478 1508 2532 ταπεινώσει
1561 2474 1836 2531 δουλεύειν
1883 2480 1999 2548 Θεῷ

351 2567 384 2635 ἢ
416 2565 467 2620 ἐν
497 2565 722 2638 πλούτῳ
768 2567 858 2620 καὶ
907 2565 1106 2640 ἀπάτῃ·
1141 2567 1191 2620 οἱ
1238 2567 1339 2642 γάρ
1386 2571 1482 2620 τοῦ
1538 2571 1818 2639 μαμμωνᾶ
1848 2564 1999 2643 φίλοι

351 2656 441 2710 καὶ
474 2653 662 2710 δοῦλοι
713 2657 828 2728 Θεῴ
877 2653 1058 2730 ἀρέσαι
1104 2655 1165 2711 οὐ
1219 2653 1486 2713 δύνανται.
1517 2657 1586 2709 Τὸ
1637 2653 1864 2710 σύνολον
1909 2653 1998 2709 οῦν

357 2745 434 2817 μὴ
465 2743 869 2819 πραγματεύου.
905 2742 1115 2799 [ιολλαὶ
1166 2741 1221 2798 δὲ
1251 2743 1454 2819 χωρίαι
1501 2743 1602 2798 εἰσί
1639 2745 1712 2817 μὴ
1750 2742 2001 2818 σπείρου-

355 2853 458 2886 σιν·
490 2833 579 2886 καὶ
613 2833 882 2887 οἰκοῦνται
934 2831 984 2886 ἐν
1034 2831 1196 2908 τέχνῃ
1248 2834 1324 2905 μή
1377 2829 1620 2908 ἔχοντες,
1671 2832 2003 2906 ἀναγκάζον-

355 2942 442 2983 τες
500 2920 967 2996 πραγματεύεσθαι
1003 2939 1016 2952 ·

357 3016 572 3066 πιῶσιν·
629 3009 775 3079 πλὴν
825 3009 921 3064 κᾶν
968 3009 1160 3072 τόκους
1221 3012 1296 3083 μὴ
1349 3005 1632 3083 λάμϐανε.
1687 3010 1898 3086 ’Δγάπα
1947 3007 2004 3064 δὲ

360 3099 532 3154 πάντα
580 3101 876 3176 ἄνθρωπον·
910 3099 999 3153 καὶ
1049 3099 1292 3173 εἷρήνευε
1347 3099 1479 3173 μετά
1527 3098 1774 3170 πάντων,
1825 3102 2002 3176 χωρίς

361 3191 668 3266 αἱρετικῶν·
702 3190 730 3243 ὁ
777 3190 877 3265 γάρ
927 3189 1194 3265 αἱρετικός
1246 3187 1410 3251 λύκος
1457 3187 1566 3244 ἐστὶ
1614 3197 1715 3260 τῆς
1745 3194 1842 3243 τοῦ
1875 3196 2004 3266 Χρι-

360 3284 488 3334 στοῦ
519 3279 783 3352 ποίμνης,
831 3278 919 3333 καὶ
970 3283 1066 3334 τοῦ
1099 3277 1480 3354 ’Δντιχρίστου
1512 3277 1850 3354 πρόδρομος.
1885 3279 2004 3333 Ἐἀν

1076 2921 1165 2975 καὶ
1243 2920 1460 2993 μένουσι
1532 2923 1853 2994 μονάζοντες
1909 2942 2000 2974 κο-

354 3365 414 3424 δὶ
444 3364 574 3444 ἔχῃς
604 3341 868 3444 χρήματα
897 3370 930 3437 ἢ
964 3341 1531 3443 βρώματα,ωμετάδος
1797 3367 1999 3444 ἔχοντι·
2035 3341 2078 3410 G

357 3468 434 3540 μη
476 3464 620 3543 ἔχων
671 3465 729 3522 δὶ
771 3466 870 3522 οὐκ
916 3464 1248 3544 ἐγκληθήσῃ.
1297 3467 1419 3521 Ἐάν
1466 3462 1599 3540 ἔλθῃ
1641 3488 1722 3528 τις
1766 3464 2006 3522 δανείσα-

353 3558 476 3610 σθαι
507 3556 612 3611 ἀπὸ
642 3559 738 3611 σοῦ
767 3576 842 3626 τι,
874 3556 963 3610 καὶ
993 3552 1147 3632 ἔχῃς,
1175 3552 1266 3617 δὸς
1298 3554 1461 3627 αὐτῷ·
1495 3555 1583 3611 καὶ
1620 3557 1753 3628 μετά
1801 3576 2008 3630 μακρο·

351 3643 549 3718 θυμίας
585 3639 717 3700 λάϐε
748 3645 875 3721 παρ’
905 3643 1067 3700 αὐτοῦ
1095 3645 1157 3699 τὸ
1205 3642 1498 3723 κεφάλαιον
1551 3645 1640 3699 καὶ
1677 3645 1839 3718 μόνον
1872 3664 1884 3677 ·
1918 3645 2007 3699 καὶ

355 3733 563 3798 δίκαιος
613 3731 725 3809 ἔσῃ.
772 3735 870 3789 Καὶ
925 3736 1000 3808 μὴ
1053 3732 1304 3791 δολιεύου
1356 3735 1584 3790 ἐνώπιον
1636 3735 1863 3812 Κυρίου·
1917 3733 2005 3790 ἐάν

356 3825 462 3900 γὰρ
510 3820 641 3900 ἔχῃς
685 3825 1020 3900 γεννήματα,
1071 3825 1105 3893 ἢ
1157 3821 1298 3879 ἄλλο
1344 3845 1436 3894 τι,
1487 3823 1576 3879 καὶ
1628 3829 1779 3895 ζητεῖ
1828 3823 2011 3880 λειπό-

361 3935 519 3988 μενος
551 3911 890 3977 δανείσασθαι
937 3914 1083 3988 παρὰ
1129 3917 1225 3967 σοῦ
1269 3912 1320 3982 ἐξ
1372 3913 1622 3989 ἀνάγκης,
1672 3915 1761 3968 καὶ
1811 3911 1900 3968 διὰ
1943 3915 2008 3968 τὸ

365 4004 441 4077 μή
474 3997 659 4058 λαϐεῖν
693 4023 750 4057 σε
795 3997 978 4072 τόκον,
1029 3999 1224 4075 πωλῇς
1271 4003 1614 4078 τιμιωτέρως
1651 4000 1744 4057 ’ίνα
1771 3999 2010 4077 κερδήσῃ

363 4090 617 4171 διάφορα,
666 4093 812 4147 τοῦτ’
859 4089 1000 4146 ἔστιν
1046 4088 1445 4161 διπλασιάζων·
1497 4088 1902 4170 καταμέμφεταί
1953 4112 2011 4146 σε

361 4185 398 4253 ἡ
452 4182 638 4259 Γραφὴ
688 4180 917 4258 Λέγουσα
950 4200 963 4212 ·
1014 4181 1303 4257 Δράσσεται
1355 4181 1383 4234 6
1433 4181 1564 4243 Θεὸς
1612 4180 1742 4244 τοῦς
1812 4180 2011 4258 σοφοὺς

364 4271 416 4328 ἐν
467 4275 533 4346 τῇ
573 4270 871 4348 πανουργίᾳ
921 4269 1131 4330 αὐτῶν.
1193 4269 1394 4344 Σκέψαι
1456 4270 1560 4348 γὰρ
1619 4271 1709 4325 καὶ
1759 4269 1880 4346 ὅρα,
1929 4268 2011 4324 ὅτι

364 4358 621 4431 δανείζων
672 4360 722 4416 ἐν
773 4359 970 4438 ἀνάγκῃ
1018 4359 1110 4415 τὸν
1162 4357 1399 4431 πλησίον
1443 4361 1645 4433 καίμή
1693 4354 2010 4433 λαμϐάνων·

363 4451 470 4507 ἀνθ’
502 4451 618 4513 ἐνὸς
646 4450 810 4506 τόκου
838 4457 985 4526 τρεῖς
1033 4450 1122 4506 καὶ
1168 4449 1426 4523 τέσσαρας
1473 4448 1677 4526 ἀρχάς·
1716 4446 1860 4504 ἀλλᾶ
1891 4447 2018 4504 δέκα

364 4535 630 4614 λαμϐάνει
661 4539 807 4617 παρὰ
834 4544 914 4613 τῷ
941 4544 1076 4612 Θεῷ.
1129 4538 1283 4594 Γίνου
1331 4540 1582 4601 ταπεινὸς
1628 4539 1716 4594 καὶ
1762 4538 2016 4613 ἡσύχιος,

362 4629 580 4704 τρέμων
631 4627 720 4686 διὰ
780 4629 980 4692 παντὸς
1030 4629 1096 4684 τὰ
1144 4627 1307 4704 λόγια
1349 4626 1446 4684 τοῦ
1495 4633 1627 4684 Θεοῦ
1664 4674 1676 4686 .
1729 4629 1814 4696 Μὴ
1865 4627 2018 4702 γίνου

1855 455 2250 516 ΑΟΟΕΝΒΑ.

1903 587 1995 640 αύ-
2029 587 2198 657 Ακαὶ
2241 584 2417 662 φανεὶς
2474 587 2936 659 ἀνθρωπὶιῑεσκος.
2989 586 3193 640 Σάκκον
3257 584 3313 641 δὲ
3364 587 3422 640 ἂν
3473 582 3624 662 ἔχῃς,
3679 583 3760 640 ἶνα

2104 1851 2318 1924 τροφῶν
2384 1847 2573 1922 βοηθεῖ
2627 1851 2706 1918 τῷ
2764 1846 3023 1918 σώματι·

2108 1934 2513 2011 ἐγκρατεύεσθαι
2561 1933 2650 1989 διὰ
2695 1935 2794 2003 τὴν
2839 1933 3230 2009 πολυσαρκίαν.
3281 1931 3446 1991 Οἶνου
3481 1934 3556 2006 μὴ
3610 1934 3755 2006 Λάμ-

2108 2020 2236 2080 ϐανε
2293 2024 2459 2087 ὅλως·
2503 2026 2538 2094 ἢ
2589 2023 2751 2098 μόνον
2803 2028 2900 2078 τοῦ
2956 2023 3244 2099 γεύσασθαι
3303 2023 3354 2076 ἐν
3415 2022 3751 2097 εὐχαριστίᾳ·

2111 2929 2361 2998 κοσμικῷ
2420 2926 2667 2999 σχήματι
2733 2924 2810 2997 μὴ
2869 2921 3202 3000 περιδέεσθαι
3242 2968 3254 2980 .

3605 456 3761 515 1642

2109 679 2307 747 πενθῇς
2362 676 2457 736 τάς
2520 675 2786 749 ἁμαρτίας
2845 697 2961 745 σου,
3022 675 3207 730 σκόπει
3271 677 3346 749 μή
3408 679 3579 752 φανῇς
3635 681 3756 734 τοῖς

2648 761 2670 781 fl

2107 763 2430 837 ἀνθρώποις·
2479 762 2606 818 ἀλλ’
2648 762 2841 819 ἔσωθεν
2874 771 2970 820 τοῦ
3001 765 3224 838 ἱματίου
3275 787 3367 819 σου
3409 764 3460 818 ἐν
3495 768 3562 837 τῇ
3595 763 3750 836 σαρκί

2106 884 2202 917 σου
2249 863 2384 918 ἔστω
2434 865 2572 936 πρὸς
2627 861 2908 937 δαμασμὸν
2959 870 3066 920 τῶν
3117 865 3358 919 ἀτάκτων
3410 869 3613 927 παθῶν.
3666 864 3751 932 Μὴ

2107 951 2231 1016 θέλε
2263 951 2415 1026 δόξαν
2448 955 2535 1008 καὶ
2568 953 2782 1008 ἔπαινον
2827 955 2972 1030 παρὰ
3019 955 3320 1029 ἀνθρώποις
3371 953 3538 1030 ἔχειν.
3570 950 3754 1013 Ὅλως

2103 1041 2301 1117 τρίχας
2352 1045 2426 1116 μὴ
2470 1043 2650 1121 τρέφε·
2705 1041 2865 1117 ἔκοψε
2916 1046 3019 1118 γάρ
3071 1041 3132 1098 τό
3184 1048 3430 1098 τοιοῦτον
3481 1050 3674 1117 σχῆμα
3724 1043 3752 1096 6

2106 1131 2464 1194 ’Δπόστολος·
2527 1135 2603 1206 μὴ
2654 1136 2821 1209 ξηροῦ
2877 1134 2938 1187 τὸ
2996 1132 3234 1208 γένειον·
3303 1129 3443 1206 μηδὶ
3499 1153 3754 1207 περικου-

2109 1220 2276 1296 ρείοις
2334 1227 2455 1298 χρῶ
2513 1222 2852 1298 κειρόμενος.
2915 1223 2981 1276 Εἴ
3037 1219 3254 1277 δύνασαι
3311 1222 3400 1276 καὶ
3449 1217 3752 1294 ἑϐδομάδος

2105 1310 2414 1381 νηστεύειν,
2469 1308 2662 1384 μηδενὶ
2714 1308 2954 1365 δείκνυε·
3007 1309 3097 1365 καὶ
3144 1308 3287 1366 ἔσται
3336 1311 3363 1364 6
3418 1308 3604 1382 μισθός
3659 1329 3753 1362 σου

2107 1397 2305 1462 πολύς.
2341 1405 2518 1475 Κρεῶν
2552 1397 2608 1454 δὲ
2661 1399 2890 1474 ἀπέχου·
2945 1398 3053 1474 οὐχ
3100 1400 3172 1461 ὡς
3227 1396 3660 1474 βδελυσσόμενος
3691 1396 3757 1450 τά

2106 1489 2375 1563 κτίσματα
2417 1494 2516 1544 τοῦ
2567 1493 2721 1557 Θεοῦ,
2775 1487 2920 1543 ἀλλά
2970 1487 3292 1543 ἀποκόπτων
3350 1489 3411 1542 τὸ
3459 1491 3619 1559 σῶμα
3654 1491 3754 1555 τῇς

2107 1576 2329 1648 πολλῆς
2356 1585 2587 1656 τροφῆς,
2617 1577 2706 1633 καὶ
2755 1577 2966 1648 ἀνάξιον
3014 1577 3076 1632 τὸ
3128 1577 3256 1632 αὐτὸ
3295 1581 3468 1631 ποιῶν
3518 1579 3624 1630 τῶν
3657 1596 3756 1630 κα-

2107 1666 2219 1723 λῶν
2257 1670 2583 1744 βρωμάτων,
2617 1666 2732 1722 ἀντὶ
2785 1665 2842 1722 δὶ
2889 1671 2996 1721 τῶν
3046 1667 3304 1742 ἐπιγείων
3347 1671 3453 1721 τῶν
3488 1663 3754 1738 οὐρανίων

2106 1757 2315 1835 ἀγαθῶν
2380 1757 2704 1834 ὀρεγόμενος
2741 1775 2753 1788 ·
2815 1762 2918 1818 πᾶς
2976 1757 3080 1832 γὰρ
3141 1754 3442 1832 μετριάζων
3500 1751 3756 1828 δαψιλείᾳ

3079 1844 3245 1900 καλὸν
3305 1842 3362 1899 δέ
3417 1842 3526 1898 ἐστι
3587 1844 3755 1897 πάντα

2108 2123 2196 2178 καὶ
2230 2119 2446 2196 εὐλόγει
2492 2122 2582 2176 τὸν
2633 2123 2760 2176 Θεὸν
2813 2121 2902 2175 τὸν
2954 2121 3226 2176 κτίσαντα·
3264 2121 3351 2176 ἐὰν
3401 2121 3501 2197 γὰρ
3550 2121 3637 2176 καὶ
3669 2121 3754 2192 σὺ,

2111 2211 2291 2288 ὥσπερ
2325 2212 2352 2267 ὁ
2384 2212 2568 2284 τίμιος
2606 2211 2890 2283 Τιμόθεος,
2925 2208 3014 2265 διὰ
3060 2209 3280 2280 πολλὴν
3335 2211 3643 2286 ἐγκράτειαν
3679 2209 3755 2274 εἷς

2107 2301 2264 2356 νόσον
2293 2306 2596 2375 περιπεσεῖν
2627 2297 2780 2375 ἔχῃς,
2813 2299 2986 2376 ὀλίγῴ
3036 2299 3167 2373 οἷ’νῳ
3216 2305 3360 2377 χρῶ·
3391 2301 3453 2355 τὸ
3498 2302 3602 2376 γὰρ
3635 2300 3756 2357 ὀλί-

2107 2411 2200 2466 γον
2236 2388 2516 2466 φάρμακόν
2573 2388 2710 2443 ἐστιν
2762 2387 2974 2451 ἰάσεως·
3008 2389 3152 2444 πολὺ
3199 2387 3256 2444 δὲ
3286 2389 3432 2461 αὐτῷ
3469 2391 3761 2466 χρώμενος

2109 2477 2441 2556 ἀμφοτέραις
2519 2478 2815 2539 ἀσθενείαις
2885 2477 3103 2532 σεαυτὸν
3181 2473 3498 2553 περιϐαλεῖς
3535 2497 3548 2509 ·
3610 2479 3655 2534 εἰ
3714 2477 3763 2534 δ’

2111 2564 2212 2630 ἕως
2244 2567 2521 2643 ποτηρίων
2557 2565 2652 2622 δύο
2699 2569 2732 2636 ἣ
2778 2571 2964 2643 τριῶν·
3014 2568 3265 2642 περισσὸν
3316 2565 3372 2622 δὲ
3425 2570 3524 2640 μή·
3560 2568 3622 2623 Εἰ
3675 2565 3763 2622 δύ-

2109 2678 2265 2713 νασαι
2313 2654 2650 2727 ἀνυπόδητος
2698 2653 2921 2723 ὁδεύειν,
2970 2657 3229 2732 γενναίως
3272 2660 3555 2727 ποιήσεις·
3609 2658 3654 2713 εί
3705 2654 3762 2713 δὲ

2113 2748 2319 2821 ἀνάγκη
2356 2746 2495 2802 ἐστὶν
2548 2744 2885 2818 ὑποδήσεως,
2917 2745 3054 2819 ψιλά
3098 2744 3306 2802 ἔσονται
3338 2747 3404 2801 τὰ
3434 2745 3762 2821 ὑποδήματά

2111 2857 2207 2890 σου
2233 2855 2245 2868 ⁹

2304 2836 2391 2890 καί
2454 2837 2529 2908 μή
2591 2833 2714 2890 θέλε
2769 2835 3336 2909 κατακεκοσμημένοις
3400 2835 3758 2910 ὑποδήμασι,

3315 2931 3440 2988 Τοῖς
3496 2931 3760 3002 παροῦσιν

2114 3016 2282 3090 ἀρκοῦ
2343 3015 2613 3089 μετρίως.
2675 3013 2736 3068 Εἰ
2796 3013 2852 3068 δὲ
2917 3015 3170 3088 περισσὸν
3229 3015 3388 3089 κρέας
3445 3017 3534 3069 καὶ
3593 3017 3759 3086 οἶνος,

2115 3102 2266 3159 δίδου
2316 3103 2450 3158 αὐτά
2500 3108 2774 3178 πτωχοῖς,
2824 3102 3106 3180 ὀρφανοῖς,
3166 3106 3392 3180 χήραις,
3453 3103 3762 3177 ἀδὺνατοις,

2114 3205 2304 3276 ξενοις,
2355 3202 2657 3273 ἀσθενοῦσι,
2707 3201 2798 3256 καὶ
2843 3206 2960 3263 τοῖς
3012 3201 3062 3256 ἐν
3113 3200 3351 3279 φυλακῇ·
3404 3201 3492 3257 καὶ
3541 3201 3686 3258 ἔσται
3738 3205 3764 3259 6

2121 3292 2309 3365 μισθός
2359 3313 2454 3346 σου
2502 3290 2700 3352 πολύς.
2734 3291 2854 3347 Ἐὰν
2889 3289 2975 3344 ἐπὶ
3026 3290 3202 3361 ξένης,
3241 3291 3317 3364 μὴ
3365 3291 3548 3365 θέλῃς,
3582 3292 3765 3348 ἐαυτὸν

2115 3381 2446 3455 κομπάζειν·
2505 3379 2631 3436 ἀλλ’
2691 3377 2803 3441 ξ’σος
2858 3379 3012 3454 γίνου
3067 3386 3184 3441 τοῖς
3243 3378 3502 3458 ἀδελφοῖς
3561 3403 3657 3436 σου
3717 3382 3769 3438 ἐν

2119 3470 2382 3546 λαχάνοις
2423 3471 2737 3545 χρώμενος,
2785 3469 2874 3523 καὶ
2922 3468 3124 3542 ἑτέροις
3178 3470 3482 3545 βρώμασιν.
3536 3471 3657 3527 Ἐάν
3715 3469 3772 3526 δὲ

2119 3558 2282 3634 χρεία
2329 3555 2462 3627 ἐστὶ,
2495 3557 2606 3631 χρὴ
2637 3554 2728 3610 καί
2781 3554 2970 3631 ἰχθύος
3015 3551 3474 3630 μεταλαμϐάνειν.
3509 3558 3680 3614 Πάλιν
3714 3557 3772 3614 δὲ

2121 3646 2290 3722 λέγω·
2341 3645 2428 3700 ἐάν
2476 3645 2832 3722 ἀρῥωστήσῃς
2881 3645 2970 3699 καὶ
3019 3641 3213 3719 λάϐῃς,
3264 3645 3362 3700 οὐκ
3409 3645 3550 3701 ἔστιν
3599 3649 3771 3724 ἁμαρ-

2117 3737 2225 3792 τία·
2274 3735 2319 3790 εἰ
2369 3733 2426 3790 δὲ
2475 3736 2718 3808 ἡττηθῇς
2768 3733 2818 3788 ἐν
2870 3738 2936 3807 τῇ
2982 3733 3125 3807 νόσῳ
3176 3735 3406 3810 βαρέως,
3454 3737 3543 3790 καὶ
3594 3739 3768 3814 φάγης

2121 3823 2360 3896 ἐπιθυμῇ
2405 3823 2498 3878 τὸν
2555 3822 2745 3897 ὀλίγον
2773 3841 2786 3854 ·
2842 3821 2930 3876 διὰ
2969 3823 3064 3890 τὴν
3113 3823 3380 3878 ἀσθένειαν
3425 3831 3525 3894 τῆς
3568 3826 3764 3901 σαρκός

2119 3934 2219 3967 σου
2251 3911 2349 3968 οὐκ
2381 3907 2493 3966 ἔστι
2539 3916 2730 3987 κρῖμα.
2777 3909 3002 3983 ἥττημα
3052 3911 3146 3983 μὲν
3198 3911 3282 3966 σοί
3334 3911 3494 3967 ἐστιν·
3541 3915 3616 3986 μὴ
3671 3913 3765 3970 λό-

2118 4023 2263 4078 γισαι
2313 3999 2370 4055 δὲ
2417 3999 2546 4055 αὐτὸ
2596 3999 2879 4073 ἁμαρτίαν·
2932 3997 3211 4072 λυπήθητι
3257 3999 3333 4074 δὲ,
3369 4001 3450 4057 6'1:
3494 4003 3764 4076 ἀνεκόπης

2119 4097 2219 4158 τῆς
2293 4086 2570 4149 πολιτείας
2623 4109 2718 4142 σου
2753 4133 2768 4157 ,
2825 4087 2914 4142 καὶ
2973 4086 3352 4164 ὑπεχαλάσθης
3423 4096 3519 4145 τοῦ
3578 4114 3766 4170 στερου

2123 4177 2420 4254 λογισμοῦ.
2454 4177 2518 4234 Εἰ
2567 4173 2626 4230 δὶ
2671 4176 2759 4229 καὶ
2807 4173 3025 4249 λουτρῷ
3072 4179 3379 4252 χρήσασθαι
3429 4180 3769 4256 ἀναγκασθῇς

2127 4266 2217 4323 διὰ
2244 4267 2342 4335 τὴν
2374 4265 2527 4320 νόσον
2572 4265 2662 4319 καὶ
2711 4265 2848 4334 ἅπαξ
2895 4265 2984 4319 καὶ
3029 4263 3136 4332 δὶς,
3178 4265 3278 4320 οὐκ
3325 4265 3466 4322 ἔστιν
3495 4267 3770 4344 ἔγκλημα.

2129 4364 2384 4440 ὑγιαίνων
2441 4361 2498 4418 δὲ
2549 4362 2610 4417 οὐ
2643 4361 2827 4438 χρείαν
2880 4360 3024 4438 ἔχεις
3057 4361 3403 4428 λούσασθαι·
3455 4367 3549 4420 κᾶν
3601 4368 3778 4444 ἱερεὺς

2130 4455 2194 4510 εἷ·
2227 4451 2374 4509 ἀλλὰ
2408 4451 2623 4526 μᾶλλον
2667 4450 3003 4526 ὑγιαίνοντος
3048 4457 3144 4506 τοῦ
3189 4453 3443 4524 σώματος
3494 4457 3776 4531 χαμεύνην

2129 4542 2252 4599 θέλε
2281 4543 2368 4598 καὶ
2405 4542 2674 4618 βιάζεσθαι
2726 4541 2800 4603 εἷς
2854 4543 3046 4598 πάντα.
3085 4541 3194 4617 Πρὸ
3226 4563 3440 4597 παντων
3493 4542 3548 4599 δὲ
3576 4546 3778 4621 τέχνην

2131 4633 2382 4708 γίνωσκε·
2434 4633 2468 4700 ἢ
2515 4630 2566 4685 ἐν
2613 4629 2761 4705 ἀγρῷ
2811 4629 3036 4705 ἐργάζου
3067 4649 3079 4662 ·
3127 4628 3216 4684 ’ίνα
3265 4632 3342 4703 μή
3397 4631 3557 4708 ἀργὸς
3607 4633 3781 4709 ἐσθίῃς

371 4721 640 4795 μάχιμος·
681 4716 823 4792 μηδὲ
866 4718 1030 4773 τύπτε
1080 4719 1366 4793 ἄνθρωπον
1418 4718 1625 4790 πολλὰ,
1655 4720 1700 4772 εἰ
1749 4719 1824 4790 μὴ
1863 4717 2024 4790 μόνον
2055 4710 2102 4775 Ῑ)
2133 4724 2222 4778 τὸν
2285 4723 2462 4795 ἄρτον·
2518 4718 2730 4793 μᾶλλον
2783 4715 2840 4772 δὲ
2887 4719 3111 4794 ἐργάζου
3159 4717 3210 4772 ἐν
3268 4725 3383 4782 τοῖς
3441 4720 3783 4798 ἐργοχείροις

368 4807 585 4864 παιδίον
645 4807 696 4861 ἐν
753 4806 1037 4882 γράμμασι
1095 4806 1230 4880 πρὸς
1303 4804 1551 4861 παιδείαν
1613 4807 1702 4860 καὶ
1756 4807 2026 4859 νουθεσίαν

375 4897 590 4973 κυρίου.
643 4896 732 4951 καὶ
786 4897 916 4951 αὐτὸ
966 4895 1525 4971 παρατετηρημένως·
1587 4895 1748 4968 μόνον
1795 4893 1882 4949 διὰ
1929 4895 2031 4971 φό-

375 4983 469 5042 ϐον
507 4987 738 5063 μετρίως
786 4986 951 5062 ὀλίγα
996 4985 1084 5039 καὶ
1139 4984 1366 5063 ἐλαφρά.
1423 4984 1622 5039 Σκόπει
1678 4985 1752 5053 μὴ
1797 5005 1912 5045 πως
1945 4981 2034 5038 διὰ

374 5081 470 5131 σοῦ
506 5076 668 5154 φόνος
715 5075 950 5153 γίνηται,
1000 5073 1088 5128 καὶ
1148 5073 1420 5147 ἀπολέσῃς
1468 5078 1568 5142 τήν
1620 5074 1804 5148 ψυχήν
1851 5093 1946 5128 σου
1981 5072 2032 5127 ἐν

381 5170 480 5239 μιᾷ
536 5163 686 5238 ὥρᾳ·
742 5164 832 5218 καὶ
888 5163 921 5217 ἃ
977 5161 1152 5224 δοκεῖς
1208 5160 1353 5238 ἔχειν
1416 5163 1587 5239 ἀγαθά
1640 5161 1699 5216 ἐκ
1753 5160 2036 5232 νεότητος,

378 5261 718 5339 ἀπρόσδεκτα
746 5264 1009 5339 γένωνται
1042 5261 1189 5338 παρά
1233 5265 1313 5333 τῷ
1361 5259 1498 5333 Θεῷ,
1534 5261 1609 5323 ὡς
1656 5264 1754 5314 τοῦ
1805 5257 1930 5316 Καίν
1972 5260 2039 5313 τά

382 5350 551 5427 δῶρα·
600 5350 810 5408 πολλαὶ
861 5353 966 5428 γὰρ
1016 5351 1146 5407 είσιν
1196 5350 1438 5429 ἀφορμαὶ
1488 5355 1584 5404 τοῦ
1635 5351 1895 5406 θανάτου.
1947 5350 2034 5418 Μὴ

386 5443 683 5517 μυκτήριζε
733 5441 1032 5517 ἄνθρωπον·
1085 5437 1227 5514 μηδὶ
1275 5437 1576 5515 βδελύσσου
1625 5441 1748 5494 τινὰ
1791 5438 2038 5512 πτωχὸν,

385 5527 476 5586 διὰ
525 5533 772 5606 σχήματι
821 5535 1068 5605 πενιχρῷ
1132 5529 1618 5604 παρανηρούμενος
1669 5529 1768 5597 τὴν
1821 5527 2037 5597 ἐσθῆτα·

391 5623 466 5694 μὴ
503 5625 773 5694 μαλακοῖς
822 5621 1115 5697 χρώμενος
1168 5619 1432 5691 ἱματίοις·
1469 5621 1546 5692 μὴ
1600 5619 1779 5689 ἐσθῆτι
1821 5639 1887 5673 τα
1919 5638 2042 5692 φαι-

390 5709 621 5783 νομένου
653 5707 886 5765 δικαίου·
924 5710 1000 5782 μή
1035 5707 1087 5763 ἐν
1143 5708 1407 5784 ῥυπαροῖς
1455 5709 1701 5782 ἱματίοις
1740 5705 2046 5784 προσερχό-

397 5817 599 5875 μενος·
644 5799 733 5855 καὶ
790 5802 1140 5877 σακκοφορῶν
1194 5797 1498 5872 ἔμπροσθεν
1542 5802 1650 5855 τῶν
1720 5798 2046 5874 ἀνθρώπων·

713 5931 975 5996 Panos.
1026 5930 1136 5994 Gn.
1184 5928 1466 5998 XXVIII.

2143 4833 2260 4881 σου,
2287 4809 2380 4864 ’ίνα
2411 4808 2540 4885 ἔχῃς
2573 4806 2758 4862 δοῦναι
2790 4814 3035 4882 πτωχοῖς
3076 4810 3163 4862 καὶ
3214 4810 3405 4880 ξένοις,
3444 4810 3700 4888 ὀρφανοῖς
3730 4833 3789 4866 τε

2143 4903 2232 4956 καὶ
2263 4903 2488 4976 χήραις·
2540 4899 2629 4952 καὶ
2680 4899 2740 4966 ἣν
2801 4897 2992 4970 μεταξὺ
3045 4895 3292 4972 ἀδελφῶν
3326 4899 3506 4972 οίκῇς,
3536 4902 3624 4954 καὶ
3654 4898 3789 4976 ἓχῃς

2145 4991 2356 5067 γονικὸν
2407 4988 2641 5064 χωρίον,
2689 4985 2908 5048 δικαίως
2959 4987 3195 5062 συνάγων
3246 4989 3522 5064 καρποὺς,
3572 4991 3661 5045 καὶ
3715 4993 3789 5063 μὴ

2150 5080 2201 5150 ἐξ
2229 5077 2437 5140 ἀδικίας
2485 5077 2574 5132 καὶ
2627 5075 2960 5147 πλεονεξίας·
2996 5081 3210 5151 πρῶτον
3259 5079 3354 5140 τὰς
3402 5078 3650 5155 ἀπαρχάς
3700 5101 3796 5135 σου

2147 5175 2264 5232 τοῖς
2325 5169 2552 5242 ἱερεῦσιν
2630 5165 2682 5220 ἐν
2737 5166 2806 5240 τῇ
2879 5165 3174 5238 Ἐκκλησία
3239 5167 3509 5246 πρόσφερε
3541 5187 3554 5202 ·
3611 5165 3802 5224 ἔπειτα

2149 5261 2331 5335 χήρας
2361 5255 2450 5310 καὶ
2499 5253 2766 5332 ὀρφανοὺς
2821 5254 3071 5326 ἀνάπαυε,
3105 5255 3194 5308 καὶ
3238 5254 3366 5317 τοὺς
3415 5254 3644 5318 λοιποὺς
3672 5256 3802 5312 ἀδυ-

2150 5349 2367 5418 νάτους,
2400 5347 2506 5400 ἀπὸ
2537 5349 2642 5400 σῶν
2697 5342 2918 5400 δικαίων
2969 5340 3171 5400 πόνων·
3227 5348 3302 5416 μὴ
3337 5346 3442 5400 ἀπὸ
3487 5347 3661 5402 τόκων
3712 5349 3802 5404 καὶ

2152 5435 2487 5506 πλεονεξίας.
2521 5433 2585 5488 Εἴ
2639 5431 2696 5487 δὶ
2738 5433 2828 5487 καὶ
2894 5433 3059 5506 μόνος
3091 5435 3308 5509 καθέζῃ,
3343 5437 3418 5508 μή
3455 5431 3677 5512 ὑϐρίζῃς
3706 5439 3806 5507 τήν

2156 5528 2378 5596 ἄσκησιν
2427 5528 2530 5592 τῆς
2576 5521 2831 5594 ἡσυχίας.
2888 5521 2933 5575 εἰ
2980 5520 3030 5576 ἐν
3085 5523 3436 5599 μοναστηρίῳ
3485 5527 3806 5600 ἡσυχάζεις,

2157 5616 2247 5671 καὶ
2301 5614 2474 5686 κτήσῃ
2529 5609 2738 5686 χωρίον
2795 5610 2886 5664 καὶ
2931 5611 3316 5686 πραγματεύου
3369 5613 3458 5668 καὶ
3508 5614 3808 5690 ἠσυχάζῃς·

2163 5703 2288 5760 ἀλλ’
2321 5700 2602 5776 ἐμπαίζεις
2654 5700 2743 5753 καὶ
2794 5698 3133 5772 ἐμπαίςεσαι.
3185 5702 3506 5773 Καθήμενος
3552 5701 3602 5756 ἐν
3649 5724 3813 5776 μονα.

2160 5791 2392 5869 στηρίῳ,
2429 5789 2506 5865 μὴ
2565 5785 2689 5853 θέλε
2744 5786 2906 5866 ἀργὸς
2962 5788 3116 5863 εἴναι,
3149 5789 3239 5844 καὶ
3299 5788 3403 5844 ὑπὸ
3443 5789 3632 5846 ἄλλων
3690 5791 3818 5874 τρέ-

3418 5924 3500 5987 52
