2081 3146
206 166 282 197 1647

207 283 302 313 Oratio
319 282 350 311 in
366 282 568 311 Ascensionem
579 281 693 315 Christi,
703 280 788 309 Joan-

243 328 289 348 ne.
308 319 460 354 Lampadio
474 318 636 353 interprete,
653 326 716 354 pag,
735 317 760 344 1.

209 356 304 384 Oratio
316 355 351 383 de

247 394 334 426 prete,
349 391 377 418 7.

210 425 252 456 Ad
267 428 451 462 Serapionem
474 426 594 460 epistola
622 425 657 453 de
683 425 788 462 Spiritu

247 461 354 496 sancto,
372 463 480 489 Erasm.
495 462 556 490 Bot.
569 462 671 496 iulerp.
683 461 726 488 10.
742 461 790 488 Est

247 499 330 527 tertia
344 498 379 526 ad
393 498 582 533 Serapionem.

212 536 250 564 Ad
268 534 399 562 eumdem
425 531 466 561 de'
482 533 585 568 Spiritu
611 535 720 564 sancto,
735 531 790 559 alia

249 570 375 605 epistola,
394 571 491 598 codem
509 570 672 604 interprete,
683 568 726 595 16.
739 569 791 595 Est

393 354 584 388 elchisedech,
593 354 692 382 eodem
703 354 788 381 inter-

270 610 361 634 uaria.

291 615 323 633 ar
334 615 361 633 α.

214 615 450 671 Οοῖιῗιιιιιλιὶδῠοε
465 641 554 669 oratio
570 640 662 668 brevis
680 643 706 667 et
721 647 790 667 con-

251 679 319 711 cisa,
337 678 444 705 incerto
461 677 623 712 interprete,
639 676 683 703 22.
698 676 792 703 Estla-

252 715 325 742 cinia
339 714 460 749 cpistola?
475 713 510 740 ad
524 713 660 748 episcopos
681 712 793 747 [Ἐφυρῑί

250 755 276 778 el
292 751 392 778 Libuw.

292 758 348 777 um
360 758 392 776 ar.

216 758 395 821 CodiiOQIliilln
409 784 574 811 Arianorum
591 783 725 821 primum,
741 783 793 821 pha-

253 819 343 850 bitum
360 820 516 848 Antiochim
530 827 596 847 cum
609 819 727 847 Joviano
739 819 793 846 im-

253 862 390 893 peratore,
406 857 515 884 Joanne
538 854 691 891 Campadio
707 854 793 883 inter-

254 895 342 919 nrete.
357 893 402 919 27.

254 895 342 928 prete,
357 894 402 919 27.

217 915 399 964 Coit-dqu’ium
429 927 587 964 secundum
603 926 794 964 peorumdem,

255 962 353 992 eodem
371 965 534 998 interprete,
550 962 620 989 ibid.

219 1000 399 1036 Colloquium
414 997 580 1036 earumdem
605 997 729 1032 tertium,
749 1005 796 1025 eo-

256 1034 320 1064 dem
336 1035 499 1070 interprete,
515 1034 560 1061 28.

220 1068 488 1107 Colloquiumraliud
505 1070 538 1097 ad
555 1068 725 1107 vestibulum
743 1076 797 1107 pa-

261 1105 320 1136 latii
343 1106 470 1134 habitum
495 1113 560 1133 cum
587 1105 681 1139 Lucio,
698 1105 799 1132 eodem

258 1144 389 1178 interpr.,
405 1142 451 1169 29.

223 1180 263 1208 De
273 1175 581 1212 inca‘rnatione,eodem
590 1175 801 1211 interprete,30.

222 1215 395 1277 Symbitluirgn1
406 1212 565 1246 Athanasii,
591 1212 699 1241 incerto
713 1212 800 1240 inter-

259 1259 308 1277 nre
321 1259 348 1277 Θ.
400 1270 407 1277 .

279 1253 348 1284 rete,
362 1251 407 1278 31.

258 1259 348 1287 prere,
362 1259 407 1278 31.

223 1287 350 1323 Epistola
371 1285 482 1323 Joviani
505 1285 607 1323 imper.
623 1283 657 1323 ad
673 1284 799 1323 Athana-

259 1323 458 1356 sium,loaune
471 1319 626 1355 Lampadio
637 1319 798 1356 interp.,33.

224 1358 369 1387 Athanasii
377 1356 659 1392 responsum,coden:
669 1355 800 1391 interpr.,

228 1429 355 1465 Epistola
368 1427 514 1465 Athanasii
528 1428 561 1455 ad
587 1428 738 1465 Ammoun,
755 1427 802 1455 Jo-

261 1474 335 1493 anne
351 1464 478 1493 Curlerio
493 1463 657 1498 interprete,
672 1463 718 1490 35.

228 1502 429 1534 Fragmentum
438 1499 566 1534 epistolae
574 1499 678 1527 XXXIX
685 1498 802 1534 festatis,

262 1538 361 1565 eodem
378 1536 540 1570 interprete,
556 1535 601 1562 38.

227 1572 352 1609 Epistola
377 1571 521 1609 Athanasii
545 1571 586 1609 ad
606 1570 801 1605 Ruﬁnianum,

262 1609 361 1637 eodem
376 1607 541 1643 interprete,
557 1607 600 1643 40.

228 1645 414 1672 Deﬁnitiones
428 1642 567 1678 quaedam,
584 1642 628 1670 42.

227 1681 364 1716 Synopsis
392 1677 479 1707 sacrae
515 1678 678 1716 Scriptum,
708 1677 802 1706 Wolt‘.

263 1714 353 1744 Mdsc.
370 1716 532 1748 interprete,
547 1714 592 1741 55.

228 1752 338 1787 Dialogi
347 1751 370 1777 V
382 1751 417 1779 de

263 1788 325 1815 158.

225 1823 324 1851 Sermo
341 1823 430 1850 forma
445 1821 550 1855 dialogi
566 1821 754 1855 conscriptus,
772 1821 801 1848 in

263 1867 318 1894 quo
343 1858 555 1894 colloquuntur
572 1856 752 1884 Orlhodoxus
776 1858 805 1884 et

265 1893 496 1928 Macedonianus,
509 1893 571 1920 261.

229 1931 363 1965 Ejusdem
381 1928 525 1957 Athanasii
540 1927 712 1965 colloquium
729 1927 805 1955 aliud

264 1966 398 1993 adversus
415 1964 660 1997 Macedonianum,
678 1964 711 1991 de
727 1970 805 1999 quaa-

264 2002 355 2029 stione
379 2010 385 2028 :
412 2001 452 2028 An
480 2000 526 2028 Dei
551 1999 675 2027 Verbum
702 2007 805 2035 corpus

265 2038 421 2065 animatum
437 2036 559 2070 gestarit,
576 2035 639 2062 286.

227 2073 360 2109 Ejusdem
371 2072 490 2109 cpistola
510 2071 668 2109 cujusdam,
680 2074 713 2109 ut_
726 2071 804 2099 vide-

266 2113 320 2143 tur,
333 2107 507 2144 prmfalionis
518 2108 580 2135 loco
591 2107 737 2142 scripta,in
752 2115 807 2142 qua

267 2143 392 2172 motuum
420 2143 676 2172 ecclesiasticorum
707 2146 805 2178 tragac-

264 2181 320 2215 dia,
337 2181 399 2207 291.

231 2215 401 2250 Disceptatio
416 2216 549 2243 adversus
573 2222 621 2242 eos
642 2215 690 2249 qui
713 2214 744 2242 in
758 2222 806 2242 ve-

264 2253 346 2280 ritate
378 2251 562 2285 diiudicanda
590 2250 679 2278 solius
699 2250 808 2285 judicio

266 2287 455 2315 multitudinis
470 2287 608 2319 feruntur,
625 2286 686 2313 293.

229 2324 367 2351 Adversus
374 2331 420 2350 eos
433 2324 480 2358 qui
492 2330 545 2350 nec
556 2323 740 2358 quaerendum
753 2330 807 2350 nec

265 2358 440 2394 loquendum
467 2366 501 2386 ex
534 2359 678 2393 Scriptura
707 2358 806 2393 βπερὶ-

264 2395 357 2429 piunt,
374 2395 421 2421 sed
440 2394 470 2422 in
485 2402 537 2422 sua
553 2394 608 2422 [ide
623 2395 807 2429 acquiescan-

266 2431 345 2463 dum,
362 2430 424 2457 294.

230 2466 371 2494 Adversus
384 2474 433 2493 eos
443 2465 489 2501 qui
505 2465 630 2499 maligne
640 2464 722 2492 nobis
734 2464 806 2500 obji-

266 2502 347 2529 ciunt
364 2501 432 2529 illud
452 2510 458 2529 :
484 2501 598 2529 Verbum
613 2508 678 2528 caro
701 2501 807 2536 factum

266 2540 317 2564 est.
332 2538 396 2564 296.

266 2540 317 2571 est,
332 2538 396 2564 296.

230 2573 370 2601 Adversus
394 2581 442 2601 eos
467 2573 514 2608 qui
540 2580 626 2600 unam
652 2573 683 2600 in
698 2572 807 2601 Christo

266 2613 397 2637 naturam
413 2617 474 2637 esse
489 2609 680 2644 contendunt,
694 2609 757 2636 299.

228 2645 368 2673 Adversus
381 2653 428 2673 eos
443 2645 490 2680 qui
506 2648 614 2673 naturae
629 2645 722 2672 carnis
737 2652 805 2672 con-

225 2692 234 2713 ;
265 2679 385 2709 fessores
401 2679 462 2708 loco
487 2681 633 2708 Trinitatis
653 2680 804 2712 Quaterni-

266 2720 349 2744 tatem
365 2716 464 2744 dicunt
479 2717 589 2751 docere,
603 2716 664 2743 300.

229 2752 371 2779 Adversus
381 2760 429 2779 eos
439 2753 485 2786 qui
502 2753 635 2779 humanae
650 2752 679 2779 in
694 2752 805 2779 Christo

267 2788 388 2815 Domino
404 2793 512 2816 naturae
527 2788 703 2816 contessores
725 2795 803 2822 spem

266 2831 347 2884 glsgm
363 2824 394 2851 in
414 2824 530 2852 homine
550 2823 649 2852 dicunt
672 2822 804 2859 deﬁgere,

456 1750 568 1778 rinitate
583 1750 614 1777 Τ.
627 1749 657 1777 Β.
671 1749 801 1785 interpr.,

878 163 983 193 0RDO
1007 163 1242 195 EDITIONUM.

964 231 1099 263 TOMUS
1121 231 1160 262 II.

835 317 866 345 T.
882 317 928 350 IV,

841 496 872 524 T.
893 496 930 530 II,

849 747 881 774 T.
912 747 934 781 ι,

846 890 878 917 Τ.
900 890 936 925 ιι,

845 1156 940 1212 Τῖν,

855 1322 883 1348 Τ.
905 1321 942 1354 II,

853 1391 885 1419 T.
896 1391 942 1426 ιν,

853 1463 885 1491 T.
908 1463 944 1497 ιι,

967 316 1034 344 1091

983 389 1036 416 525

986 496 1037 524 321

987 603 1040 630 377

990 747 1044 774 535

992 891 1045 917 849

993 962 1043 989 851

995 1033 1045 1061 851

997 1140 1050 1167 853

1014 1177 1050 1204 25

981 1248 1052 1276 1567

997 1320 1051 1347 845

997 1391 1049 1419 531

982 1463 1052 1491 1169

981 1535 1053 1563 1175

983 1606 1053 1634 1179

937 1663 944 1676 ,
998 1643 1052 1670 533

998 1713 1051 1741 283

984 1786 1053 1814 1115

984 1893 1052 1921 1291

985 2037 997 2064 1
1003 2037 1055 2064 329

986 2179 1056 2207 1337

941 2309 948 2321 ,
987 2286 1056 2314 1339

987 2430 1054 2457 1341

988 2537 1058 2564 1345

989 2608 1058 2635 1349

986 2715 1054 2742 1349

987 2858 1055 2885 1353

1088 280 1229 317 Adversus
1239 288 1288 308 eos
1300 281 1348 316 qui
1356 281 1573 310 DeumVerbum
1582 281 1670 317 impa-

1127 316 1244 344 tibiliter
1259 325 1372 351 passum
1388 318 1497 351 dicunt,
1514 318 1576 345 304.
1625 316 1633 317 ί
1740 333 1775 337 ~—

1091 353 1230 380 Adversus
1246 361 1294 383 eos
1309 353 1358 388 qui
1373 353 1483 387 dicunt,
1502 354 1602 382 Passus
1628 357 1670 381 est

1129 389 1202 415 Deus
1217 392 1247 415 ut
1260 390 1359 422 voluit,
1376 389 1442 416 307.
1743 405 1777 409 —

1092 425 1230 452 Adversus
1246 433 1295 452 eos
1319 425 1366 458 qui
1382 425 1480 453 dicuut
1498 424 1665 460 simpliciter

1128 468 1190 488 esse
1218 460 1375 488 locutiones
1399 461 1590 495 accipiendas,
1617 469 1670 488 nec

1130 496 1195 530 quid
1224 495 1278 523 illae
1299 496 1466 532 signiﬁcent
1489 496 1672 524 consideran-

1130 533 1208 564 dum,
1225 539 1290 559 cum
1306 532 1436 560 omnium
1459 532 1609 560 hominum
1625 540 1671 560 ca-

1130 570 1210 602 ptum
1227 568 1374 602 excedant,
1393 567 1456 595 309.
1744 583 1779 588 —

1095 604 1233 631 Adversus
1248 611 1296 631 θος
1318 604 1365 638 qui
1380 604 1490 637 dicunt,
1508 603 1608 633 Passus
1632 608 1674 633 est

1134 640 1208 667 Deus
1223 639 1320 667 Sermo
1334 647 1430 667 carne.
1447 640 1510 667 311.
1745 654 1780 660 —

1095 675 1234 703 Adversus
1260 683 1308 703 eos
1331 676 1378 710 qui
1404 679 1534 711 quaerunt
1562 676 1674 711 qualem

1132 719 1246 746 pmnam
1269 711 1360 738 Judaei
1380 711 1473 738 daturi
1494 712 1561 746 sint,
1577 712 1600 740 si
1616 720 1674 740 non

1132 747 1302 774 occidissent
1319 747 1418 780 Deum,
1433 747 1495 774 314.
1747 762 1781 767 -

1097 783 1236 811 Adversus
1252 790 1300 809 eos
1310 783 1358 817 qui
1370 783 1479 815 dicunt,
1490 783 1604 811 Iudaeus
1619 786 1672 817 est,

1134 818 1182 852 qui
1197 825 1256 845 non
1272 819 1421 846 conﬁtetur
1440 820 1525 847 Deum
1544 827 1607 847 esse
1626 828 1676 854 pa-

1135 862 1208 887 sum,
1225 854 1288 881 316.
1747 869 1781 874 ..-

1101 890 1240 918 Adversus
1254 898 1301 918 eos
1314 891 1361 925 pui
1372 890 1676 926 dicuntangelos,cum

1136 926 1297 953 Abrahamo
1306 927 1529 957 edentes,carnis
1543 935 1671 953 naturam

1138 962 1256 989 omnino
1271 969 1329 989 non
1343 962 1479 994 induisse,
1496 963 1557 989 318.
1749 976 1782 981 —

1102 997 1244 1024 Adversus
1259 1004 1306 1024 eos
1322 998 1368 1032 qui
1385 998 1494 1025 nullum
1508 998 1677 1025 miraculum

1138 1033 1323 1065 imminuant,
1346 1041 1378 1060 eo
1399 1034 1472 1068 quod
1493 1041 1607 1061 carnem
1628 1042 1677 1061 ne-

1138 1072 1216 1104 gant,
1232 1068 1293 1095 320.
1750 1084 1785 1090 .-

1103 1104 1243 1132 Adversus
1257 1112 1305 1132 eos
1315 1105 1364 1139 qui
1377 1105 1480 1132 damna
1490 1104 1618 1132 afﬁciunt
1633 1113 1678 1140 ge-

1139 1147 1194 1168 nus
1209 1144 1349 1175 nostrum,
1360 1148 1393 1168 eo
1408 1141 1482 1175 quod
1497 1144 1603 1175 negant
1616 1140 1680 1168 Ser-

1140 1180 1263 1204 vatorem
1288 1183 1322 1203 ex
1354 1179 1455 1203 natura
1484 1180 1580 1204 nostra
1602 1184 1679 1204 sum-

1140 1212 1230 1247 psisse
1242 1211 1392 1247 primitias,
1406 1212 1468 1239 323.
1752 1227 1786 1232 —

1104 1248 1244 1275 Adversus
1262 1255 1310 1275 eos
1332 1247 1380 1282 qui
1404 1248 1501 1276 volunt
1516 1247 1683 1283 simpliciter

1141 1284 1176 1311 iis
1186 1291 1248 1318 quas
1258 1284 1334 1311 dicta
1344 1286 1408 1311 sunt
1419 1284 1592 1311 credendum
1607 1291 1679 1318 esse,

1140 1327 1194 1347 nec
1221 1319 1459 1347 considerandum
1484 1320 1552 1354 quid
1576 1327 1682 1347 conve-

1140 1355 1200 1383 niat
1215 1358 1241 1383 et
1256 1355 1322 1390 quid
1338 1363 1395 1383 non
1412 1355 1574 1388 conveniat,
1590 1355 1653 1382 325.
1755 1370 1789 1375 -—

1105 1400 1244 1428 Adversus
1258 1407 1306 1427 eos
1316 1399 1363 1434 qui
1379 1399 1497 1427 duarum
1514 1402 1680 1427 naturarum

1141 1436 1294 1462 discrimen
1305 1436 1535 1470 postpassionem
1549 1439 1575 1463 et
1584 1443 1680 1463 ascen-

1143 1472 1251 1498 sionem
1269 1470 1379 1504 tollunt,
1396 1472 1457 1498 3'28.
1754 1485 1789 1490 -—

1107 1509 1282 1540 Qurestiones
1306 1507 1340 1533 ad
1365 1506 1548 1540 Antiochum,
1572 1507 1682 1534 Joanne

1143 1543 1308 1574 Retichlino,
1317 1543 1469 1570 Valentino
1481 1543 1680 1577 Ampelandro,

1143 1583 1166 1606 et
1183 1579 1293 1606 Joanne
1306 1579 1458 1613 [.ampadto
1477 1578 1607 1614 interpr.,
1619 1579 1682 1605 331.
1755 1593 1790 1598 —

1108 1615 1186 1643 Dicta
1210 1618 1236 1641 et
1268 1614 1512 1648 interpretationes
1542 1614 1686 1648 parabola-

1144 1659 1204 1678 rum
1222 1651 1310 1677 salicti
1328 1649 1485 1684 Evangelii,
1503 1650 1564 1676 394.

1107 1686 1281 1720 Qumstiones
1305 1685 1377 1717 aliae,
1393 1687 1503 1713 Joanne
1530 1685 1683 1720 Lampadio

1142 1723 1304 1757 interprete,
1319 1722 1381 1748 437.

1107 1757 1155 1786 Vit
1169 1756 1260 1785 sancti
1280 1757 1406 1790 Antonii,
1422 1757 1527 1785 Davide
1543 1756 1684 1785 Hoesche-

1144 1794 1182 1821 lio
1197 1794 1361 1828 interprete,
1378 1793 1438 1820 450.

1109 1829 1142 1856 In
1157 1833 1283 1856 sanctam
1300 1830 1482 1856 Parascevem
1499 1828 1686 1863 sermo,Petro

1144 1865 1265 1892 Pantino
1281 1864 1409 1892 Tiletano
1424 1864 1587 1899 interprete,
1604 1864 1667 1891 506.

1109 1901 1280 1963 Fragmegtﬁ
1286 1901 1554 1928 commentariorum
1564 1900 1594 1928 in
1605 1899 1684 1927 Psal-

1144 1945 1216 1963 IIIOS.
1289 1956 1295 1963 .

1144 1945 1216 1970 mos,
1232 1945 1280 1963 an
1289 1956 1295 1963 .

1109 1986 1170 2013 Alia
1185 1985 1342 2020 fragmenta
1357 1993 1372 2013 e
1388 1985 1474 2013 variis
1488 1984 1629 2013 variorum
1639 1992 1687 2012 au-

1146 2025 1256 2061 ctorum
1272 2021 1415 2061 operibus
1428 2020 1669 2061 depromptaL5lsl
1679 2040 1685 2047 .

1146 2057 1186 2084 De
1196 2057 1276 2084 unita
1285 2057 1387 2085 deitale
1399 2056 1544 2084 Drinitatis
1553 2057 1586 2084 ad
1598 2056 1687 2084 Theo-

1145 2092 1267 2128 philum,
1278 2092 1326 2120 lib.
1339 2101 1358 2126 ι,
1370 2093 1433 2119 550.
1448 2093 1486 2120 De
1500 2092 1620 2127 propriis
1630 2099 1691 2128 pcr-

1147 2128 1224 2156 sonis
1240 2132 1266 2156 et
1282 2129 1361 2156 unito
1377 2129 1495 2156 nomine
1506 2127 1686 2159 DeitatisJib.

1146 2172 1178 2196 ιι,
1192 2164 1255 2191 554.
1287 2164 1325 2191 De
1344 2165 1539 2198 assumptione
1564 2163 1690 2191 hominis

1146 2204 1245 2228 contra
1270 2200 1478 2234 Marcellinum,
1497 2199 1548 2227 lib.
1566 2208 1609 2234 ιιι,
1625 2199 1689 2226 557.

1148 2236 1185 2263 De
1201 2235 1320 2270 singulis
1337 2236 1502 2263 nominibus
1521 2238 1620 2262 contra
1637 2235 1687 2262 Po-

1148 2272 1247 2298 tenlini
1283 2271 1375 2299 Urbici
1402 2272 1543 2298 haeresim.
1571 2271 1621 2298 lib.
1647 2279 1686 2298 IV.

1146 2308 1208 2334 563.
1227 2307 1266 2333 De
1282 2307 1359 2333 unita
1375 2315 1408 2334 ac
1430 2307 1606 2343 sempiterna
1621 2306 1687 2334 sub-

1148 2343 1250 2370 stantia
1265 2343 1420 2376 Trinitatis,
1451 2342 1500 2370 lib.
1518 2351 1545 2376 v,
1568 2342 1631 2369 565.
1649 2343 1688 2370 De

1148 2379 1321 2406 beatitudine
1345 2379 1408 2406 l’ilti
1432 2379 1490 2410 Dei,
1508 2382 1535 2406 et
1550 2385 1690 2413 pressum-

1170 2415 1246 2442 ticne
1256 2418 1339 2442 sectae
1349 2414 1490 2449 pessimae,
1508 2413 1559 2441 tib.
1571 2422 1611 2446 ντ,
1622 2414 1685 2440 569.

1170 2423 1246 2442 ncne
1256 2423 1339 2442 sectae
1349 2423 1490 2449 pesumae,
1508 2423 1559 2441 un.
1571 2423 1611 2446 vv,
1622 2423 1685 2440 θου.

1147 2423 1188 2478 ge
1198 2450 1373 2485 professione
1389 2451 1491 2485 regulae
1504 2449 1652 2477 catholicae
1663 2451 1690 2477 et

1147 2486 1343 2521 increpatione
1355 2485 1559 2520 hareticanib.
1571 2485 1687 2517 vn,572.

1146 2522 1187 2550 De
1198 2522 1301 2549 Ariana
1310 2524 1338 2549 et
1349 2522 1489 2549 catholica
1498 2521 1687 2554 confessione,

1150 2558 1199 2585 lib.
1217 2566 1277 2590 VIII,
1291 2558 1354 2585 575.
1371 2557 1410 2585 De
1427 2557 1481 2585 [ide
1505 2565 1565 2591 sua,
1584 2556 1633 2584 lib.
1653 2565 1688 2590 Ix,

1146 2594 1209 2621 585.
1237 2594 1273 2621 De
1290 2594 1396 2622 unitate
1423 2592 1500 2628 ﬁdei,
1517 2592 1566 2620 lib.
1583 2601 1611 2625 χ,
1627 2592 1689 2619 586.

1147 2631 1186 2656 De
1202 2628 1255 2656 ﬁde
1273 2629 1387 2657 unitatis
1402 2632 1427 2657 et
1442 2628 1575 2656 trinitatis
1591 2628 1689 2662 Patris,

1147 2667 1176 2691 et
1193 2665 1264 2697 Filii,
1288 2668 1314 2693 et
1329 2665 1448 2699 Spiritus
1463 2665 1564 2699 sancti,
1583 2664 1632 2691 lib.
1649 2672 1688 2698 x1,

1144 2701 1207 2728 587.
1232 2701 1417 2729 Memorantur
1448 2702 1568 2734 tantum,
1594 2702 1689 2736 utpote

1144 2737 1216 2764 alias
1227 2737 1286 2772 jam
1303 2737 1387 2765 edita.

1109 2785 1266 2821 Disputatio
1298 2789 1327 2813 D.
1360 2785 1504 2813 Athanasii
1533 2792 1598 2813 cum
1626 2785 1688 2812 Ario

1146 2822 1292 2850 Laodiceae
1309 2821 1415 2857 habita,
1431 2822 1494 2848 602.
1542 2856 1564 2857 η
1761 2834 1794 2839 -

1110 2857 1148 2885 Ad
1165 2857 1321 2886 monachos
1337 2857 1505 2893 exhortatio,
1517 2856 1579 2883 619.
1761 2869 1795 2876 —-

1729 1792 1761 1820 T.
1785 1792 1823 1825 lI,

1738 2734 1770 2762 T.
1784 2733 1829 2770 ιν,

1738 1864 1769 1892 T.
1783 1863 1827 1898 Iv,

1740 1935 1772 1963 T.
1783 1934 1833 1971 Ill,

1838 164 1920 195 1648

1849 316 1920 345 1357

1851 388 1922 416 1359

1853 567 1925 595 1363

1854 639 1925 667 1365

1855 746 1927 774 1369

1855 853 1928 881 1373

1857 960 1928 988 1377

1858 1067 1930 1095 1579

1876 1210 1931 1238 583

1863 1354 1932 1382 1385

1862 1470 1928 1498 1391

1880 1577 1933 1604 553

1710 1649 1742 1678 T.
1755 1649 1802 1684 ιν,
1814 1649 1870 1678 col.
1881 1649 1933 1676 711

1883 1720 1937 1748 773

1884 1792 1938 1820 855

1867 1863 1938 1890 1053

1872 1934 1936 1963 init.

1870 2734 1939 2762 1333

1870 2819 1940 2846 1439

1872 2854 1941 2882 1557
