4162 6390
341 410 497 471 1653

408 543 883 606 Samosatensem,
913 542 1040 594 652.

336 615 669 683 Symbolum
715 615 1032 684 Quicunque
1077 629 1207 668 cum
1257 613 1448 668 Graeca
1498 612 1773 677 versione,

1852 541 1992 594 1562

342 688 602 812 δέέιῖῗίςιε
626 756 868 810 formula
890 755 1376 825 Interpretationis
1397 759 1604 810 Graecae
1626 755 1780 823 Sym-
1855 682 1982 736 1081

417 827 528 882 boli
561 829 899 896 Quicunque,
931 829 1056 880 659.
1857 825 1994 877 1585

343 898 530 954 Tertia
570 901 810 954 formula
840 899 1052 964 Greece,
1085 899 1209 952 660.
1861 898 1996 950 1585

1691 408 1900 468 ORDO
1946 404 2407 469 EDITIONUM.

1844 1130 2110 1191 TOMUS
2156 1129 2264 1190 Ill.

349 1236 869 1292 Przeliminaire.—
919 1235 1174 1291 Praefatio
1224 1237 1282 1291 iu
1327 1251 1500 1306 opera

422 1309 712 1363 Athanasii
745 1323 869 1378 quae
901 1323 1055 1362 nunc
1105 1308 1347 1377 primum
1381 1308 1497 1363 col-

423 1381 565 1435 lecta
596 1380 972 1448 publicentur,
1008 1395 1089 1434 ιιι.

348 1451 757 1508 Monlfaoconii
781 1451 1313 1505 Anim.:dversioues
1340 1465 1499 1505 nova:

420 1523 482 1577 in
515 1522 684 1577 vitam
715 1530 767 1576 et
799 1522 1004 1590 scripta
1035 1521 1349 1587 Athanasii,
1379 1538 1476 1578 νιι.
1553 1521 1615 1577 Τ.
1643 1521 1686 1586 I,
1712 1535 1764 1592 p.
1786 1537 1924 1577 CLVI.

352 1593 576 1663 Legatio
615 1593 869 1649 Marcelli
918 1599 972 1647 et
1019 1592 1284 1648 Ecclesiae
1313 1599 1498 1661 Ancy-

422 1681 570 1720 ranae
601 1666 669 1720 ad
703 1663 1072 1719 Athanasium
1105 1673 1158 1718 et
1206 1665 1499 1733 episcopos

424 1736 647 1806 Egypti
691 1752 788 1806 per
819 1737 1131 1804 Eugenium
1165 1735 1498 1802 Diaconum,

427 1825 555 1879 pag.
590 1810 642 1873 1,
675 1815 852 1863 exstat
884 1815 1018 1879 tom.
1054 1806 1251 1862 XVIII.

355 1877 550 1934 Sermo
583 1879 761 1949 major
799 1879 868 1934 de
908 1878 1017 1934 fide
1046 1885 1240 1934 contra
1270 1877 1507 1933 Arianos

429 1958 481 2006 et
511 1950 850 2020 Dimaeritas,
885 1951 935 2002 4.

356 2025 754 2089 Fragmentum
811 2019 1089 2076 Sermonis
1139 2020 1210 2076 de
1260 2019 1388 2088 fide,
1439 2036 1507 2076 ex

429 2092 777 2149 Bibliotheca
805 2092 1167 2156 Coisliniana,
1203 2092 1287 2145 15.
1650 2122 1720 2132 η

360 2164 762 2288 Ὲιῗὲωθιιῑιιω
803 2167 872 2220 de
912 2162 1085 2219 Paulo
1119 2165 1504 2230 Samosateno,

361 2306 756 2375 Fragmentum
789 2305 1046 2361 Historiae
1089 2304 1358 2374 Stephani
1396 2308 1506 2360 An-

431 2378 698 2445 tiocheni,
723 2386 776 2433 et
805 2379 876 2432 de
901 2378 1021 2446 ejus
1043 2385 1241 2432 contra
1261 2377 1508 2445 Euphra-

430 2457 542 2504 tem
573 2450 968 2505 Coloniensem
1001 2448 1242 2514 insidiis,
1276 2448 1406 2503 ibid.
1650 2477 1717 2486 -—

359 2519 606 2590 Epistola
655 2528 724 2576 ad
778 2521 1106 2585 monachos,
1149 2535 1222 2575 an
1271 2536 1506 2589 precan-

430 2592 569 2646 dum
599 2607 728 2648 cum
763 2591 998 2657 Arianis,
1031 2591 1116 2645 17.
1652 2619 1721 2632 —

361 2662 778 2719 Commentaria
830 2663 944 2718 sive
993 2678 1283 2718 sermones
1336 2663 1508 2716 Atha-

434 2734 576 2789 nasii
609 2735 666 2790 in
691 2734 1198 2804 Matthaeum,0pus
1224 2733 1507 2801 mutilum,

360 2815 366 2820 ·
437 2806 521 2858 19.
1023 2803 1103 2876 ρ
1595 2804 1658 2858 Τ.
1693 2807 1793 2876 ιιι,
1871 2803 2004 2876 1361

362 2876 444 2930 Ex
475 2875 907 2932 Commentariis
937 2876 994 2930 in
1021 2875 1248 2945 Lucam,
1277 2876 1365 2929 32.
1659 2907 1726 2914 —
1873 2875 2010 2929 1389

363 2946 609 3002 Homilia
640 2947 698 3002 in
729 2948 1021 3002 Canticum
1053 2948 1426 3015 canticorum,
1453 2948 1543 3012 37,
1655 2977 1725 2987 -
1873 2947 2008 3001 1347

1573 1379 1634 1433 Τ.
1671 1382 1714 1448 l,
1751 1396 1804 1448 p.
1841 1395 1894 1432 ι.

1530 1949 1594 2004 Τ.
1623 1949 1820 2017 ΙΙ,οοΙ.
1865 1950 1996 2004 1261

1868 2092 1998 2146 1291

1870 2235 2004 2288 1293

1867 2448 2004 2501 1293

1870 2591 2007 2645 1294

433 3063 453 3084 ⁶
487 3063 562 3116 Ea
594 3063 741 3117 inter
771 3077 948 3118 uncos
981 3063 1159 3130 posita
1194 3062 1546 3132 Expositioui
1578 3062 1942 3118 iuseruimus.

3597 411 3752 490 165a

2101 542 2307 604 Quarta
2337 541 2581 594 formula
2611 539 2801 595 Greece
2831 545 2882 594 et
2917 539 3126 606 Latine,
3155 540 3256 593 661
3617 542 3756 596 1587

2102 611 2258 664 ΒΙΟἱΒ
2308 611 2562 666 formulas
2593 611 2812 666 Gallico
2863 612 3129 667 idiomate
3182 614 3535 681 perantiquo,

2102 753 2554 808 Commentarios
2587 755 2640 808 in
2675 753 3007 820 Symbolum
3040 754 3382 824 Quicunque,
3413 756 3538 808 664.
3615 758 3758 810 1595

2104 825 2184 878 De
2216 825 2486 879 'l‘rinitate
2515 826 2874 894 opusculum,
2908 826 3032 877 667.
3620 827 3759 880 1603

2109 897 2185 950 De
2216 897 2488 952 Paschate
2516 899 2874 966 epusculum,
2906 896 3033 950 668.
3620 899 3760 952 1605

2108 1235 2306 1291 Sermo
2333 1233 2403 1289 de
2435 1233 2702 1302 patientia
2739 1234 2802 1291 in
2845 1233 3262 1291 calamitatibus

2181 1307 2266 1360 sui
2302 1308 2587 1374 temporis,
2620 1307 2708 1359 42.
3370 1306 3434 1362 Τ.
3469 1307 3541 1375 II,
3621 1309 3760 1363 1295

2107 1378 2355 1432 Homilia
2382 1378 2440 1432 in
2474 1393 2658 1432 ramos
2687 1377 3032 1444 Palmarum,
3066 1377 3150 1432 48.
3405 1409 3473 1418 -
3619 1380 3760 1436 1309

2107 1449 2457 1518 Opusculum
2487 1448 2547 1504 in
2578 1449 2792 1504 dictum
2821 1447 3094 1518 Apostoli,
3123 1451 3262 1504 Novi

2179 1521 2713 1591 hominumiraptum
2741 1536 2906 1591 usque
2937 1519 3013 1576 ad
3033 1521 3260 1576 tertium

2179 1592 2394 1660 caelum,
2429 1590 2516 1646 49.
2565 1590 2570 1591 “
2825 1590 2829 1591 ⁷
3342 1592 3407 1647 Τ.
3440 1595 3542 1659 III,

2109 1663 2458 1734 Opuseulum
2481 1664 2541 1718 in
2562 1662 2774 1718 dictum
2805 1661 3071 1732 Apostoli,
3091 1662 3258 1717 Datus

2180 1743 2259 1789 est
2288 1734 2430 1788 mihi
2456 1734 2713 1790 stimulus
2742 1735 2926 1789 carnis
2956 1748 3117 1798 meae,
3147 1734 3236 1788 50.
3404 1765 3472 1776 —-

2108 1808 2522 1879 Argumentum
2552 1822 2648 1861 seu
2680 1804 2992 1879 προθεωρία
3021 1806 3080 1861 in
3111 1804 3262 1861 Psal-

2185 1893 2325 1944 mos,
2357 1877 2446 1930 52.
2725 1877 2732 1879 ⁷
2903 1877 2909 1879 “
3406 1907 3475 1916 -
3688 1880 3761 1935 55

2110 1947 2514 2017 Supplementa
2546 1948 2604 2002 iu
2639 1946 2904 2010 Psalmos,
2936 1947 3006 2001 53
3027 1949 3074 2002 ¹”.
3406 1978 3475 1988 —

2117 2020 2449 2086 Fragmenta
2480 2026 2676 2074 contra
2703 2018 3165 2086 Macedonianos,
3187 2019 3276 2073 74.
3372 2019 3434 2074 Τ.
3471 2019 3542 2086 II,
3621 2021 3761 2076 1313

2113 2091 2447 2159 Fragmenta
2475 2099 2672 2146 contra
2699 2090 3056 2155 Noratianos,
3090 2090 3223 2146 ibid.
3406 2121 3476 2132 -—
3623 2093 3764 2147 1315

2117 2163 2253 2216 Item
2285 2162 2397 2218 duo
2427 2162 2538 2217 alia
2567 2169 2762 2218 contra
2793 2163 3041 2229 eosdem,
3075 2163 3171 2218 75.
3407 2193 3473 2203 -—
3622 2164 3764 2218 1315

2117 2235 2514 2300 Fragmentum
2544 2234 2614 2288 de
2646 2232 2927 2297 amuletis,
2958 2234 3045 2287 76.
3409 2263 3477 2273 —
3625 2237 3763 2290 1319

2113 2305 2450 2371 Fragmenta
2477 2305 2608 2369 alia,
2640 2303 2772 2358 ibid.
3411 2336 3478 2344 —
3626 2307 3766 2361 1319

2115 2377 2303 2431 Brevis
2332 2375 2607 2444 expositio
2639 2376 2788 2442 lidei,
2820 2377 2911 2430 78.
3407 2408 3476 2418 —-
3625 2379 3764 2433 1319

2116 2448 2452 2572 Frabg'ndie‘uta
2502 2464 2570 2504 ex
2628 2445 2881 2516 epistolis
2950 2443 3263 2514 festalibus,

2187 2535 2204 2572 ι
2248 2535 2267 2572 ι
2313 2559 2324 2571 .

2187 2520 2324 2573 ibid.
2353 2522 2398 2540 "

2117 2594 2450 2658 Fragmento
2499 2587 2722 2659 insigne
2763 2588 2823 2644 di
2865 2591 3037 2644 storia
3082 2588 3266 2645 eccle-

2189 2661 2412 2716 siastica
2444 2661 2532 2715 del
2565 2668 2764 2730 quarto
2795 2661 3004 2724 secolo,
3031 2660 3120 2713 82.
3409 2691 3481 2703 -
3628 2664 3762 2720 1331

2117 2734 2366 2803 Epistula
2399 2732 2468 2786 ad
2510 2731 2714 2802 Papam
2747 2739 2800 2788 et
2831 2732 3047 2788 clerum
3081 2731 3271 2787 Persa-

2191 2820 2337 2869 rum,
2368 2804 2458 2856 95.
3366 2807 3428 2858 Τ.
3461 2804 3549 2870 IV,
3628 2807 3760 2863 1561

2122 2875 2509 2944 lnterpretatio
2547 2873 2607 2928 in
2655 2873 2929 2942 Psalmos,
2961 2889 3058 2930 seu
3089 2875 3163 2929 De
3195 2875 3267 2930 ti-

2189 2949 2322 3002 tulis
2352 2946 2726 3002 Psalmorum.
3356 2946 3421 3002 T.
3455 2947 3549 3017 III,
3660 2949 3762 3004 591

430 3134 474 3155 “
505 3134 792 3203 Leguntur
824 3136 882 3189 in
913 3135 1160 3189 editione
1191 3134 1433 3203 pleniori
1465 3133 1619 3190 card.
1654 3133 1789 3204 Mai,
1818 3138 1960 3205 Opp.
1999 3139 2037 3190 ι.
2071 3137 2143 3188 II.

1187 3377 1546 3487 INDEX
1610 3375 2088 3489 OPERUM
2154 3375 2245 3492 S.
2318 3373 2941 3489 ATHANASII

1017 3546 1251 3609 Ordine
1297 3548 1407 3628 qui
1454 3548 1644 3628 vulgo
1691 3548 1756 3610 in
1801 3547 2253 3628 antiquissimis
2298 3546 2617 3609 codicibus
2664 3545 3122 3608 circumfertur.

436 3678 599 3735 Liber
626 3683 817 3735 contra
846 3683 1064 3737 Gentes.

436 3751 599 3808 Liber
622 3751 693 3808 de
721 3753 1137 3810 Incarnatione.

438 3822 512 3878 De
583 3826 980 3880 Ineornatione
1037 3868 1052 3894 ,
1136 3832 1324 3881 contra
1395 3825 1640 3882 Paulum
1707 3829 2013 3883 Samosate-

365 3910 523 3948 num.

411 4038 420 4048 .
438 3966 509 4022 De
563 3966 952 4022 ιηοιινηαιίοησ
983 4010 998 4037 ,

366 4053 535 4092 rium.

437 4110 510 4182 De
537 4109 924 4182 Incarnatione
955 4107 1193 4182 Christi,
1219 4113 1414 4166 contra
1442 4113 1851 4182 Apollinarium
1885 4129 1924 4182 ι,

410 4181 514 4262 _De
567 4180 805 4236 salutari
854 4179 1088 4237 adventu
1163 4180 1408 4251 Christi,
1475 4179 1665 4240 contra
1733 4179 2017 4257 Apollina-

362 4267 517 4306 rium
547 4267 610 4306 ll.

435 4322 638 4378 Contra
666 4336 849 4378 omnes
882 4321 1131 4381 harescs.

437 4393 676 4464 Epistolo
702 4393 776 4449 ad
804 4395 1108 4464 Epictetum
1145 4396 1412 4453 Corinthi.

438 4465 716 4537 Expositio
755 4464 907 4535 ﬁdei.

440 4536 683 4608 Epistola
712 4537 925 4594 Liberii
952 4536 1023 4592 ad
1052 4538 1442 4595 Athanasium.

443 4609 686 4680 Epistolis
711 4608 1002 4664 Athanasii
1029 4609 1107 4664 ad
1135 4611 1435 4668 Liberium.

440 4679 520 4735 Ad
547 4681 906 4736 Antiochenos
942 4681 1152 4736 Tomus.

440 4752 514 4807 De
541 4759 754 4808 aeterna
780 4753 1106 4807 exsistentia
1140 4752 1272 4807 Filii
1299 4758 1493 4810 contra
1522 4754 1882 4813 Sabellianos.

445 4823 641 4878 Oratio
673 4840 691 4876 :
724 4823 882 4890 Quod
912 4837 1060 4878 unus
1089 4829 1158 4877 sit
1191 4823 1466 4881 Christus.

443 4895 691 4966 Epistola
719 4894 795 4967 a4
824 4892 1168 4967 Adelphium
1196 4896 1526 4967 episcopum.

449 4965 689 5039 Epistula
718 4965 788 5039 ad
817 4965 1132 5039 Maximum
1152 4965 1557 5039 philosophum.

450 5039 512 5093 In
541 5037 683 5093 illud
714 5055 727 5094 :
754 5038 963 5093 Euntes
993 5037 1052 5092 in
1085 5037 1293 5106 vicum,
1326 5037 1432 5095 etc.

455 5109 913 5184 Contra_arianos
961 5107 1147 5184 Oratio
1193 5111 1382 5184 prima
1410 5128 1429 5167 :
1461 5116 1544 5166 est
1573 5111 1813 5182 epistola
1860 5127 2033 5184 ency-

385 5180 530 5236 clica
559 5180 630 5234 ad
662 5181 970 5250 Episcopos
1000 5180 1305 5250 ίΈκιριὶοι.

459 5251 658 5307 Contra
687 5253 919 5307 Arianos
949 5252 1133 5308 Oratio
1163 5251 1400 5307 secunda
1431 5269 1444 5307 :
1476 5259 1560 5307 est
1588 5253 1792 5323 prima.

459 5323 660 5378 Contra
688 5327 923 5380 Arianos
955 5324 1140 5380 Oratio
1169 5326 1339 5379 tertia
1364 5341 1376 5379 :
1411 5327 1497 5379 est
1527 5325 1799 5380 secunda.

463 5394 664 5467 Contra
692 5397 921 5451 Arianos
948 5397 1127 5450 Oratio
1157 5404 1356 5467 quarta
1384 5413 1403 5451 :
1433 5402 1515 5450 est
1547 5397 1728 5451 tertia.

465 5466 666 5522 Contra
694 5469 931 5522 Arianos
963 5467 1146 5522 Oratio
1169 5466 1372 5538 ’quinta
1399 5485 1418 5521 :
1449 5470 1534 5523 est:
1561 5474 1778 5538 quarta.

464 5539 527 5593 In
556 5538 697 5592 illud
726 5557 744 5594 :
775 5538 980 5594 Omnia
1011 5539 1152 5593 mihi
1184 5540 1390 5595 tradita
1420 5545 1573 5594 sunt.

469 5609 805 5684 Opusculum
849 5609 1204 5684 d_e__doctrina
1233 5630 1252 5666 :
1303 5614 1631 5682 excerptum
1661 5626 1727 5668 ex
1759 5610 1887 5668 aliis
1915 5627 2043 5684 ope-

396 5679 574 5748 ribus,
607 5683 677 5737 de
707 5697 817 5752 quo
845 5680 1001 5736 alibi.

470 5752 545 5809 De
574 5752 826 5810 Sobbatis
851 5756 905 5810 et
929 5752 1382 5810 Circumcisione.

1085 3974 1273 4023 contra
1361 3967 1555 4024 Arium
1607 3977 1659 4026 et
1722 3968 2015 4042 Apollina-

2192 3681 2446 3754 Epistola
2484 3681 2671 3753 prima
2713 3679 2784 3735 ad
2848 3679 3218 3752 Serapion-em
3262 3682 3328 3738 de
3384 3683 3597 3756 Spiritu
3641 3700 3776 3741 san-

2123 3765 2222 3810 010.

2193 3823 2437 3895 Epistola
2465 3823 2701 3879 secunda
2729 3823 2812 3895 ad
2840 3823 3205 3893 Serapionem
3233 3825 3296 3880 de
3324 3826 3490 3882 Filio.

2195 3894 2442 3967 Epistola
2469 3897 2634 3950 tertia
2664 3894 3138 3967 adpserapionem
3165 3897 3230 3952 de
3263 3897 3473 3967 Spiritu
3501 3905 3706 3954 sancto.

2195 3965 2439 4040 Epistola
2468 3970 2666 4040 quarta
2696 3965 2768 4040 ad,
2795 3965 3154 4040 Serapionem
3182 3968 3247 4024 de
3277 3965 3489 4040 Spiritu
3515 3978 3727 4028 sancto.

2201 4037 2451 4109 Epistola
2481 4037 2546 4092 de
2568 4037 2797 4093 decretis
2823 4037 3079 4094 Nicaenis.

2199 4110 2448 4178 Epistola
2498 4109 2718 4164 Eusebii
2768 4109 3125 4166 Caesariensis
3170 4111 3240 4166 ad
3289 4111 3668 4169 Caerasienses.
3713 4113 3783 4169 In

2129 4182 2325 4237 codice
2383 4181 2552 4249 Regio
2596 4182 2759 4253 2281
2812 4181 2903 4237 hic
2956 4183 3320 4253 adjiciuntur,
3371 4184 3782 4240 Condemnatio

2128 4253 2242 4308 Arii
2297 4257 2356 4308 et
2389 4251 2646 4325 epistola
2703 4251 3038 4318 Alexandri,
3059 4269 3284 4310 necnon
3331 4255 3585 4325 epistolas
3649 4253 3780 4310 aliae

2129 4325 2332 4394 synodi
2381 4323 2629 4381 Nicaenae
2671 4331 2726 4380 et
2781 4325 3140 4382 Constantini
3190 4323 3380 4398 Magni
3407 4327 3609 4398 imper,
3639 4325 3783 4382 alibi

2131 4412 2272 4452 OlSiﬁ
2284 4439 2296 4450 .

2202 4469 2276 4523 De
2306 4466 2587 4538 sententia
2614 4465 2886 4538 Dionysii.

2202 4538 2466 4610 Apologia
2493 4537 2561 4592 de
2588 4540 2745 4607 fuga.

2205 4608 2478 4681 Apologia
2503 4614 2711 4666 contra
2739 4609 2936 4664 Arian.

2206 4680 2448 4753 Epistola
2476 4681 2674 4752 synodi
2703 4680 3098 4740 Alexandrinae
3129 4699 3142 4738 :
3176 4698 3300 4755 quae
3324 4683 3384 4741 in
3407 4700 3475 4742 ea
3500 4685 3621 4756 ipsa
3649 4685 3790 4757 Apo-

2137 4754 2286 4809 louia
2315 4751 2568 4807 habetur.

2159 4755 2286 4810 oaia
2315 4755 2568 4807 habetur.

2194 4771 2286 4824 gia
2315 4771 2568 4807 nanetur.

2207 4824 2454 4896 Epistola
2506 4822 2790 4894 encyclica
2843 4841 2862 4878 :

2137 4898 2337 4966 cripta.

2211 4965 2454 5039 Epistola
2481 4965 2552 5039 ad
2585 4965 2943 5039 Serapionem
2969 4966 3035 5022 de
3063 4976 3232 5024 morte
3259 4969 3397 5027 Arii.

2211 5037 2453 5097 Eoislola
2484 5037 2554 5091 ad
2583 5037 2871 5094 monachos
2897 5041 3009 5094 sive
3038 5039 3109 5094 ad
3135 5041 3431 5097 solitarios.

2265 5109 2558 5168 cntestatio
2605 5109 3106 5166 Alexandrinorum
3138 5128 3150 5166 :
3187 5112 3422 5168 habetur
3464 5116 3533 5171 ad
3572 5113 3793 5173 calcem

2143 5182 2422 5255 Epistolas
2441 5183 2509 5236 ad
2524 5181 2877 5255 monachos.

2216 5254 2466 5326 Epistola
2504 5251 2821 5326 de_synodis
2850 5252 3096 5308 Arimini
3127 5258 3178 5309 et
3211 5255 3505 5314 Seleuciae.

2215 5324 2476 5398 Apologia
2505 5324 2590 5398 ad
2620 5324 3020 5398 Constantium.

2217 5395 2466 5470 Epistola
2493 5395 2578 5470 ad_
2602 5397 2865 5470 Joannem
2893 5400 2945 5451 et
2973 5396 3313 5452 Antiochum.

2220 5467 2482 5540 Epistola
2509 5467 2581 5540 ad
2608 5469 2958 5540 Palladium.

2219 5537 2410 5611 Episto
2420 5538 2475 5593 la
2505 5537 2577 5611 ad
2606 5539 2986 5597 Dracontium.

2220 5609 2476 5682 Epistola
2507 5609 2577 5664 ad
2602 5613 2784 5682 Afros.

2491 5696 2587 5738 seu
2625 5681 2816 5740 Tomus
2862 5682 2933 5739 ad
2987 5683 3345 5741 Antioche-nos
3370 5703 3393 5742 ,ο
3423 5701 3558 5744 nam
3588 5685 3673 5744 bis
3700 5688 3801 5746 de-

2151 5769 2445 5812 SOTIDIIIII'.

2919 4823 3057 4881 olim
3133 4825 3214 4882 Ad
3269 4826 3609 4885 orthodoxos
3665 4828 3788 4885 ins-
