4100 6224
1360 502 1377 510 ν
1410 502 1455 509 ...ο
1480 498 2201 509 -ο-αα--ρ--μκ--Δ-οςυο-ο--κ
2878 497 3693 512 Ἥβη...

1356 497 3693 554 2*

1418 766 2543 937 PR/EFATIO.

358 1288 583 1345 lnnato
615 1284 808 1362 prolis
838 1300 1051 1343 amore
1108 1283 1345 1343 factum
1381 1283 1771 1361 plerumque,
1810 1286 1877 1341 ut
1909 1280 2241 1362 mediocris
2271 1277 2587 1362 facultatis
2617 1277 2903 1362 homines
2927 1298 3006 1362 ac,
3023 1280 3318 1340 rusticani
3340 1281 3401 1339 in
3426 1282 3692 1343 divitum

284 1359 768 1445 principumque
799 1365 1017 1445 domos
1047 1363 1208 1423 ﬁlios
1238 1359 1678 1423 submitterent
1711 1380 1723 1421 :
1761 1370 1820 1421 et
1850 1363 2032 1445 facile
2061 1361 2175 1445 sibi
2208 1377 2423 1419 eorum
2451 1359 2761 1445 jacturam
2799 1361 3117 1445 ferendam
3154 1362 3481 1445 putabant,
3543 1363 3692 1445 dum

230 1444 233 1449 ’
286 1442 363 1506 ad
398 1442 790 1524 pinguiorem
825 1446 916 1503 illi
948 1444 1265 1503 fortunam
1299 1462 1409 1503 ceu
1444 1464 1516 1503 ex
1550 1451 1905 1503 transverso
1928 1449 1987 1503 et
2018 1442 2214 1524 invita
2245 1446 2471 1524 natura
2502 1442 2887 1524 accederent.
2914 1442 3184 1518 ldipsum
3212 1443 3356 1501 dolo
3388 1444 3698 1503 consimili

288 1528 367 1587 ab
397 1521 739 1585 innumeris
770 1542 952 1603 pene,
976 1542 1089 1583 nec
1119 1525 1372 1601 ingenio
1404 1525 1608 1583 minus
1639 1542 1824 1601 quam
1861 1529 2043 1583 astate
2076 1521 2453 1598 disparibus,
2477 1522 2817 1603 admissum
2842 1523 3391 1598 deprehendimus,
3421 1524 3696 1601 quicum

292 1625 407 1666 nec
440 1607 607 1665 fama
636 1601 937 1676 valerent,
971 1622 1085 1664 nec
1117 1613 1339 1682 suapte
1371 1622 1565 1682 opera
1597 1624 1823 1663 nomen
1856 1603 1973 1662 sibi
2004 1620 2223 1681 parere
2254 1618 2437 1679 posse
2467 1601 2876 1682 confiderent,
2910 1610 3196 1661 mutuato
3229 1604 3556 1662 Athanasii
3586 1623 3698 1664 no-

293 1686 481 1761 mine,
516 1686 796 1764 aliquam
831 1685 1171 1763 sperabant
1201 1681 1448 1762 scriptis
1481 1686 1607 1744 suis
1637 1685 1824 1761 adjici
1855 1684 2248 1764 dignitatem.
2284 1682 2441 1764 Hinc
2470 1681 2705 1764 evenit,
2731 1688 2920 1764 utgtot
2951 1690 3250 1759 tantaque
3279 1702 3471 1760 opera
3504 1685 3699 1744 Atha-

292 1767 537 1827 nasium
570 1762 1012 1825 ementiantur.
1048 1767 1262 1842 Neque
1294 1773 1502 1824 tamen
1534 1765 1669 1824 hazc
1705 1783 1828 1824 una
1857 1764 1974 1823 fuit
2003 1772 2131 1822 tam
2165 1762 2456 1842 immanis
2481 1762 2853 1820 accessionis
2881 1780 3105 1821 causa:
3136 1782 3277 1823 nam
3316 1766 3510 1822 multa
3541 1783 3699 1841 quo-

295 1865 439 1924 que,
468 1845 619 1905 olim
652 1848 937 1922 ἀδὲσποτα,
971 1864 1112 1905 cum
1142 1841 1203 1904 in
1233 1845 1633 1905 librariorum
1669 1863 1889 1904 manus
1919 1843 2303 1924 incidissent,
2329 1841 2466 1918 pari
2485 1843 2763 1919 ipsorum
2794 1842 3173 1924 temeritate,
3195 1845 3395 1902 eidem
3430 1847 3703 1922 ascripta

295 1922 485 1986 fuere.
521 1924 892 2002 Hujusmodi
926 1943 1136 1996 ausus,
1173 1926 1391 2004 quanti
1423 1926 1641 2004 quanti
1674 1925 1926 1996 fuerint,
1962 1923 2201 1984 ferendi
2232 1925 2492 1981 fortasse
2522 1928 2723 1987 erant,
2759 1922 2809 1979 si
2844 1923 2956 2004 viri
2985 1923 3185 1982 solum
3222 1924 3471 2000 ingenio
3514 1931 3702 2003 atque

297 2013 429 2066 arte
460 2004 1031 2083 scribendipreediti
1061 2003 1207 2065 suos
1236 2008 1394 2065 fetus
1423 2006 1765 2066 Athanasio
1798 2004 2301 2065 commodassent
2332 2017 2349 2062 '.
2384 2007 2450 2062 at
2478 2008 2697 2083 contra
2728 2003 2954 2062 accidit
2990 2010 3054 2061 ut
3084 2006 3453 2082 plerumque
3498 2004 3697 2083 impe-

302 2088 565 2146 ritorum
619 2082 937 2145 hominum
989 2090 1050 2145 et
1076 2086 1453 2146 insulsorum
1488 2086 1671 2164 nugis
1702 2085 1864 2145 male
1897 2090 2115 2145 auctus
2146 2084 2225 2143 sit
2254 2088 2383 2142 tam
2416 2082 2653 2164 peritus
2685 2083 2927 2141 artifex.
2968 2084 3120 2141 llinc
3150 2102 3450 2161 germana
3483 2082 3701 2145 naeniis

301 2167 649 2225 intermista
679 2166 1037 2243 foedataque
1065 2166 1126 2224 in
1159 2166 1333 2243 prius
1362 2167 1545 2227 editis
1574 2161 2014 2244 conspicimus.
2049 2164 2205 2224 Hinc
2234 2164 2447 2240 inepta
2474 2161 2585 2221 illa
2615 2167 2675 2221 et
2707 2167 3119 2244 dupoaatdvuou,
3152 2165 3482 2244 prodeunt,
3520 2164 3702 2223 Liber

298 2246 387 2306 De
416 2246 876 2325 deﬁnitionibus,
916 2242 1189 2306 Historia
1218 2247 1499 2325 imaginis
1548 2242 1930 2324 Ben/tensis;
1986 2246 2136 2323 quin
2194 2244 2366 2303 illam
2427 2260 2858 2325 memoramus
2904 2242 3315 2325 illelchz'sedeci
3366 2244 3695 2310 historiam.

294 2323 512 2407 γέλοιοῇη
546 2345 717 2407 sane,
752 2330 812 2383 ni
844 2328 1101 2407 fortasse
1133 2327 1312 2386 malis
1341 2323 1877 2404 fastidiumquam
1911 2325 2245 2407 risumilla
2277 2325 2510 2407 moveri
2528 2327 2556 2382 Ἰ
2590 2326 2709 2407 Nec
2741 2323 3087 2407 audiendus
3117 2325 3217 2407 ille
3252 2344 3546 2403 nuperus,
3592 2326 3699 2403 qui

300 2404 425 2463 non
458 2405 565 2462 diu
597 2405 715 2463 hoc
746 2424 904 2481 Opus
934 2405 1274 2466 Athanasio
1306 2425 1582 2466 asserere
1614 2409 1952 2466 nitebatur.
1986 2410 2077 2466 An
2111 2404 2633 2463 Melchisedecum
2670 2404 3027 2478 hujusmolii
3076 2406 3373 2480 depingat
3420 2408 3699 2465 Athana-

304 2485 431 2542 sius
460 2501 498 2564 ;_
526 2484 633 2559 qui
678 2491 819 2560 post
848 2491 1136 2543 exactum
1167 2487 1228 2543 in
1259 2486 1523 2545 saltibus
1551 2487 1858 2564 septennii
1887 2486 2085 2546 otium
2115 2492 2336 2563 sponte
2368 2483 2663 2543 loricatus
2696 2484 2919 2558 prodit,
2960 2483 3118 2560 pelle
3149 2486 3345 2543 instar
3375 2485 3705 2559 testudinis

305 2562 671 2645 occa‘llente,
707 2564 1035 2645 vulturinis
1068 2565 1398 2641 unguibus,
1434 2562 1696 2644 corpore
1726 2567 1866 2645 pilis
1896 2568 1984 2627 ita
2012 2562 2329 2645 horrente,
2386 2573 2453 2623 ut
2512 2582 2725 2623 ursum
2784 2564 3063 2645 diceres?
3112 2565 3438 2645 Nimirum,
3496 2573 3561 2624 ut
3617 2566 3707 2625 ait

304 2641 546 2723 Tullius
602 2644 705 2719 (a),
747 2642 896 2723 ⁸Ηοε
946 2646 1082 2703 vilia
1140 2645 1440 2706 cumulata
1486 2641 1565 2706 est
1595 2641 1993 2708 eruditissima
2024 2646 2129 2706 illa
2162 2644 2497 2723 ercerum
2526 2645 2683 2703 natio
2720 2663 2739 2703 :
2775 2642 2969 2722 itaque
2999 2644 3158 2723 quod
3189 2646 3301 2703 vim
3355 2644 3533 2723 hujus
3564 2646 3713 2705 mali

305 2721 628 2807 ᾂνεεειήοη
662 2720 874 2807 vident,
912 2742 983 2783 ne
1011 2743 1211 2784 nomen
1242 2726 1477 2807 quidem
1525 2726 1581 2785 ei
1626 2728 1766 2787 υιῖιό
1814 2730 2236 2807 imposuerunt.
2295 2722 2374 2786 Ut
2418 2726 2571 2807 enim
2617 2720 3115 2807 quazrasfouniz‘a,
3166 2720 3710 2807 quomodoﬂGrmci

306 2803 564 2893 ineptum
597 2802 1045 2880 appellentmon
1076 2802 1731 2884 reper—iuAddiderim
1760 2826 1836 2867 ne
1854 2802 2024 2886 apud
2056 2806 2307 2867 Latinos
2338 2804 2595 2882 quidem
2626 2802 2842 2862 vocem
2868 2804 3225 2881 hujusmodi
3250 2806 3426 2881 nugis
3446 2806 3703 2882 dignam

303 2899 583 2941 I‘CDGI‘II'I.

376 2901 759 3029 illailsullamen,
796 2960 1127 3042 quantavis
1156 2964 1392 3042 φλυαρίᾳ
1424 2969 1940 3039 conspergantur,
1975 2962 2039 3042 id
2071 2961 2433 3042 conﬁcitur;
2469 2965 2537 3019 ut
2565 2978 2704 3020 cum
2754 2960 3083 3019 Athanasio
3117 2963 3297 3039 plura
3330 2981 3515 3040 quam
3569 2963 3706 3024 aliis

309 3042 601 3101 Patribus
630 3044 843 3116 spuria
874 3041 1145 3118 ascripta
1169 3040 1425 3112 fuerint,
1454 3043 1661 3118 palam
1693 3042 1978 3101 videatur
2004 3040 2110 3100 ille
2144 3040 2381 3116 majore
2409 3058 2597 3117 quam
2633 3046 2890 3099 caeteros
2921 3042 3285 3101 eruditionis
3316 3051 3373 3101 et
3406 3044 3703 3105 doctrinas

308 3126 479 3181 fama
508 3120 698 3180 fuisse
728 3128 790 3179 et
819 3121 1071 3197 quidem
1104 3120 1273 3197 apud
1305 3121 1540 3197 peritos
1564 3123 1746 3197 juxta
1775 3128 1965 3199 atque
1993 3120 2353 3199 imperitos;
2379 3123 2632 3200 quando
2655 3122 2815 3180 inter
2839 3123 3033 3179 multa
3064 3143 3202 3200 quae
3238 3128 3417 3182 nauci
3441 3131 3500 3184 et
3524 3125 3701 3184 nihili

304 3208 471 3272 sunt,
506 3219 628 3260 non
662 3200 1016 3278 spernenda
1045 3201 1171 3259 alia
1201 3209 1592 3277 comparent,
1628 3220 1831 3279 neque
1861 3203 2011 3262 talia
2040 3202 2116 3260 de
2148 3201 2373 3276 quibus
2402 3202 2481 3259 sit
2511 3199 2852 3259 Athanasio
2884 3199 3401 3264 erubescendum.
3429 3206 3699 3264 Erubes-

304 3282 573 3341 ccndum
605 3280 682 3361 iis
708 3289 845 3339 erat
876 3279 1102 3361 potius,
1135 3280 1245 3357 qui
1272 3281 1482 3341 fictam
1512 3282 1857 3341 submisere
1886 3282 2127 3360 prolem
2162 3299 2175 3339 :
2212 3299 2357 3340 nam
2390 3300 2568 3358 asque
2596 3281 2899 3341 illiberale
2928 3291 3019 3341 est
3048 3302 3163 3343 sua
3191 3285 3327 3342 aliis
3356 3304 3419 3344 se
3450 3285 3693 3361 dignio-

305 3362 478 3450 ribus
497 3358 838 3450 ascribere,
860 3366 1049 3450 atq-ue
1080 3360 1295 3420 labore
1323 3361 1528 3450 alieno
1557 3368 1739 3450 parta
1769 3362 1831 3421 in
1853 3358 1917 3422 se
1944 3370 2396 3450 transmovere.
2420 3360 2755 3450 Sed_er_u_nt
2776 3363 3035 3450 fortasse
3057 3365 3163 3441 qui
3186 3364 3353 3450 litem
3383 3358 3693 3450 movéant:

303 3440 464 3512 Quid
493 3438 707 3521 igitur,
732 3438 921 3511 aient,
942 3438 1049 3499 illo
1080 3458 1220 3521 quas
1253 3446 1382 3500 tute
1415 3438 1841 3516 luce—indigna
1870 3442 2199 3514 arbitrare,
2234 3459 2357 3501 non
2390 3440 2692 3517 exegisti?
2724 3442 2874 3519 quid
2907 3450 3031 3501 tam
3067 3438 3262 3503 multa
3294 3445 3428 3521 ejus
3457 3445 3701 3521 generis

304 3521 607 3579 hactenus
637 3519 853 3598 ignota
883 3537 914 3579 e
944 3519 1215 3579 tenebris
1246 3520 1503 3581 eruisti?
1530 3523 1757 3581 Verum
1792 3527 2023 3600 presto
2054 3528 2146 3582 est
2174 3521 2342 3599 quod
2374 3521 2826 3599 respondeatur
2860 3542 2871 3581 :
2910 3530 2976 3581 ut
3006 3531 3287 3583 nostrum
3327 3519 3482 3584 fuit
3511 3524 3703 3583 dubia

306 3606 363 3660 et
391 3601 607 3682 spuria
638 3618 674 3659 a
702 3600 1013 3682 germanis
1045 3617 1382 3682 secernere,
1420 3601 1587 3660 haud
1618 3602 1704 3661 ita
1736 3602 1911 3662 licuit
1942 3602 2120 3662 nobis
2151 3620 2224 3661 ea
2252 3619 2551 3682 resecare.
2579 3602 2748 3661 Inter
2776 3604 2987 3679 spuria
3019 3621 3435 3676 recensemus,
3461 3605 3608 3682 quia
3630 3622 3706 3663 eo

302 3681 595 3739 videntur
650 3681 832 3739 certis
863 3680 939 3738 de
969 3681 1170 3739 causis
1197 3680 1487 3758 ablegata
1516 3688 1807 3759 oportere
1843 3698 1856 3739 :
1888 3688 2073 3742 erunt
2102 3682 2382 3742 fortassis
2413 3680 2642 3761 quibus
2672 3682 2795 3741 alia
2828 3684 2904 3742 sit
2934 3683 3171 3761 opinio,
3210 3684 3313 3759 qui
3345 3680 3708 3743 facultatem

305 3761 524 3839 judicii
555 3778 628 3819 ea
659 3762 733 3819 de
764 3778 829 3819 re
858 3761 1093 3819 ferendi
1111 3769 1487 3839 praereptam
1520 3763 1635 3821 sibi
1668 3762 1855 3821 fuisse
1884 3763 2140 3839 indigne
2173 3763 2425 3821 ferrent.
2452 3760 2541 3819 Ad
2605 3761 2763 3831 haec,
2826 3764 3307 3839 quamplurimis
3366 3764 3715 3822 eruditione

313 3840 632 3918 praeclaris
688 3840 1044 3899 hominibus
1094 3842 1622 3917 obtemperamus,
1669 3843 1778 3919 qui
1809 3861 1949 3919 quas
1979 3861 2207 3902 nomen
2237 3840 2561 3901 Athanasii
2591 3842 2955 3919 prmferunt,
2990 3844 3201 3900 omnia
3233 3842 3448 3902 volunt
3484 3842 3718 3919 publici

314 3939 444 3981 esse
466 3920 649 3997 juris,
685 3922 988 3997 aiuntque
1017 3920 1190 3980 nulla
1220 3940 1435 3981 eorum
1468 3940 1680 3981 carere
1710 3940 1823 3981 suo
1854 3924 2082 3982 fructu.
2118 3922 2533 3992 Quamobrem
2558 3921 2608 3979 si
2630 3920 2858 3996 quibus
2890 3921 3111 3979 horum
3148 3922 3328 3979 lectio
3363 3922 3717 3999 displiceat,

318 4019 395 4061 ea
427 4000 599 4060 uullo
629 3999 955 4077 dispendio
989 4001 1176 4061 missa
1204 4001 1461 4072 faciant,
1494 4020 1607 4062 nec
1635 4002 1958 4062 invideant
1984 4002 2060 4062 iis
2089 4002 2318 4081 quibus
2347 4002 2613 4060 lustrare
2643 4000 2855 4059 omnia
2885 4008 2945 4058 et
2972 4001 3034 4059 in
3096 4002 3357 4077 singulis
3408 4001 3721 4079 judicium

317 4098 605 4141 exercere
638 4082 884 4140 animus
912 4086 1028 4139 est.

397 4163 444 4219 A
481 4159 710 4237 quibus
737 4166 951 4220 autem
981 4159 1198 4220 isthaac
1230 4166 1357 4220 tam
1389 4159 1587 4221 multa
1617 4160 1741 4220 sint
1770 4159 2271 4237 elaborata,quis
2290 4165 2417 4219 tam
2438 4159 2694 4239 lynceus
2725 4158 2863 4234 quis
2896 4160 3244 4237 perspicere
3272 4164 3492 4239 queat?
3516 4164 3724 4222 Unum

316 4239 567 4314 scimus,
616 4240 750 4317 jam
810 4240 936 4301 fere
988 4258 1026 4300 a
1077 4246 1361 4319 tempore
1394 4258 1589 4319 usque
1619 4240 1947 4301 Athanasii
1976 4240 2239 4317 cmpisse
2265 4238 2558 4319 nonullos
2588 4256 2702 4298 sua
2730 4239 3055 4299 Athanasii
3087 4238 3339 4301 nomine
3371 4242 3671 4318 insignire
3707 4257 3722 4300 :

319 4260 567 4314 scimus,
616 4260 750 4317 jam
810 4260 936 4301 iere
988 4260 1026 4300 a
1077 4260 1361 4319 tempore
1394 4260 1464 4301 us
1515 4260 1589 4300 ue
1619 4260 1947 4301 Atnanasu
1976 4260 2239 4317 cmpisse
2265 4260 2558 4298 nonuuos
2588 4260 2702 4298 sua
2730 4260 3055 4299 Atnanasn
3087 4260 3339 4301 nomine
3371 4260 3671 4318 insngnire
3707 4260 3722 4300 :

319 4321 723 4397 sequentibus
754 4320 977 4379 exinde
1008 4321 1297 4380 aetatibus
1326 4260 1609 4380 fraudem
1644 4338 1754 4379 ceu
1790 4320 1961 4379 ﬂuxu
1993 4319 2269 4399 quodam
2303 4318 2535 4399 ubique
2566 4326 2972 4399 pervagatam
3005 4340 3160 4391 esse,
3194 4330 3254 4381 et
3289 4331 3602 4399 postremo
3648 4320 3731 4381 ad

324 4400 576 4460 Latinos
607 4419 680 4459 ex
714 4401 950 4460 Graecia
980 4400 1356 4459 dimanasse.
1389 4400 1570 4459 Hisce
1601 4399 1893 4458 omnibus
1924 4398 2148 4457 mirum
2179 4398 2241 4456 in
2277 4398 2557 4471 modum,
2590 4398 2698 4458 sed
2729 4399 2961 4459 damno
2994 4419 3105 4460 suo
3138 4402 3227 4459 uti
3260 4398 3552 4475 diximus,
3589 4419 3729 4461 auc-

324 4486 424 4539 tus
456 4487 551 4538 est
578 4486 832 4561 sanctus
858 4483 1110 4561 Doctor.
1149 4482 1355 4561 Pauca
1380 4485 1589 4561 tamen
1624 4484 1791 4561 sunt,
1829 4495 1969 4561 quas
1999 4484 2325 4538 auctorum
2360 4479 2617 4538 nomina
2648 4478 2707 4561 i_n
2742 4478 3119 4561 quibusdam
3153 4482 3474 4541 codicibus
3507 4484 3730 4561 praefe-

324 4565 491 4628 rant,
526 4566 597 4617 ut
624 4560 849 4634 cuique
878 4559 1088 4616 videre
1117 4564 1209 4617 est
1239 4557 1303 4616 in
1338 4557 1598 4635 hujusce
1627 4558 1782 4618 tomi
1812 4558 2100 4617 decursu.
2137 4562 2403 4619 Etatem
2438 4577 2584 4619 vero
2624 4558 3013 4635 singulorum
3072 4568 3375 4637 quantum
3436 4557 3525 4621 in'
3558 4561 3737 4622 nobis

327 4640 515 4697 situm
549 4638 665 4697 fuit
693 4638 1172 4715 assignavimus.
1205 4640 1296 4697 Ad
1328 4657 1402 4698 ea
1431 4657 1570 4715 quas
1600 4638 1662 4697 in
1693 4639 1866 4715 prius
1896 4638 2077 4698 editis
2107 4641 2699 4717 exstant,permulta
2722 4654 2831 4698 nos
2862 4658 2933 4698 ex
2967 4642 3239 4700 tenebris
3268 4648 3468 4714 eruta,
3490 4649 3558 4701 ut
3588 4659 3739 4702 mox

324 4718 711 4789 dicebamus,
745 4718 1090 4795 adjecimus
1123 4736 1135 4777 :
1171 4720 1624 4796 supellectilem
1657 4737 1808 4778 sane
1838 4718 2101 4787 variam,
2138 4721 2338 4796 pretio
2371 4725 2561 4798 atque
2592 4718 2863 4778 utilitate
2893 4720 3228 4797 disparem.

407 4798 716 4870 Quoniam
748 4806 957 4858 autem
991 4817 1115 4858 non
1147 4816 1325 4875 aeque
1355 4800 1708 4875 conspicuis
1743 4800 1905 4859 notis
1936 4800 2219 4859 omnium
2250 4805 2426 4858 νοθεία
2459 4799 2951 4876 deprehenditur
2984 4818 2996 4857 :
3033 4802 3136 4859 sed
3170 4801 3459 4878 quaedam
3516 4820 3737 4861 eorum

331 4897 457 4937 non
491 4885 617 4960 tam
651 4879 964 4939 evidentia
994 4879 1173 4960 signa
1204 4878 1266 4936 in
1300 4880 1602 4960 utramvis
1631 4885 1874 4960 partem
1907 4880 2187 4960 referunt
2220 4896 2233 4936 :
2270 4878 2406 4960 alia
2426 4897 2570 4960 vero
2601 4878 2698 4937 vel
2731 4880 2865 4957 ipso
2924 4880 3092 4939 cultu
3154 4889 3341 4959 atque
3399 4888 3741 4960 conspectu

340 4958 691 5039 peregrina
718 4977 849 5018 sese
900 4958 1293 5039 proﬁtentur,
1326 4960 1529 5039 Abinas
1556 4958 1621 5039 in
1653 4958 1881 5018 classes
1908 4958 2074 5039 hunc
2110 4971 2346 5039 tomum
2376 4958 2746 5018 distribuere
2779 4960 2974 5017 visum
3010 4961 3145 5020 fuit.
3182 4963 3247 5020 In
3282 4962 3509 5039 priore,
3544 4958 3741 5021 Atha-

344 5034 501 5117 nasii
532 5038 779 5117 nomine
810 5034 1002 5098 dubia
1031 5038 1242 5098 omnia
1271 5036 1373 5098 edi
1404 5038 1779 5098 curavimus.
1808 5040 1884 5098 Et
1916 5038 2165 5115 quidem
2201 5039 2262 5097 id
2294 5038 2457 5097 ultro
2488 5039 2779 5108 fatemur,
2805 5040 2975 5117 quod
3005 5040 3227 5117 cuique
3262 5034 3499 5101 monita
3528 5048 3745 5104 nostra

337 5112 572 5199 legenti
604 5115 970 5199 subodorari
992 5118 1243 5199 licebit;
1276 5117 1565 5178 videlicet
1589 5136 1732 5199 nos,
1766 5112 2072 5199 etsiginter
2100 5118 2339 5199 incerta
2366 5117 2584 5178 isthaac
2641 5112 3040 5193 reponamus,
3104 5112 3474 5199 plerumque
3530 5128 3744 5185 tamen

341 5192 541 5282 magis
567 5198 956 5282 propendere
986 5198 1049 5256 in
1083 5204 1325 5282 partem
1358 5198 1629 5282 negandi
1666 5197 2369 5282 :“maluisseque‘adhuc
2400 5192 2747 5282 subjudice
2780 5199 2948 5282 litem
2982 5192 3137 5273 esse,
3175 5192 3455 5281 quam-in
3492 5204 3742 5282 pericu-

342 5273 477 5361 lum
505 5273 713 5361 venire
746 5274 942 5361 levius
971 5273 1330 5354 proferendi
1359 5273 1563 5347 νοθὲίας
1587 5277 1827 5361 judicii,
1862 5273 2332 5361 Athanasioque
2362 5297 2508 5339 suas
2536 5273 2696 5339 forte
2726 5273 3647 5361 lucubrationes'abjudicandi.
3675 5286 3746 5344 In

345 5352 687 5443 posteriore
715 5371 790 5412 ea
820 5352 1199 5443 collo—camus
1232 5375 1373 5443 quae
1403 5352 1627 5443 aperte
1642 5359 1864 5443 _spuri_a
1897 5364 2064 5443 sunt,
2098 5352 2466 5443 non-aliquo
2497 5362 3013 5443 servatoordine,
3047 5363 3151 5422 sed
3186 5381 3257 5423 ea
3289 5352 3429 5442 quas
3459 5364 3522 5424 in
3576 5364 3747 5443 prius

347 5433 526 5492 editis
586 5433 819 5516 primas
878 5436 1175 5495 tenebant
1204 5433 1273 5497 ut
1302 5433 1708 5509 fors‘obtulit',
1742 5438 1957 5515 priora
1987 5439 2179 5498 ferme
2211 5433 2602 5516 reposuimus
2636 5458 2648 5499 :
2684 5442 2807 5501 alia
2840 5449 2905 5501 ut
2936 5445 3288 5514 argumenti
3312 5433 3476 5504 ratio
3509 5433 3748 5505 ferebat

352 5531 477 5572 una
506 5512 971 5591 conjunximus.
1006 5516 1130 5575 Nec
1160 5522 1372 5578 tamen
1403 5524 1573 5579 certa
1603 5512 1821 5596 regula
1850 5518 1967 5579 fuit
1994 5535 2012 5580 :
2046 5526 2109 5581 et
2134 5512 2509 5597 quia—serius
2536 5522 2841 5583 nonnulla
2888 5512 3289 5600 accedebant,
3352 5526 3624 5604 priorem
3680 5522 3748 5585 in

415 5700 493 5773 (a)
523 5700 597 5758 De
626 5709 846 5759 oratore
874 5701 915 5756 l.
945 5718 1008 5757 ιι.

626 5827 899 5892 Panos.
946 5828 1058 5893 Gn.
1098 5826 1381 5893 XXVIII.
3431 5836 3464 5903 ί

307 5922 703 6182 :37

3658 5788 3719 5835 ἰ,

3432 6122 3441 6133 ⁸
3452 6120 3591 6141 IL"-

3986 60 4017 707 1

3820 710 4051 2157 lu
