2050 3112
177 155 208 184 ll
917 155 1136 185 PREFATIO.
1844 158 1882 187 12

174 229 309 251 vacuum
329 222 432 251 locum
451 230 523 252 casu
542 222 640 260 magis
657 230 750 261 quam
767 221 897 251 consilio
914 221 1057 260 conjecta
1072 224 1144 251 sunt
1163 230 1168 250 :
1188 223 1218 251 et
1233 221 1404 252 consilioue
1419 231 1498 260 opus
1522 222 1553 252 in
1582 222 1675 252 rebus
1705 222 1885 255 inconsulta

176 261 348 291 multorum
375 262 555 304 temeritate
587 262 832 292 consarcinatis?
863 261 1006 292 Homilia
1037 264 1140 291 tamen
1165 271 1274 292 omnes
1290 271 1352 292 una
1367 262 1537 299 cohaerent,
1556 266 1680 293 servato
1695 272 1798 293 rerum
1813 273 1884 304 qua:

175 304 313 332 aguntur
328 302 447 332 ordine.

219 312 313 331 untur
328 312 447 332 ordine.

196 312 271 371 gHis
285 345 389 371 autem
407 342 499 376 notis,
515 341 564 371 his
581 341 704 371 tesseris
720 341 815 371 dubia
830 344 861 371 et
876 340 978 382 aliena
990 350 1008 370 a
1018 341 1177 382 germanis
1190 341 1431 371 internoscimus
1441 350 1448 371 :
1460 341 1562 380 primo
1573 352 1610 372 ex
1621 343 1883 382 frequentiAtha-

177 381 256 411 nasii
271 390 401 420 operum
418 382 615 417 tractatione,
633 391 687 412 ceu
705 385 814 421 gustus
828 382 955 420 quidem
971 381 1088 422 legenti
1103 381 1245 414 inhaeret,
1260 382 1349 420 cujus
1364 391 1424 421 ope
1439 382 1525 412 haud
1541 382 1632 412 facile
1647 381 1686 413 sit
1702 384 1760 422 ipsi
1776 385 1880 414 fucum

177 422 295 458 facere;
314 431 383 452 cum
403 422 537 451 maxime
553 423 685 452 arduum
702 423 742 451 sit
756 421 958 460 quantumvis
974 421 1074 459 perito
1091 422 1227 451 nativam
1245 421 1409 451 Athanasii
1437 423 1625 461 elegantiam
1657 421 1811 453 ementiri.
1846 426 1880 454 Et

177 462 303 503 quidem
335 462 433 503 multa
456 466 636 503 occurrunt,
655 472 725 501 quae
741 462 766 491 si
782 462 830 503 vel
849 461 1038 503 primoribus
1050 461 1180 503 quidem
1197 461 1457 503 labrisAattingas,
1473 463 1579 492 statim
1597 467 1723 502 respuat
1738 467 1773 493 ut
1789 473 1876 503 pere-

176 502 266 540 grina
282 504 312 531 et
326 502 366 532 ab
382 502 546 532 Athanasii
561 502 614 531 illa
630 504 750 542 ἐνεργείᾳ
764 501 978 542 abhorrentia.
994 501 1182 542 rliujrusmodi
1198 505 1271 542 sunt
1286 501 1457 542 Disputatio
1467 508 1571 533 contra
1583 501 1703 538 Arium,
1717 504 1747 533 in
1759 501 1880 542 synodo

178 542 317 577 Nicena,
333 541 437 572 Sermo
448 547 548 572 contra
563 551 654 572 amre:
670 541 799 578 hwreses,
815 541 952 572 Historia
968 541 1179 577 Melchisedeci,
1199 541 1284 571 Liber
1300 541 1349 572 De,
1360 541 1590 581 deﬁnitionibus,
1608 547 1639 573 et
1662 542 1715 573 alii
1740 541 1880 581 ejusdem

175 582 284 612 farinae
299 582 407 612 libelli.
425 582 555 612 Etiamsi
571 591 642 612 vero
657 582 688 611 in
706 582 844 612 melioris
857 585 941 612 nota:
956 582 1107 620 opuscula
1122 581 1307 617 incidamus,
1320 582 1395 612 dum
1409 583 1439 612 in
1455 591 1569 621 genere
1584 583 1739 622 polemico
1754 592 1879 614 versen-

175 625 237 658 tur,
255 622 286 652 in
302 631 365 661 quo
380 622 536 652 cernimus
553 631 630 661 pene
647 625 744 652 totam
761 622 925 652 Athanasii
940 624 1063 652 aetatem
1077 631 1143 651 esse
1158 621 1339 658 contritam,
1351 622 1436 652 haud
1454 631 1570 661 magno
1585 621 1696 653 labore
1712 632 1731 652 a
1756 624 1879 653 fraudu-

176 661 253 692 lenti
281 662 441 701 scriptoris
456 662 588 692 artificio
604 671 660 692 nos
676 662 868 701 explicemus
885 671 892 692 :
909 671 979 691 cum
997 661 1047 691 vix
1063 662 1128 691 ulla
1142 671 1193 691 ars
1207 662 1296 691 illum
1314 665 1359 692 tot
1374 671 1528 692 annorum
1545 672 1645 699 usum,
1664 663 1750 693 illam
1767 667 1879 702 sponte

174 702 324 732 ﬂuentem
341 702 552 742 eloquentiam
569 703 718 741 consequi
734 703 841 741 possit.
858 703 935 732 Cum
951 704 1055 732 autem
1073 702 1134 732 alio
1150 711 1262 741 genere
1278 702 1432 732 scribendi
1461 708 1590 733 exarata
1618 707 1702 739 sunt,
1735 712 1798 741 quo
1827 703 1876 733 vel

175 742 263 772 nulla
278 742 327 772 vel
344 743 532 782 paucissima
546 742 678 773 ediderit
694 743 895 777 Athanasius,
913 745 979 772 tum
996 742 1112 772 laboris
1127 746 1157 771 et
1171 742 1291 772 consilii
1306 751 1355 772 res
1370 746 1425 772 est.
1441 743 1661 782 lnvestiganda
1676 742 1792 773 scilicet
1808 743 1879 773 doc-

175 782 270 818 trina,
297 783 393 812 verba
419 782 543 821 singula
570 783 776 821 inspicienda,
805 782 967 812 sententiae
997 782 1218 821 ponderandas,
1237 791 1310 811 num
1327 782 1437 812 alienm
1453 783 1491 812 ab
1508 786 1609 819 astate,
1627 783 1667 813 ab
1682 786 1821 818 auctore,
1839 783 1878 813 ab

178 822 321 852 Ecclesiae
339 832 407 852 usu.
423 822 555 852 Difﬁcile
570 832 646 853 sane
660 822 737 852 nihil
753 822 907 862 ejusmodi
924 822 1117 861 deprehendi
1143 823 1175 852 in
1203 822 1327 861 spuriis.
1355 822 1387 852 Si
1412 826 1495 853 notas
1524 823 1668 862 quaedam
1699 823 1880 862 hujusmodi

176 865 352 899 occurrant,
369 867 400 892 et
415 863 477 893 tale
492 872 571 901 opus
586 863 625 892 ab
641 863 771 902 antiquo
787 863 910 892 nemine
926 863 1083 898 laudetur,
1097 862 1162 901 jam
1180 865 1314 901 augetur
1328 863 1475 901 suspicio.
1493 864 1599 902 Neque
1615 867 1719 893 tamen
1736 864 1819 893 illico
1836 865 1879 893 fe-

178 903 275 932 renda
290 903 455 932 adversum
471 903 636 938 sententia,
654 902 712 932 nisi
729 903 789 933 alia
805 912 843 933 ex
859 912 931 932 mox
946 902 1130 932 enarrandis
1145 905 1220 932 nota
1235 906 1428 942 compareat.
1442 903 1520 933 Nam
1532 906 1604 932 sunt
1618 903 1680 932 alia
1694 903 1879 941 gravissima

175 942 265 980 signa
279 942 393 981 quibus
408 942 445 972 lis
460 942 609 972 solvatur.
624 943 701 973 Cum
717 943 851 972 haereses
865 942 982 973 scilicet
995 942 1251 981 subscquentium
1267 945 1396 972 aetatum
1412 943 1648 981 impugnantur,
1660 944 1753 973 etiam
1783 944 1878 973 tacito

176 982 395 1012 haereticorum
412 983 537 1012 nomine
554 991 560 1012 :
578 991 714 1021 namque
729 983 754 1013 si
769 992 883 1012 nomen
904 983 1003 1019 adest,
1021 992 1076 1012 nec
1091 983 1272 1022 conjectura
1287 982 1394 1012 subest
1408 983 1514 1021 aliqua
1529 983 1622 1012 fuisse
1638 984 1877 1013 amanuensium

175 1022 351 1052 temeritate
366 1022 536 1062 adjectum,
553 1023 638 1053 nulla
656 1031 743 1053 mora
758 1023 857 1052 fertur
871 1025 975 1057 νοθείας
987 1022 1153 1061 judicium.
1175 1023 1207 1052 Si
1222 1023 1253 1051 in
1270 1023 1490 1061 manuscriptis
1505 1023 1665 1062 inscriptio
1694 1024 1737 1053 ita
1769 1024 1877 1059 variet,

174 1065 209 1091 ut
236 1063 267 1091 in
297 1062 365 1091 aliis
393 1063 568 1101 Athanasii,
584 1063 614 1092 in
632 1063 699 1092 aliis
714 1063 842 1092 alterius
857 1063 1017 1100 scriptoris
1033 1072 1146 1092 nomen
1164 1066 1346 1101 compareat
1361 1072 1366 1090 :
1383 1063 1506 1101 signum
1524 1063 1648 1092 videtur
1663 1064 1874 1100 manifestum,

175 1111 241 1131 esse
257 1105 356 1132 totum
374 1102 545 1132 Athanasio
561 1102 806 1141 abjudicandum
825 1111 832 1132 :
851 1111 921 1132 nam
938 1103 963 1132 si
980 1102 1123 1141 primitus
1139 1102 1302 1132 Athanasii
1320 1111 1432 1132 nomen
1451 1103 1571 1132 tulisset
1586 1103 1758 1142 inscriptio,
1776 1113 1814 1133 ne
1829 1112 1878 1133 co-

175 1142 304 1180 gitasset
318 1142 445 1181 quidcm
462 1144 662 1172 amanuensis
675 1143 802 1172 alterius
818 1151 932 1172 nomen
956 1142 1162 1178 substituere;
1193 1151 1262 1172 cum
1292 1146 1381 1172 tanta
1408 1145 1448 1172 sit
1476 1143 1711 1172 celebratissimi
1741 1143 1877 1172 ductoris

176 1182 357 1218 auctoritas,
384 1185 417 1212 ut
431 1183 561 1212 stultum
578 1186 659 1212 esset
673 1183 713 1212 ab
728 1183 790 1213 alio
806 1183 956 1220 majorem
975 1183 1123 1212 mutuari.
1143 1183 1178 1212 Et
1193 1191 1267 1212 sane
1283 1183 1403 1211 nultum
1420 1182 1594 1212 vidimusex
1609 1183 1752 1222 genuinis
1778 1184 1876 1212 Atha-

177 1222 268 1257 nasii,
284 1222 413 1251 alterius
429 1223 576 1261 praeferre
591 1232 703 1252 nomen
720 1223 751 1252 in
766 1223 937 1252 codicibus.
955 1222 1226 1252 Evidentissimum
1244 1222 1467 1261 suppositionis
1482 1228 1699 1260 argumentum
1717 1226 1774 1259 est,
1807 1232 1876 1253 cum

180 1263 286 1292 Patres
302 1262 475 1292 Athanasio
491 1272 642 1301 suppares
657 1266 713 1292 aut
728 1264 856 1292 omnino
872 1262 1033 1292 inferiores
1048 1263 1232 1292 laudantur:
1247 1272 1316 1291 nam
1333 1265 1398 1291 tum
1415 1263 1461 1292 vel
1473 1272 1510 1292 ex
1527 1263 1703 1301 ignorantia
1719 1264 1878 1302 scriptoris

176 1302 282 1340 prodit
297 1302 567 1338 anachronismus,
586 1303 633 1332 vel
646 1303 822 1333 inconsulto
838 1303 1077 1333 amanuensium
1092 1311 1169 1332 ausu
1188 1303 1349 1332 Athanasii
1364 1312 1476 1332 nomen
1494 1303 1656 1340 praefixum
1685 1303 1772 1340 operi
1802 1303 1870 1332 fuit.

176 1342 230 1372 His
247 1351 358 1372 ususus
373 1351 443 1372 sum
460 1344 601 1378 tesseris;
618 1352 688 1381 qua
704 1346 808 1372 tamen
824 1352 907 1372 nunc
922 1343 1032 1372 leviter
1045 1343 1232 1381 perstringo,
1250 1343 1324 1381 quia
1340 1343 1437 1372 fusius
1452 1342 1514 1371 suis
1529 1342 1615 1372 locis.
1633 1342 1797 1373 Undenam
1814 1343 1875 1372 sin-

176 1382 251 1421 gula
266 1383 430 1421 prodeant,
448 1382 561 1413 videsis
574 1384 605 1412 in
618 1392 688 1412 mox
705 1383 847 1421 sequenti
864 1382 1045 1412 recensione
1060 1383 1202 1412 codicum
1220 1391 1292 1412 mss.
1309 1386 1339 1412 et
1353 1383 1521 1412 editorum.

214 1423 332 1452 Prmter
347 1432 383 1452 ea
398 1426 503 1453 autem
519 1432 591 1462 quae
608 1423 657 1452 hic
673 1426 782 1452 extant
795 1432 880 1458 cusa,
899 1423 959 1452 alia
976 1422 1131 1462 permulta
1146 1425 1228 1458 sunt,
1245 1432 1314 1461 qua:
1330 1431 1399 1452 cum
1418 1422 1559 1460 proxime
1574 1421 1740 1460 prmteritis
1755 1422 1878 1452 saeculis

175 1461 280 1492 fraudi
295 1461 576 1502 opportunioribus
591 1463 719 1502 impune
734 1463 938 1492 Athanasium
955 1461 1105 1492 ementita
1127 1462 1267 1498 fuissent,
1285 1462 1459 1492 instaurate
1474 1462 1600 1491 demum
1617 1462 1790 1492 litterarum
1807 1471 1876 1498 usu,

179 1511 215 1547 ex
232 1502 451 1547 Athanasianis
465 1503 764 1547 ejecta_sunt.__lnter
779 1502 1125 1547 hacannumerantur
1154 1503 1388 1547 commentaria
1415 1502 1661 1547 ’l‘heophlylacti'
1671 1503 1701 1547 1'1}
1726 1502 1878 1547 Epistolas

175 1542 276 1577 Pauli,
292 1543 323 1572 in
341 1541 497 1581 prioribus
512 1543 619 1573 Gallia:
633 1543 723 1572 editis
739 1552 813 1573 cusa
827 1543 867 1573 ad
881 1543 1013 1572 frontem
1030 1551 1160 1581 operum
1177 1544 1207 1572 S.
1226 1542 1398 1578 Athanasii,
1417 1551 1487 1580 qua:
1503 1542 1615 1571 deinde
1636 1541 1787 1580 Vulgarii,
1813 1541 1877 1572 sive

175 1582 325 1621 Bulgarii,
351 1586 405 1612 aut
429 1583 534 1622 potius
548 1583 754 1621 'l‘eophylacti
771 1583 976 1621 Bulgarorum
993 1582 1131 1621 episcopi
1146 1591 1212 1612 esse
1228 1582 1423 1620 deprehensa
1437 1585 1520 1617 sunt,
1537 1585 1567 1622 et
1579 1581 1645 1622 jam
1661 1581 1800 1622 ejusdem
1818 1591 1875 1611 no-

176 1623 259 1651 mine
275 1624 380 1653 Grace
396 1621 549 1652 et’Latine
565 1623 837 1652 circumferuntur.
857 1624 922 1652 Non
939 1623 1065 1651 defuere
1079 1623 1166 1657 item,
1179 1622 1232 1660 qui
1247 1622 1343 1651 libros
1359 1622 1467 1651 Hilarii
1484 1622 1526 1651 De
1546 1621 1690 1651 Trinz’tate
1704 1621 1876 1651 Athanasio

176 1662 388 1701 ascripserint,
406 1672 540 1700 quorum
556 1663 711 1692 sententia
726 1671 764 1692 ne
779 1662 993 1692 cont‘utatione
1008 1662 1133 1701 quidem
1150 1666 1219 1701 eget
1232 1671 1238 1691 :
1252 1666 1284 1692 et
1299 1662 1396 1701 probe
1411 1671 1489 1701 opus
1504 1662 1581 1691 illud
1594 1661 1711 1691 Hilario
1722 1665 1876 1691 assertum

178 1702 278 1731 fuitin
296 1706 456 1742 postrema
471 1703 538 1742 ejus
553 1711 684 1741 operum
701 1702 838 1732 editione
852 1711 871 1731 a
886 1702 1001 1732 nostris
1015 1702 1178 1732 adornata.
1205 1702 1353 1741 Dialogus
1383 1711 1508 1741 quoque
1521 1701 1665 1742 iJoannis
1691 1702 1877 1742 Damasceni

178 1746 282 1772 contra
310 1741 487 1772 Manio/imos
511 1743 543 1772 in
560 1742 655 1781 Regio
671 1742 777 1772 codice
793 1751 878 1772 num.
895 1743 975 1771 2502
989 1742 1101 1772 ascribi
1116 1751 1134 1772 a
1151 1742 1309 1772 nonnullis
1326 1742 1497 1772 Athanasio
1512 1741 1655 1771 dicicitur
1671 1749 1677 1769 :
1695 1741 1748 1770 sed
1763 1745 1875 1780 γνήσιος

176 1782 362 1811 Damasceni
377 1782 457 1812 fetus
469 1785 527 1818 est,
544 1785 579 1812 ut
594 1782 735 1821 pluribus
751 1782 1008 1812 commonstrabit
1024 1782 1071 1812 vir
1086 1782 1225 1812 eruditus
1239 1783 1274 1811 P.
1292 1782 1439 1821 Lequien,
1469 1781 1586 1811 ordinis
1616 1781 1873 1816 Praedicatorum,

172 1821 204 1851 in
216 1830 252 1851 ea
264 1831 358 1860 quam
375 1825 464 1861 parat
479 1822 664 1852 Damasceni
679 1831 809 1861 operum
826 1822 971 1852 editione.
984 1823 1062 1852 Vere
1078 1825 1182 1852 tamen
1197 1822 1386 1851 Athanasius
1401 1822 1602 1857 Manichzeos,
1615 1830 1748 1860 quorum
1765 1821 1875 1859 ingens

172 1862 241 1892 isua
256 1865 441 1901 tempestate
453 1871 613 1897 numerus,
631 1862 753 1901 scriptis
767 1865 813 1892 est
827 1862 956 1892 adortus
973 1871 979 1891 :
997 1864 1030 1892 at
1044 1862 1197 1901 ejusmodi
1226 1862 1342 1901 scripta
1369 1871 1439 1891 cum
1468 1861 1640 1890 innumeris
1668 1861 1736 1890 aliis
1764 1861 1880 1899 injuria

173 1903 348 1940 temporum
379 1902 517 1932 extincta
543 1905 625 1932 sunt.
656 1903 693 1932 Et
709 1902 802 1941 plane
818 1902 955 1932 demiror
968 1902 1180 1932 Graeculorum
1197 1902 1407 1937 oscitantiam,
1425 1903 1479 1940 qui
1495 1901 1569 1930 dum
1587 1901 1693 1939 spuria
1708 1901 1878 1931 sexcenties

172 1942 390 1978 exscriberent,
405 1951 556 1981 germana
578 1943 623 1972 ita
638 1943 854 1981 neglexerunt,
868 1946 903 1972 ut
921 1942 1043 1972 incuria
1060 1942 1217 1981 prrierint.
1231 1943 1270 1972 Ut
1283 1942 1459 1980 conjectare
1476 1950 1569 1980 porro
1586 1941 1667 1978 licet,
1682 1950 1743 1970 non
1761 1941 1878 1980 dialogi

172 1990 259 2011 more
276 1982 464 2012 Manichaeos
473 1982 663 2012 Athanasius
674 1985 720 2012 est
735 1991 914 2021 aggressus:
932 1991 1004 2011 nam
1020 1982 1087 2021 ejus
1101 1991 1167 2011 aevo
1182 1981 1240 2011 hoc
1257 1982 1412 2011 scribendi
1427 1991 1525 2020 genus
1542 1981 1644 2010 minus
1660 1984 1726 2010 erat
1736 1981 1879 2019 frequen-

172 2024 282 2050 tatum.
302 2023 333 2051 tn
350 2022 512 2052 codicibus
525 2022 706 2060 Anglicanis
721 2022 861 2052 homiliaz
876 2023 907 2051 z'n
923 2021 1041 2052 Christi
1053 2027 1160 2059 ortum,
1173 2022 1335 2060 quaeinter
1345 2021 1559 2060 Chrysostomi
1571 2030 1667 2059 opera
1679 2023 1875 2059 comparent,

171 2061 333 2090 Athanasii
348 2062 421 2091 item
439 2071 552 2091 nomen
569 2063 748 2101 praferunt.
767 2063 881 2092 Earum
899 2062 1098 2092 meminimus
1112 2062 1142 2091 in
1161 2062 1279 2091 monito
1295 2062 1333 2091 ad
1347 2061 1509 2091 homiliam
1521 2061 1564 2091 De
1574 2065 1642 2091 ortu
1655 2060 1876 2100 Christi,p.350

170 2100 224 2139 (α).
243 2101 329 2135 Quod
348 2105 452 2131 autem
468 2103 580 2132 attinet
595 2103 633 2131 ad
648 2102 806 2131 orationes
821 2102 891 2132 illas
908 2101 1088 2132 dialecticas
1103 2102 1265 2132 Athanasii
1282 2102 1311 2131 in
1329 2102 1454 2131 Niczena
1469 2101 1588 2140 synodo
1604 2103 1756 2139 praesente
1779 2102 1875 2131 Cons-

172 2141 292 2170 tantino
321 2142 434 2179 Magno
459 2141 596 2178 habitas,
613 2145 801 2171 memoratas
817 2151 835 2171 a
850 2142 1072 2177 Felckmanno,
1090 2151 1168 2180 quas
1183 2145 1291 2171 narrat
1306 2142 1345 2171 Μ.
1364 2142 1490 2170 Crusius
1505 2141 1777 2179 Constantinopoli
1791 2140 1876 2179 apud

175 2181 419 2210 illustriSsimum
439 2181 608 2220 principem
625 2181 776 2212 Jacobum
793 2182 1012 2212 Marmoretam
1029 2191 1066 2212 eo
1081 2185 1221 2220 tempore
1236 2184 1376 2220 repertas
1387 2182 1491 2216 fuisse,
1508 2181 1559 2210 vix
1576 2181 1711 2220 putarim
1737 2181 1876 2210 diversas

172 2230 189 2250 a
219 2220 423 2260 Dis/iuratione
434 2227 537 2251 con/ra
565 2222 685 2257 Arium,
710 2230 781 2260 quas
795 2221 826 2251 in
843 2222 956 2261 spuriis
971 2231 1082 2261 agmen
1099 2223 1163 2260 agit
1179 2231 1185 2251 ς
1204 2222 1350 2261 permulti
1367 2231 1502 2260 namque
1518 2221 1585 2259 ejus
1600 2221 1723 2251 codices
1735 2221 1766 2250 in
1783 2221 1876 2249 variis

172 2261 370 2290 bibliothecis
388 2264 521 2291 exstant.
533 2262 567 2291 ln
586 2261 657 2291 Vitis
670 2266 836 2291 sanctorum
846 2260 1069 2298 Sicularumab
1080 2262 1207 2291 Octavio
1218 2261 1379 2300 Cajetano,
1391 2263 1600 2301 Syracusano,
1611 2261 1776 2301 Societatis
1789 2260 1874 2301 Jesu,

173 2302 321 2330 Panormi
338 2302 425 2330 editis
443 2311 525 2331 anno
541 2303 627 2337 l657,
647 2311 678 2340 p.
696 2302 746 2335 24,
763 2305 865 2330 exstat
881 2301 1006 2331 nomine
1021 2301 1183 2331 Athanasii
1198 2299 1424 2340 archiepiscopi
1436 2301 1637 2331 Alexandrini
1661 2300 1725 2330 Vita
1741 2300 1776 2330 S.
1799 2299 1874 2329 Plii-

172 2340 248 2379 li’p/iz'
274 2341 446 2379 Ayyrz‘em’s.
479 2342 573 2379 vulgo
597 2341 770 2380 Agyriom‘s,
789 2350 827 2370 ex
853 2344 958 2371 monte
972 2341 1128 2380 Agyrione
1143 2341 1173 2370 in
1190 2341 1305 2370 Sicilia.
1324 2342 1363 2376 is,
1381 2345 1415 2371 ut
1430 2342 1522 2380 vulgo
1539 2343 1678 2380 narrant,
1696 2349 1714 2369 a
1730 2340 1874 2380 BLPetro

173 2382 315 2419 apestolo
332 2382 361 2409 in
379 2381 518 2410 Siciliam
536 2379 654 2410 missus
663 2382 730 2416 fuit,
749 2381 889 2419 obiitque
904 2390 987 2411 anno
1003 2381 1117 2411 Christi
1133 2382 1182 2417 90,
1200 2381 1249 2410 die
1265 2383 1301 2411 l2
1317 2381 1401 2421 Maii.
1419 2382 1531 2411 Verum
1547 2381 1578 2410 in
1596 2379 1776 2421 hujusmodi
1792 2387 1874 2421 com-

172 2417 277 2450 mento
294 2421 459 2451 refutando
475 2430 603 2459 operam
620 2421 727 2450 ludere
742 2417 988 2450 otiosi-hominis
1003 2424 1094 2450 esset.
1108 2421 1275 2451 Christiani
1291 2417 1391 2460 Copti,
1409 2430 1463 2451 seu
1478 2420 1626 2460 IEgyptii,
1637 2417 1789 2460 hymnum
1807 2417 1874 2449 Glo-

171 2461 219 2489 ria
236 2463 263 2489 in
280 2460 409 2496 mcelsis,
428 2462 553 2499 Uoptice
569 2461 755 2490 translatum
773 2461 915 2490 tribuunt
928 2461 1114 2491 Athanasio.
1130 2461 1189 2491 Sed
1206 2470 1276 2491 cum
1293 2459 1349 2491 nec
1364 2471 1383 2491 a
1399 2462 1524 2496 Graecis,
1539 2459 1597 2490 nec
1613 2469 1631 2490 a
1647 2459 1763 2489 Latinis
1787 2461 1874 2489 tanto

171 2501 290 2530 doctori
308 2502 460 2539 ascriptus
471 2498 616 2540 unquam
632 2501 725 2530 fuisse
741 2504 943 2536 memoratur,
961 2500 1128 2531 verisimile
1144 2505 1191 2531 est
1205 2502 1320 2540 Coptos
1334 2501 1430 2540 ipsos,
1447 2501 1611 2540 stupenda
1628 2502 1753 2540 gentem
1783 2498 1874 2540 igno:

171 2542 292 2577 rantiae,
313 2538 397 2579 qnes’
408 2550 500 2580 penes
515 2538 684 2580 plurimum
699 2541 884 2571 auctoritate
900 2540 982 2571 valet
996 2541 1196 2577 Athanasius,
1212 2541 1243 2570 id
1252 2538 1362 2580 'operi's
1377 2538 1551 2571 inconsulte
1566 2538 1806 2580 ipsi’tribuisse.
1827 2538 1873 2580 Ad

172 2580 239 2610 haec
268 2577 414 2610 Luciitius
439 2577 627 2621 Byzantinus
652 2581 736 2621 libro
759 2580 907 2611 Adversus
920 2580 1043 2620 fraudes
1057 2577 1340 2621 Apollinarzstarum
1355 2581 1408 2617 ait,
1427 2581 1567 2621 solemne
1580 2577 1674 2621 fuisse
1689 2577 1873 2621 Apollinarii

172 2621 331 2659 discipulis
348 2622 442 2651 libros
457 2618 599 2660 magistri
612 2620 658 2651 sui
672 2621 755 2651 Julio
772 2621 876 2658 modo,
894 2618 967 2651 mox
983 2618 1132 2660 Gregorio
1146 2621 1395 2660 Thaumaturgo,
1409 2618 1871 2660 modo-Athanasioascribere2

172 2661 231 2690 Sed
249 2657 427 2700 hujusmodi
446 2657 610 2691 librffalso
621 2661 762 2701 inscripti
777 2661 816 2691 ad
832 2671 889 2691 nos
904 2670 1004 2700 usque
1019 2657 1146 2691 minime
1161 2657 1359 2701 pervenerat:
1379 2662 1440 2691 Nec
1467 2660 1577 2701 modo
1597 2659 1793 2701 Apollinarii,
1820 2657 1875 2701 sed

171 2701 264 2731 etiam
291 2698 445 2741 ‘Eutycliis
474 2704 504 2732 et
529 2701 687 2738 Dioscori;
705 2698 743 2732 en
758 2701 854 2732 verba
869 2698 989 2732 Leontii
1007 2710 1014 2731 ί
1035 2713 1049 2731 ι(
1065 2698 1196 2737 Quidam
1213 2710 1251 2732 ex
1267 2701 1379 2732 haeresi
1393 2699 1582 2740 Apollinarii
1596 2698 1646 2730 vel
1660 2698 1810 2738 Eutychis
1825 2698 1875 2728 vel

205 2807 243 2844 (α)
257 2807 306 2834 Hic
322 2808 350 2834 et
365 2807 440 2834 infra
455 2806 578 2843 paginas
592 2805 724 2842 intelligo
738 2805 874 2835 editionis
889 2807 1008 2835 Veneta
1022 2813 1096 2842 quas
1111 2805 1187 2842 typis
1203 2805 1411 2842 grandioribus
1426 2804 1635 2842 expressimus.
1649 2803 1728 2832 Eurr.

1734 2907 1830 3006 θ’)
