4100 6224
335 398 411 456 15
1825 401 2262 461 ΡΒΕΡΑΤΙΟ.
3264 464 3267 467 ,
3672 406 3748 465 16

325 530 405 611 ab
454 528 831 611 Ambrosio,
864 528 1235 611 Akugustino,
1284 529 1649 611 multisque,
1704 549 1845 591 cum
1898 532 2298 609 supparibus,
2354 538 2482 593 tum
2532 538 2717 593 astate
2769 534 3141 595 minoribus.
3190 536 3410 595 Versus
3462 536 3737 611 demum,

331 609 539 694 Gloria
573 609 754 694 Patri
785 617 850 694 et.
879 606 1027 694 Filio
1075 619 1126 665 et
1175 609 1439 685 Spiritui
1482 606 1704 694 sancto,
1742 606 2177 694 usuveni—ebat
2206 622 2430 691 quarto
2462 614 2714 687 saeculo,
2751 614 2981 674 Basilio
3015 623 3292 686 auctore,
3326 616 3433 694 qui
3466 606 3744 678 diversos

331 692 466 788 ejus
498 688 853 788 proferendi
886 691 1173 782 modulos
1195 696 1579 788 oenumeratlz
1608 692 1906 784 .obtinuit
1949 692 2097 751 item
2141 688 2515 788 A‘n'tiocliiize,
2560 700 2845 788 tempore
2874 696 3130 788 ‘Leon‘tii
3178 688 3454 788 episcopi
3501 698 3741 788 Ariani,

332 771 674 856 Athanasio
704 770 1064 856 adversarii,
1103 772 1210 848 qui
1239 788 1380 830 eum
1409 773 1485 830 ad
1521 770 1893 856 Arianorum
1929 791 2106 856 usum
2139 780 2329 851 atque
2361 770 2890 856 arbitrium—haud
2926 776 3167 856 modice
3198 770 3457 837 vitiavit.
3484 770 3737 856 Appen¥

335 851 488 909 dicis
518 858 753 922 autem,
798 850 884 910 Et
913 869 1069 909 nunc
1111 860 1166 909 et
1194 870 1419 930 semper
1461 859 1515 909 et
1557 853 1617 910 in
1662 852 1873 911 secula
1901 850 2268 911 sucularum.
2304 856 2517 926 Amen,
2551 854 2752 914 altum
2785 854 2915 914 istis
2946 855 3188 915 saeculis
3220 850 3557 916 silentium:
3582 850 3742 919 ἨεΕο

333 930 547 1017 omnia
579 948 989 1017 memorassse
1018 931 1440 1017 Athanasium
1466 931 1566 1017 vi}
1594 932 1992 1004 crediderim,
2016 939 2205 1017 atque
2238 932 2383 994 hinc
2407 942 2682 1017 augetur
2714 940 2810 994 sat
2840 935 3023 995 ﬁrma
3052 936 3305 1017 aliunde
3328 942 3561 1017 νοθείας,
3597 958 3739 1017 quae

336 1010 552 1095 in_ho_c_
584 1012 958 1095 opusculum
991 1011 1181 1083 cadit,
1217 1012 1823 1095 suspicioﬂaeterum
1876 1014 2124 1095 tametsi
2172 1014 2334 1073 lectu
2387 1010 2643 1091 dignum
2687 1033 2870 1094 opus,
2919 1023 2980 1074 et
3024 1013 3464 1094 pulcherrimis
3506 1010 3741 1095 praece-

333 1091 653 1168 ptionibus
682 1091 1056 1151 instructum
1090 1098 1204 1162 est,
1253 1110 1375 1151 non
1419 1092 1641 1152 desunt
1692 1092 1800 1170 qui
1850 1093 2223 1171 vituperent,
2289 1101 2351 1154 et
2403 1091 2772 1155 temeritatis
2823 1091 3076 1156 nomine
3126 1096 3461 1156 traducunt
3506 1091 3740 1159 dictum

330 1171 486 1231 illud
520 1171 732 1250 hujus,
767 1171 1049 1257 quisquis
1082 1172 1335 1231 tandem
1367 1171 1468 1245 sit,
1502 1174 1774 1232 auctoris
1808 1189 1820 1229 :
1856 1185 1949 1251 Ma,

2121 1200 2215 1250 μαι
2266 1178 2422 1233 παντὶ
2454 1181 2745 1254 ἀνθρώπῳ,
2780 1180 3029 1235 ἀκούοντι
3078 1183 3143 1234 τὰ
3193 1181 3410 1257 ῥήματα
3456 1188 3623 1237 ταῦτα
3652 1184 3740 1239 καὶ

330 1263 602 1326 ποιοῦντι,
652 1257 749 1337 ὅτι.
776 1259 843 1337 τὸ
891 1253 1062 1337 ὄνοὲ
1113 1258 1276 1337 αρτοὖ
1325 1258 1742 1337 γραφήσεταιλᾶν
1791 1263 1877 1337 τῇ-
1914 1254 2092 1337 βίϐλῳ
2138 1264 2236 1337 τῆς
2286 1265 2470 1337 ζωῆς·Δ
2502 1258 2589 1314 καί
2640 1260 2690 1314 ἒν
2741 1265 2819 1331 τῷ
2845 1261 3013 1334 τρίτῳ
3060 1253 3294 1336 τάγματι
3339 1266 3446 1317 τῶν
3489 1262 3738 1337 ἀγγέλων

331 1339 692 1415 εὑρεθήσεται.
727 1332 793 1415 Id
822 1339 956 1415 est:
1000 1332 1049 1391 Τ
1048 1331 1303 1415 testiﬁcor
1332 1331 1493 1415 omni
1518 1333 1745 1392 homini
1769 1334 1877 1411 qui
1905 1331 2161 1415 audierit
2192 1333 2313 1394 hare
2345 1334 2540 1415 verba,
2575 1344 2628 1393 et
2656 1337 2866 1415 fecerit
2880 1331 3176 1414 Vea,vquoal
3197 1356 3403 1395 nomen
3433 1331 3739 1415 ejus'scri-

202 1422 223 1435 ν
248 1432 251 1435 '
333 1412 578 1472 bendum
609 1412 691 1473 sit
717 1414 779 1471 in
811 1411 961 1471 libro
993 1413 1147 1475 vitae.
1174 1422 1232 1471 et
1257 1412 1415 1493 quod
1441 1413 1564 1493 ipse
1593 1416 1653 1473 in
1681 1415 1849 1473 tertio
1879 1413 2224 1491 angelorum
2254 1414 2462 1474 ordine
2488 1417 2569 1473 sit
2594 1414 2988 1475 collocandus.
3015 1411 3138 1477 Sed
3168 1435 3293 1476 non
3320 1411 3589 1476 arbitror
3619 1417 3739 1478 hoc

330 1493 583 1553 nomine
615 1500 741 1553 tam
775 1510 993 1572 aspere
1024 1494 1462 1570 excipiendum
1494 1512 1625 1554 esse
1657 1494 2026 1570 scriptorem
2060 1495 2271 1554 istum.
2306 1494 2519 1553 Noluit
2554 1496 2718 1553 enim
2771 1496 2831 1553 in
2884 1497 3230 1555 mercedem
3278 1497 3641 1574 proborum,
3677 1498 3740 1559 ni

330 1574 533 1646 fallor,
571 1574 825 1634 tertium
870 1573 1237 1650 angelorum
1292 1574 1577 1634 ordinem
1629 1575 1716 1634 ita
1762 1574 2020 1633 strictim
2078 1575 2417 1651 assignare.
2456 1575 2575 1633 Sed
2610 1574 2759 1652 quia
2787 1576 2995 1652 angeli
3022 1578 3212 1654 vulgo
3246 1573 3528 1636 homines
3558 1584 3738 1638 ante-

333 1654 557 1714 eellere
587 1662 910 1732 putantur,
944 1672 1084 1713 cum
1118 1654 1332 1731 aliquo
1362 1655 1654 1714 inferiore
1686 1654 2055 1735 angelorum
2089 1654 2330 1735 ordine,
2382 1655 2489 1732 qui
2521 1673 2653 1713 sese
2688 1655 2857 1733 prior
2888 1657 3079 1716 menti
3113 1656 3362 1729 obtulit,
3396 1658 3628 1735 probos
3659 1678 3734 1718 ex

332 1736 450 1816 hac
480 1736 607 1794 vita
641 1738 979 1811 migrantes
1009 1734 1410 1816 collocandos
1439 1735 1613 1794 dixit.
1633 1736 1872 1816 Levem
1916 1734 2105 1816 aliam
2151 1734 2296 1816 huic
2328 1735 2530 1794 dicam
2565 1734 2857 1812 impingit
2887 1755 3164 1814 nuperus
3193 1734 3460 1816 scriptor
3490 1743 3737 1801 nostras

332 1814 443 1887 vir,
480 1816 715 1896 alioqui
746 1816 991 1887 doctus,
1025 1814 1277 1896 gui_nec
1307 1816 1437 1896 sine
1469 1814 1749 1896 convicio
1791 1814 1924 1874 haec
1973 1815 2108 1890 ejus
2155 1815 2368 1896 verba,
2419 1821 2710 1896 χορευτρία
2744 1824 2998 1890 Χριστοῦ,
3046 1818 3132 1876 sic
3164 1814 3397 1878 Gallice
3428 1818 3735 1896 interpre-

334 1901 519 1965 tatur,
571 1892 648 1956 la'
678 1893 957 1955 danseuse
1005 1892 1074 1954 de
1118 1894 1532 1954 Jews-Christ.
1584 1896 1674 1955 An
1708 1895 1809 1955 hic
1840 1896 1916 1954 de
1949 1895 2223 1974 tripudio
2251 1892 2506 1972 agitur?
2538 1902 2599 1956 et
2624 1892 2779 1974 quid
2812 1903 2937 1956 tam
2974 1898 3281 1974 frequenti
3314 1918 3425 1958 usu
3458 1892 3735 1958 celebra-

331 1984 461 2035 tum
494 1976 558 2035 in
596 1975 888 2059 Ecclesia,
923 1994 1109 2053 quam
1141 1975 1391 2059 choreae
1422 1974 2392 2059 virginumChristiaponsarum
2414 1978 2443 2033 ?
2476 1977 2710 2059 Eadem
2742 1995 2863 2059 vox
2893 1977 2956 2035 in
3008 1977 3135 2038 Vita
3168 1976 3521 2059 Syncleticm
3556 1998 3732 2039 usur-

328 2063 540 2135 patur,
575 2058 735 2115 unde
767 2056 976 2135 palam
1009 2062 1101 2116 est
1132 2056 1363 2115 frustra
1393 2075 1524 2117 esse
1559 2056 1665 2134 qui
1698 2055 1932 2115 dictum
1966 2055 2121 2115 illud
2153 2056 2594 2116 inclementius
2626 2058 2974 2134 exagitent.

405 2162 698 2243 Synepsis
728 2164 1062 2242 Scriptura
1089 2182 1273 2222 sacra:
1305 2163 1387 2241 (a)
1418 2162 1742 2243 laudatum
1775 2181 1933 2240 opus
1964 2167 2026 2222 et
2055 2162 2305 2240 quidem
2341 2181 2377 2222 a
2406 2163 2678 2222 laudatis
2712 2162 2878 2236 viris,
2914 2184 3036 2223 non
3071 2182 3144 2223 eo
3178 2164 3336 2223 inter
3365 2164 3558 2223 dubia
3587 2183 3737 2224 con-

321 2242 599 2320 jicimus’,
636 2262 762 2321 quo
794 2242 1172 2303 arbitremur
1201 2244 1546 2303 Athanasio
1578 2242 1903 2320 indignum
1938 2261 2089 2303 esse.
2128 2245 2353 2320 Ecquis
2398 2244 2561 2302 enim
2614 2243 2717 2303 ille
2772 2252 2893 2303 tam
2942 2244 3178 2322 peritus
3225 2244 3515 2321 scriptor,
3548 2263 3733 2322 quem

332 2325 631 2401 pmniteat
664 2330 906 2384 tantum
942 2324 1167 2383 librum
1203 2323 1594 2383 confecisse?
1640 2325 1796 2383 Eum
1846 2341 1996 2382 sane
2037 2323 2144 2400 qui
2194 2330 2487 2382 accurate
2521 2331 2747 2393 teneat,
2782 2326 3131 2383 litterarum
3164 2324 3515 2383 divinarum
3550 2326 3737 2403 plane

331 2404 490 2464 belle
524 2405 807 2464 eruditus
857 2404 1201 2478 habeatur;
1256 2405 1340 2463 ita
1386 2403 1652 2463 dilucide
1693 2409 1753 2462 et
1783 2404 1964 2463 docte
1995 2412 2448 2463 commemorat
2479 2405 2629 2483 quid
2662 2405 2736 2464 de
2768 2405 3203 2465 distributione
3236 2406 3534 2464 librorum
3572 2407 3733 2466 Scri-

332 2490 533 2562 pturae
566 2502 779 2558 sacrae,
819 2484 967 2561 quid
1001 2485 1075 2543 de
1108 2484 1503 2552 auctoritate,
1538 2485 1614 2543 de
1646 2490 1947 2561 tempore,
1981 2484 2057 2544 de
2090 2490 2346 2543 auctore
2378 2485 2681 2563 cujusque
2717 2485 2853 2544 libri
2888 2486 3274 2563 putandum;
3328 2486 3414 2544 ita
3446 2492 3738 2545 accurate

330 2572 391 2624 et
439 2565 748 2642 sagaciter
804 2566 970 2643 quod
1024 2565 1175 2643 ipse,
1230 2567 1450 2624 crebro
1502 2564 1908 2641 regustando,
1962 2570 2177 2624 notatu
2231 2565 2480 2641 dignius
2529 2573 2944 2643 compererat,
2996 2567 3214 2625 lectori
3264 2567 3478 2643 paucis
3527 2568 3733 2627 offert.

330 2646 546 2723 Neque
578 2652 751 2705 tanta
786 2651 990 2704 tamen
1024 2646 1347 2721 religione,
1385 2650 1452 2703 ut
1482 2654 1734 2704 acutum
1767 2644 2046 2717 decebat,
2092 2663 2434 2723 synopseos
2479 2646 2742 2704 formam
2799 2652 3219 2717 consectatur,
3277 2651 3345 2703 ut
3391 2645 3589 2704 sicubi
3640 2665 3735 2706 res

330 2726 643 2803 explicatu
678 2725 952 2785 difﬁcilis
982 2726 1279 2795 occurrit,
1312 2726 1672 2803 importuna
1702 2725 2008 2785 brevitate
2040 2725 2461 2785 obscuriorem
2496 2727 2763 2785 efficiat:
2799 2725 2907 2783 sed
2939 2743 3079 2783 cum
3111 2724 3199 2784 ita
3232 2725 3393 2783 facto
3426 2743 3584 2803 opus
3615 2733 3730 2799 est,

328 2805 730 2883 interpretem
781 2806 930 2883 agit,
988 2812 1049 2865 et
1096 2806 1289 2864 fusius
1339 2806 1525 2865 etiam
1576 2824 1766 2882 quam
1816 2805 2139 2882 Scriptura
2184 2806 2341 2883 ipsa,
2397 2824 2524 2865 rem
2577 2810 3066 2871 commemorat;
3119 2824 3244 2883 quo
3296 2805 3442 2865 dato
3499 2808 3727 2884 spatio,

329 2904 542 2946 rursus
571 2887 949 2946 destinatum
1000 2886 1199 2964 carpit
1240 2886 1379 2945 iter.
1436 2884 1714 2947 Diximus
1766 2887 1826 2944 in
1877 2884 2041 2944 notis
2089 2886 2167 2945 ad
2218 2905 2278 2962 p.
2334 2887 2448 2945 156
2496 2885 2865 2963 Josephum,
2922 2884 3098 2962 cujus
3147 2892 3537 2963 ὑπομνηστικῷ
3586 2905 3726 2964 quas

329 2906 542 2946 rursus
571 2906 949 2946 destinatum
1000 2906 1108 2946 car
1131 2906 1199 2944 ut
1240 2906 1379 2945 iter.
1436 2906 1714 2947 Utxunus
1766 2906 1826 2944 ll]
1877 2906 2041 2944 nous
2089 2906 2167 2945 aa
2218 2906 2278 2962 p.
2334 2906 2448 2945 me
2496 2906 2865 2963 Josepnum,
2922 2906 3098 2962 CUJUS
3147 2906 3537 2963 ὑπομνηστικῳ
3586 2906 3725 2964 quae

326 2974 643 3044 postrema
688 2968 749 3025 in
803 2966 1074 3046 Synopsi
1112 2906 1409 3044 leguntur
1447 2972 1507 3025 et
1545 2966 1675 3042 jam
1710 2965 1912 3043 primo
1946 2967 2152 3046 Graece
2182 2974 2570 3044 comparent,
2604 2972 2867 3043 excepta
2896 2972 3062 3037 sunt,
3096 2966 3299 3024 virum
3331 2967 3518 3026 fuisse
3546 2966 3725 3025 Chri-

324 3048 594 3107 stianum
632 3067 645 3107 :
698 3045 875 3117 secus
919 3048 1188 3105 aestimat
1236 3050 1454 3105 Petrus
1492 3046 1877 3118 Lambecius,
1915 3045 2125 3124 aitque
2156 3045 2438 3106 Flavium
2471 3046 2813 3125 Josephum
2848 3064 3001 3113 esse,
3035 3046 3425 3105 Judaicarum
3455 3045 3723 3126 antiqui-

324 3138 509 3187 latum
539 3128 929 3206 scriptorem,
965 3133 1026 3186 et
1056 3128 1305 3186 titulum
1340 3126 1674 3204 quemdam
1709 3147 1785 3186 ex
1816 3126 2064 3186 decimo
2097 3146 2263 3185 nono
2296 3126 2509 3185 codice
2542 3126 2901 3204 the010gico
2932 3126 3133 3197 affert,
3171 3144 3394 3203 nempe
3430 3144 3442 3184 :
3480 3129 3724 3194 Μέθοδος

323 3214 592 3282 Ἰωσήπου
624 3212 682 3267 ἐκ
708 3218 813 3267 τῶν
850 3213 1062 3284 ὑπομνη
1079 3212 1257 3283 μάτων
1290 3212 1473 3279 αὐτοῦ,
1507 3212 1593 3265 καὶ
1624 3216 1893 3287 χρονικῶν
1916 3212 2326 3286 συνταγμάτων·
2350 3216 2468 3273 πῶς
2494 3212 2714 3282 συνέστη
2741 3214 2803 3266 τὸ
2825 3210 3151 3285 ψαλτήριον,
3178 3210 3267 3265 καὶ
3291 3216 3407 3271 πῶς
3439 3212 3489 3265 οἱ
3510 3211 3727 3284 ψαλμοὶ

323 3293 655 3363 ἐξετέθησαν,
698 3293 789 3347 καὶ
835 3292 955 3346 τίνα
1005 3292 1103 3345 εἶσὶ
1154 3292 1219 3345 τὰ
1268 3292 1713 3364 μνημονευόμενα
1761 3292 1810 3345 ἐν
1860 3297 1978 3353 ταῖς
2030 3298 2267 3369 Γραφαῖς
2319 3288 2529 3367 βιϐλία,
2582 3294 2654 3363 μὴ
2709 3292 3061 3365 εὑρισκόμενα
3112 3289 3187 3345 δὲ·
3241 3291 3329 3345 καὶ
3377 3291 3496 3346 τίνα
3528 3291 3629 3344 εἰσὶ
3660 3292 3727 3346 τὰ

322 3373 373 3428 ἐν
410 3377 490 3444 τῷ
530 3371 675 3427 τέλει
706 3377 785 3427 τῶ
820 3369 981 3447 Δαυῖδ
1014 3373 1340 3446 πραχθέντα,
1373 3372 1461 3426 καὶ
1498 3373 1637 3433 τίνες
1670 3375 2014 3447 ἡρμήνευσαν
2046 3373 2108 3426 τὸ
2139 3365 2463 3446 ψαλτήριον,
2496 3373 2583 3426 καὶ
2616 3372 2795 3445 πόσοι,
2828 3374 2915 3426 καὶ
2949 3372 3099 3427 πότε.
3155 3366 3220 3424 ld
3264 3371 3373 3438 est,
3428 3365 3729 3447 Mel/mlius

319 3446 567 3527 .Iosephi
590 3466 690 3507 seu
715 3446 953 3527 Josippi
976 3465 1051 3505 ea:
1079 3444 1513 3527 commentariis
1551 3460 1603 3507 et
1635 3444 1927 3507 chronicis
1952 3444 2247 3524 opusculis
2279 3444 2486 3507 illius:
2536 3467 2650 3525 quo
2678 3456 2848 3527 pacto
2877 3450 3257 3506 constitutum
3284 3446 3467 3525 fuerit
3499 3444 3726 3506 Psalte-

322 3525 500 3596 rium,
535 3547 649 3607 quo
679 3525 854 3585 modo
875 3527 1095 3603 psalmi
1117 3525 1262 3586 editi
1293 3544 1312 3585 :
1353 3530 1595 3606 quinam
1628 3526 1769 3586 libri
1800 3529 1858 3585 in
1900 3527 2236 3607 Scripturis
2277 3529 2591 3587 memorati
2630 3525 2759 3605 jam
2807 3546 2923 3586 non
2971 3527 3355 3605 reperiuntur
3386 3544 3404 3583 :
3452 3544 3725 3607 quasnam

328 3610 389 3698 in
435 3606 555 3687 fine
581 3607 666 3698 (ὑ)
714 3628 750 3698 a
785 3607 1006 3698 [gari-ide
1036 3612 1202 3698 facta
1227 3618 1415 3698 sunt:
1462 3606 2094 3698 quinamnl’salterium
2127 3609 2507 3698 interpretati
2528 3608 2668 3698 sint,
2709 3610 2978 3698 quatiet
3031 3626 3146 3687 quo
3193 3615 3445 3698 tempore
3470 3606 3719 3698 fuerint.

326 3689 555 3748 Verum
604 3696 671 3748 ut
710 3687 934 3765 judieii
981 3692 1116 3747 tuta
1163 3705 1237 3747 ea
1282 3688 1361 3747 de
1408 3706 1474 3747 re
1521 3688 1758 3747 ferendi
1805 3688 1987 3765 copia
2030 3694 2207 3760 esset,
2262 3687 2538 3748 Codicem
2572 3687 3168 3765 Cantabrigiensem,
3204 3687 3279 3746 de
3312 3704 3436 3765 quo
3467 3687 3527 3745 in
3562 3687 3723 3747 notis

324 3768 579 3843 ibidem,
634 3787 672 3828 a
720 3768 980 3828 Patritio
1024 3767 1210 3829 Junio
1256 3767 1319 3827 in
1370 3767 1531 3828 notis
1575 3768 1654 3827 ad
1695 3769 2028 3847 epistolam
2062 3769 2398 3829 Clementis
2429 3771 2504 3828 ad
2538 3768 2893 3828 Corinthios
2922 3768 3268 3842 laudatnm,
3304 3767 3717 3827 evolvendum

325 3854 662 3928 oporteret.
717 3850 794 3909 Et
841 3848 1118 3908 fortassis
1166 3848 1265 3909 vel
1312 3848 1445 3926 ipse
1493 3848 1667 3908 locus
1715 3868 1750 3909 a
1799 3848 2129 3910 Lambecio
2178 3849 2471 3910 laudatus
2519 3851 2686 3909 solus
2736 3849 2812 3908 sit
2859 3850 3026 3917 satis,
3064 3853 3125 3928 ut
3158 3848 3497 3926 Josephum
3532 3848 3715 3907 istum

321 3927 742 3990 Christianum
776 3928 963 3991 fuisse
994 3928 1442 4008 comprobatur
1475 3948 1489 3991 :
1541 3929 1650 3989 illa
1681 3929 1845 3990 enim
1879 3934 2196 4008 postrema
2237 3930 2428 3989 verba
2462 3948 2475 3987 :
2530 3930 2619 3990 Et
2666 3932 2908 4008 quinam
2956 3927 3314 3988 Psalterium
3346 3930 3722 4006 interpretati

314 4010 455 4082 sint,
488 4012 679 4092 Aquoti
722 4019 780 4070 et
824 4030 939 4092 quo
983 4018 1242 4092 tempore
1274 4009 1535 4092 fuerint,
1589 4015 1961 4092 argumento
2008 4018 2175 4082 sunt,
2230 4010 2292 4069 ni
2345 4010 2521 4070 labor
2566 4011 2883 4092 opinione.
2934 4010 3176 4087 aliquot
3223 4016 3367 4087 post
3404 4008 3717 4092 Christum

316 4090 558 4150 smculis
590 4091 756 4151 hunc
785 4089 1129 4170 Josephum
1163 4091 1411 4150 vixisse.
1452 4090 1562 4150 Ille
1606 4091 1915 4169 siquidem
1966 4092 2569 4152 Commentariorum
2622 4092 2682 4149 in
2732 4091 3016 4149 Psalmos
3060 4107 3378 4159 numerus,
3440 4089 3720 4170 animum

314 4177 605 4249 exauget,
660 4177 727 4231 ut
780 4169 946 4230 hunc
992 4171 1331 4249 Josepbum
1385 4172 1575 4231 alium
1628 4190 1665 4231 a
1715 4170 2122 4232 celeberrimo
2172 4172 2448 4249 Josepbo
2497 4172 2900 4231 arbitremur.
2937 4173 3070 4229 Non
3102 4171 3266 4230 enim
3299 4187 3431 4229 aevo
3460 4169 3722 4248 Josephi

314 4250 765 4332 Antiquitatum
797 4252 1117 4329 scriptoris
1146 4257 1241 4312 tot
1269 4253 1723 4312 commentaria
1750 4254 1813 4312 in
1844 4250 2126 4312 Psalmos
2167 4252 2354 4311 fuisse
2384 4252 2696 4311 videntur.

394 4359 480 4417 Ne
513 4358 878 4417 omittamus
910 4375 981 4417 ea
1013 4375 1153 4435 quae
1184 4357 1259 4415 de
1292 4356 1525 4437 codice,
1558 4357 1726 4417 unde
1768 4356 1902 4415 haec
1950 4356 2240 4437 Synepsis
2288 4357 2541 4436 prodiit,
2578 4357 2769 4417 habet
2800 4356 3271 4437 Felekmannus.
3327 4377 3355 4414 α
3387 4359 3527 4418 Usas
3576 4361 3721 4416 sunt

318 4459 347 4495 α
392 4456 598 4516 operm
650 4437 868 4517 inquit,
918 4443 1091 4497 textu
1147 4436 1334 4516 hujus
1384 4436 1709 4516 Synopseos
1758 4441 1969 4497 Graece
2002 4436 2330 4516 idescripto
2379 4457 2452 4498 ex
2506 4444 2749 4497 vetusto
2779 4444 2841 4496 et
2869 4438 3041 4496 miris
3070 4436 3362 4517 ductibus
3393 4442 3718 4496 constante

314 4539 345 4575 (ι
387 4519 623 4589 codice,
675 4516 859 4596 quem
903 4538 979 4577 ex
1030 4518 1412 4577 bibliotheca
1440 4518 1555 4576 viri
1584 4517 1910 4577 clarissimi
1943 4520 2107 4578 Petri
2139 4520 2413 4578 Neveleti
2444 4517 2694 4578 Doschii
2726 4517 2968 4578 curavit
2998 4517 3090 4575 vir
3120 4516 3399 4593 ampliss.
3444 4519 3512 4577 D.
3547 4516 3713 4576 Bon-

307 4622 335 4653 α
386 4602 654 4675 garsius,
687 4617 873 4676 quem
906 4616 1049 4657 cum
1080 4617 1205 4658 non
1246 4599 1308 4657 in
1343 4599 1636 4658 omnibus
1664 4600 2013 4676 descriptor
2041 4606 2361 4658 assecutus
2391 4598 2492 4667 sit,
2527 4598 2829 4676 quidquid
2864 4598 2980 4658 erit
3010 4596 3444 4675 discrepantite
3477 4602 3707 4657 notan-

308 4703 337 4733 «
384 4679 532 4738 dum
564 4680 736 4738 duxi.
772 4680 1146 4758 Quanquam
1178 4685 1382 4739 essent
1410 4679 1599 4738 etiam
1633 4697 1759 4738 non
1792 4696 2017 4756 pauca,
2053 4697 2193 4756 quae
2226 4680 2301 4739 de
2333 4679 2846 4756 interpretatione
2894 4679 3131 4738 moneri
3183 4682 3475 4755 poterant
3510 4697 3523 4739 :
3576 4676 3705 4738 imo

304 4782 334 4815 «
382 4759 663 4820 locorum
714 4778 966 4837 quoque
1012 4760 1459 4819 nonnullorum
1510 4761 1575 4818 in
1618 4758 1759 4836 ipso
1809 4758 2001 4819 veteri
2051 4760 2263 4819 codice
2310 4760 2690 4833 conjecturaa
2744 4765 2994 4837 possent
3043 4758 3273 4829 afferri,
3309 4774 3455 4837 quae
3497 4762 3703 4815 tamen

304 4863 335 4896 «
380 4841 589 4899 omnia
637 4836 958 4900 brevitatis
1006 4859 1217 4913 causa,
1270 4846 1331 4900 et
1377 4840 1549 4918 quod
1602 4839 1767 4900 docti
1815 4858 1926 4918 per
1974 4857 2039 4899 se
2085 4840 2201 4918 ipsi
2247 4841 2308 4899 in
2357 4840 2473 4899 hoc
2509 4839 2692 4916 longe
2724 4836 2947 4918 optimi
2982 4838 3317 4899 monitores
3347 4836 3463 4895 sibi
3492 4842 3696 4918 erunt,

303 4944 329 4975 (ι
378 4922 622 4981 omitto.
660 4947 688 4976 »
741 4924 1049 4992 Quorsum
1101 4926 1310 4981 autem
1363 4917 1631 4980 evaserit
1679 4917 1874 4980 codex
1924 4920 2028 4980 ille
2078 4917 2461 4981 memoratus
2492 4940 2523 4981 a
2575 4917 2994 4981 Felckmanno
3027 4922 3372 4998 ignoratur.
3410 4917 3702 4977 Codicem

294 5000 619 5082 Sgnopseos
652 5001 924 5080 aliquem
956 5020 1070 5061 nec
1105 5001 1252 5077 vidi,
1286 5019 1397 5061 nec
1430 5000 1662 5061 alicubi
1693 5006 1936 5061 exstare
1967 5000 2179 5061 didici.

370 5108 668 5186 Dialogus
697 5119 903 5168 contra
930 5108 1147 5168 Arium
1180 5107 1239 5167 in
1272 5107 1515 5186 synodo
1544 5108 1798 5168 Nieaana
1832 5107 2041 5168 multis
2072 5107 2430 5168 nominibus
2462 5107 2806 5168 Athanasio
2840 5105 3302 5185 abjudicandus
3338 5122 3351 5163 :
3395 5104 3523 5163 imo
3554 5122 3701 5186 vero

290 5206 405 5247 nec
437 5190 587 5249 satis
616 5189 903 5250 consulto
933 5185 1358 5249 commentum
1391 5188 1751 5267 hujusmodi
1786 5189 2119 5249 meditatus
2150 5194 2243 5249 est
2285 5189 2393 5267 qui
2438 5188 2781 5249 Athanasio
2830 5187 3159 5259 attribuit;
3212 5203 3359 5245 nam
3393 5185 3701 5267 quaedam

290 5274 504 5346 aperte
542 5269 703 5330 falsa
760 5270 1220 5349 complectitur,
1270 5264 1624 5348 cujusmodi
1656 5276 1747 5330 est
1770 5268 1927 5329 illud
1960 5270 2125 5348 quod
2154 5270 2239 5329 ait
2270 5264 2332 5348 p2
2365 5268 2495 5341 t80,
2524 5269 2669 5329 cleri
2704 5267 3250 5349 dignitatem_Ario
3281 5264 3702 5349 abphaeretieis

286 5345 582 5410 collatam
610 5368 623 5423 ;
659 5369 801 5411 cum
832 5345 1051 5412 contra
1081 5345 1482 5430 antiquorum
1516 5349 1871 5412 testimonio
1902 5345 2292 5428 compertum
2326 5349 2426 5423 sit,
2479 5369 2517 5409 a
2560 5351 2746 5410 Petro
2781 5345 2862 5409 vet
2900 5346 3147 5430 Achilla
3177 5346 3480 5430 gradibus
3509 5345 3700 5406 eccle-

286 5430 547 5492 siasticis
576 5436 833 5493 auctum
864 5432 1050 5492 fuisse
1078 5427 1585 5510 indignissimum
1619 5431 1964 5505 hominem,
1999 5427 2107 5510 qui
2137 5450 2251 5510 pro
2282 5431 2499 5491 innata
2528 5430 2777 5490 vafritie
2808 5427 3077 5507 speciem
3108 5427 3275 5506 frugi
3319 5427 3644 5505 praeferret
3676 5445 3691 5488 :

344 5745 424 5822 (a)
455 5745 591 5821 Pag.
621 5747 714 5805 96.
1680 5777 1693 5789 ς
2108 5747 2186 5821 (b)
2221 5746 2385 5804 Forte
2416 5761 2547 5803 cum
2581 5744 2773 5817 titulo,
2806 5743 2900 5809 Et;
2931 5740 3115 5806 τέλος.

108 5922 291 6045 ..κ
