2063 3109
164 217 196 246 21
893 213 1112 245 PREFATIO.
1819 221 1858 249 22

193 283 220 309 In
234 288 383 308 sermonem
400 282 496 307 contra
511 288 603 308 omnes
617 280 743 308 hwreses.
761 296 793 301 —
808 280 980 315 Segueriauo

167 318 253 345 codice
264 318 293 344 et
309 315 493 343 Felckmanni
508 316 676 343 lectionibus
691 315 824 344 codicum
847 316 980 344 Basilien-

166 355 208 384 sis,
224 352 392 382 Gobleriani.
412 351 605 385 Felckmanni,
620 352 647 386 t,
661 352 688 378 2.

197 390 223 415 in
236 389 380 415 Historiam
411 387 595 414 Melchisedec.
612 402 646 407 -—-
661 387 764 416 Codice
788 387 873 422 Regio
898 386 979 418 2570,

171 429 195 452 et
204 423 353 451 Colbertino
367 423 451 450 5108.

201 460 229 487 ln
249 459 383 494 epistolam
410 458 445 485 ad
473 458 628 486 Iovianum.
646 473 680 478 —
708 458 825 487 Nullum
856 457 978 484 vidimus

176 495 290 557 codicem,
305 495 354 522 sed
370 495 477 521 damus
493 498 520 521 ut
537 494 641 529 prodiit
660 494 689 522 in
706 494 832 522 editione
847 495 978 521 Comme—

188 538 226 557 ini.

188 539 209 558 in
212 538 226 557 Ι.

197 566 219 592 In
232 565 337 592 Librum
357 565 392 592 de
410 565 632 599 Deﬁnitionibus.
645 580 679 585 —
694 565 800 593 Codice
815 564 977 593 Colbertino

168 602 231 632 4756,
241 601 392 636 aliquoties
406 601 450 628 usi
462 608 570 628 sumus.

191 637 310 664 Doctrina
322 637 364 664 ad
376 636 552 664 Antiochum.
568 652 602 656 —
622 636 716 664 Prodit
740 645 775 665 ex
795 636 892 665 codice
912 635 977 664 Col-

163 673 258 700 bertiuo
272 673 356 699 4249.

192 708 275 736 Sermo
293 708 331 736 ad
362 707 524 735 Antiochum
546 707 578 735 de
591 708 679 743 poenis
702 708 816 743 inferni.
834 723 867 727 —
884 707 976 735 Prodit

161 753 190 772 cx
203 745 289 772 codice
304 744 397 780 Regio
411 744 494 780 2570,
510 751 651 771 annorum
668 744 730 778 plus
745 744 808 771 600.

191 781 218 808 In
231 778 395 816 quastione:
417 779 469 816 ad?
480 780 652 816 Antiochum.
669 794 702 799 —
716 780 869 807 Codicinus
884 778 978 813 Regiis

162 815 322 849 2431,2892,
339 816 425 848 2910,
440 815 523 842 2937.

191 852 303 884 Quasiio
318 855 419 879 autem
444 858 565 883 cxxxvu,
592 858 618 884 p.
643 850 708 883 248,
730 850 851 878 habetur
875 850 973 885 sejun-

160 887 228 922 ctim,
243 895 293 914 nec
307 887 478 922 quaestionis
501 894 589 918 more,
606 886 634 922 in
660 887 758 914 codice
775 894 858 922 quem
881 886 975 913 nobis-

158 930 214 950 cum
228 921 444 956 perhumaniter
467 921 692 949 communicavit
707 923 748 950 vir
764 923 801 950 cl.
819 921 977 950 Toinardus

158 961 181 986 et
195 959 222 986 in
234 958 332 986 codice
351 959 416 993 Reg.
432 957 515 984 2415.

188 994 354 1028 Qustionc-s
375 995 404 1021 in
425 993 585 1028 Evangelia.
608 1008 643 1013 -—
670 993 812 1021 Prodeunt
827 1001 860 1020 ex
879 992 977 1020 codice

157 1029 213 1057 lica.
228 1030 305 1056 2431.

176 1037 378 1100 δὲἓαῐῖῗέγιιιιηι
400 1063 432 1092 de
461 1064 642 1100 imaginibus.
659 1080 693 1084 ——
709 1064 803 1092 Prodit
830 1072 863 1092 ex
880 1062 977 1093 codice

163 1101 236 1133 Restio
248 1101 314 1128 2981
323 1120 332 1126 .

188 1137 356 1170 Qustioncs
371 1137 402 1163 in
416 1135 591 1170 Scripturam
615 1144 730 1164 sacram.
746 1151 781 1156 —
796 1135 836 1163 Ex
855 1136 978 1164 editione

159 1173 330 1200 Commelini.

191 1209 215 1235 in
229 1208 398 1236 auzstiones
413 1206 497 1234 alias.
518 1222 552 1227 ——
569 1207 614 1236 Usi
638 1215 737 1235 sumus
753 1207 902 1235 codicibus
923 1207 978 1235 Re—

284 1266 291 1278 ,
305 1246 339 1271 et
350 1242 433 1276 2460,
448 1245 476 1269 et
492 1242 660 1271 lectionibus
671 1243 755 1271 unius
765 1243 869 1271 codicis
881 1243 978 1271 Felck-

261 1279 309 1314 qui
332 1278 476 1306 secundus
489 1278 600 1306 dicitur.

190 1317 217 1342 In
232 1315 387 1342 Historiam
400 1314 533 1347 imaginis
556 1314 723 1349 Berynensis
746 1322 781 1341 ea:
794 1314 887 1342 codice
897 1314 980 1342 Pala-

164 1352 222 1377 tino.
247 1366 282 1371 —
307 1349 485 1377 Colb‘ertinis
507 1350 626 1378 codicib.
652 1350 715 1382 833,
737 1350 816 1382 4457,
840 1351 921 1377 5110.
938 1350 979 1377 Ex

164 1386 291 1414 Palatinis
305 1387 365 1413 duo
379 1386 551 1420 exemplaria
562 1386 737 1420 prodierunt.
763 1386 912 1421 Exemplar
938 1394 980 1413 ve-

161 1429 188 1449 ro
203 1423 336 1449 latinum
350 1421 476 1455 ejusdem
500 1421 623 1449 historia:
639 1430 666 1456 p.
686 1422 750 1455 293,
766 1422 857 1456 prodit
870 1429 903 1449 ex
919 1421 978 1449 edi-

162 1457 232 1484 tione
249 1457 433 1491 Lugdunensi
448 1456 517 1484 anni
542 1457 621 1485 1532.
646 1457 727 1484 Aliud
747 1456 892 1492 exemplar
908 1457 980 1484 Lati-

161 1500 222 1520 num
238 1492 368 1526 ejusdem
385 1500 417 1519 ex
442 1493 541 1520 codice
564 1492 800 1525 Sangermanensi
819 1500 897 1520 num.
916 1492 978 1519 108.

193 1528 282 1555 Sermo
309 1529 404 1555 contra
426 1528 548 1556 Latinos.
568 1544 598 1547 —
615 1529 711 1556 Prodit
734 1536 766 1555 ex
783 1529 880 1556 codice
896 1529 979 1562 Regio

161 1563 238 1595 2271,
258 1572 285 1598 p.
315 1564 377 1596 155,
391 1564 426 1591 ad
446 1564 602 1599 marginem
618 1564 711 1599 operis
723 1564 812 1592 sancti
827 1564 931 1592 Justini
945 1564 979 1592 ad

164 1599 275 1626 lenam.
293 1600 385 1626 Codex
400 1603 442 1635 est
458 1607 601 1627 annorum
617 1600 680 1635 plus
695 1600 936 1634 septingentorum
954 1604 980 1628 et

164 1638 228 1662 nota
242 1634 293 1661 illa
307 1633 469 1669 marginalia
485 1635 577 1662 letalis
592 1633 648 1663 non
666 1633 754 1662 mulio
770 1636 898 1663 minoris.

199 1669 346 1704 Syntagma
361 1670 500 1698 doctrinae.
518 1685 552 1691 —
567 1671 606 1698 Ex
623 1671 719 1698 libello
740 1672 856 1698 Andreae
880 1671 980 1699 Arnol-

165 1704 193 1731 di
210 1704 445 1738 Norimbergensis
459 1706 576 1733 Parisiis
588 1714 656 1734 cuso
666 1715 742 1734 anno
757 1706 836 1734 1685.

166 1740 349 1802 29g7t'mastica?
375 1743 436 1769 vita
464 1742 612 1769 Institutio.
643 1757 678 1762 —
707 1742 746 1770 Ex
775 1743 872 1770 codice
895 1742 980 1777 Regio

195 1812 271 1840 Bina
285 1811 323 1839 ad
336 1812 475 1840 Castorum
490 1813 626 1848 Epistolas.
644 1827 678 1833 —
693 1813 732 1840 Ex
757 1812 903 1840 codicibus
918 1820 979 1840 ma—

164 1848 311 1882 nuscriplis
323 1847 466 1882 Altaemps
481 1847 575 1876 Romae
590 1856 671 1876 num.
688 1849 719 1877 ll.
737 1850 769 1875 V.
786 1849 831 1875 49.

196 1883 314 1910 Homilia
334 1884 366 1910 in
379 1885 553 1912 nativitatem
568 1885 762 1913 Praccursoris.
778 1900 813 1905 —
828 1884 868 1911 Ex
883 1885 981 1912 codice

163 1918 319 1946 Colbertino
335 1920 414 1952 1711,
427 1927 567 1948 annorum
584 1920 698 1948 circiter
713 1920 774 1947 400.

195 1954 222 1981 lu
237 1962 390 1982 sermonm
415 1956 445 1982 in
469 1956 719 1983 Annuntuuionem
733 1955 866 1986 θείμαν-κ.
883 1970 916 1975 -
934 1955 979 1984 Usi

162 1996 252 2017 sumus
267 1990 439 2026 lectionibus
456 1990 633 2026 Felkmanni,
649 1991 779 2019 codicum
806 1990 978 2025 Basiliensis,

166 2025 320 2060 Anglicani,
338 2025 465 2054 Felckm.
486 2027 511 2059 1,
526 2027 553 2054 2.

195 2062 220 2088 In
235 2069 395 2089 sermonum
416 2063 447 2089 in
471 2062 686 2097 Dcscriptionem
707 2066 810 2090 sanctae
825 2062 930 2090 Maria.
946 2078 980 2083 -—-

167 2096 207 2124 Usi
220 2105 317 2125 sumus
329 2097 476 2125 codicibus
492 2096 653 2125 Colbertino
667 2098 730 2129 450,
746 2102 772 2125 et
790 2098 856 2132 Reg.
873 2099 953 2125 2026.

195 2132 283 2160 Sermo
298 2134 329 2159 in
344 2133 524 2161 Naticitatcm
547 2133 658 2162 Christi.
674 2148 706 2154 —
725 2134 818 2161 Prodit
833 2142 867 2161 ex
883 2135 980 2162 codico

164 2166 310 2196 Bcrocisno
326 2169 390 2202 234,
408 2169 456 2197 lol.
474 2169 535 2196 190.
553 2169 580 2196 b.

195 2205 227 2230 In
247 2212 384 2232 senionem
404 2206 433 2232 in
459 2206 611 2232 chrsum
634 2205 754 2232 Domini.
770 2220 804 2225 -—-
819 2205 866 2233 Usi
881 2213 981 2234 sumus

166 2239 302 2275 codicibus
317 2240 410 2274 Regiis
420 2240 482 2275 143,
497 2240 578 2273 3489,
595 2243 622 2268 et
635 2241 759 2268 editione
775 2241 804 2268 P.
818 2241 980 2270 Combetisii

167 2273 194 2300 in
206 2273 377 2311 Bibliothece
392 2276 454 2309 re,
472 2273 491 2302 i.
508 2276 531 2310 ι,
546 2284 575 2311 ρ.
588 2275 648 2303 496.

202 2309 229 2335 ln
243 2318 388 2339 sermonem
403 2312 432 2338 in
448 2309 554 2339 ciccum
569 2320 586 2339 a
606 2312 754 2339 nativitatc
779 2327 809 2332 -—
829 2312 979 2341 Codicibus

169 2342 252 2376 Regiis
267 2347 306 2374 usi
322 2354 421 2374 sumus
435 2347 499 2378 205.,
512 2348 591 2374 2030.

197 2380 225 2407 ln
247 2382 394 2409 Homiliam
415 2384 446 2410 in
467 2383 539 2410 illud
562 2382 683 2410 Matthxi
704 2390 712 2409 :
730 2383 769 2410 lle
784 2383 814 2410 in
830 2384 979 2412 castellum

166 2418 214 2453 Gtc;
228 2432 260 2437 —
275 2418 320 2446 Usi
335 2426 437 2453 sumus
451 2420 549 2446 codice
564 2419 648 2453 Regio
661 2418 725 2445 205.

173 2451 387 2512 0telonn’ls'cm
398 2455 427 2482 in
438 2454 512 2482 illud
523 2463 533 2482 :
544 2451 635 2482 Eunie
644 2458 738 2482 cutem
754 2453 815 2483 illo.
831 2470 864 2474 -—
873 2455 979 2484 Eodem

219 2493 266 2515 ιθε.

167 2521 388 2582 dimoncm
401 2525 433 2552 in
449 2525 476 2552 S.
494 2525 623 2559 Quintam
638 2526 752 2560 feriam.
768 2541 803 2546 ——
813 2526 918 2554 Eodem
934 2534 979 2555 co-

185 2562 239 2584 106.

195 2592 226 2620 In
240 2592 391 2623 Sermonem
408 2596 438 2624 in
454 2596 634 2624 Parasccven.
646 2612 680 2617 —
691 2597 842 2625 Codicibus
856 2597 978 2625 Colbert.

161 2627 236 2666 isti,
253 2630 329 2664 nu,
346 2630 415 2666 Reg.
430 2632 494 2659 205.

192 2664 222 2704 In
242 2664 448 2704 "omittantin
472 2672 575 2696 sanctos
599 2668 694 2695 Patres
717 2672 742 2696 et
765 2668 928 2704 Prophetas.
947 2684 979 2689 —

160 2698 253 2730 Codice
266 2702 355 2738 Regio
367 2703 433 2731 205.

165 1243 246 1284 asa}

165 1286 246 1307 muni

1071 281 1107 320 In
1115 289 1267 320 sermonm
1283 283 1311 311 in
1326 288 1455 320 sanctum
1471 284 1585 312 Pascha.
1601 300 1635 304 ——-
1659 284 1759 312 Codice
1773 285 1859 320 Regio

1036 316 1117 350 2027,
1135 317 1297 346 Colbertino
1314 319 1391 346 1711.

1070 354 1105 379 In
1120 352 1275 381 Sermonem
1297 355 1326 381 in
1344 357 1470 382 sanctum
1485 355 1589 382 Pascha
1603 358 1629 383 et
1643 363 1737 383 recens
1751 356 1859 384 illumi-

1035 392 1122 415 natos.
1140 404 1173 408 —
1188 390 1291 417 Codice
1307 391 1391 423 Regio
1406 391 1486 422 2027,
1500 392 1580 423 2424,
1596 391 1716 419 Colbert.
1735 393 1813 419 1711.

1070 433 1101 459 In
1113 441 1264 461 sermonem
1279 438 1310 461 in
1329 435 1547 468 Assumptionem
1562 436 1683 463 Domini.
1699 451 1734 456 —-
1757 437 1859 465 Codice

1036 468 1120 499 Regio
1135 470 1216 502 2027,
1233 470 1353 497 Colbcrt.
1373 472 1450 498 1711.

1071 503 1165 531 Sermo
1181 506 1210 532 in
1226 505 1253 532 S.
1266 506 1412 533 Andream.
1428 521 1462 526 ——
1479 505 1572 534 Prodit
1588 515 1620 534 cx
1635 507 1733 535 codice
1749 507 1860 536 Colber-

1034 539 1094 567 tino
1108 540 1171 574 847,
1187 545 1213 567 et
1228 541 1340 569 schodis
1354 542 1384 569 V.
1402 541 1438 570 cl.
1456 542 1601 570 Voinardi.

1068 575 1165 603 Sermo
1181 576 1262 604 alius.
1279 593 1313 596 —
1329 577 1424 605 Prodit
1439 586 1472 605 ex
1488 578 1586 606 codice
1601 578 1762 606 Colbertino
1777 580 1857 606 4104,

1068 611 1107 638 Ad
1122 611 1261 647 dialogum
1277 621 1296 644 ι,
1314 613 1349 640 de
1365 614 1507 641 Trinitatc.
1521 628 1555 633 —
1570 614 1679 641 Utimur
1695 615 1793 643 codice
1808 615 1859 643 Re-

1033 647 1079 710 ligiol
1093 651 1119 709 cit
1131 647 1300 688 lectionibus
1311 649 1499 677 Felckmanui
1514 650 1645 677 codicum
1661 651 1814 685 Augusteni
1831 656 1857 678 et

1054 692 1069 710 ιι
1083 691 1098 709 a
1113 690 1164 710 ini.

1054 683 1164 710 ulalini.

1068 718 1106 745 Ad
1120 719 1260 754 dialogum
1276 728 1306 751 ιι,
1326 719 1359 747 de
1375 720 1516 748 Trinitate.
1532 735 1568 740 -—
1584 720 1685 748 Iisdem
1700 721 1854 749 codicibus.

1067 754 1108 781 Ad
1122 754 1263 796 dialogum
1279 764 1318 789 in,
1330 756 1363 783 dc
1378 756 1521 784 Trinitate.
1533 771 1567 776 —-
1581 756 1758 785 Lectionibus
1775 757 1856 785 Folk-

1034 798 1143 817 marini.

1068 825 1107 864 Ad
1120 825 1265 864 dialogum»
1285 835 1320 864 iv,
1342 827 1375 854 dc
1398 827 1544 864 rTrinitatc.
1557 841 1593 846 —
1608 827 1710 855 Codice
1730 828 1814 864 Regio
1830 833 1856 857 et

1033 860 1202 889 lectionibus
1220 860 1413 890 Felckmannl.

1067 897 1106 924 Ad
1121 897 1265 938 dialogum
1277 898 1326 926 vde
1348 899 1490 926 Trinitatc.
1507 914 1539 918 —
1553 897 1732 926 Lectionibus
1758 898 1856 927 Felck-

1033 939 1129 959 manu]
1138 953 1144 959 .

1067 968 1106 995 Ad
1118 976 1257 996 sermones
1270 977 1314 1002 xx,
1331 973 1430 997 contra
1444 969 1567 998 diversas
1580 968 1706 998 hereses.
1719 985 1752 990 ——
1762 971 1855 997 Variis

1032 1004 1218 1032 Felckmanni
1235 1005 1411 1032 lectionibus.

1067 1039 1217 1076 Syntagma
1231 1040 1266 1067 ad
1280 1040 1423 1076 quemdam
1437 1041 1591 1075 potiticum.
1605 1056 1637 1061 —
1648 1039 1743 1069 Prodit
1758 1048 1792 1069 ex
1807 1048 1853 1070 co-

1032 1075 1143 1103 dicibus
1160 1075 1309 1104 Vaticanis.

1067 1110 1160 1138 Sermo
1175 1111 1207 1139 de
1221 1112 1256 1138 iis
1270 1113 1319 1147 qui
1332 1111 1435 1139 δασαιο
1444 1112 1696 1140 renuntiarunt.——
1709 1111 1802 1140 Prodit
1819 1120 1853 1139 ex

1032 1147 1129 1174 codice
1146 1147 1278 1175 Valicano
1293 1155 1371 1175 num.
1384 1148 1447 1174 658.

1068 1182 1196 1210 Doctrina
1210 1183 1245 1210 ad
1261 1183 1412 1211 Monachos.
1424 1198 1459 1203 —
1474 1182 1569 1211 Prodit
1583 1191 1617 1211 ex
1633 1183 1733 1212 codice
1748 1184 1857 1212 Vatica-

1034 1226 1071 1245 no
1087 1226 1166 1245 num.
1184 1218 1262 1246 1148.

1070 1253 1288 1282 Commentarius
1303 1254 1335 1282 de
1348 1253 1450 1290 templo
1465 1254 1634 1283 Atheniensi.
1650 1270 1683 1275 —
1705 1254 1745 1283 Ex
1761 1255 1857 1283 codice

1033 1289 1170 1317 Vaticano
1183 1291 1261 1318 1198.

1072 1325 1211 1388 Τναξιοτόιω
1226 1326 1260 1353 dc
1273 1333 1383 1361 corpore
1399 1329 1424 1353 et
1440 1326 1546 1353 animo.
1560 1341 1595 1346 —
1610 1326 1650 1353 Ex
1666 1326 1764 1354 codice
1778 1327 1858 1354 Va'i-

1072 1368 1105 1388 uo
1175 1383 1180 1388 .

1034 1367 1105 1388 cauo
1118 1362 1180 1388 700.

1070 1396 1111 1424 Ad
1125 1397 1173 1424 lib.
1190 1405 1199 1424 ι
1215 1397 1247 1424 de
1261 1397 1288 1425 S.
1305 1397 1447 1425 Trinitate.
1460 1411 1496 1418 -—-
1511 1397 1603 1425 Editio
1619 1397 1649 1424 Β.
1668 1397 1697 1424 P.
1716 1397 1858 1424 Francisci

1035 1432 1167 1468 Cibimetii
1183 1437 1210 1459 et
1225 1433 1393 1460 lectionibus
1413 1432 1474 1467 ejus
1488 1440 1564 1461 anno
1581 1433 1659 1468 1664,
1684 1433 1782 1460 codice
1805 1432 1859 1460 Re-

1035 1467 1080 1502 gio
1095 1468 1176 1499 3624,
1188 1471 1214 1495 et
1228 1471 1467 1503 Sangarmunensr
1484 1475 1564 1495 num.
1581 1469 1645 1495 724.

1071 1511 1110 1553 A_t_t
1127 1511 1212 1553 libros
1225 1512 1258 1540 de
1274 1513 1418 1546 Trinitate,
1446 1521 1474 1545 ιι,
1499 1521 1540 1547 ιιι,
1566 1521 1602 1546 Iv,
1625 1521 1652 1548 ν,
1677 1521 1718 1546 νι,
1734 1520 1781 1547 vn,
1799 1521 1857 1541 vm-

1036 1548 1240 1619 1553331er
1256 1582 1289 1610 dc
1313 1584 1366 1619 ﬁdo
1393 1584 1512 1612 Unitatis
1534 1585 1560 1611 et
1585 1584 1737 1612 Trinitatis.
1757 1599 1791 1604 —-
1806 1584 1858 1611 lis-

1124 1654 1226 1682 librum
1246 1654 1279 1682 de
1302 1655 1404 1682 Ariona
1418 1656 1444 1682 et
1465 1654 1605 1683 Catholica
1631 1656 1806 1692 confessione.
1825 1671 1859 1675 ——

1037 1690 1151 1717 iisdem.

1072 1726 1111 1753 Ad
1125 1725 1227 1753 librum
1243 1725 1276 1752 de
1290 1726 1343 1761 ﬁde
1356 1734 1417 1753 sua.
1437 1741 1470 1746 -—-
1488 1726 1600 1754 Iisdem.

1071 1762 1111 1789 Ad
1125 1762 1324 1797 Disputationes
1339 1764 1435 1789 contra
1450 1763 1554 1789 Arium.
1570 1778 1605 1782 ———
1621 1762 1733 1790 Iisdem.

1071 1797 1110 1824 Ad
1126 1797 1282 1832 Ia‘pistotam
1297 1798 1402 1825 Liberii
1427 1798 1506 1833 Papae
1522 1798 1559 1825 ad
1573 1798 1767 1832 Athanasium,
1783 1798 1809 1825 et
1824 1797 1860 1825 ad

1035 1841 1196 1868 responsum
1210 1833 1367 1861 Athanasii.
1384 1848 1417 1853 —-
1432 1834 1602 1868 Segucriuno
1616 1835 1723 1862 codice.

1071 1869 1110 1896 Ad
1122 1873 1264 1905 sequentes
1278 1877 1340 1897 vero
1355 1869 1482 1904 epistolas
1496 1871 1681 1897 Romanorum
1698 1869 1859 1905 pontiﬁcum

1035 1903 1070 1931 ad
1085 1903 1274 1937 Athanasium,
1290 1907 1317 1932 et
1337 1903 1480 1932 Athanasii
1504 1905 1538 1932 ad
1560 1903 1857 1940 Romanos—pontiﬁces.

1035 1955 1070 1960 ——
1085 1940 1174 1968 Editis
1198 1941 1383 1968 conciliorum
1408 1944 1435 1967 et
1450 1940 1589 1967 veteribus
1605 1940 1747 1968 Athanasii
1763 1940 1856 1967 editis.

1080 1985 1123 2012 Αιι
1138 1985 1223 2012 vitam
1237 1985 1265 2012 S.
1291 1984 1463 2020 Syncleticw.
1480 1999 1515 2004 -—-
1529 1984 1659 2012 Edilione
1673 1984 1814 2020 Cottelerii
1830 1985 1858 2011 in

1036 2020 1227 2047 Monumentis
1243 2019 1374 2048 Ecclesia:
1390 2020 1503 2053 Griecae,
1526 2024 1551 2047 et
1567 2028 1600 2047 ex
1612 2020 1724 2048 schedis
1738 2019 1855 2048 Combe-

1035 2055 1146 2083 ﬁsianis
1161 2063 1280 2090 quarum
1304 2056 1413 2090 copiam
1439 2056 1504 2084 fecit
1528 2056 1740 2090 perhumaniler
1762 2055 1795 2083 ll.
1826 2056 1855 2083 P.

1038 2092 1158 2125 chuien
1174 2092 1282 2119 ordinis
1299 2091 1528 2119 Prmdicaturum.

1071 2127 1110 2154 Ad
1125 2126 1346 2155 Exhortattonem
1361 2127 1395 2154 ad
1410 2127 1561 2155 Monachos.
1577 2143 1609 2148 —
1624 2127 1728 2155 Codice
1742 2126 1857 2162 Regula-

1036 2171 1097 2191 rum
1115 2171 1130 2190 a
1147 2163 1218 2190 Luca
1235 2164 1377 2190 ilolstenio
1393 2163 1478 2191 edito.

1070 2198 1228 2226 Exhortatio
1242 2199 1277 2227 ad
1289 2206 1419 2234 sponsum
1434 2199 1546 2227 Christi.
1557 2214 1592 2219 —
1603 2198 1696 2226 Prodit
1710 2206 1745 2225 ex
1760 2197 1857 2234 codice

1035 2234 1204 2276 Regularum
1221 2233 1308 2263 Lucae
1318 2235 1453 2262 Holstenii
1465 2238 1490 2262 et
1501 2242 1534 2262 ex
1546 2234 1619 2262 Actis
1634 2233 1750 2262 concilii
1763 2233 1859 2269 Aquiso

1054 2278 1192 2298 ralanSlS.

1036 2278 1197 2340 $223332}
1217 2306 1246 2332 S.
1272 2306 1419 2333 Athanasii
1444 2305 1478 2333 ad
1503 2306 1664 2341 Episcopum
1699 2307 1857 2332 Persarum.

1035 2356 1069 2361 ——
1085 2341 1123 2368 Ex
1144 2342 1256 2369 schedis
1271 2350 1286 2368 ιι
1311 2342 1341 2369 D.
1359 2341 1475 2369 Claudio
1491 2341 1684 2376 Stepbauolio,
1702 2341 1789 2369 Roma
1805 2349 1857 2369 no-

1035 2376 1078 2404 bis
1094 2377 1278 2405 transmissis.

1055 2421 1193 2463 _l)ionysii
1208 2421 1327 2457 Epistola
1339 2421 1374 2449 ad
1390 2422 1510 2449 Paulum
1524 2421 1749 2450 Samosatcnsem.
1761 2436 1795 2442 —
1806 2421 1857 2449 In-

1033 2457 1290 2527 dliﬁtmDSi/mbolum
1305 2491 1492 2528 Quicunque.
1509 2492 1612 2526 Quibus
1637 2492 1774 2520 codlcibus
1796 2497 1856 2520 tum

1033 2527 1199 2570 Crmcis'tum
1216 2527 1322 2555 Latinis
1336 2529 1382 2555 usi
1394 2527 1498 2561 sumus,
1513 2529 1657 2563 fusissime
1670 2529 1701 2555 in
1716 2528 1815 2556 Manilo
1830 2531 1855 2556 ct

1033 2567 1236 2640 figlinum
1250 2598 1286 2627 dc
1310 2599 1453 2627 Trinitate.
1470 2613 1504 2620 —
1521 2599 1616 2628 Prodit
1629 2607 1664 2627 ex
1678 2599 1776 2628 codice
1800 2599 1854 2628 Re-

1033 2635 1235 2705 ειῗὶιῗιῗδῦἓιλιαηι
1257 2669 1289 2698 de
1311 2670 1453 2698 Paschate.
1469 2685 1503 2691 —
1522 2670 1617 2698 Prodit
1632 2678 1665 2698 ex
1682 2670 1856 2698 Bibliotheca

1034 2706 1217 2734 Ambrosiam:
1234 2706 1371 2734 beneﬁcio
1382 2706 1420 2735 cl.
1437 2705 1471 2733 V.
1488 2706 1603 2735 Antonii
1620 2706 1774 2734 Murntoril.

832 2828 1168 2851 ψ·-
