4100 6224
258 289 337 349 23
1444 302 1511 362 S.
1557 300 2087 365 ATHANASIUS.
2120 335 2198 347 -—
2228 303 2491 366 DUBIA.
3594 311 3675 369 24

260 483 2712 511 ._.___._.____._._________________________________________

620 703 1277 796 ADMONITIO
1354 707 1466 795 IN
1542 709 2140 802 LIBELLUM
2228 714 2372 797 DE
2444 712 3320 802 INCARNATIONE.

1928 961 2010 970 -ο

356 1148 385 1216 ει
417 1128 681 1216 Grandis
712 1147 750 1188 a
782 1128 994 1216 multis
1026 1134 1193 1189 retrv
1223 1130 1616 1216 saaculisi‘uit
1646 1131 1733 1216 de
1756 1132 1876 1191 hoc
1907 1133 2212 1216 opusculo
2245 1135 2860 1195 controversia.Nam
2882 1153 3023 1195 cum
3056 1136 3221 1216 inter
3243 1137 3459 1216 Cyrilli
3490 1157 3685 1216 opera

276 1206 605 1267 Athanasii
656 1210 908 1296 nomine
956 1219 1341 1296 compareat,
1378 1218 1439 1269 et
1469 1206 2005 1296 ijlutvchianorum
2035 1213 2282 1296 hazresi
2327 1216 2709 1290 patrocinari
2755 1217 3062 1290 videatur,
3116 1215 3263 1277 hinc
3291 1206 3683 1296 'Eutychiani

276 1310 303 1339 (ι
339 1298 710 1373 argumenta
734 1292 792 1347 in
826 1309 1079 1373 suarum
1110 1291 1383 1373 partium
1406 1290 1754 1373 subsidium
1782 1293 2051 1352 mutuati
2072 1301 2257 1364 sunt;
2295 1295 2397 1352 alii
2424 1303 2642 1354 contra
2675 1296 3303 1373 pugnabant,librum
3340 1290 3466 1358 non
3495 1300 3687 1360 Atha-

284 1391 311 1421 ‹‹
346 1370 501 1457 nasii
534 1371 638 1457 sed
676 1371 949 1457 haeretici
976 1371 1301 1457 cujusdam
1318 1371 1748 1457 Athanasium
1781 1374 2177 1457 ementientis
2201 1391 2351 1441 esse,
2375 1382 2436 1433 et
2466 1370 2989 1436 insertum'fuisse
3009 1377 3073 1435 in
3105 1377 3320 1456 Cyrilli
3352 1379 3684 1457 epistolam

278 1469 305 1503 (ι
340 1449 418 1506 ad
452 1451 739 1541 Reginas.
779 1451 918 1509 Haec
942 1460 1089 1541 sunt
1119 1451 1335 1541 Cyrilli
1366 1452 1557 1541 verba
1591 1469 1670 1541 εγ»
1706 1461 1824 1512 Ὅτι
1857 1455 1897 1512 δί

2068 1461 2098 1528 ἡ
2133 1458 2387 1541 Θεοτόδιος
2420 1462 2571 1536 φωνὴ
2605 1462 2694 1513 καὶ
2719 1460 2901 1522 αὐτοῖς
2933 1462 3120 1536 γέγονε
3151 1449 3409 1533 συνήθης·
3436 1470 3552 1526 τοῖς
3584 1466 3687 1541 πρὸ

271 1537 429 1605 ἡμῶν
466 1536 634 1610 ave»:
665 1538 942 1609 πατράσιν,
974 1536 1026 1589 οἳ
1056 1536 1143 1589 καὶ
1178 1535 1257 1590 ἐπ’
1289 1537 1421 1611 ὀρθῇ
1455 1540 1816 1611 θαυμάζονται
1850 1539 2050 1608 πίστει,
2082 1540 2170 1593 καὶ
2203 1538 2277 1601 εἷς
2313 1535 2469 1611 δεῦρο
2501 1546 2628 1593 πᾶσι
2676 1547 2794 1601 τοῖς
2839 1541 2935 1594 ἁνὰ
2977 1547 3169 1610 πᾶσαν,
3204 1543 3278 1604 ὡς
3329 1541 3456 1604 ἔπος
3488 1535 3680 1613 ιῖπιῖν,

270 1616 368 1681 τὴν
390 1615 477 1667 ὑπ’
514 1637 536 1655 ἰ
726 1640 757 1686 ι,
792 1615 899 1669 δεῖν
930 1616 1116 1688 ᾠήθην
1146 1614 1368 1687 ἀληθῶς
1394 1618 1685 1695 ἀποφῆναι.
1720 1622 1833 1676 Ἵνα
1864 1621 1967 1695 γὰρ
2004 1621 2079 1691 μὴ
2117 1617 2338 1689 δοκοίην
2368 1621 2426 1673 τὸ
2460 1620 2533 1682 εἷς
2558 1625 2682 1675 νοῦν
2715 1622 2845 1690 ἧκον
2871 1619 3062 1683 ἁπλῶς
3086 1617 3452 1685 ἀϐασανίστως
3487 1623 3685 1700 λέγειν,

276 1694 334 1778 ἐκ
361 1700 471 1778 τῷν
546 1722 549 1725 λ
654 1708 727 1757 λίς
757 1699 1142 1770 πεποιημένων
1178 1694 1408 1774 βιϐλίων
1442 1700 1491 1754 ἰν
1520 1694 1591 1772 τῇ
1643 1694 1947 1769 Ἐκκλησία
1992 1700 2057 1754 τὰ
2088 1700 2161 1761 εἷς
2207 1698 2368 1754 τοῦτο
2424 1702 2676 1776 χρήσιμα
2724 1703 3159 1778 συνιισενεγκὼν,
3191 1703 3281 1756 καὶ
3328 1694 3585 1776 παραθεὶξ
3616 1694 3691 1765 sl;

277 1772 567 1857 dnbbsiﬁtv,
602 1782 987 1852 κατασφραγιῶ
1016 1779 1092 1839 εἷς
1127 1772 1383 1848 ἀλήθειαν
1416 1780 1541 1841 τοὺς
1574 1780 1812 1851 ἐμαυτοῦ
1847 1780 2060 1856 λόγους.
2092 1784 2235 1857 Ἔφη
2266 1772 2540 1841 τοίνυννῶς
2563 1779 2784 1850 ἀληθῶς
2806 1784 2834 1836 ὁ
2861 1772 3253 1857 τρισμακάριος
3275 1783 3362 1837 καὶ
3396 1772 3687 1855 διαοόητος

282 1855 355 1915 εἷς
390 1851 657 1937 εὐσέϐειαν
708 1851 1040 1927 Ἀθανάσιος,
1074 1860 1102 1911 ὁ
1132 1859 1613 1937 γινόμενοςᾼζατά
1664 1862 1887 1937 καιροὺᾉς
1928 1851 2047 1928 ⁷’τῆς
2106 1851 2498 1937 Ἀλεξανδρὲᾓων
2556 1851 2906 1929 Ἐκκλησία(
2946 1851 3254 1937 ὲττίσῖκοᾶτος,
3314 1862 3363 1916 ἐν
3423 1868 3501 1933 τῷ
3556 1851 3687 1937 [lupi

285 1939 608 2009 σαρκώσεως
642 1936 795 2011 λόγῳ
825 1940 948 2014 περὶ
982 1941 1216 2014 Χριστοῦ
1244 1938 1392 1993 τάδε.
1430 1933 1504 1993 1d
1529 1946 1609 1993 est
1641 1952 1653 1993 ε
1692 1933 1870 2006 Quod

2067 1953 2115 1992 [ῃ
2145 1953 2289 2003 vox,
2328 1934 2855 2012 Deipara,sanctis
2888 1936 3177 1995 Patribus
3201 1937 3307 2014 qui
3338 1954 3450 1997 nos
3481 1933 3686 1997 antes-

285 2028 547 2093 cessere,
581 2014 815 2089 quique
838 2013 918 2072 ob
953 2013 1183 2073 rectam
1220 2033 1395 2073 suam
1431 2014 1642 2081 ﬁdem,
1670 2032 1797 2074 non
1830 2014 1960 2075 sine
1983 2014 2400 2074 admiratione
2430 2013 3690 2093 1“ουᾱειηῐυν,ἰτοιιυεηιοιαίῖυθνὶιωοοηοη

285 2090 518 2173 adhoc
552 2110 746 2173 usque
781 2100 1049 2173 tempus,
1087 2113 1197 2171 per
1228 2101 1452 2165 totum,
1481 2101 1550 2154 ut
1579 2096 1668 2153 ita
1699 2095 1927 2165 dicam,
1960 2095 2175 2155 orbem
2210 2101 2521 2154 terrarum
2572 2095 2634 2153 in
2671 2113 2784 2154 usu
2818 2090 2945 2167 sit,"
2972 2096 3513 2173 comprobandum
3562 2116 3695 2157 esse

284 2170 1033 2253 existimavisb'eividear
1062 2170 1225 2232 enim
1262 2179 1497 2234 temere
1528 2181 1589 2234 et
1619 2175 2081 2235 inconsiderate
2131 2175 2300 2253 quod
2329 2174 2391 2232 in
2443 2180 2718 2233 mentem
2778 2176 2947 2235 venit
2993 2170 3259 2249 effutire,
3311 2178 3697 2253 argumentis

285 2251 532 2333 idoneis
563 2269 636 2333 ex
670 2251 844 2333 libris
875 2271 1031 2333 quos
1059 2253 1151 2312 illi
1185 2254 1245 2312 in
1277 2253 1555 2314 Ecclesia
1604 2272 2017 2333 composuere
2046 2251 2371 2329 mu'tuatis,
2431 2255 2779 2314 orationem
2816 2273 3017 2315 meam
3053 2256 3128 2315 ad
3163 2256 3253 2315 rei
3302 2251 3488 2316 ﬁdem
3538 2256 3699 2317 obsi-

285 2329 513 2410 gnabo.
548 2331 648 2411 Ait
677 2330 868 2408 igitur
895 2331 1293 2393 beatissimus
1325 2352 1396 2393 ac
1430 2334 1679 2411 pietatis
1711 2329 1966 2396 nomine
1997 2334 2441 2395 celeberrimus
2490 2334 2896 2405 Athanasius,
2932 2335 3082 2395 olim
3113 2336 3550 2396 Alexandrina:
3583 2340 3697 2397 Ec-

283 2411 487 2471 clesia:
520 2410 1130 2496 episcopusinilibro
1157 2412 1242 2473 De
1272 2410 1720 2496 Ιησᾳήηᾳζιόιιει2
1754 2416 1832 2475 de
1863 2415 2113 2496 Christo
2145 2416 2433 2496 loquens,
2470 2414 2771 2475 isthmc...
2801 2416 3105 2496 A/fertque
3133 2417 3345 2476 exinde
3374 2417 3701 2477 maximam

284 2500 511 2572 partem
543 2490 828 2571 opusculi.
841 2492 995 2567 Quia
1024 2512 1159 2553 vero
1188 2494 1359 2553 initio
1392 2493 1582 2554 libelli
1598 2494 1821 2554 dicitur
1850 2496 1912 2553 in
1946 2493 2190 2555 Christo
2220 2490 2335 2554 non
2370 2494 2518 2555 duas
2542 2514 2656 2554 esse
2683 2490 2930 2555 naturas
2973 2490 3077 2555 εἶξαί
3100 2516 3278 2555 unam
3308 2507 3586 2556 naturam
3618 2498 3706 2556 in-

288 2580 621 2656 carnatam,
659 2577 783 2649 μίάν
815 2577 967 2656 γῦσιν
1000 2580 1437 2655 σεσαρκωμὲνῃν,
1474 2574 1597 2634 haec
1625 2575 1690 2635 Ε
1692 2574 1907 2655 ιιιῃεΙιιί

2078 2575 2343 2656 isynodo
2387 2573 2855 2635 Chalcedonensi
2879 2574 3209 2654 offerebant
3254 2594 3315 2653 p.
3372 2580 3507 2649 181,
3567 2576 3697 2636 sic:

291 2602 621 2643 curuatum,
659 2602 783 2649 μιαν
852 2602 967 2633 υσιν
1000 2602 1437 2655 σεσαρκωμινῃν,
1474 2602 1597 2634 uwc
1625 2602 2000 2655 aurgcmuns
2036 2602 2343 2656 msynouu
2387 2602 2849 2635 (,uuweumwns:
2879 2602 3207 2654 ullereuum
3258 2602 3315 2653 ρ.
3372 2602 3507 2649 1m,
3567 2602 3653 2636 3w
3686 2602 3698 2635 :

291 2659 439 2731 Ἐγὼ
472 2654 528 2711 δὲ
554 2660 781 2731 χρήσεις
815 2602 944 2734 ⁸ἓχω
973 2664 1081 2711 τῶν
1131 2659 1297 2732 ἁγίων
1346 2662 1617 2731 πανέρων,
1660 2660 1992 2731 Ἀθανασέου,
2035 2660 2366 2735 Γρηγορίου,
2412 2660 2707 2732 Κυρίλλου,
2759 2660 2809 2715 ὲν
2858 2658 3100 2722 πολλοῖς
3143 2660 3358 2730 τόποις,
3407 2662 3488 2715 ὅτι
3531 2662 3592 2715 οὐ
3625 2659 3705 2714 διῖ

296 2737 474 2809 λέγειν
512 2738 643 2817 μξτὰ
672 2740 771 2806 τήν
800 2735 992 2817 ἕνωσιν
1023 2736 1118 2793 δύο
1144 2739 1357 2817 Διξιύονιειις,
1392 2738 1537 2817 ἆλλᾲ
1573 2742 1711 2817 μίαν
1739 2761 1915 2817 στα-αρε

2083 2762 2156 2817 [ην
2186 2746 2284 2817 τοῦ
2311 2741 2487 2815 Λόγου
2518 2741 2694 2817 φύσιν.
2727 2735 2859 2794 [loc
2886 2745 2966 2793 est
2999 2752 3013 2793 :
3049 2737 3179 2812 Ego
3209 2754 3355 2817 vero
3380 2755 3490 2796 usu
3523 2755 3702 2795 sanc-

298 2818 501 2873 torum
539 2815 818 2880 Patrum,
854 2812 1205 2882 Athanasii,
1240 2815 1544 2891 Gregorii,
1579 2814 1789 2892 Cyrilli
1822 2812 1883 2873 in
1918 2814 2131 2873 multis
2182 2816 2336 2874 locis
2386 2812 2654 2892 probare
2713 2834 2991 2892 possum,
3043 2835 3168 2875 non
3227 2816 3525 2876 dicendas
3572 2834 3701 2875 esse

297 2898 437 2972 post
471 2893 761 2972 unionem
796 2893 953 2953 duas
982 2900 1264 2965 naturas,
1299 2894 1407 2953 sed
1444 2913 1628 2954 unam
1658 2894 2052 2956 iucarnatam
2084 2896 2271 2954 Verbi
2302 2903 2616 2955 naturam.
2651 2896 2782 2954 Alii
2826 2894 3135 2955 adversum
3183 2897 3599 2956 contendebant
3632 2895 3704 2955 li-

303 2971 515 3055 bellum
548 2971 877 3055 Athanasii
900 2992 1015 3055 non
1046 2992 1184 3046 esse,
1204 2972 1310 3055 sed
1333 2974 1768 3055 supposititium
1806 2984 1859 3035 et
1890 2974 2169 3055 quaedam
2195 2974 2375 3054 hujus
2410 2975 2557 3034 libri
2586 2994 2717 3055 quap
2745 2995 2782 3036 a
2835 2973 3073 3055 Cyrillo
3104 2975 3450 3048 laudantur,
3485 2977 3705 3036 incerta

301 3053 376 3113 ab
408 3051 691 3135 hmreticis
718 3054 901 3133 fuisse
934 3053 996 3112 in
1027 3053 1297 3135 operibus
1330 3051 1557 3135 gnta
1585 3054 1819 3115 nomine
1849 3051 2191 3116 Athanasii.
2226 3051 2398 3116 A'udi
2425 3051 2727 3115 Leontium
2784 3051 3134 3115 aduocatum
3176 3055 3585 3135 Byzantmum
3619 3059 3706 3115 De

305 3133 509 3225 sectis,
549 3131 775 3193 actione
803 3145 1029 3228 octava.
1058 3133 1289 3228 Aliam,
1324 3131 1539 3228 inquit,
1574 3136 1902 3228 proferunt
1930 3136 2365 3228 auctoritatem
2403 3135 2601 3195 sancti
2632 3134 2957 3228 Athanasii
2979 3153 3051 3195 ex
3076 3131 3470 3228 orationeﬂe
3500 3136 3705 3228 {near-

304 3216 561 3286 natione,
597 3231 744 3295 quae
769 3213 1023 3291 quidem
1057 3212 1419 3291 hujusmodi
1448 3221 1539 3276 est
1573 3212 1587 3273 ἑ
1621 3216 1912 3277 eumdem
1947 3234 2078 3295 esse
2107 3216 2220 3276 Dei
2245 3216 2497 3289 Filium,
2527 3215 2772 3277 ratione
2803 3216 3080 3295 spiritus,
3114 3222 3173 3276 et
3206 3216 3478 3275 hominis
3507 3216 3706 3275 ﬁlium

305 3295 549 3353 ratione
580 3294 785 3354 carnis
820 3339 833 3351 .
866 3312 990 3352 non
1022 3312 1181 3353 nuas
1209 3301 1466 3354 naturas
1495 3314 1688 3355 unum
1720 3295 1922 3355 illlum
1956 3294 2181 3356 Filium
2218 3314 2232 3355 :
2271 3314 2538 3373 quarum
2572 3315 2698 3357 una
2726 3296 2807 3356 sit
2836 3296 3185 3370 adorauda,
3217 3314 3341 3356 non
3385 3296 3709 3356 adoranda

306 3374 385 3435 sit
415 3374 609 3433 altera
626 3374 734 3433 sed
764 3391 954 3433 unam
988 3375 1421 3435 naturam.Dei
1452 3376 1757 3436 sermonis
1784 3376 2694 3455 incarnatam.Respondcmus
2724 3376 2928 3454 primo
2958 3376 3193 3436 dictum
3234 3377 3349 3436 hoc
3380 3376 3562 3436 nobis
3583 3394 3708 3435 non

308 3455 648 3514 adversari.
686 3454 820 3513 Non
853 3456 1019 3514 enim
1050 3456 1208 3514 duas
1233 3461 1492 3515 naturas
1522 3456 1610 3515 ita
1643 3456 1949 3516 tradimus
1980 3462 2049 3516 ut
2078 3454 2378 3516 adoretur
2429 3476 2574 3527 una,
2610 3475 2733 3515 non
2767 3458 3065 3516 adoretur
3094 3457 3296 3515 altera
3329 3473 3342 3515 :
3378 3456 3485 3516 sed
3517 3473 3706 3516 unam

309 3535 645 3594 statuimus
679 3552 810 3593 esse
840 3534 1272 3615 naturamDei
1304 3536 1609 3595 sermonis
1639 3537 2053 3596 incarnatam.
2088 3537 2324 3596 Deinde
2355 3556 2432 3596 ne
2463 3538 2720 3615 quidem
2773 3541 2866 3595 est
2912 3536 3236 3596 Athanasii
3265 3554 3281 3608 ;
3318 3554 3462 3595 nam
3496 3554 3637 3596 cum
3671 3555 3707 3595 a

312 3615 494 3675 nobis
524 3616 1015 3696 interrogantur,
1052 3613 1166 3696 ubi
1188 3614 1426 3675 dictum
1458 3616 1579 3676 hoc
1608 3623 1847 3685 exstet;
1883 3635 1996 3677 nec
2028 3616 2162 3695 ejus
2193 3618 2437 3677 ostendi
2482 3613 2730 3696 copiam
2777 3616 3013 3676 habent
3045 3633 3060 3675 :
3096 3618 3155 3675 in
3212 3622 3454 3675 arctum
3505 3615 3709 3676 coacti

310 3695 604 3776 pusillam
638 3695 980 3772 quamdam
1013 3695 1363 3755 orationem
1398 3697 1742 3773 proferunt,
1778 3698 1956 3774 quasi
1996 3698 2265 3757 duorum
2298 3695 2614 3770 foliorum,
2648 3697 2710 3755 in
2743 3715 2869 3772 qua
2898 3696 3138 3756 dictum
3191 3696 3310 3756 hoc
3343 3696 3593 3774 legitur.
3630 3701 3709 3756 At

300 3775 526 3869 notum
559 3781 652 3835 est
682 3775 986 3869 universis
1016 3776 1231 3869 omnia
1260 3777 1461 3869 sancti
1500 3776 1827 3869 Athanasii
1852 3795 2043 3869 opera
2073 3778 2255 3869 valde
2288 3796 2522 3869 magna
2559 3796 2715 3869 esse.
2750 3777 2910 3869 Quid
2941 3777 3263 3869 autem_ad
3294 3776 3413 3869 hoc
3445 3794 3706 3868 respon:

302 3856 610 3924 debimus,
647 3856 814 3935 quod
844 3857 1102 3917 beatum
1134 3856 1435 3933 Cyrillum
1460 3854 2149 3935 producunt,citantem
2176 3857 2295 3918 hoc
2332 3854 2565 3918 dictum
2595 3858 2756 3918 libro
2784 3855 3079 3918 Adversus
3129 3854 3707 3936 Theodorum,quasi

302 3937 652 4016 profectum
686 3938 765 3995 al)
793 3937 1139 3997 Athanasio
1169 3938 1198 3995 ?
1230 3934 1538 3997 Nimirum
1574 3937 1862 4010 dicimus,
1898 3956 2113 4016 reapse
2143 3938 2397 4016 quidem
2428 3938 2583 3998 illud
2617 3939 2679 3998 in
2710 3938 2879 3997 beati
2918 3936 3131 4016 Cyrilli
3179 3936 3400 3999 Contra
3438 3934 3704 3997 Theodo-

302 4037 435 4077 rum
459 4016 782 4077 invectivis
811 4018 930 4093 legi
968 4034 981 4075 ε
1012 4016 1119 4077 sed
1153 4017 1444 4077 mendum
1480 4036 1611 4078 esse
1643 4017 1939 4097 priscum.
1975 4018 2307 4080 Dioscorus
2338 4018 2527 4079 enim.
2561 4036 2883 4079 successor
2910 4018 2980 4097 B.
3013 4016 3228 4096 Cyrilli
3282 4019 3510 4089 factus,
3561 4034 3704 4076 cum

306 4096 442 4177 ejus
470 4114 663 4177 opera
694 4098 1044 4175 reperisset,
1080 4098 1238 4157 forte
1267 4116 1391 4158 non
1422 4096 1659 4159 veritus
1686 4104 1779 4160 est
1809 4099 2080 4160 inserere
2111 4098 2437 4172 nonnulla,
2472 4118 2613 4177 quas
2644 4098 2762 4176 ipsi
2798 4096 3072 4157 lubitum
3122 4098 3261 4157 fuit.
3322 4100 3535 4177 Neque
3562 4113 3711 4156 vero

304 4176 682 4257 conjecturis
710 4195 822 4237 nos
847 4177 1033 4237 modo
1064 4177 1201 4249 niti,
1239 4177 1407 4255 quod
1444 4180 1515 4238 Β.
1547 4179 1814 4257 Cyrillus
1844 4179 2001 4239 illud
2032 4185 2250 4240 contra
2277 4176 2681 4239 Theodorum
2716 4195 2841 4238 non
2872 4177 3262 4254 produxerit,
3315 4194 3387 4238 ex
3438 4176 3521 4238 reo
3553 4196 3713 4256 quo-

306 4274 427 4335 que
460 4256 861 4317 manifestum
894 4263 1007 4317 est.
1043 4259 1199 4318 Nam
1228 4256 1661 4319 Theodoretus
1691 4259 1800 4338 qui
1843 4259 2245 4320 Theodorum
2291 4259 2690 4330 defendebat,
2740 4257 3063 4338 universas
3112 4258 3526 4318 auctoritates
3556 4258 3720 4318 refu-

308 4342 473 4417 tans,
505 4355 914 4415 quascunque
941 4342 1196 4398 sanctus
1215 4339 1484 4417 Cyrillus
1504 4337 2142 4401 contra'l‘heodorum
2174 4342 2250 4399 de
2274 4339 2507 4399 sanctis
2540 4338 2830 4399 Patribus
2850 4337 3224 4415 protulerat,
3261 4356 3571 4416 nusquam
3604 4338 3715 4397 hu-

301 4416 409 4496 jus
455 4417 604 4476 dicti
637 4418 939 4478 meminit.
976 4421 1056 4477 At
1083 4416 1381 4479 euimisti
1414 4420 1755 4493 referunt,a
1783 4420 2180 4480 Theodoreto
2196 4420 2420 4480 callide
2449 4420 2749 4480 omissum
2787 4436 2802 4491 ;
2830 4418 2999 4495 quod
3031 4418 3194 4477 enim
3245 4417 3545 4478 adversus
3574 4434 3711 4477 eam

308 4498 749 4578 auctoritatem
784 4498 1019 4559 occulis
1049 4500 1485 4578 aspicerenon
1519 4508 1752 4578 posset,
1789 4506 1859 4561 ut
1887 4500 2228 4560 admodum
2258 4501 2509 4577 planam
2542 4506 2603 4559 et
2632 4497 3185 4576 apertam,idcirco
3217 4505 3438 4576 sponte
3468 4498 3548 4557 ab
3571 4497 3711 4578 ipso

309 4577 822 4657 praetermissam.
853 4577 1349 4654 ltespondemus,
1383 4577 1630 4640 tantum
1660 4581 1875 4641 abesse
1910 4586 1975 4639 ut
2005 4596 2143 4639 eam
2166 4580 2597 4639 Theodoretus
2625 4579 2711 4638 ibi
2743 4578 3012 4657 positam
3044 4578 3367 4657 praeterire
3416 4577 3713 4657 voluerit,

307 4654 378 4716 ut
399 4676 541 4716 cum
574 4660 646 4718 B.
680 4658 785 4717 ille
818 4657 1086 4734 Cyrillus
1112 4658 1261 4718 alibi
1292 4660 1571 4733 dixisset,
1606 4679 1794 4720 unam
1830 4670 2119 4720 naturam
2150 4659 2260 4720 Dei
2290 4659 2592 4719 sermonis
2620 4654 3380 4733 incarnatam,’siquidem
3431 4656 3713 4715 scivisset

308 4736 741 4820 Theodoretus
771 4737 837 4820 id
865 4737 1124 4820 verbum
1156 4740 1323 4818 quod
1353 4742 1521 4819 apud
1551 4741 1852 4820 Cyrillum
1883 4745 2105 4815 exstat,
2158 4759 2234 4800 ex
2289 4744 2505 4801 sancto
2576 4736 2921 4800 Athanasio
2977 4736 3261 4820 citatum,
3306 4752 3713 4820 nequaquam

308 4819 467 4880 adeo
498 4822 731 4879 temere
752 4816 1030 4878 dicturus
1061 4813 1282 4879 fuerit:
1309 4813 1455 4892 Quis
1477 4813 1877 4883 tibi'Patrum
1911 4822 2068 4882 dixit
2094 4813 2287 4881 unam
2320 4827 2550 4881 natura
2580 4838 2636 4879 m
2673 4820 2760 4879 De
2789 4816 3094 4878 sermonis
3121 4815 3511 4876 incarnatam
3541 4817 3572 4875 ?
3603 4813 3710 4874 Vi-

312 4898 517 4959 cissim
550 4899 867 4971 ingerunt,
901 4904 1026 4958 tam
1061 4917 1191 4959 esse
1224 4905 1461 4960 certum
1495 4901 1744 4962 scivisse
1776 4902 1862 4962 sic
1893 4902 2170 4961 locutum
2206 4901 2611 4961 Athanasium
2650 4918 2662 4957 :
2698 4906 2767 4959 ut
2797 4899 2983 4959 etiam
3010 4897 3275 4968 dixerit;
3310 4896 3717 4973 quemadmo-

314 4979 460 5037 dum
490 4980 714 5060 Patres
748 4978 1134 5060 locutisunt.
1172 4982 1296 5039 Nos
1326 4986 1568 5049 contra,
1605 5000 1921 5060 quemque
1955 4981 2219 5041 dicimus
2237 4983 2405 5049 eniti.
2442 4986 2511 5040 ut
2558 4980 2870 5050 ostendat,
2907 4998 2943 5037 a
2973 4976 3261 5060 Patribus
3315 4995 3387 5060 ea
3420 4975 3712 5060 prolata,

314 5077 454 5135 quae
486 5058 620 5136 ipse
648 5059 875 5132 tradat,
911 5059 961 5117 si
992 5078 1114 5117 non
1149 5060 1381 5119 eisdem
1413 5055 1640 5131 verbis,
1675 5055 1894 5121 saltem
1931 5061 1989 5119 vi
2023 5061 2352 5121 verborum
2415 5061 2656 5119 eadem.
2721 5081 2750 5115 α
2801 5061 2947 5119 Haec
2998 5056 3389 5133 longiuscula
3420 5055 3567 5116 licet
3596 5073 3628 5115 e
3650 5073 3718 5114 re

321 5160 350 5193 ‹‹
384 5139 501 5197 fuit
530 5139 631 5198 hic
662 5139 908 5207 afferre,
946 5143 1015 5198 ut
1044 5140 1252 5199 videat
1280 5141 1562 5200 eruditus
1592 5142 1807 5213 lector,
1844 5141 1907 5200 in
1937 5160 2062 5218 quo
2094 5141 2354 5217 qmestio
2387 5139 2751 5217 hujusmodi
2810 5139 2938 5218 sita,
2986 5137 3134 5196 olim
3185 5137 3423 5218 fuerit:
3462 5139 3535 5195 Et
3568 5152 3717 5218 sane

323 5242 353 5273 ‹‹
386 5226 531 5300 sunt
562 5237 702 5295 quae
734 5219 1331 5300 forteisuadeantea
1362 5239 1503 5296 quae
1535 5223 1822 5300 superius
1855 5240 1928 5281 ex
1959 5214 2191 5300 Cyrillo
2225 5214 2570 5300 attulimus,
2607 5237 2747 5278 cum
2783 5217 3072 5300 oratione
3102 5215 3429 5300 Athanasii
3452 5214 3719 5300 nomine

319 5321 348 5353 ‹‹
384 5294 803 5375 subsequente
834 5299 1081 5375 adjecta
1110 5299 1323 5377 Cyrilli
1354 5294 1635 5377 epistolas
1669 5304 1872 5361 fuisse.
1908 5294 2064 5360 Nam
2098 5299 2188 5360 uti
2218 5318 2406 5378 supra
2439 5299 2663 5360 dicitur
2693 5315 2833 5377 qua:
2884 5295 3235 5378 aﬂferuntur
3264 5315 3341 5357 ex
3372 5294 3716 5378 Athanasio

324 5402 353 5434 «
390 5378 472 5438 De
502 5373 938 5444 Inearnatione.
972 5379 1048 5437 ad
1085 5373 1265 5438 unius
1296 5373 1464 5439 vocis
1491 5387 1741 5449 θεοτὸκος
1776 5401 1958 5442 usum
1984 5373 2520 5458 comprobandum
2538 5373 2940 5458 adducuntur
2960 5376 3021 5458 in
3043 5376 3323 5458 medium
3352 5392 3365 5445 ;
3403 5373 3567 5433 unde
3593 5375 3716 5434 for-

323 5481 354 5515 «
383 5464 543 5539 tasse
572 5458 858 5539 videatur
886 5458 1105 5518 inutile
1138 5458 1324 5519 fuisse
1356 5460 1576 5520 afferre
1608 5468 1805 5522 totum
1839 5479 1999 5539 pene
2029 5455 2308 5519 libellum
2340 5478 2481 5518 cum
2520 5460 2790 5517 maxime
2821 5455 2937 5515 sub
2968 5455 3215 5539 initium
3250 5455 3562 5513 duntaxat
3591 5473 3713 5539 vox

516 5542 788 5612 θιοτόκος,
818 5537 896 5598 de
926 5556 1052 5616 qua
1081 5539 1365 5616 quaestio,
1399 5550 1786 5619 compareat.
1819 5534 1997 5604 Certe
2028 5539 2290 5618 Cyrillus
2320 5539 2382 5599 in
2424 5539 2690 5618 epistola
2721 5538 2797 5597 ad
2830 5536 3129 5597 Acacium
3164 5536 3575 5619 Berseensem,
3603 5534 3714 5594 ubi

488 5620 605 5681 usu
636 5610 806 5683 vocis
836 5610 1297 5699 eeo-Eéxog'apud
1327 5610 1668 5701 Patres-loq

2092 5647 2170 5693 ιω,
2205 5619 2311 5696 ait,
2347 5624 2395 5680 ἰν
2433 5610 2765 5703 συγγραφαῖς
2797 5624 2885 5679 καὶ
2922 5624 3014 5677 τὸν
3051 5624 3149 5690 τῆς
3180 5616 3436 5693 ἀοιδίμου
3488 5621 3711 5694 μνήμης

143 5711 283 5750 Ηυξ
304 5711 383 5750 με)
404 5728 427 5745 ο.

166 5568 277 5621 κλῇε
432 5604 455 5611 ..
516 5568 552 5599 α

176 5568 552 5701 μέλπω

316 5804 325 5815 ⁸
380 5814 427 5835 ἓν

352 5840 421 5867 is,
516 5834 521 5839 .

440 5940 531 6005 ,ζ’

514 6016 552 6041 Y'.
