2050 3112
140 215 178 245 27
730 219 763 251 s.
786 218 1048 251 ATHANASIUS.
1064 236 1102 241 —
1118 220 1249 252 DUBIA.
1806 220 1845 250 28

140 281 320 309 adorandam
345 284 373 309 et
388 291 477 310 unam
506 291 563 311 non
592 284 787 313 adorandum:
809 285 860 313 sed
877 293 965 312 unam

1025 284 1086 320 μίαν
1116 286 1315 322 προσκονητὴν,
1344 285 1388 312 καὶ
1429 285 1490 322 μίαν
1528 286 1742 323 ἆπροσκυνητον·
1772 284 1846 312 ἀλλὰ

140 329 277 353 naturam
292 326 345 359 Dei
360 327 443 354 Verbi
456 328 688 364 incarnatam,et
703 330 882 357 adorandum
899 338 965 357 cum

141 379 227 397 carne
244 371 481 404 sua,adoratione
494 374 665 409 una.Neque
681 375 755 402 duos
771 374 858 407 ﬁlios,
875 375 966 401 alium

142 415 192 442 Dei
212 416 327 448 Filium,
345 425 446 444 verum
464 417 554 444 Deum
572 420 600 445 et
620 419 813 451 adorandum,
827 418 917 446 alium
933 427 967 446 ex

143 460 233 487 Maria
244 460 456 497 hominem,qui
475 470 532 489 non
553 463 818 499 sdoretur,quique
834 472 884 499 per
899 471 965 499 gra-

140 505 224 537 tiam,
241 507 273 532 ut
288 505 434 539 homines,
446 505 536 534 Filius
551 507 598 534 Dei
611 507 705 535 factus
717 507 773 540 sit;
787 508 836 535 sed
852 516 885 535 ex
897 510 965 540 Deo,

141 552 173 576 ut
188 549 257 581 dixi,
274 557 365 577 unum
384 549 490 578 Filium
506 551 557 578 Dei
573 554 602 578 et
619 555 729 585 Deum;
745 560 812 580 eum
826 552 922 588 ipsum
938 554 967 580 et

141 602 197 620 non
210 593 300 621 alium
317 597 418 621 natum
428 603 462 622 ex
471 595 562 623 Maria
572 597 733 624 secundum
743 605 859 624 carnem
871 596 900 624 in
913 605 966 623 no-

139 637 270 665 vissimis
290 638 405 671 diebus,
423 640 672 674 quemadmodum
702 641 822 676 angelus
840 641 965 677 Deipsrzs

142 683 235 710 Maria:
250 682 373 711 dicenti:
391 695 404 708 «
421 683 571 716 Quomodo
592 685 641 712 ﬁet
664 685 755 719 istud,
773 685 911 721 quoniam
925 686 967 713 vi-

141 736 207 754 rum
223 735 280 755 non
297 736 440 763 cognosco
456 728 487 756 2‘I
500 741 511 755 ι
535 729 586 761 ait,
599 741 612 754 (ι
629 730 757 765 Spiritus
781 732 902 758 sanctus
914 739 966 758 su-

141 772 287 807 perveniet
304 773 331 799 in
351 775 386 804 te,
404 776 431 799 et
443 774 535 800 virtus
550 773 693 802 Altissimi
705 774 964 803 obumbrabittibi:

140 817 265 852 ideoque
289 818 365 851 quod
396 821 533 844 nascetur
548 821 694 854 sanctum,
710 819 861 847 vocabitur
876 819 966 847 Filius

141 863 190 888 Dei
203 863 222 887 ³.
242 873 254 884 n
272 862 325 892 Qui
344 862 433 897 igitur
450 866 536 889 natus
551 865 595 890 est
620 871 654 891 ex
668 863 788 899 Virgine
802 864 903 898 Maria,
920 864 966 892 Fi-

141 906 197 934 lius
214 906 262 933 Dei
281 909 385 933 natura
401 910 428 933 et
446 907 519 934 Deus
537 916 633 943 verus,
665 917 722 936 non
751 909 845 944 gratia
873 916 966 944 neque

141 951 539 986 perticipatione,secumlum
556 961 673 980 carnem
689 955 817 987 tantum,
829 961 917 988 quam
934 962 967 981 ex

140 995 229 1022 Maria
245 995 453 1028 hnbet.homo;
471 997 634 1024 secundum
649 1005 716 1025 vero
732 998 870 1034 spiritum
886 997 964 1025 idem

140 1040 188 1067 ille
204 1039 293 1066 Filius
309 1039 369 1073 Dei,
383 1043 410 1067 et
427 1041 502 1067 Deus
520 1049 625 1069 verus:
644 1050 750 1077 passus
766 1042 886 1078 quidem
898 1050 964 1078 pas-

141 1084 239 1111 siones
255 1086 368 1111 nostras
386 1086 547 1112 secundum
564 1093 692 1118 carnem,
708 1088 740 1114 ut
750 1086 892 1122 scriptum
903 1089 963 1114 est:

142 1139 155 1152 ‹‹
173 1128 286 1155 Christo
304 1137 389 1163 passo
405 1138 455 1163 pro
473 1130 557 1156 nobis
567 1130 690 1163 carne‘;
704 1141 719 1154 η
734 1133 763 1158 et
776 1130 864 1159 alibi:
880 1142 894 1156 «
910 1131 964 1163 Qui

142 1173 258 1208 proprio
275 1172 344 1199 Filio
359 1182 414 1199 non
434 1175 569 1209 pepercit,
586 1174 637 1202 sed
653 1183 705 1210 pro
718 1175 802 1202 nobis
827 1175 965 1203 omnibus

141 1217 262 1244 tradidit
275 1217 355 1244 illum
368 1218 387 1244 ⁵.
405 1229 418 1242 ››
436 1218 612 1253 Impatibilis
627 1227 695 1247 vero
711 1222 863 1255 permanet
873 1222 902 1248 et
914 1220 967 1247 im-

143 1261 295 1289 mutabilis
321 1264 483 1289 serumlum
514 1264 662 1297 deitatem,
690 1264 730 1291 uti
747 1264 853 1292 dicitur
868 1273 886 1292 a
900 1274 965 1300 pro-

142 1307 250 1341 pheta:
265 1318 278 1330 ‹‹
297 1306 352 1339 Ego
374 1307 460 1339 Deus,
478 1311 504 1333 et
522 1317 579 1335 non
591 1310 689 1336 mutor
697 1309 716 1334 ⁸.
731 1319 746 1333 ι)
758 1309 891 1337 Mortuus
902 1310 965 1345 qui-

143 1351 208 1377 dem
228 1354 350 1377 mortem
370 1354 508 1385 nostram,
527 1353 689 1380 secundum
706 1361 823 1380 carnem
840 1362 890 1389 pro
902 1362 966 1390 pec-

143 1394 214 1422 catis
227 1396 343 1429 nostris,
362 1399 393 1421 ut
411 1400 533 1423 mortem
556 1397 683 1424 auferret
708 1405 759 1433 per
774 1406 857 1426 suam
873 1398 968 1434 ipsius

144 1442 265 1466 mortem
279 1448 365 1474 quam
383 1449 433 1474 pro
452 1440 535 1467 nobis
551 1441 967 1475 sustinuit.0uemadmodum

142 1483 299 1519 Apostolus
325 1484 381 1510 ait:
417 1496 426 1508 ιι
450 1486 595 1520 Absorptn
610 1488 655 1513 est
679 1494 758 1513 mora
774 1487 802 1514 in
824 1487 967 1515 victoria:

144 1527 266 1560 inferne,
279 1528 327 1555 ubi
344 1529 481 1555 stimulus
494 1532 563 1556 tuus
575 1530 584 1546 ⁷
597 1531 631 1557 ἲ»
649 1530 683 1557 Ει
698 1530 765 1559 alibi
780 1540 786 1559 :
804 1542 817 1556 α
834 1531 968 1560 Christus

145 1575 280 1599 mortuus
289 1575 332 1599 est
349 1582 398 1607 pro
412 1574 537 1608 peccatis
546 1574 653 1602 nostris
668 1576 830 1603 secundum
840 1576 969 1612 Scriptu-

145 1625 192 1644 ras
208 1616 227 1643 ⁸.
241 1629 252 1642 ι
272 1617 449 1644 immortalis
472 1621 580 1653 autem,
597 1620 625 1646 et
640 1619 743 1647 mortis
758 1620 880 1656 imperio
896 1620 971 1648 liber

145 1666 292 1696 permanet
306 1664 422 1696 propter
439 1662 588 1694 deitatem.
600 1665 700 1697 utpote
710 1654 902 1700 impassibilis
914 1667 966 1692 Pa-
985 1654 1007 1687 ο

145 1705 199 1732 tris
223 1705 326 1737 virtus,
360 1707 610 1740 quemadmodum
626 1708 650 1736 2
673 1708 712 1735 sit
736 1709 855 1737 Petrus:
876 1720 889 1734 υ
906 1710 968 1737 Non

146 1749 223 1777 enim
242 1752 353 1784 poterut
369 1758 384 1775 ει
414 1753 504 1777 morte
522 1751 638 1778 retineri
654 1752 674 1778 '.
691 1762 706 1778 ι
722 1753 776 1785 Qui
796 1753 927 1781 ascendit
940 1754 969 1782 in

147 1793 245 1825 caelos,
263 1794 402 1828 sedetque
419 1803 434 1820 δι
463 1795 571 1822 dextris
587 1795 690 1830 Patris,
707 1798 869 1825 secundum
883 1797 970 1826 Verbi

147 1846 264 1865 carnem
282 1847 297 1865 ει
309 1841 386 1865 terra
402 1839 429 1865 in
448 1840 534 1866 caelos
550 1840 716 1875 exaltatam,
734 1845 820 1877 prout
832 1852 848 1871 ιι
862 1843 970 1871 Davide

147 1882 258 1910 dictum
276 1886 317 1910 est
333 1892 337 1910 :
352 1894 364 1906 ‹‹
384 1884 459 1910 Dixit
476 1884 617 1913 Dominus
633 1885 757 1914 Domino
773 1895 838 1915 meo
852 1896 858 1915 :
871 1888 944 1916 Sede
955 1897 971 1916 νι

147 1927 257 1954 dextris
274 1929 346 1955 meis
368 1929 397 1959 ιο,
414 1940 422 1951 η
442 1930 516 1963 quod
536 1930 570 1956 ad
586 1930 651 1965 ipso
667 1930 791 1959 Domino
806 1933 835 1959 et
850 1932 885 1959 sb
902 1936 970 1968 spo-

147 1972 228 2000 stolis
244 1973 452 2000 confirmetur:
471 1974 634 2002 secundum
653 1975 793 2003 deitatem
821 1985 900 2010 vero,
926 1977 970 2004 in-

148 2017 551 2051 comprehensibilis,omnem
563 2020 715 2048 continens
732 2019 828 2048 locum
841 2029 907 2049 cum
923 2021 972 2049 Pa-

147 2062 190 2088 tre
207 2064 323 2094 aeterno,
339 2064 370 2088 ut
386 2064 506 2096 paterna
521 2066 548 2089 et
562 2063 719 2092 ineffabilia
733 2065 837 2098 virtus,
850 2068 882 2093 ut
896 2068 972 2093 Pau-

148 2105 195 2132 lus
206 2106 290 2132 docet
309 2114 313 2132 :
332 2117 345 2129 α
372 2106 505 2133 Christus
534 2107 584 2134 Dei
604 2108 697 2136 virtus
725 2112 753 2137 et
778 2110 828 2137 Dei
856 2111 972 2147 sapien-

149 2150 189 2177 tia
202 2151 234 2177 “.
250 2161 263 2173 ››
288 2150 436 2177 Venturos
457 2151 533 2178 idem
549 2151 636 2180 Filius
654 2153 701 2180 Dei
712 2156 741 2181 et
756 2153 843 2188 Deus,
860 2158 891 2182 ut
906 2163 973 2190 pro-

150 2194 384 2228 misit,judicare
399 2195 480 2222 vivos
496 2199 523 2222 et
541 2199 682 2229 mortuos,
700 2200 732 2225 ut
744 2198 785 2225 ait
794 2199 970 2234 Apostolus:

150 2250 163 2263 ‹‹
182 2239 235 2271 Qui
248 2239 361 2272 judirat
372 2240 485 2266 occulta
500 2241 731 2275 teuebrarum,et
743 2242 911 2271 manifestat
926 2252 972 2271 oc-

150 2283 229 2310 culta
244 2284 388 2317 cordium,
398 2286 424 2310 et
441 2285 555 2311 laudem
572 2287 600 2312 et
609 2285 786 2321 vituperium
804 2295 855 2322 pro
868 2289 973 2316 merito

1024 329 1085 365 μίαν
1101 329 1179 367 φύσιν
1194 332 1242 356 τοῦ
1266 332 1333 357 Θεοῦ
1358 330 1445 367 Λόγου
1470 329 1687 367 σεσαρκωμένην,
1713 329 1780 366 μετὰ
1794 333 1845 364 τῆς

1022 374 1118 410 σαρκὸς
1145 374 1226 401 αὐτοῦ
1253 377 1302 410 μιᾷ
1326 375 1508 412 προσκυνήσει
1531 374 1576 401 καὶ
1597 374 1849 411 προσκυνουμένην.

1021 417 1087 445 Οὐδὲ
1104 417 1151 445 δύο
1176 419 1261 455 υἱοὺς,
1286 418 1371 446 ἄλλον
1399 419 1445 455 μὲν
1463 419 1524 446 Υἱὸν
1541 421 1619 453 Θεοῦ,
1637 418 1766 454 ἀληθινὸν
1782 419 1846 446 Θεὸν

1020 462 1064 489 καὶ
1087 463 1333 499 προσκυνούμενον
1357 464 1395 499 (1)
1423 462 1506 490 ἄλλον
1529 462 1558 491 δὲ
1574 463 1603 490 ἐκ
1619 463 1725 499 Μαρίας
1742 462 1847 499 ἅνθρω-

1020 517 1082 541 ἰτον1
1108 508 1146 543 μή
1174 508 1419 545 προσκυνούμενον,
1443 507 1510 535 κατὰ
1533 509 1612 545 χάριν
1640 508 1701 535 Υἳὸν
1720 510 1787 535 Θεοῦ
1801 518 1846 545 γε-

1020 551 1147 587 νόμενον,
1172 552 1209 582 ὡς
1234 551 1278 579 καὶ
1308 551 1455 590 ἅνθρωποι·
1483 551 1555 579 ἀλλὰ
1578 552 1623 580 τὸν
1646 552 1675 580 ἐκ
1699 554 1776 587 Θεοῦ,
1806 552 1843 583 ὡς

1022 594 1096 634 ἔφην,
1128 595 1173 623 ἕνα
1197 597 1258 623 Υἱὸν
1283 598 1347 624 Θεοῦ
1372 597 1416 623 καί
1446 594 1520 624 Θεόν·
1541 597 1586 623 τὸν
1612 597 1691 624 αὐτὸν
1720 596 1765 624 καὶ
1795 597 1845 624 οὐκ

1021 640 1107 668 ἄλλον
1132 640 1162 667 ὲκ
1186 641 1288 678 Μαρίας
1312 642 1486 679 γεγεννῆσθαι
1509 641 1577 668 κατὰ
1603 642 1688 678 σάρκα
1713 640 1753 668 ἐπ’
1769 640 1848 678 ἐσχά-

1019 696 1073 712 των
1097 687 1151 712 τῶν
1178 686 1299 722 ἡμερῶν
1325 685 1362 716 ὡς
1386 685 1399 712 6
1426 684 1541 723 ἅγγελος
1565 687 1598 722 τῇ
1615 685 1739 721 Θεοτόκῳ
1754 685 1844 723 Μαρίᾳ

1021 729 1151 767 λεγούσῃ·
1167 731 1206 766 (2)
1224 741 1236 754 ‹‹
1251 732 1313 761 Πῶς
1327 732 1408 757 τοῦτο
1424 729 1508 763 ἔσται,
1525 729 1582 757 ἐπεὶ
1598 728 1681 767 ἄνδρα
1706 729 1737 757 οὖ
1761 730 1847 767 γινώ-

1021 784 1096 808 σκω;
1116 786 1125 799 ι
1152 773 1244 812 εἷ’ρηκε
1257 784 1263 790 ·
1289 786 1303 799 (ι
1330 776 1440 810 Πνεῦμα
1464 773 1540 811 ἅγιον
1559 773 1729 801 ἐπελεύσεται
1746 773 1789 802 ίπὶ
1806 774 1846 807 cl,

1021 818 1065 846 καὶ
1086 818 1201 855 δύναμις
1225 818 1349 855 Ὑψίστου
1375 818 1523 846 ἰπιτκιάσει
1541 828 1593 845 σοι’
1611 817 1654 846 διὸ
1669 818 1714 845 καὶ
1728 819 1759 846 τὸ
1786 829 1845 856 γεν-

1021 863 1141 899 νώμενον
1171 863 1248 900 ἅγιον
1277 862 1445 898 κληθήσεται
1475 863 1536 894 Υἱὸς
1565 865 1643 891 Θεοῦ.
1661 875 1674 888 n
1700 865 1727 890 ὀ
1757 862 1846 890 τοίνυν

1021 907 1158 945 γεννηθεὶς
1183 907 1212 935 ἐκ
1235 911 1286 942 τῆς
1312 908 1448 945 Παρθένου
1475 908 1591 946 Μαρίας,
1616 908 1677 938 Υἱὸς
1708 910 1777 935 Θεοῦ
1802 907 1851 946 φύ-

1022 962 1072 987 σει,
1088 952 1132 979 καὶ
1149 951 1213 979 Θεὸς
1229 951 1365 987 ἀληθινὸς,
1381 952 1426 979 καὶ
1442 952 1472 979 οὐ
1496 953 1600 989 χάριτι,
1624 952 1669 979 καὶ
1695 952 1725 979 οὐ
1756 962 1850 988 μετου-

1022 995 1076 1031 σίᾳ,
1105 996 1173 1022 κατὰ
1201 996 1285 1033 σάρκα
1316 994 1410 1032 μόνον,
1433 996 1483 1030 τὴν
1511 996 1541 1023 ἆκ
1565 996 1679 1033 Μαρίας,
1694 995 1846 1034 ἄνθρωπος’

1019 1041 1087 1067 κατὰ
1116 1039 1145 1067 δὶ
1172 1042 1289 1077 πνεῦμα,
1318 1041 1332 1068 6
1360 1040 1440 1072 αὐτὸς
1469 1041 1531 1071 Υἱὸ..
1555 1043 1622 1068 Θιοῦ
1641 1040 1686 1068 καὶ
1701 1041 1765 1072 Θεὸς
1807 1042 1846 1077 (3)

1019 1085 1160 1120 ἀληθινός·
1177 1086 1268 1113 παθὼν
1286 1087 1331 1122 μὲν
1355 1087 1389 1113 τὰ
1412 1087 1534 1123 ἡμέτερα
1558 1085 1629 1122 πάθη
1654 1087 1722 1114 κατὰ
1751 1086 1848 1124 σάρκα,

1020 1129 1058 1160 ὡς
1086 1129 1254 1167 γὲγραπται¹
1296 1143 1310 1157 (‹
1341 1133 1461 1169 Χριστοῦ
1500 1131 1633 1162 παθόντος
1671 1131 1736 1168 ὐπὶρ
1766 1132 1846 1167 ἡμῶν

1021 1174 1108 1211 σαρκί.
1135 1185 1148 1201 ιι
1181 1169 1234 1201 Καῖ
1259 1174 1351 1211 πάλιν,
1380 1187 1392 1200 ι(
1421 1176 1470 1206 ’¹ος
1492 1186 1523 1212 γε
1546 1178 1595 1203 τοῦ
1624 1174 1693 1202 ῗδίου
1709 1176 1772 1202 Υἱοῦ
1799 1175 1850 1203 οὐκ

1021 1219 1152 1257 ἐφείσατο,
1182 1218 1246 1246 ἀλλ’
1270 1219 1336 1256 ὑπὲρ
1366 1220 1444 1256 ἡμῶν
1474 1219 1580 1247 πάντων
1612 1219 1767 1258 παρέδωκεν
1798 1219 1845 1247 αὐ-

1020 1264 1077 1292 τόν’
1110 1276 1123 1289 ››
1152 1263 1258 1298 ἀπαθής
1274 1262 1302 1291 δὲ
1327 1262 1465 1300 διαμείνας
1494 1265 1539 1292 καὶ
1567 1263 1753 1295 ἀναλλοίωτος
1780 1265 1849 1291 κατὰ

1020 1310 1070 1344 τὴν
1085 1306 1209 1344 Osos-qm,
1224 1308 1292 1335 κατὰ
1314 1308 1345 1335 τὸ
1371 1307 1520 1345 λεγόμενον
1536 1309 1587 1335 ὑπὸ
1610 1311 1658 1335 τοῦ
1684 1309 1846 1346 προφήτου’

1024 1366 1037 1379 ι(
1054 1354 1122 1391 Ἐγὼ
1138 1353 1203 1384 Θεὸς
1230 1353 1275 1379 καὶ
1305 1352 1355 1380 οὐκ
1377 1351 1556 1388 ἠλλοίωμαι·
1585 1365 1597 1376 ιι
1624 1353 1765 1384 ἀποθανὼν
1799 1353 1846 1388 μὲν

1022 1398 1067 1426 τὸν
1095 1398 1227 1435 ἡμέτερον
1252 1398 1364 1425 θάνατον
1389 1397 1457 1424 κατὰ
1481 1397 1565 1434 σάρκα
1590 1397 1655 1435 ὑπὶρ
1684 1399 1736 1424 τῶν
1760 1398 1847 1435 ἀμαρ-

1022 1445 1086 1470 τιῶν
1115 1443 1207 1478 ἡμῶν,
1233 1441 1279 1469 ’ἶνα
1306 1442 1352 1469 τὸν
1382 1441 1492 1469 θάνατον
1518 1441 1600 1478 ἀνέλῃ
1626 1440 1670 1469 διὰ
1701 1444 1749 1469 τοῦ
1780 1441 1846 1479 ὑπὲρ

1023 1489 1103 1524 ἡμῶν
1119 1487 1244 1522 θανάτου,
1260 1487 1328 1513 κατὰ
1341 1486 1386 1513 τὸν
1404 1485 1519 1523 λέγοντα
1543 1485 1722 1513 Ἀπόστολον”
1750 1499 1760 1511 ιι
1780 1489 1848 1512 Κατ-

1024 1532 1107 1566 επόθη
1125 1532 1138 1558 6
1167 1531 1280 1561 θάνατος
1309 1531 1348 1561 είς
1374 1533 1456 1561 νῖκος⁶
1483 1532 1536 1557 ποῦ
1562 1540 1621 1565 σου,
1642 1528 1705 1564 ᾇδη,
1727 1530 1758 1557 τὸ
1787 1529 1850 1557 κέν-

1023 1586 1107 1614 τρον;
1133 1586 1147 1602 ι
1174 1575 1219 1602 καὶ
1244 1574 1325 1602 πάλιν
1343 1584 1349 1591 ·
1381 1587 1394 1600 ι(
1418 1573 1532 1612 Χριστὸς
1560 1575 1688 1606 ἄπὲθανεν
1715 1574 1780 1611 ὑπὲρ
1795 1576 1848 1601 τῶν

1026 1622 1164 1658 ἁμαρτιῶν
1181 1621 1274 1656 ἡμῶν,
1295 1619 1362 1646 κατὰ
1384 1619 1432 1649 τὰς
1455 1619 1572 1657 Γραφάς”
1590 1630 1604 1644 ››
1621 1617 1751 1649 ἀθάνατος
1768 1616 1796 1645 δὶ
1810 1619 1849 1654 (4)

1025 1664 1069 1692 καὶ
1085 1663 1236 1702 ἀκράτητος
1251 1666 1290 1699 τῷ
1305 1663 1410 1699 θανάτῳ
1425 1662 1564 1700 διαμείνας
1582 1661 1627 1690 διὰ
1648 1663 1698 1697 τήν
1724 1662 1849 1697 θεότητα,

1025 1710 1062 1740 ὡς
1091 1709 1195 1743 ἀπαθής
1222 1710 1271 1735 τοῦ
1294 1708 1398 1744 Πατρὸς
1427 1706 1553 1743 δύναμις,
1577 1707 1646 1734 κατὰ
1670 1707 1715 1734 τὸν
1733 1706 1850 1744 λεγοντα

1026 1755 1136 1791 Πέτρον*
1167 1765 1180 1779 ‹‹
1205 1752 1242 1779 Οὐ
1267 1752 1317 1790 γὰρ
1343 1752 1389 1786 ἦν,
1418 1764 1432 1777 ››
1452 1753 1491 1788 (5)
1518 1752 1595 1790 φησὶ,
1614 1750 1756 1778 «δυνατὸν
1786 1761 1851 1789 κρα-

1023 1799 1124 1826 τεῖσθαι
1140 1797 1218 1825 αὑτὸν
1236 1797 1287 1824 ὑπὸ
1302 1799 1350 1824 τοῦ
1374 1796 1497 1828 θανάτου·
1524 1808 1538 1821 ››
1566 1795 1684 1823 ἀνελθὼν
1710 1795 1747 1826 εἴς
1773 1795 1851 1833 οὐρα-

1024 1843 1086 1873 νοὺς
1100 1842 1145 1869 καὶ
1160 1842 1313 1877 καθήμενος
1328 1841 1353 1868 ἐν
1380 1839 1472 1875 δεξιῶν
1490 1842 1538 1868 τοῦ
1563 1840 1677 1877 Πατρὸς,
1705 1839 1773 1867 κατᾶ
1799 1840 1850 1874 τὴν

1026 1887 1078 1914 ἀπὸ
1099 1890 1150 1925 γῆς
1176 1886 1212 1916 εἰς
1237 1885 1367 1923 οὐρανοὺς
1392 1885 1547 1921 ὑψουμὲνην
1572 1884 1656 1922 σάρκα
1682 1886 1730 1911 τοῦ
1746 1883 1848 1921 Λόγου,

1024 1931 1136 1959 κατὰτὸ
1152 1930 1298 1968 λεγόμενον
1314 1930 1366 1957 ὑπὸ
1379 1931 1428 1956 τοῦ
1453 1928 1544 1956 Δαυίδ·
1569 1941 1582 1955 α
1607 1929 1688 1956 Εἶπεν
1713 1929 1727 1956 6
1752 1928 1850 1966 Κύριος

1024 1978 1064 2012 τῷ
1079 1979 1169 2012 Κυριῳ
1186 1984 1248 2011 μοιν
1263 1975 1353 2002 Κάθου
1368 1973 1397 2000 ἐκ
1419 1971 1510 2008 δεξιῶν
1529 1982 1591 2009 μου·
1618 1985 1632 1998 ›ι
1660 1973 1705 2000 καὶ
1735 1972 1779 2000 ὑπ’
1801 1972 1850 1999 αὖ-

1016 2022 1073 2048 ντοῦ
1097 2022 1145 2047 τοῦ
1172 2018 1263 2057 Κυρίῳ
1292 2015 1488 2056 βεϐαιούμενον
1520 2017 1564 2044 καί
1594 2019 1648 2044 τῶν
1678 2016 1849 2044 ἀποστόλων

1026 2065 1094 2092 κατὰ
1109 2063 1138 2091 δε
1160 2064 1209 2098 τὴν
1238 2062 1352 2097 θεότητα
1378 2061 1573 2099 ἀπερίληπτος,
1597 2062 1682 2089 πάντα
1705 2060 1788 2088 τόπον
1803 2071 1852 2087 πε-

1029 2109 1128 2147 ριὲχων
1146 2107 1213 2144 μετᾶ
1227 2109 1275 2134 τοῦ
1291 2107 1396 2144 Πατρὸς
1410 2108 1458 2133 τοῦ
1472 2104 1573 2140 ἀϊδίου,
1596 2105 1633 2136 ὡς
1659 2105 1777 2142 πατρικὴ
1806 2105 1852 2131 καὶ

1028 2153 1145 2191 ἄρῥητος
1183 2151 1306 2187 δύναμις,
1342 2151 1410 2178 κατά
1444 2150 1489 2177 τὸν
1530 2148 1690 2177 διδάσκοντα
1732 2148 1850 2177 Παῦλον·

1031 2210 1045 2226 ι
1059 2198 1172 2236 Χριστὸς
1187 2197 1254 2224 Θεοῦ
1269 2194 1394 2231 δύναμις,
1418 2195 1462 2222 καὶ
1478 2193 1544 2222 Θεοῦ
1560 2194 1650 2233 σοφία.
1681 2205 1695 2220 ›)
1717 2193 1851 2232 Ἐρχόμε-

1026 2253 1072 2273 τος
1102 2242 1116 2269 ὁ
1144 2241 1224 2271 αὐτὸς
1252 2240 1314 2271 Υἱὸς
1339 2241 1405 2267 Θεοῦ
1429 2239 1474 2266 καὶ
1496 2239 1571 2273 Θεὸς,
1596 2239 1633 2270 ὡς
1657 2238 1850 2276 ἐπηγγείλατο,

1027 2289 1114 2324 κρῖναι
1142 2287 1242 2320 ζῶντας
1266 2284 1311 2311 καὶ
1335 2283 1455 2321 νεκροὺς,
1473 2283 1509 2314 ὣς
1526 2293 1606 2321 φησιν
1627 2283 1641 2310 6
1670 2280 1849 2312 Ἀπόστολος’

151 2328 255 2362 cuique
272 2328 374 2354 tribuit
386 2328 417 2354 ¹².
432 2340 445 2352 ››
462 2329 489 2355 Si
506 2330 572 2363 quis
601 2337 666 2358 vero
683 2333 787 2365 praeter
803 2331 861 2359 hec
879 2341 912 2359 ex
928 2341 968 2360 sa-

1034 2344 1044 2357 ι
1062 2332 1118 2359 Τοῦ
1133 2330 1271 2367 κρίνοντος
1285 2329 1320 2355 τὰ
1338 2329 1443 2366 κρυπτά
1469 2330 1517 2355 τοῦ
1545 2327 1668 2360 σκότους,
1698 2327 1742 2353 καὶ
1772 2336 1851 2364 φανει

151 2372 208 2400 cris
224 2372 383 2407 Scripturis
399 2373 491 2405 docet,
509 2374 660 2410 aliumque
688 2375 760 2403 dicit
787 2384 852 2404 esse
869 2377 975 2405 Filium

151 2416 212 2450 Dei,
224 2419 252 2444 et
268 2417 356 2444 alium
374 2426 407 2444 ex
422 2418 512 2445 Maria
528 2421 635 2451 ortum,
652 2427 703 2454 per
712 2421 847 2455 gratiam,
863 2424 896 2449 ut
910 2430 974 2458 nos,

150 2461 319 2496 adoptatum
335 2471 341 2493 ς
359 2462 396 2488 ita
417 2465 447 2489 ut
463 2463 519 2490 duo
537 2463 594 2491 sint
619 2463 681 2491 filii.
711 2465 784 2493 alter
812 2467 975 2495 secundum

151 2506 286 2532 naturam
310 2505 398 2532 Filius
421 2506 480 2539 Dei,
504 2507 576 2534 alter
603 2508 766 2546 secundum
790 2510 914 2546 gratiam
942 2518 977 2538 ex

1032 2377 1142 2414 ροῦντος
1163 2374 1197 2401 τὰ
1225 2373 1330 2411 κρυπτά
1352 2375 1406 2400 τῶν
1434 2370 1565 2407 καρδιῶν,
1594 2370 1638 2397 καὶ
1670 2370 1715 2396 τὸν
1742 2368 1850 2396 ἔπαινον

1030 2412 1075 2447 καὶ
1089 2420 1140 2453 τὴτ
1158 2418 1260 2455 μέμψιν
1275 2418 1334 2445 κατ’
1348 2417 1421 2452 ἀξίαν
1447 2416 1576 2455 φέροντος
1600 2413 1715 2451 ἑκάστῳ.
1745 2425 1760 2439 ››
1777 2413 1807 2440 Εἰ
1823 2412 1852 2440 δὲ

1030 2475 1071 2495 τις
1088 2464 1161 2501 παρὰ
1175 2465 1258 2491 ταῦτα
1273 2461 1302 2489 ἐκ
1316 2464 1370 2489 τῶν
1387 2461 1465 2494 θείων
1495 2461 1607 2499 Γραφῶν
1637 2456 1767 2492 διδάσκει,
1795 2456 1853 2485 ἓτε-

1034 2519 1078 2547 ρον
1096 2507 1184 2545 λὲγων
1200 2507 1245 2534 τὸν
1261 2507 1322 2534 Υὶὸν
1337 2508 1386 2533 τοῦ
1401 2507 1479 2542 Θεοῦ,
1501 2504 1545 2532 καὶ
1561 2503 1652 2540 ἕτερον
1676 2502 1722 2530 τὸν
1747 2501 1778 2530 ἐκ
1796 2505 1853 2530 Μα-

186 2585 281 2624 ξιῐΐιιο.
314 2587 404 2624 1,734.
444 2587 541 2615 3ibid.
571 2588 615 2615 35.
654 2589 781 2618 ‘IPetr.
812 2599 849 2624 Iv,
879 2592 904 2620 1.
944 2591 954 2609 ⁸

1027 2599 1065 2619 m.
1094 2598 1156 2624 vui,
1184 2589 1228 2617 32.
1267 2589 1277 2607 θ
1307 2588 1431 2617 Malsch.
1462 2596 1505 2622 ιιι,
1520 2587 1547 2615 6.
1586 2587 1596 2604 ⁷
1621 2586 1631 2614 Ι
1660 2586 1725 2614 Cor.
1749 2594 1794 2620 xv,
1808 2585 1852 2612 55.

150 2620 247 2648 'ibid.
265 2622 291 2648 3.
331 2623 524 2655 Mct.n,2t.
565 2624 792 2660 ‘°Peal.c1x,1.
832 2620 959 2663 ιὶιοοτ,

1024 2627 1057 2654 ε4.
1097 2627 1120 2644 ¹²
1135 2620 1223 2653 ΙὈοιν.
1239 2633 1276 2658 ιν,
1291 2625 1318 2652 5.

185 2701 226 2742 (i)_
245 2701 326 2729 Hunc
343 2702 446 2742 locum
455 2712 489 2730 ex
505 2704 609 2740 Cyrillo
624 2706 819 2742 restituimus,
836 2707 865 2735 in
883 2707 971 2736 editis

150 2736 274 2777 “niihil?
290 2736 638 2777 τρυεϋμτη-ἣιρενιὲτηιιυθ-

187 2772 395 2814 (wish-gyri”.
421 2775 496 2814 Editi
524 2772 602 2809 vero,
627 2778 689 2808 Πῶς
719 2776 791 2805 ἔσται
810 2788 855 2814 μοι
878 2779 971 2805 τοῦτο.

151 2807 328 2847 Quill}
341 2808 416 2847 ἔλεγε
428 2812 545 2847 Πνεῦμα)

187 2843 398 2886 (3)*’Ᾱληθινόςξ
413 2843 509 2874 deest"
520 2843 596 2883 apud
612 2848 763 2885 Cyrillum.
780 2849 856 2885 Mox,
881 2849 973 2886 Cyril-

150 2879 208 2915 lus,
225 2879 316 2917 ὥσπερ
335 2880 492 2919 γέγραπται.

23 3057 186 3103 Δ

1111 2708 1156 2734 Ita
1166 2704 1301 2742 Cyrillus.
1328 2705 1404 2737 Hec,
1428 2701 1473 2729 καὶ
1488 2701 1650 2740 ἀκράτητος,
1680 2702 1800 2729 deerant
1824 2700 1854 2728 in

1027 2742 1195 2814 edgfdmal,
1208 2777 1290 2814 deest
1306 2773 1556 2814 _apu_dACyrillum.
1585 2772 1707 2814 Ibidem,
1721 2779 1794 2814 gae
1808 2779 1853 2799 se-

1028 2805 1159 2850 quuntur
1173 2805 1251 2848 post,
1266 2805 1379 2850 ὑπὸξοῦ
1394 2805 1629 2850 θαῧάτουὶιιεςμο
1657 2805 1705 2843 ad,
1721 2805 1753 2835 El.
1768 2805 1797 2834 δέ
1811 2816 1854 2836 τις

1027 2845 1099 2876 τὶασὰ
1113 2845 1207 2884 ταῦ-ἔα,
1225 2856 1282 2877 non
1298 2847 1461 2876 atteruntur
1479 2855 1497 2874 α
1512 2845 1629 2881 Cyrillo.
