4100 6224
308 471 387 530 29
969 471 1072 531 DE
1117 470 1481 532 COMMUNI
1525 470 1907 533 ESSENTIA
1946 468 2229 529 PATRIS
2279 469 2377 528 ET
2422 466 2607 527 FlLII
2650 467 2750 526 ET
2795 465 2995 528 SPIR.
3042 464 3107 525 S.
3637 468 3721 529 30

314 601 433 677 ρίας
496 603 779 674 ἄνθρωπον
841 604 960 674 (ὃ),

312 694 500 761 ἡμεῖς·
536 692 610 751 ὡς
644 690 780 745 εἶναι
829 689 926 744 δύο
974 691 1143 759 υἱοὺς,
1174 689 1263 745 ἕνα
1292 694 1427 746 κατὰ
1458 694 1612 769 φύσιν
1655 692 1774 745 rte»
1807 687 1961 756 Θεοῦ,

308 781 398 834 καὶ
447 778 539 833 ἕνα
592 783 727 834 κατὰ
771 783 934 855 χάριν
987 782 1077 834 τὸν
1130 780 1188 835 ἐκ
1239 781 1449 855 Μαρίας
1503 780 1806 851 ἄνθρωπον·
1918 775 1972 833 εἷ’

312 890 396 930 τις
428 870 525 937 τὴν
563 873 659 923 τοῦ
708 869 903 939 Κυρίου
944 872 1103 941 ἡμῶν
1156 870 1325 944 σάρκα
1374 869 1573 923 ἄνωθεν
1626 868 1774 943 λέγει
1807 911 1820 933 ,
1873 868 1962 921 καὶ

326 959 401 1029 μὴ
457 958 514 1011 ἐκ
555 965 652 1025 τῆς
704 959 973 1032 Παρθένου
1018 958 1247 1033 Μαρέάς·
1300 958 1649 1033 ⁸ἶξτρσιπεῖσαν
1699 960 1795 1025 τὴν
1844 957 1962 1011 θεό-

323 1067 461 1115 τητα
518 1046 591 1107 εἷς
651 1048 840 1121 σάρκα,
890 1049 923 1116 ἢ
982 1050 1358 1122 συγχυθεῖσαν,
1390 1049 1423 1116 ἢ
1472 1046 1898 1109 ἀλλοιωθεῖσάψ
1932 1048 1965 1114 ἢ

312 1136 559 1203 παθητὴν
620 1139 716 1188 τοῦ
766 1135 970 1210 Κυρίου
1024 1140 1101 1205 (7)
1162 1136 1407 1206 Οεότητα·
1469 1139 1502 1205 ἢ
1558 1135 1960 1211 ἀπροσκύνητον

317 1225 416 1291 τήν
458 1228 553 1277 τοῦ
604 1223 806 1296 Κυρίου
855 1227 1014 1296 ἡμῶν
1069 1226 1258 1297 σάρκα,
1294 1225 1366 1287 ὡς
1401 1226 1711 1298 ἀνθρώπου,
1762 1224 1850 1279 καὶ
1886 1225 1960 1296 μὴ

319 1312 720 1385 προσκυνητήν,
755 1312 831 1373 ὡς
862 1311 1066 1385 Κυρίου
1096 1314 1185 1366 καὶ
1217 1318 1349 1367 Θεοῦ
1398 1313 1586 1388 σάρκα,
1626 1317 1813 1367 τοῦτον
1846 1313 1967 1366 ἀνα-

313 1399 587 1471 θεματίζει
620 1402 653 1468 ἡ
688 1400 962 1469 Καθολική
1013 1406 1090 1472 (8)
1140 1399 1457 1471 Ἐκκλησία,
1503 1401 1793 1473 πειθομένη
1842 1406 1920 1472 τῷ
1964 1398 2283 1468 Ἀποστόλῳ
2332 1395 2568 1471 λέγοντι’
2607 1420 2631 1447 ‹‹

311 1476 666 1554 παρελάϐετε,
699 1480 941 1551 ἀνάθεμα
973 1479 1131 1536 ἔστω.
1167 1506 1195 1531 ››

387 1617 431 1651 1³
461 1614 646 1670 Galat.
681 1634 720 1686 ι,
750 1617 803 1671 9.

384 1740 1033 1831 ςιῇιᾊνυρωπονκᾶοθιεῐ
1065 1743 1217 1831 ap‘l‘icd
1258 1742 1565 1831 Cyrillum,
1602 1741 1773 1831 Paulo
1806 1747 1959 1831 post,

309 1812 579 1935 Cy‘rillus,
610 1811 703 1868 ἕνα
732 1813 865 1866 κατὰ
918 1811 1074 1888 φύσιν
1107 1811 1246 1867 Ύὶὸν
1275 1811 1370 1866 τοῦ
1402 1818 1533 1867 Θεοῦ
1584 1814 1675 1867 τὸν
1713 1813 1773 1867 ἐκ
1802 1811 1959 1875 Θεοῦ,

310 1903 379 1936 κα
410 1926 422 1938 .
462 1891 571 1938 etc.

384 1956 461 2026 (7)
494 1956 588 2010 Sic
617 1954 886 2026 Cyrillus.
922 1955 1072 2011 Editi
1101 1972 1258 2026 vero,
1288 1960 1384 2010 τοῦ
1416 1956 1563 2011 Υἱοῦ.
1596 1957 1775 2012 Paulo
1811 1960 1962 2028 post,

1020 604 1154 656 κατά
1212 604 1373 678 χάριν
1450 602 1831 673 υἱοποιηθὲντα
1885 601 1956 661 ὡς

2085 602 2253 656 Maria
2273 601 2486 655 homo:
2523 604 2623 655 aut
2654 600 2700 654 si
2728 599 2861 671 quis
2893 598 3121 654 Domini
3158 598 3341 654 nostri
3362 614 3594 653 carnem
3626 600 3718 655 de-

2074 708 2252 762 super
2280 690 2422 745 dicit
2448 706 2597 754 esse,
2632 693 2687 744 et
2711 706 2822 743 non
2857 705 2923 743 ex
2956 688 3189 757 Virgine
3222 688 3443 745 Maria:
3472 693 3573 743 aut
3594 704 3724 742 con-

2072 795 2298 835 versam
2332 779 2602 833 deitatem
2627 778 2687 831 in
2714 794 2971 843 carnem,
2996 782 3099 831 aut
3127 777 3561 845 confusam,aut
3592 792 3719 830 mu-

2074 873 2277 931 tatam,
2313 873 2414 921 aut
2462 865 2802 937 passibilem
2849 865 3079 920 Domini
3132 864 3432 931 deitatem,
3476 868 3577 918 aut
3608 880 3720 918 non

2074 956 2428 1011 adorandam
2462 954 2692 1009 Domini
2716 954 2900 1008 nostri
2934 969 3189 1019 carnem,
3219 958 3417 1024 utpote
3445 953 3719 1017 hominis,

2074 1063 2177 1100 nec
2211 1043 2589 1113 adorandam,
2624 1048 2689 1098 ut
2741 1042 2971 1097 Domini
3018 1046 3075 1097 et
3128 1042 3222 1096 Dei
3255 1059 3487 1097 carnem
3517 1061 3530 1111 ;
3564 1041 3722 1097 hunc

2074 1134 2445 1189 anathemate
2496 1132 2734 1186 damnat
2787 1130 3075 1185 catholica
3122 1129 3396 1202 Ecclesia,
3441 1130 3719 1202 Apostolo

2074 1224 2404 1295 obsequens
2436 1219 2687 1275 dicenti:
2723 1219 2828 1275 «Si
2864 1219 2996 1290 quis
3022 1219 3186 1275 vobis
3217 1218 3718 1291 evangelizaverit,

2074 1317 2284 1384 praeter
2314 1310 2369 1364 id
2402 1310 2555 1381 quod
2586 1308 2911 1378 accepistis,
2948 1307 3258 1364 anathema
3288 1309 3365 1363 sit
3390 1311 3455 1364 ‘3.
3491 1331 3517 1357 »

2668 1393 2737 1451 Ei’
2776 1416 2856 1457 τις
2910 1397 3048 1469 ὑμᾶς
3094 1394 3497 1471 εὐαγγελίζεται
3528 1398 3654 1471 παρ’
3686 1397 3714 1450 ’ὀ

2072 1739 2260 1813 σάρκα,
2294 1741 2492 1813 deerat
2519 1737 2911 1813 inged_iti_s,sed
2934 1738 3194 1813 habetur
3212 1739 3382 1813 apud
3414 1738 3715 1813 Cyrillum“.

2144 1807 2519 1884 (8)7Cyt'lllllS,
2575 1811 2609 1877 ἡ
2668 1808 2792 1884 ἁγία
2847 1807 3147 1879 Καθολική.
3209 1807 3366 1865 Intra
3413 1807 3591 1881 idem,
3641 1808 3720 1883 τῷ

2076 1879 2210 1954 Θείῳ-
2241 1879 2578 1952 Ἀποστόλῳ.

969 2235 1083 2319 IN
1145 2235 1837 2344 SEQUENTEM
1891 2235 2321 2322 LIBRUM
2383 2233 3068 2321 ADMONI’I‘IO.

384 2431 411 2457 ‹‹
449 2410 493 2463 1.
528 2412 610 2463 An
643 2409 739 2464 hic
768 2409 915 2465 liber
946 2410 1023 2465 sit
1052 2412 1377 2477 Athanasii,
1412 2429 1611 2479 necne,
1639 2412 1795 2467 haud
1836 2412 1989 2469 leves
2020 2429 2163 2469 sane
2194 2416 2332 2467 sunt
2362 2411 2672 2467 dubitandi
2723 2428 2948 2477 causae;
2983 2428 3117 2466 nam
3148 2416 3534 2483 praeterquam
3567 2411 3722 2483 quod

328 2517 355 2547 ι(
383 2514 415 2551 a
449 2498 701 2565 nemine,
733 2500 885 2569 quod
921 2500 1267 2569 sciamus,ex
1301 2502 1592 2558 veteribus
1621 2501 1916 2572 laudatur,
1952 2502 2010 2557 in
2050 2503 2480 2574 antiquioribus
2497 2500 2799 2555 Athanasii
2832 2500 3272 2556 collectionibus
3303 2501 3723 2572 manuscriptis

325 2606 352 2636 α
381 2602 493 2641 non
527 2594 839 2658 comparet.
873 2590 960 2643 Ad
995 2589 1420 2663 haec,0rigenes
1453 2592 1607 2646 haud
1642 2591 1821 2648 semel
1854 2592 1927 2647 ab
1952 2592 2274 2647 Athanasio
2305 2590 2623 2646 honoriﬁce
2645 2594 3025 2655 memoratus,
3060 2590 3167 2644 hoc
3200 2590 3256 2644 in
3288 2589 3433 2644 libro
3465 2590 3724 2661 exagita-

321 2698 344 2722 «ι
376 2680 488 2729 tur.
520 2678 787 2730 Attamen
821 2694 952 2732 cum
987 2684 1106 2733 tota
1139 2682 1383 2751 quaestio
1410 2679 1531 2747 illa,
1568 2680 1661 2736 ubi
1699 2681 1767 2735 de
1798 2681 2045 2752 Origene
2076 2682 2291 2752 agitur,
2316 2684 2500 2734 exstet
2530 2678 2707 2733 etiam
2758 2678 2815 2731 in
2850 2678 3245 2746 Quaestionibus
3275 2678 3346 2732 ad
3375 2678 3721 2745 Antiochum,

322 2786 347 2812 ‹‹
366 2780 435 2817 ex
465 2762 746 2818 alterutro
770 2764 915 2819 libro
948 2766 1004 2819 in
1033 2767 1279 2821 alterum
1313 2768 1599 2823 translata
1625 2770 1949 2837 videtur,ex
1980 2773 2109 2823 utro
2141 2768 2413 2839 augurari
2449 2768 2783 2838 nequimus.
2809 2767 2953 2838 Styli
2986 2773 3136 2821 certe
3166 2782 3351 2837 genus
3373 2768 3518 2821 satis
3551 2768 3725 2823 affine

320 2874 345 2901 «
380 2851 530 2906 libro
564 2856 642 2906 De
671 2854 1061 2908 lnearnatione
1094 2872 1149 2925 p.
1182 2856 1289 2908 696
1319 2856 1491 2927 primi
1522 2858 1705 2911 tomi:
1740 2858 1915 2911 variis
1945 2858 2159 2928 quippe
2190 2858 2625 2927 Scripturarum
2658 2855 3009 2910 testimoniis
3059 2856 3303 2926 probare
3336 2856 3541 2910 nititur
3572 2857 3719 2911 scri-

320 2960 347 2991 ‹‹
380 2944 508 3011 ptor
538 2940 667 3010 iste,
703 2956 1067 3012 quaecunque
1098 2942 1252 2997 Patri
1284 2944 1653 3013 conveniunt,
1689 2960 1757 2999 ea
1784 2945 1914 3016 ipsa
1940 2944 2084 2999 Filio
2117 2950 2173 2999 et
2196 2945 2442 3016 Spiritui
2475 2949 2676 3000 sancto
2707 2949 3055 3015 competere.
3090 2944 3169 2998 Ex
3200 2942 3573 3014 hisjudicent
3601 2961 3727 3000 eru-

324 3049 346 3078 ι
380 3030 483 3085 diti
518 3035 717 3085 utrum
748 3030 857 3085 hoc
888 3047 1038 3103 opus
1067 3030 1143 3086 sit
1170 3032 1489 3088 Athanasio
1522 3033 1936 3089 ascribendum
1962 3052 1975 3101 ;
2010 3034 2180 3089 nobis
2211 3035 2527 3089 admodum
2562 3033 2741 3088 dubia
2771 3050 2862 3089 res
2892 3039 2982 3089 est
3011 3056 3062 3088 ».
3694 3019 3714 3033 ’

391 3140 419 3169 ‹‹
452 3120 520 3175 ΙΙ.
554 3122 860 3189 Caeterum,
892 3119 1029 3175 licet
1058 3120 1211 3175 haud
1244 3122 1389 3176 satis
1420 3127 1783 3193 compertum
1817 3122 1896 3178 sit
1917 3139 2033 3195 quo
2064 3127 2324 3194 tempore
2346 3124 2598 3193 scriptus
2626 3123 2818 3187 fuerit,
2847 3124 3161 3194 opinamur
3188 3127 3382 3179 tamen
3416 3125 3723 3197 antiquum

324 3231 352 3259 «
384 3225 534 3281 opus
567 3225 715 3278 esse,
750 3213 806 3264 et
837 3204 971 3265 ante
1000 3208 1291 3282 vulgatam
1327 3211 1575 3267 Nestorii
1608 3211 1873 3267 haeresim
1906 3212 2152 3279 editum,
2180 3213 2331 3282 quod
2365 3211 2527 3267 nulla
2559 3212 2650 3268 hic
2681 3213 2751 3267 de
2783 3211 3186 3267 Incarnatione
3216 3218 3515 3269 moveatur
3545 3231 3730 3286 quaes-

322 3320 350 3349 ‹‹
384 3298 488 3363 tio,
520 3298 654 3353 licet
683 3298 839 3354 haud
872 3299 1052 3355 semel
1100 3317 1229 3357 sese
1258 3301 1484 3358 occasio
1541 3301 1820 3357 obtulerit
1851 3320 1864 3370 ;
1901 3302 2002 3357 sed
2060 3306 2367 3357 Anomzeos
2399 3301 2590 3356 solum
2645 3305 2703 3356 et
2739 3301 3306 3358 Pneumatomachos
3337 3302 3587 3375 scriptor
3615 3303 3729 3359 iste

321 3410 350 3437 «
385 3392 582 3458 petere
609 3387 893 3445 videatur.
924 3388 1190 3461 Quinque
1222 3408 1391 3461 porro
1423 3397 1729 3463 postremas
1781 3392 2158 3463 quaestiones,
2192 3407 2401 3463 nempe
2459 3391 2597 3461 quid
2631 3390 2750 3446 sint
2804 3390 3134 3461 Evangelia,
3166 3391 3304 3462 quid
3337 3391 3549 3464 angeli,
3584 3392 3729 3463 quid

322 3498 351 3526 «
384 3476 579 3543 homo,
611 3482 715 3543 etc,
750 3476 902 3533 alius
931 3477 1180 3535 fortasse
1211 3479 1518 3551 scriptoris
1549 3496 1698 3551 opus
1729 3496 1857 3536 esse
1887 3480 2316 3537 existimentur.
2349 3480 2549 3551 Neque
2586 3480 2743 3535 enim
2774 3482 2846 3534 ad
2892 3495 3135 3551 scopum
3162 3480 3408 3550 hujusce
3438 3481 3729 3552 pertinere

325 3587 353 3615 «
385 3564 689 3634 videntur;
721 3582 788 3622 ex
816 3566 888 3623 iis
920 3569 1212 3639 quaedam,
1245 3572 1309 3625 ut
1337 3568 1457 3625 illic
1491 3574 1781 3637 monetur,
1812 3573 2044 3627 exstant
2071 3570 2132 3625 in
2165 3571 2364 3638 Quaest.
2399 3569 2469 3625 ad
2498 3569 2843 3625 Antiochum.
2880 3590 2908 3619 »

1507 3866 1632 3917 ΤΟΥ
1670 3866 1759 3918 ΕΝ
1797 3865 2027 3920 ΑΓΙΟΙΣ
2068 3864 2341 3919 ΙΙΔΤΡΟΣ
2383 3863 2575 3919 ΗΜΩΝ

1663 3988 2394 4148 ΑΘΑΝΑΣΙΟΥ

320 4178 623 4275 Μαριξυρίαξ
677 4179 887 4275 (9)““51
958 4189 1059 4252 τῆς
1098 4190 1401 4275 κΓραφῆςν,
1485 4192 1609 4275 τῆς.
1672 4187 1810 4272 κατὰ
1883 4185 2040 4275 φύσιιν
2113 4184 2561 4275 κοινιονίαςκὲκ,
2620 4191 2718 4275 του
2793 4188 3001 4275 ὁμοίιος
3076 4188 3207 4275 εἶναι
3283 4188 3377 4275 Ξρν
3457 4188 3720 4275 ΙΙαιεὲρα,

387 4251 518 4303 καῖ’
570 4251 691 4304 τὸνή
749 4252 869 4307 rte».

392 4341 541 4396 γειαν
574 4324 715 4392 (10).

930 4300 946 4325 ,
1026 4255 1114 4308 καὶ
1187 4255 1276 4309 ντὸ’
1343 4257 1491 4333 ἅγιον
1593 4260 1816 4331 Πνεῦμα
1896 4255 2036 4333 πρὸς
2120 4257 2347 4331 θεωρίαν
2444 4255 2758 4335 δυσέφικτον

2815 4258 2837 4331 ,’
2888 4260 2976 4314 καὶ
3074 4262 3198 4333 μίαν
3283 4258 3449 4337 Ξέχειν
3558 4258 3672 4335 ἐν’ἑρ
3705 4294 3728 4304 -

1426 4540 1519 4636 S.
1591 4542 1689 4638 P.
1761 4544 1873 4640 N.
1943 4544 2623 4640 ATHANASlI

394 4712 725 4795 Testimogiu
773 4728 849 4795 ex
876 4730 1034 4770 sacra
1092 4715 1398 4795 Scriptura,
1452 4719 1530 4795 de
1556 4722 1812 4795 naturali
1845 4726 2245 4795 irommunione
2290 4725 2494 4779 similis
2554 4726 2805 4781 essentia?
2859 4726 3005 4779 inter
3063 4725 3301 4789 Putrem,
3336 4731 3387 4778 et
3416 4723 3641 4793 Filium,
3674 4727 3727 4778 et

628 4784 899 4857 Spiritum
928 4784 1223 4857 sanctum;
1243 4784 1481 4848 licei'res
1511 4794 1795 4849 intellectu
1822 4794 2163 4866 difﬁcillima
2189 4798 2260 4851 sit
2280 4814 2299 4851 .'
2330 4801 2379 4851 et
2410 4797 2553 4867 quod
2582 4813 2753 4852 uuam
2782 4796 3013 4852 habeant
3040 4784 3437 4867 operationem.

850 5049 899 5103 1.
935 5046 1068 5123 Περὶ
1101 5045 1424 5125 ἐλευθερίας.

391 5147 523 5223 Περὶ
573 5150 785 5220 ΙΙατρὸς
835 5150 1228 5231 ἀναμφίϐοΛον.
1282 5156 1414 5232 Περὶ
1468 5158 1617 5228 Υἱοῦ,
1669 5162 1821 5236 φωνή
1874 5160 1965 5215 αὐ-

314 5242 562 5325 1:067:06
611 5239 775 5293 Υἱοῦ’
814 5264 841 5288 α
874 5242 993 5296 Ἐὰν
1042 5246 1117 5318 μή
1164 5246 1191 5299 ὁ
1241 5246 1365 5308 Υἱὸς
1416 5246 1555 5320 ὑμᾶς
1607 5245 1961 5325 ἐλευθερώσῃ,

317 5322 506 5381 δοῦλοί
538 5326 673 5383 ἐστε.
711 5350 733 5379 ι
768 5327 902 5403 Περί
932 5335 1027 5383 τοῦ
1074 5333 1388 5407 ΙΙνεύματος
1420 5333 1507 5390 διὰ
1540 5336 1760 5393 Παύλου
1791 5322 1963 5401 eiith

389 5472 436 5506 “
463 5471 630 5527 Joan.
664 5488 784 5539 VIII,
813 5472 902 5527 36'

383 5614 465 5688 (9)7
483 5614 847 5688 Basiliensis,
880 5614 1180 5688 Μαρτυρία,

385 5685 498 5759 (10)
527 5690 687 5769 Hac,
712 5686 861 5769 acpbe
891 5685 1141 5769 θεωρίαν.
1170 5685 1506 5769 δυσέφικτον,
1540 5693 1628 5769 καὶ
1665 5694 1786 5767 μίαν
1820 5690 1968 5769 ἔχειν

314 5752 603 5831 etp-{am
655 5752 870 5817 desunt
915 5758 975 5816 in
1001 5752 1167 5819 'edit.
1201 5752 1385 5835 Paris,
1419 5752 1524 5822 nec
1566 5752 1715 5826 lecta
1764 5752 1903 5828 sunt
1933 5786 1969 5826 a

2674 5060 2723 5113 1.
2758 5059 2832 5114 De
2863 5058 3133 5113 libertate.

2150 5164 2225 5218 De
2274 5168 2466 5233 Patre,
2528 5163 2768 5220 minime
2825 5164 3072 5220 dubium
3124 5167 3234 5221 est.
3266 5163 3347 5219 De
3405 5163 3570 5232 Filio,
3616 5179 3725 5219 vox

2074 5251 2261 5323 ipsius
2292 5252 2419 5306 Filii
2452 5257 2575 5311 est:
2612 5276 2639 5303 ‹‹
2673 5253 2797 5308 Nisi
2828 5270 2929 5308 vos
2960 5253 3139 5309 Filius
3185 5253 3539 5317 liberaverit,
3571 5252 3721 5308 servi

2074 5340 2215 5397 estis
2249 5343 2314 5397 “.
2351 5364 2378 5391 η
2412 5346 2488 5396 De
2519 5342 2740 5414 Spiritu
2773 5348 2994 5412 sancto,
3021 5360 3121 5414 per
3148 5341 3394 5398 Paulum
3428 5342 3510 5397 ita
3538 5340 3723 5412 loqui-

2076 5627 2322 5693 Nannio,
2356 5628 2455 5683 sed
2490 5628 2547 5683 in
2582 5628 2856 5683 omnibus
2880 5644 3021 5684 mss.
3057 5627 3637 5685 habentur.Vatican.
3662 5630 3718 5680 et

2076 5700 2216 5756 edit.
2249 5698 2557 5770 Gommel.,
2588 5695 2938 5776 δυσὲφυκτον.
