4100 6224
317 373 393 431 33
979 361 1082 422 BE
1125 357 1491 422 COMMUNI
1537 355 1916 417 ESSENTIA
1958 356 2238 417 PATRIS
2284 356 2385 417 ET
2429 357 2606 418 FlLlI
2652 358 2751 419 ET
2793 357 2994 420 SPIR.
3038 359 3104 420 S.
3389 374 3391 376 ’
3637 366 3717 425 34

319 503 408 557 ὑπ’
439 499 604 556 αὐτοῦ
655 495 741 550 ἐπὶ
777 494 916 548 Σιὼν
952 490 1078 567 ὅρος
1125 491 1187 544 τὸ
1219 491 1367 566 ἅγιον
1400 486 1583 557 αὐτοῦ,
1622 512 1649 539 ››
1678 489 1768 542 καὶ
1821 486 1960 557 ἑξῆς.

2106 495 2338 546 nontem
2369 494 2635 544 sanctum
2669 491 2797 560 ejus
2838 491 2902 558 ",
2942 513 2969 539 »
2998 493 3106 546 etc.
3141 491 3222 546 De
3267 491 3486 564 Spiritu
3517 501 3712 552 autem

317 590 451 666 Περὶ
506 586 564 642 δὲ
607 591 704 641 τοῦ
753 583 1063 654 Πνεύματος
1114 579 1302 650 είπὼν,
1335 579 1416 634 δτι
1451 603 1480 630 ‹‹
1509 580 1668 633 Εἶπεν
1703 578 1730 631 ὁ
1763 577 1960 651 Κύριος

316 663 408 752 τῷ-
456 676 644 753 Κυρίῳ
709 695 832 748 μου,
885 695 912 724 ι»
977 663 1318 731 ὑποκαταϐὰς
1373 667 1543 742 λέγει’
1610 668 1709 721 Καὶ
1765 666 1966 742 Κύριος

319 768 379 824 ἐκ
428 765 614 837 δεξιῶν
659 781 788 818 σοῦ’
843 785 871 813 ››
915 764 1011 815 τοῦ
1061 757 1152 814 οῦν
1204 760 1331 814 Υἱοῦ
1364 756 1528 813 πάλιν
1577 756 1635 811 ἐκ
1665 754 1850 829 δεξιῶν
1905 755 1967 809 τὸ

320 863 395 913 Πν
404 861 459 912 εῦ
470 877 544 929 μα
553 898 564 910 .

317 995 372 1047 6.
394 991 524 1073 ς’βτι
556 989 582 1041 6
626 986 823 1073 χΠατὴρ
850 983 1078 1073 ..Κύριον
1292 981 1384 1072 τὸν
1433 981 1564 1067 Υίὸν
1607 979 1967 1073 κὶαλεῖηκαὶᾉθ

394 1056 724 1119 ’Δπὸστολος
755 1049 1070 1130 τόΔΠνεῦμα
1099 1049 1188 1109 καὶ
1226 1049 1430 1129 ’Κύριον
1479 1053 1568 1107 καὶ
1620 1049 1966 1126 Θεὸνλὲγει,

389 1134 462 1195 ὡς
498 1129 585 1186 καί
613 1131 705 1185 τὸν
743 1124 889 1184 Υἱὸν.

390 1257 547 1330 Λέγει
581 1255 685 1329 γὰρ
719 1251 914 1314 οὕτως·
950 1276 976 1302 ‹‹
1012 1249 1114 1307 Καί
1145 1248 1289 1304 ἔσται
1324 1249 1458 1321 μετὰ
1505 1253 1670 1303 ταῦτα
1696 1267 1708 1280 ·
1759 1247 1970 1322 Ἐκχεῶ

321 1343 425 1400 ἀπὸ
456 1349 552 1399 τοῦ
602 1341 917 1414 Πνεύματός
960 1361 1063 1412 μου
1093 1339 1180 1392 ἐπὶ
1210 1345 1380 1392 πᾶσαν
1415 1338 1602 1413 σάρκα,
1636 1336 1723 1391 καὶ
1755 1357 1972 1414 προφη-

321 1433 596 1489 τεύσουσιν
650 1432 702 1486 οἱ
754 1431 864 1484 υἱοί
914 1430 1089 1500 ὑμῶν,
1121 1428 1211 1481 καὶ
1256 1427 1308 1480 αἱ
1351 1425 1632 1502 θυγατέρες
1664 1425 1836 1498 ὑμῶν,
1882 1423 1973 1478 καί

326 1524 382 1576 οἱ
440 1517 795 1597 πρεσϐύτεροι
857 1520 1006 1591 ὑμῶν
1041 1516 1262 1571 ἐνύπνια
1305 1514 1840 1584 ἆνύπνιασθήσονται,
1882 1514 1971 1568 καὶ

328 1612 381 1666 οἳ
427 1610 694 1665 νεανίσκοι
740 1608 888 1680 ὑμῶν
937 1606 1150 1681 ὁράσεις
1200 1600 1448 1678 ὄψονται.
1495 1602 1591 1660 Καί
1635 1624 1699 1677 γε
1729 1601 1816 1656 ἰπὶ
1845 1601 1971 1664 τοὺς

327 1699 558 1761 δούλους
595 1720 719 1771 μου,
751 1697 839 1751 καὶ
870 1695 958 1751 ἐπὶ
988 1696 1081 1757 τὰς
1113 1691 1315 1755 δούλας
1348 1713 1452 1766 μου
1492 1691 1542 1746 ἐν
1575 1697 1694 1753 ταῖς
1740 1689 1972 1765 ἡμέραις

328 1788 576 1855 ἐκείναις,
634 1786 812 1861 ἰκχεῶ
854 1784 959 1839 ἀπὸ
1005 1789 1103 1838 τοῦ
1145 1781 1456 1854 Πνεύματός
1505 1801 1608 1854 μου
1669 1779 1755 1834 ἐπὶ
1803 1784 1974 1832 πᾶσαν

2076 585 2277 634 saneto
2308 579 2391 634 sic
2415 577 2642 634 loeutus
2667 595 2680 634 :
2707 601 2734 629 ‹‹
2759 578 2914 634 Dixit
2937 579 3221 635 Dominus
3244 582 3489 637 Domino
3514 599 3663 655 meo,
3691 607 3718 634 ι)

2077 667 2322 722 inferius
2351 667 2466 722 ait:
2494 689 2522 719 »
2551 668 2830 723 Dominus
2853 686 2885 724 a
2914 668 3133 724 dextris
3154 669 3269 724 tuis
3291 670 3354 725 3°.
3381 693 3402 723 ι
3441 672 3480 726 Δ
3503 672 3720 729 dextris

2078 757 2258 828 igitur
2290 756 2416 811 Filii
2449 762 2537 812 est
2567 757 2842 828 Spiritus.

2147 985 2202 1059 θ.
2237 982 2386 1059 Quod
2413 985 2464 1059 et
2493 984 2659 1059 Pater
2687 991 2832 1059 vacet
2860 983 3088 1049 Filium,
3124 985 3417 1041 Darnz'num
3439 1003 3457 1040 :
3487 991 3538 1042 et
3577 988 3713 1059 Apo-

2076 1056 2242 1110 stolus
2269 1056 2560 1130 Spiritum,
2592 1056 2881 1111 Dominum
2904 1071 2967 1110 ac
2997 1060 3174 1110 Deum
3192 1058 3461 1120 nominet,
3490 1056 3718 1130 perinde

2079 1136 2237 1198 atque
2265 1127 2493 1183 Filium.

2152 1249 2237 1306 Ita
2267 1249 2419 1304 enim
2472 1249 2646 1304 dicit:
2688 1273 2707 1299 ι
2759 1249 2828 1304 Ει
2877 1249 2986 1305 erit
3033 1255 3164 1322 post
3202 1251 3358 1308 haec:
3405 1253 3715 1311 Effundam

2082 1341 2152 1394 de
2180 1339 2395 1411 Spiritu
2429 1355 2555 1393 meo
2584 1356 2760 1410 super
2780 1355 3012 1394 omnem
3047 1356 3301 1410 carnem,
3324 1347 3381 1396 et
3411 1344 3718 1414 propheta-

2083 1430 2228 1484 bunt
2287 1428 2390 1481 filii
2437 1427 2632 1492 vestri,
2664 1433 2721 1482 et
2770 1427 2899 1481 tilia
2947 1433 3169 1493 vestras,
3221 1437 3277 1483 et
3324 1447 3492 1486 senes
3542 1433 3719 1488 vestri

2082 1517 2311 1573 somnia
2342 1516 2739 1585 somniahunt,
2773 1521 2828 1571 et
2849 1518 3097 1587 juvenes
3146 1519 3319 1576 vestri
3350 1519 3602 1576 visiones
3632 1522 3719 1576 vi-

2084 1608 2325 1662 debunt.
2357 1605 2464 1661 Sed
2496 1610 2553 1660 et
2581 1622 2759 1678 super
2787 1622 2982 1661 servos
3014 1624 3195 1673 meos,
3229 1613 3287 1663 et
3329 1626 3505 1680 super
3535 1610 3721 1666 ancil-

2085 1695 2170 1750 las
2201 1711 2359 1749 meas
2378 1693 2438 1748 in
2469 1694 2676 1749 diebus
2701 1693 2818 1749 illis
2840 1695 3136 1749 effundam
3153 1697 3223 1751 de
3243 1698 3459 1768 Spiritu
3483 1714 3612 1754 meo
3630 1717 3725 1754 su-

2088 1803 2188 1858 per
2216 1801 2448 1840 omnem
2481 1801 2737 1850 carnem,
2768 1791 2825 1840 et
2850 1787 3296 1856 prophetabunt,
3329 1795 3385 1843 et
3413 1789 3561 1844 dabo
3593 1806 3724 1861 pro-

329 1877 519 1951 σάρκα,
566 1877 655 1930 καὶ
707 1871 1166 1952 προφητεύσουσι,
1211 1872 1301 1925 καὶ
1352 1868 1512 1924 δώσω
1559 1870 1755 1943 τέρατα
1804 1868 1855 1922 ἐν
1895 1870 1975 1938 τῷ

2106 1874 2242 1944 ligia
2269 1873 2326 1927 in
2359 1873 2500 1928 coelo
2546 1890 2804 1941 sursum,
2855 1880 2910 1928 et
2940 1873 3108 1946 signa
3153 1875 3211 1929 in
3242 1880 3395 1931 terra
3425 1877 3721 1946 deorsum,

331 1966 543 2041 ούρανῷ
594 1963 726 2033 ἅνω,
777 1964 865 2018 καὶ
898 1967 1098 2034 σημεῖα
1129 1960 1216 2016 ἐπὶ
1247 1967 1347 2028 τῆς
1370 1963 1468 2035 γῆς
1499 1957 1667 2029 κάτω,
1699 1958 1853 2030 αἷμα,
1888 1954 1977 2010 καὶ

328 2059 460 2130 πῦρ,
505 2053 594 2108 καὶ
643 2050 843 2126 ἀτμίδα
883 2055 1111 2106 καπνοῦ.
1156 2051 1218 2107 Ὁ
1267 2048 1430 2118 ἥλιος
1486 2049 1976 2120 μεταστρασήσεται

333 2143 410 2205 είς
461 2143 674 2209 σκότος,
716 2141 807 2196 καὶ
844 2144 878 2210 ἡ
930 2140 1132 2209 σελήνη
1187 2138 1261 2200 εἰς
1311 2139 1467 2209 αἷμα,
1496 2138 1621 2211 πρὶν
1651 2134 1823 2191 ἐλθεῖν
1880 2135 1978 2202 τὴν

334 2232 543 2307 ἡμέραν
579 2231 795 2302 Κυρίου,
824 2231 925 2298 τὴν
958 2226 1204 2303 μεγάλην
1236 2225 1324 2281 γαί
1358 2227 1611 2303 ἐπιφανῆ.
1664 2224 1766 2282 Καὶ
1811 2221 1980 2296 ἔσται,

338 2326 440 2382 πᾶς
475 2319 531 2382 ὅς
567 2319 622 2373 liv
657 2318 1036 2388 ἰπικαλέσηται
1070 2317 1134 2371 τὸ
1166 2313 1339 2389 ὄνομα
1387 2314 1609 2390 Κυρίου,
1657 2317 1980 2384 σωθήσεται.

340 2413 468 2468 Πῶς
499 2404 589 2460 οῦν
626 2405 1049 2476 ἒπικαλὲσονται,
1085 2405 1162 2467 εἰς
1211 2404 1267 2459 ὅν
1321 2404 1419 2459 οὐκ
1464 2403 1814 2472 ἐπίστευσαν;
1867 2406 1983 2463 πῶς

341 2494 630 2549 ἀκούσουσι
661 2495 834 2568 χωρὶς
865 2493 1227 2569 κηρύσσοντος
1253 2512 1266 2560 ;
1303 2519 1326 2547 ι
1365 2494 1493 2567 Περὶ
1523 2490 1580 2546 δὲ
1607 2496 1704 2546 τοῦ
1736 2489 1984 2561 Πνεύμα-

339 2604 455 2646 τος,
490 2583 516 2636 6
548 2582 706 2644 αὐτὸς
766 2581 1097 2645 ’Δπόστολος
1148 2581 1319 2656 λέγει’
1366 2606 1394 2633 α
1443 2581 1627 2635 Ἡνίκα
1659 2578 1704 2634 δ’
1759 2578 1818 2633 ἃν
1869 2578 1985 2633 ἐπι-

341 2671 540 2748 στρέψῃ
582 2672 718 2746 πρὸς
769 2671 986 2746 Κύριον,
1037 2677 1394 2748 περιαιρεῖται
1445 2670 1508 2724 ’ὸ
1547 2668 1836 2741 κάλυμμα’
1870 2669 1897 2722 6
1931 2664 1988 2722 δὶ

339 2760 532 2834 Κύριος
578 2761 640 2815 τὸ
689 2759 908 2833 Πνεῦμα
955 2760 1084 2814 ἐστι.
1138 2785 1164 2811 ››
1212 2761 1309 2816 Καὶ
1344 2759 1507 2815 πάλιν
1539 2760 1567 2814 6
1597 2757 1779 2820 αὐτός’
1817 2781 1840 2811 α
1877 2759 1992 2814 Κα-

341 2851 508 2924 θάπερ
559 2849 665 2903 ἀπὸ
715 2848 920 2918 Κυρίου
970 2848 1298 2918 Πνεύματοςυ
1361 2872 1387 2897 ι)
1431 2846 1520 2901 καί
1570 2847 1740 2910 αὖθις
1787 2870 1815 2897 ‹‹
1847 2847 1904 2899 Ὀ
1936 2843 1994 2900 δὲ

346 2938 542 3013 Κύριος
591 2934 904 2999 κατευθύνοι
964 2936 1076 3007 (19)
1134 2935 1283 3006 ὑμῶν
1331 2936 1423 2996 τὰς
1479 2933 1702 3008 καρδίας
1760 2935 1835 2996 εἷς
1891 2937 1990 3004 τὴν

347 3026 564 3099 ἀγάπην
596 3029 691 3078 τοῦ
711 3029 866 3095 Θεοῦ,
899 3022 987 3077 καὶ
1019 3023 1094 3084 εἰς
1126 3024 1224 3090 τήν
1247 3023 1527 3095 ὑπομονὴν
1560 3027 1654 3077 τοῦ
1684 3021 1935 3098 Χριστοῦ·
1965 3047 1992 3074 ››

349 3115 452 3190 ἄρα
500 3115 528 3168 6
580 3113 772 3190 Κύριος
816 3113 877 3168 τὸ
927 3117 1146 3184 Πνεῦμα
1175 3111 1306 3168 ἐστι.
1343 3112 1438 3166 Καὶ
1465 3111 1649 3167 πάλιν-
1690 3138 1710 3162 ε
1745 3113 1909 3185 Ὑμᾶς
1939 3109 1996 3165 δὶ

2087 1962 2434 2033 sanguinem
2468 1965 2525 2016 et
2554 1961 2770 2034 ignem,
2791 1967 2848 2018 et
2878 1980 3146 2036 vaporem
3175 1965 3339 2020 fumi.
3362 1965 3454 2020 Sol
3487 1983 3726 2023 conver-

2088 2056 2241 2106 tetur
2269 2049 2327 2105 in
2361 2053 2409 2105 4
2457 2052 2746 2120 tenebras,
2775 2056 2831 2106 et
2879 2049 3021 2106 luna
3051 2053 3108 2106 in
3166 2054 3535 2125 sanguinem,
3564 2060 3728 2110 ante-

2091 2157 2266 2210 quam
2299 2139 2492 2194 veniat
2537 2140 2661 2194 dies
2703 2139 2931 2194 Domini
2983 2157 3230 2212 magnus
3277 2148 3333 2197 et
3362 2143 3624 2199 illustris.
3660 2146 3730 2199 Et

2091 2227 2218 2294 erit,
2252 2226 2442 2282 omnis
2473 2227 2570 2298 qui
2605 2227 2954 2282 invocaverit
2999 2246 3212 2284 nomen
3247 2231 3496 2300 Domini,
3530 2233 3729 2288 salvus

2093 2317 2202 2372 erit
2221 2317 2286 2369 3‘.
2308 2338 2413 2364 n—
2441 2339 2460 2363 α
2489 2317 2784 2379 ἱλυοωοάο
2808 2333 2942 2390 ergo
2966 2319 3400 2385 invocabunt,in
3422 2337 3590 2390 quem
3612 2338 3728 2378 non

2094 2403 2512 2460 crediderunt?
2543 2413 2640 2458 aut
2672 2406 2965 2475 quomodo
2995 2407 3235 2462 audient
3263 2409 3389 2463 sine
3421 2410 3734 2479 praedican-

2094 2493 2265 2549 te”?
2299 2515 2324 2541 ››
2359 2493 2437 2548 De
2490 2493 2708 2564 Spiritu
2760 2510 2928 2565 porro
2980 2495 3133 2550 idem
3189 2497 3501 2568 Apostolus
3557 2498 3733 2554 dicit:

2098 2606 2126 2634 ‹‹
2159 2587 2298 2637 Cum
2331 2586 2524 2637 autem
2558 2598 2869 2637 conversus
2900 2583 3074 2638 fuerit
3101 2585 3170 2639 ad
3209 2585 3540 2655 Dominum,
3574 2587 3734 2642 aufe-

2099 2677 2260 2727 retur
2287 2671 2570 2739 velamen,
2619 2670 2900 2728 Dominus
2959 2679 3152 2728 autem
3201 2674 3452 2746 Spiritus
3499 2680 3588 2732 est
3609 2677 3674 2731 ³³.
3705 2695 3734 2729 ε

2101 2761 2376 2831 Idemque
2398 2776 2641 2815 rursus:
2682 2781 2703 2810 ε
2730 2759 3035 2831 Tanquam
3070 2778 3103 2816 a
3123 2762 3352 2816 Domini
3383 2764 3599 2834 Spiritu
3620 2765 3684 2819 3‘.
3709 2786 3739 2814 »

2103 2854 2293 2919 Atque
2323 2849 2532 2902 iterum
2558 2864 2570 2903 :
2609 2870 2637 2897 «
2672 2849 2949 2903 Dominus
2978 2855 3172 2904 autem
3203 2849 3414 2921 dirigat
3442 2853 3616 2907 corda
3645 2869 3741 2909 ve-

2105 2943 2242 2992 stra.
2276 2935 2334 2989 in
2367 2935 2649 2990 charitate
2697 2935 2822 3002 Dei,
2854 2941 2910 2990 et
2957 2936 3015 2990 in
3047 2937 3327 3008 patientia
3373 2939 3587 2995 Christi
3611 2941 3676 2995 ³⁵.
3712 2961 3740 2991 ››

2105 3025 2358 3097 Spiritus
2390 3024 2569 3096 igitur
2613 3024 2912 3079 Dominus.
2945 3026 3022 3080 Ae
3070 3026 3297 3081 denuo:
3334 3049 3363 3077 «
3401 3027 3519 3084 Vos
3550 3038 3742 3086 autem

2107 3113 2389 3170 Dominus
2419 3113 2735 3168 exuberare
2765 3118 2822 3168 et
2852 3113 3151 3170 abundare
3199 3114 3368 3170 iaciat
3399 3117 3745 3174 charitatem

351 3204 381 3258 6
436 3202 635 3276 Κύριος
684 3201 954 3274 πλεονάσῃ
983 3204 1096 3275 (20)
1127 3201 1216 3254 καὶ
1248 3200 1567 3276 περισσεύσῃ
1597 3205 1664 3274 τῇ
1698 3202 1878 3274 ἀγαπῃ
1925 3203 1988 3273 τῇ

2110 3209 2356 3258 vestram
2391 3203 2446 3256 in
2481 3203 2726 3257 invicem
2749 3207 2805 3256 et
2834 3204 2893 3257 in
2920 3220 3143 3274 omnes,
3171 3206 3671 3274 quemadmodum
3690 3211 3750 3263 et

352 3292 429 3353 εἷς
461 3288 744 3359 ἀλλήλους
772 3289 861 3343 καὶ
895 3289 969 3347 εἷς
1002 3288 1220 3357 πάντας,
1252 3290 1489 3363 καθάπερ
1529 3291 1692 3360 ἡμεῖς
1723 3288 1799 3350 είς
1833 3289 1993 3361 ὑμᾶς,

350 3379 426 3441 είς
457 3381 519 3433 τὸ
547 3376 792 3453 στηρίξαι
824 3378 974 3450 ὑμῶν
1006 3377 1102 3439 τὰς
1134 3375 1354 3453 καρδίας
1387 3377 1688 3450 ἀμέμπτως
1731 3377 1780 3431 ἐν
1833 3378 1997 3451 ἀγιω-

351 3467 482 3540 σύνῃ
510 3463 810 3540 ἔμπροσθεν
833 3470 930 3520 τοῦ
967 3470 1098 3520 Θεοῦ
1129 3465 1221 3519 καὶ
1250 3464 1457 3540 Πατρὸς
1489 3467 1648 3537 ἡμῶν
1681 3464 1732 3519 ἐν
1764 3468 1832 3538 τῇ
1865 3486 1997 3540 παρ-

353 3558 507 3628 ουσίᾳ
551 3555 648 3612 τοῦ
698 3558 896 3632 Κυρίου
953 3560 1111 3629 ἡμῶν
1159 3561 1338 3625 Ἰησοῦ
1389 3561 1627 3631 Χριστοῦ
1688 3557 1822 3628 μετά
1859 3557 1998 3611 πάν-

351 3665 458 3698 των
499 3648 608 3716 (21)
659 3650 763 3698 τῶν
813 3645 975 3720 ἁγίων
1010 3645 1193 3700 αὐτοῦ.
1232 3668 1260 3694 ››
1293 3643 1388 3698 Καὶ
1423 3643 1646 3698 ἐνταῦθα
1677 3644 1704 3697 ὁ
1737 3642 1935 3718 Κύριος
1969 3645 1997 3698 6

353 3731 663 3800 πλεονάζων
693 3731 780 3786 καὶ
813 3731 1141 3805 περισσεύων
1175 3735 1241 3804 τῇ
1275 3730 1456 3806 ἀγάπη
1482 3735 1551 3804 τῇ
1585 3729 1660 3792 είς
1693 3730 1998 3800 ἀλλήλους,

354 3819 442 3874 καὶ
490 3820 754 3896 στηρίζων
796 3821 891 3882 τάς
924 3818 1146 3894 καρδίας
1179 3819 1230 3873 ἐν
1263 3820 1528 3896 ἁγιωσύνῃ
1568 3816 1865 3893 ἔμπροσθεν
1898 3823 1998 3874 τοῦ

356 3913 490 3964 Θεοῦ
522 3907 580 3963 ἐκ
606 3914 672 3982 τῇ
705 3909 974 3982 παρουσίᾳ
999 3913 1096 3964 τοῦ
1121 3908 1317 3981 Κυρίου
1341 3911 1498 3981 ἡμῶν
1533 3909 1713 3979 Ἰησοῦ
1744 3913 2000 3985 Χριστοῦ,

357 3998 421 4052 τὸ
473 3999 691 4070 Πνεῦμά
738 4000 868 4054 ἐστι.
920 3999 1025 4060 Τάς
1075 3996 1166 4052 οὖν
1214 4002 1361 4070 τρεῖς
1402 3998 1730 4073 κυριότητας
1761 3996 1836 4059 εἷς
1873 3997 1998 4070 μίαν

356 4086 650 4158 κυριότητα
681 4088 1012 4163 συναγαγὼν,
1050 4081 1261 4162 βεϐαιοῖ
1292 4085 1462 4161 λέγων
1511 4086 1647 4162 πρὸς
1699 4085 1996 4162 Ἐφεσίους.

359 4200 384 4223 α
432 4175 524 4237 Εἷς
573 4175 786 4250 Κύριος,
841 4175 936 4249 μία
984 4175 1188 4241 πίστις,
1235 4172 1290 4228 ἓν
1345 4173 1640 4250 βάπτισμα.
1677 4174 1906 4230 »Πάλιν
1938 4175 2001 4230 τὸ

355 4267 572 4336 Πνεῦμα
621 4263 818 4339 Κύριος
869 4263 1078 4340 λέγεται
1125 4266 1305 4339 σαφῶς
1338 4263 1388 4316 ἓν
1421 4267 1490 4336 τῇ
1526 4257 1705 4335 βίϐλῳ
1734 4267 1842 4316 τῶν
1875 4269 2003 4336 Κρι-

351 4356 485 4420 τῶν,
526 4351 615 4407 ὅτε
651 4355 746 4413 τὰς
794 4352 1062 4427 ἀριστείας
1114 4355 1223 4422 (22)
1271 4353 1298 4404 ὁ
1349 4351 1590 4423 Σαμψὼν
1641 4349 1834 4418 ἐποίει,
1885 4351 2004 4403 ἐπι-

356 4461 420 4508 ση
435 4440 674 4512 μαίνεται
723 4443 758 4507 ἡ
810 4439 1018 4514 Γραφὴ,
1049 4438 1138 4491 καὶ
1172 4434 1336 4510 λέγει·
1368 4461 1395 4487 ‹‹
1429 4436 1526 4490 Καὶ
1558 4439 1777 4508 Πνεῦμα
1807 4434 2003 4509 Κυρίου

353 4528 520 4597 ἦλθεν
544 4528 628 4581 ἐπὶ
655 4525 1014 4599 Σαμψιὶ›ν,καὶ
1039 4519 1227 4579 ἔλαϐεν
1251 4523 1476 4598 σιαγόνα
1497 4519 1739 4593 ὅνου,καὶ
1763 4523 2004 4579 ἀπέκτει-

2109 3309 2214 3347 nos
2244 3291 2300 3344 in
2338 3290 2522 3361 vobis,
2549 3291 2621 3344 ad
2648 3290 3047 3346 confirmanda
3071 3294 3245 3348 corda
3268 3300 3473 3360 vestra,
3508 3296 3751 3368 irrepre-

2106 3379 2468 3436 hensibilitcr
2512 3379 2570 3433 in
2618 3379 2924 3435 sanctitate
2982 3385 3118 3437 ante
3148 3381 3328 3437 Deum
3378 3388 3608 3439 Patrem
3642 3401 3754 3440 no-

2108 3474 2318 3535 strum,
2350 3467 2408 3522 in
2441 3468 2686 3522 adventu
2713 3467 2940 3522 Domini
2977 3471 3162 3524 nostri
3187 3470 3324 3526 Jesu
3347 3471 3584 3539 Christi,
3618 3488 3753 3528 cum

2108 3558 2383 3613 omnibus
2414 3555 2634 3612 sanctis
2657 3557 2784 3626 ejus
2807 3557 2870 3611 ³⁸.
2897 3579 2924 3606 ‹‹
2959 3557 3076 3612 Hoc
3098 3565 3292 3613 autem
3325 3559 3448 3614 loco
3471 3560 3754 3616 Dominus

2107 3645 2226 3712 ille,
2258 3648 2357 3716 qui
2389 3646 2705 3700 exuberare
2738 3645 2871 3699 facit
2901 3653 2957 3700 et
2987 3648 3284 3702 abundare
3315 3649 3660 3704 charitatem
3693 3649 3753 3703 in

2109 3733 2374 3797 invicem,
2401 3739 2456 3787 et
2478 3734 2576 3804 qui
2609 3733 2914 3788 conﬁrmat
2936 3735 3109 3789 corda
3140 3735 3196 3789 in
3221 3736 3526 3792 sanctitate
3555 3753 3751 3792 coram

2108 3823 2222 3878 Deo
2250 3823 2310 3876 in
2343 3823 2592 3877 adventu
2625 3821 2852 3876 Domini
2889 3823 3070 3875 nostri
3092 3823 3229 3877 Jesu
3265 3824 3753 3896 (lhristi,Spiritus

2110 3917 2218 3968 est.
2251 3912 2392 3966 Tres
2424 3911 2600 3981 igitur
2629 3909 3058 3965 dominationes
3103 3910 3159 3964 in
3193 3928 3371 3966 unam
3401 3913 3753 3968 dominatio-

2112 4018 2242 4056 nem
2290 3998 2658 4061 contrahens,
2697 3997 2749 4050 id
2799 3997 3128 4067 conﬁrmat,
3177 4000 3246 4054 ad
3300 3999 3577 4070 Ephesios
3609 4000 3752 4056 scri-

2111 4090 2294 4144 bens:
2330 4108 2358 4136 «
2393 4085 2554 4141 Unus
2604 4085 2908 4153 Dominus,
2965 4103 3080 4141 una
3138 4088 3304 4155 ﬁdes,
3341 4106 3523 4144 unum
3566 4090 3756 4161 bapti-

2112 4194 2240 4232 sma
2261 4177 2324 4228 37.
2361 4195 2387 4222 ››
2425 4173 2524 4228 llle
2545 4173 2669 4244 ipse
2695 4191 2925 4228 rursum
2946 4175 3198 4246 Spiritus
3227 4175 3450 4248 liquido
3473 4177 3755 4234 Dominus

2111 4262 2440 4336 appellatur
2467 4261 2524 4316 in
2560 4260 2708 4316 libro
2750 4261 3048 4333 Judicum,
3085 4264 3184 4319 ubi
3215 4266 3284 4319 de
3326 4265 3498 4321 rebus
3524 4283 3558 4321 a
3587 4266 3754 4321 Sam-

2113 4369 2254 4407 sone
2288 4351 2510 4406 fortiter
2537 4351 2740 4422 gestis,
2773 4349 2894 4405 haec
2924 4352 3004 4406 ait
3047 4352 3378 4424 Scriptura:
3416 4376 3444 4404 ‹‹
3476 4354 3547 4408 Et
3575 4353 3756 4426 Spiri-

2114 4445 2209 4494 tus
2240 4440 2468 4494 Domini
2499 4440 2652 4494 venit
2682 4441 2740 4494 in
2773 4441 3140 4511 Samsonem,
3171 4445 3228 4496 et
3266 4441 3487 4514 accepit
3527 4442 3757 4498 mandi-

2114 4528 2310 4583 bulam
2345 4527 2515 4594 asini,
2548 4535 2604 4582 et
2643 4527 2934 4584 interfecit
2981 4529 3142 4585 mille
3165 4529 3228 4584 3'.
3266 4551 3295 4580 »
3344 4529 3756 4601 Rursumque:

355 4589 412 4669 νέ
435 4589 706 4690 χιλίουςί»
734 4589 822 4668 καὶ
850 4589 1068 4668 παλινηι
1091 4610 1261 4676 Ἦλθε
1275 4589 1492 4686 Πνεῦμα
1515 4589 1709 4689 Κυρίου
1738 4611 1824 4668 ἐπὶ
1853 4620 1988 4686 Σαμ-

2118 4638 2144 4670 α
2176 4618 2346 4672 Venit
2367 4589 2617 4688 Spiritus
2637 4617 2863 4671 Domini
2886 4617 2942 4672 in
2963 4618 3330 4688 Sumsonem,
3364 4623 3420 4674 et
3449 4589 3762 4690 discerpsit

357 4705 492 4778 ψὼν,
540 4703 626 4758 καί
669 4700 984 4779 διεσπάραξε
1021 4701 1111 4756 τὸν
1147 4701 1338 4756 λέοντα
1369 4702 1443 4764 ὡς
1476 4698 1680 4778 ἔριφον·
1715 4727 1742 4754 ››
1777 4703 1866 4756 καὶ
1896 4701 2002 4756 πά-

360 4791 464 4848 λιν¹
500 4818 528 4846 ‹‹
582 4793 752 4850 Ἦλθε
782 4797 999 4866 Πνεῦμα
1030 4791 1229 4866 Κυρίου
1261 4790 1347 4845 ἐπὶ
1401 4791 1665 4864 Σαμψὼν,
1698 4790 1786 4845 καὶ
1835 4790 2003 4868 ἐπῆρε

357 4884 456 4951 τὴν
489 4882 690 4958 πόρταν
722 4890 823 4952 τῆς
852 4882 1139 4951 Γάζης,καὶ
1180 4880 1460 4955 ἀνήνεγκεν
1509 4880 1584 4942 εἷς
1613 4881 1675 4935 τὸ
1707 4875 1832 4956 ὅρος
1866 4882 2000 4954 (23).

435 5025 481 5059 ²⁹
513 5025 658 5080 Psal.
695 5044 755 5088 ιι,
815 5029 868 5080 6.

364 5111 447 5160 ιιι,
485 5096 568 5148 18.

646 5096 690 5130 ³⁵
718 5097 767 5150 Π
829 5098 1034 5153 Thess.
1095 5115 1180 5166 iu,
1211 5099 1265 5151 5.

361 5184 474 5235 xxv,
507 5168 559 5222 6.

639 5167 682 5201 ‘°
709 5167 900 5234 Judic,
931 5187 1042 5240 xvi,
1079 5171 1132 5224 3.

434 5312 547 5383 (18)
583 5309 794 5384 Κύριον,
847 5313 1010 5368 deest
1057 5315 1114 5368 in
1172 5311 1510 5387 Anglicano,
1557 5328 1661 5368 nec
1718 5329 1752 5369 a
1783 5311 2008 5371 Nannio

365 5382 582 5438 lectum
615 5382 722 5440 eet.

368 5525 396 5579 θ
439 5455 549 5540 (1?)
615 5454 976 5525 Basiliensis,
1035 5454 1360 5517 κατευθύνει.
1421 5455 1761 5525 Vaticanus,
1822 5474 2010 5510 κατευ-

401 5545 535 5579 υνει.

401 5545 535 5580 υνει.

441 5597 564 5670 (20)Δ
585 5599 758 5656 Basil.
806 5594 1121 5670 πλεονάσοι.
1153 5597 1322 5670 Angl.
1381 5602 1438 5656 et
1464 5598 1753 5670 Vatican.,
1784 5596 2012 5656 πλεονά-

373 5666 456 5722 σει
480 5666 571 5723 καὶ
600 5668 954 5746 περισσεύσει.

2114 4705 2364 4769 leonem,
2397 4705 2562 4776 quasi
2595 4705 2823 4759 haedum
2847 4707 2911 4760 39.
2970 4727 2997 4754 υ
3029 4709 3210 4776 Atque
3244 4707 3492 4762 iterum:
3527 4729 3554 4757 ‹‹
3587 4706 3761 4763 Venit

2111 4794 2364 4865 Spiritus
2403 4795 2626 4848 Domini
2660 4795 2717 4846 in
2756 4797 3121 4862 Samsonem,
3155 4800 3212 4850 et
3259 4796 3502 4850 sustulit
3534 4801 3761 4866 portam

2110 4886 2293 4948 Gazaa,
2327 4888 2384 4937 et
2415 4881 2733 4952 asportavit
2763 4880 2820 4936 in
2856 4887 3111 4938 montem
3135 4883 3198 4937 ιο.
3235 4905 3261 4932 ››
3293 4883 3360 4937 Et
3387 4883 3603 4954 ubique
3625 4899 3757 4954 pro-

947 5029 992 5061 ³ο
1025 5026 1173 5080 Psal.
1234 5042 1342 5089 arx,
1405 5026 1452 5079 1.
1530 5025 1573 5060 δι
1628 5024 1751 5080 Joel
1806 5041 1867 5093 ιι,
1928 5026 1988 5080 28

2107 5065 2120 5079 .
2195 5025 2242 5059 ³³
2301 5003 2472 5078 Rom.
2524 5040 2582 5088 x,
2641 5023 2726 5077 14.
2803 5024 2847 5058 ⁸³
2899 5025 2943 5080 ΙΙ
3002 5025 3130 5081 Cor.
3164 5041 3246 5090 ιιι,
3287 5026 3368 5080 16.
3445 5026 3493 5068 ³⁸
3548 5025 3596 5079 II
3627 5023 3764 5084 Cor.

1343 5097 1440 5150 ³⁸1
1495 5095 1700 5152 Thess.
1761 5113 1845 5164 in,
1880 5098 1965 5166 i2,
2029 5096 2115 5153 13.
2189 5096 2232 5131 ³⁷
2270 5097 2476 5166 Ephes.
2535 5111 2608 5164 ιν,
2641 5095 2694 5149 5.

2771 5095 2815 5129 ⁸⁸
2843 5095 3034 5152 Judic.
3083 5113 3176 5168 xv,
3208 5097 3297 5163 14,
3331 5097 3419 5152 15.
3493 5096 3540 5133 ³⁸
3565 5096 3760 5162 Judie.

2191 5312 2304 5382 (21)
2337 5311 2398 5364 In
2446 5309 2670 5380 Anglic.
2723 5316 2876 5386 post,
2913 5309 3046 5381 μετὰ
3100 5309 3338 5381 πάντων,
3387 5311 3601 5370 desunt
3639 5327 3764 5386 qua:

2121 5387 2446 5458 sequuntur
2468 5397 2661 5458 usque
2693 5384 2770 5458 ad
2796 5383 2971 5458 Ἰησοῦ
3008 5387 3260 5458 Χριστοῦ.

2335 5453 2614 5529 Anglican
2627 5470 2713 5521 us,
2746 5453 3010 5529 ἀριστέας.

2212 5527 2300 5596 23)
2335 5525 2436 5598 Hic
2465 5525 2791 5598 Scriptura:
2808 5527 2970 5584 locus
3018 5544 3134 5583 non
3165 5527 3236 5583 ad
3260 5526 3524 5598 verbum,
3555 5526 3659 5586 sed
3690 5525 3762 5583 ad

2121 5597 2473 5656 sententiam
2508 5597 2765 5657 affertur.
