  <div class='ocr_page' id='page_1' title='image "/cluster/home/n/w/nwhite01/storage/ocr_20150623/28/hvd.32044052794351/023.png"; bbox 0 0 4100 6224; ppageno 0'>
   <div class='ocr_carea' id='block_1_1' title="bbox 379 292 3793 371">
    <p class='ocr_par' dir='ltr' id='par_1_1' title="bbox 379 292 3793 371">
     <span class='ocr_line' id='line_1_1' title="bbox 379 292 3793 371; baseline 0 -16"><span class='ocrx_word' id='word_1_1' title='bbox 379 314 455 371; x_wconf 76' lang='lat'>35</span> <span class='ocrx_word' id='word_1_2' title='bbox 1563 294 1625 355; x_wconf 90' lang='lat' dir='ltr'>S.</span> <span class='ocrx_word' id='word_1_3' title='bbox 1676 292 2206 355; x_wconf 81' lang='lat' dir='ltr'>ATHANASIUS.</span> <span class='ocrx_word' id='word_1_4' title='bbox 2239 323 2316 338; x_wconf 91' lang='lat'>--</span> <span class='ocrx_word' id='word_1_5' title='bbox 2345 294 2609 355; x_wconf 84' lang='lat' dir='ltr'>DUBlA.</span> <span class='ocrx_word' id='word_1_6' title='bbox 3714 297 3793 356; x_wconf 88' lang='lat'>36</span> 
     </span>
    </p>
   </div>
   <div class='ocr_carea' id='block_1_2' title="bbox 376 423 2039 515">
    <p class='ocr_par' dir='ltr' id='par_1_2' title="bbox 376 427 2020 513">
     <span class='ocr_line' id='line_1_2' title="bbox 376 427 2020 513; baseline -0.01 -17"><span class='ocrx_word' id='word_1_7' title='bbox 376 442 644 513; x_wconf 82' lang='lat' dir='ltr'>greditur</span> <span class='ocrx_word' id='word_1_8' title='bbox 673 436 928 509; x_wconf 79' lang='lat' dir='ltr'>Spiritus</span> <span class='ocrx_word' id='word_1_9' title='bbox 960 431 1211 488; x_wconf 85' lang='lat' dir='ltr'>Domini.</span> <span class='ocrx_word' id='word_1_10' title='bbox 1250 428 1353 486; x_wconf 89' lang='lat' dir='ltr'>Ubi</span> <span class='ocrx_word' id='word_1_11' title='bbox 1385 432 1576 483; x_wconf 89' lang='lat' dir='ltr'>autem</span> <span class='ocrx_word' id='word_1_12' title='bbox 1630 427 1880 481; x_wconf 88' lang='lat' dir='ltr'>abrasus</span> <span class='ocrx_word' id='word_1_13' title='bbox 1910 429 2020 491; x_wconf 87' lang='lat' dir='ltr'>est,</span> 
     </span>
    </p>
   </div>
   <div class='ocr_carea' id='block_1_3' title="bbox 2151 423 3793 515">
    <p class='ocr_par' dir='ltr' id='par_1_3' title="bbox 2151 423 3793 501">
     <span class='ocr_line' id='line_1_3' title="bbox 2151 423 3793 501; baseline 0.002 -26"><span class='ocrx_word' id='word_1_14' title='bbox 2151 423 2236 475; x_wconf 62' lang='lat' dir='ltr'>hi</span> <span class='ocrx_word' id='word_1_15' title='bbox 2290 423 2462 493; x_wconf 75' lang='grc' dir='ltr'>πάντη</span> <span class='ocrx_word' id='word_1_16' title='bbox 2526 424 2871 499; x_wconf 62' lang='grc' dir='ltr'>ἐκπορεύεται</span> <span class='ocrx_word' id='word_1_17' title='bbox 2932 427 2992 480; x_wconf 80' lang='grc' dir='ltr'>τὸ</span> <span class='ocrx_word' id='word_1_18' title='bbox 3050 431 3266 495; x_wconf 62' lang='grc' dir='ltr'>Πνεῦξια</span> <span class='ocrx_word' id='word_1_19' title='bbox 3298 426 3518 501; x_wconf 80' lang='grc' dir='ltr'>Κυρίου.</span> <span class='ocrx_word' id='word_1_20' title='bbox 3557 427 3680 482; x_wconf 84' lang='grc' dir='ltr'>Ὀτε</span> <span class='ocrx_word' id='word_1_21' title='bbox 3734 424 3793 480; x_wconf 74' lang='grc' dir='ltr'>δὲ</span> 
     </span>
    </p>
   </div>
   <div class='ocr_carea' id='block_1_4' title="bbox 374 513 2033 603">
    <p class='ocr_par' dir='ltr' id='par_1_4' title="bbox 374 513 2033 603">
     <span class='ocr_line' id='line_1_4' title="bbox 374 513 2033 603; baseline -0.011 -18"><span class='ocrx_word' id='word_1_22' title='bbox 374 536 689 603; x_wconf 76' lang='lat' dir='ltr'>postquam</span> <span class='ocrx_word' id='word_1_23' title='bbox 724 524 997 595; x_wconf 83' lang='lat' dir='ltr'>mysteria</span> <span class='ocrx_word' id='word_1_24' title='bbox 1027 522 1126 576; x_wconf 91' lang='lat' dir='ltr'>Dei</span> <span class='ocrx_word' id='word_1_25' title='bbox 1160 518 1350 574; x_wconf 66' lang='lat' dir='ltr'>Dalilae</span> <span class='ocrx_word' id='word_1_26' title='bbox 1385 518 1735 588; x_wconf 81' lang='lat' dir='ltr'>aperuisset,</span> <span class='ocrx_word' id='word_1_27' title='bbox 1768 516 1849 569; x_wconf 87' lang='lat' dir='ltr'>ait</span> <span class='ocrx_word' id='word_1_28' title='bbox 1878 513 2033 569; x_wconf 90' lang='lat' dir='ltr'>Scri-</span> 
     </span>
    </p>
   </div>
   <div class='ocr_carea' id='block_1_5' title="bbox 377 602 2031 690">
    <p class='ocr_par' dir='ltr' id='par_1_5' title="bbox 377 602 2031 690">
     <span class='ocr_line' id='line_1_5' title="bbox 377 602 2031 690; baseline -0.009 -18"><span class='ocrx_word' id='word_1_29' title='bbox 377 602 590 690; x_wconf 83' lang='lat' dir='ltr'>ptura:</span> <span class='ocrx_word' id='word_1_30' title='bbox 632 636 660 665; x_wconf 86' lang='lat'><strong><em>«</em></strong></span> <span class='ocrx_word' id='word_1_31' title='bbox 693 614 758 668; x_wconf 90' lang='lat' dir='ltr'>Et</span> <span class='ocrx_word' id='word_1_32' title='bbox 788 614 1029 668; x_wconf 86' lang='lat' dir='ltr'>recessit</span> <span class='ocrx_word' id='word_1_33' title='bbox 1058 628 1091 665; x_wconf 89' lang='lat' dir='ltr'>a</span> <span class='ocrx_word' id='word_1_34' title='bbox 1121 610 1405 664; x_wconf 86' lang='lat' dir='ltr'>Samsone</span> <span class='ocrx_word' id='word_1_35' title='bbox 1454 604 1738 659; x_wconf 88' lang='lat' dir='ltr'>Dominus</span> <span class='ocrx_word' id='word_1_36' title='bbox 1759 604 1825 657; x_wconf 51' lang='lat' dir='ltr'>‘t.</span> <span class='ocrx_word' id='word_1_37' title='bbox 1864 624 1891 651; x_wconf 85' lang='grc'><strong>››</strong></span> <span class='ocrx_word' id='word_1_38' title='bbox 1925 602 2031 657; x_wconf 91' lang='lat' dir='ltr'>De-</span> 
     </span>
    </p>
   </div>
   <div class='ocr_carea' id='block_1_6' title="bbox 379 690 2035 771">
    <p class='ocr_par' dir='ltr' id='par_1_6' title="bbox 379 690 2035 771">
     <span class='ocr_line' id='line_1_6' title="bbox 379 690 2035 771; baseline -0.011 -10"><span class='ocrx_word' id='word_1_39' title='bbox 379 708 774 761; x_wconf 89' lang='lat' dir='ltr'>monstratum</span> <span class='ocrx_word' id='word_1_40' title='bbox 807 701 1002 771; x_wconf 82' lang='lat' dir='ltr'>itaque</span> <span class='ocrx_word' id='word_1_41' title='bbox 1038 700 1162 769; x_wconf 90' lang='lat' dir='ltr'>jam</span> <span class='ocrx_word' id='word_1_42' title='bbox 1198 702 1305 761; x_wconf 88' lang='lat' dir='ltr'>est,</span> <span class='ocrx_word' id='word_1_43' title='bbox 1341 694 1624 765; x_wconf 86' lang='lat' dir='ltr'>Spiritum</span> <span class='ocrx_word' id='word_1_44' title='bbox 1678 707 1805 746; x_wconf 90' lang='lat' dir='ltr'>esse</span> <span class='ocrx_word' id='word_1_45' title='bbox 1838 690 2035 745; x_wconf 91' lang='lat' dir='ltr'>Domi-</span> 
     </span>
    </p>
   </div>
   <div class='ocr_carea' id='block_1_7' title="bbox 382 782 2036 863">
    <p class='ocr_par' dir='ltr' id='par_1_7' title="bbox 382 782 2036 863">
     <span class='ocr_line' id='line_1_7' title="bbox 382 782 2036 863; baseline -0.01 -14"><span class='ocrx_word' id='word_1_46' title='bbox 382 810 524 850; x_wconf 90' lang='lat' dir='ltr'>num</span> <span class='ocrx_word' id='word_1_47' title='bbox 557 810 568 848; x_wconf 91' lang='lat'>:</span> <span class='ocrx_word' id='word_1_48' title='bbox 604 791 757 863; x_wconf 91' lang='lat' dir='ltr'>quod</span> <span class='ocrx_word' id='word_1_49' title='bbox 794 789 842 845; x_wconf 90' lang='lat' dir='ltr'>si</span> <span class='ocrx_word' id='word_1_50' title='bbox 874 789 1181 850; x_wconf 89' lang='lat' dir='ltr'>Dominus,</span> <span class='ocrx_word' id='word_1_51' title='bbox 1215 784 1385 856; x_wconf 86' lang='lat' dir='ltr'>plane</span> <span class='ocrx_word' id='word_1_52' title='bbox 1418 788 1565 837; x_wconf 86' lang='lat' dir='ltr'>Deus</span> <span class='ocrx_word' id='word_1_53' title='bbox 1597 786 1725 837; x_wconf 89' lang='lat' dir='ltr'>est:</span> <span class='ocrx_word' id='word_1_54' title='bbox 1766 801 1791 832; x_wconf 74' lang='grc' dir='ltr'>ε</span> <span class='ocrx_word' id='word_1_55' title='bbox 1820 782 2036 834; x_wconf 81' lang='lat' dir='ltr'>Scitote</span> 
     </span>
    </p>
   </div>
   <div class='ocr_carea' id='block_1_8' title="bbox 383 869 2027 951">
    <p class='ocr_par' dir='ltr' id='par_1_8' title="bbox 383 869 2027 951">
     <span class='ocr_line' id='line_1_8' title="bbox 383 869 2027 951; baseline -0.01 -14"><span class='ocrx_word' id='word_1_56' title='bbox 383 883 560 946; x_wconf 85' lang='lat' dir='ltr'>enim,</span> <span class='ocrx_word' id='word_1_57' title='bbox 595 880 800 951; x_wconf 88' lang='lat' dir='ltr'>inquit,</span> <span class='ocrx_word' id='word_1_58' title='bbox 835 876 1112 948; x_wconf 83' lang='lat' dir='ltr'>quoniam</span> <span class='ocrx_word' id='word_1_59' title='bbox 1149 873 1427 929; x_wconf 89' lang='lat' dir='ltr'>Dominus</span> <span class='ocrx_word' id='word_1_60' title='bbox 1456 872 1580 942; x_wconf 90' lang='lat' dir='ltr'>ipse</span> <span class='ocrx_word' id='word_1_61' title='bbox 1610 877 1699 926; x_wconf 92' lang='lat' dir='ltr'>est</span> <span class='ocrx_word' id='word_1_62' title='bbox 1729 870 1883 924; x_wconf 90' lang='lat' dir='ltr'>Deus</span> <span class='ocrx_word' id='word_1_63' title='bbox 1914 869 1977 921; x_wconf 60' lang='lat'>‘2.</span> <span class='ocrx_word' id='word_1_64' title='bbox 2001 886 2027 917; x_wconf 75' lang='grc' dir='ltr'>ιι</span> 
     </span>
    </p>
   </div>
   <div class='ocr_carea' id='block_1_9' title="bbox 383 956 2036 1034">
    <p class='ocr_par' dir='ltr' id='par_1_9' title="bbox 383 956 2036 1034">
     <span class='ocr_line' id='line_1_9' title="bbox 383 956 2036 1034; baseline -0.008 -8"><span class='ocrx_word' id='word_1_65' title='bbox 383 971 453 1026; x_wconf 88' lang='lat' dir='ltr'>Et</span> <span class='ocrx_word' id='word_1_66' title='bbox 478 988 535 1025; x_wconf 88' lang='lat'>:«</span> <span class='ocrx_word' id='word_1_67' title='bbox 553 969 793 1034; x_wconf 84' lang='lat' dir='ltr'>Quando</span> <span class='ocrx_word' id='word_1_68' title='bbox 811 966 1247 1019; x_wconf 70' lang='lat' dir='ltr'>asdificaverunt</span> <span class='ocrx_word' id='word_1_69' title='bbox 1271 960 1369 1017; x_wconf 82' lang='lat' dir='ltr'>lilii</span> <span class='ocrx_word' id='word_1_70' title='bbox 1394 960 1512 1015; x_wconf 90' lang='lat' dir='ltr'>Gad</span> <span class='ocrx_word' id='word_1_71' title='bbox 1536 960 1719 1014; x_wconf 89' lang='lat' dir='ltr'>altare</span> <span class='ocrx_word' id='word_1_72' title='bbox 1743 958 1812 1012; x_wconf 90' lang='lat' dir='ltr'>ad</span> <span class='ocrx_word' id='word_1_73' title='bbox 1836 956 2036 1012; x_wconf 87' lang='lat' dir='ltr'>Jorda-</span> 
     </span>
    </p>
   </div>
   <div class='ocr_carea' id='block_1_10' title="bbox 385 1046 2037 1127">
    <p class='ocr_par' dir='ltr' id='par_1_10' title="bbox 385 1046 2037 1127">
     <span class='ocr_line' id='line_1_10' title="bbox 385 1046 2037 1127; baseline -0.01 -14"><span class='ocrx_word' id='word_1_74' title='bbox 385 1075 539 1127; x_wconf 89' lang='lat' dir='ltr'>nem,</span> <span class='ocrx_word' id='word_1_75' title='bbox 574 1063 629 1110; x_wconf 85' lang='lat' dir='ltr'>et</span> <span class='ocrx_word' id='word_1_76' title='bbox 658 1055 947 1109; x_wconf 90' lang='lat' dir='ltr'>miserunt</span> <span class='ocrx_word' id='word_1_77' title='bbox 969 1052 1070 1106; x_wconf 81' lang='lat' dir='ltr'>ﬁlii</span> <span class='ocrx_word' id='word_1_78' title='bbox 1100 1049 1274 1105; x_wconf 78' lang='lat' dir='ltr'>Israel</span> <span class='ocrx_word' id='word_1_79' title='bbox 1302 1050 1371 1104; x_wconf 90' lang='lat' dir='ltr'>ad</span> <span class='ocrx_word' id='word_1_80' title='bbox 1392 1047 1781 1113; x_wconf 86' lang='lat' dir='ltr'>eos,dicentes</span> <span class='ocrx_word' id='word_1_81' title='bbox 1806 1062 1818 1098; x_wconf 89' lang='lat'>:</span> <span class='ocrx_word' id='word_1_82' title='bbox 1848 1046 2037 1109; x_wconf 82' lang='lat' dir='ltr'>Quare</span> 
     </span>
    </p>
   </div>
   <div class='ocr_carea' id='block_1_11' title="bbox 385 1135 2035 1218">
    <p class='ocr_par' dir='ltr' id='par_1_11' title="bbox 385 1135 2035 1218">
     <span class='ocr_line' id='line_1_11' title="bbox 385 1135 2035 1218; baseline -0.01 -16"><span class='ocrx_word' id='word_1_83' title='bbox 385 1147 526 1203; x_wconf 85' lang='lat' dir='ltr'>estis</span> <span class='ocrx_word' id='word_1_84' title='bbox 579 1143 1045 1218; x_wconf 72' lang='lat' dir='ltr'>praevaricatores</span> <span class='ocrx_word' id='word_1_85' title='bbox 1095 1139 1193 1195; x_wconf 91' lang='lat' dir='ltr'>Dei</span> <span class='ocrx_word' id='word_1_86' title='bbox 1237 1137 1424 1193; x_wconf 81' lang='lat' dir='ltr'>facti?</span> <span class='ocrx_word' id='word_1_87' title='bbox 1474 1135 1903 1207; x_wconf 87' lang='lat' dir='ltr'>responderunt</span> <span class='ocrx_word' id='word_1_88' title='bbox 1933 1148 2035 1205; x_wconf 91' lang='lat' dir='ltr'>pro</span> 
     </span>
    </p>
   </div>
   <div class='ocr_carea' id='block_1_12' title="bbox 384 1223 2033 1293">
    <p class='ocr_par' dir='ltr' id='par_1_12' title="bbox 384 1223 2033 1293">
     <span class='ocr_line' id='line_1_12' title="bbox 384 1223 2033 1293; baseline -0.01 -1"><span class='ocrx_word' id='word_1_89' title='bbox 384 1234 760 1292; x_wconf 84' lang='lat' dir='ltr'>excusatione</span> <span class='ocrx_word' id='word_1_90' title='bbox 793 1233 895 1286; x_wconf 81' lang='lat' dir='ltr'>ﬁlii</span> <span class='ocrx_word' id='word_1_91' title='bbox 950 1231 1153 1285; x_wconf 83' lang='lat' dir='ltr'>Ruben</span> <span class='ocrx_word' id='word_1_92' title='bbox 1200 1227 1453 1283; x_wconf 90' lang='lat' dir='ltr'>tribunis</span> <span class='ocrx_word' id='word_1_93' title='bbox 1506 1224 1701 1293; x_wconf 77' lang='lat' dir='ltr'>Israel,</span> <span class='ocrx_word' id='word_1_94' title='bbox 1737 1223 2033 1278; x_wconf 82' lang='lat' dir='ltr'>dicentes:</span> 
     </span>
    </p>
   </div>
   <div class='ocr_carea' id='block_1_13' title="bbox 386 1312 2035 1381">
    <p class='ocr_par' dir='ltr' id='par_1_13' title="bbox 386 1312 2035 1381">
     <span class='ocr_line' id='line_1_13' title="bbox 386 1312 2035 1381; baseline -0.01 -2"><span class='ocrx_word' id='word_1_95' title='bbox 386 1330 537 1378; x_wconf 87' lang='lat' dir='ltr'>Deus</span> <span class='ocrx_word' id='word_1_96' title='bbox 568 1329 717 1377; x_wconf 86' lang='lat' dir='ltr'>Deus</span> <span class='ocrx_word' id='word_1_97' title='bbox 748 1327 836 1375; x_wconf 92' lang='lat' dir='ltr'>est</span> <span class='ocrx_word' id='word_1_98' title='bbox 869 1318 1169 1381; x_wconf 85' lang='lat' dir='ltr'>Dominus,</span> <span class='ocrx_word' id='word_1_99' title='bbox 1201 1322 1259 1372; x_wconf 89' lang='lat' dir='ltr'>et</span> <span class='ocrx_word' id='word_1_100' title='bbox 1291 1317 1439 1370; x_wconf 89' lang='lat' dir='ltr'>Deus</span> <span class='ocrx_word' id='word_1_101' title='bbox 1473 1313 1753 1368; x_wconf 89' lang='lat' dir='ltr'>Dominus</span> <span class='ocrx_word' id='word_1_102' title='bbox 1777 1312 1900 1381; x_wconf 90' lang='lat' dir='ltr'>ipse</span> <span class='ocrx_word' id='word_1_103' title='bbox 1931 1326 2035 1364; x_wconf 90' lang='lat' dir='ltr'>no-</span> 
     </span>
    </p>
   </div>
   <div class='ocr_carea' id='block_1_14' title="bbox 384 1400 2033 1478">
    <p class='ocr_par' dir='ltr' id='par_1_14' title="bbox 384 1400 2033 1478">
     <span class='ocr_line' id='line_1_14' title="bbox 384 1400 2033 1478; baseline -0.008 -11"><span class='ocrx_word' id='word_1_104' title='bbox 384 1414 468 1467; x_wconf 86' lang='lat' dir='ltr'>vit</span> <span class='ocrx_word' id='word_1_105' title='bbox 488 1414 550 1478; x_wconf 72' lang='lat'>‘3,</span> <span class='ocrx_word' id='word_1_106' title='bbox 582 1432 611 1460; x_wconf 68' lang='grc' dir='ltr'>ι»</span> <span class='ocrx_word' id='word_1_107' title='bbox 634 1416 738 1465; x_wconf 89' lang='lat' dir='ltr'>etc.</span> <span class='ocrx_word' id='word_1_108' title='bbox 774 1408 928 1463; x_wconf 87' lang='lat' dir='ltr'>Alibi</span> <span class='ocrx_word' id='word_1_109' title='bbox 953 1423 1189 1462; x_wconf 87' lang='lat' dir='ltr'>rursum</span> <span class='ocrx_word' id='word_1_110' title='bbox 1223 1403 1438 1459; x_wconf 84' lang='lat' dir='ltr'>Paulus</span> <span class='ocrx_word' id='word_1_111' title='bbox 1468 1420 1481 1457; x_wconf 89' lang='lat'><strong>:</strong></span> <span class='ocrx_word' id='word_1_112' title='bbox 1512 1425 1532 1450; x_wconf 80' lang='grc' dir='ltr'>ι</span> <span class='ocrx_word' id='word_1_113' title='bbox 1565 1401 1843 1470; x_wconf 89' lang='lat' dir='ltr'>Deus,qui</span> <span class='ocrx_word' id='word_1_114' title='bbox 1867 1400 2033 1466; x_wconf 86' lang='lat' dir='ltr'>dixit,</span> 
     </span>
    </p>
   </div>
   <div class='ocr_carea' id='block_1_15' title="bbox 388 1488 2034 1564">
    <p class='ocr_par' dir='ltr' id='par_1_15' title="bbox 388 1488 2034 1564">
     <span class='ocr_line' id='line_1_15' title="bbox 388 1488 2034 1564; baseline -0.01 -7"><span class='ocrx_word' id='word_1_115' title='bbox 388 1506 453 1557; x_wconf 92' lang='lat' dir='ltr'>ut</span> <span class='ocrx_word' id='word_1_116' title='bbox 483 1519 548 1556; x_wconf 82' lang='lat' dir='ltr'>ex</span> <span class='ocrx_word' id='word_1_117' title='bbox 577 1499 833 1556; x_wconf 89' lang='lat' dir='ltr'>tenebris</span> <span class='ocrx_word' id='word_1_118' title='bbox 866 1498 963 1553; x_wconf 87' lang='lat' dir='ltr'>lux</span> <span class='ocrx_word' id='word_1_119' title='bbox 993 1497 1377 1559; x_wconf 90' lang='lat' dir='ltr'>illucesceret,</span> <span class='ocrx_word' id='word_1_120' title='bbox 1410 1492 1508 1564; x_wconf 89' lang='lat' dir='ltr'>qui</span> <span class='ocrx_word' id='word_1_121' title='bbox 1541 1490 1731 1545; x_wconf 82' lang='lat' dir='ltr'>illuxit</span> <span class='ocrx_word' id='word_1_122' title='bbox 1762 1491 1819 1543; x_wconf 93' lang='lat' dir='ltr'>in</span> <span class='ocrx_word' id='word_1_123' title='bbox 1846 1488 2034 1543; x_wconf 86' lang='lat' dir='ltr'>cordi-</span> 
     </span>
    </p>
   </div>
   <div class='ocr_carea' id='block_1_16' title="bbox 386 1577 2035 1654">
    <p class='ocr_par' dir='ltr' id='par_1_16' title="bbox 386 1577 2035 1654">
     <span class='ocr_line' id='line_1_16' title="bbox 386 1577 2035 1654; baseline -0.009 -8"><span class='ocrx_word' id='word_1_124' title='bbox 386 1592 499 1647; x_wconf 87' lang='lat' dir='ltr'>bus</span> <span class='ocrx_word' id='word_1_125' title='bbox 532 1588 767 1654; x_wconf 81' lang='lat' dir='ltr'>nostris,</span> <span class='ocrx_word' id='word_1_126' title='bbox 803 1588 874 1642; x_wconf 89' lang='lat' dir='ltr'>ad</span> <span class='ocrx_word' id='word_1_127' title='bbox 925 1584 1419 1641; x_wconf 86' lang='lat' dir='ltr'>illuminationem</span> <span class='ocrx_word' id='word_1_128' title='bbox 1459 1580 1809 1653; x_wconf 83' lang='lat' dir='ltr'>cognitionis</span> <span class='ocrx_word' id='word_1_129' title='bbox 1840 1577 2035 1650; x_wconf 64' lang='lat' dir='ltr'>gloria</span> 
     </span>
    </p>
   </div>
   <div class='ocr_carea' id='block_1_17' title="bbox 389 1669 2041 1748">
    <p class='ocr_par' dir='ltr' id='par_1_17' title="bbox 389 1669 2041 1748">
     <span class='ocr_line' id='line_1_17' title="bbox 389 1669 2041 1748; baseline -0.008 -13"><span class='ocrx_word' id='word_1_130' title='bbox 389 1682 509 1748; x_wconf 92' lang='lat' dir='ltr'>Dei,</span> <span class='ocrx_word' id='word_1_131' title='bbox 544 1681 602 1733; x_wconf 92' lang='lat' dir='ltr'>in</span> <span class='ocrx_word' id='word_1_132' title='bbox 636 1677 777 1733; x_wconf 83' lang='lat' dir='ltr'>facie</span> <span class='ocrx_word' id='word_1_133' title='bbox 808 1676 1021 1731; x_wconf 80' lang='lat' dir='ltr'>Christi</span> <span class='ocrx_word' id='word_1_134' title='bbox 1060 1675 1121 1728; x_wconf 82' lang='grc'>“.</span> <span class='ocrx_word' id='word_1_135' title='bbox 1164 1698 1183 1723; x_wconf 73' lang='grc' dir='ltr'>ι</span> <span class='ocrx_word' id='word_1_136' title='bbox 1222 1674 1372 1729; x_wconf 89' lang='lat' dir='ltr'>Deus</span> <span class='ocrx_word' id='word_1_137' title='bbox 1417 1672 1616 1743; x_wconf 82' lang='lat' dir='ltr'>igitur,</span> <span class='ocrx_word' id='word_1_138' title='bbox 1650 1669 1746 1738; x_wconf 88' lang='lat' dir='ltr'>qui</span> <span class='ocrx_word' id='word_1_139' title='bbox 1778 1669 1940 1734; x_wconf 78' lang='lat' dir='ltr'>dixit,</span> <span class='ocrx_word' id='word_1_140' title='bbox 1975 1671 2041 1722; x_wconf 90' lang='lat' dir='ltr'>ut</span> 
     </span>
    </p>
   </div>
   <div class='ocr_carea' id='block_1_18' title="bbox 390 1757 2035 1832">
    <p class='ocr_par' dir='ltr' id='par_1_18' title="bbox 390 1757 2035 1832">
     <span class='ocr_line' id='line_1_18' title="bbox 390 1757 2035 1832; baseline -0.009 -8"><span class='ocrx_word' id='word_1_141' title='bbox 390 1770 489 1824; x_wconf 89' lang='lat' dir='ltr'>lux</span> <span class='ocrx_word' id='word_1_142' title='bbox 520 1769 577 1823; x_wconf 93' lang='lat' dir='ltr'>in</span> <span class='ocrx_word' id='word_1_143' title='bbox 610 1767 867 1822; x_wconf 89' lang='lat' dir='ltr'>tenebris</span> <span class='ocrx_word' id='word_1_144' title='bbox 891 1764 1273 1828; x_wconf 89' lang='lat' dir='ltr'>illucesceret,</span> <span class='ocrx_word' id='word_1_145' title='bbox 1303 1759 1556 1832; x_wconf 89' lang='lat' dir='ltr'>Spiritus</span> <span class='ocrx_word' id='word_1_146' title='bbox 1586 1762 1693 1813; x_wconf 89' lang='lat' dir='ltr'>est.</span> <span class='ocrx_word' id='word_1_147' title='bbox 1718 1760 1796 1811; x_wconf 87' lang='lat' dir='ltr'>Ac</span> <span class='ocrx_word' id='word_1_148' title='bbox 1821 1757 2035 1811; x_wconf 87' lang='lat' dir='ltr'>iterum</span> 
     </span>
    </p>
   </div>
   <div class='ocr_carea' id='block_1_19' title="bbox 391 1844 2039 1928">
    <p class='ocr_par' dir='ltr' id='par_1_19' title="bbox 391 1844 2039 1928">
     <span class='ocr_line' id='line_1_19' title="bbox 391 1844 2039 1928; baseline -0.007 -17"><span class='ocrx_word' id='word_1_149' title='bbox 391 1858 555 1928; x_wconf 92' lang='lat' dir='ltr'>ipse:</span> <span class='ocrx_word' id='word_1_150' title='bbox 595 1878 621 1905; x_wconf 84' lang='grc'><strong>‹‹</strong></span> <span class='ocrx_word' id='word_1_151' title='bbox 655 1860 802 1911; x_wconf 90' lang='lat' dir='ltr'>Deus</span> <span class='ocrx_word' id='word_1_152' title='bbox 831 1859 1024 1909; x_wconf 89' lang='lat' dir='ltr'>autem</span> <span class='ocrx_word' id='word_1_153' title='bbox 1084 1849 1375 1922; x_wconf 61' lang='lat' dir='ltr'>patientiae</span> <span class='ocrx_word' id='word_1_154' title='bbox 1418 1853 1476 1904; x_wconf 91' lang='lat' dir='ltr'>et</span> <span class='ocrx_word' id='word_1_155' title='bbox 1525 1846 1713 1902; x_wconf 84' lang='lat' dir='ltr'>solatii</span> <span class='ocrx_word' id='word_1_156' title='bbox 1748 1846 1843 1899; x_wconf 92' lang='lat' dir='ltr'>det</span> <span class='ocrx_word' id='word_1_157' title='bbox 1876 1844 2039 1899; x_wconf 84' lang='lat' dir='ltr'>vobis</span> 
     </span>
    </p>
   </div>
   <div class='ocr_carea' id='block_1_20' title="bbox 390 1936 2040 2018">
    <p class='ocr_par' dir='ltr' id='par_1_20' title="bbox 390 1936 2040 2018">
     <span class='ocr_line' id='line_1_20' title="bbox 390 1936 2040 2018; baseline -0.009 -17"><span class='ocrx_word' id='word_1_158' title='bbox 390 1947 653 2018; x_wconf 89' lang='lat' dir='ltr'>idipsum</span> <span class='ocrx_word' id='word_1_159' title='bbox 678 1960 880 2015; x_wconf 87' lang='lat' dir='ltr'>sapere</span> <span class='ocrx_word' id='word_1_160' title='bbox 897 1940 1221 1997; x_wconf 89' lang='lat' dir='ltr'>secundum</span> <span class='ocrx_word' id='word_1_161' title='bbox 1240 1938 1440 1993; x_wconf 88' lang='lat' dir='ltr'>Jesum</span> <span class='ocrx_word' id='word_1_162' title='bbox 1462 1936 1757 1991; x_wconf 85' lang='lat' dir='ltr'>Christum</span> <span class='ocrx_word' id='word_1_163' title='bbox 1785 1937 1878 2001; x_wconf 90' lang='lat' dir='ltr'>;ut</span> <span class='ocrx_word' id='word_1_164' title='bbox 1899 1949 2040 1988; x_wconf 88' lang='lat' dir='ltr'>una-</span> 
     </span>
    </p>
   </div>
   <div class='ocr_carea' id='block_1_21' title="bbox 395 2021 2037 2102">
    <p class='ocr_par' dir='ltr' id='par_1_21' title="bbox 395 2021 2037 2102">
     <span class='ocr_line' id='line_1_21' title="bbox 395 2021 2037 2102; baseline -0.01 -11"><span class='ocrx_word' id='word_1_165' title='bbox 395 2036 581 2091; x_wconf 89' lang='lat' dir='ltr'>nimes</span> <span class='ocrx_word' id='word_1_166' title='bbox 612 2050 728 2089; x_wconf 91' lang='lat' dir='ltr'>uno</span> <span class='ocrx_word' id='word_1_167' title='bbox 760 2049 879 2098; x_wconf 88' lang='lat' dir='ltr'>ore,</span> <span class='ocrx_word' id='word_1_168' title='bbox 917 2030 1312 2102; x_wconf 79' lang='lat' dir='ltr'>glorificemus</span> <span class='ocrx_word' id='word_1_169' title='bbox 1349 2028 1548 2090; x_wconf 88' lang='lat' dir='ltr'>Deum,</span> <span class='ocrx_word' id='word_1_170' title='bbox 1580 2029 1638 2080; x_wconf 92' lang='lat' dir='ltr'>et</span> <span class='ocrx_word' id='word_1_171' title='bbox 1668 2024 1897 2078; x_wconf 88' lang='lat' dir='ltr'>Patrem</span> <span class='ocrx_word' id='word_1_172' title='bbox 1929 2021 2037 2077; x_wconf 89' lang='lat' dir='ltr'>Do-</span> 
     </span>
    </p>
   </div>
   <div class='ocr_carea' id='block_1_22' title="bbox 395 2112 2039 2185">
    <p class='ocr_par' dir='ltr' id='par_1_22' title="bbox 395 2112 2039 2185">
     <span class='ocr_line' id='line_1_22' title="bbox 395 2112 2039 2185; baseline -0.01 -5"><span class='ocrx_word' id='word_1_173' title='bbox 395 2124 536 2180; x_wconf 92' lang='lat' dir='ltr'>mini</span> <span class='ocrx_word' id='word_1_174' title='bbox 563 2121 745 2178; x_wconf 78' lang='lat' dir='ltr'>nostri</span> <span class='ocrx_word' id='word_1_175' title='bbox 767 2123 901 2175; x_wconf 89' lang='lat' dir='ltr'>.Iesu</span> <span class='ocrx_word' id='word_1_176' title='bbox 922 2118 1218 2173; x_wconf 73' lang='lat' dir='ltr'>Christi“.</span> <span class='ocrx_word' id='word_1_177' title='bbox 1252 2139 1278 2165; x_wconf 84' lang='grc'><strong>››</strong></span> <span class='ocrx_word' id='word_1_178' title='bbox 1302 2115 1442 2181; x_wconf 90' lang='lat' dir='ltr'>Quis</span> <span class='ocrx_word' id='word_1_179' title='bbox 1466 2115 1643 2185; x_wconf 83' lang='lat' dir='ltr'>igitur</span> <span class='ocrx_word' id='word_1_180' title='bbox 1663 2117 1751 2167; x_wconf 92' lang='lat' dir='ltr'>est</span> <span class='ocrx_word' id='word_1_181' title='bbox 1772 2112 1924 2167; x_wconf 90' lang='lat' dir='ltr'>Deus</span> <span class='ocrx_word' id='word_1_182' title='bbox 1947 2127 2039 2181; x_wconf 87' lang='lat' dir='ltr'>pa-</span> 
     </span>
    </p>
   </div>
   <div class='ocr_carea' id='block_1_23' title="bbox 392 2202 2037 2278">
    <p class='ocr_par' dir='ltr' id='par_1_23' title="bbox 392 2202 2037 2278">
     <span class='ocr_line' id='line_1_23' title="bbox 392 2202 2037 2278; baseline -0.008 -12"><span class='ocrx_word' id='word_1_183' title='bbox 392 2212 607 2267; x_wconf 65' lang='lat' dir='ltr'>tientia?</span> <span class='ocrx_word' id='word_1_184' title='bbox 637 2215 695 2265; x_wconf 92' lang='lat' dir='ltr'>et</span> <span class='ocrx_word' id='word_1_185' title='bbox 724 2208 934 2276; x_wconf 78' lang='lat' dir='ltr'>solatii,</span> <span class='ocrx_word' id='word_1_186' title='bbox 968 2208 1067 2278; x_wconf 91' lang='lat' dir='ltr'>qui</span> <span class='ocrx_word' id='word_1_187' title='bbox 1095 2208 1195 2260; x_wconf 89' lang='lat' dir='ltr'>dat</span> <span class='ocrx_word' id='word_1_188' title='bbox 1224 2205 1391 2260; x_wconf 89' lang='lat' dir='ltr'>nobis</span> <span class='ocrx_word' id='word_1_189' title='bbox 1422 2204 1679 2275; x_wconf 88' lang='lat' dir='ltr'>idipsum</span> <span class='ocrx_word' id='word_1_190' title='bbox 1700 2202 1917 2256; x_wconf 86' lang='lat' dir='ltr'>sentire</span> <span class='ocrx_word' id='word_1_191' title='bbox 1948 2216 2037 2254; x_wconf 89' lang='lat' dir='ltr'>se-</span> 
     </span>
    </p>
   </div>
   <div class='ocr_carea' id='block_1_24' title="bbox 396 2289 2039 2361">
    <p class='ocr_par' dir='ltr' id='par_1_24' title="bbox 396 2289 2039 2361">
     <span class='ocr_line' id='line_1_24' title="bbox 396 2289 2039 2361; baseline -0.009 -5"><span class='ocrx_word' id='word_1_192' title='bbox 396 2302 655 2357; x_wconf 88' lang='lat' dir='ltr'>cundum</span> <span class='ocrx_word' id='word_1_193' title='bbox 687 2298 983 2353; x_wconf 89' lang='lat' dir='ltr'>Christum</span> <span class='ocrx_word' id='word_1_194' title='bbox 1016 2296 1240 2361; x_wconf 85' lang='lat' dir='ltr'>Jesum,</span> <span class='ocrx_word' id='word_1_195' title='bbox 1272 2299 1336 2348; x_wconf 92' lang='lat' dir='ltr'>ut</span> <span class='ocrx_word' id='word_1_196' title='bbox 1369 2291 1723 2347; x_wconf 86' lang='lat' dir='ltr'>unanimiter</span> <span class='ocrx_word' id='word_1_197' title='bbox 1753 2289 2039 2361; x_wconf 76' lang='lat' dir='ltr'>gloriﬁce-</span> 
     </span>
    </p>
   </div>
   <div class='ocr_carea' id='block_1_25' title="bbox 395 2376 2042 2450">
    <p class='ocr_par' dir='ltr' id='par_1_25' title="bbox 395 2376 2042 2450">
     <span class='ocr_line' id='line_1_25' title="bbox 395 2376 2042 2450; baseline -0.009 -5"><span class='ocrx_word' id='word_1_198' title='bbox 395 2407 528 2445; x_wconf 88' lang='lat' dir='ltr'>mus</span> <span class='ocrx_word' id='word_1_199' title='bbox 560 2389 770 2450; x_wconf 88' lang='lat' dir='ltr'>Deum,</span> <span class='ocrx_word' id='word_1_200' title='bbox 804 2401 869 2440; x_wconf 90' lang='lat' dir='ltr'>ac</span> <span class='ocrx_word' id='word_1_201' title='bbox 899 2389 1131 2439; x_wconf 86' lang='lat' dir='ltr'>Patrem</span> <span class='ocrx_word' id='word_1_202' title='bbox 1160 2382 1382 2439; x_wconf 89' lang='lat' dir='ltr'>Domini</span> <span class='ocrx_word' id='word_1_203' title='bbox 1418 2381 1598 2436; x_wconf 90' lang='lat' dir='ltr'>nostri</span> <span class='ocrx_word' id='word_1_204' title='bbox 1629 2380 1763 2434; x_wconf 88' lang='lat' dir='ltr'>Jesu</span> <span class='ocrx_word' id='word_1_205' title='bbox 1788 2376 2042 2431; x_wconf 80' lang='lat' dir='ltr'>Christi?</span> 
     </span>
    </p>
   </div>
   <div class='ocr_carea' id='block_1_26' title="bbox 396 2464 2041 2552">
    <p class='ocr_par' dir='ltr' id='par_1_26' title="bbox 396 2464 2041 2552">
     <span class='ocr_line' id='line_1_26' title="bbox 396 2464 2041 2552; baseline -0.011 -16"><span class='ocrx_word' id='word_1_206' title='bbox 396 2496 639 2552; x_wconf 87' lang='lat' dir='ltr'>prorsus</span> <span class='ocrx_word' id='word_1_207' title='bbox 672 2475 766 2530; x_wconf 92' lang='lat' dir='ltr'>ille</span> <span class='ocrx_word' id='word_1_208' title='bbox 798 2480 887 2530; x_wconf 91' lang='lat' dir='ltr'>est</span> <span class='ocrx_word' id='word_1_209' title='bbox 932 2474 1185 2545; x_wconf 82' lang='lat' dir='ltr'>Spiritus</span> <span class='ocrx_word' id='word_1_210' title='bbox 1235 2476 1492 2527; x_wconf 89' lang='lat' dir='ltr'>sanctus.</span> <span class='ocrx_word' id='word_1_211' title='bbox 1530 2474 1594 2523; x_wconf 83' lang='lat' dir='ltr'>Et</span> <span class='ocrx_word' id='word_1_212' title='bbox 1624 2484 1883 2523; x_wconf 84' lang='lat' dir='ltr'>rursum.</span> <span class='ocrx_word' id='word_1_213' title='bbox 1920 2486 1947 2516; x_wconf 89' lang='grc'>‹‹</span> <span class='ocrx_word' id='word_1_214' title='bbox 1980 2464 2041 2520; x_wconf 90' lang='lat' dir='ltr'>Si</span> 
     </span>
    </p>
   </div>
   <div class='ocr_carea' id='block_1_27' title="bbox 396 2554 2040 2635">
    <p class='ocr_par' dir='ltr' id='par_1_27' title="bbox 396 2554 2040 2635">
     <span class='ocr_line' id='line_1_27' title="bbox 396 2554 2040 2635; baseline -0.01 -12"><span class='ocrx_word' id='word_1_215' title='bbox 396 2572 593 2623; x_wconf 83' lang='lat' dir='ltr'>autem</span> <span class='ocrx_word' id='word_1_216' title='bbox 622 2581 827 2621; x_wconf 90' lang='lat' dir='ltr'>omnes</span> <span class='ocrx_word' id='word_1_217' title='bbox 860 2564 1223 2635; x_wconf 89' lang='lat' dir='ltr'>prophetent,</span> <span class='ocrx_word' id='word_1_218' title='bbox 1250 2560 1426 2614; x_wconf 91' lang='lat' dir='ltr'>intret</span> <span class='ocrx_word' id='word_1_219' title='bbox 1456 2563 1650 2614; x_wconf 88' lang='lat' dir='ltr'>autem</span> <span class='ocrx_word' id='word_1_220' title='bbox 1674 2556 1803 2626; x_wconf 91' lang='lat' dir='ltr'>quis</span> <span class='ocrx_word' id='word_1_221' title='bbox 1833 2554 2040 2609; x_wconf 81' lang='lat' dir='ltr'>intide-</span> 
     </span>
    </p>
   </div>
   <div class='ocr_carea' id='block_1_28' title="bbox 398 2643 2043 2721">
    <p class='ocr_par' dir='ltr' id='par_1_28' title="bbox 398 2643 2043 2721">
     <span class='ocr_line' id='line_1_28' title="bbox 398 2643 2043 2721; baseline -0.009 -11"><span class='ocrx_word' id='word_1_222' title='bbox 398 2654 493 2721; x_wconf 78' lang='lat' dir='ltr'>lis,</span> <span class='ocrx_word' id='word_1_223' title='bbox 527 2655 609 2709; x_wconf 86' lang='lat' dir='ltr'>vel</span> <span class='ocrx_word' id='word_1_224' title='bbox 644 2654 845 2717; x_wconf 80' lang='lat' dir='ltr'>idiota,</span> <span class='ocrx_word' id='word_1_225' title='bbox 879 2649 1248 2721; x_wconf 90' lang='lat' dir='ltr'>redarguitur</span> <span class='ocrx_word' id='word_1_226' title='bbox 1278 2648 1351 2703; x_wconf 89' lang='lat' dir='ltr'>ab</span> <span class='ocrx_word' id='word_1_227' title='bbox 1400 2646 1712 2702; x_wconf 86' lang='lat' dir='ltr'>omnibus:</span> <span class='ocrx_word' id='word_1_228' title='bbox 1746 2649 1802 2699; x_wconf 92' lang='lat' dir='ltr'>et</span> <span class='ocrx_word' id='word_1_229' title='bbox 1831 2643 1913 2697; x_wconf 91' lang='lat' dir='ltr'>ita</span> <span class='ocrx_word' id='word_1_230' title='bbox 1942 2658 2043 2697; x_wconf 89' lang='lat' dir='ltr'>oc-</span> 
     </span>
    </p>
   </div>
   <div class='ocr_carea' id='block_1_29' title="bbox 398 2732 2043 2796">
    <p class='ocr_par' dir='ltr' id='par_1_29' title="bbox 398 2732 2043 2796">
     <span class='ocr_line' id='line_1_29' title="bbox 398 2732 2043 2796; baseline -0.007 0"><span class='ocrx_word' id='word_1_231' title='bbox 398 2741 554 2796; x_wconf 89' lang='lat' dir='ltr'>culta</span> <span class='ocrx_word' id='word_1_232' title='bbox 584 2741 776 2796; x_wconf 88' lang='lat' dir='ltr'>cordis</span> <span class='ocrx_word' id='word_1_233' title='bbox 824 2740 985 2795; x_wconf 90' lang='lat' dir='ltr'>illius</span> <span class='ocrx_word' id='word_1_234' title='bbox 1040 2738 1351 2793; x_wconf 87' lang='lat' dir='ltr'>manifesta</span> <span class='ocrx_word' id='word_1_235' title='bbox 1388 2736 1574 2791; x_wconf 84' lang='lat' dir='ltr'>ﬁunt:</span> <span class='ocrx_word' id='word_1_236' title='bbox 1623 2739 1679 2789; x_wconf 92' lang='lat' dir='ltr'>et</span> <span class='ocrx_word' id='word_1_237' title='bbox 1720 2733 1801 2787; x_wconf 89' lang='lat' dir='ltr'>ita</span> <span class='ocrx_word' id='word_1_238' title='bbox 1829 2732 2043 2787; x_wconf 84' lang='lat' dir='ltr'>cadens</span> 
     </span>
    </p>
   </div>
   <div class='ocr_carea' id='block_1_30' title="bbox 396 2822 2044 2896">
    <p class='ocr_par' dir='ltr' id='par_1_30' title="bbox 396 2822 2044 2896">
     <span class='ocr_line' id='line_1_30' title="bbox 396 2822 2044 2896; baseline -0.008 -10"><span class='ocrx_word' id='word_1_239' title='bbox 396 2831 454 2886; x_wconf 92' lang='lat' dir='ltr'>in</span> <span class='ocrx_word' id='word_1_240' title='bbox 487 2830 701 2885; x_wconf 84' lang='lat' dir='ltr'>faciem</span> <span class='ocrx_word' id='word_1_241' title='bbox 750 2828 1015 2883; x_wconf 88' lang='lat' dir='ltr'>adorabit</span> <span class='ocrx_word' id='word_1_242' title='bbox 1057 2827 1263 2896; x_wconf 91' lang='lat' dir='ltr'>Deum,</span> <span class='ocrx_word' id='word_1_243' title='bbox 1293 2825 1697 2896; x_wconf 85' lang='lat' dir='ltr'>pronuntians,</span> <span class='ocrx_word' id='word_1_244' title='bbox 1728 2822 1878 2892; x_wconf 91' lang='lat' dir='ltr'>quod</span> <span class='ocrx_word' id='word_1_245' title='bbox 1910 2835 2044 2874; x_wconf 91' lang='lat' dir='ltr'>vere</span> 
     </span>
    </p>
   </div>
   <div class='ocr_carea' id='block_1_31' title="bbox 397 2910 2041 2985">
    <p class='ocr_par' dir='ltr' id='par_1_31' title="bbox 397 2910 2041 2985">
     <span class='ocr_line' id='line_1_31' title="bbox 397 2910 2041 2985; baseline -0.007 -10"><span class='ocrx_word' id='word_1_246' title='bbox 397 2920 551 2975; x_wconf 90' lang='lat' dir='ltr'>Deus</span> <span class='ocrx_word' id='word_1_247' title='bbox 585 2918 643 2972; x_wconf 91' lang='lat' dir='ltr'>in</span> <span class='ocrx_word' id='word_1_248' title='bbox 676 2917 839 2972; x_wconf 89' lang='lat' dir='ltr'>vobis</span> <span class='ocrx_word' id='word_1_249' title='bbox 898 2916 974 2971; x_wconf 89' lang='lat' dir='ltr'>sit</span> <span class='ocrx_word' id='word_1_250' title='bbox 1004 2916 1069 2970; x_wconf 78' lang='grc'>⁴⁸.</span> <span class='ocrx_word' id='word_1_251' title='bbox 1106 2936 1134 2964; x_wconf 85' lang='grc'><strong>››</strong></span> <span class='ocrx_word' id='word_1_252' title='bbox 1167 2914 1347 2969; x_wconf 91' lang='lat' dir='ltr'>Deum</span> <span class='ocrx_word' id='word_1_253' title='bbox 1400 2929 1535 2985; x_wconf 89' lang='lat' dir='ltr'>ergo</span> <span class='ocrx_word' id='word_1_254' title='bbox 1566 2912 1729 2980; x_wconf 84' lang='lat' dir='ltr'>dixit,</span> <span class='ocrx_word' id='word_1_255' title='bbox 1758 2910 2041 2981; x_wconf 89' lang='lat' dir='ltr'>Spiritum</span> 
     </span>
    </p>
   </div>
   <div class='ocr_carea' id='block_1_32' title="bbox 399 2998 2041 3076">
    <p class='ocr_par' dir='ltr' id='par_1_32' title="bbox 399 2998 2041 3076">
     <span class='ocr_line' id='line_1_32' title="bbox 399 2998 2041 3076; baseline -0.006 -13"><span class='ocrx_word' id='word_1_256' title='bbox 399 3014 693 3072; x_wconf 90' lang='lat' dir='ltr'>sanctum,</span> <span class='ocrx_word' id='word_1_257' title='bbox 720 3006 1054 3076; x_wconf 89' lang='lat' dir='ltr'>loquentem</span> <span class='ocrx_word' id='word_1_258' title='bbox 1082 3005 1136 3058; x_wconf 90' lang='lat' dir='ltr'>in</span> <span class='ocrx_word' id='word_1_259' title='bbox 1162 3003 1299 3057; x_wconf 89' lang='lat' dir='ltr'>illis.</span> <span class='ocrx_word' id='word_1_260' title='bbox 1332 3008 1411 3057; x_wconf 84' lang='lat' dir='ltr'>Ac</span> <span class='ocrx_word' id='word_1_261' title='bbox 1432 3006 1642 3056; x_wconf 89' lang='lat' dir='ltr'>iterum</span> <span class='ocrx_word' id='word_1_262' title='bbox 1670 3018 1682 3055; x_wconf 91' lang='lat'><strong>:</strong></span> <span class='ocrx_word' id='word_1_263' title='bbox 1714 3020 1735 3047; x_wconf 74' lang='grc' dir='ltr'>ι</span> <span class='ocrx_word' id='word_1_264' title='bbox 1770 2998 2041 3064; x_wconf 87' lang='lat' dir='ltr'>Nescitis,</span> 
     </span>
    </p>
   </div>
   <div class='ocr_carea' id='block_1_33' title="bbox 403 3085 2042 3168">
    <p class='ocr_par' dir='ltr' id='par_1_33' title="bbox 403 3085 2042 3168">
     <span class='ocr_line' id='line_1_33' title="bbox 403 3085 2042 3168; baseline -0.006 -17"><span class='ocrx_word' id='word_1_265' title='bbox 403 3098 542 3168; x_wconf 92' lang='lat' dir='ltr'>quia</span> <span class='ocrx_word' id='word_1_266' title='bbox 565 3095 849 3167; x_wconf 90' lang='lat' dir='ltr'>templum</span> <span class='ocrx_word' id='word_1_267' title='bbox 884 3094 983 3150; x_wconf 92' lang='lat' dir='ltr'>Dei</span> <span class='ocrx_word' id='word_1_268' title='bbox 1025 3094 1188 3159; x_wconf 88' lang='lat' dir='ltr'>estis,</span> <span class='ocrx_word' id='word_1_269' title='bbox 1221 3099 1275 3147; x_wconf 90' lang='lat' dir='ltr'>et</span> <span class='ocrx_word' id='word_1_270' title='bbox 1317 3090 1569 3163; x_wconf 84' lang='lat' dir='ltr'>Spiritus</span> <span class='ocrx_word' id='word_1_271' title='bbox 1605 3090 1697 3145; x_wconf 92' lang='lat' dir='ltr'>Dei</span> <span class='ocrx_word' id='word_1_272' title='bbox 1732 3089 1952 3143; x_wconf 90' lang='lat' dir='ltr'>habitat</span> <span class='ocrx_word' id='word_1_273' title='bbox 1981 3085 2042 3141; x_wconf 86' lang='lat' dir='ltr'>in</span> 
     </span>
    </p>
   </div>
   <div class='ocr_carea' id='block_1_34' title="bbox 2144 510 3790 590">
    <p class='ocr_par' dir='ltr' id='par_1_34' title="bbox 2144 510 3790 590">
     <span class='ocr_line' id='line_1_34' title="bbox 2144 510 3790 590; baseline 0.002 -25"><span class='ocrx_word' id='word_1_274' title='bbox 2144 510 2396 586; x_wconf 70' lang='grc' dir='ltr'>ἓξυρήθη,</span> <span class='ocrx_word' id='word_1_275' title='bbox 2429 515 2493 567; x_wconf 78' lang='grc' dir='ltr'>τὰ</span> <span class='ocrx_word' id='word_1_276' title='bbox 2527 517 2798 590; x_wconf 71' lang='grc' dir='ltr'>μυστήρια</span> <span class='ocrx_word' id='word_1_277' title='bbox 2828 520 2923 569; x_wconf 83' lang='grc' dir='ltr'>τοῦ</span> <span class='ocrx_word' id='word_1_278' title='bbox 2957 520 3089 569; x_wconf 81' lang='grc' dir='ltr'>Θεοῦ</span> <span class='ocrx_word' id='word_1_279' title='bbox 3140 517 3401 588; x_wconf 74' lang='grc' dir='ltr'>ἁναφάνας</span> <span class='ocrx_word' id='word_1_280' title='bbox 3448 519 3516 587; x_wconf 77' lang='grc' dir='ltr'>τῇ</span> <span class='ocrx_word' id='word_1_281' title='bbox 3564 512 3790 587; x_wconf 81' lang='grc' dir='ltr'>Δαλιδᾷ,</span> 
     </span>
    </p>
   </div>
   <div class='ocr_carea' id='block_1_35' title="bbox 2145 599 3789 676">
    <p class='ocr_par' dir='ltr' id='par_1_35' title="bbox 2145 599 3789 676">
     <span class='ocr_line' id='line_1_35' title="bbox 2145 599 3789 676; baseline 0.001 -21"><span class='ocrx_word' id='word_1_282' title='bbox 2145 599 2308 675; x_wconf 74' lang='grc' dir='ltr'>λέγει·</span> <span class='ocrx_word' id='word_1_283' title='bbox 2343 626 2370 651; x_wconf 93' lang='grc'>‹‹</span> <span class='ocrx_word' id='word_1_284' title='bbox 2408 601 2507 657; x_wconf 81' lang='grc' dir='ltr'>Καὶ</span> <span class='ocrx_word' id='word_1_285' title='bbox 2540 602 2743 670; x_wconf 78' lang='grc' dir='ltr'>ἀπέστη</span> <span class='ocrx_word' id='word_1_286' title='bbox 2769 603 2874 657; x_wconf 84' lang='grc' dir='ltr'>ἀπὸ</span> <span class='ocrx_word' id='word_1_287' title='bbox 2900 605 3134 676; x_wconf 67' lang='grc' dir='ltr'>Σαμψὼν</span> <span class='ocrx_word' id='word_1_288' title='bbox 3162 606 3189 657; x_wconf 98' lang='lat'>6</span> <span class='ocrx_word' id='word_1_289' title='bbox 3214 603 3473 676; x_wconf 60' lang='grc' dir='ltr'>Κύριος.»</span> <span class='ocrx_word' id='word_1_290' title='bbox 3507 607 3667 657; x_wconf 82' lang='grc' dir='ltr'>’Ώστε</span> <span class='ocrx_word' id='word_1_291' title='bbox 3698 605 3789 657; x_wconf 87' lang='grc' dir='ltr'>οῦν</span> 
     </span>
    </p>
   </div>
   <div class='ocr_carea' id='block_1_36' title="bbox 2143 689 3790 767">
    <p class='ocr_par' dir='ltr' id='par_1_36' title="bbox 2143 689 3790 767">
     <span class='ocr_line' id='line_1_36' title="bbox 2143 689 3790 767; baseline 0.002 -26"><span class='ocrx_word' id='word_1_292' title='bbox 2143 690 2537 766; x_wconf 72' lang='grc' dir='ltr'>πεφανέρωται,</span> <span class='ocrx_word' id='word_1_293' title='bbox 2599 692 2679 745; x_wconf 77' lang='grc' dir='ltr'>ὅτι</span> <span class='ocrx_word' id='word_1_294' title='bbox 2739 694 2800 745; x_wconf 88' lang='grc' dir='ltr'>τὸ</span> <span class='ocrx_word' id='word_1_295' title='bbox 2862 697 3077 764; x_wconf 77' lang='grc' dir='ltr'>Πνεῦμα</span> <span class='ocrx_word' id='word_1_296' title='bbox 3136 692 3347 767; x_wconf 64' lang='grc' dir='ltr'>Κῦριος·</span> <span class='ocrx_word' id='word_1_297' title='bbox 3410 692 3452 746; x_wconf 68' lang='grc' dir='ltr'>εἴ</span> <span class='ocrx_word' id='word_1_298' title='bbox 3488 689 3542 745; x_wconf 76' lang='grc' dir='ltr'>δὶ</span> <span class='ocrx_word' id='word_1_299' title='bbox 3576 692 3790 767; x_wconf 68' lang='grc' dir='ltr'>Κῦριος,</span> 
     </span>
    </p>
   </div>
   <div class='ocr_carea' id='block_1_37' title="bbox 2143 781 3793 858">
    <p class='ocr_par' dir='ltr' id='par_1_37' title="bbox 2143 781 3793 858">
     <span class='ocr_line' id='line_1_37' title="bbox 2143 781 3793 858; baseline 0.002 -27"><span class='ocrx_word' id='word_1_300' title='bbox 2143 784 2427 854; x_wconf 60' lang='grc' dir='ltr'>πανταχοῦ</span> <span class='ocrx_word' id='word_1_301' title='bbox 2486 782 2597 852; x_wconf 75' lang='grc'>(24)</span> <span class='ocrx_word' id='word_1_302' title='bbox 2627 782 2716 834; x_wconf 80' lang='grc' dir='ltr'>καὶ</span> <span class='ocrx_word' id='word_1_303' title='bbox 2746 781 2897 843; x_wconf 72' lang='grc' dir='ltr'>Θεὸς·</span> <span class='ocrx_word' id='word_1_304' title='bbox 2937 806 2963 832; x_wconf 89' lang='grc'><strong>‹‹</strong></span> <span class='ocrx_word' id='word_1_305' title='bbox 3000 786 3173 835; x_wconf 79' lang='grc' dir='ltr'>Γνῶτε</span> <span class='ocrx_word' id='word_1_306' title='bbox 3203 782 3327 857; x_wconf 77' lang='grc' dir='ltr'>γάρ,</span> <span class='ocrx_word' id='word_1_307' title='bbox 3366 806 3390 831; x_wconf 83' lang='grc'><strong>››</strong></span> <span class='ocrx_word' id='word_1_308' title='bbox 3431 782 3613 858; x_wconf 70' lang='grc' dir='ltr'>φησὶν,</span> <span class='ocrx_word' id='word_1_309' title='bbox 3648 806 3672 831; x_wconf 79' lang='grc' dir='ltr'>ι(</span> <span class='ocrx_word' id='word_1_310' title='bbox 3710 782 3793 836; x_wconf 79' lang='grc' dir='ltr'>ὅτι</span> 
     </span>
    </p>
   </div>
   <div class='ocr_carea' id='block_1_38' title="bbox 2146 866 3791 943">
    <p class='ocr_par' dir='ltr' id='par_1_38' title="bbox 2146 866 3791 943">
     <span class='ocr_line' id='line_1_38' title="bbox 2146 866 3791 943; baseline 0.002 -20"><span class='ocrx_word' id='word_1_311' title='bbox 2146 866 2347 941; x_wconf 71' lang='grc' dir='ltr'>Κύριος</span> <span class='ocrx_word' id='word_1_312' title='bbox 2379 867 2535 931; x_wconf 77' lang='grc' dir='ltr'>αὐτός</span> <span class='ocrx_word' id='word_1_313' title='bbox 2569 870 2708 925; x_wconf 64' lang='grc' dir='ltr'>ἔστιν</span> <span class='ocrx_word' id='word_1_314' title='bbox 2742 873 2770 925; x_wconf 91' lang='lat'>6</span> <span class='ocrx_word' id='word_1_315' title='bbox 2803 871 2955 939; x_wconf 80' lang='grc' dir='ltr'>Θεός,</span> <span class='ocrx_word' id='word_1_316' title='bbox 2993 895 3018 921; x_wconf 79' lang='grc' dir='ltr'><strong>υ</strong></span> <span class='ocrx_word' id='word_1_317' title='bbox 3054 872 3150 925; x_wconf 82' lang='grc' dir='ltr'>Καὶ</span> <span class='ocrx_word' id='word_1_318' title='bbox 3182 897 3208 922; x_wconf 94' lang='grc'>‹‹</span> <span class='ocrx_word' id='word_1_319' title='bbox 3261 876 3386 926; x_wconf 87' lang='grc' dir='ltr'>Ὅτε</span> <span class='ocrx_word' id='word_1_320' title='bbox 3430 867 3791 943; x_wconf 80' lang='grc' dir='ltr'>ᾠκοδόμησαν</span> 
     </span>
    </p>
   </div>
   <div class='ocr_carea' id='block_1_39' title="bbox 2146 956 3793 1035">
    <p class='ocr_par' dir='ltr' id='par_1_39' title="bbox 2146 956 3793 1035">
     <span class='ocr_line' id='line_1_39' title="bbox 2146 956 3793 1035; baseline 0.004 -26"><span class='ocrx_word' id='word_1_321' title='bbox 2146 958 2197 1010; x_wconf 70' lang='grc' dir='ltr'>οἱ</span> <span class='ocrx_word' id='word_1_322' title='bbox 2228 958 2335 1011; x_wconf 75' lang='lat' dir='ltr'>uici</span> <span class='ocrx_word' id='word_1_323' title='bbox 2372 956 2473 1012; x_wconf 74' lang='grc' dir='ltr'>Γὰδ</span> <span class='ocrx_word' id='word_1_324' title='bbox 2507 963 2886 1033; x_wconf 64' lang='grc' dir='ltr'>θυσιαστήριον</span> <span class='ocrx_word' id='word_1_325' title='bbox 2937 960 3022 1015; x_wconf 68' lang='grc' dir='ltr'>ἐπὶ</span> <span class='ocrx_word' id='word_1_326' title='bbox 3052 966 3147 1015; x_wconf 88' lang='grc' dir='ltr'>τοῦ</span> <span class='ocrx_word' id='word_1_327' title='bbox 3199 959 3491 1035; x_wconf 74' lang='grc' dir='ltr'>Ἰορδάνου,</span> <span class='ocrx_word' id='word_1_328' title='bbox 3551 962 3640 1015; x_wconf 85' lang='grc' dir='ltr'>καὶ</span> <span class='ocrx_word' id='word_1_329' title='bbox 3693 962 3793 1015; x_wconf 84' lang='grc' dir='ltr'>ἀπ-</span> 
     </span>
    </p>
   </div>
   <div class='ocr_carea' id='block_1_40' title="bbox 2146 1044 3794 1125">
    <p class='ocr_par' dir='ltr' id='par_1_40' title="bbox 2146 1044 3794 1125">
     <span class='ocr_line' id='line_1_40' title="bbox 2146 1044 3794 1125; baseline 0.004 -26"><span class='ocrx_word' id='word_1_330' title='bbox 2146 1044 2386 1100; x_wconf 82' lang='grc' dir='ltr'>έστειλαν</span> <span class='ocrx_word' id='word_1_331' title='bbox 2442 1049 2494 1101; x_wconf 72' lang='grc' dir='ltr'>οἱ</span> <span class='ocrx_word' id='word_1_332' title='bbox 2545 1049 2652 1102; x_wconf 82' lang='grc' dir='ltr'>υἱοῖ</span> <span class='ocrx_word' id='word_1_333' title='bbox 2694 1049 2912 1123; x_wconf 77' lang='grc' dir='ltr'>Ἰσραὴλ</span> <span class='ocrx_word' id='word_1_334' title='bbox 2965 1051 3099 1125; x_wconf 84' lang='grc' dir='ltr'>πρὸς</span> <span class='ocrx_word' id='word_1_335' title='bbox 3132 1048 3347 1121; x_wconf 73' lang='grc' dir='ltr'>αὐτοῦς,</span> <span class='ocrx_word' id='word_1_336' title='bbox 3384 1049 3655 1125; x_wconf 65' lang='grc' dir='ltr'>λέγοντες·</span> <span class='ocrx_word' id='word_1_337' title='bbox 3698 1053 3794 1105; x_wconf 75' lang='grc' dir='ltr'>Διὰ</span> 
     </span>
    </p>
   </div>
   <div class='ocr_carea' id='block_1_41' title="bbox 2144 1134 3793 1214">
    <p class='ocr_par' dir='ltr' id='par_1_41' title="bbox 2144 1134 3793 1214">
     <span class='ocr_line' id='line_1_41' title="bbox 2144 1134 3793 1214; baseline 0.004 -25"><span class='ocrx_word' id='word_1_338' title='bbox 2144 1134 2195 1189; x_wconf 89' lang='grc' dir='ltr'>τί</span> <span class='ocrx_word' id='word_1_339' title='bbox 2226 1136 2517 1191; x_wconf 81' lang='grc' dir='ltr'>ἀποστάται</span> <span class='ocrx_word' id='word_1_340' title='bbox 2544 1138 2798 1212; x_wconf 81' lang='grc' dir='ltr'>γεγόνατε</span> <span class='ocrx_word' id='word_1_341' title='bbox 2829 1143 2923 1193; x_wconf 87' lang='grc' dir='ltr'>τοῦ</span> <span class='ocrx_word' id='word_1_342' title='bbox 2955 1144 3088 1194; x_wconf 86' lang='grc' dir='ltr'>Θεοῦ</span> <span class='ocrx_word' id='word_1_343' title='bbox 3114 1158 3126 1207; x_wconf 89' lang='grc'><strong>;</strong></span> <span class='ocrx_word' id='word_1_344' title='bbox 3172 1140 3535 1214; x_wconf 77' lang='grc' dir='ltr'>ἀπεκρίθησαν</span> <span class='ocrx_word' id='word_1_345' title='bbox 3583 1140 3793 1196; x_wconf 83' lang='grc' dir='ltr'>ἀπολο-</span> 
     </span>
    </p>
   </div>
   <div class='ocr_carea' id='block_1_42' title="bbox 2143 1223 3795 1304">
    <p class='ocr_par' dir='ltr' id='par_1_42' title="bbox 2143 1223 3795 1304">
     <span class='ocr_line' id='line_1_42' title="bbox 2143 1223 3795 1304; baseline 0.004 -26"><span class='ocrx_word' id='word_1_346' title='bbox 2143 1224 2402 1299; x_wconf 81' lang='grc' dir='ltr'>γούμενοι</span> <span class='ocrx_word' id='word_1_347' title='bbox 2436 1226 2543 1280; x_wconf 75' lang='lat' dir='ltr'>uici</span> <span class='ocrx_word' id='word_1_348' title='bbox 2575 1223 2803 1300; x_wconf 73' lang='grc' dir='ltr'>Ῥουϐὶμ</span> <span class='ocrx_word' id='word_1_349' title='bbox 2833 1232 2946 1299; x_wconf 77' lang='grc'>(25)</span> <span class='ocrx_word' id='word_1_350' title='bbox 2974 1234 3089 1290; x_wconf 88' lang='grc' dir='ltr'>τοῖς</span> <span class='ocrx_word' id='word_1_351' title='bbox 3113 1227 3436 1304; x_wconf 76' lang='grc' dir='ltr'>χιλιάρχοις</span> <span class='ocrx_word' id='word_1_352' title='bbox 3458 1227 3795 1304; x_wconf 70' lang='grc' dir='ltr'>Ἰσραὴλ,λὲ-</span> 
     </span>
    </p>
   </div>
   <div class='ocr_carea' id='block_1_43' title="bbox 2144 1316 3792 1391">
    <p class='ocr_par' dir='ltr' id='par_1_43' title="bbox 2144 1316 3792 1391">
     <span class='ocr_line' id='line_1_43' title="bbox 2144 1316 3792 1391; baseline 0.004 -24"><span class='ocrx_word' id='word_1_353' title='bbox 2144 1333 2351 1387; x_wconf 82' lang='grc' dir='ltr'>γοντες·</span> <span class='ocrx_word' id='word_1_354' title='bbox 2403 1317 2458 1369; x_wconf 80' lang='grc' dir='ltr'>Ὀ</span> <span class='ocrx_word' id='word_1_355' title='bbox 2508 1316 2637 1377; x_wconf 86' lang='grc' dir='ltr'>Θεός</span> <span class='ocrx_word' id='word_1_356' title='bbox 2686 1318 2713 1371; x_wconf 91' lang='lat'>6</span> <span class='ocrx_word' id='word_1_357' title='bbox 2754 1317 2881 1372; x_wconf 75' lang='grc' dir='ltr'>Θεός</span> <span class='ocrx_word' id='word_1_358' title='bbox 2912 1318 3019 1371; x_wconf 80' lang='grc' dir='ltr'>ἐστι</span> <span class='ocrx_word' id='word_1_359' title='bbox 3054 1318 3271 1389; x_wconf 52' lang='grc' dir='ltr'>Κύριος</span> <span class='ocrx_word' id='word_1_360' title='bbox 3304 1318 3393 1371; x_wconf 79' lang='grc' dir='ltr'>καὶ</span> <span class='ocrx_word' id='word_1_361' title='bbox 3428 1319 3556 1379; x_wconf 85' lang='grc' dir='ltr'>Θεὸς</span> <span class='ocrx_word' id='word_1_362' title='bbox 3590 1318 3792 1391; x_wconf 72' lang='grc' dir='ltr'>Κύριος</span> 
     </span>
    </p>
   </div>
   <div class='ocr_carea' id='block_1_44' title="bbox 2144 1401 3787 1481">
    <p class='ocr_par' dir='ltr' id='par_1_44' title="bbox 2144 1401 3787 1481">
     <span class='ocr_line' id='line_1_44' title="bbox 2144 1401 3787 1481; baseline 0.003 -25"><span class='ocrx_word' id='word_1_363' title='bbox 2144 1402 2302 1464; x_wconf 75' lang='grc' dir='ltr'>αὐτὸς</span> <span class='ocrx_word' id='word_1_364' title='bbox 2351 1401 2483 1472; x_wconf 70' lang='grc' dir='ltr'>οἶδε,</span> <span class='ocrx_word' id='word_1_365' title='bbox 2521 1429 2547 1455; x_wconf 85' lang='grc'><strong>››</strong></span> <span class='ocrx_word' id='word_1_366' title='bbox 2578 1405 2667 1459; x_wconf 87' lang='grc' dir='ltr'>καὶ</span> <span class='ocrx_word' id='word_1_367' title='bbox 2697 1407 2763 1460; x_wconf 77' lang='grc' dir='ltr'>τά</span> <span class='ocrx_word' id='word_1_368' title='bbox 2793 1407 2936 1477; x_wconf 73' lang='grc' dir='ltr'>ἑξῆς.</span> <span class='ocrx_word' id='word_1_369' title='bbox 2970 1407 3065 1461; x_wconf 81' lang='grc' dir='ltr'>Καὶ</span> <span class='ocrx_word' id='word_1_370' title='bbox 3098 1403 3357 1481; x_wconf 81' lang='grc' dir='ltr'>ἀλλαχοῦ</span> <span class='ocrx_word' id='word_1_371' title='bbox 3390 1406 3551 1461; x_wconf 87' lang='grc' dir='ltr'>πάλιν</span> <span class='ocrx_word' id='word_1_372' title='bbox 3586 1408 3613 1461; x_wconf 90' lang='lat'>6</span> <span class='ocrx_word' id='word_1_373' title='bbox 3646 1412 3787 1461; x_wconf 83' lang='grc' dir='ltr'>Παῦ-</span> 
     </span>
    </p>
   </div>
   <div class='ocr_carea' id='block_1_45' title="bbox 2148 1490 3788 1572">
    <p class='ocr_par' dir='ltr' id='par_1_45' title="bbox 2148 1490 3788 1572">
     <span class='ocr_line' id='line_1_45' title="bbox 2148 1490 3788 1572; baseline 0.003 -27"><span class='ocrx_word' id='word_1_374' title='bbox 2148 1490 2261 1553; x_wconf 94' lang='grc' dir='ltr'>λος·</span> <span class='ocrx_word' id='word_1_375' title='bbox 2295 1517 2322 1543; x_wconf 89' lang='grc'>‹‹</span> <span class='ocrx_word' id='word_1_376' title='bbox 2356 1494 2412 1547; x_wconf 89' lang='grc' dir='ltr'>Ὁ</span> <span class='ocrx_word' id='word_1_377' title='bbox 2445 1495 2593 1559; x_wconf 87' lang='grc' dir='ltr'>Θεὸς,</span> <span class='ocrx_word' id='word_1_378' title='bbox 2627 1496 2655 1548; x_wconf 91' lang='lat'>6</span> <span class='ocrx_word' id='word_1_379' title='bbox 2687 1494 2876 1563; x_wconf 76' lang='grc' dir='ltr'>εἰπὼν,</span> <span class='ocrx_word' id='word_1_380' title='bbox 2907 1494 2965 1549; x_wconf 70' lang='grc' dir='ltr'>ἐκ</span> <span class='ocrx_word' id='word_1_381' title='bbox 3001 1495 3227 1557; x_wconf 79' lang='grc' dir='ltr'>σκότους</span> <span class='ocrx_word' id='word_1_382' title='bbox 3272 1500 3386 1572; x_wconf 80' lang='grc' dir='ltr'>φῶς</span> <span class='ocrx_word' id='word_1_383' title='bbox 3439 1494 3675 1569; x_wconf 72' lang='grc' dir='ltr'>λάμψαι,</span> <span class='ocrx_word' id='word_1_384' title='bbox 3729 1495 3788 1558; x_wconf 79' lang='grc' dir='ltr'>ὅς</span> 
     </span>
    </p>
   </div>
   <div class='ocr_carea' id='block_1_46' title="bbox 2147 1576 3789 1662">
    <p class='ocr_par' dir='ltr' id='par_1_46' title="bbox 2147 1576 3789 1662">
     <span class='ocr_line' id='line_1_46' title="bbox 2147 1576 3789 1662; baseline 0.002 -27"><span class='ocrx_word' id='word_1_385' title='bbox 2147 1576 2385 1655; x_wconf 70' lang='grc' dir='ltr'>ἔλαμψεν</span> <span class='ocrx_word' id='word_1_386' title='bbox 2436 1582 2487 1636; x_wconf 80' lang='grc' dir='ltr'>ἐν</span> <span class='ocrx_word' id='word_1_387' title='bbox 2535 1589 2650 1644; x_wconf 84' lang='grc' dir='ltr'>ταῖς</span> <span class='ocrx_word' id='word_1_388' title='bbox 2694 1582 2939 1659; x_wconf 81' lang='grc' dir='ltr'>καρδίαις</span> <span class='ocrx_word' id='word_1_389' title='bbox 2981 1587 3160 1658; x_wconf 80' lang='grc' dir='ltr'>ἡμῶν,</span> <span class='ocrx_word' id='word_1_390' title='bbox 3194 1586 3331 1660; x_wconf 86' lang='grc' dir='ltr'>πρὸς</span> <span class='ocrx_word' id='word_1_391' title='bbox 3363 1585 3643 1662; x_wconf 72' lang='grc' dir='ltr'>φωτισμὸν</span> <span class='ocrx_word' id='word_1_392' title='bbox 3689 1592 3789 1655; x_wconf 85' lang='grc' dir='ltr'>τῆς</span> 
     </span>
    </p>
   </div>
   <div class='ocr_carea' id='block_1_47' title="bbox 2145 1671 3790 1749">
    <p class='ocr_par' dir='ltr' id='par_1_47' title="bbox 2145 1671 3790 1749">
     <span class='ocr_line' id='line_1_47' title="bbox 2145 1671 3790 1749; baseline 0 -24"><span class='ocrx_word' id='word_1_393' title='bbox 2145 1674 2393 1747; x_wconf 83' lang='grc' dir='ltr'>γνώσεως</span> <span class='ocrx_word' id='word_1_394' title='bbox 2421 1680 2524 1741; x_wconf 81' lang='grc' dir='ltr'>τῆς</span> <span class='ocrx_word' id='word_1_395' title='bbox 2556 1671 2715 1743; x_wconf 77' lang='grc' dir='ltr'>δόξης</span> <span class='ocrx_word' id='word_1_396' title='bbox 2745 1678 2843 1728; x_wconf 88' lang='grc' dir='ltr'>τοῦ</span> <span class='ocrx_word' id='word_1_397' title='bbox 2874 1679 3027 1745; x_wconf 93' lang='grc' dir='ltr'>Θεοῦ,</span> <span class='ocrx_word' id='word_1_398' title='bbox 3062 1674 3112 1729; x_wconf 78' lang='grc' dir='ltr'>ἐν</span> <span class='ocrx_word' id='word_1_399' title='bbox 3146 1675 3427 1747; x_wconf 85' lang='grc' dir='ltr'>προσώπῳ</span> <span class='ocrx_word' id='word_1_400' title='bbox 3475 1680 3726 1749; x_wconf 78' lang='grc' dir='ltr'>Χριστοῦ,</span> <span class='ocrx_word' id='word_1_401' title='bbox 3762 1698 3790 1726; x_wconf 86' lang='grc'><strong>››</strong></span> 
     </span>
    </p>
   </div>
   <div class='ocr_carea' id='block_1_48' title="bbox 2147 1760 3791 1842">
    <p class='ocr_par' dir='ltr' id='par_1_48' title="bbox 2147 1760 3791 1842">
     <span class='ocr_line' id='line_1_48' title="bbox 2147 1760 3791 1842; baseline 0.001 -26"><span class='ocrx_word' id='word_1_402' title='bbox 2147 1763 2201 1816; x_wconf 74' lang='grc' dir='ltr'><strong>Ὀ</strong></span> <span class='ocrx_word' id='word_1_403' title='bbox 2268 1760 2358 1815; x_wconf 79' lang='grc' dir='ltr'>οῦν</span> <span class='ocrx_word' id='word_1_404' title='bbox 2416 1762 2563 1833; x_wconf 91' lang='grc' dir='ltr'>Θεὸς,</span> <span class='ocrx_word' id='word_1_405' title='bbox 2625 1769 2652 1814; x_wconf 81' lang='lat'>6</span> <span class='ocrx_word' id='word_1_406' title='bbox 2686 1763 2849 1816; x_wconf 77' lang='grc' dir='ltr'>εἰπὼν</span> <span class='ocrx_word' id='word_1_407' title='bbox 2892 1763 2953 1817; x_wconf 79' lang='grc' dir='ltr'>ἐκ</span> <span class='ocrx_word' id='word_1_408' title='bbox 3003 1764 3231 1825; x_wconf 80' lang='grc' dir='ltr'>σκότους</span> <span class='ocrx_word' id='word_1_409' title='bbox 3280 1768 3393 1842; x_wconf 70' lang='grc' dir='ltr'>φῶς</span> <span class='ocrx_word' id='word_1_410' title='bbox 3446 1762 3683 1837; x_wconf 75' lang='grc' dir='ltr'>λάμψαι,</span> <span class='ocrx_word' id='word_1_411' title='bbox 3729 1765 3791 1819; x_wconf 74' lang='grc' dir='ltr'>τὸ</span> 
     </span>
    </p>
   </div>
   <div class='ocr_carea' id='block_1_49' title="bbox 2148 1849 3793 1923">
    <p class='ocr_par' dir='ltr' id='par_1_49' title="bbox 2148 1849 3793 1923">
     <span class='ocr_line' id='line_1_49' title="bbox 2148 1849 3793 1923; baseline 0.001 -18"><span class='ocrx_word' id='word_1_412' title='bbox 2148 1852 2362 1923; x_wconf 72' lang='grc' dir='ltr'>Πνεῦμα</span> <span class='ocrx_word' id='word_1_413' title='bbox 2422 1850 2553 1905; x_wconf 76' lang='grc' dir='ltr'>ἐστι.</span> <span class='ocrx_word' id='word_1_414' title='bbox 2606 1852 2702 1905; x_wconf 85' lang='grc' dir='ltr'>Καὶ</span> <span class='ocrx_word' id='word_1_415' title='bbox 2751 1850 2913 1905; x_wconf 87' lang='grc' dir='ltr'>πάλιν</span> <span class='ocrx_word' id='word_1_416' title='bbox 2964 1852 2991 1905; x_wconf 87' lang='lat'>6</span> <span class='ocrx_word' id='word_1_417' title='bbox 3043 1851 3230 1913; x_wconf 86' lang='grc' dir='ltr'>αὐτός.</span> <span class='ocrx_word' id='word_1_418' title='bbox 3294 1877 3321 1903; x_wconf 91' lang='grc'>‹‹</span> <span class='ocrx_word' id='word_1_419' title='bbox 3372 1857 3425 1905; x_wconf 87' lang='lat'>&#39;0</span> <span class='ocrx_word' id='word_1_420' title='bbox 3456 1849 3514 1906; x_wconf 82' lang='grc' dir='ltr'>δὲ</span> <span class='ocrx_word' id='word_1_421' title='bbox 3541 1854 3667 1914; x_wconf 83' lang='grc' dir='ltr'>Θεὸς</span> <span class='ocrx_word' id='word_1_422' title='bbox 3694 1855 3793 1921; x_wconf 69' lang='grc' dir='ltr'>τῆς</span> 
     </span>
    </p>
   </div>
   <div class='ocr_carea' id='block_1_50' title="bbox 2149 1938 3791 2017">
    <p class='ocr_par' dir='ltr' id='par_1_50' title="bbox 2149 1938 3791 2017">
     <span class='ocr_line' id='line_1_50' title="bbox 2149 1938 3791 2017; baseline 0 -22"><span class='ocrx_word' id='word_1_423' title='bbox 2149 1942 2431 2011; x_wconf 81' lang='grc' dir='ltr'>ὑπομονῆς</span> <span class='ocrx_word' id='word_1_424' title='bbox 2456 1939 2665 2007; x_wconf 78' lang='grc' dir='ltr'>καὶτῆς</span> <span class='ocrx_word' id='word_1_425' title='bbox 2688 1940 3083 2013; x_wconf 76' lang='grc' dir='ltr'>παρακλήσεως</span> <span class='ocrx_word' id='word_1_426' title='bbox 3108 1938 3221 2011; x_wconf 83' lang='grc' dir='ltr'>δῴη</span> <span class='ocrx_word' id='word_1_427' title='bbox 3249 1941 3375 2011; x_wconf 84' lang='grc' dir='ltr'>ὑμῖν</span> <span class='ocrx_word' id='word_1_428' title='bbox 3408 1941 3470 1994; x_wconf 90' lang='grc' dir='ltr'>τὸ</span> <span class='ocrx_word' id='word_1_429' title='bbox 3500 1940 3629 1995; x_wconf 80' lang='grc' dir='ltr'>αὐτὸ</span> <span class='ocrx_word' id='word_1_430' title='bbox 3660 1961 3791 2017; x_wconf 73' lang='grc' dir='ltr'>φρο-</span> 
     </span>
    </p>
   </div>
   <div class='ocr_carea' id='block_1_51' title="bbox 2144 2028 3793 2103">
    <p class='ocr_par' dir='ltr' id='par_1_51' title="bbox 2144 2028 3793 2103">
     <span class='ocr_line' id='line_1_51' title="bbox 2144 2028 3793 2103; baseline 0.001 -19"><span class='ocrx_word' id='word_1_431' title='bbox 2144 2036 2253 2085; x_wconf 84' lang='grc' dir='ltr'>νεῖν</span> <span class='ocrx_word' id='word_1_432' title='bbox 2312 2029 2445 2083; x_wconf 82' lang='grc' dir='ltr'>κατὰ</span> <span class='ocrx_word' id='word_1_433' title='bbox 2488 2029 2714 2103; x_wconf 87' lang='grc' dir='ltr'>Χριστὸν</span> <span class='ocrx_word' id='word_1_434' title='bbox 2772 2031 3003 2098; x_wconf 71' lang='grc' dir='ltr'>Ἰησοῦν*</span> <span class='ocrx_word' id='word_1_435' title='bbox 3045 2028 3137 2084; x_wconf 80' lang='grc' dir='ltr'>’ίνα</span> <span class='ocrx_word' id='word_1_436' title='bbox 3198 2028 3549 2100; x_wconf 81' lang='grc' dir='ltr'>ὁμοθυμαδὸν</span> <span class='ocrx_word' id='word_1_437' title='bbox 3603 2029 3653 2085; x_wconf 76' lang='grc' dir='ltr'>ἐν</span> <span class='ocrx_word' id='word_1_438' title='bbox 3716 2030 3793 2085; x_wconf 74' lang='grc' dir='ltr'>ἐ,νῖ</span> 
     </span>
    </p>
   </div>
   <div class='ocr_carea' id='block_1_52' title="bbox 2147 2114 3795 2193">
    <p class='ocr_par' dir='ltr' id='par_1_52' title="bbox 2147 2114 3795 2193">
     <span class='ocr_line' id='line_1_52' title="bbox 2147 2114 3795 2193; baseline 0.001 -21"><span class='ocrx_word' id='word_1_439' title='bbox 2147 2119 2375 2191; x_wconf 78' lang='grc' dir='ltr'>στόματι</span> <span class='ocrx_word' id='word_1_440' title='bbox 2404 2120 2517 2187; x_wconf 84' lang='grc'>(26)</span> <span class='ocrx_word' id='word_1_441' title='bbox 2550 2114 2855 2189; x_wconf 79' lang='grc' dir='ltr'>δοξάζωμεν</span> <span class='ocrx_word' id='word_1_442' title='bbox 2888 2118 2977 2171; x_wconf 89' lang='grc' dir='ltr'>τὸν</span> <span class='ocrx_word' id='word_1_443' title='bbox 3011 2118 3162 2185; x_wconf 86' lang='grc' dir='ltr'>Θεὸν,</span> <span class='ocrx_word' id='word_1_444' title='bbox 3196 2118 3283 2171; x_wconf 88' lang='grc' dir='ltr'>καὶ</span> <span class='ocrx_word' id='word_1_445' title='bbox 3316 2120 3527 2193; x_wconf 67' lang='grc' dir='ltr'>Πατέρα</span> <span class='ocrx_word' id='word_1_446' title='bbox 3554 2124 3650 2173; x_wconf 91' lang='grc' dir='ltr'>τοῦ</span> <span class='ocrx_word' id='word_1_447' title='bbox 3692 2126 3795 2173; x_wconf 83' lang='grc' dir='ltr'>Κυ-</span> 
     </span>
    </p>
   </div>
   <div class='ocr_carea' id='block_1_53' title="bbox 2149 2205 3791 2282">
    <p class='ocr_par' dir='ltr' id='par_1_53' title="bbox 2149 2205 3791 2282">
     <span class='ocr_line' id='line_1_53' title="bbox 2149 2205 3791 2282; baseline 0 -22"><span class='ocrx_word' id='word_1_448' title='bbox 2149 2207 2265 2282; x_wconf 80' lang='grc' dir='ltr'>ρίου</span> <span class='ocrx_word' id='word_1_449' title='bbox 2323 2209 2481 2278; x_wconf 76' lang='grc' dir='ltr'>ἡμῶν</span> <span class='ocrx_word' id='word_1_450' title='bbox 2543 2207 2723 2273; x_wconf 82' lang='grc' dir='ltr'>Ἰησοῦ</span> <span class='ocrx_word' id='word_1_451' title='bbox 2783 2210 3031 2279; x_wconf 79' lang='grc' dir='ltr'>Χριστοῦ.</span> <span class='ocrx_word' id='word_1_452' title='bbox 3099 2230 3125 2255; x_wconf 89' lang='grc'><strong>››</strong></span> <span class='ocrx_word' id='word_1_453' title='bbox 3185 2205 3273 2267; x_wconf 87' lang='grc' dir='ltr'>Τίς</span> <span class='ocrx_word' id='word_1_454' title='bbox 3306 2206 3395 2259; x_wconf 82' lang='grc' dir='ltr'>οῦν</span> <span class='ocrx_word' id='word_1_455' title='bbox 3433 2205 3571 2260; x_wconf 82' lang='grc' dir='ltr'>ἐστιν</span> <span class='ocrx_word' id='word_1_456' title='bbox 3608 2208 3791 2268; x_wconf 88' lang='grc' dir='ltr'>ὁΘεὸς</span> 
     </span>
    </p>
   </div>
   <div class='ocr_carea' id='block_1_54' title="bbox 2146 2292 3793 2368">
    <p class='ocr_par' dir='ltr' id='par_1_54' title="bbox 2146 2292 3793 2368">
     <span class='ocr_line' id='line_1_54' title="bbox 2146 2292 3793 2368; baseline -0.002 -18"><span class='ocrx_word' id='word_1_457' title='bbox 2146 2303 2243 2364; x_wconf 80' lang='grc' dir='ltr'>τῆς</span> <span class='ocrx_word' id='word_1_458' title='bbox 2302 2296 2585 2365; x_wconf 80' lang='grc' dir='ltr'>ὑπομονῆς</span> <span class='ocrx_word' id='word_1_459' title='bbox 2628 2294 2717 2347; x_wconf 85' lang='grc' dir='ltr'>καὶ</span> <span class='ocrx_word' id='word_1_460' title='bbox 2760 2301 2860 2362; x_wconf 80' lang='grc' dir='ltr'>τῆς</span> <span class='ocrx_word' id='word_1_461' title='bbox 2913 2293 3332 2368; x_wconf 75' lang='grc' dir='ltr'>παρακλήσεως,</span> <span class='ocrx_word' id='word_1_462' title='bbox 3383 2296 3410 2348; x_wconf 90' lang='lat'>6</span> <span class='ocrx_word' id='word_1_463' title='bbox 3444 2292 3624 2356; x_wconf 80' lang='grc' dir='ltr'>διδοὺς</span> <span class='ocrx_word' id='word_1_464' title='bbox 3658 2298 3793 2365; x_wconf 76' lang='grc' dir='ltr'>ἡμῖν</span> 
     </span>
    </p>
   </div>
   <div class='ocr_carea' id='block_1_55' title="bbox 2146 2381 3795 2458">
    <p class='ocr_par' dir='ltr' id='par_1_55' title="bbox 2146 2381 3795 2458">
     <span class='ocr_line' id='line_1_55' title="bbox 2146 2381 3795 2458; baseline 0 -21"><span class='ocrx_word' id='word_1_465' title='bbox 2146 2384 2209 2438; x_wconf 90' lang='grc' dir='ltr'>τὸ</span> <span class='ocrx_word' id='word_1_466' title='bbox 2240 2382 2368 2436; x_wconf 77' lang='grc' dir='ltr'>αὐτὸ</span> <span class='ocrx_word' id='word_1_467' title='bbox 2416 2388 2630 2458; x_wconf 75' lang='grc' dir='ltr'>φρονεῖν</span> <span class='ocrx_word' id='word_1_468' title='bbox 2677 2382 2812 2436; x_wconf 86' lang='grc' dir='ltr'>κατὰ</span> <span class='ocrx_word' id='word_1_469' title='bbox 2859 2383 3085 2457; x_wconf 87' lang='grc' dir='ltr'>Χριστὸν</span> <span class='ocrx_word' id='word_1_470' title='bbox 3138 2384 3346 2451; x_wconf 84' lang='grc' dir='ltr'>Ἰησοῦν</span> <span class='ocrx_word' id='word_1_471' title='bbox 3396 2381 3486 2437; x_wconf 71' lang='grc' dir='ltr'>’ίνα</span> <span class='ocrx_word' id='word_1_472' title='bbox 3518 2384 3795 2455; x_wconf 83' lang='grc' dir='ltr'>ὁμοθυμα-</span> 
     </span>
    </p>
   </div>
   <div class='ocr_carea' id='block_1_56' title="bbox 2151 2469 3793 2545">
    <p class='ocr_par' dir='ltr' id='par_1_56' title="bbox 2151 2469 3793 2545">
     <span class='ocr_line' id='line_1_56' title="bbox 2151 2469 3793 2545; baseline -0.001 -19"><span class='ocrx_word' id='word_1_473' title='bbox 2151 2470 2240 2526; x_wconf 86' lang='grc' dir='ltr'>δὸν</span> <span class='ocrx_word' id='word_1_474' title='bbox 2282 2469 2589 2542; x_wconf 78' lang='grc' dir='ltr'>δοξάζωμεν</span> <span class='ocrx_word' id='word_1_475' title='bbox 2621 2472 2712 2525; x_wconf 90' lang='grc' dir='ltr'>τὸν</span> <span class='ocrx_word' id='word_1_476' title='bbox 2746 2472 2893 2537; x_wconf 86' lang='grc' dir='ltr'>Θεὸν,</span> <span class='ocrx_word' id='word_1_477' title='bbox 2924 2471 3012 2525; x_wconf 84' lang='grc' dir='ltr'>καὶ</span> <span class='ocrx_word' id='word_1_478' title='bbox 3040 2470 3247 2543; x_wconf 78' lang='grc' dir='ltr'>Ηατέρα</span> <span class='ocrx_word' id='word_1_479' title='bbox 3274 2476 3370 2525; x_wconf 89' lang='grc' dir='ltr'>τοῦ</span> <span class='ocrx_word' id='word_1_480' title='bbox 3406 2471 3603 2545; x_wconf 80' lang='grc' dir='ltr'>Κυρίου</span> <span class='ocrx_word' id='word_1_481' title='bbox 3633 2474 3793 2543; x_wconf 75' lang='grc' dir='ltr'>ἡμῶν</span> 
     </span>
    </p>
   </div>
   <div class='ocr_carea' id='block_1_57' title="bbox 2152 2560 3795 2635">
    <p class='ocr_par' dir='ltr' id='par_1_57' title="bbox 2152 2560 3795 2635">
     <span class='ocr_line' id='line_1_57' title="bbox 2152 2560 3795 2635; baseline -0.001 -20"><span class='ocrx_word' id='word_1_482' title='bbox 2152 2563 2335 2631; x_wconf 87' lang='grc' dir='ltr'>Ἰησοῦ</span> <span class='ocrx_word' id='word_1_483' title='bbox 2365 2564 2597 2635; x_wconf 77' lang='grc' dir='ltr'>Χριστοῦ</span> <span class='ocrx_word' id='word_1_484' title='bbox 2623 2579 2636 2629; x_wconf 90' lang='lat'><strong>;</strong></span> <span class='ocrx_word' id='word_1_485' title='bbox 2668 2562 2876 2621; x_wconf 79' lang='grc' dir='ltr'>πάντως</span> <span class='ocrx_word' id='word_1_486' title='bbox 2906 2562 2966 2614; x_wconf 88' lang='grc' dir='ltr'>τὸ</span> <span class='ocrx_word' id='word_1_487' title='bbox 2999 2565 3215 2630; x_wconf 79' lang='grc' dir='ltr'>Πνεῦμα</span> <span class='ocrx_word' id='word_1_488' title='bbox 3244 2561 3305 2613; x_wconf 90' lang='grc' dir='ltr'>τὸ</span> <span class='ocrx_word' id='word_1_489' title='bbox 3336 2560 3509 2633; x_wconf 78' lang='grc' dir='ltr'>ἆγιον.</span> <span class='ocrx_word' id='word_1_490' title='bbox 3563 2561 3659 2613; x_wconf 78' lang='grc' dir='ltr'>Καὶ</span> <span class='ocrx_word' id='word_1_491' title='bbox 3691 2563 3795 2614; x_wconf 86' lang='grc' dir='ltr'>πά-</span> 
     </span>
    </p>
   </div>
   <div class='ocr_carea' id='block_1_58' title="bbox 2153 2646 3791 2725">
    <p class='ocr_par' dir='ltr' id='par_1_58' title="bbox 2153 2646 3791 2725">
     <span class='ocr_line' id='line_1_58' title="bbox 2153 2646 3791 2725; baseline -0.002 -20"><span class='ocrx_word' id='word_1_492' title='bbox 2153 2669 2262 2707; x_wconf 85' lang='grc' dir='ltr'>Λιν,</span> <span class='ocrx_word' id='word_1_493' title='bbox 2293 2675 2320 2701; x_wconf 91' lang='grc'><strong>‹‹</strong></span> <span class='ocrx_word' id='word_1_494' title='bbox 2367 2650 2485 2703; x_wconf 72' lang='grc' dir='ltr'>Ἐὰν</span> <span class='ocrx_word' id='word_1_495' title='bbox 2537 2646 2593 2703; x_wconf 70' lang='grc' dir='ltr'>δὲ</span> <span class='ocrx_word' id='word_1_496' title='bbox 2642 2650 2834 2711; x_wconf 82' lang='grc' dir='ltr'>πάντες</span> <span class='ocrx_word' id='word_1_497' title='bbox 2885 2646 3318 2725; x_wconf 73' lang='grc' dir='ltr'>προφητεύωσιν,</span> <span class='ocrx_word' id='word_1_498' title='bbox 3367 2646 3577 2721; x_wconf 74' lang='grc' dir='ltr'>εἷσὲλθῃ</span> <span class='ocrx_word' id='word_1_499' title='bbox 3628 2646 3684 2703; x_wconf 66' lang='grc' dir='ltr'>δὲ</span> <span class='ocrx_word' id='word_1_500' title='bbox 3708 2669 3791 2709; x_wconf 87' lang='grc' dir='ltr'>τις</span> 
     </span>
    </p>
   </div>
   <div class='ocr_carea' id='block_1_59' title="bbox 2152 2733 3788 2812">
    <p class='ocr_par' dir='ltr' id='par_1_59' title="bbox 2152 2733 3788 2812">
     <span class='ocr_line' id='line_1_59' title="bbox 2152 2733 3788 2812; baseline -0.002 -18"><span class='ocrx_word' id='word_1_501' title='bbox 2152 2737 2398 2800; x_wconf 78' lang='grc' dir='ltr'>ἄπιστος.</span> <span class='ocrx_word' id='word_1_502' title='bbox 2428 2740 2461 2807; x_wconf 76' lang='grc' dir='ltr'><strong>ἢ</strong></span> <span class='ocrx_word' id='word_1_503' title='bbox 2500 2736 2747 2807; x_wconf 77' lang='grc' dir='ltr'>ἰδιώτης,</span> <span class='ocrx_word' id='word_1_504' title='bbox 2778 2737 3065 2812; x_wconf 71' lang='grc' dir='ltr'>ἆλὲγχεται</span> <span class='ocrx_word' id='word_1_505' title='bbox 3102 2737 3202 2791; x_wconf 86' lang='grc' dir='ltr'>ὑπὸ</span> <span class='ocrx_word' id='word_1_506' title='bbox 3224 2738 3459 2790; x_wconf 88' lang='grc' dir='ltr'>πάντων·</span> <span class='ocrx_word' id='word_1_507' title='bbox 3494 2736 3583 2791; x_wconf 85' lang='grc' dir='ltr'>καὶ</span> <span class='ocrx_word' id='word_1_508' title='bbox 3616 2733 3788 2799; x_wconf 71' lang='grc' dir='ltr'>οὕτως</span> 
     </span>
    </p>
   </div>
   <div class='ocr_carea' id='block_1_60' title="bbox 2150 2824 3794 2902">
    <p class='ocr_par' dir='ltr' id='par_1_60' title="bbox 2150 2824 3794 2902">
     <span class='ocr_line' id='line_1_60' title="bbox 2150 2824 3794 2902; baseline -0.003 -21"><span class='ocrx_word' id='word_1_509' title='bbox 2150 2827 2217 2881; x_wconf 78' lang='grc' dir='ltr'>τά</span> <span class='ocrx_word' id='word_1_510' title='bbox 2264 2828 2473 2902; x_wconf 75' lang='grc' dir='ltr'>κρυπτὰ</span> <span class='ocrx_word' id='word_1_511' title='bbox 2544 2833 2641 2895; x_wconf 77' lang='grc' dir='ltr'>τῆς</span> <span class='ocrx_word' id='word_1_512' title='bbox 2692 2826 2913 2901; x_wconf 79' lang='grc' dir='ltr'>καρδίας</span> <span class='ocrx_word' id='word_1_513' title='bbox 2965 2824 3126 2879; x_wconf 73' lang='grc' dir='ltr'>αὐτοῦ</span> <span class='ocrx_word' id='word_1_514' title='bbox 3176 2826 3370 2902; x_wconf 79' lang='grc' dir='ltr'>φανερά</span> <span class='ocrx_word' id='word_1_515' title='bbox 3422 2825 3644 2899; x_wconf 80' lang='grc' dir='ltr'>γίνεται’</span> <span class='ocrx_word' id='word_1_516' title='bbox 3704 2825 3794 2879; x_wconf 82' lang='grc' dir='ltr'>καὶ</span> 
     </span>
    </p>
   </div>
   <div class='ocr_carea' id='block_1_61' title="bbox 2153 2914 3795 2988">
    <p class='ocr_par' dir='ltr' id='par_1_61' title="bbox 2153 2914 3795 2988">
     <span class='ocr_line' id='line_1_61' title="bbox 2153 2914 3795 2988; baseline -0.002 -18"><span class='ocrx_word' id='word_1_517' title='bbox 2153 2916 2348 2985; x_wconf 74' lang='grc' dir='ltr'>οὕτως,</span> <span class='ocrx_word' id='word_1_518' title='bbox 2408 2917 2584 2970; x_wconf 88' lang='grc' dir='ltr'>πεσὼν</span> <span class='ocrx_word' id='word_1_519' title='bbox 2640 2914 2725 2969; x_wconf 77' lang='grc' dir='ltr'>ὲπῖ</span> <span class='ocrx_word' id='word_1_520' title='bbox 2775 2914 3088 2988; x_wconf 87' lang='grc' dir='ltr'>πρόσωπον,</span> <span class='ocrx_word' id='word_1_521' title='bbox 3140 2916 3498 2988; x_wconf 73' lang='grc' dir='ltr'>προσκυνήσει</span> <span class='ocrx_word' id='word_1_522' title='bbox 3548 2918 3625 2983; x_wconf 79' lang='grc' dir='ltr'>τῷ</span> <span class='ocrx_word' id='word_1_523' title='bbox 3654 2918 3795 2984; x_wconf 78' lang='grc' dir='ltr'>Θεῷ,</span> 
     </span>
    </p>
   </div>
   <div class='ocr_carea' id='block_1_62' title="bbox 2152 2999 3792 3081">
    <p class='ocr_par' dir='ltr' id='par_1_62' title="bbox 2152 2999 3792 3081">
     <span class='ocr_line' id='line_1_62' title="bbox 2152 2999 3792 3081; baseline -0.004 -21"><span class='ocrx_word' id='word_1_524' title='bbox 2152 3003 2532 3081; x_wconf 73' lang='grc' dir='ltr'>ἀπαγγέλλων,</span> <span class='ocrx_word' id='word_1_525' title='bbox 2568 3004 2648 3059; x_wconf 79' lang='grc' dir='ltr'>ὅτι</span> <span class='ocrx_word' id='word_1_526' title='bbox 2681 2999 2849 3065; x_wconf 78' lang='grc' dir='ltr'>ὅντως</span> <span class='ocrx_word' id='word_1_527' title='bbox 2876 3005 2902 3057; x_wconf 97' lang='lat'>6</span> <span class='ocrx_word' id='word_1_528' title='bbox 2925 3005 3051 3063; x_wconf 88' lang='grc' dir='ltr'>Θεὸς</span> <span class='ocrx_word' id='word_1_529' title='bbox 3075 3002 3125 3057; x_wconf 82' lang='grc' dir='ltr'>ἒν</span> <span class='ocrx_word' id='word_1_530' title='bbox 3165 3002 3290 3074; x_wconf 80' lang='grc' dir='ltr'>ὑμῖν</span> <span class='ocrx_word' id='word_1_531' title='bbox 3318 3002 3445 3056; x_wconf 84' lang='grc' dir='ltr'>ἐστι.</span> <span class='ocrx_word' id='word_1_532' title='bbox 3488 3028 3505 3051; x_wconf 80' lang='grc' dir='ltr'>ι</span> <span class='ocrx_word' id='word_1_533' title='bbox 3543 3003 3669 3056; x_wconf 84' lang='grc' dir='ltr'>Θεὸν</span> <span class='ocrx_word' id='word_1_534' title='bbox 3703 2999 3792 3055; x_wconf 86' lang='grc' dir='ltr'>οῦν</span> 
     </span>
    </p>
   </div>
   <div class='ocr_carea' id='block_1_63' title="bbox 2153 3090 3791 3165">
    <p class='ocr_par' dir='ltr' id='par_1_63' title="bbox 2153 3090 3791 3165">
     <span class='ocr_line' id='line_1_63' title="bbox 2153 3090 3791 3165; baseline -0.002 -18"><span class='ocrx_word' id='word_1_535' title='bbox 2153 3096 2269 3148; x_wconf 77' lang='grc' dir='ltr'>εἷπε</span> <span class='ocrx_word' id='word_1_536' title='bbox 2313 3095 2375 3147; x_wconf 87' lang='grc' dir='ltr'>τὸ</span> <span class='ocrx_word' id='word_1_537' title='bbox 2430 3091 2646 3164; x_wconf 84' lang='grc' dir='ltr'>Πνεῦμα</span> <span class='ocrx_word' id='word_1_538' title='bbox 2693 3092 2755 3146; x_wconf 90' lang='grc' dir='ltr'>τὸ</span> <span class='ocrx_word' id='word_1_539' title='bbox 2806 3094 2981 3165; x_wconf 82' lang='grc' dir='ltr'>ἅγιον,</span> <span class='ocrx_word' id='word_1_540' title='bbox 3034 3092 3095 3146; x_wconf 88' lang='grc' dir='ltr'>τὸ</span> <span class='ocrx_word' id='word_1_541' title='bbox 3128 3091 3330 3145; x_wconf 87' lang='grc' dir='ltr'>λαλοῦν</span> <span class='ocrx_word' id='word_1_542' title='bbox 3362 3090 3411 3145; x_wconf 75' lang='grc' dir='ltr'>ἐν</span> <span class='ocrx_word' id='word_1_543' title='bbox 3447 3090 3650 3152; x_wconf 84' lang='grc' dir='ltr'>αῦτοῖς.</span> <span class='ocrx_word' id='word_1_544' title='bbox 3690 3090 3791 3147; x_wconf 87' lang='grc' dir='ltr'>Καὶ</span> 
     </span>
    </p>
   </div>
   <div class='ocr_carea' id='block_1_64' title="bbox 399 3172 2039 3249">
    <p class='ocr_par' dir='ltr' id='par_1_64' title="bbox 399 3180 2039 3247">
     <span class='ocr_line' id='line_1_64' title="bbox 399 3180 2039 3247; baseline -0.007 -6"><span class='ocrx_word' id='word_1_545' title='bbox 399 3186 566 3241; x_wconf 90' lang='lat' dir='ltr'>vobis</span> <span class='ocrx_word' id='word_1_546' title='bbox 588 3186 628 3219; x_wconf 77' lang='grc'>⁴⁷</span> <span class='ocrx_word' id='word_1_547' title='bbox 653 3184 682 3238; x_wconf 89' lang='lat'><strong>?</strong></span> <span class='ocrx_word' id='word_1_548' title='bbox 713 3206 740 3233; x_wconf 84' lang='lat'>»</span> <span class='ocrx_word' id='word_1_549' title='bbox 772 3184 994 3247; x_wconf 87' lang='lat' dir='ltr'>Quibus</span> <span class='ocrx_word' id='word_1_550' title='bbox 1022 3182 1213 3237; x_wconf 88' lang='lat' dir='ltr'>verbis</span> <span class='ocrx_word' id='word_1_551' title='bbox 1260 3180 1573 3235; x_wconf 87' lang='lat' dir='ltr'>declaravit</span> <span class='ocrx_word' id='word_1_552' title='bbox 1604 3196 1708 3233; x_wconf 91' lang='lat' dir='ltr'>nos</span> <span class='ocrx_word' id='word_1_553' title='bbox 1738 3194 1865 3233; x_wconf 86' lang='lat' dir='ltr'>esse</span> <span class='ocrx_word' id='word_1_554' title='bbox 1894 3183 2039 3230; x_wconf 90' lang='lat' dir='ltr'>tem-</span> 
     </span>
    </p>
   </div>
   <div class='ocr_carea' id='block_1_65' title="bbox 2151 3172 3794 3249">
    <p class='ocr_par' dir='ltr' id='par_1_65' title="bbox 2154 3178 3794 3249">
     <span class='ocr_line' id='line_1_65' title="bbox 2154 3178 3794 3249; baseline -0.003 -13"><span class='ocrx_word' id='word_1_555' title='bbox 2154 3181 2337 3238; x_wconf 84' lang='grc' dir='ltr'>πάλιν,</span> <span class='ocrx_word' id='word_1_556' title='bbox 2370 3207 2396 3232; x_wconf 88' lang='grc'><em>‹‹</em></span> <span class='ocrx_word' id='word_1_557' title='bbox 2432 3181 2541 3234; x_wconf 79' lang='grc' dir='ltr'>Οὐκ</span> <span class='ocrx_word' id='word_1_558' title='bbox 2568 3178 2765 3247; x_wconf 50' lang='grc' dir='ltr'>οῖ’δατε,</span> <span class='ocrx_word' id='word_1_559' title='bbox 2800 3180 2880 3234; x_wconf 81' lang='grc' dir='ltr'>ὅτι</span> <span class='ocrx_word' id='word_1_560' title='bbox 2902 3181 3027 3241; x_wconf 85' lang='grc' dir='ltr'>ναὸς</span> <span class='ocrx_word' id='word_1_561' title='bbox 3050 3186 3183 3235; x_wconf 82' lang='grc' dir='ltr'>Θεοῦ</span> <span class='ocrx_word' id='word_1_562' title='bbox 3206 3179 3338 3249; x_wconf 82' lang='grc' dir='ltr'>ἐστε,</span> <span class='ocrx_word' id='word_1_563' title='bbox 3364 3180 3451 3233; x_wconf 81' lang='grc' dir='ltr'>καὶ</span> <span class='ocrx_word' id='word_1_564' title='bbox 3481 3181 3543 3234; x_wconf 92' lang='grc' dir='ltr'>τὸ</span> <span class='ocrx_word' id='word_1_565' title='bbox 3578 3183 3794 3249; x_wconf 82' lang='grc' dir='ltr'>Πνεῦμα</span> 
     </span>
    </p>
   </div>
   <div class='ocr_carea' id='block_1_66' title="bbox 394 3264 2039 3347">
    <p class='ocr_par' dir='ltr' id='par_1_66' title="bbox 394 3264 2039 3347">
     <span class='ocr_line' id='line_1_66' title="bbox 394 3264 2039 3347; baseline -0.007 -18"><span class='ocrx_word' id='word_1_566' title='bbox 394 3274 557 3347; x_wconf 91' lang='lat' dir='ltr'>plum</span> <span class='ocrx_word' id='word_1_567' title='bbox 596 3274 730 3339; x_wconf 90' lang='lat' dir='ltr'>Dei;</span> <span class='ocrx_word' id='word_1_568' title='bbox 766 3272 859 3327; x_wconf 92' lang='lat' dir='ltr'>ubi</span> <span class='ocrx_word' id='word_1_569' title='bbox 892 3288 1024 3327; x_wconf 90' lang='lat' dir='ltr'>vero</span> <span class='ocrx_word' id='word_1_570' title='bbox 1055 3280 1139 3326; x_wconf 89' lang='lat' dir='ltr'>est</span> <span class='ocrx_word' id='word_1_571' title='bbox 1166 3268 1476 3341; x_wconf 90' lang='lat' dir='ltr'>templum,</span> <span class='ocrx_word' id='word_1_572' title='bbox 1508 3270 1584 3323; x_wconf 91' lang='lat' dir='ltr'>ibi</span> <span class='ocrx_word' id='word_1_573' title='bbox 1620 3274 1675 3323; x_wconf 89' lang='lat' dir='ltr'>et</span> <span class='ocrx_word' id='word_1_574' title='bbox 1695 3268 1869 3334; x_wconf 88' lang='lat' dir='ltr'>Deus,</span> <span class='ocrx_word' id='word_1_575' title='bbox 1903 3264 2039 3320; x_wconf 88' lang='lat' dir='ltr'>etin</span> 
     </span>
    </p>
   </div>
   <div class='ocr_carea' id='block_1_67' title="bbox 395 3354 2039 3436">
    <p class='ocr_par' dir='ltr' id='par_1_67' title="bbox 395 3354 2039 3436">
     <span class='ocr_line' id='line_1_67' title="bbox 395 3354 2039 3436; baseline -0.007 -16"><span class='ocrx_word' id='word_1_576' title='bbox 395 3380 463 3420; x_wconf 87' lang='lat' dir='ltr'>eo</span> <span class='ocrx_word' id='word_1_577' title='bbox 492 3363 747 3436; x_wconf 89' lang='lat' dir='ltr'>Spiritus</span> <span class='ocrx_word' id='word_1_578' title='bbox 779 3361 1022 3425; x_wconf 90' lang='lat' dir='ltr'>habitat,</span> <span class='ocrx_word' id='word_1_579' title='bbox 1071 3365 1137 3413; x_wconf 92' lang='lat' dir='ltr'>ut</span> <span class='ocrx_word' id='word_1_580' title='bbox 1184 3360 1239 3413; x_wconf 92' lang='lat' dir='ltr'>in</span> <span class='ocrx_word' id='word_1_581' title='bbox 1276 3374 1380 3414; x_wconf 90' lang='lat' dir='ltr'>suo</span> <span class='ocrx_word' id='word_1_582' title='bbox 1422 3356 1677 3428; x_wconf 91' lang='lat' dir='ltr'>templo;</span> <span class='ocrx_word' id='word_1_583' title='bbox 1729 3356 1811 3410; x_wconf 91' lang='lat' dir='ltr'>ait</span> <span class='ocrx_word' id='word_1_584' title='bbox 1843 3354 2039 3409; x_wconf 86' lang='lat' dir='ltr'>enim:</span> 
     </span>
    </p>
   </div>
   <div class='ocr_carea' id='block_1_68' title="bbox 392 3444 2043 3519">
    <p class='ocr_par' dir='ltr' id='par_1_68' title="bbox 392 3444 2043 3519">
     <span class='ocr_line' id='line_1_68' title="bbox 392 3444 2043 3519; baseline -0.004 -17"><span class='ocrx_word' id='word_1_585' title='bbox 392 3475 421 3503; x_wconf 88' lang='grc'>‹‹</span> <span class='ocrx_word' id='word_1_586' title='bbox 457 3460 542 3507; x_wconf 83' lang='lat' dir='ltr'>An</span> <span class='ocrx_word' id='word_1_587' title='bbox 576 3451 836 3515; x_wconf 90' lang='lat' dir='ltr'>nescitis,</span> <span class='ocrx_word' id='word_1_588' title='bbox 886 3451 1037 3518; x_wconf 90' lang='lat' dir='ltr'>quod</span> <span class='ocrx_word' id='word_1_589' title='bbox 1092 3464 1334 3519; x_wconf 89' lang='lat' dir='ltr'>corpora</span> <span class='ocrx_word' id='word_1_590' title='bbox 1382 3452 1575 3502; x_wconf 89' lang='lat' dir='ltr'>vestra</span> <span class='ocrx_word' id='word_1_591' title='bbox 1606 3444 1891 3514; x_wconf 90' lang='lat' dir='ltr'>templum</span> <span class='ocrx_word' id='word_1_592' title='bbox 1924 3445 2043 3497; x_wconf 88' lang='lat' dir='ltr'>sint</span> 
     </span>
    </p>
   </div>
   <div class='ocr_carea' id='block_1_69' title="bbox 392 3533 2043 3613">
    <p class='ocr_par' dir='ltr' id='par_1_69' title="bbox 392 3533 2043 3613">
     <span class='ocr_line' id='line_1_69' title="bbox 392 3533 2043 3613; baseline -0.007 -16"><span class='ocrx_word' id='word_1_593' title='bbox 392 3541 645 3613; x_wconf 88' lang='lat' dir='ltr'>Spiritus</span> <span class='ocrx_word' id='word_1_594' title='bbox 675 3538 887 3609; x_wconf 88' lang='lat' dir='ltr'>sancti,</span> <span class='ocrx_word' id='word_1_595' title='bbox 937 3553 1111 3610; x_wconf 90' lang='lat' dir='ltr'>quem</span> <span class='ocrx_word' id='word_1_596' title='bbox 1158 3536 1383 3591; x_wconf 84' lang='lat' dir='ltr'>habetis</span> <span class='ocrx_word' id='word_1_597' title='bbox 1433 3554 1467 3590; x_wconf 91' lang='lat' dir='ltr'>a</span> <span class='ocrx_word' id='word_1_598' title='bbox 1504 3535 1660 3590; x_wconf 82' lang='lat' dir='ltr'>Deo?</span> <span class='ocrx_word' id='word_1_599' title='bbox 1712 3533 2043 3589; x_wconf 83' lang='lat' dir='ltr'>Gloritlcate</span> 
     </span>
    </p>
   </div>
   <div class='ocr_carea' id='block_1_70' title="bbox 391 3623 2039 3702">
    <p class='ocr_par' dir='ltr' id='par_1_70' title="bbox 391 3623 2039 3702">
     <span class='ocr_line' id='line_1_70' title="bbox 391 3623 2039 3702; baseline -0.005 -18"><span class='ocrx_word' id='word_1_600' title='bbox 391 3631 574 3702; x_wconf 86' lang='lat' dir='ltr'>igitur</span> <span class='ocrx_word' id='word_1_601' title='bbox 607 3629 787 3685; x_wconf 89' lang='lat' dir='ltr'>Deum</span> <span class='ocrx_word' id='word_1_602' title='bbox 820 3628 1181 3683; x_wconf 86' lang='lat' dir='ltr'>habitantem</span> <span class='ocrx_word' id='word_1_603' title='bbox 1213 3624 1273 3679; x_wconf 92' lang='lat' dir='ltr'>in</span> <span class='ocrx_word' id='word_1_604' title='bbox 1305 3626 1469 3680; x_wconf 90' lang='lat' dir='ltr'>vobis</span> <span class='ocrx_word' id='word_1_605' title='bbox 1494 3625 1557 3679; x_wconf 68' lang='lat'>“.</span> <span class='ocrx_word' id='word_1_606' title='bbox 1596 3646 1622 3673; x_wconf 74' lang='grc' dir='ltr'><strong>υ</strong></span> <span class='ocrx_word' id='word_1_607' title='bbox 1654 3623 1813 3686; x_wconf 87' lang='lat' dir='ltr'>Quod</span> <span class='ocrx_word' id='word_1_608' title='bbox 1842 3623 1890 3677; x_wconf 90' lang='lat' dir='ltr'>si</span> <span class='ocrx_word' id='word_1_609' title='bbox 1924 3638 2039 3676; x_wconf 92' lang='lat' dir='ltr'>non</span> 
     </span>
    </p>
   </div>
   <div class='ocr_carea' id='block_1_71' title="bbox 394 3712 2039 3789">
    <p class='ocr_par' dir='ltr' id='par_1_71' title="bbox 394 3712 2039 3789">
     <span class='ocr_line' id='line_1_71' title="bbox 394 3712 2039 3789; baseline -0.004 -18"><span class='ocrx_word' id='word_1_610' title='bbox 394 3718 690 3789; x_wconf 84' lang='lat' dir='ltr'>gloriﬁcas</span> <span class='ocrx_word' id='word_1_611' title='bbox 714 3716 1071 3772; x_wconf 89' lang='lat' dir='ltr'>habitantem</span> <span class='ocrx_word' id='word_1_612' title='bbox 1088 3715 1145 3768; x_wconf 93' lang='lat' dir='ltr'>in</span> <span class='ocrx_word' id='word_1_613' title='bbox 1171 3719 1303 3768; x_wconf 90' lang='lat' dir='ltr'>teut</span> <span class='ocrx_word' id='word_1_614' title='bbox 1324 3714 1525 3783; x_wconf 88' lang='lat' dir='ltr'>Deum,</span> <span class='ocrx_word' id='word_1_615' title='bbox 1548 3714 1735 3766; x_wconf 81' lang='lat' dir='ltr'>factus</span> <span class='ocrx_word' id='word_1_616' title='bbox 1749 3728 1811 3765; x_wconf 92' lang='lat' dir='ltr'>es</span> <span class='ocrx_word' id='word_1_617' title='bbox 1840 3712 2039 3765; x_wconf 87' lang='lat' dir='ltr'>fanum</span> 
     </span>
    </p>
   </div>
   <div class='ocr_carea' id='block_1_72' title="bbox 390 3798 2042 3873">
    <p class='ocr_par' dir='ltr' id='par_1_72' title="bbox 390 3798 2042 3873">
     <span class='ocr_line' id='line_1_72' title="bbox 390 3798 2042 3873; baseline -0.005 -12"><span class='ocrx_word' id='word_1_618' title='bbox 390 3806 681 3862; x_wconf 89' lang='lat' dir='ltr'>idolorum</span> <span class='ocrx_word' id='word_1_619' title='bbox 709 3823 722 3873; x_wconf 91' lang='lat'>;</span> <span class='ocrx_word' id='word_1_620' title='bbox 758 3807 837 3861; x_wconf 88' lang='lat' dir='ltr'>ait</span> <span class='ocrx_word' id='word_1_621' title='bbox 866 3803 1020 3859; x_wconf 90' lang='lat' dir='ltr'>enim</span> <span class='ocrx_word' id='word_1_622' title='bbox 1052 3819 1064 3857; x_wconf 89' lang='lat'>:</span> <span class='ocrx_word' id='word_1_623' title='bbox 1100 3825 1127 3852; x_wconf 88' lang='lat'><strong>«</strong></span> <span class='ocrx_word' id='word_1_624' title='bbox 1164 3802 1433 3866; x_wconf 88' lang='lat' dir='ltr'>Nescitis,</span> <span class='ocrx_word' id='word_1_625' title='bbox 1457 3801 1595 3873; x_wconf 92' lang='lat' dir='ltr'>quia</span> <span class='ocrx_word' id='word_1_626' title='bbox 1623 3798 1904 3871; x_wconf 85' lang='lat' dir='ltr'>templum</span> <span class='ocrx_word' id='word_1_627' title='bbox 1940 3798 2042 3853; x_wconf 90' lang='lat' dir='ltr'>Dei</span> 
     </span>
    </p>
   </div>
   <div class='ocr_carea' id='block_1_73' title="bbox 391 3890 2045 3965">
    <p class='ocr_par' dir='ltr' id='par_1_73' title="bbox 391 3890 2045 3965">
     <span class='ocr_line' id='line_1_73' title="bbox 391 3890 2045 3965; baseline -0.005 -13"><span class='ocrx_word' id='word_1_628' title='bbox 391 3896 435 3953; x_wconf 76' lang='lat'><strong>5</strong></span> <span class='ocrx_word' id='word_1_629' title='bbox 473 3895 633 3963; x_wconf 83' lang='lat' dir='ltr'>estis,</span> <span class='ocrx_word' id='word_1_630' title='bbox 685 3900 744 3950; x_wconf 87' lang='lat' dir='ltr'>et</span> <span class='ocrx_word' id='word_1_631' title='bbox 802 3894 1055 3965; x_wconf 91' lang='lat' dir='ltr'>Spiritus</span> <span class='ocrx_word' id='word_1_632' title='bbox 1105 3893 1206 3947; x_wconf 89' lang='lat' dir='ltr'>Dei</span> <span class='ocrx_word' id='word_1_633' title='bbox 1268 3891 1494 3947; x_wconf 83' lang='lat' dir='ltr'>habitat</span> <span class='ocrx_word' id='word_1_634' title='bbox 1526 3892 1582 3945; x_wconf 90' lang='lat' dir='ltr'>in</span> <span class='ocrx_word' id='word_1_635' title='bbox 1643 3891 1805 3945; x_wconf 92' lang='lat' dir='ltr'>vobis</span> <span class='ocrx_word' id='word_1_636' title='bbox 1835 3891 1929 3944; x_wconf 79' lang='lat' dir='ltr'>&quot;P</span> <span class='ocrx_word' id='word_1_637' title='bbox 1977 3890 2045 3944; x_wconf 86' lang='lat' dir='ltr'>Et</span> 
     </span>
    </p>
   </div>
   <div class='ocr_carea' id='block_1_74' title="bbox 390 3977 2044 4053">
    <p class='ocr_par' dir='ltr' id='par_1_74' title="bbox 390 3977 2044 4053">
     <span class='ocr_line' id='line_1_74' title="bbox 390 3977 2044 4053; baseline -0.004 -14"><span class='ocrx_word' id='word_1_638' title='bbox 390 3985 532 4039; x_wconf 89' lang='lat' dir='ltr'>alibi</span> <span class='ocrx_word' id='word_1_639' title='bbox 564 3984 683 4039; x_wconf 89' lang='lat' dir='ltr'>ait:</span> <span class='ocrx_word' id='word_1_640' title='bbox 719 4006 745 4032; x_wconf 85' lang='lat'><strong>«</strong></span> <span class='ocrx_word' id='word_1_641' title='bbox 781 3983 979 4053; x_wconf 84' lang='lat' dir='ltr'>Hodie,</span> <span class='ocrx_word' id='word_1_642' title='bbox 1016 3982 1064 4037; x_wconf 88' lang='lat' dir='ltr'>si</span> <span class='ocrx_word' id='word_1_643' title='bbox 1096 3998 1294 4036; x_wconf 91' lang='lat' dir='ltr'>vocem</span> <span class='ocrx_word' id='word_1_644' title='bbox 1326 3981 1453 4051; x_wconf 85' lang='lat' dir='ltr'>ejus</span> <span class='ocrx_word' id='word_1_645' title='bbox 1486 3977 1808 4043; x_wconf 89' lang='lat' dir='ltr'>audieritis,</span> <span class='ocrx_word' id='word_1_646' title='bbox 1842 3994 1913 4033; x_wconf 90' lang='lat' dir='ltr'>ne</span> <span class='ocrx_word' id='word_1_647' title='bbox 1946 3980 2044 4034; x_wconf 91' lang='lat' dir='ltr'>ob-</span> 
     </span>
    </p>
   </div>
   <div class='ocr_carea' id='block_1_75' title="bbox 392 4068 2046 4133">
    <p class='ocr_par' dir='ltr' id='par_1_75' title="bbox 392 4068 2046 4133">
     <span class='ocr_line' id='line_1_75' title="bbox 392 4068 2046 4133; baseline -0.004 -7"><span class='ocrx_word' id='word_1_648' title='bbox 392 4072 619 4126; x_wconf 90' lang='lat' dir='ltr'>duretis</span> <span class='ocrx_word' id='word_1_649' title='bbox 651 4072 828 4126; x_wconf 90' lang='lat' dir='ltr'>corda</span> <span class='ocrx_word' id='word_1_650' title='bbox 856 4076 1068 4133; x_wconf 90' lang='lat' dir='ltr'>vestra,</span> <span class='ocrx_word' id='word_1_651' title='bbox 1101 4069 1252 4125; x_wconf 90' lang='lat' dir='ltr'>sicut</span> <span class='ocrx_word' id='word_1_652' title='bbox 1282 4069 1339 4122; x_wconf 89' lang='lat' dir='ltr'>in</span> <span class='ocrx_word' id='word_1_653' title='bbox 1364 4068 1803 4123; x_wconf 83' lang='lat' dir='ltr'>exacerbatione</span> <span class='ocrx_word' id='word_1_654' title='bbox 1835 4084 2046 4122; x_wconf 89' lang='lat' dir='ltr'>secun-</span> 
     </span>
    </p>
   </div>
   <div class='ocr_carea' id='block_1_76' title="bbox 395 4157 2046 4227">
    <p class='ocr_par' dir='ltr' id='par_1_76' title="bbox 395 4157 2046 4227">
     <span class='ocr_line' id='line_1_76' title="bbox 395 4157 2046 4227; baseline -0.002 -13"><span class='ocrx_word' id='word_1_655' title='bbox 395 4162 536 4215; x_wconf 90' lang='lat' dir='ltr'>dum</span> <span class='ocrx_word' id='word_1_656' title='bbox 569 4160 725 4214; x_wconf 88' lang='lat' dir='ltr'>diem</span> <span class='ocrx_word' id='word_1_657' title='bbox 759 4158 1100 4214; x_wconf 88' lang='lat' dir='ltr'>tentationis</span> <span class='ocrx_word' id='word_1_658' title='bbox 1149 4158 1207 4211; x_wconf 92' lang='lat' dir='ltr'>in</span> <span class='ocrx_word' id='word_1_659' title='bbox 1239 4159 1489 4227; x_wconf 89' lang='lat' dir='ltr'>deserto,</span> <span class='ocrx_word' id='word_1_660' title='bbox 1541 4157 1637 4211; x_wconf 94' lang='lat' dir='ltr'>ubi</span> <span class='ocrx_word' id='word_1_661' title='bbox 1676 4160 2046 4211; x_wconf 89' lang='lat' dir='ltr'>tentaverunt</span> 
     </span>
    </p>
   </div>
   <div class='ocr_carea' id='block_1_77' title="bbox 395 4244 2045 4318">
    <p class='ocr_par' dir='ltr' id='par_1_77' title="bbox 395 4244 2045 4318">
     <span class='ocr_line' id='line_1_77' title="bbox 395 4244 2045 4318; baseline -0.003 -16"><span class='ocrx_word' id='word_1_662' title='bbox 395 4264 487 4302; x_wconf 92' lang='lat' dir='ltr'>me</span> <span class='ocrx_word' id='word_1_663' title='bbox 545 4251 741 4318; x_wconf 90' lang='lat' dir='ltr'>patres</span> <span class='ocrx_word' id='word_1_664' title='bbox 796 4245 992 4313; x_wconf 89' lang='lat' dir='ltr'>vestri,</span> <span class='ocrx_word' id='word_1_665' title='bbox 1051 4245 1444 4316; x_wconf 89' lang='lat' dir='ltr'>probaverunt</span> <span class='ocrx_word' id='word_1_666' title='bbox 1502 4260 1613 4311; x_wconf 90' lang='lat' dir='ltr'>me,</span> <span class='ocrx_word' id='word_1_667' title='bbox 1674 4249 1729 4299; x_wconf 86' lang='lat' dir='ltr'>et</span> <span class='ocrx_word' id='word_1_668' title='bbox 1772 4244 2045 4299; x_wconf 90' lang='lat' dir='ltr'>viderunt</span> 
     </span>
    </p>
   </div>
   <div class='ocr_carea' id='block_1_78' title="bbox 391 4332 2042 4406">
    <p class='ocr_par' dir='ltr' id='par_1_78' title="bbox 391 4332 2042 4406">
     <span class='ocr_line' id='line_1_78' title="bbox 391 4332 2042 4406; baseline -0.002 -16"><span class='ocrx_word' id='word_1_669' title='bbox 391 4351 569 4406; x_wconf 88' lang='lat' dir='ltr'>Opera</span> <span class='ocrx_word' id='word_1_670' title='bbox 599 4350 730 4389; x_wconf 90' lang='lat' dir='ltr'>mea</span> <span class='ocrx_word' id='word_1_671' title='bbox 763 4334 1150 4404; x_wconf 86' lang='lat' dir='ltr'>quadraginta</span> <span class='ocrx_word' id='word_1_672' title='bbox 1179 4332 1348 4387; x_wconf 89' lang='lat' dir='ltr'>annis</span> <span class='ocrx_word' id='word_1_673' title='bbox 1369 4333 1433 4387; x_wconf 78' lang='grc' dir='ltr'>⁵ο.</span> <span class='ocrx_word' id='word_1_674' title='bbox 1470 4354 1498 4381; x_wconf 94' lang='grc'><strong>››</strong></span> <span class='ocrx_word' id='word_1_675' title='bbox 1532 4332 1660 4387; x_wconf 72' lang='lat' dir='ltr'>Hzec</span> <span class='ocrx_word' id='word_1_676' title='bbox 1691 4338 1884 4387; x_wconf 90' lang='lat' dir='ltr'>autem</span> <span class='ocrx_word' id='word_1_677' title='bbox 1917 4333 2042 4405; x_wconf 92' lang='lat' dir='ltr'>Spi-</span> 
     </span>
    </p>
   </div>
   <div class='ocr_carea' id='block_1_79' title="bbox 392 4421 2041 4494">
    <p class='ocr_par' dir='ltr' id='par_1_79' title="bbox 392 4421 2041 4494">
     <span class='ocr_line' id='line_1_79' title="bbox 392 4421 2041 4494; baseline 0.001 -17"><span class='ocrx_word' id='word_1_678' title='bbox 392 4424 543 4478; x_wconf 92' lang='lat' dir='ltr'>ritus</span> <span class='ocrx_word' id='word_1_679' title='bbox 575 4428 815 4479; x_wconf 90' lang='lat' dir='ltr'>sanctus</span> <span class='ocrx_word' id='word_1_680' title='bbox 847 4424 1103 4494; x_wconf 82' lang='lat' dir='ltr'>proferre</span> <span class='ocrx_word' id='word_1_681' title='bbox 1134 4421 1369 4485; x_wconf 89' lang='lat' dir='ltr'>dicitur,</span> <span class='ocrx_word' id='word_1_682' title='bbox 1402 4438 1657 4492; x_wconf 90' lang='lat' dir='ltr'>namque</span> <span class='ocrx_word' id='word_1_683' title='bbox 1687 4423 1767 4477; x_wconf 95' lang='lat' dir='ltr'>ait</span> <span class='ocrx_word' id='word_1_684' title='bbox 1797 4426 2041 4494; x_wconf 85' lang='lat' dir='ltr'>Aposto-</span> 
     </span>
    </p>
   </div>
   <div class='ocr_carea' id='block_1_80' title="bbox 2148 3266 3794 3341">
    <p class='ocr_par' dir='ltr' id='par_1_80' title="bbox 2148 3266 3794 3341">
     <span class='ocr_line' id='line_1_80' title="bbox 2148 3266 3794 3341; baseline -0.001 -16"><span class='ocrx_word' id='word_1_685' title='bbox 2148 3276 2248 3326; x_wconf 85' lang='lat'>105</span> <span class='ocrx_word' id='word_1_686' title='bbox 2275 3274 2406 3325; x_wconf 86' lang='grc' dir='ltr'>Θεοῦ</span> <span class='ocrx_word' id='word_1_687' title='bbox 2430 3270 2568 3323; x_wconf 76' lang='grc' dir='ltr'>οἰκεῖ</span> <span class='ocrx_word' id='word_1_688' title='bbox 2598 3269 2647 3323; x_wconf 84' lang='grc' dir='ltr'>ἐν</span> <span class='ocrx_word' id='word_1_689' title='bbox 2676 3271 2801 3341; x_wconf 81' lang='grc' dir='ltr'>ὑμῖν</span> <span class='ocrx_word' id='word_1_690' title='bbox 2835 3288 2847 3337; x_wconf 88' lang='lat'><strong>;</strong></span> <span class='ocrx_word' id='word_1_691' title='bbox 2876 3295 2896 3322; x_wconf 73' lang='grc' dir='ltr'>ι</span> <span class='ocrx_word' id='word_1_692' title='bbox 2924 3266 3155 3341; x_wconf 79' lang='grc' dir='ltr'>Ἔδειξεν</span> <span class='ocrx_word' id='word_1_693' title='bbox 3188 3270 3270 3323; x_wconf 79' lang='grc' dir='ltr'>ὅτι</span> <span class='ocrx_word' id='word_1_694' title='bbox 3301 3270 3425 3330; x_wconf 85' lang='grc' dir='ltr'>ναὸς</span> <span class='ocrx_word' id='word_1_695' title='bbox 3456 3268 3588 3323; x_wconf 88' lang='grc' dir='ltr'>Θεοῦ</span> <span class='ocrx_word' id='word_1_696' title='bbox 3616 3267 3794 3339; x_wconf 80' lang='grc' dir='ltr'>ἐσμεν.</span> 
     </span>
    </p>
   </div>
   <div class='ocr_carea' id='block_1_81' title="bbox 2151 3353 3796 3429">
    <p class='ocr_par' dir='ltr' id='par_1_81' title="bbox 2151 3353 3796 3429">
     <span class='ocr_line' id='line_1_81' title="bbox 2151 3353 3796 3429; baseline -0.002 -15"><span class='ocrx_word' id='word_1_697' title='bbox 2151 3362 2289 3414; x_wconf 79' lang='grc' dir='ltr'>ἅπου</span> <span class='ocrx_word' id='word_1_698' title='bbox 2326 3357 2381 3413; x_wconf 73' lang='grc' dir='ltr'>δὲ</span> <span class='ocrx_word' id='word_1_699' title='bbox 2411 3359 2555 3426; x_wconf 86' lang='grc' dir='ltr'>ναὸς,</span> <span class='ocrx_word' id='word_1_700' title='bbox 2583 3357 2692 3413; x_wconf 74' lang='grc' dir='ltr'>ἐκεῖ</span> <span class='ocrx_word' id='word_1_701' title='bbox 2721 3358 2938 3419; x_wconf 80' lang='grc' dir='ltr'>Θεὸς’τὸ</span> <span class='ocrx_word' id='word_1_702' title='bbox 2956 3356 3012 3412; x_wconf 76' lang='grc' dir='ltr'>δὲ</span> <span class='ocrx_word' id='word_1_703' title='bbox 3046 3363 3259 3429; x_wconf 85' lang='grc' dir='ltr'>Πνεῦμα</span> <span class='ocrx_word' id='word_1_704' title='bbox 3290 3358 3447 3414; x_wconf 78' lang='grc' dir='ltr'>οἰκεῖ.</span> <span class='ocrx_word' id='word_1_705' title='bbox 3483 3358 3557 3418; x_wconf 85' lang='grc' dir='ltr'>ὡς</span> <span class='ocrx_word' id='word_1_706' title='bbox 3591 3357 3639 3411; x_wconf 82' lang='grc' dir='ltr'>ἐν</span> <span class='ocrx_word' id='word_1_707' title='bbox 3678 3353 3796 3428; x_wconf 82' lang='grc' dir='ltr'>ἰδίῳ</span> 
     </span>
    </p>
   </div>
   <div class='ocr_carea' id='block_1_82' title="bbox 2149 3444 3799 3523">
    <p class='ocr_par' dir='ltr' id='par_1_82' title="bbox 2149 3444 3799 3523">
     <span class='ocr_line' id='line_1_82' title="bbox 2149 3444 3799 3523; baseline -0.002 -22"><span class='ocrx_word' id='word_1_708' title='bbox 2149 3452 2280 3518; x_wconf 82' lang='grc' dir='ltr'>ναῷ”</span> <span class='ocrx_word' id='word_1_709' title='bbox 2315 3448 2457 3517; x_wconf 83' lang='grc' dir='ltr'>Φησὶ</span> <span class='ocrx_word' id='word_1_710' title='bbox 2488 3446 2606 3523; x_wconf 77' lang='grc' dir='ltr'>γάρ’</span> <span class='ocrx_word' id='word_1_711' title='bbox 2634 3473 2660 3495; x_wconf 80' lang='grc' dir='ltr'>α</span> <span class='ocrx_word' id='word_1_712' title='bbox 2690 3446 2803 3503; x_wconf 67' lang='grc' dir='ltr'>Οὐκ</span> <span class='ocrx_word' id='word_1_713' title='bbox 2825 3444 3114 3516; x_wconf 68' lang='grc' dir='ltr'>οἷ’δατε,ὅτι</span> <span class='ocrx_word' id='word_1_714' title='bbox 3144 3446 3211 3499; x_wconf 76' lang='grc' dir='ltr'>τά</span> <span class='ocrx_word' id='word_1_715' title='bbox 3234 3446 3459 3517; x_wconf 84' lang='grc' dir='ltr'>σώματα</span> <span class='ocrx_word' id='word_1_716' title='bbox 3492 3446 3641 3516; x_wconf 80' lang='grc' dir='ltr'>ὑμῶν</span> <span class='ocrx_word' id='word_1_717' title='bbox 3672 3445 3799 3505; x_wconf 92' lang='grc' dir='ltr'>ναὸς</span> 
     </span>
    </p>
   </div>
   <div class='ocr_carea' id='block_1_83' title="bbox 2150 3531 3800 3611">
    <p class='ocr_par' dir='ltr' id='par_1_83' title="bbox 2150 3531 3800 3611">
     <span class='ocr_line' id='line_1_83' title="bbox 2150 3531 3800 3611; baseline -0.002 -21"><span class='ocrx_word' id='word_1_718' title='bbox 2150 3541 2245 3591; x_wconf 81' lang='grc' dir='ltr'>τοῦ</span> <span class='ocrx_word' id='word_1_719' title='bbox 2279 3536 2329 3591; x_wconf 84' lang='grc' dir='ltr'>ἐν</span> <span class='ocrx_word' id='word_1_720' title='bbox 2364 3536 2490 3608; x_wconf 76' lang='grc' dir='ltr'>ὑμῖν</span> <span class='ocrx_word' id='word_1_721' title='bbox 2525 3543 2681 3611; x_wconf 81' lang='grc' dir='ltr'>αγιου</span> <span class='ocrx_word' id='word_1_722' title='bbox 2713 3531 3021 3607; x_wconf 79' lang='grc' dir='ltr'>Πνεῦματός</span> <span class='ocrx_word' id='word_1_723' title='bbox 3054 3534 3213 3602; x_wconf 80' lang='grc' dir='ltr'>ἐστιν,</span> <span class='ocrx_word' id='word_1_724' title='bbox 3257 3533 3317 3589; x_wconf 83' lang='grc' dir='ltr'>οῦ</span> <span class='ocrx_word' id='word_1_725' title='bbox 3349 3533 3500 3609; x_wconf 78' lang='grc' dir='ltr'>ἔχετε</span> <span class='ocrx_word' id='word_1_726' title='bbox 3530 3534 3635 3588; x_wconf 85' lang='grc' dir='ltr'>ἀπὸ</span> <span class='ocrx_word' id='word_1_727' title='bbox 3667 3537 3800 3588; x_wconf 85' lang='grc' dir='ltr'>Θεοῦ</span> 
     </span>
    </p>
   </div>
   <div class='ocr_carea' id='block_1_84' title="bbox 2152 3623 3800 3696">
    <p class='ocr_par' dir='ltr' id='par_1_84' title="bbox 2152 3623 3800 3696">
     <span class='ocr_line' id='line_1_84' title="bbox 2152 3623 3800 3696; baseline -0.004 -15"><span class='ocrx_word' id='word_1_728' title='bbox 2152 3629 2261 3695; x_wconf 81' lang='grc'>(27)</span> <span class='ocrx_word' id='word_1_729' title='bbox 2292 3645 2304 3694; x_wconf 87' lang='grc'>;</span> <span class='ocrx_word' id='word_1_730' title='bbox 2340 3624 2600 3694; x_wconf 76' lang='grc' dir='ltr'>Δοξάσατε</span> <span class='ocrx_word' id='word_1_731' title='bbox 2624 3625 2713 3678; x_wconf 78' lang='grc' dir='ltr'>οῦν</span> <span class='ocrx_word' id='word_1_732' title='bbox 2745 3626 2834 3679; x_wconf 91' lang='grc' dir='ltr'>τὸν</span> <span class='ocrx_word' id='word_1_733' title='bbox 2866 3624 2992 3678; x_wconf 88' lang='grc' dir='ltr'>Θεὸν</span> <span class='ocrx_word' id='word_1_734' title='bbox 3028 3623 3335 3678; x_wconf 79' lang='grc' dir='ltr'>ἐνοικοῦντα</span> <span class='ocrx_word' id='word_1_735' title='bbox 3384 3624 3435 3678; x_wconf 78' lang='grc' dir='ltr'>ἐν</span> <span class='ocrx_word' id='word_1_736' title='bbox 3463 3623 3609 3696; x_wconf 80' lang='grc' dir='ltr'>ὑμῖν.</span> <span class='ocrx_word' id='word_1_737' title='bbox 3668 3647 3694 3673; x_wconf 89' lang='grc'>››</span> <span class='ocrx_word' id='word_1_738' title='bbox 3740 3628 3800 3678; x_wconf 78' lang='lat' dir='ltr'>Et</span> 
     </span>
    </p>
   </div>
   <div class='ocr_carea' id='block_1_85' title="bbox 2152 3711 3803 3785">
    <p class='ocr_par' dir='ltr' id='par_1_85' title="bbox 2152 3711 3803 3785">
     <span class='ocr_line' id='line_1_85' title="bbox 2152 3711 3803 3785; baseline -0.002 -16"><span class='ocrx_word' id='word_1_739' title='bbox 2152 3712 2209 3769; x_wconf 69' lang='grc' dir='ltr'>δὲ</span> <span class='ocrx_word' id='word_1_740' title='bbox 2232 3713 2292 3768; x_wconf 82' lang='grc' dir='ltr'>οῦ</span> <span class='ocrx_word' id='word_1_741' title='bbox 2317 3712 2553 3785; x_wconf 76' lang='grc' dir='ltr'>δοξάζεις</span> <span class='ocrx_word' id='word_1_742' title='bbox 2587 3714 2674 3767; x_wconf 92' lang='grc' dir='ltr'>τὸν</span> <span class='ocrx_word' id='word_1_743' title='bbox 2702 3712 3006 3767; x_wconf 76' lang='grc' dir='ltr'>ἐνοικοῦντα</span> <span class='ocrx_word' id='word_1_744' title='bbox 3032 3712 3081 3766; x_wconf 81' lang='grc' dir='ltr'>ἐν</span> <span class='ocrx_word' id='word_1_745' title='bbox 3114 3711 3199 3766; x_wconf 74' lang='grc' dir='ltr'>σοί</span> <span class='ocrx_word' id='word_1_746' title='bbox 3228 3713 3300 3773; x_wconf 85' lang='grc' dir='ltr'>ὡς</span> <span class='ocrx_word' id='word_1_747' title='bbox 3322 3711 3662 3785; x_wconf 78' lang='grc' dir='ltr'>Θεὸν,ὲγὲνου</span> <span class='ocrx_word' id='word_1_748' title='bbox 3680 3713 3803 3772; x_wconf 88' lang='grc' dir='ltr'>ναὸς</span> 
     </span>
    </p>
   </div>
   <div class='ocr_carea' id='block_1_86' title="bbox 2152 3799 3803 3877">
    <p class='ocr_par' dir='ltr' id='par_1_86' title="bbox 2152 3799 3803 3877">
     <span class='ocr_line' id='line_1_86' title="bbox 2152 3799 3803 3877; baseline -0.002 -19"><span class='ocrx_word' id='word_1_749' title='bbox 2152 3801 2420 3859; x_wconf 74' lang='grc' dir='ltr'>εἰδώλων.</span> <span class='ocrx_word' id='word_1_750' title='bbox 2456 3804 2611 3877; x_wconf 70' lang='grc' dir='ltr'>Λέγει</span> <span class='ocrx_word' id='word_1_751' title='bbox 2640 3802 2763 3877; x_wconf 57' lang='grc' dir='ltr'>πάρ’</span> <span class='ocrx_word' id='word_1_752' title='bbox 2800 3828 2825 3853; x_wconf 91' lang='grc'>‹‹</span> <span class='ocrx_word' id='word_1_753' title='bbox 2862 3801 2970 3856; x_wconf 83' lang='grc' dir='ltr'>Οὐκ</span> <span class='ocrx_word' id='word_1_754' title='bbox 3002 3799 3201 3869; x_wconf 75' lang='grc' dir='ltr'>οἷ’δατε,</span> <span class='ocrx_word' id='word_1_755' title='bbox 3237 3801 3319 3855; x_wconf 78' lang='grc' dir='ltr'>ὅτι</span> <span class='ocrx_word' id='word_1_756' title='bbox 3348 3801 3473 3861; x_wconf 84' lang='grc' dir='ltr'>ναὸς</span> <span class='ocrx_word' id='word_1_757' title='bbox 3507 3806 3642 3855; x_wconf 90' lang='grc' dir='ltr'>Θεοῦ</span> <span class='ocrx_word' id='word_1_758' title='bbox 3666 3799 3803 3873; x_wconf 85' lang='grc' dir='ltr'>ἐστε,</span> 
     </span>
    </p>
   </div>
   <div class='ocr_carea' id='block_1_87' title="bbox 2150 3885 3803 3963">
    <p class='ocr_par' dir='ltr' id='par_1_87' title="bbox 2150 3885 3803 3963">
     <span class='ocr_line' id='line_1_87' title="bbox 2150 3885 3803 3963; baseline -0.001 -19"><span class='ocrx_word' id='word_1_759' title='bbox 2150 3890 2237 3944; x_wconf 78' lang='grc' dir='ltr'>καὶ</span> <span class='ocrx_word' id='word_1_760' title='bbox 2268 3890 2331 3943; x_wconf 87' lang='grc' dir='ltr'>τὸ</span> <span class='ocrx_word' id='word_1_761' title='bbox 2365 3894 2584 3961; x_wconf 84' lang='grc' dir='ltr'>ΙΙνεῦμα</span> <span class='ocrx_word' id='word_1_762' title='bbox 2616 3894 2708 3942; x_wconf 80' lang='grc' dir='ltr'>τοῦ</span> <span class='ocrx_word' id='word_1_763' title='bbox 2736 3892 2868 3943; x_wconf 90' lang='grc' dir='ltr'>Θεοῦ</span> <span class='ocrx_word' id='word_1_764' title='bbox 2903 3888 3044 3943; x_wconf 78' lang='grc' dir='ltr'>οἰκεῖ</span> <span class='ocrx_word' id='word_1_765' title='bbox 3076 3888 3126 3943; x_wconf 79' lang='grc' dir='ltr'>ἐν</span> <span class='ocrx_word' id='word_1_766' title='bbox 3165 3890 3324 3961; x_wconf 82' lang='grc' dir='ltr'>ὑμῖν;</span> <span class='ocrx_word' id='word_1_767' title='bbox 3362 3912 3388 3937; x_wconf 91' lang='grc'><strong>››</strong></span> <span class='ocrx_word' id='word_1_768' title='bbox 3423 3886 3519 3941; x_wconf 73' lang='grc' dir='ltr'>Καί</span> <span class='ocrx_word' id='word_1_769' title='bbox 3550 3885 3803 3963; x_wconf 85' lang='grc' dir='ltr'>ἀλλαχοῦ</span> 
     </span>
    </p>
   </div>
   <div class='ocr_carea' id='block_1_88' title="bbox 2154 3975 3799 4055">
    <p class='ocr_par' dir='ltr' id='par_1_88' title="bbox 2154 3975 3799 4055">
     <span class='ocr_line' id='line_1_88' title="bbox 2154 3975 3799 4055; baseline -0.002 -22"><span class='ocrx_word' id='word_1_770' title='bbox 2154 3978 2320 4053; x_wconf 71' lang='grc' dir='ltr'>λέγει·</span> <span class='ocrx_word' id='word_1_771' title='bbox 2378 4002 2405 4029; x_wconf 86' lang='grc'><strong>‹‹</strong></span> <span class='ocrx_word' id='word_1_772' title='bbox 2439 3979 2691 4052; x_wconf 80' lang='grc' dir='ltr'>Σήμερον</span> <span class='ocrx_word' id='word_1_773' title='bbox 2734 3977 2819 4031; x_wconf 73' lang='grc' dir='ltr'>ἐὰν</span> <span class='ocrx_word' id='word_1_774' title='bbox 2850 3985 2948 4047; x_wconf 76' lang='grc' dir='ltr'>τῆς</span> <span class='ocrx_word' id='word_1_775' title='bbox 2976 3980 3157 4055; x_wconf 71' lang='grc' dir='ltr'>φωνῆς</span> <span class='ocrx_word' id='word_1_776' title='bbox 3188 3976 3349 4031; x_wconf 68' lang='grc' dir='ltr'>αὐτοῦ</span> <span class='ocrx_word' id='word_1_777' title='bbox 3380 3975 3667 4046; x_wconf 71' lang='grc' dir='ltr'>ἀκούσητε,</span> <span class='ocrx_word' id='word_1_778' title='bbox 3724 3976 3799 4050; x_wconf 77' lang='grc' dir='ltr'>μὴ</span> 
     </span>
    </p>
   </div>
   <div class='ocr_carea' id='block_1_89' title="bbox 2152 4065 3802 4143">
    <p class='ocr_par' dir='ltr' id='par_1_89' title="bbox 2152 4065 3802 4143">
     <span class='ocr_line' id='line_1_89' title="bbox 2152 4065 3802 4143; baseline -0.001 -23"><span class='ocrx_word' id='word_1_779' title='bbox 2152 4066 2497 4141; x_wconf 73' lang='grc' dir='ltr'>σκληρύνητε</span> <span class='ocrx_word' id='word_1_780' title='bbox 2552 4068 2647 4129; x_wconf 76' lang='grc' dir='ltr'>τὰς</span> <span class='ocrx_word' id='word_1_781' title='bbox 2696 4065 2918 4143; x_wconf 81' lang='grc' dir='ltr'>καρδίας</span> <span class='ocrx_word' id='word_1_782' title='bbox 2973 4068 3145 4140; x_wconf 79' lang='grc' dir='ltr'>ὑμῶν,</span> <span class='ocrx_word' id='word_1_783' title='bbox 3211 4066 3284 4127; x_wconf 86' lang='grc' dir='ltr'>ὡς</span> <span class='ocrx_word' id='word_1_784' title='bbox 3334 4066 3385 4119; x_wconf 82' lang='grc' dir='ltr'>ἐν</span> <span class='ocrx_word' id='word_1_785' title='bbox 3428 4066 3506 4137; x_wconf 80' lang='grc' dir='ltr'>τῷ</span> <span class='ocrx_word' id='word_1_786' title='bbox 3564 4087 3802 4142; x_wconf 85' lang='grc' dir='ltr'>παραπι-</span> 
     </span>
    </p>
   </div>
   <div class='ocr_carea' id='block_1_90' title="bbox 2153 4155 3802 4232">
    <p class='ocr_par' dir='ltr' id='par_1_90' title="bbox 2153 4155 3802 4232">
     <span class='ocr_line' id='line_1_90' title="bbox 2153 4155 3802 4232; baseline -0.001 -22"><span class='ocrx_word' id='word_1_787' title='bbox 2153 4160 2400 4232; x_wconf 81' lang='grc' dir='ltr'>κρασμῷ,</span> <span class='ocrx_word' id='word_1_788' title='bbox 2459 4156 2594 4210; x_wconf 77' lang='grc' dir='ltr'>κατὰ</span> <span class='ocrx_word' id='word_1_789' title='bbox 2647 4158 2745 4224; x_wconf 80' lang='grc' dir='ltr'>τήν</span> <span class='ocrx_word' id='word_1_790' title='bbox 2812 4158 3020 4230; x_wconf 75' lang='grc' dir='ltr'>ἡμέραν</span> <span class='ocrx_word' id='word_1_791' title='bbox 3087 4160 3183 4209; x_wconf 89' lang='grc' dir='ltr'>τοῦ</span> <span class='ocrx_word' id='word_1_792' title='bbox 3241 4160 3544 4230; x_wconf 83' lang='grc' dir='ltr'>πειρασμοῦ</span> <span class='ocrx_word' id='word_1_793' title='bbox 3613 4155 3665 4209; x_wconf 75' lang='grc' dir='ltr'>ἐν</span> <span class='ocrx_word' id='word_1_794' title='bbox 3733 4159 3802 4228; x_wconf 79' lang='grc' dir='ltr'>τῇ</span> 
     </span>
    </p>
   </div>
   <div class='ocr_carea' id='block_1_91' title="bbox 2154 4241 3793 4320">
    <p class='ocr_par' dir='ltr' id='par_1_91' title="bbox 2154 4241 3793 4320">
     <span class='ocr_line' id='line_1_91' title="bbox 2154 4241 3793 4320; baseline 0 -22"><span class='ocrx_word' id='word_1_795' title='bbox 2154 4243 2364 4320; x_wconf 73' lang='grc' dir='ltr'>ἐρήμῳ,</span> <span class='ocrx_word' id='word_1_796' title='bbox 2420 4245 2482 4299; x_wconf 85' lang='grc' dir='ltr'>οῦ</span> <span class='ocrx_word' id='word_1_797' title='bbox 2540 4244 2819 4320; x_wconf 80' lang='grc' dir='ltr'>ἐπείρασάν</span> <span class='ocrx_word' id='word_1_798' title='bbox 2867 4266 2931 4317; x_wconf 89' lang='grc' dir='ltr'>με</span> <span class='ocrx_word' id='word_1_799' title='bbox 2963 4245 3015 4299; x_wconf 82' lang='lat' dir='ltr'>0i</span> <span class='ocrx_word' id='word_1_800' title='bbox 3047 4244 3270 4319; x_wconf 77' lang='grc' dir='ltr'>πατέρες</span> <span class='ocrx_word' id='word_1_801' title='bbox 3304 4244 3476 4317; x_wconf 77' lang='grc' dir='ltr'>ὑμῶν·</span> <span class='ocrx_word' id='word_1_802' title='bbox 3535 4241 3793 4317; x_wconf 85' lang='grc' dir='ltr'>ἐδοκίμα-</span> 
     </span>
    </p>
   </div>
   <div class='ocr_carea' id='block_1_92' title="bbox 2154 4331 3801 4409">
    <p class='ocr_par' dir='ltr' id='par_1_92' title="bbox 2154 4331 3801 4409">
     <span class='ocr_line' id='line_1_92' title="bbox 2154 4331 3801 4409; baseline 0 -22"><span class='ocrx_word' id='word_1_803' title='bbox 2154 4332 2246 4388; x_wconf 83' lang='grc' dir='ltr'>σάν</span> <span class='ocrx_word' id='word_1_804' title='bbox 2309 4355 2393 4407; x_wconf 84' lang='grc' dir='ltr'>με,</span> <span class='ocrx_word' id='word_1_805' title='bbox 2454 4335 2543 4389; x_wconf 87' lang='grc' dir='ltr'>καὶ</span> <span class='ocrx_word' id='word_1_806' title='bbox 2590 4332 2729 4388; x_wconf 74' lang='grc' dir='ltr'>εἶδον</span> <span class='ocrx_word' id='word_1_807' title='bbox 2958 4334 3025 4387; x_wconf 74' lang='grc' dir='ltr'>τὰ</span> <span class='ocrx_word' id='word_1_808' title='bbox 3079 4331 3211 4409; x_wconf 79' lang='grc' dir='ltr'>ἔργα</span> <span class='ocrx_word' id='word_1_809' title='bbox 3272 4354 3374 4405; x_wconf 87' lang='grc' dir='ltr'>μου</span> <span class='ocrx_word' id='word_1_810' title='bbox 3406 4334 3801 4409; x_wconf 85' lang='grc' dir='ltr'>τεσσαράκοντα</span> 
     </span>
    </p>
   </div>
   <div class='ocr_carea' id='block_1_93' title="bbox 2154 4418 3798 4497">
    <p class='ocr_par' dir='ltr' id='par_1_93' title="bbox 2154 4418 3798 4497">
     <span class='ocr_line' id='line_1_93' title="bbox 2154 4418 3798 4497; baseline -0.002 -20"><span class='ocrx_word' id='word_1_811' title='bbox 2154 4418 2267 4493; x_wconf 77' lang='grc' dir='ltr'>ἔτη.</span> <span class='ocrx_word' id='word_1_812' title='bbox 2303 4448 2331 4475; x_wconf 79' lang='grc'><strong>››</strong></span> <span class='ocrx_word' id='word_1_813' title='bbox 2360 4424 2436 4480; x_wconf 89' lang='grc' dir='ltr'>Τὸ</span> <span class='ocrx_word' id='word_1_814' title='bbox 2470 4421 2526 4477; x_wconf 71' lang='grc' dir='ltr'>δὲ</span> <span class='ocrx_word' id='word_1_815' title='bbox 2561 4428 2776 4495; x_wconf 82' lang='grc' dir='ltr'>Πνεῦμα</span> <span class='ocrx_word' id='word_1_816' title='bbox 2832 4424 2894 4477; x_wconf 86' lang='grc' dir='ltr'>τὸ</span> <span class='ocrx_word' id='word_1_817' title='bbox 2945 4420 3095 4497; x_wconf 73' lang='grc' dir='ltr'>ἅγιον</span> <span class='ocrx_word' id='word_1_818' title='bbox 3144 4420 3358 4495; x_wconf 69' lang='grc' dir='ltr'>λέγεται</span> <span class='ocrx_word' id='word_1_819' title='bbox 3398 4422 3564 4477; x_wconf 74' lang='grc' dir='ltr'>εἰπεῖν</span> <span class='ocrx_word' id='word_1_820' title='bbox 3596 4427 3761 4477; x_wconf 85' lang='grc' dir='ltr'>ταῦτα</span> <span class='ocrx_word' id='word_1_821' title='bbox 3786 4442 3798 4454; x_wconf 81' lang='grc'><em>’</em></span> 
     </span>
    </p>
   </div>
   <div class='ocr_carea' id='block_1_94' title="bbox 391 4509 2039 4601">
    <p class='ocr_par' dir='ltr' id='par_1_94' title="bbox 391 4509 2039 4583">
     <span class='ocr_line' id='line_1_94' title="bbox 391 4509 2039 4583; baseline 0.001 -17"><span class='ocrx_word' id='word_1_822' title='bbox 391 4511 487 4567; x_wconf 91' lang='lat' dir='ltr'>lus</span> <span class='ocrx_word' id='word_1_823' title='bbox 514 4529 525 4567; x_wconf 91' lang='lat'><strong>:</strong></span> <span class='ocrx_word' id='word_1_824' title='bbox 561 4534 588 4561; x_wconf 89' lang='grc'>‹‹</span> <span class='ocrx_word' id='word_1_825' title='bbox 622 4512 987 4583; x_wconf 87' lang='lat' dir='ltr'>Quapropter</span> <span class='ocrx_word' id='word_1_826' title='bbox 1008 4511 1161 4566; x_wconf 90' lang='lat' dir='ltr'>sicut</span> <span class='ocrx_word' id='word_1_827' title='bbox 1182 4509 1323 4565; x_wconf 90' lang='lat' dir='ltr'>dicit</span> <span class='ocrx_word' id='word_1_828' title='bbox 1352 4509 1604 4580; x_wconf 91' lang='lat' dir='ltr'>Spiritus</span> <span class='ocrx_word' id='word_1_829' title='bbox 1636 4518 1897 4578; x_wconf 85' lang='lat' dir='ltr'>sanctus,</span> <span class='ocrx_word' id='word_1_830' title='bbox 1934 4513 2039 4567; x_wconf 84' lang='lat' dir='ltr'>Ho-</span> 
     </span>
    </p>
   </div>
   <div class='ocr_carea' id='block_1_95' title="bbox 2151 4509 3810 4601">
    <p class='ocr_par' dir='ltr' id='par_1_95' title="bbox 2154 4510 3810 4589">
     <span class='ocr_line' id='line_1_95' title="bbox 2154 4510 3810 4589; baseline -0.002 -23"><span class='ocrx_word' id='word_1_831' title='bbox 2154 4512 2283 4589; x_wconf 74' lang='grc' dir='ltr'>φησὶ</span> <span class='ocrx_word' id='word_1_832' title='bbox 2312 4514 2413 4588; x_wconf 76' lang='grc' dir='ltr'>γὰρ</span> <span class='ocrx_word' id='word_1_833' title='bbox 2447 4513 2475 4566; x_wconf 88' lang='lat'>6</span> <span class='ocrx_word' id='word_1_834' title='bbox 2506 4511 2865 4573; x_wconf 87' lang='grc' dir='ltr'>Ἀπόστολος·</span> <span class='ocrx_word' id='word_1_835' title='bbox 2904 4534 2931 4562; x_wconf 89' lang='grc'>‹‹</span> <span class='ocrx_word' id='word_1_836' title='bbox 2980 4511 3075 4565; x_wconf 89' lang='grc' dir='ltr'>Διὸ</span> <span class='ocrx_word' id='word_1_837' title='bbox 3105 4512 3282 4572; x_wconf 80' lang='grc' dir='ltr'>καθὼς</span> <span class='ocrx_word' id='word_1_838' title='bbox 3316 4510 3463 4585; x_wconf 75' lang='grc' dir='ltr'>λέγει</span> <span class='ocrx_word' id='word_1_839' title='bbox 3493 4512 3556 4566; x_wconf 90' lang='grc' dir='ltr'>τὸ</span> <span class='ocrx_word' id='word_1_840' title='bbox 3590 4515 3810 4582; x_wconf 88' lang='grc' dir='ltr'>Πνεῦμα</span> 
     </span>
    </p>
   </div>
   <div class='ocr_carea' id='block_1_96' title="bbox 389 4598 2043 4669">
    <p class='ocr_par' dir='ltr' id='par_1_96' title="bbox 389 4598 2043 4669">
     <span class='ocr_line' id='line_1_96' title="bbox 389 4598 2043 4669; baseline -0.002 -14"><span class='ocrx_word' id='word_1_841' title='bbox 389 4600 504 4668; x_wconf 89' lang='lat' dir='ltr'>die,</span> <span class='ocrx_word' id='word_1_842' title='bbox 540 4600 587 4655; x_wconf 92' lang='lat' dir='ltr'>si</span> <span class='ocrx_word' id='word_1_843' title='bbox 622 4616 820 4654; x_wconf 89' lang='lat' dir='ltr'>vocem</span> <span class='ocrx_word' id='word_1_844' title='bbox 851 4601 980 4669; x_wconf 84' lang='lat' dir='ltr'>ejus</span> <span class='ocrx_word' id='word_1_845' title='bbox 1029 4598 1330 4653; x_wconf 88' lang='lat' dir='ltr'>audieritis</span> <span class='ocrx_word' id='word_1_846' title='bbox 1360 4598 1428 4666; x_wconf 68' lang='lat'>5‘,</span> <span class='ocrx_word' id='word_1_847' title='bbox 1462 4618 1488 4647; x_wconf 84' lang='grc'>››</span> <span class='ocrx_word' id='word_1_848' title='bbox 1523 4603 1631 4652; x_wconf 91' lang='lat' dir='ltr'>etc.</span> <span class='ocrx_word' id='word_1_849' title='bbox 1685 4600 1832 4669; x_wconf 85' lang='lat' dir='ltr'>Ergo</span> <span class='ocrx_word' id='word_1_850' title='bbox 1863 4600 2043 4666; x_wconf 89' lang='lat' dir='ltr'>Spiri-</span> 
     </span>
    </p>
   </div>
   <div class='ocr_carea' id='block_1_97' title="bbox 388 4685 2047 4757">
    <p class='ocr_par' dir='ltr' id='par_1_97' title="bbox 388 4685 2047 4757">
     <span class='ocr_line' id='line_1_97' title="bbox 388 4685 2047 4757; baseline -0.001 -15"><span class='ocrx_word' id='word_1_851' title='bbox 388 4693 515 4742; x_wconf 91' lang='lat' dir='ltr'>tum</span> <span class='ocrx_word' id='word_1_852' title='bbox 540 4692 810 4743; x_wconf 85' lang='lat' dir='ltr'>sanctum</span> <span class='ocrx_word' id='word_1_853' title='bbox 835 4688 1077 4742; x_wconf 90' lang='lat' dir='ltr'>tentavit</span> <span class='ocrx_word' id='word_1_854' title='bbox 1121 4685 1283 4753; x_wconf 85' lang='lat' dir='ltr'>lsrel,</span> <span class='ocrx_word' id='word_1_855' title='bbox 1320 4690 1377 4741; x_wconf 89' lang='lat' dir='ltr'>et</span> <span class='ocrx_word' id='word_1_856' title='bbox 1403 4687 1665 4757; x_wconf 88' lang='lat' dir='ltr'>probavit</span> <span class='ocrx_word' id='word_1_857' title='bbox 1710 4687 1766 4740; x_wconf 90' lang='lat' dir='ltr'>in</span> <span class='ocrx_word' id='word_1_858' title='bbox 1792 4688 2047 4757; x_wconf 89' lang='lat' dir='ltr'>deserto,</span> 
     </span>
    </p>
   </div>
   <div class='ocr_carea' id='block_1_98' title="bbox 389 4775 2048 4849">
    <p class='ocr_par' dir='ltr' id='par_1_98' title="bbox 389 4775 2048 4849">
     <span class='ocr_line' id='line_1_98' title="bbox 389 4775 2048 4849; baseline -0.001 -16"><span class='ocrx_word' id='word_1_859' title='bbox 389 4782 447 4833; x_wconf 89' lang='lat' dir='ltr'>et</span> <span class='ocrx_word' id='word_1_860' title='bbox 480 4777 752 4832; x_wconf 91' lang='lat' dir='ltr'>viderunt</span> <span class='ocrx_word' id='word_1_861' title='bbox 772 4794 947 4849; x_wconf 88' lang='lat' dir='ltr'>opera</span> <span class='ocrx_word' id='word_1_862' title='bbox 972 4778 1123 4847; x_wconf 89' lang='lat' dir='ltr'>ejus,</span> <span class='ocrx_word' id='word_1_863' title='bbox 1152 4792 1359 4847; x_wconf 88' lang='lat' dir='ltr'>nempe</span> <span class='ocrx_word' id='word_1_864' title='bbox 1386 4775 1687 4831; x_wconf 89' lang='lat' dir='ltr'>miracula.</span> <span class='ocrx_word' id='word_1_865' title='bbox 1725 4776 1785 4831; x_wconf 91' lang='lat' dir='ltr'>In</span> <span class='ocrx_word' id='word_1_866' title='bbox 1818 4776 2048 4849; x_wconf 90' lang='lat' dir='ltr'>alioque</span> 
     </span>
    </p>
   </div>
   <div class='ocr_carea' id='block_1_99' title="bbox 387 4864 2047 4938">
    <p class='ocr_par' dir='ltr' id='par_1_99' title="bbox 387 4864 2047 4938">
     <span class='ocr_line' id='line_1_99' title="bbox 387 4864 2047 4938; baseline -0.001 -16"><span class='ocrx_word' id='word_1_867' title='bbox 387 4864 635 4938; x_wconf 88' lang='lat' dir='ltr'>psalmo,</span> <span class='ocrx_word' id='word_1_868' title='bbox 670 4866 755 4921; x_wconf 86' lang='lat' dir='ltr'>ait</span> <span class='ocrx_word' id='word_1_869' title='bbox 804 4864 943 4923; x_wconf 85' lang='lat' dir='ltr'>ille:</span> <span class='ocrx_word' id='word_1_870' title='bbox 998 4887 1024 4915; x_wconf 86' lang='grc'><strong>‹‹</strong></span> <span class='ocrx_word' id='word_1_871' title='bbox 1061 4866 1126 4920; x_wconf 82' lang='grc' dir='ltr'>Ει</span> <span class='ocrx_word' id='word_1_872' title='bbox 1174 4870 1545 4920; x_wconf 88' lang='lat' dir='ltr'>tentaverunt</span> <span class='ocrx_word' id='word_1_873' title='bbox 1592 4870 1770 4919; x_wconf 90' lang='lat' dir='ltr'>Deum</span> <span class='ocrx_word' id='word_1_874' title='bbox 1825 4866 1882 4921; x_wconf 92' lang='lat' dir='ltr'>in</span> <span class='ocrx_word' id='word_1_875' title='bbox 1916 4867 2047 4921; x_wconf 88' lang='lat' dir='ltr'>ina-</span> 
     </span>
    </p>
   </div>
   <div class='ocr_carea' id='block_1_100' title="bbox 2154 4598 3805 4678">
    <p class='ocr_par' dir='ltr' id='par_1_100' title="bbox 2154 4598 3805 4678">
     <span class='ocr_line' id='line_1_100' title="bbox 2154 4598 3805 4678; baseline -0.001 -24"><span class='ocrx_word' id='word_1_876' title='bbox 2154 4601 2215 4654; x_wconf 88' lang='grc' dir='ltr'>τὸ</span> <span class='ocrx_word' id='word_1_877' title='bbox 2248 4600 2418 4674; x_wconf 80' lang='grc' dir='ltr'>ἅγιον·</span> <span class='ocrx_word' id='word_1_878' title='bbox 2474 4602 2724 4672; x_wconf 81' lang='grc' dir='ltr'>Σήμερον</span> <span class='ocrx_word' id='word_1_879' title='bbox 2778 4599 2864 4654; x_wconf 74' lang='grc' dir='ltr'>ἐὰν</span> <span class='ocrx_word' id='word_1_880' title='bbox 2917 4606 3016 4669; x_wconf 76' lang='grc' dir='ltr'>τῆς</span> <span class='ocrx_word' id='word_1_881' title='bbox 3051 4608 3237 4678; x_wconf 70' lang='grc' dir='ltr'>φωνῆς</span> <span class='ocrx_word' id='word_1_882' title='bbox 3269 4599 3433 4654; x_wconf 80' lang='grc' dir='ltr'>αὐτοῦ</span> <span class='ocrx_word' id='word_1_883' title='bbox 3462 4598 3743 4670; x_wconf 76' lang='grc' dir='ltr'>ἀκούσητε,</span> <span class='ocrx_word' id='word_1_884' title='bbox 3779 4622 3805 4648; x_wconf 76' lang='grc' dir='ltr'><strong>η</strong></span> 
     </span>
    </p>
   </div>
   <div class='ocr_carea' id='block_1_101' title="bbox 2157 4687 3807 4762">
    <p class='ocr_par' dir='ltr' id='par_1_101' title="bbox 2157 4687 3807 4762">
     <span class='ocr_line' id='line_1_101' title="bbox 2157 4687 3807 4762; baseline -0.002 -20"><span class='ocrx_word' id='word_1_885' title='bbox 2157 4687 2245 4742; x_wconf 82' lang='grc' dir='ltr'>καὶ</span> <span class='ocrx_word' id='word_1_886' title='bbox 2275 4689 2341 4741; x_wconf 83' lang='grc' dir='ltr'>τὰ</span> <span class='ocrx_word' id='word_1_887' title='bbox 2371 4687 2511 4757; x_wconf 69' lang='grc' dir='ltr'>ἑξῆς.</span> <span class='ocrx_word' id='word_1_888' title='bbox 2564 4695 2704 4762; x_wconf 70' lang='grc' dir='ltr'>’Ἄρα</span> <span class='ocrx_word' id='word_1_889' title='bbox 2755 4688 2844 4742; x_wconf 83' lang='grc' dir='ltr'>οῦν</span> <span class='ocrx_word' id='word_1_890' title='bbox 2895 4690 2956 4741; x_wconf 89' lang='grc' dir='ltr'>τὸ</span> <span class='ocrx_word' id='word_1_891' title='bbox 3009 4694 3224 4760; x_wconf 85' lang='grc' dir='ltr'>Πνεῦμα</span> <span class='ocrx_word' id='word_1_892' title='bbox 3272 4690 3334 4742; x_wconf 89' lang='grc' dir='ltr'>τὸ</span> <span class='ocrx_word' id='word_1_893' title='bbox 3388 4687 3543 4760; x_wconf 72' lang='grc' dir='ltr'>ἅγιον</span> <span class='ocrx_word' id='word_1_894' title='bbox 3594 4688 3807 4759; x_wconf 79' lang='grc' dir='ltr'>ἐπείρα-</span> 
     </span>
    </p>
   </div>
   <div class='ocr_carea' id='block_1_102' title="bbox 2158 4774 3808 4853">
    <p class='ocr_par' dir='ltr' id='par_1_102' title="bbox 2158 4774 3808 4853">
     <span class='ocr_line' id='line_1_102' title="bbox 2158 4774 3808 4853; baseline -0.004 -22"><span class='ocrx_word' id='word_1_895' title='bbox 2158 4798 2242 4831; x_wconf 82' lang='grc' dir='ltr'>σεν</span> <span class='ocrx_word' id='word_1_896' title='bbox 2277 4778 2304 4831; x_wconf 90' lang='grc' dir='ltr'>ὁ</span> <span class='ocrx_word' id='word_1_897' title='bbox 2336 4776 2575 4853; x_wconf 75' lang='grc' dir='ltr'>Ἰσραὴλ,</span> <span class='ocrx_word' id='word_1_898' title='bbox 2608 4777 2695 4831; x_wconf 82' lang='grc' dir='ltr'>καὶ</span> <span class='ocrx_word' id='word_1_899' title='bbox 2744 4774 3063 4849; x_wconf 75' lang='grc' dir='ltr'>ἐδοκίμασεν</span> <span class='ocrx_word' id='word_1_900' title='bbox 3124 4778 3173 4831; x_wconf 82' lang='grc' dir='ltr'>ἐν</span> <span class='ocrx_word' id='word_1_901' title='bbox 3221 4780 3289 4849; x_wconf 81' lang='grc' dir='ltr'>τῇ</span> <span class='ocrx_word' id='word_1_902' title='bbox 3341 4775 3551 4851; x_wconf 74' lang='grc' dir='ltr'>ἐρήμῳ·</span> <span class='ocrx_word' id='word_1_903' title='bbox 3601 4774 3688 4829; x_wconf 88' lang='grc' dir='ltr'>καὶ</span> <span class='ocrx_word' id='word_1_904' title='bbox 3732 4774 3808 4829; x_wconf 66' lang='grc' dir='ltr'>εἴ·</span> 
     </span>
    </p>
   </div>
   <div class='ocr_carea' id='block_1_103' title="bbox 2160 4860 3807 4942">
    <p class='ocr_par' dir='ltr' id='par_1_103' title="bbox 2160 4860 3807 4942">
     <span class='ocr_line' id='line_1_103' title="bbox 2160 4860 3807 4942; baseline -0.002 -21"><span class='ocrx_word' id='word_1_905' title='bbox 2160 4864 2250 4921; x_wconf 90' lang='grc' dir='ltr'>δον</span> <span class='ocrx_word' id='word_1_906' title='bbox 2283 4867 2349 4920; x_wconf 80' lang='grc' dir='ltr'>τὰ</span> <span class='ocrx_word' id='word_1_907' title='bbox 2379 4862 2511 4942; x_wconf 76' lang='grc' dir='ltr'>ἔργα</span> <span class='ocrx_word' id='word_1_908' title='bbox 2556 4866 2739 4936; x_wconf 76' lang='grc' dir='ltr'>αὐτοῦ,</span> <span class='ocrx_word' id='word_1_909' title='bbox 2791 4864 2913 4936; x_wconf 61' lang='grc' dir='ltr'>ἤτοι</span> <span class='ocrx_word' id='word_1_910' title='bbox 2944 4869 3012 4921; x_wconf 75' lang='grc' dir='ltr'>τά</span> <span class='ocrx_word' id='word_1_911' title='bbox 3063 4866 3351 4939; x_wconf 77' lang='grc' dir='ltr'>θαυμάσια.</span> <span class='ocrx_word' id='word_1_912' title='bbox 3415 4865 3498 4917; x_wconf 87' lang='grc' dir='ltr'>Ἐν</span> <span class='ocrx_word' id='word_1_913' title='bbox 3534 4862 3692 4935; x_wconf 82' lang='grc' dir='ltr'>ἄλλῳ</span> <span class='ocrx_word' id='word_1_914' title='bbox 3750 4860 3807 4918; x_wconf 75' lang='grc' dir='ltr'>δὲ</span> 
     </span>
    </p>
   </div>
   <div class='ocr_carea' id='block_1_104' title="bbox 463 4974 2039 5087">
    <p class='ocr_par' dir='ltr' id='par_1_104' title="bbox 463 5016 2035 5084">
     <span class='ocr_line' id='line_1_104' title="bbox 463 5016 2035 5084; baseline 0.003 -14"><span class='ocrx_word' id='word_1_915' title='bbox 463 5016 502 5049; x_wconf 77' lang='grc'>⁴¹</span> <span class='ocrx_word' id='word_1_916' title='bbox 536 5016 731 5072; x_wconf 88' lang='lat' dir='ltr'>Judic.</span> <span class='ocrx_word' id='word_1_917' title='bbox 792 5034 905 5084; x_wconf 75' lang='lat' dir='ltr'>xvx,</span> <span class='ocrx_word' id='word_1_918' title='bbox 963 5019 1051 5073; x_wconf 87' lang='lat'>20.</span> <span class='ocrx_word' id='word_1_919' title='bbox 1130 5020 1175 5052; x_wconf 71' lang='grc'>⁴²</span> <span class='ocrx_word' id='word_1_920' title='bbox 1228 5016 1380 5072; x_wconf 90' lang='lat' dir='ltr'>Psal.</span> <span class='ocrx_word' id='word_1_921' title='bbox 1441 5034 1589 5083; x_wconf 81' lang='lat' dir='ltr'>xeix,</span> <span class='ocrx_word' id='word_1_922' title='bbox 1624 5019 1677 5072; x_wconf 93' lang='lat'>3.</span> <span class='ocrx_word' id='word_1_923' title='bbox 1757 5020 1803 5053; x_wconf 71' lang='lat'><strong>‘3</strong></span> <span class='ocrx_word' id='word_1_924' title='bbox 1860 5020 2035 5075; x_wconf 84' lang='lat' dir='ltr'>Josue</span> 
     </span>
    </p>
   </div>
   <div class='ocr_carea' id='block_1_105' title="bbox 2151 4974 3807 5087">
    <p class='ocr_par' dir='ltr' id='par_1_105' title="bbox 2151 5017 3807 5087">
     <span class='ocr_line' id='line_1_105' title="bbox 2151 5017 3807 5087; baseline -0.004 -13"><span class='ocrx_word' id='word_1_925' title='bbox 2151 5037 2229 5085; x_wconf 72' lang='grc' dir='ltr'>ιιι,</span> <span class='ocrx_word' id='word_1_926' title='bbox 2294 5020 2481 5074; x_wconf 86' lang='grc'>10-22.</span> <span class='ocrx_word' id='word_1_927' title='bbox 2559 5020 2603 5054; x_wconf 78' lang='lat'><strong>“</strong></span> <span class='ocrx_word' id='word_1_928' title='bbox 2661 5022 2708 5074; x_wconf 88' lang='lat' dir='ltr'>ll</span> <span class='ocrx_word' id='word_1_929' title='bbox 2765 5022 2893 5077; x_wconf 89' lang='lat' dir='ltr'>Cor.</span> <span class='ocrx_word' id='word_1_930' title='bbox 2958 5038 3034 5085; x_wconf 88' lang='lat' dir='ltr'>1v,</span> <span class='ocrx_word' id='word_1_931' title='bbox 3091 5022 3145 5075; x_wconf 96' lang='lat'>6.</span> <span class='ocrx_word' id='word_1_932' title='bbox 3223 5021 3267 5054; x_wconf 67' lang='lat'>‘5</span> <span class='ocrx_word' id='word_1_933' title='bbox 3326 5019 3492 5074; x_wconf 82' lang='lat' dir='ltr'>Rom.</span> <span class='ocrx_word' id='word_1_934' title='bbox 3523 5034 3614 5087; x_wconf 85' lang='lat' dir='ltr'>xv,</span> <span class='ocrx_word' id='word_1_935' title='bbox 3664 5017 3807 5081; x_wconf 83' lang='lat'>5,6.</span> 
     </span>
    </p>
   </div>
   <div class='ocr_carea' id='block_1_106' title="bbox 363 5087 1105 5158">
    <p class='ocr_par' dir='ltr' id='par_1_106' title="bbox 363 5087 1105 5158">
     <span class='ocr_line' id='line_1_106' title="bbox 363 5087 1105 5158; baseline 0.003 -16"><span class='ocrx_word' id='word_1_936' title='bbox 363 5087 487 5142; x_wconf 65' lang='lat' dir='ltr'>*“I</span> <span class='ocrx_word' id='word_1_937' title='bbox 535 5092 662 5143; x_wconf 83' lang='lat' dir='ltr'>Cor.</span> <span class='ocrx_word' id='word_1_938' title='bbox 722 5106 836 5158; x_wconf 66' lang='lat' dir='ltr'>31v,</span> <span class='ocrx_word' id='word_1_939' title='bbox 892 5090 982 5156; x_wconf 81' lang='grc'>24,</span> <span class='ocrx_word' id='word_1_940' title='bbox 1015 5090 1105 5144; x_wconf 87' lang='grc'>25.</span> 
     </span>
    </p>
   </div>
   <div class='ocr_carea' id='block_1_107' title="bbox 375 5158 848 5228">
    <p class='ocr_par' dir='ltr' id='par_1_107' title="bbox 375 5158 848 5228">
     <span class='ocr_line' id='line_1_107' title="bbox 375 5158 848 5228; baseline 0.002 -14"><span class='ocrx_word' id='word_1_941' title='bbox 375 5160 433 5196; x_wconf 67' lang='grc' dir='ltr'>ο⁸¹</span> <span class='ocrx_word' id='word_1_942' title='bbox 469 5158 641 5215; x_wconf 90' lang='lat' dir='ltr'>Hebr.</span> <span class='ocrx_word' id='word_1_943' title='bbox 675 5176 762 5228; x_wconf 87' lang='grc' dir='ltr'>ιιι,</span> <span class='ocrx_word' id='word_1_944' title='bbox 792 5163 848 5215; x_wconf 94' lang='lat'>7.</span> 
     </span>
    </p>
   </div>
   <div class='ocr_carea' id='block_1_108' title="bbox 487 5328 1063 5397">
    <p class='ocr_par' dir='ltr' id='par_1_108' title="bbox 487 5328 1063 5397">
     <span class='ocr_line' id='line_1_108' title="bbox 487 5328 1063 5397; baseline 0.003 -16"><span class='ocrx_word' id='word_1_945' title='bbox 487 5328 580 5395; x_wconf 80' lang='grc'>24)</span> <span class='ocrx_word' id='word_1_946' title='bbox 614 5328 800 5397; x_wconf 81' lang='lat' dir='ltr'>Forte,</span> <span class='ocrx_word' id='word_1_947' title='bbox 830 5330 1063 5391; x_wconf 88' lang='grc' dir='ltr'>πάντως.</span> 
     </span>
    </p>
   </div>
   <div class='ocr_carea' id='block_1_109' title="bbox 486 5400 2039 5473">
    <p class='ocr_par' dir='ltr' id='par_1_109' title="bbox 486 5400 2039 5473">
     <span class='ocr_line' id='line_1_109' title="bbox 486 5400 2039 5473; baseline 0.005 -21"><span class='ocrx_word' id='word_1_948' title='bbox 486 5400 577 5469; x_wconf 85' lang='grc'>25)</span> <span class='ocrx_word' id='word_1_949' title='bbox 606 5400 946 5473; x_wconf 71' lang='lat' dir='ltr'>Sic_Anglic.</span> <span class='ocrx_word' id='word_1_950' title='bbox 983 5408 1045 5457; x_wconf 91' lang='lat' dir='ltr'>ln</span> <span class='ocrx_word' id='word_1_951' title='bbox 1078 5401 1209 5457; x_wconf 92' lang='lat' dir='ltr'>aliis</span> <span class='ocrx_word' id='word_1_952' title='bbox 1239 5405 1296 5457; x_wconf 89' lang='lat' dir='ltr'>et</span> <span class='ocrx_word' id='word_1_953' title='bbox 1324 5401 1496 5457; x_wconf 92' lang='lat' dir='ltr'>editis</span> <span class='ocrx_word' id='word_1_954' title='bbox 1538 5402 1700 5457; x_wconf 88' lang='lat' dir='ltr'>deest</span> <span class='ocrx_word' id='word_1_955' title='bbox 1730 5404 2039 5460; x_wconf 90' lang='lat' dir='ltr'>articulus.</span> 
     </span>
    </p>
   </div>
   <div class='ocr_carea' id='block_1_110' title="bbox 391 5465 2041 5610">
    <p class='ocr_par' dir='ltr' id='par_1_110' title="bbox 391 5465 2041 5610">
     <span class='ocr_line' id='line_1_110' title="bbox 391 5465 2041 5610; baseline 0.007 -88"><span class='ocrx_word' id='word_1_956' title='bbox 391 5465 846 5610; x_wconf 31' lang='lat'>9335633066.,”</span> <span class='ocrx_word' id='word_1_957' title='bbox 856 5475 939 5529; x_wconf 93' lang='lat' dir='ltr'>sic</span> <span class='ocrx_word' id='word_1_958' title='bbox 967 5490 1171 5530; x_wconf 91' lang='lat' dir='ltr'>omnes</span> <span class='ocrx_word' id='word_1_959' title='bbox 1225 5474 1609 5544; x_wconf 88' lang='lat' dir='ltr'>manuscripti</span> <span class='ocrx_word' id='word_1_960' title='bbox 1641 5479 1698 5529; x_wconf 89' lang='lat' dir='ltr'>et</span> <span class='ocrx_word' id='word_1_961' title='bbox 1743 5475 1881 5530; x_wconf 90' lang='lat' dir='ltr'>editi</span> <span class='ocrx_word' id='word_1_962' title='bbox 1913 5493 2041 5549; x_wconf 90' lang='lat' dir='ltr'>pro,</span> 
     </span>
    </p>
   </div>
   <div class='ocr_carea' id='block_1_111' title="bbox 467 5562 2039 5692">
    <p class='ocr_par' dir='ltr' id='par_1_111' title="bbox 467 5562 2039 5692">
     <span class='ocr_line' id='line_1_111' title="bbox 467 5562 2039 5692; baseline 0.006 -25"><span class='ocrx_word' id='word_1_963' title='bbox 723 5610 796 5666; x_wconf 73' lang='grc' dir='ltr'>ἑνὶ</span> <span class='ocrx_word' id='word_1_964' title='bbox 854 5612 1105 5688; x_wconf 85' lang='grc' dir='ltr'>στόματι,</span> <span class='ocrx_word' id='word_1_965' title='bbox 1161 5616 1376 5673; x_wconf 88' lang='lat' dir='ltr'>desunt</span> <span class='ocrx_word' id='word_1_966' title='bbox 1430 5615 1550 5672; x_wconf 66' lang='lat' dir='ltr'>hac</span> <span class='ocrx_word' id='word_1_967' title='bbox 1606 5615 1666 5673; x_wconf 87' lang='lat' dir='ltr'>in</span> <span class='ocrx_word' id='word_1_968' title='bbox 1698 5618 2039 5692; x_wconf 85' lang='lat' dir='ltr'>Anglicano,</span> 
     </span>
    </p>
   </div>
   <div class='ocr_carea' id='block_1_112' title="bbox 186 5932 381 6043">
    <p class='ocr_par' dir='ltr' id='par_1_112' title="bbox 186 5932 381 6043">
     <span class='ocr_line' id='line_1_112' title="bbox 186 5932 381 6043; baseline 0 -2"><span class='ocrx_word' id='word_1_969' title='bbox 186 5932 381 6043; x_wconf 56' lang='grc' dir='ltr'>’κ</span> 
     </span>
    </p>
   </div>
   <div class='ocr_carea' id='block_1_113' title="bbox 1184 5088 2039 5159">
    <p class='ocr_par' dir='ltr' id='par_1_113' title="bbox 1184 5088 2039 5151">
     <span class='ocr_line' id='line_1_113' title="bbox 1184 5088 2039 5151; baseline 0.004 -8"><span class='ocrx_word' id='word_1_970' title='bbox 1184 5090 1226 5125; x_wconf 82' lang='grc'>⁴⁷</span> <span class='ocrx_word' id='word_1_971' title='bbox 1286 5088 1465 5144; x_wconf 88' lang='lat' dir='ltr'>lCor.</span> <span class='ocrx_word' id='word_1_972' title='bbox 1527 5106 1612 5151; x_wconf 88' lang='grc' dir='ltr'>ιιι,</span> <span class='ocrx_word' id='word_1_973' title='bbox 1674 5090 1758 5144; x_wconf 84' lang='grc'>16.</span> <span class='ocrx_word' id='word_1_974' title='bbox 1838 5092 1880 5125; x_wconf 76' lang='grc'>⁸⁸</span> <span class='ocrx_word' id='word_1_975' title='bbox 1938 5092 2039 5146; x_wconf 59' lang='lat' dir='ltr'>[Ci</span> 
     </span>
    </p>
   </div>
   <div class='ocr_carea' id='block_1_114' title="bbox 2151 5088 3805 5159">
    <p class='ocr_par' dir='ltr' id='par_1_114' title="bbox 2179 5089 3805 5159">
     <span class='ocr_line' id='line_1_114' title="bbox 2179 5089 3805 5159; baseline -0.005 -11"><span class='ocrx_word' id='word_1_976' title='bbox 2179 5109 2253 5159; x_wconf 86' lang='lat' dir='ltr'>v1,</span> <span class='ocrx_word' id='word_1_977' title='bbox 2316 5090 2403 5145; x_wconf 89' lang='grc'>19.</span> <span class='ocrx_word' id='word_1_978' title='bbox 2480 5092 2525 5130; x_wconf 74' lang='grc'>⁴⁹</span> <span class='ocrx_word' id='word_1_979' title='bbox 2580 5093 2601 5146; x_wconf 94' lang='grc' dir='ltr'>Ι</span> <span class='ocrx_word' id='word_1_980' title='bbox 2661 5094 2789 5147; x_wconf 94' lang='lat' dir='ltr'>Cor.</span> <span class='ocrx_word' id='word_1_981' title='bbox 2852 5110 2936 5153; x_wconf 84' lang='grc' dir='ltr'>ιιι,</span> <span class='ocrx_word' id='word_1_982' title='bbox 3005 5094 3084 5146; x_wconf 84' lang='lat' dir='ltr'>i6.</span> <span class='ocrx_word' id='word_1_983' title='bbox 3162 5092 3206 5126; x_wconf 81' lang='grc' dir='ltr'>⁸ο</span> <span class='ocrx_word' id='word_1_984' title='bbox 3263 5090 3417 5147; x_wconf 89' lang='lat' dir='ltr'>Psal.</span> <span class='ocrx_word' id='word_1_985' title='bbox 3476 5107 3620 5159; x_wconf 81' lang='lat' dir='ltr'>XCIV,</span> <span class='ocrx_word' id='word_1_986' title='bbox 3651 5089 3805 5141; x_wconf 78' lang='lat'>8-10.</span> 
     </span>
    </p>
   </div>
   <div class='ocr_carea' id='block_1_115' title="bbox 2153 5331 2947 5389">
    <p class='ocr_par' dir='ltr' id='par_1_115' title="bbox 2153 5331 2947 5389">
     <span class='ocr_line' id='line_1_115' title="bbox 2153 5331 2947 5389; baseline -0.003 0"><span class='ocrx_word' id='word_1_987' title='bbox 2153 5350 2258 5389; x_wconf 90' lang='lat' dir='ltr'>nec</span> <span class='ocrx_word' id='word_1_988' title='bbox 2290 5349 2323 5387; x_wconf 89' lang='lat' dir='ltr'>a</span> <span class='ocrx_word' id='word_1_989' title='bbox 2351 5332 2579 5387; x_wconf 90' lang='lat' dir='ltr'>Nannio</span> <span class='ocrx_word' id='word_1_990' title='bbox 2608 5331 2758 5387; x_wconf 89' lang='lat' dir='ltr'>lecta</span> <span class='ocrx_word' id='word_1_991' title='bbox 2788 5336 2947 5387; x_wconf 90' lang='lat' dir='ltr'>sunt.</span> 
     </span>
    </p>
   </div>
   <div class='ocr_carea' id='block_1_116' title="bbox 2224 5400 3808 5475">
    <p class='ocr_par' dir='ltr' id='par_1_116' title="bbox 2224 5400 3808 5475">
     <span class='ocr_line' id='line_1_116' title="bbox 2224 5400 3808 5475; baseline -0.002 -19"><span class='ocrx_word' id='word_1_992' title='bbox 2224 5405 2333 5475; x_wconf 74' lang='grc'>(27)</span> <span class='ocrx_word' id='word_1_993' title='bbox 2368 5406 2455 5459; x_wconf 84' lang='lat' dir='ltr'>ita</span> <span class='ocrx_word' id='word_1_994' title='bbox 2502 5403 2840 5471; x_wconf 88' lang='lat' dir='ltr'>Vaticanus,</span> <span class='ocrx_word' id='word_1_995' title='bbox 2885 5403 3224 5460; x_wconf 81' lang='lat' dir='ltr'>Basiliensis</span> <span class='ocrx_word' id='word_1_996' title='bbox 3275 5406 3331 5459; x_wconf 90' lang='lat' dir='ltr'>et</span> <span class='ocrx_word' id='word_1_997' title='bbox 3374 5401 3600 5475; x_wconf 66' lang='lat' dir='ltr'>Anglic.</span> <span class='ocrx_word' id='word_1_998' title='bbox 3635 5400 3808 5475; x_wconf 30' lang='lat' dir='ltr'>E‘diti,</span> 
     </span>
    </p>
   </div>
   <div class='ocr_carea' id='block_1_117' title="bbox 2153 5470 3803 5561">
    <p class='ocr_par' dir='ltr' id='par_1_117' title="bbox 2153 5470 3803 5561">
     <span class='ocr_line' id='line_1_117' title="bbox 2153 5470 3803 5561; baseline -0.003 -32"><span class='ocrx_word' id='word_1_999' title='bbox 2153 5470 2246 5561; x_wconf 56' lang='lat' dir='ltr'>ini</span> <span class='ocrx_word' id='word_1_1000' title='bbox 2272 5470 2426 5532; x_wconf 78' lang='grc' dir='ltr'>Θεοῦ.</span> <span class='ocrx_word' id='word_1_1001' title='bbox 2471 5476 2597 5531; x_wconf 84' lang='lat' dir='ltr'>Mox</span> <span class='ocrx_word' id='word_1_1002' title='bbox 2650 5470 2989 5533; x_wconf 88' lang='lat' dir='ltr'>Basiliensis</span> <span class='ocrx_word' id='word_1_1003' title='bbox 3018 5482 3075 5533; x_wconf 90' lang='lat' dir='ltr'>et</span> <span class='ocrx_word' id='word_1_1004' title='bbox 3119 5475 3500 5550; x_wconf 88' lang='lat' dir='ltr'>Anglicanus,</span> <span class='ocrx_word' id='word_1_1005' title='bbox 3542 5472 3633 5527; x_wconf 84' lang='grc' dir='ltr'>τὸν</span> <span class='ocrx_word' id='word_1_1006' title='bbox 3667 5470 3803 5527; x_wconf 74' lang='grc' dir='ltr'>ἐνοι-</span> 
     </span>
    </p>
   </div>
   <div class='ocr_carea' id='block_1_118' title="bbox 2151 5567 2368 5602">
    <p class='ocr_par' dir='ltr' id='par_1_118' title="bbox 2151 5567 2368 5602">
     <span class='ocr_line' id='line_1_118' title="bbox 2151 5567 2368 5602; baseline 0.005 -1"><span class='ocrx_word' id='word_1_1007' title='bbox 2151 5567 2368 5602; x_wconf 90' lang='grc' dir='ltr'>κουντα.</span> 
     </span>
    </p>
   </div>
   <div class='ocr_carea' id='block_1_119' title="bbox 2222 5613 3515 5694">
    <p class='ocr_par' dir='ltr' id='par_1_119' title="bbox 2222 5613 3515 5694">
     <span class='ocr_line' id='line_1_119' title="bbox 2222 5613 3515 5694; baseline -0.005 -19"><span class='ocrx_word' id='word_1_1008' title='bbox 2222 5620 2335 5693; x_wconf 84' lang='grc'>(28)</span> <span class='ocrx_word' id='word_1_1009' title='bbox 2367 5616 2726 5676; x_wconf 86' lang='lat' dir='ltr'>Basiliensis.</span> <span class='ocrx_word' id='word_1_1010' title='bbox 2763 5614 2993 5679; x_wconf 79' lang='grc' dir='ltr'>εἷ’δοσαν.</span> <span class='ocrx_word' id='word_1_1011' title='bbox 3028 5620 3278 5694; x_wconf 87' lang='lat' dir='ltr'>Anglic.,</span> <span class='ocrx_word' id='word_1_1012' title='bbox 3306 5613 3515 5672; x_wconf 66' lang='lat' dir='ltr'>{’Bocav.</span> 
     </span>
    </p>
   </div>
  </div>
