4100 6224
342 313 416 373 37
987 302 1087 364 DE
1131 299 1494 364 COMMUNI
1541 297 1920 362 ESSENTIA
1962 295 2248 358 PATRIS
2294 297 2394 356 ET
2438 295 2614 356 FILll
2664 293 2762 356 ET
2809 294 3008 355 SPIR.
3041 294 3105 354 S.
3670 297 3748 357 38

342 444 552 518 ψαλμῷ
593 439 742 513 λέγει
789 438 816 490 6
865 435 1044 496 αὐτός’
1081 459 1106 486 ‹‹
1151 433 1248 487 Καὶ
1295 432 1576 508 ἐπείρασαν
1627 432 1718 486 τὸν
1769 430 1896 485 Θεὸν
1944 428 1994 482 ἐν

2123 446 2296 502 quoeo
2319 431 2384 484 ⁸³.
2415 451 2442 478 ››
2475 429 2576 483 Est
2603 427 2781 500 igitur
2803 426 2957 481 Deus
2979 425 3233 496 Spiritus
3255 429 3512 482 sanctus.
3538 429 3602 484 Et
3634 427 3748 484 alio

343 530 580 607 ἀνύδρῳ.
621 554 642 582 ›
680 530 819 601 ’Ἄρα
852 528 961 597 (29)
993 521 1083 578 οῦν
1113 525 1142 578 6
1173 524 1321 594 Θεὸς,
1348 523 1410 576 τὸ
1433 524 1584 596 ἅγιον
1619 519 1838 593 Πνεῦμά
1860 518 1992 576 ἐστι.

345 621 449 679 Καὶ
507 617 786 692 ἀλλαχοῦ,
844 613 931 668 ὅτε
985 608 1391 685 ἀνελαμϐάνετο
1451 612 1478 665 6
1531 608 1741 681 Ἠλίας,
1790 607 1908 682 ᾔτει
1967 608 1995 662 ὁ

347 720 661 778 Ἐλισσαῖος
711 715 834 787 παρ’
891 712 1054 767 αὐτοῦ
1113 710 1194 765 ἐπ’
1248 711 1406 765 αὐτὸν
1465 709 1526 764 τὸ
1577 713 1796 780 Πνεῦμα
1852 705 1993 782 γενέ-

349 823 470 874 σθαι
532 804 780 862 διπλοῦν.
834 800 1204 876 Ἐπγγέλλετο
1264 798 1354 853 οῦν
1389 801 1416 853 6
1473 797 1662 858 Ἠλίας
1719 800 1851 868 (30),
1908 796 1994 849 ὲαν

352 896 443 971 ἴδῃ
503 894 657 950 αὐτὸν
718 885 1261 963 ἀναλαμϐανόμενον.
1299 885 1448 941 Ἰδὼν
1509 884 1620 957 οὖν,
1675 885 1761 938 καὶ
1812 879 1994 938 λαϐὼν

355 970 454 1053 τὴν
513 981 798 1056 μηλωτὴν,
857 978 1022 1048 ἦλθεν
1079 977 1164 1031 ἐπὶ
1212 978 1302 1031 τὸν
1355 973 1653 1050 Ἰορδάνην
1699 972 1789 1028 καὶ
1836 970 1999 1024 πατά-

357 1075 534 1143 ξαντος
588 1069 751 1124 αὐτοῦ
808 1071 877 1140 τῇ
950 1064 1186 1139 μηλωτῇ
1239 1065 1330 1119 τὸν
1391 1065 1634 1135 ποταμὸν
1673 1107 1687 1131 ,
1737 1061 1844 1135 οὐχ
1900 1061 2000 1114 ῦπ-

355 1165 552 1231 ήκουσε
577 1159 639 1212 τὸ
689 1154 859 1229 ὕδωρ.
913 1156 1066 1230 Λέγει
1117 1152 1230 1207 οῦν·
1266 1156 1379 1226 (31)
1426 1155 1539 1208 Ποῦ
1572 1152 1599 1205 6
1630 1152 1757 1211 Θεὸς
1792 1149 1950 1224 ἀφιρώ
1984 1166 1996 1215 ;

350 1258 538 1334 Ἀιρφὼ
596 1253 654 1308 δὲ
705 1252 1060 1328 ἑρμηνεύεται
1123 1252 1310 1328 ἄμφω,
1367 1250 1611 1304 τουτέστι
1661 1248 1722 1302 τὸ
1781 1250 2000 1318 Πνεῦμα

350 1347 412 1400 τὸ
471 1343 724 1398 διπλοῦν.
786 1345 896 1395 Ποῦ
957 1338 1046 1393 οῦν
1107 1341 1134 1394 6
1192 1339 1320 1400 Θεὸς
1364 1338 1551 1414 ἀμφὼ,
1612 1337 1728 1391 ἀντὶ
1783 1339 1898 1403 τοῦ,
1942 1334 2001 1388 τὸ

355 1437 574 1504 Πνεῦμα
623 1428 893 1486 διπλοῦν.
946 1427 1042 1483 Καὶ
1101 1426 1266 1483 πάλιν
1319 1425 1466 1500 λέγει
1517 1428 1544 1480 6
1594 1425 1810 1498 Σωτήρ.
1863 1447 1892 1475 ‹‹
1941 1423 2001 1479 Ὁ

355 1520 620 1576 πιστεύων
673 1519 747 1582 είς
800 1517 918 1590 ἐμὲ,
965 1516 1144 1579 καθὼς
1201 1515 1343 1570 εἶπεν
1396 1518 1430 1584 ἡ
1485 1514 1667 1590 Γραφή
1702 1559 1716 1585 ,
1763 1510 2003 1583 ποταμοὶ

357 1610 416 1665 ἐκ
469 1616 570 1678 τῆς
627 1605 842 1668 κοιλίας
899 1605 1061 1660 αὐτοῦ
1121 1603 1399 1680 ῥεύσουσιν
1469 1600 1663 1659 ὕδατος
1721 1605 2000 1670 ζῶντος.»

355 1704 702 1783 Ἐρμηνεῦων
774 1701 831 1758 δὲ
879 1703 906 1756 6
960 1699 1348 1778 εῦαγγελιστὴς
1403 1699 1456 1755 τί
1512 1699 1621 1754 ἐστι
1653 1743 1667 1769 ,
1727 1722 1756 1750 (ι
1809 1696 2000 1758 ὕδατος

363 1801 582 1865 ζῶντος,
642 1817 670 1844 n
717 1789 841 1867 ἔφη’
893 1818 920 1843 «ι
964 1795 1132 1844 Τοῦτο
1193 1789 1249 1844 δὲ
1305 1787 1458 1864 ἔλεγε
1512 1787 1636 1864 περὶ
1692 1792 1789 1842 τοῦ
1845 1786 2004 1861 ἁγίου
2035 1804 2082 1869 Β

363 1885 699 1958 Πνεῦματος,
734 1883 762 1937 6
793 1878 1042 1955 ἤμελλον
1090 1875 1387 1952 λαμϐάνειν
1442 1880 1494 1933 οἱ
1538 1878 1876 1939 πιστεύοντες
1927 1877 2002 1938 εἷς

362 1975 541 2032 αὐτόν.
575 1998 602 2025 ››
624 1973 688 2028 Εἰ
719 1969 776 2026 δὲ
803 1972 865 2026 τὸ
896 1967 1042 2045 ὕδωρ
1072 1969 1133 2024 τὸ
1168 1974 1268 2038 ζῶν
1304 1968 1366 2024 τὸ
1396 1969 1549 2043 ἅγιον
1586 1969 1808 2041 Πνεῦμά
1840 1967 2003 2038 ἐστιν,

362 2066 465 2140 ἄρα
495 2063 624 2124 Θεὸς
652 2063 713 2116 τὸ
747 2064 963 2132 Πνεῦμα
1004 2060 1064 2113 τὸ
1096 2060 1267 2134 ἅγιον·
1326 2057 1470 2134 λέγει
1500 2058 1600 2134 γὰρ
1634 2059 1662 2112 6
1691 2059 2001 2134 προφήτης·

362 2187 392 2216 ι(
424 2161 555 2233 Ἐμὲ
586 2157 937 2235 ἐγκατέλιπον
983 2157 1169 2231 πηγὴν
1212 2153 1404 2217 ὕδατος
1457 2160 1674 2224 ζῶντος·
1727 2155 1815 2210 καὶ
1863 2153 2004 2235 ὤρυ-

363 2243 449 2314 ξαν
485 2233 694 2301 ἑαυτοῖς
745 2239 976 2298 λάκκους
1022 2236 1529 2310 συντετριμμένους,
1583 2237 1636 2289 οἳ
1692 2235 1752 2290 οῦ
1805 2237 1880 2308 μὴ
1925 2233 2010 2288 δυ-

362 2334 612 2400 νήσονται
659 2325 804 2400 ὕδωρ
854 2326 1119 2400 συνέχειν.
1160 2351 1180 2375 ι
1215 2325 1312 2378 Καὶ
1358 2326 1385 2378 6
1418 2321 1601 2378 Δαυῖδ·
1637 2349 1664 2375 ‹‹
1697 2327 1814 2377 ’Ότι
1866 2322 2010 2396 παρὰ

371 2419 456 2473 σοὶ
507 2417 662 2491 πηγῆ
720 2421 884 2484 ζωῆς,
941 2415 990 2470 ἐν
1042 2413 1120 2486 τῷ
1169 2414 1306 2491 φωτί
1354 2435 1449 2467 σου
1499 2413 1743 2486 ὀψόμεθα
1793 2418 1945 2490 φῶς.
1984 2436 2009 2463 ››

369 2511 524 2581 Ὁρᾷς
571 2505 652 2559 ὅτι
683 2505 710 2558 6
741 2507 920 2578 Πατήρ
971 2503 1124 2577 πηγὴ
1179 2501 1407 2572 ἐκλήθη.
1440 2502 1528 2556 καὶ
1562 2503 1589 2556 6
1623 2503 1743 2563 Υἱὸς
1779 2501 2009 2574 ὁμοίως,

371 2605 458 2660 καὶ
488 2605 549 2658 τὸ
581 2607 791 2676 Πνεῦμα
820 2602 882 2657 τὸ
915 2603 1092 2676 ἅγιον,
1127 2600 1234 2675 οὐχ
1279 2599 1361 2654 ὅτι
1409 2605 1552 2675 τρεῖς
1599 2599 1699 2654 εἰσι
1729 2599 1840 2653 Θεοί
1877 2602 2008 2672 (32)*

371 2693 445 2755 εἷς
477 2694 579 2766 γὰρ
611 2692 760 2762 Θεὸς,
810 2691 899 2746 καὶ
954 2692 1028 2752 εἷς
1075 2690 1265 2763 νόμος,
1314 2690 1617 2762 νομοθέτης
1664 2691 1760 2758 εἷς,
1793 2687 1883 2742 καὶ
1936 2689 2012 2750 εἷς

369 2781 589 2856 Κύριος.
637 2781 730 2841 Εἷς
779 2781 881 2855 γαρ
921 2779 1050 2840 Θεὸς
1097 2778 1147 2832 έν
1196 2780 1340 2852 τρισὶ
1388 2779 1704 2853 προσώποις
1753 2777 2013 2851 κηρύττε-

369 2891 480 2927 ται.
517 2869 616 2921 Καὶ
649 2871 790 2933 πῶς,
835 2862 1226 2942 φτ,σὶ,δῦναται
1276 2864 1526 2939 λέγεσθαι
1572 2867 1600 2920 6
1633 2867 1817 2940 Πατὴρ
1863 2865 2014 2931 Θεὸς,

365 2967 452 3021 καὶ
486 2966 514 3019 6
547 2965 669 3026 Υἱὸς
703 2964 853 3033 Θεὸς,
884 2962 974 3017 καὶ
1005 2962 1066 3016 τὸ
1120 2966 1333 3035 Πνεῦμα
1363 2963 1422 3016 τὸ
1454 2964 1603 3037 ἅγιον
1636 2964 1784 3035 Θεὸς,
1832 2963 1921 3017 καὶ
1955 2962 2015 3017 οὗ

367 3061 509 3129 τρεῖς
541 3053 642 3107 εἰσι
672 3051 782 3107 Θεοί
817 3071 829 3121 ;
862 3051 999 3106 ὅπου
1030 3051 1186 3105 κιινᾶ.
1214 3051 1279 3105 τὰ
1312 3057 1411 3119 τῆς
1443 3050 1675 3128 φύσεως,
1720 3051 1896 3105 κοινὸν
1925 3050 2016 3105 καὶ

369 3139 543 3215 ὄνομα
591 3145 704 3215 (33)
753 3149 852 3210 τῆς
902 3141 1069 3214 ἀξίας·
1105 3142 1217 3195 οἷον
1251 3141 1278 3194 6
1310 3141 1438 3201 Θεὸς
1468 3140 1534 3194 τὰ
1563 3139 1638 3201 εἶς
1677 3142 1865 3210 πλήθη
1902 3138 2009 3212 διῃ-

2136 3138 2241 3144 __--
2547 3138 2816 3158 -ηνηη

2133 3192 2365 3231 omnem
2401 3175 2698 3231 hominem
2732 3176 2827 3230 irae

372 3233 584 3307 ρημένα
615 3231 716 3282 ἀπὸ
753 3236 877 3300 μιᾶς
930 3229 1137 3304 φύσεως
1183 3229 1259 3283 tv‘:
1308 3229 1534 3301 ὀνόματι
1587 3228 1762 3283 καλεῖ·
1811 3229 1899 3283 καὶ
1933 3228 2023 3283 ὅτε

2107 520 2252 584 loco,
2305 536 2442 574 cum
2501 521 2904 573 assumeretur
2950 514 3123 579 Elias,
3183 515 3517 585 postulabat
3567 519 3636 571 ab
3681 535 3747 573 eo

2108 609 2351 675 Eliseus,
2388 612 2450 661 ut
2499 607 2557 660 in
2612 623 2672 659 se
2712 605 2935 660 veniret
2964 604 3235 675 geminus
3265 603 3519 674 Spiritus
3555 621 3567 659 :
3620 622 3748 676 pro-

2109 697 2386 768 misitque
2415 695 2590 761 Elias,
2625 695 2671 748 si
2707 695 2876 748 modo
2908 710 2968 748 se
3000 693 3218 747 videret
3257 692 3470 747 auferri
3501 693 3563 747 ⁵³.
3610 699 3751 748 Cum

2107 785 2289 856 igitur
2319 785 2559 840 vidisset
2590 791 2647 838 et
2678 783 2997 852 accepisset
3038 782 3331 844 melotem,
3381 783 3632 837 accessit
3681 783 3753 836 ad

2105 875 2444 934 Jordanem,
2469 878 2679 928 etcum
2707 871 2918 925 melote
2939 870 3180 924 ﬂuvium
3209 871 3614 940 percussisset,
3639 887 3752 924 non

2109 962 2529 1034 obtemperavit
2561 978 2730 1032 aqua.
2767 959 2913 1014 Dicit
2943 957 3122 1029 igitur
3151 958 3374 1013 Eliseus
3409 975 3420 1013 :
3466 958 3570 1014 Ubi
3603 959 3756 1015 Deus

2111 1051 2318 1127 ἀφερώῖ
2367 1068 2492 1122 quae
2542 1067 2648 1105 vox
2707 1048 2998 1120 signiﬁcat
3058 1047 3251 1117 ambo,
3301 1047 3419 1102 sive
3449 1048 3753 1120 geminum

2110 1141 2388 1210 Spiritum
2417 1140 2480 1194 “.
2543 1139 2650 1194 Ubi
2713 1139 2894 1208 igitur
2944 1137 3095 1191 Deus
3143 1133 3329 1210 ἀμφώ,
3373 1153 3474 1207 pro
3505 1153 3571 1192 eo
3603 1139 3754 1207 quod

2111 1235 2199 1285 est
2219 1228 2466 1299 Spiritus
2488 1229 2780 1298 geminus.
2807 1227 3142 1294 lterumque
3170 1223 3432 1279 Salvator
3455 1225 3566 1280 ait:
3592 1249 3619 1274 «
3645 1225 3755 1290 Qui

2112 1319 2168 1372 in
2224 1334 2314 1371 me
2362 1316 2567 1383 credit,
2618 1316 2770 1369 sicut
2817 1314 2954 1368 dicit
3008 1313 3330 1382 Scriptura,
3386 1313 3627 1369 ﬂumina
3683 1315 3754 1369 de

2112 1410 2310 1460 ventre
2340 1407 2468 1475 ejus
2499 1405 2680 1459 ﬂuent
2727 1420 2892 1474 aqua:
2942 1402 3078 1455 vivas
3109 1402 3171 1454 ⁸⁸.
3210 1423 3236 1449 ››
3293 1402 3598 1474 Exponens
3646 1421 3756 1458 au-

2111 1502 2228 1550 tem
2277 1493 2654 1565 evangelista,
2687 1493 2827 1564 quid
2876 1491 2984 1546 hoc
3035 1496 3208 1560 esset,
3267 1509 3480 1561 «aquae
3533 1493 3693 1560 vivae,
3728 1515 3756 1542 ››

2112 1583 2344 1654 inquit:
2384 1607 2409 1631 u
2435 1583 2550 1661 Hoc
2581 1589 2774 1637 autem
2805 1581 2951 1636 dixit
2980 1581 3049 1634 de
3079 1579 3295 1651 Spiritu
3327 1588 3550 1651 sancto,
3583 1597 3757 1652 quem

2114 1672 2404 1743 accepturi
2429 1678 2614 1739 erant,
2640 1670 2941 1725 credentes
2965 1669 3020 1722 in
3055 1685 3187 1723 eum
3207 1668 3269 1724 ³⁸.
3295 1691 3320 1717 ››
3353 1670 3512 1734 Quod
3536 1669 3583 1724 si
3607 1685 3760 1740 aqua

2113 1762 2240 1817 viva
2288 1766 2374 1816 est
2424 1761 2677 1832 Spiritus
2726 1764 2988 1822 sanctus,
3041 1774 3180 1812 sane
3215 1763 3361 1812 Deus
3393 1763 3480 1813 est
3509 1759 3760 1829 Spiritus

2115 1853 2393 1905 sanctus:
2428 1849 2511 1904 ait
2554 1849 2709 1904 enim
2746 1847 3022 1918 proheta:
3067 1870 3093 1895 α
3127 1849 3211 1901 Me
3242 1846 3604 1917 reliquerunt
3635 1846 3759 1901 fon-

2115 1944 2231 1993 tem
2260 1956 2419 2006 aquae
2452 1938 2610 2005 vivas,
2645 1944 2701 1991 et
2731 1937 3056 1990 effoderunt
3093 1935 3204 1992 sibi
3251 1935 3536 1990 cisternas
3586 1933 3763 1990 dissi-

2116 2033 2304 2098 patas,
2354 2044 2482 2097 qua)
2538 2043 2748 2097 aquam
2811 2026 3106 2078 continere
3165 2041 3277 2077 non
3337 2030 3607 2095 poterunt
3636 2025 3698 2078 ⁵⁷.
3733 2045 3761 2073 ››

2119 2121 2183 2170 Et
2210 2117 2384 2169 David
2410 2132 2680 2187 quoque:
2717 2137 2742 2163 ‹‹
2773 2115 3057 2178 Quoniam
3085 2114 3236 2184 apud
3272 2117 3326 2166 te
3349 2119 3438 2166 est
3461 2113 3587 2171 fons
3611 2115 3761 2181 vitae,

2119 2206 2176 2259 in
2208 2204 2427 2259 lumine
2461 2211 2558 2258 tuo
2589 2203 2918 2257 videbimus
2953 2202 3151 2256 lumen
3186 2202 3250 2255 ⁵³.
3277 2225 3304 2249 ››
3340 2202 3504 2256 Vides
3540 2202 3764 2257 Patrem

2122 2294 2340 2347 fontem
2372 2291 2556 2346 vocari
2585 2309 2597 2346 :
2635 2308 2854 2345 necnon
2886 2290 3118 2352 Filium,
3141 2290 3460 2361 itidemque
3481 2291 3766 2361 Spiritum

2121 2388 2410 2437 sanctum.
2437 2380 2558 2436 Non
2586 2382 2738 2451 quod
2773 2387 2890 2434 tres
2922 2380 3042 2433 sint
3073 2379 3190 2434 dii:
3227 2395 3379 2433 unus
3409 2380 3564 2434 enim
3591 2380 3766 2448 Deus,

2122 2487 2240 2525 una
2271 2468 2380 2537 lex,
2406 2486 2558 2524 unus
2581 2467 2882 2540 legislator
2911 2472 2968 2522 et
3000 2484 3152 2522 unus
3173 2466 3477 2522 Dominus.
3504 2468 3769 2540 Namque

2124 2575 2280 2613 unus
2313 2563 2463 2612 Deus
2496 2558 2553 2612 in
2591 2557 2780 2612 tribus
2813 2557 3078 2627 personis
3130 2555 3496 2627 praedicatur.
3550 2559 3621 2612 At
3667 2556 3769 2628 qui

2125 2647 2247 2701 fieri
2283 2652 2491 2717 potest,
2526 2647 2778 2717 inquies,
2812 2652 2876 2699 ut
2922 2651 2978 2700 et
3025 2649 3194 2700 Pater
3238 2645 3468 2700 dicatur
3511 2650 3683 2711 Deus,

2126 2735 2328 2799 Filius,
2377 2742 2434 2790 et
2479 2736 2732 2806 Spiritus
2779 2739 3020 2789 sanctus
3071 2733 3243 2798 Deus,
3291 2749 3396 2787 nec
3426 2738 3620 2788 tamen
3654 2740 3770 2789 tres

2125 2825 2264 2879 deos
2297 2823 2470 2878 esse?
2519 2822 2624 2878 Ubi
2664 2823 2996 2877 communis
3038 2827 3266 2888 natura,
3321 2821 3398 2875 ibi
3456 2837 3770 2878 commune

2127 2929 2362 2984 quoque
2391 2917 2478 2966 est
2510 2928 2718 2966 nomen
2744 2909 3066 2982 dignitatis.
3092 2909 3594 2974 Quemadmodum
3619 2912 3768 2968 Deus

2127 3017 2217 3067 ea,
2248 3017 2374 3070 quae
2405 3016 2473 3054 ex
2505 3016 2622 3053 una
2652 3003 2863 3054 natura
2893 2999 2950 3053 in
2993 2997 3370 3053 multitudine
3401 2998 3766 3066 dividuntur,

2130 3106 2246 3144 uno
2279 3087 2512 3142 nomine
2542 3085 2817 3158 appellat.
2850 3087 2917 3140 Et
2948 3103 3081 3141 cum
3112 3087 3384 3141 irascitur
3413 3087 3777 3160 hominibus,

2878 3176 3212 3246 subjectum
3247 3193 3364 3230 suae
3398 3192 3576 3230 unum
3613 3182 3778 3232 vocat

4031 991 4047 1024 Ξ

4031 1027 4051 1176 i

4032 1179 4051 1252 ἓ

3714 2627 4075 2702 θι·“⁴’”··““

2134 3266 2432 3322 hominem
2467 3282 2480 3321 :
2530 3271 2586 3320 et
2615 3282 2748 3319 cum
2782 3264 3190 3320 reconciliatur
3221 3266 3461 3334 mundo,
3493 3265 3648 3320 velut
3677 3264 3780 3320 uni

2135 3355 2357 3411 homini
2416 3355 2843 3410 reconciliatur.
2904 3354 3118 3421 Quare,
3177 3369 3309 3408 cum
3362 3354 3646 3410 diluvium
3705 3355 3778 3410 ob

2135 3449 2368 3516 peccata
2402 3443 2647 3509 inducit,
2678 3443 2758 3497 ait
2787 3443 2938 3498 Deus
2969 3459 2980 3496 :
3039 3467 3058 3489 ιι
3095 3442 3215 3498 Non
3253 3443 3617 3514 permanebit
3646 3443 3780 3516 Spi-

2133 3534 2280 3588 ritus
2315 3549 2478 3586 meus
2510 3533 2566 3586 ln
2598 3532 2937 3587 hominibus
2970 3531 3121 3594 istis,
3145 3537 3198 3586 et
3223 3532 3425 3587 delebo
3456 3531 3778 3600 hominem,

2134 3637 2308 3693 quem
2354 3621 2464 3676 feci
2493 3622 2557 3676 ‘9.
2596 3644 2623 3671 ››
2684 3621 2857 3692 Atqui
2907 3626 3030 3675 tum
3085 3638 3198 3675 non
3245 3639 3393 3676 unus
3424 3629 3549 3676 erat
3579 3620 3778 3689 homo,

2133 3711 2232 3766 sed
2267 3710 2560 3782 myriades
2584 3709 2845 3775 inﬁnitae,
2869 3725 3030 3778 teque
3062 3713 3258 3763 tamen
3292 3710 3526 3764 nomine
3558 3715 3782 3766 natura;

2132 3815 2336 3854 omnes
2370 3799 2636 3853 homines
2670 3815 2852 3852 unum
2898 3797 3194 3851 hominem
3239 3797 3571 3868 appellavit,
3606 3799 3784 3870 idque

2134 3890 2205 3943 ob
2252 3888 2590 3941 substantia).
2629 3885 3122 3940 communionem.
3159 3885 3334 3938 David
3369 3902 3538 3956 porro
3569 3886 3782 3943 iterum

2135 3976 2277 4031 dicit
2310 3992 2321 4029 :
2358 3999 2382 4024 α
2431 3975 2576 4040 Quid
2613 3979 2702 4027 est
2750 3973 2941 4037 homo,
2967 3974 3117 4042 quod
3153 3989 3376 4028 memor
3405 3989 3467 4028 es
3497 3974 3646 4044 ejus,
3680 3979 3781 4030 aut

2132 4065 2290 4119 ﬁlius
2318 4061 2596 4132 hominis,
2621 4061 2897 4132 quoniam
2927 4061 3126 4116 visitas
3149 4079 3282 4117 eum
3305 4063 3348 4096 ⁶⁰
3366 4061 3394 4116 ‘I
3413 4085 3440 4112 »
3474 4063 3596 4118 Non
3619 4067 3778 4135 quod

2133 4168 2314 4207 unum
2347 4150 2646 4204 hominem
2681 4150 2895 4217 visitet,
2929 4151 3028 4204 sed
3082 4151 3418 4207 universum
3473 4153 3670 4208 orbem
3717 4155 3777 4209 in

2131 4256 2314 4294 unum
2374 4237 2624 4310 collegit.
2675 4242 2805 4292 Jam
2869 4256 3022 4302 vero,
3071 4241 3397 4311 compendii
3431 4258 3629 4309 causa,
3663 4259 3778 4298 uno

2132 4334 2365 4382 utemur
2396 4326 2608 4395 Moysis
2636 4326 2808 4384 dicto.
2837 4332 2976 4382 Cum
3003 4345 3103 4398 per
3134 4345 3291 4383 mare
3323 4329 3502 4384 exiret
3531 4329 3779 4400 Pharao,

2133 4416 2488 4486 meritasque
2547 4431 2614 4470 ex
2671 4415 2794 4486 lege
2842 4417 3039 4472 divina
3090 4434 3288 4488 pmnas
3330 4417 3532 4485 lueret,
3567 4421 3779 4475 cadens

367 4497 572 4567 σόμεοα
621 4494 773 4566 λόγῳ
822 4491 910 4545 διὰ
975 4493 1214 4552 Μωσέως
1264 4489 1539 4566 εἰρημένῳ
1574 4511 1585 4524 ·
1635 4495 1764 4550 ’Ότε
1823 4495 2009 4564 ἐξῆλθε

2131 4522 2261 4559 cum
2299 4503 2544 4558 infinitis
2567 4505 2839 4558 curribus
2874 4505 2929 4558 in
2963 4521 3144 4570 mare,
3174 4520 3286 4576 quo
3318 4510 3578 4576 tempore
3610 4506 3781 4577 multi

373 4591 576 4665 Φαραὼ
605 4590 741 4642 κατὰ
780 4590 879 4656 τήν
929 4587 1218 4656 θάλασσαν,
1250 4587 1340 4642 καὶ
1391 4588 1594 4664 ὑπέσχε
1639 4595 1716 4662 τῷ
1753 4589 1908 4664 νόμῳ
1935 4599 2009 4666 τῷ

2131 4593 2397 4648 homines
2422 4609 2538 4646 una
2561 4609 2693 4646 cum
2719 4610 2785 4648 eo
2807 4593 3055 4646 demersi
3079 4599 3238 4658 sunt,
3263 4593 3552 4664 multique
3575 4593 3778 4650 itidem

372 4678 501 4750 θείῳ
531 4679 643 4748 (35)
675 4676 774 4744 τὴν
806 4673 1094 4750 τιμωρίαν,
1147 4674 1359 4730 πίπτων
1408 4673 1542 4748 μετὰ
1589 4677 1795 4750 μυρίων
1843 4681 2009 4754 ἁρμοί·

2129 4683 2259 4754 equi
2297 4699 2310 4736 :
2348 4682 2572 4753 Moyses
2606 4687 2802 4736 tamen
2834 4681 3065 4748 videns,
3095 4681 3153 4735 in
3185 4681 3458 4737 omnibus
3488 4684 3778 4741 demersis

1013 4819 1160 4895 {31V
1194 4819 1332 4892 Reg.
1377 4837 1446 4895 ιιΣ
1477 4821 1535 4889 9,
1570 4821 1668 4895 .ίοἑ
1756 4822 1802 4895 _“
1831 4823 1974 4882 ibid.

2123 4827 2207 4881 14.
2300 4824 2344 4858 ⁵⁸
2371 4823 2540 4879 Joan.
2582 4839 2682 4893 vn,
2724 4823 2813 4878 38.
2908 4824 2952 4858 ⁸⁸
2982 4823 3126 4880 ibid.
3167 4824 3256 4878 39.
3350 4825 3392 4860 ⁵⁷
3421 4825 3540 4882 Jer.
3582 4842 3644 4895 ιι,
3687 4825 3774 4880 13.

1003 4892 1046 4926 ⁵ο
1077 4889 1389 4957 Θρηοεῖνι,
1421 4892 1476 4946 3.
1563 4892 1609 4926 ⁶⁰
1641 4892 1794 4949 Psal.
1828 4911 1947 4964 vni,
1981 4899 2036 4954 5.

375 3318 648 3393 ὀργίζεται
690 3321 806 3376 τοῖς
858 3316 1204 3390 ἀνθρώποις,
1254 3318 1342 3370 τὸν
1397 3319 1569 3371 πάντα
1619 3317 1903 3392 ἄνθρωπον
1954 3320 2020 3383 τῇ

378 3417 517 3490 ὀργῇ
550 3413 898 3486 ὑποκείμενον
928 3410 1016 3467 ἕνα
1065 3415 1346 3489 ἄνθρωπον
1392 3413 1568 3468 καλεῖ·
1602 3415 1690 3469 καὶ
1740 3413 1828 3469 ὅτε
1868 3413 2020 3470 διαλ-

380 3504 628 3559 λάσσεται
658 3503 736 3572 τῷ
777 3502 992 3574 κόσμῳ,
1043 3503 1116 3564 ὡς
1168 3503 1244 3557 ἐνὶ
1299 3504 1568 3576 ἀνθρώπῳ
1617 3501 2017 3558 διαλλοὶσσεται⁸

377 3592 490 3646 οἷον
523 3591 707 3665 ἐπάγει
753 3591 1136 3664 κατακλυσμὸν
1190 3589 1279 3645 διὰ
1322 3592 1421 3661 τήν
1473 3591 1762 3668 ἁμαρτίαν,
1791 3592 1878 3646 καὶ
1931 3591 2019 3648 λέ-

373 3681 518 3756 γειὸ
564 3681 713 3741 Θεὸς·
766 3705 792 3731 ‹‹
845 3679 916 3733 Οὐ
966 3681 1041 3752 μὴ
1093 3679 1386 3754 καταμείνῃ
1432 3680 1494 3735 τὸ
1545 3681 1764 3754 Πνεῦμά
1815 3702 1918 3754 μου
1969 3681 2019 3736 ἐν

370 3775 488 3830 τοῖς
518 3769 820 3844 ἀνθρώποις
851 3769 1086 3840 τούτοις,
1138 3769 1226 3824 καὶ
1277 3767 1542 3843 ἐξαλείψω
1589 3771 1678 3824 τὸν
1713 3771 2020 3844 ἄνθρωπον,

369 3868 428 3922 ὃν
491 3852 740 3938 έποίησα.
796 3893 824 3920 ››
885 3867 1069 3922 Καίτοι
1125 3868 1226 3922 οὐκ
1279 3869 1346 3938 ἦν
1404 3870 1502 3939 εἷς,
1557 3867 1704 3923 ἀλλά
1765 3867 2020 3944 μυριάδες

371 3957 624 4032 ἄπειροι·
677 3954 822 4011 ἀλλὰ
865 3960 944 4027 τῷ
1005 3955 1230 4028 ὀνόματι
1281 3960 1380 4025 τῆς
1445 3956 1654 4034 φύσεως
1698 3957 1788 4011 τὸν
1853 3959 2023 4012 πάντα

372 4042 647 4119 ἄνθρωπον
695 4042 787 4099 ἕνα
826 4043 1074 4100 ἐκάλεσεν
1124 4044 1406 4118 ἄνθρωπον
1458 4043 1546 4099 διὰ
1585 4045 1649 4099 τὸ
1699 4047 1872 4100 κοινὸν
1921 4049 2018 4115 τῆς

371 4132 578 4195 οὐσίας.
616 4134 711 4188 Καὶ
741 4133 904 4189 πάλιν
961 4133 1108 4208 λέγει
1160 4132 1343 4188 Δαυίδ⁸
1381 4159 1408 4185 ‹‹
1440 4135 1500 4188 Τί
1533 4133 1673 4188 ἐστιν
1713 4135 2018 4210 ἄνθρωπος,

371 4231 453 4284 δτι
490 4234 770 4304 μιμνήσκῃ
800 4233 914 4302 (34)
946 4232 1131 4299 αὐτοῦ,
1164 4232 1197 4298 ἢ
1227 4231 1341 4292 υἱὸς
1373 4231 1684 4305 ἀνθρώπου,
1709 4231 1790 4285 ὅτι
1814 4231 2021 4287 ἐπισκέ-

370 4341 476 4393 πτῃ
506 4319 661 4373 αὐτόν
698 4337 711 4387 ;
749 4343 772 4369 ››
806 4319 924 4394 Οὐχ
953 4319 1034 4373 ὅτι
1065 4316 1155 4373 ἕνα
1203 4317 1487 4392 ἄνθρωπον
1537 4317 1814 4391 ἐσκέψατο·
1851 4326 2021 4375 πᾶσαν

371 4409 475 4482 γαρ
532 4409 628 4475 τήν
689 4407 1013 4477 οἰκουμένην
1072 4403 1275 4478 ἤγειρε.
1304 4406 1413 4459 Ἑνὶ
1465 4402 1522 4458 δὲ
1571 4405 1824 4478 συντόμῳ
1871 4427 2018 4481 χρη-

443 4822 487 4855 ⁵²
521 4821 673 4876 Psal.
701 4836 788 4884 ον,
834 4821 917 4875 14.

2300 4824 2344 4858 ⁵⁸
2371 4823 2540 4879 Joan.
2582 4839 2682 4893 vn,
2724 4823 2813 4878 38.

369 4892 414 4926 ⁸⁸
445 4892 594 4946 Psal.
626 4908 792 4959 xxxv,
829 4893 913 4947 10.

445 5031 554 5099 (29)
588 5031 945 5098 Basiliensis,
982 5033 1143 5104 Ἄρα.

443 5119 555 5190 (30)
589 5118 949 5187 Basiliensis,
982 5119 1188 5188 Ἠλίας,
1219 5137 1352 5176 cum
1386 5121 1543 5177 tenui
1578 5123 1812 5190 spiritu.

2127 5036 2325 5108 scripti
2347 5052 2511 5108 vero,
2543 5034 2604 5108 τὸ
2639 5039 2856 5108 Πνεῦμα
2885 5038 2946 5090 τὸ
2986 5033 3236 5108 διπλοῦν.

2197 5106 2492 5189 (33)-βίω,
2528 5106 2744 5189 οὐχ-δτι
2774 5106 3056 5189 τρεῖςὲεξσι
3097 5110 3228 5178 θεοί,
3283 5108 3340 5189 in
3388 5109 3673 5189 Yaticang
3716 5117 3772 5168 et

447 5208 562 5277 (31)
599 5215 780 5262 Locus
838 5209 1114 5266 Hebraice
1163 5210 1248 5265 sic
1299 5210 1492 5277 habet,
1544 5208 1688 5272 tn‘m
1736 5224 1868 5274 mni
1908 5226 2017 5277 rm:

375 5305 484 5386 κγ,
525 5307 608 5386 ςγδι
649 5281 820 5355 miLm
865 5298 920 5351 id
969 5305 1074 5386 est.
1112 5301 1212 5356 Ubi
1238 5304 1321 5354 est
1349 5300 1492 5354 Deus
1518 5302 1660 5357 Elia:
1682 5305 1850 5359 etiam
1879 5307 2014 5377 ipse,

375 5383 849 5461 ve_l_eliam_n_unc.
884 5385 1056 5461 Quasi
1092 5387 1326 5461 d_i_ce_ret,
1369 5403 1474 5461 cur
1517 5405 1630 5461 non
1674 5392 1802 5461 jam
1851 5394 2019 5450 adest

374 5455 544 5539 mihi,
576 5461 639 5511 ut
668 5455 800 5539 Elite
841 5457 1060 5539 aderat.
1116 5457 1256 5513 Male
1307 5459 1488 5539 igitur
1533 5459 1646 5539 hic,
1675 5455 1862 5539 ’ᾀφφῴ
1911 5482 2014 5539 pro

374 5473 544 5521 mum,
576 5473 639 5511 ut
669 5473 800 5511 unae
841 5473 1060 5538 aderat.
1117 5473 1256 5513 male
1307 5473 1488 5584 igitur
1533 5473 1646 5526 mc,
1702 5473 1862 5539 άφφώ
1911 5482 2014 5538 pro

372 5525 558 5610 ἄμφω,
592 5528 853 5610 positum
894 5529 1297 5610 dicitu.r,.cum
1340 5531 1644 5610 _onge_alia
1673 5535 1750 5610 sit
1777 5537 1905 5610 ejus
1936 5538 2014 5594 si-

371 5597 688 5672 gniﬁcatio.
730 5600 975 5668 Ibidem,
1025 5597 1188 5669 editi,
1241 5597 1463 5675 Πνεῦμοῖ
1504 5598 1756 5662 διπλοῦν.
1803 5597 2016 5666 Manu-

2127 5178 2388 5254 ineditis
2419 5183 2489 5234 ad
2525 5178 2764 5254 modum
2797 5178 3194 5254 titulijacent,
3237 5181 3337 5236 sed
3391 5181 3448 5237 in
3497 5183 3770 5240 omnibus

2128 5251 2256 5327 aliis
2290 5252 2709 5327 manuscriptis
2740 5251 3186 5323 consequentur
3204 5257 3504 5324 ponuntur
3536 5271 3549 5309 :
3590 5260 3766 5327 atque

2127 5325 2207 5379 ita
2237 5323 2596 5396 restituenda
2629 5324 2808 5396 fuisse
2840 5331 2996 5396 patet
3025 5343 3090 5381 ex
3121 5323 3412 5396 contextu.

2197 5393 2308 5467 (33)
2341 5393 2676 5467 Basiliensis
2708 5402 2762 5449 et
2795 5387 3170 5467 Anglicanus,
3203 5393 3291 5449 καὶ
3319 5394 3382 5448 τὸ
3413 5387 3608 5466 ὄνομα.

2195 5466 2303 5533 (34)
2337 5465 2716 5538 Anglicanus,
2751 5465 3073 5538 μιμνῆσκοι.

2337 5534 2600 5609 Τῷθθείῳ,
2629 5534 2792 5595 deest
2820 5534 2880 5595 in
2916 5534 3144 5613 'Anglic.
3194 5538 3346 5606 Mox,
3395 5535 3445 5590 ἐν
3495 5538 3656 5594 deest
3705 5540 3766 5597 in

2207 5625 2254 5664 ει
2285 5647 2302 5664 .

2207 5625 2302 5664 811.
