4100 6224
438 330 516 387 39
1631 322 1699 381 S.
1744 318 2266 380 ATHANASIUS.
2306 352 2374 363 —
2412 322 2677 382 DUBIA.
3777 330 3858 389 40

430 458 707 512 eamdem
741 470 868 511 esse
903 458 1198 522 naturam,
1239 460 1289 508 el
1322 454 1392 507 de
1421 452 1590 523 equis
1622 455 1677 505 et
1720 451 1789 504 de
1842 448 2083 504 homini-

2206 467 2312 500 των
2368 446 2417 502 έν
2478 451 2546 521 τῇ
2598 448 2859 522 θαλάσσῃ,
2893 448 2980 503 καί
3037 453 3169 518 ’ἦσαν
3222 450 3426 508 πολλοὶ
3478 455 3747 529 ἅνθρωποι
3805 458 3857 512 οἱ

438 546 571 615 bus,
624 547 707 599 ita
754 545 871 598 haec
922 545 1051 598 ait:
1113 564 1139 593 «ι
1168 546 1484 597 Cantemus
1546 540 1808 604 Domino,
1842 537 2095 611 gloriose

438 635 597 689 enim
632 633 1042 705 magnificatus
1082 636 1191 699 est,
1247 646 1465 701 equum
1519 629 1565 683 ϐ
1617 633 1673 683 et
1724 641 2093 682 ascensorem

438 723 653 794 dejecit
700 722 759 776 in
810 737 969 776 mare
998 722 1094 775 δίε
1147 724 1379 775 tantum
1436 733 1746 773 numerum
1805 731 2091 787 equorum

441 828 660 882 equum
702 827 886 866 unum
940 809 1274 881 appellavit,
1308 809 1379 863 ob
1412 805 1887 862 communionem
1917 808 2089 859 natu-

442 918 513 955 rae
560 916 573 955 :
633 906 689 955 et
740 899 994 953 virorum
1055 897 1493 953 multitudinem
1553 910 1737 950 unum
1790 892 2089 948 hominem

441 988 845 1059 nuncupavit:
898 1003 1113 1058 equum
1173 984 1327 1040 enim
1378 988 1434 1039 et
1483 999 1851 1039 ascensorem
1883 981 1983 1049 ait,
2016 980 2088 1035 ob

437 1083 659 1133 natura
691 1076 1052 1132 societatem.
1084 1075 1144 1131 Si
1176 1073 1362 1146 igitur
1392 1073 1451 1127 in
1484 1072 1842 1136 hominibus,
1874 1070 1975 1125 ubi
2022 1086 2089 1124 ea

437 1183 567 1238 quis
600 1171 822 1220 naturae
853 1170 991 1220 sunt
1012 1165 1480 1227 confunduntur,
1504 1162 1604 1216 ubi
1636 1161 1949 1215 discrimen
1981 1159 2092 1213 for-

441 1273 566 1322 mae,
602 1254 847 1320 roboris,
881 1260 937 1309 et
965 1253 1191 1307 consilii
1229 1268 1240 1307 :
1288 1267 1661 1322 nequaquam
1694 1249 1848 1304 enim
1883 1249 1941 1302 in
1975 1247 2089 1302 illis

438 1361 546 1416 par
577 1343 887 1408 sententia,
923 1358 1111 1413 neque
1142 1343 1361 1405 formae,
1396 1355 1578 1409 neque
1610 1339 1794 1393 vires:
1829 1337 2089 1393 dissimi-

442 1429 527 1485 les
562 1430 696 1485 item
732 1428 943 1501 linguae
977 1433 1134 1494 sunt,
1170 1428 1327 1481 unde
1359 1425 1557 1492 etiam,
1594 1423 1845 1498 μέροπες,
1894 1425 1949 1478 id
2003 1428 2093 1479 est

440 1518 637 1573 divisae
671 1519 849 1583 vocis,
872 1517 1141 1573 homines
1174 1515 1468 1571 dicuntur.
1492 1514 1639 1580 Quin
1671 1514 1847 1569 etiam
1882 1514 1953 1569 ob
1988 1531 2089 1568 na-

439 1612 581 1662 turae
633 1606 1135 1672 communionem,
1182 1609 1342 1659 totus
1391 1610 1681 1659 terrarum
1730 1604 1888 1657 orbis
1936 1618 2090 1657 unus

440 1697 616 1751 homo
649 1700 1022 1767 nuncupatus
1051 1699 1158 1749 est.
1192 1693 1299 1749 Ubi
1332 1709 1464 1749 vero
1509 1690 1763 1747 indivisa
1805 1691 2088 1762 dignitas,

439 1802 623 1840 unum
661 1801 927 1856 regnum,
964 1800 1079 1838 una
1130 1783 1407 1854 potentia,
1442 1780 1772 1850 consilium,
1807 1780 2083 1848 efﬁcacia,

2197 1803 2477 1878 ἅνθρωπος
2526 1803 2754 1875 ἐκλήθη.
2800 1780 2978 1863 ’Ὁπου
3029 1804 3085 1861 δὲ

438 1875 786 1929 Trinitatem
809 1873 1175 1944 distinguens
1206 1889 1238 1927 a
1269 1878 1568 1937 creatura;
1603 1871 1680 1924 ibi
1717 1886 1897 1925 unum
1931 1869 2086 1923 afﬁr-

438 1981 533 2019 mo
585 1962 792 2018 Deum.
844 1962 945 2017 Sin
995 1966 1212 2027 autem,
1264 1960 1418 2032 quod
1467 1960 1671 2024 Deum,
1705 1965 1759 2013 et
1790 1958 1996 2025 Deum,
2029 1962 2087 2013 et

438 2058 617 2108 Deum
653 2051 800 2117 dico,
834 2056 955 2106 tres
983 2050 1113 2104 ideo
1146 2050 1284 2103 deos
1318 2049 1611 2103 constituo
1642 2066 1654 2102 :
1709 2053 1765 2102 et
1811 2064 1944 2101 cum
1995 2048 2085 2103 aio

440 2140 772 2207 Dominum,
823 2144 879 2195 et
927 2138 1263 2206 Dominum,
1320 2143 1378 2192 et
1427 2138 1759 2205 Dominum,
1792 2140 1910 2190 tres
1954 2136 2082 2191 dico

439 2230 715 2286 Dominos
752 2246 763 2283 :
820 2228 868 2283 si
920 2244 1078 2299 ergo,
1114 2232 1282 2303 Pater
1336 2226 1641 2290 Dominus,
1676 2225 1855 2280 Filius
1889 2225 2080 2279 Domi-

436 2337 567 2381 nus,
604 2318 857 2389 Spiritus
889 2322 1131 2371 sanctus
1167 2314 1468 2383 Dominus,
1492 2314 1782 2385 quomodo
1814 2317 1898 2376 tu,
1936 2316 2080 2383 Apo-

433 2409 581 2464 stole
612 2405 910 2479 legislator
929 2403 1212 2466 veritatis,
1238 2407 1517 2473 patronus
1550 2401 1869 2473 religionis,
1893 2400 2079 2471 Ephe-

434 2497 541 2553 siis
573 2494 840 2552 clamasti
872 2494 1073 2549 dicens
1107 2508 1121 2547 :
1169 2517 1195 2541 α
1234 2495 1397 2546 Unus
1428 2492 1729 2555 Dominus,
1766 2507 1883 2544 una
1915 2490 2077 2559 ﬁdes,

431 2603 615 2642 unum
666 2582 961 2655 baptisma
989 2581 1136 2636 σει»
1195 2580 1355 2636 Unus
1411 2580 1693 2634 Dominus
1752 2580 2077 2633 secundum

431 2673 953 2731 sanctificationem
989 2669 1458 2739 seraphinorum.
1492 2668 1636 2722 Nam
1668 2673 1724 2721 et
1754 2666 1834 2720 illi
1868 2667 2079 2722 clama-

431 2764 573 2818 bant
607 2779 619 2816 :
673 2786 700 2813 ‹‹
733 2762 999 2825 Sanctus,
1034 2762 1296 2823 sanctus,
1346 2761 1585 2811 sanctus
1633 2755 1915 2811 Dominus
1945 2757 2004 2810 ⁸³.
2046 2777 2075 2805 ››

432 2851 595 2916 Quod
649 2851 697 2905 si
750 2846 1178 2904 contentiosius
1237 2850 1412 2917 agant
1461 2844 1737 2907 haeretici,
1770 2850 1825 2899 et
1855 2844 2071 2912 dicant,

432 2940 612 2996 alium
646 2955 773 2992 esse
804 2937 1169 2992 dominatum
1202 2934 1410 2997 Patris,
1444 2933 1623 2988 alium
1680 2933 1825 3000 Filii,
1874 2933 2074 3002 miror,

434 3046 538 3084 cur
558 3029 889 3083 sustineant
910 3025 1140 3080 duobus
1161 3022 1417 3078 dominis
1438 3023 1739 3090 inservire,
1766 3039 1870 3076 vox
1896 3022 2076 3093 siqui-

432 3119 564 3173 dem
593 3116 815 3171 Domini
849 3120 970 3169 est:
1010 3134 1031 3163 ι
1056 3113 1236 3168 Nemo
1268 3115 1458 3183 potest
1483 3112 1696 3166 servire
1726 3112 1955 3166 duobus
1978 3111 2076 3165 do-

435 3205 612 3261 minis
633 3205 698 3257 5‘.
724 3224 748 3253 ι»
779 3204 838 3259 Si
873 3201 1023 3257 alius
1044 3204 1132 3256 est
1161 3200 1496 3255 dominatus
1521 3200 1728 3265 Patris,
1754 3199 1903 3253 alius
1928 3198 2077 3267 Filii,

431 3302 488 3351 et
518 3293 730 3349 dividis
760 3296 1125 3363 potestatem,
1149 3289 1442 3359 quomodo
1465 3306 1640 3359 regno
1664 3289 1880 3342 servies
1899 3289 1925 3341 ?
1956 3292 2081 3341 Non

438 3387 628 3456 potest
641 3383 670 3435 d
685 3383 870 3435 uabus
890 3380 1205 3433 unaobtcm
1218 3376 1402 3449 perari
1423 3376 1953 3448 potestatibus,nisi
1968 3376 2085 3430 sint

434 3474 635 3528 eadem
660 3467 1159 3540 dignitate.Nemo
1185 3466 1389 3520 adorat
1412 3482 1627 3535 regem,
1647 3470 1703 3518 et
1725 3466 2080 3535 praefectum.

438 3562 546 3617 Ubi
568 3560 721 3614 enim
748 3574 851 3629 par
874 3555 1152 3625 dignitas,
1178 3572 1280 3626 par
1304 3570 1535 3625 quoque
1558 3554 1839 3609 adoratio.
1866 3556 1927 3607 In
1961 3552 2084 3624 pari

435 3650 717 3719 dignitate
736 3664 849 3701 non
871 3650 957 3700 est
975 3660 1187 3716 pugna.
1207 3642 1558 3714 Imparilitas
1578 3658 1830 3713 pugnaui
1852 3642 2080 3697 excitat:

433 3739 736 3811 inqualitas
772 3752 971 3807 pacem
998 3738 1212 3787 tuetur.
1238 3733 1360 3786 Non
1398 3731 1659 3802 permisit
1694 3731 1793 3785 tibi
1818 3731 2084 3786 Christus

431 3829 689 3884 dividere
714 3826 1016 3887 honorem,
1042 3838 1172 3876 cum
1203 3822 1423 3875 diceret
1450 3837 1460 3873 :
1496 3843 1522 3868 ‹‹
1552 3820 1679 3874 Πωο
1704 3824 1793 3874 est
1817 3818 2085 3874 voluntas

432 3916 619 3973 Patris
645 3913 778 3980 mei,
804 3919 868 3967 ut
896 3928 1101 3967 omnes
1134 3910 1423 3965 honorent
1444 3907 1673 3972 Filium,
1701 3908 2082 3978 quemadmo~

435 4008 576 4061 dum
609 4009 664 4058 et
687 4007 915 4056 Patrem
937 4002 1001 4055 ⁵⁸.
1030 4023 1056 4049 n
1090 3999 1319 4054 Honora
1350 3998 1599 4063 Patrem,
1628 4001 1692 4051 ut
1723 3997 1971 4051 honores
1997 3996 2084 4050 Fi-

438 4094 605 4156 lium,
626 4093 708 4145 vel
747 4089 941 4161 potius
967 4089 1185 4142 honora
1211 4087 1439 4155 Filium,
1466 4091 1525 4141 ut
1558 4085 1807 4140 honores
1830 4085 2083 4139 Patrem.

437 4179 861 4236 Contumeliam
896 4178 953 4231 in
983 4176 1189 4230 Filium
1214 4176 1367 4230 Deus
1399 4192 1566 4230 suam
1602 4180 1795 4245 putat;
1829 4173 2087 4229 Salvator

437 4270 592 4325 enim
628 4268 743 4322 ait:
779 4265 935 4329 «Qui
971 4264 1092 4320 odit
1121 4268 1311 4329 me,et
1332 4264 1556 4318 Patrem
1594 4278 1785 4317 meum
1820 4263 2026 4317 odit“.
2055 4283 2084 4311 η

435 4358 517 4413 Ne
540 4356 873 4411 existiment
896 4352 1173 4421 hwretici,
1190 4368 1250 4407 se
1272 4350 1582 4423 gratiﬁcari
1603 4352 1733 4421 Deo,
1749 4368 1881 4406 eum
1908 4351 2087 4422 majo-

436 4463 557 4501 rem
578 4444 720 4499 Filio
741 4442 1206 4514 pronuntiantes.
1226 4440 1350 4496 Non
1370 4438 1573 4510 recipit
1590 4440 1700 4493 sibi
1719 4439 1887 4494 Pater
1908 4439 2085 4494 bono-

2210 536 2544 609 βυθισυέντες
2606 539 2721 609 μετ’
2775 536 3001 604 ἐκείνου,
3060 539 3147 593 καὶ
3201 539 3363 594 ’ίπποι
3420 542 3651 597 πολλοί⁶
3708 546 3735 598 6
3796 543 3854 600 δὲ

2204 629 2406 692 Μωσῆς
2433 622 2612 692 εἰδὼς,
2643 624 2727 679 ὅτι
2758 626 2970 680 πάντων
3020 630 3126 681 τῶν
3178 628 3530 703 βυθισθέντων
3565 631 3662 704 μία
3710 632 3853 687 ἐστὶν

2202 724 2237 790 ἡ
2270 720 2447 798 φύσις,
2480 723 2570 776 καὶ
2618 725 2741 797 περὶ
2789 728 2895 777 τῶν
2939 723 3124 779 ’ίππων
3174 727 3261 781 καὶ
3312 729 3436 804 τερὶ
3484 733 3591 783 τῶν
3644 728 3854 807 ἀνδρῶν

2203 808 2373 885 λέγει’
2432 832 2455 861 α
2505 813 2759 885 ”ᾼσωμεν
2809 817 2887 884 τῷ
2934 815 3144 889 Κυρίῳ·
3192 813 3421 889 ἐνδόξως
3476 819 3580 893 γὰρ
3633 816 3851 890 δεδόξα-

2199 919 2339 953 σται·
2394 898 2563 955 ’ίππον
2623 900 2712 955 καὶ
2772 896 3041 973 ἀναϐάτην
3094 901 3307 979 ἔῤῥιψεν
3369 904 3445 967 εἷς
3493 904 3783 961 Θάλασσανο
3820 932 3849 961 ››

2199 988 2312 1059 (36)
2341 986 2408 1042 τὰ
2436 987 2621 1059 πλήθη
2655 993 2762 1043 τῶν
2790 987 2976 1044 ἵππων
3009 989 3256 1046 ἐκάλεσεν
3286 990 3457 1046 ’ίππον
3488 990 3581 1048 ἵνα
3632 992 3717 1048 διὰ
3746 997 3847 1064 τὴν

2200 1075 2486 1130 κοινωνίαν
2514 1084 2613 1146 τῆς
2648 1076 2878 1154 φύσεως,
2911 1079 2999 1132 καὶ
3028 1081 3095 1133 τὰ
3124 1078 3313 1151 πλήθη
3347 1086 3451 1136 τῶν
3485 1080 3693 1158 ἀνδρῶν
3730 1083 3849 1139 ἐκά-

2201 1160 2353 1217 λεσεν
2384 1162 2479 1219 ἕνα
2508 1166 2812 1241 ἄνθρωπον·
2842 1166 3013 1222 *ίππον
3046 1170 3149 1244 γὰρ
3182 1170 3270 1223 καὶ
3304 1166 3573 1241 ἀναϐάτην
3615 1172 3731 1226 είπε
3762 1170 3851 1227 διὰ

2200 1253 2297 1321 τὴν
2327 1255 2607 1308 κοινωνίαν
2638 1262 2738 1323 τῆς
2771 1255 3001 1333 φύσεως.
3038 1257 3099 1311 Et
3132 1256 3222 1311 οὖν
3257 1257 3307 1312 ἐν
3352 1266 3468 1321 τοῖς
3515 1260 3849 1335 ἀνθρώποις,

2201 1349 2337 1404 ὅπου
2370 1351 2693 1428 συγκέχυται
2727 1354 2791 1407 τὰ
2820 1360 2919 1423 τῆς
2953 1355 3181 1431 φύσεως,
3213 1356 3349 1410 ὅπου
3384 1354 3613 1434 διάφορα
3654 1364 3721 1412 τὰ.
3750 1366 3851 1428 τῆς

2204 1447 2440 1517 μορφῆς,
2467 1442 2552 1495 καὶ
2589 1439 2887 1515 δυνάμεως.
2920 1444 3008 1497 καὶ
3045 1442 3273 1519 βουλῆς·
3311 1445 3373 1499 οὐ
3404 1448 3502 1521 γὰρ
3536 1447 3675 1501 ἐστιν
3726 1445 3849 1503 οὔτε

2198 1530 2391 1603 γνώμή
2446 1527 2559 1598 ἴση,
2611 1528 2733 1585 οὔτε
2786 1533 3000 1608 μορφὴ,
3053 1529 3176 1587 οὔτε
3230 1533 3404 1609 ἰσχύς·
3458 1536 3545 1588 καὶ
3597 1531 3847 1613 διάφοροι

2199 1616 2479 1691 γλῶτται·
2532 1615 2615 1671 διὸ
2660 1619 2747 1673 καὶ
2803 1619 3075 1693 ἄνθρωποι
3132 1623 3363 1696 μέροπες
3413 1620 3665 1697 λέγονται
3709 1627 3843 1697 (37)-

2202 1715 2345 1771 ἀλλὰ
2377 1714 2464 1770 διὰ
2500 1716 2562 1770 τὸ
2593 1717 2770 1771 κοινὸν
2803 1724 2900 1785 τῆς
2949 1718 3158 1795 φύσεως
3199 1720 3341 1774 πὰσα
3370 1722 3403 1789 ἡ
3440 1720 3733 1793 οἰκουμένη
3770 1722 3845 1785 εἷς

3134 1807 3421 1883 ἀμέριστος
3470 1811 3503 1877 ἡ
3551 1808 3689 1879 ἀξία,
3749 1811 3845 1883 μία

2202 1893 2468 1968 βασιλεία,
2505 1894 2602 1966 μία
2634 1892 2885 1967 δύναμις,
2917 1896 3005 1949 καὶ
3043 1894 3242 1971 βουλὴ,
3275 1896 3362 1951 καὶ
3412 1896 3667 1973 ἐνέργεια,
3705 1896 3843 1952 ἴδιά-

2199 1988 2359 2051 ζουσα
2388 1983 2484 2051 τὴν
2517 1980 2717 2057 Τριάδα
2766 1984 2871 2037 ἀπὸ
2918 1991 3018 2053 τῆς
3067 1983 3313 2055 κτίσεως,
3363 1983 3453 2040 ἕνα
3503 1986 3649 2060 λέγω
3690 1984 3838 2047 Θεὸν.

2194 2080 2255 2134 Εἰ
2290 2078 2368 2149 δὲ,
2402 2079 2490 2134 διὰ
2537 2082 2598 2134 τὸ
2651 2079 2824 2155 λέγειν
2872 2081 3019 2150 Θεὸν,
3071 2082 3158 2135 καὶ
3208 2082 3356 2150 Θεὸν,
3391 2084 3477 2137 καὶ
3511 2085 3661 2156 Θεὸν,
3695 2091 3841 2159 τρεῖς

2194 2168 2341 2243 λέγω
2373 2171 2553 2231 Θεούςο
2598 2169 2685 2223 καὶ
2735 2169 2821 2223 ἐὰν
2870 2168 3005 2223 εἷ’πω
3053 2170 3268 2244 Κύριον,
3318 2171 3407 2225 καὶ
3462 2172 3696 2246 Κύριον,
3750 2174 3839 2227 καὶ

2194 2258 2416 2333 Κύριον,
2464 2264 2611 2332 τρεῖς
2661 2256 2805 2333 λέγω
2840 2257 3089 2334 Κυρίους·
3126 2259 3170 2313 εί
3225 2261 3395 2313 τοίνυν
3430 2262 3457 2315 6
3500 2262 3681 2337 Πατὴρ
3730 2262 3838 2316 Κύο

2192 2366 2329 2419 ριος,
2363 2347 2451 2400 καὶ
2485 2348 2513 2400 6
2548 2346 2667 2407 Υἱὸς
2701 2347 2919 2422 Κύριος,
2952 2347 3038 2401 καὶ
3087 2347 3149 2401 τὸ
3184 2353 3397 2421 Πνεῦμα
3445 2350 3505 2403 τὸ
3548 2352 3698 2424 ἅγιον
3733 2351 3835 2404 Κύ-

2190 2455 2329 2507 ριος,
2360 2439 2477 2496 πῶς
2530 2435 2612 2505 σὺ,
2665 2436 2709 2487 ὦ
2756 2434 3077 2503 Ἀπόστολε,
3129 2437 3155 2490 6
3205 2440 3507 2509 νομοθέτης
3553 2446 3652 2507 τῆς
3699 2436 3837 2507 ἀλη-

2188 2525 2351 2587 Θείας,
2413 2524 2441 2576 6
2502 2526 2794 2598 συνήγορος
2842 2527 2939 2591 τῆς
3002 2520 3300 2596 εὐσεϐείας,
3362 2526 3625 2602 Ἐφεσίοις
3680 2523 3835 2589 έϐὸας

2189 2610 2385 2687 λέγων’
2420 2637 2447 2662 ‹‹
2500 2611 2591 2673 Εἷς
2643 2612 2878 2687 Κύριος,
2934 2613 3027 2684 μία
3076 2613 3274 2683 πίστις,
3324 2613 3379 2668 ἓν
3434 2614 3711 2689 βάπτισμα
3758 2636 3835 2686 ;››

2186 2710 2281 2769 Εἷς
2340 2709 2534 2783 Κύριος
2587 2710 2721 2762 κατὰ
2767 2710 2855 2762 τὸν
2914 2710 3173 2784 ἀγιασμὸν
3233 2714 3340 2763 τῶν
3400 2711 3679 2788 σεραιρίμ⁸
3736 2712 3826 2767 καὶ

2184 2798 2286 2871 γὰρ
2335 2797 2509 2851 ἐκεῖνα
2558 2792 2707 2867 ἐϐόα,
2738 2822 2767 2849 (ι
2817 2800 3039 2871 Ἄγιος,
3090 2800 3284 2874 ἅγιος,
3330 2799 3483 2873 ἅγιος
3536 2801 3748 2877 Κύριος.
3798 2826 3822 2856 ι

2185 2885 2247 2938 Εἰ
2294 2881 2349 2937 δὲ
2401 2883 2796 2960 φιλονεικοῦσιν
2849 2886 2899 2937 οἱ
2952 2886 3239 2959 αἱρετικοὶ,
3288 2886 3378 2939 καὶ
3430 2885 3700 2962 λέγουσιν,
3747 2888 3830 2942 ὅτι

2185 2971 2329 3038 ἄλλη
2364 2972 2620 3047 κυριότης
2653 2978 2749 3025 τοῦ
2784 2974 3013 3048 Πατρὸς,
3050 2972 3193 3043 ἄλλη
3227 2979 3321 3027 τοῦ
3355 2975 3502 3043 Υἱοῦ,
3549 2978 3829 3049 θαυμάζω,

2183 3074 2299 3130 πῶς,
2333 3069 2614 3143 ἀνέχονται
2648 3067 2920 3123 δουλεύειν
2976 3067 3094 3123 δυσὶ
3146 3070 3373 3146 κυρίοις
3427 3076 3523 3125 τοῦ
3573 3074 3675 3146 γὰρ
3729 3080 3834 3128 Κυ-

2194 3158 2311 3231 ρίου
2345 3157 2453 3211 ὲστὶ
2504 3159 2680 3233 φωνὴ,
2718 3183 2743 3209 u
2776 3156 2961 3219 Οὐδεὶς
3011 3157 3226 3213 δύναται
3282 3156 3398 3213 δυσὶ
3456 3161 3665 3233 κυρίοις
3715 3159 3833 3216 600-

2193 3245 2387 3300 λεύειν.
2426 3269 2452 3296 ››
2486 3245 2547 3301 Εἰ
2581 3243 2724 3313 ἄλλη
2758 3243 3017 3320 κυριότης
3052 3249 3280 3323 Πατρὸς,
3312 3247 3401 3301 καὶ
3455 3248 3601 3317 ἄλλη
3652 3249 3835 3324 κυριό-

2189 3354 2287 3403 της
2322 3335 2469 3400 Υἱοῦ,
2500 3333 2585 3387 καὶ
2642 3334 2874 3408 μερίζεις
2922 3336 3018 3402 τὴν
3073 3336 3349 3408 ἐξουσίαν,
3394 3342 3510 3398 πῶς
3560 3337 3836 3414 λατρεύεις

2190 3426 2258 3495 τῇ
2308 3420 2555 3497 βασιλείᾳ
2588 3441 2601 3491 ;
2635 3422 2711 3479 Οὐ
2745 3420 2959 3477 δύναται
3013 3422 3368 3499 λατρευΘῆναι
3415 3423 3509 3479 δύο
3560 3426 3838 3499 ἀξιώματα

2190 3522 2325 3575 κατὰ
2352 3522 2414 3575 τὸ
2444 3520 2627 3589 αὐτοῦ,
2672 3522 2758 3574 ἐὰν
2814 3523 2888 3594 μὴ
2942 3520 3183 3595 ὁμιῧτιμα
3319 3521 3508 3585 Οὐδεὶς
3546 3531 3837 3600 προσκυνεῖ

2197 3608 2421 3684 βασιλέα
2450 3610 2537 3663 καὶ
2571 3610 2828 3684 ἄρχοντα”
2866 3610 3001 3664 ὅπου
3032 3612 3134 3685 γὰρ
3168 3612 3438 3684 ὁμότιμος
3469 3615 3502 3681 ἡ
3536 3613 3672 3684 ἀξία,
3707 3613 3838 3685 ὁμό-

2190 3721 2351 3772 τιμος
2382 3699 2469 3752 καὶ
2510 3701 2543 3767 ἡ
2592 3699 2975 3773 προσκύνησις.
3034 3702 3117 3754 Ἐν
3168 3706 3246 3772 τῷ
3295 3701 3390 3774 ξ’σιρ
3440 3703 3704 3774 ἀξιώματι
3739 3702 3836 3755 οὐκ

2194 3786 2302 3841 ἔστι
2339 3787 2514 3861 μάχη.
2547 3788 2616 3841 Τὸ
2670 3788 2849 3841 ἄνισον
2902 3789 3095 3863 έγείρει
3148 3791 3248 3857 τὴν
3307 3790 3511 3865 μάχηψ
3542 3791 3603 3845 τὸ
3636 3788 3691 3844 δὲ
3727 3790 3834 3844 ἴσον

2198 3872 2449 3952 βραϐεύει
2477 3878 2576 3943 τὴν
2627 3875 2870 3950 εἰρήνην.
2905 3877 2981 3933 Οὐ
3030 3880 3381 3953 συνεχώρησε
3433 3882 3571 3932 σοιὸ
3606 3880 3833 3950 Χριστὸς

2198 3974 2409 4049 μερίσαι
2458 3975 2557 4041 τὴν
2605 3975 2795 4046 τιμὴν,
2848 3972 3031 4027 εἰπών·
3068 4000 3095 4027 (ι
3134 3972 3302 4029 Τοῦτό
3353 3976 3464 4031 ὶστι
3510 3977 3573 4030 τὸ
3621 3975 3837 4049 Θέλημα

2191 4068 2288 4117 τοῦ
2320 4062 2525 4138 Πατρὸς
2555 4083 2678 4135 μου,
2727 4061 2819 4117 ’ίνα
2866 4065 3062 4125 πάντες
3110 4069 3309 4137 τιμῶσι
3360 4066 3450 4119 τὸν
3481 4065 3627 4132 Υἱὸν,
3658 4065 3835 4126 καθὼς

2192 4156 2393 4223 τιμῶσι
2450 4152 2539 4205 τὸν
2603 4150 2893 4225 Πατέρα.»
2952 4153 3093 4223 Τίμα
3148 4152 3395 4229 Πατέρα,
3450 4152 3541 4207 ’ἱνα
3594 4156 3835 4227 τιμήσης

2195 4240 2337 4294 Υἱὸν·
2393 4238 2605 4311 μᾶλλον
2664 4237 2721 4293 δὲ
2769 4239 2903 4312 τίμα
2960 4240 3106 4305 Υἱὸν,
3159 4238 3252 4294 ’ίνα
3306 4245 3545 4316 τιμήσῃς
3608 4241 3834 4318 Πατέρα.

2194 4333 2561 4393 Ἰδιοποιεῖται
2614 4339 2710 4389 τοῦ
2768 4336 2895 4389 Υἱοῦ
2942 4336 3041 4404 τὴν
3092 4331 3244 4409 ὕϐριν
3289 4337 3316 4390 6
3348 4337 3498 4398 Θεός’
3532 4335 3679 4415 λέγει
3736 4338 3838 4412 γὰρ

2195 4428 2222 4480 6
2269 4428 2486 4501 Σωτήρ.
2522 4425 2635 4479 «Ὁ
2690 4425 2785 4497 ἐμὲ
2839 4430 3011 4497 μισῶν
3060 4424 3148 4480 καί
3195 4426 3286 4480 τὸν
3344 4426 3551 4502 Πατέρα
3603 4448 3706 4500 μου
3750 4448 3841 4499 μι-

436 4551 583 4597 rem,
606 4550 739 4587 cum
765 4530 945 4585 Filius
974 4530 1103 4599 ejus
1124 4526 1479 4585 contumelia
1505 4527 1773 4582 afﬁcitur.
1796 4528 1941 4581 Vide
1966 4528 2080 4581 evi-

2195 4521 2290 4570 σεῖ.
2330 4540 2349 4564 n
2390 4515 2477 4581 Μὴ
2508 4514 2803 4585 νομίσωσιν
2849 4514 3130 4588 αἱρετικοὶ.
3185 4514 3269 4569 ὅτι
3310 4520 3389 4586 τῷ
3436 4520 3550 4587 Θεῷ
3580 4515 3835 4590 χαρίσον-

436 4624 579 4677 dens
599 4636 797 4676 earum
825 4635 1015 4673 rerum
1041 4620 1452 4689 argumentum
1474 4631 1540 4669 ex
1553 4614 1739 4668 Veteri
1760 4616 2079 4685 Scriptura.

435 4710 617 4766 Amici
645 4710 774 4774 Job,
799 4708 899 4777 qui
923 4710 1199 4762 venerant
1228 4705 1296 4759 ad
1320 4704 1779 4759 consolationem
1804 4705 1951 4773 ejus,
1985 4703 2081 4756 in—

434 4800 752 4871 crepabant
768 4814 924 4865 eum,
942 4796 1109 4867 quasi
1133 4793 1441 4850 temeraria
1461 4793 1815 4863 loqueretur,
1830 4797 1886 4847 et
1904 4792 2080 4863 justi-

434 4889 690 4944 ﬁcabant
715 4886 1038 4950 Deum,.lob
1064 4890 1257 4938 autem
1283 4882 1511 4936 dicebat
1528 4882 1676 4936 Deo:
1711 4904 1736 4930 ‹‹
1759 4882 1898 4945 Quis
1922 4880 2084 4935 dabit

422 4979 683 5049 judicem
715 4975 867 5029 inter
918 4990 1013 5029 me
1065 4977 1120 5028 et
1164 4978 1240 5038 te,
1276 4976 1338 5027 ut
1366 4970 1615 5038 videam,
1649 4976 1792 5041 quot
1821 4970 1939 5026 sint
1968 4970 2080 5024 ini-

1631 5150 1675 5184 ⁶³
1707 5150 1817 5205 Isa.
1860 5167 1941 5218 v1,
1981 5150 2034 5205 3.

497 5157 541 5193 ⁶¹
576 5153 752 5209 Exod.
784 5170 878 5221 xv,
907 5155 964 5207 2.
1055 5151 1102 5186 ⁸³
1136 5150 1343 5223 Ephes.
1377 5167 1454 5220 xv,
1484 5151 1537 5204 5.

507 5350 623 5418 (36)
653 5348 781 5403 Haec
811 5347 894 5403 ita
932 5346 1299 5403 restituimus
1350 5362 1419 5401 ex
1462 5346 1769 5403 Basiliensi
1821 5352 1878 5402 et
1923 5346 2081 5401 Vati-

438 5439 603 5481 cano.
641 5421 785 5475 Nam
816 5419 876 5473 in
910 5420 1049 5475 edit.
1081 5418 1303 5475 Comm.
1338 5418 1546 5473 mutila
1573 5423 1761 5485 erant,
1794 5424 1848 5474 et
1878 5420 1937 5473 in
1970 5424 2082 5473 An-

475 5494 595 5558 lic.,
620 5508 791 5564 quem
820 5497 1057 5564 secutus
1078 5496 1167 5546 est
1185 5490 1472 5564 Nannius,
1497 5507 1622 5564 qua:
1644 5491 1713 5546 de
1744 5489 2081 5546 hominibus

479 5515 595 5558 ιιο.,
620 5515 791 5564 quem
820 5515 1057 5547 δυυυιυδ
1078 5515 1167 5546 εει.
1187 5515 1472 5555 nuuuxuu,
1497 5515 1622 5562 qua:
1644 5515 1713 5546 UB
1745 5515 2081 5546 υυωιιιιυιιδ

435 5515 715 5626 dicuntur
744 5563 1055 5635 prazposita
1082 5568 1221 5619 sunt
1271 5562 1343 5619 iis
1388 5579 1517 5634 quas
1566 5563 1636 5618 de
1674 5578 1849 5634 equo,
1881 5565 2083 5619 contra

436 5636 750 5711 Scriptura
790 5650 1051 5693 sensum.

144 5820 513 6101 “Va.

2128 5150 2175 5185 ⁸⁸
2204 5148 2404 5205 Matth.
2447 5164 2528 5216 vr,
2568 5148 2660 5202 24.

2189 4625 2275 4657 ται
2332 4602 2553 4675 μείζονα
2598 4602 2755 4657 αὐτὸν
2810 4601 3057 4679 λέγοντες
3106 4607 3201 4657 τοῦ
3246 4606 3370 4658 Υἱοῦ
3418 4604 3602 4658 αὐτοῦ.
3645 4605 3717 4657 Οὐ
3751 4602 3838 4658 δέ·

2192 4712 2344 4766 χεται
2370 4694 2538 4762 τιμὴν
2572 4693 2666 4760 τὴν
2716 4692 2790 4752 εἷς
2830 4692 3015 4746 ἑαυτὸν
3047 4693 3074 4745 6
3114 4692 3319 4764 Πατὴρ,
3354 4696 3448 4744 τοῦ
3495 4692 3622 4744 Υἱοῦ
3666 4691 3830 4744 αὐτοῦ

2194 4785 2571 4862 ὑϐριζομένου.
2608 4790 2702 4842 Καὶ
2761 4787 2926 4863 βλέπε
2976 4790 3306 4864 πραγμάτων
3358 4785 3627 4857 ἀπόδειξιν
3680 4786 3834 4863 έναρ-

2191 4881 2263 4953 γῆ
2311 4878 2369 4932 ἐκ
2414 4885 2513 4946 τῆς
2565 4876 2801 4939 παλαιᾶς
2854 4884 3091 4956 Γραφῆς.
3136 4879 3204 4933 Ol
3256 4874 3409 4954 φίλοι
3455 4881 3552 4931 τοῦ
3607 4872 3750 4949 Ἰὼϐ,
3785 4878 3837 4931 οἱ

2192 4966 2435 5028 ἐλθόντες
2490 4966 2564 5029 είς
2614 4967 2979 5042 παραμυθίαν,
3030 4966 3315 5021 ἐνεκάλουν
3364 4966 3530 5037 αὐτῷ,
3564 4966 3637 5028 ὠς
3680 4968 3839 5044 φθεγ-

2754 5149 2798 5183 ⁶⁶
2828 5147 2996 5202 Joan.
3045 5164 3098 5213 ν,
3140 5148 3228 5203 23.
3328 5148 3371 5183 ⁸⁸
3398 5146 3565 5202 Joan.
3610 5162 3702 5211 xv,
3747 5144 3832 5197 23.

2264 5346 2373 5416 (37)
2406 5345 2501 5416 Sic
2551 5344 2871 5416 Vaticanus
2920 5344 2977 5395 et
3023 5341 3181 5416 editi.
3235 5342 3569 5399 Basiliensis
3614 5358 3746 5416 vero
3787 5344 3843 5397 et

2190 5410 2442 5486 Anglic.,
2600 5414 2690 5489 mi
2725 5412 3004 5489 ᾅνθρωποι
3039 5410 3311 5489 λέγονται.
3348 5414 3719 5471 Felckmanni
3752 5430 3841 5468 se-

2193 5483 2448 5560 cundus,
2479 5484 2563 5541 διὸ
2605 5483 2998 5557 καὶ.ἄνθρωποι
3032 5483 3092 5539 οὐ
3116 5483 3400 5560 λέγονται,
3433 5490 3654 5543 omissa
3684 5501 3843 5556 voce,

2195 5559 2451 5634 μέροπες,
2484 5576 2609 5632 quas
2638 5563 2835 5615 tamen
2867 5574 3144 5629 germana
3172 5563 3282 5616 est.
