4100 6224
256 344 329 408 ﬂ
896 337 997 399 DE
1042 330 1407 399 COMMUNI
1453 328 1836 396 ESSEN'I‘IA
1876 334 2162 395 PATRIS
2209 337 2307 396 ET
2352 335 2532 398 FILII
2577 337 2679 397 ET
2723 336 2921 398 SPlR.
2970 339 3036 399 S.
3584 345 3666 403 42

258 474 482 549 γομένῳ
530 469 808 544 τολμηρὰ,
857 465 944 520 καὶ
999 462 1266 520 ἐδικαίουν
1326 463 1418 519 τὸν
1466 463 1615 519 Θεόν.
1671 464 1732 520 Ὀ
1785 456 1905 520 Ἰὼϐ

2030 465 2275 536 quitates
2300 482 2466 522 meae:
2492 467 2770 538 quoniam
2795 468 2875 522 ita
2899 483 2991 522 me
3014 468 3287 537 iudicasti
3308 472 3349 505 '7
3372 475 3394 526 Ρ
3421 496 3442 524 ι
3478 474 3660 530 Amici

257 562 409 639 ἔλεγε
458 565 538 633 τῷ
584 563 715 630 Θεῷ·
753 581 779 607 (ι
823 556 915 611 Τίς
972 553 1133 609 δώσει
1179 556 1370 631 κριτὴν
1425 556 1519 608 ἀνά
1565 552 1724 626 μέσον
1773 551 1908 625 ἐμοῦ

254 653 343 708 καὶ
405 655 525 722 σοῦ,
578 647 667 702 ’ἱνα
726 644 825 701 ἴδω
874 644 1036 699 πόσαι
1088 643 1219 698 εἰσὶν
1270 645 1324 698 αἱ
1375 642 1631 715 ἁμαρτίαι
1665 663 1791 713 μου,
1824 640 1906 695 ὅτι

259 742 433 803 οὕτως
471 759 539 812 με
569 734 777 813 ἔκρινας
814 754 879 802 ;››
914 734 977 787 Οἱ
1000 732 1154 811 φίλοι
1176 736 1274 786 τοῦ
1307 728 1433 788 Ἰὼϐ
1467 731 1781 786 ἐδικαίωσαν
1814 730 1904 784 τὸν

261 832 412 902 Θεὸν,
461 827 706 901 καίτοιγε
753 821 1125 898 ἀγνοουμένης
1168 828 1268 891 τῆς
1320 822 1642 881 ὑποθέσεως·
1677 819 1767 874 καὶ
1814 816 1906 873 τὸν

269 919 361 992 μὶν
423 914 627 971 δίκαιον
696 910 909 985 μᾶλλον
969 909 1284 986 κατέκριναν
1342 909 1417 971 ὡς
1476 909 1859 983 ἀμαρτήσαντα
1892 927 1903 938 ·

268 1006 358 1062 τὸν
415 1003 471 1059 δὲ
525 1004 668 1071 Θεὸν,
719 1001 792 1062 ὡς
853 997 1078 1061 δικαίως
1137 998 1427 1073 ἐπάγοντα,
1477 996 1765 1070 ἐπῄνεσαν·
1819 995 1909 1050 καὶ

270 1094 589 1169 λέγουσιτῷ
621 1084 765 1147 Ἰὼϐ
805 1114 832 1141 ‹‹
867 1087 1136 1162 Μεγάλως
1187 1084 1483 1154 έλάλησας,
1535 1080 1909 1161 ὑπερϐαλλόν-

265 1204 370 1243 τως
400 1176 881 1256 ἐτόλμησας,
930 1176 992 1231 σὺ
1035 1177 1171 1230 κατὰ
1210 1180 1307 1230 τοῦ
1357 1174 1542 1229 ἱκανοῦ
1581 1173 1845 1243 λαλήσαςο
1878 1199 1905 1225 ››

261 1272 372 1341 καὶ,
407 1296 435 1322 ‹‹
466 1276 521 1325 'O
562 1269 691 1330 Θεὸς
729 1268 804 1340 μὴ
836 1266 1084 1342 ταράττει
1113 1262 1421 1321 τὸδίκαιον.
1448 1263 1599 1320 »Καὶ
1632 1261 1794 1318 πάλιν
1821 1262 1909 1318 λέ-

263 1382 345 1437 γει
396 1359 424 1414 ὀ
474 1356 642 1436 φίλος
691 1356 875 1411 αὐτοῦ·
915 1380 935 1405 ι
980 1355 1124 1409 Κατὰ
1169 1354 1264 1416 τὰς
1313 1352 1578 1429 ἁμαρτίας
1627 1373 1722 1406 σου
1774 1351 1909 1421 έπή-

262 1448 395 1526 γαγέ
440 1468 553 1504 σοι.
608 1445 674 1500 Εἰ
723 1442 781 1499 δὲ
832 1445 907 1517 μὴ
958 1440 1164 1497 πολλαί
1208 1464 1304 1496 σου
1351 1444 1485 1510 ἦσαν
1534 1441 1588 1495 αἱ
1627 1440 1907 1516 ἁμαρτίαι,

265 1538 363 1594 οὐκ
406 1537 465 1591 ἂν
518 1533 767 1608 έμάστιξέ
816 1554 891 1589 σε.
930 1556 956 1583 ››
991 1532 1085 1586 Καὶ
1135 1529 1353 1586 ἐδόκουν
1403 1534 1482 1603 τῷ
1526 1534 1641 1601 Θεῷ
1676 1550 1908 1602 συνηγο-

265 1634 397 1703 ρεῖν,
442 1626 534 1680 τὸν
597 1621 654 1678 δὲ
707 1620 909 1677 δίκαιον
969 1621 1322 1696 κατακρίνειν’
1385 1621 1487 1694 ἄρα
1539 1621 1652 1693 (39)
1701 1619 1728 1673 6
1780 1618 1909 1680 Θεὸς

262 1714 475 1788 ἐδέξατο
521 1712 650 1774 τοὺς
702 1711 831 1783 ὑπὲρ
882 1710 1045 1765 αὑτοῦ
1079 1709 1337 1784 λέγοντας
1386 1710 1531 1783 παρὰ
1558 1709 1620 1761 τὸ
1651 1704 1856 1761 δίκαιον
1895 1725 1908 1774 ;

265 1807 407 1880 Ἀρα
448 1800 660 1874 ἐδέξατο
714 1802 809 1869 τήν
864 1800 995 1872 ὑπὲρ
1043 1798 1207 1853 αὑτοῦ
1260 1795 1608 1871 συνηγορίαν,
1656 1796 1745 1850 καὶ
1790 1795 1909 1864 ἠτί-

2018 559 2213 609 autem
2242 555 2352 611 Job
2373 555 2785 626 justificabant
2816 557 3024 618 Deum.
3058 574 3192 613 cum
3225 574 3433 614 causas
3464 578 3659 618 rerum

2017 641 2248 713 ignotas
2279 642 2595 699 haberent:
2624 646 2852 713 justum
2885 645 3101 709 virum,
3143 651 3208 700 ut
3257 647 3507 717 peccatis
3559 652 3665 705 ob-

2018 731 2256 785 noxium
2307 732 2799 804 condemnabant,
2854 733 3178 804 Deumque,
3233 740 3297 789 ut
3344 738 3507 806 juste
3560 736 3665 793 has

2017 819 2379 875 calamitates
2428 821 2795 885 inferentem,
2847 822 3279 887 collaudabant,
3344 828 3518 896 atque
3587 826 3667 882 ita

2019 909 2376 978 respondent
2403 910 2475 965 ad
2506 911 2681 965 verba
2709 911 2817 965 Job
2844 928 2857 965 :
2893 934 2921 961 ι(
2959 911 3264 983 Magniﬁce
3291 912 3523 969 locutus
3579 931 3662 980 es,

2018 996 2264 1052 audacia
2285 1000 2573 1053 sermonis
2597 1000 2681 1054 tui
2708 999 2940 1065 eximia,
2963 1001 3245 1057 adversus
3268 1007 3445 1058 Deum
3491 1006 3666 1060 verba

2019 1083 2205 1140 fecisti
2231 1086 2295 1141 ⁸⁸.
2329 1106 2360 1138 ι
2392 1086 2499 1142 Et:
2524 1109 2552 1136 «
2578 1087 2732 1142 Deus
2764 1105 2876 1143 non
2909 1088 3531 1159 confundetjustitiam
3554 1093 3664 1146 ‘9.»

2018 1173 2275 1229 Rursum
2304 1175 2445 1230 dicit
2493 1176 2720 1231 amicus
2768 1177 2936 1248 ejus:
2993 1199 3014 1228 ι
3048 1179 3382 1235 Secundum
3432 1186 3668 1252 peccata

2016 1266 2119 1319 tua
2148 1262 2346 1320 intulit
2379 1264 2505 1319 tibi.
2539 1266 2599 1322 Si
2632 1283 2745 1321 non
2792 1265 2978 1322 multa
3022 1272 3219 1324 essent
3263 1272 3499 1339 peccata
3548 1277 3668 1338 tua,

2018 1368 2135 1405 non
2166 1356 2222 1407 te
2254 1352 2611 1424 ﬂagellasset
2629 1354 2693 1408 7°.
2720 1378 2748 1403 ››
2772 1355 2842 1410 Ει
2864 1357 3153 1427 putabant
3187 1374 3248 1412 se
3270 1357 3387 1413 Deo
3417 1361 3668 1430 patroci-

2017 1440 2167 1507 nari,
2200 1441 2340 1497 dum
2366 1444 2596 1512 justum
2628 1443 3118 1513 condemnarent;
3153 1446 3254 1501 sed
3297 1452 3445 1503 Deus
3495 1465 3666 1504 num-

2020 1529 2161 1599 quid
2190 1531 2458 1601 probavit
2487 1548 2605 1603 eos,
2643 1534 2742 1605 qui
2773 1532 2855 1589 ita
2886 1550 2988 1605 pro
3046 1550 3108 1589 se
3166 1540 3375 1607 prater
3430 1554 3665 1609 aequum

2020 1618 2194 1673 verba
2218 1620 2473 1677 facerent
2494 1620 2522 1676 ‘I
2542 1622 2693 1678 Num
2716 1622 2824 1678 hoc
2868 1639 3055 1694 genus
3096 1625 3399 1696 patrocinii
3431 1632 3665 1697 gratum

2021 1706 2249 1773 habuit,
2277 1711 2622 1782 justumque
2654 1712 2935 1766 dedecore
2963 1703 3201 1768 affecit?
3258 1714 3663 1787 Nequaquam.

2023 1794 2146 1849 Non
2181 1796 2362 1868 igitur
2390 1799 2649 1854 admittit
2678 1800 2792 1855 sibi
2823 1801 3127 1863 honorem,
3178 1803 3275 1874 qui
3328 1820 3464 1858 cum
3512 1804 3665 1859 indi-

290 1855 405 1880 --γη
454 1855 559 1874 κη.
770 1855 780 1869 .
967 1855 976 1872 .
1381 1855 1422 1871 ..
1470 1855 1478 1871 .
1596 1855 1606 1863 .
1814 1855 1823 1864 .

272 1914 408 1968 μασε
438 1893 529 1947 τὸν
582 1888 786 1945 δίκαιον
824 1908 837 1957 ;
871 1885 1155 1961 Οὐδαμῶς,
1208 1886 1410 1941 Οὐκοῦν
1463 1885 1524 1939 οὐ
1568 1882 1783 1961 δέχεται
1806 1886 1904 1954 τήν

2030 1855 2248 1955 ειιὶιειῶ
2279 1886 2403 1941 Filii
2437 1889 2788 1959 conjunctus
2817 1888 2912 1944 sit.
2945 1855 3266 1947 Videamus
3298 1855 3667 1966 aute—mium

270 1982 344 2043 εἴς
390 1979 575 2035 ἑαυτὸν
619 1979 830 2051 τιμὴν,
880 1976 1281 2049 ἀτιμαζομένου
1334 1978 1427 2029 τοῦ
1478 1973 1624 2028 Υἰοῦ.
1678 1971 1909 2045 Ἵδωμεν

272 2069 329 2126 δὲ
356 2070 409 2125 τί
438 2068 587 2143 λέγει
617 2073 734 2129 τοῖς
752 2064 931 2145 φίλοις
950 2070 1047 2120 τοῦ
1074 2060 1219 2122 Ἰὼϐ·
1247 2087 1276 2117 ιι
1299 2064 1396 2118 Διά
1417 2065 1469 2117 τί
1492 2063 1591 2118 οὐκ
1611 2061 1915 2132 ἐλαλήσατε

274 2158 409 2235 ὀρθὰ
451 2156 575 2231 περὶ
624 2160 720 2211 τοῦ
764 2153 1090 2229 θεράποντός
1125 2175 1231 2227 μου
1262 2170 1276 2220 ;
1312 2178 1340 2203 ››
1372 2152 1435 2206 Εἰ
1489 2150 1578 2206 οὗν
1624 2151 1750 2213 τοὺς
1779 2151 1915 2206 κατά

268 2253 371 2304 τοῦ
401 2249 728 2323 θεράποντος
761 2243 923 2299 αὑτοῦ
970 2242 1105 2320 ὀρθὰ
1151 2243 1226 2316 μὴ
1276 2239 1535 2314 λέγοντας
1586 2240 1914 2308 ἀποσείεται,

267 2337 395 2399 τοὺς
425 2338 561 2391 κατὰ
586 2338 683 2390 τοῦ
731 2336 1073 2407 Μονογενοῦς
1117 2333 1420 2392 ἀκονῶντας
1458 2332 1571 2403 (40)
1598 2331 1698 2399 τὴν
1730 2329 1916 2406 γλῶτ-

271 2447 364 2481 τον
419 2422 679 2499 ﬁxerat;
740 2418 1042 2494 Οὐδαμῶς.
1106 2418 1502 2495 Ἀπαραίτητος
1556 2418 1730 2473 τοίνυν
1790 2415 1912 2488 δίκη

276 2520 392 2576 τοῖς
429 2512 807 2590 βλασφημοῦσι
852 2511 915 2565 τὸ
959 2507 1180 2582 Πνεῦμα
1221 2510 1281 2563 τὸ
1314 2509 1486 2583 ὁίγιον⁸
1534 2507 1694 2561 ἄκουε
1731 2507 1833 2582 γὰρ
1864 2505 1917 2560 τί

278 2624 437 2681 φησιν
497 2602 525 2656 6
585 2603 799 2677 Σωτήρ⁸
834 2624 861 2652 ‹‹
914 2601 1068 2656 Πᾶσα
1120 2596 1442 2677 βλασφημία
1491 2597 1830 2675 ἀφεθήσεται·
1881 2598 1916 2666 ἡ

279 2690 337 2747 δὲ
382 2691 456 2752 είς
502 2691 564 2746 τὸ
614 2692 829 2763 Πνεῦμα
874 2689 936 2743 τὸ
986 2688 1140 2763 ἅγιον
1205 2685 1529 2765 βλασρημία
1576 2685 1675 2742 οὑκ
1718 2685 1921 2764 ἀφεθή-

281 2801 447 2837 σεται.
484 2805 505 2832 1

457 2890 492 2942 7
518 2931 532 2945 .
566 2886 689 2942 ’Ότι
720 2885 755 2952 ἡ
786 2884 945 2959 Τριὰς
976 2880 1302 2936 ἀποστέλλει
1333 2879 1692 2941 ἀποστόλους.

351 2992 486 3070 Περὶ
537 2996 634 3048 τοῦ
688 2991 897 3067 ΙΙατρὸς
948 2986 1114 3065 λέγει’
1151 3012 1178 3040 ‹‹
1213 2990 1297 3043 Ἐν
1350 2987 1451 3063 γὰρ
1498 2992 1577 3058 τῷ
1610 2981 1722 3061 ὄρει
1757 2988 1923 3058 Σιὼν,

285 3083 401 3153 ἥξει
434 3084 464 3137 6
494 3078 999 3157 εὐαγγελιζόμενος,
1048 3076 1138 3132 καὶ
1188 3077 1241 3131 οἱ
1291 3073 1785 3151 εὐαγγελιζόμενοι,
1832 3074 1927 3138 οὓς

278 3172 306 3227 6
365 3170 561 3243 Κύριος
614 3166 1040 3240 προσκέκληται.
1075 3189 1103 3217 ››

278 3255 605 3313 ἀποστέλλω
638 3256 801 3326 ὑμᾶς,
834 3254 907 3315 ὡς
940 3249 1205 3327 πρόϐατα,
1240 3252 1292 3307 ἐν
1319 3252 1468 3325 μέσῳ
1491 3250 1694 3309 λύκων.
1730 3275 1758 3303 ››
1790 3252 1922 3328 Περὶ

274 3351 373 3401 τοῦ
426 3343 741 3415 Πνεύματος
791 3340 840 3395 έν
889 3346 1008 3403 ταῖς
1059 3341 1288 3415 Πράξεσι
1342 3340 1510 3415 λέγει·
1545 3367 1572 3393 ‹‹
1608 3342 1671 3396 Οἱ
1707 3342 1800 3414 μὲν
1835 3340 1925 3397 οὖν

277 3429 670 3493 ἀποσταλέντες
731 3429 833 3485 ὑπὸ
889 3434 986 3484 τοῦ
1044 3428 1195 3505 ἁγίου
1254 3428 1567 3502 ΙΙνεύματος
1619 3429 1786 3498 ἦλθον
1848 3429 1922 3492 εἷς

283 3519 625 3577 Σελεύκειαν.
662 3543 688 3570 ››
722 3518 784 3573 Ei
813 3518 994 3574 τοίνυν
1024 3522 1156 3573 Θεοῦ
1187 3518 1249 3573 τὸ
1279 3516 1724 3594 προσκαλεῖσθαι,
1756 3516 1845 3572 διὰ
1872 3517 1925 3571 τί

276 3612 339 3665 τὸ
373 3612 592 3682 Πνεῦμα
622 3605 711 3663 διὰ
737 3612 843 3661 τῶν
876 3610 1172 3686 προφητῶν
1212 3605 1381 3683 λέγει’
1422 3632 1442 3658 ιι
1475 3604 1608 3661 Τάδε
1640 3605 1789 3683 λέγει
1823 3606 1925 3661 Κύ-

280 3720 397 3773 ριος
431 3718 444 3769 ;
483 3721 511 3750 ››
534 3696 629 3751 Καὶ
651 3696 814 3752 πάλιν
836 3697 898 3751 τὸ
923 3698 1148 3769 Πνεῦμα
1166 3702 1282 3758 τοῖς
1316 3695 1367 3751 ἄν
1394 3697 1699 3771 Ἀντιοχείᾳ
1720 3696 1924 3771 ἁγίοις⁹

285 3814 306 3845 ι
344 3787 669 3865 ’Δφορίσατε
701 3784 766 3857 δή
806 3807 896 3859 μοι
950 3788 1062 3858 (41)
1109 3786 1198 3839 τὸν
1253 3785 1470 3842 Παῦλον
1517 3786 1605 3840 καὶ
1652 3780 1922 3861 Βαρνάϐαν

280 3877 355 3939 είς
414 3876 476 3931 τὸ
526 3874 679 3953 ἔργον
724 3876 753 3930 ’ὸ
810 3872 1229 3951 προσκέκλημαι
1284 3872 1480 3937 αύτούς
1515 3893 1528 3943 ;
1564 3899 1591 3925 ››
1640 3874 1785 3929 Maii):
1833 3872 1923 3929 οὖν

274 3967 373 4035 τὴν
427 3963 655 4039 δύναμιν
706 3971 809 4034 τῆς
856 3962 1107 4041 Τριάδος.
1163 3965 1219 4017 '0
1278 3965 1468 4041 Πατὴρ
1526 3969 1831 4037 νομοθετεῖ·
1896 3964 1924 4018 6

279 4055 403 4118 Υἱὸς
433 4053 663 4111 κελεύει·
722 4054 786 4108 τὸ
840 4055 1065 4127 Πνεῦμα
1110 4051 1369 4110 αύθεντεῖ.
1413 4056 1613 4108 ’Ἄκουε
1666 4051 1923 4127 λέγοντος

275 4149 378 4200 τοῦ
408 4148 563 4200 Θεοῦ·
599 4168 629 4195 ‹‹
680 4141 1178 4219 Εὖαγγελιζόμενοι
1226 4142 1470 4214 ἥξουσιν,
1524 4141 1617 4204 οὓς
1665 4143 1693 4197 6
1726 4141 1925 4217 Κύριος

275 4232 703 4311 προσκέκληται,
736 4256 763 4283 ››

430 4342 487 4399 8.
518 4343 636 4395 ’Ότι
669 4340 704 4409 ἡ
738 4336 1061 4413 ἀγίάλΤριάς
1095 4332 1361 4413 δείκνυται
1393 4337 1655 4405 καθῆσθαι
1685 4336 1771 4391 ἐπὶ

874 4406 1069 4483 θρόνου
1102 4406 1340 4478 ὑψηλοῦ.

351 4516 525 4585 Φησὶν
561 4516 589 4568 6
616 4512 855 4574 Ἡσαΐας·
893 4534 920 4563 ι(
954 4510 1111 4568 Εἶδον
1146 4511 1238 4564 τὸν
1274 4509 1471 4583 Κύριον
1520 4506 1751 4566 Σαϐαὼθ
1794 4515 1921 4568 καθ-

279 4575 486 4679 ὴμινὸν
544 4602 631 4657 ἐπὶ
690 4600 883 4675 θρόνου
930 4598 1145 4674 ὑψηλοῦ
1188 4599 1278 4654 καὶ
1336 4575 1666 4676 έπηρμὲνου,
1721 4603 1809 4657 καὶ
1860 4604 1925 4657 τὰ
1956 4575 2003 4641 D

280 4693 520 4772 σεραφῖμ
577 4691 911 4761 εἶστήκεισαν
962 4687 1151 4762 κύκλῳ
1209 4688 1392 4757 αὑτοῦ,
1447 4690 1594 4744 »καὶ
1655 4692 1721 4745 τὰ
1779 4692 1922 4763 ἑξῆς.

276 4784 541 4858 ³Δνάγκη,
593 4779 678 4835 ὅτι
726 4780 754 4833 6
787 4780 975 4854 Πατήρ
1009 4780 1119 4851 (42)
1169 4772 1607 4850 ὑπολαμϐάνεται
1656 4781 1763 4855 πρὸ
1794 4784 1926 4836 πάν-

275 4893 407 4928 των.
468 4871 579 4933 Εἴθ’
628 4862 971 4929 ὑποκαταϐὰς
1026 4866 1195 4942 λέγει·
1232 4888 1259 4919 α
1290 4867 1384 4921 Καὶ
1418 4864 1626 4936 ἤκουσα
1671 4877 1771 4939 τῆς
1811 4893 1927 4949 φω.

278 4967 379 5029 νῆς
423 4958 643 5033 Κυρίου,
695 4955 967 5032 λέγοντος⁶
1020 4956 1150 5011 Τίνα
1203 4953 1489 5011 ἀποστελῶ
1519 4975 1533 5025 ;
1566 4958 1653 5012 καὶ
1705 4959 1786 5015 τίς
1829 4983 1928 5017 πο-

353 5130 397 5165 ⁶⁷
426 5126 555 5184 Job.
586 5142 709 5193 xm,
739 5127 828 5182 23.
933 5129 976 5169 εδ
1004 5128 1113 5184 Job
1144 5144 1241 5193 xv,
1276 5128 1362 5183 11.
1466 5128 1511 5162 ⁶⁹
1542 5128 1652 5184 Job
1685 5148 1769 5195 χι,
1801 5134 1853 5187 6.

1958 5135 2003 5169 ἰο
2031 5133 2139 5190 Job
2170 5102 2305 5197 mi,
2338 5132 2392 5185 5.

2022 1972 2179 2028 dicat
2208 1975 2413 2031 amicis
2442 1976 2611 2032 Jobi:
2651 1999 2678 2027 «
2716 1981 2905 2041 Quare
2935 1995 3049 2033 non
3092 1985 3248 2036 recta
3294 1980 3471 2036 locuti
3525 1984 3669 2039 estis

2022 2061 2095 2116 de
2115 2079 2279 2119 servo
2301 2080 2429 2119 meo
2451 2066 2492 2099 ⁷¹
2516 2066 2544 2120 7
2567 2088 2593 2114 »
2618 2066 2675 2121 Si
2704 2066 2879 2137 igitur
2931 2084 3044 2122 non
3087 2073 3244 2123 recte.
3264 2070 3336 2124 de
3366 2086 3529 2125 servo
3561 2088 3668 2127 suo

2022 2151 2332 2222 loquentes
2362 2154 2630 2224 repudiat
2654 2178 2667 2221 ;
2702 2171 2773 2208 an
2798 2155 3038 2225 scilicet,
3064 2157 3163 2227 qui
3188 2162 3388 2213 contra
3409 2159 3669 2231 unigeni-

2024 2242 2149 2294 tum
2172 2239 2381 2295 Filium
2402 2259 2576 2297 suum
2602 2242 2833 2315 linguas
2855 2249 3093 2313 acuunt,
3118 2247 3401 2318 recipiet?
3448 2263 3667 2319 nequa-

2027 2344 2225 2401 quam.
2255 2331 2293 2383 7
2326 2331 2778 2402 Indeprecabilis
2802 2333 2981 2403 igitur
3003 2352 3171 2406 poena
3205 2335 3668 2407 hlasphemanti-

2025 2416 2137 2472 bus
2160 2417 2439 2489 Spiritum
2470 2427 2759 2475 sanctum.
2785 2422 2935 2477 Audi
2957 2423 3111 2478 enim
3136 2424 3277 2494 quid
3297 2423 3558 2480 Salvator
3576 2426 3667 2480 di-

2027 2512 2212 2562 cat:«
2242 2508 2448 2564 Omnis
2492 2509 2858 2580 blasphemia
2908 2513 3254 2577 remittetur,
3304 2512 3671 2586 blasphemia

2029 2600 2223 2652 autem
2257 2596 2314 2652 in
2347 2598 2629 2670 Spiritum
2664 2605 2933 2655 sanctum
2965 2618 3079 2656 non
3112 2601 3443 2658 remittetur
3479 2602 3545 2657 ⁷².
3574 2625 3595 2652 »

2339 2884 2394 2938 7.
2424 2884 2583 2954 Quod
2604 2884 2839 2938 Trinitas
2868 2885 3132 2955 apostolos
3158 2888 3364 2940 mittat.

2002 2994 2041 3055 ’ς
2107 2989 2186 3043 De
2216 2992 2385 3043 Patre
2416 2988 2591 3045 dicit:
2626 3012 2653 3039 ‹‹
2681 2990 2740 3044 In
2776 2996 3029 3046 montem
3056 2992 3194 3048 Sion
3227 2992 3417 3048 veniet
3445 3010 3675 3048 annun-

1990 3006 2208 3131 ﬁiator
2228 3075 2608 3131 Evangelii.et
2620 3078 2910 3131 Evangelii
2930 3083 3549 3131 annuntiatores-auos
3572 3082 3675 3131 ad-

2060 3077 2208 3132 iator
2228 3075 2608 3147 Evangelii,et
2620 3078 2910 3151 Evangelii
2930 3083 3549 3153 annuntiatores,quos
3572 3082 3681 3137 ad-

1163 3164 1296 3239 Περὶ
1355 3167 1453 3218 τοῦ
1502 3161 1648 3217 Υὶοῦ·
1719 3187 1743 3218 ο
1783 3160 1917 3219 Ἰδοὺ

2036 3166 2262 3222 vocavit
2291 3165 2577 3223 Dominus
2596 3168 2662 3222 ⁷³.
2715 3189 2742 3217 ιι
2772 3172 2846 3223 De
2895 3167 3035 3223 Filio
3070 3186 3082 3223 :
3132 3190 3156 3221 α
3186 3169 3328 3225 Ecce
3358 3171 3524 3225 mitto
3553 3187 3679 3237 vos,

2037 3254 2204 3327 quasi
2235 3271 2390 3322 oves,
2421 3256 2481 3309 in
2514 3256 2704 3310 medio
2742 3254 3110 3327 luporumv'“.
3144 3279 3173 3307 »
3224 3263 3300 3314 De
3347 3258 3566 3329 Spiritu
3618 3259 3678 3315 in

2031 3344 2189 3399 Actis
2218 3342 2395 3399 dicit:
2429 3365 2456 3393 ‹‹
2487 3347 2554 3398 Et
2584 3342 2669 3397 illi
2711 3344 2950 3415 quidem
3004 3344 3173 3401 missi
3203 3363 3236 3401 a
3266 3346 3487 3417 Spiritu
3542 3363 3677 3401 san-

2034 3438 2124 3488 cto
2155 3434 2427 3488 abierunt
2454 3432 2774 3487 Seleuciam
2798 3433 2861 3466 "'5-
2891 3454 2918 3481 »
2953 3433 3011 3488 Si
3069 3433 3251 3505 igitur
3298 3434 3395 3489 Dei
3444 3440 3535 3489 est
3580 3450 3678 3490 vo-

2035 3538 2188 3589 care,
2221 3538 2324 3577 cur
2353 3521 2604 3592 Spiritus
2637 3537 2737 3593 per
2768 3523 3083 3592 prophetas
3133 3524 3250 3578 ait:
3309 3544 3334 3575 α
3364 3524 3489 3578 Ηωο
3541 3522 3681 3577 dicit

2035 3610 2415 3667 Dominus?»
2449 3615 2549 3666 aut
2601 3627 2705 3666 cur
2758 3612 3029 3682 Spiritus,
3089 3611 3160 3666 iis
3213 3611 3308 3681 qui
3356 3611 3678 3666 Antiochiae

2035 3706 2222 3769 erant,
2257 3699 2475 3755 sanctis
2505 3700 2689 3757 dixit:
2723 3724 2749 3749 ‹‹
2784 3700 3091 3770 Segregate
3123 3699 3267 3756 mihi
3323 3699 3572 3755 Paulum
3626 3715 3683 3755 et

2035 3788 2358 3844 Barnabam
2391 3788 2449 3843 in
2484 3805 2652 3860 opus,
2688 3790 2760 3844 ad
2792 3790 2947 3859 quod
2979 3790 3177 3843 vocavi
3219 3806 3318 3843 eos
3340 3789 3383 3824 ⁷⁸
3405 3789 3432 3842 ‘I
3454 3809 3476 3839 ι
3515 3789 3685 3843 Disce

2034 3878 2215 3950 igitur
2243 3878 2561 3949 potentiam
2593 3876 2915 3931 Trinitatis.
2935 3878 3104 3932 Pater
3124 3876 3309 3948 legem
3332 3875 3554 3939 condit,
3590 3875 3681 3930 Fi-

2034 3966 2148 4023 lius
2164 3966 2355 4037 jubet,
2379 3965 2659 4037 Spiritum
2682 3964 3091 4020 auctoritatem
3115 3964 3299 4020 addit.
3322 3963 3474 4019 Audi
3498 3963 3681 4019 Deum

2034 4056 2155 4111 haec
2213 4055 2586 4126 loquentem:
2653 4076 2674 4102 ι
2709 4053 2817 4119 Qui
2866 4052 3239 4125 Evangelium
3304 4053 3681 4124 annuntiant,

2032 4146 2266 4201 venient
2294 4159 2441 4213 quos
2471 4142 2757 4198 Dominus
2786 4143 3011 4198 vocavit
3037 4144 3100 4198 ⁷⁷,
3137 4166 3166 4193 ››

2031 4343 2085 4396 8.
2132 4339 2400 4396 Probatur
2453 4341 2699 4394 sanctam
2757 4338 3084 4399 Trinitatem
3130 4338 3316 4394 sedere
3377 4340 3436 4394 in
3485 4338 3680 4394 throno

2743 4410 2971 4465 excelso.

2108 4516 2255 4573 Dicit
2286 4516 2467 4572 Isias:
2500 4538 2527 4566 «
2562 4514 2694 4569 Vidi
2727 4515 3043 4570 Dominum
3074 4516 3329 4571 Sabaoth
3380 4516 3681 4571 sedentem

2034 4607 2094 4662 in
2126 4606 2337 4662 throno
2376 4603 2600 4661 excelso
2649 4609 2705 4659 et
2752 4603 3012 4672 sublimi,
3065 4609 3122 4660 et
3168 4604 3462 4676 seraphim
3518 4603 3570 4658 ei
3625 4604 3686 4660 in

2036 4696 2236 4752 orbem
2286 4692 2746 4750 circumstabant
2786 4692 2849 4762 τε,
2884 4713 2912 4741 ››
2945 4697 3054 4749 etc.
3101 4692 3413 4749 Necessum
3460 4698 3549 4749 est
3593 4693 3688 4749 hic

2039 4784 2266 4841 Patrem
2292 4788 2424 4838 ante
2450 4799 2652 4837 omnes
2681 4780 3175 4852 intelligi.Deinde
3206 4786 3337 4853 post
3359 4797 3541 4852 pauca
3570 4782 3690 4838 haec

2040 4872 2384 4943 subjungit:
2420 4893 2446 4920 «
2484 4871 2549 4925 Et
2594 4871 2788 4925 audivi
2846 4886 3045 4924 vocem
3106 4869 3340 4925 Domini
3400 4870 3686 4926 dicentis:

2041 4965 2222 5029 Quem
2257 4961 2509 5027 mittam,
2540 4963 2597 5015 et
2639 4959 2771 5029 quis
2828 4959 3234 5032 proﬁciscetur
3290 4958 3362 5015 ad
3406 4961 3689 5031 populum

2497 5128 2682 5184 “Job
2741 5146 2875 5199 xm,
2907 5130 2960 5183 7.
3061 5129 3105 5163 ⁷³
3162 5129 3371 5185 Matth.
3430 5146 3532 5198 xu,
3590 5131 3686 5187 31.

283 5204 327 5239 ⁷³
357 5199 483 5260 Joel
514 5215 577 5270 ιι,
607 5198 697 5253 32.
772 5197 817 5232 ⁷⁸
844 5199 1047 5256 Matth.
1082 5217 1139 5267 x,
1174 5201 1259 5255 16.
1338 5199 1382 5234 ⁷⁵
1410 5200 1534 5255 Act.
1567 5217 1692 5269 xm,
1725 5204 1778 5258 4.
1856 5206 1900 5240 ⁷⁸

2030 5207 2076 5261 1.
2107 5206 2161 5261 2.
2238 5203 2279 5237 ⁷⁷
2308 5199 2433 5257 Joel
2461 5216 2524 5267 ιι,
2556 5200 2643 5256 32.
2721 5201 2763 5235 ⁷⁸
2796 5197 2909 5257 Isa.
2938 5218 3016 5269 v1,
3051 5202 3103 5272 1,
3134 5202 3188 5256 2.

357 5376 469 5446 (38)
517 5369 879 5446 Basiliensis,
931 5365 1380 5446 ὑπερϐαλόντως.
1417 5372 1566 5443 Mox,
1623 5374 1760 5427 κατὰ
1829 5376 1927 5428 τοῦ

282 5443 491 5514 ἱκανοῦ,
526 5445 582 5499 id
614 5448 703 5499 est
733 5443 1016 5498 adversus
1035 5443 1249 5499 Deum.
1282 5444 1426 5500 Vide
1474 5446 1737 5502 Graecum
1788 5447 1937 5503 Scri-

284 5524 471 5591 ptura;
500 5515 853 5591 text._‘Ruth.
887 5529 927 5591 ι,
957 5515 1029 5568 20
1053 5531 1066 5579 ;
1087 5514 1210 5591 _._Iob
1238 5533 1392 5591 δκχι,
1424 5518 1754 5591 2;Εῑοεὶι.,
1778 5536 1818 5588 ι,
1840 5520 1931 5576 24.

500 5586 841 5675 ξαεξξξθιιεξε
868 5590 935 5675 et,
952 5583 1204 5675 Anglic.,
1237 5583 1447 5675 &pa,et
1474 5583 1557 5675 sic
1580 5589 1753 5675 paulo
1779 5583 1932 5675 post:

380 5655 468 5731 40)
501 5658 863 5727 Basiliensis,
909 5655 1282 5717 ἀκονόῦντας.’
1309 5658 1442 5716 Mox
1486 5655 1831 5721 Baiiliensis
1879 5664 1937 5721 et

569 5783 836 5849 Ριινιιοι..
867 5786 982 5849 σι.
1024 5782 1301 5851 XXVIII.

2034 5374 2283 5502 Anglic”
2316 5375 2351 5443 ἡ
2386 5370 2533 5442 δίκη.
2570 5378 2629 5429 In
2658 5374 2798 5431 edit.
2833 5373 3112 5430 Commel.
3137 5375 3280 5446 ibid,
3304 5372 3476 5429 τοίνυν
3502 5375 3687 5431 deest.

2114 5449 2130 5502 l
2179 5449 2228 5502 1)
2258 5446 2351 5501 Sic
2382 5462 2587 5502 omnes
2621 5464 2763 5502 mss.
2799 5452 2854 5502 et
2883 5447 3023 5502 edit.
3073 5445 3258 5502 Paris.
3317 5448 3466 5502 Edit.
3519 5446 3687 5502 Com-

2114 5445 2351 5534 (7‘11')'Sic
2382 5462 2587 5503 omnes
2621 5464 2763 5503 mss.
2799 5452 2854 5502 et
2883 5447 3023 5503 edit.
3073 5445 3270 5503 Paris.
3317 5448 3466 5504 Edit.
3519 5446 3690 5503 Com-

2044 5518 2597 5664 ωῗέῶἐὲὸοόίιίθηεὶε
2621 5592 2680 5645 et
2710 5589 3092 5663 Anglicanus,
3124 5586 3207 5643 ὅτι
3238 5588 3328 5643 καὶ
3359 5588 3571 5663 Πατὴρ.
