4100 6224
444 358 520 417 43
1624 354 1687 414 S.
1734 350 2261 412 ATHANASIUS.
2286 384 2362 395 -—
2393 352 2665 414 DURIA.
3770 357 3857 415 44

438 488 663 544 istum?
689 488 757 541 Et
807 486 952 541 dixi:
1002 486 1145 540 Ecce
1183 501 1308 557 ego,
1344 486 1507 539 mitte
1526 500 1636 539 me.
1674 486 1737 539 Et
1769 484 1911 538 dixit
1945 483 2078 536 mihi

2204 480 2443 557 ρεύσεται
2476 486 2612 557 πρὰς
2643 485 2734 539 τὸν
2783 484 2913 539 λαὸν
2966 490 3156 539 τοῦτον
3193 505 3206 555 ;
3242 484 3336 539 Καὶ
3386 486 3508 539 εἶπα
3705 483 3853 541 Ἰδοὺ

443 577 597 631 Vade
620 576 693 631 ad
722 576 1002 646 populum
1028 575 1226 639 istum,
1252 582 1305 627 et
1326 574 1420 629 dic
1452 574 1540 627 ei:
1592 574 1850 629 Auribus
1895 570 2092 627 audie-

439 664 537 729 tis,
565 670 622 719 et
647 681 759 717 non
783 662 1141 731 intelligetis,
1167 668 1222 716 et
1259 662 1522 716 videntes
1564 661 1855 727 videbitis,
1889 668 1946 717 et
1977 678 2090 716 non

447 752 1115 809 cernetis.lncrassatum
1140 756 1229 805 est
1253 750 1406 805 enim
1441 767 1538 805 cor
1553 750 1745 821 populi
1769 750 2025 820 hujus“,
2060 772 2088 800 ››

447 838 555 896 etc.
588 839 841 896 Joannes
871 856 1001 895 vero
1034 840 1105 894 ad
1142 838 1349 893 Filium
1382 840 1583 895 eadem
1618 839 1717 894 illa
1748 840 1944 905 refert,
1995 857 2091 895 cu-

444 930 540 999 jus
571 929 691 983 haec
746 929 921 984 verba
968 932 1147 983 sunt:
1195 951 1223 976 «
1256 928 1397 983 Cum
1456 933 1649 983 autem
1700 932 1866 982 tanta
1921 929 2089 1000 signa

443 1017 673 1074 fecisset
703 1034 896 1073 coram
940 1016 1044 1083 eis,
1096 1033 1211 1072 non
1260 1016 1636 1071 crediderunt
1680 1017 1740 1071 in
1784 1016 1973 1083 illum,
2023 1022 2088 1072 ut

441 1122 633 1162 sermo
692 1106 855 1162 Isaias
914 1105 1207 1178 propheta;
1264 1105 1605 1177 impleretur
1661 1122 1832 1177 quem
1895 1106 2081 1162 dixit:

440 1196 702 1264 Domine,
726 1196 859 1268 quis
881 1195 1125 1250 credidit
1156 1194 1383 1249 auditui
1416 1201 1614 1250 nostro
1642 1194 1745 1250 ‘Iet
1780 1194 2082 1249 brachium

437 1284 669 1341 Domini
704 1286 798 1340 cui
819 1283 1135 1340 revelatum
1157 1287 1245 1339 est
1264 1283 1291 1338 ‘I
1312 1283 1441 1338 Haec
1485 1288 1681 1339 autem
1704 1283 1851 1338 dixit
1882 1284 2082 1352 Isaias,

440 1391 576 1429 cum
607 1374 754 1429 vidit
781 1372 1026 1445 gloriam
1068 1374 1196 1443 ejus
1217 1374 1279 1427 ⁸ο.
1306 1395 1333 1421 ››
1359 1373 1438 1427 De
1460 1373 1675 1444 Spiritu
1709 1376 1905 1428 autem
1936 1373 2083 1427 Pau-

434 1464 529 1519 lus
562 1480 693 1518 cum
723 1462 965 1529 Judasis,
1000 1462 1097 1533 qui
1130 1462 1321 1517 Romae
1367 1467 1551 1530 erant,
1584 1462 1943 1533 disceptans,
2000 1461 2083 1515 ita

436 1550 670 1608 locutus
694 1556 808 1607 est:
834 1574 863 1601 «
888 1550 1189 1607 Benedixit
1211 1550 1461 1622 Spiritus
1485 1555 1721 1607 sanctus
1747 1567 1845 1623 per
1870 1550 2078 1606 Isaiam

438 1640 782 1713 prophetam
805 1656 816 1697 :
842 1641 1097 1696 Auribus
1128 1638 1400 1706 audietis,
1434 1645 1489 1694 et
1511 1656 1625 1695 non
1652 1638 2083 1711 intelligetis,“

435 1731 699 1787 videntes
727 1731 1024 1797 videbitis,
1056 1734 1114 1786 et
1138 1748 1254 1787 non
1287 1732 1536 1786 cernetis
1563 1730 1632 1798 δι,
1667 1753 1695 1780 ››
1725 1735 1835 1786 etc.

875 2037 929 2090 9.
963 2036 1120 2106 Quod
1148 2036 1393 2101 Spiritus
1424 2035 1633 2092 sedeat.

504 2145 584 2201 Ex
608 2144 755 2199 libro
792 2143 985 2208 Mosis,
1019 2160 1131 2198 non
1155 2142 1345 2199 solum
1372 2143 1593 2209 sedere,
1618 2144 1715 2198 sed
1740 2148 1796 2197 et
1823 2143 2080 2199 assidere

429 2232 609 2298 Patri,
643 2236 695 2288 et
734 2230 896 2297 Filio,
956 2230 1235 2301 Spiritum
1296 2235 1564 2285 sanctum
1618 2231 2076 2286 demonstratur.

433 2322 544 2377 Sed
575 2322 631 2375 id
663 2324 930 2392 petamus
960 2335 1027 2373 ex
1071 2318 1279 2374 idonea
1308 2317 1551 2373 historia
1576 2334 1587 2371 :
1614 2334 1858 2390 propero
1886 2322 2076 2373 autem

451 2411 522 2466 ad
555 2408 994 2465 Abrahamum:
1029 2430 1057 2457 ‹‹
1111 2408 1396 2479 Apparuit
1444 2407 1596 2462 Deus
1644 2407 1962 2475 Abraham,
2024 2412 2081 2463 et

431 2515 563 2555 ecce
593 2503 711 2553 tres
741 2497 870 2565 viri,
904 2512 1051 2567 quos
1100 2496 1351 2567 hospitio
1402 2496 1623 2567 excepit
1672 2496 1781 2552 sub
1837 2513 2076 2567 quercu,

432 2588 534 2659 qui
591 2590 971 2643 surrexerunt
1025 2589 1082 2640 et
1153 2588 1531 2657 respexerunt
1613 2600 1817 2640 versus
1901 2586 2077 2640 Sodo-

433 2691 589 2731 mam
622 2676 686 2731 ⁸³.
722 2696 749 2724 ››
779 2679 909 2730 Jam
944 2672 1088 2728 illud
1118 2675 1384 2740 verbum,
1418 2696 1445 2723 ‹‹
1480 2678 1877 2739 surrexerunt,
1912 2696 1938 2723 »
1995 2674 2079 2728 in-

434 2765 588 2821 dicat
618 2764 941 2820 sessionem
982 2762 1373 2834 praecessisse.
1424 2762 1526 2817 Die
1575 2761 1718 2816 mihi
1769 2762 1968 2833 igitur,
2017 2761 2075 2816 in

431 2870 637 2909 mensa
675 2858 796 2907 tres
826 2851 925 2907 isti
956 2852 1255 2915 sederunt,
1304 2853 1546 2905 annon?
1594 2851 1903 2916 Sederunt,
1956 2852 2073 2907 ait:

427 2943 573 3015 Ergo
604 2942 997 3007 sederc,idem
1023 2944 1303 3010 estatque
1348 2956 1465 2995 una
1499 2939 1825 2995 considere.
1872 2940 1933 2993 In
1970 2942 2074 2996 Da-

426 3031 597 3099 niele,
629 3046 761 3087 cum
797 3031 1069 3086 Susanna
1126 3030 1198 3083 ad
1248 3033 1493 3083 mortem
1538 3028 1944 3098 abduceretur,
1997 3030 2077 3085 ait

427 3119 758 3191 Scriptura:
812 3142 839 3169 «
871 3118 1188 3175 Suscitavit
1234 3117 1386 3172 Deus
1447 3118 1733 3189 Spiritum
1803 3125 2073 3173 sanctum

430 3208 680 3281 pueruli,
720 3208 814 3263 cui
864 3224 1076 3262 nomen
1131 3205 1330 3262 Daniel
1376 3207 1439 3261 ⁸³.
1476 3228 1503 3255 ››
1551 3204 1672 3261 Vox
1716 3206 1894 3278 igitur
1950 3206 2069 3271 illa,
2104 3227 2146 3293 ρ

434 3318 462 3349 ι(
494 3295 816 3365 suscitavit,
851 3317 879 3343 »
911 3296 980 3350 de
1012 3298 1202 3349 stante
1256 3310 1370 3347 non
1421 3293 1788 3366 intelligitur,
1851 3296 1951 3351 sed
2005 3296 2075 3351 de

432 3385 669 3441 sedente
700 3388 802 3439 aut
821 3383 1144 3438 dormiente
1167 3406 1180 3448 ;
1204 3382 1698 3452 quemadmodum
1741 3388 1797 3439 et
1826 3384 1883 3438 in
1917 3383 2076 3439 Psal-

434 3491 530 3530 mo
556 3490 569 3529 :
593 3494 620 3522 ‹‹
648 3471 944 3527 Excitatus
975 3474 1063 3526 est
1092 3475 1369 3541 tanquam
1394 3470 1692 3527 dormiens
1739 3471 2076 3542 Dorminus,

432 3567 716 3633 tanquam
738 3565 943 3633 potens
958 3558 1357 3631 etcrapulatus
1376 3578 1409 3615 a
1438 3560 1640 3615 vino“.
1669 3583 1696 3611 »
1724 3562 1822 3617 Et:
1859 3584 1886 3611 ‹‹
1912 3560 2075 3616 Exci-

434 3656 597 3707 tatus
620 3655 709 3706 eet
750 3649 1033 3705 Dominus
1084 3666 1151 3704 ex
1208 3649 1464 3703 nubibus
1521 3650 1645 3705 suis
1702 3651 1918 3705 sanctis
1946 3651 2010 3704 '5.
2048 3672 2076 3699 »

436 3741 627 3796 Aliam
652 3756 879 3811 quoque
909 3739 1146 3794 afferam
1179 3738 1483 3792 historiam
1516 3739 1587 3793 de
1610 3743 1776 3795 Patre
1827 3740 2075 3807 Domini,

436 3831 506 3885 ad
538 3833 821 3885 Joannem
854 3829 1118 3883 dicente:
1150 3850 1177 3877 ‹‹
1211 3828 1396 3898 Super
1433 3844 1603 3897 quem
1645 3827 1856 3884 videris
1896 3829 2077 3899 Spiri-

435 3924 560 3973 tum
594 3918 1045 3975 descendentem
1079 3922 1135 3972 et
1167 3921 1502 3971 manentem
1565 3933 1742 3988 super
1782 3934 1915 3972 eum
1948 3920 2011 3974 ‘3.
2048 3939 2074 3968 ››

433 4007 719 4064 Dominus
751 4008 868 4062 ait:
894 4008 1048 4061 «Sin
1074 4011 1267 4060 autem
1293 4010 1478 4074 Pater,
1513 4006 1612 4077 qui
1649 4007 1705 4060 in
1739 4024 1833 4061 me
1862 4012 2076 4075 manet,

435 4096 561 4167 ipse
582 4096 715 4150 facit
738 4095 989 4166 opera”.
1014 4116 1041 4142 »
1068 4094 1165 4148 Dic
1195 4094 1558 4165 igiturjuxta
1589 4096 1635 4150 8
1670 4096 1789 4150 haec
1819 4098 2081 4151 testimo-

437 4185 557 4249 nia,
608 4184 775 4238 Pater
821 4188 878 4237 et
925 4182 1176 4253 Spiritus
1232 4188 1468 4237 manent
1516 4183 1569 4236 in
1624 4183 1785 4251 Filio,
1834 4189 2079 4239 annon?

441 4274 699 4342 Manent,
722 4271 973 4341 inquies.
1009 4270 1066 4325 Si
1095 4270 1291 4341 itaque
1323 4269 1380 4323 in
1407 4271 1544 4325 Filio
1569 4277 1807 4327 manent
1840 4273 2003 4329 Pater
2024 4278 2081 4329 et

437 4360 966 4433 Spiritus,necesse
996 4376 1236 4431 prorsus
1266 4364 1372 4413 est.
1428 4359 1570 4415 Filio
1603 4363 1860 4431 sedente,
1922 4363 2079 4434 ipsos

436 4465 671 4521 quoque
702 4466 818 4503 una
848 4449 1045 4503 sedere
1078 4447 1330 4517 quicum
1366 4447 1463 4501 illo
1497 4454 1774 4517 manent;
1836 4456 1899 4504 ut
1946 4467 2080 4523 ergo

435 4539 597 4594 sedet
626 4538 771 4609 ipse,
805 4538 883 4592 ita
914 4553 1032 4591 una
1075 4536 1280 4591 sedent
1334 4534 1439 4589 illi.
1486 4536 1543 4590 Si
1592 4538 1768 4608 igitur
1814 4538 1936 4594 haec
1993 4544 2083 4594 est

2203 570 2330 646 έγὼ,
2362 572 2681 627 ἀπόστειλόν
2736 595 2821 646 με.
2880 575 2976 628 Καὶ
3028 574 3142 629 εἶπέ
3196 594 3309 646 μοι·
3364 574 3665 648 Πορεύθητι
3715 578 3857 651 πρὸς

2198 660 2289 713 τὸν
2321 658 2449 714 λαὸν
2480 667 2693 733 τοῦτον,
2722 664 2811 716 καὶ
2861 663 2976 717 εἶπέ
3024 663 3188 734 αύτῷ·
3227 664 3390 735 ’Δκοῇ
3437 664 3724 733 ἀκούσητε,
3758 664 3851 718 καὶ

2200 747 2261 802 ού
2316 751 2390 821 μὴ
2438 758 2647 820 συνῆτε*
2682 753 2771 806 καὶ
2834 750 3123 827 βλέποντες
3182 750 3443 825 βλέψητε,
3500 752 3590 806 καὶ
3649 752 3710 807 οὐ
3767 754 3847 825 μὴ

2200 834 2368 906 ἴδητε·
2406 838 2681 914 ἐπαχύνθη
2713 842 2817 916 γὰρ
2851 844 2884 909 ἡ
2917 838 3112 917 καρδία
3139 846 3235 895 τοῦ
3270 840 3406 895 λαοῦ
3443 840 3667 911 τούτου,
3698 865 3726 892 ››
3756 840 3849 895 καὶ

2195 927 2261 979 τὰ
2318 926 2461 997 ἑξῆς.
2514 930 2573 984 ὐ
2633 928 2689 983 δὲ
2737 928 2993 999 Ἰωάννης
3046 929 3122 990 εἷς
3179 931 3269 984 τὸν
3330 930 3451 983 Υἱὸν
3512 926 3846 1002 ὶκλαμὸἀνει

2194 1020 2379 1069 ταῦτα’
2433 1014 2579 1091 λέγει
2631 1017 2753 1092 γάρ·
2788 1044 2815 1069 ‹‹
2866 1023 3108 1072 Τοσαῦτα
3151 1016 3209 1072 δὲ
3267 1018 3431 1073 αὐτοῦ
3488 1024 3690 1090 σημεῖα
3746 1039 3841 1073 πε-

2197 1100 2491 1174 ποιηκότος
2568 1103 2867 1183 ἔμπροσθεν
2944 1107 3114 1163 αὐτῶν
3152 1153 3168 1175 ,
3225 1108 3323 1162 οὐκ
3395 1107 3704 1162 ἐπίστευσαν
3765 1108 3842 1170 εἰς

2194 1192 2374 1265 αὐτὸν,
2403 1192 2495 1248 ’ἱνα
2524 1196 2551 1248 6
2585 1196 2748 1271 Λόγος
2790 1195 3011 1251 Ἠσαίου
3060 1202 3155 1252 τοῦ
3202 1198 3487 1275 προφήτου
3537 1197 3837 1272 πληρωθῇ,

2195 1282 2252 1336 ὃν
2286 1285 2421 1337 εἴπεο
2457 1308 2484 1335 ‹‹
2530 1283 2713 1357 Κύριε,
2763 1286 2845 1347 τίς
2896 1285 3169 1341 ἐπίστευσε
3215 1285 3283 1360 τῇ
3330 1287 3468 1357 ἀκοῇ
3510 1288 3669 1358 ἡμῶν
3702 1304 3715 1354 ;
3748 1286 3840 1341 καὶ

2195 1372 2223 1425 6
2259 1372 2503 1447 βραχίων
2557 1374 2755 1445 Κυρίου
2799 1374 2905 1429 τίνι
2954 1374 3307 1453 ἀπεκαλύφθη
3345 1395 3357 1445 ;
3390 1380 3564 1430 Ταῦτα
3595 1373 3652 1430 δὲ
3696 1377 3839 1430 εἶπεν

2192 1460 2429 1532 Ἠσαίας,
2463 1461 2551 1516 ὅτε
2582 1460 2688 1518 εἶδε
2732 1464 2831 1532 τήν
2883 1462 3036 1536 δόξαν
3088 1463 3273 1519 αὐτοῦ.
3310 1488 3337 1515 ››
3368 1466 3501 1539 Περὶ
3541 1468 3637 1518 τοῦ
3670 1463 3835 1521 ΙῙνεύ-

2196 1570 2362 1621 ματος
2390 1548 2446 1604 δὲ
2476 1551 2504 1605 6
2550 1550 2767 1613 Παῦλος
2816 1550 3206 1627 διαλεγόμενος
3257 1558 3371 1614 τοῖς
3402 1552 3453 1607 έν
3492 1553 3677 1627 Ῥώμῃ
3706 1559 3837 1608 Ἰου-

2192 1635 2385 1707 δαίοις,
2419 1640 2555 1694 εἴπεο
2590 1665 2616 1691 ‹‹
2654 1640 2844 1703 Καλῶς
2895 1642 3009 1696 εἷπε
3056 1642 3116 1695 τὸ
3169 1643 3392 1715 Πνεῦμα
3438 1642 3501 1697 τὸ
3545 1644 3699 1715 ἅγιον
3748 1639 3838 1696 διὰ

2190 1726 2411 1782 Ἠσαίου
2440 1733 2537 1783 τοῦ
2566 1733 2871 1807 προφήτου·
2905 1730 3041 1804 ἀκοῇ
3076 1729 3341 1801 ἀκούσητε
3371 1733 3506 1804 (44),
3537 1731 3625 1785 καὶ
3659 1730 3721 1785 ού
3757 1732 3832 1804 μὴ

3225 1108 3323 1162 οὐκ

2110 1855 2160 1920 Β
2190 1819 2401 1886 συνῆτε·
2443 1817 2531 1871 καί
2586 1816 2881 1893 βλέποντες
2934 1817 3195 1895 βλέψατε,
3228 1819 3317 1874 καὶ
3367 1817 3429 1875 οἶ)
3483 1820 3558 1893 μὴ
3595 1817 3767 1889 ἴδητε,
3803 1842 3832 1872 γ)

2187 1906 2276 1960 καὶ
2308 1908 2372 1961 τὰ
2401 1907 2489 1977 ἐξῆ
2501 1929 2545 1969 ς.

2495 2034 2548 2086 9.
2584 2032 2716 2107 Περὶ
2760 2053 2855 2087 τοο
2889 2034 3151 2102 καθῆσθαι
3183 2034 3243 2087 τὸ
3277 2035 3515 2106 Πνεῦμα.

2260 2136 2352 2190 Ἐκ
2407 2143 2505 2206 τῆς
2569 2132 2765 2212 βίϐλου
2821 2140 3067 2201 Μωσέως
3124 2139 3185 2195 οὐ
3254 2139 3414 2212 μόνον
3472 2141 3775 2212 καθήμενον
3813 2184 3829 2211 ,

2187 2222 2332 2280 ἀλλὰ
2374 2226 2461 2279 καὶ
2517 2229 2922 2301 συγκαθήμενον
2970 2229 3033 2283 τὸ
3084 2231 3305 2301 Πνεῦμα
3351 2229 3412 2283 τὸ
3453 2229 3601 2303 ἅγιον
3656 2230 3829 2304 ΙΙατρὶ

2186 2313 2274 2366 καὶ
2336 2314 2610 2368 Υείκνυται
2647 2358 2659 2371 .
2719 2317 2809 2371 Ἐκ
2864 2324 2963 2385 τῆς
3026 2315 3114 2371 οῦν
3176 2316 3489 2393 πρεπούσης
3543 2317 3778 2392 ἱστορίας
3814 2362 3828 2375 .

2186 2403 2471 2477 Ὣρμημαι
2517 2406 2629 2475 (45)
2689 2401 2745 2459 δὲ
2794 2404 2881 2461 ἐπὶ
2938 2401 3204 2481 ’Δϐραάμ·
3245 2430 3266 2457 ι
3300 2408 3475 2483 ’Ώφθη
3529 2407 3557 2460 6
3596 2408 3722 2469 Θεὸς
3751 2411 3830 2478 τῷ

2184 2486 2454 2566 ’Δϐραᾶμ,
2486 2492 2573 2546 καὶ
2627 2491 2743 2547 ἰδοὺ
2796 2492 2982 2568 ἄνδρες
3011 2501 3179 2569 τρεῖς,
3232 2495 3324 2558 οῦς
3353 2500 3443 2549 καί
3474 2495 3693 2565 ἐξένισεν
3726 2496 3829 2550 ὐπὸ

2184 2581 2282 2648 τήν
2337 2578 2486 2655 δρῦν,
2533 2582 2585 2636 οἳ
2635 2582 3006 2656 ἐξανέστησαν,
3055 2580 3445 2657 ἐπιϐλέψαντες
3494 2583 3579 2639 ἐπὶ
3608 2584 3826 2659 πρόσω-

2184 2689 2283 2723 πον
2321 2667 2603 2743 Σοδόμων.
2642 2695 2669 2722 ››
2700 2673 2768 2726 Τὸ
2818 2670 2895 2741 δὲ,
2940 2697 2969 2724 ‹‹
3020 2672 3385 2745 ἐξανέστησαν,
3420 2700 3443 2728 ι
3498 2673 3826 2728 καθισάντων

2187 2758 2300 2812 ὀστὶ
2343 2760 2601 2831 σημασία.
2640 2759 2769 2814 Εἶπὶ
2817 2761 2930 2827 οῦν,
2977 2760 3063 2815 ἐπὶ
3112 2769 3210 2831 τῆς
3258 2763 3529 2838 τραπέζης
3582 2763 3631 2817 οἱ
3682 2767 3825 2835 τρεῖς

2186 2846 2452 2915 ἐκάθισαν,
2483 2850 2516 2916 ἢ
2564 2845 2625 2902 οὕ
2661 2866 2673 2917 ;
2709 2850 2904 2922 Φησίν,
2953 2851 3252 2907 Ἐκάθισαν.
3300 2851 3378 2907 Τὸ
3425 2849 3515 2905 οῦν
3564 2851 3826 2919 καθῆσθαι

2185 2935 2270 2991 ἐπὶ
2300 2938 2362 2991 τὸ
2397 2936 2523 2991 αὐτὸ
2556 2937 2867 3013 συγκαθίσαι
2921 2939 3084 2996 ἑστίν.
3120 2941 3202 2994 Ἐν
3237 2937 3294 2994 δὲ
3322 2944 3399 3011 τῷ
3447 2939 3674 3013 Δανιὴλ,
3710 2946 3825 2993 Σω-

2185 3025 2376 3095 σάννης
2435 3026 2785 3101 ἀπαγομένης
2846 3030 3236 3097 θανατωθῆναι,
3297 3027 3445 3104 λέγει
3506 3030 3539 3098 ἡ
3600 3030 3820 3107 Γραφή⁶

2186 3140 2211 3165 ‹‹
2247 3116 2548 3191 Ἐξήγειρεν
2580 3118 2608 3169 6
2640 3116 2771 3177 Θεὸς
2818 3117 2879 3170 τὸ
2928 3118 3151 3189 Πνεῦμα
3194 3118 3256 3172 τὸ
3307 3118 3457 3193 ἅγιον
3508 3115 3822 3191 παιδαρίου,

2185 3204 2230 3275 ᾧ
2257 3200 2427 3275 ὄνομα
2478 3204 2703 3274 Δανιήλ.
2741 3226 2767 3258 s
2801 3210 2861 3259 ἸΙ
2892 3204 2981 3259 οῦν
3030 3230 3056 3256 ‹‹
3110 3206 3420 3282 ὲξεγέρσεως
3453 3229 3481 3256 ››
3526 3206 3679 3284 φωνή
3731 3205 3827 3260 οὐκ

2188 3292 2274 3346 ἐπὶ
2319 3293 2548 3355 ἑστῶτος
2599 3288 2952 3367 λαμϐάνεται,
3002 3292 3126 3349 ἀλλ’
3174 3294 3259 3349 ἐπὶ
3308 3296 3616 3368 καθημένου
3647 3296 3681 3364 ἢ
3712 3316 3826 3350 κοι-

2193 3383 2486 3455 μωμένου·
2548 3383 2621 3444 ὡς
2680 3383 2769 3436 καὶ
2827 3381 2877 3437 ἐν
2931 3387 3011 3454 τῷ
3062 3382 3267 3457 ψαλμῷ
3322 3382 3469 3459 λέγει
3505 3405 3517 3417 ·
3581 3408 3607 3434 ‹‹
3666 3385 3823 3455 Ἐξη-

2188 3472 2352 3546 γέρθη
2387 3472 2499 3544 (46)
2532 3472 2605 3533 ὡς
2660 3471 2687 3526 ὁ
2734 3472 2907 3527 ὑπνῶν
2954 3470 3169 3548 Κύριος,
3221 3474 3295 3535 ὡς
3343 3470 3561 3536 δυνατὸς
3611 3474 3699 3528 καὶ
3738 3494 3824 3526 κε-

2188 3559 2578 3633 κραιπαληκὼς
2630 3558 2678 3632 ἐξ
2734 3558 2901 3614 oi'vou‘
2938 3586 2965 3612 ››
3015 3562 3104 3615 καὶ
3158 3562 3241 3633 τὸ,
3280 3586 3308 3613 ί(
3367 3562 3663 3639 Ἐξηγέρθη
3723 3564 3824 3616 Κύ-

2188 3670 2302 3723 ριος
2348 3649 2397 3703 ἐν
2443 3648 2681 3725 νεφελῶν
2732 3650 2894 3724 ἁγίων
2940 3649 3121 3706 αὐτοῦ.
3160 3674 3186 3701 ››
3222 3651 3317 3708 Καὶ
3368 3650 3547 3723 ἄλλης
3590 3651 3824 3727 ἱστορίας

2192 3739 2553 3811 μνημονεύσω
2582 3743 2679 3793 τοῦ
2713 3739 2923 3815 ΙΙατρὸς
2952 3744 3049 3793 τοῦ
3082 3741 3300 3816 Κυρίου,
3332 3740 3466 3814 πρὸς
3509 3742 3599 3795 τὸν
3641 3741 3824 3795 Ἰωάν-

2186 3850 2282 3897 νην
2337 3826 2612 3903 λέγοντος·
2650 3853 2677 3879 ‹‹
2714 3829 2827 3905 Ἐφ’
2858 3829 2915 3881 ’ὃν
2972 3832 3027 3882 ἂν
3084 3827 3197 3903 ἴδῃς
3245 3829 3305 3884 τὸ
3365 3832 3582 3902 Πνεῦμα
3639 3850 3772 3884 κατα
3802 3861 3825 3871 -

2188 3910 2395 3987 ϐαῖνον,
2450 3916 2538 3970 καὶ
2606 3916 2762 3987 μένον
2823 3915 2906 3970 ἐπ’
2966 3916 3146 3973 αὐτόν.
3206 3939 3233 3970 ι
3278 3919 3334 3971 Ὀ
3391 3918 3585 3994 Κύριος
3635 3919 3776 3973 εἶπεν
3811 3936 3823 3949 ⁸

2190 4032 2215 4057 ι(
2252 4005 2311 4063 Εἰ
2338 4006 2425 4060 καὶ
2459 4006 2486 4059 6
2520 4006 2708 4080 Πατήρ
2741 4007 2874 4077 (47),
2910 4006 2936 4059 6
2972 4008 3147 4079 μένων
3200 4005 3250 4061 έν
3300 4007 3443 4079 ἐμοὶ,
3493 4006 3651 4069 αὐτὸς
3683 4012 3829 4063 ποιεῖ

2186 4096 2252 4150 τὰ
2286 4091 2430 4169 ἔργα.
2464 4121 2483 4145 ι
2523 4094 2657 4149 Εἰπὲ
2705 4092 2795 4147 οῦν
2854 4096 2988 4149 κατὰ
3046 4096 3140 4157 τὰς
3203 4095 3515 4172 μαρτυρίας,
3561 4097 3588 4151 6
3641 4097 3827 4172 ΙΙατὴρ

2188 4186 2276 4239 καὶ
2334 4184 2396 4237 τὸ
2450 4187 2670 4255 Πνεῦμα
2730 4183 2977 4256 μένουσιν
3038 4183 3089 4238 ὲν
3133 4189 3211 4256 τῷ
3259 4186 3387 4257 Υἱῷ,
3428 4186 3462 4254 ἢ
3517 4183 3577 4240 ού
3612 4204 3625 4254 ;
3663 4184 3827 4255 Φησὶ,

2191 4276 2473 4330 Μένουσιν.
2527 4273 2588 4324 Οἱ
2640 4270 2729 4326 οὖν
2782 4273 2832 4326 ἐν
2876 4278 2953 4344 τῷ
2998 4274 3108 4343 Υἱῷ
3159 4272 3428 4346 μένοντες,
3462 4275 3489 4329 6
3524 4276 3711 4351 Πατὴρ
3744 4273 3830 4328 καὶ

2189 4364 2250 4417 τὸ
2286 4365 2524 4434 Πνεῦμα,
2566 4359 2661 4414 τοῦ
2711 4362 2836 4414 Υἱοῦ
2882 4362 3215 4427 καθίσαντος,
3269 4363 3469 4438 ἀνάγκη
3522 4369 3665 4417 πᾶσα
3709 4384 3832 4438 συγσ

2189 4453 2451 4519 καθῆσθαι
2504 4448 2649 4521 αύτῷ
2696 4450 2784 4503 καὶ
2817 4450 2868 4503 οἱ
2920 4450 3168 4522 μένοντες
3211 4450 3262 4504 ἐν
3309 4451 3474 4523 αὐτῷ·
3508 4451 3582 4513 ὡς
3616 4450 3705 4504 οὖν
3737 4450 3831 4505 κά-

2190 4542 2367 4610 θηται,
2418 4539 2507 4592 καὶ
2562 4540 2937 4612 συγκάθηνται.
2992 4538 3054 4593 Εἰ
3104 4561 3195 4613 οῃν
3240 4539 3374 4610 αὕτη
3432 4540 3571 4594 ἐστὶν
3623 4538 3833 4614 ἱστορία

434 4626 681 4683 historia
709 4627 780 4682 de
810 4626 1106 4681 Abraham
1138 4628 1194 4679 et
1227 4625 1351 4691 Lot,
1385 4628 1440 4679 et
1482 4625 1541 4679 in
1590 4626 1745 4680 Actis
1793 4628 2078 4697 Opostolo-

2193 4626 2278 4680 ἐπὶ
2312 4623 2561 4701 Ἀϐραὰμ
2607 4629 2720 4699 (48)
2769 4628 2858 4679 καὶ
2910 4629 3053 4699 Λὼτ,
3084 4629 3174 4681 καὶ
3208 4626 3259 4681 ἐν
3298 4634 3416 4689 ταῖς
3452 4628 3677 4703 Πράξεσι
3726 4632 3831 4682 τῶν

434 4732 567 4770 rum
596 4714 881 4787 scriptum
903 4718 987 4769 est
1011 4730 1024 4768 :
1053 4736 1079 4761 ‹‹
1098 4714 1166 4768 Et
1187 4713 1340 4767 sedit
1364 4729 1542 4783 supra
1582 4713 1845 4785 singulos
1875 4731 2074 4770 eorum

434 4803 688 4876 Spiritus
709 4807 947 4858 sanctus
968 4804 1032 4869 ⁸⁸,
1061 4826 1081 4853 ι
1112 4806 1175 4857 ut
1196 4806 1253 4856 et
1274 4801 1332 4855 in
1359 4802 1589 4857 Psalmo
1614 4803 1861 4859 dicitur:
1920 4827 1938 4853 α
1967 4805 2075 4869 Qui

436 4894 605 4949 sedes
631 4909 806 4964 super
835 4890 1137 4947 cherubim
1168 4891 1248 4946 3':
1289 4912 1309 4940 ι
1346 4891 1487 4947 Filio
1518 4896 1671 4948 certe
1702 4894 1923 4949 scimus
1956 4894 2074 4950 exi-

506 5029 550 5063 ”
582 5030 691 5085 Isa.
721 5045 800 5093 v1,
832 5030 885 5098 8,
920 5029 1005 5081 10.
1099 5028 1143 5061 ⁸ο
1171 5026 1340 5081 Joan.
1376 5043 1473 5091 xn,
1506 5028 1695 5082 37-41.

435 5099 523 5156 45.
624 5101 669 5135 ⁸⁸
699 5100 855 5155 Psal.
890 5115 1094 5166 Lxxvu,
1126 5099 1215 5152 65.
1318 5098 1361 5131 ⁸⁸
1392 5098 1563 5154 Zach.
1599 5117 1659 5167 u,
1696 5100 1779 5155 13.

435 5187 622 5241 LXXIX,
650 5172 706 5227 2.

650 5330 801 5402 Haec,
829 5328 919 5382 καὶ
976 5328 1118 5396 εἶπα,
1171 5345 1355 5402 usque
1403 5330 1497 5400 ad,
1540 5330 1652 5402 τὸν,
1694 5326 1825 5384 λαὸν
1864 5335 2071 5402 ,τοῦτον

431 5375 733 5469 in6lusive,
763 5375 974 5473 desunt
1003 5402 1059 5457 in
1095 5375 1316 5473 Desilit
1352 5375 1583 5472 propter
1634 5400 2071 5473 ὁμοιοτέλευτον.

433 5474 564 5548 Mox
610 5474 787 5548 idem,
830 5469 1366 5548 Aégx_oj5ce-ce.__l_3aulo'
1418 5469 1567 5544 post,
1614 5469 1972 5548 Anglicanus
2019 5484 2077 5533 et

433 5540 1071 5627 edit.nParis.,nﬂ)tt+e1e,
1104 5542 1200 5627 allii
1238 5540 1496 5618 βλέψητε.

504 5617 616 5687 (44)
648 5614 1007 5687 Basiliensis,
1040 5614 1312 5687 ἀκούσετε.

504 5683 616 5759 (45)
664 5683 1023 5759 Basiliensis,
1082 5683 1354 5761 ὥρμηται.
1418 5686 1639 5743 Ibidem
1699 5692 1839 5758 hac,
1900 5688 2071 5767 Ὠφθη

1799 5029 1840 5064 ⁸¹
1875 5032 1995 5085 Act.
2032 5046 2227 5097 xxvm,
2261 5032 2356 5098 25,
2383 5031 2472 5085 26.

1882 5102 1925 5135 ⁸⁸
1955 5101 2121 5159 Joan.
2155 5119 2195 5168 ι,
2226 5102 2315 5156 33.

2188 4712 2508 4770 ἀποστόλων
2564 4714 2879 4791 γέγραπται’
2941 4741 2967 4767 ‹‹
3004 4716 3101 4769 Καὶ
3154 4715 3390 4768 ἐκάθισεν
3451 4716 3532 4791 ἐφ’
3576 4712 3668 4768 ἕνα
3709 4713 3836 4767 ἕκα-

2187 4824 2307 4857 στον
2366 4803 2540 4858 αὐτῶν
2601 4805 2661 4858 τὸ
2724 4807 2942 4877 Πνεῦμα
2994 4805 3055 4857 16
3116 4804 3287 4877 ἅγιονο
3324 4826 3352 4852 υ
3385 4802 3458 4863 ὡς
3516 4803 3604 4857 καὶ
3654 4802 3705 4855 έν
3757 4805 3835 4873 τῷ

2183 4890 2389 4966 ψαλμῷ
2445 4891 2612 4968 λέγει·
2650 4917 2677 4943 ‹‹
2709 4894 2768 4949 Ὁ
2827 4894 3133 4964 καθήμενος
3194 4891 3281 4945 ἐπὶ
3337 4886 3633 4967 χερουϐὶμ’
3672 4915 3700 4943 ››
3758 4894 3835 4960 τῷ

2570 5030 2613 5063 ⁸²
2640 5029 2847 5085 Genes.
2882 5047 3045 5094 xvm,
3080 5031 3130 5095 1,
3164 5030 3216 5097 9,
3248 5030 3337 5083 2:2.
3415 5030 3461 5064 ⁸³
3510 5029 3654 5085 Dan.
3707 5044 3827 5093 xm,

2420 5103 2462 5137 ετ
2492 5102 2662 5158 Joan.
2696 5119 2809 5170 xxv,
2847 5102 2935 5155 10.
3036 5101 3079 5135 ⁸⁸
3111 5106 3239 5157 Act.
3276 5118 3336 5170 ιι,
3371 5102 3459 5158 13.
3588 5101 3633 5137 ³9
3678 5097 3832 5155 Psal.

2187 5333 2214 5387 ὁ
2245 5333 2372 5393 Θεὸς
2403 5335 2482 5403 τῷ
2512 5326 3030 5406 ’ᾼϐραάμηᾷθευηῐ
3057 5329 3117 5385 in
3140 5330 3479 5404 Anglicano.

2280 5406 2367 5475 46)
2400 5401 2761 5474 Basiliensis,
2795 5401 3113 5475 ἐξηγέρθην.

2281 5468 2366 5543 47)
2401 5468 3193 5545 Βαεὶιὶοοεὶεὀῖ’νὶιιὶοθζηυδ,
3226 5471 3289 5545 Et
3313 5468 3379 5545 ῥὲ
3410 5472 3459 5545 6.

2280 5538 2368 5614 48)
2401 5547 2464 5600 In
2494 5546 2808 5615 Anglicano
2839 5550 2895 5600 et
2925 5546 3113 5602 Felck.
3150 5538 3191 5612 ιζ
3240 5538 3514 5617 ’Δϐραάμ,
3564 5560 3697 5601 cum
3744 5547 3835 5599 te-

2187 5618 2313 5675 nui.
2348 5617 2411 5672 In
2443 5616 2576 5672 aliis
2602 5634 2739 5674 cum
2772 5618 2975 5685 denso,
3008 5623 3067 5674 et
3096 5617 3181 5673 sic
3210 5616 3463 5687 semper.
