4100 6224
340 410 416 470 45

979 408 1081 470 DE
1127 406 1490 472 COMMUNI
1535 407 1922 470 ESSENTIA
1967 407 2247 467 PATRIS
2298 408 2392 468 ET
2438 407 2619 469 FILIl
2670 409 2766 468 ET
2811 408 3011 468 SPIR.
3057 408 3121 468 S.

3676 411 3754 470 Hi

346 539 442 613 μὶν
492 541 603 611 ΥἼῷ
666 536 819 611 ἴσμεν
864 537 1246 614 ἀφωρισμένην
1306 536 1508 593 δίαιταν
1565 537 1625 592 ἐκ
1672 535 1857 607 δεξιῶν
1893 538 1991 590 τοῦ

2111 538 2284 592 miam
2319 538 2517 593 sedem
2556 539 2991 611 prOpriamque,
3027 538 3305 592 nimirum
3339 539 3410 593 ad
3459 539 3752 596 dexteram

342 628 556 705 Πατρὸς
606 625 936 698 ἰδιάζουσαν.
984 630 1097 681 Τῶν
1139 625 1271 703 γοῦν
1300 628 1413 701 (49)
1458 632 1622 705 τριῶν
1658 622 1991 690 καθισάντων

346 717 433 772 ἐπι
464 722 559 772 τοῦ
608 712 881 794 Ἀϐραὰμ,
914 716 1082 787 δῆλον
1128 716 1211 771 ὅτι
1260 716 1310 788 ἐξ
1362 717 1656 791 εὐωνύμων
1696 714 1904 771 ἐκάθισε
1933 712 1994 767 τὸ

350 810 574 879 Πνεῦμα
602 807 665 860 τὸ
693 807 864 882 ἅγιον·
898 806 1033 877 αὕτη
1066 806 1166 882 γὰρ
1217 806 1363 878 αύτῷ
1394 807 1740 883 ἀφωρισμένη
1795 800 1992 858 δίαιτα.

347 896 551 970 ’Ὠσπερ
604 892 691 948 οὗν
742 895 876 970 πρὸς
906 895 998 949 τὸν
1038 894 1230 948 έαυτοῦ
1275 895 1395 948 Υἱὸν
1448 896 1581 949 εἴπε-
1626 918 1652 944 ‹‹
1710 892 1886 948 Κάθοο
1937 889 1996 945 ἐκ

356 979 540 1053 δεξιῶν
591 1001 712 1055 μουο
747 1006 776 1035 n
806 982 865 1038 ἐκ
914 981 971 1038 δὶ
1007 987 1105 1038 τοῦ
1144 982 1357 1046 καθίσαι
1400 983 1457 1037 ἐκ
1506 981 1692 1055 δεξιῶν
1738 981 1827 1036 τὸν
1869 980 1992 1033 Υἱὸν

351 1068 489 1126 ἔστιν
522 1071 823 1141 ἐπινοῆσαι,
850 1072 938 1126 ὅτι
970 1074 1088 1127 κατ’
1118 1072 1415 1149 ἐπιτροπὴν
1466 1072 1584 1127 εἶπε
1630 1073 1718 1126 καὶ
1758 1070 1837 1141 τῷ
1869 1070 1995 1123 έαυ-

346 1163 442 1214 τοῦ
476 1158 773 1232 ΙΙνεύματι,
824 1162 998 1215 Κάθου
1050 1160 1099 1232 ἐξ
1150 1158 1443 1233 εὐωνύμων
1500 1181 1623 1232 μου.
1674 1163 1780 1213 Τοῦ
1811 1156 1869 1212 δὲ
1897 1178 1995 1211 κα·

348 1247 588 1320 θημένου
637 1249 671 1316 ὴ
723 1248 1065 1325 προσηγορία
1113 1242 1421 1320 ἆξιώματός
1472 1248 1582 1302 ἐστι
1635 1246 1876 1319 σημασία
1907 1262 1920 1277 ·
1968 1245 1996 1300 ὁ

342 1335 443 1411 γὰρ
498 1337 815 1410 καθήμενος
871 1335 1277 1414 ἐμπεριγραφός
1339 1336 1500 1408 ἐστιν,
1564 1336 1617 1391 ἐν
1664 1337 1711 1408 ᾧ
1765 1334 1995 1405 κάθηται

341 1423 517 1497 τόπῳ.
579 1425 637 1477 ’Θ
692 1416 756 1481 ’δὶ
808 1427 937 1488 θεὸς
992 1428 1154 1499 ἡμῶν
1212 1426 1580 1504 ἀπερίγραφός
1643 1424 1754 1481 ἔστι
1802 1424 1992 1503 φύσειο

342 1514 769 1592 περιγράφεσθαι
817 1511 874 1568 δὲ
923 1511 1074 1569 δοκεῖ
1123 1515 1729 1588 μετενσωματούμενος·
1787 1513 1848 1568 ού
1892 1515 1995 1589 γὰρ

342 1600 664 1677 ἀνθρωπίζει
721 1605 759 1673 ἡ
822 1603 1007 1680 Γραφῆ
1061 1603 1153 1659 τὸν
1214 1603 1366 1659 Θεόνο
1427 1602 1555 1660 ἀλλ’
1610 1602 1671 1658 ἐκ
1726 1607 1824 1658 τοῦ
1880 1604 2001 1657 καθ’

342 1690 491 1763 ἡμᾶς
549 1688 883 1768 διαλέγηται,
932 1690 1025 1746 ἵνα
1078 1692 1148 1746 τά
1206 1692 1339 1768 ὑπὲρ
1407 1694 1556 1765 ἡμᾶς
1615 1690 1828 1767 ἀμφάνῃ
1885 1691 1997 1763 (50)

343 1779 635 1857 πράγματα
680 1781 735 1837 ὲν
780 1781 903 1855 τοία
951 1782 1124 1861 φύσει.
1158 1785 1276 1839 Ὅτι
1324 1780 1464 1838 ’δὲῦν
1495 1788 1572 1856 τῷ
1615 1784 1888 1855 ἑκατοστῷ
1915 1780 1999 1837 ἐν·

343 1868 489 1973 νάτρῳ
519 1871 725 1973 alter“?
746 1890 929 1950 φησιν·
963 1896 991 1924 ι(
1027 1872 1187 1927 Εἶπεν
1220 1873 1249 1926 ὁ
1280 1872 1478 1946 Κύριος
1523 1871 1604 1945 τῷ
1654 1868 1834 1947 Κυρίῳ
1868 1889 1992 1944 μου·
2020 1908 2072 1973 Β

345 1952 524 2013 Κάϐου
556 1958 615 2014 ἐκ
662 1956 849 2029 δεξιῶν
882 1978 1007 2032 μου·
1048 1984 1068 2011 ιι
1095 1962 1185 2015 καὶ
1230 1961 1562 2025 καθισάντων
1612 1960 1811 2033 αὐτῶν,
1846 1958 1991 2033 λέγει

342 2049 377 2117 ἦ
412 2049 596 2126 Γραφή
628 2048 765 2125 πρὸς
796 2047 954 2104 αὐτὸν
989 2051 1101 2124 (51)
1147 2049 1241 2105 τὸν
1296 2050 1552 2126 Χριστόν·
1585 2074 1611 2099 ‹‹
1657 2055 1863 2118 Ὤμοσε
1897 2047 1996 2102 Κύ.

343 2155 482 2211 ριος,
540 2136 629 2191 καὶ
679 2136 742 2192 ού
796 2136 1305 2210 μεταμεληθήσεται
1341 2156 1353 2169 ’
1414 2136 1478 2192 σὺ
1534 2137 1709 2214 ἱερεὺς
1769 2136 1845 2199 εἰς
1901 2134 1991 2191 τὸν

340 2227 511 2282 αἰῶνα
555 2228 692 2283 κατὰ
726 2229 826 2296 τήν
872 2227 1019 2298 τάξιν
1067 2225 1429 2304 ΜεΛχισεδέκν
1483 2252 1512 2282 ››
1563 2229 1674 2297 καὶ,
1710 2252 1738 2279 ‹‹
1796 2227 1991 2298 Κύριος

341 2314 401 2369 ἐκ
429 2314 615 2385 δεξιῶν
669 2334 785 2370 σου·
844 2341 873 2370 »
933 2314 1104 2386 δῆλον
1156 2315 1250 2372 οὖν
1310 2317 1393 2373 δτι
1447 2318 1511 2372 τὸ
1544 2314 1761 2391 Πνεῦμα
1817 2316 1876 2372 ἐκ
1906 2314 1991 2371 δε-

342 2402 468 2472 ξιῶν
501 2402 631 2457 ἔστι.

416 2617 502 2671 10.
542 2616 665 2671 ’Ότι
708 2615 743 2684 ἡ
807 2615 977 2693 Τριὰς
1035 2614 1225 2693 ἤγειρε
1275 2618 1366 2673 τὸν
1422 2618 1647 2693 Χριστὸν
1699 2616 1835 2673 κατὰ
1889 2618 1988 2687 τὴν

905 2687 1075 2760 σάρκα
1090 2687 1175 2743 ’ἐκ
1192 2694 1396 2765 νεκρῶν
1408 2732 1421 2745 .

416 2772 548 2849 Περὶ
597 2774 811 2852 Ηατρὸς
858 2775 1032 2838 οὕτως
1080 2774 1249 2853 λέγει’
1306 2802 1327 2830 ι
1364 2780 1421 2833 Ὃ
1469 2776 1528 2833 δὲ
1576 2780 1728 2846 Θεὸς,
1759 2778 1850 2833 καὶ
1896 2778 1988 2834 τὸν

346 2861 540 2936 Κύριον
571 2860 779 2940 ἤγειρε,
809 2863 899 2917 καὶ
933 2866 1081 2936 ἡμᾶς
1109 2864 1279 2939 ἐγερεῖ
1307 2869 1421 2938 (52)
1454 2864 1542 2921 διὰ
1568 2869 1665 2936 τῆς
1708 2864 1990 2937 δυνάμεως

346 2951 531 3009 αὐτοῦ.
590 2975 618 3002 ››
669 2951 802 3024 Περὶ
849 2953 998 3006 Υἱοῦ·
1039 2975 1066 3007 α
1097 2952 1305 3007 Λύσατε
1343 2953 1437 3007 τὸν
1484 2954 1609 3007 ναὸν
1660 2958 1877 3017 τοῦτον,
1901 2954 1991 3008 καὶ

345 3039 397 3095 ἐν
428 3040 603 3115 τρισὶν
625 3041 862 3116 ἡμέραις
908 3039 1077 3117 ἐγερῶ
1124 3040 1305 3097 αὐτόν.
1361 3040 1532 3102 Αὐτὸς
1578 3039 1636 3095 δὲ
1683 3038 1840 3117 ἔλεγε
1868 3040 1992 3115 περὶ

339 3132 440 3183 τοῦ
468 3132 595 3184 ναοῦ
623 3132 721 3183 τοῦ
748 3128 1006 3202 σώματος
1032 3129 1218 3187 αὐτοῦ.
1260 3152 1281 3180 ι
1317 3128 1447 3205 Περὶ
1482 3126 1540 3183 δὶ
1587 3134 1685 3185 τοῦ
1744 3130 1990 3203 Πνεύμα-

340 3238 434 3280 τος
464 3220 607 3291 (53)·
637 3241 665 3270 ‹‹
698 3216 760 3272 Εἰ
811 3214 870 3271 δέ
914 3218 978 3273 τὸ
1030 3218 1272 3291 Πνεῦμα,
1321 3218 1384 3273 τὸ
1435 3217 1642 3293 έγεῖραν
1694 3219 1904 3286 Ἰησοῦν
1932 3218 1992 3274 ἐκ

338 3270 578 3381 ista;
608 3270 747 3361 οικέῖ
793 3270 863 3360 ιζ
899 3270 1377 3382 satira—£544
1402 3270 1515 3362 τόξ’
1534 3270 1771 3383 iam;
1786 3270 1800 3273 ⁷
1817 3270 1895 3362 ξ.
1912 3270 1993 3362 {ei
2021 3270 2063 3341 Β

338 3398 484 3470 κρῶν
520 3396 850 3465 ζωοποιήσει
876 3394 965 3449 καὶ
1013 3394 1079 3448 τὰ
1127 3395 1297 3464 θνητὰ
1327 3396 1553 3468 σώματα
1584 3396 1737 3468 ὑμῶν
1780 3394 1869 3451 διὰ
1892 3400 1989 3451 τοῦ

342 3483 670 3546 ἐνοικοῦντος
702 3483 868 3541 αὐτοῦ
898 3482 1214 3557 Πνεύματος
1244 3483 1296 3538 έν
1329 3485 1480 3557 ὑμῖν.
1516 3508 1544 3536 ››

574 3612 660 3666 11.
693 3610 810 3663 ’Ότι
845 3610 880 3678 ἡ
912 3607 1081 3683 Τριᾶς
1112 3609 1200 3687 ὑφ’
1230 3609 1426 3679 ἑαυτῆς
1457 3606 1755 3679 δοξάζεται.

411 3721 466 3771 '0
514 3716 639 3778 Υἱὸς
693 3712 902 3785 δοξάζει
946 3716 1039 3771 τὸν
1087 3716 1331 3791 Πατέρα·
1382 3715 1531 3790 λέγει
1580 3714 1705 3792 γάρ·
1766 3738 1794 3770 α
1838 3712 1989 3770 Ἐδόο

346 3805 477 3875 ξασά
506 3825 602 3859 σου
643 3804 705 3859 τὸ
752 3800 930 3876 ὄνομα
976 3802 1063 3859 ἐπὶ
1111 3811 1210 3873 τῆς
1257 3810 1383 3877 γῆς’
1421 3828 1449 3854 ››
1482 3804 1509 3858 ὁ
1543 3804 1731 3879 Πατὴρ
1773 3808 1852 3875 τῷ
1885 3805 1992 3875 Υἱῴ

348 3892 491 3968 λέγει
540 3892 592 3947 έν
639 3896 720 3965 τῷ
768 3889 1110 3966 Εύαγγελίῳ·
1149 3915 1173 3945 ι
1226 3891 1323 3947 Καὶ
1372 3886 1596 3961 ἐδόξασα
1626 3936 1643 3963 ,
1686 3893 1776 3945 καὶ
1826 3889 1991 3945 πάλιν

348 3979 576 4052 δοξάσω.
629 4005 657 4033 ‹‹
710 3981 827 4035 ’Ότι
875 3977 1185 4050 δεδόξασται
1240 3981 1361 4041 Υἱὸς
1410 3980 1554 4055 παρὰ
1608 3984 1704 4033 τοῦ
1756 3980 1988 4055 Ιῐατρὸς,

344 4069 433 4125 καὶ
467 4070 656 4146 Ιίατὴρ
688 4072 801 4144 (54)
835 4070 979 4145 παρᾶ
1026 4073 1126 4125 τοῦ
1174 4069 1323 4137 Υὶοῦ,
1358 4066 1501 4144 λέγει
1554 4066 1604 4123 ἐν
1638 4072 1717 4140 τῷ
1754 4068 1991 4144 Εύαγγε-

348 4158 472 4232 λίῳ·
510 4180 532 4208 ι
572 4160 771 4235 Πάτερ,
824 4155 1045 4229 δόξασόν
1098 4179 1195 4213 σου
1239 4158 1329 4212 τὸν
1372 4158 1516 4229 Υἱὸν,
1554 4157 1635 4211 ἱνα
1685 4156 1774 4212 καὶ
1807 4158 1834 4211 ὁ
1868 4157 1990 4218 Υἱός

347 4269 443 4302 σου
475 4245 668 4322 δοξάσῃ
697 4269 773 4303 σε.
812 4271 841 4299 ››
867 4248 937 4302 Τὸ
988 4248 1215 4321 Πνεῦμα
1260 4246 1353 4303 τὸν
1400 4247 1522 4300 Υἱὸν
1573 4244 1805 4317 δοξάζει·
1840 4242 1988 4321 λέγει

345 4338 448 4413 γὰρ
496 4335 619 4413 περὶ
668 4340 766 4391 τοῦ
824 4336 1211 4410 ΙΙαρακλήτουυ
1267 4359 1296 4387 ‹‹
1346 4336 1583 4397 Ἐκεῖνος
1634 4334 1731 4407 ἐμὲ
1763 4332 1995 4405 δοξάσει,

345 4425 429 4481 ὅτι
459 4425 519 4481 ἐκ
561 4429 658 4480 τοῦ
708 4424 842 4497 ἐμοῦ
890 4426 1146 4498 λήψεται,
1197 4424 1287 4478 καὶ
1335 4421 1624 4499 ἀναγγελεῖ
1674 4424 1823 4495 ὑμῖν.
1878 4446 1906 4474 ››
1934 4424 1995 4479 Ὀ

345 4513 470 4575 Υἱὸς
526 4512 589 4567 τὸ
640 4516 865 4585 Πνεῦμα
912 4510 1121 4583 δοξάζει
1155 4558 1169 4582 ,
1231 4511 1430 4586 λέγων’
1495 4534 1523 4563 ι(
1556 4514 1709 4567 Ιιᾶσα
1760 4510 1997 4587 ἁμαρτία

347 4603 693 4677 ἀφεθήσεται·
728 4604 763 4671 ἡ
810 4599 867 4656 δὲ
920 4600 997 4663 εἷς
1044 4601 1108 4655 τὸ
1138 4602 1359 4675 Πνεῦμα
1387 4601 1450 4655 τὸ
1484 4602 1638 4677 ἅγιον
1672 4598 1996 4678 βλασφημία

344 4690 444 4745 οὐκ
475 4690 817 4769 ἀφεθήσεται,
851 4711 878 4744 ι
914 4688 1003 4745 διὰ
1030 4697 1131 4759 τῆς
1164 4689 1301 4766 πρὸς
1351 4690 1566 4762 Πατέρα
1596 4690 1684 4743 καὶ
1717 4690 1838 4744 Υἱὸν
1872 4711 1989 4745 κοι-

345 4778 557 4843 νωνίας·
617 4779 706 4834 καὶ
757 4778 809 4835 ἐν
852 4780 1062 4855 τούτῳ,
1120 4803 1140 4833 ι
1196 4778 1277 4834 δτι
1327 4776 1504 4840 οὐδεὶς
1556 4775 1770 4833 δύναται
1825 4777 1993 4833 εἰπεῖν

349 4868 541 4944 Κύριον
572 4872 780 4940 Ἰησοῦν
813 4869 857 4924 εἰ
892 4871 968 4943 μὴ
1003 4868 1055 4923 έν
1085 4867 1364 4941 ΙΙνεύματι
1398 4866 1560 4942 ἁγίῳ.
1595 4890 1624 4919 ››

590 4978 676 5031 12.
708 4975 843 5051 Περὶ
875 4972 1193 5051 δοξολογίας
1227 4972 1541 5046 ΙΙνεύματος
1566 4972 1746 5049 ἁγίου.

422 5106 453 5135 ‹‹
485 5084 652 5135 Θῦσον
700 5085 780 5153 τῷ
826 5086 941 5153 Θεῷ
990 5081 1171 5136 θυσίαν
1219 5078 1487 5149 αἰνέσεως,
1537 5079 1627 5134 καὶ
1675 5076 1880 5142 ἀπόδος
1918 5085 1998 5153 τῷ

2105 626 2319 697 Patris,
2352 627 2696 683 attributam
2747 643 2896 683 esse.
2929 627 3144 682 Tribus
3172 626 3348 696 igitur
3389 627 3543 696 apud
3575 628 3757 683 Abra-

2105 715 2241 771 ham
2274 714 2712 784 sedentibus,ad
2738 714 3038 771 sinistram
3065 719 3219 771 certe
3234 714 3491 786 Spiritus
3513 721 3755 772 sanctus

2105 804 2346 861 sedebat
2379 823 2391 861 :
2425 822 2492 860 ea
2522 806 2679 861 enim
2712 803 2796 859 illi
2825 805 3085 876 ascripta
3106 805 3278 860 sedes
3308 804 3580 860 est.Nam
3604 804 3756 862 sicut

2106 894 2174 949 ad
2206 893 2412 948 Filium
2447 894 2593 949 dixit
2627 910 2640 949 :
2680 918 2699 942 ει
2736 895 2882 949 Sede
2912 911 2945 948 a
2975 894 3194 949 dextris
3229 893 3375 949 meis
3405 893 3449 928 °°
3483 918 3498 949 :
3528 915 3556 943 ››
3587 909 3655 949 ex
3684 910 3751 950 eo

2105 986 2302 1038 autem
2335 982 2489 1053 quod
2537 981 2717 1037 Filius
2748 982 2910 1037 sedet
2940 983 3010 1038 ad
3060 984 3377 1049 dexteram,
3426 981 3751 1053 intelligere

2103 1069 2321 1138 licebit,
2357 1071 2511 1142 quod
2553 1088 2654 1143 per
2682 1070 3118 1126 concessionem
3168 1070 3376 1126 dixerit
3418 1088 3523 1126 suo
3568 1070 3749 1142 Spiri-

2104 1158 2191 1214 tui
2224 1176 2237 1213 :
2269 1160 2416 1214 Sede
2445 1177 2478 1214 a
2509 1159 2766 1214 sinistris
2814 1158 2980 1214 meis.
3012 1158 3375 1214 Vocabulum
3408 1163 3605 1215 autem
3658 1176 3747 1215 se-

2106 1248 2322 1317 dentis,
2350 1248 2696 1318 dignitatem
2737 1248 3031 1319 significat
3062 1263 3076 1301 :
3106 1264 3241 1303 nam
3272 1249 3372 1319 qui
3406 1248 3585 1315 sedet,
3616 1248 3748 1303 {lni-

2108 1336 2217 1391 bus
2247 1337 2375 1405 ejus
2404 1335 2539 1401 loci,
2571 1336 2629 1391 in
2662 1352 2776 1407 quo
2823 1336 3007 1402 sedet,
3038 1336 3561 1392 circumscribitur.
3596 1337 3749 1392 Deus

2108 1429 2303 1481 autem
2328 1428 2525 1479 noster
2555 1429 2764 1481 natura
2785 1441 2893 1480 sua
2913 1424 3092 1479 nullis
3122 1423 3342 1480 ﬁnibus
3376 1423 3751 1481 circumscri-

2107 1514 2266 1570 bitur
2298 1531 2311 1569 :
2344 1530 2546 1570 verum
2580 1514 2979 1570 circumscribi
3011 1512 3261 1579 videtur,
3294 1530 3427 1569 cum
3458 1530 3585 1585 quae
3624 1530 3751 1569 cor-

2109 1602 2332 1676 poralia
2360 1604 2595 1667 sunt,ad
2628 1619 2763 1659 eum
2793 1603 3248 1658 transferuntur.
3263 1602 3564 1674 Scriptura
3592 1604 3750 1658 enim

2108 1692 2291 1747 Deum
2323 1707 2694 1763 nequaquam
2728 1690 3023 1748 hominem
3056 1691 3214 1756 facit,
3229 1691 3329 1746 sed
3362 1697 3559 1748 nostro
3593 1708 3753 1748 more

2108 1781 2178 1837 de
2210 1795 2276 1836 eo
2324 1779 2605 1852 loquitur,
2640 1786 2704 1837 ut
2748 1797 2859 1851 res,
2894 1796 3019 1852 quae
3068 1796 3249 1851 supra
3296 1797 3402 1836 nos
3445 1784 3604 1848 sunt,
3638 1781 3750 1836 sub

2108 1870 2443 1927 istiusmodi
2472 1875 2683 1924 natura
2711 1869 3063 1925 manifestet.
3099 1869 3260 1934 Quod
3282 1872 3477 1925 autem
3512 1869 3568 1925 in
3593 1868 3748 1942 psal-

2106 1976 2197 2015 mo
2226 1958 2543 2015 centesimo
2576 1976 2727 2014 nono
2758 1958 3021 2029 loquitur
3047 1974 3059 2012 :
3101 1979 3122 2007 ι
3156 1957 3311 2013 Dixit
3340 1957 3621 2015 Dominus
3646 1964 3750 2015 Do-

2104 2048 2264 2103 mino
2295 2063 2423 2103 meo
2456 2065 2468 2103 :
2503 2048 2649 2103 Sede
2682 2065 2714 2102 a
2745 2048 2965 2103 dextris
3001 2047 3147 2102 meis
3177 2048 3278 2102 '1.»
3314 2051 3380 2102 Et
3409 2048 3747 2104 sedentibus

2104 2136 2241 2204 illis,
2276 2136 2358 2192 ait
2401 2136 2700 2208 Scriptura
2734 2137 2804 2191 ad
2840 2136 3035 2208 ipsum
3078 2136 3376 2192 Christum
3412 2153 3425 2193 :
3467 2157 3493 2189 ι
3521 2137 3749 2193 Juravit

2107 2224 2407 2294 Dominus,
2423 2230 2479 2281 et
2508 2242 2621 2280 non
2654 2223 2956 2297 paenitebit
2981 2242 3117 2281 eum
3153 2243 3166 2281 :
3200 2230 3261 2280 tu
3292 2242 3353 2281 es
3385 2228 3658 2283 sacerdos
3687 2227 3747 2282 in

2101 2319 2382 2371 aaternum
2437 2315 2762 2370 secundum
2813 2315 3079 2369 ordinem
3134 2314 3513 2371 Melchisedec
3559 2333 3572 2370 :
3610 2338 3639 2365 »
3669 2321 3747 2384 et,

2102 2426 2132 2453 «
2167 2404 2445 2459 Dominus
2490 2419 2523 2458 a
2552 2403 2770 2459 dextris
2799 2404 2919 2459 tuis
2950 2404 2995 2439 ⁹²
3022 2420 3035 2471 ;
3071 2428 3092 2456 ι
3126 2403 3308 2476 liquet
3354 2405 3535 2477 igitur
3564 2404 3748 2477 Spiri-

2101 2497 2226 2549 tum
2259 2497 2531 2549 sanctum
2563 2510 2596 2549 a
2627 2491 2845 2548 dextris
2876 2509 3022 2549 esse.

2103 2618 2191 2673 10.
2225 2616 2375 2687 Quod
2402 2618 2651 2672 Trinitas
2681 2633 2716 2670 α
2741 2618 2977 2671 mortui:
3006 2616 3283 2672 Christum
3310 2617 3612 2674 secundum
3630 2634 3749 2673 car-

2668 2704 2799 2743 nem
2836 2689 3181 2744 excitaverit.

2172 2779 2253 2836 De
2284 2778 2449 2834 Patre
2471 2777 2551 2834 ita
2579 2777 2842 2849 loquitur
2866 2794 2878 2831 :
2903 2800 2930 2827 ‹‹
2956 2777 3110 2833 Deus
3140 2782 3336 2833 autem
3359 2781 3415 2834 et
3434 2777 3748 2834 Dominum

2104 2868 2410 2923 suscitavit
2438 2871 2495 2921 et
2524 2882 2631 2921 nos
2660 2864 2972 2921 suscitabit
2998 2881 3100 2936 per
3128 2864 3401 2920 virtutem
3433 2882 3601 2921 suam
3634 2867 3697 2920 93.
3719 2888 3747 2916 ι)

2104 2955 2183 3009 De
2214 2954 2354 3009 Filio
2386 2971 2399 3010 ε
2434 2976 2463 3004 ‹‹
2487 2953 2701 3008 Solvite
2726 2952 3011 3024 templum
3031 2952 3224 3021 hoc,et
3243 2952 3301 3007 in
3325 2953 3513 3009 tribus
3540 2954 3750 3010 diebus

2104 3043 2401 3098 suscitabo
2433 3041 2594 3097 illud.
2635 3041 2732 3096 Ille
2772 3045 2964 3097 autem
2999 3041 3228 3097 dicebat
3253 3041 3324 3097 de
3375 3042 3591 3114 templo
3622 3059 3748 3099 cor-

2104 3131 2263 3203 poris
2294 3130 2385 3186 sui
2416 3132 2478 3186 9‘.
2507 3152 2536 3181 η
2572 3130 2651 3186 De
2710 3129 2929 3202 Spiritu
2964 3134 3162 3185 autem
3196 3147 3209 3185 :
3246 3151 3273 3179 ‹‹
3307 3132 3469 3196 Quod
3521 3131 3571 3186 si
3621 3132 3750 3203 Spi-

2104 3220 2273 3286 ritus,
2306 3219 2406 3291 qui
2450 3219 2762 3276 suscitavit
2804 3217 3007 3274 Jesum
3041 3236 3075 3273 a
3114 3218 3384 3286 mortuis,
3418 3218 3644 3275 habitat
3692 3220 3751 3275 in

2102 3310 2267 3364 vobis
2302 3325 2315 3363 :
2348 3309 2448 3381 qui
2479 3308 2786 3364 suscitavit
2814 3307 3111 3364 Christum
3137 3325 3173 3362 a
3197 3308 3468 3375 mortuis,
3494 3309 3753 3365 vivifica-

2099 3398 2188 3454 hit
2217 3402 2274 3453 et
2304 3398 2576 3453 mortalia
2623 3414 2866 3468 corpora
2896 3403 3088 3453 vestra
3137 3414 3238 3467 per
3265 3398 3553 3470 Spiritum
3597 3400 3748 3470 eius,

2098 3486 2465 3543 habitantem
2496 3487 2554 3541 in
2582 3486 2748 3542 vobis
2777 3486 2839 3541 9‘.
2875 3510 2897 3538 ι

2395 3611 2480 3665 11.
2516 3610 2835 3666 Trinitatem
2858 3627 2895 3665 a
2916 3611 3093 3683 seipse
3120 3612 3445 3683 gloriﬁcari.

2173 3717 2354 3774 Filius
2384 3715 2671 3788 gloriﬁcat
2698 3715 3098 3782 Patrem,dicit
3120 3717 3275 3772 enim
3306 3734 3319 3772 :
3358 3739 3385 3767 «
3416 3716 3743 3773 Gloriﬂcavi

2102 3823 2312 3861 nomen
2361 3811 2529 3861 tuum
2580 3806 2639 3860 in
2674 3811 2827 3861 terra
2855 3806 2897 3841 ⁹⁶
2930 3822 2943 3859 :
2980 3828 3008 3854 ››
3041 3811 3098 3860 et
3144 3806 3313 3860 Pater
3359 3805 3501 3861 Filio
3552 3807 3633 3861 ait
3681 3807 3740 3862 in

2099 3894 2408 3967 Evangelia
2437 3912 2450 3949 :
2474 3916 2501 3944 «
2530 3895 2599 3947 Et
2616 3893 3019 3965 glorificavi,et
3042 3894 3253 3947 iterum
3278 3892 3615 3965 gloriﬁcabo
3645 3895 3745 3947 ’7.»

2101 3983 2262 4049 Quod
2290 3987 2488 4037 autem
2519 3981 2883 4053 glorificatus
2907 3980 2983 4035 sit
3006 3978 3187 4035 Filius
3220 3998 3251 4035 a
3273 3981 3458 4047 Patre,
3494 3984 3552 4036 et
3582 3981 3749 4037 Pater

2100 4090 2133 4128 a
2160 4071 2324 4137 Filio,
2360 4070 2417 4125 in
2450 4068 2760 4141 Evangelio
2793 4069 2874 4124 ait
2907 4086 2919 4125 :
2953 4092 2981 4118 ‹‹
3018 4069 3199 4137 Pater,
3234 4069 3493 4142 gloriﬂca
3537 4068 3749 4125 Filium

2100 4165 2291 4225 tuum,
2327 4164 2391 4213 ut
2438 4165 2495 4213 et
2523 4157 2704 4214 Filius
2756 4163 2896 4213 tuus
2926 4157 3211 4229 glorificet
3263 4164 3317 4213 te
3345 4157 3407 4213 ⁸⁸.
3442 4182 3464 4211 ι
3502 4158 3752 4231 Spiritus

2104 4248 2311 4303 Filium
2348 4247 2675 4318 glorificat;
2709 4248 2788 4302 ait
2817 4248 2971 4302 enim
3005 4246 3076 4302 de
3107 4245 3401 4302 Paracleto
3435 4264 3501 4303 :«
3528 4247 3629 4304 Ille
3660 4265 3752 4304 me

2104 4335 2473 4408 glorificabit,
2506 4335 2643 4407 quia
2682 4336 2752 4391 de
2798 4351 2926 4390 meo
2977 4336 3242 4407 accipiet,
3274 4340 3332 4391 et
3380 4336 3754 4392 annuntiabit

2106 4424 2268 4481 vobis
2325 4425 2388 4480 9°.
2449 4446 2476 4474 ››
2533 4424 2717 4481 Filius
2779 4424 3060 4496 Spiritum
3122 4423 3427 4497 gloriﬁcat,
3484 4426 3685 4482 dicens
3738 4442 3751 4481 :

2111 4513 2353 4569 «Omne
2402 4518 2706 4584 peccatum
2755 4513 3107 4579 remittetur,
3150 4512 3249 4568 sed
3300 4512 3665 4585 blasphemia
3697 4514 3755 4570 in

2108 4602 2392 4674 Spiritum
2424 4610 2699 4657 sanctum
2733 4619 2846 4657 non
2880 4603 3217 4656 remittetur
3246 4602 3323 4670 ³,»
3356 4602 3430 4657 ob
3460 4603 3589 4672 ejus
3621 4619 3756 4658 cum

2104 4692 2273 4747 Patre
2304 4695 2362 4746 et
2410 4690 2554 4746 Filio
2587 4690 3082 4746 communionem.
3120 4696 3311 4762 Atque
3353 4690 3527 4746 etiam
3561 4713 3588 4741 «
3622 4692 3762 4762 quia

2105 4797 2276 4836 nemo
2306 4780 2496 4836 dicere
2527 4784 2716 4852 potest
2733 4779 3044 4835 Dominum
3077 4778 3426 4847 Jesum,nisi
3456 4779 3514 4834 in
3538 4780 3757 4851 Spiritu

2105 4872 2311 4925 sancto
2344 4870 2386 4924 ³.
2422 4890 2450 4918 ››

2380 4977 2465 5029 12.
2501 4975 2573 5029 De
2601 4975 2996 5045 gloriﬁcatione
3024 4974 3201 5029 sancti
3226 4975 3491 5045 Spiritus.

2183 5103 2205 5131 α
2242 5080 2487 5137 Immola
2523 5082 2632 5137 Deo
2664 5079 3021 5136 sacriﬁcium
3052 5078 3267 5149 laudis,
3301 5088 3355 5137 et
3383 5081 3558 5138 redde
3584 5080 3761 5139 Altis-

423 5225 654 5282 ”Pssl.
708 5234 823 5290 cxx,
872 5225 922 5279 1.
998 5226 1038 5261 ⁹¹
1103 5224 1246 5281 ibid.
1324 5224 1370 5259 ⁹²
1412 5223 1555 5279 ibid.
1608 5224 1662 5290 4,
1709 5223 1765 5290 5,
1843 5224 1941 5278 ⁸³1
1984 5227 1993 5273 l

2162 5240 2238 5291 vx,
2294 5223 2378 5277 14.
2457 5223 2501 5257 9‘
2547 5222 2714 5278 Joan.
2769 5239 2835 5292 ιι,
2889 5221 2975 5290 19,
3021 5222 3111 5277 21.
3190 5223 3233 5259 9⁵
3280 5222 3447 5279 Rom.
3497 5240 3621 5293 vm,
3676 5225 3762 5281 11.

352 5299 395 5334 ⁸⁸
424 5298 596 5355 Joan.
628 5312 764 5363 xvu,
796 5298 851 5352 4.
927 5296 969 5331 ’7
996 5296 1168 5353 Joan.
1199 5312 1303 5363 χιι,
1334 5295 1425 5351 28.
1502 5296 1544 5330 ⁸⁸
1573 5295 1746 5351 Joan.
1778 5311 1918 5364 xvn,
1956 5295 2006 5351 1.
2084 5296 2128 5329 ⁹⁹
2157 5294 2328 5351 Joan.
2361 5311 2475 5364 xvx,
2510 5295 2596 5349 14.
2675 5294 2691 5327 ¹
2725 5293 2933 5349 Matth.
2966 5310 3069 5362 xu,
3101 5294 3189 5351 38.

422 5440 535 5511 (49)
563 5439 906 5511 Vaticanus,
938 5432 1608 5511 oBvLMoxBasiliensis,
1635 5431 1914 5511 δηλονότι.

420 5505 754 5594 (50)_l_*3ditio
803 5505 1194 5594 Commelin,
1224 5505 1627 5594 etiamnum
1673 5507 2003 5594 Anglican”

350 5576 639 5653 ἕν’τοιᾷδε.
690 5583 824 5648 Qua:
874 5576 1278 5653 sequebantur
1310 5576 1369 5637 in
1417 5576 1612 5653 editis“
1639 5576 1793 5653 post'
1818 5576 2003 5653 δεξιῶν

399 5595 639 5653 ιτοιᾳδε.
690 5595 824 5648 una;
874 5595 1278 5706 sequebantur
1310 5598 1368 5637 in
1417 5595 1595 5636 sums
1639 5595 1773 5652 post
1818 5595 2003 5652 οεξιων

399 5654 759 5735 ou,_scilicet,
783 5666 936 5735 flos.
974 5671 1008 5735 ν
1036 5653 1114 5716 θῶ
1167 5657 1305 5721 etc.,
1338 5652 1552 5710 desunt
1598 5650 1659 5708 in
1702 5650 2004 5723 Vaticano,

399 5676 483 5719 ου,
517 5676 759 5721 δοιιιοθι,
810 5676 913 5715 εως
947 5676 1008 5706 αν
1036 5676 1114 5716 υω

353 5676 660 5785 Essiliensi
686 5730 744 5784 et
769 5721 1114 5799 Anglicum.

3270 5294 3291 5328 ’
3321 5294 3343 5350 Ι
3375 5295 3503 5352 Cor.
3537 5312 3636 5364 ιιι,
3669 5297 3723 5352 3.

2207 5434 2298 5509 5|)
2332 5432 2501 5509 Αὐτόν
2536 5435 2703 5509 deest
2729 5435 2789 5491 in
2808 5435 3440 5509 Bas_iliensi,An‘glic.et
3458 5437 3759 5496 Vaticano.

2208 5506 2298 5583 βξ.)
2329 5507 2670 5583 ἒοεὶἰίρηείο
2691 5511 2763 5583 θι-
2783 5506 3162 5583 Anglicanus,
3196 5506 3441 5583 ἐξεγερεῖ.

2329 5580 2480 5655 Edil:2
2513 5579 2789 5655 Commel.
2823 5579 3194 5655 et'_\_latican.,
3225 5579 3348 5655 περῖ
3379 5580 3720 5652 Πνεύματος.

2209 5651 2301 5722 54)
2330 5650 2429 5704 Καὶ
2460 5649 2488 5703 ὁ
2521 5650 2732 5726 Πατήρ,
2766 5651 3146 5725 Anglicanus.
