4100 6224
432 378 504 434 47
1619 372 1683 431 s.
1729 365 2256 431 ATHANASIUS.
2291 398 2368 408 -
2398 366 2668 428 suam.
3766 368 3844 435 48

432 508 583 563 simo
616 511 750 563 vota
802 510 923 574 tua,
956 509 1014 561 et
1061 506 1265 561 invoca
1297 522 1387 561 me
1434 506 1492 559 in
1543 506 1635 559 die
1683 501 2055 557 tribulationi.

2196 497 2430 569 Ὑψίστῳ
2459 496 2553 557 τὰς
2587 494 2749 571 εὐχάς
2803 517 2917 564 σου,
2968 497 3055 550 καὶ
3106 496 3421 553 ἐπικάλεσαί
3473 521 3539 571 με
3580 500 3630 555 ἐν
3660 502 3842 577 ἡμέρᾳ

432 602 567 665 tuae,
599 599 657 649 et
687 610 889 650 eruam
922 598 996 659 te,
1031 598 1087 650 et
1117 594 1533 650 honoriﬁcabis
1567 610 1659 649 me
1687 594 1728 646 ³.
1762 616 1789 643 ››
1826 591 2081 663 Spiritus

434 686 717 741 nimirum
747 689 856 752 est,
880 684 981 756 qui
1014 684 1155 739 dicit
1188 702 1199 739 :
1235 708 1263 733 ‹‹
1299 686 1512 740 Eruam
1539 688 1613 751 te,
1648 688 1704 738 et
1730 680 2078 737 honoriﬁca-

432 775 524 831 bis
556 790 701 830 me.»
736 775 796 829 Id
823 773 977 829 enim
1008 778 1186 845 patet,
1220 773 1360 845 quia
1390 774 1515 845 ipse
1545 772 1688 827 dixit
1719 788 1733 827 :
1771 794 1801 821 (ι
1835 770 2081 827 Immola

433 864 571 919 Deo.
606 886 634 913 »

512 971 561 1025 9
606 971 688 1025 13.
726 970 873 1039 Quod
900 970 1109 1042 ubique
1132 970 1271 1025 adsit
1307 970 1570 1025 Trinitas.
1606 1000 1674 1009 —-
1704 969 1778 1023 De
1805 967 1987 1022 Patre.

501 1081 526 1112 α
560 1059 778 1115 Caelum
834 1063 892 1115 et
945 1065 1161 1115 terram
1219 1075 1324 1130 ego
1382 1058 1621 1129 impleo,
1682 1056 1825 1113 dicit
1881 1054 2073 1110 Domi-

428 1165 542 1205 nus
571 1149 612 1202 ι.
646 1170 674 1198 ››

1059 1236 1145 1291 14.
1180 1236 1255 1290 De
1282 1235 1443 1291 Filio.

500 1348 528 1377 ‹‹
559 1325 669 1393 Qui
700 1325 981 1393 ascendit,
1014 1325 1065 1381 is
1096 1328 1205 1396 est,
1238 1323 1338 1396 qui
1384 1323 1687 1379 descendit
1717 1323 1787 1378 ad
1839 1320 2075 1377 inferio-

424 1432 515 1472 res
548 1418 745 1488 partes
774 1418 963 1483 terrae,
997 1417 1059 1468 ut
1088 1412 1359 1484 impleret
1387 1411 1585 1467 omnis.
1614 1412 1655 1467 ⁸.
1691 1433 1719 1462 »

1011 1521 1095 1575 15.
1129 1520 1203 1575 De
1236 1519 1475 1588 Spiritu.

496 1632 523 1661 «
556 1613 677 1677 Quo
707 1611 802 1666 ibo
834 1609 867 1665 ὁ.
894 1609 1117 1682 Spiritu
1166 1613 1289 1674 tuo,
1323 1612 1381 1663 et
1427 1624 1542 1679 quo
1574 1623 1607 1663 a
1638 1606 1781 1662 facie
1833 1610 1934 1660 tua
1983 1606 2071 1659 fu-

1888 1694 1938 1750 si
1970 1694 2072 1748 de-

421 1789 698 1844 scendero
729 1788 790 1843 in
839 1788 1155 1852 infernum,
1198 1787 1336 1842 ades
1366 1786 1406 1841 ⁶,
1444 1808 1472 1834 ››
1502 1784 1672 1839 Aliud
1709 1800 1721 1836 :
1756 1806 1783 1833 ‹‹
1813 1782 1926 1837 Vos
1974 1798 2072 1837 co-

421 1699 578 1771 giam
600 1699 628 1754 ?
656 1699 715 1755 Si
748 1699 1064 1755 ascendero
1097 1698 1155 1752 in
1197 1696 1431 1763 coalum,
1465 1700 1526 1751 tu
1561 1695 1679 1751 illic
1711 1712 1774 1751 es
1824 1711 1836 1749 :

2196 584 2432 657 θλίψιώς
2466 604 2580 638 σου·
2614 585 2701 639 καὶ
2748 584 3034 657 ἐξελοῦμαὲ
3068 607 3143 655 σε,
3176 586 3265 641 καί
3318 585 3556 657 δοξάσεις
3592 611 3676 661 με.
3714 614 3742 641 ››
3772 592 3839 645 Τὸ

2190 676 2417 746 Πνεῦμα
2465 672 2555 727 οῦν
2604 673 2713 729 ἐστι
2766 677 2901 747 (55),
2952 676 3014 729 τὸ
3065 674 3241 730 εἶπόν
3296 700 3325 727 (ι
3380 676 3701 751 Ἐξελοῦμαί
3759 702 3836 753 σε,

2188 767 2276 817 καὶ
2327 761 2563 833 δοξάσεις
2618 785 2702 836 με.
2756 788 2785 816 ››
2840 763 3018 835 Δῆλον
3065 765 3170 839 ὅτι,
3216 767 3344 821 αὐτὸ
3389 770 3502 838 (56)
3547 770 3646 843 γὰρ
3697 772 3835 841 εἷπε,

2188 876 2214 904 ι(
2248 857 2416 907 Θῦσον
2448 854 2526 925 τῷ
2556 858 2690 924 Θεῷ.
2728 877 2749 904 ιι

2251 962 2335 1018 13.
2367 962 2487 1016 “Oti
2517 961 2739 1033 πάρεστι
2770 960 2940 1031 πάντη
2976 964 3010 1030 ἠ
3042 961 3219 1037 Τριάς.
3254 996 3322 1005 -
3352 964 3486 1038 Περὶ
3532 964 3766 1040 Πατρός.

2263 1074 2284 1101 ι
2319 1051 2416 1103 Τὸν
2447 1048 2671 1124 οὐρανὸν
2699 1049 2787 1103 καὶ
2832 1051 2930 1118 τὴν
2979 1057 3083 1124 γῆν
3136 1050 3244 1126 ἐγὼ
3292 1049 3517 1128 πληρῶ,
3549 1052 3694 1130 λέγει
3724 1055 3829 1111 Κό-

2188 1159 2326 1214 ριος.
2360 1160 2386 1191 ιι

2782 1230 2867 1285 14.
2904 1228 3035 1305 Περὶ
3069 1229 3218 1287 Υἱοῦ.

2172 1392 2178 1397 _
2258 1341 2285 1367 «
2317 1318 2374 1372 Ὀ
2404 1313 2625 1387 ἀναϐὰς,
2660 1317 2818 1379 αὐτός
2865 1317 2974 1372 ἔστι
3026 1318 3114 1373 καὶ
3162 1320 3190 1373 6
3232 1316 3469 1382 καταϐὰς
3518 1319 3595 1383 εἰς
3634 1324 3700 1377 τὰ
3729 1344 3831 1378 κα·

2183 1406 2393 1482 τώτερα
2425 1408 2564 1479 μέρη
2596 1410 2693 1476 τῆς
2725 1414 2853 1481 γῆς,
2880 1405 2972 1461 ’ἱνα
3002 1409 3274 1483 πΛηρώσῃ
3300 1409 3367 1464 τὰ
3393 1410 3582 1465 πάντα.
3619 1437 3646 1464 ››

2700 1516 2788 1570 15.
2822 1513 2953 1588 Περὶ
2986 1513 3316 1587 ΙΙνεύματος.

2256 1626 2284 1653 ‹‹
2316 1603 2431 1658 ΙΙοῦ
2458 1607 2706 1676 πορευθῶ
2751 1602 2856 1656 ἀπὸ
2902 1607 2998 1656 τοῦ
3052 1602 3364 1675 ΙΙνεύματός
3418 1626 3535 1675 σου,
3584 1606 3671 1660 καὶ
3722 1606 3827 1661 ἀπὸ

2180 1695 2277 1744 τοῦ
2325 1692 2621 1765 προσώπου
2670 1712 2765 1745 σου
2814 1696 2918 1745 ποῦ
2968 1690 3118 1769 φύγω
3152 1710 3165 1760 ;
3199 1694 3318 1747 Ἐὰν
3375 1689 3557 1748 ἀναΒῶ
3608 1696 3682 1756 εἷς
3732 1696 3822 1749 τὸν

2184 1779 2433 1854 οὐρανὸν,
2466 1780 2529 1834 σὺ
2561 1779 2669 1835 ἐκεῖ
2695 1782 2760 1835 εἷ’
2795 1780 2881 1835 ἐὰν
2916 1776 3133 1835 καταϐῶ
3164 1781 3241 1843 εἷς
3268 1782 3360 1837 τὸν
3396 1778 3552 1855 ᾅδην,
3586 1786 3765 1856 πάρει·
3795 1809 3822 1835 ι)

420 1877 701 1951 gnoscitis
730 1877 921 1947 illum,
954 1881 1010 1932 et
1040 1876 1193 1948 apud
1226 1891 1327 1930 vos
1358 1878 1558 1929 manet
1586 1873 1625 1927 ⁷.
1667 1894 1694 1920 ι)
1728 1872 1795 1926 Ει
1842 1871 2020 1926 Isaias

2182 1868 2361 1923 ’Ἄλλο
2392 1872 2525 1942 (57)·
2560 1895 2589 1920 ‹‹
2622 1872 2803 1941 Ὑμεῖς
2835 1867 2892 1923 δὲ
2920 1870 3208 1944 γινώσκετε
3230 1871 3411 1940 αὐτὸν,
3434 1872 3522 1927 καὶ
3543 1875 3669 1948 παρ’
3693 1874 3819 1946 ὑμῖν

421 1988 449 2016 ‹‹
482 1965 589 2032 Qui
621 1965 871 2021 firmavit
900 1964 1109 2020 ccelum
1141 1966 1198 2019 et
1225 1968 1468 2029 terram,
1500 1966 1557 2017 et
1586 1963 1684 2017 dat
1726 1960 1927 2015 ﬂatum
1963 1976 2067 2030 po-

420 2053 579 2125 pulo,
613 2054 714 2125 qui
748 2056 805 2108 in
838 2070 906 2109 ea
934 2059 1041 2119 est,
1074 2058 1131 2107 et
1178 2052 1450 2124 spiritum
1484 2051 1556 2107 iis
1606 2050 1706 2120 qui
1742 2049 1968 2104 calcant
1993 2046 2067 2101 il-

419 2142 536 2198 lam
566 2144 608 2197 ⁸.
631 2166 657 2193 ››
684 2144 755 2198 Et
785 2142 927 2197 illud
958 2161 970 2198 :
1003 2164 1030 2195 ιι
1058 2141 1303 2212 Spiritus
1334 2140 1566 2196 Domini
1594 2139 1835 2211 replevit
1864 2138 2063 2193 orbem

417 2239 707 2288 terrarum
740 2234 780 2286 °.
814 2255 839 2281 ι)
872 2234 940 2287 Et
972 2249 985 2286 :
1022 2254 1049 2282 ιι
1085 2230 1339 2303 Spiritus
1382 2247 1547 2285 meus
1596 2233 1714 2283 stat
1762 2229 1821 2283 in
1873 2228 2063 2283 medio

414 2324 675 2375 vestrum
711 2321 772 2375 ¹⁰.
800 2341 827 2369 ››
860 2319 1056 2389 Vides,
1078 2325 1139 2374 ut
1170 2318 1422 2390 Spiritus
1453 2322 1585 2372 ante
1618 2321 1849 2373 Patrem
1882 2332 2060 2387 pona-

418 2414 508 2464 tur
525 2408 554 2462 ‘I

661 2498 746 2552 16.
785 2497 933 2566 Quod
960 2512 1117 2552 nemo
1145 2504 1433 2565 cognoscat
1464 2497 1805 2552 Trinitatem.

478 2585 629 2642 Dicit
675 2586 939 2643 Salvator
971 2604 983 2642 :
1021 2608 1049 2635 ‹‹
1082 2586 1249 2641 Pater
1298 2590 1516 2655 sancte,
1550 2586 1807 2640 mundus
1856 2589 1912 2638 te
1945 2600 2059 2638 non

409 2675 698 2747 cognovit,
733 2691 838 2747 ego
868 2679 1061 2730 autem
1093 2674 1221 2730 novi
1254 2678 1308 2729 te
1339 2675 1399 2728 ¹¹.
1433 2694 1459 2725 ι
1494 2674 1573 2729 De
1604 2673 1745 2729 Filio
1778 2673 1835 2727 in
1878 2674 2060 2728 Evan-

407 2765 607 2836 gelio:
652 2764 779 2820 «In
832 2764 1053 2819 mundo
1102 2768 1248 2831 erat,
1297 2768 1355 2818 et
1404 2764 1661 2818 mundus
1710 2779 1814 2834 per
1860 2763 2056 2834 ipsum

405 2854 596 2909 factus
617 2858 794 2921 est,et
816 2854 1073 2909 mundus
1099 2869 1233 2908 eum
1257 2869 1371 2907 non
1400 2852 1664 2924 cognovit
1686 2852 1751 2906 ¹².
1776 2873 1803 2901 ››
1830 2856 1907 2907 De
1928 2853 2055 2923 Spi-

405 2944 520 2998 ritu
556 2959 570 2997 :
604 2965 631 2993 ‹‹
666 2942 848 3006 Quem
900 2942 1158 2997 mundus
1190 2958 1305 2996 non
1356 2945 1547 3013 potest
1595 2940 1877 3013 accipere,
1912 2957 2054 3012 quo-

406 3031 569 3087 niam
596 3048 732 3088 eum
760 3047 876 3086 non
910 3030 1173 3103 agnoscit
1204 3032 1268 3083 ‘3.
1308 3053 1335 3078 ››

408 3138 495 3192 17.
531 3137 680 3205 Quod
718 3140 776 3192 in
818 3138 993 3192 Veteri
1040 3152 1247 3208 quoque
1295 3141 1634 3192 Testamento
1679 3137 1916 3191 Trinitas
1957 3152 2053 3205 pe-

616 3210 887 3265 culiarem
912 3226 1072 3263 suam
1101 3210 1474 3279 operationem
1502 3209 1833 3264 exhibuerit.

479 3318 505 3344 ‹‹
540 3297 740 3365 Sume,
776 3318 803 3345 ››
850 3296 1063 3368 inquit,
1101 3318 1128 3347 «
1176 3296 1522 3367 sanguinem
1573 3294 1945 3362 initiationis,
1996 3300 2054 3351 et

403 3384 641 3457 impone
670 3385 1074 3441 sacerdotibus
1093 3386 1147 3440 in
1170 3385 1508 3441 summitate
1527 3384 1798 3441 auricula:
1819 3385 2051 3454 dextrae,

404 3479 463 3530 et
517 3474 577 3528 in
634 3473 976 3530 summitate
1035 3474 1201 3546 pedis
1254 3474 1459 3545 dextri,
1491 3479 1548 3530 et
1596 3475 1657 3529 in
1711 3473 2055 3529 summitate

408 3564 622 3619 dextras
686 3581 896 3618 manus
957 3565 1019 3618 1⁸.
1055 3587 1082 3613 ››
1143 3564 1210 3618 Et
1266 3563 1663 3619 animadverte
1719 3568 1896 3635 caput
1953 3580 2052 3633 po-

410 3651 535 3723 puli
566 3653 734 3709 tertio
784 3653 1183 3725 obsignatum,
1216 3653 1285 3707 ad
1344 3653 1587 3708 formam
1640 3652 1935 3723 serapbim
1966 3652 2054 3705 di-

407 3741 712 3797 centium:
769 3744 1095 3809 «Sanctus,
1147 3746 1410 3810 sanctus,
1468 3747 1710 3796 sanctus
1769 3741 2053 3796 Dominus

407 3830 659 3886 Sabaoth
710 3832 753 3865 ¹⁵
800 3848 812 3885 :
852 3835 966 3885 net
1011 3830 1079 3885 ad
1134 3830 1382 3886 formam
1434 3830 1619 3898 lintei,
1672 3830 1828 3901 quod
1886 3834 2051 3884 Petro

403 3920 603 3991 Joppaa
661 3920 933 3992 apparuit
973 3936 1002 3975 e
1050 3919 1190 3974 caelo
1249 3919 1597 3984 demissum,
1631 3934 1696 3973 eo
1749 3919 1903 3989 quod
1965 3926 2053 3974 ter

407 4009 731 4063 demissum
764 4010 839 4063 sit
870 4009 933 4061 ιδ.
966 4009 1033 4063 Et
1063 4024 1196 4062 curn
1240 4009 1519 4063 Dominus
1572 4007 1881 4079 imperavit
1928 4008 2047 4063 Mo-

404 4096 475 4163 si,
528 4101 593 4150 ut
640 4097 859 4151 diceret
905 4096 1116 4151 Aaroni
1164 4101 1219 4150 et
1270 4095 1403 4150 filiis
1448 4098 1621 4168 ejus:
1659 4119 1685 4146 «
1737 4098 1823 4151 Ita
1877 4097 2046 4152 bene-

402 4184 607 4239 dicetis
638 4184 773 4240 ﬁliis
807 4184 1005 4251 Israel,
1040 4184 1300 4238 dicentes
1331 4183 1463 4239 illis.
1498 4186 1564 4239 Et
1608 4185 1909 4257 imponent
1942 4204 2045 4241 no-

400 4289 535 4328 men
570 4290 765 4329 meum
797 4273 934 4329 ﬁliis
965 4273 1222 4339 Israel,et
1254 4290 1357 4343 ego
1391 4273 1673 4328 Dominus
1705 4274 2046 4330 benedicam

399 4362 853 4418 illis.Benedicet
884 4364 987 4418 tibi
1025 4362 1329 4429 Dominus,
1354 4368 1409 4417 et
1440 4362 1693 4416 servabit
1723 4368 1814 4424 te;
1849 4370 2043 4418 osten-

398 4451 497 4507 det
528 4452 733 4507 faciem
765 4469 934 4507 suam
967 4467 1145 4522 super
1173 4455 1249 4516 te,
1283 4454 1339 4506 et
1392 4450 1759 4505 miserebitur
1796 4452 1904 4507 tui.
1938 4456 2042 4506 Αι-

397 4539 566 4596 tollat
604 4542 883 4596 Dominus
937 4540 1142 4595 faciem
1175 4557 1343 4595 suam
1392 4557 1567 4611 super
1596 4545 1671 4609 te,
1706 4546 1762 4595 et
1807 4541 1906 4596 det
1937 4542 2042 4597 tibi

2183 1957 2349 2029 μένει.
2388 1982 2414 2007 ››
2460 1958 2562 2014 Καὶ
2615 1958 2642 2012 ὁ
2697 1956 2936 2020 Ἡσαΐας
2973 1983 3000 2010 ‹‹
3032 1959 3088 2011 '0
3136 1961 3433 2033 στερεώσας
3464 1962 3554 2016 τὸν
3594 1961 3819 2038 οὐρανὸν

2174 2044 2263 2099 καὶ
2296 2047 2393 2114 τήν
2425 2053 2551 2121 γῆν,
2602 2046 2690 2101 καὶ
2731 2044 2911 2109 διδοὺς
2960 2049 3130 2116 πνοὴν
3178 2052 3259 2120 τῷ
3307 2047 3446 2121 λαῷ,
3496 2054 3574 2121 τῷ
3607 2050 3689 2105 ἐπ’
3718 2051 3817 2106 αὐ-

2172 2141 2296 2206 τῆς,
2352 2136 2384 2203 ἢ
2444 2136 2534 2189 καὶ
2592 2141 2805 2209 πνεῦμα
2858 2142 2975 2197 τοῖς
3032 2142 3289 2192 πατοῦσιν
3348 2137 3551 2209 αὐτήν⁸
3616 2164 3643 2190 ››
3706 2140 3817 2213 καὶ,

2176 2251 2202 2277 ‹‹
2241 2230 2461 2299 Πνεῦμα
2491 2226 2688 2303 Κυρίου
2733 2226 3067 2303 πεπλήρωκε
3109 2230 3207 2297 τήν
3260 2229 3609 2301 οἰκουμένην·
3647 2255 3673 2281 ››

2174 2340 2200 2367 ‹‹
2237 2316 2457 2389 Πνεῦμά
2493 2338 2596 2388 μου
2625 2314 2847 2387 ἕστηκεν
2883 2316 2933 2372 ἂν
2973 2320 3121 2390 μέσῳ
3150 2319 3322 2391 ὑμῶν.
3362 2343 3390 2370 ››
3421 2320 3577 2395 Ὁρᾷς
3608 2325 3725 2383 πῶς
3754 2323 3815 2376 τὸ

2174 2407 2396 2477 Πνεῦμα
2426 2404 2777 2480 προτάττεται
2808 2411 2905 2460 τοῦ
2933 2407 3146 2482 Πατρός
3178 2427 3193 2477 ;

2441 2498 2525 2551 16.
2559 2496 2681 2551 Ὅτι
2715 2492 2889 2555 οὐδεὶς
2920 2497 3169 2571 γινώσκει
3198 2497 3294 2565 τὴν
3326 2496 3545 2573 Τριάδα.

2243 2581 2398 2656 Λέγει
2454 2584 2481 2637 6
2542 2586 2757 2658 Σωτήρ·
2820 2608 2849 2637 ‹‹
2910 2586 3083 2657 Πάτερ
3142 2586 3283 2660 ἅγιε,
3340 2587 3543 2660 κόσμος
3607 2608 3664 2642 σε
3717 2586 3816 2643 οὐκ

2169 2668 2329 2745 ἔγνω·
2364 2670 2467 2747 ἐγὼ
2500 2670 2557 2726 δέ
2606 2693 2664 2726 σε
2710 2669 2891 2749 ἔγνων.
2926 2698 2953 2725 ››
2989 2674 3117 2746 Περὶ
3158 2679 3256 2729 τοῦ
3281 2675 3409 2729 Υἳοῦ
3452 2674 3503 2729 ἐν
3533 2680 3611 2748 τῷ
3642 2676 3811 2753 Εὐαγ-

2165 2759 2353 2835 γελίῳο
2387 2788 2414 2813 ››
2448 2764 2534 2815 Ἐν
2564 2760 2645 2835 τῷ
2670 2762 2861 2835 κόσμῳ
2882 2763 2973 2831 ἦν,
2996 2762 3084 2817 καὶ
3117 2764 3144 2817 6
3176 2763 3383 2836 κόσμος
3416 2761 3485 2819 δι’
3516 2764 3681 2821 αὐτοῦ
3704 2750 3815 2842 ἑγὲ-
3850 2750 3861 2761 δ

2166 2867 2304 2919 νετο,
2363 2849 2451 2904 καὶ
2509 2852 2538 2905 6
2596 2851 2801 2924 κόσμος
2854 2850 3012 2907 αὐτὸν
3067 2852 3165 2907 οὐκ
3222 2850 3377 2928 ἔγνω.
3442 2877 3469 2904 ιι
3526 2855 3655 2929 Περὶ
3713 2860 3811 2911 τοῦ

2166 2938 2500 3013 Πνεῦματος·
2536 2965 2563 2992 ι(
2597 2942 2659 2993 Ὀ
2690 2942 2718 2995 6
2749 2939 2953 3015 κόσμος
3003 2941 3065 2996 οὐ
3114 2940 3332 2997 δύναται
3382 2938 3586 3014 λαϐεῖν,
3620 2943 3703 3000 ὅτι
3747 2945 3807 3001 οὗ

2162 3028 2417 3103 γινώσκει
2446 3024 2596 3084 αὐτό.
2640 3052 2669 3080 ››

3706 2231 3817 2301 καὶ,

2238 3137 2322 3192 17.
2358 3137 2474 3190 Ὀτι
2500 3135 2589 3190 καὶ
2622 3134 2675 3189 ἐν
2724 3139 2792 3207 τῇ
2847 3134 3057 3261 Halani:
3102 3138 3136 3204 ἠ
3187 3135 3355 3211 Τριὰς
3401 3137 3501 3205 τήν
3541 3136 3806 3214 ἐνέργειαν

2588 3209 2685 3261 Inv
2720 3205 2858 3261 l’61av
2888 3211 3001 3261 (58)
3060 3205 3379 3261 νδείκνυται.

2588 3209 2685 3275 τὴν
2720 3205 2858 3261 ἴδ’ίαν
2888 3211 3001 3280 (58)
3034 3205 3379 3265 ἐνδείκνῦται.

2237 3319 2264 3345 ‹‹
2298 3290 2462 3365 Λάϐε,
2514 3320 2540 3345 ››
2591 3298 2743 3373 φησὶ,
2797 3321 2824 3348 ‹‹
2874 3298 2937 3351 τὸ
2986 3299 3121 3369 αἷμα
3165 3304 3267 3366 τῆς
3313 3297 3668 3371 τελειώσεως,
3718 3299 3807 3356 καὶ

2163 3382 2336 3444 ἐπίθες
2383 3382 2469 3437 ἐπὶ
2525 3384 2652 3447 τοὺς
2703 3386 2887 3461 ἱερεῖς,
2941 3384 3028 3440 ἐπὶ
3077 3386 3139 3440 τὸ
3191 3383 3352 3460 ἄκρον
3398 3392 3494 3441 τοῦ
3527 3388 3663 3451 ὠτὸς
3713 3392 3810 3443 τοῦ

2164 3468 2359 3543 δεξιοῦ,
2392 3471 2479 3526 καὶ
2512 3473 2599 3528 ἐπὶ
2648 3475 2710 3527 τὸ
2754 3470 2916 3549 ἄκρον
2962 3478 3058 3528 τοῦ
3108 3472 3278 3536 ποδὸς
3327 3481 3424 3531 τοῦ
3473 3474 3670 3547 δεξιοῦ,
3721 3476 3810 3531 καὶ

2163 3559 2248 3614 ἐπὶ
2278 3561 2340 3614 τὸ
2371 3561 2532 3637 ἄκρον
2564 3568 2660 3631 τῆς
2690 3564 2877 3637 χειρὸς
2909 3570 3009 3632 τῆς
3057 3559 3251 3633 δεξιᾶς.
3290 3589 3316 3612 n
3349 3566 3447 3619 Καὶ
3496 3565 3664 3641 βλέπε
3709 3568 3806 3635 τὴν

2161 3648 2405 3723 κεφαλὴν
2435 3654 2531 3704 τοῦ
2581 3649 2719 3705 λαοῦ
2770 3651 2951 3726 τρίτον
3012 3651 3469 3729 σφραγιζομένην,
3528 3654 3661 3709 κατὰ
3716 3655 3805 3709 τὸν

2162 3738 2327 3793 τύπον
2378 3744 2485 3792 τῶν
2530 3738 2779 3817 Σεραφῖμ
2823 3744 2929 3795 τῶν
2982 3739 3276 3816 λεγόντων’
3311 3767 3339 3795 ‹‹
3382 3745 3598 3817 “Αγιος,
3634 3746 3805 3820 ἅγιος,

2162 3828 2313 3902 ἅγιος
2372 3829 2566 3903 Κύριος
2620 3824 2849 3883 Σαϐαώο
2886 3848 2898 3861 ·
2937 3829 3084 3883 »καὶ
3136 3830 3271 3884 κατὰ
3332 3832 3424 3885 τὸν
3482 3832 3649 3887 τύπον
3706 3838 3805 3901 τῆς

2159 3911 2424 3987 σινδόνος,
2468 3925 2567 3986 τῆς
2618 3918 2871 3995 φανείσης
2928 3920 3114 3994 Πέτρῳ
3146 3918 3197 3973 ἐν
3234 3918 3447 3994 Ἰόππῃ,
3481 3920 3539 3975 ἐκ
3586 3926 3681 3976 τοῦ
3714 3920 3805 3974 οὐ·

2163 4010 2321 4079 ρανοῦ
2360 4005 2747 4081 χαλασθείσης,
2800 4005 2888 4061 διὰ
2937 4006 2999 4062 τὸ
3049 4007 3232 4083 τρίτον
3285 4007 3649 4083 χαλασθῆναι.
3704 4010 3804 4065 Καὶ

2160 4093 2247 4148 ὅτε
2280 4096 2307 4148 6
2365 4096 2491 4156 Θεὸς
2551 4096 2664 4150 εἷπε
2710 4101 2788 4168 τῷ
2846 4103 3031 4151 Μωσεῖ
3088 4097 3254 4151 εἰπεῖν
3303 4099 3514 4174 Ἀαρὼν
3561 4100 3650 4154 καὶ
3691 4104 3805 4161 τοῖς

2159 4184 2298 4245 υἱοῖς
2346 4184 2531 4255 αὐτοῦ,
2578 4184 2769 4260 λέγων’
2806 4211 2831 4238 ‹‹
2883 4185 3071 4248 Οὕτως
3124 4185 3453 4262 εὐλογήσετε
3508 4190 3622 4261 (’39)
3680 4188 3805 4250 τοὺς

2158 4272 2308 4334 υἱοὺς
2364 4270 2607 4348 Ἰσραὴλ,
2669 4272 2918 4348 λέγοντες
2976 4276 3178 4336 αὐτοῖς’
3231 4278 3327 4331 Καὶ
3372 4276 3687 4349 ὶπιθήσουσι
3739 4278 3802 4332 τὸ

2156 4356 2329 4433 ὄνομα
2376 4383 2479 4434 μου
2530 4360 2616 4416 ἐπὶ
2647 4362 2773 4423 τοὺς
2820 4364 2976 4425 υἱοὺς
3027 4363 3268 4440 Ἰσραὴλ,
3317 4366 3406 4419 καὶ
3456 4364 3566 4440 ἐγὼ
3607 4368 3802 4441 Κύριος

2154 4448 2440 4526 εὐλογήσω
2474 4450 2685 4512 αὐτούς.
2719 4450 3020 4527 Εὐλογήσει
3068 4473 3124 4507 σε
3180 4452 3399 4529 Κύριος,
3450 4454 3537 4509 καί
3580 4454 3803 4531 φυλάξει

2153 4558 2226 4593 σε·
2264 4538 2508 4614 ἐπιφανεῖ
2544 4542 2605 4594 τὸ
2635 4536 2927 4614 πρόσωπον
2984 4540 3145 4596 αὐτοῦ
3197 4540 3286 4596 ἐπὶ
3335 4544 3412 4616 σε,
3463 4544 3551 4597 καὶ
3586 4542 3799 4613 ἐλεήσει

398 4646 603 4697 pacem
631 4631 691 4685 ³⁷.
716 4652 744 4679 ››
768 4630 837 4684 Et
866 4632 924 4684 in
956 4630 1111 4684 Novo
1138 4630 1511 4684 Testamento
1544 4629 1745 4683 itidem
1777 4630 1848 4684 de
1877 4634 2044 4685 Patre

2179 4649 2229 4683 ἐ.
2286 4629 2489 4702 Ἐπάρῃ
2535 4627 2727 4703 Κύριος
2768 4628 2831 4682 τὸ
2879 4630 3172 4704 πρόσωπον
3228 4630 3391 4685 αὐτοῦ
3448 4631 3534 4686 ἐπὶ
3582 4633 3659 4701 σὲ,
3709 4628 3797 4685 καί

396 4718 657 4790 loquitur
705 4718 920 4774 Paulus
956 4736 967 4772 :
1007 4740 1034 4768 ‹‹
1066 4718 1221 4773 Deus
1253 4723 1448 4772 autem
1497 4722 1604 4784 est,
1640 4718 1734 4787 qui
1768 4724 2044 4790 operatur

396 4808 595 4863 omnia
625 4809 683 4865 in
715 4808 990 4863 omnibus
1028 4808 1123 4862 ιθ.»
1161 4807 1239 4861 De
1264 4805 1401 4861 Filio
1423 4822 1657 4878 quoque
1679 4806 1832 4862 idem
1854 4825 1906 4863 :«
1930 4808 2040 4863 Sed

394 4898 593 4954 omnia
647 4903 704 4953 et
762 4898 817 4951 in
878 4896 1154 4952 omnibus
1209 4896 1474 4953 Christus
1508 4897 1567 4951 ¹⁹.
1602 4918 1630 4945 ››
1690 4897 1764 4951 De
1820 4896 2040 4968 Spiritu

458 5075 843 5141 3Psal.xmx,
897 5077 981 5140 14,
1045 5077 1129 5131 15.
1206 5076 1373 5131 ‘Jer.
1430 5092 1586 5143 xxm,
1646 5076 1736 5129 24.
1812 5075 2053 5146 ‘Ephes

2179 5093 2222 5143 ν,
2272 5076 2357 5129 10.
2435 5077 2455 5109 ⁸
2513 5074 2666 5131 Psal.
2719 5092 2985 5141 cxxxvm,
3044 5079 3099 5145 7,

1546 5164 1617 5218 ig.
1682 5164 1741 5213 ιι,
1800 5148 1873 5219 6.,
1935 5148 1975 5183 ¹¹
2022 5147 2051 5201 J

2179 5190 2187 5201 .
2249 5164 2387 5219 xvu,
2446 5148 2535 5203 25.
2592 5148 2659 5219 ί¹ν²
2713 5148 2883 5203 Joan.
2942 5164 2985 5219 ι,
3043 5148 3131 5204 40.
3212 5150 3255 5186 ¹³
3305 5149 3454 5206 Joan
3534 5147 3795 5219 x1v,'17.

1269 5236 1344 5285 v1,
1376 5219 1430 5273 3.
1510 5219 1701 5273 16Act.
1754 5235 1811 5285 x,
1866 5218 1919 5288 5,
1968 5220 2056 5285 10,
2133 5220 2177 5256 ¹⁷
2227 5218 2401 5275 Num.
2449 5235 2530 5285 v1,
2578 5218 2769 5274 22-26.
2850 5218 2893 5254 1⁸
2940 5218 2961 5273 Ι
3015 5220 3142 5275 Cor.
3192 5238 3294 5286 xu,
3345 5223 3399 5277 6.
3479 5223 3525 5258 ¹⁹
3573 5218 3791 5278 COloss.

386 5149 547 5203 'Isa.
581 5164 719 5215 xm,
776 5149 830 5202 5.
908 5148 1091 5218 9Sap.
1155 5163 1193 5212 ι,
1246 5149 1299 5201 7.
1378 5148 1425 5181 ¹⁰
1478 5150 1617 5218 Agg.

384 5220 429 5256 ¹⁴
458 5221 637 5275 Exod.
685 5236 836 5287 XXIX,
868 5220 957 5284 20,

384 5299 473 5360 xu,
508 5294 593 5348 11.

1034 5164 1091 5253 θ’
1108 5163 1219 5274 tela.

604 5479 752 5545 Haec,
780 5477 843 5531 τὸ
872 5478 1099 5549 Πνεῦμα
1142 5473 1232 5531 οὖν
1274 5476 1576 5549 ictuictu,
1613 5492 1800 5549 usque
1832 5476 1903 5531 ad
1935 5471 2033 5545 δῆ-

386 5546 483 5604 λον
514 5546 618 5615 ὅτι,
651 5550 892 5606 deerant
919 5551 978 5605 in
1010 5546 1150 5606 edit.
1180 5548 1461 5606 Commel.
1494 5555 1550 5603 et
1581 5549 1638 5602 in
1671 5546 2029 5619 quibusdam

388 5639 555 5688 mss.,
589 5623 689 5694 sed
721 5622 995 5694 leguntur
1025 5623 1083 5677 in
1116 5622 1393 5694 Vatic._et
1424 5620 1485 5694 i_n
1518 5619 1689 5694 Basil.

458 5686 569 5768 (56)
600 5693 696 5750 Sic
722 5686 1042 5751 Viticanus
1072 5700 1128 5749 et
1156 5690 1384 5764 Anglic.
1417 5690 1618 5747 Caneri
1663 5707 1816 5760 vero,
1849 5686 2030 5761 αὐτός,

88 5762 233 5853 ιί

526 5912 789 6091 Ἦ..

2154 4713 2265 4788 δῴη
2303 4737 2383 4769 σοι
2416 4716 2659 4791 εἰρήνην.
2700 4743 2719 4767 ι
2758 4717 2854 4771 Καὶ
2911 4718 2962 4772 ὲν
3008 4723 3076 4792 τῇ
3128 4719 3235 4789 Νέᾳ
3285 4718 3493 4791 ὁμοίως
3536 4720 3657 4794 περὶ
3692 4726 3801 4773 Πα-

2151 4808 2275 4882 τρὸς
2310 4808 2336 4861 6
2370 4805 2605 4867 Παῦλος·
2646 4831 2673 4859 ι(
2704 4807 2759 4859 '0
2792 4805 2847 4861 δὲ
2877 4807 3003 4869 Θεός
3036 4807 3175 4861 ἐστιν
3210 4808 3236 4861 ὁ
3270 4806 3499 4883 ἐνεργῶν
3532 4810 3598 4862 τὰ
3628 4807 3801 4863 πάντα

2154 4892 2205 4949 ἒν
2237 4900 2386 4950 πᾶσι.
2444 4919 2473 4945 ›)
2529 4894 2657 4969 Περὶ
2710 4899 2807 4949 τοῦ
2858 4896 2985 4949 Υἱοῦ
3030 4896 3056 4949 6
3106 4895 3286 4957 αὐτός·
3342 4921 3368 4946 ‹‹
3407 4893 3580 4950 Ἀλλά
3626 4894 3801 4950 πάντα

3156 5080 3211 5133 8.
3288 5077 3504 5150 τίιῖοοιι.
3564 5096 3680 5150 xiv,
3738 5079 3791 5150 7.

2214 5476 2325 5561 QZ)
2354 5472 2542 5561 ζζᾼλλέὶ
2570 5479 2733 5561 abest
2753 5477 2835 5561 et?
2867 5478 3207 5561 Ατξειίοεωρ-

2354 5547 2457 5623 ξίιιΔ
2496 5548 2678 5623 νομί).
2715 5554 2771 5605 et
2797 5547 3025 5623 Anglic.
3059 5551 3260 5608 Caeteri
3283 5556 3342 5608 et
3371 5551 3533 5621 editi,
3568 5550 3787 5607 οικείαν.

2549 5619 2858 5716 Ξοσξᾳὲοιΐζ,
2895 5619 3267 5716 ξεύλογῇσητε.
3307 5619 3643 5693 Vaticanus,
3675 5626 3790 5679 An-

2141 5688 2311 5763 glic.,
2335 5688 2512 5748 Basil.
2546 5696 2602 5748 et
2631 5694 2769 5750 edit.
2799 5693 2983 5761 Paris,
3002 5688 3360 5775 εὔλογ’ήσετε.
