4100 6224
374 307 449 367 51
1541 303 1607 362 S.
1652 300 2024 369 ATHANAS

2147 301 2183 371 ίε
2208 327 2287 342 ·-
2317 298 2591 371 DUBIA.
2708 322 2715 328 ί
3716 304 3797 363 52

376 453 474 492 eos
501 435 759 511 Spiritus
789 434 929 489 Jesu
949 434 1013 487 ³⁸.
1052 454 1079 480 ››

374 524 610 580 tristare
640 522 924 594 Spiritum
958 526 1251 588 sanctum,
1287 521 1343 573 in
1374 538 1486 591 quo
1500 521 1723 593 ’signati
1747 520 1973 577 estis”.
2002 542 2029 569 ››

383 614 595 668 Dicunt
624 610 901 677 haeretici,
927 609 1249 665 secundum
1283 609 1545 664 ordinem
1579 616 1634 664 et
1676 626 2030 664 annumera-

380 703 600 757 tionem
633 698 947 755 consistere
974 699 1272 755 deitatem.
1338 698 1844 769 Respondebimus
1892 699 2030 753 scri—

395 796 560 862 ptum
586 805 750 844 esse:
777 811 802 837 (ι
829 787 1059 842 Primus
1089 786 1284 851 homo,
1313 787 1384 842 de
1404 792 1560 841 terra
1598 792 1869 842 terrenus
1894 805 1906 853 ;
1942 804 2032 842 se-

387 880 618 937 cundus
648 878 843 945 homo,
886 877 956 931 de
986 875 1128 931 coelo
1159 875 1409 930 ccelestis
1442 875 1505 931 ³⁸.
1539 896 1564 925 ι
1632 877 1701 931 Et
1752 892 1986 930 rursum
2016 892 2029 930 :

393 991 420 1018 ‹‹
442 967 700 1023 Primum
726 966 868 1021 dicit
892 964 1440 1037 animalem,postea
1456 964 1889 1035 spiritualem".
1918 988 1945 1015 ››
1971 966 2032 1021 Si

389 1057 570 1128 igitur
601 1055 785 1124 primo
817 1055 877 1110 in
906 1055 1312 1110 numeratione
1352 1054 1667 1124 subjicitur
1716 1055 2031 1123 secundus,

392 1147 492 1217 qui
524 1151 719 1200 autem
750 1146 1084 1214 subjicitur,
1114 1159 1181 1199 eo
1230 1144 1321 1198 cui
1371 1144 1682 1214 subjicitur
1726 1144 1783 1197 in
1835 1160 2036 1199 nume-

401 1233 566 1289 randi
622 1233 873 1297 ratione,
928 1232 1102 1288 vilior
1158 1237 1281 1287 est:
1340 1230 1509 1287 vilior
1550 1232 1660 1287 erit
1712 1234 2036 1288 secundum

398 1329 650 1378 vestram
685 1321 1037 1377 sententiam
1071 1320 1309 1376 animali
1360 1320 1704 1393 spiritualis,
1739 1327 1795 1376 et
1823 1326 2035 1378 terres-

399 1413 471 1466 tri
556 1412 795 1466 homine
855 1411 1029 1465 homo
1087 1410 1383 1466 caelestis.
1465 1411 1637 1467 Aliud
1707 1413 2039 1484 (argumen-

387 1501 576 1566 tum):
608 1499 819 1555 Nullus
848 1500 1076 1570 ignorat
1123 1500 1449 1569 Sripturam
1498 1500 1802 1559 nominare
1857 1505 2037 1557 Deum

391 1588 660 1653 Abrahze,
696 1588 1075 1653 Deumlsaac,
1108 1597 1163 1642 et
1190 1588 1574 1645 DeumJacoh.
1609 1588 1771 1644 Aliud
1800 1592 2041 1645 :Contra

388 1691 488 1733 eos
519 1675 618 1748 qui
646 1676 814 1732 tertio
845 1675 968 1731 loco
1009 1676 1291 1747 Spiritum
1330 1682 1601 1732 sanctum
1651 1677 2036 1736 constituunt.

1141 436 1214 487 De
1271 432 1530 503 Spiritu:
1596 432 1836 487 «Nolite
1894 448 2025 487 con-

2147 425 2344 481 Μυσίαν
2371 427 2510 499 (64),
2544 426 2836 501 ἐπειρῶντο
2870 427 2944 489 εἷς
2985 430 3085 496 τήν
3136 428 3385 484 Βιθυνίαν
3440 431 3796 505 πορευθῆναι.

2139 516 2227 570 καὶ
2260 515 2358 570 οὐκ
2386 512 2559 570 εἷάσεν
2585 516 2781 579 κὸτοὺς
2817 518 2879 571 τὸ
2930 518 3151 590 ΙΙνεῦμα
3202 515 3400 587 Ἰησοῦ.
3433 541 3460 568 ››
3513 518 3641 593 Περῖ
3698 520 3796 574 τοῦ

2144 604 2479 676 Ιῐνεῦματος.
2547 630 2567 654 ι
2620 607 2707 674 Mi)
2762 604 2981 660 λυπεῖτε
3026 607 3088 660 τὸ
3140 603 3360 679 Πνεῦμα
3404 608 3468 661 τὸ
3511 607 3680 683 ἅγιον,
3740 608 3791 661 ἐν

2141 694 2187 765 ᾦ
2240 691 2649 771 ἐσφραγίσθητε.
2710 719 2730 745 ι
2794 696 3051 770 Λέγουσιν
3100 696 3151 749 οἱ
3192 695 3453 770 αἱρετικοὶ
3483 698 3617 751 κατὰ
3646 697 3789 770 τάξιν

2138 780 2229 834 καὶ
2307 782 2676 855 ὑπαρίθμησιν
2754 782 2965 837 ἑστάναι
3034 784 3132 852 τὴν
3192 779 3441 853 θεότητα,
3500 788 3793 859 Ἐροῦμεν.

2142 866 2223 924 ὅτι
2254 871 2572 945 γέγραπται.
2607 896 2635 923 ‹‹
2666 877 2721 927 '0
2747 876 2963 945 πρῶτος
2997 873 3274 947 ἅνθρωπος
3318 872 3378 929 ἐκ
3423 880 3528 947 γῆς
3578 876 3790 950 χοϊκός.

2144 958 2172 1012 6
2205 955 2451 1034 δεύτερος
2499 958 2779 1033 ἄνθρωπος
2835 959 2883 1032 ἐξ
2912 958 3143 1034 οὐρανοῦ
3176 961 3203 1014 6
3236 959 3581 1036 ἐπουράνιος.
3615 988 3643 1014 »ι
3696 963 3793 1019 Καὶ

2142 1045 2328 1101 πάλιν·
2365 1072 2392 1099 ‹‹
2427 1048 2650 1121 Πρῶτόν
2683 1068 2817 1125 φησι
2870 1049 2931 1102 τὸ
2956 1050 3214 1123 ψυχικὸν,
3240 1050 3353 1104 εἶτα
3390 1050 3452 1104 τὸ
3497 1072 3790 1123 πνευματι-

2146 1135 2266 1191 κόν.
2306 1161 2325 1187 ι
2362 1135 2426 1191 Εἴ
2454 1136 2639 1190 τοίνυν
2670 1141 2748 1208 τῷ
2771 1137 2975 1211 πρώτῳ
3010 1138 3393 1211 ὑπαριθμιῖται
3430 1140 3492 1194 τὸ
3524 1137 3794 1217 δεύτερον,

2143 1225 2206 1279 τὸ
2256 1222 2313 1281 δὲ
2363 1225 2839 1301 ὑπαριθμοόμενον
2892 1226 3213 1299 ἀτιμότερόν
3274 1226 3384 1282 ἐστι
3435 1234 3533 1284 τοῦ
3587 1230 3723 1305 πρὸς
3767 1231 3795 1285 ὃ

2145 1311 2261 1389 ἔχει
2304 1315 2403 1382 τὴν
2464 1314 2847 1390 ὑπαρίθμησιψ
2904 1311 3226 1392 ἀτιμότερος
3300 1318 3414 1371 καθ’
3491 1318 3630 1391 ὑμᾶς
3696 1325 3797 1374 τοῦ

2146 1406 2385 1479 ψυχικοῦ
2414 1404 2441 1458 6
2472 1404 2852 1476 πνευματικὸς,
2884 1405 2974 1458 καὶ
3006 1410 3102 1459 τοῦ
3143 1410 3342 1480 χοϊκοῦ
3387 1406 3415 1461 6
3456 1407 3795 1484 ἐπουράνιος.

2146 1491 2342 1549 νΑλλο·
2396 1492 2588 1555 Οὐδεὶς
2637 1493 2839 1568 ἀγνοεῖ,
2890 1492 2975 1547 δτι
3024 1495 3152 1549 Θεὸν
3206 1490 3476 1569 Ἀϐραὰμ,
3528 1498 3620 1552 καὶ
3667 1500 3794 1554 Θεὸν

2149 1580 2347 1652 Ἰσαὰκ,
2378 1582 2466 1635 καὶ
2500 1581 2628 1638 Θεὸν
2663 1577 2875 1649 Ἰακὼϐ,
2906 1582 3064 1637 καλεῖ
3111 1586 3147 1652 ἡ
3198 1586 3404 1661 Γραφή.
3452 1583 3647 1642 Ἀλλο·
3702 1588 3799 1642 Διὰ

2148 1668 2274 1731 τοὺς
2334 1669 2505 1745 τρίτῳ
2565 1668 2716 1742 τόπῳ
2762 1671 3055 1735 τάσσοντας
3120 1672 3183 1726 τὸ
3232 1677 3446 1744 Πνεῦμα
3506 1674 3570 1728 τὸ
3618 1676 3793 1749 ἅγιον.

391 1767 748 1821 Adversatur
770 1770 964 1819 autem
996 1764 1113 1819 illis
1146 1765 1200 1819 in
1216 1765 1786 1822 VeteriTestamento
1820 1767 1915 1822 ubi
1948 1766 2025 1823 lo-

2150 1758 2511 1858 Ἀντιστρέφξι
2544 1758 2726 1821 αὐτοῖς
2760 1758 2810 1814 ἐν
2843 1763 2908 1833 τῇ
2941 1758 3157 1830 Παλαιᾷ
3205 1763 3469 1835 Διαθήκῃ,
3514 1763 3603 1817 καὶ
3651 1762 3798 1840 λέγιι

396 1855 594 1925 quitur
615 1856 772 1925 (cum
797 1853 853 1907 in
881 1854 1169 1924 Babylone
1189 1854 1609 1913 exterminatus
1627 1854 1833 1909 fuisset
1864 1871 2041 1925 popu-

395 1943 506 2013 lus)
540 1941 633 1997 his
653 1942 875 1998 verbis:
899 1964 926 1991 α
952 1943 1021 1996 Et
1042 1941 1389 1998 recordabor
1405 1942 1742 1997 testamenti
1768 1942 1880 1997 mei
1904 1960 2037 1998 cum

391 2031 592 2099 Jacob,
626 2036 683 2087 et
712 2030 1048 2087 testamenti
1072 2030 1185 2085 mei
1223 2046 1358 2085 cum
1398 2034 1582 2095 Isaac,
1612 2035 1669 2087 et
1706 2033 2035 2088 testamenti

393 2120 507 2175 mei
540 2137 674 2175 cum
705 2119 1000 2174 Abraham
1023 2120 1089 2173 ⁸⁸.
1124 2141 1153 2168 ››
1185 2118 1356 2174 Aliud
1382 2137 1396 2174 :
1424 2141 1451 2171 «
1474 2119 1797 2176 Divisiones
1827 2120 2039 2193 gratia-

390 2225 520 2264 rum
552 2214 714 2275 sunt,
747 2208 897 2264 idem
932 2212 1125 2263 autem
1156 2208 1448 2279 Spiritus;
1500 2214 1556 2263 et
1576 2208 1892 2265 divisiones
1926 2211 2037 2265 mi-

388 2296 801 2354 nistrationum
825 2301 985 2366 sunt,
1006 2297 1156 2351 idem
1210 2303 1404 2352 autem
1450 2297 1767 2366 Dominus;
1800 2304 1857 2353 et
1898 2298 2039 2354 divi-

385 2386 580 2443 siones
602 2386 1006 2458 operationum
1032 2391 1193 2453 sunt,
1218 2386 1373 2442 idem
1396 2403 1529 2441 vero
1564 2391 1733 2457 Deus,
1765 2388 1864 2459 qui
1898 2405 2033 2459 ope-

383 2481 548 2531 ratur
577 2476 776 2531 omnia
806 2476 864 2529 in
896 2476 1173 2530 omnibus
1198 2476 1262 2528 ⁸¹.
1302 2498 1322 2523 ι
1387 2474 1559 2529 Aliud
1586 2493 1599 2530 :
1652 2497 1672 2523 ι
1704 2476 1829 2540 Quo
1876 2476 1972 2532 ibo
2003 2494 2037 2532 a

384 2565 595 2637 spiritu
625 2570 751 2633 tuo,
783 2570 839 2622 et
868 2582 984 2637 quo
1016 2582 1050 2620 a
1079 2565 1224 2620 facie
1245 2569 1341 2620 tua
1362 2564 1581 2637 fugiam
1602 2566 1647 2602 ⁸¹
1672 2567 1699 2619 ‘P
1723 2588 1750 2616 »

616 2762 705 2817 21.
745 2761 896 2830 Quod
917 2760 1090 2816 Filius
1118 2768 1243 2816 ante
1271 2762 1497 2815 Patrem
1534 2766 1792 2832 ponatur.

449 2871 543 2926 Ait
570 2868 861 2926 Salvator:
901 2888 923 2916 ε
959 2869 1075 2941 Ego
1106 2872 1162 2922 et
1194 2872 1366 2923 Pater
1392 2869 1721 2935 veniemus,
1761 2875 1818 2925 et
1866 2887 2033 2928 man-

379 2960 607 3017 sionem
640 2959 793 3031 apud
827 2975 961 3014 eum
998 2958 1280 3014 faciemus
1313 2957 1378 3013 ⁸³.
1414 2979 1441 3007 ››
1474 2957 1681 3013 Aliud:
1744 2982 1770 3007 ‹‹
1810 2960 1925 3032 Ego
1976 2965 2032 3016 et

377 3055 547 3105 Pater
569 3064 753 3103 unum
776 3064 987 3103 sumus
1017 3048 1080 3101 ⁸⁸.
1114 3069 1140 3097 n
1180 3047 1434 3103 Rursum
1460 3046 1805 3120 Apostolus:
1840 3071 1867 3097 ‹‹
1890 3052 2030 3105 Gra-

2153 1844 2262 1917 (6'1:
2294 1843 2346 1900 ἐν
2380 1840 2666 1901 Βαϐυλῶνι
2699 1844 2955 1920 ἐξώριστο
3129 1848 3157 1902 6
3192 1847 3367 1921 λαὸς),
3400 1848 3575 1914 οὕτως
3623 1849 3793 1927 λέγει·

2151 1960 2181 1987 ‹‹
2215 1933 2311 1989 Καὶ
2366 1936 2748 2007 μνησθησομαι
2795 1937 2893 2003 τῆς
2945 1933 3213 2007 διαθήκης
3267 1958 3371 2009 μου
3400 1945 3500 2007 τῆς
3530 1941 3665 2014 πρὸς
3696 1942 3798 1996 Ἰα-

2148 2019 2286 2093 κὼό,
2341 2022 2430 2078 καί
2477 2030 2576 2093 τῆς
2628 2020 2892 2095 διαθήκης
2948 2045 3053 2097 μου
3110 2028 3206 2095 τῆς
3264 2027 3399 2102 πρὸς
3451 2028 3647 2102 Ἰσαὰν,
3705 2030 3797 2085 καὶ

2145 2119 2246 2181 τῆς
2279 2110 2541 2183 διαθήκης
2575 2134 2677 2185 μου
2706 2119 2808 2181 τῆς
2838 2112 2976 2188 πρὸς
3009 2108 3279 2189 Ἀϐραάμ.
3316 2139 3344 2165 ››
3375 2115 3573 2173 ’Δλλο⁸
3594 2140 3623 2170 α
3650 2125 3801 2174 Διαι.

2147 2203 2318 2274 ρέσεις
2376 2200 2431 2257 δὶ
2480 2201 2834 2277 χαρισμάτων
2880 2202 3004 2272 εἶσὶ,
3061 2204 3124 2259 τὸ
3176 2202 3233 2260 δὲ
3262 2204 3393 2260 αὐτὸ
3435 2211 3672 2279 Ιινεῦμα·
3706 2208 3797 2264 καὶ

2147 2288 2434 2366 διαιρέσεις
2492 2294 2606 2363 (66)
2654 2288 2944 2347 διακονιῶν
3006 2291 3163 2360 εἰσιν,
3214 2294 3243 2347 6
3292 2290 3349 2348 δὲ
3383 2293 3543 2356 αὐτὸς
3576 2296 3790 2371 Κύριος·

2144 2378 2234 2434 καὶ
2293 2376 2577 2455 διαιρέσεις
2634 2379 3015 2454 ἐνεργημάτων
3072 2380 3227 2449 εἰσὶν,
3289 2382 3317 2436 6
3370 2380 3426 2437 δὲ
3456 2382 3618 2446 αὐτὸς
3668 2387 3795 2447 Θεὸς

2146 2469 2175 2523 6
2206 2468 2437 2544 ἐνεργῶν
2469 2470 2535 2527 τὰ
2562 2470 2734 2524 πάντα
2765 2469 2816 2523 ἐν
2867 2475 3015 2525 πᾶσι.
3050 2494 3080 2523 ››
3114 2470 3212 2525 Καὶ
3245 2470 3412 2527 ἀλλο·
3448 2496 3476 2527 ‹‹
3540 2477 3651 2529 Ποῦ
3689 2497 3793 2530 πο-

2146 2562 2319 2633 ρευθῶ
2348 2556 2454 2612 ἀπὸ
2481 2561 2582 2611 τοῦ
2612 2551 2918 2629 πνεύματός
2961 2578 3078 2628 σου,
3110 2557 3199 2613 καὶ
3233 2557 3340 2613 ἀπὸ
3367 2557 3464 2613 τοῦ
3496 2562 3793 2630 προσώπου

2146 2667 2242 2700 σου
2270 2650 2377 2700 ποῦ
2406 2644 2593 2720 φύγω;

2357 2771 2447 2826 2L
2481 2771 2596 2824 Ὀτι
2628 2771 2982 2845 προτάττεται
3011 2775 3109 2825 τοῦ
3142 2772 3347 2847 Πατρὸς
3378 2773 3406 2826 6
3438 2773 3580 2835 Υἱὸς.

2213 2874 2369 2951 Λᾶγει
2421 2876 2449 2930 6
2500 2877 2720 2952 Σωτήρ·
2772 2900 2802 2926 ‹‹
2855 2878 2992 2952 Ἐγὼ
3021 2876 3111 2932 καὶ
3143 2879 3171 2932 6
3207 2880 3391 2951 Πατὴρ
3441 2878 3793 2954 ἐλευσόμεθα,

2139 2965 2228 3018 καὶ
2264 2966 2435 3037 μινὴν
2468 2967 2593 3042 παρ’
2626 2965 2771 3037 αὖτῷ
2800 2968 3127 3039 ποιήσομεν.
3166 2991 3193 3017 ››
3222 2964 3425 3022 ’Ἄλλοι
3478 2990 3499 3018 ι
3534 2970 3674 3045 Ἐγὼ
3704 2971 3793 3026 καὶ

2140 3055 2168 3109 6
2200 3055 2387 3129 Πατὴρ
2435 3052 2488 3109 ἓν
2543 3054 2720 3128 ἐσμεν.
2776 3080 2804 3106 ››
2861 3054 2967 3111 Καὶ
3016 3054 3180 3110 πάλιν
3215 3057 3243 3111 6
3272 3056 3626 3120 ’Δπόστολος
3664 3084 3691 3112 ‹‹
3725 3062 3786 3115 Ἡ

377 3139 460 3193 tia
480 3136 709 3192 Domini
742 3135 927 3191 nostri
953 3136 1093 3190 Jesu
1126 3135 1362 3201 Christi,
1396 3141 1452 3190 et
1500 3136 1759 3192 charitas
1814 3137 1930 3203 Dei,
1978 3147 2025 3193 el

2147 3142 2299 3217 χάρις
2344 3142 2440 3197 τοῦ
2484 3143 2685 3217 Κυρίου
2724 3145 2883 3216 ἡμῶν
2917 3145 3097 3212 Ἰησοῦ
3127 3145 3385 3220 Χριστοῦ,
3416 3145 3503 3201 καὶ
3535 3150 3569 3215 ἡ
3602 3146 3785 3223 ἀγάπη

376 3225 834 3282 communicatio
865 3224 1053 3279 sancti
1085 3223 1361 3296 Spiritus,
1391 3234 1554 3294 {cum
1608 3226 1884 3281 omnibus
1935 3243 2028 3281 vo-

375 3316 468 3373 bis
491 3317 558 3373 ⁸⁸.
577 3338 605 3367 »

375 3460 471 3514 ll
506 3458 598 3511 22.
641 3456 907 3513 Adversus
952 3471 1040 3511 eos
1110 3458 1208 3526 qui
1263 3455 1564 3529 discrimen
1615 3461 1829 3529 ponunt
1882 3461 2031 3515 inter

442 3544 513 3612 ex
542 3546 680 3655 riuo,
711 3531 780 3596 et,
817 3544 919 3599 per
976 3542 1152 3611 quem
1178 3545 1191 3595 ;
1258 3535 1309 3582 et
1339 3528 1528 3611 .illud,
1579 3528 1647 3611 ex
1677 3546 1815 3600 quo,
1845 3533 2024 3602 Patri,

444 3600 548 3655 illa
591 3645 606 3655 .
639 3616 742 3655 ner
772 3615 968 3655 auem.
999 3600 1150 3655 Filio
1178 3602 1240 3653 ut
1266 3615 1451 3654 minus
1481 3601 1818 3655 attribuunt.

444 3600 606 3671 illud,
639 3616 742 3673 per
772 3615 968 3670 quem,
999 3600 1150 3656 Filio
1178 3602 1240 3653 ut
1266 3600 1451 3654 minus
1481 3601 1818 3657 attribuunt.

442 3708 782 3763 Invenimus
811 3711 1015 3762 contra
1043 3706 1100 3760 in
1126 3705 1467 3777 Scripturis,
1501 3706 1677 3762 etiam
1738 3708 1808 3764 de
1857 3709 2025 3765 Patre

368 3796 504 3868 dici,
528 3818 555 3847 ‹‹
576 3811 885 3869 perquam:
910 3817 938 3845 »
963 3799 1019 3850 et
1038 3796 1109 3850 de
1134 3794 1298 3865 Filio,
1323 3816 1351 3845 »
1372 3810 1439 3850 ex
1462 3811 1601 3867 quo,
1622 3818 1649 3845 »
1674 3802 1733 3851 et
1753 3798 1844 3868 {de
1890 3798 2022 3870 Spi-

366 3887 481 3942 ritu
514 3885 804 3941 similiter.
846 3884 925 3939 De
984 3888 1152 3938 Patre
1206 3884 1520 3954 Apostolus
1567 3885 1686 3940 ait:
1747 3908 1773 3935 «
1810 3886 2021 3944 Fidelis

368 3977 537 4041 Deus,
573 3991 676 4046 per
716 3991 893 4046 quem
948 3973 1134 4028 vocati
1187 3973 1330 4028 estis
1373 3975 1429 4029 in
1489 3973 1829 4031 societatem
1888 3977 2019 4032 Filii

362 4064 492 4133 ejus
522 4063 583 4117 ⁸⁸.
610 4084 636 4112 ››
668 4062 861 4115 Aliud:
887 4083 913 4109 ‹‹
939 4060 1151 4115 Paulus
1175 4060 1477 4132 apostolus
1497 4063 1640 4118 Jesu
1663 4064 1877 4120 Christi
1918 4083 2019 4137 per

358 4151 720 4208 voluntatem
754 4150 854 4205 Dei
882 4150 945 4203 ⁸⁷.
982 4171 1009 4198 ››
1041 4149 1297 4204 Rursus:
1344 4171 1371 4199 ‹‹
1396 4151 1599 4223 Itaque
1622 4154 1745 4224 jam
1783 4171 1897 4209 non
1956 4172 2018 4210 es

359 4258 584 4307 servus,
617 4240 717 4295 sed
755 4239 934 4302 illius,
996 4239 1149 4310 quod
1211 4239 1260 4293 si
1320 4239 1501 4301 ﬁlius.
1561 4246 1620 4297 et
1668 4242 1852 4297 haeres
1916 4261 2019 4316 per

362 4336 543 4385 Deum
574 4329 639 4384 ⁸⁸.
674 4351 701 4379 ρο
740 4333 805 4384 Et
834 4328 980 4383 illud
1025 4346 1037 4382 :
1079 4348 1100 4375 α
1136 4329 1641 4394 Quemadmodum
1699 4334 2016 4389 resurrexit

357 4418 647 4482 Christus,
680 4434 783 4490 per
811 4416 1056 4489 gloriam
1091 4416 1279 4472 Patris
1307 4418 1374 4471 ⁸⁸.
1398 4439 1427 4468 ιο
1464 4417 1718 4474 Rursum
1750 4436 1884 4476 cum
1919 4438 2014 4493 ge-

358 4505 584 4561 nuisset
612 4507 727 4561 Eva
756 4506 918 4566 Cain.
962 4505 1148 4560 dixit:
1212 4528 1239 4553 ‹‹
1273 4505 1507 4560 Possedi
1554 4506 1850 4563 hominem
1907 4526 2009 4579 per

2151 4512 2261 4585 ρός.
2318 4534 2345 4560 η

362 4600 540 4650 Deum
563 4596 627 4648 ⁸ο.
651 4617 677 4645 ››
706 4595 1040 4665 Iterumque
1059 4592 1310 4664 .Iosepho
1332 4592 1391 4648 in
1413 4610 1641 4650 carcere
1682 4612 1876 4652 nonne
1909 4614 2012 4669 per

2147 4617 2225 4654 ιιι·
2279 4623 2305 4649 ((

360 4689 541 4739 Deum
574 4683 708 4738 data
738 4687 827 4738 est
857 4681 1253 4738 manifestatio
1293 4679 1385 4736 "7
1446 4687 1521 4738 De
1571 4682 1712 4740 Filio
1761 4700 1831 4740 ex
1881 4704 2011 4758 pro-

431 4828 621 4883 εσΑοι.
655 4844 767 4893 ινι,
799 4828 855 4893 6,
884 4829 939 4881 7.
1042 4827 1085 4863 '7
1117 4825 1325 4894 Ephes.
1360 4844 1438 4894 xv,
1460 4828 1549 4882 30.

360 4900 456 4967 ⁸¹Ι
517 4901 645 4956 Cor.
680 4914 783 4955 xu.
846 4899 962 4953 4-6.
1068 4899 1115 4933 ⁸³
1167 4898 1319 4954 Psal.
1379 4916 1645 4967 cxxxvm,
1673 4901 1728 4954 7.

1838 4904 1882 4937 ⁸³
1934 4903 2104 4960 Joan.
2160 4921 2271 4975 xiv,
2301 4906 2391 4961 23.

2134 3235 2232 3285 τοῦ
2289 3236 2423 3286 Θεοῦ
2469 3234 2605 3303 (67),
2658 3232 2747 3286 καὶ
2796 3232 3051 3288 κοινωνία
3100 3238 3198 3287 τοῦ
3247 3233 3399 3310 ἁγίου
3454 3234 3786 3312 Πνεύματος,

2142 3318 2277 3391 μιτά
2304 3320 2519 3374 πάντων
2546 3319 2718 3393 ὑμῶν.
2754 3344 2782 3371 ››

2134 3464 2222 3518 22.
2256 3462 2402 3538 Πρὸς
2443 3461 2605 3545 τοὺς,
2626 3461 3100 3545 λέγονταςιτὸλέξ
3134 3460 3217 3545 οὗ,
3250 3464 3442 3545 καὶδΰ
3481 3465 3563 3545 οῦ,
3599 3465 3783 3545 διαςεξ-

2205 3531 2737 3616 ρεινηκαὶμδιδόντοςς
2770 3535 2840 3616 τὸ⁵
2864 3535 2982 3608 μὲν,
3003 3531 3182 3608 ἐξόὗ,
3204 3531 3299 3609 .τῷ
3353 3531 3559 3616 [lu-cpi,
3592 3541 3655 3596 16
3700 3531 3783 3614 δὲ,

2210 3604 2281 3661 δι’
2310 3604 2393 3677 οὗ,
2418 3610 2496 3678 τῷ
2527 3608 2654 3679 HQ),
2685 3607 2760 3668 ὡς
2794 3604 3039 3664 ἔλαττον.

2204 3711 2546 3787 Εὐρίσκομεν
2600 3710 2658 3768 δὲ
2711 3711 2771 3768 ἐκ
2812 3717 2921 3768 τῶν
2972 3717 3220 3791 Γραφῶν,
3271 3713 3357 3770 ὅτι
3404 3716 3493 3770 καὶ
3547 3715 3637 3773 ἐπὶ
3687 3722 3783 3774 τοῦ

2132 3802 2343 3876 Πατρὸς
2407 3800 2615 3878 λέγεται
2664 3803 2745 3873 16,
2799 3826 2826 3854 «
2862 3799 2933 3857 δι’
2963 3799 3047 3872 οὗ,
3089 3826 3117 3855 ››
3152 3803 3241 3858 xui
3271 3802 3357 3859 ἐπὶ
3387 3810 3484 3859 τοῦ
3515 3806 3664 3878 Υὶοῦ,
3698 3808 3781 3880 τὸ,

2133 3913 2160 3940 ‹‹
2193 3888 2244 3960 ἐξ
2272 3887 2356 3959 οὗ,
2384 3912 2410 3943 ι
2440 3889 2529 3944 καὶ
2714 3889 2801 3944 ἐπὶ
2854 3888 3167 3964 Πνεῦματος
3214 3892 3445 3963 ὁμοίως.
3496 3895 3627 3971 Περὶ
3683 3901 3782 3951 τοῦ

2129 3977 2340 4053 Πατρὸς
2390 3979 2414 4032 3
2466 3977 2801 4039 ’Δπόστολος
2850 3976 3016 4055 λέγει’
3052 4003 3079 4030 ‹‹
3114 3980 3311 4042 Πιστὸς
3343 3982 3370 4036 6
3405 3981 3560 4053 Θεὸς,
3593 3981 3664 4040 δι’
3719 3983 3781 4041 οὗ

2128 4066 2401 4139 ἐκλήθητε
2458 4068 2532 4131 είς
2587 4068 2869 4124 κοινωνίαν
2927 4074 3025 4124 τοῦ
3084 4071 3211 4124 Υίοῦ
3269 4071 3453 4130 αὐτοῦ.
3490 4097 3518 4125 ‹‹
3575 4075 3776 4134 Ἀλλο*

2128 4182 2155 4209 ‹‹
2210 4157 2423 4219 Παῦλος
2474 4156 2779 4220 ἀπόστολος
2834 4160 3014 4228 Ἰησοῦ
3063 4164 3296 4233 Χριστοῦ
3344 4158 3433 4215 διὰ
3463 4161 3777 4239 Θελήματος

2127 4250 2281 4302 Θεοῦ·
2348 4270 2373 4296 ››
2428 4245 2517 4300 xui
2576 4245 2759 4301 πάλιψ
2820 4271 2848 4298 ‹‹
2909 4250 3069 4302 ’Ὥστε
3109 4246 3290 4304 οὐκέτι
3325 4249 3375 4304 εἴ
3403 4248 3624 4327 δοῦλος,
3654 4254 3785 4311 ἀλλ⁹

2126 4334 2263 4397 υἱός·
2299 4334 2343 4389 εἰ
2376 4332 2433 4389 δὲ
2464 4335 2599 4407 υἱὸς,
2649 4333 2739 4389 καὶ
2786 4334 3133 4414 κληρονόμος
3181 4334 3270 4392 διὰ
3313 4343 3466 4397 Θεοῦ.
3502 4366 3525 4394 ι
3562 4342 3661 4397 Καὶ
3690 4344 3777 4415 τὸ,

2129 4448 2150 4476 α
2186 4427 2390 4499 ’Ὠσπερ
2421 4424 2630 4499 ἠγέρθη
2668 4425 2897 4499 Χριστὸς
2931 4421 3020 4479 διὰ
3040 4426 3153 4498 (69)
3182 4428 3281 4496 τῆς
3330 4424 3490 4501 δόξης
3536 4436 3634 4486 τοῦ
3664 4439 3776 4488 Πα-

2398 4512 2495 4565 Καὶ
2556 4511 2741 4580 πάλιν,
2791 4511 2880 4567 ὅτε
2929 4512 3190 4588 ἐγεννήθη
3264 4514 3414 4584 Κάϊν,
3464 4515 3574 4572 Εὕα
3624 4518 3775 4592 εἰρή-

2360 4599 2708 4672 Ἐκτησάμην
2775 4597 3055 4676 ἄνθρωπον
3106 4599 3196 4657 διὰ
3240 4608 3336 4658 τοῦ
3395 4610 3546 4664 Θεοῦ.
3597 4630 3626 4659 ››
3675 4609 3773 4663 Καὶ

2118 4684 2285 4742 πάλιν
2319 4692 2396 4761 τῷ
2423 4690 2624 4766 Ἰωσὴφ
2660 4692 2737 4752 είς
2794 4689 2894 4759 τήν
2923 4687 3169 4767 φυλακὴν
3203 4692 3331 4770 οὐχὶ
3365 4691 3455 4749 διὰ
3490 4699 3586 4749 τοῦ
3638 4702 3772 4752 Θεοῦ

1652 4828 1697 4865 ³⁸
1727 4828 1749 4884 Ι
1780 4832 1903 4886 Cor.
1956 4848 2047 4897 xv,
2109 4833 2197 4888 47.

2305 4834 2351 4869 ⁸³
2410 4834 2430 4889 I
2490 4838 2620 4890 Cor.
2681 4850 2743 4902 ιι,
2806 4834 2894 4902 14,
2950 4834 3036 4891 15.

3144 4839 3189 4881 ⁸9
3240 4838 3489 4895 Baruch.
3551 4856 3617 4907 ιι,
3672 4842 3764 4897 34.

2498 4906 2543 4941 ⁸⁸
2600 4905 2769 4961 Joan.
2830 4924 2887 4976 x,
2917 4906 3009 4961 30.

3113 4908 3158 4980 ⁸⁸
3210 4910 3258 4965 ΙΙ
3312 4913 3439 4968 Cor.
3498 4928 3623 4980 xm,
3680 4915 3769 4970 t3.

357 4962 402 5005 ‘5
433 4972 455 5025 Ι
487 4972 617 5027 Cor.
653 4987 696 5026 ι.
726 4971 782 5025 9.
862 4972 902 5005 ⁸⁷
940 4975 959 5023 ι
992 4969 1118 5025 Cor.
1153 4986 1229 5037 iv,
1267 4971 1316 5025 1.
1395 4972 1438 5007 ⁸⁸
1470 4962 1657 5027 Galat.
1691 4989 1767 5041 ιν,
1798 4975 1852 5027 7.
1932 4974 1976 5011 ⁸⁸

2147 4992 2225 5032 m.
2259 4962 2333 5047 vi,
2368 4978 2456 5032 40.
2534 4977 2578 5012 ⁸ο
2607 4979 2813 5034 Cenes.
2848 4962 2923 5046 ut,
2960 4979 3011 5033 1.
3046 4978 3088 5013 ⁸¹
3122 4962 3569 5053 (ἰοῦ-θέαμῖ.

425 5120 539 5189 (64)
570 5118 661 5175 Sic
695 5119 1033 5190 Vaticanus,
1058 5117 1233 5173 Basil.
1267 5118 1436 5190 Angl.
1472 5124 1526 5175 et
1557 5122 1789 5177 Graecus
1846 5122 2001 5177 Seri-

354 5188 539 5263 pturae
569 5195 781 5263 textus.
817 5189 990 5263 Editi,
1022 5188 1074 5241 ὲν
1105 5191 1191 5263 τῇ-
1228 5188 1581 5263 ΜυσίᾲᾼΜοΧ,
1640 5195 1817 5260 Ἰησοῦ
1862 5193 2001 5263 legi.

353 5259 450 5336 tur
481 5263 538 5336 in
570 5262 708 5336 edit.
742 5262 799 5336 in
831 5259 1217 5336 Vatic._Angl.
1251 5270 1308 5336 et
1338 5261 1489 5336 Felc.
1536 5267 1591 5318 2.
1644 5259 1819 5321 Basil.
1873 5259 1999 5336 ejus

356 5334 481 5389 loco
504 5333 679 5389 habet
706 5334 803 5385 τοῦ
833 5333 1115 5403 Θεοῦῌξίά
1158 5331 1354 5403 Angl.,
1390 5331 1617 5402 λυπῆτε.

426 5406 534 5476 (65)
566 5404 943 5476 Anglicanus,
976 5396 1266 5476 ἐξόριστοςῖ

426 5422 517 5470 (υς)
566 5422 943 5476 angucanus,
976 5422 1266 5530 εξοὲιστος.

426 5422 538 5549 (66)
568 5476 663 5549 Sic
692 5476 1026 5549 Vaticanus,
1074 5475 1235 5549 gasil.
1270 5480 1327 5530 et
1364 5476 1586 5549 Anglic.
1619 5478 1819 5534 Caeteri
1864 5494 1996 5535 vero

355 5543 1041 5621 οιξβόἰίξ,λκαῖ-οιβαιρὲσιις
1071 5543 1147 5602 δέ.
1197 5551 1353 5621 ΔΜοκ,
1412 5543 1587 5605 Bisi].
1647 5554 1704 5621 et
1748 5548 1995 5621 Anglic.,

356 5617 384 5668 6
415 5614 473 5671 δὲ
519 5617 679 5679 αὐτὸς
738 5614 960 5693 Κύριος.
1012 5618 1211 5675 Caateri
1265 5614 1349 5675 et'
1386 5621 1549 5691 editi,
1608 5619 1697 5673 xui
1754 5620 1783 5673 6
1839 5614 1998 5682 αὐτὸς

354 5976 503 6109 ..Β

402 6198 617 6224 --

2112 5122 2333 5186 Κύριος.

2201 5198 2293 5268 67)
2325 5197 2421 5252 Sic
2450 5196 2813 5269 Basiliensis,
2844 5197 3162 5269 Vaticanus
3221 5208 3279 5259 et
3326 5209 3559 5262 Graecus
3616 5207 3766 5263 Scri-

2110 5271 2292 5349 ptuffe
2322 5273 2536 5349 textus.
2570 5269 2720 5349 Editi
2746 5275 2803 5325 et
2834 5268 2956 5349 alii,
2988 5273 3249 5349 19§_6t06
3277 5276 3366 5329 xui
3394 5275 3627 5349 Πατρός.

2178 5340 2289 5422 ((58)
2320 5340 2385 5422 in
2417 5339 2554 5422 edit.
2583 5341 2765 5397 Paris.
2796 5338 2887 5393 καί
2921 5342 3232 5417 omittitur,
3268 5349 3371 5403 sed
3432 5338 3649 5422 legitur
3701 5349 3761 5405 in

2107 5417 2231 5465 cast.
2268 5410 2407 5465 edit.
2441 5415 2497 5465 et
2530 5428 2672 5467 mss.

2176 5480 2611 5564 _(.69).Awi_deest
2654 5482 2713 5536 in
2746 5481 3216 5564 edit._Cgmmel.,
3278 5489 3648 5564 sedglegitur
3697 5491 3757 5547 in

2106 5552 2349 5623 reliquis
2378 5558 2435 5609 et
2462 5553 2519 5608 in
2544 5554 2927 5627 manuscript.
2962 5555 3147 5617 Vatis.
3177 5552 3351 5633 Basil.
3383 5552 3612 5639 Anglic.
