4100 6224
305 379 385 439 53
948 374 1053 434 DE
1099 370 1463 434 COMMUNI
1510 367 1896 431 ESSENTIA
1940 364 2218 427 PATRIS
2263 364 2364 425 ET
2408 364 2589 425 FILII
2639 364 2738 423 ET
2783 362 2981 423 SPIR.
3027 363 3096 424 S.
3642 367 3722 424 54

307 515 343 581 ὴ
378 509 701 588 διασάφησις
751 505 954 563 δίδοται
991 506 1164 580 ,Περὶ
1210 509 1307 559 τοῦ
1356 505 1484 558 Υἰοῦ
1516 502 1574 557 ὲκ
1601 509 1699 572 τῆς
1739 522 1952 577 προφη-

2070 500 2270 571 phetia
2302 499 2480 565 Isaiae,
2518 496 2734 553 Paulus
2767 496 2911 551 dixit
2944 513 2957 551 :
2998 517 3024 548 α
3058 496 3344 562 Quoniam
3376 513 3443 551 ex
3483 497 3631 569 ipso,
3664 502 3721 555 et

304 602 454 662 τείας
512 596 734 654 Ἠσαίου
788 594 1007 657 ΙΙαῦΛος
1068 597 1233 650 εἶπενο
1298 619 1318 644 ε
1368 596 1486 647 Ὅτι
1538 592 1587 664 ἐξ
1638 590 1822 657 αὐτοῦ,
1863 588 1951 643 καὶ

310 687 380 744 δι’
409 688 595 760 αὐτοῦ,
627 686 716 742 καὶ
765 686 841 748 εἷς
887 682 1044 739 αὐτὸν
1094 683 1159 737 τὰ
1188 684 1379 738 πάντα.
1412 703 1439 735 ι
1480 681 1541 735 Εἰ
1584 678 1640 734 δὲ
1686 676 1951 753 ἀντιλέγει

312 779 340 833 6
390 778 658 854 αἱρετικὸς
703 780 780 846 τῷ
827 774 996 847 ΙΙατρί
1037 771 1116 843 τῷ
1165 776 1280 842 Θεῷ
1337 769 1595 844 λελέχθαι
1654 770 1774 837 τὴν,
1815 792 1834 817 α
1885 763 1954 819 δι’

312 867 396 935 οὗ,
434 891 461 918 ››
494 862 944 943 φωνὴν,πρέπειν
994 859 1153 916 δώσει
1199 863 1311 933 (70)
1361 859 1447 913 καὶ
1496 860 1592 926 τήν
1642 857 1761 927 ἴσην
1806 856 1950 926 ἀξίαν

308 960 390 1027 τῷ
419 956 547 1027 Υἱῷ·
599 954 686 1008 καὶ
734 950 897 1006 πάλιν
948 950 1211 1027 Ἐφεσίοις
1259 950 1285 1003 ὁ
1325 946 1682 1008 Ἀπὸστολοςο
1718 972 1743 996 ‹‹
1788 943 1955 1012 Ἀλη-

312 1044 551 1104 θεύοντες
605 1041 661 1095 δὶ
718 1040 769 1095 ἐν
844 1040 1026 1115 ἀγάπῃ
1058 1086 1071 1111 ,
1133 1038 1449 1110 αὐξήσωμεν
1530 1036 1606 1096 εἷς
1673 1034 1829 1089 αὐτὸν
1887 1035 1955 1087 τὰ

308 1134 495 1201 πάντα,
530 1132 579 1200 έξ
612 1131 672 1184 οὗ
705 1136 808 1184 πᾶν
840 1130 903 1183 τὸ
934 1132 1046 1201 (71)
1079 1132 1237 1199 σῶμα
1285 1123 1889 1201 συναρμολογούμενον,
1924 1146 1951 1173 )›

305 1219 394 1276 καὶ
442 1221 508 1273 τὰ
556 1218 710 1289 ἑξῆς.
766 1218 866 1275 Καὶ
916 1218 1051 1293 πρὸς
1102 1216 1427 1277 Κολοσσαεῖς
1476 1216 1611 1290 πρὸς
1669 1212 1796 1274 τοὺς
1856 1210 1955 1265 οὐκ

308 1305 537 1385 ἔχοντας
572 1308 671 1376 τὴν
721 1311 917 1383 γνῶσιν
966 1310 1061 1361 τοῦ
1106 1309 1440 1380 Μονογενοῦς
1497 1300 1725 1377 εἴρηται.
1767 1325 1787 1353 ι
1833 1303 1952 1353 Ὅτι

308 1398 336 1452 6
367 1401 578 1474 κρατῶν
609 1397 709 1465 τὴν
733 1394 1000 1472 κεφαλὴν,
1034 1420 1061 1447 ››
1091 1394 1331 1449 τουτέστι
1364 1395 1452 1447 τὸν
1485 1392 1732 1468 Χριστὸν,
1763 1416 1788 1441 ‹‹
1889 1390 1951 1443 οὗ

313 1494 415 1543 πᾶν
448 1487 511 1541 τὸ
540 1491 700 1559 σῶμα
757 1483 847 1539 διὰ
899 1489 1005 1539 τῶν
1064 1486 1233 1561 ἁφῶν,
1280 1484 1368 1537 καὶ
1414 1487 1519 1537 τῶν
1554 1479 1888 1553 συνδέσμων,
1924 1504 1951 1531 ››

308 1577 397 1632 καὶ
446 1577 515 1631 τὰ
562 1575 706 1646 ἑξῆς
757 1575 845 1629 καὶ
896 1574 979 1645 τὸ,
1014 1598 1041 1625 α
1086 1575 1179 1628 Ἐκ
1221 1577 1316 1627 τοῦ
1368 1571 1741 1647 πληρώματος
1789 1570 1953 1625 αὑτοῦ

309 1669 474 1740 ἡμεῖς
522 1667 710 1727 πάντες
758 1660 1048 1737 ἐλάϐομεν.
1083 1689 1102 1715 ι
1143 1664 1244 1719 Καὶ
1292 1662 1448 1724 αὐτὸς
1479 1663 1506 1716 6
1540 1660 1736 1736 Κύριος
1785 1659 1951 1735 λέγει·

310 1780 339 1809 ι(
371 1759 490 1809 Ὅτι
541 1754 601 1810 ἔκ
641 1758 738 1809 τοῦ
786 1752 923 1825 έμοῦ
976 1750 1229 1825 λήψεται,
1278 1751 1365 1805 καὶ
1408 1747 1697 1825 ἀναγγελεῖ
1740 1749 1889 1821 ὑμῖν.
1921 1769 1950 1801 n

309 1844 407 1899 Καὶ
464 1845 629 1897 πάλιν
680 1841 850 1918 λέγει·
902 1865 929 1893 ‹‹

309 1932 463 2007 ἐμοῦ.
514 1953 541 1985 ι
594 1931 727 2007 Περὶ
774 1935 870 1986 τοῦ
920 1930 1249 2003 Ιῐνεύματος·
1302 1954 1329 1981 ‹‹

307 2025 531 2095 Πνεῦμα
577 2021 637 2076 ἐκ
680 2025 777 2076 τοῦ
824 2020 1142 2093 ΙΙνεύματος
1192 2018 1385 2092 θερίσει
1440 2018 1582 2087 ζωὴν
1634 2016 1885 2073 αἰώνιον.
1920 2041 1947 2067 υ

310 2112 407 2166 Καὶ
440 2112 468 2165 6
522 2110 777 2178 Ἰωάννης
826 2109 984 2186 φησίν
1041 2134 1069 2161 ‹‹
1103 2111 1191 2162 Ἐν
1241 2106 1420 2179 τούτῳ
1470 2108 1835 2180 γινώσκομεν,
1869 2104 1950 2159 ὅτι

311 2199 363 2255 ἐν
395 2201 533 2272 ἡμῖν
584 2197 722 2253 ἐστιν
774 2198 801 2251 6
841 2199 992 2265 Θεὸς,
1042 2196 1102 2252 ἐκ
1146 2201 1242 2251 τοῦ
1292 2194 1607 2268 ΙΙνεύματος
1656 2194 1841 2263 αὐτοῦ,
1892 2192 1953 2248 οὗ

314 2286 512 2344 ἴδωκεν
570 2290 729 2359 ἡμῖν.
768 2312 787 2337 ιι
824 2288 922 2341 Καὶ
980 2288 1007 2340 6
1070 2283 1297 2361 ἄγγελος
1358 2284 1525 2359 λέγει·
1568 2308 1593 2333 υ
1622 2285 1691 2337 Τὸ
1739 2283 1839 2359 γὰρ
1902 2282 1952 2338 ἐν

318 2367 453 2440 αὐτῇ
502 2367 755 2441 γεννηθὲν
808 2366 867 2420 ἐκ
914 2364 1225 2436 ΙΙνεύματός
1270 2364 1409 2419 ἐστιν
1462 2363 1636 2439 ἁγίου.
1680 2388 1707 2415 ››
1756 2370 1810 2417 '0
1861 2363 1959 2417 Κύ-

1383 1930 1441 1986 ⁴Ο
1490 1928 1722 2003 σπείρων
1775 1927 1849 1989 εἷς
1889 1927 1951 1981 τὸ

322 2456 436 2530 ριός
496 2475 627 2531 φησι
670 2473 681 2485 ·
744 2479 771 2504 ‹‹

2065 607 2166 661 per
2196 589 2411 660 ipsum,
2444 593 2499 643 et
2528 588 2587 641 in
2617 586 2745 658 ipso
2776 586 2975 641 omnia
3002 585 3065 640 δ’.
3106 608 3125 635 ι
3164 586 3325 648 Quod
3360 585 3409 640 si
3464 586 3557 640 hic
3587 604 3721 642 con-

2060 677 2311 733 tradicat
2367 677 2695 742 haereticus,
2753 680 2809 730 et
2865 676 2935 730 de
2993 675 3108 730 Deo
3158 674 3325 728 Patre
3358 673 3485 742 hoc,
3520 697 3547 725 α
3612 692 3713 743 per

2064 782 2261 837 quem,
2298 788 2323 813 ι)
2360 764 2799 837 pronuntiatum
2855 764 3029 829 dicat,
3061 764 3341 818 concedat
3370 768 3564 817 tamen
3619 779 3717 817 ne-

2064 871 2226 911 cesse
2257 860 2363 910 est:
2395 853 2675 925 aequalem
2701 853 3049 925 dignitatem
3110 851 3546 907 attribuendam
3591 867 3721 907 esse

2065 944 2231 999 Filio.
2262 946 2480 999 Iterum
2513 942 2827 1014 Apostolus
2858 943 2929 996 ad
2963 942 3277 1012 Ephesios:
3306 963 3335 991 «
3381 944 3627 999 Veraces
3659 941 3717 994 in

2063 1033 2747 1094 dilectionecrescamus,
2775 1032 2831 1086 in
2866 1048 3001 1085 eum
3049 1047 3149 1102 per
3194 1030 3411 1093 omnia,
3474 1045 3543 1083 ex
3600 1045 3716 1099 quo

2061 1127 2249 1177 totum
2282 1138 2493 1193 corpus
2524 1126 2858 1192 coaptatum
2890 1120 2955 1186 ⁵³,
2992 1142 3019 1169 ››
3042 1124 3149 1175 etc.
3184 1119 3267 1172 Ad
3321 1118 3715 1185 Colossenses,

2062 1212 2159 1279 iis,
2189 1213 2285 1283 qui
2320 1230 2433 1267 non
2457 1212 2673 1266 habent
2702 1211 2969 1266 notitiam
3000 1210 3295 1281 Unigeniti
3326 1210 3548 1265 dictum
3592 1214 3714 1265 est:

2063 1325 2091 1352 «
2120 1303 2281 1369 Quod
2314 1302 2411 1373 qui
2445 1306 2619 1373 caput
2638 1306 2853 1367 tenet,»
2880 1302 2935 1355 id
2966 1305 3073 1366 est,
3102 1300 3460 1365 Christum,«
3491 1316 3561 1355 ex
3586 1304 3714 1371 {quo

2061 1396 2250 1446 totum
2282 1408 2494 1463 corpus
2527 1408 2627 1459 per
2657 1407 2840 1445 nexus
2886 1394 2944 1444 et
2998 1389 3439 1459 conjunctiones
3487 1390 3551 1455 5‘,
3604 1394 3713 1445 etc.

2064 1484 2129 1533 Et
2152 1495 2206 1533 ζα
2236 1479 2315 1533 De
2342 1478 2704 1551 plenitudine
2732 1478 2861 1548 ejus
2893 1494 3001 1532 nos
3028 1492 3233 1531 omnes
3264 1477 3665 1549 accepimus".
3684 1498 3715 1527 »

2064 1569 2212 1634 Quin
2233 1573 2290 1623 et
2322 1568 2446 1639 ipse
2482 1567 2763 1622 Dominus
2795 1566 2957 1621 ait:«
2986 1565 3269 1631 Quoniam
3302 1567 3373 1621 de
3406 1582 3533 1622 meo
3565 1566 3715 1623 acci-

2063 1658 2262 1729 piet,et
2292 1657 2664 1711 annuntiabit
2694 1656 2857 1711 vobis
2888 1657 2951 1708 ⁸⁸.
2984 1678 3012 1705 ››
3039 1656 3106 1709 Et
3134 1671 3362 1711 rursus:
3386 1678 3411 1704 ‹‹
3448 1654 3717 1709 Novivir-

2062 1751 2249 1801 tutem
2281 1746 2352 1800 de
2387 1761 2479 1799 me
2511 1745 2699 1801 exisse
2726 1746 2789 1800 ⁵⁷.
2816 1767 2844 1794 ››
2873 1747 2948 1800 De
2975 1742 3191 1814 Spiritu
3218 1759 3230 1797 :
3266 1766 3295 1793 «
3328 1744 3435 1808 Qui
3462 1743 3716 1798 seminat

983 1847 1193 1916 Ἔγνων
1254 1839 1480 1912 δύναμιν
1542 1837 1855 1909 ἐξελθοῦσαν
1903 1837 1952 1909 ἒξ

2068 1833 2122 1887 in
2155 1832 2397 1904 Spiritu,
2433 1837 2613 1888 metet
2642 1833 2701 1886 in
2727 1832 2944 1904 Spiritu
2977 1831 3154 1886 vitam
3186 1835 3458 1886 aeternam
3484 1832 3547 1885 ⁵⁸.
3582 1853 3609 1881 ››
3645 1832 3715 1885 Et

2074 1922 2319 1945 1------
2351 1921 2540 1945 :__--:L
2568 1939 2579 1945 -
2617 1941 2635 1945 _
2660 1923 2715 1945 l’_
2749 1922 2855 1945 1..Δ
2891 1921 3294 1945 --κ----ε-..-η
3354 1920 3503 1945 -.-ι-,1
3536 1919 3708 1945 ῖῒῚΑ..-

2064 1922 2321 1977 Joannes
2351 1921 2579 1993 inquit:
2615 1941 2635 1969 α
2660 1923 2720 1976 In
2749 1922 2857 1976 hoc
2888 1921 3318 1993 cognoscimus,
3351 1920 3507 1991 quod
3536 1919 3710 1990 iDeus

2061 2011 2119 2065 in
2152 2011 2319 2066 nobis
2349 2011 2447 2078 sit,
2473 2028 2542 2066 ex
2570 2010 2783 2082 Spiritu
2830 2012 2957 2082 ejus
2997 2026 3171 2081 quem
3204 2010 3363 2066 dedit
3394 2009 3561 2065 nobis
3591 2010 3654 2065 δ’.
3680 2031 3708 2058 ››

2062 2101 2129 2155 Ει
2160 2100 2403 2171 angelus
2434 2100 2551 2155 ait:
2587 2123 2612 2149 ‹‹
2639 2098 2798 2161 Quod
2836 2100 2988 2154 enim
3021 2103 3225 2154 natum
3259 2098 3316 2153 in
3350 2114 3417 2152 ea
3473 2102 3583 2162 est,
3644 2114 3715 2153 ex

2066 2189 2284 2260 Spiritu
2316 2194 2517 2243 sancto
2535 2193 2623 2244 est
2641 2190 2703 2241 °°.
2742 2211 2768 2238 »
2802 2189 2929 2260 Ipse
2958 2202 3192 2259 quoque
3254 2186 3533 2241 Dominus
3582 2187 3664 2241 ait
3696 2203 3711 2241 :

2071 2300 2095 2329 α
2122 2279 2283 2342 Quod
2317 2283 2519 2333 natum
2553 2281 2639 2332 est
2672 2294 2740 2332 ex
2770 2278 3001 2349 spiritu,
3037 2276 3285 2348 spiritus
3307 2279 3395 2330 est
3413 2276 3518 2330 5‘.»
3551 2275 3714 2339 Quod

2069 2368 2118 2424 si
2151 2367 2321 2436 illud,
2360 2390 2387 2418 «
2419 2384 2486 2423 ex
2520 2384 2654 2438 quo,
2688 2388 2716 2415 ››
2742 2366 3085 2438 imperantis
3116 2370 3228 2435 est,
3259 2364 3366 2419 hoc
3396 2369 3484 2420 est
3506 2364 3713 2434 Patris,

829 2454 899 2508 T6
951 2452 1339 2527 γεγεννημένον
1392 2451 1450 2507 ὲκ
1503 2456 1600 2506 τοῦ
1655 2452 1952 2525 πνεύματος

2070 2474 2207 2528 quo,
2240 2473 2457 2527 quaeso,
2489 2456 2635 2511 illud
2668 2456 2879 2511 refert:
2914 2478 2941 2505 ‹‹
2978 2456 3099 2512 Non
3151 2455 3339 2509 factus
3379 2460 3467 2508 est
3521 2453 3608 2509 vir
3651 2470 3718 2507 ex

320 2547 532 2615 πνεῦμά
590 2543 747 2597 ἐστιν.
784 2566 811 2592 ››
843 2542 907 2596 Εἰ
969 2540 1025 2596 δὲ
1079 2542 1162 2608 τὸ,
1207 2566 1233 2594 (ι
1268 2542 1317 2614 ἐξ
1380 2538 1463 2611 οὗ,
1508 2566 1534 2592 ››
1586 2541 1952 2604 έπιτάττοντός

2073 2545 2337 2614 muliere,
2400 2546 2498 2600 sed
2560 2544 2771 2599 mulier
2800 2560 2869 2598 ex
2898 2545 3019 2599 viro
3049 2544 3093 2578 ⁸³
3123 2543 3149 2597 ?
3179 2565 3207 2593 »
3246 2545 3322 2596 An
3346 2541 3569 2597 scilicet
3625 2541 3719 2596 hic

316 2633 450 2703 ἔστι,
496 2632 738 2685 τουτέστι
787 2635 884 2685 τοῦ
935 2632 1169 2705 ΙΙατρὸς,
1221 2634 1325 2685 ποῦ
1372 2651 1456 2692 τις
1505 2632 1655 2701 θήσει
1704 2632 1786 2700 τὸ,
1821 2656 1849 2683 ‹‹
1884 2631 1962 2689 Οὐ

2075 2641 2252 2691 Deum
2287 2634 2475 2690 virum
2508 2634 2983 2707 appellabimus?

311 2719 521 2797 γέγονεν
552 2719 688 2795 ἀνὴρ
722 2718 781 2774 ἐκ
809 2721 1082 2795 γυννικὸς,
1115 2717 1241 2774 ἀλλ’
1272 2721 1306 2789 ἡ
1342 2720 1477 2795 γυνὴ
1506 2719 1555 2790 ἐξ
1587 2718 1779 2797 ἀνδρός
1810 2739 1823 2791 ;
1855 2739 1869 2791 ;
1906 2748 1933 2772 ››
1965 2723 2109 2798 ’Δρα
2139 2725 2253 2797 (72)
2284 2723 2371 2777 τὸν
2408 2722 2575 2797 ἄνδρᾶ
2604 2722 2731 2776 Θεὸν
2766 2720 2990 2795 ἐροῦμεν
3027 2738 3041 2789 ;

311 2838 401 2910 23,
453 2836 573 2910 Ὀτι
624 2837 866 2910 ΙΙατρὸς,
934 2835 1026 2910 καὶ
1082 2836 1231 2906 Υἱοῦ,
1274 2836 1369 2910 καὶ
1426 2834 1582 2910 αγίου
1642 2836 1959 2910 Ιῐνεύματός

383 2906 494 2980 ἔστί
547 2928 667 2961 τινα
725 2906 1195 2980 κοινὰ-ὀνόματα,
1256 2906 1436 2980 ὠσπερ
1476 2906 1604 2980 εδ,
1657 2906 1817 2980 θεὸς,
1872 2910 1959 2975 τὸ,

384 2978 602 3064 Κύρως,
633 2981 845 3054 ⁹Ἀγιος,
910 2978 1158 3053 Ἀγαθὸς,
1211 2977 1450 3050 Πνεῦμα,
1511 2978 1600 3031 καὶ
1651 2977 1811 3033 ἄλλαν
1842 2980 1959 3033 τινὰ

377 3070 626 3105 τοιαυτα.

380 3191 494 3248 Ἐπὶ
525 3190 692 3246 ποσὸν
727 3189 818 3245 οὖν
860 3191 911 3245 ἓν
941 3190 1187 3265 περινοίᾳ
1230 3190 1491 3266 γενέσθαι,
1548 3192 1769 3263 Πνεῦμα
1818 3191 1958 3245 ὠνό-

312 3300 527 3353 μασται·
582 3279 681 3350 ὡς,
716 3304 745 3331 ‹‹
778 3280 999 3351 ΙΙνεῦμα
1029 3280 1055 3333 6
1088 3282 1234 3352 Θεὸς,
1278 3280 1366 3334 καὶ
1412 3278 1538 3334 τοὺς
1586 3278 1957 3355 προσκυνοῦν-

307 3389 402 3431 τας
435 3368 603 3441 αὐτῷ,
640 3367 691 3422 ἐν
723 3366 987 3441 πνεύματι
1033 3368 1120 3423 καὶ
1170 3368 1398 3440 ἀληθείᾳ
1442 3366 1522 3423 δεῖ
1558 3375 1890 3445 προσκυνεῖν.
1921 3392 1947 3423 ι

309 3458 410 3512 Καὶ
469 3456 633 3512 πάλιν
702 3454 826 3532 περί
879 3462 977 3512 τοῦ
1036 3458 1168 3511 Υίοῦ
1202 3476 1213 3488 ·
1276 3482 1303 3509 ι(
1361 3460 1584 3530 Πνεῦμα
1657 3460 1953 3534 προσώπου

308 3548 471 3619 ἡμῶν
523 3548 752 3620 Χριστὸς
804 3548 1023 3619 Κύριος.
1062 3572 1082 3598 ιι
1114 3548 1300 3622 ’Ἄγιος
1351 3548 1379 3600 6
1428 3549 1640 3623 Πατὴρ,
1672 3548 1761 3602 καὶ
1800 3549 1955 3623 ἅγιος

308 3637 337 3691 6
370 3636 517 3707 Υἱὸς,
570 3636 633 3691 τὸ
692 3634 750 3691 δὶ
802 3634 1025 3706 Πνεῦμα
1082 3636 1187 3711 οὐχ
1232 3635 1584 3711 ἀγιαζόμενόν
1638 3637 1797 3706 ἐστιν,
1828 3636 1953 3692 ἀλλ’

308 3724 549 3799 ἁγιάζον·
582 3724 798 3801 ἀγαθὸν,
846 3725 921 3787 ὡς
970 3725 1161 3801 ἀγαθὸς
1218 3725 1246 3779 6
1290 3726 1503 3799 Πατὴρ,
1553 3726 1642 3779 καὶ
1693 3727 1721 3780 6
1754 3724 1813 3781 έκ
1858 3730 1953 3781 τοῦ

308 3814 509 3889 ἀγαθοῦ
561 3814 761 3888 ἀγαθὸς
809 3811 1080 3888 γεννηθείς
1128 3812 1285 3875 Υἱόςο
1340 3812 1488 3877 εὐθὶς
1546 3816 1767 3887 Πνεῦμα
1814 3817 1949 3887 (73),

308 3900 381 3964 ὡς
415 3901 569 3966 εὐθὺς
600 3902 799 3977 Κύριος
831 3904 858 3956 6
888 3903 1016 3963 Θεὸς
1045 3905 1229 3975 ἡμῶν,
1260 3907 1340 3973 τῷ
1389 3901 1520 3956 εἶναι
1566 3903 1951 3975 αὐτοαλήθεια,

309 3988 626 4061 δικαιοσύνη
662 3989 750 4046 διὰ
776 3991 841 4047 τὸ
873 3990 1132 4067 ἄτρεπτον
1178 3998 1278 4061 τῆς
1327 3990 1530 4053 οὐσίας·
1568 3991 1950 4067 ΙΙαράκλητος,

310 4079 383 4141 ὡς
450 4081 767 4155 μονογενήςο
825 4080 961 4133 κατὰ
1014 4080 1106 4134 τό·
1168 4104 1195 4131 ‹‹
1253 4080 1392 4155 Ἐγὼ
1444 4078 1805 4154 παρακαλέσω
1858 4083 1951 4137 τὸν

310 4170 524 4245 Πατέρα
578 4189 704 4241 μου,
755 4168 843 4223 καὶ
894 4166 1065 4224 ἄλλον
1116 4167 1476 4243 ΙΙαράκλητον
1527 4166 1685 4224 δώσει
1739 4171 1886 4241 ὑμῖν.
1922 4195 1950 4221 ››

308 4256 465 4315 Οὕτω
521 4257 701 4311 κοινὸν
755 4258 817 4311 τὸ
870 4252 1046 4329 ὄνομα
1102 4258 1236 4331 πρὸς
1297 4260 1512 4332 Πατέρα
1566 4258 1653 4313 καὶ
1704 4259 1825 4312 Υἱὸν
1872 4263 1951 4330 τῷ

310 4345 605 4419 ΙΙνεύματι,
656 4345 715 4400 ἐκ
762 4352 864 4414 τῆς
906 4346 1042 4399 κατά
1092 4345 1248 4419 φύσιν
1294 4346 1577 4406 κοινωνίας
1619 4348 1707 4400 καὶ
1758 4346 1952 4401 οἰκειό-

2070 2840 2157 2894 23.
2194 2841 2402 2909 Patris,
2459 2839 2610 2904 Filii,
2669 2842 2719 2893 et
2774 2839 3019 2907 Spiritus
3077 2837 3265 2909 sancti
3303 2850 3418 2890 esse
3444 2834 3718 2909 iqua’dam

2140 2908 2459 2965 communia
2518 2911 2764 2975 nomina,
2820 2910 3007 2978 qualia
3056 2912 3184 2961 sunt
3243 2908 3377 2961 Deus
3436 2908 3717 2971 Dominus,

2141 2980 2398 3047 Sanctus,
2430 2984 2633 3047 Bonus,
2665 2980 2925 3051 Spiritus,
2944 2984 2997 3033 et
3024 2979 3140 3033 atia
3186 2979 3472 3034 nonnulla.

2136 3196 2434 3259 Quatenus
2476 3193 2654 3265 igitur
2682 3196 2771 3249 est
2817 3192 3168 3265 cogitatione
3216 3195 3274 3247 et
3328 3191 3717 3265 intelligentia

2064 3284 2362 3355 praeditus,
2386 3282 2633 3354 Spiritus
2655 3281 2895 3348 dicitur,
2930 3286 3050 3351 ut,«
3077 3280 3330 3353 Spiritus
3364 3286 3452 3337 est
3482 3285 3721 3349 Deus,et

2066 3372 2165 3444 qui
2197 3373 2441 3427 adorant
2460 3388 2617 3435 eum,
2650 3371 2708 3425 in
2740 3370 2948 3443 spiritu
2970 3374 3026 3426 et
3051 3369 3295 3425 veritate
3325 3376 3551 3442 oportet
3579 3374 3718 3427 ado-

2064 3478 2194 3517 rare
2218 3462 2281 3515 ⁶³.
2317 3484 2346 3511 ››
2378 3462 2631 3515 Rursum
2665 3460 2737 3515 de
2764 3459 2965 3513 Filiam
2993 3460 3250 3531 Spiritus
3281 3459 3445 3514 faciei
3504 3465 3717 3515 nostrae

2062 3550 2329 3604 Christus
2366 3550 2643 3604 Dominus
2664 3549 2758 3603 ⁸⁸.»
2789 3548 3035 3603 Sanctus
3072 3548 3321 3614 Pater,et
3351 3552 3590 3604 sanctus
3630 3549 3720 3603 Fi-

2062 3637 2458 3709 lius,Spiritus
2488 3654 2620 3693 vero
2653 3654 2767 3693 non
2801 3636 3204 3693 sanctificatus
3236 3639 3457 3704 est,sed
3490 3637 3715 3694 sancti—

2062 3727 2281 3783 ﬁcans:
2316 3726 2569 3797 itemque
2598 3727 2810 3794 bonus,
2843 3731 2907 3780 ut
2935 3726 3125 3781 bonus
3155 3725 3344 3793 Pater,
3376 3731 3430 3780 et
3452 3742 3520 3780 ex
3566 3728 3715 3781 bono

2061 3817 2293 3887 genitus
2328 3816 2514 3871 bonus
2549 3816 2746 3869 Filius:
2781 3819 2972 3869 rectus
3004 3813 3355 3884 Spiritus,ut
3384 3818 3578 3868 rectus
3602 3814 3712 3868 Do-

2061 3906 2259 3960 minus
2291 3904 2442 3959 Deus
2476 3908 2690 3971 noster,
2724 3919 2789 3957 eo
2821 3902 2977 3973 quod
3026 3902 3104 3955 sit
3130 3902 3254 3972 ipse
3287 3902 3711 3972 veritas,justi-

2062 3993 2243 4062 tia,ob
2275 3991 2817 4048 immutabilitatem
2852 3989 3233 4060 substantiae}
3268 3989 3620 4061 Paracletus,
3648 3994 3714 4046 ut

2062 4082 2593 4154 unigenitusJuxta
2614 4079 2817 4134 illudzu
2843 4079 2960 4149 Ego
2991 4080 3206 4151 rogabo
3229 4080 3457 4134 Patrem
3493 4095 3714 4148 meum,

2060 4176 2118 4227 et
2149 4172 2327 4226 alium
2358 4169 2714 4225 Paracletum
2745 4169 2907 4223 dabit
2936 4168 3097 4223 vobis
3117 4169 3183 4221 ⁸³.
3214 4170 3295 4223 lta
3322 4184 3634 4224 commune
3658 4169 3716 4224 id

2061 4276 2273 4314 nomen
2309 4258 2551 4331 Spiritui
2586 4274 2721 4313 cum
2748 4259 2911 4312 Patre
2943 4262 2999 4311 et
3029 4256 3268 4324 Filio,ex
3299 4257 3715 4314 communione

2063 4352 2283 4403 naturae
2314 4351 2370 4402 et
2424 4346 2775 4419 proprietate
2828 4350 3164 4417 coaptatum
3205 4348 3311 4399 est.
3348 4345 3492 4400 Nam
3538 4345 3712 4414 unde,

303 4455 468 4505 τητος
496 4437 532 4503 ἠ
564 4433 904 4510 προσηγορία
949 4434 1154 4487 τούτων
1209 4433 1436 4501 ἥνωται.
1492 4433 1662 4497 Πόθεν
1710 4436 1811 4509 γὰρ
1860 4432 1952 4490 ἄλ-

2068 4453 2279 4508 quaeso,
2314 4436 2569 4506 aliunde,
2606 4436 2775 4491 modo
2807 4433 3171 4507 principalis,
3221 4435 3395 4489 modo
3452 4434 3707 4505 Spiritus

306 4521 482 4591 λοθεν,
536 4522 699 4577 πάλιν
758 4521 1111 4598 ἡγεμονικὸν,
1169 4520 1332 4576 πάλιν
1394 4524 1614 4595 Πνεῦμα
1668 4521 1947 4595 ἀληθείας,

304 4608 470 4665 πάλιν
497 4608 721 4683 Πνεῦμα
752 4608 941 4686 σοφίας
974 4608 1281 4682 ὠνόμασται
1318 4630 1331 4679 ;

2061 4526 2343 4595 veritatis,
2376 4524 2522 4581 alias
2551 4524 2806 4597 Spiritus
2838 4523 3140 4594 sapientiai
3182 4522 3521 4577 nominatus
3577 4526 3667 4577 est
3688 4523 3715 4577 ?

302 4719 393 4774 24.
443 4718 562 4772 Ὅτι
605 4715 702 4772 ὅσα
751 4717 779 4772 6
810 4716 1257 4795 Xpta't6_c__1rowi,
1305 4718 1393 4773 καὶ
1441 4719 1503 4773 τὸ
1534 4719 1684 4795 ἅγιον
1728 4722 1948 4795 Πνεῦμα

2068 4724 2159 4780 12
2190 4726 2278 4778 24.
2313 4723 2511 4779 Omnia
2537 4722 2815 4790 Spiritum
2842 4722 3040 4792 facere,
3065 4736 3181 4791 quae
3239 4720 3484 4775 Christus
3544 4721 3707 4791 facit.

990 4791 1083 4846 ’74)
1112 4794 1277 4846 ποιεῖ.

860 4791 865 4793 ⁷
990 4791 1025 4843 7
1112 4794 1277 4846 ποιεῖ.
1580 4791 1590 4795 ’
1877 4791 1885 4795 ’

377 4879 747 4954 Ἐνεργήματα
794 4791 1112 4951 δυνάμὲαῇ,
1157 4877 1472 4953 χαρίσματα
1522 4878 1790 4952 ἰαμάτων.
1851 4882 1949 4935 Διὰ

299 4970 397 5022 τοῦ
450 4968 759 5040 ΙῙνεύματος
808 4967 962 5043 ἁγίου
1011 4966 1268 5041 δαίμονες
1314 4967 1716 5038 ἀπηλαύνοντο·
1767 4970 1819 5024 έν
1864 4975 1944 5043 τῷ

2130 4884 2508 4957 Operationes
2555 4882 2861 4946 virtutum,
2913 4880 3132 4952 gratias
3192 4880 3536 4937 sanitatum.
3602 4881 3717 4935 Per-

2063 4973 2344 5045 Spiritum
2378 4976 2648 5027 sanctum
2676 4971 2973 5025 daemones
2994 4969 3434 5041 expellebantur
3460 4989 3472 5039 ;
3501 4971 3559 5025 in
3580 4972 3709 5042 Spi-

374 5112 421 5147 ⁸³
452 5112 618 5170 Rom.
648 5112 824 5184 x136.
880 5112 925 5147 ⁸³
962 5112 1169 5183 Ephes.
1228 5129 1301 5180 IV,
1337 5115 1422 5167 15.
1458 5115 1546 5179 16,
1623 5115 1667 5149 ⁶⁴
1726 5114 1948 5171 Coloss.

2068 5159 2072 5179 ,
2136 5117 2221 5170 19.
2267 5116 2311 5150 ⁸⁵
2359 5116 2605 5184 Joan.1,
2669 5114 2755 5179 16,
2814 5113 2859 5147 ⁸⁸
2914 5112 3085 5167 Joan.
3144 5129 3256 5180 xw,
3316 5114 3402 5168 14.
3458 5115 3503 5148 ⁸⁷
3570 5115 3708 5171 Luc.

305 5200 430 5250 vm,
483 5182 941 5256 116.77“_Genes.
972 5182 1045 5248 vi,
1102 5186 1137 5256 8
1198 5185 1293 5239 “I
1351 5185 1519 5239 Joan.
1572 5202 1646 5255 ιν,
1704 5187 1791 5241 43.
1868 5188 1914 5223 ⁶⁰
1972 5182 2186 5244 Matth.
2220 5204 2260 5256 ι,
2292 5189 2363 5240 20
2416 5187 2457 5221 ⁶¹
2518 5182 2684 5240 Joan.
2747 5201 2831 5254 ιιι,
2863 5186 2916 5239 6.
2979 5184 3230 5240 “lCor.
3292 5201 3352 5255 ιι,
3385 5188 3439 5256 8,
3490 5186 3709 5243 “Joan.

302 5273 360 5324 ν,
417 5256 508 5310 24.
589 5255 636 5289 ⁸⁵
679 5254 891 5309 Thren.
961 5270 1038 5320 IV,
1060 5255 1150 5310 20.
1229 5257 1293 5311 ⁸⁵.
1352 5257 1521 5311 Joan.
1554 5254 1669 5324 x1v,
1706 5259 1789 5311 16.

397 5400 489 5467 70)
520 5393 1122 5469 Λᾩεὶίοᾶηυβζπρέπει
1156 5394 1368 5453 δώσειν.

398 5466 490 5541 71)
520 5468 589 5522 Τό
617 5466 783 5525 deest
803 5468 860 5522 in
896 5466 1065 5541 Basil.
1098 5473 1156 5541 et
1186 5469 1411 5541 Anglia.

398 5472 463 5525 71
520 5472 589 5522 Τό
621 5472 783 5525 deest
803 5472 860 5522 in
897 5472 1065 5521 Basil.
1098 5473 1156 5521 et
1186 5474 1223 5520 Α

396 5472 490 5610 72)
520 5541 694 5597 Basil.
729 5544 785 5595 et
814 5536 1067 5610 Anglia,
1102 5534 1223 5610 ἄρα.

379 5609 491 5686 (73)
525 5609 1029 5686 IIﬁBygdGSSDiD
1092 5609 1382 5686 Vaticano,
1443 5612 1771 5686 Basiliensi,
1831 5619 1955 5686 An-

310 5680 534 5757 gli‘cano
559 5702 573 5755 ;
604 5680 823 5741 in‘aliis
852 5682 1088 5755 legitur,
1122 5685 1179 5737 et
1204 5680 1304 5737 ubi
1334 5700 1450 5739 non
1479 5683 1728 5741 habetur
1756 5685 1955 5741 subin-

2062 5399 2445 5467 teiligendum
2514 5402 2625 5453 est.
2661 5398 2809 5465 Mox,
2859 5397 3018 5467 ἡμῶν
3055 5398 3219 5453 abest
3276 5416 3307 5452 a
3336 5398 3616 5455 Vaticano
3656 5403 3713 5455 et

2065 5416 2183 5455 tem
2230 5416 2445 5455 enaum
2514 5416 2625 5453 est.
2662 5416 2809 5465 mox,
2859 5416 3018 5467 ημων
3055 5416 3219 5453 anesr
3276 5416 3307 5452 ει
3346 5416 3616 5455 varicano
3656 5416 3710 5455 et

2065 5416 2287 5542 Angﬁc.
2326 5471 2745 5542 Ibidem,»cnm
2800 5468 3103 5542 Basiliensi
3134 5469 3405 5542 legimus,
3438 5468 3710 5540 αὐτοαλή-

2063 5538 2220 5597 θειοῖ..
2258 5543 2503 5612 Reliqui,
2537 5540 2665 5593 αὐτὸ
2698 5538 2945 5609 ἀλήθεια,
2982 5538 3475 5599 divisis‘vocibus.

2132 5614 2246 5686 (74)
2279 5615 2500 5684 Πνεῦμα
2529 5614 2692 5669 deest
2722 5612 2777 5668 in
2812 5612 3145 5684 Anglicano.
