4100 6224
402 361 481 421 55
1578 360 1645 422 S.
1690 358 2221 420 ATHANASIUS.
2266 391 2344 402 —
2386 357 2653 420 DURIA.

3737 361 3827 421 56

396 490 514 547 ritu
542 490 643 546 Dei
688 488 960 546 diabolus
991 490 1518 562 comprimebatur:
1555 493 1623 546 ad
1684 491 2052 563 praesentiam

2178 488 2440 561 Πνεύματι
2464 493 2560 543 τοῦ
2611 494 2744 545 Θεοῦ
2804 485 3065 553 διάϐολος
3120 492 3452 567 κατήργητω
3496 492 3824 565 συμπαρόν-

396 580 677 651 Spiritus,
703 584 1080 649 peccatorum
1113 580 1434 653 redemptio
1467 581 1523 635 in
1557 582 1747 653 gratia
1776 581 2052 652 Spiritus:

397 692 425 719 α
461 667 658 724 Abluti
705 669 860 723 enim
892 669 1055 735 estis,
1089 675 1145 723 et
1176 670 1521 726 sanctiticati
1555 672 1699 726 estis
1727 671 1787 725 in
1820 671 2056 726 nomine

399 757 631 814 Domini
664 757 846 812 nostri
876 758 1015 813 Jesu
1038 759 1277 828 Christi,
1311 766 1367 813 et
1400 761 1454 813 in
1489 760 1711 832 Spiritu
1746 761 2054 815 sancto°°.n

401 847 483 902 Ex
516 845 763 902 mortuis
822 851 1192 916 resurrectio,
1240 848 1418 919 idque
1452 864 1551 919 per
1580 848 1901 904 orationem
1935 848 2057 918 Spi-

407 936 556 991 ritus
588 952 601 989 :
632 958 651 982 α
686 936 927 990 Emittes
957 936 1112 991 enim
1146 936 1431 1007 Spiritum
1476 942 1668 1007 tuum,
1691 943 1747 992 et
1773 938 2055 992 creabun-

403 1029 520 1089 tur,
552 1032 605 1079 et
636 1026 943 1079 renovabis
976 1026 1179 1079 faciem
1212 1029 1380 1080 terra:
1410 1026 1475 1080 ⁸⁷.
1513 1048 1541 1075 ››
1576 1026 1804 1081 Rursus
1837 1026 1917 1080 ait
1939 1025 2058 1080 :«Si

401 1117 596 1168 autem
626 1112 895 1184 Spiritus,
932 1113 1030 1184 qui
1063 1114 1331 1169 excitavit
1356 1115 1558 1169 Jesum
1592 1131 1623 1169 a
1657 1115 1904 1169 mortuis
1938 1115 2001 1149 ⁸⁸·
2033 1137 2054 1163 ι

400 1202 563 1267 Quod
595 1201 645 1257 si
676 1203 810 1273 quis
842 1202 991 1257 hanc
1016 1204 1371 1258 creationem
1403 1204 1649 1275 accipiat
1679 1204 1749 1259 de
1802 1213 2059 1259 mortuo-

402 1308 535 1347 rum
566 1291 973 1355 viviticatione,
1008 1292 1131 1363 qui,
1163 1309 1382 1363 quaeso,
1423 1310 1535 1348 non
1565 1294 1772 1365 ingens
1803 1293 2062 1349 efﬁcacia

402 1379 678 1452 Spiritus,
711 1380 1109 1451 dispensantis
1139 1382 1307 1436 nobis
1325 1381 1505 1437 vitam
1562 1381 1723 1437 illam
1797 1398 2060 1437 resurre-

406 1469 638 1539 ctionis,
671 1474 727 1523 et
756 1469 826 1523 ad
863 1468 1228 1540 spiritualem
1262 1469 1422 1525 illam
1455 1470 1631 1525 vitam
1677 1470 1907 1526 animas
1957 1486 2059 1526 no-

405 1565 560 1615 stras
582 1558 921 1613 adamantis
940 1558 968 1612 ?
989 1560 1151 1623 Quod
1202 1559 1251 1614 si
1282 1558 1381 1613 illa
1410 1559 1624 1615 creatio
1676 1558 2056 1629 intelligatur,

409 1665 535 1720 quae
567 1648 627 1702 in
661 1647 781 1702 haec
841 1649 959 1702 vita
1014 1652 1104 1703 est
1134 1663 1200 1702 ex
1224 1646 1474 1719 peccatis
1501 1647 1937 1703 transformatio
1996 1647 2054 1701 in

412 1737 661 1793 melius:
696 1737 857 1807 (nam
886 1736 965 1791 ita
998 1736 1178 1809 accipi
1213 1741 1406 1809 potest
1437 1737 1760 1792 secundum
1809 1753 2062 1792 consue-

413 1828 677 1885 tudinem
708 1828 1176 1900 Scriptursa,cum
1212 1827 1426 1884 Paulus
1456 1828 1534 1882 ita
1564 1828 1721 1883 dicat
1753 1844 1766 1882 :
1804 1850 1831 1877 ‹‹
1864 1827 1922 1882 Si
1944 1844 2061 1899 qua
2095 1865 2139 1930 Β

410 1917 472 1972 in
502 1918 730 1972 Christo
764 1934 913 1973 nova
941 1922 1207 1973 creatura
1225 1918 1289 1985 ⁶⁹;
1320 1940 1349 1967 ››
1381 1922 1439 1971 et
1468 1917 1582 1972 ista
1610 1916 2061 1988 innovatio,qua

413 2024 445 2062 a
492 2006 751 2062 terrestri
806 2010 863 2061 et
894 2006 1271 2077 passionibus
1296 2006 1548 2061 obnoxia
1593 2006 1733 2071 vita,
1787 2006 1856 2060 ad
1892 2005 2059 2060 caele-

410 2100 557 2152 stem
589 2095 816 2149 vivendi
850 2095 1133 2150 rationem
1167 2111 1271 2150 nos
1304 2095 1580 2150 transfert
1610 2110 1713 2167 per
1752 2093 2058 2165 Spiritum,

410 2198 589 2256 supra
622 2184 884 2249 modum,
910 2183 1370 2255 mirabiliterque
1403 2185 1634 2238 animas
1667 2186 1897 2238 nostras
1928 2183 2057 2238 afﬁ-

406 2274 523 2341 cit;
556 2274 573 2344 )
607 2290 680 2328 an
710 2272 888 2328 isthic
938 2272 1300 2339 timebimus,
1361 2289 1432 2328 ne
1487 2272 1685 2327 nimiis
1736 2272 2059 2328 honoribus

406 2361 654 2435 gloriam
687 2360 944 2432 Spiritus
970 2362 1320 2417 excedamus
1346 2361 1373 2416 ?
1404 2379 1476 2416 an
1511 2361 1703 2431 potius
1733 2366 1961 2430 contra,
1989 2377 2060 2415 ne

406 2450 586 2506 nimis
616 2449 921 2504 humiliter
950 2449 1022 2504 de
1070 2466 1135 2504 eo
1168 2449 1527 2505 sentiamus?
1549 2448 1699 2504 Dicit
1729 2448 1882 2502 enim
1906 2450 2058 2503 Ana-

406 2540 514 2595 niae
546 2543 753 2594 Petrus
785 2537 1084 2609 apostolus
1110 2556 1121 2594 :
1150 2561 1176 2587 ‹‹
1211 2540 1324 2593 Cur
1352 2542 1596 2593 Satanas
1644 2536 1907 2609 implevit
1963 2554 2062 2591 cor

406 2632 672 2693 tuum,ut
703 2627 1035 2683 mentireris
1064 2627 1301 2696 Spiritui
1326 2627 1574 2682 sancto?
1604 2643 1719 2682 non
1778 2626 2060 2681 mentitus

409 2732 471 2772 es
503 2715 863 2781 hominibus,
892 2716 990 2771 sed
1023 2715 1138 2770 Deo
1160 2716 1223 2785 το,
1250 2737 1278 2765 ‹‹

2163 600 2258 640 τος
2312 583 2408 632 τοῦ
2463 579 2812 651 Πνεύματος,
2868 582 3146 655 ἁμαρτιῶν
3207 579 3587 656 ἀπολύτρωσις
3645 581 3696 636 ἐν
3742 586 3820 655 τῇ

2170 670 2325 742 χάριι
2380 673 2475 722 τοῦ
2556 668 2890 741 Πνεύματος·
2952 691 2980 719 ι(
3038 666 3438 725 Ἀπελούσασθε
3506 670 3606 746 γάρ
3638 715 3654 741 ,
3715 670 3810 725 καὶ

2165 757 2462 831 ἡγιάσθητε
2520 757 2571 811 ἐν
2628 762 2707 829 τῷ
2766 757 2993 829 ὀνόματι
3022 762 3119 811 τοῦ
3151 757 3347 833 Κυρίου
3377 762 3537 832 ἡμῶν
3567 762 3681 833 (75)
3711 761 3826 831 Ἰη-

2168 851 2262 900 σοῦ
2313 844 2566 921 Χριστοῦ,
2616 847 2703 901 καὶ
2755 846 2807 901 ἐν
2850 852 2929 919 τῷ
2980 846 3245 919 Πνεῦματι
3294 852 3373 919 τῷ
3411 847 3569 922 ἀγίῳ.
3608 874 3627 902 ι
3664 850 3728 903 Ἠ
3761 847 3829 903 ἐκ

2167 937 2369 1008 νεκρῶν
2453 933 2802 997 ἐπανάστασις
2858 939 2926 1008 τῇ
2986 934 3223 1011 ἐνεργείᾳ
3274 940 3372 990 τοῦ
3454 937 3769 1008 Πνεύματος
3807 956 3823 969 ·

2172 1047 2197 1073 (ι
2232 1021 2638 1092 Ἐξαποστελεῖς
2686 1025 2787 1100 γὰρ
2835 1025 2896 1078 τὸ
2950 1025 3170 1097 Πνεῦμά
3216 1044 3333 1093 σου,
3366 1025 3454 1079 καὶ
3495 1028 3823 1096 κτισθήσον-

2167 1130 2275 1166 ταν
2328 1112 2415 1166 καὶ
2470 1113 2795 1174 ἀνακαινιεῖς
2849 1112 2913 1167 τὸ
2963 1112 3255 1184 πρόσωπον
3314 1120 3411 1182 τῆς
3468 1120 3593 1188 γῆς.
3645 1136 3673 1165 ι»
3714 1114 3822 1171 Καὶ

2174 1198 2529 1276 πάλινιλέγιιι⁸
2568 1225 2595 1253 (ι
2627 1201 2689 1255 El
2739 1198 2796 1255 δὲ
2840 1202 2903 1256 τὸ
2956 1206 3194 1273 Πνεῦμα,
3235 1201 3299 1255 τὸ
3349 1201 3554 1277 ἐγεῖραν
3608 1204 3819 1273 Ἰησοῦν

2171 1287 2229 1343 ἐκ
2257 1294 2483 1366 νεκρῶν.
2518 1313 2545 1340 n
2580 1287 2655 1343 Ei’
2700 1311 2781 1353 τις
2844 1289 2933 1344 οῦν
2974 1292 3072 1359 τήν
3134 1288 3306 1345 κτίσιν
3352 1286 3678 1362 ἐκλαμϐάνει
3728 1290 3821 1345 ἐπὶ

2170 1384 2268 1447 τῆς
2304 1382 2411 1432 τῶν
2472 1375 2835 1442 διαλυθέντων
2887 1374 3255 1451 ἀναϐιώσεως,
3313 1384 3432 1442 πῶς
3482 1380 3542 1434 οὔ
3597 1380 3817 1455 μεγάλη

2172 1471 2270 1521 τοῦ
2312 1466 2619 1539 Πνεῦματος
2664 1470 2698 1536 ἡ
2750 1466 3007 1544 ἐνέργεια,
3060 1472 3155 1522 τοῦ
3213 1468 3631 1543 οἷκονομοῦντος
3678 1472 3816 1543 ἡμῖν

2167 1554 2257 1610 τὸν
2308 1555 2359 1626 ἐξ
2410 1556 2745 1618 ἀναστάσεως
2797 1558 2938 1632 βίον,
2988 1558 3076 1611 καὶ
3126 1559 3261 1633 πρὸς
3304 1558 3401 1626 τὴν
3448 1559 3821 1631 πνευματικὴν

2171 1643 2345 1714 ἐκείνη
2400 1645 2545 1714 ζωὴν
2607 1645 2703 1706 τὰς
2779 1647 2960 1721 ψυχάς
3018 1648 3176 1718 ἡμῶν
3234 1646 3817 1722 μεταρρυθμίζοντος;

2170 1731 2275 1787 εἴτε
2316 1733 2529 1809 λέγοιτο
2575 1734 2747 1795 κτίσις
2780 1737 2814 1803 ἡ
2849 1733 3073 1789 ἐνταῦθα
3119 1740 3225 1789 τῶν
3273 1734 3324 1805 ἐξ
3373 1737 3651 1812 ἁμαρτιῶν
3701 1734 3819 1791 δια-

2170 1822 2533 1877 πεπτωκότων
2588 1823 2674 1877 έπί
2722 1824 2782 1878 τὸ
2838 1822 3052 1898 βέλτιον
3102 1824 3528 1898 μετακόσμησις·
3578 1826 3819 1901 (λέγεται

2171 1911 2275 1986 γὰρ
2312 1909 2401 1964 καὶ
2449 1910 2591 1965 οὕτω
2622 1914 2756 1967 κατᾶ
2783 1913 2881 1981 τήν
2929 1915 3206 1983 συνήθειαν
3252 1921 3351 1983 τῆς
3402 1920 3643 1992 Γραφῆς,
3691 1914 3818 1971 ὅταν

2173 1998 2388 2060 Παῦλος
2447 1998 2595 2075 λέγῃ’
2637 2026 2656 2051 σι
2695 2000 2765 2055 Ei’
2802 2022 2885 2062 τις
2938 2000 2991 2056 έν
3048 2007 3263 2075 Χριστῷ
3314 2004 3473 2071 καινή
3532 2003 3728 2066 κτίσις.
3790 2030 3813 2059 ι

2170 2090 2259 2143 καὶ
2293 2090 2321 2144 6
2344 2088 2566 2143 ἐνταῦθα
2610 2089 3021 2158 ἀνακαινισμὸς,
3069 2090 3158 2146 καὶ
3208 2089 3313 2145 ἀπὸ
3342 2098 3444 2160 τῆς
3474 2090 3677 2165 γηίνης
3726 2092 3817 2147 καὶ

2170 2177 2448 2249 ἐμπαθοῦς
2481 2182 2625 2247 ζωῆς
2657 2177 2743 2233 ἐπὶ
2776 2180 2873 2247 τήν
2908 2179 3155 2255 οὐράνιον
3203 2178 3482 2235 πολιτείαν
3534 2176 3814 2255 μεταϐολὴ

2171 2261 2260 2320 διὰ
2303 2270 2401 2320 τοῦ
2439 2266 2749 2339 Πνεῦματος
2792 2269 2927 2339 ἡμῖν
2974 2268 3257 2342 γινομένη,
3309 2267 3396 2323 ἐπὶ
3444 2275 3614 2324 πᾶσαν
3650 2270 3815 2346 ὑπερ-

2170 2348 2343 2422 ϐολὴν
2367 2356 2685 2426 θαυμαστῶς
2731 2357 2825 2417 τὰς
2862 2359 3041 2431 ψυχὰς
3090 2359 3250 2429 ἡμῶν
3289 2358 3449 2433 ἄγεν)
3481 2356 3567 2413 ἰπὶ
3598 2359 3814 2421 τούτοις

2168 2443 2394 2518 πότερον
2457 2449 2810 2521 φουηθώμεν,
2861 2446 2935 2517 μή
2988 2446 3088 2514 τήν
3148 2446 3295 2521 ἁγίαν
3349 2443 3501 2517 δόξαν
3574 2448 3816 2523 ὑπερθώ-

2172 2544 2307 2605 μεθα
2332 2537 2429 2587 τοῦ
2462 2533 2773 2605 Πνεύματος
2822 2539 2940 2595 ταῖς
2993 2530 3321 2610 ὑπερϐολαῖς
3368 2539 3475 2589 τῶν
3519 2540 3695 2609 τιμῶν
3732 2557 3746 2607 ;
3777 2538 3812 2606 ἢ

2167 2622 2229 2675 τὸ
2262 2620 2520 2693 ἐναντίον,
2558 2623 2634 2694 μὴ
2682 2622 2759 2683 είς
2806 2623 3056 2676 ταπεινὸν
3106 2623 3495 2699 καταγάγωμεν
3545 2626 3644 2693 τὴν
3695 2624 3819 2699 περὶ

2171 2708 2333 2764 αὐτοῦ
2384 2706 2589 2764 ἔννοιαν
2625 2730 2638 2779 ;
2674 2711 2831 2784 Λέγει
2880 2710 2980 2786 γὰρ
3038 2716 3118 2783 τῷ
3178 2711 3395 2783 Ἀνανίᾳ
3446 2714 3473 2767 6
3514 2711 3821 2776 ἀπόστολος

413 2802 640 2878 Πέτρος·
678 2826 704 2852 ‹‹
751 2803 848 2856 Διά
896 2801 946 2856 τί
996 2800 1313 2877 ἐπλήρωσεν
1353 2803 1381 2856 6
1432 2807 1667 2863 Σατανᾶς
1713 2802 1813 2871 τὴν
1854 2798 2077 2877 καρδίαν
2133 2820 2250 2868 σου,
2301 2797 2591 2871 ψεύσασθαί
2638 2820 2695 2854 σε
2741 2798 2803 2853 τὸ
2855 2801 3075 2873 Πνεῦμα
3123 2800 3185 2854 τὸ
3233 2801 3383 2875 ἅγιον
3420 2828 3435 2869 ;
3466 2800 3567 2855 οὐκ
3612 2800 3819 2875 ἐψεύσω

414 2891 742 2967 ἀνθρώποις,
772 2889 919 2947 ἀλλὰ
946 2895 1025 2963 τῷ
1055 2895 1188 2963 Θεῷ.
1224 2914 1253 2942 ››

480 3010 571 3065 25.
630 3013 882 3074 Patrem,
920 3013 970 3064 et
1052 3010 1280 3073 Filium,
1341 3012 1392 3064 et
1446 3010 1717 3080 Spiritum
1744 3017 1997 3064 sanctum

938 3080 1128 3135 ducem
1152 3083 1327 3149 fuisse
1355 3081 1542 3135 Israel.

492 3187 780 3258 Propheta
808 3186 990 3258 igitur
1015 3186 1301 3243 Jeremias
1332 3186 1413 3241 ita
1465 3186 1535 3241 de
1569 3188 1736 3242 Patre
1777 3186 2059 3259 loquitur.
2092 3226 2136 3292 Β

422 3297 445 3327 ι
482 3276 612 3347 Ipse
644 3276 761 3331 dux
793 3276 902 3330 fuit
930 3274 1127 3330 lsraeli
1161 3274 1215 3329 in
1251 3275 1477 3331 deserto
1499 3277 1564 3331 τί.
1601 3298 1628 3325 ››
1652 3276 1751 3331 Et:
1793 3299 1812 3324 ιι
1844 3275 1927 3333 Ne
1980 3275 2063 3328 di-

414 3364 637 3432 xeritis,
676 3387 701 3411 η
733 3363 941 3435 inquit,
974 3386 1002 3413 «
1038 3364 1136 3418 ubi
1168 3368 1257 3419 est
1288 3364 1461 3430 Deus,
1495 3364 1595 3436 qui
1628 3365 1831 3419 eduxit
1862 3380 1971 3418 nos
2000 3379 2069 3418 ex

414 3456 682 3526 JEgypto,
714 3453 814 3524 qui
845 3453 962 3507 dux
983 3451 1152 3507 nobis
1176 3453 1285 3507 fuit
1309 3453 1365 3507 in
1403 3453 1632 3508 deserto
1654 3453 1703 3487 ⁷³
1734 3452 1761 3507 ‘P
1808 3472 1835 3503 ιι
1870 3456 1928 3507 et
1958 3451 2073 3506 Da-

414 3543 506 3597 vid
540 3541 765 3614 inquit:
804 3565 832 3591 «
868 3541 1264 3612 Deduxisti,ut
1292 3542 1739 3614 oves,populum
1774 3541 2013 3597 tuum”.
2042 3564 2069 3589 υ

421 3632 605 3688 Isaias
635 3636 829 3687 autem
864 3630 1009 3685 dixit
1049 3631 1328 3703 Spiritum
1362 3631 1937 3694 sanctumllsraelem
1965 3632 2070 3684 du-

418 3720 577 3775 xisse
604 3720 662 3774 in
691 3719 1023 3775 solitudine.
1058 3719 1169 3774 Sed
1204 3718 1401 3774 licebit
1428 3719 1622 3790 ipsum
1648 3719 1849 3773 audire
1871 3719 2075 3774 dicen-

419 3814 536 3865 tem
562 3826 576 3863 :
611 3832 639 3859 «
673 3809 848 3864 Duxit
878 3825 977 3864 eos
1007 3823 1111 3880 per
1138 3808 1439 3881 abyssum,
1468 3808 1635 3879 quasi
1654 3824 1869 3880 equum
1894 3808 1953 3862 in
1977 3823 2076 3862 so-

421 3897 778 3966 litudine,:et
807 3916 924 3953 non
957 3902 1096 3953 sunt
1124 3897 1434 3969 fatigati,et
1463 3902 1527 3952 ut
1557 3913 1766 3969 pecora
1797 3912 1901 3969 per
1921 3912 2074 3950 cam-

422 4003 584 4057 pum,
619 3988 921 4043 descendit
948 3986 1531 4058 SpiritusaDomino,
1565 3990 1622 4041 et
1652 3985 1817 4040 duxit
1842 4001 1942 4041 eos
1968 3985 2064 4038 τε.»

422 4078 503 4129 Ad
535 4075 868 4130 Corinthios
900 4081 1116 4140 autem,
1148 4077 1230 4130 ait
1260 4074 1478 4130 Paulus
1530 4074 1829 4131 Christum
1890 4074 2070 4130 fuisse

426 4165 673 4219 ducem:
714 4186 734 4212 ι
771 4164 1073 4229 Bibebant,
1110 4186 1130 4211 ι
1168 4163 1378 4233 inquit,
1404 4186 1433 4212 «
1456 4180 1525 4217 ex
1553 4161 2067 4235 spiritualiconse-

426 4256 641 4324 quente
692 4268 790 4307 eos
834 4255 996 4323 petra
1028 4256 1209 4322 petra,
1270 4256 1466 4306 autem
1499 4256 1622 4307 erat
1646 4252 1910 4309 Christus
1940 4253 2004 4307 τι.
2040 4275 2069 4303 ››

424 4341 587 4407 Quod
619 4341 669 4395 si
697 4340 824 4412 quis
855 4340 1090 4406 dixerit,
1121 4340 1402 4411 Spiritum
1425 4340 1784 4397 intercedere
1829 4358 1930 4414 pro
1970 4358 2068 4397 no-

426 4431 538 4496 bis,
571 4446 637 4485 ac
668 4430 928 4501 proinde,
962 4434 1181 4499 quanto
1213 4431 1461 4501 supplex
1489 4428 1727 4485 inferior
1785 4436 1875 4486 est
1916 4431 2071 4485 dato-

425 4535 506 4587 re,
539 4521 700 4573 tanto
731 4534 965 4589 quoque
1030 4516 1363 4572 inferiorem
1394 4517 1835 4590 esseISpiritum
1862 4536 1875 4586 ;
1936 4518 2073 4573 huic

2175 3015 2267 3070 25.
2315 3013 2437 3069 ’Ότι
2484 3013 2512 3066 6
2570 3014 2917 3089 Πατὴρ.-καὶ
2968 3014 2995 3067 6
3046 3013 3190 3089 Υξὸς,
3240 3012 3441 3089 καὶγλτὸ
3494 3018 3715 3089 Πνεῦμα
3760 3017 3822 3071 τὸ

2584 3080 2737 3157 ἅγιον
2771 3080 3031 3158 ὡδήγησε
3053 3083 3146 3139 τὸν
3174 3080 3425 3158 Ἰσραήλ.

2247 3190 2309 3247 Ὀ
2363 3190 2457 3263 μὶν
2501 3188 2595 3244 οὖν
2646 3192 2760 3265 (76)
2808 3192 3100 3268 προφήτης
3144 3191 3407 3267 Ἱερεμίας
3459 3191 3603 3269 λέγει
3651 3192 3822 3255 οὕτως

2186 3289 2309 3361 περὶ
2358 3287 2590 3364 Πατρός’
2639 3288 2722 3343 ὅτι
2761 3314 2788 3340 ‹‹
2841 3289 3017 3351 Αὐτὸς
3061 3287 3321 3365 ὡδήγησε
3354 3272 3457 3345 κτὸν
3511 3289 3725 3366 Ἰσραὴλ
3774 3290 3823 3345 έν

2181 3378 2250 3449 τῇ
2310 3375 2524 3452 ἐρήμῳ.
2557 3397 2583 3428 ι
2623 3376 2739 3430 Καί·
2795 3400 2823 3430 ››
2881 3376 2991 3432 Οὐκ
3046 3376 3252 3447 εἶ’πατε,
3311 3379 3466 3456 φησὶ,
3521 3383 3634 3434 Ποῦ
3691 3376 3825 3435 ἔστιν

2184 3475 2212 3529 6
2244 3475 2396 3546 Θεὸς,
2432 3473 2459 3528 6
2509 3473 2789 3549 ἀναγαγὼν
2836 3477 2986 3549 ἡμᾶς
3037 3474 3089 3530 ἐν
3138 3482 3241 3551 γῆς
3275 3476 3571 3552 Αἰγύπτου,
3614 3477 3642 3532 ὁ
3670 3489 3827 3541 καθο-

2184 3560 2433 3637 δηγησας
2482 3564 2631 3635 ἡμᾶς
2682 3562 2732 3618 ἂν
2775 3567 2843 3636 τῇ
2892 3563 3088 3639 ἐρήμῳ
3123 3583 3136 3632 ;
3172 3589 3200 3615 »
3229 3565 3317 3619 καὶ
3370 3566 3399 3620 6
3430 3560 3594 3620 Δαϐὶδ
3643 3584 3821 3643 φησιν⁸

2184 3657 2575 3735 «Ὡδήγησας,
2632 3660 2708 3722 ὡς
2764 3656 3032 3737 πρόϐατα,
3088 3660 3180 3716 τὸν
3241 3660 3371 3717 λαόν
3426 3684 3539 3719 σου.
3593 3688 3622 3715 ››
3678 3665 3733 3717 '0
3772 3661 3827 3718 δὲ

2180 3750 2400 3811 Ἦσαῒας
2462 3751 2525 3804 τὸ
2577 3753 2794 3823 Πνεῦμα
2838 3752 2901 3805 τὸ
2950 3751 3098 3827 ἅγιον
3157 3749 3299 3806 εἶπεν
3349 3749 3690 3828 ὼδηγηκέναι
3738 3754 3823 3808 τὸν

2183 3846 2403 3923 Ἰσραὴλ
2457 3847 2507 3901 ἐν
2556 3851 2625 3920 τῇ
2675 3846 2889 3923 ἰρήμῳ.
2925 3850 3106 3902 Ἔστιν
3158 3846 3249 3903 οὖν
3277 3847 3440 3904 αὐτοῦ
3486 3849 3710 3904 ἀκοῦσαι
3741 3849 3827 3906 λέ-

2182 3955 2397 4012 γοντος⁸
2436 3958 2463 3990 ιι
2494 3938 2724 4013 Ἥγαγεν
2777 3936 2973 3998 αὐτοὺς
3184 3935 3272 3991 διὰ
3299 3945 3402 4007 τῆς
3450 3933 3707 4012 ἀϐύσσου,
3758 3939 3828 4002 ὡς

2182 4024 2348 4081 ξ’ππον
2412 4026 2461 4079 έν
2521 4025 2589 4101 τῇ
2645 4026 2837 4101 ἐρήμῳ
2870 4070 2883 4091 ,
2938 4026 3028 4081 καὶ
3089 4025 3187 4081 οὐκ
3247 4025 3558 4095 έκοπίασαν,
3618 4028 3707 4083 καὶ
3758 4029 3827 4091 ὡς

2181 4125 2355 4194 κτήνη
2406 4120 2494 4178 διὰ
2544 4121 2755 4196 πεδίου,
2800 4118 3001 4194 κατέϐη
3035 4128 3255 4198 Πνεῦμα
3298 4125 3443 4200 παρὰ
3492 4125 3713 4203 Κυρίου,
3746 4126 3830 4183 καὶ

2183 4208 2470 4286 ὡδήγησεν
2531 4210 2745 4274 αὐτούς.
2809 4236 2838 4265 ››
2896 4215 3039 4289 Πρὸς
3102 4210 3159 4268 δὲ
3236 4214 3549 4291 Κορινθίους
3606 4217 3749 4293 λέγει
3805 4217 3831 4270 6

2185 4312 2429 4380 ΙΙαῦΑος,
2463 4308 2545 4364 ὅτι
2579 4307 2809 4385 Χριστὸς
2832 4311 2922 4380 ἦν’
2962 4336 2990 4361 ‹‹
3019 4313 3241 4367 Ἕπινον
3278 4336 3306 4363 ››
3336 4313 3463 4388 γὰρ,
3496 4313 3682 4391 φησὶν,
3715 4338 3742 4365 ‹‹
3776 4313 3831 4369 ἐκ

2181 4405 2553 4471 πνευματικῆς
2600 4397 3013 4470 ἀκολουθούσης
3063 4400 3281 4473 πέτρας⁶
3333 4403 3368 4469 ἡ
3421 4398 3478 4455 δὲ
3513 4400 3683 4477 πέτρα
3710 4403 3773 4471 ἦν
3803 4403 3828 4455 6

2183 4494 2431 4570 Χριστός.
2472 4521 2490 4547 ο
2531 4495 2649 4550 Ἐὰν
2708 4491 2765 4548 δὲ
2812 4492 2937 4568 εἷ’πῃ
2984 4515 3088 4563 τις,
3143 4494 3224 4549 ὅτι
3277 4496 3341 4551 τὸ
3392 4501 3609 4570 Πνεῦμα
3650 4496 3827 4573 ἐντυγ-

425 4582 504 4663 ita
569 4582 1093 4679 respondebimus:
1153 4582 1551 4678 Unigenitum-
1592 4582 1804 4661 Piliam
1835 4582 1963 4662 esse
2002 4608 2065 4663 ad

2182 4583 2337 4658 χάνει
2371 4584 2502 4659 ὑπὲρ
2534 4586 2718 4655 ἡμῶν,
2754 4582 2891 4638 ὥστε
2940 4582 3030 4638 οὖν
3080 4583 3204 4639 ὅσον
3237 4585 3265 4638 6
3294 4585 3477 4657 ἱκέτης
3505 4588 3618 4661 (78)
3650 4585 3827 4641 λείπε-

428 4700 727 4754 dexteram
758 4697 882 4764 Dei,
916 4696 1348 4752 etintercedere
1390 4712 1495 4768 pro
1553 4696 1726 4752 nobis
1756 4715 1769 4753 :
1803 4719 1831 4746 ‹‹
1889 4696 2077 4753 Nolite

426 4789 627 4859 itaque
648 4786 992 4843 contristare
1020 4786 1304 4857 Spiritum
1335 4792 1627 4851 sanctum,
1663 4810 1691 4836 »
1728 4788 1897 4857 juxta
1929 4788 2075 4842 Pau-

428 4877 548 4933 lum
583 4877 650 4944 ⁷⁸,
685 4876 766 4930 ita
824 4874 1199 4946 loquentem:
1239 4897 1259 4922 α
1323 4875 1382 4930 In
1436 4891 1552 4946 quo
1604 4874 1815 4948 signati
1842 4878 1986 4931 estis
2014 4877 2072 4932 in

425 4968 580 5022 diem
612 4963 1052 5035 redemptionis.
1086 4983 1118 5015 ι
1149 4962 1298 5029 Quin
1330 4967 1386 5020 et
1411 4963 1747 5036 Stephanus
1778 4964 1863 5021 ita
1891 4964 2075 5037 loqui.

422 5063 555 5111 tur:

490 5144 606 5198 Vos
635 5157 866 5213 semper
882 5140 1127 5212 Spiritui
1158 5149 1357 5196 sancto
1389 5140 1859 5210 obsistitis,siout
1876 5146 2072 5213 patres

2181 4701 2268 4734 ται
2324 4684 2421 4735 τοῦ
2472 4679 2796 4756 εὐεργέτου,
2857 4685 3116 4735 τοσοῦτον
3179 4681 3421 4737 λείπεται
3477 4684 3540 4738 τὸ
3588 4686 3821 4755 Πνεῦμα·

2183 4766 2428 4844 λέγωμεν
2477 4768 2647 4841 αὐτῷ,
2698 4767 2781 4824 ὅτι
2812 4768 2840 4823 6
2882 4772 3202 4844 Μονογενής
3248 4772 3388 4826 ὶστιν
3440 4771 3491 4827 έν
3544 4769 3688 4843 δεξιᾷ
3734 4776 3825 4826 τοῦ

2183 4871 2335 4939 Θεοῦ,
2396 4867 2485 4922 καὶ
2545 4866 2862 4943 ἐντυγχάνει
2917 4868 3049 4943 ὑπὲρ
3108 4871 3290 4941 ἡμῶν·
3354 4894 3383 4923 ‹‹
3431 4873 3519 4939 Μὴ
3581 4868 3670 4925 οὖν
3732 4869 3824 4925 λυ-

2181 4961 2331 5011 πεῖτε
2377 4958 2438 5012 τὸ
2495 4960 2713 5031 Πνεῦμα
2758 4958 2821 5012 τὸ
2874 4956 3052 5032 ἃγιον,
3085 4981 3113 5011 ››
3163 4960 3299 5014 κατά
3342 4960 3431 5015 τὸν
3486 4960 3704 5017 Παῦλον
3736 4962 3821 5016 τὸν

2182 5051 2433 5129 λέγοντα
2488 5079 2515 5106 ‹‹
2566 5054 2652 5108 Ἐν
2702 5055 2748 5126 ᾧ
2810 5054 3199 5130 )σφραγίσθητε
3246 5055 3322 5119 εἰς
3371 5057 3581 5135 ἡμέραν
3635 5057 3831 5114 ἀπολυ·

2178 5144 2456 5217 τρώσεως.
2489 5167 2516 5194 ››
2560 5143 2663 5200 Καὶ
2714 5143 2742 5197 6
2794 5141 3064 5219 Στέφανος
3118 5141 3174 5199 δὲ
3225 5142 3390 5223 λέγει·
3443 5172 3473 5200 ι(
3523 5149 3705 5221 Ὑμεῖς
3753 5146 3827 5203 ἀεὶ

486 5301 530 5336 ⁵⁸
567 5296 800 5370 Cor.ﬂl_
823 5311 898 5362 v1,
961 5294 1368 5370 utﬁupgal,
1418 5311 1538 5350 cm.
1587 5295 1784 5370 30.__“
1842 5295 2010 5370 Rom.

2178 5343 2190 5368 ,
2252 5300 2339 5353 11.
2408 5299 2453 5334 ⁸⁸
2507 5300 2557 5353 ΙΙ
2615 5297 2743 5370 Cor.
2808 5313 2857 5363 ν,
2903 5297 3109 5370 γ17.λ“¹⁰
3163 5306 3286 5356 Act.
3317 5318 3375 5370 ν,
3407 5304 3463 5369 3,
3512 5304 3565 5359 4.
3624 5303 3669 5340 ’⁷⁸
3702 5303 3817 5361 Jer.

413 5388 553 5435 xxu,
581 5373 637 5438 7,
696 5368 741 5403 ⁷²
770 5366 888 5422 Jer.
942 5382 1002 5433 ιι,
1051 5367 1105 5421 6.
1166 5367 1212 5400 ⁷³
1244 5366 1393 5422 Psal.
1457 5383 1639 5433 Lxxvx,
1689 5367 1779 5437 21,
1810 5368 1885 5409 73'
1918 5367 2028 5421 Isa.
2064 5387 2065 5391 η

2178 5366 2224 5435 ἰ,
2258 5370 2346 5440 13,
2389 5371 2476 5425 14.
2508 5370 2554 5405 ⁷⁴
2590 5373 2610 5422 Ι
2640 5369 2770 5425 Cor.
2802 5385 2857 5439 x,
2888 5369 2939 5423 4.
2966 5369 3010 5403 ⁷⁸
3033 5368 3240 5443 Ephes.
3267 5366 3467 5444 1v,’30'.

486 5537 598 5681 E75)
629 5535 779 5590 Edit.
814 5532 1092 5602 Commel,
1129 5532 1301 5615 ὑμῶν.
1338 5533 1524 5617 Reliq.
1556 5538 1613 5588 et
1642 5549 1810 5617 mss”
1845 5533 2050 5615 jac»,

506 5610 597 5679 76)
651 5607 800 5681 Edit,
859 5608 1016 5681 Com.
1073 5605 1258 5660 Vatis.
1282 5610 1338 5661 et
1366 5605 1722 5678 Basil-qoov.
1760 5604 1889 5659 Edlt
1946 5605 2050 5662 Pa-

506 5610 597 5679 76)
651 5607 800 5679 Edit,
859 5608 1016 5679 Com.
1073 5605 1258 5660 Vatic.
1282 5610 1338 5661 et
1366 5604 1722 5678 Basil-,'{oﬁv.
1760 5604 1889 5659 Edit
1946 5605 2053 5662 Pa-

414 5675 517 5737 ris'.
548 5675 605 5736 et
638 5678 884 5750 Anglia,
914 5675 1029 5730 οὖν.

230 5870 477 6023 Ἃ,

462 6028 605 6119 ἦ..

2236 5535 2347 5611 (ῃ)
2379 5532 2609 5611 Agitatis,
2644 5539 2701 5589 et
2734 5550 2886 5611 mox,
2917 5541 3038 5611 τῆς,
3072 5538 3285 5611 desunt
3315 5538 3375 5611 in_
3402 5539 3749 5611 Anglicano.~

2237 5608 2340 5680 (78)
2374 5606 2833 5680 EditCommel.
2865 5612 2921 5662 et
2976 5608 3264 5680 Vatican.,
3327 5606 3564 5680 οἷ’κὲτῆς.
3613 5612 3809 5669 Ceteri

2162 5681 2222 5733 et
2246 5676 2389 5734 edit.
2424 5676 2628 5748 Paris.,
2660 5677 2864 5749 ἱκέτης,
2896 5682 2954 5735 et
2980 5680 3065 5737 ita
3082 5679 3224 5753 legit
3252 5676 3538 5741 Nannius.
