4100 6224
319 346 392 409 61
951 351 1054 411 DE
1097 348 1459 412 COMMUNI
1502 347 1890 413 ESSENTIA
1930 346 2217 409 PATRIS
2262 347 2364 407 ET
2407 345 2592 408 FILII
2635 344 2739 407 ET
2784 347 2984 409 SPIR.
3031 350 3094 409 S.

3651 349 3731 409 62

320 477 435 556 ἔχει
462 501 661 553 τομην,
695 478 820 535 οὐδὲ
850 478 1104 556 διαίρεσιν
1124 484 1158 551 ἡ
1193 479 1317 552 δόξα
1344 484 1443 551 τῆς
1491 480 1773 552 ἀληθείας.
1828 478 1956 535 Πότε

2088 480 2137 535 ci
2170 484 2492 536 coaeternus
2521 496 2742 551 :neque
2781 481 2994 552 accipit
3014 482 3333 537 sectionem
3357 487 3457 537 aut
3489 482 3730 539 divisio-

321 567 412 626 οὖν
449 568 656 639 ἐκλήθη
691 570 819 632 Θεὸς
848 574 943 624 τοῦ
971 571 1096 624 Υὶοῦ
1128 572 1155 625 ὁ
1191 572 1377 647 Πατὴρ
1410 568 1498 626 διὰ
1518 572 1615 639 τήν
1639 569 1843 644 σάρκα;
1878 568 1948 647 ἀφ

321 659 383 713 οὗ
416 658 688 732 προῆλθεν
732 659 791 713 ἐκ
816 658 1036 721 κοιλίας
1076 659 1304 735 μητρός.
1340 661 1436 715 Διὰ
1464 664 1624 714 τοῦτο
1657 658 1708 713 ἐν
1739 658 1817 730 τῷ
1848 678 1978 733 προ-

320 749 487 825 φήτῃ,
550 746 883 821 βουλόμενος
934 745 1102 819 δεῖξαι
1152 750 1342 804 ἑαυτοῦ
1373 750 1463 803 καὶ
1494 750 1591 817 τήν
1628 748 1855 817 θεότητα
1885 745 1975 801 καὶ

320 837 419 906 τὴν
460 835 630 911 σάρκα
661 835 1052 908 ἀληθεύουσαν,
1089 836 1296 912 ἔλεγεν·
1332 862 1359 889 ‹‹
1391 844 1481 892 Ἐκ
1513 835 1726 899 κοιλίας
1764 836 1970 912 μητρός

328 945 453 997 μου,
488 924 616 987 Θεός
651 946 754 997 μου
787 924 835 979 εἶ
860 924 943 980 σύ.
971 948 998 975 ›)
1032 926 1092 978 Εἰ
1126 923 1182 980 δὲ
1213 925 1399 1001 βούλει
1432 926 1496 980 τὰ
1526 926 1800 981 ὑπόλοιπα
1830 930 1968 1000 γνὼ-

324 1033 435 1085 ναι,
464 1012 515 1067 ἐν
545 1017 621 1085 τῷ
650 1012 874 1085 εἰκοστῷ
905 1010 1140 1090 δευτέρῳ
1170 1013 1375 1088 ψαλμῷ
1407 1013 1733 1091 διδαχθήσῃ.

321 1210 409 1265 32.
469 1208 611 1283 Πρὸς
642 1208 768 1271 τοὺς
803 1208 1059 1285 λέγοντας
1088 1210 1260 1285 μέγαν
1304 1211 1438 1285 βιὸν
1474 1213 1608 1265 εἴναι
1639 1211 1729 1265 τὸν
1760 1211 1973 1285 Πατέρα

831 1280 922 1337 τὸν
957 1280 1012 1336 δὲ
1044 1280 1269 1354 Υἷὸνμὴ
1304 1280 1438 1339 ἴσον.

390 1385 454 1440 Ei
485 1386 667 1441 καὶτὰ
699 1386 938 1459 μάλιστα
983 1390 1082 1457 τὴν
1134 1387 1334 1463 Τριάδα
1372 1387 1494 1461 μίαν
1521 1388 1750 1457 θεότητα
1779 1385 1971 1462 λέγον-

317 1494 427 1543 τες,
457 1474 776 1551 εὑρίσκομεν
806 1477 894 1530 τὸν
930 1477 1053 1531 rt?»
1085 1476 1135 1531 έν
1167 1482 1235 1551 τῇ
1284 1482 1489 1556 Γραφῇ,
1545 1479 1677 1550 πρὸς
1722 1478 1785 1531 τὸ
1834 1497 1973 1553 φρα-

322 1563 403 1633 ξαι
462 1565 528 1618 τὰ
585 1560 828 1638 στόματα
880 1571 987 1620 τῶν
1022 1566 1301 1639 ἂναντίων,
1338 1566 1504 1641 μέγαν
1538 1567 1683 1639 παρὰ
1710 1566 1801 1621 τὸν
1860 1573 1971 1620 Πα-

319 1650 467 1728 τέρα·
527 1650 676 1728 λέγει
737 1656 840 1729 γὰρ
890 1655 917 1708 ὁ
969 1650 1157 1709 Δαϐὶδ·
1217 1680 1246 1705 ››
1288 1656 1532 1717 Γνωστὸς
1564 1654 1615 1710 ἐν
1645 1652 1974 1729 τῇἸοοδαίᾳ

320 1741 348 1795 6
379 1740 530 1803 Θεός·
573 1741 627 1797 έν
654 1741 733 1814 τῷ
768 1741 986 1818 Ἰσραὴλ
1024 1743 1158 1819 μέγα
1186 1744 1277 1798 τὸν
1308 1738 1482 1816 ὄνομα
1530 1743 1711 1799 αὐτοῦ·
1768 1768 1795 1794 ››
1844 1746 1878 1812 ἡ
1915 1741 1972 1798 δὲ

322 1827 556 1884 Ἰουδαία
585 1833 912 1907 πεόιώριστο
941 1832 1096 1905 τόπῳ
1127 1837 1358 1908 φανερῷ.
1394 1834 1526 1909 Περὶ
1574 1831 1631 1887 δὲ
1680 1837 1777 1887 τοῦ
1822 1834 1969 1887 Υἲοῦο

326 1942 346 1968 ι
383 1918 544 1994 Κύριε
575 1920 602 1973 6
634 1920 832 1993 Κύριος
864 1922 1047 1993 ἡμῶν,
1082 1922 1158 1983 ὡς
1192 1923 1499 1994 θαυμαστὸν
1547 1923 1608 1975 τὸ
1655 1916 1832 1993 ὄνομά
1882 1943 1975 1977 σου

320 2006 372 2061 έν
403 2007 545 2082 πάσῃ
571 2012 638 2073 τῇ
670 2011 781 2086 γῇι
820 2034 849 2061 ››
900 2008 1122 2079 Ἐπειδή
1172 2016 1345 2065 πᾶσαν
1397 2010 1686 2086 ὶπλήρωσε
1732 2012 1830 2079 τὴν
1876 2018 1977 2086 γῆν

318 2098 352 2166 ἠ
387 2098 622 2171 Χριστοῦ
652 2098 1011 2175 προσηγορία·
1046 2097 1122 2161 εἰς
1157 2106 1329 2153 πᾶσαν
1362 2100 1463 2176 γὰρ
1508 2100 1606 2168 τὴν
1658 2103 1757 2174 γῇν
1809 2100 1976 2170 ἐξῆλ-

317 2187 401 2241 θεν
464 2187 491 2241 6
550 2186 786 2264 φθόγγος
840 2191 948 2243 τῶν
1011 2188 1204 2264 ἁγίων·
1264 2189 1353 2244 καὶ
1407 2188 1481 2250 εἷς
1521 2190 1589 2243 τὰ
1617 2188 1818 2264 πέρατα
1872 2196 1975 2258 τῆς

329 2275 658 2349 οἰκουμένης
685 2276 753 2330 τὰ
782 2274 1001 2353 ΙΞήματα
1031 2278 1224 2331 αὐτῶνθ
1263 2276 1486 2339 εἲκότως
1542 2276 1689 2353 λέγει
1745 2280 1772 2333 6
1830 2277 1971 2351 ψαλ-

324 2364 444 2437 μός’
508 2388 537 2416 ‹‹
595 2366 906 2436 Θαυμαστὸν
966 2366 1027 2419 τὸ
1085 2365 1258 2438 ὄνομά
1323 2387 1418 2420 σου
1463 2365 1513 2420 ἐν
1543 2368 1690 2441 πάσῃ
1715 2370 1783 2441 τῇ
1943 2388 1968 2420 υ

320 2451 419 2506 Καὶ
448 2450 502 2506 τί
525 2452 587 2506 τὸ
617 2450 976 2527 ἐπαγόμενον,
1017 2477 1045 2505 ›)
1084 2454 1207 2510 ’Ότι
1267 2454 1476 2531 ίπήρθη
1527 2457 1561 2525 ἡ
1627 2455 1968 2532 μεγαλοπρέ-

318 2543 447 2596 πειά
499 2561 593 2595 σου
654 2541 899 2614 ὑπεράνω
956 2546 1063 2596 τῶν
1120 2541 1394 2618 ούρανῶν;
1460 2567 1487 2594 ››
1538 2542 1853 2619 Πληροῦται
1913 2543 1971 2601 δὶ

315 2632 499 2698 τοῦτο,
534 2627 623 2683 ὅτε
654 2624 918 2698 ἀνέϐησαν
952 2631 1028 2691 εἷς
1059 2632 1122 2685 τὸ
1154 2626 1282 2704 ὅρος
1314 2633 1365 2686 οἱ
1410 2632 1643 2705 μαθηταὶ
1699 2636 1832 2707 μετὰ
1871 2639 1968 2688 τοῦ

316 2722 599 2787 Σωτῆρος,
683 2714 984 2789 μέλλοντος
1065 2714 1560 2793 ἀναλαμϐάνεσθαι,
1618 2719 1773 2796 ἔλεγε
1829 2723 1966 2795 πρὸς

310 2804 529 2866 αὐτούς’
562 2830 589 2856 ‹‹
624 2805 851 2859 Μείνατε
892 2805 967 2867 εἷς
998 2807 1375 2881 Ἰεροσόλυμα,
1406 2807 1508 2872 ἕως
1569 2808 1630 2864 οὗ
1678 2809 1968 2882 ἐνδύσησθε

312 2891 539 2967 δύναμιν
574 2893 628 2964 ἐξ
660 2892 850 2967 ὕψους’
890 2918 917 2946 ››
953 2892 1041 2949 διὰ
1068 2896 1130 2949 τὸ
1162 2895 1414 2970 ἐπῆρθαιο
1474 2918 1494 2947 ι
1527 2899 1651 2954 ’Ότι
1685 2898 1894 2973 ἐπήρθη
1927 2903 1962 2970 ἡ

313 2982 760 3057 μεγαλοπρέπειά
816 3004 913 3037 σου
959 2983 1203 3059 ὑπεράνω
1250 2989 1360 3039 τῶν
1417 2984 1683 3060 οὐρανῶν.
1742 3010 1769 3038 ››
1802 2987 1964 3058 Αύτῷ

311 3068 401 3125 οὖν
432 3067 598 3126 Δαϐὶδ
630 3076 941 3149 προσφωνεῖ
974 3071 1167 3148 λέγων·
1205 3098 1230 3124 ‹‹
1261 3076 1378 3128 Ὅτι
1412 3068 1618 3147 ὄψομαι
1648 3073 1775 3136 τοὺς
1801 3074 1961 3147 ούρα-

306 3158 458 3227 νοὺς,
490 3158 617 3235 ἔργα
644 3166 751 3215 τῶν
786 3157 1067 3215 δακτύλων
1101 3182 1219 3218 σου.
1252 3184 1282 3214 »

2089 586 2222 624 nem
2253 569 2435 641 gloria
2462 569 2743 625 veritatis.
2792 570 3173 632 Quandonam
3206 569 3386 641 igitur
3416 569 3602 636 Pater,
3633 572 3728 626 Fi-

2085 657 2147 712 lii
2187 660 2333 713 Deus
2365 659 2436 713 ob
2468 674 2703 713 carnem
2736 658 3076 714 nominatus
3106 663 3193 714 est
3223 658 3252 713 ?
3301 658 3372 712 ab
3413 674 3477 712 eo
3508 658 3728 714 scilicet

2084 751 2364 817 tempore,
2408 763 2522 816 quo
2582 747 2773 818 prodit
2810 764 2878 801 ex
2927 752 3089 802 utero
3142 746 3365 801 matris.
3401 746 3531 799 Ideo
3576 747 3730 817 apud

2084 834 2438 906 PrOphetam
2472 834 2673 889 volens
2716 836 3022 891 ostendere
3060 841 3117 891 et
3165 835 3437 890 deitatem
3474 850 3639 889 suam
3674 839 3731 889 et

2084 940 2317 979 carnem
2350 940 2542 978 veram
2578 940 2725 992 esse,
2747 923 2885 978 dicit
2912 941 2923 979 :
2951 948 2977 973 ‹‹
3006 925 3083 979 De
3107 929 3307 979 ventre
3338 923 3543 978 matris
3566 939 3727 979 mere.

2083 1015 2234 1066 Deus
2268 1026 2433 1065 meus
2456 1028 2517 1065 es
2568 1016 2627 1065 tu
2654 1010 2692 1065 ’.
2722 1034 2748 1063 ››
2771 1013 2930 1077 Quod
2951 1013 2998 1068 si
3025 1012 3249 1084 reliqua
3269 1028 3617 1084 cognoscere
3637 1028 3731 1067 ve-

2081 1099 2177 1165 lis,
2211 1100 2268 1154 in
2300 1100 2574 1154 vicesimo
2605 1103 2861 1156 secundo
2894 1101 3123 1157 Psalmo
3153 1102 3398 1158 edisces.

2082 1208 2171 1263 32.
2211 1208 2482 1263 Adversus
2525 1224 2614 1263 eos
2661 1211 2757 1279 qui
2804 1209 3003 1265 dicunt
3054 1214 3273 1264 Patrem
3320 1226 3431 1264 esse
3467 1226 3730 1281 magnum

2368 1284 2571 1348 Deum,
2601 1282 2805 1335 Filium
2837 1296 2964 1336 vero
2992 1282 3043 1336 ei
3070 1282 3431 1352 ,ianualem.

2154 1384 2273 1440 Etsi
2322 1384 2573 1441 maxime
2623 1386 2969 1442 Trinitatem
3014 1404 3189 1443 unam
3247 1387 3516 1443 deitatem
3568 1388 3727 1443 dica-

2084 1489 2237 1541 mus,
2269 1473 2603 1529 invenimus
2632 1480 2825 1530 tumen
2863 1478 2921 1531 in
2970 1478 3153 1532 sacris
3192 1476 3421 1542 litteris,
3456 1477 3527 1531 ad
3561 1478 3730 1531 obtu-

2082 1564 2268 1617 randa
2300 1564 2765 1619 adversariorum
2791 1582 2911 1636 ora,
2936 1566 3141 1620 Filium
3171 1582 3449 1637 magnum
3481 1565 3732 1637 appella-

2082 1651 2128 1705 ri
2163 1668 2429 1707 seorsum
2463 1670 2496 1707 a
2527 1652 2693 1708 Patre
2719 1671 2730 1709 :
2757 1654 2837 1709 ait
2859 1654 3014 1710 enim
3050 1655 3223 1710 David
3252 1671 3263 1709 :
3296 1678 3315 1702 α
3344 1655 3529 1710 Notus
3551 1655 3608 1710 in
3631 1656 3731 1709 Ju-

2083 1741 2205 1795 daaa
2232 1748 2379 1796 Deus
2408 1758 2419 1795 :
2446 1742 2502 1796 in
2532 1742 2703 1797 Israel
2728 1760 3004 1813 magnum
3033 1760 3246 1799 nomen
3273 1745 3401 1814 ejus
3421 1744 3459 1796 ³.
3482 1769 3504 1797 ι
3531 1746 3732 1801 Judaea

2005 1860 2053 1925 B
2085 1833 2279 1884 autem
2313 1831 2486 1885 certis
2532 1830 2673 1886 locis
2720 1832 2959 1885 deﬁnita
3000 1837 3141 1888 erat.
3188 1833 3269 1887 De
3306 1832 3449 1888 Filio
3481 1838 3677 1888 autem
3713 1849 3728 1887 :

2087 1939 2116 1967 ‹‹
2152 1919 2392 1973 Domine
2432 1920 2713 1974 Dominus
2767 1926 2983 1990 noster,
3030 1938 3207 1991 quam
3257 1921 3600 1977 admirabile
3642 1926 3732 1978 est

2086 2022 2297 2061 nomen
2322 2012 2488 2062 tuum
2513 2008 2570 2063 in
2595 2008 2864 2064 universa
2886 2010 3069 2066 terra3
3094 2009 3105 2063 l
3134 2032 3161 2059 »
3185 2010 3469 2075 Quoniam
3494 2028 3725 2068 omnem

2086 2098 2300 2150 terram
2334 2096 2597 2168 implevit
2626 2096 2837 2152 Christi
2871 2098 3473 2154 vocabulum.Etenim
3505 2100 3562 2155 in
3594 2116 3720 2156 om-

2086 2200 2219 2238 nem
2251 2189 2463 2240 terram
2497 2185 2670 2240 exivit
2713 2203 2895 2241 sonus
2947 2192 3309 2252 sanctorum,
3341 2193 3398 2243 et
3436 2204 3623 2260 usque
3654 2190 3726 2245 ad

2084 2273 2228 2327 ﬁnes
2258 2273 2415 2328 orbis
2446 2274 2619 2329 verba
2651 2290 2871 2343 eorum,
2922 2276 3130 2331 merito
3163 2293 3297 2348 ergo
3330 2276 3595 2333 Psalmus
3635 2278 3725 2333 di—

2081 2362 2178 2431 cit,
2204 2384 2231 2411 ‹‹
2250 2362 2587 2418 Admirable
2608 2367 2696 2419 est
2719 2380 2931 2420 nomen
2947 2369 3117 2421 tuum
3141 2367 3196 2420 in
3223 2365 3492 2423 universa
3512 2371 3723 2423 terra.»

2080 2453 2372 2517 Quorsum
2405 2450 2572 2518 illud,
2598 2452 2753 2523 quod
2786 2453 3112 2526 subjungit,
3139 2455 3473 2521 «Quoniam
3507 2455 3727 2511 elevata

2079 2544 2168 2596 est
2198 2540 2633 2612 magniﬁcentia
2666 2547 2767 2597 tua
2810 2559 2988 2614 super
3035 2543 3209 2599 oculos
3240 2546 3260 2579 ⁸
3286 2544 3312 2598 ‘1
3344 2566 3370 2593 ››
3402 2545 3564 2608 Quod
3596 2550 3723 2601 tum

2078 2628 2386 2699 impletum
2422 2633 2532 2700 est,
2565 2647 2697 2684 cum
2732 2632 3123 2687 ascenderunt
3153 2632 3427 2703 discipuli
3460 2633 3519 2687 in
3554 2650 3725 2689 mon-

2076 2722 2194 2773 tem
2228 2734 2360 2772 cum
2411 2718 2707 2774 Salvatore
2739 2720 2796 2773 in
2846 2719 3021 2775 caelos
3054 2722 3428 2788 assumendo,
3458 2722 3722 2794 dixitque

2076 2807 2147 2861 ad
2180 2823 2278 2863 eos
2312 2823 2324 2861 :
2361 2832 2386 2856 ·‹
2424 2808 2651 2863 Manete
2682 2808 2737 2862 in
2771 2809 3119 2879 Jerusalem,
3165 2811 3346 2865 donec
3392 2811 3719 2867 induamini

2074 2895 2286 2949 virtute
2316 2912 2384 2950 ex
2414 2895 2527 2949 alto
2575 2897 2595 2929 ⁶
2649 2912 2662 2949 :
2704 2915 2730 2946 υ
2770 2897 2909 2966 quia
2958 2898 3179 2952 scilicet
3228 2905 3570 2971 assumptus
3620 2900 3719 2956 ille

2073 2986 2198 3036 erat
2230 2999 2242 3036 :
2283 3006 2303 3031 α
2342 2983 2627 3046 Quoniam
2660 2984 2880 3039 elevata
2907 2990 2997 3040 est
3026 2986 3462 3058 magniﬁcentia
3491 2993 3591 3045 tua
3622 3007 3716 3045 su-

2071 3086 2175 3142 per
2191 3070 2383 3127 cozlos.
2396 3073 2754 3145 ﬂgitur-eum
2773 3074 2945 3129 David
2961 3073 3717 3146 alloquitur,dicens:«Quo-

2071 3161 2226 3215 niam
2258 3161 2422 3216 video
2454 3161 2651 3228 caelos,
2683 3179 2855 3234 opera
2885 3163 3200 3234 digitorum
3232 3168 3462 3221 tuorum
3502 3169 3542 3221 ⁷.
3580 3191 3600 3217 ι

379 3268 469 3323 33.
497 3225 623 3324 "‘O-n
653 3265 835 3341 ὣσπερ
869 3267 896 3321 ὁ
923 3268 1114 3342 ’Πατῄρ
1141 3266 1347 3342 Κύριος
1380 3262 1629 3324 Σαϐαὼθ.
1663 3268 1836 3332 οὕτως
1866 3269 1955 3325 καὶ

2079 3268 2156 3322 33.
2213 3269 2275 3325 Ut
2317 3270 2489 3326 Pater
2534 3272 2610 3325 est
2656 3271 2915 3326 Dominus
2961 3270 3216 3339 Sabaoth,
3265 3274 3347 3327 ita
3393 3282 3449 3329 et
3513 3276 3709 3332 Filius.

915 3339 942 3392 6
974 3338 1098 3398 Υῗὸς
1132 3338 1366 3411 ὁμοίως.

379 3443 443 3500 Ὀ
500 3440 721 3506 Ἡσαΐας
782 3441 954 3519 λέγει’
1016 3469 1043 3495 ‹‹
1105 3445 1206 3501 Καὶ
1262 3450 1465 3518 σημεῖα
1520 3445 1609 3501 καὶ
1647 3447 1842 3523 τέρατα
1900 3447 1952 3503 ἐν

305 3535 385 3602 τῷ
445 3530 580 3604 οἷ’κῷ
638 3529 856 3605 Ἰσραὴλ
916 3532 1061 3608 παρὰ
1110 3533 1308 3607 Κυρίου
1342 3529 1593 3603 Σαϐαὼθ,
1626 3533 1683 3598 ὅς
1714 3541 1955 3592 κατοικεῖ

304 3618 355 3674 ἐν
386 3624 465 3692 τῷ
496 3615 609 3696 ὅρει
644 3622 809 3679 Σιών.
844 3645 873 3673 υ
903 3623 987 3676 Ἐν
1037 3620 1095 3676 δὲ
1131 3626 1210 3694 τῷ
1240 3620 1465 3695 ψαλμῷ·
1502 3645 1529 3677 α
1558 3625 1701 3699 Ἐγὼ
1742 3622 1798 3680 δὲ
1825 3647 1951 3681 κατ-

300 3706 527 3778 εστάθην
591 3709 844 3787 βασιλεὺς
898 3711 986 3766 ὑπ’
1036 3710 1202 3765 αὐτοῦ
1250 3710 1337 3766 ἐπί
1370 3712 1513 3767 Σιὼν
1548 3708 1673 3789 ὅρος
1699 3716 1762 3769 τὸ
1794 3715 1947 3791 ἅγιον

298 3818 483 3854 αυτου.
514 3822 543 3851 ››

291 3921 732 4000 34.7ﬂp691oin;
782 3921 1039 4000 λέγοντας
1055 3925 1246 4000 Δἦττον
1269 3925 1430 4000 Δεἶναι
1458 3926 1520 3980 τὸ
1555 3931 1805 4000 ΔΠνεῦμα
1848 3932 1946 3983 τοῦ

363 3991 621 4121 {partem
667 3991 871 4064 ἐπειδή
908 3991 1157 4071 ἀρραϐὼν
1205 3994 1440 4068 ἐκλήθη,
1504 3997 1690 4072 μέρος,
1730 3991 1939 4076 ’φησὶν,

391 4086 494 4121 στι.

391 4086 494 4123 στι.

360 4169 664 4245 Γέγραπται
723 4170 775 4226 ἐν
828 4175 896 4245 τῇ
957 4172 1097 4247 πρὸς
1155 4172 1452 4250 Ἐφισίουςν
1519 4198 1540 4223 α
1607 4173 1691 4228 Ἐν
1748 4174 1794 4244 ᾦ
1850 4172 1940 4228 καὶ

286 4261 657 4324 πιστεύσαντες
705 4260 1097 4340 ἐσφραγίσθητε
1152 4267 1232 4333 τῷ
1290 4262 1563 4334 Πνεύματι
1619 4270 1721 4331 τῆς
1776 4262 1938 4339 ἐπαγ-

284 4348 469 4424 γελίας
523 4355 601 4422 τῷ
648 4349 807 4427 ἁγίῳ,
855 4350 884 4406 6'
933 4352 1046 4425 (85)
1095 4350 1237 4405 ἐστιν
1270 4351 1297 4403 6
1325 4345 1576 4423 ἀρραϐὼν
1601 4357 1701 4419 τῆς
1729 4351 1935 4425 κληρο-

283 4436 476 4510 νομίας
500 4438 766 4511 ἡμῶν,εἷς
790 4436 1170 4513 ἀπολύτρωσιν
1192 4443 1293 4505 τῆς
1324 4438 1725 4511 περιποιήσεως
1753 4439 1934 4509 ἡμῶν,

282 4525 358 4588 εἰς
418 4524 633 4583 ἔπαινον
685 4529 783 4596 τῆς
834 4524 996 4597 δόξης
1045 4526 1229 4581 αὐτοῦ.
1285 4549 1314 4577 ››
1368 4524 1702 4601 Εὐρίσκομεν
1756 4524 1813 4581 δὲ
1839 4527 1931 4582 τὸν

284 4615 495 4691 Πατέρα
553 4615 604 4669 ἐν
653 4592 960 4693 τῇτΓραιρ-(ἶ
1011 4613 1173 4690 μέρος
1219 4592 1558 4687 καλούμενον
1784 4615 1934 4691 λέγει
1965 4592 2013 4657 D

282 4704 385 4778 γὰρ
434 4704 487 4760 ἰν
537 4708 615 4777 τῷ
660 4702 884 4778 ψαλμῷ·
938 4728 967 4756 ‹‹
1016 4703 1182 4780 Μερίς
1228 4724 1332 4777 μου
1363 4703 1413 4759 εί
1440 4703 1490 4758 ἐν
1524 4707 1596 4778 γῇ
1632 4706 1864 4773 ζώντων
1899 4729 1929 4758 »

279 4792 366 4847 καὶ
418 4792 581 4850 πάλιν
633 4792 685 4849 ἐν
712 4797 792 4866 τῷ
821 4789 1184 4865 έκκαιδεκάτῳ
1214 4790 1442 4866 ψαλμῷ·
1478 4817 1507 4846 ι(
1542 4794 1740 4870 Κύριος
1775 4796 1929 4871 μερὶς

275 4885 372 4951 τῆς
404 4881 783 4956 κληρονομίας
818 4903 944 4956 μου,
976 4882 1066 4937 καὶ
1090 4886 1188 4937 τοῦ
1217 4881 1488 4956 ποτηρίου
1525 4904 1651 4956 μου,
1686 4906 1716 4935 ››

275 5008 401 5082 35.-
438 5007 578 5082 ῌρὸς
649 5006 777 5067 τοὺς
836 5003 1094 5082 λέγοντας
1168 5007 1259 5082 τρν
1300 5006 1470 5082 ,Υἱὸν-
1502 5006 1575 5078 μὴ
1625 5008 1773 5082 ,εἶναι
1828 5015 1927 5078 τῆς

346 5075 537 5151 οὐσίας
578 5082 677 5151 τοξύ
720 5075 955 5151 ματρὸς,
1014 5079 1099 5151 ὅτι
1150 5078 1244 5150 μία
1296 5075 1510 5148 ἐξουσία
1551 5078 1641 5151 καὶ
1675 5075 1924 5151 δύναμις,

346 5148 437 5225 καὶ
458 5224 475 5225 ἡ
516 5146 783 5223 βασιλεία,
842 5146 950 5204 ’καῖ
1014 5146 1207 5219 θεότης
1259 5146 1356 5204 τοῖ’)
1416 5150 1626 5225 Πατρὸς
1685 5150 1773 5204 καὶ
1812 5146 1927 5206 ’τοῦ

353 5220 503 5277 Υἱοῦ.

346 5328 501 5402 Λέγει
560 5328 587 5382 6
638 5328 749 5399 (87)
798 5328 1108 5404 προφήτης·
1170 5353 1198 5379 ‹‹
1260 5327 1541 5404 Ἐξαίφνης
1586 5327 1699 5397 ἣξει
1728 5326 1805 5390 εἷς
1834 5331 1924 5385 τὸν

2137 3462 2318 3519 Isaias
2349 3462 2492 3518 dicit
2521 3482 2533 3519 :
2576 3483 2597 3512 ι
2632 3465 2812 3537 Signa
2840 3470 2898 3521 et
2928 3467 3198 3539 prodigia
3236 3467 3295 3523 in
3326 3467 3498 3524 domo
3530 3469 3709 3525 Israel

2063 3567 2097 3605 a
2131 3552 2372 3607 Domino
2403 3552 2680 3619 Sabaoth,
2713 3554 2814 3624 qui
2846 3553 3073 3609 habitat
3116 3554 3173 3611 in
3209 3561 3405 3612 monte
3435 3556 3569 3612 Sion
3600 3559 3640 3622 ⁸,
3679 3580 3707 3607 ››

2060 3640 2125 3695 In
2158 3640 2389 3696 Psalmo
2420 3645 2613 3696 autem
2644 3642 2787 3698 dicit
2841 3659 2855 3697 :
2897 3666 2924 3693 ‹‹
2979 3644 3094 3715 Ego
3128 3649 3322 3700 autem
3353 3647 3707 3702 constitutus

2059 3745 2192 3785 sum
2215 3746 2312 3785 rex
2334 3730 2405 3785 ab
2431 3746 2523 3797 eo,
2542 3746 2723 3802 super
2742 3730 2876 3787 Sion
2899 3737 3159 3788 montem
3186 3738 3454 3789 sanctum
3478 3736 3605 3805 ejus
3627 3737 3700 3790 9.»

2056 3952 2151 4008 15
2187 3951 2275 4006 34.
2310 3951 2714 4026 AdversusAeos,
2746 3952 2843 4023 qui
2873 3952 3059 4006 dicunt
3089 3955 3358 4008 minorem
3382 3970 3493 4009 esse
3520 3956 3701 4026 Spiri-

2126 4028 2242 4077 tum
2270 4029 2527 4077 sancfum
2560 4022 2770 4078 Christo
2802 4026 3086 4095 aiuntque,
3119 4027 3381 4096 quoniam
3411 4022 3584 4081 arrho
3614 4044 3700 4083 vo-

2122 4098 2276 4149 catus
2306 4102 2399 4161 est,
2428 4102 2641 4165 partem
2670 4096 2917 4167 aliquam
2946 4111 3076 4151 esse.

2122 4201 2419 4270 Scriptum
2454 4204 2542 4254 est
2569 4199 2627 4253 in
2664 4200 2921 4271 Epistola
2953 4203 3020 4256 ad
3067 4202 3346 4274 Ephesios
3379 4221 3391 4257 :
3427 4226 3453 4253 ‹‹
3490 4204 3549 4259 In
3585 4221 3697 4275 quo

2050 4289 2351 4342 credentes
2375 4288 2588 4359 signati
2615 4288 2754 4343 estis
2770 4289 2985 4359 Spiritu
3012 4290 3421 4362 promissionis
3453 4298 3653 4347 sancto
3681 4310 3693 4347 :

2049 4375 2146 4447 qui
2180 4380 2269 4431 est
2298 4376 2472 4431 arrha
2502 4376 2843 4432 hereditatis
2876 4383 3104 4445 nostrae,
3130 4381 3199 4435 ad
3234 4380 3694 4452 redemptionem

2047 4466 2457 4536 acquisitionis
2491 4471 2726 4531 nostras,
2758 4467 2816 4521 in
2849 4467 3083 4522 laudem
3122 4468 3318 4540 gloriae
3348 4469 3536 4540 ipsius
3570 4471 3633 4524 ιο.
3664 4492 3691 4520 ››

2046 4554 2156 4608 Sed
2191 4559 2248 4608 et
2278 4558 2508 4609 Patrem
2542 4554 2875 4610 invenimus
2902 4556 2959 4609 in
2986 4556 3305 4627 Scripturis
3336 4561 3561 4627 partem
3596 4575 3695 4629 ap-

2043 4642 2268 4715 pellari,
2300 4643 2356 4697 in
2411 4643 2643 4699 Psalmo
2693 4643 2849 4698 enim
2896 4644 3109 4699 dicitur
3142 4661 3153 4700 :
3189 4668 3215 4694 «
3252 4645 3439 4701 Portio
3471 4662 3600 4702 mea
3630 4663 3691 4703 es

2039 4736 2103 4787 tu
2134 4731 2191 4786 in
2225 4736 2379 4787 terra
2409 4731 2725 4787 viventium
2763 4735 2829 4785 “.
2857 4754 2883 4781 ››
2906 4733 3091 4804 Atque
3123 4733 3334 4788 iterum
3370 4735 3426 4788 in
3460 4735 3688 4791 decimo

2042 4826 2203 4876 sexto
2235 4820 2509 4892 psalmo:
2551 4844 2570 4867 α
2615 4820 2903 4875 Dominus
2934 4837 3069 4891 pars
3118 4821 3471 4878 hereditatis
3522 4840 3685 4894 mea},

2039 4915 2097 4965 et
2126 4908 2324 4965 calicis
2357 4910 2467 4963 mei
2503 4910 2570 4961 η.

2038 5016 2126 5071 35.
2177 5015 2436 5071 Adversus
2477 5031 2563 5070 eos
2612 5016 2711 5086 qui
2766 5014 2953 5072 dicunt
3001 5016 3214 5071 Filium
3242 5034 3351 5074 non
3400 5034 3516 5075 esse
3554 5022 3682 5075 sub-

2108 5090 2328 5162 stantia
2377 5089 2561 5141 Patris
2607 5104 2625 5140 :
2661 5089 2926 5162 quodque
2972 5088 3268 5162 eodemque
3308 5091 3379 5145 sit
3414 5092 3680 5162 potentia,

2106 5161 2303 5226 virtus,
2332 5174 2585 5228 regnum,
2618 5161 2669 5212 et
2698 5158 2971 5217 divinitas
3008 5158 3194 5215 Patris
3224 5166 3278 5216 et
3306 5158 3465 5218 Filii.

2108 5336 2255 5391 Dicit
2312 5335 2595 5406 propheta
2655 5352 2668 5391 :
2727 5353 2754 5386 ι
2810 5336 3022 5392 Statim
3055 5338 3214 5394 venit
3271 5341 3340 5394 ad
3386 5340 3675 5411 templum

270 5422 291 5513 ἰ-
322 5435 363 5513 _’
391 5435 545 5513 Psal.
578 5452 694 5513 χρυ,
944 5435 1095 5491 Psal.
1128 5452 1302 5513 ριν,-
1324 5438 1374 5491 1.
1418 5434 1654 5513 __‘_Psal.
1687 5451 1809 5502 vm,
1843 5440 1895 5513 2.

2079 5442 2165 5497 id.
2242 5444 2263 5476 ⁶
2290 5443 2414 5496 Act.
2472 5459 2510 5506 1,
2564 5442 2616 5495 4.
2693 5443 2712 5475 ⁷
2739 5442 2892 5497 Psal.
2936 5460 3055 5513 vm,
3098 5446 3149 5499 4.
3227 5447 3247 5479 ³
3281 5447 3393 5501 Isa.
3426 5456 3551 5512 vui,
3586 5446 3672 5500 18-

272 5506 293 5540 ’
321 5507 471 5563 Psal.
506 5523 567 5573 ιι,
599 5508 653 5561 6.
733 5507 780 5543 ιο
809 5506 1017 5580 Ephes.
1050 5524 1089 5574 ι,
1124 5508 1213 5575 13,
1246 5509 1332 5562 14.
1412 5508 1454 5544 ¹¹
1483 5506 1632 5562 Psal.
1667 5525 1809 5565 cxu.
1839 5511 1893 5568 6.

2079 5513 2193 5570 'sal.
2226 5530 2317 5581 xv,
2350 5513 2402 5567 5.

339 5616 444 5683 (85)
475 5613 537 5665 ‘0
568 5614 733 5669 deest
763 5614 821 5670 in
854 5614 1198 5685 Anglicano.

338 5678 452 5756 (86')
482 5685 792 5743 Vaticanus
821 5689 881 5741 et
910 5678 1289 5757 Anglicanus,
1321 5678 1639 5759 λεγόμενον.

2096 5622 2207 5748 ςῖζ)
2221 5620 2667 5748 ὲέἓεῖοιίοαηυς
2713 5626 2770 5677 et
2815 5623 3189 5694 Anglicanus.
3226 5626 3288 5679 In
3322 5624 3494 5681 editis
3524 5622 3662 5679 arti-

2027 5692 2196 5749 culus
2221 5692 2402 5751 deest.
