  <div class='ocr_page' id='page_1' title='image "/cluster/home/n/w/nwhite01/storage/ocr_20150623/28/hvd.32044052794351/037.png"; bbox 0 0 2050 3112; ppageno 0'>
   <div class='ocr_carea' id='block_1_1' title="bbox 0 2782 138 2885">
    <p class='ocr_par' dir='ltr' id='par_1_1' title="bbox 0 2782 138 2885">
     <span class='ocr_line' id='line_1_1' title="bbox 0 2782 138 2885; baseline 0 -56"><span class='ocrx_word' id='word_1_1' title='bbox 0 2782 138 2885; x_wconf 18' lang='grc' dir='ltr'>μεθ</span> 
     </span>
    </p>
   </div>
   <div class='ocr_carea' id='block_1_2' title="bbox 214 172 1332 207">
    <p class='ocr_par' dir='ltr' id='par_1_2' title="bbox 214 172 1332 207">
     <span class='ocr_line' id='line_1_2' title="bbox 214 172 1332 207; baseline -0.009 6"><span class='ocrx_word' id='word_1_2' title='bbox 214 177 253 206; x_wconf 76' lang='grc'><strong>63</strong></span> <span class='ocrx_word' id='word_1_3' title='bbox 813 177 845 207; x_wconf 90' lang='lat' dir='ltr'><strong>S.</strong></span> <span class='ocrx_word' id='word_1_4' title='bbox 869 173 1133 206; x_wconf 78' lang='lat' dir='ltr'><strong>ATHANASIUS.</strong></span> <span class='ocrx_word' id='word_1_5' title='bbox 1145 188 1185 196; x_wconf 91' lang='lat'><strong>-—</strong></span> <span class='ocrx_word' id='word_1_6' title='bbox 1198 172 1332 204; x_wconf 82' lang='lat' dir='ltr'><strong>DUBIA.</strong></span> 
     </span>
    </p>
   </div>
   <div class='ocr_carea' id='block_1_3' title="bbox 1878 173 1922 204">
    <p class='ocr_par' dir='ltr' id='par_1_3' title="bbox 1878 173 1922 204">
     <span class='ocr_line' id='line_1_3' title="bbox 1878 173 1922 204; baseline 0 0"><span class='ocrx_word' id='word_1_7' title='bbox 1878 173 1922 204; x_wconf 62' lang='lat'><em>6‘</em></span> 
     </span>
    </p>
   </div>
   <div class='ocr_carea' id='block_1_4' title="bbox 216 237 1042 278">
    <p class='ocr_par' dir='ltr' id='par_1_4' title="bbox 216 241 1036 278">
     <span class='ocr_line' id='line_1_4' title="bbox 216 241 1036 278; baseline -0.001 -8"><span class='ocrx_word' id='word_1_8' title='bbox 216 251 304 271; x_wconf 89' lang='lat' dir='ltr'><strong>suum</strong></span> <span class='ocrx_word' id='word_1_9' title='bbox 332 242 481 275; x_wconf 87' lang='lat' dir='ltr'><strong>Dominus,</strong></span> <span class='ocrx_word' id='word_1_10' title='bbox 510 250 595 277; x_wconf 88' lang='lat' dir='ltr'><strong>quem</strong></span> <span class='ocrx_word' id='word_1_11' title='bbox 621 250 672 270; x_wconf 86' lang='lat' dir='ltr'><strong>vos</strong></span> <span class='ocrx_word' id='word_1_12' title='bbox 698 242 837 278; x_wconf 73' lang='lat' dir='ltr'><strong>quaeritis,</strong></span> <span class='ocrx_word' id='word_1_13' title='bbox 858 245 888 270; x_wconf 88' lang='lat' dir='ltr'><strong>et</strong></span> <span class='ocrx_word' id='word_1_14' title='bbox 909 241 1036 277; x_wconf 80' lang='lat' dir='ltr'><strong>Angelus</strong></span> 
     </span>
    </p>
   </div>
   <div class='ocr_carea' id='block_1_5' title="bbox 1095 237 1922 278">
    <p class='ocr_par' dir='ltr' id='par_1_5' title="bbox 1095 237 1922 277">
     <span class='ocr_line' id='line_1_5' title="bbox 1095 237 1922 277; baseline 0 -11"><span class='ocrx_word' id='word_1_15' title='bbox 1095 239 1155 266; x_wconf 81' lang='grc' dir='ltr'>ναὸν</span> <span class='ocrx_word' id='word_1_16' title='bbox 1172 238 1267 266; x_wconf 67' lang='grc' dir='ltr'>ἑαυτοῦ</span> <span class='ocrx_word' id='word_1_17' title='bbox 1283 238 1297 265; x_wconf 98' lang='lat'><strong>6</strong></span> <span class='ocrx_word' id='word_1_18' title='bbox 1325 237 1436 275; x_wconf 77' lang='grc' dir='ltr'>Κύριος,</span> <span class='ocrx_word' id='word_1_19' title='bbox 1459 237 1487 265; x_wconf 74' lang='grc' dir='ltr'><strong>ὅν</strong></span> <span class='ocrx_word' id='word_1_20' title='bbox 1515 238 1591 275; x_wconf 83' lang='grc' dir='ltr'>ὑμεῖς</span> <span class='ocrx_word' id='word_1_21' title='bbox 1617 241 1732 273; x_wconf 69' lang='grc' dir='ltr'>ζητεῖτε,</span> <span class='ocrx_word' id='word_1_22' title='bbox 1748 238 1793 265; x_wconf 83' lang='grc' dir='ltr'>καὶ</span> <span class='ocrx_word' id='word_1_23' title='bbox 1809 238 1823 266; x_wconf 84' lang='grc'>6</span> <span class='ocrx_word' id='word_1_24' title='bbox 1838 239 1922 277; x_wconf 80' lang='grc' dir='ltr'>ἄγγεο</span> 
     </span>
    </p>
   </div>
   <div class='ocr_carea' id='block_1_6' title="bbox 215 286 1036 322">
    <p class='ocr_par' dir='ltr' id='par_1_6' title="bbox 215 286 1036 322">
     <span class='ocr_line' id='line_1_6' title="bbox 215 286 1036 322; baseline -0.001 -8"><span class='ocrx_word' id='word_1_25' title='bbox 215 287 394 321; x_wconf 83' lang='lat' dir='ltr'><strong>testamenii,</strong></span> <span class='ocrx_word' id='word_1_26' title='bbox 411 294 497 321; x_wconf 87' lang='lat' dir='ltr'><strong>quem</strong></span> <span class='ocrx_word' id='word_1_27' title='bbox 513 295 564 313; x_wconf 86' lang='lat' dir='ltr'><strong>vos</strong></span> <span class='ocrx_word' id='word_1_28' title='bbox 579 286 667 314; x_wconf 94' lang='lat' dir='ltr'><strong>vultis</strong></span> <span class='ocrx_word' id='word_1_29' title='bbox 684 286 752 314; x_wconf 79' lang='grc'><strong>¹³-¹³.</strong></span> <span class='ocrx_word' id='word_1_30' title='bbox 771 298 784 311; x_wconf 78' lang='grc' dir='ltr'><strong>ιι</strong></span> <span class='ocrx_word' id='word_1_31' title='bbox 797 286 845 314; x_wconf 89' lang='lat' dir='ltr'><strong>Dei</strong></span> <span class='ocrx_word' id='word_1_32' title='bbox 860 286 949 322; x_wconf 85' lang='lat' dir='ltr'><strong>igitur</strong></span> <span class='ocrx_word' id='word_1_33' title='bbox 963 288 1036 313; x_wconf 88' lang='lat' dir='ltr'><strong>tem-</strong></span> 
     </span>
    </p>
   </div>
   <div class='ocr_carea' id='block_1_7' title="bbox 216 330 1037 367">
    <p class='ocr_par' dir='ltr' id='par_1_7' title="bbox 216 330 1037 367">
     <span class='ocr_line' id='line_1_7' title="bbox 216 330 1037 367; baseline 0 -10"><span class='ocrx_word' id='word_1_34' title='bbox 216 331 298 367; x_wconf 87' lang='lat' dir='ltr'><strong>plum</strong></span> <span class='ocrx_word' id='word_1_35' title='bbox 325 332 379 365; x_wconf 84' lang='lat' dir='ltr'><strong>est,</strong></span> <span class='ocrx_word' id='word_1_36' title='bbox 405 331 483 366; x_wconf 89' lang='lat' dir='ltr'><strong>quod</strong></span> <span class='ocrx_word' id='word_1_37' title='bbox 508 333 536 358; x_wconf 84' lang='lat' dir='ltr'><strong>et</strong></span> <span class='ocrx_word' id='word_1_38' title='bbox 562 339 648 358; x_wconf 91' lang='lat' dir='ltr'><strong>suum</strong></span> <span class='ocrx_word' id='word_1_39' title='bbox 674 331 788 367; x_wconf 86' lang='lat' dir='ltr'><strong>(Filius)</strong></span> <span class='ocrx_word' id='word_1_40' title='bbox 812 339 877 359; x_wconf 87' lang='lat' dir='ltr'><strong>esse</strong></span> <span class='ocrx_word' id='word_1_41' title='bbox 891 330 979 364; x_wconf 84' lang='lat' dir='ltr'><strong>dicit;</strong></span> <span class='ocrx_word' id='word_1_42' title='bbox 1001 338 1037 357; x_wconf 90' lang='lat' dir='ltr'><strong>ne</strong></span> 
     </span>
    </p>
   </div>
   <div class='ocr_carea' id='block_1_8' title="bbox 216 374 1037 408">
    <p class='ocr_par' dir='ltr' id='par_1_8' title="bbox 216 374 1037 408">
     <span class='ocr_line' id='line_1_8' title="bbox 216 374 1037 408; baseline 0 -7"><span class='ocrx_word' id='word_1_43' title='bbox 216 374 434 402; x_wconf 80' lang='lat' dir='ltr'><strong>existimaretur</strong></span> <span class='ocrx_word' id='word_1_44' title='bbox 448 375 559 402; x_wconf 81' lang='lat' dir='ltr'><strong>disersa</strong></span> <span class='ocrx_word' id='word_1_45' title='bbox 576 383 639 402; x_wconf 85' lang='lat' dir='ltr'><strong>esse</strong></span> <span class='ocrx_word' id='word_1_46' title='bbox 656 374 746 402; x_wconf 86' lang='lat' dir='ltr'><strong>Patris</strong></span> <span class='ocrx_word' id='word_1_47' title='bbox 762 375 933 408; x_wconf 77' lang='lat' dir='ltr'><strong>dominatio,</strong></span> <span class='ocrx_word' id='word_1_48' title='bbox 949 377 978 402; x_wconf 87' lang='lat' dir='ltr'><strong>et</strong></span> <span class='ocrx_word' id='word_1_49' title='bbox 992 374 1037 402; x_wconf 89' lang='lat' dir='ltr'><strong>di-</strong></span> 
     </span>
    </p>
   </div>
   <div class='ocr_carea' id='block_1_9' title="bbox 216 419 1036 455">
    <p class='ocr_par' dir='ltr' id='par_1_9' title="bbox 216 419 1036 455">
     <span class='ocr_line' id='line_1_9' title="bbox 216 419 1036 455; baseline 0 -10"><span class='ocrx_word' id='word_1_50' title='bbox 216 427 332 446; x_wconf 90' lang='lat' dir='ltr'><strong>versum</strong></span> <span class='ocrx_word' id='word_1_51' title='bbox 348 419 411 446; x_wconf 87' lang='lat' dir='ltr'><strong>Filii</strong></span> <span class='ocrx_word' id='word_1_52' title='bbox 431 427 563 454; x_wconf 84' lang='lat' dir='ltr'><strong>regnum.</strong></span> <span class='ocrx_word' id='word_1_53' title='bbox 575 419 730 455; x_wconf 88' lang='lat' dir='ltr'><strong>Templum</strong></span> <span class='ocrx_word' id='word_1_54' title='bbox 746 420 849 454; x_wconf 86' lang='lat' dir='ltr'><strong>Patris,</strong></span> <span class='ocrx_word' id='word_1_55' title='bbox 861 420 936 455; x_wconf 88' lang='lat' dir='ltr'><strong>quod</strong></span> <span class='ocrx_word' id='word_1_56' title='bbox 955 419 1036 446; x_wconf 90' lang='lat' dir='ltr'><strong>dedi-</strong></span> 
     </span>
    </p>
   </div>
   <div class='ocr_carea' id='block_1_10' title="bbox 217 463 1036 500">
    <p class='ocr_par' dir='ltr' id='par_1_10' title="bbox 217 463 1036 500">
     <span class='ocr_line' id='line_1_10' title="bbox 217 463 1036 500; baseline 0 -10"><span class='ocrx_word' id='word_1_57' title='bbox 217 463 294 490; x_wconf 85' lang='lat' dir='ltr'><strong>cavit</strong></span> <span class='ocrx_word' id='word_1_58' title='bbox 309 463 445 490; x_wconf 85' lang='lat' dir='ltr'><strong>Salomon</strong></span> <span class='ocrx_word' id='word_1_59' title='bbox 463 467 529 497; x_wconf 83' lang='lat' dir='ltr'><strong>Deo,</strong></span> <span class='ocrx_word' id='word_1_60' title='bbox 541 464 595 491; x_wconf 91' lang='lat' dir='ltr'><strong>hoc</strong></span> <span class='ocrx_word' id='word_1_61' title='bbox 611 464 709 500; x_wconf 89' lang='lat' dir='ltr'><strong>ipsum</strong></span> <span class='ocrx_word' id='word_1_62' title='bbox 728 464 789 491; x_wconf 83' lang='lat' dir='ltr'><strong>Filii</strong></span> <span class='ocrx_word' id='word_1_63' title='bbox 805 463 947 499; x_wconf 86' lang='lat' dir='ltr'><strong>templum</strong></span> <span class='ocrx_word' id='word_1_64' title='bbox 962 472 1036 490; x_wconf 89' lang='lat' dir='ltr'><strong>nun-</strong></span> 
     </span>
    </p>
   </div>
   <div class='ocr_carea' id='block_1_11' title="bbox 216 508 1036 543">
    <p class='ocr_par' dir='ltr' id='par_1_11' title="bbox 216 508 1036 543">
     <span class='ocr_line' id='line_1_11' title="bbox 216 508 1036 543; baseline 0.002 -9"><span class='ocrx_word' id='word_1_65' title='bbox 216 509 302 542; x_wconf 86' lang='lat' dir='ltr'><strong>cupat</strong></span> <span class='ocrx_word' id='word_1_66' title='bbox 319 508 467 543; x_wconf 80' lang='lat' dir='ltr'><strong>propheta,</strong></span> <span class='ocrx_word' id='word_1_67' title='bbox 484 516 551 535; x_wconf 89' lang='lat' dir='ltr'><strong>cum</strong></span> <span class='ocrx_word' id='word_1_68' title='bbox 567 509 608 536; x_wconf 82' lang='lat' dir='ltr'><strong>ait</strong></span> <span class='ocrx_word' id='word_1_69' title='bbox 625 521 630 535; x_wconf 75' lang='grc' dir='ltr'><strong>ε</strong></span> <span class='ocrx_word' id='word_1_70' title='bbox 649 520 662 533; x_wconf 92' lang='grc'><strong>‹‹</strong></span> <span class='ocrx_word' id='word_1_71' title='bbox 679 508 782 536; x_wconf 79' lang='lat' dir='ltr'><strong>Statim</strong></span> <span class='ocrx_word' id='word_1_72' title='bbox 799 508 893 536; x_wconf 87' lang='lat' dir='ltr'><strong>veniet</strong></span> <span class='ocrx_word' id='word_1_73' title='bbox 905 509 941 536; x_wconf 85' lang='lat' dir='ltr'><strong>ad</strong></span> <span class='ocrx_word' id='word_1_74' title='bbox 963 510 1036 535; x_wconf 89' lang='lat' dir='ltr'><strong>tem-</strong></span> 
     </span>
    </p>
   </div>
   <div class='ocr_carea' id='block_1_12' title="bbox 218 551 1036 588">
    <p class='ocr_par' dir='ltr' id='par_1_12' title="bbox 218 551 1036 588">
     <span class='ocr_line' id='line_1_12' title="bbox 218 551 1036 588; baseline 0.002 -10"><span class='ocrx_word' id='word_1_75' title='bbox 218 551 300 587; x_wconf 90' lang='lat' dir='ltr'><strong>plum</strong></span> <span class='ocrx_word' id='word_1_76' title='bbox 327 560 414 579; x_wconf 88' lang='lat' dir='ltr'><strong>suum</strong></span> <span class='ocrx_word' id='word_1_77' title='bbox 440 553 591 580; x_wconf 81' lang='lat' dir='ltr'><strong>Dominus.</strong></span> <span class='ocrx_word' id='word_1_78' title='bbox 618 564 632 578; x_wconf 74' lang='grc' dir='ltr'><strong>η</strong></span> <span class='ocrx_word' id='word_1_79' title='bbox 668 553 792 588; x_wconf 86' lang='lat' dir='ltr'><strong>Ideoque</strong></span> <span class='ocrx_word' id='word_1_80' title='bbox 810 552 943 580; x_wconf 89' lang='lat' dir='ltr'><strong>Salvatur</strong></span> <span class='ocrx_word' id='word_1_81' title='bbox 964 552 1005 580; x_wconf 87' lang='lat' dir='ltr'><strong>ait</strong></span> <span class='ocrx_word' id='word_1_82' title='bbox 1030 560 1036 579; x_wconf 94' lang='lat'><strong>:</strong></span> 
     </span>
    </p>
   </div>
   <div class='ocr_carea' id='block_1_13' title="bbox 218 595 1037 631">
    <p class='ocr_par' dir='ltr' id='par_1_13' title="bbox 218 595 1037 631">
     <span class='ocr_line' id='line_1_13' title="bbox 218 595 1037 631; baseline 0.002 -10"><span class='ocrx_word' id='word_1_83' title='bbox 218 607 231 619; x_wconf 84' lang='grc'><strong>‹‹</strong></span> <span class='ocrx_word' id='word_1_84' title='bbox 249 595 351 630; x_wconf 87' lang='lat' dir='ltr'><strong>Ejicite</strong></span> <span class='ocrx_word' id='word_1_85' title='bbox 366 595 427 623; x_wconf 63' lang='lat' dir='ltr'><strong>haec</strong></span> <span class='ocrx_word' id='word_1_86' title='bbox 442 595 559 631; x_wconf 81' lang='lat' dir='ltr'><strong>isthinc,</strong></span> <span class='ocrx_word' id='word_1_87' title='bbox 576 598 604 623; x_wconf 92' lang='lat' dir='ltr'><strong>et</strong></span> <span class='ocrx_word' id='word_1_88' title='bbox 623 596 713 623; x_wconf 88' lang='lat' dir='ltr'><strong>nolite</strong></span> <span class='ocrx_word' id='word_1_89' title='bbox 734 597 826 623; x_wconf 79' lang='lat' dir='ltr'><strong>facere</strong></span> <span class='ocrx_word' id='word_1_90' title='bbox 850 597 969 624; x_wconf 89' lang='lat' dir='ltr'><strong>domum</strong></span> <span class='ocrx_word' id='word_1_91' title='bbox 986 596 1037 623; x_wconf 81' lang='lat' dir='ltr'><strong>Pa-</strong></span> 
     </span>
    </p>
   </div>
   <div class='ocr_carea' id='block_1_14' title="bbox 216 639 1036 676">
    <p class='ocr_par' dir='ltr' id='par_1_14' title="bbox 216 639 1036 676">
     <span class='ocr_line' id='line_1_14' title="bbox 216 639 1036 676; baseline 0 -10"><span class='ocrx_word' id='word_1_92' title='bbox 216 639 270 667; x_wconf 82' lang='lat' dir='ltr'><strong>tris</strong></span> <span class='ocrx_word' id='word_1_93' title='bbox 286 640 354 672; x_wconf 88' lang='lat' dir='ltr'><strong>mei,</strong></span> <span class='ocrx_word' id='word_1_94' title='bbox 370 640 489 667; x_wconf 90' lang='lat' dir='ltr'><strong>domum</strong></span> <span class='ocrx_word' id='word_1_95' title='bbox 509 640 714 676; x_wconf 79' lang='lat' dir='ltr'><strong>negotiationis</strong></span> <span class='ocrx_word' id='word_1_96' title='bbox 730 641 752 658; x_wconf 75' lang='grc'><strong>¹⁹</strong></span> <span class='ocrx_word' id='word_1_97' title='bbox 780 648 786 667; x_wconf 91' lang='lat'>:</span> <span class='ocrx_word' id='word_1_98' title='bbox 820 652 834 665; x_wconf 82' lang='grc'><strong>››</strong></span> <span class='ocrx_word' id='word_1_99' title='bbox 856 640 919 676; x_wconf 85' lang='lat' dir='ltr'><strong>ipse</strong></span> <span class='ocrx_word' id='word_1_100' title='bbox 942 640 1036 667; x_wconf 85' lang='lat' dir='ltr'><strong>dicit:</strong></span> 
     </span>
    </p>
   </div>
   <div class='ocr_carea' id='block_1_15' title="bbox 220 683 1038 720">
    <p class='ocr_par' dir='ltr' id='par_1_15' title="bbox 220 683 1038 720">
     <span class='ocr_line' id='line_1_15' title="bbox 220 683 1038 720; baseline 0.002 -10"><span class='ocrx_word' id='word_1_101' title='bbox 220 693 233 710; x_wconf 78' lang='grc' dir='ltr'><strong>α</strong></span> <span class='ocrx_word' id='word_1_102' title='bbox 250 684 351 718; x_wconf 81' lang='lat' dir='ltr'><strong>Ejicite</strong></span> <span class='ocrx_word' id='word_1_103' title='bbox 365 684 423 711; x_wconf 88' lang='lat' dir='ltr'><strong>ista</strong></span> <span class='ocrx_word' id='word_1_104' title='bbox 437 683 504 711; x_wconf 88' lang='lat' dir='ltr'><strong>hinc</strong></span> <span class='ocrx_word' id='word_1_105' title='bbox 518 692 524 712; x_wconf 91' lang='lat'>:</span> <span class='ocrx_word' id='word_1_106' title='bbox 542 685 647 712; x_wconf 85' lang='lat' dir='ltr'><strong>domus</strong></span> <span class='ocrx_word' id='word_1_107' title='bbox 663 685 740 712; x_wconf 91' lang='lat' dir='ltr'><strong>enim</strong></span> <span class='ocrx_word' id='word_1_108' title='bbox 764 693 839 720; x_wconf 82' lang='lat' dir='ltr'><strong>mea,</strong></span> <span class='ocrx_word' id='word_1_109' title='bbox 855 685 960 712; x_wconf 92' lang='lat' dir='ltr'><strong>domus</strong></span> <span class='ocrx_word' id='word_1_110' title='bbox 974 693 1038 712; x_wconf 87' lang='lat' dir='ltr'><strong>ora-</strong></span> 
     </span>
    </p>
   </div>
   <div class='ocr_carea' id='block_1_16' title="bbox 219 728 1039 765">
    <p class='ocr_par' dir='ltr' id='par_1_16' title="bbox 219 728 1039 765">
     <span class='ocr_line' id='line_1_16' title="bbox 219 728 1039 765; baseline 0.001 -10"><span class='ocrx_word' id='word_1_111' title='bbox 219 728 308 755; x_wconf 82' lang='lat' dir='ltr'><strong>tionis</strong></span> <span class='ocrx_word' id='word_1_112' title='bbox 322 728 482 756; x_wconf 81' lang='lat' dir='ltr'><strong>vocabitur.</strong></span> <span class='ocrx_word' id='word_1_113' title='bbox 500 731 619 763; x_wconf 85' lang='lat' dir='ltr'><strong>Domus;</strong></span> <span class='ocrx_word' id='word_1_114' title='bbox 635 729 740 765; x_wconf 80' lang='lat' dir='ltr'><strong>inquit,</strong></span> <span class='ocrx_word' id='word_1_115' title='bbox 758 729 850 758; x_wconf 82' lang='lat' dir='ltr'><strong>Patris</strong></span> <span class='ocrx_word' id='word_1_116' title='bbox 865 730 932 762; x_wconf 87' lang='lat' dir='ltr'><strong>mei,</strong></span> <span class='ocrx_word' id='word_1_117' title='bbox 948 731 976 757; x_wconf 87' lang='lat' dir='ltr'><strong>et</strong></span> <span class='ocrx_word' id='word_1_118' title='bbox 990 729 1039 756; x_wconf 87' lang='lat' dir='ltr'><strong>do-</strong></span> 
     </span>
    </p>
   </div>
   <div class='ocr_carea' id='block_1_17' title="bbox 221 773 447 800">
    <p class='ocr_par' dir='ltr' id='par_1_17' title="bbox 221 773 447 800">
     <span class='ocr_line' id='line_1_17' title="bbox 221 773 447 800; baseline -0.004 -1"><span class='ocrx_word' id='word_1_119' title='bbox 221 780 288 799; x_wconf 90' lang='lat' dir='ltr'><strong>mus</strong></span> <span class='ocrx_word' id='word_1_120' title='bbox 303 780 368 800; x_wconf 78' lang='lat' dir='ltr'><strong>mea</strong></span> <span class='ocrx_word' id='word_1_121' title='bbox 382 773 415 800; x_wconf 72' lang='lat'><strong>’0.</strong></span> <span class='ocrx_word' id='word_1_122' title='bbox 433 782 447 798; x_wconf 70' lang='grc' dir='ltr'><strong>υ</strong></span> 
     </span>
    </p>
   </div>
   <div class='ocr_carea' id='block_1_18' title="bbox 220 833 1039 877">
    <p class='ocr_par' dir='ltr' id='par_1_18' title="bbox 220 833 1039 877">
     <span class='ocr_line' id='line_1_18' title="bbox 220 833 1039 877; baseline 0.004 -16"><span class='ocrx_word' id='word_1_123' title='bbox 220 833 264 862; x_wconf 85' lang='grc'><strong>36.</strong></span> <span class='ocrx_word' id='word_1_124' title='bbox 281 834 382 862; x_wconf 81' lang='lat' dir='ltr'><strong>Filium</strong></span> <span class='ocrx_word' id='word_1_125' title='bbox 412 834 513 863; x_wconf 83' lang='lat' dir='ltr'><strong>habere</strong></span> <span class='ocrx_word' id='word_1_126' title='bbox 536 843 635 877; x_wconf 72' lang='lat' dir='ltr'><strong>nomen</strong></span> <span class='ocrx_word' id='word_1_127' title='bbox 649 836 753 869; x_wconf 72' lang='lat' dir='ltr'><strong>Patris,</strong></span> <span class='ocrx_word' id='word_1_128' title='bbox 777 838 806 863; x_wconf 85' lang='lat' dir='ltr'><strong>ut</strong></span> <span class='ocrx_word' id='word_1_129' title='bbox 830 836 915 864; x_wconf 84' lang='lat' dir='ltr'><strong>Deum</strong></span> <span class='ocrx_word' id='word_1_130' title='bbox 941 838 966 864; x_wconf 81' lang='lat' dir='ltr'><strong>et</strong></span> <span class='ocrx_word' id='word_1_131' title='bbox 986 836 1039 864; x_wconf 81' lang='lat' dir='ltr'><strong>Do-</strong></span> 
     </span>
    </p>
   </div>
   <div class='ocr_carea' id='block_1_19' title="bbox 567 880 685 899">
    <p class='ocr_par' dir='ltr' id='par_1_19' title="bbox 567 880 685 899">
     <span class='ocr_line' id='line_1_19' title="bbox 567 880 685 899; baseline 0.008 -1"><span class='ocrx_word' id='word_1_132' title='bbox 567 880 685 899; x_wconf 75' lang='lat' dir='ltr'><strong>mtuum.</strong></span> 
     </span>
    </p>
   </div>
   <div class='ocr_carea' id='block_1_20' title="bbox 1092 281 1918 318">
    <p class='ocr_par' dir='ltr' id='par_1_20' title="bbox 1092 281 1918 318">
     <span class='ocr_line' id='line_1_20' title="bbox 1092 281 1918 318; baseline -0.001 -7"><span class='ocrx_word' id='word_1_133' title='bbox 1092 282 1139 314; x_wconf 96' lang='grc' dir='ltr'><strong>λος</strong></span> <span class='ocrx_word' id='word_1_134' title='bbox 1165 286 1215 318; x_wconf 75' lang='grc' dir='ltr'>τῆς</span> <span class='ocrx_word' id='word_1_135' title='bbox 1246 281 1390 318; x_wconf 71' lang='grc' dir='ltr'>διαθήκης,</span> <span class='ocrx_word' id='word_1_136' title='bbox 1416 282 1444 309; x_wconf 76' lang='grc' dir='ltr'><strong>ὅν</strong></span> <span class='ocrx_word' id='word_1_137' title='bbox 1469 283 1546 318; x_wconf 67' lang='grc' dir='ltr'>ὑμεῖς</span> <span class='ocrx_word' id='word_1_138' title='bbox 1571 282 1671 311; x_wconf 75' lang='grc' dir='ltr'>θέλετε.</span> <span class='ocrx_word' id='word_1_139' title='bbox 1702 294 1716 307; x_wconf 83' lang='grc'><strong>››</strong></span> <span class='ocrx_word' id='word_1_140' title='bbox 1744 285 1811 310; x_wconf 76' lang='grc' dir='ltr'>Θεοῦ</span> <span class='ocrx_word' id='word_1_141' title='bbox 1841 282 1886 310; x_wconf 73' lang='grc' dir='ltr'>οὖν</span> <span class='ocrx_word' id='word_1_142' title='bbox 1904 283 1918 310; x_wconf 83' lang='lat'><strong>6</strong></span> 
     </span>
    </p>
   </div>
   <div class='ocr_carea' id='block_1_21' title="bbox 1090 326 1917 365">
    <p class='ocr_par' dir='ltr' id='par_1_21' title="bbox 1090 326 1917 365">
     <span class='ocr_line' id='line_1_21' title="bbox 1090 326 1917 365; baseline -0.001 -10"><span class='ocrx_word' id='word_1_143' title='bbox 1090 327 1164 363; x_wconf 77' lang='grc' dir='ltr'>ναὸς,</span> <span class='ocrx_word' id='word_1_144' title='bbox 1180 327 1223 354; x_wconf 83' lang='grc' dir='ltr'><strong>καὶ</strong></span> <span class='ocrx_word' id='word_1_145' title='bbox 1240 326 1315 365; x_wconf 73' lang='grc' dir='ltr'>λέγει</span> <span class='ocrx_word' id='word_1_146' title='bbox 1331 327 1428 354; x_wconf 65' lang='grc' dir='ltr'>ἑαυτοῦ</span> <span class='ocrx_word' id='word_1_147' title='bbox 1444 327 1509 354; x_wconf 79' lang='grc' dir='ltr'>εἶναι</span> <span class='ocrx_word' id='word_1_148' title='bbox 1524 326 1570 354; x_wconf 82' lang='grc' dir='ltr'><strong>τὸν</strong></span> <span class='ocrx_word' id='word_1_149' title='bbox 1591 328 1665 362; x_wconf 83' lang='grc' dir='ltr'>ναὸν,</span> <span class='ocrx_word' id='word_1_150' title='bbox 1696 327 1734 358; x_wconf 79' lang='grc' dir='ltr'>ὡς</span> <span class='ocrx_word' id='word_1_151' title='bbox 1767 328 1806 364; x_wconf 78' lang='grc' dir='ltr'>μὴ</span> <span class='ocrx_word' id='word_1_152' title='bbox 1835 338 1917 364; x_wconf 84' lang='grc' dir='ltr'>νομι-</span> 
     </span>
    </p>
   </div>
   <div class='ocr_carea' id='block_1_22' title="bbox 1091 370 1919 410">
    <p class='ocr_par' dir='ltr' id='par_1_22' title="bbox 1091 370 1919 410">
     <span class='ocr_line' id='line_1_22' title="bbox 1091 370 1919 410; baseline 0 -11"><span class='ocrx_word' id='word_1_153' title='bbox 1091 373 1186 406; x_wconf 82' lang='grc' dir='ltr'>σθῆναι</span> <span class='ocrx_word' id='word_1_154' title='bbox 1210 371 1300 409; x_wconf 74' lang='grc' dir='ltr'>ἑτέραν</span> <span class='ocrx_word' id='word_1_155' title='bbox 1325 371 1391 398; x_wconf 77' lang='grc' dir='ltr'>εἶναι</span> <span class='ocrx_word' id='word_1_156' title='bbox 1416 374 1463 398; x_wconf 75' lang='grc' dir='ltr'>τοῦ</span> <span class='ocrx_word' id='word_1_157' title='bbox 1488 372 1592 410; x_wconf 83' lang='grc' dir='ltr'>Πατρὸς</span> <span class='ocrx_word' id='word_1_158' title='bbox 1612 373 1661 406; x_wconf 83' lang='grc' dir='ltr'><strong>τήν</strong></span> <span class='ocrx_word' id='word_1_159' title='bbox 1678 370 1845 407; x_wconf 73' lang='grc' dir='ltr'><strong>δεσποτείαν,</strong></span> <span class='ocrx_word' id='word_1_160' title='bbox 1870 371 1919 399; x_wconf 67' lang='grc' dir='ltr'><strong>καὶ</strong></span> 
     </span>
    </p>
   </div>
   <div class='ocr_carea' id='block_1_23' title="bbox 1091 416 1917 454">
    <p class='ocr_par' dir='ltr' id='par_1_23' title="bbox 1091 416 1917 454">
     <span class='ocr_line' id='line_1_23' title="bbox 1091 416 1917 454; baseline 0 -11"><span class='ocrx_word' id='word_1_161' title='bbox 1091 417 1181 454; x_wconf 69' lang='grc' dir='ltr'>ὶτέραν</span> <span class='ocrx_word' id='word_1_162' title='bbox 1197 418 1244 443; x_wconf 74' lang='grc' dir='ltr'>τοῦ</span> <span class='ocrx_word' id='word_1_163' title='bbox 1261 416 1324 443; x_wconf 78' lang='grc' dir='ltr'><strong>Υἳοῦ</strong></span> <span class='ocrx_word' id='word_1_164' title='bbox 1338 416 1388 450; x_wconf 81' lang='grc' dir='ltr'><strong>τήν</strong></span> <span class='ocrx_word' id='word_1_165' title='bbox 1407 416 1557 453; x_wconf 81' lang='grc' dir='ltr'>βασιλείαν.</span> <span class='ocrx_word' id='word_1_166' title='bbox 1573 417 1623 444; x_wconf 82' lang='grc' dir='ltr'>Τὸν</span> <span class='ocrx_word' id='word_1_167' title='bbox 1639 417 1700 443; x_wconf 84' lang='grc' dir='ltr'>ναὸν</span> <span class='ocrx_word' id='word_1_168' title='bbox 1725 418 1773 444; x_wconf 81' lang='grc' dir='ltr'><strong>τοῦ</strong></span> <span class='ocrx_word' id='word_1_169' title='bbox 1798 417 1917 453; x_wconf 80' lang='grc' dir='ltr'>Πατρὸς,</span> 
     </span>
    </p>
   </div>
   <div class='ocr_carea' id='block_1_24' title="bbox 1091 459 1917 497">
    <p class='ocr_par' dir='ltr' id='par_1_24' title="bbox 1091 459 1917 497">
     <span class='ocr_line' id='line_1_24' title="bbox 1091 459 1917 497; baseline 0 -10"><span class='ocrx_word' id='word_1_170' title='bbox 1091 460 1120 488; x_wconf 80' lang='grc' dir='ltr'><strong>ὅν</strong></span> <span class='ocrx_word' id='word_1_171' title='bbox 1150 460 1276 493; x_wconf 73' lang='grc' dir='ltr'><strong>ἀνέθηκεν</strong></span> <span class='ocrx_word' id='word_1_172' title='bbox 1305 461 1320 486; x_wconf 71' lang='grc' dir='ltr'>ὁ</span> <span class='ocrx_word' id='word_1_173' title='bbox 1344 459 1478 496; x_wconf 84' lang='grc' dir='ltr'>Σολομὼν</span> <span class='ocrx_word' id='word_1_174' title='bbox 1503 463 1542 496; x_wconf 83' lang='grc' dir='ltr'>τῷ</span> <span class='ocrx_word' id='word_1_175' title='bbox 1566 463 1633 497; x_wconf 83' lang='grc' dir='ltr'>Θεῷ,</span> <span class='ocrx_word' id='word_1_176' title='bbox 1659 463 1753 488; x_wconf 73' lang='grc' dir='ltr'>τοῦτον</span> <span class='ocrx_word' id='word_1_177' title='bbox 1779 460 1841 488; x_wconf 79' lang='grc' dir='ltr'>ναόν</span> <span class='ocrx_word' id='word_1_178' title='bbox 1866 462 1917 488; x_wconf 80' lang='grc' dir='ltr'><strong>τοῦ</strong></span> 
     </span>
    </p>
   </div>
   <div class='ocr_carea' id='block_1_25' title="bbox 1091 504 1916 544">
    <p class='ocr_par' dir='ltr' id='par_1_25' title="bbox 1091 504 1916 544">
     <span class='ocr_line' id='line_1_25' title="bbox 1091 504 1916 544; baseline 0 -12"><span class='ocrx_word' id='word_1_179' title='bbox 1091 506 1155 532; x_wconf 82' lang='grc' dir='ltr'>Υἳοῦ</span> <span class='ocrx_word' id='word_1_180' title='bbox 1183 504 1262 532; x_wconf 85' lang='grc' dir='ltr'>καλεῖ</span> <span class='ocrx_word' id='word_1_181' title='bbox 1292 504 1306 531; x_wconf 86' lang='lat'><strong>6</strong></span> <span class='ocrx_word' id='word_1_182' title='bbox 1330 506 1484 543; x_wconf 67' lang='grc' dir='ltr'>προφήτης·</span> <span class='ocrx_word' id='word_1_183' title='bbox 1510 517 1524 531; x_wconf 92' lang='grc'><strong>‹‹</strong></span> <span class='ocrx_word' id='word_1_184' title='bbox 1553 505 1696 544; x_wconf 78' lang='grc' dir='ltr'>Ἐξαίφνης</span> <span class='ocrx_word' id='word_1_185' title='bbox 1722 504 1780 540; x_wconf 74' lang='grc' dir='ltr'>ἥξει</span> <span class='ocrx_word' id='word_1_186' title='bbox 1806 504 1843 535; x_wconf 71' lang='grc' dir='ltr'>εἷς</span> <span class='ocrx_word' id='word_1_187' title='bbox 1868 504 1916 532; x_wconf 83' lang='grc' dir='ltr'>τόν</span> 
     </span>
    </p>
   </div>
   <div class='ocr_carea' id='block_1_26' title="bbox 1091 549 1917 587">
    <p class='ocr_par' dir='ltr' id='par_1_26' title="bbox 1091 549 1917 587">
     <span class='ocr_line' id='line_1_26' title="bbox 1091 549 1917 587; baseline -0.001 -10"><span class='ocrx_word' id='word_1_188' title='bbox 1091 550 1154 577; x_wconf 80' lang='grc' dir='ltr'>ναὸν</span> <span class='ocrx_word' id='word_1_189' title='bbox 1184 549 1280 577; x_wconf 68' lang='grc' dir='ltr'>ἑαυτοῦ</span> <span class='ocrx_word' id='word_1_190' title='bbox 1304 549 1318 576; x_wconf 86' lang='lat'><strong>6</strong></span> <span class='ocrx_word' id='word_1_191' title='bbox 1344 549 1452 587; x_wconf 73' lang='grc' dir='ltr'>Κύριος.</span> <span class='ocrx_word' id='word_1_192' title='bbox 1478 563 1488 576; x_wconf 80' lang='grc' dir='ltr'><strong>ι</strong></span> <span class='ocrx_word' id='word_1_193' title='bbox 1517 550 1565 577; x_wconf 85' lang='grc' dir='ltr'>Διᾶ</span> <span class='ocrx_word' id='word_1_194' title='bbox 1586 552 1667 577; x_wconf 78' lang='grc' dir='ltr'>τοῦτο</span> <span class='ocrx_word' id='word_1_195' title='bbox 1683 550 1697 576; x_wconf 89' lang='lat'><strong>6</strong></span> <span class='ocrx_word' id='word_1_196' title='bbox 1714 550 1813 583; x_wconf 82' lang='grc' dir='ltr'>Σωτήο</span> <span class='ocrx_word' id='word_1_197' title='bbox 1830 549 1917 587; x_wconf 76' lang='grc' dir='ltr'>λέγει·</span> 
     </span>
    </p>
   </div>
   <div class='ocr_carea' id='block_1_27' title="bbox 1095 592 1917 630">
    <p class='ocr_par' dir='ltr' id='par_1_27' title="bbox 1095 592 1917 630">
     <span class='ocr_line' id='line_1_27' title="bbox 1095 592 1917 630; baseline 0 -9"><span class='ocrx_word' id='word_1_198' title='bbox 1095 605 1106 619; x_wconf 82' lang='grc' dir='ltr'><strong>ι</strong></span> <span class='ocrx_word' id='word_1_199' title='bbox 1133 592 1277 621; x_wconf 70' lang='grc' dir='ltr'>Ἐκϐάλετε</span> <span class='ocrx_word' id='word_1_200' title='bbox 1297 595 1380 620; x_wconf 80' lang='grc' dir='ltr'>ταῦτα</span> <span class='ocrx_word' id='word_1_201' title='bbox 1404 593 1521 621; x_wconf 81' lang='grc' dir='ltr'>ἐντεῦθεν</span> <span class='ocrx_word' id='word_1_202' title='bbox 1548 595 1613 629; x_wconf 77' lang='grc'>(88),</span> <span class='ocrx_word' id='word_1_203' title='bbox 1637 594 1682 621; x_wconf 87' lang='grc' dir='ltr'>καὶ</span> <span class='ocrx_word' id='word_1_204' title='bbox 1699 594 1737 630; x_wconf 81' lang='grc' dir='ltr'>μὴ</span> <span class='ocrx_word' id='word_1_205' title='bbox 1753 596 1857 621; x_wconf 73' lang='grc' dir='ltr'>ποιεῖτε</span> <span class='ocrx_word' id='word_1_206' title='bbox 1870 594 1917 621; x_wconf 83' lang='grc' dir='ltr'><strong>τὸν</strong></span> 
     </span>
    </p>
   </div>
   <div class='ocr_carea' id='block_1_28' title="bbox 1092 636 1916 676">
    <p class='ocr_par' dir='ltr' id='par_1_28' title="bbox 1092 636 1916 676">
     <span class='ocr_line' id='line_1_28' title="bbox 1092 636 1916 676; baseline -0.001 -10"><span class='ocrx_word' id='word_1_207' title='bbox 1092 640 1166 666; x_wconf 81' lang='grc' dir='ltr'>οἷκον</span> <span class='ocrx_word' id='word_1_208' title='bbox 1182 640 1230 666; x_wconf 78' lang='grc' dir='ltr'><strong>τοῦ</strong></span> <span class='ocrx_word' id='word_1_209' title='bbox 1246 636 1349 675; x_wconf 75' lang='grc' dir='ltr'>Πατρός</span> <span class='ocrx_word' id='word_1_210' title='bbox 1366 648 1419 674; x_wconf 88' lang='grc' dir='ltr'><strong>μου</strong></span> <span class='ocrx_word' id='word_1_211' title='bbox 1434 638 1508 665; x_wconf 77' lang='grc' dir='ltr'>οἶκον</span> <span class='ocrx_word' id='word_1_212' title='bbox 1523 638 1668 676; x_wconf 74' lang='grc' dir='ltr'>ἐμπορίου·</span> <span class='ocrx_word' id='word_1_213' title='bbox 1687 650 1701 664; x_wconf 86' lang='grc'><strong>››</strong></span> <span class='ocrx_word' id='word_1_214' title='bbox 1724 638 1804 669; x_wconf 75' lang='grc' dir='ltr'>αὐτός</span> <span class='ocrx_word' id='word_1_215' title='bbox 1831 637 1916 676; x_wconf 68' lang='grc' dir='ltr'>λέγει·</span> 
     </span>
    </p>
   </div>
   <div class='ocr_carea' id='block_1_29' title="bbox 1093 680 1916 721">
    <p class='ocr_par' dir='ltr' id='par_1_29' title="bbox 1093 680 1916 721">
     <span class='ocr_line' id='line_1_29' title="bbox 1093 680 1916 721; baseline 0.002 -13"><span class='ocrx_word' id='word_1_216' title='bbox 1093 695 1107 709; x_wconf 81' lang='grc'><strong>‹‹</strong></span> <span class='ocrx_word' id='word_1_217' title='bbox 1124 680 1268 711; x_wconf 75' lang='grc' dir='ltr'>Ἐκῦάλετε</span> <span class='ocrx_word' id='word_1_218' title='bbox 1290 685 1372 710; x_wconf 81' lang='grc' dir='ltr'>ταῦτα</span> <span class='ocrx_word' id='word_1_219' title='bbox 1398 681 1526 710; x_wconf 67' lang='grc' dir='ltr'>ἐντεῦθεν·</span> <span class='ocrx_word' id='word_1_220' title='bbox 1557 683 1571 710; x_wconf 84' lang='grc' dir='ltr'>ὁ</span> <span class='ocrx_word' id='word_1_221' title='bbox 1601 683 1653 721; x_wconf 77' lang='grc' dir='ltr'><strong>γὰρ</strong></span> <span class='ocrx_word' id='word_1_222' title='bbox 1678 682 1752 713; x_wconf 78' lang='grc' dir='ltr'>οἶκός</span> <span class='ocrx_word' id='word_1_223' title='bbox 1770 693 1823 719; x_wconf 87' lang='grc' dir='ltr'><strong>μου</strong></span> <span class='ocrx_word' id='word_1_224' title='bbox 1838 683 1916 713; x_wconf 82' lang='grc' dir='ltr'>οἶκος</span> 
     </span>
    </p>
   </div>
   <div class='ocr_carea' id='block_1_30' title="bbox 1092 726 1917 766">
    <p class='ocr_par' dir='ltr' id='par_1_30' title="bbox 1092 726 1917 766">
     <span class='ocr_line' id='line_1_30' title="bbox 1092 726 1917 766; baseline -0.001 -11"><span class='ocrx_word' id='word_1_225' title='bbox 1092 730 1248 765; x_wconf 83' lang='grc' dir='ltr'><strong>προσευχῆς</strong></span> <span class='ocrx_word' id='word_1_226' title='bbox 1263 726 1441 762; x_wconf 79' lang='grc' dir='ltr'>κληθήσεται.</span> <span class='ocrx_word' id='word_1_227' title='bbox 1457 728 1485 754; x_wconf 82' lang='grc'><strong>’0</strong></span> <span class='ocrx_word' id='word_1_228' title='bbox 1501 727 1585 764; x_wconf 79' lang='grc' dir='ltr'>οἶκος,</span> <span class='ocrx_word' id='word_1_229' title='bbox 1602 727 1729 766; x_wconf 77' lang='grc' dir='ltr'>φησὶ,τοῦ</span> <span class='ocrx_word' id='word_1_230' title='bbox 1746 726 1852 764; x_wconf 80' lang='grc' dir='ltr'>Πατρός</span> <span class='ocrx_word' id='word_1_231' title='bbox 1864 737 1917 763; x_wconf 85' lang='grc' dir='ltr'><strong>μου</strong></span> 
     </span>
    </p>
   </div>
   <div class='ocr_carea' id='block_1_31' title="bbox 1092 770 1335 807">
    <p class='ocr_par' dir='ltr' id='par_1_31' title="bbox 1092 770 1335 807">
     <span class='ocr_line' id='line_1_31' title="bbox 1092 770 1335 807; baseline -0.012 -8"><span class='ocrx_word' id='word_1_232' title='bbox 1092 771 1137 799; x_wconf 83' lang='grc' dir='ltr'><strong>καὶ</strong></span> <span class='ocrx_word' id='word_1_233' title='bbox 1152 770 1225 802; x_wconf 82' lang='grc' dir='ltr'>οἶκός</span> <span class='ocrx_word' id='word_1_234' title='bbox 1241 781 1304 807; x_wconf 87' lang='grc' dir='ltr'>μου.</span> <span class='ocrx_word' id='word_1_235' title='bbox 1322 783 1335 797; x_wconf 87' lang='grc'><strong>››</strong></span> 
     </span>
    </p>
   </div>
   <div class='ocr_carea' id='block_1_32' title="bbox 1093 831 1918 871">
    <p class='ocr_par' dir='ltr' id='par_1_32' title="bbox 1093 831 1918 871">
     <span class='ocr_line' id='line_1_32' title="bbox 1093 831 1918 871; baseline -0.002 -9"><span class='ocrx_word' id='word_1_236' title='bbox 1093 835 1138 862; x_wconf 80' lang='grc'><strong>36.</strong></span> <span class='ocrx_word' id='word_1_237' title='bbox 1154 835 1213 861; x_wconf 74' lang='grc' dir='ltr'>Ὀτι</span> <span class='ocrx_word' id='word_1_238' title='bbox 1230 833 1244 860; x_wconf 89' lang='lat'><strong>6</strong></span> <span class='ocrx_word' id='word_1_239' title='bbox 1259 833 1321 864; x_wconf 72' lang='grc' dir='ltr'><strong>Υἱὸς</strong></span> <span class='ocrx_word' id='word_1_240' title='bbox 1341 833 1372 860; x_wconf 84' lang='grc' dir='ltr'><strong>τὸ</strong></span> <span class='ocrx_word' id='word_1_241' title='bbox 1396 831 1481 871; x_wconf 77' lang='grc' dir='ltr'>ὄνομα</span> <span class='ocrx_word' id='word_1_242' title='bbox 1504 833 1553 871; x_wconf 70' lang='grc' dir='ltr'>τοῦ</span> <span class='ocrx_word' id='word_1_243' title='bbox 1576 834 1680 870; x_wconf 83' lang='grc' dir='ltr'>Πατρὸς</span> <span class='ocrx_word' id='word_1_244' title='bbox 1703 831 1773 871; x_wconf 83' lang='grc' dir='ltr'>ἔχει,</span> <span class='ocrx_word' id='word_1_245' title='bbox 1797 832 1835 863; x_wconf 85' lang='grc' dir='ltr'>ὡς</span> <span class='ocrx_word' id='word_1_246' title='bbox 1850 832 1918 864; x_wconf 81' lang='grc' dir='ltr'>Θεὸς</span> 
     </span>
    </p>
   </div>
   <div class='ocr_carea' id='block_1_33' title="bbox 1417 869 1588 907">
    <p class='ocr_par' dir='ltr' id='par_1_33' title="bbox 1417 869 1588 907">
     <span class='ocr_line' id='line_1_33' title="bbox 1417 869 1588 907; baseline 0 -11"><span class='ocrx_word' id='word_1_247' title='bbox 1417 870 1462 896; x_wconf 84' lang='grc' dir='ltr'>καὶ</span> <span class='ocrx_word' id='word_1_248' title='bbox 1479 869 1588 907; x_wconf 81' lang='grc' dir='ltr'>Κύριος.</span> 
     </span>
    </p>
   </div>
   <div class='ocr_carea' id='block_1_34' title="bbox 260 920 1042 960">
    <p class='ocr_par' dir='ltr' id='par_1_34' title="bbox 260 923 1038 960">
     <span class='ocr_line' id='line_1_34' title="bbox 260 923 1038 960; baseline 0.005 -11"><span class='ocrx_word' id='word_1_249' title='bbox 260 923 397 950; x_wconf 81' lang='lat' dir='ltr'><strong>Testatur</strong></span> <span class='ocrx_word' id='word_1_250' title='bbox 412 924 496 951; x_wconf 89' lang='lat' dir='ltr'><strong>Pater</strong></span> <span class='ocrx_word' id='word_1_251' title='bbox 519 924 548 951; x_wconf 93' lang='lat' dir='ltr'><strong>in</strong></span> <span class='ocrx_word' id='word_1_252' title='bbox 564 925 660 952; x_wconf 84' lang='lat' dir='ltr'><strong>Exodo</strong></span> <span class='ocrx_word' id='word_1_253' title='bbox 689 934 694 952; x_wconf 95' lang='lat'>:</span> <span class='ocrx_word' id='word_1_254' title='bbox 716 925 786 953; x_wconf 84' lang='lat' dir='ltr'><strong>Ecce</strong></span> <span class='ocrx_word' id='word_1_255' title='bbox 810 933 863 960; x_wconf 84' lang='lat' dir='ltr'><strong>ego</strong></span> <span class='ocrx_word' id='word_1_256' title='bbox 882 925 964 953; x_wconf 87' lang='lat' dir='ltr'><strong>mitto</strong></span> <span class='ocrx_word' id='word_1_257' title='bbox 979 927 1038 952; x_wconf 83' lang='lat' dir='ltr'><strong>An-</strong></span> 
     </span>
    </p>
   </div>
   <div class='ocr_carea' id='block_1_35' title="bbox 1095 920 1916 960">
    <p class='ocr_par' dir='ltr' id='par_1_35' title="bbox 1128 920 1916 960">
     <span class='ocr_line' id='line_1_35' title="bbox 1128 920 1916 960; baseline 0 -12"><span class='ocrx_word' id='word_1_258' title='bbox 1128 923 1265 960; x_wconf 76' lang='grc' dir='ltr'>Μαρτυρεῖ</span> <span class='ocrx_word' id='word_1_259' title='bbox 1279 921 1293 948; x_wconf 90' lang='lat'><strong>6</strong></span> <span class='ocrx_word' id='word_1_260' title='bbox 1320 921 1413 959; x_wconf 85' lang='grc' dir='ltr'>Πατὴρ</span> <span class='ocrx_word' id='word_1_261' title='bbox 1435 920 1462 948; x_wconf 72' lang='grc' dir='ltr'>ἐν</span> <span class='ocrx_word' id='word_1_262' title='bbox 1477 923 1511 959; x_wconf 80' lang='grc' dir='ltr'><strong>τῇ</strong></span> <span class='ocrx_word' id='word_1_263' title='bbox 1527 921 1638 958; x_wconf 68' lang='grc' dir='ltr'><strong>Ἐξόδῳθ</strong></span> <span class='ocrx_word' id='word_1_264' title='bbox 1654 934 1669 948; x_wconf 74' lang='grc' dir='ltr'>(ι</span> <span class='ocrx_word' id='word_1_265' title='bbox 1683 920 1754 950; x_wconf 85' lang='grc' dir='ltr'><strong>Ἰδοὺ</strong></span> <span class='ocrx_word' id='word_1_266' title='bbox 1779 920 1832 959; x_wconf 69' lang='grc' dir='ltr'><strong>ἐγὼ</strong></span> <span class='ocrx_word' id='word_1_267' title='bbox 1847 921 1916 948; x_wconf 81' lang='grc' dir='ltr'>ἁπο-</span> 
     </span>
    </p>
   </div>
   <div class='ocr_carea' id='block_1_36' title="bbox 224 967 1040 1002">
    <p class='ocr_par' dir='ltr' id='par_1_36' title="bbox 224 967 1040 1002">
     <span class='ocr_line' id='line_1_36' title="bbox 224 967 1040 1002; baseline 0.005 -9"><span class='ocrx_word' id='word_1_268' title='bbox 224 967 321 1002; x_wconf 80' lang='lat' dir='ltr'><strong>gelum</strong></span> <span class='ocrx_word' id='word_1_269' title='bbox 339 976 437 995; x_wconf 91' lang='lat' dir='ltr'><strong>meum</strong></span> <span class='ocrx_word' id='word_1_270' title='bbox 453 971 520 996; x_wconf 83' lang='lat' dir='ltr'><strong>ante</strong></span> <span class='ocrx_word' id='word_1_271' title='bbox 535 969 635 997; x_wconf 84' lang='lat' dir='ltr'><strong>faciem</strong></span> <span class='ocrx_word' id='word_1_272' title='bbox 652 972 743 1002; x_wconf 88' lang='lat' dir='ltr'><strong>tuam,</strong></span> <span class='ocrx_word' id='word_1_273' title='bbox 762 972 794 997; x_wconf 89' lang='lat' dir='ltr'><strong>ut</strong></span> <span class='ocrx_word' id='word_1_274' title='bbox 812 969 956 997; x_wconf 83' lang='lat' dir='ltr'><strong>custodiat</strong></span> <span class='ocrx_word' id='word_1_275' title='bbox 968 972 996 997; x_wconf 89' lang='lat' dir='ltr'><strong>te</strong></span> <span class='ocrx_word' id='word_1_276' title='bbox 1011 970 1040 997; x_wconf 93' lang='lat' dir='ltr'><strong>in</strong></span> 
     </span>
    </p>
   </div>
   <div class='ocr_carea' id='block_1_37' title="bbox 223 1011 1042 1050">
    <p class='ocr_par' dir='ltr' id='par_1_37' title="bbox 223 1011 1042 1050">
     <span class='ocr_line' id='line_1_37' title="bbox 223 1011 1042 1050; baseline 0.005 -12"><span class='ocrx_word' id='word_1_277' title='bbox 223 1011 280 1043; x_wconf 81' lang='lat' dir='ltr'><strong>via,</strong></span> <span class='ocrx_word' id='word_1_278' title='bbox 296 1014 328 1039; x_wconf 86' lang='lat' dir='ltr'><strong>ut</strong></span> <span class='ocrx_word' id='word_1_279' title='bbox 343 1012 508 1040; x_wconf 87' lang='lat' dir='ltr'><strong>introducat</strong></span> <span class='ocrx_word' id='word_1_280' title='bbox 520 1015 548 1041; x_wconf 86' lang='lat' dir='ltr'><strong>te</strong></span> <span class='ocrx_word' id='word_1_281' title='bbox 562 1013 591 1041; x_wconf 89' lang='lat' dir='ltr'><strong>in</strong></span> <span class='ocrx_word' id='word_1_282' title='bbox 616 1016 733 1048; x_wconf 86' lang='lat' dir='ltr'><strong>terram,</strong></span> <span class='ocrx_word' id='word_1_283' title='bbox 757 1022 845 1049; x_wconf 90' lang='lat' dir='ltr'><strong>quam</strong></span> <span class='ocrx_word' id='word_1_284' title='bbox 873 1014 1042 1050; x_wconf 70' lang='lat' dir='ltr'><strong>przeparavit</strong></span> 
     </span>
    </p>
   </div>
   <div class='ocr_carea' id='block_1_38' title="bbox 225 1055 1042 1094">
    <p class='ocr_par' dir='ltr' id='par_1_38' title="bbox 225 1055 1042 1094">
     <span class='ocr_line' id='line_1_38' title="bbox 225 1055 1042 1094; baseline 0.005 -12"><span class='ocrx_word' id='word_1_285' title='bbox 225 1055 279 1083; x_wconf 84' lang='lat' dir='ltr'><strong>tibi</strong></span> <span class='ocrx_word' id='word_1_286' title='bbox 293 1064 299 1083; x_wconf 88' lang='lat'><strong>:</strong></span> <span class='ocrx_word' id='word_1_287' title='bbox 316 1057 431 1084; x_wconf 85' lang='lat' dir='ltr'><strong>attende</strong></span> <span class='ocrx_word' id='word_1_288' title='bbox 446 1057 499 1084; x_wconf 87' lang='lat' dir='ltr'><strong>tibi</strong></span> <span class='ocrx_word' id='word_1_289' title='bbox 510 1066 543 1086; x_wconf 87' lang='lat' dir='ltr'><strong>ea</strong></span> <span class='ocrx_word' id='word_1_290' title='bbox 553 1058 686 1086; x_wconf 84' lang='lat' dir='ltr'><strong>ausculta</strong></span> <span class='ocrx_word' id='word_1_291' title='bbox 696 1067 774 1094; x_wconf 86' lang='lat' dir='ltr'><strong>eum,</strong></span> <span class='ocrx_word' id='word_1_292' title='bbox 788 1067 823 1086; x_wconf 90' lang='lat' dir='ltr'><strong>ne</strong></span> <span class='ocrx_word' id='word_1_293' title='bbox 834 1058 875 1086; x_wconf 87' lang='lat' dir='ltr'><strong>sis</strong></span> <span class='ocrx_word' id='word_1_294' title='bbox 890 1059 915 1086; x_wconf 87' lang='lat' dir='ltr'><strong>ei</strong></span> <span class='ocrx_word' id='word_1_295' title='bbox 930 1059 1042 1086; x_wconf 89' lang='lat' dir='ltr'><strong>inobse-</strong></span> 
     </span>
    </p>
   </div>
   <div class='ocr_carea' id='block_1_39' title="bbox 226 1101 1041 1139">
    <p class='ocr_par' dir='ltr' id='par_1_39' title="bbox 226 1101 1041 1139">
     <span class='ocr_line' id='line_1_39' title="bbox 226 1101 1041 1139; baseline 0.005 -12"><span class='ocrx_word' id='word_1_296' title='bbox 226 1108 328 1135; x_wconf 87' lang='lat' dir='ltr'><strong>quens.</strong></span> <span class='ocrx_word' id='word_1_297' title='bbox 346 1101 407 1128; x_wconf 92' lang='lat' dir='ltr'><strong>Non</strong></span> <span class='ocrx_word' id='word_1_298' title='bbox 432 1102 509 1129; x_wconf 90' lang='lat' dir='ltr'><strong>enim</strong></span> <span class='ocrx_word' id='word_1_299' title='bbox 535 1103 687 1130; x_wconf 86' lang='lat' dir='ltr'><strong>remissius</strong></span> <span class='ocrx_word' id='word_1_300' title='bbox 711 1105 776 1139; x_wconf 80' lang='lat' dir='ltr'><strong>aget</strong></span> <span class='ocrx_word' id='word_1_301' title='bbox 798 1105 894 1131; x_wconf 82' lang='lat' dir='ltr'><strong>tecum</strong></span> <span class='ocrx_word' id='word_1_302' title='bbox 912 1112 918 1131; x_wconf 89' lang='lat'>:</span> <span class='ocrx_word' id='word_1_303' title='bbox 935 1111 1041 1130; x_wconf 85' lang='lat' dir='ltr'><strong>nomen</strong></span> 
     </span>
    </p>
   </div>
   <div class='ocr_carea' id='block_1_40' title="bbox 224 1145 1041 1175">
    <p class='ocr_par' dir='ltr' id='par_1_40' title="bbox 224 1145 1041 1175">
     <span class='ocr_line' id='line_1_40' title="bbox 224 1145 1041 1175; baseline 0.004 -3"><span class='ocrx_word' id='word_1_304' title='bbox 224 1145 302 1172; x_wconf 85' lang='lat' dir='ltr'><strong>enim</strong></span> <span class='ocrx_word' id='word_1_305' title='bbox 329 1153 425 1173; x_wconf 83' lang='lat' dir='ltr'><strong>meum</strong></span> <span class='ocrx_word' id='word_1_306' title='bbox 451 1148 495 1174; x_wconf 89' lang='lat' dir='ltr'><strong>est</strong></span> <span class='ocrx_word' id='word_1_307' title='bbox 517 1146 545 1173; x_wconf 87' lang='lat' dir='ltr'><strong>in</strong></span> <span class='ocrx_word' id='word_1_308' title='bbox 568 1146 617 1175; x_wconf 91' lang='lat' dir='ltr'><strong>illo</strong></span> <span class='ocrx_word' id='word_1_309' title='bbox 641 1147 673 1175; x_wconf 80' lang='grc'><strong>¹¹.</strong></span> <span class='ocrx_word' id='word_1_310' title='bbox 701 1159 715 1172; x_wconf 73' lang='grc' dir='ltr'><strong>υ</strong></span> <span class='ocrx_word' id='word_1_311' title='bbox 741 1147 821 1175; x_wconf 90' lang='lat' dir='ltr'><strong>Unde</strong></span> <span class='ocrx_word' id='word_1_312' title='bbox 848 1149 876 1175; x_wconf 85' lang='lat' dir='ltr'><strong>et</strong></span> <span class='ocrx_word' id='word_1_313' title='bbox 902 1147 991 1175; x_wconf 81' lang='lat' dir='ltr'><strong>Filius</strong></span> <span class='ocrx_word' id='word_1_314' title='bbox 1010 1147 1041 1175; x_wconf 89' lang='lat' dir='ltr'><strong>in</strong></span> 
     </span>
    </p>
   </div>
   <div class='ocr_carea' id='block_1_41' title="bbox 223 1188 1040 1227">
    <p class='ocr_par' dir='ltr' id='par_1_41' title="bbox 223 1188 1040 1227">
     <span class='ocr_line' id='line_1_41' title="bbox 223 1188 1040 1227; baseline 0.006 -12"><span class='ocrx_word' id='word_1_315' title='bbox 223 1188 377 1225; x_wconf 85' lang='lat' dir='ltr'><strong>Evangelio</strong></span> <span class='ocrx_word' id='word_1_316' title='bbox 392 1190 462 1218; x_wconf 89' lang='lat' dir='ltr'><strong>dicit</strong></span> <span class='ocrx_word' id='word_1_317' title='bbox 478 1199 484 1218; x_wconf 88' lang='lat'>:</span> <span class='ocrx_word' id='word_1_318' title='bbox 502 1202 515 1215; x_wconf 87' lang='grc'><strong>‹‹</strong></span> <span class='ocrx_word' id='word_1_319' title='bbox 534 1191 590 1227; x_wconf 84' lang='lat' dir='ltr'><strong>Ego</strong></span> <span class='ocrx_word' id='word_1_320' title='bbox 605 1191 668 1219; x_wconf 87' lang='lat' dir='ltr'><strong>veni</strong></span> <span class='ocrx_word' id='word_1_321' title='bbox 685 1192 713 1219; x_wconf 92' lang='lat' dir='ltr'><strong>in</strong></span> <span class='ocrx_word' id='word_1_322' title='bbox 730 1192 847 1220; x_wconf 87' lang='lat' dir='ltr'><strong>nomine</strong></span> <span class='ocrx_word' id='word_1_323' title='bbox 862 1191 957 1220; x_wconf 85' lang='lat' dir='ltr'><strong>Patris</strong></span> <span class='ocrx_word' id='word_1_324' title='bbox 972 1192 1040 1227; x_wconf 81' lang='lat' dir='ltr'><strong>mei,</strong></span> 
     </span>
    </p>
   </div>
   <div class='ocr_carea' id='block_1_42' title="bbox 224 1235 1041 1270">
    <p class='ocr_par' dir='ltr' id='par_1_42' title="bbox 224 1235 1041 1270">
     <span class='ocr_line' id='line_1_42' title="bbox 224 1235 1041 1270; baseline 0.002 -9"><span class='ocrx_word' id='word_1_325' title='bbox 224 1235 320 1261; x_wconf 81' lang='lat' dir='ltr'><strong>etnon</strong></span> <span class='ocrx_word' id='word_1_326' title='bbox 334 1235 483 1270; x_wconf 76' lang='lat' dir='ltr'><strong>recepistis</strong></span> <span class='ocrx_word' id='word_1_327' title='bbox 498 1243 543 1262; x_wconf 84' lang='lat' dir='ltr'><strong>me</strong></span> <span class='ocrx_word' id='word_1_328' title='bbox 557 1244 563 1263; x_wconf 92' lang='lat'>:</span> <span class='ocrx_word' id='word_1_329' title='bbox 575 1236 598 1263; x_wconf 92' lang='lat' dir='ltr'><strong>si</strong></span> <span class='ocrx_word' id='word_1_330' title='bbox 616 1235 691 1263; x_wconf 89' lang='lat' dir='ltr'><strong>alius</strong></span> <span class='ocrx_word' id='word_1_331' title='bbox 706 1236 818 1263; x_wconf 89' lang='lat' dir='ltr'><strong>venerit</strong></span> <span class='ocrx_word' id='word_1_332' title='bbox 832 1237 861 1263; x_wconf 93' lang='lat' dir='ltr'><strong>in</strong></span> <span class='ocrx_word' id='word_1_333' title='bbox 878 1244 931 1263; x_wconf 91' lang='lat' dir='ltr'><strong>suo</strong></span> <span class='ocrx_word' id='word_1_334' title='bbox 947 1235 1041 1263; x_wconf 89' lang='lat' dir='ltr'><strong>nomi-</strong></span> 
     </span>
    </p>
   </div>
   <div class='ocr_carea' id='block_1_43' title="bbox 225 1277 1040 1316">
    <p class='ocr_par' dir='ltr' id='par_1_43' title="bbox 225 1277 1040 1316">
     <span class='ocr_line' id='line_1_43' title="bbox 225 1277 1040 1316; baseline 0.002 -12"><span class='ocrx_word' id='word_1_335' title='bbox 225 1285 271 1312; x_wconf 87' lang='lat' dir='ltr'><strong>ne,</strong></span> <span class='ocrx_word' id='word_1_336' title='bbox 284 1277 366 1305; x_wconf 92' lang='lat' dir='ltr'><strong>illum</strong></span> <span class='ocrx_word' id='word_1_337' title='bbox 383 1279 548 1315; x_wconf 84' lang='lat' dir='ltr'><strong>receperitis</strong></span> <span class='ocrx_word' id='word_1_338' title='bbox 564 1280 595 1306; x_wconf 65' lang='lat'><strong>9&#39;.</strong></span> <span class='ocrx_word' id='word_1_339' title='bbox 618 1291 632 1304; x_wconf 89' lang='grc'><strong>››</strong></span> <span class='ocrx_word' id='word_1_340' title='bbox 650 1281 683 1307; x_wconf 85' lang='grc' dir='ltr'><strong>Ει</strong></span> <span class='ocrx_word' id='word_1_341' title='bbox 697 1280 725 1307; x_wconf 92' lang='lat' dir='ltr'><strong>in</strong></span> <span class='ocrx_word' id='word_1_342' title='bbox 743 1279 855 1316; x_wconf 73' lang='lat' dir='ltr'><strong>psalmo</strong></span> <span class='ocrx_word' id='word_1_343' title='bbox 869 1289 954 1314; x_wconf 79' lang='lat' dir='ltr'><strong>cxvu,</strong></span> <span class='ocrx_word' id='word_1_344' title='bbox 979 1280 1016 1306; x_wconf 81' lang='lat' dir='ltr'><strong>ait</strong></span> <span class='ocrx_word' id='word_1_345' title='bbox 1034 1288 1040 1307; x_wconf 90' lang='lat'>:</span> 
     </span>
    </p>
   </div>
   <div class='ocr_carea' id='block_1_44' title="bbox 226 1321 1042 1359">
    <p class='ocr_par' dir='ltr' id='par_1_44' title="bbox 226 1321 1042 1359">
     <span class='ocr_line' id='line_1_44' title="bbox 226 1321 1042 1359; baseline 0.006 -12"><span class='ocrx_word' id='word_1_346' title='bbox 226 1332 240 1346; x_wconf 87' lang='grc'><strong>‹‹</strong></span> <span class='ocrx_word' id='word_1_347' title='bbox 257 1321 442 1357; x_wconf 86' lang='lat' dir='ltr'><strong>Benedictus,</strong></span> <span class='ocrx_word' id='word_1_348' title='bbox 459 1323 508 1359; x_wconf 90' lang='lat' dir='ltr'><strong>qui</strong></span> <span class='ocrx_word' id='word_1_349' title='bbox 533 1324 611 1351; x_wconf 89' lang='lat' dir='ltr'><strong>venit</strong></span> <span class='ocrx_word' id='word_1_350' title='bbox 636 1324 664 1351; x_wconf 92' lang='lat' dir='ltr'><strong>in</strong></span> <span class='ocrx_word' id='word_1_351' title='bbox 691 1324 808 1352; x_wconf 86' lang='lat' dir='ltr'><strong>nomine</strong></span> <span class='ocrx_word' id='word_1_352' title='bbox 832 1324 944 1352; x_wconf 91' lang='lat' dir='ltr'><strong>Domini</strong></span> <span class='ocrx_word' id='word_1_353' title='bbox 968 1324 1000 1351; x_wconf 73' lang='grc'><strong>³³.</strong></span> <span class='ocrx_word' id='word_1_354' title='bbox 1029 1335 1042 1347; x_wconf 74' lang='grc' dir='ltr'>ι»</span> 
     </span>
    </p>
   </div>
   <div class='ocr_carea' id='block_1_45' title="bbox 225 1365 1041 1404">
    <p class='ocr_par' dir='ltr' id='par_1_45' title="bbox 225 1365 1041 1404">
     <span class='ocr_line' id='line_1_45' title="bbox 225 1365 1041 1404; baseline 0.005 -12"><span class='ocrx_word' id='word_1_355' title='bbox 225 1365 323 1393; x_wconf 85' lang='lat' dir='ltr'><strong>Sancti</strong></span> <span class='ocrx_word' id='word_1_356' title='bbox 339 1366 427 1402; x_wconf 84' lang='lat' dir='ltr'><strong>igitur</strong></span> <span class='ocrx_word' id='word_1_357' title='bbox 444 1368 600 1403; x_wconf 65' lang='lat' dir='ltr'><strong>propheta,</strong></span> <span class='ocrx_word' id='word_1_358' title='bbox 622 1377 679 1396; x_wconf 88' lang='lat' dir='ltr'><strong>non</strong></span> <span class='ocrx_word' id='word_1_359' title='bbox 704 1369 789 1396; x_wconf 90' lang='lat' dir='ltr'><strong>modo</strong></span> <span class='ocrx_word' id='word_1_360' title='bbox 814 1368 908 1396; x_wconf 82' lang='lat' dir='ltr'><strong>Solem</strong></span> <span class='ocrx_word' id='word_1_361' title='bbox 920 1369 1041 1404; x_wconf 74' lang='lat' dir='ltr'><strong>justitile</strong></span> 
     </span>
    </p>
   </div>
   <div class='ocr_carea' id='block_1_46' title="bbox 226 1409 1041 1448">
    <p class='ocr_par' dir='ltr' id='par_1_46' title="bbox 226 1409 1041 1448">
     <span class='ocr_line' id='line_1_46' title="bbox 226 1409 1041 1448; baseline 0.004 -11"><span class='ocrx_word' id='word_1_362' title='bbox 226 1409 322 1438; x_wconf 86' lang='lat' dir='ltr'><strong>dixere</strong></span> <span class='ocrx_word' id='word_1_363' title='bbox 338 1410 529 1445; x_wconf 80' lang='lat' dir='ltr'><strong>Salvatorem,</strong></span> <span class='ocrx_word' id='word_1_364' title='bbox 541 1415 569 1440; x_wconf 89' lang='lat' dir='ltr'><strong>et</strong></span> <span class='ocrx_word' id='word_1_365' title='bbox 580 1412 755 1440; x_wconf 76' lang='lat' dir='ltr'><strong>matutinum</strong></span> <span class='ocrx_word' id='word_1_366' title='bbox 767 1421 921 1448; x_wconf 84' lang='lat' dir='ltr'><strong>veramque</strong></span> <span class='ocrx_word' id='word_1_367' title='bbox 937 1412 1041 1445; x_wconf 88' lang='lat' dir='ltr'><strong>lucem,</strong></span> 
     </span>
    </p>
   </div>
   <div class='ocr_carea' id='block_1_47' title="bbox 225 1454 1042 1491">
    <p class='ocr_par' dir='ltr' id='par_1_47' title="bbox 225 1454 1042 1491">
     <span class='ocr_line' id='line_1_47' title="bbox 225 1454 1042 1491; baseline 0.005 -11"><span class='ocrx_word' id='word_1_368' title='bbox 225 1454 273 1481; x_wconf 89' lang='lat' dir='ltr'><strong>sed</strong></span> <span class='ocrx_word' id='word_1_369' title='bbox 291 1456 318 1481; x_wconf 90' lang='lat' dir='ltr'><strong>et</strong></span> <span class='ocrx_word' id='word_1_370' title='bbox 333 1454 509 1491; x_wconf 76' lang='lat' dir='ltr'><strong>lampadem,</strong></span> <span class='ocrx_word' id='word_1_371' title='bbox 535 1458 563 1484; x_wconf 86' lang='lat' dir='ltr'><strong>et</strong></span> <span class='ocrx_word' id='word_1_372' title='bbox 583 1456 735 1485; x_wconf 83' lang='lat' dir='ltr'><strong>brachium</strong></span> <span class='ocrx_word' id='word_1_373' title='bbox 754 1465 760 1484; x_wconf 76' lang='grc' dir='ltr'><em>τ</em></span> <span class='ocrx_word' id='word_1_374' title='bbox 778 1459 809 1484; x_wconf 89' lang='lat' dir='ltr'><strong>ut</strong></span> <span class='ocrx_word' id='word_1_375' title='bbox 828 1459 951 1485; x_wconf 84' lang='lat' dir='ltr'><strong>testatur</strong></span> <span class='ocrx_word' id='word_1_376' title='bbox 965 1457 1042 1484; x_wconf 89' lang='lat' dir='ltr'><strong>Deus</strong></span> 
     </span>
    </p>
   </div>
   <div class='ocr_carea' id='block_1_48' title="bbox 226 1499 1040 1537">
    <p class='ocr_par' dir='ltr' id='par_1_48' title="bbox 226 1499 1040 1537">
     <span class='ocr_line' id='line_1_48' title="bbox 226 1499 1040 1537; baseline 0.006 -13"><span class='ocrx_word' id='word_1_377' title='bbox 226 1506 276 1533; x_wconf 89' lang='lat' dir='ltr'><strong>per</strong></span> <span class='ocrx_word' id='word_1_378' title='bbox 291 1499 395 1526; x_wconf 86' lang='lat' dir='ltr'><strong>Isaiam</strong></span> <span class='ocrx_word' id='word_1_379' title='bbox 410 1500 594 1536; x_wconf 75' lang='lat' dir='ltr'><strong>prophetam,</strong></span> <span class='ocrx_word' id='word_1_380' title='bbox 615 1501 714 1529; x_wconf 87' lang='lat' dir='ltr'><strong>dicens</strong></span> <span class='ocrx_word' id='word_1_381' title='bbox 730 1513 743 1526; x_wconf 75' lang='grc' dir='ltr'><strong>(ι</strong></span> <span class='ocrx_word' id='word_1_382' title='bbox 759 1501 981 1537; x_wconf 86' lang='lat' dir='ltr'><strong>Appropinquat</strong></span> <span class='ocrx_word' id='word_1_383' title='bbox 996 1509 1040 1529; x_wconf 87' lang='lat' dir='ltr'><strong>ce-</strong></span> 
     </span>
    </p>
   </div>
   <div class='ocr_carea' id='block_1_49' title="bbox 227 1542 1041 1579">
    <p class='ocr_par' dir='ltr' id='par_1_49' title="bbox 227 1542 1041 1579">
     <span class='ocr_line' id='line_1_49' title="bbox 227 1542 1041 1579; baseline 0.005 -10"><span class='ocrx_word' id='word_1_384' title='bbox 227 1542 444 1577; x_wconf 79' lang='lat' dir='ltr'><strong>leriterjustitia</strong></span> <span class='ocrx_word' id='word_1_385' title='bbox 455 1549 564 1577; x_wconf 89' lang='lat' dir='ltr'><strong>mea,ut</strong></span> <span class='ocrx_word' id='word_1_386' title='bbox 575 1545 652 1573; x_wconf 80' lang='lat' dir='ltr'><strong>adsit</strong></span> <span class='ocrx_word' id='word_1_387' title='bbox 666 1559 672 1579; x_wconf 85' lang='lat'><strong>;</strong></span> <span class='ocrx_word' id='word_1_388' title='bbox 683 1545 810 1573; x_wconf 86' lang='lat' dir='ltr'><strong>salutare</strong></span> <span class='ocrx_word' id='word_1_389' title='bbox 821 1549 919 1574; x_wconf 88' lang='lat' dir='ltr'><strong>autem</strong></span> <span class='ocrx_word' id='word_1_390' title='bbox 931 1554 1041 1578; x_wconf 82' lang='lat' dir='ltr'><strong>meum,</strong></span> 
     </span>
    </p>
   </div>
   <div class='ocr_carea' id='block_1_50' title="bbox 225 1586 1040 1623">
    <p class='ocr_par' dir='ltr' id='par_1_50' title="bbox 225 1586 1040 1623">
     <span class='ocr_line' id='line_1_50' title="bbox 225 1586 1040 1623; baseline 0.006 -10"><span class='ocrx_word' id='word_1_391' title='bbox 225 1588 258 1614; x_wconf 85' lang='lat' dir='ltr'><strong>ut</strong></span> <span class='ocrx_word' id='word_1_392' title='bbox 273 1586 386 1623; x_wconf 82' lang='lat' dir='ltr'><strong>lampas</strong></span> <span class='ocrx_word' id='word_1_393' title='bbox 406 1588 518 1616; x_wconf 86' lang='lat' dir='ltr'><strong>ardebit</strong></span> <span class='ocrx_word' id='word_1_394' title='bbox 543 1589 573 1616; x_wconf 84' lang='grc'><strong>¹⁴.</strong></span> <span class='ocrx_word' id='word_1_395' title='bbox 592 1601 602 1613; x_wconf 77' lang='grc' dir='ltr'><strong>ι</strong></span> <span class='ocrx_word' id='word_1_396' title='bbox 620 1590 706 1617; x_wconf 89' lang='lat' dir='ltr'><strong>Nullu</strong></span> <span class='ocrx_word' id='word_1_397' title='bbox 722 1590 851 1617; x_wconf 85' lang='lat' dir='ltr'><strong>humana</strong></span> <span class='ocrx_word' id='word_1_398' title='bbox 865 1590 938 1617; x_wconf 90' lang='lat' dir='ltr'><strong>ratio</strong></span> <span class='ocrx_word' id='word_1_399' title='bbox 952 1590 1040 1617; x_wconf 87' lang='lat' dir='ltr'><strong>inter-</strong></span> 
     </span>
    </p>
   </div>
   <div class='ocr_carea' id='block_1_51' title="bbox 225 1633 1042 1669">
    <p class='ocr_par' dir='ltr' id='par_1_51' title="bbox 225 1633 1042 1669">
     <span class='ocr_line' id='line_1_51' title="bbox 225 1633 1042 1669; baseline 0.005 -12"><span class='ocrx_word' id='word_1_400' title='bbox 225 1633 355 1666; x_wconf 87' lang='lat' dir='ltr'><strong>pretetur</strong></span> <span class='ocrx_word' id='word_1_401' title='bbox 365 1640 427 1667; x_wconf 78' lang='lat' dir='ltr'><strong>quas</strong></span> <span class='ocrx_word' id='word_1_402' title='bbox 438 1633 636 1661; x_wconf 88' lang='lat' dir='ltr'><strong>suntDei.Non</strong></span> <span class='ocrx_word' id='word_1_403' title='bbox 650 1636 744 1669; x_wconf 87' lang='lat' dir='ltr'><strong>potest</strong></span> <span class='ocrx_word' id='word_1_404' title='bbox 753 1634 904 1661; x_wconf 86' lang='lat' dir='ltr'><strong>veritatem</strong></span> <span class='ocrx_word' id='word_1_405' title='bbox 915 1634 1042 1662; x_wconf 86' lang='lat' dir='ltr'><strong>ediscere</strong></span> 
     </span>
    </p>
   </div>
   <div class='ocr_carea' id='block_1_52' title="bbox 227 1674 1042 1714">
    <p class='ocr_par' dir='ltr' id='par_1_52' title="bbox 227 1674 1042 1714">
     <span class='ocr_line' id='line_1_52' title="bbox 227 1674 1042 1714; baseline 0.006 -13"><span class='ocrx_word' id='word_1_406' title='bbox 227 1674 384 1710; x_wconf 83' lang='lat' dir='ltr'><strong>quispiam,</strong></span> <span class='ocrx_word' id='word_1_407' title='bbox 397 1676 453 1704; x_wconf 88' lang='lat' dir='ltr'><strong>nisi</strong></span> <span class='ocrx_word' id='word_1_408' title='bbox 464 1677 499 1704; x_wconf 94' lang='lat' dir='ltr'><strong>ab</strong></span> <span class='ocrx_word' id='word_1_409' title='bbox 511 1677 574 1712; x_wconf 89' lang='lat' dir='ltr'><strong>ipsa</strong></span> <span class='ocrx_word' id='word_1_410' title='bbox 587 1678 713 1705; x_wconf 86' lang='lat' dir='ltr'><strong>veritate.</strong></span> <span class='ocrx_word' id='word_1_411' title='bbox 726 1679 795 1705; x_wconf 87' lang='lat' dir='ltr'><strong>Cum</strong></span> <span class='ocrx_word' id='word_1_412' title='bbox 811 1678 980 1714; x_wconf 85' lang='lat' dir='ltr'><strong>unigenitus</strong></span> <span class='ocrx_word' id='word_1_413' title='bbox 990 1680 1042 1706; x_wconf 90' lang='lat' dir='ltr'><strong>Do-</strong></span> 
     </span>
    </p>
   </div>
   <div class='ocr_carea' id='block_1_53' title="bbox 227 1719 1041 1758">
    <p class='ocr_par' dir='ltr' id='par_1_53' title="bbox 227 1719 1041 1758">
     <span class='ocr_line' id='line_1_53' title="bbox 227 1719 1041 1758; baseline 0.005 -12"><span class='ocrx_word' id='word_1_414' title='bbox 227 1719 325 1746; x_wconf 87' lang='lat' dir='ltr'><strong>minus</strong></span> <span class='ocrx_word' id='word_1_415' title='bbox 342 1723 441 1748; x_wconf 87' lang='lat' dir='ltr'><strong>noster</strong></span> <span class='ocrx_word' id='word_1_416' title='bbox 455 1720 540 1748; x_wconf 84' lang='lat' dir='ltr'><strong>Jesus</strong></span> <span class='ocrx_word' id='word_1_417' title='bbox 556 1721 690 1749; x_wconf 84' lang='lat' dir='ltr'><strong>Christus</strong></span> <span class='ocrx_word' id='word_1_418' title='bbox 705 1722 802 1750; x_wconf 89' lang='lat' dir='ltr'><strong>editus</strong></span> <span class='ocrx_word' id='word_1_419' title='bbox 814 1725 858 1750; x_wconf 87' lang='lat' dir='ltr'><strong>est</strong></span> <span class='ocrx_word' id='word_1_420' title='bbox 875 1722 911 1750; x_wconf 89' lang='lat' dir='ltr'><strong>ab</strong></span> <span class='ocrx_word' id='word_1_421' title='bbox 926 1722 1041 1758; x_wconf 79' lang='lat' dir='ltr'><strong>nuptia-</strong></span> 
     </span>
    </p>
   </div>
   <div class='ocr_carea' id='block_1_54' title="bbox 225 1762 1041 1802">
    <p class='ocr_par' dir='ltr' id='par_1_54' title="bbox 225 1762 1041 1802">
     <span class='ocr_line' id='line_1_54' title="bbox 225 1762 1041 1802; baseline 0.005 -12"><span class='ocrx_word' id='word_1_422' title='bbox 225 1762 261 1790; x_wconf 84' lang='lat' dir='ltr'><strong>lis</strong></span> <span class='ocrx_word' id='word_1_423' title='bbox 276 1772 450 1799; x_wconf 83' lang='lat' dir='ltr'><strong>congressus</strong></span> <span class='ocrx_word' id='word_1_424' title='bbox 474 1768 588 1800; x_wconf 84' lang='lat' dir='ltr'><strong>experte</strong></span> <span class='ocrx_word' id='word_1_425' title='bbox 615 1766 721 1801; x_wconf 86' lang='lat' dir='ltr'><strong>puella,</strong></span> <span class='ocrx_word' id='word_1_426' title='bbox 742 1774 847 1793; x_wconf 90' lang='lat' dir='ltr'><strong>novum</strong></span> <span class='ocrx_word' id='word_1_427' title='bbox 864 1769 964 1802; x_wconf 83' lang='lat' dir='ltr'><strong>partus</strong></span> <span class='ocrx_word' id='word_1_428' title='bbox 980 1775 1041 1794; x_wconf 89' lang='lat' dir='ltr'><strong>mo-</strong></span> 
     </span>
    </p>
   </div>
   <div class='ocr_carea' id='block_1_55' title="bbox 225 1808 1041 1846">
    <p class='ocr_par' dir='ltr' id='par_1_55' title="bbox 225 1808 1041 1846">
     <span class='ocr_line' id='line_1_55' title="bbox 225 1808 1041 1846; baseline 0.005 -12"><span class='ocrx_word' id='word_1_429' title='bbox 225 1808 295 1834; x_wconf 90' lang='lat' dir='ltr'><strong>dum</strong></span> <span class='ocrx_word' id='word_1_430' title='bbox 311 1808 339 1835; x_wconf 89' lang='lat' dir='ltr'><strong>in</strong></span> <span class='ocrx_word' id='word_1_431' title='bbox 354 1809 465 1844; x_wconf 86' lang='lat' dir='ltr'><strong>orbem,</strong></span> <span class='ocrx_word' id='word_1_432' title='bbox 481 1818 643 1846; x_wconf 82' lang='lat' dir='ltr'><strong>novamque</strong></span> <span class='ocrx_word' id='word_1_433' title='bbox 660 1811 781 1837; x_wconf 80' lang='lat' dir='ltr'><strong>feturam</strong></span> <span class='ocrx_word' id='word_1_434' title='bbox 798 1812 827 1838; x_wconf 93' lang='lat' dir='ltr'><strong>in</strong></span> <span class='ocrx_word' id='word_1_435' title='bbox 844 1811 932 1838; x_wconf 83' lang='lat' dir='ltr'><strong>vitam</strong></span> <span class='ocrx_word' id='word_1_436' title='bbox 949 1811 1041 1838; x_wconf 86' lang='lat' dir='ltr'><strong>intro-</strong></span> 
     </span>
    </p>
   </div>
   <div class='ocr_carea' id='block_1_56' title="bbox 226 1852 1043 1891">
    <p class='ocr_par' dir='ltr' id='par_1_56' title="bbox 226 1852 1043 1891">
     <span class='ocr_line' id='line_1_56' title="bbox 226 1852 1043 1891; baseline 0.006 -13"><span class='ocrx_word' id='word_1_437' title='bbox 226 1852 336 1880; x_wconf 87' lang='lat' dir='ltr'><strong>ducens</strong></span> <span class='ocrx_word' id='word_1_438' title='bbox 361 1852 443 1880; x_wconf 90' lang='lat' dir='ltr'><strong>illum</strong></span> <span class='ocrx_word' id='word_1_439' title='bbox 460 1853 555 1882; x_wconf 85' lang='lat' dir='ltr'><strong>adhuc</strong></span> <span class='ocrx_word' id='word_1_440' title='bbox 580 1854 757 1882; x_wconf 82' lang='lat' dir='ltr'><strong>infantulum</strong></span> <span class='ocrx_word' id='word_1_441' title='bbox 781 1858 875 1891; x_wconf 79' lang='lat' dir='ltr'><strong>gestat</strong></span> <span class='ocrx_word' id='word_1_442' title='bbox 896 1857 998 1890; x_wconf 78' lang='lat' dir='ltr'><strong>mater,</strong></span> <span class='ocrx_word' id='word_1_443' title='bbox 1014 1857 1043 1883; x_wconf 88' lang='lat' dir='ltr'><strong>et</strong></span> 
     </span>
    </p>
   </div>
   <div class='ocr_carea' id='block_1_57' title="bbox 226 1896 1044 1935">
    <p class='ocr_par' dir='ltr' id='par_1_57' title="bbox 226 1896 1044 1935">
     <span class='ocr_line' id='line_1_57' title="bbox 226 1896 1044 1935; baseline 0.004 -12"><span class='ocrx_word' id='word_1_444' title='bbox 226 1896 309 1923; x_wconf 81' lang='lat' dir='ltr'><strong>oil&#39;ert</strong></span> <span class='ocrx_word' id='word_1_445' title='bbox 324 1896 449 1924; x_wconf 89' lang='lat' dir='ltr'><strong>Simeoni</strong></span> <span class='ocrx_word' id='word_1_446' title='bbox 466 1899 618 1926; x_wconf 81' lang='lat' dir='ltr'><strong>sacerdoti.</strong></span> <span class='ocrx_word' id='word_1_447' title='bbox 635 1899 690 1927; x_wconf 88' lang='lat' dir='ltr'><strong>lste</strong></span> <span class='ocrx_word' id='word_1_448' title='bbox 706 1899 734 1926; x_wconf 92' lang='lat' dir='ltr'><strong>in</strong></span> <span class='ocrx_word' id='word_1_449' title='bbox 752 1899 835 1928; x_wconf 88' lang='lat' dir='ltr'><strong>ulnas</strong></span> <span class='ocrx_word' id='word_1_450' title='bbox 851 1902 968 1935; x_wconf 85' lang='lat' dir='ltr'><strong>accepto</strong></span> <span class='ocrx_word' id='word_1_451' title='bbox 983 1899 1044 1927; x_wconf 88' lang='lat' dir='ltr'><strong>Sal-</strong></span> 
     </span>
    </p>
   </div>
   <div class='ocr_carea' id='block_1_58' title="bbox 226 1941 1043 1978">
    <p class='ocr_par' dir='ltr' id='par_1_58' title="bbox 226 1941 1043 1978">
     <span class='ocr_line' id='line_1_58' title="bbox 226 1941 1043 1978; baseline 0.005 -11"><span class='ocrx_word' id='word_1_452' title='bbox 226 1942 334 1973; x_wconf 87' lang='lat' dir='ltr'><strong>vatore,</strong></span> <span class='ocrx_word' id='word_1_453' title='bbox 352 1941 387 1968; x_wconf 89' lang='lat' dir='ltr'><strong>ad</strong></span> <span class='ocrx_word' id='word_1_454' title='bbox 403 1950 470 1969; x_wconf 89' lang='lat' dir='ltr'><strong>eum</strong></span> <span class='ocrx_word' id='word_1_455' title='bbox 494 1942 534 1970; x_wconf 86' lang='lat' dir='ltr'><strong>ita</strong></span> <span class='ocrx_word' id='word_1_456' title='bbox 557 1943 693 1978; x_wconf 90' lang='lat' dir='ltr'><strong>loquitur,</strong></span> <span class='ocrx_word' id='word_1_457' title='bbox 710 1952 742 1971; x_wconf 88' lang='lat' dir='ltr'><strong>ac</strong></span> <span class='ocrx_word' id='word_1_458' title='bbox 758 1944 828 1971; x_wconf 90' lang='lat' dir='ltr'><strong>dicit</strong></span> <span class='ocrx_word' id='word_1_459' title='bbox 845 1952 851 1971; x_wconf 92' lang='lat'><strong>:</strong></span> <span class='ocrx_word' id='word_1_460' title='bbox 872 1955 884 1970; x_wconf 73' lang='grc' dir='ltr'><em>α</em></span> <span class='ocrx_word' id='word_1_461' title='bbox 900 1944 981 1971; x_wconf 85' lang='lat' dir='ltr'><strong>Nunc</strong></span> <span class='ocrx_word' id='word_1_462' title='bbox 996 1944 1043 1971; x_wconf 92' lang='lat' dir='ltr'><strong>di-</strong></span> 
     </span>
    </p>
   </div>
   <div class='ocr_carea' id='block_1_59' title="bbox 227 1985 1042 2023">
    <p class='ocr_par' dir='ltr' id='par_1_59' title="bbox 227 1985 1042 2023">
     <span class='ocr_line' id='line_1_59' title="bbox 227 1985 1042 2023; baseline 0.006 -13"><span class='ocrx_word' id='word_1_463' title='bbox 227 1985 320 2012; x_wconf 79' lang='lat' dir='ltr'><strong>mittis</strong></span> <span class='ocrx_word' id='word_1_464' title='bbox 335 1993 450 2013; x_wconf 88' lang='lat' dir='ltr'><strong>servum</strong></span> <span class='ocrx_word' id='word_1_465' title='bbox 480 1989 575 2022; x_wconf 77' lang='lat' dir='ltr'><strong>tuum,</strong></span> <span class='ocrx_word' id='word_1_466' title='bbox 601 1988 729 2023; x_wconf 86' lang='lat' dir='ltr'><strong>Domine,</strong></span> <span class='ocrx_word' id='word_1_467' title='bbox 745 1989 906 2016; x_wconf 89' lang='lat' dir='ltr'><strong>secundum</strong></span> <span class='ocrx_word' id='word_1_468' title='bbox 923 1988 1042 2016; x_wconf 81' lang='lat' dir='ltr'><strong>verbum</strong></span> 
     </span>
    </p>
   </div>
   <div class='ocr_carea' id='block_1_60' title="bbox 225 2028 1042 2064">
    <p class='ocr_par' dir='ltr' id='par_1_60' title="bbox 225 2028 1042 2064">
     <span class='ocr_line' id='line_1_60' title="bbox 225 2028 1042 2064; baseline 0.007 -10"><span class='ocrx_word' id='word_1_469' title='bbox 225 2029 321 2063; x_wconf 88' lang='lat' dir='ltr'><strong>tuum,</strong></span> <span class='ocrx_word' id='word_1_470' title='bbox 338 2028 367 2056; x_wconf 91' lang='lat' dir='ltr'><strong>in</strong></span> <span class='ocrx_word' id='word_1_471' title='bbox 393 2038 472 2064; x_wconf 87' lang='lat' dir='ltr'><strong>pace.</strong></span> <span class='ocrx_word' id='word_1_472' title='bbox 500 2031 572 2062; x_wconf 90' lang='lat' dir='ltr'><strong>Quia</strong></span> <span class='ocrx_word' id='word_1_473' title='bbox 589 2032 724 2060; x_wconf 89' lang='lat' dir='ltr'><strong>viderunt</strong></span> <span class='ocrx_word' id='word_1_474' title='bbox 738 2032 812 2060; x_wconf 89' lang='lat' dir='ltr'><strong>oculi</strong></span> <span class='ocrx_word' id='word_1_475' title='bbox 835 2033 889 2061; x_wconf 89' lang='lat' dir='ltr'><strong>mei</strong></span> <span class='ocrx_word' id='word_1_476' title='bbox 914 2032 1042 2060; x_wconf 86' lang='lat' dir='ltr'><strong>salutare</strong></span> 
     </span>
    </p>
   </div>
   <div class='ocr_carea' id='block_1_61' title="bbox 224 2073 1041 2113">
    <p class='ocr_par' dir='ltr' id='par_1_61' title="bbox 224 2073 1041 2113">
     <span class='ocr_line' id='line_1_61' title="bbox 224 2073 1041 2113; baseline 0.007 -14"><span class='ocrx_word' id='word_1_477' title='bbox 224 2074 309 2099; x_wconf 90' lang='lat' dir='ltr'><strong>tuum</strong></span> <span class='ocrx_word' id='word_1_478' title='bbox 324 2073 357 2105; x_wconf 65' lang='lat'><strong>’5,</strong></span> <span class='ocrx_word' id='word_1_479' title='bbox 372 2084 385 2097; x_wconf 89' lang='lat'>»</span> <span class='ocrx_word' id='word_1_480' title='bbox 401 2073 455 2102; x_wconf 88' lang='lat' dir='ltr'><strong>hoc</strong></span> <span class='ocrx_word' id='word_1_481' title='bbox 470 2078 524 2108; x_wconf 84' lang='lat' dir='ltr'><strong>est,</strong></span> <span class='ocrx_word' id='word_1_482' title='bbox 541 2076 724 2111; x_wconf 51' lang='lat' dir='ltr'><strong>praesentiam</strong></span> <span class='ocrx_word' id='word_1_483' title='bbox 740 2077 858 2105; x_wconf 86' lang='lat' dir='ltr'><strong>Christi.</strong></span> <span class='ocrx_word' id='word_1_484' title='bbox 876 2078 977 2106; x_wconf 83' lang='lat' dir='ltr'><strong>Merito</strong></span> <span class='ocrx_word' id='word_1_485' title='bbox 989 2077 1041 2113; x_wconf 79' lang='lat' dir='ltr'><strong>igi-</strong></span> 
     </span>
    </p>
   </div>
   <div class='ocr_carea' id='block_1_62' title="bbox 224 2117 1043 2156">
    <p class='ocr_par' dir='ltr' id='par_1_62' title="bbox 224 2117 1043 2156">
     <span class='ocr_line' id='line_1_62' title="bbox 224 2117 1043 2156; baseline 0.007 -13"><span class='ocrx_word' id='word_1_486' title='bbox 224 2119 273 2143; x_wconf 89' lang='lat' dir='ltr'><strong>tur</strong></span> <span class='ocrx_word' id='word_1_487' title='bbox 296 2117 437 2152; x_wconf 88' lang='lat' dir='ltr'><strong>propheta</strong></span> <span class='ocrx_word' id='word_1_488' title='bbox 461 2118 533 2146; x_wconf 87' lang='lat' dir='ltr'><strong>dixit</strong></span> <span class='ocrx_word' id='word_1_489' title='bbox 558 2120 613 2147; x_wconf 91' lang='lat' dir='ltr'><strong>sub</strong></span> <span class='ocrx_word' id='word_1_490' title='bbox 637 2128 760 2156; x_wconf 80' lang='lat' dir='ltr'><strong>persona</strong></span> <span class='ocrx_word' id='word_1_491' title='bbox 775 2122 823 2149; x_wconf 90' lang='lat' dir='ltr'><strong>Dei</strong></span> <span class='ocrx_word' id='word_1_492' title='bbox 849 2130 855 2149; x_wconf 93' lang='lat'>:</span> <span class='ocrx_word' id='word_1_493' title='bbox 880 2132 894 2147; x_wconf 85' lang='lat'><strong>«</strong></span> <span class='ocrx_word' id='word_1_494' title='bbox 911 2121 1043 2150; x_wconf 86' lang='lat' dir='ltr'><strong>Salutare</strong></span> 
     </span>
    </p>
   </div>
   <div class='ocr_carea' id='block_1_63' title="bbox 225 2161 1044 2201">
    <p class='ocr_par' dir='ltr' id='par_1_63' title="bbox 225 2161 1044 2201">
     <span class='ocr_line' id='line_1_63' title="bbox 225 2161 1044 2201; baseline 0.007 -14"><span class='ocrx_word' id='word_1_495' title='bbox 225 2168 322 2187; x_wconf 87' lang='lat' dir='ltr'><strong>meum</strong></span> <span class='ocrx_word' id='word_1_496' title='bbox 337 2164 368 2188; x_wconf 91' lang='lat' dir='ltr'><strong>ut</strong></span> <span class='ocrx_word' id='word_1_497' title='bbox 379 2161 491 2197; x_wconf 84' lang='lat' dir='ltr'><strong>lampas</strong></span> <span class='ocrx_word' id='word_1_498' title='bbox 504 2163 693 2195; x_wconf 77' lang='lat' dir='ltr'><strong>ardebit,etin</strong></span> <span class='ocrx_word' id='word_1_499' title='bbox 706 2165 856 2192; x_wconf 84' lang='lat' dir='ltr'><strong>brachium</strong></span> <span class='ocrx_word' id='word_1_500' title='bbox 868 2174 964 2193; x_wconf 87' lang='lat' dir='ltr'><strong>meum</strong></span> <span class='ocrx_word' id='word_1_501' title='bbox 976 2174 1044 2201; x_wconf 86' lang='lat' dir='ltr'><strong>gen-</strong></span> 
     </span>
    </p>
   </div>
   <div class='ocr_carea' id='block_1_64' title="bbox 224 2206 1042 2245">
    <p class='ocr_par' dir='ltr' id='par_1_64' title="bbox 224 2206 1042 2245">
     <span class='ocr_line' id='line_1_64' title="bbox 224 2206 1042 2245; baseline 0.009 -14"><span class='ocrx_word' id='word_1_502' title='bbox 224 2207 269 2232; x_wconf 89' lang='lat' dir='ltr'><strong>tes</strong></span> <span class='ocrx_word' id='word_1_503' title='bbox 284 2206 444 2240; x_wconf 87' lang='lat' dir='ltr'><strong>sperabunt</strong></span> <span class='ocrx_word' id='word_1_504' title='bbox 458 2207 490 2234; x_wconf 82' lang='grc'><strong>²⁶.</strong></span> <span class='ocrx_word' id='word_1_505' title='bbox 506 2217 519 2231; x_wconf 80' lang='grc' dir='ltr'><strong>ιι</strong></span> <span class='ocrx_word' id='word_1_506' title='bbox 537 2207 693 2235; x_wconf 84' lang='lat' dir='ltr'><strong>Brachium</strong></span> <span class='ocrx_word' id='word_1_507' title='bbox 718 2217 844 2244; x_wconf 78' lang='lat' dir='ltr'><strong>namque</strong></span> <span class='ocrx_word' id='word_1_508' title='bbox 866 2209 957 2245; x_wconf 87' lang='lat' dir='ltr'><strong>patris</strong></span> <span class='ocrx_word' id='word_1_509' title='bbox 973 2210 1042 2238; x_wconf 91' lang='lat' dir='ltr'><strong>Uni-</strong></span> 
     </span>
    </p>
   </div>
   <div class='ocr_carea' id='block_1_65' title="bbox 225 2249 1041 2289">
    <p class='ocr_par' dir='ltr' id='par_1_65' title="bbox 225 2249 1041 2289">
     <span class='ocr_line' id='line_1_65' title="bbox 225 2249 1041 2289; baseline 0.005 -12"><span class='ocrx_word' id='word_1_510' title='bbox 225 2249 355 2285; x_wconf 85' lang='lat' dir='ltr'><strong>genitum</strong></span> <span class='ocrx_word' id='word_1_511' title='bbox 372 2251 503 2278; x_wconf 84' lang='lat' dir='ltr'><strong>nominat</strong></span> <span class='ocrx_word' id='word_1_512' title='bbox 519 2259 525 2278; x_wconf 92' lang='lat'><strong>:</strong></span> <span class='ocrx_word' id='word_1_513' title='bbox 542 2251 692 2280; x_wconf 82' lang='lat' dir='ltr'><strong>brachium</strong></span> <span class='ocrx_word' id='word_1_514' title='bbox 708 2253 836 2288; x_wconf 87' lang='lat' dir='ltr'><strong>quidem,</strong></span> <span class='ocrx_word' id='word_1_515' title='bbox 854 2262 910 2281; x_wconf 89' lang='lat' dir='ltr'><strong>non</strong></span> <span class='ocrx_word' id='word_1_516' title='bbox 928 2256 960 2281; x_wconf 89' lang='lat' dir='ltr'><strong>ut</strong></span> <span class='ocrx_word' id='word_1_517' title='bbox 977 2262 1041 2289; x_wconf 89' lang='lat' dir='ltr'><strong>par-</strong></span> 
     </span>
    </p>
   </div>
   <div class='ocr_carea' id='block_1_66' title="bbox 1095 964 1918 1004">
    <p class='ocr_par' dir='ltr' id='par_1_66' title="bbox 1095 964 1918 1004">
     <span class='ocr_line' id='line_1_66' title="bbox 1095 964 1918 1004; baseline -0.001 -10"><span class='ocrx_word' id='word_1_518' title='bbox 1095 966 1202 994; x_wconf 70' lang='grc' dir='ltr'>στᾶλλω</span> <span class='ocrx_word' id='word_1_519' title='bbox 1224 966 1269 994; x_wconf 87' lang='grc' dir='ltr'><strong>τὸν</strong></span> <span class='ocrx_word' id='word_1_520' title='bbox 1298 965 1413 1004; x_wconf 78' lang='grc' dir='ltr'>ἄγγελόν</span> <span class='ocrx_word' id='word_1_521' title='bbox 1443 976 1494 1003; x_wconf 77' lang='grc' dir='ltr'><strong>μου</strong></span> <span class='ocrx_word' id='word_1_522' title='bbox 1524 967 1577 1004; x_wconf 82' lang='grc' dir='ltr'><strong>πρὸ</strong></span> <span class='ocrx_word' id='word_1_523' title='bbox 1606 967 1757 1004; x_wconf 82' lang='grc' dir='ltr'><strong>προσώπου</strong></span> <span class='ocrx_word' id='word_1_524' title='bbox 1784 976 1844 1000; x_wconf 86' lang='grc' dir='ltr'>σου,</span> <span class='ocrx_word' id='word_1_525' title='bbox 1871 964 1918 993; x_wconf 70' lang='grc' dir='ltr'>’ἱνα</span> 
     </span>
    </p>
   </div>
   <div class='ocr_carea' id='block_1_67' title="bbox 1095 1009 1918 1050">
    <p class='ocr_par' dir='ltr' id='par_1_67' title="bbox 1095 1009 1918 1050">
     <span class='ocr_line' id='line_1_67' title="bbox 1095 1009 1918 1050; baseline -0.002 -11"><span class='ocrx_word' id='word_1_526' title='bbox 1095 1011 1199 1050; x_wconf 77' lang='grc' dir='ltr'><strong>φυλάξῃ</strong></span> <span class='ocrx_word' id='word_1_527' title='bbox 1220 1022 1247 1039; x_wconf 86' lang='grc' dir='ltr'><strong>σε</strong></span> <span class='ocrx_word' id='word_1_528' title='bbox 1269 1011 1294 1038; x_wconf 81' lang='grc' dir='ltr'>ἐν</span> <span class='ocrx_word' id='word_1_529' title='bbox 1317 1011 1352 1047; x_wconf 80' lang='grc' dir='ltr'>τῇ</span> <span class='ocrx_word' id='word_1_530' title='bbox 1368 1009 1434 1047; x_wconf 77' lang='grc' dir='ltr'>ὁδῷ,</span> <span class='ocrx_word' id='word_1_531' title='bbox 1450 1010 1525 1042; x_wconf 76' lang='grc' dir='ltr'>ὅπως</span> <span class='ocrx_word' id='word_1_532' title='bbox 1542 1011 1669 1049; x_wconf 80' lang='grc' dir='ltr'><strong>εἰσαγάγῃ</strong></span> <span class='ocrx_word' id='word_1_533' title='bbox 1684 1022 1713 1038; x_wconf 83' lang='grc' dir='ltr'><strong>σε</strong></span> <span class='ocrx_word' id='word_1_534' title='bbox 1728 1011 1754 1038; x_wconf 77' lang='grc' dir='ltr'>ἐν</span> <span class='ocrx_word' id='word_1_535' title='bbox 1769 1012 1804 1048; x_wconf 80' lang='grc' dir='ltr'><strong>τῇ</strong></span> <span class='ocrx_word' id='word_1_536' title='bbox 1819 1012 1867 1048; x_wconf 74' lang='grc' dir='ltr'><strong>γῇ,</strong></span> <span class='ocrx_word' id='word_1_537' title='bbox 1883 1010 1918 1044; x_wconf 82' lang='grc' dir='ltr'>ἥν</span> 
     </span>
    </p>
   </div>
   <div class='ocr_carea' id='block_1_68' title="bbox 1094 1054 1920 1094">
    <p class='ocr_par' dir='ltr' id='par_1_68' title="bbox 1094 1054 1920 1094">
     <span class='ocr_line' id='line_1_68' title="bbox 1094 1054 1920 1094; baseline -0.002 -10"><span class='ocrx_word' id='word_1_538' title='bbox 1094 1057 1226 1094; x_wconf 65' lang='grc' dir='ltr'>ἡτοίμασέ</span> <span class='ocrx_word' id='word_1_539' title='bbox 1255 1066 1314 1084; x_wconf 88' lang='grc' dir='ltr'>σοι·</span> <span class='ocrx_word' id='word_1_540' title='bbox 1344 1055 1463 1094; x_wconf 72' lang='grc' dir='ltr'>πρόσεχε</span> <span class='ocrx_word' id='word_1_541' title='bbox 1491 1058 1594 1092; x_wconf 80' lang='grc' dir='ltr'><strong>σεαυτῷ</strong></span> <span class='ocrx_word' id='word_1_542' title='bbox 1623 1057 1680 1092; x_wconf 83' lang='grc'><strong>(89)</strong></span> <span class='ocrx_word' id='word_1_543' title='bbox 1715 1055 1761 1082; x_wconf 86' lang='grc' dir='ltr'><strong>καὶ</strong></span> <span class='ocrx_word' id='word_1_544' title='bbox 1796 1054 1920 1082; x_wconf 75' lang='grc' dir='ltr'>εἷσάγουι</span> 
     </span>
    </p>
   </div>
   <div class='ocr_carea' id='block_1_69' title="bbox 1094 1098 1919 1138">
    <p class='ocr_par' dir='ltr' id='par_1_69' title="bbox 1094 1098 1919 1138">
     <span class='ocr_line' id='line_1_69' title="bbox 1094 1098 1919 1138; baseline -0.004 -10"><span class='ocrx_word' id='word_1_545' title='bbox 1094 1100 1185 1129; x_wconf 71' lang='grc' dir='ltr'>αὐτοῦ·</span> <span class='ocrx_word' id='word_1_546' title='bbox 1213 1102 1251 1138; x_wconf 80' lang='grc' dir='ltr'>μὴ</span> <span class='ocrx_word' id='word_1_547' title='bbox 1275 1100 1378 1132; x_wconf 77' lang='grc' dir='ltr'>ἆπείθει</span> <span class='ocrx_word' id='word_1_548' title='bbox 1407 1099 1490 1136; x_wconf 60' lang='grc' dir='ltr'>αὑτῷ.</span> <span class='ocrx_word' id='word_1_549' title='bbox 1521 1099 1558 1127; x_wconf 71' lang='grc' dir='ltr'>Οὐ</span> <span class='ocrx_word' id='word_1_550' title='bbox 1582 1100 1634 1137; x_wconf 73' lang='grc' dir='ltr'>γὰρ</span> <span class='ocrx_word' id='word_1_551' title='bbox 1660 1100 1698 1136; x_wconf 77' lang='grc' dir='ltr'>μὴ</span> <span class='ocrx_word' id='word_1_552' title='bbox 1723 1098 1919 1133; x_wconf 69' lang='grc' dir='ltr'><strong>ὑποστείληται</strong></span> 
     </span>
    </p>
   </div>
   <div class='ocr_carea' id='block_1_70' title="bbox 1095 1143 1918 1183">
    <p class='ocr_par' dir='ltr' id='par_1_70' title="bbox 1095 1143 1918 1183">
     <span class='ocr_line' id='line_1_70' title="bbox 1095 1143 1918 1183; baseline -0.004 -10"><span class='ocrx_word' id='word_1_553' title='bbox 1095 1155 1133 1173; x_wconf 84' lang='grc' dir='ltr'>σε·</span> <span class='ocrx_word' id='word_1_554' title='bbox 1163 1146 1194 1173; x_wconf 85' lang='grc' dir='ltr'>τὸ</span> <span class='ocrx_word' id='word_1_555' title='bbox 1218 1146 1269 1183; x_wconf 67' lang='grc' dir='ltr'><strong>γὰρ</strong></span> <span class='ocrx_word' id='word_1_556' title='bbox 1295 1143 1382 1182; x_wconf 78' lang='grc' dir='ltr'>ὅνομά</span> <span class='ocrx_word' id='word_1_557' title='bbox 1405 1144 1458 1181; x_wconf 79' lang='grc' dir='ltr'><strong>μού</strong></span> <span class='ocrx_word' id='word_1_558' title='bbox 1472 1143 1542 1172; x_wconf 68' lang='grc' dir='ltr'>ιστιν</span> <span class='ocrx_word' id='word_1_559' title='bbox 1559 1144 1584 1172; x_wconf 80' lang='grc' dir='ltr'>ἐν</span> <span class='ocrx_word' id='word_1_560' title='bbox 1601 1143 1686 1180; x_wconf 73' lang='grc' dir='ltr'>αὐτῷ’</span> <span class='ocrx_word' id='word_1_561' title='bbox 1698 1143 1712 1171; x_wconf 94' lang='grc' dir='ltr'><strong>ό</strong></span> <span class='ocrx_word' id='word_1_562' title='bbox 1726 1144 1807 1176; x_wconf 79' lang='grc' dir='ltr'>Ὅθεν</span> <span class='ocrx_word' id='word_1_563' title='bbox 1824 1144 1838 1171; x_wconf 86' lang='lat'><strong>6</strong></span> <span class='ocrx_word' id='word_1_564' title='bbox 1854 1143 1918 1174; x_wconf 71' lang='grc' dir='ltr'>Υἱὸς</span> 
     </span>
    </p>
   </div>
   <div class='ocr_carea' id='block_1_71' title="bbox 1095 1188 1919 1228">
    <p class='ocr_par' dir='ltr' id='par_1_71' title="bbox 1095 1188 1919 1228">
     <span class='ocr_line' id='line_1_71' title="bbox 1095 1188 1919 1228; baseline -0.002 -11"><span class='ocrx_word' id='word_1_565' title='bbox 1095 1190 1121 1218; x_wconf 72' lang='grc' dir='ltr'>ἐν</span> <span class='ocrx_word' id='word_1_566' title='bbox 1137 1193 1176 1226; x_wconf 87' lang='grc' dir='ltr'>τῷ</span> <span class='ocrx_word' id='word_1_567' title='bbox 1190 1188 1348 1228; x_wconf 79' lang='grc' dir='ltr'>Εὐαγγελίῳ</span> <span class='ocrx_word' id='word_1_568' title='bbox 1363 1189 1449 1227; x_wconf 71' lang='grc' dir='ltr'>λέγει’</span> <span class='ocrx_word' id='word_1_569' title='bbox 1468 1201 1482 1214; x_wconf 86' lang='grc'><strong>‹‹</strong></span> <span class='ocrx_word' id='word_1_570' title='bbox 1497 1189 1569 1227; x_wconf 85' lang='grc' dir='ltr'><strong>Ἐγὼ</strong></span> <span class='ocrx_word' id='word_1_571' title='bbox 1584 1188 1667 1223; x_wconf 72' lang='grc' dir='ltr'>ἦλθον</span> <span class='ocrx_word' id='word_1_572' title='bbox 1689 1188 1715 1216; x_wconf 77' lang='grc' dir='ltr'>ἐν</span> <span class='ocrx_word' id='word_1_573' title='bbox 1737 1190 1778 1224; x_wconf 83' lang='grc' dir='ltr'><strong>τῷ</strong></span> <span class='ocrx_word' id='word_1_574' title='bbox 1803 1188 1919 1224; x_wconf 82' lang='grc' dir='ltr'>ὀνόματι</span> 
     </span>
    </p>
   </div>
   <div class='ocr_carea' id='block_1_72' title="bbox 1095 1231 1918 1271">
    <p class='ocr_par' dir='ltr' id='par_1_72' title="bbox 1095 1231 1918 1271">
     <span class='ocr_line' id='line_1_72' title="bbox 1095 1231 1918 1271; baseline -0.004 -9"><span class='ocrx_word' id='word_1_575' title='bbox 1095 1237 1144 1262; x_wconf 79' lang='grc' dir='ltr'><strong>τοῦ</strong></span> <span class='ocrx_word' id='word_1_576' title='bbox 1176 1235 1281 1271; x_wconf 81' lang='grc' dir='ltr'>Πατρός</span> <span class='ocrx_word' id='word_1_577' title='bbox 1312 1244 1376 1270; x_wconf 89' lang='grc' dir='ltr'>μου,</span> <span class='ocrx_word' id='word_1_578' title='bbox 1405 1233 1449 1261; x_wconf 83' lang='grc' dir='ltr'><strong>καί</strong></span> <span class='ocrx_word' id='word_1_579' title='bbox 1477 1233 1527 1261; x_wconf 82' lang='grc' dir='ltr'>οὐκ</span> <span class='ocrx_word' id='word_1_580' title='bbox 1548 1232 1670 1268; x_wconf 59' lang='grc' dir='ltr'>ἐδέξασθὲ</span> <span class='ocrx_word' id='word_1_581' title='bbox 1694 1243 1737 1269; x_wconf 82' lang='grc' dir='ltr'>με·</span> <span class='ocrx_word' id='word_1_582' title='bbox 1761 1232 1805 1260; x_wconf 73' lang='grc' dir='ltr'>ἐὰν</span> <span class='ocrx_word' id='word_1_583' title='bbox 1831 1231 1918 1263; x_wconf 76' lang='grc' dir='ltr'>ἄλλος</span> 
     </span>
    </p>
   </div>
   <div class='ocr_carea' id='block_1_73' title="bbox 1095 1276 1917 1316">
    <p class='ocr_par' dir='ltr' id='par_1_73' title="bbox 1095 1276 1917 1316">
     <span class='ocr_line' id='line_1_73' title="bbox 1095 1276 1917 1316; baseline -0.002 -10"><span class='ocrx_word' id='word_1_584' title='bbox 1095 1277 1161 1316; x_wconf 77' lang='grc' dir='ltr'>ἔλθῃ</span> <span class='ocrx_word' id='word_1_585' title='bbox 1186 1279 1224 1310; x_wconf 79' lang='grc' dir='ltr'>εἰς</span> <span class='ocrx_word' id='word_1_586' title='bbox 1246 1279 1277 1306; x_wconf 86' lang='grc' dir='ltr'>τὸ</span> <span class='ocrx_word' id='word_1_587' title='bbox 1295 1277 1381 1315; x_wconf 78' lang='grc' dir='ltr'>ὄνομα</span> <span class='ocrx_word' id='word_1_588' title='bbox 1405 1278 1511 1314; x_wconf 73' lang='grc' dir='ltr'>ἑαυτοῦ,</span> <span class='ocrx_word' id='word_1_589' title='bbox 1527 1278 1626 1305; x_wconf 71' lang='grc' dir='ltr'>ἐκεῖνον</span> <span class='ocrx_word' id='word_1_590' title='bbox 1643 1276 1763 1313; x_wconf 66' lang='grc' dir='ltr'>δέξησθε.</span> <span class='ocrx_word' id='word_1_591' title='bbox 1781 1289 1794 1302; x_wconf 84' lang='lat' dir='ltr'><strong>n</strong></span> <span class='ocrx_word' id='word_1_592' title='bbox 1811 1277 1862 1305; x_wconf 84' lang='grc' dir='ltr'>Καὶ</span> <span class='ocrx_word' id='word_1_593' title='bbox 1878 1276 1917 1308; x_wconf 75' lang='grc' dir='ltr'>εἷς</span> 
     </span>
    </p>
   </div>
   <div class='ocr_carea' id='block_1_74' title="bbox 1094 1320 1918 1359">
    <p class='ocr_par' dir='ltr' id='par_1_74' title="bbox 1094 1320 1918 1359">
     <span class='ocr_line' id='line_1_74' title="bbox 1094 1320 1918 1359; baseline -0.002 -9"><span class='ocrx_word' id='word_1_594' title='bbox 1094 1323 1139 1350; x_wconf 84' lang='grc' dir='ltr'><strong>τὸν</strong></span> <span class='ocrx_word' id='word_1_595' title='bbox 1156 1323 1315 1350; x_wconf 67' lang='grc' dir='ltr'>ἓκαστοστὸν</span> <span class='ocrx_word' id='word_1_596' title='bbox 1337 1321 1561 1349; x_wconf 72' lang='grc' dir='ltr'>ἓπτακαιόἶκατον</span> <span class='ocrx_word' id='word_1_597' title='bbox 1587 1321 1696 1359; x_wconf 73' lang='grc' dir='ltr'>ψαλμὸν</span> <span class='ocrx_word' id='word_1_598' title='bbox 1715 1320 1801 1359; x_wconf 74' lang='grc' dir='ltr'>λέγει·</span> <span class='ocrx_word' id='word_1_599' title='bbox 1830 1333 1843 1347; x_wconf 88' lang='grc' dir='ltr'>ι(</span> <span class='ocrx_word' id='word_1_600' title='bbox 1868 1321 1918 1348; x_wconf 79' lang='grc' dir='ltr'><strong>Εὐ-</strong></span> 
     </span>
    </p>
   </div>
   <div class='ocr_carea' id='block_1_75' title="bbox 1096 1366 1916 1405">
    <p class='ocr_par' dir='ltr' id='par_1_75' title="bbox 1096 1366 1916 1405">
     <span class='ocr_line' id='line_1_75' title="bbox 1096 1366 1916 1405; baseline -0.002 -11"><span class='ocrx_word' id='word_1_601' title='bbox 1096 1366 1248 1405; x_wconf 72' lang='grc' dir='ltr'>λογημένος</span> <span class='ocrx_word' id='word_1_602' title='bbox 1275 1366 1289 1394; x_wconf 83' lang='grc' dir='ltr'><strong>ὀ</strong></span> <span class='ocrx_word' id='word_1_603' title='bbox 1314 1366 1463 1404; x_wconf 74' lang='grc' dir='ltr'>ἐρχόμενος</span> <span class='ocrx_word' id='word_1_604' title='bbox 1489 1366 1515 1394; x_wconf 79' lang='grc' dir='ltr'>ἐν</span> <span class='ocrx_word' id='word_1_605' title='bbox 1531 1366 1643 1403; x_wconf 83' lang='grc' dir='ltr'>ὀνόματι</span> <span class='ocrx_word' id='word_1_606' title='bbox 1661 1366 1773 1405; x_wconf 90' lang='grc' dir='ltr'>Κυρίου.</span> <span class='ocrx_word' id='word_1_607' title='bbox 1791 1378 1805 1391; x_wconf 77' lang='grc' dir='ltr'><strong>ν</strong></span> <span class='ocrx_word' id='word_1_608' title='bbox 1819 1366 1854 1395; x_wconf 77' lang='lat' dir='ltr'><strong>Ol.</strong></span> <span class='ocrx_word' id='word_1_609' title='bbox 1870 1366 1916 1393; x_wconf 80' lang='grc' dir='ltr'>οὖν</span> 
     </span>
    </p>
   </div>
   <div class='ocr_carea' id='block_1_76' title="bbox 1096 1410 1917 1450">
    <p class='ocr_par' dir='ltr' id='par_1_76' title="bbox 1096 1410 1917 1450">
     <span class='ocr_line' id='line_1_76' title="bbox 1096 1410 1917 1450; baseline -0.002 -11"><span class='ocrx_word' id='word_1_610' title='bbox 1096 1413 1167 1449; x_wconf 79' lang='grc' dir='ltr'>ἅγιοι</span> <span class='ocrx_word' id='word_1_611' title='bbox 1182 1415 1319 1450; x_wconf 83' lang='grc' dir='ltr'>προφῆται</span> <span class='ocrx_word' id='word_1_612' title='bbox 1335 1411 1365 1439; x_wconf 79' lang='grc' dir='ltr'>οὐ</span> <span class='ocrx_word' id='word_1_613' title='bbox 1384 1411 1465 1448; x_wconf 85' lang='grc' dir='ltr'>μόνον</span> <span class='ocrx_word' id='word_1_614' title='bbox 1482 1410 1581 1440; x_wconf 68' lang='grc' dir='ltr'>Ἰιλιον</span> <span class='ocrx_word' id='word_1_615' title='bbox 1602 1410 1774 1446; x_wconf 76' lang='grc' dir='ltr'>δικαιοσύνης</span> <span class='ocrx_word' id='word_1_616' title='bbox 1802 1410 1917 1438; x_wconf 65' lang='grc' dir='ltr'>ἐκάλουν</span> 
     </span>
    </p>
   </div>
   <div class='ocr_carea' id='block_1_77' title="bbox 1094 1454 1919 1495">
    <p class='ocr_par' dir='ltr' id='par_1_77' title="bbox 1094 1454 1919 1495">
     <span class='ocr_line' id='line_1_77' title="bbox 1094 1454 1919 1495; baseline -0.002 -12"><span class='ocrx_word' id='word_1_617' title='bbox 1094 1457 1139 1483; x_wconf 89' lang='grc' dir='ltr'>τὸν</span> <span class='ocrx_word' id='word_1_618' title='bbox 1171 1459 1297 1494; x_wconf 81' lang='grc' dir='ltr'>Σωτῆρα,</span> <span class='ocrx_word' id='word_1_619' title='bbox 1326 1456 1370 1483; x_wconf 81' lang='grc' dir='ltr'><strong>καὶ</strong></span> <span class='ocrx_word' id='word_1_620' title='bbox 1400 1456 1534 1495; x_wconf 82' lang='grc' dir='ltr'>ὀρεθρινὸν</span> <span class='ocrx_word' id='word_1_621' title='bbox 1565 1458 1622 1495; x_wconf 77' lang='grc' dir='ltr'><strong>φῶς</strong></span> <span class='ocrx_word' id='word_1_622' title='bbox 1639 1455 1769 1491; x_wconf 81' lang='grc' dir='ltr'>ἀληθινὸν</span> <span class='ocrx_word' id='word_1_623' title='bbox 1786 1454 1919 1482; x_wconf 74' lang='grc' dir='ltr'>ἀλλὰκαὶ</span> 
     </span>
    </p>
   </div>
   <div class='ocr_carea' id='block_1_78' title="bbox 1096 1498 1918 1539">
    <p class='ocr_par' dir='ltr' id='par_1_78' title="bbox 1096 1498 1918 1539">
     <span class='ocr_line' id='line_1_78' title="bbox 1096 1498 1918 1539; baseline -0.002 -11"><span class='ocrx_word' id='word_1_624' title='bbox 1096 1499 1236 1538; x_wconf 84' lang='grc' dir='ltr'>λαμπάδα,</span> <span class='ocrx_word' id='word_1_625' title='bbox 1250 1500 1295 1528; x_wconf 81' lang='grc' dir='ltr'><strong>καὶ</strong></span> <span class='ocrx_word' id='word_1_626' title='bbox 1313 1501 1455 1539; x_wconf 76' lang='grc' dir='ltr'>βραχίονα”</span> <span class='ocrx_word' id='word_1_627' title='bbox 1473 1500 1510 1531; x_wconf 86' lang='grc' dir='ltr'><strong>ὡς</strong></span> <span class='ocrx_word' id='word_1_628' title='bbox 1537 1502 1666 1538; x_wconf 88' lang='grc' dir='ltr'>μαρτυρεῖ</span> <span class='ocrx_word' id='word_1_629' title='bbox 1690 1501 1704 1527; x_wconf 87' lang='lat'><strong>6</strong></span> <span class='ocrx_word' id='word_1_630' title='bbox 1729 1500 1806 1533; x_wconf 83' lang='grc' dir='ltr'><strong>Θεὸς,</strong></span> <span class='ocrx_word' id='word_1_631' title='bbox 1831 1498 1918 1537; x_wconf 73' lang='grc' dir='ltr'>λέγων</span> 
     </span>
    </p>
   </div>
   <div class='ocr_carea' id='block_1_79' title="bbox 1097 1542 1919 1584">
    <p class='ocr_par' dir='ltr' id='par_1_79' title="bbox 1097 1542 1919 1584">
     <span class='ocr_line' id='line_1_79' title="bbox 1097 1542 1919 1584; baseline -0.001 -12"><span class='ocrx_word' id='word_1_632' title='bbox 1097 1544 1140 1572; x_wconf 80' lang='grc' dir='ltr'>διὰ</span> <span class='ocrx_word' id='word_1_633' title='bbox 1166 1544 1277 1572; x_wconf 71' lang='grc' dir='ltr'>Ἠσαίου</span> <span class='ocrx_word' id='word_1_634' title='bbox 1300 1547 1348 1572; x_wconf 76' lang='grc' dir='ltr'>τοῦ</span> <span class='ocrx_word' id='word_1_635' title='bbox 1373 1546 1528 1584; x_wconf 72' lang='grc' dir='ltr'>προφήτου·</span> <span class='ocrx_word' id='word_1_636' title='bbox 1563 1556 1578 1571; x_wconf 86' lang='grc'><strong>‹‹</strong></span> <span class='ocrx_word' id='word_1_637' title='bbox 1607 1545 1723 1583; x_wconf 83' lang='grc' dir='ltr'>Ἑγγίζει</span> <span class='ocrx_word' id='word_1_638' title='bbox 1743 1544 1814 1582; x_wconf 83' lang='grc' dir='ltr'>ταχὺ</span> <span class='ocrx_word' id='word_1_639' title='bbox 1830 1545 1847 1578; x_wconf 89' lang='grc' dir='ltr'><strong>ἡ</strong></span> <span class='ocrx_word' id='word_1_640' title='bbox 1878 1542 1919 1571; x_wconf 75' lang='grc' dir='ltr'><strong>δι-</strong></span> 
     </span>
    </p>
   </div>
   <div class='ocr_carea' id='block_1_80' title="bbox 1096 1588 1919 1627">
    <p class='ocr_par' dir='ltr' id='par_1_80' title="bbox 1096 1588 1919 1627">
     <span class='ocr_line' id='line_1_80' title="bbox 1096 1588 1919 1627; baseline -0.002 -11"><span class='ocrx_word' id='word_1_641' title='bbox 1096 1589 1225 1623; x_wconf 74' lang='grc' dir='ltr'>καιοσύνη</span> <span class='ocrx_word' id='word_1_642' title='bbox 1253 1600 1305 1625; x_wconf 85' lang='grc' dir='ltr'><strong>μου</strong></span> <span class='ocrx_word' id='word_1_643' title='bbox 1329 1590 1533 1627; x_wconf 69' lang='grc' dir='ltr'>παραγινᾶσθαι·</span> <span class='ocrx_word' id='word_1_644' title='bbox 1557 1590 1588 1617; x_wconf 86' lang='grc' dir='ltr'><strong>τὸ</strong></span> <span class='ocrx_word' id='word_1_645' title='bbox 1605 1588 1633 1616; x_wconf 74' lang='grc' dir='ltr'><strong>δὲ</strong></span> <span class='ocrx_word' id='word_1_646' title='bbox 1647 1588 1783 1627; x_wconf 84' lang='grc' dir='ltr'>σωτήριόν</span> <span class='ocrx_word' id='word_1_647' title='bbox 1812 1598 1865 1624; x_wconf 89' lang='grc' dir='ltr'><strong>μου</strong></span> <span class='ocrx_word' id='word_1_648' title='bbox 1880 1588 1919 1618; x_wconf 80' lang='grc' dir='ltr'>ὡς</span> 
     </span>
    </p>
   </div>
   <div class='ocr_carea' id='block_1_81' title="bbox 1098 1632 1918 1671">
    <p class='ocr_par' dir='ltr' id='par_1_81' title="bbox 1098 1632 1918 1671">
     <span class='ocr_line' id='line_1_81' title="bbox 1098 1632 1918 1671; baseline -0.001 -11"><span class='ocrx_word' id='word_1_649' title='bbox 1098 1633 1208 1670; x_wconf 82' lang='grc' dir='ltr'>λαμπὰς</span> <span class='ocrx_word' id='word_1_650' title='bbox 1231 1634 1403 1669; x_wconf 74' lang='grc' dir='ltr'>καυθήσεται.</span> <span class='ocrx_word' id='word_1_651' title='bbox 1431 1646 1445 1659; x_wconf 78' lang='grc' dir='ltr'><strong>ιι</strong></span> <span class='ocrx_word' id='word_1_652' title='bbox 1470 1632 1573 1669; x_wconf 73' lang='grc' dir='ltr'>Μηδεὶς</span> <span class='ocrx_word' id='word_1_653' title='bbox 1597 1634 1766 1671; x_wconf 80' lang='grc' dir='ltr'>ἀνθρώπινος</span> <span class='ocrx_word' id='word_1_654' title='bbox 1782 1632 1918 1670; x_wconf 87' lang='grc' dir='ltr'>λογισμὸς</span> 
     </span>
    </p>
   </div>
   <div class='ocr_carea' id='block_1_82' title="bbox 1096 1675 1916 1715">
    <p class='ocr_par' dir='ltr' id='par_1_82' title="bbox 1096 1675 1916 1715">
     <span class='ocr_line' id='line_1_82' title="bbox 1096 1675 1916 1715; baseline -0.002 -11"><span class='ocrx_word' id='word_1_655' title='bbox 1096 1677 1267 1715; x_wconf 74' lang='grc' dir='ltr'>ὲρμηνευέτω</span> <span class='ocrx_word' id='word_1_656' title='bbox 1292 1677 1326 1705; x_wconf 82' lang='grc' dir='ltr'>τὰ</span> <span class='ocrx_word' id='word_1_657' title='bbox 1347 1680 1395 1705; x_wconf 77' lang='grc' dir='ltr'><strong>τοῦ</strong></span> <span class='ocrx_word' id='word_1_658' title='bbox 1419 1680 1494 1705; x_wconf 81' lang='grc' dir='ltr'><strong>Θιοῦ.</strong></span> <span class='ocrx_word' id='word_1_659' title='bbox 1522 1678 1580 1706; x_wconf 82' lang='grc' dir='ltr'>Οὐκ</span> <span class='ocrx_word' id='word_1_660' title='bbox 1603 1676 1673 1705; x_wconf 77' lang='grc' dir='ltr'>ἔστιν</span> <span class='ocrx_word' id='word_1_661' title='bbox 1689 1676 1818 1712; x_wconf 81' lang='grc' dir='ltr'>ἀλήθειαν</span> <span class='ocrx_word' id='word_1_662' title='bbox 1833 1675 1916 1712; x_wconf 79' lang='grc' dir='ltr'>ἐκμα-</span> 
     </span>
    </p>
   </div>
   <div class='ocr_carea' id='block_1_83' title="bbox 1096 1721 1917 1760">
    <p class='ocr_par' dir='ltr' id='par_1_83' title="bbox 1096 1721 1917 1760">
     <span class='ocr_line' id='line_1_83' title="bbox 1096 1721 1917 1760; baseline -0.002 -11"><span class='ocrx_word' id='word_1_663' title='bbox 1096 1723 1149 1749; x_wconf 85' lang='grc' dir='ltr'>θιῖν</span> <span class='ocrx_word' id='word_1_664' title='bbox 1179 1732 1239 1749; x_wconf 89' lang='grc' dir='ltr'>τινα</span> <span class='ocrx_word' id='word_1_665' title='bbox 1261 1722 1279 1757; x_wconf 75' lang='grc' dir='ltr'><strong>ἢ</strong></span> <span class='ocrx_word' id='word_1_666' title='bbox 1309 1723 1371 1760; x_wconf 83' lang='grc' dir='ltr'>παρ’</span> <span class='ocrx_word' id='word_1_667' title='bbox 1396 1722 1480 1757; x_wconf 81' lang='grc' dir='ltr'>αὐτῆς</span> <span class='ocrx_word' id='word_1_668' title='bbox 1506 1722 1590 1757; x_wconf 82' lang='grc' dir='ltr'>αὐτὴν</span> <span class='ocrx_word' id='word_1_669' title='bbox 1614 1721 1917 1758; x_wconf 72' lang='grc' dir='ltr'>ἰκμανθάνοπσς.”οτε</span> 
     </span>
    </p>
   </div>
   <div class='ocr_carea' id='block_1_84' title="bbox 1096 1763 1915 1804">
    <p class='ocr_par' dir='ltr' id='par_1_84' title="bbox 1096 1763 1915 1804">
     <span class='ocr_line' id='line_1_84' title="bbox 1096 1763 1915 1804; baseline -0.002 -11"><span class='ocrx_word' id='word_1_670' title='bbox 1096 1767 1111 1793; x_wconf 91' lang='lat'><strong>6</strong></span> <span class='ocrx_word' id='word_1_671' title='bbox 1126 1767 1279 1804; x_wconf 79' lang='grc' dir='ltr'>Μονογινὴς</span> <span class='ocrx_word' id='word_1_672' title='bbox 1295 1766 1309 1793; x_wconf 86' lang='lat'><strong>6</strong></span> <span class='ocrx_word' id='word_1_673' title='bbox 1325 1766 1421 1802; x_wconf 78' lang='grc' dir='ltr'>Κύριος</span> <span class='ocrx_word' id='word_1_674' title='bbox 1441 1768 1521 1803; x_wconf 80' lang='grc' dir='ltr'>ἡμῶν</span> <span class='ocrx_word' id='word_1_675' title='bbox 1545 1767 1648 1801; x_wconf 79' lang='grc' dir='ltr'>Ἰησοῦς</span> <span class='ocrx_word' id='word_1_676' title='bbox 1671 1765 1787 1803; x_wconf 78' lang='grc' dir='ltr'>Χριστὸς</span> <span class='ocrx_word' id='word_1_677' title='bbox 1816 1763 1915 1801; x_wconf 66' lang='grc' dir='ltr'>ἐτέχθη</span> 
     </span>
    </p>
   </div>
   <div class='ocr_carea' id='block_1_85' title="bbox 1096 1807 1917 1848">
    <p class='ocr_par' dir='ltr' id='par_1_85' title="bbox 1096 1807 1917 1848">
     <span class='ocr_line' id='line_1_85' title="bbox 1096 1807 1917 1848; baseline -0.004 -11"><span class='ocrx_word' id='word_1_678' title='bbox 1096 1810 1122 1846; x_wconf 78' lang='grc' dir='ltr'><strong>ἐξ</strong></span> <span class='ocrx_word' id='word_1_679' title='bbox 1148 1810 1334 1847; x_wconf 78' lang='grc' dir='ltr'>ἀπιιρογάμου</span> <span class='ocrx_word' id='word_1_680' title='bbox 1363 1811 1457 1848; x_wconf 86' lang='grc' dir='ltr'>κόρης,</span> <span class='ocrx_word' id='word_1_681' title='bbox 1488 1811 1525 1842; x_wconf 67' lang='grc' dir='ltr'>εἰς</span> <span class='ocrx_word' id='word_1_682' title='bbox 1549 1812 1595 1838; x_wconf 86' lang='grc' dir='ltr'>τὸν</span> <span class='ocrx_word' id='word_1_683' title='bbox 1621 1809 1723 1846; x_wconf 88' lang='grc' dir='ltr'>κόσμον</span> <span class='ocrx_word' id='word_1_684' title='bbox 1741 1810 1814 1845; x_wconf 68' lang='grc' dir='ltr'>ξένην</span> <span class='ocrx_word' id='word_1_685' title='bbox 1832 1807 1917 1835; x_wconf 77' lang='grc' dir='ltr'>ὠδῖνα</span> 
     </span>
    </p>
   </div>
   <div class='ocr_carea' id='block_1_86' title="bbox 1096 1852 1917 1894">
    <p class='ocr_par' dir='ltr' id='par_1_86' title="bbox 1096 1852 1917 1894">
     <span class='ocr_line' id='line_1_86' title="bbox 1096 1852 1917 1894; baseline -0.002 -12"><span class='ocrx_word' id='word_1_686' title='bbox 1096 1855 1139 1882; x_wconf 85' lang='grc' dir='ltr'><strong>καὶ</strong></span> <span class='ocrx_word' id='word_1_687' title='bbox 1156 1855 1226 1890; x_wconf 71' lang='grc' dir='ltr'>ξενον</span> <span class='ocrx_word' id='word_1_688' title='bbox 1249 1854 1357 1882; x_wconf 72' lang='grc' dir='ltr'>τοκετὸν</span> <span class='ocrx_word' id='word_1_689' title='bbox 1379 1855 1526 1894; x_wconf 72' lang='grc' dir='ltr'>εἰσαγαγὼν</span> <span class='ocrx_word' id='word_1_690' title='bbox 1551 1855 1588 1886; x_wconf 71' lang='grc' dir='ltr'>εἰς</span> <span class='ocrx_word' id='word_1_691' title='bbox 1611 1855 1657 1882; x_wconf 85' lang='grc' dir='ltr'><strong>τὸν</strong></span> <span class='ocrx_word' id='word_1_692' title='bbox 1675 1853 1745 1892; x_wconf 84' lang='grc' dir='ltr'>βίον·</span> <span class='ocrx_word' id='word_1_693' title='bbox 1763 1852 1802 1881; x_wconf 64' lang='grc' dir='ltr'>ἔτι</span> <span class='ocrx_word' id='word_1_694' title='bbox 1818 1854 1917 1892; x_wconf 67' lang='grc' dir='ltr'>βρὲφος</span> 
     </span>
    </p>
   </div>
   <div class='ocr_carea' id='block_1_87' title="bbox 1096 1897 1917 1938">
    <p class='ocr_par' dir='ltr' id='par_1_87' title="bbox 1096 1897 1917 1938">
     <span class='ocr_line' id='line_1_87' title="bbox 1096 1897 1917 1938; baseline -0.002 -12"><span class='ocrx_word' id='word_1_695' title='bbox 1096 1897 1160 1926; x_wconf 73' lang='grc' dir='ltr'>ὄντα</span> <span class='ocrx_word' id='word_1_696' title='bbox 1175 1901 1269 1926; x_wconf 75' lang='grc' dir='ltr'>τοῦτον</span> <span class='ocrx_word' id='word_1_697' title='bbox 1294 1900 1446 1937; x_wconf 75' lang='grc' dir='ltr'>βαστάζειὴ</span> <span class='ocrx_word' id='word_1_698' title='bbox 1474 1901 1566 1938; x_wconf 84' lang='grc' dir='ltr'>μήτηρ</span> <span class='ocrx_word' id='word_1_699' title='bbox 1582 1900 1626 1927; x_wconf 83' lang='grc' dir='ltr'>καὶ</span> <span class='ocrx_word' id='word_1_700' title='bbox 1656 1899 1785 1937; x_wconf 82' lang='grc' dir='ltr'>προσάγει</span> <span class='ocrx_word' id='word_1_701' title='bbox 1803 1897 1917 1934; x_wconf 85' lang='grc' dir='ltr'>Συμεὼν</span> 
     </span>
    </p>
   </div>
   <div class='ocr_carea' id='block_1_88' title="bbox 1095 1941 1916 1981">
    <p class='ocr_par' dir='ltr' id='par_1_88' title="bbox 1095 1941 1916 1981">
     <span class='ocr_line' id='line_1_88' title="bbox 1095 1941 1916 1981; baseline -0.004 -10"><span class='ocrx_word' id='word_1_702' title='bbox 1095 1943 1135 1979; x_wconf 88' lang='grc' dir='ltr'>τῷ</span> <span class='ocrx_word' id='word_1_703' title='bbox 1151 1943 1226 1980; x_wconf 73' lang='grc' dir='ltr'>ἱερεῖ.</span> <span class='ocrx_word' id='word_1_704' title='bbox 1243 1942 1327 1975; x_wconf 80' lang='grc' dir='ltr'>Οὗτος</span> <span class='ocrx_word' id='word_1_705' title='bbox 1343 1941 1434 1971; x_wconf 74' lang='grc' dir='ltr'>λαϐὼν</span> <span class='ocrx_word' id='word_1_706' title='bbox 1451 1944 1489 1975; x_wconf 72' lang='grc' dir='ltr'>εἷς</span> <span class='ocrx_word' id='word_1_707' title='bbox 1510 1944 1558 1975; x_wconf 79' lang='grc' dir='ltr'><strong>τὰς</strong></span> <span class='ocrx_word' id='word_1_708' title='bbox 1579 1943 1698 1981; x_wconf 78' lang='grc' dir='ltr'>ἀγκάλας</span> <span class='ocrx_word' id='word_1_709' title='bbox 1721 1943 1767 1970; x_wconf 85' lang='grc' dir='ltr'><strong>τὸν</strong></span> <span class='ocrx_word' id='word_1_710' title='bbox 1788 1945 1916 1980; x_wconf 82' lang='grc' dir='ltr'>Σωτῆρα,</span> 
     </span>
    </p>
   </div>
   <div class='ocr_carea' id='block_1_89' title="bbox 1096 1986 1916 2028">
    <p class='ocr_par' dir='ltr' id='par_1_89' title="bbox 1096 1986 1916 2028">
     <span class='ocr_line' id='line_1_89' title="bbox 1096 1986 1916 2028; baseline 0 -14"><span class='ocrx_word' id='word_1_711' title='bbox 1096 1988 1164 2025; x_wconf 86' lang='grc' dir='ltr'>πρὸς</span> <span class='ocrx_word' id='word_1_712' title='bbox 1179 1988 1258 2015; x_wconf 85' lang='grc' dir='ltr'>αὐτὸν</span> <span class='ocrx_word' id='word_1_713' title='bbox 1274 1988 1416 2027; x_wconf 75' lang='grc' dir='ltr'>φθέγγεται</span> <span class='ocrx_word' id='word_1_714' title='bbox 1432 1989 1476 2016; x_wconf 87' lang='grc' dir='ltr'><strong>καί</strong></span> <span class='ocrx_word' id='word_1_715' title='bbox 1493 1999 1558 2028; x_wconf 75' lang='grc' dir='ltr'>φησι</span> <span class='ocrx_word' id='word_1_716' title='bbox 1667 2000 1681 2014; x_wconf 88' lang='grc'><em>‹‹</em></span> <span class='ocrx_word' id='word_1_717' title='bbox 1706 1988 1761 2016; x_wconf 83' lang='grc' dir='ltr'><strong>Νὖν</strong></span> <span class='ocrx_word' id='word_1_718' title='bbox 1785 1986 1916 2017; x_wconf 81' lang='grc' dir='ltr'>ἀπολύεις</span> 
     </span>
    </p>
   </div>
   <div class='ocr_carea' id='block_1_90' title="bbox 1095 2030 1915 2070">
    <p class='ocr_par' dir='ltr' id='par_1_90' title="bbox 1095 2030 1915 2070">
     <span class='ocr_line' id='line_1_90' title="bbox 1095 2030 1915 2070; baseline 0 -11"><span class='ocrx_word' id='word_1_719' title='bbox 1095 2032 1140 2059; x_wconf 83' lang='grc' dir='ltr'><strong>τὸν</strong></span> <span class='ocrx_word' id='word_1_720' title='bbox 1158 2030 1255 2060; x_wconf 77' lang='grc' dir='ltr'>δοῦλόν</span> <span class='ocrx_word' id='word_1_721' title='bbox 1270 2043 1317 2060; x_wconf 82' lang='grc' dir='ltr'><strong>σου</strong></span> <span class='ocrx_word' id='word_1_722' title='bbox 1334 2033 1452 2061; x_wconf 70' lang='grc' dir='ltr'>Δᾶσποτα</span> <span class='ocrx_word' id='word_1_723' title='bbox 1467 2033 1534 2061; x_wconf 76' lang='grc' dir='ltr'>κατὰ.</span> <span class='ocrx_word' id='word_1_724' title='bbox 1547 2033 1578 2060; x_wconf 88' lang='grc' dir='ltr'>τὸ</span> <span class='ocrx_word' id='word_1_725' title='bbox 1594 2032 1670 2070; x_wconf 76' lang='grc' dir='ltr'>ῥῆμά</span> <span class='ocrx_word' id='word_1_726' title='bbox 1685 2042 1743 2067; x_wconf 84' lang='grc' dir='ltr'>σου,</span> <span class='ocrx_word' id='word_1_727' title='bbox 1761 2031 1785 2059; x_wconf 72' lang='grc' dir='ltr'>ἐν</span> <span class='ocrx_word' id='word_1_728' title='bbox 1811 2031 1915 2070; x_wconf 75' lang='grc' dir='ltr'>εἰρήνῃ.</span> 
     </span>
    </p>
   </div>
   <div class='ocr_carea' id='block_1_91' title="bbox 1096 2075 1916 2116">
    <p class='ocr_par' dir='ltr' id='par_1_91' title="bbox 1096 2075 1916 2116">
     <span class='ocr_line' id='line_1_91' title="bbox 1096 2075 1916 2116; baseline -0.001 -12"><span class='ocrx_word' id='word_1_729' title='bbox 1096 2078 1155 2104; x_wconf 74' lang='grc' dir='ltr'>’Ότι</span> <span class='ocrx_word' id='word_1_730' title='bbox 1183 2075 1258 2104; x_wconf 77' lang='grc' dir='ltr'>οἴδον</span> <span class='ocrx_word' id='word_1_731' title='bbox 1272 2077 1298 2104; x_wconf 80' lang='grc' dir='ltr'>οὶ</span> <span class='ocrx_word' id='word_1_732' title='bbox 1319 2076 1456 2116; x_wconf 77' lang='grc' dir='ltr'>ὀφθαλμοί</span> <span class='ocrx_word' id='word_1_733' title='bbox 1471 2088 1522 2114; x_wconf 86' lang='grc' dir='ltr'><strong>μου</strong></span> <span class='ocrx_word' id='word_1_734' title='bbox 1537 2078 1568 2104; x_wconf 87' lang='grc' dir='ltr'>τὸ</span> <span class='ocrx_word' id='word_1_735' title='bbox 1585 2077 1719 2113; x_wconf 85' lang='grc' dir='ltr'>σωτήριόν</span> <span class='ocrx_word' id='word_1_736' title='bbox 1732 2087 1790 2111; x_wconf 89' lang='grc' dir='ltr'>σου,</span> <span class='ocrx_word' id='word_1_737' title='bbox 1806 2088 1820 2102; x_wconf 84' lang='grc'><strong>››</strong></span> <span class='ocrx_word' id='word_1_738' title='bbox 1835 2086 1916 2103; x_wconf 78' lang='grc' dir='ltr'>τουτ-</span> 
     </span>
    </p>
   </div>
   <div class='ocr_carea' id='block_1_92' title="bbox 1097 2120 1916 2160">
    <p class='ocr_par' dir='ltr' id='par_1_92' title="bbox 1097 2120 1916 2160">
     <span class='ocr_line' id='line_1_92' title="bbox 1097 2120 1916 2160; baseline -0.001 -12"><span class='ocrx_word' id='word_1_739' title='bbox 1097 2121 1162 2156; x_wconf 72' lang='grc' dir='ltr'>ἐστι,</span> <span class='ocrx_word' id='word_1_740' title='bbox 1189 2122 1239 2156; x_wconf 80' lang='grc' dir='ltr'><strong>τήν</strong></span> <span class='ocrx_word' id='word_1_741' title='bbox 1267 2122 1414 2158; x_wconf 82' lang='grc' dir='ltr'>παρουσίαν</span> <span class='ocrx_word' id='word_1_742' title='bbox 1442 2124 1491 2149; x_wconf 81' lang='grc' dir='ltr'><strong>τοῦ</strong></span> <span class='ocrx_word' id='word_1_743' title='bbox 1520 2123 1646 2160; x_wconf 79' lang='grc' dir='ltr'>Χριστοῦ.</span> <span class='ocrx_word' id='word_1_744' title='bbox 1675 2121 1796 2152; x_wconf 79' lang='grc' dir='ltr'>Εἲκότως</span> <span class='ocrx_word' id='word_1_745' title='bbox 1827 2121 1872 2148; x_wconf 80' lang='grc' dir='ltr'>οὖν</span> <span class='ocrx_word' id='word_1_746' title='bbox 1902 2120 1916 2146; x_wconf 88' lang='lat'><strong>6</strong></span> 
     </span>
    </p>
   </div>
   <div class='ocr_carea' id='block_1_93' title="bbox 1095 2164 1916 2205">
    <p class='ocr_par' dir='ltr' id='par_1_93' title="bbox 1095 2164 1916 2205">
     <span class='ocr_line' id='line_1_93' title="bbox 1095 2164 1916 2205; baseline -0.002 -12"><span class='ocrx_word' id='word_1_747' title='bbox 1095 2167 1239 2205; x_wconf 78' lang='grc' dir='ltr'>προφήτης</span> <span class='ocrx_word' id='word_1_748' title='bbox 1264 2164 1354 2204; x_wconf 74' lang='grc' dir='ltr'>ἔλεγεν</span> <span class='ocrx_word' id='word_1_749' title='bbox 1380 2166 1410 2194; x_wconf 82' lang='grc' dir='ltr'>ἐκ</span> <span class='ocrx_word' id='word_1_750' title='bbox 1424 2166 1572 2204; x_wconf 85' lang='grc' dir='ltr'>προσώπου</span> <span class='ocrx_word' id='word_1_751' title='bbox 1597 2168 1646 2194; x_wconf 79' lang='grc' dir='ltr'><strong>τοῦ</strong></span> <span class='ocrx_word' id='word_1_752' title='bbox 1671 2168 1747 2193; x_wconf 67' lang='grc' dir='ltr'><strong>Θιοῠ*</strong></span> <span class='ocrx_word' id='word_1_753' title='bbox 1781 2178 1796 2192; x_wconf 76' lang='grc' dir='ltr'>ι(</span> <span class='ocrx_word' id='word_1_754' title='bbox 1820 2165 1871 2192; x_wconf 81' lang='grc' dir='ltr'><strong>Καὶ</strong></span> <span class='ocrx_word' id='word_1_755' title='bbox 1886 2164 1916 2192; x_wconf 82' lang='grc' dir='ltr'><strong>τὸ</strong></span> 
     </span>
    </p>
   </div>
   <div class='ocr_carea' id='block_1_94' title="bbox 1097 2209 1917 2249">
    <p class='ocr_par' dir='ltr' id='par_1_94' title="bbox 1097 2209 1917 2249">
     <span class='ocr_line' id='line_1_94' title="bbox 1097 2209 1917 2249; baseline -0.001 -12"><span class='ocrx_word' id='word_1_756' title='bbox 1097 2210 1230 2249; x_wconf 86' lang='grc' dir='ltr'>σωτήριόν</span> <span class='ocrx_word' id='word_1_757' title='bbox 1262 2221 1314 2247; x_wconf 86' lang='grc' dir='ltr'><strong>μου</strong></span> <span class='ocrx_word' id='word_1_758' title='bbox 1343 2211 1379 2242; x_wconf 85' lang='grc' dir='ltr'>ὡς</span> <span class='ocrx_word' id='word_1_759' title='bbox 1407 2209 1517 2248; x_wconf 82' lang='grc' dir='ltr'>λαμπὰς</span> <span class='ocrx_word' id='word_1_760' title='bbox 1541 2211 1713 2246; x_wconf 78' lang='grc' dir='ltr'>καυθήσεται,</span> <span class='ocrx_word' id='word_1_761' title='bbox 1738 2210 1783 2237; x_wconf 83' lang='grc' dir='ltr'><strong>καὶ</strong></span> <span class='ocrx_word' id='word_1_762' title='bbox 1807 2209 1847 2241; x_wconf 72' lang='grc' dir='ltr'>εἷς</span> <span class='ocrx_word' id='word_1_763' title='bbox 1869 2209 1917 2236; x_wconf 84' lang='grc' dir='ltr'>τὸν</span> 
     </span>
    </p>
   </div>
   <div class='ocr_carea' id='block_1_95' title="bbox 1099 2254 1916 2293">
    <p class='ocr_par' dir='ltr' id='par_1_95' title="bbox 1099 2254 1916 2293">
     <span class='ocr_line' id='line_1_95' title="bbox 1099 2254 1916 2293; baseline -0.001 -11"><span class='ocrx_word' id='word_1_764' title='bbox 1099 2255 1232 2292; x_wconf 74' lang='grc' dir='ltr'>βραχίονα</span> <span class='ocrx_word' id='word_1_765' title='bbox 1248 2266 1300 2292; x_wconf 91' lang='grc' dir='ltr'><strong>μου</strong></span> <span class='ocrx_word' id='word_1_766' title='bbox 1315 2254 1376 2291; x_wconf 77' lang='grc' dir='ltr'>ἔθνη</span> <span class='ocrx_word' id='word_1_767' title='bbox 1392 2255 1514 2283; x_wconf 77' lang='grc' dir='ltr'>ἐλπιοῦσι</span> <span class='ocrx_word' id='word_1_768' title='bbox 1531 2257 1597 2293; x_wconf 78' lang='grc'><strong>(91).</strong></span> <span class='ocrx_word' id='word_1_769' title='bbox 1613 2268 1627 2283; x_wconf 75' lang='grc' dir='ltr'>ι)</span> <span class='ocrx_word' id='word_1_770' title='bbox 1653 2254 1788 2293; x_wconf 81' lang='grc' dir='ltr'>Βραχίονα</span> <span class='ocrx_word' id='word_1_771' title='bbox 1802 2255 1854 2292; x_wconf 82' lang='grc' dir='ltr'><strong>γὰρ</strong></span> <span class='ocrx_word' id='word_1_772' title='bbox 1869 2255 1916 2282; x_wconf 75' lang='grc' dir='ltr'>τοῦ</span> 
     </span>
    </p>
   </div>
   <div class='ocr_carea' id='block_1_96' title="bbox 225 2294 1042 2338">
    <p class='ocr_par' dir='ltr' id='par_1_96' title="bbox 225 2294 1042 2333">
     <span class='ocr_line' id='line_1_96' title="bbox 225 2294 1042 2333; baseline 0.006 -13"><span class='ocrx_word' id='word_1_773' title='bbox 225 2296 284 2321; x_wconf 90' lang='lat' dir='ltr'><strong>tem</strong></span> <span class='ocrx_word' id='word_1_774' title='bbox 300 2294 436 2328; x_wconf 85' lang='lat' dir='ltr'><strong>deitatis;</strong></span> <span class='ocrx_word' id='word_1_775' title='bbox 460 2296 510 2323; x_wconf 87' lang='lat' dir='ltr'><strong>sed</strong></span> <span class='ocrx_word' id='word_1_776' title='bbox 537 2298 568 2323; x_wconf 94' lang='lat' dir='ltr'><strong>ut</strong></span> <span class='ocrx_word' id='word_1_777' title='bbox 592 2296 763 2324; x_wconf 67' lang='lat' dir='ltr'><strong>substantias</strong></span> <span class='ocrx_word' id='word_1_778' title='bbox 792 2298 991 2333; x_wconf 81' lang='lat' dir='ltr'><strong>conjunctum.</strong></span> <span class='ocrx_word' id='word_1_779' title='bbox 1009 2298 1042 2325; x_wconf 90' lang='lat' dir='ltr'><strong>Ut</strong></span> 
     </span>
    </p>
   </div>
   <div class='ocr_carea' id='block_1_97' title="bbox 1095 2294 1916 2338">
    <p class='ocr_par' dir='ltr' id='par_1_97' title="bbox 1097 2297 1916 2338">
     <span class='ocr_line' id='line_1_97' title="bbox 1097 2297 1916 2338; baseline 0.001 -13"><span class='ocrx_word' id='word_1_780' title='bbox 1097 2298 1200 2336; x_wconf 71' lang='grc' dir='ltr'>Ματρὸς</span> <span class='ocrx_word' id='word_1_781' title='bbox 1217 2299 1298 2326; x_wconf 85' lang='grc' dir='ltr'>πάλιν</span> <span class='ocrx_word' id='word_1_782' title='bbox 1314 2299 1393 2327; x_wconf 81' lang='grc' dir='ltr'>καλεῖ</span> <span class='ocrx_word' id='word_1_783' title='bbox 1406 2299 1451 2327; x_wconf 84' lang='grc' dir='ltr'><strong>τὸν</strong></span> <span class='ocrx_word' id='word_1_784' title='bbox 1469 2301 1620 2338; x_wconf 78' lang='grc' dir='ltr'>Μονογινῆ.</span> <span class='ocrx_word' id='word_1_785' title='bbox 1647 2299 1785 2338; x_wconf 87' lang='grc' dir='ltr'>Βραχίονα</span> <span class='ocrx_word' id='word_1_786' title='bbox 1810 2297 1838 2326; x_wconf 68' lang='grc' dir='ltr'><strong>δὲ</strong></span> <span class='ocrx_word' id='word_1_787' title='bbox 1863 2298 1916 2336; x_wconf 85' lang='grc' dir='ltr'>οὐχ</span> 
     </span>
    </p>
   </div>
   <div class='ocr_carea' id='block_1_98' title="bbox 225 2338 1042 2378">
    <p class='ocr_par' dir='ltr' id='par_1_98' title="bbox 225 2338 1042 2378">
     <span class='ocr_line' id='line_1_98' title="bbox 225 2338 1042 2378; baseline 0.006 -14"><span class='ocrx_word' id='word_1_788' title='bbox 225 2338 301 2365; x_wconf 89' lang='lat' dir='ltr'><strong>enim</strong></span> <span class='ocrx_word' id='word_1_789' title='bbox 317 2338 468 2367; x_wconf 81' lang='lat' dir='ltr'><strong>brachium</strong></span> <span class='ocrx_word' id='word_1_790' title='bbox 484 2340 614 2375; x_wconf 82' lang='lat' dir='ltr'><strong>ejusdem</strong></span> <span class='ocrx_word' id='word_1_791' title='bbox 641 2343 685 2368; x_wconf 89' lang='lat' dir='ltr'><strong>est</strong></span> <span class='ocrx_word' id='word_1_792' title='bbox 710 2342 880 2369; x_wconf 69' lang='lat' dir='ltr'><strong>substantiae</strong></span> <span class='ocrx_word' id='word_1_793' title='bbox 895 2342 979 2378; x_wconf 85' lang='lat' dir='ltr'><strong>cujus</strong></span> <span class='ocrx_word' id='word_1_794' title='bbox 994 2342 1042 2370; x_wconf 90' lang='lat' dir='ltr'><strong>ille</strong></span> 
     </span>
    </p>
   </div>
   <div class='ocr_carea' id='block_1_99' title="bbox 225 2382 1040 2421">
    <p class='ocr_par' dir='ltr' id='par_1_99' title="bbox 225 2382 1040 2421">
     <span class='ocr_line' id='line_1_99' title="bbox 225 2382 1040 2421; baseline 0.006 -12"><span class='ocrx_word' id='word_1_795' title='bbox 225 2382 270 2409; x_wconf 90' lang='lat' dir='ltr'><strong>cui</strong></span> <span class='ocrx_word' id='word_1_796' title='bbox 289 2382 437 2410; x_wconf 68' lang='lat' dir='ltr'><strong>brachium</strong></span> <span class='ocrx_word' id='word_1_797' title='bbox 455 2387 496 2411; x_wconf 79' lang='lat' dir='ltr'><strong>est</strong></span> <span class='ocrx_word' id='word_1_798' title='bbox 513 2394 517 2415; x_wconf 69' lang='grc' dir='ltr'><strong>ς</strong></span> <span class='ocrx_word' id='word_1_799' title='bbox 536 2386 575 2412; x_wconf 86' lang='lat' dir='ltr'><strong>ita</strong></span> <span class='ocrx_word' id='word_1_800' title='bbox 591 2385 740 2413; x_wconf 79' lang='lat' dir='ltr'><strong>brachium</strong></span> <span class='ocrx_word' id='word_1_801' title='bbox 758 2385 850 2414; x_wconf 84' lang='lat' dir='ltr'><strong>Patris</strong></span> <span class='ocrx_word' id='word_1_802' title='bbox 864 2386 1040 2421; x_wconf 79' lang='lat' dir='ltr'><strong>nominatur,</strong></span> 
     </span>
    </p>
   </div>
   <div class='ocr_carea' id='block_1_100' title="bbox 224 2427 1040 2464">
    <p class='ocr_par' dir='ltr' id='par_1_100' title="bbox 224 2427 1040 2464">
     <span class='ocr_line' id='line_1_100' title="bbox 224 2427 1040 2464; baseline 0.01 -13"><span class='ocrx_word' id='word_1_803' title='bbox 224 2427 458 2462; x_wconf 70' lang='lat' dir='ltr'><strong>quandoquidem</strong></span> <span class='ocrx_word' id='word_1_804' title='bbox 477 2432 644 2464; x_wconf 75' lang='lat' dir='ltr'><strong>cooperator</strong></span> <span class='ocrx_word' id='word_1_805' title='bbox 668 2432 712 2458; x_wconf 89' lang='lat' dir='ltr'><strong>est</strong></span> <span class='ocrx_word' id='word_1_806' title='bbox 735 2430 826 2458; x_wconf 85' lang='lat' dir='ltr'><strong>Patris</strong></span> <span class='ocrx_word' id='word_1_807' title='bbox 842 2430 871 2458; x_wconf 88' lang='lat' dir='ltr'><strong>in</strong></span> <span class='ocrx_word' id='word_1_808' title='bbox 887 2431 1040 2459; x_wconf 86' lang='lat' dir='ltr'><strong>creatione.</strong></span> 
     </span>
    </p>
   </div>
   <div class='ocr_carea' id='block_1_101' title="bbox 222 2472 1041 2507">
    <p class='ocr_par' dir='ltr' id='par_1_101' title="bbox 222 2472 1041 2507">
     <span class='ocr_line' id='line_1_101' title="bbox 222 2472 1041 2507; baseline 0.009 -11"><span class='ocrx_word' id='word_1_809' title='bbox 222 2472 316 2506; x_wconf 85' lang='lat' dir='ltr'><strong>Atque</strong></span> <span class='ocrx_word' id='word_1_810' title='bbox 334 2472 418 2499; x_wconf 71' lang='lat' dir='ltr'><strong>istius</strong></span> <span class='ocrx_word' id='word_1_811' title='bbox 435 2474 598 2507; x_wconf 53' lang='lat' dir='ltr'><strong>argumenti</strong></span> <span class='ocrx_word' id='word_1_812' title='bbox 615 2474 698 2502; x_wconf 86' lang='lat' dir='ltr'><strong>testis</strong></span> <span class='ocrx_word' id='word_1_813' title='bbox 713 2477 757 2503; x_wconf 88' lang='lat' dir='ltr'><strong>est</strong></span> <span class='ocrx_word' id='word_1_814' title='bbox 772 2476 821 2503; x_wconf 73' lang='lat'><em>16</em></span> <span class='ocrx_word' id='word_1_815' title='bbox 837 2476 940 2504; x_wconf 85' lang='lat' dir='ltr'><strong>beatus</strong></span> <span class='ocrx_word' id='word_1_816' title='bbox 954 2475 1041 2503; x_wconf 85' lang='lat' dir='ltr'><strong>Joan-</strong></span> 
     </span>
    </p>
   </div>
   <div class='ocr_carea' id='block_1_102' title="bbox 224 2516 1041 2555">
    <p class='ocr_par' dir='ltr' id='par_1_102' title="bbox 224 2516 1041 2555">
     <span class='ocr_line' id='line_1_102' title="bbox 224 2516 1041 2555; baseline 0.009 -14"><span class='ocrx_word' id='word_1_817' title='bbox 224 2523 274 2542; x_wconf 86' lang='lat' dir='ltr'><strong>nes</strong></span> <span class='ocrx_word' id='word_1_818' title='bbox 291 2516 478 2550; x_wconf 65' lang='lat' dir='ltr'><strong>evangelistu,</strong></span> <span class='ocrx_word' id='word_1_819' title='bbox 497 2519 543 2552; x_wconf 74' lang='lat' dir='ltr'><strong>qui</strong></span> <span class='ocrx_word' id='word_1_820' title='bbox 561 2526 651 2554; x_wconf 87' lang='lat' dir='ltr'><strong>supra</strong></span> <span class='ocrx_word' id='word_1_821' title='bbox 671 2521 773 2555; x_wconf 87' lang='lat' dir='ltr'><strong>pectus</strong></span> <span class='ocrx_word' id='word_1_822' title='bbox 788 2519 945 2547; x_wconf 87' lang='lat' dir='ltr'><strong>Salvatoris</strong></span> <span class='ocrx_word' id='word_1_823' title='bbox 960 2528 1041 2548; x_wconf 87' lang='lat' dir='ltr'><strong>recu-</strong></span> 
     </span>
    </p>
   </div>
   <div class='ocr_carea' id='block_1_103' title="bbox 1096 2342 1915 2380">
    <p class='ocr_par' dir='ltr' id='par_1_103' title="bbox 1096 2342 1915 2380">
     <span class='ocr_line' id='line_1_103' title="bbox 1096 2342 1915 2380; baseline 0 -11"><span class='ocrx_word' id='word_1_824' title='bbox 1096 2342 1134 2373; x_wconf 84' lang='grc' dir='ltr'>ὡς</span> <span class='ocrx_word' id='word_1_825' title='bbox 1151 2343 1231 2380; x_wconf 74' lang='grc' dir='ltr'>μέρος</span> <span class='ocrx_word' id='word_1_826' title='bbox 1244 2343 1372 2379; x_wconf 86' lang='grc' dir='ltr'>θεότητος</span> <span class='ocrx_word' id='word_1_827' title='bbox 1386 2343 1473 2371; x_wconf 71' lang='grc' dir='ltr'>καλεῖ·</span> <span class='ocrx_word' id='word_1_828' title='bbox 1499 2343 1562 2371; x_wconf 80' lang='grc' dir='ltr'>ἀλλ’</span> <span class='ocrx_word' id='word_1_829' title='bbox 1586 2344 1624 2375; x_wconf 84' lang='grc' dir='ltr'>ὡς</span> <span class='ocrx_word' id='word_1_830' title='bbox 1647 2345 1682 2380; x_wconf 83' lang='grc' dir='ltr'>τῇ</span> <span class='ocrx_word' id='word_1_831' title='bbox 1706 2343 1784 2379; x_wconf 79' lang='grc' dir='ltr'>οὐσίᾳ</span> <span class='ocrx_word' id='word_1_832' title='bbox 1812 2353 1915 2378; x_wconf 83' lang='grc' dir='ltr'>συνημ-</span> 
     </span>
    </p>
   </div>
   <div class='ocr_carea' id='block_1_104' title="bbox 1099 2386 1915 2427">
    <p class='ocr_par' dir='ltr' id='par_1_104' title="bbox 1099 2386 1915 2427">
     <span class='ocr_line' id='line_1_104' title="bbox 1099 2386 1915 2427; baseline -0.001 -13"><span class='ocrx_word' id='word_1_833' title='bbox 1099 2387 1187 2423; x_wconf 71' lang='grc' dir='ltr'>μένον.</span> <span class='ocrx_word' id='word_1_834' title='bbox 1203 2389 1303 2424; x_wconf 82' lang='grc' dir='ltr'>Ὥσπερ</span> <span class='ocrx_word' id='word_1_835' title='bbox 1320 2388 1371 2427; x_wconf 83' lang='grc' dir='ltr'><strong>γὰρ</strong></span> <span class='ocrx_word' id='word_1_836' title='bbox 1388 2388 1401 2416; x_wconf 89' lang='lat'><strong>6</strong></span> <span class='ocrx_word' id='word_1_837' title='bbox 1419 2388 1541 2426; x_wconf 77' lang='grc' dir='ltr'>βραχίων</span> <span class='ocrx_word' id='word_1_838' title='bbox 1557 2391 1606 2423; x_wconf 84' lang='grc' dir='ltr'><strong>τῆς</strong></span> <span class='ocrx_word' id='word_1_839' title='bbox 1629 2388 1712 2424; x_wconf 77' lang='grc' dir='ltr'>αὐτῆς</span> <span class='ocrx_word' id='word_1_840' title='bbox 1728 2388 1798 2416; x_wconf 74' lang='grc' dir='ltr'>ἐστιν</span> <span class='ocrx_word' id='word_1_841' title='bbox 1824 2386 1915 2417; x_wconf 73' lang='grc' dir='ltr'>οὐσίας</span> 
     </span>
    </p>
   </div>
   <div class='ocr_carea' id='block_1_105' title="bbox 1097 2430 1914 2471">
    <p class='ocr_par' dir='ltr' id='par_1_105' title="bbox 1097 2430 1914 2471">
     <span class='ocr_line' id='line_1_105' title="bbox 1097 2430 1914 2471; baseline 0 -13"><span class='ocrx_word' id='word_1_842' title='bbox 1097 2430 1211 2467; x_wconf 69' lang='grc' dir='ltr'>ἐκείνου,</span> <span class='ocrx_word' id='word_1_843' title='bbox 1227 2431 1258 2459; x_wconf 79' lang='grc' dir='ltr'><strong>οὗ</strong></span> <span class='ocrx_word' id='word_1_844' title='bbox 1273 2431 1327 2460; x_wconf 69' lang='grc' dir='ltr'>ἐστι</span> <span class='ocrx_word' id='word_1_845' title='bbox 1346 2433 1479 2471; x_wconf 78' lang='grc' dir='ltr'>βραχίων,</span> <span class='ocrx_word' id='word_1_846' title='bbox 1495 2431 1539 2460; x_wconf 80' lang='grc' dir='ltr'>διὰ</span> <span class='ocrx_word' id='word_1_847' title='bbox 1552 2431 1632 2461; x_wconf 81' lang='grc' dir='ltr'>τοῦτο</span> <span class='ocrx_word' id='word_1_848' title='bbox 1650 2433 1773 2471; x_wconf 85' lang='grc' dir='ltr'>βραχίων</span> <span class='ocrx_word' id='word_1_849' title='bbox 1796 2434 1845 2460; x_wconf 77' lang='grc' dir='ltr'><strong>τοῦ</strong></span> <span class='ocrx_word' id='word_1_850' title='bbox 1860 2434 1914 2459; x_wconf 88' lang='grc' dir='ltr'><strong>Πα-</strong></span> 
     </span>
    </p>
   </div>
   <div class='ocr_carea' id='block_1_106' title="bbox 1095 2475 1916 2515">
    <p class='ocr_par' dir='ltr' id='par_1_106' title="bbox 1095 2475 1916 2515">
     <span class='ocr_line' id='line_1_106' title="bbox 1095 2475 1916 2515; baseline 0.001 -13"><span class='ocrx_word' id='word_1_851' title='bbox 1095 2476 1158 2513; x_wconf 74' lang='grc' dir='ltr'>ςρὸς</span> <span class='ocrx_word' id='word_1_852' title='bbox 1175 2475 1347 2513; x_wconf 78' lang='grc' dir='ltr'>ὀνομάζεται,</span> <span class='ocrx_word' id='word_1_853' title='bbox 1364 2476 1458 2511; x_wconf 75' lang='grc' dir='ltr'>ἐπειδὴ</span> <span class='ocrx_word' id='word_1_854' title='bbox 1479 2477 1604 2515; x_wconf 73' lang='grc' dir='ltr'>συνεργός</span> <span class='ocrx_word' id='word_1_855' title='bbox 1620 2477 1674 2505; x_wconf 60' lang='grc' dir='ltr'>ἐστι</span> <span class='ocrx_word' id='word_1_856' title='bbox 1690 2479 1738 2512; x_wconf 80' lang='grc' dir='ltr'><strong>τῆς</strong></span> <span class='ocrx_word' id='word_1_857' title='bbox 1748 2479 1796 2504; x_wconf 78' lang='grc' dir='ltr'><strong>τοῦ</strong></span> <span class='ocrx_word' id='word_1_858' title='bbox 1812 2476 1916 2513; x_wconf 85' lang='grc' dir='ltr'>Πατρὸς</span> 
     </span>
    </p>
   </div>
   <div class='ocr_carea' id='block_1_107' title="bbox 1098 2518 1915 2559">
    <p class='ocr_par' dir='ltr' id='par_1_107' title="bbox 1098 2518 1915 2559">
     <span class='ocr_line' id='line_1_107' title="bbox 1098 2518 1915 2559; baseline 0.001 -12"><span class='ocrx_word' id='word_1_859' title='bbox 1098 2518 1288 2559; x_wconf 83' lang='grc' dir='ltr'>δημιουργίας.</span> <span class='ocrx_word' id='word_1_860' title='bbox 1318 2522 1367 2550; x_wconf 78' lang='grc' dir='ltr'><strong>Καὶ</strong></span> <span class='ocrx_word' id='word_1_861' title='bbox 1388 2521 1489 2557; x_wconf 75' lang='grc' dir='ltr'>ταύτης</span> <span class='ocrx_word' id='word_1_862' title='bbox 1512 2523 1561 2556; x_wconf 76' lang='grc' dir='ltr'>τῆς</span> <span class='ocrx_word' id='word_1_863' title='bbox 1585 2520 1749 2557; x_wconf 78' lang='grc' dir='ltr'>ἀποδείξεως</span> <span class='ocrx_word' id='word_1_864' title='bbox 1776 2521 1878 2559; x_wconf 84' lang='grc' dir='ltr'>μάρτυς</span> <span class='ocrx_word' id='word_1_865' title='bbox 1902 2520 1915 2546; x_wconf 79' lang='grc' dir='ltr'>ὁ</span> 
     </span>
    </p>
   </div>
   <div class='ocr_carea' id='block_1_108' title="bbox 262 2596 1042 2640">
    <p class='ocr_par' dir='ltr' id='par_1_108' title="bbox 262 2596 1041 2640">
     <span class='ocr_line' id='line_1_108' title="bbox 262 2596 1041 2640; baseline 0.009 -17"><span class='ocrx_word' id='word_1_866' title='bbox 262 2596 453 2640; x_wconf 19' lang='lat' dir='ltr'><strong>“&quot;-&quot;‘&gt;l\3nlu-ch&#39;.</strong></span> <span class='ocrx_word' id='word_1_867' title='bbox 473 2607 512 2629; x_wconf 76' lang='grc' dir='ltr'>ιιι,</span> <span class='ocrx_word' id='word_1_868' title='bbox 531 2600 551 2625; x_wconf 90' lang='grc'><strong>1.</strong></span> <span class='ocrx_word' id='word_1_869' title='bbox 591 2600 614 2640; x_wconf 52' lang='grc' dir='ltr'>ίξ</span> <span class='ocrx_word' id='word_1_870' title='bbox 628 2598 711 2640; x_wconf 50' lang='lat' dir='ltr'><strong>Joan:</strong></span> <span class='ocrx_word' id='word_1_871' title='bbox 728 2608 757 2635; x_wconf 83' lang='lat' dir='ltr'><strong>Il,</strong></span> <span class='ocrx_word' id='word_1_872' title='bbox 771 2601 813 2628; x_wconf 84' lang='grc'><strong>16.</strong></span> <span class='ocrx_word' id='word_1_873' title='bbox 827 2601 875 2640; x_wconf 40' lang='lat'><strong>“&#39;0</strong></span> <span class='ocrx_word' id='word_1_874' title='bbox 886 2601 991 2640; x_wconf 56' lang='lat' dir='ltr'><strong>Matth.</strong></span> <span class='ocrx_word' id='word_1_875' title='bbox 1006 2609 1041 2640; x_wconf 56' lang='lat' dir='ltr'><strong>3x</strong></span> 
     </span>
    </p>
   </div>
   <div class='ocr_carea' id='block_1_109' title="bbox 1095 2596 1918 2640">
    <p class='ocr_par' dir='ltr' id='par_1_109' title="bbox 1095 2602 1918 2640">
     <span class='ocr_line' id='line_1_109' title="bbox 1095 2602 1918 2640; baseline 0.002 -10"><span class='ocrx_word' id='word_1_876' title='bbox 1095 2602 1128 2630; x_wconf 89' lang='lat'><strong>.3.</strong></span> <span class='ocrx_word' id='word_1_877' title='bbox 1165 2604 1186 2621; x_wconf 86' lang='grc'><strong>¹¹</strong></span> <span class='ocrx_word' id='word_1_878' title='bbox 1200 2603 1287 2633; x_wconf 85' lang='lat' dir='ltr'><strong>Exod.</strong></span> <span class='ocrx_word' id='word_1_879' title='bbox 1303 2613 1384 2638; x_wconf 71' lang='grc' dir='ltr'>χχιιι,</span> <span class='ocrx_word' id='word_1_880' title='bbox 1398 2605 1444 2640; x_wconf 76' lang='grc'><strong>20,</strong></span> <span class='ocrx_word' id='word_1_881' title='bbox 1459 2604 1504 2632; x_wconf 85' lang='grc'><strong>21.</strong></span> <span class='ocrx_word' id='word_1_882' title='bbox 1543 2604 1566 2621; x_wconf 79' lang='grc'><strong>²¹</strong></span> <span class='ocrx_word' id='word_1_883' title='bbox 1579 2604 1661 2632; x_wconf 84' lang='lat' dir='ltr'><strong>Joan.</strong></span> <span class='ocrx_word' id='word_1_884' title='bbox 1676 2612 1704 2638; x_wconf 78' lang='grc' dir='ltr'><strong>ν,</strong></span> <span class='ocrx_word' id='word_1_885' title='bbox 1720 2603 1765 2632; x_wconf 70' lang='grc'><strong>48.</strong></span> <span class='ocrx_word' id='word_1_886' title='bbox 1803 2603 1826 2621; x_wconf 82' lang='grc'><strong>³⁸</strong></span> <span class='ocrx_word' id='word_1_887' title='bbox 1841 2603 1918 2632; x_wconf 77' lang='lat' dir='ltr'><strong>Psal-</strong></span> 
     </span>
    </p>
   </div>
   <div class='ocr_carea' id='block_1_110' title="bbox 224 2634 365 2663">
    <p class='ocr_par' dir='ltr' id='par_1_110' title="bbox 224 2634 365 2663">
     <span class='ocr_line' id='line_1_110' title="bbox 224 2634 365 2663; baseline -0.007 -5"><span class='ocrx_word' id='word_1_888' title='bbox 224 2639 308 2663; x_wconf 81' lang='lat' dir='ltr'><strong>cxvn,</strong></span> <span class='ocrx_word' id='word_1_889' title='bbox 324 2634 365 2658; x_wconf 67' lang='grc'><strong>26.</strong></span> 
     </span>
    </p>
   </div>
   <div class='ocr_carea' id='block_1_111' title="bbox 257 2725 1041 2765">
    <p class='ocr_par' dir='ltr' id='par_1_111' title="bbox 257 2725 1041 2765">
     <span class='ocr_line' id='line_1_111' title="bbox 257 2725 1041 2765; baseline 0.01 -15"><span class='ocrx_word' id='word_1_890' title='bbox 257 2725 311 2759; x_wconf 72' lang='lat'><strong>(88)</strong></span> <span class='ocrx_word' id='word_1_891' title='bbox 329 2726 399 2765; x_wconf 41' lang='lat' dir='ltr'><strong>lla-c‘</strong></span> <span class='ocrx_word' id='word_1_892' title='bbox 419 2736 510 2761; x_wconf 75' lang='lat' dir='ltr'><strong>usque</strong></span> <span class='ocrx_word' id='word_1_893' title='bbox 527 2725 704 2765; x_wconf 63' lang='lat' dir='ltr'><strong>nd__lvnﬁ_6sv,</strong></span> <span class='ocrx_word' id='word_1_894' title='bbox 725 2727 830 2756; x_wconf 83' lang='lat' dir='ltr'><strong>desunt</strong></span> <span class='ocrx_word' id='word_1_895' title='bbox 855 2728 885 2756; x_wconf 86' lang='lat' dir='ltr'><strong>in</strong></span> <span class='ocrx_word' id='word_1_896' title='bbox 907 2729 1041 2765; x_wconf 80' lang='lat' dir='ltr'><strong>Anglica-</strong></span> 
     </span>
    </p>
   </div>
   <div class='ocr_carea' id='block_1_112' title="bbox 221 2762 681 2794">
    <p class='ocr_par' dir='ltr' id='par_1_112' title="bbox 221 2762 681 2794">
     <span class='ocr_line' id='line_1_112' title="bbox 221 2762 681 2794; baseline 0.009 -8"><span class='ocrx_word' id='word_1_897' title='bbox 221 2767 268 2794; x_wconf 65' lang='grc' dir='ltr'>ιιι,</span> <span class='ocrx_word' id='word_1_898' title='bbox 288 2769 337 2788; x_wconf 83' lang='lat' dir='ltr'><strong>nec</strong></span> <span class='ocrx_word' id='word_1_899' title='bbox 357 2763 428 2789; x_wconf 76' lang='lat' dir='ltr'><strong>lectu</strong></span> <span class='ocrx_word' id='word_1_900' title='bbox 446 2767 512 2789; x_wconf 67' lang='lat' dir='ltr'><strong>sunt</strong></span> <span class='ocrx_word' id='word_1_901' title='bbox 529 2772 544 2789; x_wconf 69' lang='grc' dir='ltr'><strong>η</strong></span> <span class='ocrx_word' id='word_1_902' title='bbox 559 2762 681 2790; x_wconf 81' lang='lat' dir='ltr'><strong>Nannio.</strong></span> 
     </span>
    </p>
   </div>
   <div class='ocr_carea' id='block_1_113' title="bbox 191 2795 1037 2839">
    <p class='ocr_par' dir='ltr' id='par_1_113' title="bbox 191 2795 1037 2839">
     <span class='ocr_line' id='line_1_113' title="bbox 191 2795 1037 2839; baseline 0.006 -16"><span class='ocrx_word' id='word_1_903' title='bbox 191 2795 313 2839; x_wconf 17' lang='lat' dir='ltr'><strong>rr__(78‘9}</strong></span> <span class='ocrx_word' id='word_1_904' title='bbox 330 2798 374 2839; x_wconf 47' lang='lat' dir='ltr'><strong>sic</strong></span> <span class='ocrx_word' id='word_1_905' title='bbox 391 2799 459 2839; x_wconf 68' lang='lat' dir='ltr'><strong>edit,</strong></span> <span class='ocrx_word' id='word_1_906' title='bbox 477 2798 705 2839; x_wconf 27' lang='grc' dir='ltr'>ωριηωειιᾳςλθι-</span> <span class='ocrx_word' id='word_1_907' title='bbox 715 2806 816 2839; x_wconf 69' lang='lat' dir='ltr'><strong>omnes</strong></span> <span class='ocrx_word' id='word_1_908' title='bbox 832 2801 1037 2839; x_wconf 72' lang='lat' dir='ltr'><strong>manuscripti,</strong></span> 
     </span>
    </p>
   </div>
   <div class='ocr_carea' id='block_1_114' title="bbox 206 2831 977 2873">
    <p class='ocr_par' dir='ltr' id='par_1_114' title="bbox 206 2831 977 2873">
     <span class='ocr_line' id='line_1_114' title="bbox 206 2831 977 2873; baseline 0.006 -13"><span class='ocrx_word' id='word_1_909' title='bbox 206 2831 327 2861; x_wconf 68' lang='lat' dir='ltr'><strong>&quot;mter</strong></span> <span class='ocrx_word' id='word_1_910' title='bbox 340 2833 437 2861; x_wconf 64' lang='lat' dir='ltr'><strong>Basil..</strong></span> <span class='ocrx_word' id='word_1_911' title='bbox 455 2834 503 2869; x_wconf 84' lang='lat' dir='ltr'><strong>qui</strong></span> <span class='ocrx_word' id='word_1_912' title='bbox 520 2842 585 2862; x_wconf 90' lang='lat' dir='ltr'><strong>cum</strong></span> <span class='ocrx_word' id='word_1_913' title='bbox 601 2834 671 2862; x_wconf 87' lang='lat' dir='ltr'><strong>edit.</strong></span> <span class='ocrx_word' id='word_1_914' title='bbox 687 2834 777 2863; x_wconf 70' lang='lat' dir='ltr'><strong>Paris.</strong></span> <span class='ocrx_word' id='word_1_915' title='bbox 794 2834 881 2865; x_wconf 72' lang='lat' dir='ltr'><strong>habet</strong></span> <span class='ocrx_word' id='word_1_916' title='bbox 894 2835 977 2873; x_wconf 79' lang='grc' dir='ltr'><strong>αὐτῷ.</strong></span> 
     </span>
    </p>
   </div>
   <div class='ocr_carea' id='block_1_115' title="bbox 307 2943 325 2958">
    <p class='ocr_par' dir='ltr' id='par_1_115' title="bbox 307 2943 325 2958">
     <span class='ocr_line' id='line_1_115' title="bbox 307 2943 325 2958; baseline 0 0"><span class='ocrx_word' id='word_1_917' title='bbox 307 2943 325 2958; x_wconf 57' lang='grc' dir='ltr'><strong>’ἑν</strong></span> 
     </span>
    </p>
   </div>
   <div class='ocr_carea' id='block_1_116' title="bbox 314 2955 449 3080">
    <p class='ocr_par' dir='ltr' id='par_1_116' title="bbox 314 2955 449 3080">
     <span class='ocr_line' id='line_1_116' title="bbox 314 2955 449 3080; baseline -0.015 0"><span class='ocrx_word' id='word_1_918' title='bbox 314 2955 430 3080; x_wconf 66' lang='grc' dir='ltr'><strong>ι</strong></span> 
     </span>
    </p>
   </div>
   <div class='ocr_carea' id='block_1_117' title="bbox 406 2634 1217 2674">
    <p class='ocr_par' dir='ltr' id='par_1_117' title="bbox 406 2634 1217 2674">
     <span class='ocr_line' id='line_1_117' title="bbox 406 2634 1217 2674; baseline 0.009 -14"><span class='ocrx_word' id='word_1_919' title='bbox 406 2634 427 2653; x_wconf 66' lang='grc'><strong>’³</strong></span> <span class='ocrx_word' id='word_1_920' title='bbox 446 2635 498 2661; x_wconf 82' lang='lat' dir='ltr'><strong>lsa.</strong></span> <span class='ocrx_word' id='word_1_921' title='bbox 518 2643 581 2668; x_wconf 78' lang='lat' dir='ltr'><strong>LX&quot;,</strong></span> <span class='ocrx_word' id='word_1_922' title='bbox 600 2635 624 2662; x_wconf 87' lang='lat'><strong>1.</strong></span> <span class='ocrx_word' id='word_1_923' title='bbox 663 2636 686 2652; x_wconf 77' lang='grc'><strong>³⁵</strong></span> <span class='ocrx_word' id='word_1_924' title='bbox 696 2634 762 2663; x_wconf 61' lang='lat' dir='ltr'><strong>Luc.</strong></span> <span class='ocrx_word' id='word_1_925' title='bbox 779 2645 809 2670; x_wconf 87' lang='grc' dir='ltr'><strong>ιι,</strong></span> <span class='ocrx_word' id='word_1_926' title='bbox 825 2637 869 2671; x_wconf 86' lang='grc'>29,</span> <span class='ocrx_word' id='word_1_927' title='bbox 886 2638 930 2665; x_wconf 89' lang='grc'><strong>30.</strong></span> <span class='ocrx_word' id='word_1_928' title='bbox 969 2637 992 2655; x_wconf 77' lang='grc'><strong>³⁸</strong></span> <span class='ocrx_word' id='word_1_929' title='bbox 1007 2634 1134 2673; x_wconf 59' lang='grc' dir='ltr'>Ιοὰαιι,</span> <span class='ocrx_word' id='word_1_930' title='bbox 1150 2639 1175 2674; x_wconf 83' lang='grc'>1,</span> <span class='ocrx_word' id='word_1_931' title='bbox 1189 2641 1217 2668; x_wconf 85' lang='grc'><strong>2.</strong></span> 
     </span>
    </p>
   </div>
   <div class='ocr_carea' id='block_1_118' title="bbox 1131 2731 1915 2769">
    <p class='ocr_par' dir='ltr' id='par_1_118' title="bbox 1131 2731 1915 2769">
     <span class='ocr_line' id='line_1_118' title="bbox 1131 2731 1915 2769; baseline 0.004 -10"><span class='ocrx_word' id='word_1_932' title='bbox 1131 2731 1187 2769; x_wconf 76' lang='lat'><strong>(90)</strong></span> <span class='ocrx_word' id='word_1_933' title='bbox 1203 2732 1250 2760; x_wconf 84' lang='lat' dir='ltr'><strong>Sic</strong></span> <span class='ocrx_word' id='word_1_934' title='bbox 1265 2733 1434 2767; x_wconf 77' lang='lat' dir='ltr'><strong>Vaticanus,</strong></span> <span class='ocrx_word' id='word_1_935' title='bbox 1463 2733 1643 2769; x_wconf 85' lang='lat' dir='ltr'><strong>Basiliensis,</strong></span> <span class='ocrx_word' id='word_1_936' title='bbox 1668 2733 1786 2769; x_wconf 57' lang='lat' dir='ltr'><strong>Anglic.</strong></span> <span class='ocrx_word' id='word_1_937' title='bbox 1801 2736 1831 2761; x_wconf 81' lang='lat' dir='ltr'><strong>et</strong></span> <span class='ocrx_word' id='word_1_938' title='bbox 1845 2733 1915 2762; x_wconf 83' lang='lat' dir='ltr'><strong>edit.</strong></span> 
     </span>
    </p>
   </div>
   <div class='ocr_carea' id='block_1_119' title="bbox 1094 2767 1752 2806">
    <p class='ocr_par' dir='ltr' id='par_1_119' title="bbox 1094 2767 1752 2806">
     <span class='ocr_line' id='line_1_119' title="bbox 1094 2767 1752 2806; baseline 0.002 -12"><span class='ocrx_word' id='word_1_939' title='bbox 1094 2768 1251 2806; x_wconf 59' lang='lat' dir='ltr'><strong>Parisiens.</strong></span> <span class='ocrx_word' id='word_1_940' title='bbox 1268 2769 1344 2806; x_wconf 78' lang='lat' dir='ltr'><strong>Edit.</strong></span> <span class='ocrx_word' id='word_1_941' title='bbox 1359 2777 1426 2806; x_wconf 81' lang='lat' dir='ltr'><strong>vero</strong></span> <span class='ocrx_word' id='word_1_942' title='bbox 1440 2769 1591 2806; x_wconf 74' lang='lat' dir='ltr'><strong>commel.,</strong></span> <span class='ocrx_word' id='word_1_943' title='bbox 1607 2767 1651 2796; x_wconf 59' lang='grc' dir='ltr'><strong>κάκ</strong></span> <span class='ocrx_word' id='word_1_944' title='bbox 1668 2767 1752 2806; x_wconf 73' lang='grc' dir='ltr'>λίγῐι.</span> 
     </span>
    </p>
   </div>
   <div class='ocr_carea' id='block_1_120' title="bbox 1129 2803 1586 2840">
    <p class='ocr_par' dir='ltr' id='par_1_120' title="bbox 1129 2803 1586 2840">
     <span class='ocr_line' id='line_1_120' title="bbox 1129 2803 1586 2840; baseline 0.004 -10"><span class='ocrx_word' id='word_1_945' title='bbox 1129 2803 1185 2839; x_wconf 85' lang='grc'><strong>(91)</strong></span> <span class='ocrx_word' id='word_1_946' title='bbox 1201 2804 1276 2832; x_wconf 85' lang='lat' dir='ltr'><strong>Edit.</strong></span> <span class='ocrx_word' id='word_1_947' title='bbox 1290 2804 1443 2840; x_wconf 84' lang='lat' dir='ltr'><strong>Gommel.,</strong></span> <span class='ocrx_word' id='word_1_948' title='bbox 1458 2803 1586 2833; x_wconf 79' lang='grc' dir='ltr'>ἐλπιῶσι.</span> 
     </span>
    </p>
   </div>
  </div>
