4100 6224
281 360 376 421 B5
964 354 1065 422 DE
1109 350 1471 424 COMMUNI
1521 359 1895 421 ESSENTIA
1939 360 2221 421 PATRIS
2266 356 2362 424 ET
2405 358 2584 427 FlLII
2633 368 2732 429 ΕΤ
2776 366 2975 431 SPlR.
3018 374 3081 434 S.
3644 388 3723 448 66

288 492 581 567 μακάριος
614 491 870 559 Ἰωάννης
903 491 930 544 6
963 490 1374 566 εὐαγγελιστὴς,
1408 494 1435 546 6
1469 491 1556 546 ἐπὶ
1585 496 1684 546 τοῦ
1731 492 1944 561 στήθους

2078 493 2225 560 buit,
2257 501 2313 549 et
2340 496 2516 552 veluti
2569 516 2636 555 ex
2670 504 2909 572 perenni
2945 505 3100 560 fonte
3147 505 3461 580 thelogiam
3496 514 3717 577 hausit.

279 584 403 633 τοῦ
468 581 725 654 Σωτῆρος
786 579 1089 649 ἀναπεσὼν,
1144 580 1235 634 καὶ
1294 581 1369 643 ὡς
1419 579 1468 653 ἐξ
1511 581 1731 635 ἀεννάου
1780 581 1964 653 πηγῆς

283 668 581 741 ἆντλήσας
636 670 736 737 τήν
797 666 1105 745 θεολογίαν.
1136 670 1201 727 Τί
1259 670 1363 747 γάρ
1421 692 1582 749 φησιν
1636 668 1815 741 οὗτος,
1866 670 1957 724 τὸν

289 757 579 834 βραχίονα
634 752 988 830 ἐκλαμϐάνων
1065 757 1140 819 εἰς
1218 762 1312 813 τοῦ
1391 766 1651 829 Σωτῆρος
1721 758 1901 813 οἷκονο
1934 789 1957 800 -

1317 874 1393 919 ;‹‹
1445 848 1661 921 Πολλὰ,
1712 875 1739 902 »

292 847 463 920 μίαν,
521 847 611 902 καὶ
667 848 764 916 τὴν
829 846 989 902 αὐτοῦ
1050 846 1279 918 θεότητα

1801 849 1956 927 φησὶ,

299 958 325 987 ιι
370 941 581 1009 σημεῖα
634 937 959 1006 ποιήσαντος
1003 941 1101 991 τοῦ
1160 935 1336 1008 Ἰησοῦ
1393 934 1699 1014 ἔμπροσθεν
1758 936 1956 1007 αὐτῶν,

297 1024 414 1081 οὐκ
446 1024 747 1080 ἐπίστευσαν
792 1025 867 1089 εἷς
918 1024 1076 1081 αὐτὸν
1128 1027 1179 1081 οἳ
1230 1025 1504 1083 Ἰουδαῖοι·
1543 1027 1635 1083 ’ίνα
1684 1027 1955 1104 πληρωϋῇ

2078 582 2225 645 Quid
2255 585 2335 639 ait
2364 586 2519 641 enim
2555 588 2986 655 ille,bracbium
3019 612 3330 653 assumens
3361 600 3429 654 ad
3459 602 3719 664 indican-

2070 672 2205 727 dam
2270 674 2768 745 dispensationem
2855 681 3248 757 deitatemque
3326 687 3636 748 Salvatoris
3691 697 3718 751 ?

2069 783 2096 811 «
2129 762 2274 817 Cum
2326 763 2531 832 multa,
2564 766 2771 837 inquit,
2824 770 2992 842 signa
3021 772 3256 830 fecisset
3294 775 3468 833 Jesus
3518 797 3714 839 coram

2067 850 2293 917 eis,non
2318 854 2688 911 crediderunt
2708 857 2765 912 in
2798 876 2931 914 eum
2964 862 3146 917 διιόωί
3174 881 3185 917 :
3210 870 3272 919 ut
3293 867 3714 941 adimpleretur

2069 940 2289 995 dictum
2308 942 2469 997 Isaiaa
2485 944 2958 1018 ’7.Domine,quis
2976 952 3222 1008 credidit
3238 940 3471 1012 auditui
3490 965 3710 1032 nostro,

2068 1031 2124 1083 et
2152 1028 2457 1085 brachium
2491 1031 2719 1089 Domini
2748 1037 2839 1090 cui
2872 1037 3189 1096 revelatum
3215 1046 3305 1099 est
3334 1044 3378 1078 ³⁸
3399 1045 3427 1099 ?
3457 1069 3485 1097 ››

293 1113 366 1168 τὸ
404 1113 698 1190 εἰρημένον
733 1112 822 1169 διὰ
869 1113 1118 1172 ἹΙσαίου⁶
1168 1116 1360 1192 Κύριε,
1388 1119 1473 1180 τίς
1521 1116 1793 1173 ἐπίστευσε
1836 1120 1902 1190 τῇ
1952 1116 2088 1189 ἀκοῇ
2136 1117 2298 1188 ἡμῶν
2333 1135 2346 1185 ;
2378 1119 2467 1172 καὶ
2498 1121 2527 1173 6
2580 1121 2822 1196 βραχίων
2872 1124 3071 1200 Κυρίου
3099 1126 3204 1181 τίνι
3247 1130 3597 1211 ἀπεκαλύφθη
3634 1155 3648 1209 ;
3684 1163 3714 1191 ››

435 1231 523 1287 37.
554 1232 677 1288 ’Ότι
712 1231 763 1286 ot
794 1232 1047 1288 Ἰουδαῖοι
1084 1232 1192 1288 υἱοὶ
1225 1233 1451 1296 σκότους
1484 1233 1813 1305 ἐκλήθησαν.

366 1335 530 1412 Λέγει
560 1338 587 1391 6
618 1339 911 1415 προφήτης
960 1344 1077 1401 τοῖς
1126 1340 1265 1402 υἱοῖς
1296 1340 1539 1415 Ἰσραήλο
1575 1365 1604 1393 ‹‹
1636 1338 1771 1396 Τάδε
1802 1338 1949 1413 λέγει

280 1424 520 1501 Κύριος·
586 1426 749 1481 Νυκτὶ
811 1426 1073 1500 ὡμοίωσα
1127 1431 1226 1499 τὴν
1292 1428 1501 1506 μητέρα
1554 1452 1647 1485 σου
1682 1473 1695 1486 .
1761 1453 1789 1480 ››
1847 1428 1948 1485 Καὶ

281 1513 639 1590 ἑρμηνεύων,
670 1515 751 1578 τίς
802 1518 837 1586 ἡ
868 1517 983 1587 νὺξ,
1038 1517 1331 1595 ἐπήγαγεν·
1371 1544 1396 1570 ‹‹
1428 1520 1705 1592 Ὡμοιώθη
1757 1520 1784 1573 6
1817 1512 1948 1574 λαός

284 1624 430 1676 μου,
464 1605 541 1666 ὡς
576 1605 650 1678 μὴ
705 1603 849 1681 ἔχων
902 1606 1216 1683 ἐπίγνωσιν.
1254 1632 1281 1660 ››
1316 1608 1519 1663 Οὐκοῦν
1553 1608 1691 1663 ὅπου
1728 1613 1949 1683 γνῶσις,

280 1693 351 1747 τὸ
385 1698 523 1770 φῶςο
576 1692 715 1748 ὅπου
762 1694 1021 1771 ἀγνωσία,
1070 1698 1132 1751 τὸ
1188 1696 1393 1759 σκότος’
1426 1699 1561 1752 κατὰ
1587 1698 1677 1751 τὸν
1725 1695 1951 1771 λέγοντα

283 1776 489 1836 Δαϐίδ’
524 1806 552 1833 ‹‹
586 1782 701 1839 Οὐκ
746 1778 1001 1859 ἔγνωσαν,
1061 1783 1186 1839 οὐδὲ
1233 1788 1485 1854 συνῆκαν,
1538 1785 1588 1839 ἐν
1624 1784 1801 1839 σκότει
1834 1781 1949 1838 δια-

282 1870 657 1946 πορεύονται.
715 1893 742 1925 ι
803 1877 857 1925 Ὀ
913 1873 1091 1927 τοίνυν
1146 1872 1481 1936 Ἀπόστολος
1540 1874 1647 1950 οὐχ
1703 1874 1776 1935 ὡς
1836 1874 1952 1929 κατ’

285 1956 517 2033 ἐχθρῶν
574 1959 924 2035 θρασύνεται,
985 1960 1129 2017 ἀλλὰ
1182 1962 1250 2037 τῇ
1306 1962 1538 2034 ἀληθείᾳ
1595 1963 1947 2018 συνίσταται.
1980 1982 2028 2047 Β

286 2044 390 2102 διὰ
442 2052 605 2103 τοῦτο
663 2047 869 2123 ἔλεγεν·
905 2075 933 2102 ‹‹
984 2049 1095 2105 Ούκ
1146 2051 1301 2124 ἐσμὲν
1367 2052 1475 2106 υἱοὶ
1532 2054 1718 2114 νυκτὸς
1750 2099 1764 2124 ,
1826 2049 1951 2106 ούδέ

286 2136 552 2200 σκότους’
587 2136 734 2193 ἀλλὰ
760 2138 869 2193 υἱοὶ
904 2139 1081 2217 φωτὸς
1112 2140 1201 2194 καὶ
1232 2141 1464 2216 ἡμέρας.
1501 2164 1530 2193 ››

322 2316 425 2370 38.
457 2314 579 2370 ’Ότι
609 2314 671 2369 τὸ
705 2319 819 2391 φῶς
850 2319 958 2370 τῶν
995 2315 1268 2373 Ἰουδαίων
1300 2317 1538 2395 ἀφῃρέθη
1591 2318 1682 2374 ἀπ’
1711 2318 1910 2375 αὐτῶν.

373 2418 535 2493 Λέγει
569 2420 597 2473 6
626 2422 917 2497 προφήτης
960 2420 1243 2496 Ἱερεμίας·
1278 2447 1306 2475 ‹‹
1367 2424 1423 2479 Ὃ
1482 2425 1666 2500 λόγος,
1727 2426 1755 2479 6
1797 2425 1946 2500 γενό-

294 2526 468 2579 μενος
514 2508 649 2579 πρὸς
697 2508 956 2582 Ἰερεμίαν
1008 2508 1094 2563 ἐπὶ
1141 2510 1313 2565 πάντα
1356 2512 1448 2567 τὸν
1510 2510 1641 2568 λαὸν
1689 2511 1882 2570 Ἰούδα.
1918 2538 1945 2564 ››

287 2594 435 2653 Εἶτα
482 2594 721 2673 ἐπιφέρει
772 2595 967 2673 λέγων’
1001 2623 1029 2649 ‹‹
1065 2599 1165 2655 Καὶ
1215 2600 1403 2677 ἀφελῶ
1451 2601 1542 2656 ἀπ’
1568 2602 1742 2657 αὐτῶν
1772 2604 1950 2676 ὀσμὴν

294 2683 505 2760 μύρου,
536 2686 625 2739 καὶ
657 2690 771 2763 φῶς
802 2683 1029 2762 λύχνου.
1066 2711 1096 2739 ››

291 2808 390 2864 39.
425 2809 569 2890 [Ότι
621 2808 883 2890 εἶλώβασιν
917 2811 969 2865 οἱ
1027 2808 1286 2890 αἶ’ρετικοὶ
1337 2812 1536 2890 λέγειν,
1591 2816 1673 2871 ὅτι
1730 2814 1947 2890 τὰγλε-

370 2877 615 2963 γόμενα,
656 2877 923 2963 διὰῌτᾶψ
993 2877 1289 2963 προφητῶν
1366 2877 1441 2947 ὡς
1482 2877 1580 2963 Δέκ
1650 2889 1947 2963 προσώπου

370 2950 472 3030 τοῦ
509 2950 684 3030 -ᾀγίου
759 2950 1076 3030 ΙΙνεύματός
1118 2950 1366 3029 ἐἴρηται
1402 2975 1413 2987 ·
1476 2956 1595 3021 ὅθεν
1667 2950 1945 3030 νομίζουσι

377 3023 440 3076 τὸ
509 3023 756 3099 Πνεῦμα-
800 3023 1088 3099 τὸ-’ἅγιον
1150 3023 1326 3099 ποιεῖν
1392 3030 1552 3099 ἦττον
1618 3023 1743 3084 τοῦ’
1793 3023 1946 3097 Θεοῦ,

365 3097 550 3156 κακῶς
587 3114 599 3126 '
657 3093 769 3149 διὰ
840 3097 903 3151 τὸ
975 3093 1150 3172 λέγειν
1225 3097 1316 3152 τὸν
1376 3097 1619 3225 ἔαλμόν·
1675 3125 1703 3151 ‹‹
1767 3093 1946 3175 Δεῦτε,

367 3167 836 3225 προσκυνήσωμεν
893 3166 1040 3225 αύτῷ
1081 3215 1096 3225 ,
1142 3193 1162 3219 ιι
1225 3169 1301 3225 ὡς
1409 3193 1435 3224 ν
1514 3177 1946 3225 ποοσκυνοῦντος

367 3167 836 3248 προσκυνήσωμεν
882 3166 1096 3248 αὐτῷ’,
1128 3193 1162 3248 ,ι
1225 3169 1301 3248 ὡς
1376 3166 1435 3225 ἂν
1496 3166 1946 3248 ’προσκυνοῦντος

364 3237 466 3292 τοῦ
500 3237 817 3310 ΙΙνεύματος
848 3238 939 3293 σῦν
970 3237 1089 3302 τοῖς
1117 3238 1444 3316 ἀνθρώποις.

2266 1235 2354 1288 37.
2386 1236 2612 1294 Judwos
2641 1240 2785 1309 ﬁlios
2814 1242 3171 1299 tenebrarum
3204 1247 3501 1318 appellari.

2134 1338 2289 1394 Dicit
2319 1343 2600 1413 propheta
2649 1344 2788 1400 ﬁliis
2838 1348 3015 1403 Israel
3049 1366 3062 1404 :
3097 1374 3125 1399 ‹‹
3162 1353 3287 1409 Haec
3332 1354 3474 1411 dicit
3511 1362 3712 1415 Domi-

2061 1443 2173 1482 nus
2207 1446 2217 1482 ;
2258 1431 2417 1484 Nocti
2450 1434 2779 1504 comparavi
2804 1442 3051 1493 matrem
3082 1442 3242 1495 tuam
3279 1442 3342 1496 2°.
3378 1466 3406 1492 ››
3437 1445 3506 1500 Et
3534 1464 3708 1519 expo-

2060 1533 2207 1572 nens
2239 1534 2368 1588 quze
2419 1526 2574 1575 esset
2605 1539 2735 1588 nox,
2769 1522 2966 1579 intulit
3020 1526 3138 1582 haec
3172 1529 3344 1585 verba
3378 1547 3391 1588 :
3425 1555 3453 1583 ‹‹
3488 1534 3709 1593 Similis

2060 1605 2249 1661 factus
2270 1613 2358 1663 est
2382 1611 2633 1681 populus
2655 1629 2821 1668 meus
2846 1614 2896 1668 ei
2921 1616 3018 1685 qui
3038 1618 3432 1688 cognitionem
3456 1640 3570 1679 non
3604 1625 3708 1681 ha-

2060 1693 2158 1748 bet
2185 1695 2251 1748 ⁸ο.
2287 1717 2314 1743 ››
2350 1697 2494 1768 Ergo
2529 1699 2626 1754 ubi
2661 1701 2939 1771 cognitio:
2969 1702 3049 1757 ibi
3081 1711 3138 1759 et
3166 1706 3265 1761 lux
3299 1726 3311 1764 :
3350 1710 3443 1764 ubi
3478 1711 3711 1783 ignora-

2059 1782 2163 1849 tio,
2226 1783 2305 1837 ibi
2354 1789 2411 1839 et
2460 1787 2711 1842 tenebrae
2751 1807 2763 1844 :
2797 1793 3126 1847 secundum
3179 1782 3713 1874 Davidempcujus

2061 1871 2233 1926 verba
2259 1872 2379 1928 hac
2409 1879 2548 1930 sunt
2581 1892 2593 1930 :
2620 1900 2647 1925 «
2686 1877 3249 1954 Nescierunt,neque
3281 1871 3712 1963 intellexerunt,

2060 1958 2117 2013 in
2166 1962 2423 2018 tenebris
2470 1965 2773 2021 ambulant
2803 1969 2869 2023 ³¹.
2906 1992 2925 2018 ι
2972 1971 3288 2040 Apostolus
3337 1976 3539 2049 igitur,
3590 1958 3707 2037 non

2058 2047 2235 2104 veluti
2272 2051 2526 2108 inimicis
2556 2054 2991 2124 insultans,sed
3028 2061 3167 2132 quia
3195 2047 3421 2120 veritati
3456 2047 3706 2137 patroci-

2060 2141 2253 2206 natur,
2287 2140 2364 2195 ila
2412 2142 2649 2214 scripsit
2680 2162 2692 2199 :
2729 2168 2755 2193 «
2790 2146 2913 2201 Non
2949 2165 3053 2204 nos
3101 2167 3309 2207 sumus
3342 2153 3445 2209 filii
3496 2158 3705 2227 noctis,

2058 2232 2161 2281 aut
2190 2228 2583 2300 tenebrarum,
2618 2235 2718 2288 sed
2752 2234 2854 2289 filii
2886 2236 3033 2292 lucis
3059 2243 3115 2293 et
3142 2240 3253 2295 diei
3288 2243 3354 2297 3’.
3392 2268 3413 2296 ι

2137 2335 2224 2390 38.
2260 2337 2409 2403 Quod
2439 2339 2619 2395 lumen
2645 2341 2961 2398 Iudaeorum
2989 2346 3056 2399 ab
3088 2348 3220 2417 ipsis
3249 2349 3495 2406 ablatum
3527 2363 3623 2409 est.

2129 2440 2276 2495 Dicit
2302 2442 2590 2499 Jeremias
2622 2446 2902 2517 propheta
2926 2466 2938 2503 :
2961 2472 2986 2497 «
3022 2448 3463 2525 Verbum,quod
3488 2457 3705 2515 factum

2057 2533 2144 2584 est
2175 2529 2244 2584 ad
2276 2530 2587 2587 Jeremiam
2621 2533 2678 2587 in
2711 2551 2946 2591 omnem
2965 2539 3248 2610 populum
3277 2543 3443 2598 Judaa
3474 2546 3703 2603 3’.»Ubi

2057 2623 2261 2689 postea
2308 2619 2426 2675 haec
2457 2622 2632 2677 verba
2661 2623 2988 2680 subinl'ert:
3023 2650 3050 2676 α
3084 2629 3154 2682 Ει
3195 2631 3452 2688 auferam
3483 2635 3553 2691 ab
3585 2636 3702 2692 illis

2058 2709 2293 2763 odorem
2329 2711 2631 2781 unguenti,
2668 2716 2724 2766 et
2754 2712 2952 2769 lumen
2984 2717 3240 2773 candela
3271 2721 3334 2775 3‘.
3371 2743 3398 2771 »

2057 2832 2145 2887 39.
2180 2833 2328 2900 Quod
2358 2834 2601 2890 haeretici
2629 2837 2851 2916 ,τριξαηιΔ
2885 2838 3063 2895 dicere
3110 2847 3272 2897 verba
3312 2846 3704 2916 prophetarum

2129 2919 2200 2981 ea:
2227 2921 2475 2981 persona.
2495 2909 2671 2981 sancti
2698 2908 2940 2978 Spiritus
2981 2908 3338 2981 pronuntiati}.
3366 2908 3481 2972 esse
3508 2938 3527 2973 :
3558 2921 3705 2976 unde

2126 2978 2340 3059 frustra
2391 2977 2757 3059 arbitrantur;
2791 2997 2845 3035 se
2892 2977 3179 3059 ostendere,
3221 3002 3374 3055 posse
3428 2992 3703 3059 Spiritum

2127 3050 2377 3127 sanctum
2424 3050 2689 3127 minorem
2724 3051 2823 3127 Deo
2847 3070 2865 3105 :
2897 3068 2956 3107 eo
2988 3058 3130 3124 quod
3160 3050 3229 3110 in'
3247 3050 3568 3127 psalmo'ita
3599 3064 3697 3118 ha-

2130 3118 2318 3173 beatur
2346 3135 2365 3171 :
2403 3140 2423 3169 ι
2465 3124 2653 3204 Venite
2682 3124 2975 3204 adoremus
2996 3118 3129 3204 eum
3156 3128 3220 3192 ³⁵,
3247 3118 3272 3176 ί)
3298 3134 3456 3201 quasi
3486 3132 3702 3204 Spiritu

2126 3198 2313 3245 sancto
2342 3206 2456 3246 una
2482 3207 2605 3246 cum
2633 3194 2946 3250 hominibus
2976 3197 3263 3255 adorante.

366 3338 801 3417 Ἀποκρινόμεθα
829 3346 939 3417 (92)
972 3344 1158 3407 αὐτοῖς
1186 3345 1253 3399 τὰ
1281 3344 1573 3405 ἀκόλουθα.
1607 3350 1667 3405 Τί
1716 3349 1807 3407 οὗν
1856 3353 1944 3409 λέ-

2129 3367 2212 3421 Ad
2241 3384 2365 3439 qua:
2398 3368 2479 3424 ita
2510 3371 2915 3428 convenienter
2946 3377 3389 3446 respondemus.
3416 3381 3564 3446 Quid
3593 3383 3699 3455 igi-

287 3452 403 3508 γει,
437 3430 518 3485 δτι
550 3432 638 3487 καὶ
674 3456 701 3484 ‹‹
733 3431 1064 3507 Κλαύσωμεν
1112 3433 1344 3489 ἐναντίον
1390 3438 1595 3511 Κυρίου
1628 3458 1642 3509 ;
1681 3465 1708 3492 ››
1739 3442 1944 3497 Ούκοῦν

289 3519 387 3574 καὶ
422 3517 599 3574 κλαίει
629 3520 692 3575 τὸ
725 3522 966 3594 Πνεῦμα,
1000 3522 1075 3585 ὡς
1121 3522 1183 3577 σὺ
1232 3524 1450 3600 φάσκεις
1484 3545 1497 3596 ;
1532 3528 1628 3582 Καὶ
1668 3529 1943 3607 ἀλλαχοῦ,

284 3605 381 3663 τίνα
413 3606 609 3683 δειχθῇ
637 3611 671 3679 ἡ
704 3611 962 3685 κυριότης
1004 3616 1099 3665 τοῦ
1149 3614 1487 3685 ιΙνεύματος,
1532 3614 1701 3691 λέγει·
1738 3644 1764 3671 ‹‹
1803 3605 1944 3696 Ἐγὼ

290 3698 402 3773 γάρ
440 3696 554 3769 εἰμι
590 3698 782 3773 Κύριος
816 3700 843 3753 6
865 3699 1012 3762 Θεός·
1041 3724 1067 3750 ››
1097 3700 1192 3755 Καὶ
1216 3701 1267 3756 ἐν
1296 3702 1454 3776 ἄλλῳ
1486 3702 1652 3782 λέγει.
1686 3732 1714 3759 ‹‹
1750 3714 1941 3783 Γνῶτε,

291 3786 380 3841 ὅτι
466 3787 661 3861 Κύριος
738 3788 899 3851 αὐτός
973 3789 1110 3846 ἔστιν
1145 3791 1172 3844 6
1227 3791 1358 3855 Θεός
1410 3836 1424 3849 .
1496 3819 1524 3846 ››
1585 3796 1674 3851 καὶ
1726 3798 1890 3855 πάλιν
1927 3822 1939 3833 ’

290 3901 321 3929 ‹‹
376 3876 712 3951 Ἀκούσομαι
756 3878 809 3933 τί
852 3877 1083 3950 λαλήσει
1133 3879 1181 3934 ἐν
1236 3880 1358 3955 ἐμοὶ
1416 3884 1610 3961 Κύριος
1650 3888 1678 3941 6
1726 3886 1876 3951 Θεὸς.
1912 3915 1939 3942 »

289 3964 578 4042 Ἐλέγχων
614 3964 671 4021 δὲ
702 3966 777 4029 εἷς
816 3968 910 4029 τὰς
960 3968 1235 4044 βασιλείας
1287 3970 1452 4047 λέγει’
1491 3977 1767 4048 «Πνεῦμα
1816 3977 1942 4033 ἐλά-

294 4052 465 4125 λησεν
501 4053 552 4109 ἐν
587 4054 709 4128 ἐμοὶ
746 4059 880 4129 (93),
918 4081 944 4107 ›)
972 4057 1033 4112 οὐ
1066 4055 1133 4112 δι’
1168 4058 1322 4131 ἐμοῦ.
1359 4061 1454 4115 Καὶ
1481 4060 1572 4117 ⁹ίνα
1628 4070 1944 4143 μαρτυρήσῃ

290 4143 539 4212 Παῦλος,
570 4144 652 4206 τίς
684 4146 750 4215 ἧν
781 4146 809 4199 6
842 4143 1027 4200 λαλῶν
1063 4143 1150 4201 διὰ
1178 4152 1285 4202 τῶν
1319 4157 1639 4228 προφητῶν,
1674 4156 1941 4231 ἀνάγνωθι

288 4234 359 4285 τὰ
416 4233 685 4309 γραφέντα
740 4234 867 4309 παρ’
924 4232 1087 4289 αὐτοῦ
1164 4235 1215 4290 ἐν
1273 4241 1340 4311 τῇ
1398 4241 1533 4315 πρὸς
1607 4239 1890 4317 Ἑϐραίους
1927 4264 1939 4277 ⁸

298 4344 320 4372 ι
359 4317 701 4396 ΙΙολυμερῶς
732 4322 821 4376 καὶ
852 4322 1217 4397 πολυτρόπως
1247 4324 1416 4381 πάλαι
1451 4329 1478 4381 6
1528 4331 1655 4392 Θεὸς
1696 4330 1942 4403 λαλήσας

286 4414 409 4471 τοῖς
450 4410 711 4483 πατράσιν
760 4410 809 4464 ἐν
859 4418 979 4472 τοῖς
1030 4415 1358 4488 προφήταις,
1417 4415 1498 4469 ἐπ’
1547 4416 1790 4492 ἐσχάτων
1837 4428 1945 4477 τῶν

289 4499 523 4573 ἡμερῶν
558 4496 825 4567 ἐλάλησεν
856 4500 992 4569 ἡμῖν
1020 4497 1069 4552 ἐν
1095 4501 1223 4571 Υἱῷ.
1260 4523 1287 4553 ››
1316 4501 1525 4557 Οὐκοῦν
1551 4508 1939 4584 πεφανέρωται,

291 4583 383 4638 ὅτι
413 4584 542 4646 Θεός
571 4587 682 4659 (94)
715 4584 822 4640 ἐστι
845 4586 906 4640 τὸ
940 4588 1159 4659 Πνεῦμα
1187 4589 1249 4643 τὸ
1294 4591 1463 4666 ἅγιον.
1498 4583 1670 4651 Πάλιν
1717 4583 1939 4673 ἴδωμεν,

2054 3459 2151 3510 tur
2180 3459 2451 3528 est,quod
2485 3458 2626 3514 dicit
2658 3477 2670 3515 :
2708 3482 2735 3510 «
2767 3461 3069 3519 Ploremus
3101 3482 3295 3521 coram
3333 3469 3574 3525 Domino
3595 3472 3702 3526 35?»

2058 3544 2280 3616 Ergone
2312 3546 2486 3601 etiam
2520 3547 2801 3619 Spiritum
2829 3550 3055 3621 plorare
3086 3556 3409 3611 afﬁrmabis
3434 3560 3623 3624 PQuin
3646 3566 3703 3615 et

2053 3633 2214 3700 alibi,
2251 3639 2313 3688 ut
2346 3638 2691 3691 ostendatur
2722 3640 3060 3696 dominatus
3100 3643 3372 3714 Spiritus,
3407 3646 3487 3702 ita
3515 3647 3704 3720 loqui-

2052 3726 2149 3777 tur
2181 3740 2193 3777 :
2230 3746 2257 3771 ‹‹
2291 3724 2405 3795 Ego
2437 3724 2589 3779 enim
2619 3743 2751 3781 sum
2788 3729 3065 3785 Dominus
3098 3731 3251 3786 Deus
3285 3734 3387 3787 ³⁷.»
3422 3735 3622 3792 Itidem
3647 3743 3704 3793 et

2052 3810 2112 3865 in
2144 3810 2254 3866 alio
2297 3812 2525 3884 psalmo
2558 3830 2570 3867 :
2606 3836 2633 3863 ‹‹
2667 3815 2899 3882 Scitote,
2933 3822 3208 3887 quoniam
3263 3821 3546 3878 Dominus
3576 3826 3702 3897 ipse

2051 3905 2141 3955 est
2170 3905 2321 3956 Deus
2351 3902 2414 3955 ³⁸.
2449 3923 2479 3950 ››
2512 3902 2737 3957 Rursus
2768 3905 2906 3959 alibi
2943 3922 2955 3959 :
2991 3927 3018 3955 ‹‹
3050 3908 3291 3962 Audiam
3325 3911 3461 3981 quid
3496 3912 3697 3986 loqua-

2051 3994 2148 4043 tur
2176 3991 2235 4044 in
2269 4006 2360 4045 me
2390 3990 2673 4046 Dominus
2708 3992 2854 4047 Deus
2886 3994 2947 4044 3°.
2983 4016 3010 4043 »
3048 3995 3107 4049 In
3141 3996 3473 4069 Regnorum
3503 4007 3700 4059 autem

2053 4078 2219 4133 libris
2266 4095 2588 4150 eoarguens
2618 4079 2701 4134 ita
2730 4081 2810 4135 ait
2841 4099 2853 4135 :
2891 4105 2917 4131 κ
2954 4084 3206 4155 Spiritus
3259 4086 3490 4145 locutus
3521 4098 3610 4147 est
3639 4092 3698 4150 in

2053 4183 2145 4221 me
2176 4168 2239 4233 ιο,
2267 4187 2292 4217 ι
2331 4184 2445 4221 non
2479 4185 2580 4238 per
2613 4186 2723 4223 me.
2750 4174 2817 4224 Et
2849 4176 2912 4225 ut
2942 4190 3009 4226 ex
3038 4174 3203 4229 Pauli
3237 4178 3572 4237 testimonio
3604 4200 3700 4238 co-

2052 4272 2321 4327 gnoscas,
2356 4256 2626 4326 quisnam
2662 4259 2738 4313 sit
2781 4262 2878 4329 qui
2914 4260 2992 4315 ita
3043 4261 3389 4335 loquebatur
3418 4285 3517 4339 per
3565 4288 3699 4341 pro-

2052 4345 2278 4416 phetas,
2313 4345 2436 4417 lege
2467 4362 2593 4416 quae
2642 4348 2879 4419 scripsit
2924 4350 3019 4405 ille
3049 4352 3105 4406 in
3156 4354 3413 4425 Epistola
3465 4360 3535 4413 ad
3588 4360 3696 4415 He-

2052 4432 2235 4488 braeos
2269 4450 2280 4487 :
2321 4456 2340 4481 ι
2380 4433 2756 4491 Multifariam
2792 4438 3111 4510 multisque
3149 4444 3340 4498 modis
3371 4445 3510 4501 olim
3542 4447 3696 4504 Deus

2051 4522 2280 4576 locutus
2305 4526 2392 4577 est
2421 4524 2683 4593 patribus
2716 4527 2933 4582 nostris
2964 4528 3023 4583 in
3064 4531 3381 4608 prophetis.
3415 4538 3476 4589 In
3512 4543 3696 4593 extre-

2055 4610 2165 4665 mis
2196 4611 2407 4666 diebus
2438 4611 2671 4667 locutus
2702 4620 2792 4669 est
2821 4615 2988 4670 nobis
3021 4616 3076 4671 in
3114 4620 3257 4675 Filio
3290 4622 3565 4695 “.Liquet
3598 4626 3701 4695 igi-

293 4676 415 4735 πῶς
448 4668 562 4748 ἔχει
597 4675 625 4727 6
655 4676 1065 4750 χρηματισμὸς,
1099 4677 1156 4732 ὃν
1188 4676 1554 4754 ἐχρημάτισεν
1585 4684 1611 4737 6
1643 4692 1773 4749 Θεος
1804 4668 1941 4763 πρὸς

293 4761 383 4785 -Ξη
449 4759 538 4785 ἸΙἿ
564 4760 635 4785 1η.
711 4762 833 4785 In]...
938 4765 953 4785 ἴ
1054 4765 1065 4785 Q
1119 4766 1241 4785 ('1‘!
1592 4771 1605 4785 I
1906 4784 1911 4785 ,

2969 4668 2983 4670 _
3022 4668 3075 4671 Ἰ
3114 4668 3253 4675 __-.-
3345 4668 3565 4695 .υ..,..ν.
3598 4668 3671 4695 τ.

2069 4718 2166 4763 νυν,
2201 4699 2384 4755 Deum
2443 4718 2569 4756 esse
2624 4702 2905 4773 Spiritum
2965 4712 3260 4762 sanctum.
3292 4713 3409 4783 Age
3460 4730 3696 4769 rursum

288 4761 384 4815 τὸν
449 4759 657 4818 Ἠλίαν.
711 4762 842 4817 Τότε
889 4765 993 4839 γὰρ
1046 4765 1073 4818 6
1119 4766 1305 4829 Ἠλίας
1360 4771 1810 4849 κατενετύγχανεν
1848 4759 1940 4851 ’τῷ

298 4848 410 4873 οη
488 4848 597 4873 ut.
670 4869 681 4873 _
777 4851 841 4873 ,ης
902 4854 928 4873 η
1142 4856 1155 4873 ι
1236 4854 1248 4873 ι
1562 4859 1572 4873 ι
1696 4868 1705 4873 .
1922 4868 1932 4873 -

2158 4759 2164 4763 ι
2670 4759 2685 4773 ι
3065 4759 3259 4762 ⁷“ή““”““
3292 4759 3407 4783 “’“Ο“’
3460 4759 3696 4769 ’“’“’“’“““⁵⁶

2069 4789 2353 4844 rideamus
2412 4791 2705 4861 quomodo
2764 4808 2825 4847 se
2893 4793 3105 4849 habeat
3158 4799 3461 4856 oraculum
3521 4803 3701 4873 istud,

298 4848 437 4921 Θεῷ,
488 4848 683 4925 λέγων’
719 4875 745 4903 ι(
777 4851 851 4906 Τὰ
901 4854 1253 4930 θυσιαστήριά
1306 4878 1401 4911 σου
1452 4848 1808 4936 κατέσκαψαν,
1850 4848 1938 4922 καὶ

289 4936 421 4998 τοὺς
468 4941 752 5015 προφήτας
799 4961 892 4993 σου
946 4940 1293 4997 ἀπέκτειναν
1352 4947 1501 5023 κάγὼ
1559 4952 1939 5032 περιελείφθην

298 5024 485 5099 μόνοςο
518 5028 605 5081 καὶ
641 5032 859 5098 ζητοῦσι
898 5032 997 5099 τὴν
1048 5034 1230 5107 ψυχήν
1283 5056 1388 5107 μου
1438 5038 1582 5113 ἇραι.
1619 5063 1647 5091 ››
1680 5024 1937 5121 Ἀποκρί-

2050 4892 2161 4947 quo
2194 4877 2346 4933 Deus
2378 4878 2607 4933 locutus
2662 4884 2751 4934 est
2783 4881 2853 4935 ad
2909 4882 3113 4938 Etiam.
3149 4886 3312 4941 Tune
3361 4890 3515 4944 enim
3550 4890 3699 4948 Elias

2049 4968 2203 5036 apud
2238 4966 2419 5020 Deum
2453 4969 2919 5038 conquerebatur
2950 4970 3041 5026 his
3072 4976 3262 5029 verbis
3288 4994 3335 5031 ;‹‹
3361 4978 3701 5036 Altariatua

2048 5055 2483 5121 dextruxerunt,
2518 5060 2574 5109 et
2604 5057 2917 5127 prophetas
2950 5063 3083 5116 tuos
3115 5063 3474 5136 occiderunt,
3510 5072 3566 5123 et
3596 5083 3701 5139 ego

367 5153 414 5188 ³⁸³
444 5153 556 5209 Isa.
608 5170 725 5210 LIII.
804 5155 849 5189 ³⁸
878 5156 1046 5213 Joan.
1098 5176 1199 5225 xu,
1232 5162 1321 5217 37.
1399 5164 1445 5199 ²⁹
1473 5166 1602 5223 Ose.
1648 5186 1724 5239 IV,
1755 5172 1811 5226 5,
1889 5176 1933 5211 so

372 5242 406 5256 -ιι
488 5226 507 5256 Δ
614 5226 661 5256 Ib
719 5224 835 5256 ειηςιι
924 5229 989 5256 ΔΛ
1083 5230 1127 5256 ιιι
1183 5233 1312 5256 n--1
1393 5253 1501 5256 -μμ
1608 5241 1635 5256 η
1734 5243 1777 5256 αι.

2158 5181 2210 5256 (ξ.
2274 5182 2332 5256 -θί
2362 5180 2513 5235 Psal.
2565 5198 2750 5256 unm,
2799 5184 2853 5239 5.
2930 5186 2976 5220 ³²
3008 5194 3029 5241 I
3059 5188 3261 5246 Thess.
3290 5208 3345 5256 ν,
3375 5194 3428 5247 5.
3505 5193 3549 5227 ³³
3579 5194 3699 5249 Jer.

291 5240 426 5295 xxv,
488 5226 578 5306 1.‘
614 5224 870 5306 ⁸⁴ηἱιξξάὲ
924 5229 1007 5285 10.
1083 5230 1127 5266 ³⁸
1179 5224 1334 5306 Psal.
1392 5253 1542 5306 χειν,
1604 5241 1658 5297 6.

292 5306 517 5368 Lnxlv,
547 5298 601 5353 9.
677 5298 723 5333 ⁴⁰
752 5297 801 5353 ΙΙ
833 5298 973 5372 Reg.
1003 5318 1162 5370 χχιιι,
1194 5304 1248 5360 2.
1325 5307 1366 5342 ⁸¹
1398 5297 1571 5367 Hebr.
1606 5328 1645 5381 ι,
1682 5314 1733 5382 1,
1766 5318 1820 5371 2.

364 5442 685 5529 βᾶθί).
718 5446 778 5529 εἰ
824 5443 1111 5529 ᾼοείξςην
1130 5445 1585 5529 ἀποκρινούμεθα.
1637 5460 1783 5529 Mox,
1815 5465 1938 5517 An-

293 5511 427 5584 gli‘c.
461 5511 524 5595 ei
537 5515 684 5595 edit.
718 5511 1027 5595 Paris.,'1_‘l_
1052 5511 1142 5595 ὁξν
1167 5511 1337 5595 λέγει,
1366 5511 1540 5584 recte.
1573 5511 1783 5587 αωιὸὶῖῖ
1804 5511 1939 5589 νὲῑο

292 5586 598 5671 θαιρῆρίξξι.
624 5585 936 5671 .memelz,
966 5585 1027 5671 Ἰξί
1060 5585 1150 5671 οὖν
1185 5585 1254 5645 οὐ⁷
1286 5585 1459 5671 λέγει.

362 5656 473 5730 (93)
505 5657 867 5730 Basiliensis,
900 5656 951 5711 ἒν
984 5658 1143 5731 ἡμῖν.

1734 5243 1790 5321 ³⁸-
1834 5246 1977 5302 ibid.
2055 5251 2099 5286 ³⁷
2158 5251 2311 5307 Psal.
2371 5269 2533 5321 Lxxx,
2593 5253 2681 5308 lt.

2788 5256 2831 5291 ³⁸
2888 5257 3042 5314 Psal.
3102 5278 3254 5328 XCIX,
3310 5264 3363 5317 3.
3440 5264 3486 5299 ³⁸
3541 5267 3698 5323 Psal.

2124 5468 2233 5561 (L941)
2391 5468 2529 5557 edit.
2563 5468 2859 5561 Comitis]...
2875 5479 2931 5529 et
2964 5493 3106 5533 mss.
3141 5484 3347 5551 praeter
3372 5479 3697 5561 Basil.,'qui

2051 5535 2284 5625 habet}
2315 5536 2466 5623 θεός,
2499 5558 2679 5613 quam
2732 5544 3037 5604 lectionem
3072 5535 3375 5623 perperam
3427 5535 3694 5625 sequitur

2052 5610 2190 5666 edit.
2224 5610 2541 5671 Parisiens}
