4126 6218
408 66 415 73 .
512 34 543 63 ,κ
652 28 691 41 F-

210 0 287 115 Ι,
300 88 313 105 1
378 104 381 107 μ

309 389 387 450 69
956 383 1057 447 DE
1097 379 1464 448 COMMUNI
1509 377 2222 463 ESSENTIA:PATRIS
2264 380 2366 446 ET
2410 384 2591 444 FILII
2639 384 2738 445 ET
2785 383 2985 445 SPIR.
3033 384 3099 445 8.
3648 394 3729 454 70

312 521 371 578 ἃ
399 522 472 576 τὰ
505 519 763 593 δαιμόνια
791 518 846 573 ὲν
876 518 1099 592 ὀνόματι
1136 519 1314 589 Ἰησοῦ
1363 523 1458 573 τοῦ
1507 516 1832 593 Ναζαραίου,
1895 513 1968 578 ὥς

2086 518 2371 573 daemonia
2400 517 2772 590 expellerent,
2822 519 2880 573 in
2938 520 3174 575 nomine
3231 520 3369 575 Jesu
3430 523 3731 598 Nazareni,

303 632 495 692 φησιν·
532 612 599 669 Ei
627 611 693 666 τὰ
718 612 879 666 τέκνα
913 611 1064 682 ὑμῶν
1094 610 1231 686 πρὸς
1282 610 1345 665 τὸ
1390 607 1655 664 ἀπελάσαι
1715 606 1969 680 δαίμονας

304 691 605 776 ἀρκοῦνται
653 703 731 771 τῷ
779 696 1009 770 ὀνόματί
1055 718 1181 771 μου,
1215 696 1320 773 ἐγὼ
1353 696 1427 759 εἷς
1450 697 1512 751 τὸ
1544 691 1713 770 ὄνομα
1743 694 1970 764 Βεελζε-

303 784 449 843 ὗοῦλ
482 789 589 843 οῦκ
617 782 874 842 ὶκῦάλλω
903 787 970 840 ’ἁ
999 784 1255 859 δαιμόνια

529 896 619 951 42.
656 893 796 968 Πρὸς
821 892 948 954 τοὺς
978 890 1233 969 λέγοντας
1266 890 1347 946 ὅτι
1380 891 1521 946 αἰτεῖ
1549 892 1577 945 6
1608 890 1755 953 Υἱός.

376 988 783 1067 Κατασκευάζει
833 999 863 1052 6
907 997 1198 1073 αἱρετικὸς,
1243 996 1333 1053 καὶ
1382 996 1531 1072 λέγει
1579 995 1801 1053 ἔλαττον
1834 997 1967 1051 sinat

294 1090 394 1144 τὸν
430 1090 689 1144 αἰτοῦντα
719 1085 986 1149 διδόντος.
1028 1087 1148 1141 Ἐὰν
1181 1084 1271 1141 οὗν
1318 1087 1409 1141 τὸν
1460 1088 1673 1161 Πατέρα
1718 1085 1969 1141 αἰτοῦντα

294 1180 454 1252 παρὰ
503 1177 809 1254 ἀνθρώπων
854 1175 1096 1250 εὕρωμεν
1150 1174 1202 1230 ἐν
1247 1179 1316 1249 τῇ
1362 1172 1576 1246 Παλαιᾷ
1623 1177 1885 1248 Διαθῆκῃ,
1915 1174 1968 1229 τί

296 1267 531 1343 λὲγεις
588 1291 615 1317 ‹‹
674 1265 774 1319 Καὶ
822 1269 936 1338 νῦν,
989 1264 1232 1341 Ἰσραὴλ,
1285 1262 1339 1319 τί
1393 1263 1589 1340 Κύριος
1633 1263 1771 1319 αἰτεῖ
1822 1263 1967 1339 παρᾶ

298 1361 420 1425 σοῦ,
452 1354 589 1411 ἀλλ’
615 1355 652 1424 ἢ
683 1355 747 1409 τὸ
778 1349 1058 1433 φοϐεῖσθαι
1090 1353 1248 1409 αὐτόν
1275 1372 1290 1425 ;
1324 1377 1353 1405 ››

302 1466 391 1521 43.
430 1462 568 1539 Περὶ
616 1465 716 1539 τοῦ
765 1460 1150 1539 ὁμοιοτρόπως
1207 1457 1449 1539 δεδόσθαι
1492 1460 1808 1539 τον-νόμον
1862 1460 1964 1539 ὑπὸ

370 1530 878 1607 τοῦδῐᾙεύματὸς,
910 1530 999 1589 8τέ
1028 1530 1187 1604 ἐδόθη
1221 1532 1250 1586 6
1292 1532 1459 1606 νόμος
1484 1536 1554 1607 τῇ
1593 1530 1961 1605 Πεντηκοστῇ,

372 1606 455 1669 ὡς
479 1605 533 1660 ἒν
562 1610 644 1678 τῷ
674 1605 789 1680 ὄρει
815 1609 965 1661 Σινᾶ.

370 1718 655 1787 Μαρτυρεῖ
710 1717 915 1781 Μωσῆς
978 1709 1171 1787 λέγων*
1225 1735 1253 1763 ‹‹
1314 1710 1415 1765 Καὶ
1470 1713 1536 1779 ῆν
1594 1712 1629 1780 ἡ
1684 1706 1811 1780 δόξα
1864 1713 1961 1765 τοῦ

2078 606 2250 676 quasi
2302 607 2518 662 diceret
2575 624 2587 662 :
2650 608 2707 663 Si
2767 608 2931 663 liberi
2976 609 3150 663 vestri
3184 609 3251 663 ad
3287 611 3578 667 dmmones
3608 616 3728 684 pel-

2079 692 2306 762 lendos,
2329 698 2565 753 nomine
2599 713 2725 753 meo
2757 697 2900 752 satis
2932 696 3204 752 instructi
3235 704 3395 769 sunt,
3419 716 3524 772 ego
3554 700 3612 756 in
3639 719 3733 758 no-

2079 784 2239 839 mine
2271 784 2627 841 Beelzebulis
2658 802 2771 840 non
2805 786 2972 855 ejioio
3002 787 3309 842 daemonia.

2212 893 2299 946 42.
2332 894 2607 948 Adversus
2636 909 2697 948 eo
2724 894 2821 964 qui
2849 893 3037 948 dicunt
3065 895 3275 950 Filium
3301 896 3603 966 postulare.

2148 999 2361 1069 Arguit
2410 1000 2739 1065 haereticus,
2795 1004 2969 1071 atque
3019 1001 3122 1064 ait,
3155 1001 3441 1057 minorem
3473 1020 3603 1059 esse
3636 1021 3734 1073 pe-

2076 1090 2297 1141 tentem
2330 1088 2549 1143 datore.
2574 1089 2684 1143 Sed
2718 1088 2765 1143 si
2800 1093 3028 1143 Patrem
3062 1090 3132 1143 ab
3166 1090 3507 1146 hominibus
3538 1095 3734 1163 peten-

2075 1179 2194 1230 tem
2225 1176 2594 1231 inveniamus
2625 1178 2681 1230 in
2714 1176 2905 1232 Veteri
2942 1178 3340 1241 Testamento,
3391 1180 3529 1250 quid
3584 1180 3729 1235 mihi

2075 1262 2191 1334 hic,
2227 1281 2443 1336 quasso,
2475 1264 2901 1337 respondebis?
2934 1287 2961 1316 «
2989 1266 3056 1320 Et
3093 1283 3271 1333 nunc,
3332 1267 3530 1339 Israel,
3587 1270 3728 1340 quid

2074 1352 2362 1411 Dominus
2394 1359 2531 1411 tuus
2563 1372 2596 1410 a
2626 1359 2680 1410 te
2713 1358 2875 1427 petit,
2910 1354 3023 1411 nisi
3054 1361 3119 1411 ut
3150 1355 3344 1427 ipsum
3375 1362 3603 1413 metuas
3621 1358 3726 1415 ⁸³9»

2127 1462 2214 1516 43.
2252 1460 2400 1529 Quod
2426 1464 2557 1532 pari
2586 1462 2739 1517 modo
2772 1461 2897 1517 data
2926 1464 2999 1517 sit
3032 1463 3120 1518 (ex
3148 1478 3182 1518 a
3211 1463 3428 1531 Spiritu
3452 1465 3513 1519 in
3534 1465 3678 1521 Pen-

2452 1554 2665 1622 tecoste,
2696 1559 2858 1624 atque
2887 1553 2948 1606 in
2978 1559 3157 1608 monte
3181 1552 3339 1608 Sina.

2142 1728 2418 1784 Testatur
2445 1728 2655 1796 Moses,
2689 1728 2891 1786 dicens
2934 1748 2947 1785 :
2996 1753 3025 1780 «
3085 1731 3152 1785 Et
3208 1736 3333 1801 erat
3385 1730 3571 1802 gloria
3624 1732 3727 1789 Dei

312 1807 452 1858 Θεοῦ
496 1798 721 1874 Ἰσραὴλ
775 1799 827 1854 ἐν
871 1803 953 1871 τῷ
998 1796 1111 1875 ὄρει
1164 1805 1315 1867 Σινᾶ,
1344 1800 1417 1860 ὡς
1448 1802 1554 1875 πῦρ
1584 1794 1894 1872 καιόμενον’
1928 1821 1957 1851 ››

2086 1815 2248 1872 fsrael
2306 1816 2365 1871 in
2421 1821 2618 1872 monte
2668 1819 2824 1887 Bina,
2858 1818 3033 1873 veluti
3068 1818 3219 1890 ignis
3248 1820 3459 1875 ardens
3488 1820 3569 1890 5‘;
3602 1843 3631 1870 ››
3664 1825 3731 1876 ut

294 1890 393 1946 ἳνα
420 1891 699 1964 πληρωθῇ
742 1888 826 1943 τόο
884 1913 912 1939 ‹‹

299 1985 411 2056 πῦρ
470 1978 578 2033 οὐκ
608 1976 981 2056 ἀφανιστικὸν,
1014 1976 1160 2032 ἆλλᾶ
1189 1975 1530 2053 καθαρτικόν.
1564 1976 1661 2031 Διὰ
1687 1979 1848 2031 τοῦτο
1877 1976 1957 2047 τῷ

295 2066 492 2140 Ἡσαΐᾳ
522 2065 735 2122 δίδοται
769 2065 821 2122 ἐν
853 2071 971 2127 τοῖς
991 2063 1225 2141 χείλεσι.
1250 2064 1348 2120 Καὶ
1376 2064 1547 2141 λέγει·
1567 2090 1594 2118 ‹‹
1619 2062 1756 2120 Ἰδοὺ
1784 2064 1967 2140 ἀφῆκα

298 2158 395 2220 τὰς
415 2156 691 2232 ἁμαρτίας
714 2176 869 2211 σου·››
901 2154 1046 2210 οὕτω
1065 2154 1189 2210 τότε
1210 2154 1376 2232 ἐφάνη
1397 2155 1460 2209 τὸ
1484 2159 1703 2227 Πνεῦμα
1724 2155 1787 2209 τὸ
1807 2153 1963 2228 ’ὰγιον

302 2247 351 2302 ὲν
520 2245 883 2316 Πεντηκοστῇ
934 2242 988 2298 ἐν
1037 2241 1167 2298 εἴδει
1198 2238 1390 2318 πυρός.
1424 2242 1816 2319 Ἐμερίσθησαν
1864 2243 1966 2317 γὰρ

299 2336 552 2413 γλῶσσαι
600 2333 728 2389 ὡσεὶ
778 2334 975 2409 πυρὸς,
1014 2332 1102 2387 καὶ
1135 2330 1374 2387 ἐκάθισεν
1404 2333 1477 2405 (2)
1514 2331 1593 2409 ἐφ’
1621 2330 1715 2387 ’ἐνα
1742 2328 1963 2386 ἕκαστον

305 2424 519 2480 αὐτῶν.
569 2421 665 2477 Καὶ
716 2420 898 2497 ὥσπερ
948 2421 999 2476 ἐν
1046 2420 1114 2496 τῇ
1144 2420 1377 2494 Παλαιᾷ,
1428 2420 1842 2498 ἐπιφαινομένου
1869 2421 1966 2472 τοῦ

354 2517 471 2581 εοῦ,
512 2510 695 2567 πολλὰ
740 2512 809 2582 ἦν
858 2512 927 2567 τὰ
969 2507 1371 2588 δορυφοροῦντα
1426 2505 1695 2587 φόϐητρα,
1739 2507 1967 2586 γνόφος,

302 2602 396 2657 καὶ
444 2599 672 2672 θύελλα,
720 2601 807 2655 καὶ
860 2597 1111 2675 σάλπιγξ,
1159 2599 1248 2653 καὶ
1301 2600 1543 2675 βρονταὶ,
1594 2603 1968 2675 περιηχοῦντα

308 2694 371 2746 16
419 2686 575 2764 ὅρος,
627 2690 782 2745 ἅτινα
826 2689 894 2759 ἦν
944 2689 1527 2765 προπαρασκευάζοντα
1576 2688 1667 2743 τὸν
1726 2687 1855 2744 λαὸν
1889 2688 1964 2750 είς

311 2776 480 2859 Ῡόοον
513 2784 620 2835 τοῦ
659 2778 976 2852 νομοθέτοιν
1011 2776 1184 2841 οὕτως
1212 2777 1301 2833 καὶ
1331 2782 1428 2832 τοῦ
1460 2777 1617 2854 ἁγίου
1651 2777 1965 2851 ΙΙνεύματος

310 2868 631 2944 μὲλλοντος
710 2867 1009 2942 ἐπιφοιτᾷν·
1084 2866 1175 2923 ’ίνα
1235 2867 1447 2941 μάθωσι
1499 2872 1595 2922 τοῦ
1652 2866 1965 2941 ΙΙνεύματος

297 2961 397 3029 τὴν
447 2957 606 3031 ἀξίαν
666 2953 895 3029 ἕνδόξως
943 2956 1327 3033 ἐπιφοιτῶσαν.
1373 2959 1575 3031 Ὥσπερ
1627 2955 1679 3011 ἐν
1728 2961 1805 3029 τῷ
1851 2951 1965 3031 ὅραι

303 3048 507 3125 γνόφος
551 3046 645 3102 καὶ
694 3042 902 3111 θύελλα
944 3042 1302 3122 προέδραμεν,
1369 3044 1512 3101 οὕτω
1559 3046 1647 3100 καὶ
1715 3044 1802 3100 ἐπὶ
1871 3050 1966 3100 τοῦ

300 3137 628 3209 Πνεῦματος
695 3134 929 3209 ἐγένετο·
1003 3158 1032 3186 ‹‹
1098 3135 1183 3188 Ἐν
1228 3138 1306 3206 τῷ
1355 3131 1813 3209 συμπληροῦσθαι
1870 3136 1967 3203 τὴν

304 3226 523 3302 ἡμέραν
572 3231 675 3292 τῆς
736 3229 1138 3293 Πεντηκοστῆς,
1187 3222 1393 3299 ἐγένετο
1420 3226 1564 3298 ἦχος
1595 3222 1776 3300 ὣσπερ
1807 3243 1965 3299 φερο-

312 3315 489 3388 μένης
522 3320 693 3381 πνοῆς
727 3312 927 3386 βιαίας,
958 3311 1049 3366 καὶ
1078 3312 1200 3368 τότε
1231 3310 1383 3391 ὤφθη
1415 3313 1478 3368 τὸ
1511 3316 1719 3385 Πνεῦμ,
1748 3312 1840 3367 καὶ
1872 3332 1963 3367 συ-

301 3405 515 3457 νὲσεισε
541 3401 631 3456 τὸν
663 3401 830 3458 οἷκον.
868 3426 898 3452 ››

308 3599 395 3653 ﬂ.
428 3597 555 3652 Ὅτι
588 3592 840 3670 λέγουσιν
872 3595 925 3670 oi
952 3594 1240 3670 αἱρετικοὶ,
1269 3594 1354 3649 ὅτι
1403 3594 1465 3650 τὸ
1517 3598 1739 3667 Πνεῦμα
1789 3590 1962 3669 δῶρόν

902 3665 1022 3721 ἐστι’
1044 3668 1191 3743 παρὰ
1219 3671 1374 3724 Θεοῦ.

377 3775 577 3847 Ἡμεῖς
652 3771 886 3848 λέγομεν
965 3769 1137 3849 δῶρον
1220 3778 1367 3843 ζωῆς
1446 3772 1813 3849 (ἠλευθέρωσε
1867 3773 1968 3849 γὰρ

308 3866 483 3936 ἡμᾶς·
536 3863 565 3916 6
615 3863 721 3938 γὰρ
768 3861 939 3935 νόμος
990 3866 1088 3916 τοῦ
1138 3861 1453 3935 Πνεύματος
1492 3868 1593 3931 τῆς
1628 3868 1771 3932 ζωῆς
1802 3860 1971 3931 ἠλευ-

308 3953 545 4025 θὲρωσεν
607 3953 802 4024 ἡμᾶς),
862 3949 950 4005 καὶ
1011 3948 1186 4026 δῶρον
1242 3948 1540 4025 δυνάμεως·
1616 3974 1646 4004 (ι
1724 3953 1973 4025 Λήψεσθε

308 4042 413 4117 Ti;
467 4037 722 4111 δύναμιν,
793 4037 1117 4103 ἇπελθόντος
1167 4043 1264 4094 τοῦ
1311 4040 1467 4116 ἁγίου
1516 4039 1833 4113 Πνεύματος
1891 4038 1975 4118 ἔφ’

312 4131 475 4203 ὑμᾶς.
511 4157 533 4184 ι
586 4129 777 4201 Ἡμεῖς
828 4126 886 4182 δὲ
937 4128 1026 4183 καὶ
1067 4130 1189 4183 Υἱὸν
1218 4130 1305 4184 καὶ
1338 4128 1603 4193 υἱοθεσίαν
1635 4126 1972 4202 δεικνύομεν,

311 4220 392 4274 ὅτι
450 4217 746 4294 ἐχαρίσατο
792 4217 854 4272 τὸ
903 4221 1127 4291 Πνεῦμα
1171 4218 1234 4273 τὸ
1290 4219 1439 4293 ἅγιον
1486 4223 1603 4280 τοῖς
1643 4218 1971 4294 ἀνθρώποις·

311 4310 399 4363 καὶ
456 4309 574 4381 μετ’
626 4304 812 4377 ὀλίγα·
871 4331 901 4358 ‹‹
950 4311 1080 4369 Πῶς
1132 4306 1260 4383 οὐχὶ
1291 4307 1381 4361 καὶ
1413 4307 1504 4361 σὺν
1538 4306 1683 4378 αὖτῷ
1712 4307 1776 4361 τᾶ
1805 4309 1978 4361 πάντα

314 4401 449 4471 ἡμῖν
515 4396 852 4471 χαρίσηται;
911 4419 937 4445 ››
985 4395 1073 4450 καὶ
1123 4395 1369 4470 ἑτέρωθι·
1423 4419 1451 4447 ‹‹
1500 4399 1616 4452 Ἵνα
1667 4393 1869 4469 ἴδωμεν
1914 4396 1979 4450 τὰ

319 4486 420 4540 ὑπὸ
467 4489 566 4540 τοῦ
618 4488 753 4538 Θεοῦ
806 4485 1133 4560 χαρισθέντα
1183 4472 1319 4559 ἡμῖν
1512 4510 1539 4537 ››
1586 4488 1840 4561 ΙΙερὶτοῦ
1876 4508 1976 4559 μυ-

963 1886 1075 1963 Πῦρ
1104 1887 1277 1957 ἦλθον
1309 1886 1494 1964 βαλεῖν
1530 1888 1617 1943 ἐπὶ
1645 1890 1744 1957 τήν
1773 1889 1894 1962 γῆν,
1928 1909 1955 1937 ››

2086 1904 2487 1977 idimpleretur
2506 1886 2917 1979 illudzulgnem
2941 1906 3071 1963 veni
3086 1886 3315 1964 mittere
3330 1907 3386 1962 in
3404 1886 3727 1981 terravmﬂ,»

2075 1993 2294 2067 ignem,
2315 2012 2432 2050 non
2458 1994 2557 2066 qui
2580 2000 2970 2064 consumeret,
2990 1997 3091 2052 sed
3115 1997 3213 2069 qui
3238 2003 3534 2070 purgaret.
3567 1998 3729 2056 Ideo-

2077 2099 2189 2154 que
2220 2083 2313 2139 ille
2345 2086 2517 2140 datus
2548 2090 2636 2140 est
2667 2086 2828 2140 Isaiae
2852 2086 2909 2139 in
2936 2086 3108 2142 labiis
3141 2088 3265 2143 suis
3287 2089 3560 2159 “Atque
3592 2090 3729 2145 hinc

1984 2228 1997 2247 κ
2076 2178 2184 2238 est,
2217 2174 2370 2244 quod
2404 2174 2547 2228 dicit
2578 2191 2590 2228 :
2624 2197 2651 2224 ‹‹
2686 2175 2826 2230 Ecce
2854 2175 3052 2231 dimisi
3079 2181 3313 2247 peccata
3355 2184 3456 2233 tua
3484 2179 3546 2234 ⁵⁷.
3581 2202 3609 2230 ››
3647 2180 3732 2236 lta

2076 2265 2217 2317 tunc
2248 2278 2479 2334 quoque
2510 2264 2784 2335 apparuit
2812 2264 3061 2335 Spiritus
3106 2270 3344 2322 sanctus
3401 2267 3459 2322 in
3523 2268 3731 2325 Pente-

2078 2356 2256 2418 coste,
2281 2352 2340 2407 in
2371 2352 2564 2424 specie
2592 2353 2773 2424 ignis;
2814 2353 3133 2426 dispertita:
3163 2356 3320 2411 enim
3351 2362 3489 2412 sunt
3515 2356 3729 2431 linguae

2077 2440 2246 2510 quasi
2307 2439 2480 2511 ignis,
2540 2445 2594 2495 et
2652 2442 2803 2495 sedit
2831 2458 3009 2513 supra
3038 2442 3301 2513 singulos
3332 2459 3534 2499 eorum
3565 2444 3627 2499 ³⁸.
3662 2446 3728 2501 Et

2080 2534 2143 2583 ut
2164 2528 2220 2583 in
2246 2529 2435 2584 Veteri
2464 2529 2836 2585 Testamento
2861 2530 2924 2594 ⁵³,
2959 2532 3029 2585 ad
3063 2531 3163 2585 Dei
3197 2533 3562 2603 praesentiam
3622 2535 3729 2589 ad-

2075 2622 2431 2689 ventumque
2454 2617 2638 2673 multa
2658 2618 2932 2674 terricula
2964 2620 3609 2694 pavefaciebant,caligo
3641 2622 3728 2678 ni-

2079 2705 2317 2771 mirum,
2350 2706 2624 2778 procella,
2659 2708 2819 2775 tuba,
2854 2707 2952 2763 18
2984 2713 3041 2762 et
3068 2710 3327 2765 tonitrua
3360 2711 3430 2765 ad
3465 2716 3724 2767 montem

2076 2795 2399 2863 reboantia,
2435 2813 2560 2865 quae
2592 2796 2872 2868 populum
2921 2798 2993 2852 ad
3052 2798 3320 2854 timorem
3380 2799 3730 2870 legislatoris

2076 2884 2518 2956 praeparabant;
2542 2885 2625 2939 ita
2654 2901 2884 2955 quoque
2916 2885 3133 2941 factum
3165 2893 3255 2941 est
3284 2903 3417 2941 cum
3451 2888 3733 2942 adventu-

2077 2989 2179 3027 rus
2237 2988 2370 3027 mox
2401 2976 2551 3027 esset
2578 2973 2829 3043 Spiritus
2872 2977 3114 3029 sanctus
3148 2991 3161 3029 :
3195 2980 3259 3029 ut
3311 2979 3728 3048 cognoscerent

2076 3060 2353 3132 discipuli
2382 3061 2727 3132 dignitatem
2759 3061 3012 3132 Spiritus
3036 3079 3170 3119 cum
3198 3063 3382 3136 gloria
3418 3064 3727 3121 advenien-

2075 3153 2214 3206 tem.
2246 3149 2343 3215 Ut,
2377 3149 2638 3221 inquam,
2664 3152 2723 3205 in
2756 3155 2973 3221 monte,
2991 3151 3180 3224 caligo
3209 3158 3266 3207 et
3288 3152 3541 3225 procella
3586 3170 3731 3224 prae-

2081 3238 2388 3304 cedebant,
2437 3238 2521 3294 ita
2551 3255 2785 3311 quoque
2814 3239 2872 3296 in
2906 3241 3157 3296 adventu
3189 3242 3439 3314 Spiritus
3472 3260 3485 3298 :
3521 3266 3548 3292 «
3583 3243 3727 3298 Cum

2076 3326 2463 3400 compleretur
2493 3327 2617 3383 dies
2648 3333 3041 3397 Pentecostes,
3076 3331 3260 3387 factus
3290 3336 3378 3387 est
3398 3349 3579 3388 sonus
3604 3335 3734 3387 tan-

2075 3434 2253 3489 quam
2286 3417 2648 3473 advenientis
2678 3418 2924 3490 spiritus
2955 3419 3314 3476 vehementis
3334 3422 3378 3456 ⁶⁰
3404 3438 3416 3475 :
3449 3443 3478 3470 »
3509 3426 3567 3476 et
3587 3425 3732 3477 tunc

2076 3507 2347 3579 apparuit
2376 3506 2631 3577 Spiritus
2665 3524 2677 3562 :
2714 3510 2770 3562 et
2800 3509 3099 3565 concussit
3129 3510 3391 3565 domum.

2076 3614 2164 3668 44.
2196 3613 2350 3685 Quod
2378 3614 2623 3671 ἡκνείἱεί
2652 3615 2864 3683 dicant,
2898 3614 3171 3686 Spiritum
3196 3616 3399 3673 donum
3450 3619 3554 3673 Dei
3595 3632 3733 3673 esse.

2149 3774 2274 3829 Non
2306 3790 2440 3830 eum
2474 3773 2728 3830 dicimus
2760 3775 2981 3830 donum
3035 3775 3164 3829 vitae
3230 3775 3522 3847 (liberavit
3577 3774 3736 3830 enim

2080 3880 2221 3930 nos;
2282 3880 2416 3918 nam
2476 3863 2566 3917 lex
2618 3864 2867 3934 Spiritus
2923 3863 3053 3918 vitae
3109 3863 3377 3918 liberavit
3420 3880 3526 3918 nos
3560 3866 3648 3933 σί),
3681 3867 3740 3918 et

2081 3953 2298 4008 donum
2332 3951 2631 4023 potentia}:
2656 3950 3004 4023 «Accipietis
3034 3951 3188 4006 enim
3220 3952 3490 4006 virtutem
3525 3966 3737 4021 super-

2081 4040 2366 4096 venientis
2388 4040 2447 4096 in
2470 4057 2571 4095 vos
2595 4039 2847 4110 Spiritus
2871 4039 3165 4095 sancti.”»
3188 4040 3302 4096 Nos
3325 4043 3522 4096 autem
3548 4044 3739 4095 osten-

2082 4130 2280 4185 dimus
2310 4130 2464 4201 quod
2497 4130 2750 4201 Spiritus
2782 4134 3022 4187 sanctus
3055 4135 3111 4185 et
3143 4129 3351 4185 Filium
3381 4134 3438 4184 et
3470 4130 3736 4201 adoptio-

2086 4237 2215 4275 nem
2251 4219 2477 4273 dederit
2505 4218 2845 4274 hominibus
2866 4237 2877 4274 :
2899 4225 2955 4274 et
2986 4218 3157 4292 paulo
3190 4223 3354 4291 post:
3382 4243 3408 4269 ‹‹
3435 4218 3736 4284 Quomodo

2086 4326 2201 4364 non
2234 4308 2405 4363 etiam
2440 4324 2570 4362 cum
2595 4322 2660 4361 eo
2683 4308 2851 4362 nobis
2883 4309 3081 4363 omnia
3111 4308 3415 4364 donaverit
3435 4308 3522 4362 6"?
3545 4330 3571 4358 »
3596 4309 3738 4362 Item

2087 4397 2223 4452 alibi
2258 4413 2271 4450 :
2308 4421 2333 4445 ‹‹
2368 4395 2441 4451 Ut
2478 4396 2782 4451 videamus
2839 4413 2964 4467 qua:
3023 4399 3236 4453 donata
3286 4396 3456 4453 nobis
3512 4401 3651 4451 sunt
3709 4412 3743 4449 a

2090 4492 2202 4542 Deo
2217 4486 2317 4543 ⁸³.»
2338 4491 2413 4539 De
2432 4485 2706 4556 mysterio
2738 4492 3020 4557 suscepta:
3053 4486 3439 4541 humanitatis
3468 4484 3739 4555 loquens,

322 4574 548 4647 mpiou
579 4580 679 4643 τῆς
709 4572 1109 4649 ἀνθρωπήσεως
1140 4571 1317 4648 λέγων
1352 4595 1402 4629 εν
1434 4576 1502 4648 τῇ
1533 4574 1670 4649 πρὸς
1695 4568 1968 4651 Ἐϐραίους

2088 4574 2148 4629 in
2208 4573 2463 4645 Epistola
2520 4574 2590 4627 ad
2648 4573 2916 4628 Hebraaos
2962 4574 3197 4641 Paulus,
3235 4573 3514 4645 posthaec
3544 4573 3745 4628 addita

325 4659 591 4733 ἄπιστολῇ
666 4661 924 4736 παραθεὶς
1002 4660 1219 4723 Παῦλος
1284 4662 1382 4729 τὴν
1446 4663 1748 4737 φάσκουσαν
1809 4660 1968 4733 λέξιν·

2086 4664 2296 4718 verba:
2326 4663 2510 4717 «Ecce
2542 4678 2669 4734 ego,
2692 4668 2749 4718 et
2780 4663 2963 4733 pueri,
2990 4679 3136 4733 quos
3155 4662 3300 4717 mihi
3323 4662 3483 4716 dedit
3517 4664 3687 4727 Deus;
3717 4683 3737 4710 ι

328 4774 353 4800 σι
385 4748 532 4805 ’ἰδοῦ
584 4749 689 4826 ἐγὼ
738 4750 828 4803 καὶ
870 4749 935 4803 τὰ
984 4748 1194 4821 παιδία,
1246 4749 1276 4804 ἃ
1330 4771 1421 4823 μοι
1477 4746 1672 4806 ἔδωκεν
1705 4752 1733 4805 6
1763 4752 1910 4813 Θεός·
1949 4776 1975 4803 ››

326 4837 671 4913 ἐπεργάζεται
727 4836 850 4912 περὶ
919 4838 1153 4912 Χριστοῦ
1221 4838 1414 4915 λέγων·
1483 4861 1511 4894 ιι
1556 4840 1705 4894 Ἐπεὶ
1755 4838 1846 4894 οὖν
1912 4839 1979 4895 τὰ

325 4924 516 4983 παιδία
560 4927 952 4997 κεκοινώνηκεν
1003 4925 1232 4999 α’ίματος
1287 4929 1377 4982 καὶ
1428 4928 1647 5002 σαρκὸς,
1689 4929 1778 4984 καὶ
1816 4928 1977 4991 αὐτὸς

326 5014 723 5091 παραπλησίως
779 5018 1009 5090 μετέσχε
1048 5020 1155 5071 τῶν
1206 5016 1405 5072 αὐτῶν⁸
1450 5015 1540 5073 ’ἱνα
1583 5015 1672 5073 διὰ
1694 5022 1791 5072 τοῦ
1820 5017 1977 5073 θανά-

323 5124 423 5159 του
467 5106 786 5179 καταργήσῃ
836 5104 929 5157 τὸν
987 5104 1051 5159 τὸ
1096 5106 1295 5181 κράτος
1346 5102 1543 5183 ἔχοντα
1586 5110 1683 5161 τοῦ
1725 5107 1975 5178 θανάτου,

323 5192 571 5249 τουτίστι
618 5192 712 5247 τὸν
762 5187 1041 5250 διάϐολον.
1077 5217 1106 5245 ››
1162 5191 1365 5257 Παῖδας
1396 5192 1454 5251 δὲ
1481 5194 1646 5251 αὐτοῦ
1679 5194 1729 5250 iv
1760 5194 1976 5257 τούτοις

2087 4753 2157 4807 de
2187 4752 2415 4808 Christo
2450 4752 2531 4805 ita
2584 4750 3057 4807 sermocinatur:
3094 4774 3121 4800 ‹‹
3185 4751 3331 4817 Quia
3387 4767 3522 4823 ergo
3581 4748 3743 4822 pueri

2087 4840 2671 4895 communicaverunt
2716 4840 2989 4909 sanguini
3021 4845 3078 4894 et
3108 4840 3289 4905 carni,
3319 4840 3443 4910 ipse
3474 4837 3745 4893 similiter

2089 4928 2457 5001 participavit
2487 4928 2742 4995 eisdem;
2773 4932 2836 4982 ut
2864 4944 2965 4998 per
2995 4932 3240 4983 mortem
3297 4926 3554 4982 aboleret
3608 4942 3744 4982 eum

2087 5018 2186 5088 qui
2220 5017 2472 5072 habebat
2504 5016 2708 5071 mortis
2738 5015 3069 5086 imperium,
3105 5016 3160 5070 id
3192 5021 3303 5084 est,
3328 5016 3736 5072 diabolum55.»

2089 5105 2267 5161 Filios
2298 5111 2491 5160 autem
2524 5122 2663 5161 suos
2706 5104 2797 5159 his
2850 5105 3036 5160 verbis
3092 5102 3386 5177 apostolos
3446 5104 3745 5173 nominat;

2087 5211 2192 5267 per
2221 5211 2367 5266 quos
2397 5194 2566 5266 signa
2586 5198 2643 5249 et
2665 5193 2929 5265 prodigia
2950 5192 3008 5248 in
3035 5194 3209 5249 domo
3242 5192 3417 5249 Israel
3451 5194 3745 5249 facturum

393 5342 440 5417 ξ’
496 5343 663 5417 Deut.
724 5342 937 5417 πλη.
1003 5342 1283 5417 ⁸⁴ῌΕχοὼ
1338 5361 1490 5417 XXIV,
1550 5344 1638 5401 16.
1670 5345 1759 5417 g“
1814 5344 1954 5401 Luc.

2086 5359 2117 5413 ι,
2152 5342 2253 5417 βξ).
2318 5341 2361 5417 1⁵⁸
2392 5339 2505 5417 Isa.
2540 5340 2703 5417 v1_,_7_.
2780 5340 2822 5373 ‘7
2855 5340 2993 5395 Luc.
3023 5341 3249 5417 v‘,n23.__
3279 5339 3335 5417 "_
3357 5341 3483 5417 Act.
3515 5355 3576 5395 ιι.
3612 5339 3744 5417 1,

325 5414 368 5457 ⁸³
394 5413 572 5471 Exod.
605 5431 723 5482 xxx,
757 5415 845 5486 18,
878 5414 965 5469 49.
1041 5414 1087 5451 ⁸ο
1116 5420 1242 5472 Act.
1280 5433 1342 5486 ιι,
1377 5417 1428 5485 1,
1457 5410 1515 5472 2.
1588 5417 1633 5453 ⁶¹
1668 5415 1835 5473 Rom.
1870 5432 1968 5472 νιιι

2104 5410 2199 5448 ’⁸³
2228 5415 2352 5468 Act.
2385 5428 2426 5481 ι,
2457 5410 2513 5465 8.
2589 5411 2634 5445 ⁵³
2667 5411 2832 5467 Rom.
2864 5428 2990 5483 VIII,
3046 5412 3136 5466 32.
3211 5412 3257 5445 ⁶⁴
3314 5413 3335 5467 Ι
3393 5415 3519 5467 Cor.
3576 5428 3632 5479 ι,
3688 5411 3745 5466 2.

322 5487 367 5539 «⁸
396 5487 572 5544 Hebr.
608 5505 674 5555 ιι,
709 5485 801 5555 13,
835 5486 925 5543 14.

385 5632 467 5778 ξ2ζ
497 5632 660 5717 Edit.
685 5630 1011 5703 Commel.,
1028 5627 1307 5703 ἐκάθησεν.

409 5705 446 5759 3
498 5705 660 5763 Edit.
690 5696 1181 5778 Commal.,61.dv.
1214 5699 1307 5762 Va

498 5704 660 5763 Edit.
690 5696 1197 5778 Οοωωοι.,ίὺμῖν.’
1214 5699 1559 5773 Vaticanus,
1592 5701 1959 5774 Basilianis,

2086 5700 2216 5776 glic.
2248 5706 2307 5758 et
2330 5701 2470 5761 edit.
2501 5700 2611 5756 Par
2646 5699 2853 5769 siens.,
2883 5699 3043 5773 ἡμῖν.
