4126 6218
369 343 442 401 71
1565 332 1630 390 S.
1676 324 2199 390 ATHANASIUS.
2223 352 2300 368 -—
2330 323 2599 386 DUBIA.
3704 324 3781 383 72

372 471 685 528 Dominum
735 466 1009 534 Sabaoth,
1067 464 1428 520 habitantem
1489 461 1548 516 in
1608 465 1803 516 monte
1857 460 2015 525 Sion,

2139 457 2257 517 τοὺς
2305 453 2649 516 ἀποστόλους
2702 452 2979 526 ὀνομάζει,
3021 450 3101 531 ἐφ’
3132 452 3205 506 ὧν
3238 457 3442 526 σημεῖα
3469 451 3557 507 καὶ
3588 452 3786 529 τέρατα

372 563 591 617 edocet.
625 558 771 623 Quin
803 556 917 612 etia
946 555 1202 610 illustres
1235 554 1351 609 fore
1399 551 1760 624 pronuntiat,
1793 565 2024 605 eorum-

374 666 487 721 que
519 647 695 704 facies
724 644 1122 717 obsignandas
1148 659 1275 698 esse
1306 639 1495 713 sigillo
1552 639 1787 704 Christi,
1827 637 2023 692 erudi-

368 745 599 809 tosque,
652 751 765 791 non
792 736 917 805 jam
950 732 1227 802 deinceps
1258 731 1383 801 lege
1416 729 1615 793 Mosis,
1647 727 1865 798 quippe
1896 741 2022 796 qua:

375 826 618 883 ulterius
644 840 754 879 non
789 822 1095 890 consistat,
1118 818 1350 891 etquod
1384 819 1596 874 domus
1628 832 1753 887 quae
1785 817 2026 870 vocatur

366 915 547 973 Jacob
581 910 855 969 derelicta
885 910 961 967 sit
989 928 1023 965 a
1053 909 1189 965 Deo.

458 1201 546 1255 45.
581 1196 728 1265 Quod
757 1197 899 1253 Deus
929 1195 1174 1265 Verbum
1203 1190 1482 1263 defendat,
1515 1191 1695 1245 Patris
1721 1193 1774 1244 et
1804 1186 1944 1244 Filii

943 1264 1291 1323 concordiam
1334 1278 1462 1318 esse.

440 1378 508 1433 Et
538 1392 609 1431 ne
634 1374 952 1431 credideris
980 1374 1222 1428 vilitatis
1254 1386 1384 1425 esse
1404 1369 1600 1431 verba,
1624 1367 1724 1422 sed
1748 1363 2022 1420 humani-

367 1470 507 1525 tatis
542 1485 553 1523 :
586 1466 828 1523 vilitatis
859 1465 1098 1537 quidem
1133 1462 1377 1534 species,
1408 1457 1661 1515 amantis
1690 1461 1886 1512 tamen
1918 1455 2022 1510 bo-

369 1559 560 1614 mines
593 1554 903 1629 promissio
936 1551 1317 1608 est.Christus
1348 1548 1502 1605 enim
1532 1546 1796 1603 omnium
1830 1543 2023 1600 Domi-

364 1664 499 1717 nus,
560 1646 711 1700 idem
766 1642 862 1698 ille
920 1641 1018 1713 qui
1072 1639 1293 1695 Judaeis
1354 1637 1474 1692 hinc
1504 1636 1695 1692 dicit:
1730 1632 1928 1697 «Quis
1955 1649 2024 1687 ex

360 1735 523 1792 vobis
555 1732 750 1805 arguit
782 1748 873 1787 me
904 1732 974 1785 de
1008 1735 1240 1801 peccato
1268 1730 1313 1762 ⁸⁸
1334 1727 1361 1780 ?
1394 1748 1421 1775 »
1484 1725 1665 1780 Filius
1726 1724 1852 1792 ejus
1910 1726 2020 1789 est,

370 1826 468 1897 qui
529 1840 631 1896 per
686 1820 1031 1894 prophetam
1075 1817 1373 1874 Micbaaam
1406 1814 1710 1885 loquitur:
1746 1835 1772 1861 ‹‹
1812 1810 2018 1899 Popule

2139 1845 2317 1899 γοντος
2369 1820 2457 1877 διὰ
2504 1826 2598 1876 τοῦ
2653 1822 2932 1899 προφήτον
2984 1820 3245 1896 Μιχαίουο
3282 1845 3308 1871 ιι

369 1916 472 1982 mi,
502 1912 641 1983 quid
674 1910 782 1966 feci
815 1908 973 1965 tibi?
1003 1914 1106 1964 aut
1136 1923 1252 1978 qua
1279 1906 1339 1960 in
1370 1920 1430 1959 re
1462 1902 1741 1959 molestus
1774 1899 1853 1955 fui
1884 1898 2021 1954 tibi?

361 2001 649 2073 responde
682 1999 825 2054 mihi
856 1999 923 2067 ‘7;
947 2019 973 2047 ››
1006 2002 1063 2051 et
1092 1995 1192 2067 qui
1222 1995 1280 2048 in
1317 1991 1641 2064 Evangeliis
1673 1990 1816 2045 dicit
1849 2006 1861 2044 :
1897 2012 1923 2039 «
1958 1988 2019 2044 Si

364 2092 513 2146 male
538 2092 769 2146 locutus
790 2085 1351 2157 sum,testimonium
1376 2081 1616 2155 perbibe
1638 2081 1710 2135 de
1741 2078 1894 2134 malo
1915 2079 2016 2131 ⁸⁸.»

364 2181 543 2237 Filius
600 2180 728 2250 ejus
785 2176 1012 2242 itidem,
1057 2175 1158 2246 qui
1191 2190 1293 2246 per
1318 2170 1634 2227 Jeremiam
1668 2169 1748 2224 ait
1782 2185 1794 2223 :
1832 2191 1859 2217 ‹‹
1896 2166 2019 2222 Dixi

363 2268 770 2325 habitantibus
805 2264 1003 2331 Israel,
1036 2263 1184 2331 Quid
1217 2263 1565 2318 invenerunt
1592 2259 1650 2314 in
1681 2275 1771 2313 me
1824 2261 2017 2328 patres

363 2359 541 2414 vestri
600 2356 794 2413 delicti
840 2360 940 2410 aut
970 2353 1219 2424 injuriae,
1253 2351 1405 2423 quod
1441 2350 1610 2420 longe
1640 2366 1674 2403 a
1701 2363 1793 2402 me
1825 2362 2016 2401 reces-

361 2449 548 2504 serint
567 2447 641 2501 59'?
665 2465 689 2495 ιι
721 2445 763 2499 Ο
796 2443 1029 2515 qualem
1065 2442 1511 2499 humanitatem.
1548 2439 1605 2492 in
1638 2453 1754 2507 qua
1784 2436 2017 2490 bonitas

365 2541 655 2601 naturam,
692 2534 807 2588 imo
840 2532 1035 2604 potius
1068 2546 1179 2584 non
1217 2535 1334 2583 tam
1369 2532 1860 2596 naturam,quam
1888 2541 2019 2579 nos-

356 2631 480 2682 tras
507 2623 887 2696 cogitationes
913 2620 1293 2692 (exsuperat)!

629 2766 717 2821 46.
752 2763 1021 2833 Quomodo
1054 2763 1267 2817 bonitas
1294 2762 1395 2816 Dei
1419 2758 1756 2816 ostendatur.

434 2873 585 2929 Dicit
614 2871 793 2927 Mosi:
822 2894 840 2918 ι
866 2871 981 2941 Ego
1011 2885 1142 2924 sum
1175 2874 1346 2934 Deus,
1368 2867 1465 2937 qui
1494 2865 1747 2920 retribuo
1780 2868 2017 2937 peccata

366 2965 675 3036 parentum
734 2960 793 3014 in
854 2958 1003 3013 ﬁlios
1033 2958 1099 3011 ⁷ο.
1135 2980 1160 3005 ››
1192 2957 1259 3011 Et
1288 2957 1630 3027 quousque?
1660 2976 1687 3003 ‹‹
1718 2953 1911 3023 Usque
1943 2953 2012 3008 ad

365 3052 600 3107 tertiam
630 3056 688 3105 et
720 3052 987 3120 quartam
1020 3044 1815 3117 generationem7'.»Attende
1847 3041 2012 3106 mibi,

2134 544 2185 598 ἐν
2234 549 2311 616 τῷ
2360 542 2495 617 ο⁹ίκῳ
2545 541 2763 619 Ἰσραὴλ
2814 544 3063 612 ποιήσει)
3138 542 3335 618 Κύριον
3389 536 3635 597 Σαϐαὼθ’
3693 543 3783 597 τὸν

2132 638 2486 688 κατοικοῦντα
2533 632 2583 688 ἐν
2633 630 2713 705 τῷ
2757 628 2869 707 ὄρει
2910 632 3075 705 Σιὼν,
3144 628 3401 688 διδάσκει.
3447 630 3678 693 Τούτους
3728 630 3785 687 δὶ

2132 720 2326 782 αὐτοὺς
2358 720 2617 798 φανερούς
2651 741 2812 797 φησιν
2845 716 3074 786 ἔσεσθαι,
3117 720 3179 773 τὸ
3212 719 3504 792 πρόσωπον
3554 738 3781 794 σφραγι-

2134 810 2395 882 ζομένους
2427 812 2493 881 τῇ
2519 812 2617 864 τοῦ
2665 812 2895 884 Χριστοῦ
2944 804 3219 885 σφραγῖδι,
3268 804 3694 879 παιδευομένους
3724 829 3783 863 τε

2136 897 2331 972 μηκέτι
2377 899 2468 952 τὸν
2526 895 2765 959 Μωσέως
2803 896 2972 969 νόμον
3011 897 3318 969 μανθάνειν,
3349 900 3429 967 τῷ
3465 894 3656 969 μηκέτι
3685 916 3779 950 συ-

2129 986 2369 1043 νιστάναι
2399 986 2581 1057 αὐτὸν,
2605 986 2694 1041 καὶ
2722 986 2812 1042 τὸν
2845 982 3184 1058 καλούμενον
3212 986 3359 1039 οἷκον
3396 979 3589 1039 Ἰακὼὸ
3618 1005 3780 1041 κατα-

2135 1075 2419 1154 λελεῖφθαι
2444 1075 2546 1130 ὑπὸ
2577 1079 2733 1132 Θεοῦ.

2132 1204 2221 1257 45.
2254 1204 2376 1258 ’Ότι
2406 1204 2504 1256 τοῦ
2536 1198 2869 1277 ΙΙατρὸςγκαὶ
2897 1201 2995 1277 τοῦ
3025 1198 3154 1277 fio?)
3174 1198 3280 1277 si”
3315 1196 3626 1277 συμφωνίαν
3650 1198 3781 1253 ἀπο-

2611 1270 2857 1345 λογεῖται
2891 1270 2918 1323 6
2949 1270 3077 1332 Θεὸς
3109 1270 3305 1345 Λόγος.

2202 1378 2299 1433 Καὶ
2349 1380 2424 1452 μὴ
2474 1376 2702 1451 νομίσῃς
2757 1375 3023 1437 εὐτελείας
3068 1376 3201 1431 εἶναι
3239 1375 3305 1430 τὰ
3336 1375 3572 1451 ῥήματα,
3635 1374 3781 1430 ἀλλὰ

2130 1465 2555 1545 φιλανθρωπίας·
2614 1462 2883 1528 εὐτελείας
2935 1466 3029 1539 μὲν
3076 1466 3177 1540 γὰρ
3226 1463 3289 1519 τὸ
3341 1470 3555 1541 σχῆμα,
3587 1461 3779 1541 φιλαν-

2129 1559 2350 1633 θρώπου
2383 1555 2439 1612 δὲ
2489 1555 2551 1611 τὰ
2601 1553 2924 1631 ἐπάγγελμα
2972 1556 3068 1627 (θ’
3118 1555 3348 1629 Χριστὸς
3374 1553 3475 1629 γὰρ
3505 1552 3533 1607 ὁ
3564 1553 3778 1607 πάντων

2132 1646 2349 1723 Κύριος,
2395 1645 2550 1707 οὗτος
2608 1645 2765 1706 αὐτὸς
2827 1645 2855 1697 ὁ
2916 1642 3087 1719 λέγων
3146 1640 3450 1703 Ἰουδαίοις·
3514 1641 3670 1703 «Τίς
3730 1640 3782 1711 ἐξ

2133 1736 2283 1807 ὑμῶν
2318 1733 2530 1809 ἐλέγχει
2581 1754 2645 1806 με
2676 1732 2800 1798 περὶ
2833 1731 3096 1807 ἁμαρτίας
3125 1750 3139 1799 ;
3177 1756 3203 1783 ››
3242 1730 3366 1792 Υἱός
3397 1732 3507 1785 ἐστι
3544 1733 3641 1785 τοῦ
3690 1726 3781 1784 λέ-

3355 1817 3493 1879 Λαός
3549 1838 3676 1890 μου,
3721 1816 3774 1871 τί

2127 1910 2364 1983 ήδίκησά
2394 1933 2469 1983 σε,
2502 1911 2536 1980 ἢ
2570 1911 2621 1965 τί
2650 1909 3067 1986 παρηνώχλησά
3096 1929 3180 1963 σοι
3205 1927 3217 1976 ;
3252 1905 3579 1984 ἀποκρίθητί
3614 1924 3779 1980 μοι’»

2125 2002 2215 2057 καὶ
2266 2003 2293 2056 ὁ
2339 2004 2416 2075 (5)
2465 1998 2553 2055 διὰ
2597 2004 2705 2054 τῶν
2755 1997 3101 2074 Εὐαγγελίων
3158 1996 3346 2051 εἰπών·
3398 2020 3426 2049 ‹‹
3487 1994 3549 2050 Εἰ
3599 1999 3777 2058 κακῶς

2128 2089 2392 2161 ἐλάλησα,
2458 2088 2801 2165 μαρτύρησον
2850 2086 2970 2161 περὶ
3021 2090 3116 2139 τοῦ
3165 2089 3354 2152 κακοῦ,
3419 2084 3447 2138 6
3497 2084 3622 2146 Υἱός
3667 2084 3779 2139 ἐστι

2124 2184 2225 2234 τοῦ
2280 2176 2533 2255 λέγοντος
2591 2178 2724 2253 πρὸς
2784 2174 3066 2251 Ἰερεμίαν
3132 2196 3160 2223 ι(
3216 2173 3383 2227 Εἶπον
3427 2176 3496 2246 τῇ
3528 2172 3779 2244 κατοικία

2127 2266 2369 2344 Ἰσραήλ·
2403 2267 2461 2321 Τί
2495 2265 2647 2343 εὖρον
2696 2265 2746 2319 ἐν
2781 2263 2903 2336 ἐμοὶ
2935 2263 2986 2317 οἱ
3033 2264 3257 2338 πατέρες
3308 2263 3459 2335 ὑμῶν
3504 2258 3775 2332 πλημμέ-

2127 2356 2282 2429 λημα
2310 2358 2344 2425 ἢ
2378 2354 2641 2427 ἀδίκημα,
2677 2353 2759 2408 ὅτι
2798 2351 3097 2421 ἀπέστησαν
3147 2351 3236 2405 ἀπ’
3276 2350 3409 2423 ἐμοῦ
3464 2349 3708 2423 μακράν;
3743 2370 3771 2399 n

2126 2448 2188 2500 Ὀ
2243 2454 2342 2515 τῆς
2391 2442 2796 2523 φιλανθρωπίας
2854 2440 3087 2509 ἐκείνης,
3141 2440 3193 2494 ἐν
3254 2439 3290 2513 ᾖ
3351 2437 3624 2513 ἀγαθότης
3673 2438 3770 2505 τὴν

2127 2534 2302 2612 φύσιν,
2358 2531 2570 2607 μᾶλλον
2618 2530 2675 2587 δὶ
2723 2531 2784 2585 οὐ
2829 2532 2928 2599 τὴν
2982 2528 3161 2606 φύσιν,
3192 2527 3338 2584 ἀλλὰ
3366 2527 3465 2595 τὴν
3505 2524 3772 2599 ἡμετέραν

2125 2622 2244 2677 ὶνθύ
2254 2645 2327 2697 μη
2337 2644 2436 2679 σιν.

2301 2748 2388 2802 46.
2423 2747 2548 2807 ΙΙῶς
2580 2746 2615 2813 ἡ
2661 2741 2928 2820 ἀγαθότης
2951 2745 3049 2796 τοῦ
3083 2743 3218 2796 Θεοῦ
3249 2736 3594 2795 ἐνδείκνυται.

2196 2849 2355 2928 Λέγει
2412 2856 2491 2923 τῷ
2548 2856 2751 2907 Μωσεῖ·
2809 2874 2839 2902 ι(
2886 2848 3026 2925 Ἐγὼ
3092 2848 3119 2901 ὁ
3178 2847 3307 2908 Θεὸς
3378 2846 3406 2899 6
3482 2840 3774 2905 ἀποδιδοὺς

2126 2943 2390 3019 ἁμαρτίας
2449 2941 2694 3016 πατέρων
2748 2938 2836 2994 ἐπὶ
2885 2938 3062 2993 τέκνα.
3117 2959 3144 2987 ››
3216 2933 3313 2989 Καὶ
3361 2931 3527 3009 μέχρι
3580 2932 3772 3001 τίνος;

2127 3056 2154 3083 ‹‹
2198 3031 2322 3087 Ἐπὶ
2380 3030 2568 3106 τρίτην
2617 3030 2706 3084 καὶ
2756 3028 3014 3100 τετάρτην
3062 3025 3265 3101 γενεάν.
3304 3047 3329 3074 ››
3385 3022 3635 3097 ΙΙρόσεχι
3658 3024 3777 3081 πῶς

370 3155 705 3212 qumso,quo
738 3107 903 3210 pacto
938 3107 1217 3190 ultionem
1252 3134 1525 3188 extendat
1554 3132 1826 3203 usquead
1847 3147 2017 3201 quar-

2139 3122 2220 3188 τὴν
2252 3119 2520 3194 τιμωρίαν
2572 3115 2828 3187 ἥπλωσεν
2881 3114 2968 3170 ἐπὶ
3015 3112 3275 3188 τέσσαρας
3321 3110 3529 3187 γενεάς.
3580 3112 3686 3180 Τὴν
3719 3107 3778 3163 δὶ

366 3235 486 3283 tam
520 3228 972 3299 generationem.
1009 3224 1185 3278 Suam
1218 3238 1348 3277 vero
1378 3238 1516 3293 erga
1546 3220 1813 3275 homines
1860 3218 2017 3273 beni-

2139 3207 2537 3287 φιλανθρωπίαν
2568 3205 2671 3267 ἓως
2699 3205 2886 3273 τίνος;
2920 3226 2948 3255 ‹‹
2984 3201 3085 3260 Καὶ
3133 3205 3306 3256 ποιῶν
3357 3198 3507 3262 ἔλεος
3554 3198 3629 3261 είς
3685 3218 3778 3273 χι-

368 3318 651 3390 gnitatem
684 3312 1034 3388 quousque?
1071 3333 1097 3365 ι
1158 3313 1227 3367 Et
1281 3311 1499 3366 faciens
1558 3308 2018 3365 misericordiam

370 3407 428 3461 in
462 3403 619 3460 mille
652 3402 1094 3477 (generationes)
1131 3399 1508 3471 diligentibus
1543 3413 1634 3452 me
1663 3397 1726 3451 ⁷².
1763 3418 1790 3445 »ι

12 3551 335 3613 ψ
367 3548 455 3603 47.
521 3545 668 3614 Quod
726 3560 915 3600 omnes
966 3543 1242 3613 prapheta:
1280 3541 1336 3594 in
1370 3556 1543 3595 unum
1572 3538 1804 3614 collecti,
1836 3554 2021 3614 rerum

438 3637 470 3673 α
502 3610 721 3700 Christo
777 3618 837 3671 in
889 3610 1404 3684 carne'gestarum,
1462 3612 1781 3666 memoriam
1838 3610 2015 3664 absol-

440 3699 641 3744 verinl.

436 3800 622 3850 Moses
654 3794 902 3864 ﬁguram
937 3791 1124 3846 crucis
1156 3788 1459 3845 constituit
1491 3805 1502 3842 :
1538 3789 1695 3860 quod
1740 3792 2020 3843 testatum

368 3900 600 3959 quoque
652 3882 789 3937 facit
818 3881 941 3952 ipse
971 3879 1228 3935 Salvator
1258 3895 1271 3935 :
1310 3902 1331 3928 α
1367 3878 1893 3946 Quemadmodum,
1929 3877 2017 3931 in-

368 3976 599 4046 quiens,
629 3971 819 4026 Moses
850 3968 1123 4025 exultavit
1154 3972 1485 4039 serpentem
1520 3965 1576 4021 in
1609 3967 1835 4022 deserto
1867 3966 2021 4037 73,ita

367 4065 594 4135 Oportet
635 4059 873 4115 exaltari
892 4059 990 4112 19
1012 4056 1216 4113 Filium
1242 4056 1500 4112 hominis
1521 4056 1624 4109 7‘.»
1651 4056 1856 4111 Itidem
1882 4072 2019 4126 quo-

368 4168 481 4224 que
502 4155 557 4205 et
576 4151 753 4205 Jonas
775 4148 980 4203 mortis
1002 4148 1129 4217 ejus
1146 4145 1488 4200 memoriam
1509 4144 2018 4216 l'ecit".Siquidem

364 4240 464 4295 ille
500 4238 799 4295 descendit
834 4237 891 4291 in
930 4242 1146 4299 cetum,
1176 4239 1351 4306 atque
1391 4234 1546 4289 intra
1588 4234 1851 4288 triduum
1886 4233 2018 4288 inde

366 4327 919 4401 prodiit,l‘actusque
933 4329 1208 4396 esttypus
1223 4322 1809 4378 resurrectionis.Hoc
1825 4321 2019 4393 ipsum

365 4419 559 4473 denuo
590 4415 854 4471 Salvator
887 4417 1173 4484 repetens,
1191 4417 1392 4483 typum
1424 4410 1592 4466 illum
1624 4411 1847 4466 veritati
1883 4428 2019 4466 con-

366 4506 525 4561 ciliat
558 4506 759 4559 dicens
794 4519 807 4557 :
849 4526 868 4551 α
904 4502 1065 4557 Sicut
1097 4500 1204 4554 l'uit
1232 4499 1409 4554 Jonas
1442 4500 1497 4553 in
1532 4506 1731 4554 ventre
1756 4500 1865 4554 ceti
1915 4500 2017 4554 tri-

2130 3295 2321 3359 λιάδας
2349 3302 2467 3358 τοῖς
2500 3293 2746 3371 ἀγαπῶσί
2781 3314 2867 3367 με.
2902 3317 2929 3345 n

2131 3547 2218 3603 47.
2250 3548 2434 3607 Ὅπως
2467 3545 2657 3619 πάντες
2692 3543 2741 3597 οἱ
2771 3540 3245 3619 προφῆταιηὸμου
3274 3537 3648 3612 συναχθέντες,
3677 3535 3777 3604 τὴν

2481 3618 2705 3689 μνήμην
2736 3611 3063 3687 οἰκονομίας
3084 3611 3428 3686 ἐπλήρωσαν.

2200 3799 2404 3862 Μωσῆς
2451 3793 2542 3847 τὸν
2598 3792 2766 3847 τόπον
2813 3797 2910 3847 τοῦ
2953 3795 3184 3866 σταυροῦ
3233 3789 3475 3858 ἐποίησε,
3515 3787 3603 3842 καὶ
3638 3807 3775 3863 μαρ-

2126 3888 2279 3958 τυρεῖ
2310 3883 2337 3936 6
2372 3883 2590 3957 Σωτὴρ,
2627 3881 2827 3957 λέγων·
2862 3906 2889 3932 ‹‹
2925 3880 3022 3934 Καὶ
3054 3884 3131 3952 (6)
3163 3877 3340 3941 καθὼς
3375 3878 3576 3945 Μωσῆς
3595 3876 3776 3949 ὕψωσε

2126 3973 2217 4027 τὸν
2268 3966 2389 4048 ὅφιν
2439 3970 2490 4026 έν
2539 3974 2609 4043 τῇ
2658 3969 2871 4044 ἐρήμῳ,
2906 3969 3079 4030 οὕτως
3111 3967 3194 4023 δεῖ
3224 3968 3505 4041 ὑψωθῆναι
3531 3964 3623 4019 τὸν
3654 3963 3775 4018 Υἳὸν

2126 4064 2224 4116 τοῦ
2254 4059 2561 4136 ἀνθρώπου.
2600 4084 2619 4109 ι
2653 4058 2886 4131 Ὁμοίως
2914 4058 3004 4112 καὶ
3036 4059 3219 4118 Ἰωνᾶς
3256 4054 3478 4125 ἐποίησε
3504 4054 3603 4122 τὴν
3641 4053 3778 4125 μνή-

2132 4170 2239 4223 μην
2289 4152 2387 4203 τοῦ
2435 4149 2681 4203 θανάτου,
2732 4144 2981 4216 Κατῆλθε
3033 4148 3133 4221 γὰρ
3166 4144 3241 4206 εἰς
3269 4144 3333 4199 τὸ
3352 4149 3542 4213 κῆτος,
3575 4137 3781 4196 καὶδιὰ

2126 4241 2291 4314 τριῶν
2339 4239 2562 4311 ἡμερῶν
2622 4232 2874 4305 ἀνεδόθη,
2928 4234 3019 4289 καὶ
3078 4232 3275 4310 ἐγίνετο
3315 4231 3490 4294 τύπος
3518 4236 3617 4300 τῆς
3649 4230 3776 4285 ἀνα-

2132 4327 2389 4390 στάσεως.
2421 4330 2590 4381 Τοῦτο
2622 4323 2786 4380 πάλιν
2814 4322 2903 4378 καὶ
2938 4325 2966 4378 6
2998 4323 3194 4397 Σωτὴρ
3228 4316 3537 4390 ἀναλαϐὼν,
3568 4320 3659 4374 τὸν
3691 4317 3782 4372 τύ-

2129 4438 2234 4473 πον
2287 4416 2363 4478 εἶς
2414 4416 2673 4486 ἀλήθειαν
2724 4412 3066 4492 ἐκφέρει(6¹)
3117 4411 3312 4487 λέγων·
3366 4434 3395 4461 ‹‹
3445 4407 3541 4465 Καὶ
3599 4407 3780 4471 καθὼς

2130 4504 2381 4575 ἐποίησεν
2414 4506 2594 4566 Ἰωνᾶς
2627 4503 2677 4558 ἐν
2711 4506 2779 4574 τῇ
2807 4500 2995 4573 κοιλίᾳ
3020 4505 3118 4557 τοῦ
3148 4502 3347 4570 κήτους
3390 4502 3535 4572 τρεῖς
3566 4495 3778 4570 ἡμέρας

363 4595 477 4650 bus
537 4594 739 4649 diebus
794 4598 851 4647 et
907 4592 1096 4645 tribus
1149 4588 1441 4657 noctibus,
1474 4589 1555 4644 ita
1585 4604 1817 4659 quoque
1850 4604 2018 4661 agere

2139 4594 2214 4648 ιαῖ
2243 4598 2387 4668 τρεῖς
2417 4593 2631 4663 νύκτας,
2667 4591 2839 4652 οὕτως
2873 4587 2955 4644 δεῖ
2984 4590 3207 4658 ποιῆσαι
3239 4589 3330 4642 τὸν
3369 4585 3493 4639 Υἱὸν
3538 4587 3634 4638 τοῦ
3684 4583 3775 4635 ἆν-

365 4688 593 4757 oportet
624 4681 836 4738 Filium
870 4678 1127 4734 hominis
1157 4677 1215 4731 in
1248 4678 1419 4733 corde
1450 4682 1611 4732 terrae
1642 4678 1701 4733 ⁷⁸.
1744 4700 1770 4725 ››

598 4807 686 4861 48.
722 4806 871 4874 Quod
896 4805 1144 4859 Trinitas
1173 4805 1243 4858 sit
1270 4805 1775 4861 consubstantialis.

440 4915 586 4979 Quid
619 4918 708 4969 est
738 4912 933 4968 Deus?
963 4911 1238 4966 Omnium
1274 4909 1648 4981 principium,
1696 4913 2020 4967 secundum

365 5002 733 5076 Apostolum,
761 5001 1052 5057 dicentem
1088 5016 1101 5053 :
1138 5022 1164 5047 ››
1199 4998 1359 5054 Unus
1392 5003 1542 5054 Deus
1571 5000 1757 5071 Pater,
1792 5018 1860 5056 ex
1905 5018 2021 5071 quo

368 5093 567 5148 omnia
593 5093 656 5145 ⁷⁷.
685 5112 711 5139 ι)
735 5090 988 5146 Verbum
1035 5088 1190 5144 enim
1242 5087 1370 5157 ejus
1400 5104 1469 5142 ex
1494 5088 1621 5159 ipso
1652 5105 1754 5160 per
1781 5106 2022 5161 genera-

2127 4683 2347 4759 θρώπου
2380 4681 2430 4735 ἐν
2463 4685 2530 4754 τῇ
2558 4677 2753 4754 καρδιᾳ
2783 4685 2882 4747 τῆς
2909 4682 3037 4752 γῇς.
3074 4701 3101 4727 ››

2464 4806 2553 4861 48.
2586 4806 2702 4857 ’Ότι
2735 4804 2769 4871 ἡ
2803 4805 2881 4874 (7)
2910 4801 3072 4876 Τριὰς
3103 4796 3415 4871 ὁμοοόσιος.

2198 4912 2259 4966 Τί
2290 4912 2399 4967 ἐστι
2448 4909 2616 4979 Θεός;
2668 4914 2726 4963 Ἡ
2771 4909 2981 4962 πάντων
3008 4906 3155 4980 ἀρχὴ
3186 4904 3320 4958 κατᾶ
3365 4902 3457 4956 τὸν
3509 4898 3779 4957 Ἀπόστο-

2132 5001 2228 5057 λον
2281 5000 2523 5077 λέγοντα·
2579 5023 2606 5049 ‹‹
2655 4999 2746 5059 Εἷς
2780 4996 2908 5058 Θεὸς
2942 4997 2971 5051 6
3001 4995 3213 5069 Πατὴρ,
3248 4993 3299 5063 ἐξ
3331 4991 3393 5046 οὗ
3423 4991 3490 5045 τὰ
3517 4992 3709 5046 πάντα.
3745 5013 3774 5042 ››

2134 5090 2231 5145 Καὶ
2257 5090 2357 5166 γὰρ
2389 5091 2417 5144 6
2460 5083 2634 5164 Λόγος
2666 5086 2715 5160 ἐξ
2749 5085 2911 5141 αὐτοῦ
2938 5088 3202 5161 γενητῶς,
3249 5082 3339 5137 καὶ
3376 5081 3439 5136 τὸ
3471 5081 3694 5154 ΙΙνεῦμα
3723 5078 3775 5150 ἐξ

436 5264 480 5300 ⁸⁸
510 5264 679 5320 Joan.
711 5280 836 5331 vm,
870 5262 958 5316 46.
1033 5260 1077 5293 ⁶⁷
1108 5257 1505 5332 Μὶοιιηνιηζᾷη
1554 5258 1599 5293 ⁸⁸
1628 5259 1796 5315 Joan.
1830 5277 1991 5330 xvm,

2189 5264 2234 5299 ⁶⁹
2260 5264 2379 5320 Jer.
2415 5280 2480 5332 ιι,
2505 5262 2560 5318 5.
2636 5261 2681 5297 ⁷ο
2705 5260 2882 5316 Exod.
2913 5275 3008 5326 xx,
3037 5259 3089 5314 5.
3167 5259 3212 5293 ⁷¹
3244 5256 3387 5313 ibid.
3462 5253 3508 5290 ⁷⁸
3537 5251 3683 5308 ibid.
3715 5250 3770 5322 6,

366 5336 541 5393 Num.
573 5353 688 5407 xxx,
718 5336 772 5391 9.
823 5329 895 5369 ⁷⁷⁴
922 5333 1088 5389 Joan.
1124 5344 1212 5399 ιιι,
1245 5329 1330 5384 14.
1405 5329 1451 5363 ⁷⁸
1476 5331 1645 5385 Joan.
1680 5347 1743 5399 II,
1779 5334 1828 5387 1.
1906 5333 1949 5368 ⁷⁸
1979 5337 2018 5387 Μ

2139 5352 2183 5393 1.
2217 5352 2319 5408 xu,
2354 5329 2474 5390 4οζ
2517 5332 2561 5370 ⁷⁷
2593 5335 2615 5389 Ι
2645 5332 2773 5389 Cor.
2804 5348 2928 5399 vm,
2957 5332 3013 5388 6.

438 5507 515 5577 (4)
547 5502 921 5630 Anglicanus,
951 5499 1013 5553 τὸ
1044 5496 1335 5582 ἐπίταγμα,
1370 5503 1428 5555 et
1456 5497 1532 5555 ita
1558 5498 1698 5572 legit
1726 5501 2009 5559 Nannius.

440 5580 516 5632 (Si
545 5577 606 5632 Ὁ
678 5580 799 5631 eest
826 5575 884 5630 in
918 5571 1144 5632 Anglic.

440 5580 516 5648 (5)
545 5580 606 5632 Ὁ
638 5580 799 5631 deest
826 5580 884 5630 in
918 5580 1005 5627 An
1050 5580 1144 5625 lic.

438 5651 516 5723 (6)
545 5650 609 5705 In
640 5646 866 5721 Anglic,
898 5643 986 5700 καί
1010 5588 1198 5701 Ξοοει.

2195 5506 2297 5578 (δέ)
2320 5502 2712 5578 Anglicanus.
2744 5498 2989 5578 ἐμφέρεετ

2213 5564 2596 5646 7)Ἀι·ῐίἷυ1υε
2626 5564 2796 5646 deest
2817 5564 3103 5646 in'editis,
3135 5574 3193 5628 et
3223 5571 3282 5628 in
3310 5566 3620 5635 Vaticano,
3670 5564 3771 5621 sed

2121 5643 2372 5708 habetur
2397 5647 2459 5706 in
2489 5646 2666 5719 Basil,
2697 5650 2756 5704 et
2785 5645 2847 5704 in
2874 5643 3101 5718 Anglic.
