2063 3109
172 151 211 181 '15
763 143 795 173 S.
818 138 1082 172 ATHANASIUS.
1098 155 1137 162 —
1151 134 1285 170 DUBIA.
1837 144 1877 174 το

173 216 371 245 carnationem
386 214 448 242 Filii
464 211 663 248 blasphemiae
678 207 882 246 protulerunt?
898 209 998 242 Apage

1061 206 1109 231 rei:
1125 205 1192 240 (15),
1207 204 1251 232 καὶ
1262 206 1320 235 τοῖς
1336 204 1447 236 λοιποῖς
1463 208 1540 241 πᾶσι,
1556 208 1614 238 τοῖς
1630 206 1669 238 εἷς
1683 208 1733 242 τήν
1749 210 1797 235 τοῦ
1812 209 1877 236 Υἱοῦ

172 261 250 289 hanc
260 259 481 288 absurditatom.
496 257 526 285 Si
542 256 620 284 enim
632 254 682 291 qui
695 254 746 282 20
757 252 829 280 dicit
840 251 920 279 fratri
933 258 999 282 suo,

174 305 274 337 Fatue,
291 311 357 331 reus
374 305 419 331 est
433 302 572 339 gehennae
589 299 667 336 ignis
677 299 710 331 ⁸⁵,
728 297 756 324 in
773 304 874 333 quam,
890 302 999 330 quaeso,

174 349 338 385 gehennam
365 347 567 384 gehennarum
593 343 776 379 conjicietur,
799 340 848 376 qui
874 339 1002 385 affirmat

176 382 267 420 beum
284 382 378 420 suum‘
392 393 556 419 creaturam
581 397 658 422 esse,
674 395 732 415 non
748 386 854 414 Filium
870 384 933 417 Dei,
949 382 1001 410 sed

177 445 305 470 servum,
317 437 366 464 sed
379 435 586 463 administrum
598 435 627 461 et
642 433 789 460 minutum
798 430 812 457 ‘I
824 430 860 458 Et
875 428 899 456 si
915 428 941 455 is
952 425 1002 462 qui

178 484 278 509 contra
294 480 399 508 Filium
415 480 537 508 verbum
557 477 673 510 dixerit,
688 474 893 504 remissionem
909 472 1002 507 impe-

178 525 277 557 trabit,
292 524 438 560 quomodo
460 523 538 551 idem
561 521 653 549 Filius
670 520 742 548 dixit
757 528 764 547 :
779 530 793 543 α
810 518 863 550 Qui
880 524 937 545 non
954 523 1001 543 co-

179 570 271 597 medit
287 576 405 596 carnem
421 575 528 600 meam,
544 575 597 594 nec
613 565 687 593 bibit
701 563 876 600 sanguinem
892 568 1002 594 meum,

179 622 237 642 non
249 613 337 641 habet
347 613 435 641 vitam
446 616 585 640 aeternam
594 611 635 638 3°?
643 621 656 635 ιι
667 611 724 638 Aut
735 608 795 645 qui,
806 614 915 643 quasso,
927 607 1004 641 pote-

180 658 218 686 rit
228 658 279 694 qui
295 656 456 693 ignominia
472 656 562 684 afficit
574 655 677 683 Filium
688 662 746 681 non
758 651 962 687 blasphemsre
974 648 1004 694 in

179 692 376 730 Trinitatem?
387 702 440 734 Qui
453 709 519 729 vero
534 700 564 728 in
579 708 644 728 eam
660 696 874 733 blasphemiam
886 694 965 727 dicit,
978 692 1004 720 is

180 747 258 774 haud
274 746 363 774 dubie
376 746 502 782 abnegat
516 747 650 773 sanctum
666 742 822 779 baptisma.
834 739 887 774 Qui
905 739 1004 767 autem

181 793 318 819 sanctum
343 791 491 826 baptisma
506 790 641 824 abnegat,
658 788 684 815 is
697 786 837 815 nimirum
863 783 1004 820 Spiritum

182 837 316 863 sanctum
332 834 421 863 exuit.
434 835 468 862 Et
481 832 730 870 quemadmodum
747 831 776 858 in
792 829 853 858 sole
867 828 923 856 isto
937 835 1004 855 sen-

183 879 271 913 sibili,
287 880 312 907 si
328 879 418 907 calori
437 879 561 907 radiisve
582 878 646 913 ejus
668 874 881 921 contumeliam
891 871 1003 905 feceris,
1021 888 1044 921 Β

183 925 211 951 in
228 926 321 952 totam
338 925 474 951 naturam
489 922 559 951 solis
575 921 699 950 recurrit
713 917 884 955 hujusmodi
899 918 1005 945 contu-

184 968 272 996 melia
287 977 294 996 :
311 968 352 996 ita
367 975 483 1004 quoque
498 975 529 995 se
552 975 599 994 res
623 966 712 993 habet
725 965 755 992 in
772 962 928 999 trigemino
944 960 1005 988 sole

183 1013 336 1041 Trinitatis
351 1015 380 1040 et
395 1012 526 1049 mysterii
542 1019 547 1039 :
565 1009 743 1039 contumelia
758 1008 847 1036 unius
863 1013 1004 1042 persona,

184 1056 367 1093 blasphemia
378 1058 422 1085 est
432 1057 461 1084 in
473 1056 639 1084 universam
650 1053 862 1091 plenitudinem
875 1049 1003 1078 Deitatis.

183 1102 256 1133 Quid
282 1101 371 1137 igitur
390 1101 447 1129 sibi
464 1100 526 1128 vult
540 1100 652 1127 dictum
677 1098 749 1126 illud
771 1095 887 1125 Domini
902 1095 938 1122 ad
953 1094 1005 1122 Ju-

184 1147 259 1173 dmos
271 1155 278 1174 z
291 1157 304 1170 «
322 1145 414 1173 Omne
428 1147 579 1181 peccatum
595 1147 624 1172 et
642 1142 825 1178 blasphemia
840 1140 1006 1168 remittetur

184 1190 372 1218 hominibus:
389 1190 438 1226 qui
455 1192 552 1217 autem
567 1187 673 1216 dixerit
686 1187 807 1215 verbum
823 1187 925 1213 contra
939 1182 1005 1219 Spi-

185 1235 273 1262 ritum
300 1237 445 1267 sanctum,
462 1242 519 1261 non
544 1233 710 1261 remittetur
733 1231 769 1264 ei,
786 1237 881 1266 neque
900 1228 928 1256 in
952 1227 1006 1255 hoc

186 1278 304 1312 saeculo,
320 1286 415 1314 neque
429 1278 460 1306 in
476 1278 574 1305 futuro
583 1277 625 1304 '7?
637 1287 652 1302 υ
668 1276 827 1304 Prudenter
849 1273 1005 1301 audiamus

185 1326 212 1351 et
228 1331 263 1351 ne
278 1323 463 1351 seducamur.
476 1322 627 1357 Duplicem
638 1328 703 1349 esse
716 1319 863 1347 Christum
880 1319 945 1353 post
959 1316 1005 1343 in-

184 1367 377 1395 enarrabilem
403 1367 552 1400 unionem,
568 1366 633 1394 dico
662 1367 761 1393 autem
790 1370 824 1391 ex
851 1361 957 1390 deitate
978 1362 1007 1388 et

186 1412 378 1445 humanitate,
398 1420 489 1439 sacrm
510 1411 596 1439 nobis
620 1409 802 1446 proclamant
823 1407 980 1443 Scriptum
997 1413 1004 1433 :

185 1469 199 1482 or
216 1457 343 1484 Verbum
361 1467 376 1481 »
392 1456 469 1484 enim
486 1467 500 1481 «
517 1463 584 1483 caro
606 1455 715 1482 factum
735 1455 780 1481 est
788 1453 821 1480 ⁸⁸.
834 1463 848 1477 ››
864 1451 1006 1479 Deitatem

184 1509 252 1535 ergo
266 1500 351 1528 Verbi
368 1500 432 1536 ipse
444 1500 577 1528 Christus
597 1498 739 1535 Spiritum
756 1499 889 1525 sanctum
907 1495 1006 1530 appel-

184 1545 235 1578 lat,
252 1544 499 1580 quemadmodum
520 1544 555 1571 ad
577 1543 791 1570 Samaritanam
807 1541 922 1569 locutus
937 1542 981 1568 est
998 1548 1003 1567 :

185 1600 199 1613 ‹‹
213 1573 348 1624 Spiritus,
363 1599 376 1613 ››
397 1588 546 1624 inquiens,
559 1599 573 1612 ‹‹
591 1589 666 1615 Deus
690 1588 735 1615 est
744 1587 777 1613 ⁸⁹.
792 1597 806 1611 ››
831 1585 1005 1613 Humanita-
1021 1573 1042 1604 C

184 1635 242 1660 tem
259 1641 325 1660 vero
340 1641 436 1667 suam,
450 1631 552 1660 Filium
577 1631 706 1659 hominis
730 1629 893 1658 nominavit
908 1637 914 1656 :
932 1629 1008 1656 sicut

184 1677 271 1704 etiam
287 1676 357 1704 alibi
372 1676 408 1704 de
423 1685 477 1704 sua
490 1684 574 1703 carne
589 1675 719 1711 loquitur
730 1683 754 1703 τα
766 1674 851 1702 Nune
865 1673 1008 1709 glorifica-

184 1724 232 1748 tus
248 1724 293 1749 est
312 1720 402 1748 Filius
425 1721 552 1748 hominis
563 1720 595 1748 9°.
611 1731 625 1744 »
640 1719 733 1747 Judaei
748 1718 847 1755 igitur,
865 1718 914 1754 qui
931 1725 1006 1745 sem-

186 1773 237 1801 per
252 1765 282 1792 in
297 1765 388 1792 Deum
401 1764 563 1797 offendunt,
573 1763 698 1800 duplicis
709 1764 849 1791 adversus
859 1761 1007 1789 Christum

188 1809 374 1844 blasphemiae
386 1809 425 1837 rei
437 1811 516 1837 sunt.
528 1809 657 1841 Quorum
669 1807 718 1835 alii
729 1808 759 1834 in
770 1814 888 1835 carnem
901 1806 1008 1842 impin-

187 1856 268 1888 gunt,
282 1854 337 1881 hoc
351 1856 405 1887 est,
421 1854 450 1881 in
467 1853 574 1882 Filium
588 1852 728 1885 hominis,
740 1860 807 1879 eum
824 1850 1007 1887 prophetam,

186 1907 242 1925 non
259 1897 350 1925 Deum
375 1898 576 1926 existimantes
589 1905 595 1925 :
608 1897 716 1933 quibus
731 1896 845 1924 veniam
871 1894 961 1927 dedit,
978 1894 1007 1922 id

185 1942 261 1969 enim
282 1942 399 1971 initium
415 1945 476 1971 erat
491 1941 715 1978 praedicationis,
732 1948 799 1968 cum
815 1940 945 1968 nondum
959 1947 1006 1966 ca-

184 1996 239 2023 pax
254 1990 316 2015 erat
331 1988 469 2021 mundus,
480 1989 513 2015 ut
526 1990 614 2014 Deum
631 1986 715 2014 illum
730 1994 795 2013 esse
810 1984 1007 2020 crederet,qui

184 2032 272 2058 homo
299 2032 468 2067 apparebat.
486 2033 580 2067 Atque
605 2031 673 2058 hinc
696 2032 751 2065 est,
771 2029 849 2066 quod
873 2029 1007 2057 Christus

183 2076 225 2103 ait
241 2083 274 2102 ζα
291 2075 344 2106 Qui
373 2075 480 2102 dixerit
503 2075 631 2103 Verbum
657 2077 759 2103 contra
783 2073 886 2101 Filium
913 2073 1006 2101 homi-

184 2120 241 2153 nis,
256 2130 270 2144 n
286 2119 341 2147 hoc
355 2121 400 2147 est
426 2119 456 2146 in
481 2127 587 2155 corpus
610 2120 685 2155 ejus,
702 2129 713 2142 α
729 2118 895 2146 remittetur
909 2118 935 2146 ei
945 2118 977 2144 9'.
992 2129 1006 2143 ››

186 2163 288 2191 Ausim
304 2163 382 2190 enim
398 2163 503 2197 dicere,
520 2172 555 2191 ne
579 2163 659 2198 ipsos
682 2163 800 2198 quidem
825 2163 927 2191 beatos
943 2163 1006 2198 ejus

184 2207 345 2243 discipulos
361 2207 516 2243 perfectam
530 2207 565 2235 de
585 2208 649 2242 ejus
664 2207 814 2235 divinitate
829 2207 1006 2235 sententiam

1055 247 1189 286 σάρκωσιν
1216 247 1464 287 βλασφημήσασινς
1490 251 1595 289 ’Λπαγε
1617 255 1668 286 τῆς
1692 252 1824 283 ἀτοπίαςί
1845 253 1876 280 El

1054 293 1104 330 γὰρ
1121 293 1134 319 ὁ
1151 291 1240 330 λέγων
1253 294 1299 320 τὸν
1315 292 1430 333 ἀδελφὸν
1454 294 1547 330 αὐτοῦ,
1571 297 1663 334 Μωρὶ,
1686 295 1782 334 ἔνοχός
1808 297 1878 325 ἰστιν

1055 335 1094 368 τίς
1108 338 1158 372 τήν
1173 337 1275 375 γὲινναν
1291 341 1340 366 τοῦ
1355 339 1451 376 πυρὸς,
1468 339 1506 371 εἷς
1522 340 1601 367 ποίαν
1616 339 1723 375 λοιπὸν,
1736 341 1794 368 είπᾶ
1819 352 1877 378 μοι,

1056 381 1162 419 γέενναν
1180 383 1289 420 γεέννης
1306 381 1507 419 ἐκϐληθήσεται
1523 385 1537 412 ὁ
1553 384 1642 422 Λὲγων
1657 386 1702 413 τὸν
1716 386 1780 413 Θεὸν
1796 386 1878 414 αὐτοῦ

1056 426 1167 463 κτίσμα,
1182 427 1227 454 καὶ
1242 427 1305 465 οὐχὶ
1321 430 1388 455 Θεοῦ
1412 429 1484 464 Υἱὸν,
1505 428 1577 456 ἀλλὰ
1591 428 1701 466 δοῦλον,
1716 431 1761 458 καὶ
1778 430 1879 469 ὑπουρ-

1057 471 1117 509 γὸν,
1133 472 1177 498 καὶ
1195 472 1290 510 μικρόν
1302 481 1308 506 ;
1327 472 1374 500 Καὶ
1391 472 1502 507 ιί,δστις
1513 472 1574 511 εἶίπῃ
1585 472 1666 512 λόγον
1680 475 1747 502 κατὰ
1756 477 1805 502 τοῦ
1816 476 1880 503 Υἱοῦ

1058 517 1219 556 ἀφεθήσεται
1244 516 1327 553 αὐτῷ,
1348 520 1406 548 πῶς
1428 517 1507 549 αὐτὸς
1532 518 1546 545 ὁ
1570 519 1632 550 Υἱὸς
1656 519 1740 553 εἶπεν,
1757 519 1798 547 δτι
1815 531 1829 546 ‹‹
1852 521 1881 548 Ὁ

1060 563 1097 599 μή
1122 562 1234 599 τρώγων
1261 572 1313 598 μου
1336 562 1386 596 τὴν
1412 562 1507 598 σάρκα,
1529 562 1574 589 καί
1595 563 1679 591 πίνων
1696 575 1751 600 μου
1765 564 1797 591 τὸ
1812 564 1880 602 αἷμα

1058 606 1109 633 οὐκ
1124 604 1184 644 ἔχει
1200 607 1271 640 ζωὴν
1288 606 1397 634 αἰώνιον
1411 616 1417 641 ;
1435 619 1445 631 ι
1463 609 1526 638 Πῶς
1542 605 1570 634 δὲ
1584 607 1629 634 καὶ
1646 606 1752 636 δύναταί
1766 609 1880 645 τις,ἀτι-

1060 652 1151 688 μάζων
1167 651 1213 678 τὸν
1227 651 1298 686 Υἱὸν,
1313 651 1351 687 μὴ
1369 650 1540 689 βλασφημεῖν
1556 651 1593 682 είς
1606 652 1655 686 τὴν
1671 651 1794 690 Τριάδα,
1809 654 1838 682 Ὁ
1852 652 1881 681 δὶ

1059 695 1096 727 εἷς
1121 695 1204 729 αὐτὴν
1232 694 1403 734 βλασφημῶν
1423 693 1551 730 δηλονὸτι
1575 696 1733 735 ἀπαρνιῖται
1755 696 1787 725 τό
1802 698 1880 736 ἅγιον

1061 740 1209 778 βάπτισμα.
1244 740 1272 766 Ὁ
1296 738 1325 766 Si
1358 739 1390 767 τὸ
1414 740 1490 777 ἅγιον
1518 739 1657 778 βάπτισμα
1681 742 1883 780 ἆπαρνούμενος

1059 785 1144 820 δῆλον
1156 784 1197 812 δτι
1212 784 1244 812 τὸ
1259 786 1369 821 Πνεῦμα
1383 785 1413 812 τὸ
1428 785 1503 823 ἅγιον
1531 784 1689 816 ἀποδύεται.
1718 787 1767 814 Καὶ
1791 786 1882 826 ὥσπερ

1059 831 1103 859 ἐπὶ
1118 833 1167 858 τοῦ
1183 830 1312 865 αἰσθητοῦ
1327 828 1421 865 ἡλίου,
1439 830 1483 858 ἐὰν
1495 831 1545 866 τήν
1563 830 1667 868 θερμην
1684 833 1701 867 ἢ
1722 833 1772 867 τὴν
1789 832 1885 860 ἀκτῖνα

1059 875 1141 904 αὐτού
1156 872 1329 913 καθυϐρίσῃς,
1346 874 1384 906 εἷς
1408 874 1477 910 ὅλην
1492 875 1541 910 τήν
1567 875 1644 914 φύσιν
1669 876 1751 904 αὐτοῦ
1775 877 1884 915 ἀνατρὲ-

1058 931 1102 959 ’χιι
1126 922 1144 955 ἠ
1169 917 1258 958 ὕϐρις·
1283 919 1369 950 οὓτως
1391 919 1436 947 καὶ
1460 919 1503 947 ἐπὶ
1518 922 1567 947 τοῦ
1580 919 1725 958 τρισηλίου
1740 925 1790 956 τῆς
1805 921 1883 960 ἁγίας

1058 964 1172 1004 Τριάδος
1188 965 1277 1004 φωτὸς
1292 964 1337 991 καὶ
1354 964 1550 1002 μυστηρίου,τῇ
1565 968 1616 999 τῆς
1633 968 1697 1002 μιᾶς
1711 966 1881 998 ὑποστάσεως

1059 1010 1154 1046 ἀτιμίᾳ
1177 1009 1277 1040 παντὸς
1298 1011 1347 1036 τοῦ
1369 1008 1557 1046 πληρώματος
1583 1013 1633 1044 τῆς
1658 1009 1787 1046 θεότητος
1811 1010 1881 1039 ἐστιν

1059 1057 1076 1090 ἡ
1096 1053 1264 1093 βλασφρμία.
1280 1053 1313 1082 Τί
1328 1052 1373 1080 οὖν
1390 1053 1459 1080 ἐστιν
1477 1053 1529 1081 ὑπδ
1543 1056 1591 1081 τοῦ
1616 1054 1715 1092 Κυρίου
1729 1055 1798 1092 πρὸς
1814 1056 1882 1084 Ἰου-

1061 1099 1152 1130 δαίους
1168 1098 1326 1135 λεγὸμενον,
1343 1097 1383 1125 ὅτι
1401 1110 1414 1123 (ι
1432 1101 1506 1125 Πᾶσα
1522 1098 1639 1134 ἁμαρτία
1653 1100 1697 1126 καὶ
1721 1099 1883 1138 βλασφημία

1060 1145 1219 1183 ἀφεθήσεται
1234 1145 1294 1174 τοῖς
1309 1142 1474 1180 ἀνθρώποις.
1491 1142 1521 1173 ὅς
1537 1141 1560 1170 δ’
1585 1141 1613 1170 ἃν
1637 1141 1699 1180 εἴπῃ
1719 1144 1775 1180 (16)
1799 1143 1881 1182 λὸγον

1060 1189 1128 1217 κατά
1142 1190 1190 1215 τοῦ
1207 1187 1362 1224 Πνεύματος
1378 1186 1467 1224 ἁγίου,
1483 1187 1533 1214 ούκ
1545 1187 1706 1226 ἀφεθήσεται
1733 1187 1806 1225 αύτῷ
1821 1187 1885 1216 οὖδὶ

1061 1233 1086 1262 ἓν
1102 1235 1142 1269 τῷ
1156 1235 1201 1259 νῦν
1217 1231 1306 1266 αἰῶνι,
1331 1230 1394 1259 οὐδὲ
1418 1231 1444 1258 ὲν
1464 1234 1504 1267 τῷ
1525 1231 1676 1268 μὲλλοντις
1702 1243 1717 1258 ››
1742 1235 1886 1271 Νουνεχῶς

1061 1277 1231 1313 ἀκούσωμεν,
1247 1276 1292 1304 καὶ
1307 1277 1345 1313 μὴ
1361 1275 1557 1312 πλανηθῶμιν.
1570 1276 1664 1304 Διττὸν
1676 1276 1745 1304 εἶναι
1760 1277 1806 1305 τὸν
1821 1280 1889 1315 Χρι-

1061 1322 1122 1350 στὸν
1152 1322 1218 1358 μετὰ
1241 1321 1290 1354 τὴν
1309 1321 1442 1359 ἄφραστον
1468 1319 1573 1355 ἕνωσιν,
1598 1321 1671 1359 φημὶ
1695 1319 1729 1355 δὴ
1746 1320 1776 1349 ἐκ
1790 1322 1886 1357 θεὸτη-

1059 1377 1105 1398 τος
1127 1366 1172 1393 καὶ
1196 1364 1415 1403 ἀνθρωπδτητος,
1440 1365 1468 1392 αἱ
1491 1364 1561 1402 ἱεραὶ
1587 1365 1644 1402 (17)
1668 1366 1737 1402 ἡμῖν
1754 1363 1886 1394 διαϐοῶσι

1061 1410 1172 1450 Γραφαί’
1190 1423 1203 1436 ‹‹
1220 1410 1248 1436 '0
1263 1409 1314 1447 γὰρ
1331 1409 1417 1447 Λὸγος
1438 1409 1500 1447 σὰρξ
1515 1409 1629 1447 ἐγένετο,
1647 1422 1660 1435 υ
1675 1410 1728 1444 Τὴν
1744 1413 1808 1448 γοῦν
1836 1413 1884 1438 τοῦ

1062 1457 1151 1493 Λὸγου
1174 1454 1288 1489 θεὸτητα
1312 1453 1391 1484 αὐτὸς
1412 1454 1526 1491 Χριστὸς
1549 1455 1659 1490 Πνεῦμα
1682 1454 1757 1492 ἃγιον
1780 1454 1884 1491 ὀνομά-

1062 1503 1111 1536 ζον
1127 1500 1194 1527 καθὰ
1208 1498 1251 1526 καὶ
1267 1499 1335 1536 πρὸς
1350 1499 1398 1532 τὴν
1416 1500 1578 1535 Σαμαρεῖτιν
1592 1497 1693 1535 ἔλεγεν·
1711 1498 1751 1526 ὅτι
1770 1511 1784 1525 ιι
1800 1501 1883 1527 Πνεῦ-

1063 1555 1101 1581 μα
1113 1545 1127 1572 ὁ
1142 1545 1214 1574 Θεὸς·
1234 1555 1245 1569 ι
1262 1543 1311 1577 τήν
1326 1541 1357 1570 δέ
1369 1542 1562 1579 ἀνθρωπὸτητα
1581 1541 1663 1569 αὐτοῦ
1688 1543 1749 1570 Γὶὸν
1778 1544 1884 1582 ἀνθρώ-

1061 1597 1124 1616 που⁸
1140 1588 1229 1618 καθὼς
1243 1586 1325 1614 πάλιν
1341 1585 1468 1623 ἀλλαχοῦ
1483 1585 1544 1622 περὶ
1571 1590 1619 1621 τῆς
1637 1585 1705 1618 ἰδίας
1720 1588 1817 1626 σαρκὸς
1838 1588 1885 1615 αὗ-

1061 1635 1109 1660 τοῠ
1138 1641 1213 1670 φησι·
1245 1643 1258 1657 ‹‹
1283 1633 1336 1657 Νῦν
1363 1628 1491 1665 ἰδοξάσθη
1517 1630 1531 1657 ὁ
1556 1630 1617 1662 Υἱὸς
1636 1633 1684 1659 τοῦ
1700 1632 1852 1670 ἀνθρώπου.
1871 1644 1885 1659 ι)

1061 1677 1093 1705 Εἴ
1110 1678 1166 1713 (18)
1182 1676 1227 1703 οὖν
1244 1675 1284 1703 ἀεὶ
1303 1677 1342 1711 τῷ
1367 1677 1425 1711 θεῷ
1448 1674 1663 1713 προσκρούοντες
1689 1675 1814 1704 Ἰουδαῖοι
1834 1675 1888 1705 διτ-

1061 1721 1111 1755 τήν
1134 1720 1201 1758 πρὸς
1230 1719 1343 1757 Χριστὸν
1371 1720 1420 1754 τήν
1464 1718 1638 1759 βλασφημίαν
1668 1719 1822 1755 ἐκέκτηντο.
1853 1722 1887 1751 Οἱ

1064 1765 1111 1801 μὶν
1139 1764 1174 1801 τῇ
1198 1763 1276 1801 σαρκὶ
1298 1763 1391 1798 αὐτοῦ,
1418 1762 1503 1801 ἤγουν
1525 1765 1565 1800 τῷ
1590 1764 1644 1800 Υὶῷ
1665 1767 1714 1792 τοῦ
1729 1765 1886 1802 ἀνθρώπου,

1062 1809 1289 1847 προσκὸπτοντις,
1313 1809 1461 1847 προφήτην
1486 1808 1574 1844 αὐτὸν,
1600 1808 1663 1836 ἀλλ’
1687 1809 1718 1837 ού
1738 1810 1802 1838 Θεὸν
1819 1810 1884 1838 εἶναι

1062 1853 1196 1890 ἆνὸμιζον·
1214 1853 1256 1884 οἷς
1270 1852 1316 1880 καί
1330 1853 1495 1890 συγγνώμην
1511 1850 1620 1880 ἔδωκεν·
1637 1853 1710 1891 ἀρχὴ
1727 1854 1778 1893 γὰρ
1794 1855 1827 1889 ὴν
1836 1857 1885 1882 τοῦ

1061 1898 1250 1936 κηρύγματος,
1265 1897 1309 1924 καὶ
1327 1897 1398 1925 οὕτω
1413 1897 1446 1932 ἦν
1461 1899 1561 1934 χωρῶν
1576 1897 1589 1924 ὁ
1604 1897 1707 1934 κὸσμος
1726 1899 1794 1935 (49),
1818 1899 1882 1927 Θεὸν

1061 1941 1207 1976 πιστεύειν,
1238 1942 1401 1981 φαινὸμενον
1431 1940 1586 1977 ἄνθρωπον·
1617 1940 1659 1969 διὸ
1687 1942 1732 1969 καί
1761 1953 1842 1981 φησιν
1871 1944 1885 1971 ὁ

1061 1987 1186 2024 Χριστὸς,
1212 1985 1253 2013 δτι
1282 1998 1292 2012 ι
1318 1987 1364 2017 ’Ός
1380 1985 1424 2013 ἐὰν
1441 1984 1502 2022 ιῖἢτῃ
1517 1984 1599 2024 λὸγον
1612 1987 1680 2014 κατὰ
1694 1989 1742 2014 τοῦ
1759 1987 1820 2015 Ποῦ
1834 1989 1883 2015 τοῦ

1061 2031 1214 2068 ἀνθρώπου,
1230 2042 1244 2056 υ
1255 2029 1303 2058 εἴτ’
1319 2029 1364 2058 οῦν
1382 2031 1437 2066 (20)
1451 2032 1499 2057 τοῦ
1515 2030 1642 2066 σώματος
1663 2030 1756 2065 αὐτοῦ,
1784 2043 1795 2056 ι
1820 2032 1885 2071 ἀφε-

1062 2076 1170 2111 θήσεται
1193 2074 1275 2111 αὐτῷ.
1305 2086 1318 2100 υ
1343 2073 1447 2110 Τολμῶ
1469 2074 1521 2112 γὰρ
1545 2073 1643 2113 Λὲγιιν,
1667 2074 1710 2102 ὅτι
1731 2074 1794 2103 οὐδὲ
1807 2075 1884 2104 αὐτοὶ

1062 2120 1087 2147 οἱ
1113 2120 1242 2157 μακάριοι
1263 2118 1344 2146 αὐτοῦ
1365 2119 1483 2155 μαθηταὶ
1499 2118 1528 2146 τὸ
1543 2117 1647 2146 τέλειον
1664 2119 1726 2157 περὶ
1740 2123 1791 2155 τῆς
1803 2121 1886 2149 αὐτοῦ

1062 2165 1189 2198 θεὸτητος
1219 2163 1295 2202 εἶχυν
1319 2163 1458 2202 φρὸνημα,
1484 2161 1537 2194 ἕως
1558 2163 1589 2190 τὸ
1618 2166 1729 2201 Πνεῦμα
1751 2163 1782 2192 τὰ
1810 2165 1885 2203 ἅγιον

1061 2208 1153 2239 αὐτοῖς
1176 2210 1211 2245 τῇ
1236 2208 1409 2244 Πεντηκοστῇ
1432 2207 1619 2246 ἑπεφοίτησεν.
1646 2208 1721 2235 Ἐπεὶ
1745 2209 1789 2236 καὶ
1823 2210 1890 2246 μετὰ

183 2252 436 2285 behuisse,donec
461 2251 588 2287 Spiritus
612 2254 731 2279 sanctus
747 2251 777 2278 in
792 2251 839 2279 die
866 2254 1003 2280 Penteco-

1061 2253 1107 2287 τὴν
1138 2253 1279 2280 ἀνάστασιν
1311 2251 1411 2283 ῐδὸντις
1439 2252 1532 2286 αὐτὸν,
1557 2252 1583 2279 οἱ
1606 2253 1654 2288 μὶν
1668 2252 1885 2290 προσεκύνησαν,

183 2299 243 2324 stes
258 2304 307 2324 eos
324 2295 481 2324 visitasset.
498 2295 647 2331 Siquidem
673 2297 737 2330 post
762 2296 1004 2324 resurrectionem

1061 2298 1085 2324 οὶ
1111 2296 1139 2324 δὲ
1169 2296 1316 2324 ἐδίστασαν·
1348 2296 1410 2323 ἀλλ’
1439 2296 1488 2323 οὐκ
1512 2296 1542 2323 ἐκ
1565 2296 1663 2323 τούτου
1677 2296 1883 2335 κατεκρίθησαν.

182 2342 280 2376 ipsum
296 2340 437 2373 videntes,
452 2340 502 2367 alii
516 2340 632 2375 quidem
655 2340 849 2368 adoraverunt
863 2347 942 2374 eum,
955 2340 1004 2368 alii

1061 2342 1092 2367 οἱ
1108 2340 1136 2367 δὲ
1152 2340 1189 2370 εἷς
1205 2340 1235 2367 τὸ
1251 2342 1361 2376 Πνεῦμα
1374 2340 1405 2367 τὸ
1422 2340 1508 2377 ἅγιον,
1525 2339 1571 2367 εί¹τ¹
1587 2339 1630 2367 οὖν
1648 2340 1685 2370 εἲς
1697 2341 1746 2374 τὴν
1762 2343 1810 2367 τοῦ
1821 2342 1884 2377 Χρι-

182 2393 248 2413 vero
264 2384 472 2413 hesitaverunt
485 2393 491 2412 :
503 2392 556 2412 nec
570 2387 669 2412 tamen
680 2384 716 2412 ob
727 2392 790 2412 eam
803 2392 863 2412 rem
874 2385 1005 2412 damnati

183 2431 346 2457 sunt.sunt
360 2429 409 2457 alii
420 2429 470 2465 qui
482 2430 510 2457 in
522 2429 664 2466 Spiritum
680 2432 815 2457 sanctum
827 2429 1004 2465 impingunt,

1061 2395 1124 2412 στου
1141 2384 1255 2419 θεὸτητα
1271 2383 1528 2422 βλασφημήσαντες,
1544 2383 1588 2411 καὶ
1603 2383 1738 2421 λέγοντες,
1753 2383 1794 2411 δτι
1810 2395 1821 2411 ι
1840 2385 1882 2412 Ἑν

1063 2425 1238 2467 βεελζεϐοὺλ,
1253 2430 1293 2464 τῷ
1319 2426 1431 2466 ἄρχοντι
1455 2429 1506 2455 εῶν
1531 2425 1677 2464 δαιμονίων
1701 2425 1829 2456 ἐκϐάλλει
1850 2429 1885 2456 τὰ

217 2506 237 2523 ⁸³
254 2505 357 2534 Matth.
373 2514 401 2539 ν,
414 2506 459 2533 22.
497 2506 519 2523 ³⁸
534 2505 617 2533 Joan.
633 2513 672 2539 vx,
686 2506 732 2533 54.
770 2505 791 2523 ⁵⁷
807 2505 912 2533 Matth.
935 2513 986 2539 xu,

1069 2505 1114 2533 32.
1152 2505 1174 2522 ⁸⁸
1189 2505 1273 2533 Joan.
1289 2513 1308 2540 ι,
1326 2505 1369 2533 14.
1407 2505 1430 2522 ⁵⁸
1443 2504 1529 2533 Joan.
1545 2513 1585 2539 IV,
1599 2505 1644 2532 24.
1684 2505 1706 2523 ⁸ο
1720 2505 1805 2534 Joan.
1822 2514 1884 2541 xm,

181 2542 224 2568 31.
265 2542 284 2558 ⁹¹
302 2541 404 2569 Matth.
420 2549 470 2577 xu,
486 2542 531 2569 32.

216 2618 273 2650 (l5)
286 2617 380 2645 Editlo
403 2616 643 2650 Commeliniane,
667 2618 842 2647 Φωτειανοῖς.
864 2616 1004 2645 Basilien-

1095 2617 1152 2655 (lj)
1168 2617 1254 2655 Editi,
1268 2615 1313 2655 καὶ
1328 2616 1356 2643 αὶ
1370 2615 1452 2655 ἱεραί,
1464 2617 1515 2645 sed
1530 2615 1574 2644 καί
1590 2616 1671 2646 deest
1686 2617 1716 2646 in
1732 2616 1884 2653 Vaticano,

182 2652 350 2689 sis,rAngl.,
366 2652 537 2687 Vaticanus,
554 2654 717 2683 Φωτιανοῖς.
736 2652 857 2689 Reliqui
882 2655 911 2680 et
934 2652 1005 2681 editi
1060 2652 1148 2681 Basil.
1167 2655 1195 2681 et
1209 2653 1380 2689 Anglicano.

182 2688 339 2721 Parisiens,
357 2689 560 2720 Φωτιινιανοῖς,
576 2690 661 2724 recte.
678 2689 713 2716 Et
734 2688 776 2716 ita
799 2688 906 2724 legitur
929 2688 1006 2717 inl‘ra

182 2724 211 2751 in
229 2723 427 2756 Quaestionibiu
443 2724 477 2751 ad
492 2723 666 2751 Antiochum.

216 2760 272 2793 (16)
292 2759 472 2797 Basiliensis,
490 2757 561 2797 “siml
584 2757 667 2795 λόγον
691 2758 758 2786 κατὰ
779 2760 828 2786 τοῦ
852 2758 916 2787 Υῖοῦ
941 2757 1004 2797 ἀφι-

181 2786 288 2829 θήσιται
306 2786 433 2825 asta-"6's
450 2786 473 2821 δῖ
488 2794 518 2821 ἂν
535 2786 608 2830 ι’ίπη,
623 2786 676 2823 etc.

1108 2689 1152 2724 18)
1168 2688 1268 2723 Forte,
1279 2688 1316 2716 oi.

1107 2721 1150 2759 l9)
1172 2721 1332 2753 Vaticanus
1360 2726 1389 2752 et
1415 2723 1607 2760 Anglicanus,
1634 2721 1711 2752 οὔπω
1741 2723 1841 2763 ἐχώρει
1870 2724 1884 2752 ὁ

1059 2759 1173 2791 κόσμος.

1094 2770 1109 2786 σ
1133 2770 1173 2791 ος.

1166 2795 1255 2824 Basil.
1271 2795 1319 2824 hic
1334 2798 1363 2824 et
1376 2795 1463 2832 intra,
1480 2794 1577 2824 εἵτουν.
