2063 3109
161 176 200 216 79‘
755 179 788 211 s.
809 178 1070 210 ATHANASIUS.
1087 194 1126 201 —
1145 176 1277 210 DUBIA.
1828 176 1868 209 so

161 251 251 278 ritum
268 250 308 278 ait
328 256 469 285 pugnare,
484 256 541 276 non
567 255 631 276 eam
647 246 767 282 quidem
791 244 984 279 immobilem,

1043 242 1235 281 διαμάχεσθαι,
1254 244 1285 271 οὐ
1299 244 1349 278 τήν
1366 243 1504 279 ἀκίνητον,
1522 242 1585 271 οὒδὶ
1598 244 1648 278 τὴν
1669 242 1784 280 ἄψυχον.
1810 245 1867 269 Φυ-

161 298 211 323 eut
227 293 425 322 innnimalem.
442 291 590 321 Naturalis
614 291 691 319 enim
716 290 904 318 affectionem
924 297 988 317 mo-

160 343 209 367 tus
224 339 250 366 ei
266 338 374 366 insitus
389 340 446 370 est,
463 336 525 373 qui,
541 344 607 364 cum
631 343 697 363 caro
714 334 895 367 nominatur,
911 336 944 361 ut
959 333 989 361 in

158 383 289 419 Epistola
317 383 352 410 ad
383 382 534 409 Romanos
563 379 751 408 manifestius
778 379 989 414 interpretatus

160 430 218 462 est,
233 426 385 454 declarans
401 428 524 460 motum,
543 425 594 461 qui
615 424 644 452 in
660 432 747 452 carne
761 425 816 459 est,
832 423 989 459 conﬂigere

161 472 303 500 adversus
328 472 467 503 mentem,
484 471 512 497 et
531 469 656 497 invicem
680 467 857 505 oppugnari,
875 469 906 495 ut
927 475 988 494 rem

161 523 349 552 nequaquam
365 514 497 542 eamdem
509 515 596 549 atque
607 515 743 547 mentem,
756 513 808 540 sed
819 520 941 548 prorsus
952 511 989 538 ab

162 569 195 589 ea
218 560 364 588 diversam
390 567 397 587 :
411 570 422 583 ι
440 558 628 587 Condelector
651 558 740 591 enim,
753 568 768 582 »
783 557 890 592 inquit,
905 566 916 580 ι
931 556 990 592 legi

161 604 224 638 Dei,
236 604 400 632 secundum
418 603 586 630 interiorem
609 602 757 630 hominem
773 601 875 629 :video
891 603 989 628 autem

162 649 248 677 aliam
265 648 357 684 legem
381 647 410 675 in
437 647 579 675 membris
603 647 687 680 meis,
705 645 864 673 bellantem
889 647 989 673 contra

162 692 255 729 legem
267 692 374 720 mentis
386 700 467 725 meae,
479 694 508 719 et
523 690 715 727 captivantem
732 698 779 718 me
789 690 839 717 οι.»
851 689 930 717 Hanc
940 697 989 718 vo-

161 737 317 770 luntatem,
326 739 354 764 et
366 736 496 764 animam
508 735 624 771 proprie
635 734 793 771 appellavit
801 733 921 767 Paulus,
931 733 989 762 dis-

161 782 299 818 tinguens
322 789 385 809 eam
401 789 418 808 a
433 780 550 815 spiritu,
566 787 632 807 cum
649 779 721 806 dicit
734 787 741 806 :
754 790 768 804 «
784 779 861 807 Deus
877 778 988 806 sancti-

162 827 227 854 iicet
241 834 292 853 vos
318 833 370 861 per
390 824 500 859 omnia,
515 829 543 852 et
563 824 676 860 integer
699 823 822 859 spiritus
837 825 943 857 vester,
959 824 988 850 et

162 879 267 906 corpus
283 872 312 898 et
326 869 426 897 anima
446 869 509 897 sine
525 868 612 902 culpa
635 868 665 895 in
691 868 847 895 adventum
873 866 987 895 Domini

162 914 253 942 nostri
267 915 335 942 Jesu
347 913 454 941 Christi
469 915 600 941 servetur
607 912 716 940 "milis
725 912 822 940 verbis
837 911 985 948 spiritum,

162 960 291 987 animam
308 961 336 986 et
351 967 457 994 corpus
481 966 533 994 pro
548 958 661 994 integro
685 957 805 985 homine
828 965 986 992 exponens,

163 1011 329 1039 rogansque
343 1010 409 1030 eum
430 1002 616 1035 sanctificari,
633 1004 661 1030 et
675 1002 738 1029 sine
762 1001 848 1037 culpa
870 1009 986 1029 conser-

163 1047 233 1074 vari.
248 1049 319 1083 Ergo
341 1046 504 1082 designavit
529 1046 678 1082 spiritum,
691 1045 741 1082 qui
757 1046 986 1073 sanctiﬁcandus

163 1094 250 1125 esset,
266 1091 318 1119 hoc
333 1093 377 1118 est
392 1093 519 1118 mentem
534 1090 704 1118 humanam.
717 1089 853 1118 Animam
869 1089 984 1124 deinde,

162 1136 219 1162 vim
236 1135 472 1171 concupiscendi,
483 1140 510 1162 et
533 1143 638 1170 corpus
657 1134 879 1162 tabernaculum
895 1136 985 1162 terre-

162 1183 222 1207 stre
248 1180 399 1215 appellat:
421 1182 454 1207 ut
476 1180 639 1207 secundum
664 1178 740 1207 hanc
765 1178 984 1207 distinctionem

161 1225 256 1252 tribus
271 1225 385 1252 constet
404 1223 492 1252 homo
507 1223 662 1259 terrigena,
678 1222 866 1258 intelligibili,
878 1230 984 1250 concu-

161 1268 298 1304 piscibili,
309 1268 610 1304 corporali.Voluntas
626 1276 710 1304 porro
724 1268 783 1295 sive
798 1267 907 1302 anima,
919 1275 985 1303 quas

159 1315 204 1339 est
218 1312 262 1340 vis
276 1311 526 1348 cononpiscibilis,
544 1312 627 1340 unita
645 1314 690 1339 est
712 1312 814 1346 menti,
827 1313 856 1339 et
870 1311 983 1347 corpori

159 1356 300 1384 humano.
317 1356 514 1384 Invalesoente
537 1356 628 1392 igitur
643 1356 825 1392 intelligendi
850 1356 888 1389 vi,
905 1358 984 1383 totus

160 1402 245 1428 homo
262 1400 387 1428 efﬁcitur
402 1400 617 1436 intellectualis,
629 1408 800 1436 quanquam
814 1400 983 1436 implicatus

160 1446 198 1473 sit
213 1445 382 1473 carnalibus
406 1445 662 1481 concupiscentiis,
680 1446 843 1473 secundum
868 1445 984 1480 conspi-

160 1498 244 1517 cnam
262 1490 477 1518 dissensionem
502 1492 531 1517 et
552 1497 682 1526 pugnam
699 1490 773 1525 ejus,
791 1498 854 1525 quae
878 1489 908 1517 in
932 1489 984 1517 ho-

161 1535 239 1561 mine
255 1537 310 1567 est,
327 1534 479 1562 rationalis
499 1534 543 1561 vis
567 1542 633 1561 cum
659 1534 832 1568 irrationali,
845 1542 902 1561 non
919 1535 984 1570 qui-

162 1579 226 1605 dem
243 1578 424 1611 dominante,
441 1578 492 1605 sed
508 1578 672 1606 dominium
695 1579 830 1614 patiente.
844 1579 984 1607 Caeterum

1043 288 1118 315 σικὸν
1141 288 1193 325 γὰρ
1218 287 1377 326 ἐνέσπαρται
1401 287 1485 325 ταύτῃ
1508 287 1610 324 κίνημα
1633 287 1796 322 παθητικὸν,
1812 287 1868 323 μεθ’

1044 331 1074 359 οὗ
1099 332 1163 369 σὰρξ
1189 331 1362 368 ὀνομάζεται,
1392 331 1430 362 ὡς
1460 330 1485 359 ἐν
1513 333 1548 368 τῇ
1571 332 1639 369 πρὸς
1658 330 1811 368 Ῥωμαίους
1828 330 1866 359 ἔτι

1042 376 1202 415 σαφέστερον
1224 377 1390 414 ἡρμήνευσε,
1415 376 1446 403 τὸ
1474 375 1500 403 ἐν
1532 377 1566 413 τῇ
1593 376 1670 412 σαρκῖ
1700 374 1867 414 διασαφήσας

1043 421 1157 457 κίνημα,
1191 420 1396 458 διαμαχόμενον
1429 421 1497 458 πρὸς
1526 423 1587 448 νοῦν
1617 420 1661 448 καὶ
1690 420 1866 458 ἀντιπάσχον,

1043 465 1081 496 ὡς
1105 465 1135 492 οὐ
1159 465 1254 492 ταύτὸν
1280 464 1382 501 δήπου,
1402 463 1465 493 ἀλλ’
1478 463 1569 502 ἕτερον
1584 464 1613 492 ὅν
1628 467 1667 501 τῷ
1681 466 1730 501 νῷ’
1747 477 1761 490 ί(
1779 465 1866 500 Συνήο

1044 509 1126 546 δομαι
1150 509 1212 547 γὰρ,
1235 521 1248 536 ι)
1273 510 1349 548 φησὶ,
1374 521 1389 534 «
1414 511 1453 546 τῷ
1475 509 1554 546 νόμῳ
1577 511 1624 537 τοῦ
1646 508 1724 546 Θεοῦ,
1739 508 1807 537 κατὰ
1820 509 1866 536 τὸν

1043 552 1095 581 ἔσω
1120 553 1270 592 ἄνθρωπον·
1304 553 1398 592 βλέπω
1428 552 1456 581 δὲ
1478 552 1568 592 ἕτερον
1590 553 1672 591 νόμον
1698 553 1723 581 ἐν
1743 556 1802 585 τοῖς
1820 554 1867 590 μὲ-

1044 597 1103 626 λεσί
1127 609 1190 634 μου,
1215 598 1484 635 ἀντιστρατευόμενον
1506 600 1546 634 τῷ
1569 598 1646 635 νόμῳ
1661 600 1710 625 τοῦ
1724 597 1786 629 νοός
1803 608 1866 634 μου,

1043 642 1088 670 καὶ
1112 641 1353 680 αἰχμαλωτίζοντά
1379 653 1421 679 με.
1448 654 1462 668 ι)
1483 644 1567 670 Τοῦτο
1585 641 1613 670 δὶ
1637 642 1669 670 τὸ
1690 641 1799 679 θέλημα
1821 641 1866 670 καὶ

1042 687 1134 725 ψυχὴν
1160 686 1238 718 ἲδίως
1263 686 1277 715 ὁ
1302 686 1410 718 Παῦλος
1435 686 1570 724 ὖχάλεσεν,
1594 686 1717 725 χωρίσας
1741 686 1795 714 ἀπὸ
1818 688 1867 714 τοῦ

1041 731 1206 768 πνεύματος,
1230 731 1275 759 ὅτε
1298 741 1390 770 φησιν·
1421 744 1435 757 (ι
1460 734 1487 758 '0
1511 731 1576 762 Θεὸς
1599 732 1694 769 ἁγιάσῃ
1716 731 1786 767 ὑμᾶς
1801 730 1866 758 ὁλο-

1041 775 1141 809 τελεῖς,
1157 777 1201 803 καὶ
1217 775 1375 813 ὁλόκληρον
1390 776 1467 812 ὑμῶν
1484 775 1514 803 τὸ
1529 778 1647 812 πνεῦμα,
1663 775 1707 803 καὶ
1733 777 1750 810 ἡ
1776 775 1865 813 ψυχὴ,

1041 820 1086 848 καὶ
1101 820 1127 848 τῖ
1141 821 1172 848 τὸ
1188 823 1267 857 σῶμα
1291 820 1443 857 ἀμέμπτως
1459 820 1485 847 tv
1501 822 1535 858 τῇ
1550 820 1685 858 παρουσίᾳ
1698 822 1747 848 τοῦ
1765 819 1865 858 Κυρίου

1041 866 1122 901 ἡμῶν
1136 866 1195 902 (26)
1211 864 1300 900 Ἰησοῦ
1316 866 1433 903 Χριστοῦ
1450 864 1596 902 τηρηθείη·
1615 877 1630 891 »
1645 864 1671 892 tv
1684 864 1713 892 δὶ
1728 863 1819 900 τούτῳ
1833 864 1864 892 τὸ

1041 912 1157 946 πνεῦμα,
1172 909 1217 937 καὶ
1232 909 1336 946 ψυχήν,
1352 909 1396 936 καὶ
1412 911 1502 946 σῶμα,
1517 909 1563 937 τὸν
1578 907 1696 943 ὁλοτελῆ
1721 906 1863 946 ἄνθρωπον

1041 953 1218 991 ἐρμηνιύσας,
1242 953 1286 980 καὶ
1313 953 1493 990 ὑπευξάμενος
1516 953 1596 981 αὐτὸν
1618 953 1790 991 ἀγιασθῆναί,
1819 952 1864 981 καὶ

1040 998 1191 1035 ἀμέμπτως
1219 999 1383 1035 τηρηθῆναι.
1414 1000 1525 1034 Πνεῦμα
1552 998 1599 1034 μὶν
1631 996 1676 1025 οὖν
1715 996 1798 1033 ἔδειξε
1832 998 1864 1025 τὸ

1041 1044 1230 1081 ἆγιαζόμενον,
1261 1042 1327 1081 ὅπερ
1351 1042 1421 1070 ἐστὶν
1447 1043 1462 1070 ὸ
1488 1044 1551 1074 νοῦς
1580 1042 1594 1069 ό
1622 1043 1800 1079 ἀνθρώπινος·
1817 1043 1866 1078 ψυ-

1040 1088 1095 1125 χὴν
1120 1086 1148 1115 δὲ
1174 1088 1241 1124 μετὰ
1263 1090 1343 1115 τοῦτο
1364 1088 1396 1115 τὸ
1418 1086 1625 1124 ὶπιθυμητικὸν,
1640 1088 1685 1114 καὶ
1701 1089 1781 1122 σῶμα
1796 1090 1863 1121 σχῆ-

1039 1142 1083 1163 νος
1105 1133 1137 1160 τὸ
1160 1133 1267 1169 γήϊνον·
1292 1131 1360 1159 ὥστε
1383 1132 1452 1160 κατὰ
1471 1132 1572 1167 ταύτην
1587 1132 1637 1166 τὴν
1652 1130 1780 1169 διαίρεσιν
1801 1130 1863 1168 τρία

1039 1176 1105 1204 εἶναι
1120 1177 1165 1204 τὸν
1183 1175 1323 1215 ἄνθρωπον
1337 1176 1384 1204 τὸν
1400 1180 1517 1214 γηγενῆ·
1532 1177 1563 1203 τὸ
1578 1175 1716 1214 νοερὸν,τό
1727 1175 1862 1211 ἐπιθυμη-

1037 1221 1123 1255 τικὸν,
1148 1222 1179 1249 τὸ
1201 1220 1365 1258 σωματικόν.
1391 1222 1478 1249 Τοῦτο
1577 1220 1610 1248 τὸ
1634 1219 1753 1257 θέλημα,
1768 1219 1831 1254 ἤτοι
1845 1220 1863 1254 ὴ

1038 1266 1161 1303 ψυχη,τὸ
1172 1264 1483 1302 ἑπιθυμητικὸν,ἤνωται
1499 1267 1538 1301 τῷ
1554 1267 1593 1301 νῷ
1604 1267 1644 1301 τῷ
1658 1266 1708 1292 τοῦ
1719 1264 1863 1302 ἀνθρώπου

1037 1310 1083 1337 καὶ
1106 1313 1146 1346 τῷ
1169 1311 1286 1346 σώματι.
1312 1310 1537 1347 Ἐπικρατοῦντος
1563 1309 1609 1336 οὗν
1633 1310 1683 1336 τοῦ
1706 1310 1810 1346 νοιροῦ,
1831 1308 1863 1335 τὸ

1038 1353 1102 1382 ὅλον
1128 1353 1183 1381 ἐστὶ
1205 1354 1296 1391 νοιρὸς
1319 1352 1474 1391 ἄνθρωπος’
1495 1352 1616 1391 καίτοιγε
1641 1352 1863 1390 συμπεπληγμι-

1037 1409 1082 1426 νον
1106 1398 1178 1436 ἔχων
1203 1397 1228 1426 ἰν
1250 1400 1309 1428 ταῖς
1335 1400 1477 1435 σαρκικαῖς
1501 1397 1670 1434 ἐπιθυμίαις,
1708 1396 1777 1425 κατᾶ
1809 1398 1861 1431 τὴν

1038 1441 1178 1480 πρόδηλον
1193 1441 1322 1481 διαφορὰν
1338 1442 1382 1469 καὶ
1403 1442 1496 1480 μάχην
1512 1440 1627 1479 λογικοῦ
1642 1451 1671 1468 τε
1685 1441 1730 1468 καὶ
1745 1440 1861 1478 ἀλόγου,

1037 1490 1088 1515 τοῦ
1112 1487 1137 1515 ἐν
1162 1489 1201 1523 τῷ
1221 1487 1368 1525 ἀνθρώπῳ,
1392 1485 1455 1513 ἀλλ’
1477 1486 1526 1513 οὐκ
1550 1485 1771 1524 ἄπικρατοῦντος,
1788 1484 1862 1512 ἀλλὰ

1039 1531 1279 1568 ἱπικρατουμὲνου.
1313 1531 1491 1568 Ἠγεμονικὸν
1525 1529 1553 1557 δὲ
1582 1529 1700 1568 λῦγεται,
1730 1530 1821 1560 καθὼς
1851 1530 1864 1557 5

1037 1579 1099 1607 νοῦς
1123 1578 1229 1614 ἡγεῖται
1254 1578 1302 1603 τοῦ
1327 1577 1443 1610 ζωτικοῦ
1468 1575 1608 1611 σώματος.
1630 1575 1791 1612 Ἀνθρωπος
1817 1572 1862 1601 οὖν

160 1622 330 1658 principalis
343 1623 393 1651 22
409 1622 516 1650 dicitur
530 1630 623 1657 mens,
635 1625 781 1658 quatenus
792 1622 928 1658 princeps
940 1625 986 1650 est

1041 1622 1098 1648 καθ’
1113 1620 1258 1658 ἡγεμονίαν
1271 1622 1319 1647 νοῦ
1335 1620 1390 1656 (28)
1408 1618 1522 1656 μετέσχε
1532 1618 1671 1654 θεότητος,
1687 1618 1779 1656 νοερὸν
1795 1620 1862 1653 ζῶον

160 1669 188 1694 et
203 1668 262 1694 dux
276 1667 406 1702 corporis
427 1666 576 1694 animalis.
594 1667 685 1694 Homo
705 1666 804 1703 igitur,
821 1667 984 1695 secundum

158 1711 356 1747 principatum
372 1711 490 1746 mentis,
503 1710 649 1747 particeps
665 1714 710 1739 est
724 1710 851 1745 deitatis,
863 1718 931 1738 cum
947 1711 986 1739 sit

159 1755 267 1782 animal
283 1754 498 1789 intellectuale;
513 1754 639 1790 ideoque
653 1755 724 1783 dicit
739 1764 771 1783 :«
787 1754 842 1788 Qui
856 1754 986 1784 adhaeret

159 1800 292 1833 Domino,
309 1807 386 1827 unus
401 1798 524 1835 spiritus
538 1801 583 1827 est
592 1799 625 1826 “.
638 1809 653 1824 ››

1040 1665 1076 1693 ὥν
1089 1676 1096 1682 ·
1113 1664 1158 1692 διὰ
1176 1666 1257 1692 τοῦτο
1282 1663 1364 1702 λέγει·
1380 1676 1394 1690 ι‹
1419 1664 1448 1690 ’0
1471 1662 1650 1700 κολλώμενος
1672 1665 1711 1699 τῷ
1729 1663 1820 1701 Κυρίῳ
1834 1661 1861 1690 ῖίν

1038 1709 1144 1746 πνεῦμά
1159 1709 1240 1737 ἐστιν.

193 1876 215 1892 9‘
230 1875 313 1902 Rom.
331 1883 382 1910 vn,
398 1875 494 1902 22-23.
533 1875 555 1893 ³⁵
569 1875 581 1903 Ι
596 1874 699 1903 Thess.
715 1882 742 1911 ν,
757 1874 803 1902 23.
841 1875 863 1892 ⁹⁶
879 1874 890 1902 Ι
904 1874 967 1903 Cor.
984 1883 1025 1911 v1,
1042 1875 1086 1903 17.

192 1952 247 1988 (26)
267 1952 298 1979 In
316 1953 420 1988 verbo,
435 1952 537 1988 χήμῶν,
560 1951 659 1979 deﬁcit
682 1951 773 1979 codex
796 1951 979 1979 Basiliensis.

157 1985 374 2024 Moa,:Anglic.,
390 1985 418 2014 ιν
433 1985 713 2024 δὶτοὺτοιςνξπνεῦμα,
729 1989 784 2015 etc.

12 2023 249 2059 κίε-(221)
262 2023 358 2057 Τοῦτο,
376 2024 458 2052 deest
472 2023 503 2051 in
516 2023 631 2059 Anglic.

1072 1950 1128 1986 (28)
1144 1950 1211 1983 Vox,
1225 1951 1285 1980 νοῦ.
1301 1949 1425 1978 habetur
1445 1950 1475 1977 in
1500 1950 1675 1986 Anglicano,
1686 1951 1713 1978 et
1736 1949 1773 1986 in,
1790 1949 1862 1977 edit.

1036 1985 1129 2050 faris.
1154 1987 1185 2014 1n
1210 1986 1330 2022 reliquis
1353 1988 1382 2014 et
1406 1987 1436 2014 in
1461 1986 1530 2013 edit.
1547 1985 1689 2014 Commel.
1713 1985 1862 2014 desidera-

1050 2031 1094 2050 ur.

8 2113 19 2151 Ι
602 2168 640 2197 ΙΝ
663 2167 885 2198 EPISTOLAM
908 2167 1160 2198 GATHOLICAM
1183 2166 1416 2198 ADMONITIO.

191 2248 203 2261 ι(
220 2235 285 2263 Haec
301 2234 433 2270 Epistola
447 2242 504 2261 non
527 2232 653 2261 habetur
676 2232 706 2260 in
732 2233 863 2269 antiquis
878 2233 1030 2262 Athanasii
1045 2232 1173 2268 Operum
1189 2232 1422 2265 collectionibus,
1438 2231 1678 2268 ambigimusque
1704 2240 1742 2259 an
1766 2232 1805 2260 sit
1828 2239 1862 2260 ea

154 2287 327 2316 germanum
343 2277 495 2306 Athanasii
511 2285 604 2313 opus;
621 2276 763 2304 nonnulla
779 2277 886 2313 quippe
901 2280 972 2305 sunt
995 2277 1042 2305 hic
1068 2277 1206 2313 loquendi
1222 2286 1329 2312 genere
1343 2281 1372 2304 in
1390 2277 1465 2304 veris
1480 2276 1631 2305 Athanasii
1649 2276 1786 2312 operibus
1803 2284 1860 2304 non

153 2325 274 2358 usitata,
289 2330 458 2359 quanquam
475 2321 636 2350 sexcenties
651 2329 716 2349 sese
730 2318 773 2348 illi
789 2321 929 2349 obtulerit
944 2329 978 2349 ea

1041 2321 1154 2357 Irpandi
1170 2321 1294 2354 occasio,
1310 2329 1337 2348 ν.
1354 2328 1382 2356 g.
1399 2317 1539 2355 σύμϐολον
1554 2322 1604 2354 τῆς
1624 2319 1750 2353 πίστεως,
1768 2319 1862 2354 stylus

152 2371 220 2397 item
235 2368 386 2398 remissior
398 2376 487 2404 quam
498 2366 727 2395 Athanasianus.
740 2367 771 2394 In
787 2366 872 2395 titulo
887 2367 972 2395 etiam
988 2366 1120 2401 quaedam
1137 2364 1409 2396 oocurruntvooetac
1420 2365 1504 2400 signa
1516 2373 1523 2392 τ
1535 2373 1600 2397 vox,
1614 2364 1640 2391 ot
1656 2363 1859 2398 συνιπίσκοποι,

153 2423 302 2450 nusquam
323 2414 358 2442 ab
374 2413 534 2441 Athanasio
552 2415 702 2448 usurpata,
718 2412 792 2440 solet
813 2412 919 2448 quippe
935 2412 1044 2447 ubique
1067 2411 1117 2439 ille
1140 2411 1329 2446 coepiscopos
1350 2417 1453 2438 vocare
1477 2407 1719 2446 συλλειτουργαύς.
1735 2408 1861 2438 Nomina

151 2461 221 2487 item
239 2459 388 2495 regionum
406 2457 552 2493 pauciora,
570 2465 658 2493 quam
674 2465 739 2492 quae
753 2456 887 2492 Epistolas
903 2455 1056 2484 Catholica:
1072 2464 1136 2491 quae
1151 2455 1297 2491 encyclios
1310 2456 1364 2487 est,
1380 2454 1470 2481 inseri
1489 2453 1611 2482 soleant.
1627 2453 1771 2481 Prmtersa
1785 2453 1861 2482 solet

151 2503 330 2532 Athanasius
346 2503 443 2531 fusius
458 2505 487 2530 et
501 2502 645 2537 liquidius
667 2509 713 2529 res
739 2503 837 2537 gestas
859 2500 889 2528 in
913 2500 1047 2537 epistolis
1062 2500 1125 2528 suis
1140 2507 1286 2535 enarrare,
1303 2507 1391 2535 quam
1413 2498 1462 2527 hic
1483 2498 1658 2526 habeantur.
1674 2499 1859 2535 Quapropter

151 2550 228 2577 inter
243 2547 333 2576 dubia
348 2554 436 2583 opera
451 2554 516 2575 eam
530 2545 666 2582 ablegare
680 2545 776 2573 visum
792 2547 846 2573 est.
