4100 6224
318 420 396 483 83
1515 416 1580 476 S.
1628 411 2155 477 ATHANASIUS.
2184 445 2261 456 —
2291 414 2555 476 DUBlA.
3666 414 3745 474 84

322 553 630 609 simulant.
663 551 769 615 Qui
802 550 851 605 si
881 566 992 605 non
1026 552 1222 605 essent
1250 548 1322 603 iis
1352 548 1655 603 affectibus
1694 562 1982 619 praeoccu-

2110 542 2427 612 ἀπατηλοῖς·
2482 546 2570 599 καὶ
2629 543 2934 599 ἐπισκόπων
2987 543 3223 616 πλῆθος,
3274 545 3339 598 τὰ
3374 545 3467 616 μὲν
3503 541 3592 598 διὰ
3624 541 3745 606 δέος

325 642 469 713 pati,
501 642 805 695 veritatem
846 655 988 693 sane
1020 638 1221 709 paucis
1254 637 1411 693 hisce
1440 637 1629 693 verbis
1658 636 1979 707 expositam

2110 637 2198 685 τῶν
2252 632 2303 686 ἐν
2355 632 2577 688 πόλεσιν
2632 634 3056 711 ἐπιφανεστὲρων
3105 637 3239 705 (36),
3285 634 3353 687 τὰ
3395 632 3453 688 δὲ
3494 631 3565 688 δι’
3597 634 3744 688 ἀντι-

330 732 716 801 agnoscerent
741 745 753 782 :
776 726 1179 793 scilicet,Deus
1212 732 1268 781 et
1298 726 1393 781 Dei
1430 726 1611 781 Filius
1644 743 1756 780 non
1795 730 1985 796 potest

2110 720 2311 791 τοίησιν
2346 719 2524 792 δόξης·
2558 720 2646 776 καί
2690 722 2721 776 ἃ
2773 722 2866 794 μὶν
2919 725 3225 799 φρονοῦσιν,
3274 721 3739 796 ἀποκρύπτουσιν,

333 834 462 873 esse
494 834 585 872 res
617 834 650 871 a
680 817 794 872 Deo
828 817 995 881 facta,
1050 832 1152 870 nec
1209 815 1456 886 Spiritus
1514 820 1752 869 sanctus
1810 814 1985 869 rebus

336 908 503 962 factis
534 911 978 960 annumeratur.
998 904 1119 970 Dei,
1142 920 1255 959 non
1286 921 1419 958 vero
1450 909 1745 970 creaturae,
1768 903 1983 956 adven-

2096 809 2127 863 ἃ
2175 806 2231 863 δὲ
2281 812 2355 882 μὴ
2403 816 2688 887 φρονοῦσιν
2736 811 3132 885 ὑποκρίνονται.
3191 812 3298 881 Ὡς,
3344 810 3396 865 εἷ’
3418 833 3477 886 γε
3511 813 3587 882 μὴ
3620 812 3745 864 τού-

2093 920 2211 960 τοις
2260 905 2375 960 τοῖς
2424 902 2610 953 πάθεσι
2660 899 3167 975 προκατεσχημὲνοι
3237 899 3362 965 εἶσὶ,
3420 899 3508 953 καὶ
3574 900 3736 972 μόνον

335 1000 462 1049 tum
497 995 865 1049 admittimus
900 1012 912 1048 :
948 1010 1134 1064 neque
1166 993 1224 1047 in
1255 992 1404 1047 servi
1438 993 1748 1047 adventum
1800 990 1983 1045 credi-

338 1100 493 1150 mus,
525 1084 824 1154 divinique
855 1082 1109 1153 Spiritus
1142 1081 1386 1152 gratiam
1435 1081 1805 1137 admittimus
1840 1098 1852 1133 :
1888 1096 1989 1151 per

339 1190 513 1243 quem
546 1177 601 1227 et
632 1172 711 1226 dii
743 1170 1048 1240 efﬁcimur,
1065 1176 1120 1225 et
1152 1170 1251 1225 Dei
1283 1170 1502 1242 templa
1532 1169 1987 1225 reddimurJlaac

340 1263 495 1317 enim
559 1261 761 1333 paucis
820 1260 950 1314 licet
1017 1259 1333 1321 declarata,
1389 1259 1719 1314 Christiano
1777 1259 1989 1328 cuique

341 1356 541 1422 aperta
562 1355 859 1417 sunt,cum
880 1354 1207 1404 accuratam
1232 1350 1303 1403 ab
1318 1348 1600 1419 initioque
1617 1347 1986 1418 praedicatam

340 1440 641 1494 veritatem
674 1444 1039 1493 conservent:
1059 1438 1115 1491 in
1141 1455 1255 1509 qua
1277 1438 1325 1492 si
1348 1442 1988 1501 maneamus,zeternam

342 1533 749 1600 exspectamus
780 1544 963 1598 spem.
1000 1527 1157 1581 Fidei
1189 1526 1385 1599 itaque
1410 1531 1619 1581 nostrae
1650 1524 1989 1595 Symbolum

345 1618 997 1673 est:Consubstantialis
1020 1617 1504 1682 Trinitatis,Deus
1529 1632 1699 1670 verus
1721 1631 1787 1670 ex
1812 1614 1994 1669 Maria

346 1706 535 1762 factus
556 1714 725 1760 homo
753 1724 765 1761 :
791 1706 886 1777 qui
912 1705 1004 1760 his
1027 1722 1140 1760 non
1163 1705 1534 1775 astipulatur,
1563 1704 1876 1759 anathema
1896 1704 1993 1758 sit.

349 1799 481 1850 Haec
501 1796 655 1850 enim
679 1795 910 1866 praefert
932 1795 1172 1849 Nicaana:
1198 1794 1401 1863 synodi
1434 1793 1780 1865 rescriptum
1810 1809 1821 1846 :
1847 1793 1993 1847 Con-

352 1882 797 1939 substantialem
813 1899 940 1937 esse
956 1883 1107 1937 Patri
1123 1882 1715 1954 Filium,etSpiritum
1730 1886 1993 1936 sanctum
2027 1903 2073 1968 Β

354 1973 507 2027 Patri
535 1977 593 2027 et
613 1971 756 2026 Filio
779 1971 1415 2043 congloriﬁcari.Deum
1438 1988 1636 2026 verum
1662 1969 1870 2025 Filium
1897 1969 1996 2024 Dei

357 2062 749 2128 incarnatum,
773 2066 830 2115 et
856 2077 1095 2132 passum
1126 2077 1275 2127 esse,
1300 2059 1704 2129 resurrexisse,
1732 2060 1791 2112 in
1824 2058 1997 2113 caelos

359 2149 1030 2214 ascendisse,venturum
1061 2165 1191 2204 esse
1205 2149 1464 2219 judicem
1485 2149 1748 2203 vivorum
1772 2152 1827 2203 et
1851 2164 1998 2203 mor-

358 2243 594 2294 tuorum
632 2253 646 2292 :
680 2239 769 2293 cui
804 2237 989 2309 gloria
1018 2238 1076 2292 in
1111 2237 1322 2293 secula
1351 2238 1719 2293 smeulorum.
1750 2239 1951 2293 Amen.

2099 987 2370 1062 ῥηθεῖσαν,
2420 990 2517 1055 τήν
2578 988 2833 1057 ἀλήθειαν
2891 986 3106 1061 ὀλίγοις
3166 987 3419 1061 ῥήμασιν,
3482 987 3740 1063 ἐπιγινώ-

2098 1098 2334 1144 σκουσιν,
2390 1078 2474 1130 ⁴’ὁτι
2524 1078 2662 1149 μήτε
2703 1076 2919 1148 ποίημα
2968 1081 3100 1131 Θεοῦ
3149 1076 3278 1137 Θεὸς
3326 1076 3416 1129 καὶ
3457 1078 3575 1137 ι’ίὸς
3610 1073 3744 1131 Θεοῦ

2099 1164 2227 1219 εἶναι
2280 1162 2520 1231 δύναται,
2568 1167 2704 1237 μήτε
2750 1166 2810 1218 τὸ
2863 1166 3078 1235 [Ινεῦμα
3122 1166 3184 1217 τὸ
3236 1165 3388 1237 ἅγιον
3442 1168 3745 1236 ποιήμασιν

2100 1254 2585 1329 ἀγκαταριθμεῖται.
2630 1254 2762 1308 Θεοῦ
2800 1275 2857 1308 τε
2889 1253 3194 1330 ἐπιφάνειαν
3230 1250 3619 1325 ὑπεδεξάμεθα,
3652 1253 3741 1308 καὶ

2100 1343 2227 1417 οὐχὶ
2281 1346 2389 1416 (37)
2439 1343 2732 1414 κτίσματος
2764 1340 3077 1414 ἐπιδημίαν·
3113 1340 3237 1396 οὐδὲ
3269 1343 3344 1403 εἷς
3377 1340 3579 1397 δούλου
3610 1364 3747 1417 παρ-

2100 1430 2281 1485 ουσίαν
2348 1433 2793 1502 πεπιστεύκαμεν,
2859 1433 2947 1485 καὶ
3010 1435 3191 1494 θεῖκοῦ
3252 1431 3561 1503 Πνεόματος
3623 1433 3746 1486 ὑπε-

2103 1517 2385 1592 δεξάμεθα,
2440 1518 2508 1573 δι’
2566 1518 2627 1573 οὗ
2670 1520 2757 1573 καὶ
2820 1520 3235 1591 θεοποιοόμεθα,
3294 1520 3382 1573 καὶ
3436 1524 3571 1575 Θεοῦ
3627 1521 3745 1575 ναοὶ

2101 1611 2482 1681 καθιστάμεθα.
2535 1613 2713 1666 Ταῦτα
2769 1609 2871 1683 γὰρ
2926 1612 3015 1663 καὶ
3076 1609 3217 1663 οὕτω
3281 1608 3531 1684 βραχέως
3587 1606 3746 1685 λεγό-

2109 1719 2257 1771 μενα,
2312 1700 2470 1752 παντὶ
2537 1700 2839 1772 Χριστιανῷ
2890 1694 3191 1766 κατάδηλα,
3250 1698 3325 1759 ὡς
3381 1700 3479 1766 τήν
3547 1695 3745 1774 ἀκριϐῆ

2106 1790 2218 1860 (38)
2263 1787 2313 1855 ἐξ
2364 1788 2541 1861 ἀρχῆς
2584 1792 2947 1861 κηρυχθεῖσαν
2997 1786 3252 1855 ἀλήθειαν
3315 1788 3603 1855 σώζουσιν,
3670 1787 3751 1865 ἐφ’

2104 1876 2140 1951 ᾗ
2170 1875 2494 1949 ἐμμένοντες
2527 1876 2621 1937 τὰς
2655 1875 2903 1936 αἰωνίους
2934 1872 3156 1935 ἐλπίδας
3206 1872 3562 1950 ὶκδεχόμεθα.
3600 1876 3749 1949 Σύμ-

2107 1960 2271 2019 ϐολον
2307 1965 2397 2018 οὗν
2430 1972 2528 2033 τῆς
2561 1963 2789 2025 πίστεως
2823 1967 2981 2035 ἡμῶν
3016 1963 3307 2035 ὁμοούσιος
3340 1967 3373 2031 ἡ
3406 1965 3590 2035 Τριὰς,
3624 1966 3751 2027 Θεὸς

2106 2058 2221 2128 (39)
2280 2054 2559 2123 ἀληθινὸς,
2621 2052 2679 2107 lx
2722 2057 2931 2126 Μαρίας
2976 2052 3263 2127 γενόμενος
3321 2052 3628 2127 ἄνθρωπος.
3694 2056 3753 2112 '0

2109 2144 2167 2199 δὲ
2199 2145 2274 2217 μὴ
2322 2142 2690 2215 συντιθέμενος
2740 2141 2976 2213 ἀνάθεμα
3026 2140 3183 2196 ἔστω.
3234 2143 3414 2198 Ταῦτα
3441 2142 3543 2216 γὰρ
3575 2142 3757 2198 καὶτὸ

2107 2241 2207 2305 τῆς
2270 2230 2514 2305 μεγάλης
2566 2227 2792 2285 συνόδου
2835 2232 2934 2299 τῆς
2985 2229 3035 2284 ἰν
3070 2229 3262 2300 Νικαίᾳ
3291 2230 3523 2304 γράμμα
3554 2229 3758 2305 βούλε-

353 2346 460 2379 ται·
494 2324 811 2397 Ὀμοούσιον
845 2325 976 2378 εἶναι
1116 2324 1282 2398 Πατρὶ
1314 2325 1403 2377 τὸν
1437 2324 1577 2378 Υἱόν·
1612 2324 1702 2378 καὶ
1733 2324 1795 2377 τὸ
1826 2328 2065 2396 Πνεῦμα,
2091 2328 2171 2394 τῷ
2204 2321 2390 2396 Πατρὶ.
2423 2319 2512 2373 καὶ
2542 2324 2621 2390 τῷ
2674 2320 2783 2373 Υἱῶ
2822 2316 3249 2388 συνδοξάζεσθαι·
3304 2320 3433 2373 Θεὸν
3493 2316 3749 2389 ἀληθινὸν

350 2414 442 2468 τὸν
476 2414 595 2468 Υἱὸν
629 2417 725 2467 τοῦ
756 2418 891 2467 Θεοῦ
924 2414 1306 2488 σεσαρκῶσθαι,
1338 2414 1673 2485 πεπονθέναι,
1732 2412 2042 2483 ἀναστῆναι,
2087 2412 2161 2474 εἷς
2212 2409 2472 2487 οὐρανοὺς
2518 2406 2927 2478 ἀνεληλυθέναι,
2976 2406 3121 2477 ἥξειν
3172 2408 3363 2479 κριτὴν
3418 2408 3635 2475 ζώντων
3664 2408 3753 2463 καὶ

349 2507 572 2579 νεκρῶνο
610 2501 655 2575 ᾧ
685 2504 719 2571 ἡ
754 2500 879 2571 δόξα
906 2501 981 2563 εἷς
1011 2501 1137 2556 τοὺς
1170 2501 1364 2564 αἰῶνας
1394 2506 1500 2556 τῶν
1530 2502 1743 2556 αἰώνων
1775 2505 1905 2573 (40).
1940 2505 1997 2555 Ἀ
2011 2503 2141 2574 μήν.

422 2674 535 2755 (3ς5)
565 2672 659 2729 Sic
688 2672 863 2755 pasil.
890 2676 950 2755 ἓ,
984 2673 1218 2755 rectius.
1253 2673 1453 2728 Ceteri
1504 2677 1561 2728 et
1590 2672 1769 2755 'editi,
1801 2672 1999 2755 ἐπιφα-

348 2742 637 2815 νεστὲραις.
684 2746 840 2818 Infra
890 2745 1065 2799 Basil.
1102 2747 1152 2811 1,
1186 2742 1709 2818 προκατισχημὲνοι.
1742 2742 1998 2817 Anglia,

351 2814 710 2890 «penetral-rx?)
723 2814 896 2890 μένοι.

419 2888 532 2959 (37)
571 2882 864 2969 ῌάἔοζ,’“γαὶ
911 2884 1064 2969 οὐχί,
1116 2903 1299 2969 usque
1351 2888 1443 2969 ad,
1481 2882 1857 2969 ’ὑπεδεξάμεθα
1896 2902 1996 2969 se-

352 2958 560 3030 quens,
593 2958 1089 3015 desiderantur'in
1121 2958 1313 3026 editis,
1348 2959 1447 3015 sed
1481 2958 1773 3014 habentur
1803 2959 1860 3014 in
1896 2959 1998 3014 Ba-

353 3029 576 3085 siliensi
610 3030 798 3085 nrimo
830 3035 890 3085 et
915 3029 1253 3085 Anglicano.

384 3046 576 3086 11181181
610 3047 798 3102 primo
830 3046 890 3085 et
915 3046 1253 3103 angncano.

2181 2673 2299 2744 (38)
2330 2670 2424 2744 Sic
2454 2671 2594 2724 edit.
2627 2669 2810 2744 Paris.
2842 2674 2896 2722 et
2920 2667 3099 2744 βοαί-1.
3122 2671 3175 2723 2.
3216 2670 3282 2744 In
3307 2668 3445 2744 edit.
3474 2666 3758 2744 Commel.

2112 2748 2168 2799 et
2186 2733 2254 2797 ‘in
2281 2733 2537 2813 reliquis
2582 2757 2756 2813 mea,
2787 2733 2983 2813 ἀκριϐῆ
3032 2742 3215 2795 deest.
3250 2739 3426 2795 Paulo
3459 2748 3608 2810 post,
3642 2741 3758 2793 An-

2109 2815 2267 2887 glic.,
2299 2811 2387 2866 καὶ
2418 2810 2511 2887 τᾲς
2544 2810 2817 2887 αἰωνίους.

2181 2886 2295 2954 (39)
2326 2884 2706 2957 Anglicanus,
2738 2883 2775 2957 ὁΔ
2798 2892 2947 2941 θεος.

2183 2950 2292 3029 (40)
2326 2950 2448 3011 Sic'
2477 2950 2812 3029 Basiliensis
2860 2953 3176 3009 secundus.
3210 2953 3273 3008 In
3321 2952 3546 3009 caeteris
3592 2954 3651 3006 et
3697 2950 3755 3005 in

2111 3025 2283 3084 editis
2308 3032 2413 3081 τῶν
2446 3025 2657 3079 αἰώνων
2691 3028 2872 3081 deest.

882 3378 1318 3440 ADMONI'l‘lO
1363 3378 1437 3438 ΙΝ
1484 3378 2097 3440 REFUTATIONEM
2143 3378 2608 3438 HYPOCRISIS
2653 3375 3009 3446 MELETII,
3056 3374 3228 3434 ETC.

422 3513 461 3568 ι.
504 3534 530 3565 ιι
566 3513 626 3568 In
658 3512 867 3567 Nannii
910 3512 1381 3583 interpretatione
1432 3512 1638 3568 titulus
1687 3515 1769 3567 sic
1818 3512 2013 3579 habet,
2047 3513 2320 3584 Refutatio
2367 3516 2556 3567 contra
2603 3510 2915 3583 hypocrisin
2962 3510 3185 3576 Meletii,
3220 3507 3440 3564 Eusebii
3486 3516 3540 3563 et
3594 3511 3766 3564 Pauli

352 3604 798 3664 Samosatensis;
830 3601 1096 3657 vitiatum
1130 3602 1342 3673 quippe
1374 3601 1632 3658 codicem
1666 3602 2046 3673 Anglicanam
2080 3608 2314 3657 secutus
2346 3600 2441 3655 ille
2472 3607 2595 3656 est:
2626 3601 2926 3665 nimirum,
2961 3599 3131 3670 lapsu
3163 3598 3471 3667 cujusdam
3504 3599 3754 3669 scripto-

360 3688 441 3744 ris
474 3690 661 3761 primo
692 3692 945 3761 positum
976 3696 1083 3756 est,
1116 3686 1204 3743 xa‘i
1236 3684 1510 3759 Εὖσέϐιον,
1543 3689 1630 3743 καὶ
1662 3689 1752 3743 τὸν
1788 3696 1989 3761 Σαμοσι

2110 3732 2123 3755 ,
2148 3695 2212 3745 ut
2242 3688 2452 3759 legitur
2482 3689 2538 3742 in
2572 3688 2976 3759 superioribus
3007 3686 3179 3741 editis
3205 3702 3217 3739 :
3243 3685 3378 3739 hinc
3410 3684 3561 3739 alius
3593 3703 3757 3740 ama-

354 3778 618 3844 nuensis,
644 3777 806 3834 illum
829 3783 1298 3835 Samosatensem
1326 3785 1486 3834 ratus
1509 3794 1637 3833 esse
1664 3778 1907 3833 Paulum
1926 3778 1989 3832 ba

2114 3777 2395 3841 iarcham,
2418 3782 2635 3832 temere
2658 3776 2921 3840 inseruit,
2944 3774 3031 3827 καὶ
3056 3770 3273 3828 ΙΙαῦλον
3295 3774 3384 3825 τὸν
3413 3772 3759 3844 Σαμοσατὲα,

354 3870 417 3921 ut
448 3866 697 3922 habetur
724 3868 781 3923 in
813 3867 1131 3940 Anglicano
1164 3868 1378 3923 codice.
1407 3870 1479 3922 At
1511 3866 1822 3938 legendum
1853 3884 1981 3922 esse

2110 3888 2115 3911 ν
2147 3863 2269 3938 περὶ
2322 3863 2578 3919 Ἀίελέτιον
2612 3862 2699 3917 καὶ
2734 3856 2985 3917 Εὗσὲὄιον
3015 3861 3104 3914 τὸν
3153 3860 3490 3931 Σαμοσατὲα,
3523 3878 3657 3916 cum
3691 3878 3763 3917 ex

356 3957 773 4027 manuscriptis
808 3958 924 4012 fere
955 3956 1252 4022 omnibus,
1276 3961 1401 4011 tum
1434 3973 1502 4011 ex
1533 3961 1687 4011 recta
1718 3955 1977 4011 historiae
2009 3956 2157 4012 serie
2190 3960 2436 4009 constat.
2461 3954 2630 4026 Carpi
2658 3954 2812 4008 enim
2845 3953 2953 4007 hoc
2982 3952 3107 4007 loco
3134 3949 3370 4016 Meletii,
3396 3950 3630 4005 Eusebii
3656 3953 3760 4004 8a-

268 4058 297 4065 “
352 4045 1513 4115 mosatensis,caeterorumqueAntiochiaa
1527 4050 1860 4101 coactorum
1882 4045 2285 4116 episcoporum
2307 4042 2614 4113 epistolam
2634 4043 2702 4097 ad
2721 4041 3029 4097 Jovianum
3050 4042 3464 4111 imperatorem
3483 4054 3638 4093 anno
3654 4039 3761 4093 363

350 4132 627 4203 scriptam
652 4132 793 4187 nulli
819 4133 1159 4205 ambiguum
1185 4133 1312 4199 erit,
1330 4150 1456 4189 eam
1476 4134 1782 4205 epistolam
1805 4135 1958 4205 apud
1983 4136 2276 4188 Socratem
2301 4131 2633 4203 inspicienti
2658 4147 2668 4185 :
2690 4130 2861 4199 cujus
2883 4134 3106 4200 partem
3132 4128 3225 4182 hic
3248 4141 3539 4198 apponere
3560 4125 3757 4180 visum

349 4224 438 4274 est
460 4237 471 4274 :
497 4224 603 4288 Τῆς
640 4218 785 4294 ἑγίας
814 4218 1039 4274 συνόδου
1059 4227 1157 4289 τῆς
1192 4219 1241 4273 ἰν
1264 4221 1457 4292 Νικαίᾳ
1482 4219 1650 4275 πάλαι
1680 4220 2142 4295 συγκροτηθείσης
2163 4220 2262 4288 τήν
2286 4218 2460 4272 πίστιν
2493 4218 2582 4272 καὶ
2607 4214 2991 4290 ἀποδεχόμεθα
3016 4215 3103 4269 καὶ
3129 4214 3453 4289 κατὲχομεν·
3476 4211 3641 4267 ὁπότε
3668 4214 3758 4267 καὶ

347 4308 410 4362 τὸ
441 4304 630 4362 δοκοῦν
665 4306 715 4363 ἰν
740 4308 875 4382 αὐτῇ
908 4309 1047 4379 ξένον
1079 4330 1215 4363 τισιν
1251 4305 1439 4383 ὄνομα,
1487 4311 1549 4363 τὸ
1596 4315 1692 4364 τοῦ
1740 4310 2032 4382 ὁμοουσίου
2082 4310 2279 4386 φαμὲν,
2312 4306 2587 4385 ἀσφαλοῦς
2635 4305 2905 4380 τετύχηκε
2952 4304 3094 4378 παρὰ
3122 4308 3238 4363 τοῖς
3282 4301 3542 4374 πατράσιν
3575 4300 3756 4376 ἰρμη-

350 4396 513 4467 νείας,
574 4397 970 4469 σημαινούσης,
1023 4396 1103 4452 ὅτι
1160 4398 1217 4452 ἐκ
1262 4406 1360 4467 τῆς
1394 4398 1574 4460 οὐσίας
1617 4403 1711 4453 τοῦ
1758 4400 1967 4474 ΙΙατρὸς
2001 4400 2027 4453 ὁ
2059 4399 2181 4461 Υἱὸς
2216 4397 2493 4473 ἐγεννήθη,
2524 4395 2612 4450 καὶ
2667 4394 2748 4449 ὅτι
2801 4394 2994 4465 ὅμοιος
3042 4393 3159 4445 κατ’
3210 4390 3388 4445 οὐσίαν
3438 4394 3517 4461 τῷ
3564 4388 3760 4474 Πατρί-

353 4481 474 4539 οῧτε
508 4482 564 4539 δὲ
590 4485 664 4547 ὡς
695 4488 895 4549 πάθους
925 4487 1073 4547 τινὸς
1120 4488 1241 4562 περὶ
1289 4490 1388 4556 τὴν
1445 4487 1679 4564 ἄρρητον
1728 4472 1971 4565 γέννησιν
2022 4472 2427 4559 ἐπινοουμένου,
2462 4483 2583 4540 οὕτε
2611 4486 2748 4538 κατά
2774 4504 2890 4537 τινα
2918 4489 3117 4558 χρῆσιν
3171 4478 3501 4549 Ἑλληνικὴν
3533 4472 3753 4550 λαμϐάο

348 4593 491 4627 νεται
520 4580 635 4636 τοῖς
680 4576 909 4650 πατράσι
957 4577 1018 4630 τὸ
1065 4570 1239 4649 ὄνομα
1285 4584 1384 4646 τῆς
1436 4576 1637 4649 οὐσίας,
1672 4578 1746 4638 εἷς
1776 4578 1989 4652 ἀνατροι

2118 4575 2174 4631 δὲ
2201 4581 2320 4643 τοῦ,
2351 4576 2436 4645 Ἐξ
2468 4575 2566 4628 οὐκ
2590 4569 2767 4634 ὄντος.
2800 4574 3014 4629 Sanctae
3059 4571 3254 4643 synodi
3299 4573 3505 4626 Nicaea
3556 4577 3753 4624 coactae

349 4663 507 4733 ﬁdem
557 4666 906 4721 admittimus
955 4669 1386 4738 retinemusque.
1423 4667 1483 4723 Si
1530 4668 1751 4739 quidem
1796 4684 1992 4723 nomen
2042 4664 2561 4722 consubstantialis
2592 4664 2671 4719 ibi
2719 4663 3046 4727 admissum,
3079 4659 3219 4731 quod
3266 4659 3506 4713 insolens
3552 4659 3752 4728 quibu-

347 4753 501 4807 sdam
532 4756 707 4809 visum
751 4759 849 4819 est.
883 4759 1040 4811 cauta
1090 4758 1541 4827 interpretatione
1569 4774 1602 4811 a
1633 4756 1890 4811 Patribus
1920 4761 1998 4811 est
2028 4755 2408 4827 explicatum;
2440 4756 2517 4809 ita
2545 4758 2605 4818 ut
2635 4753 2933 4824 signiﬁcet,
2966 4766 3035 4804 ea:
3065 4751 3248 4804 Patris
3295 4747 3611 4802 substantia
3657 4747 3755 4800 Fi-

353 4840 495 4896 lium
522 4859 633 4899 esse
659 4847 929 4915 genitum,
961 4861 1189 4917 eumque
1226 4848 1539 4901 substantia
1590 4848 1773 4901 Patris
1823 4862 1937 4900 esse
1980 4846 2224 4900 similem
2255 4862 2273 4899 :
2303 4860 2411 4897 non
2440 4844 2601 4913 quasi
2624 4844 2808 4914 passio
2838 4839 3103 4911 quadam
3151 4838 3211 4892 in
3252 4837 3608 4907 generatione
3637 4834 3751 4889 illa

348 4931 621 5002 ineffabili
650 4934 1015 5001 intelligatur,
1046 4950 1219 5005 neque
1266 4951 1368 4990 usu
1416 4938 1648 5007 quodam
1695 4934 1869 4989 (ἓνκεί
1895 4934 2163 4989 sermonis
2206 4934 2534 4989 substantiae
2579 4946 2778 4986 nomen
2807 4946 2840 4983 a
2870 4929 3129 4982 Patribus
3161 4928 3496 4989 usurpatur;
3543 4922 3636 4977 sed
3683 4921 3753 4976 ad

342 5020 744 5077 subversionem
778 5023 932 5077 illius
960 5023 1112 5087 dicti,
1146 5024 1223 5078 Ex
1254 5040 1367 5079 non
1402 5024 1788 5080 exstantibus.
1818 5046 1845 5074 ‹‹
1880 5023 2008 5078 Haec
2041 5023 2293 5077 maxime
2324 5022 2518 5086 verba,
2550 5018 2850 5076 Catholica
2879 5032 3041 5086 sane,
3075 5020 3141 5070 ut
3171 5031 3341 5070 nemo
3372 5016 3466 5068 eat
3495 5010 3749 5078 inficias,

343 5109 412 5163 ad
449 5116 787 5181 suspectum
820 5116 877 5165 et
909 5128 1146 5182 pravum
1181 5129 1421 5168 sensum
1465 5114 1809 5185 detorquere
1841 5112 2240 5183 nequidquam
2271 5114 2516 5165 conatur
2563 5108 2818 5180 scriptor
2846 5106 2975 5162 iste.
3006 5106 3139 5168 Quae
3170 5119 3311 5159 sane
3340 5116 3519 5157 causa
3550 5098 3660 5155 fuit
3692 5103 3755 5154 ut

343 5214 376 5253 a
405 5200 590 5255 doctis
629 5200 769 5255 viris
800 5200 1041 5257 Paulino
1075 5208 1196 5257 tum
1232 5202 1498 5257 Ecclesiae
1531 5203 1901 5258 Antiochente
1936 5206 2157 5273 partem
2191 5200 2518 5271 occupanti,
2542 5204 2642 5253 aut
2671 5197 2904 5253 cuidam
2937 5212 3001 5250 ex
3027 5192 3381 5263 sequacibus
3410 5191 3538 5259 ejus
3568 5190 3753 5244 ascri-

341 5288 531 5344 batur.
566 5290 724 5353 Quod
760 5292 874 5345 veri
910 5290 1051 5345 satis
1086 5291 1276 5347 simile
1308 5296 1417 5362 est,
1453 5310 1583 5347 cum
1618 5298 1838 5348 certum
1874 5291 2018 5346 alias
2063 5290 2139 5346 sit
2187 5290 2560 5346 Paulinianos
2594 5288 2720 5343 ideo
2752 5303 2784 5340 a
2814 5283 3025 5339 Meletii
3059 5281 3473 5338 communione
3516 5277 3751 5346 avulsos

341 5393 489 5443 esse,
524 5380 680 5450 quod
713 5381 840 5449 ejus
872 5386 1205 5452 suspectam
1238 5380 1521 5437 haberent
1552 5381 1747 5436 ﬁdem.

417 5466 484 5521 ll.
521 5490 547 5516 ‹‹
579 5468 860 5539 Quisquis
890 5475 1080 5524 tamen
1116 5474 1193 5523 sit
1221 5470 1398 5539 hujus
1428 5469 1693 5541 opusculi
1725 5473 1944 5534 auctor,
1978 5468 2207 5524 videtur
2248 5484 2366 5522 non
2398 5482 2527 5521 esse
2560 5462 2948 5528 Athanasius;
2981 5461 3274 5532 siquidem
3300 5458 3451 5513 hanc
3483 5456 3579 5512 ille
3612 5457 3747 5511 doc-

343 5555 557 5610 trinam
592 5558 795 5627 probat
838 5559 890 5610 in
925 5556 1071 5611 libro
1106 5560 1176 5612 De
1218 5558 1462 5629 synodis,
1498 5575 1658 5612 num.
1698 5558 1750 5611 41
1772 5598 1784 5622 ,
1818 5558 1914 5612 ubi
1948 5557 2101 5612 clare
2132 5557 2328 5610 innuit
2356 5571 2553 5610 vocem
2586 5548 2931 5623 ὁμοιοοόσιον
2960 5555 3160 5621 (quam
3207 5550 3516 5619 impugnat
3565 5544 3747 5615 hujus

178 5645 607 5717 *meculi
642 5646 845 5703 editorl
880 5646 1033 5717 piam
1066 5663 1212 5711 esse,
1249 5662 1352 5700 nec
1384 5651 1578 5701 tamen
1620 5648 1888 5702 sufﬁcere
1918 5648 1991 5702 ad
2024 5644 2237 5702 Christi
2287 5643 2723 5717 generationem
2773 5638 3221 5711 explanandam,
3256 5638 3613 5708 quapropter
3642 5632 3744 5686 ad-

338 5706 596 5799 ’.εἰδείη
642 5751 769 5791 esse
818 5751 1011 5791 vocem
1058 5731 1373 5806 ὀμοούσιον,
1407 5750 1532 5806 quis
1583 5752 1715 5792 cum
1764 5735 1823 5792 in
1867 5733 2114 5808 epistola
2161 5706 2394 5800 Meletii,
2428 5737 2562 5801 etc.,
2594 5732 2809 5787 diserte
2841 5728 3221 5799 exprimatur,
3254 5729 3409 5781 recte
3456 5721 3555 5779 illa
3605 5734 3741 5777 cum

534 5914 739 6105 Et
