2063 3109
191 197 227 228 91
768 198 803 228 S.
824 196 1091 228 ATHANASIUS.
1106 212 1147 220 —-
1159 197 1295 229 DUBIA.
1860 201 1900 231 92

193 272 259 292 nem
288 265 317 291 et
341 263 376 290 ab
406 262 548 298 apostolis
571 262 721 291 inductam
746 263 834 291 ﬁdem
857 262 1015 299 postulare,

1074 265 1126 296 τῆς
1149 265 1246 297 κοινῆς
1267 262 1312 290 καὶ
1334 262 1360 298 ἐξ
1390 261 1551 290 ἀποστόλων
1577 262 1749 301 είσαχθείσης
1772 264 1900 301 πίστεως,

192 308 349 336 scribimus
366 315 524 343 paucorum
536 315 600 335 esse
619 308 699 335 illam
716 307 817 335 sedulo
832 308 1013 343 disquirere:

192 353 279 380 ﬁdem
297 354 393 380 autem
406 353 540 388 retinere,
552 353 684 380 omnium
700 361 763 380 esse
774 361 875 380 eorum
891 352 941 388 qui
958 355 1014 379 Deo

193 397 388 432 obsequentes
404 397 536 432 sunt,qui
545 400 574 424 et
586 405 722 433 magnam
739 397 829 425 studii
839 396 885 424 sui
897 396 1013 424 laudem

192 442 331 469 referunt.
348 441 401 474 Qui
431 442 509 469 enim
540 450 603 477 quae
619 442 695 469 ultra
711 442 786 469 vires
802 450 872 469 suae
887 443 957 469 sunt
972 441 1015 468 in-

191 487 289 522 dagat,
302 486 330 513 in
347 485 475 521 periculo
485 488 616 513 versatur
633 495 639 514 :
656 486 705 522 qui
722 489 818 513 autem
835 486 952 513 traditis
967 485 1014 513 in-

191 530 290 565 haeret,
301 533 381 558 extra
397 531 556 566 periculum
572 533 624 558 est.
638 531 803 559 Suademus
818 531 908 567 igitur
921 530 1013 564 vobis,

191 576 267 611 quod
293 577 322 603 et
344 576 428 603 nobis
444 575 515 612 ipsis
532 576 702 609 suademus,
725 578 758 603 ut
772 576 910 603 traditam
927 575 1015 603 ﬁdem

191 620 323 655 servetis,
357 620 537 656 profanaque
572 628 653 647 nova
692 620 850 655 cujuslibet
877 619 1014 647 doctrinae

190 664 280 692 verba
303 664 486 698 aversemini,
517 672 678 700 omnesque
702 664 869 697 hortamini,
895 666 928 692 ut
941 663 1014 691 tanti

192 708 323 744 mysterii
337 708 556 744 inquisitionem
573 709 798 737 exhorrescant:
815 710 844 736 et
855 708 1014 736 conﬁtean-

190 756 248 787 tur,
267 757 332 780 tum
347 753 395 781 Dei
411 753 440 780 in
457 761 544 781 carne
560 753 837 786 manifestalionem,
851 753 1014 781 secundum

191 797 377 825 traditionem
395 797 600 833 apostolicam;
618 801 681 825 tum
693 798 835 833 justitiam
853 806 942 834 quam
957 797 1013 825 Do-

191 841 289 869 minus
304 841 408 869 habuit
423 842 453 869 in
479 841 601 877 Spiritu,
617 842 646 870 id
663 844 717 877 est,
733 850 790 869 non
806 842 937 869 humana
948 849 1013 869 mu-

189 886 309 920 tatione,
326 886 376 914 sed
393 886 494 914 divina
508 886 644 923 puritate.
662 886 848 922 Impossibile
874 886 951 914 enim
969 887 1014 914 est

190 930 349 958 humanam
378 932 523 964 naturam,
552 939 655 966 puram
678 933 707 958 et
722 931 785 958 sine
801 932 917 966 peccato
933 930 1015 958 exhi-

191 975 263 1010 beri,
281 975 337 1003 nisi
356 975 430 1003 Deus
446 975 476 1003 in
501 983 587 1003 carne
616 983 681 1003 esse
696 976 840 1010 credatur,
857 975 908 1010 qui
928 975 1014 1010 justi-

189 1020 259 1046 tiam
277 1019 386 1055 peccati
415 1021 561 1055 expertem
573 1020 601 1047 in
618 1020 761 1047 mundum
778 1020 936 1052 induxerit,
960 1027 1013 1047 cu-

186 1064 238 1098 jus
266 1063 423 1099 participes
453 1063 557 1098 effecti,
586 1064 717 1092 vivemus
744 1065 773 1091 et
803 1063 874 1092 salvi
894 1063 1013 1092 erimus.

190 1108 265 1135 Illud
276 1108 371 1136 enim:
390 1119 404 1133 α
418 1108 481 1136 Non
497 1110 542 1137 est
552 1109 653 1143 justus
668 1109 698 1136 in
714 1110 791 1136 terra
802 1108 852 1144 qui
864 1107 951 1135 faciat
961 1108 1013 1135 bo-

190 1160 261 1179 num
278 1155 307 1180 et
321 1161 379 1180 non
398 1154 497 1188 peccet
511 1153 533 1186 ‘,
552 1163 567 1177 ι)
584 1153 612 1180 in
642 1161 798 1180 commune
826 1152 862 1180 de
875 1152 1014 1180 omnibus

189 1196 361 1224 hominibus
389 1196 500 1224 dictum
517 1200 561 1224 est
578 1205 584 1224 :
606 1197 693 1231 unde,
712 1208 726 1222 «
743 1198 781 1224 De
809 1196 880 1224 caelo
895 1196 1012 1229 venit,»

190 1240 294 1275 inquit,
313 1251 326 1267 α
343 1242 419 1276 quod
448 1240 668 1269 immaculatam
694 1241 840 1276 justitiam
869 1248 904 1268 ex
918 1248 949 1268 se
965 1240 1016 1268 dat

189 1285 329 1312 Verbum.
348 1296 361 1309 η
387 1286 421 1313 Et
444 1285 555 1321 liquido
582 1286 652 1313 dicit
668 1294 674 1313 :
691 1297 705 1310 «
723 1286 812 1313 Nemo
838 1285 969 1313 ascendit
984 1285 1014 1312 in

191 1329 376 1361 coelum.nisi
403 1330 451 1365 qui
468 1330 620 1357 descendit
647 1330 682 1357 de
703 1330 774 1357 ccslo
805 1329 895 1357 Filius
919 1328 1013 1357 homi-

192 1374 247 1401 nis.
264 1374 285 1401 ⁵.
301 1385 315 1399 n
334 1374 367 1401 Et
382 1383 520 1402 rursum:
538 1386 551 1399 ι(
569 1374 597 1402 Si
614 1374 744 1401 videritis
761 1374 866 1401 Filium
884 1373 1014 1400 hominis

192 1418 397 1445 ascendentem
423 1418 472 1446 ubi
501 1421 564 1446 erat
588 1418 669 1454 prius
684 1419 705 1446 ⁸.
736 1429 750 1443 ››
767 1419 821 1446 Et:
840 1428 854 1443 «
875 1418 931 1454 Ego
947 1426 1014 1445 sum

191 1462 339 1498 panis,qui
356 1463 391 1490 de
406 1462 477 1491 cmlo
491 1462 638 1497 descendi,
655 1462 783 1497 vivus,et
796 1463 844 1497 qui
859 1463 910 1490 dat
924 1462 1013 1489 vitam

190 1507 301 1545 mundo
315 1508 335 1534 ⁷.
354 1518 368 1532 ››
397 1508 509 1539 Quibus
533 1516 617 1535 suam
646 1506 740 1543 ipsius
764 1507 901 1535 deitatem
917 1509 1015 1543 aperte

5 1539 243 1593 “facs
258 1552 367 1585 edocet,
384 1560 436 1579 nec
451 1554 548 1579 tamen
565 1539 751 1587 aufert-quod
776 1539 945 1579 secundum-
954 1559 1015 1578 car—

4 2414 7 2465 ἱ

4 2474 7 2528 ί

190 1603 257 1623 ηοω
274 1598 494 1632 assumpserat;
512 1596 561 1623 sed
574 1595 703 1631 seipsum
712 1604 777 1623 cum
792 1603 878 1623 carne
891 1595 1014 1631 conjun-

189 1640 251 1675 git:
268 1629 506 1676 quandoquidem
516 1641 599 1675 juxta
610 1629 731 1667 [Saulum
744 1639 774 1667 in
790 1629 1013 1668 similitudinem
1028 1629 1050 1662 Π

188 1684 343 1712 hominum
372 1684 467 1712 iactus
495 1686 552 1717 est,
582 1686 611 1711 et
637 1684 741 1712 habitu
757 1684 894 1712 inventus
922 1686 1014 1712 estut

191 1729 277 1756 homo
292 1728 408 1755 a.Homo
425 1730 523 1755 autem
541 1736 600 1756 una
614 1736 738 1763 persona
753 1731 781 1756 et
797 1736 888 1755 unum
904 1727 1013 1756 animal

189 1776 281 1806 est,ex
296 1772 401 1808 spiritu
428 1774 457 1800 et
476 1781 563 1800 carne
587 1773 782 1808 compositum
799 1772 887 1808 (59'):
912 1773 946 1799 ad
963 1780 1013 1799 cu-

185 1818 238 1853 jus
246 1817 469 1845 similitudinem
481 1817 704 1853 intelligendum
716 1818 760 1845 est
767 1816 915 1844 Christum
925 1825 1013 1844 unam

190 1871 254 1891 esse
270 1871 435 1898 personam,
451 1865 479 1890 et
494 1871 551 1890 non
578 1863 662 1895 duas,
694 1865 726 1889 ut
736 1863 799 1898 jam
824 1862 1014 1890 incredulitas

190 1908 393 1943 magnitudine
421 1907 526 1935 divinaa
551 1908 649 1943 gratiae
662 1907 812 1940 destituta,
831 1909 860 1934 et
876 1907 905 1934 in
921 1907 1014 1942 genti-

190 1952 264 1980 lium
280 1952 452 1980 scandalum
465 1952 611 1988 prolapsa,
630 1953 711 1987 apert
726 1953 754 1979 et
773 1959 891 1979 summa
905 1952 932 1979 vi
947 1959 1015 1979 con-

192 1997 295 2024 tendit.
312 1997 384 2024 Cum
401 1996 479 2025 enim
497 2005 553 2024 non
574 1997 673 2024 credat
690 1995 829 2032 possibile
844 2004 908 2024 esse
924 1998 1015 2024 Deum

192 2041 342 2068 hominem
368 2041 442 2075 fieri,
461 2042 547 2076 juxta
565 2040 688 2068 Joannis
703 2040 791 2068 verba
803 2040 886 2068 initio
901 2040 1014 2076 posita:

192 2097 206 2109 «
224 2085 351 2113 Verbum
368 2093 434 2112 caro
451 2085 560 2112 factum
573 2087 618 2112 est
633 2085 653 2118 ',
671 2096 685 2110 »
704 2085 768 2113 ideo
781 2085 1014 2118 dicit,hominem

193 2129 311 2164 quidem
327 2137 395 2157 eum
411 2137 475 2156 esse
491 2138 525 2157 ex
535 2128 653 2165 Virgine
669 2129 811 2165 genitum,
823 2132 852 2157 et
862 2138 896 2157 ex
912 2132 1017 2157 natura

192 2182 247 2201 sua
274 2173 348 2201 nihil
380 2173 510 2201 divinum
537 2173 663 2207 habere;
679 2174 770 2201 Deum
786 2182 854 2201 vero
884 2174 914 2201 in
938 2174 1017 2202 hunc

193 2218 289 2253 ipsum
313 2217 510 2246 descendisse.
540 2218 628 2245 Porro
655 2217 705 2253 qui
735 2217 795 2245 haec
824 2218 934 2252 dicunt,
961 2218 1018 2246 sibi

192 2262 249 2298 ipsi
265 2263 385 2290 adversa
400 2263 560 2298 proferunt,
575 2262 659 2298 quasi
670 2262 763 2289 Verbo
775 2263 1018 2297 contradicentes,

1070 306 1220 345 γράφομεν,
1247 306 1288 334 ὅτι
1309 307 1358 341 τὴν
1386 307 1432 344 μὶν
1459 305 1595 345 ἀκρίϐειαν
1618 308 1701 342 αὐτῆς
1725 310 1782 345 (60)
1801 308 1897 344 ἐπιζη-

1068 353 1123 378 τεῖν
1140 350 1242 388 ὀλίγων
1258 351 1324 385 ἐστὶ,
1340 352 1389 386 τὴν
1407 350 1435 379 δὶ
1451 352 1539 379 πίστιν
1553 352 1677 390 κατέχειν
1694 353 1818 381 ἀπάντων
1844 356 1897 382 τῶν

1070 395 1139 433 πρὸς
1163 395 1208 422 τὸν
1238 395 1302 422 Θεὸν
1333 395 1483 432 εὐπειθῶν,
1514 396 1540 423 οἳ
1567 396 1613 423 καὶ
1640 398 1765 435 μέγιστον
1788 396 1897 425 ἔπαινον

1070 439 1250 478 ἀποφέρονται
1278 443 1328 474 τῆς
1357 439 1511 477 ἐπιθυμίας.
1540 441 1568 467 Ὗ)
1599 441 1646 477 μὲν
1676 441 1728 478 γὰρ
1756 444 1842 477 ζητῶν
1865 443 1899 470 τὰ

1071 483 1137 520 ὑπὲρ
1153 484 1245 511 ἑαυτὸν
1261 483 1444 516 ἐπικίνδυνος
1466 485 1480 512 ὁ
1507 484 1535 512 δὶ
1559 488 1617 517 τοῖς
1640 484 1831 523 παραδοθεῖσιν
1847 486 1898 524 ἐμ-

1072 529 1159 565 μένων
1186 528 1344 559 ἀκίνδυνος.
1369 531 1559 567 ΙΙαραινοῦμεν
1585 529 1613 557 δέ
1643 530 1707 567 ὑμῖν
1733 531 1802 568 (61))
1831 530 1897 570 ὅπερ

1069 571 1115 599 καὶ
1139 573 1244 605 ἑαυτοῖς
1272 575 1476 610 παραινοῦμεν,
1504 574 1554 608 τήν
1583 572 1780 612 παραδοθεῖσαν
1806 575 1896 603 πίστιν

1071 615 1226 655 φυλάττειν,
1254 616 1428 656 ὶκτρὲπεσθαι
1459 616 1488 645 δὶ
1517 617 1566 649 τὰς
1599 615 1735 655 βεϐήλους
1764 629 1899 659 καινοφω-

1070 661 1140 698 νίας,
1155 661 1200 689 καὶ
1222 663 1303 689 τοῦτο
1327 665 1393 689 πᾶσι
1416 665 1569 701 παρεγγυᾷν
1595 660 1736 701 φοϐεῖσθαι
1759 664 1810 698 τήν
1835 665 1897 703 περὶ

1068 708 1118 734 τοῦ
1145 705 1311 741 τηλικούτου
1345 706 1495 745 μυστηρίου
1527 707 1650 742 ζήτησιν·
1680 707 1829 746 ὁμολογεῖν
1858 707 1898 746 δὶ,

1070 750 1111 778 ὅτι
1128 751 1314 790 πεφανέρωται
1338 751 1403 782 Θεὸς
1427 750 1453 778 ἰν
1479 751 1558 789 σαρκὶ
1583 752 1652 779 κατὰ
1676 752 1726 787 τὴν
1751 752 1898 781 ἀποστολι-

1069 796 1120 830 κήν
1136 794 1296 832 παράδοσιν,
1312 795 1356 823 καὶ
1379 796 1430 830 τὴν
1454 794 1638 832 δικαιοσύνην,
1663 797 1694 831 ἢν
1718 795 1798 834 ἴσχεν
1813 798 1828 825 ὁ
1843 797 1896 825 Κύ-

1071 850 1130 877 ριος
1149 839 1174 868 ἰν
1199 840 1346 876 ῙΙνεύματι,
1372 839 1520 876 τουτέστιν,
1545 840 1596 868 οὐκ
1619 841 1772 879 ἀνθρωπίνῃ
1795 843 1895 880 τροπῇ,

1069 883 1143 912 ἀλλὰ
1168 885 1245 921 θεϊκῇ
1273 887 1308 921 τῇ
1336 884 1500 922 καθαρότητι
1517 894 1524 901 ⁸
1554 884 1686 913 ἀδύνατον
1714 886 1765 923 γὰρ
1798 886 1896 924 ἑτέρως

1068 928 1100 956 τὸ
1124 929 1239 966 καθαρὸν
1259 928 1304 956 καὶ
1327 928 1518 966 ἀναμάρτητον
1541 929 1583 956 ἐπ’
1605 928 1778 967 ἀνθρωπίνης
1793 930 1897 969 φύσεως

1069 972 1286 1010 παραδεχθῆναι,
1310 972 1333 1000 εί
1360 973 1397 1009 μή
1423 972 1488 1004 Θεὸς
1510 972 1537 1001 ἐν
1563 973 1642 1011 σαρκὶ
1656 973 1812 1002 πιστεύοιτο
1828 975 1897 1002 εἶναι

1070 1017 1084 1044 ὁ
1098 1017 1148 1051 τὴν
1163 1017 1353 1054 ἀναμάρτητον
1370 1015 1543 1053 δικαιοσύνην
1559 1017 1598 1049 εἷς
1607 1018 1653 1046 τὸν
1668 1018 1771 1055 κόσμον
1788 1019 1895 1057 εἰσαγα-

1069 1062 1135 1100 γὼν,
1160 1063 1194 1096 ἧς
1229 1061 1387 1099 μετέχοντες
1416 1062 1553 1098 ζησόμεθα
1577 1062 1622 1090 καὶ
1649 1063 1792 1099 σωσόμεθα
1815 1065 1896 1101 (δι’).

1070 1107 1109 1135 Τὸ
1124 1106 1187 1143 γὰρ,
1200 1118 1213 1132 ‹‹
1229 1106 1285 1133 Οὐκ
1299 1105 1354 1133 ἔστι
1370 1105 1475 1138 δίκαιος
1488 1106 1532 1134 ἰπὶ
1547 1110 1598 1140 τῆς
1613 1110 1677 1144 γῆς,
1693 1107 1725 1138 ’ὀς
1740 1108 1851 1142 ποιήσει
1865 1109 1897 1135 τὸ

1069 1150 1187 1188 ἀγαθὸν,
1212 1150 1256 1177 καὶ
1280 1150 1335 1188 οὐχ
1359 1151 1555 1189 ἁμαρτήσεται,
1572 1162 1587 1176 n
1610 1151 1702 1178 κοινὸν
1718 1149 1807 1186 δήπου
1830 1152 1900 1179 κατὰ

1069 1196 1174 1222 πάντων
1201 1195 1349 1233 ἀνθρώπων
1375 1194 1458 1222 ιστὶν·
1484 1194 1560 1231 ὅθεν,
1576 1207 1591 1221 κ
1608 1195 1652 1231 Ἐξ
1678 1195 1792 1232 οὐρανοῦ
1816 1206 1898 1224 κατα-

1070 1236 1181 1275 ϐέϐηκε,
1198 1251 1212 1265 ››
1228 1239 1321 1278 φησὶν,
1345 1250 1360 1265 ‹‹
1375 1240 1389 1267 ὁ
1404 1239 1453 1274 τὴν
1477 1238 1610 1277 ἄχραντον
1636 1238 1813 1275 δικαιοσύνην
1835 1242 1899 1279 παρ’

1070 1285 1166 1312 έαυτοῦ
1182 1284 1355 1322 δωρούμενος
1375 1284 1475 1322 Λόγος.
1492 1296 1507 1311 ››
1523 1284 1572 1313 Καὶ
1597 1284 1672 1322 λέγει
1694 1287 1795 1324 σαφῶς·
1814 1297 1829 1312 ι(
1845 1286 1898 1315 Οὐ-

1070 1327 1126 1359 δεὶς
1142 1326 1306 1363 ἀναϐέϐηκεν
1323 1329 1361 1360 εἰς
1376 1329 1423 1356 τὸν
1448 1328 1559 1366 οὐρανὸν
1581 1329 1604 1356 εί
1621 1330 1659 1365 μή
1676 1330 1691 1357 ὁ
1707 1330 1736 1357 ἐκ
1750 1332 1799 1357 τοῦ
1814 1330 1897 1368 οὖρα-

1069 1375 1118 1399 νοῦ
1145 1370 1273 1409 καταϐὰς,
1302 1373 1316 1400 ὁ
1346 1373 1408 1404 Υἱὸς
1435 1375 1484 1400 τοῦ
1514 1373 1669 1412 ἀνθρώπου·
1698 1386 1712 1400 ››
1734 1374 1779 1402 καὶ
1802 1374 1896 1402 πάλιν·

1074 1429 1087 1444 α
1100 1418 1160 1444 Ἐὰν
1176 1418 1297 1455 θεωρῆτε
1321 1418 1378 1455 (62)
1403 1418 1449 1445 τὸν
1475 1418 1537 1445 Υῖὸν
1562 1420 1611 1446 τοῦ
1627 1418 1772 1456 ἀνθρώπου
1787 1417 1897 1447 ἀναϐαί-

1070 1472 1161 1495 νοντα,
1177 1461 1247 1489 δπου
1262 1462 1296 1497 ἦν
1320 1463 1352 1490 τὸ
1377 1462 1520 1500 πρότερον·
1537 1474 1551 1488 »ι
1568 1463 1623 1497 καὶ,
1649 1464 1719 1501 Ἐγὼ
1744 1463 1800 1499 εἰμι
1818 1464 1832 1491 ό
1846 1463 1898 1502 ἄρ’

1069 1517 1128 1541 τος,
1145 1507 1158 1534 ὁ
1174 1506 1203 1534 ix
1217 1508 1265 1534 τοῦ
1281 1507 1395 1544 οὐρανοῦ
1410 1504 1539 1543 καταϐὰς,
1555 1507 1569 1534 ὁ
1586 1509 1638 1541 ζῶν
1651 1508 1697 1535 καὶ
1714 1508 1785 1542 ζωὴν
1805 1506 1899 1539 διδοὺς

1069 1553 1109 1586 τῷ
1137 1551 1251 1587 κόσμῳ·
1281 1563 1292 1576 ι
1322 1553 1414 1590 σαφῶς
1443 1550 1487 1578 διὰ
1514 1551 1617 1579 τούτων
1647 1553 1704 1588 (63)
1733 1551 1898 1580 ἐκδιδάσκων

1070 1596 1144 1631 ἡμᾶς
1159 1596 1209 1630 τὴν
1225 1595 1341 1630 θεότητα
1364 1596 1413 1630 τὴν
1437 1595 1545 1630 ἑαυτοῦ,
1560 1595 1611 1623 οὐκ
1634 1597 1750 1634 ἀναιρῶν
1774 1597 1805 1625 τό
1830 1598 1898 1625 κατὰ

1069 1640 1154 1677 σάρκα
1178 1638 1408 1678 προσειληφέναι,
1438 1638 1503 1666 ἀλλ’
1532 1640 1598 1668 ἑνῶν
1628 1641 1721 1668 ἑαυτὸν
1750 1642 1818 1678 πρὸς
1845 1642 1896 1676 τὴν

1068 1683 1162 1721 σάρκαυ
1179 1683 1273 1718 ἐπειδὴ
1302 1684 1370 1712 κατὰ
1395 1685 1504 1712 Παῦλον
1530 1686 1588 1722 (64)
1616 1684 1642 1712 ἐν
1667 1685 1825 1722 ὁμοιώματι
1848 1686 1894 1713 ἀν-

1069 1728 1185 1765 θρώπων
1201 1729 1307 1766 γέγονε,
1332 1728 1377 1756 καὶ
1403 1729 1526 1766 σχήματι
1542 1728 1660 1766 εὑρεθεὶς
1685 1729 1722 1761 ὡς
1738 1728 1893 1768 ἅνθρωπος.

1068 1773 1098 1800 Ὁ
1116 1771 1145 1799 δέ
1168 1772 1310 1809 ἄνθρωπος
1331 1771 1358 1799 ἓν
1383 1772 1542 1810 πρόσωπον,
1565 1772 1610 1800 καὶ
1639 1775 1706 1808 ζῶον
1730 1773 1769 1809 ἓν,
1786 1773 1839 1801 ἀπό
1864 1784 1894 1801 τε

1068 1816 1220 1852 πνεύματος
1249 1816 1294 1844 καὶ
1323 1816 1435 1854 σαρκός·
1464 1816 1532 1844 κατᾶ
1555 1815 1585 1844 δὲ
1612 1817 1643 1844 τὸ
1672 1817 1801 1854 ὁμοίωμα
1831 1818 1864 1846 αὖ
1881 1834 1892 1839 -

1067 1862 1116 1888 τοῦ
1131 1861 1187 1897 (65)
1202 1861 1313 1895 νοητιον
1334 1860 1380 1888 τὸν
1401 1861 1514 1898 Χριστὸν
1529 1859 1587 1897 ἕνα,
1611 1861 1655 1888 καὶ
1678 1861 1709 1889 οὖ
1735 1860 1783 1889 δύο
1807 1862 1894 1900 πρόσ-

1069 1915 1140 1939 ωπα,
1164 1904 1230 1942 ὅπερ
1254 1906 1272 1940 ἡ
1297 1906 1342 1932 νῦν
1367 1905 1476 1932 ἀπιστία
1505 1906 1635 1942 βιάζεται,
1661 1908 1753 1945 σαφῶς
1780 1906 1893 1934 ἀπολει-

1069 1948 1174 1986 πομένη
1188 1951 1237 1976 τοῦ
1255 1950 1384 1987 μεγέθους
1408 1953 1459 1984 τῆς
1482 1950 1554 1981 θείας
1569 1951 1694 1988 χάριτος,
1710 1951 1755 1978 καὶ
1774 1953 1813 1987 τῷ
1827 1950 1896 1978 Ἐλ-

1070 1993 1177 2029 ληνικῷ
1199 1992 1344 2030 σκανδάλῳ
1359 1993 1570 2031 περιπίπτουσα.
1587 1993 1698 2029 Ἐπειδὴ
1723 1995 1774 2032 γὰρ
1799 1995 1830 2023 οὖ
1849 2005 1895 2023 πι-

1070 2037 1155 2066 στεύει
1185 2036 1296 2065 δυνατὸν
1328 2037 1396 2065 εἶναι
1423 2038 1470 2065 τὸν
1500 2039 1564 2066 Θεὸν
1603 2039 1745 2077 ἄνθρωπον
1772 2040 1894 2078 γενέσθαι

1069 2082 1138 2110 κατὰ
1164 2082 1213 2116 τὴν
1244 2082 1269 2117 ἐξ
1298 2082 1389 2120 ἀρχῆς
1412 2083 1505 2121 φωνὴν
1535 2082 1672 2120 Ἰωάννου,
1687 2082 1827 2122 λέγοντος,
1851 2083 1894 2112 ὅτι

1071 2140 1085 2154 ‹‹
1100 2128 1131 2156 '0
1146 2126 1232 2165 Λόγος
1257 2127 1320 2163 σὰρξ
1345 2126 1460 2165 ἐγένετο,
1478 2139 1492 2153 ››
1509 2125 1554 2155 διὸ.
1577 2127 1658 2155 τοῦτό
1674 2139 1754 2168 φησιν
1776 2130 1833 2166 (66)
1848 2128 1894 2156 ἅν-

1070 2172 1178 2209 θρωπον
1210 2171 1258 2208 μὶν
1287 2171 1354 2199 εἶναι
1383 2170 1413 2198 ix
1439 2172 1488 2206 τῆς
1515 2171 1655 2210 Παρθένου
1682 2173 1822 2211 τεχθέντα,
1849 2172 1895 2200 καὶ

1073 2215 1157 2252 μηδὲν
1174 2214 1247 2253 ἔχειν
1269 2217 1304 2252 τῇ
1329 2215 1405 2255 φύσει
1421 2213 1520 2244 θεϊκόν·
1538 2216 1603 2244 Θεὸν
1622 2215 1651 2244 δὲ
1666 2216 1704 2248 εἷς
1719 2216 1798 2245 αὐτὸν
1814 2227 1897 2245 κατα-

1072 2258 1227 2296 ϐεϐηκίναι.
1255 2260 1286 2287 οἱ
1315 2259 1344 2288 δὲ
1370 2262 1454 2288 ταῦτα
1479 2260 1615 2298 λέγοντες,
1644 2260 1712 2289 αὐτὰ
1733 2261 1768 2289 τὰ
1791 2261 1897 2289 ἐναντία

194 2308 265 2335 dum
292 2307 385 2340 aiunt,
411 2306 514 2334 Filium
544 2306 672 2334 hominis
699 2314 787 2334 none
817 2307 887 2335 coelo
897 2307 1015 2335 descen-

1073 2303 1209 2342 λέγουσιν,
1226 2304 1317 2342 ὥσπερ
1332 2304 1513 2343 ἀντιλέγοντες
1534 2307 1574 2341 τῷ
1596 2304 1688 2343 Λόγῳ,
1704 2305 1745 2333 ὅτι
1765 2305 1833 2343 οὐχὶ
1847 2316 1896 2333 κα-

194 2353 322 2387 dentem,
337 2352 386 2380 sed
402 2360 417 2379 e
441 2354 518 2379 terra
533 2353 712 2387 surgentem,
735 2351 824 2378 Deum
854 2359 869 2378 e
884 2351 953 2379 cmlo
969 2352 1018 2379 de-

193 2397 394 2429 scendentem,
406 2395 436 2423 in
453 2404 484 2424 se
499 2395 653 2432 recepisse.

229 2442 255 2469 3.
272 2441 331 2469 Nos
345 2440 444 2476 itaque
460 2440 542 2468 decet
554 2439 661 2468 divinis
686 2439 826 2468 inhaerere
840 2439 947 2475 verbis,
966 2447 1018 2467 nec

228 2508 238 2524 ⁸
254 2506 345 2535 Eccle.
362 2507 453 2535 11121.
483 2507 494 2524 ⁸
519 2506 662 2541 Joan.m,
678 2506 720 2534 13.
747 2506 855 2534 'Joan.
893 2514 933 2540 Vl,
982 2505 1027 2534 63.
1055 2505 1066 2523 ⁸

229 2575 299 2610 (59‘)
315 2575 347 2602 In
360 2573 497 2610 Symbolo
511 2582 517 2601 :
529 2575 602 2601 Nam
615 2575 687 2601 sicut
708 2574 802 2601 anima
828 2573 977 2601 rationali:
992 2576 1018 2601 et

194 2619 257 2638 caro
273 2619 342 2637 unus
359 2613 397 2637 est
414 2610 501 2643 homo,
518 2612 572 2636 etc.

229 2647 285 2681 ((30)
302 2646 404 2679 Αὐτῆς,
421 2647 499 2672 deus!
519 2646 545 2670 in
564 2647 680 2673 Ηοιυριε.

229 2678 284 2715 (61)
302 2682 389 2709 Basil.
410 2682 567 2715 Anglic._ct
585 2681 715 2714 Seguer.,
733 2678 762 2706 δὲ
776 2678 820 2706 καὶ
838 2678 911 2714 ὑμῖν.
930 2678 1017 2707 Paulo

193 2713 268 2753 post,
344 2720 409 2744 ante
426 2713 472 2745 τὶς
492 2713 637 2751 βεϐήλουέ,
652 2716 732 2743 deest
743 2715 772 2743 in
787 2713 902 2751 Anglic.

241 2755 298 2782 61⁸)
317 2755 380 2788 Leg.
401 2752 588 2786 σιωθῃσὸςιεθα.
605 2753 678 2788 Eult.

241 2791 286 2824 6‘3)
305 2784 473 2816 Basiliensis
490 2792 516 2813 ri.
534 2788 656 2824 Anglic,
674 2786 717 2824 ἐὰν
736 2784 782 2824 οὖν
798 2786 927 2824 θεωρῆτε.

242 2820 287 2861 63)
303 2826 434 2861 Seguer.,
454 2825 549 2861 Σαιρῶς
566 2821 595 2861 δέ
608 2820 721 2861 πουῴδιὰ
737 2820 769 2856 δή
786 2820 902 2861 τούτων.

242 2827 276 2852 63
303 2827 434 2861 Seguer.,
454 2827 549 2861 Σαιρῖυς
566 2827 592 2849 δέ
608 2833 659 2848 που
677 2827 721 2849 δια
737 2827 769 2856 δή
786 2827 902 2850 τούτων,

232 2827 288 2897 (64)
306 2861 487 2893 Basiliensis,
513 2860 637 2895 Anglic,
655 2858 787 2895 Seguer.,
805 2857 873 2885 κατὰ
886 2856 1020 2887 Ἀπὸστο-

1070 2347 1231 2384 ταϐεὸηκὼς
1256 2347 1282 2384 ἐξ
1307 2348 1422 2386 οὐρανοῦ
1447 2349 1509 2379 Υιὸς
1534 2349 1689 2385 ἀνθρώπου,
1711 2348 1775 2376 ἀλλ’
1798 2349 1897 2386 ικγῆς

1072 2393 1198 2430 ἀναστὰς,
1214 2391 1359 2427 ὑπεδέξατο
1373 2393 1429 2430 (67)
1443 2393 1489 2419 τὸν
1505 2392 1530 2429 ἐξ
1546 2391 1662 2430 οὔροινοῦ
1676 2391 1752 2421 Θιόν.

1106 2438 1133 2466 2.
1157 2438 1245 2473 Ἦμᾶς
1271 2435 1317 2464 οὖν
1330 2436 1422 2467 καλῶς
1448 2436 1505 2474 ἔχει
1529 2438 1588 2467 τοῖς
1613 2436 1694 2469 θείοις
1717 2434 1829 2469 ἕπεσθαι
1845 2437 1896 2476 ῥή-

1103 2505 1175 2533 ibid.
1212 2504 1343 2538 51,53.-
1380 2504 1505 2540 Philipp.
1544 2507 1576 2538 ιι,
1603 2504 1631 2531 7.
1657 2504 1668 2522 ο
1703 2504 1896 2534 Joan.1.u.

1073 2571 1132 2599 λον.
1149 2571 1238 2604 Editi,
1254 2571 1321 2598 κατὰ
1338 2569 1459 2599 Παῦλον.

1109 2605 1423 2643 (65)νὸθευθικηαύτῶν.
1442 2606 1520 2643 Infra
1548 2606 1720 2643 Gobler.ret
1745 2607 1818 2635 Felc.
1835 2607 1897 2643 pri-

1073 2641 1151 2675 mus,
1166 2641 1369 2679 ἀπολιπομὲνη.
1386 2643 1451 2671 Mox
1461 2642 1592 2679 Seguer.,
1608 2642 1734 2679 Anglic.,
1750 2641 1898 2671 Goble‘ret

1073 2679 1148 2716 Felc.
1167 2680 1191 2714 1,
1206 2682 1256 2716 τῆς
1274 2678 1346 2716 θείας
1362 2678 1488 2716 χάριτος.
1504 2678 1580 2706 Editi
1596 2681 1625 2707 et
1648 2678 1749 2708 Cateri
1763 2687 1897 2707 manusc.

1072 2714 1160 2757 male:
1175 2717 1225 2757 ῖῆς
1240 2714 1509 2757 άληθεέιέζχάριτρε-

1108 2751 1162 2788 (θρ)
1184 2747 1226 2778 Ita
1244 2747 1314 2788 mss.
1331 2747 1407 2779 Editi
1422 2747 1533 2788 autem,
1551 2747 1614 2788 ἔφη.

1109 2782 1164 2820 (67)
1194 2786 1346 2820 Basiliens,
1360 2789 1389 2814 et
1418 2782 1553 2822 Seguer.,
1571 2782 1714 2820 ”ὑ’πιδέεω,
1737 2793 1803 2821 quas
1815 2785 1901 2814 lectio

1074 2830 1133 2850 non
1154 2823 1327 2858 spernenda.
