4126 6218
296 3068 397 3081 -.ν-,ι’

38 3084 285 3119 κ-κκ-νὴ-ΨῙΛ

427 367 505 430 95
1592 365 1658 428 S.
1702 364 2257 432 ATHANASIUS..
2291 397 2369 414 —
2397 366 2665 431 DUBIA.
3752 368 3836 430 96

430 503 503 559 ad
534 502 986 559 similitudinem
1011 518 1247 575 quoque
1275 518 1444 559 suam
1474 501 1642 557 illum
1676 501 1959 569 restituit,
1988 500 2069 557 si-
2095 542 2107 567 λ

2183 498 2447 574 ὁμοίωσιν
2475 502 2576 571 τὴν
2605 499 2742 576 πρὸς
2786 498 2945 555 αὐτὸν
2997 498 3247 577 ἂπανάγει
3298 495 3488 568 πάλιν,
3530 499 3829 573 ὁμοιωθιῖς

430 592 568 647 mile
601 592 817 647 factum
876 593 1034 664 operi
1066 609 1197 660 suo,
1234 592 1373 664 quia
1408 609 1478 649 ex
1509 595 1713 648 sancta
1742 595 1799 647 et
1828 590 2075 663 Deipara

427 679 609 736 Maria
638 682 873 752 Virgine
892 697 1127 737 carnem
1150 681 1676 754 sumpsit,ethomo
1709 683 1926 736 factum
1960 684 2069 747 est,

427 786 673 825 manens
705 775 898 825 tamen
936 776 1176 837 Deus,ut
1204 770 1558 840 homines,et
1586 770 1636 825 si
1655 769 1923 826 homines
1946 784 2069 823 ma-

425 861 622 926 neant,
657 857 796 913 deos
827 857 1102 914 efﬁceret.
1136 856 1378 930 Unaque
1409 874 1659 930 persona
1711 862 1800 913 est
1827 860 1962 912 ante
1990 856 2074 913 in-

425 946 821 1002 carnationem
853 951 910 1003 et
941 950 1074 1019 post
1102 946 1746 1018 incarnationem,Deus
1776 962 1949 1002 carne
1978 946 2071 1003 in-

425 1034 989 1105 comprehensibilis,
1039 1036 1098 1092 in
1130 1052 1364 1092 carnem
1394 1034 1793 1098 indivisibilis,
1841 1034 1903 1090 in
1934 1050 2067 1106 pas-

424 1124 690 1180 sionibus
738 1126 930 1180 carnis
985 1124 1392 1197 impassibilis,
1425 1126 1523 1196 qui
1573 1128 1820 1180 mortem
1849 1123 1986 1178 vicit
2012 1127 2073 1178 et

426 1212 603 1269 tertia
641 1212 733 1268 die
786 1213 1137 1269 resurrexit:
1169 1212 1267 1285 qui
1323 1212 1589 1269 ascendit
1643 1213 1701 1267 in
1751 1211 1961 1268 coelum
2010 1211 2070 1267 in

424 1300 609 1373 gloria
642 1301 753 1357 sibi
785 1301 1061 1370 naturali,
1092 1306 1148 1357 et
1177 1318 1293 1356 non
1341 1318 1444 1373 per
1469 1301 1717 1374 gratiam
1751 1318 1763 1356 :
1800 1300 1901 1372 qui
1933 1318 2068 1373 pro-

424 1389 620 1462 palam
651 1390 712 1445 in
744 1407 851 1445 sua
877 1389 1089 1445 deitate
1116 1394 1400 1445 venturus
1453 1394 1563 1458 est,
1597 1406 1836 1461 corpore
1865 1392 2067 1445 sancto

423 1495 553 1544 suo,
585 1479 741 1547 quod
773 1495 842 1533 ex
870 1478 1051 1533 Maria
1082 1479 1360 1550 sumpsit,
1394 1478 1679 1551 effulgens
1712 1478 1898 1551 gloria
1919 1477 2066 1532 inef-

426 1566 610 1635 fabili,
646 1567 1144 1639 quemadmodum
1178 1583 1306 1623 sese
1336 1567 1397 1622 in
1429 1572 1626 1623 monte
1656 1584 1723 1623 ex
1754 1571 1915 1639 parte
1941 1571 2069 1622 tan-

425 1659 551 1711 tum
582 1655 856 1725 ostendit,
890 1660 954 1711 ut
976 1655 1209 1711 doceret
1258 1672 1320 1712 se
1348 1659 1405 1710 et
1434 1660 1605 1711 antea
1639 1661 1694 1711 et
1716 1672 1871 1711 nunc
1904 1672 2067 1711 eum-

425 1746 555 1800 dem
593 1745 787 1817 ipsum
835 1761 986 1812 esse,
1031 1761 1135 1800 nec
1165 1744 1224 1799 in
1273 1746 1538 1816 sequenti
1590 1750 1851 1817 tempore
1885 1747 2067 1800 Deum

425 1834 643 1889 factum
704 1836 885 1889 fuisse
916 1838 1004 1903 (ut
1056 1835 1180 1904 jam
1213 1834 1513 1888 contendit
1542 1834 1971 1906 blasphemia):
2005 1848 2067 1888 se

2181 592 2261 660 τῷ
2295 585 2417 663 ίδίῳ
2447 591 2742 663 ποιήματι,
2775 586 2864 644 διὰ
2891 590 2952 644 τὸ
3001 592 3368 664 σισαρκῶσθαι
3402 587 3452 660 ἰξ
3502 587 3656 663 ἁγίας
3696 595 3829 645 Θεο-

2180 677 2343 732 τόκου
2390 679 2601 753 Μαρίας
2651 679 2951 754 Παρθένου,
2999 676 3089 732 καὶ
3147 677 3432 753 ἄνθρωπος
3488 679 3829 755 γεγενῆσθαι,

2186 768 2359 839 μένων
2393 768 2546 836 Θεὸς,
2571 763 2659 821 ἵνα
2699 764 2828 829 τοὺς
2858 765 3177 841 ἀνθρώπους
3219 763 3373 827 θεοὺς
3422 761 3678 839 ἀποδείξῃ
3727 767 3838 840 μι-

2180 874 2361 917 νοντας
2386 855 2724 933 ἀνθρώπους.
2761 854 3063 931 ΙΙρόσωπον
3111 853 3168 909 ἓν
3214 854 3304 909 καὶ
3333 855 3440 929 πρὸ
3485 860 3587 923 τῆς
3619 856 3835 932 σαρκώ-

2182 961 2316 1005 σεως
2348 988 2365 1015 ,
2422 943 2511 997 καὶ
2575 943 2709 1016 μετᾶ
2753 943 2851 1011 τὴν
2908 941 3174 1018 σάρκωσιν
3239 940 3617 1018 ἀπερίληπτος
3672 941 3835 1019 σαρκῖ

2181 1031 2330 1103 Θεὸς,
2388 1031 2680 1108 ἀμέριστος
2732 1031 2808 1093 εἷς
2868 1029 3058 1107 σάρκα,
3118 1031 3333 1101 ἀπαθὴς
3382 1029 3433 1085 ἐν
3481 1035 3600 1093 τοῖς
3657 1032 3837 1104 παθή-

2184 1141 2311 1193 μασι
2358 1126 2458 1191 τῆς
2512 1121 2731 1195 σαρκὸς,
2782 1121 3007 1190 νικήσας
3068 1120 3313 1187 θάνατον,
3363 1117 3453 1174 καὶ
3501 1118 3729 1183 ἀναστὰς
3757 1123 3832 1196 τῇ

2178 1208 2360 1283 ἡμέρᾳ
2414 1214 2484 1284 τῇ
2535 1210 2707 1286 τρίτῃ·
2758 1208 2997 1273 ἀνελθὼν
3054 1207 3129 1271 εἷς
3173 1208 3265 1264 τὸν
3326 1206 3552 1285 οὐρανὸν
3604 1207 3655 1263 ἐν
3704 1206 3836 1285 δόξῃ

2179 1302 2401 1376 φυσικῇ,
2430 1298 2520 1354 καὶ
2552 1298 2652 1354 οὐκ
2698 1297 2749 1354 ἄν
2800 1300 3012 1375 χάριτιο
3061 1295 3362 1373 ἰρχόμενος
3414 1296 3466 1353 ἂν
3515 1297 3585 1372 τῇ
3638 1298 3833 1353 ἑαυτοῦ

2177 1386 2391 1459 θεότητι
2443 1387 2717 1463 ὶμφανῶς,
2770 1385 3066 1460 ἐκλάμπων
3119 1386 3177 1441 ἐκ
3222 1390 3319 1441 τοῦ
3368 1387 3429 1441 ἐκ
3472 1385 3681 1460 Μαρίας
3721 1388 3835 1442 σώ-

2183 1497 2352 1550 ματος
2382 1476 2548 1532 αὐτοῦ
2593 1481 2690 1531 τοῦ
2741 1476 2896 1553 ἁγίου
2938 1476 3037 1544 τὴν
3071 1473 3223 1546 δόξαν
3254 1476 3353 1545 τὴν
3384 1474 3716 1551 ἀπόρρητον,
3750 1476 3832 1533 ὡς

2178 1565 2266 1620 καὶ
2322 1564 2410 1621 ἐπὶ
2465 1563 2562 1621 τοῖ’)
2620 1561 2778 1640 ὄρους
2834 1562 3026 1636 ἔδειξεν
3078 1565 3183 1619 ἀπὸ
3248 1563 3445 1640 μίρους
3491 1610 3505 1636 ,
3561 1562 3830 1620 διδάσκων

2177 1657 2345 1729 ἡμᾶς,
2379 1656 2461 1710 ὅτι
2501 1676 2590 1710 και
2640 1655 2901 1731 πρότερον
2933 1654 3023 1709 καὶ
3063 1658 3153 1707 νῦν
3185 1654 3212 1708 ὁ
3245 1653 3404 1715 αὐτός
3439 1653 3569 1726 ἐστι,
3603 1655 3691 1708 καὶ
3722 1652 3836 1730 οὐχ

2178 1743 2398 1820 ὕστερον
2447 1742 2799 1805 ἀποθεωθείς’
2847 1743 2921 1804 ὡς
2970 1744 3004 1813 ἡ
3054 1747 3141 1796 νῦν
3193 1740 3519 1820 βλασφημία
3565 1741 3829 1818 βιάζεται·

2179 1830 2303 1886 οὐδὲ
2332 1833 2672 1906 παυσάμενος
2702 1830 2799 1886 τοῦ
2844 1831 2977 1886 εἶναι
3010 1826 3155 1893 ’Υἱὸς
3195 1831 3505 1906 ἀνθρώπου,
3535 1829 3661 1886 οὐδὲ
3691 1832 3834 1886 ἀπο-

424 1924 562 1977 item
595 1939 782 1995 neque
823 1922 1121 1977 hominem
1153 1938 1281 1978 esse
1314 1922 1580 1993 desiisse,
1615 1939 1804 1995 neque
1834 1937 2071 1977 carnem
2100 1949 2107 1957 -

2183 1921 2400 1994 θέμενος
2592 1920 2781 1997 σάρκα.
2832 1920 2930 1974 Καὶ
2980 1921 3081 1996 γὰρ
3132 1892 3221 1974 δ’τε
3267 1892 3503 1996 ἀρχεταί
3537 1920 3667 1974 εἶναι
3698 1920 3825 1982 Υἱὸς

422 2011 1016 2081 deposuisse.Etenim
1047 2027 1180 2066 cum
1216 2010 1563 2083 Unigenitus
1586 2011 1683 2067 ille
1710 2010 1917 2082 incipit
1946 2025 2074 2066 esse

423 2099 601 2155 Filius
636 2099 911 2167 hominis,
946 2104 1070 2154 tum
1102 2100 1277 2155 etiam
1310 2099 1547 2172 angelos
1590 2118 1729 2157 suos
1760 2100 1959 2170 mittit,
1991 2100 2075 2154 in-

423 2188 718 2243 variabilis
749 2205 998 2260 semper,
1060 2193 1117 2243 et
1173 2189 1395 2243 nullam
1458 2190 1841 2245 mutationem
1875 2189 1931 2243 in
1966 2206 2075 2244 sua

426 2277 639 2333 deitate
670 2294 904 2349 passus,
939 2278 1260 2334 secundum
1284 2294 1519 2334 carnem
1550 2294 1706 2346 vero,
1742 2278 1913 2334 nobis
1942 2294 2075 2334 con-

426 2365 735 2437 formatus,
769 2370 825 2423 et
856 2383 961 2422 nos
994 2366 1107 2422 sibi
1139 2365 1252 2439 ipsi
1284 2366 1680 2424 conformans.

2184 2009 2471 2085 ἀνθρώπου
2530 2010 2558 2064 ὁ
2617 2010 2925 2085 Μονογενὴς
2977 2010 3087 2081 (73)
3131 2006 3483 2063 ἀποστέλλων
3544 2007 3655 2064 ἐστὶ
3701 2008 3834 2072 τοὺς

2183 2097 2454 2174 ἀγγέλους
2504 2102 2689 2167 αὐτοῦ,
2721 2096 3094 2158 ἀναλλοίωτος
3142 2093 3215 2150 ὢν
3249 2094 3351 2165 ἀεὶ,
3394 2097 3482 2152 καὶ
3516 2092 3833 2170 μεταϐολὴν

2184 2183 2438 2259 οὐδεμίαν
2473 2182 2617 2261 ἔχων
2667 2187 2792 2262 περὶ
2839 2186 2937 2256 τήν
2988 2185 3237 2256 θεότητα,
3267 2186 3402 2239 κατὰ
3432 2183 3487 2239 δὲ
3514 2187 3615 2254 τὴν
3661 2184 3837 2261 σάρκα

2185 2275 2581 2352 σχηματισθεὶς
2630 2277 2766 2347 ἡμῖν
2811 2274 2901 2329 καὶ
2950 2273 3369 2351 συσχηματίζων
3432 2276 3581 2347 ἡμᾶς
3632 2274 3830 2347 ἑαυτῷ.

498 2513 613 2590 (73)
643 2513 976 2570 Felckmani
1007 2515 1235 2590 primus
1264 2519 1321 2572 et
1349 2515 1489 2572 edit.
1520 2514 1826 2588 Commel.,
1858 2514 2107 2590 ὁμογενήη

2191 2515 2471 2573 mendose
2504 2531 2518 2571 :
2552 2513 2650 2571 alii
2699 2530 2927 2588 omnes,
2979 2512 3007 2568 ὁ
3038 2513 3381 2588 Μονογινής.
3439 2512 3614 2583 Infra,
3648 2512 3829 2570 Basil.

425 2583 610 2657 solus,
642 2604 818 2661 συσχη
830 2583 1128 2659 ματισόείς.

1311 2890 1385 2946 ΙΝ
1420 2890 1685 2948 LIBRUM
1733 2891 2016 2950 CONTRA
2057 2890 2542 2948 SABELLIANOS
2573 2891 2934 2950 MONITUM.

491 3035 591 3090 28
624 3058 652 3087 «
683 3039 869 3094 Tanta
889 3043 979 3094 est
998 3037 1260 3094 afﬁnitas
1291 3036 1469 3108 hujus
1512 3036 1647 3091 libri
1687 3053 1822 3092 cum
1854 3034 2104 3091 homilia
2160 3034 2228 3090 21
2286 3036 2487 3092 Basilii
2515 3045 2705 3092 contra
2762 3034 3130 3104 Sabellianos,
3192 3038 3390 3092 Arium
3444 3045 3498 3092 et
3547 3037 3836 3091 Auamma:

427 3143 455 3173 «
486 3132 845 3197 nuncupata,
878 3132 944 3183 ut
965 3126 1308 3183 alterutrum
1337 3125 1685 3198 opusculum
1709 3142 1777 3181 ex
1796 3125 1975 3180 altero
1996 3140 2336 3195 expressum
2361 3126 2541 3181 fuisse
2558 3123 2856 3196 propalam
2879 3125 3051 3184 sit.Et
3071 3142 3212 3181 sane
3233 3126 3444 3181 iisdem
3466 3125 3830 3197 argumentis

423 3232 451 3262 «
482 3213 538 3267 in
575 3218 822 3287 utroque
847 3217 1177 3289 proceditur
1206 3216 1278 3271 ad
1310 3215 1613 3271 haereticos
1642 3215 2049 3281 confutandos,
2082 3216 2284 3270 eadem
2315 3214 2445 3285 ipsa
2478 3217 2843 3286 usurpantur
2867 3214 3176 3287 Scriptura;
3206 3214 3352 3283 loca,
3387 3232 3504 3271 uno
3525 3219 3585 3271 at
3615 3214 3827 3287 aequali

419 3322 449 3351 «
482 3302 684 3359 ordine
714 3304 1355 3376 posita.Neminemque
1388 3310 1667 3376 putamus
1679 3303 1977 3374 esseﬁquin
1991 3303 2297 3374 judicet,id
2321 3303 2566 3359 artiﬁcio
2582 3304 2891 3374 cujusdam
2911 3303 3157 3360 Graculi
3176 3305 3478 3377 scriptoris
3500 3305 3831 3361 admissum

418 3409 447 3437 ‹‹
479 3386 662 3445 fuisse
694 3391 791 3462 qui
814 3391 1156 3447 alterutrius
1186 3392 1374 3447 Patris
1405 3391 1621 3446 librum
1654 3391 1845 3446 verbis
1862 3389 2054 3447 solum
2082 3391 2460 3446 commutatis
2479 3391 2647 3446 alteri
2666 3391 3100 3463 ascripserit.Et
3121 3392 3359 3464 quidem
3387 3392 3445 3447 in
3467 3392 3624 3448 hunc
3645 3391 3834 3447 Atha-

423 3499 445 3525 α
482 3477 647 3533 nasio
678 3480 1028 3535 attributum
1052 3481 1257 3535 cadere
1286 3480 1518 3535 videtur
1537 3478 1830 3550 suspicio:
1865 3495 2000 3533 nam
2033 3484 2239 3551 praeter
2266 3479 2402 3552 styli
2436 3480 2829 3535 diversitatem
2862 3496 3003 3536 sane
3023 3481 3424 3552 conspicuam,
3449 3496 3826 3552 nequaquam

423 3585 452 3615 «
486 3569 771 3624 memoria
801 3569 1100 3641 proditum
1131 3572 1220 3625 est
1236 3585 1369 3624 cum
1400 3568 1772 3624 iishaareticis
1786 3584 2079 3639 pugnasse
2097 3568 2758 3640 Athanasium,quicum
2777 3568 3284 3640 Sabellio,Patrem
3309 3569 3635 3641 Filiumque
3650 3586 3830 3625 unam

421 3676 449 3703 «
484 3670 613 3712 esse
645 3658 1108 3729 personam,solo
1130 3658 1367 3714 nomine
1399 3656 1731 3713 distinctam
1766 3657 2129 3713 afﬁrmarent
2158 3675 2172 3713 :
2206 3659 2363 3729 quod
2383 3663 2580 3714 tamen
2606 3675 2788 3713 unum
2807 3658 3076 3730 agiturin
3103 3659 3210 3715 hoc
3233 3659 3605 3731 opusculo.In
3627 3659 3830 3715 Basilii

423 3764 451 3794 «
482 3761 616 3802 vero
645 3747 890 3803 homilia
918 3748 977 3802 in
1035 3755 1339 3803 Anomzsos
1371 3747 1622 3801 maxime
1664 3747 1793 3815 ejus
1822 3746 2102 3818 temporis
2123 3746 2422 3802 haereticos
2444 3746 2687 3802 vertitur
2705 3747 2882 3816 acies,
2915 3747 3049 3804 licet
3070 3748 3362 3804 Sabellius
3409 3765 3643 3821 quoque
3672 3748 3833 3803 haud

424 3852 451 3884 ε
482 3836 742 3907 segniter
768 3835 1285 3908 impugnetur.Sed
1319 3836 1418 3907 qui
1450 3850 1519 3890 ex
1549 3834 1761 3889 Basilio
1794 3834 1902 3889 hoc
1931 3836 2282 3906 opusculum
2316 3835 2619 3891 Athanasii
2659 3836 2897 3891 nomine
2926 3837 3313 3907 expressit.ad
3345 3836 3610 3893 fraudem
3636 3840 3701 3892 ut
3722 3853 3833 3908 pu-

420 3945 447 3972 ‹‹
482 3929 678 3981 tamus
710 3926 1127 3997 contegendum
1159 3927 1565 3979 Anomaaorum
1581 3939 1873 3994 nusquam
1895 3922 2446 3995 meminit.Necquis
2467 3923 3247 3995 putaverit.Basiliumtantie
3274 3926 3461 3980 virum
3487 3925 3833 3996 eloquentia!

424 4030 450 4061 α
482 4015 539 4065 et
564 4014 1236 4083 eruditionis,alienis,ut
1268 4013 1589 4080 aiunt,sese
1620 4012 1825 4083 pennis
1858 4012 2381 4068 exornatum.Sane
2412 4012 2547 4068 talis
2576 4018 2664 4068 est
2692 4012 2961 4079 homo,ut
2992 4029 3063 4069 ne
3086 4013 3146 4069 in
3174 4013 3569 4086 suspicionem
3593 4014 3835 4085 quidem

422 4120 449 4147 «
484 4098 620 4152 furti
654 4100 952 4172 plagiique
981 4108 1196 4157 veniat.
1220 4101 1528 4157 Homiliam
1564 4101 1763 4171 itaque
1791 4101 1861 4154 27
1890 4100 2211 4173 genuinum
2245 4100 2443 4156 Basilii
2473 4117 2601 4157 esse
2630 4118 2800 4173 opus,
2833 4101 2941 4157 hoc
2968 4119 3100 4158 vero
3133 4102 3452 4159 Athanasio
3484 4104 3832 4174 ascriptum,

424 4207 453 4235 «
485 4187 752 4257 spurium
785 4189 1174 4246 arbitramur:
1208 4190 1344 4246 licet
1365 4190 1595 4261 jamdiu
1629 4190 1781 4245 inter
1800 4188 2198 4245 Athanasiana
2225 4195 2596 4261 compareat;
2624 4190 2681 4246 in
2715 4190 2974 4262 antiquis
2999 4191 3156 4247 enim
3188 4192 3630 4249 collectionibus
3652 4191 3830 4247 Atha-

425 4296 453 4326 ‹‹
494 4276 645 4333 nasii
674 4293 914 4348 operum
947 4279 1212 4335 habetur.

1579 4509 1706 4567 ΤΟΥ
1743 4513 1833 4566 EN
1873 4512 2102 4568 ΑΓΙΟΙΣ
2142 4511 2414 4569 ΠΑΤΡΟΣ
2456 4512 2650 4568 ΠΜΩΝ

1762 4654 2495 4753 ΑΘΑΝΑΣΙΟΥ

673 4827 805 4903 Περὶ
833 4834 935 4898 τῆς
966 4824 1141 4883 ἀϊδίου
1176 4826 1449 4903 ὑπάρξεως
1476 4829 1574 4881 τοῦ
1605 4826 1733 4881 Υἱοῦ
1774 4826 1864 4881 καὶ
1893 4829 1990 4881 τοῦ
2020 4824 2335 4898 Ηνεύματος
2368 4823 2459 4880 σὺν
2506 4830 2645 4900 Θεῷ,
2675 4826 2766 4883 καὶ
2795 4826 2931 4902 πρὸς
2961 4823 3088 4888 τοὺς
3123 4818 3574 4894 Σαϐελλίζοντας.

1543 5081 1635 5177 S.
1690 5081 1788 5175 P.
1850 5079 1963 5175 N.
2024 5080 2705 5177 ATHANASII

816 5266 907 5327 De
925 5271 1143 5326 aeterna
1170 5262 1322 5325 Filii
1346 5271 1404 5324 et
1432 5261 1703 5344 Spiritus
1728 5261 1924 5322 sancti
1958 5280 2089 5322 cum
2136 5260 2258 5322 Dec
2288 5262 2652 5338 exultantia,
2703 5272 2757 5324 et
2793 5268 3002 5323 contra
3029 5257 3421 5322 Sabellianos.

494 5511 540 5563 1.
572 5507 915 5564 Judaismus
964 5502 1277 5577 gentilitati
1335 5501 1663 5557 contrarius
1701 5505 1812 5568 est,
1863 5503 2070 5557 neutra

417 5602 614 5654 tamen
668 5596 868 5667 religio
917 5595 1030 5666 pia,
1077 5593 1175 5647 sed
1237 5595 1488 5662 utraque
1547 5593 1705 5645 extra
1767 5590 2065 5647 veritatem

421 5684 708 5747 consistit.
770 5683 1075 5757 Siquidem
1124 5684 1181 5739 et
1209 5678 1504 5753 Babylonii
1562 5677 1783 5737 bellum
1833 5694 2064 5752 gessere

2124 5415 2193 5426 ..-

2250 5502 2300 5556 1.
2333 5496 2675 5574 Ἰουδαϊσμὸς
2733 5499 3025 5556 ἀντικειται
3081 5499 3217 5573 πρὸς
3269 5495 3678 5573 Ἐλληνισμὸν,
3736 5503 3830 5559 καὶ

2171 5584 2451 5663 οὐδέτερος
2510 5585 2735 5659 εὐσεϐὴς
2782 5635 2797 5659 ,
2857 5587 2983 5644 ἀλλ’
3050 5586 3347 5665 ἀμφότεροι
3407 5596 3510 5658 τῆς
3567 5588 3829 5661 ἀληθείας

2171 5676 2346 5741 δκτός.
2405 5676 2556 5736 Ἐπεὶ
2610 5679 2701 5734 καὶ
2761 5674 3107 5734 Βαϐυλώνιοι
3151 5673 3601 5752 πιπολιμήιασιν
3662 5678 3832 5757 Myo-
