2063 3109
214 161 254 191 99
808 156 839 184 S.
864 151 1127 184 ATHANASIUS.
1143 167 1182 173 -—
1196 151 1330 183 DUBIA.

1866 155 1929 186 100

217 225 348 254 exsistit:
365 232 398 251 ao
412 223 481 250 licet
495 221 605 258 pluries
620 221 790 257 repetitum,
806 227 957 255 nunquam
976 226 1041 254 per-

1104 216 1187 253 μινει.
1217 217 1265 243 Τὸν
1296 215 1325 244 δὲ
1348 219 1396 244 τοῦ
1421 218 1488 244 Θεοῦ
1511 214 1599 255 Λόγον
1623 218 1722 245 ἄνωθεν
1746 218 1760 245 6
1775 217 1930 255 ψαλμῳδὸς

218 272 326 298 manet.
342 269 382 296 De
397 267 488 295 Verbo
504 269 602 294 autem
620 265 668 293 Dei
682 265 797 301 jamdiu
814 264 953 301 propheta
971 271 1042 298 prea-

216 314 327 341 dicarat
342 313 388 340 bis
414 311 528 339 verbis:
561 322 574 335 ‹‹
590 313 622 337 In
646 312 800 343 aaternum,
825 308 957 341 Domine,
976 309 1044 334 Ver-

215 359 284 385 bum
301 360 384 385 tuum
403 359 556 392 permanet
570 356 600 382 in
617 355 689 382 οωιο
710 355 740 381 ίσ.
760 365 773 378 ι)
789 355 851 387 Qua
874 354 904 380 in
930 360 960 380 re
984 351 1041 387 ipsi

215 404 354 429 consonat
370 399 559 437 evangelista,
577 399 626 435 qui
643 399 768 426 Verbum
786 406 850 426 esse
868 400 957 425 Deum
973 404 1043 424 con-

216 446 324 479 fitetur,
341 446 411 473 dum
427 444 511 472 illum
528 442 700 479 apparuisse
712 442 880 475 annuntiat,
890 440 1044 469 advenisse

217 493 326 523 narrat,
342 495 370 517 el.
386 490 571 517 incarnatum
589 487 680 515 fuisse
696 487 843 523 praedicat,
869 494 921 513 nec
945 488 1044 512 tamen

216 534 330 562 Patrem
347 534 376 561 in
408 532 494 560 Verbi
521 532 725 559 incarnatione
753 530 982 566 complectitur;
1006 529 1047 556 ait

216 579 312 607 enim:
333 590 343 603 ι
363 578 489 605 Verbum
510 585 577 604 caro
594 576 704 604 factum
730 578 774 604 est
798 578 826 603 et
847 574 993 602 habitavit
1015 573 1044 600 in

218 623 321 651 nobis:
340 625 368 649 et
393 621 521 649 vidimus
551 620 673 656 gloriam
703 620 779 655 ejus,
808 619 929 655 gloriam
960 617 1045 654 quasi

217 666 365 703 Unigeniti
381 675 397 694 a
414 666 508 699 Patre,
528 665 646 701 plenum
663 665 763 701 gratias
780 667 810 691 et
834 663 965 691 veritatis
981 662 1011 690 ¹’⁷.
1031 672 1045 686 ››

217 712 407 748 Unigenitum
422 710 550 738 Verbum
567 710 595 736 in
620 709 730 737 mundo
755 708 850 736 cernis
875 708 1046 735 manifesta-

216 759 291 790 tum,
308 755 385 782 inter
399 754 535 782 homines
549 753 693 786 habitare,
705 752 889 788 gloriamque
901 751 945 779 illi
965 751 1049 779 attri-

217 799 279 834 hui,
297 798 381 835 quasi
398 797 544 834 Unigeniti
574 806 590 824 a
620 797 719 824 Patre:
752 804 809 824 non
839 795 925 831 quasi
948 795 1047 831 ipsum

218 844 347 871 Verbum
359 844 444 870 Pater
456 842 503 875 sit,
515 850 567 869 nec
579 840 662 877 quasi
680 841 764 869 Pater
790 848 848 868 una
872 848 938 868 cum
953 839 1047 867 Verbo

219 896 281 916 sese
311 886 552 920 manifestaverit,
580 886 657 913 sicut
685 885 772 913 homo
797 893 855 912 una
881 893 947 912 cum
991 892 1044 912 suo

220 933 304 960 verbo
320 934 458 967 apparet:
490 938 584 966 neque
614 932 710 965 potest
739 937 878 965 apparere
908 928 1041 960 verbum,

221 976 277 1004 nisi
297 976 321 1003 is
333 975 382 1011 qui
399 974 470 1002 illud
487 975 602 1008 eﬂ‘atur,
618 974 695 1002 adsit
711 976 739 1001 et
753 973 900 1009 loquatur.
920 973 1043 1006 Quibus-

222 1029 289 1048 nam
306 1019 395 1056 igitur
411 1018 585 1047 credemus?
606 1018 682 1046 lisno
706 1018 754 1054 qui
778 1018 862 1045 nobis
885 1017 1044 1054 praedicant

220 1064 326 1092 Filium
342 1072 359 1092 θ.
373 1065 459 1091 Patre
475 1063 645 1097 advenisse;
662 1071 699 1090 an
716 1062 752 1090 iis
777 1062 828 1097 qui
849 1062 963 1089 Patrem
985 1070 1044 1089 una

220 1117 286 1137 cum
303 1109 385 1143 Filio,
403 1116 493 1136 unam
508 1115 664 1143 personam
680 1115 743 1135 esse
766 1106 890 1134 dicunt?
913 1106 942 1133 si
964 1106 1044 1134 enim

219 1153 306 1181 unius.
321 1153 359 1181 sit
382 1160 517 1188 persona,
545 1152 692 1187 quomodo
720 1151 771 1178 illa
799 1151 917 1186 quidem
942 1150 1042 1185 mittit,

223 1198 284 1226 haec
296 1205 362 1225 vero
375 1196 502 1225 mittitur
511 1198 540 1224 et
552 1204 602 1230 per
612 1204 729 1223 carnem
754 1196 934 1231 conspicitur
943 1195 957 1222 ?
970 1195 1042 1222 Nam

221 1253 235 1267 «
249 1245 341 1270 Deum
357 1249 442 1268 nemo
455 1241 527 1268 vidit
543 1248 671 1275 unquam
686 1248 691 1267 :
716 1240 883 1275 unigenitus
896 1239 985 1267 Filius
993 1238 1044 1274 qui

222 1289 266 1314 est
280 1285 310 1313 in
326 1286 392 1313 sinu
409 1285 515 1318 Patris,
546 1285 609 1320 ipse
629 1284 776 1311 enarravit
792 1284 813 1302 1³
825 1294 850 1316 ι»,
870 1283 1044 1311 adveniens-

223 1339 279 1366 que
293 1330 356 1366 ipse
371 1331 473 1357 sancta
487 1337 556 1356 voce
572 1328 711 1364 loquitur,
725 1336 757 1355 ac
772 1328 902 1364 seipsum
928 1327 1044 1362 conspi:

223 1375 358 1402 ciendum
384 1373 502 1409 praebet,
519 1375 606 1408 atque
624 1372 672 1399 illo
689 1372 774 1399 modo
791 1372 882 1399 Patris
907 1371 1045 1407 cognitio-

224 1426 289 1446 nem
305 1417 436 1445 indicat:
456 1428 466 1441 υ
486 1417 539 1449 Qui
555 1416 627 1443 vidit
643 1424 699 1450 me,
715 1416 788 1443 vidit
803 1418 831 1443 et
856 1416 968 1443 Patrem
981 1416 1012 1449 η’,
1029 1426 1042 1440 »ι

223 1471 275 1490 nec
290 1470 321 1490 se
336 1462 399 1497 ipse
414 1464 528 1488 Patrem
546 1460 633 1488 dicit:
651 1460 797 1496 quomodo
813 1460 891 1488 enim
907 1460 935 1487 id
965 1459 1045 1487 dice-

222 1510 274 1540 ret,
286 1515 351 1534 cum
364 1505 520 1533 invisibilis
530 1504 579 1532 ille
594 1505 655 1532 sit?
665 1505 720 1532 Sed
732 1513 763 1532 se
779 1504 865 1532 talem
887 1512 951 1532 esse
973 1513 1045 1540 qua-

223 1551 259 1578 lis
273 1553 318 1578 est
333 1551 435 1578 Pater:
452 1558 519 1577 nam
536 1549 673 1584 superius
693 1549 822 1576 dixerat:
854 1560 867 1574 ‹‹
885 1549 913 1576 Si
938 1557 1044 1584 cogno-

223 1595 340 1623 vissetis
358 1603 414 1627 me,
426 1596 454 1622 et
470 1594 583 1621 Patrem
609 1601 707 1620 meum
737 1593 836 1629 utique
861 1582 1045 1628 cognovisse-
1061 1582 1082 1616 (ἶ

222 1639 260 1667 tis
270 1639 303 1666 ³ο.
313 1650 326 1664 ››
339 1638 449 1670 Quibus
461 1637 630 1665 dualitatem
645 1645 837 1673 personarum
851 1640 949 1672 aperte
961 1636 1044 1664 nobis

222 1683 352 1711 declarat
366 1690 400 1709 ex
416 1682 522 1709 deitate
553 1682 582 1708 in
612 1681 692 1709 nullo
719 1681 856 1709 dissimili
884 1682 1042 1717 cognitam.

221 1728 403 1763 Quapropter
418 1726 469 1762 qui
493 1725 556 1753 F‘ilii
585 1728 744 1761 conspectu
775 1725 883 1761 dignus
910 1725 1044 1758 habetur,

221 1773 378 1807 conspectu
396 1770 489 1798 Patris
505 1769 626 1797 minime
642 1770 782 1805 privatur.
799 1772 862 1797 Non
878 1770 954 1797 enim
966 1770 1046 1805 geni-

221 1819 267 1844 tor
280 1815 337 1843 sibi
350 1814 526 1842 dissimilem
540 1814 698 1850 generavit,
711 1815 760 1841 sed
772 1814 859 1841 talem
876 1814 972 1849 qualis
983 1814 1045 1850 ipse

222 1863 275 1888 est.
288 1860 316 1888 Si
327 1860 425 1895 itaque
437 1859 552 1886 unicam
571 1866 629 1886 rem
641 1859 782 1886 duntaxat
802 1858 962 1894 existimas,
978 1867 1044 1886 cum

224 1913 321 1933 revera
336 1904 400 1932 duae
414 1904 486 1938 sint,
503 1903 617 1931 Patrem
637 1905 666 1930 et
692 1902 794 1930 Filium
820 1902 947 1939 ignoras.
978 1904 1046 1936 Quae

223 1957 291 1985 ergo
307 1949 359 1976 tibi
375 1956 441 1976 cum
454 1947 652 1975 ecclesiastica
668 1947 798 1975 doctrina
813 1947 981 1974 communio
996 1956 1045 1975 su-

224 1993 344 2030 perest?
373 1993 469 2028 Ecqua
498 1992 610 2020 ratione
639 1991 754 2019 Domini
784 2000 868 2019 voces
897 1992 1044 2028 excipias:

227 2048 240 2064 ι
251 2038 320 2073 Ego,
331 2047 345 2061 ››
357 2036 464 2072 inquit,
477 2047 491 2061 «
503 2038 531 2064 et
550 2036 635 2063 Pater
646 2044 737 2063 unum
749 2036 879 2063 sumus"
889 2035 902 2063 ‘I
912 2047 926 2060 »ι
937 2044 970 2063 ac
982 2044 1047 2063 rur-

224 2089 290 2109 sum
307 2081 342 2107 de
357 2082 441 2108 Patre
456 2080 638 2107 edisserens:
658 2091 669 2104 -
686 2080 728 2107 Ab
745 2079 794 2107 illo
809 2088 886 2113 sum,
903 2090 919 2106 ι
940 2080 1046 2115 inquit,

223 2136 238 2150 «
256 2127 284 2153 et
298 2124 348 2152 ille
364 2132 409 2151 me
424 2124 505 2152 misit
515 2124 538 2141 ²²
551 2133 558 2152 :
573 2135 587 2149 »
602 2124 687 2151 tertio
703 2124 772 2152 item
785 2132 791 2151 :
809 2136 822 2150 (ι
836 2125 893 2160 Ego
903 2125 1020 2161 rogabo.
1032 2135 1047 2150 »

224 2169 331 2205 inquit,
347 2179 361 2193 «
377 2168 493 2196 Patrem
510 2176 620 2202 meum,
635 2170 664 2195 et
678 2168 768 2196 alium
795 2168 968 2196 Paraclitum
998 2169 1049 2197 da-

225 2212 268 2241 bit
282 2213 364 2240 vobis
378 2212 411 2239 ³³.
429 2223 443 2237 »

260 2257 287 2284 3.
317 2256 388 2284 Cum
419 2256 509 2291 igitur
537 2256 573 2284 de
600 2256 697 2292 seipse
727 2257 814 2290 dicat,
845 2257 952 2294 «Ego:
970 2269 984 2283 »
1014 2258 1087 2294 del)

224 2301 308 2329 Patre
336 2308 415 2334 vero,
445 2312 459 2325 α
476 2299 542 2327 Ille:
560 2311 574 2325 ιι
604 2300 639 2328 de
668 2300 777 2336 Spiritu
808 2304 908 2329 sancto
937 2304 1045 2337 autem,

262 2376 283 2393 “
300 2374 373 2403 Psal.
389 2383 486 2408 cxvm,
501 2376 545 2402 89.
596 2376 616 2392 ¹¹¹
631 2376 714 2403 Joan.
736 2384 756 2408 ι,
783 2376 827 2404 44.

226 2411 250 2429 ²²
262 2411 346 2440 Joan.
361 2420 411 2446 vn,
427 2412 472 2439 29.
511 2411 534 2428 ’³
548 2412 630 2439 Joan.
647 2419 705 2446 xw,
722 2412 764 2439 i6.

264 2488 321 2524 (82)
336 2486 440 2524 Λέγων.
458 2488 544 2515 Deest
558 2488 588 2515 in
604 2487 757 2516 Basiliensi
772 2490 802 2515 et
829 2488 948 2524 Seguer.
974 2488 1050 2523 Mox,

228 2522 319 2564 Κύριε,
335 2522 443 2568 inn'solo
471 2526 590 2568 ἔθεμεν.
615 2522 1050 2568 habetur,”ueml—sequimur,

228 2558 302 2596 quia
311 2559 344 2596 in
358 2558 456 2596 Graeco
471 2558 733 2596 Scripturmtextu,
751 2558 844 2596 Κύριε,
863 2558 980 2595 legitur.

250 2595 477 2664 iEBIgégaaSEEgu.
494 2597 522 2622 et
537 2594 618 2623 Gobl.
632 2595 707 2622 Editi
723 2594 834 2623 vero'et
848 2596 943 2623 caeteri
961 2603 1049 2630 mss.,

263 2644 275 2664 ρ
349 2651 356 2664 ,
441 2651 447 2656 .

246 2640 275 2656 ac
293 2640 356 2656 εφη.
372 2639 447 2656 σαοξ.

227 2640 275 2667 γαρ
293 2640 305 2656 ε
326 2640 356 2664 η,
372 2639 447 2668 σαρξ.

263 2640 540 2702 (811TSeguerianus,
559 2663 748 2702 πιστεύσομεν.

266 2699 321 2738 (85)
337 2699 455 2738 ΙιῖΓθᾱὶῐ.
473 2701 563 2728 Paris.
580 2704 609 2728 et
624 2699 725 2738 Colon.
741 2700 859 2738 legitur,
877 2699 939 2728 ἀλλ’
955 2703 1022 2738 ante
1037 2701 1051 2728 6

230 2736 392 2779 μονογενής,
409 2738 459 2765 sed
477 2745 542 2778 cum
564 2737 661 2779 nec-in
682 2736 808 2779 editione
836 2737 975 2764 Commel.
999 2746 1052 2765 nec

228 2773 258 2800 in
275 2772 372 2809 aliquo
387 2781 443 2801 ms.
461 2781 513 2800 nec
528 2774 557 2800 in
573 2772 722 2808 Scriptura
735 2772 860 2808 legatur,
872 2775 1051 2809 expunctum

229 2811 284 2838 est.

880 2376 901 2394 ¹⁸
926 2377 996 2405 ibid.
1023 2378 1067 2406 18.

1103 260 1238 298 ἐκεκράγει
1255 260 1341 298 λὲγων
1361 262 1431 296 (82).
1449 273 1463 287 «
1479 261 1526 292 Εἷς
1547 262 1593 289 τὸν
1618 261 1712 296 αἰῶνα,
1738 262 1829 300 Κύριε,
1845 263 1859 289 6
1875 263 1928 291 Λό-

1098 315 1147 342 γος
1178 315 1226 337 σου
1257 304 1376 341 διαμένει
1407 305 1432 332 ἐν
1461 308 1500 341 τῷ
1527 306 1641 342 οὐρανῷ·
1669 318 1682 332 ››
1709 307 1754 334 καὶ
1783 307 1930 346 σύμφωνος

1099 349 1175 386 αὐτῷ
1191 350 1205 376 6
1221 350 1285 377 Θεὸν
1301 350 1368 377 εἶναι
1383 350 1428 377 τὸν
1446 350 1531 388 Λόγον
1551 351 1695 388 ὁμολογῶν
1721 351 1930 389 εὐαγγελιστὴς,

1099 394 1284 433 φανερωθέντα
1319 405 1349 421 τε
1386 395 1465 422 αὐτὸν
1506 395 1732 433 εὐαγγελίζεται,
1760 396 1805 423 καὶ
1838 407 1930 433 παρα-

1098 438 1241 476 γενόμενον
1273 438 1394 475 μηνύει,
1424 439 1470 466 καὶ
1509 439 1679 477 σαρκωθέντα
1713 440 1864 476 κηρύττει,
1894 441 1927 468 οὐ

1099 481 1368 520 συμπεριλαμϐάνων
1390 485 1425 520 τῇ
1450 485 1498 511 τοῦ
1528 483 1618 521 Λόγου
1646 484 1778 522 σαρκώσει
1804 485 1850 512 τὸν
1875 488 1929 513 Πα-

1098 527 1180 564 τὲρα’
1208 539 1221 553 ι(
1247 528 1275 554 Ὁ
1300 528 1400 565 Λόγος,
1431 527 1480 566 αάρ
1511 539 1596 567 φησι,
1626 529 1690 565 σὰρξ
1715 530 1773 566 (83)
1798 529 1901 566 ιγένετο
1919 552 1927 565 ,

1098 571 1143 598 καὶ
1170 572 1321 607 ὲσκήνωσεν
1350 571 1375 599 ἐν
1392 573 1471 608 ἡμῖν,
1501 572 1545 599 καὶ
1576 572 1742 610 ἐθεασάμεθα
1770 574 1819 608 τήν
1846 573 1925 609 δόξαν

1100 615 1193 651 αὐτοῦ,
1209 615 1287 651 δόξαν
1312 627 1350 647 ως
1371 619 1539 654 Μονογενοῦς
1563 617 1636 655 παρὰ
1661 618 1786 654 Πατρὸς,
1811 617 1925 655 πλήρης

1100 661 1214 698 χάριτος
1239 660 1283 687 καὶ
1309 659 1448 696 ἀληθείας.
1472 674 1486 686 ››
1511 662 1655 699 Μονογενῆ
1679 662 1725 689 τὸν
1750 662 1838 700 Λόγον
1861 660 1928 691 ὄντα

1101 705 1165 742 ὁρᾷς
1193 705 1218 732 ἐν
1248 704 1344 741 κόσμῳ
1374 705 1590 744 φανερούμενον,
1620 705 1646 733 ἐν
1676 706 1832 744 ἀνθρώποις
1857 718 1926 743 σκη-

1101 752 1208 784 νοῦντα,
1238 748 1315 785 δόξαν
1345 750 1418 786 αὐτῷ
1445 751 1663 789 κηρυσσομινην,
1690 751 1728 782 ὡς
1752 752 1926 790 Μονογενοῦς

1101 794 1174 831 παρά
1188 795 1303 832 Πατρὸς·
1321 794 1374 832 οὐχ
1398 795 1436 826 ὡς
1461 796 1566 833 Πατρὸς
1592 795 1673 823 αὐτοῦ
1698 793 1785 832 ὄντος,
1810 795 1867 824 οὐδ’
1886 797 1925 828 ὠς

1101 841 1150 866 τοῦ
1166 839 1271 876 Πατρὸς
1300 840 1356 875 ἅμα
1378 842 1418 875 τῷ
1443 840 1522 877 Λὸγῳ
1546 841 1705 879 πεφηνὸτος,
1732 840 1821 878 ὥσπερ
1846 841 1860 868 6
1875 840 1926 868 ἄν-

1104 884 1212 920 θρωπος
1229 884 1285 919 ἅμα
1305 885 1344 919 τῷ
1369 883 1463 911 ἑαυτοῦ
1488 884 1609 922 φαίνεται
1634 883 1720 923 λὸγῳ,
1735 885 1780 912 καὶ
1806 884 1855 913 οὐκ
1869 884 1926 912 ἔστι

1098 930 1213 966 φανῆναι
1236 928 1282 955 τὸν
1307 926 1399 965 λὸγον,
1416 927 1441 955 εἴ
1461 929 1500 964 μή
1524 928 1569 955 καὶ
1584 929 1598 955 6
1612 927 1705 956 λαλῶν
1727 929 1806 957 αὑτὸν
1823 929 1923 967 παρείη

1097 972 1142 999 καὶ
1158 972 1315 1010 φθέγγοιτο.
1341 971 1415 1000 Τίσιν
1438 971 1483 1000 οὗν
1511 972 1674 1010 πιστεύομεν
1704 975 1760 1010 (84)
1776 983 1783 1008 ;
1800 974 1922 1011 Πὸτερον

1097 1018 1155 1047 τοῖς
1176 1015 1430 1054 εὐαγγελιζομένοις
1456 1017 1525 1053 ἡμῖν
1552 1017 1613 1044 Υἱὸν
1637 1018 1710 1055 παρὰ
1733 1018 1839 1056 Πατρὸς
1865 1018 1925 1045 tm-

1101 1059 1289 1096 δεδημηκὸτα,
1307 1060 1324 1094 ἢ
1341 1064 1405 1091 τοῖς
1428 1060 1456 1088 ἓν
1483 1061 1631 1099 πρὸσωπον
1655 1062 1711 1097 ἅμα
1733 1064 1773 1097 τῷ
1787 1062 1870 1099 Λὸγῳ
1883 1062 1933 1089 τὸν

1099 1105 1205 1142 [Ιατέρα
1225 1105 1369 1143 φάσκουσιν
1395 1104 1461 1132 εἶναι
1480 1114 1486 1139 ;
1503 1104 1537 1132 Ei
1559 1105 1609 1142 γὰρ
1632 1105 1660 1132 ἓν
1685 1105 1843 1142 πρόσωπον,
1864 1107 1927 1137 πῶς

1097 1149 1129 1175 τὸ
1147 1148 1192 1184 μὲν
1209 1147 1381 1183 ἀποστέλλει,
1398 1149 1428 1176 τὸ
1445 1148 1474 1176 δὲ
1489 1148 1695 1185 ἀποστέλλεται,
1711 1149 1755 1176 καὶ
1781 1150 1926 1188 θεωρεῖται

1100 1190 1144 1219 διὰ
1158 1193 1256 1228 σαρκὸς
1273 1202 1280 1226 ;
1299 1205 1312 1218 ι(
1325 1193 1389 1220 Θεὸν
1405 1206 1414 1217 ιι
1427 1194 1477 1231 γὰρ
1493 1205 1506 1220 e
1517 1192 1604 1224 οὐδεῗς
1616 1193 1718 1231 ἑώρακε
1733 1194 1844 1221 πώποτε
1855 1195 1929 1230 (85)’

1101 1237 1114 1263 6
1133 1237 1279 1274 μονογενής
1300 1237 1372 1272 Υἱὸς,
1388 1237 1401 1264 6
1417 1237 1453 1264 ὣν
1479 1237 1516 1268 εἷς
1541 1238 1585 1265 τὸν
1611 1237 1713 1266 κὸλπον
1739 1240 1786 1265 τοῦ
1811 1239 1929 1276 Ματρὸς,

1099 1280 1199 1312 ἐκεῖνος
1228 1281 1387 1319 ἐξηγήσατο,
1405 1295 1417 1308 n
1440 1282 1484 1309 καὶ
1509 1283 1706 1320 παραγεγονὼς
1736 1282 1814 1313 αὐτὸς
1845 1283 1927 1321 φθέγ-

1099 1335 1173 1363 γεται
1197 1327 1231 1361 τῇ
1260 1325 1322 1363 ἁγίᾳ
1348 1328 1436 1364 φωνῇ,
1461 1327 1591 1364 παρέχων
1616 1327 1664 1360 τήν
1688 1327 1785 1354 ἑαυτοῦ
1800 1327 1926 1365 θεωρίαν,

1099 1369 1143 1396 καὶ
1160 1368 1204 1396 διὰ
1218 1369 1318 1404 ταύτης
1335 1371 1390 1406 (86)
1405 1371 1454 1405 τὴν
1468 1369 1516 1397 τοῦ
1542 1371 1647 1408 Ιιατρὸς
1666 1370 1811 1408 ἐπίγνωσιν
1831 1372 1931 1399 ὑποτι-

1101 1413 1222 1450 θέμενος·
1249 1426 1263 1439 ‹‹
1288 1414 1316 1441 ’0
1341 1414 1469 1452 ἑωρακὼς
1494 1414 1553 1451 ἐμὲ,
1577 1413 1682 1451 ἕώρακε
1705 1416 1751 1443 τὸν
1778 1416 1895 1453 Πατέρα,
1912 1427 1928 1442 η

1101 1458 1154 1496 οὐχ
1168 1458 1260 1485 ἑαυτὸν
1277 1458 1343 1485 εἶναι
1366 1459 1411 1486 τὸν
1437 1459 1545 1496 Πατέρα
1571 1461 1691 1498 φάσκων,
1707 1462 1765 1491 πῶς
1790 1460 1853 1497 γὰρ,
1878 1460 1925 1487 τὸν

1100 1502 1214 1540 ἀὸρατον
1233 1512 1239 1537 ;
1264 1501 1338 1530 ἀλλὰ
1352 1505 1476 1530 τοιοῦτον
1493 1504 1550 1530 οἷον
1565 1504 1611 1531 τὸν
1628 1503 1744 1542 Πατέρα·
1768 1505 1929 1542 προειρήκει

1099 1547 1149 1584 γάρ
1167 1556 1174 1562 ·
1206 1558 1219 1572 ί(
1249 1546 1281 1574 Εἰ
1311 1546 1455 1584 ἐγνώκειτε
1486 1558 1518 1584 με
1535 1570 1542 1583 ,
1571 1548 1616 1575 καὶ
1644 1548 1676 1575 τὸ
1696 1548 1803 1585 ΙΙατὲρα
1820 1559 1872 1585 μου
1897 1548 1928 1576 ἂν

1100 1588 1191 1628 ᾔδειτε
1214 1592 1281 1627 (87),
1307 1602 1320 1617 »ι
1344 1592 1392 1625 τὴν
1423 1589 1506 1618 δυάδα
1535 1594 1587 1619 τῶν
1619 1593 1773 1629 προσώπων
1804 1593 1929 1630 ἄντικρυς

1099 1636 1165 1671 ἡμῖν
1191 1634 1382 1672 ἐξηγούμενος,
1408 1634 1611 1673 ἀπαραλλάκτῳ
1635 1637 1843 1675 γνωριζομᾶνην
1865 1637 1927 1669 θεὸ-

1097 1689 1170 1714 τητι.
1196 1679 1293 1716 Διὸπερ
1310 1679 1324 1706 6
1346 1682 1396 1714 τῆς
1415 1681 1465 1707 τοῦ
1490 1680 1554 1707 Υἱοῦ
1579 1680 1788 1717 καταξιούμινος
1811 1680 1943 1719 θεωρίαις¹

1099 1723 1149 1750 οὐκ
1163 1723 1342 1760 ἀπεστέρηται
1364 1727 1414 1758 τῆς
1439 1726 1487 1751 τοῦ
1510 1725 1627 1762 Ματρὸς,
1645 1724 1680 1752 Οὐ
1704 1725 1754 1763 γὰρ
1778 1724 1893 1753 ἀλλοῖον
1909 1726 1925 1754 6

1098 1768 1235 1806 γεννήτωρ
1247 1767 1347 1805 ἐγέννα,
1361 1767 1433 1795 ἀλλᾶ
1443 1770 1566 1796 τοιοῦτον
1579 1769 1636 1800 οἶος
1647 1770 1703 1806 (88)
1714 1769 1804 1800 αὐτὸς.
1817 1769 1847 1797 Εἰ
1859 1772 1924 1808 γοῦν

1100 1811 1125 1839 ἕν
1139 1823 1165 1839 τι
1182 1812 1262 1848 μὸνον
1279 1813 1346 1839 εἶναι
1371 1815 1483 1851 πρᾶγμα
1508 1812 1639 1850 νομίζεις,
1665 1812 1712 1840 δύο
1735 1812 1764 1841 δὲ
1778 1811 1842 1841 ὅντα
1857 1815 1927 1842 κατὰ

1100 1855 1238 1893 ἀλήθειαν,
1263 1856 1368 1894 ἀγνοεῖς
1392 1857 1438 1884 τὸν
1465 1858 1573 1895 Πατέρα
1596 1858 1640 1885 καὶ
1664 1858 1710 1885 τὸν
1731 1858 1802 1886 Υἱὸν.
1818 1858 1863 1889 Τίς
1878 1857 1925 1886 οὖν

1101 1911 1142 1927 σοι
1168 1901 1235 1937 πρὸς
1259 1901 1308 1935 τὴν
1333 1901 1560 1936 ἐκκλησιαπικήν
1588 1900 1762 1930 διδασκαλίαν
1791 1901 1846 1929 ἐστὶ
1865 1912 1924 1930 κοι-

1099 1944 1182 1971 νωνία
1198 1954 1205 1979 ;
1223 1945 1284 1975 Ιιῶς
1300 1943 1328 1972 δὲ
1339 1946 1386 1976 τὰς
1400 1947 1449 1972 τοῦ
1465 1944 1596 1973 δεσπὸτου
1613 1944 1673 1981 δὲξη
1693 1947 1794 1983 φωνὰς,
1812 1959 1826 1973 ‹‹
1839 1947 1924 1984 Ἐγὼ,

1101 1989 1178 2028 φησὶ,
1202 1987 1246 2016 καί
1262 1989 1275 2016 ὁ
1291 1990 1384 2027 Πατὴρ
1398 1991 1454 2025 (89)
1475 1988 1503 2017 ’έν
1529 1990 1608 2026 ἐσμεν
1624 2000 1630 2025 ;
1647 2003 1661 2017 ››
1678 1991 1727 2018 Καὶ
1751 1990 1833 2018 πάλιν
1858 1991 1924 2029 περὶ

1100 2036 1148 2060 τοῦ
1164 2034 1269 2071 ΙΙατρός
1285 2032 1491 2072 διαΛεγὸμενος,
1507 2046 1521 2060 ι(
1539 2035 1606 2071 ΙΙαρ’
1625 2034 1708 2062 αὐτοῦ
1731 2035 1800 2072 εἰμι,
1815 2048 1828 2062 ››
1845 2035 1926 2074 φησὶ,

1101 2078 1223 2108 κάκεῖνος
1240 2077 1288 2114 ἐμὲ
1303 2077 1454 2105 ἀπέστειλε·
1471 2090 1486 2104 υ
1502 2079 1664 2117 προστίθησι
1679 2078 1708 2107 δὲ
1722 2079 1809 2107 καὶτὸ
1823 2080 1927 2117 τρίτον’

1104 2134 1117 2149 ‹‹
1135 2122 1215 2160 Ἐγὼ,
1231 2134 1245 2148 ))
1270 2122 1347 2161 φησὶ,
1364 2134 1377 2148 ιι
1395 2122 1574 2160 παρακαλέσω
1597 2123 1642 2151 τὸν
1666 2123 1770 2162 Πατέρα
1795 2134 1858 2160 μου,
1882 2124 1928 2151 καὶ

1103 2166 1189 2195 ἄλλον
1203 2166 1383 2205 ΙΙαράκλητον
1400 2166 1481 2195 δώσει
1496 2168 1570 2204 ὑμῖν.
1588 2180 1602 2194 ››

1138 2258 1218 2284 Ὅταν
1236 2256 1281 2284 οὖν
1298 2258 1360 2295 περὶ
1387 2258 1434 2294 μὲν
1458 2257 1553 2285 ἑαυτοῦ
1567 2256 1634 2296 λέγῃ
1648 2258 1689 2294 τὸ,
1705 2270 1719 2283 ‹‹
1737 2258 1818 2295 Ἐγὼ,
1836 2269 1850 2283 ››
1865 2257 1932 2296 περὶ

1103 2301 1132 2329 δὲ
1146 2300 1193 2329 τοῦ
1209 2302 1325 2339 ΙΙατρὸς,
1346 2313 1359 2329 α
1375 2302 1500 2338 Ἐκεῖνος,
1518 2314 1531 2328 n
1548 2302 1609 2338 περὶ
1635 2300 1664 2329 δὲ
1686 2304 1735 2329 τοῦ
1755 2302 1930 2339 Ιινεύματος,

1443 2378 1466 2395 ²⁰
1492 2377 1562 2406 ibid.
1587 2377 1615 2404 7.

1119 2378 1140 2395 ¹⁹
1165 2377 1251 2405 Joan.
1276 2385 1333 2413 xxv,
1357 2378 1386 2405 9.
1443 2378 1466 2395 ²⁰
1492 2377 1562 2406 ibid.
1587 2377 1615 2404 7.
1667 2377 1690 2394 “
1713 2377 1797 2405 Joan.
1821 2385 1849 2412 x,
1879 2379 1926 2408 30.

1142 2488 1202 2529 (86).
1215 2488 1303 2529 Bpsil.
1317 2491 1348 2529 et
1359 2491 1476 2525 Beguer.
1493 2488 1611 2517 habent.
1628 2486 1673 2515 διὰ
1684 2487 1795 2524 ταύτης.
1811 2490 1883 2518 Editi
1899 2493 1929 2519 et

1106 2522 1214 2557 caeteri,
1233 2522 1277 2550 διὰ
1283 2525 1376 2552 ταῦτα.

1106 2593 1120 2622 ὃ
1142 2560 1198 2622 (ἓἹ)
1213 2559 1328 2588 Gobler.
1345 2563 1373 2588 et
1387 2559 1487 2588 17816.1
1506 2560 1624 2595 habent,
1641 2559 1784 2598 ἐγνώκειτε
1811 2560 1850 2595 ἂν,
1879 2560 1928 2595 τὴν

1123 2605 1155 2622 υα
1175 2605 1200 2622 α.

1107 2616 1347 2703 ὲὲξέἑνδθευθτη
1362 2631 1430 2659 οἷον.
1448 2632 1523 2666 Mox,
1539 2630 1561 2658 εἱ
1577 2633 1654 2668 γοῦν,
1671 2632 1753 2660 deest
1768 2632 1797 2660 in
1827 2631 1927 2667 Basil.,

1143 2700 1197 2738 ('89)
1213 2700 1320 2739 Kaireb,
1336 2701 1433 2739 Πάτερ.
1450 2704 1495 2730 Sic
1519 2711 1622 2739 omnes
1646 2711 1718 2731 mss.
1740 2702 1827 2739 _Editi.
1851 2702 1929 2739 acip

1106 2736 1211 2776 ῌατήρ.
1240 2736 1506 2776 lbid.__Segu:er.»et
1529 2738 1630 2776 Βεβίὶη
1654 2738 1699 2776 καὶ
1719 2737 1887 2776 ςὺηΠάτερ,
1903 2736 1931 2776 ἓν

1219 2772 1264 2800 καὶ
1288 2771 1387 2809 πάλιν,
1408 2774 1477 2813 Ἐγὼ
1501 2774 1547 2801 καὶ
1567 2774 1581 2801 ὁ
1603 2774 1696 2812 Πατὴρ
1718 2773 1744 2802 ἔν
1758 2771 1867 2811 ’ἐσμενί
1880 2771 1934 2802 ’καὶ
