4126 6218
265 288 362 346 101
1510 286 1827 349 CONTRA
1875 286 2440 350 SABELLIANOS.

266 442 291 468 ε(
324 413 520 478 ἄλλος’
576 438 609 469 ιθ
640 418 765 478 πῶς
816 414 917 471 οὐκ
964 414 1261 471 αποστασία
1307 418 1480 496 σαφὴς
1528 418 1800 493 ἀρνεῖσθαι
1849 419 1916 472 τὰ

2048 420 2281 487 (Alius;
2318 441 2346 469 »
2378 435 2572 474 nonne
2602 418 2977 490 apertissima
3003 416 3243 474 defectio
3279 425 3334 475 et
3383 423 3678 493 apostasia

262 503 404 580 τρία,
460 504 555 558 καὶ
615 504 784 577 μὸνον
843 506 976 560 εἶναι
1026 506 1205 581 Λὲγειν
1260 507 1351 561 τὸν
1403 508 1691 585 φάσκοντα’
1728 531 1756 559 ‹‹
1815 506 1924 561 Οὐκ

268 593 381 665 εἰμὶ
417 595 610 666 μὸνος,
639 593 726 648 ὅτι
758 594 787 648 6
818 596 1036 667 πέμψας
1072 616 1138 667 με
1188 596 1379 671 Πατὴρ
1415 597 1531 668 μετ’
1558 596 1692 669 ἐμοῦ
1723 594 1855 651 ἐστι.
1892 618 1919 647 ››

268 684 478 757 Χρῆται
512 680 571 737 δὲ
599 684 691 736 καὶ
722 686 926 757 νομικῇ
966 687 1121 760 φωνῇ
1170 686 1302 758 (90),
1334 685 1423 739 καὶ
1476 682 1564 739 διὰ
1593 683 1793 753 ταύτης
1828 680 1922 739 δύο

267 770 601 845 παρίστησιν
651 766 808 833 ὄντας
853 772 1014 827 αὑτὸν
1044 793 1104 827 τε
1150 773 1239 827 καὶ
1275 773 1368 829 τὸν
1403 774 1631 847 Πατὲρω
1669 797 1699 826 ‹‹
1731 775 1812 827 Ἐν
1843 776 1922 843 τῷ

269 860 449 933 νὸμψ,
510 862 616 936 γάρ
665 881 817 937 φησι,
874 864 955 932 τῷ
1014 860 1259 937 ὑμετέρῳ
1314 863 1632 938 γέγραπται,
1694 860 1775 917 ὅτι
1828 858 1924 915 δύο

268 948 578 1023 ἀνθρώπων
629 952 665 1018 ἡ
721 949 990 1025 μαρτυρία
1041 948 1254 1021 ἀληθής
1296 950 1454 1006 ἐστιν’
1490 952 1651 1027 Ἐγὼ,
1678 975 1706 1003 ››
1736 950 1922 1027 φησὶν,

269 1062 296 1089 a
329 1036 447 1110 εἰμὶ
482 1038 513 1091 6
550 1043 838 1114 μαρτυρῶν
884 1038 1011 1113 περὶ
1059 1038 1314 1112 ἐμαυτοῦ,
1350 1040 1439 1095 καὶ
1492 1044 1753 1116 μαρτυρεῖ
1799 1037 1922 1113 περὶ

272 1124 407 1197 ἐμοῦ
439 1126 469 1179 6
501 1125 724 1199 πέμψας
761 1148 828 1199 με
875 1129 1090 1199 Πατήρ.
1125 1151 1153 1179 ››
1187 1125 1329 1183 Ἰδοὺ
1359 1130 1462 1202 γὰρ
1511 1126 1606 1183 δύο
1635 1129 1922 1201 πρὸσωπα,

273 1216 359 1269 καὶ
393 1215 440 1269 εἰ
472 1216 555 1287 μὴ
590 1214 773 1291 λέγεις
819 1213 917 1270 δύο
956 1217 1088 1270 εἶναι
1138 1218 1273 1272 κατά
1321 1217 1599 1289 ἀλήθειαν,
1630 1221 1789 1271 τοῦτο
1840 1217 1927 1271 λὲο

271 1325 381 1379 γων
413 1302 548 1358 οὐδὲ
596 1306 696 1373 τήν
750 1304 1043 1380 μαρτυρίαν
1075 1304 1161 1376 ἐᾷς
1208 1305 1548 1360 συνίστασθαι
1595 1303 1753 1360 οὖσαν
1786 1305 1926 1375 ἀλη-

271 1396 444 1463 θινήν.
475 1397 653 1448 Τοῦτο
709 1394 812 1469 γὰρ
870 1398 1153 1449 πιστοῦται
1204 1396 1303 1463 τὴν
1361 1393 1679 1471 μαρτυρίαν,
1735 1394 1798 1448 τὸ
1849 1396 1924 1465 μή

273 1483 357 1558 ὑφ’
388 1481 514 1543 ἑνὸς
547 1481 789 1556 γίνεσθαι
842 1482 1032 1555 μὸνου,
1067 1481 1193 1538 ἀλλ’
1242 1484 1344 1539 ὑπὸ
1392 1482 1508 1542 δύο.
1548 1482 1647 1538 Καὶ
1677 1484 1780 1559 γὰρ
1834 1503 1927 1556 με·

274 1571 619 1646 μσρτῦρηκεν
678 1571 706 1624 6
754 1573 947 1647 Πατήρ
998 1570 1049 1642 ἐξ
1108 1571 1333 1647 οὐρανοῦ
1386 1570 1563 1648 λέγων
1600 1615 1611 1630 .
1672 1598 1701 1626 ι(
1754 1571 1928 1635 Οῦτὸς

274 1658 413 1714 ἰστιν
442 1660 473 1714 6
502 1659 633 1721 Υἱὸς
684 1681 789 1733 μου
838 1661 867 1715 6
912 1661 1215 1735 ἀγαπητὸςδ
1253 1685 1281 1713 ››
1314 1661 1404 1716 καὶ
1446 1663 1569 1724 Υἱὸς
1625 1667 1760 1717 Θεοῦ
1792 1663 1927 1716 εἶναι

273 1750 301 1803 6
335 1749 654 1824 μονογενὴς
686 1750 809 1811 Υἱὸς
856 1753 972 1821 (91)
1026 1754 1307 1826 μαρτυρεῖ,
1338 1751 1429 1805 καὶ
1478 1751 1558 1823 τῷ
1590 1750 1765 1826 Πατρὶ
1798 1748 1926 1805 διεί-

276 1836 467 1892 λεκται
503 1842 688 1914 σαφῶς
740 1837 791 1891 ἂν
841 1836 1029 1900 ἀκοαῖς
1070 1840 1367 1915 ἀνθρώπων
1401 1837 1601 1916 λέγων·
1646 1864 1674 1891 ι(
1702 1841 1930 1913 Ἐξομο-

277 1926 561 2001 λογοῦμαί
596 1946 703 1994 σοι,
737 1927 942 2002 Πάτερ,
967 1926 1129 2002 Κύριε
1154 1932 1251 1982 τοῦ
1282 1928 1515 2004 οὐρανοῦ
1544 1930 1632 1983 καὶ
1680 1935 1778 1999 τῆς
1805 1935 1929 2004 γῆς,

277 2011 358 2068 ὅτι
420 2013 741 2089 ἀπέκρυψας
787 2019 955 2069 ταῦτα
1001 2015 1108 2072 ἀπὸ
1154 2021 1334 2095 σοφῶν
1383 2018 1473 2071 καὶ
1521 2021 1752 2072 συνετῶν
1779 2060 1793 2085 ,
1841 2019 1933 2073 καὶ

280 2101 639 2177 ἀπεκάλυψας
685 2103 821 2157 αὐτὰ
866 2103 1102 2173 νηπίοις.
1153 2104 1251 2159 Ναὶ
1306 2106 1334 2159 6
1364 2108 1579 2179 Πατήρ’
1626 2105 1708 2160 ὅτι
1759 2105 1930 2168 οὕτως

283 2189 507 2246 εὐδοκία
556 2190 767 2268 ὶγὲνετο
811 2190 1111 2266 ἔμπροσθέν
1152 2214 1268 2250 σου.
1316 2195 1499 2249 Πάντα
1532 2215 1625 2267 μοι
1656 2191 1927 2270 παρεδόθη

285 2281 387 2334 ὑπὸ
416 2285 520 2335 τοῦ
541 2281 761 2356 Πατρὸς
806 2301 932 2353 μου.
968 2303 997 2330 n
1029 2279 1197 2337 Ἀλλὰ
1242 2282 1294 2337 τί
1339 2283 1473 2358 πρὸς
1519 2288 1685 2337 ταῦτα
1732 2283 1934 2338 ἀπολο-

281 2373 514 2443 γοῦνται
561 2370 614 2423 οἱ
651 2375 753 2438 τῆς
810 2366 1088 2424 Ἰουδαίων
1140 2372 1248 2444 (92)
1302 2371 1577 2445 ἀρνήσεως
1629 2371 1930 2448 ὑπηρέται,

283 2458 425 2533 ὑπὶρ
483 2462 578 2511 τοῦ
636 2459 712 2530 μὴ
782 2462 964 2534 σαφῶς
1037 2457 1357 2535 ἑλάγχεσθαι
1405 2466 1522 2523 τοῖς
1580 2460 1933 2538 Εὐαγγελίοις

279 2547 739 2620 ἀντιπράττοντες
807 2551 906 2601 τοῦ
965 2547 1163 2622 Κυρίου
1220 2551 1381 2622 ἡμῶν
1436 2551 1619 2620 Ἰησοῦ
1676 2556 1931 2627 Χριστοῦο

276 2636 368 2689 καὶ
400 2635 579 2696 οὕτως
629 2632 725 2690 δύο
770 2634 1086 2698 ὑποστάσεις
1138 2636 1436 2714 φαίνεσθαι,
1464 2634 1559 2693 ἕνα
1601 2640 1692 2693 τὸν
1722 2641 1935 2713 Πατέρα

279 2724 433 2792 Θεὸν,
482 2721 671 2798 ἕτερον
725 2722 783 2779 δὲ
829 2726 920 2780 τὸν
970 2726 1098 2781 Υἶὸν
1149 2723 1470 2803 ἄνθρωπον;
1513 2732 1621 2783 Φεῦ
1665 2734 1765 2797 τῆς
1812 2728 1934 2783 ἀσε-

281 2808 426 2874 ϐείας
464 2816 477 2869 1
514 2814 615 2868 Καὶ
644 2813 697 2868 τί
742 2811 903 2868 τοῦτο
954 2812 1194 2893 διαφάρει
1241 2823 1342 2885 τῆς
1394 2817 1753 2889 Σαμοσατέως
1797 2817 1935 2871 ἀπο-

282 2900 475 2977 λογίας
532 2920 547 2969 ;
606 2901 906 2957 εἰπάτωσαν
958 2900 1016 2957 δὲ
1063 2907 1179 2964 πῶς
1240 2902 1526 2975 ἄνθρωπος
1571 2905 1691 2978 περῖ
1742 2907 1934 2960 ἑαυτοῦ

280 2995 446 3043 ταῦτα
497 2992 815 3066 φθέγγεσθαι
862 2990 1066 3063 τολμᾷ.
1104 3016 1132 3043 ‹‹
1163 2998 1216 3047 '0
1255 2993 1509 3069 ἑωρακὼς
1561 2992 1677 3067 ἐμὶ,
1732 2995 1937 3070 ἑώρακε

280 3079 369 3133 τὸν
406 3080 674 3151 ιΙατὲρας
726 3084 914 3141 »Πῶς
974 3077 1031 3134 δὶ
1086 3081 1115 3135 6
1162 3080 1544 3158 εὐαγγελιστής
1594 3083 1718 3157 περὶ
1771 3082 1935 3138 αὑτοῦ

1963 1796 2010 1861 Β

2032 508 2205 564 fuerit
2233 514 2353 563 tres
2386 525 2666 580 personas
2698 524 2932 580 negare,
2966 525 3029 562 ac
3064 508 3253 564 dicere
3286 509 3475 566 solum
3506 510 3675 568 illum

2032 613 2160 653 esse
2190 598 2290 667 qui
2322 598 2440 652 ait:
2474 619 2502 647 ‹‹
2538 597 2661 653 Non
2695 614 2829 652 sum
2860 598 3045 666 solus,
3079 598 3218 669 quia
3249 599 3349 670 qui
3379 616 3472 656 me
3514 596 3680 658 misit

2034 686 2218 751 Pater,
2251 702 2481 741 mecum
2512 691 2601 741 est
2630 688 2695 740 ει.
2731 710 2753 737 ι
2792 686 2943 741 Voce
2975 703 3208 758 quoque
3236 686 3411 759 legali
3468 689 3677 757 utitur,

2034 790 2100 829 ac
2131 791 2233 845 per
2258 774 2442 845 illam,
2476 791 2539 830 se
2590 779 2647 830 et
2706 776 2935 830 Patrem
2994 777 3141 832 duos
3197 794 3327 833 esse
3384 777 3675 835 declarat:

2035 885 2063 911 ‹‹
2085 864 2147 917 In
2168 862 2295 935 lege
2319 885 2347 913 ››
2374 865 2551 933 enim,
2577 865 2785 935 inquit,
2812 888 2838 914 ‹‹
2864 870 3057 920 vestra
3079 867 3361 936 scriptum
3395 872 3507 935 est,
3539 866 3683 940 quia

2035 951 2285 1006 duorum
2318 952 2622 1007 hominum
2670 953 3075 1008 testimonium
3128 971 3329 1010 verum
3381 959 3508 1012 est:
3559 955 3677 1028 Ego

2034 1056 2190 1105 sum,
2225 1062 2252 1089 »
2284 1040 2493 1111 inquit,
2534 1063 2560 1094 α
2589 1042 2688 1113 qui
2718 1043 3118 1097 testimonium
3152 1042 3425 1115 perhibeo
3455 1045 3526 1101 de
3552 1060 3678 1101 me-

2032 1127 2193 1198 ipso:
2226 1130 2325 1183 30
2355 1134 2413 1184 et
2442 1130 2845 1185 testimonium
2878 1131 3143 1202 perhibet
3173 1133 3244 1186 de
3275 1148 3384 1203 me,
3418 1134 3516 1205 qui
3562 1133 3680 1189 mi-

2035 1216 2113 1271 sit
2139 1233 2230 1271 me
2263 1218 2427 1273 Pater
2454 1218 2516 1271 ’⁸.
2551 1240 2579 1268 ››
2631 1219 2857 1274 Etenim
2907 1236 3036 1274 ecce
3079 1222 3226 1275 duas
3276 1237 3575 1294 personas,
3620 1226 3681 1279 et

2035 1305 2085 1361 si
2115 1307 2276 1362 dicas
2307 1308 2454 1361 duas
2487 1323 2685 1362 revera
2716 1325 2829 1363 non
2859 1325 3008 1378 esse,
3052 1310 3193 1364 dum
3242 1309 3348 1365 hoc
3392 1311 3675 1381 afﬁrmas,

2037 1411 2153 1450 non
2185 1395 2332 1451 sinis
2360 1395 2763 1451 testimonium
2798 1404 3085 1465 constare,
3132 1400 3285 1468 quod
3331 1404 3528 1456 tamen
3581 1416 3679 1456 ve-

2038 1500 2168 1538 rum
2200 1490 2308 1539 est.
2342 1485 2420 1539 Eo
2453 1485 2667 1557 quippe
2686 1486 3091 1541 testimonium
3114 1487 3255 1542 illud
3282 1490 3675 1560 conﬁrmatur,

2039 1573 2194 1644 quod
2229 1590 2342 1628 non
2374 1573 2446 1629 ab
2480 1590 2593 1629 uno
2628 1575 2773 1641 solo,
2805 1575 2904 1630 sed
2936 1592 2969 1630 a
3000 1576 3229 1631 duobus
3280 1577 3676 1649 perhibeatur.

2040 1661 2344 1718 Enimvero
2376 1664 2722 1719 testiﬁcatus
2749 1668 2839 1719 est
2859 1664 3030 1719 Pater
3049 1665 3121 1721 de
3151 1665 3294 1721 cmlo
3323 1665 3417 1722 his
3452 1668 3676 1724 verbis:

2039 1774 2068 1801 «
2101 1751 2204 1806 Hic
2232 1756 2323 1807 est
2349 1751 2530 1817 Filius
2560 1769 2728 1808 meus
2758 1753 3008 1808 dilectus
3038 1754 3114 1809 ’δε
3146 1776 3174 1803 ››
3222 1758 3281 1809 et
3327 1755 3508 1811 Filius
3560 1756 3679 1825 Dei,

2040 1840 2410 1912 unigenitum
2444 1841 2543 1896 Dei
2576 1841 2785 1897 Filium
2811 1860 2871 1897 se
2901 1859 3029 1898 esse
3057 1848 3328 1914 testatur,
3350 1849 3408 1899 et
3429 1844 3680 1918 Patrem,

2042 1935 2243 1999 aperta
2271 1929 2650 1986 audientibus
2681 1929 3039 1998 hominibus,
3082 1931 3173 1987 his
3220 1932 3412 1989 verbis
3463 1934 3683 1990 allocu-

2041 2023 2139 2073 tus
2169 2022 2295 2073 est:
2346 2040 2375 2068 ‹‹
2407 2018 2695 2074 Conﬁteor
2742 2019 2871 2087 tibi,
2920 2020 3104 2089 Pater,
3152 2020 3393 2076 Domine
3440 2020 3565 2077 cceli
3625 2027 3686 2080 et

2042 2111 2228 2173 terrae,
2262 2105 2401 2177 quia
2432 2106 2790 2162 abscondisti
2821 2107 2942 2163 haec
2972 2126 3005 2163 a
3035 2108 3402 2180 sapientibus
3442 2118 3495 2164 et
3540 2127 3685 2182 pru-
3792 2138 3793 2141 η

2044 2195 2343 2261 dentibus,
2376 2201 2435 2250 et
2463 2196 2731 2251 revelasti
2764 2213 2830 2251 ea
2861 2196 3139 2268 parvulis.
3175 2200 3277 2264 Ita,
3308 2199 3513 2254 Pater:
3548 2199 3690 2271 quia

2045 2283 2130 2339 sic
2152 2284 2261 2338 fuit
2284 2282 2561 2355 placitum
2585 2290 2718 2340 ante
2741 2291 2813 2341 te.
2839 2286 3049 2342 Omnia
3074 2287 3216 2341 mihi
3254 2288 3468 2343 tradita
3494 2295 3635 2345 sunt
3654 2306 3689 2346 a

2045 2372 2211 2428 Patre
2238 2390 2366 2429 meo
2389 2375 2452 2429 ’7.
2482 2396 2509 2423 »
2539 2374 2650 2430 Sed
2674 2373 2814 2446 quid
2842 2376 2913 2429 ad
2933 2375 3054 2430 haec
3082 2378 3685 2447 respondentJudaeo-

2045 2479 2174 2517 rum
2226 2463 2551 2535 negationis
2597 2464 2965 2521 administri:
3009 2480 3080 2519 ne
3124 2465 3316 2535 palam
3360 2467 3686 2538 deprehen-

2045 2551 2262 2606 dantur
2317 2552 2612 2607 adversari
2664 2551 2992 2623 Evangeliis
3044 2554 3273 2607 Domini
3316 2556 3501 2609 nostri
3542 2556 3686 2613 Jesu

2044 2640 2257 2697 Christi
2283 2657 2296 2707 ;
2321 2646 2377 2695 et
2399 2656 2468 2694 ne
2492 2640 2575 2695 sic
2595 2640 2722 2694 dum
2746 2640 3091 2711 hypostases
3128 2647 3465 2713 appareant,
3499 2660 3687 2701 unum

2046 2745 2253 2800 nempe
2285 2729 2535 2797 Patrem,
2582 2734 2785 2795 Deum,
2830 2728 3078 2784 alterum
3123 2746 3256 2784 vero
3308 2730 3542 2799 Filium,
3590 2732 3690 2787 ho-

2045 2818 2263 2873 minem
2285 2818 2312 2871 ?
2340 2835 2372 2873 o
2404 2816 2766 2888 impietatem
2796 2818 2805 2871 Ι
2845 2818 3062 2888 Ecquid
3095 2817 3239 2872 illud
3296 2818 3490 2873 diti‘ert
3519 2837 3553 2874 a
3583 2819 3687 2875 Sa-

2046 2906 2398 2961 mosatensis
2422 2904 2799 2960 defensione?
2830 2905 3033 2959 Dicant
3054 2923 3168 2976 quo
3191 2909 3359 2977 pacto
3396 2906 3569 2963 homo
3597 2913 3682 2963 ta-

2043 2994 2123 3049 lia
2152 2995 2223 3048 de
2252 2992 2445 3063 seipso
2476 2993 2633 3064 loqui
2664 2994 2878 3048 audeat
2904 3009 2915 3047 :
2951 3014 2979 3042 ‹‹
3011 2995 3117 3059 Qui
3150 2994 3293 3049 vidit
3322 3012 3413 3049 me
3442 2995 3591 3051 vidit
3631 3000 3689 3053 et

2047 3082 2271 3137 Patrem
2294 3083 2338 3116 ⁸⁸
2364 3085 2385 3136 P
2407 3105 2434 3131 ››
2465 3084 2578 3137 Aut
2608 3099 2712 3137 cur
2750 3080 3112 3153 evangelista
3169 3083 3360 3154 ipsum
3407 3084 3487 3139 ita
3532 3083 3689 3141 locu-

280 3173 449 3223 ταῦτα
480 3169 853 3245 φθηγομὲνου
904 3175 1183 3245 μαρτυρεῖ,
1233 3169 1314 3225 ὅτι
1366 3170 1577 3246 Πατέρα
1606 3169 1742 3226 ἴδιον
1779 3169 1931 3248 ἔλεγε

2048 3176 2165 3226 tum
2190 3176 2476 3226 testatur:
2502 3186 2711 3242 nempe
2732 3172 2889 3241 quod
2914 3172 3093 3225 Deum
3113 3174 3339 3227 Patrem
3362 3189 3538 3228 suum
3560 3189 3691 3230 esse

279 3257 370 3311 τὸν
405 3259 540 3312 Θεὸν
594 3254 708 3310 ἴσον
759 3257 943 3312 ἑαυτὸν
992 3263 1163 3312 ποιῶν
1192 3263 1272 3330 τῷ
1312 3262 1427 3331 Θεῷ
1460 3278 1475 3329 ;
1508 3259 1617 3314 Οὐκ
1648 3258 1933 3336 ἄνθρωπος

285 3344 402 3409 ἴσος
434 3351 519 3417 τῶ
548 3350 686 3418 Θεῷ,
738 3344 865 3400 ἀλλ’
899 3347 928 3400 6
958 3346 1017 3400 ἐκ
1060 3352 1157 3401 τοῦ
1199 3348 1311 3421 (93)
1359 3353 1492 3403 Θεοῦ
1540 3350 1668 3411 Θεὸς
1721 3346 1805 3404 ἶσα
1834 3347 1934 3420 ἔξει

280 3440 358 3507 τῷ
386 3437 735 3511 γεγεννηκὸτι
765 3436 901 3490 κατά
928 3435 1027 3503 τὴν
1079 3434 1257 3513 φύσιν,
1290 3436 1363 3499 ὡς
1406 3437 1496 3491 καὶ
1539 3436 1761 3499 Παῦλος
1796 3459 1929 3514 μαρ⁹

276 3529 452 3599 τυρεῖ,
488 3522 552 3577 οὖ
583 3524 707 3599 περὶ
753 3526 852 3592 τῆς
906 3522 1383 3600 ἐνανθρωπιςσεως,
1414 3522 1561 3580 ἀλλὰ
1603 3527 1671 3580 τὰ
1700 3526 1807 3602 πρὸ
1835 3533 1937 3596 τῆς

281 3613 746 3688 ἐνανθρωπήσεως
777 3611 1137 3688 ἐξηγούμενος
1160 3616 1293 3687 (94)’
1321 3636 1343 3664 ι
1374 3616 1486 3684 Ὃς,
1508 3613 1559 3668 ἰν
1597 3618 1780 3690 μορφῇ
1804 3619 1938 3670 Θεοῦ

285 3702 579 3777 ὑπάρχων,
614 3701 722 3776 οὐχ
760 3702 1047 3777 ἁρπαγμὸν
1075 3704 1322 3777 ἡγήσατο
1350 3704 1414 3757 τὸ
1447 3703 1579 3757 εἶναι
1612 3701 1699 3757 ξ’σα
1728 3708 1866 3775 Θεῷ.
1910 3727 1938 3757 »

284 3792 471 3863 Ἰσμεν
521 3790 617 3843 καὶ
666 3789 1018 3863 ἀνθρωπίνως
1047 3790 1318 3854 πολλάκις
1365 3791 1457 3847 τὸν
1509 3799 1742 3867 Σωτῆρα
1787 3794 1940 3869 φθεγ-

283 3880 543 3953 γόμενον·
584 3877 715 3933 ἀλλ’
745 3877 852 3955 οὐχ
883 3878 972 3934 ὅτε
1002 3879 1184 3955 φησίν·
1220 3905 1249 3932 ‹‹
1275 3880 1415 3956 Ἐγώ
1448 3880 1560 3953 εἰμι
1593 3881 1621 3935 ὁ
1656 3885 1942 3956 μαρτυρῶν

285 3970 407 4039 περὶ
462 3967 727 4041 ἐμαυτοῦ,
768 3968 857 4021 καὶ
912 3974 1171 4043 μαρτυρεῖ
1212 3970 1335 4045 περὶ
1386 3969 1521 4042 ἐμοῦ
1549 3970 1577 4024 ὁ
1606 3970 1823 4043 πέμψας
1876 3990 1943 4042 με

286 4060 500 4131 Πατήρ.
533 4081 564 4109 n
616 4056 687 4109 Οὑ
732 4056 834 4131 γὰρ
878 4053 1158 4132 ἅνθρωπος
1208 4058 1237 4111 6
1284 4056 1550 4134 πεμφθείς
1592 4057 1666 4119 εἰς
1714 4058 1804 4111 τὸν
1846 4056 1940 4112 κό-

287 4167 447 4218 σμον,
478 4147 506 4200 6
532 4143 726 4220 λέγων·
762 4170 789 4197 (ι
822 4150 913 4200 Ἐκ
963 4150 1058 4199 τοῦ
1111 4147 1319 4222 Πατρὸς
1358 4144 1582 4216 ἐξῆλθον
1615 4147 1705 4201 καὶ
1736 4146 1874 4216 ἥκω·
1914 4171 1936 4199 ι

286 4238 315 4289 6
345 4235 546 4311 λέγων’
583 4260 610 4285 «ι
642 4233 830 4295 Οὕτως
862 4234 965 4309 γὰρ
1014 4234 1294 4309 ἠγάπησεν
1347 4236 1374 4289 6
1405 4235 1533 4297 Θεὸς
1581 4236 1673 4290 τὸν
1712 4236 1940 4309 κόσμον,

291 4326 431 4380 ὥστε
458 4326 553 4378 τὸν
608 4324 729 4377 Υἳὸν
776 4320 942 4377 αὑτοῦ
989 4323 1081 4378 τὸν
1135 4326 1409 4399 μονογενῆ
1458 4322 1677 4397 ἔδωκεν,
1722 4324 1812 4379 τίνα
1841 4331 1944 4387 πᾶς

290 4415 319 4468 6
368 4411 643 4467 πιστεύων
696 4410 770 4472 εἰς
820 4410 979 4465 αὑτὸν
1023 4413 1136 4484 (95)
1189 4413 1264 4484 μὴ
1316 4410 1622 4483 ἀπόληται,
1672 4411 1797 4469 ἀλλ’
1840 4410 1944 4489 ἔχῃ

295 4504 439 4570 ζωὴν
490 4500 735 4554 αἰώνιονο
770 4524 799 4551 n
833 4500 861 4554 6
914 4499 1105 4576 λέγων·
1135 4525 1164 4551 ‹‹
1199 4495 1555 4572 Καταϐἐόηκα
1608 4501 1667 4556 ἐκ
1712 4507 1809 4558 τοῦ
1848 4501 1943 4556 οό-

294 4594 481 4665 ρανοῦ,
515 4587 623 4663 οὑχ
653 4586 738 4642 ἵνα
766 4593 910 4643 ποιῶ
932 4589 996 4643 τὸ
1018 4587 1237 4663 θέλημα
1265 4592 1405 4663 (95')
1434 4591 1497 4645 τὸ
1528 4588 1679 4663 ἆμὸν,
1712 4589 1856 4646 ἀλλὰ
1879 4591 1942 4645 τὸ

296 4678 515 4750 θέλημα
545 4682 642 4731 τοῦ
691 4677 1004 4750 πέμψαντός
1062 4699 1147 4751 με.
1198 4702 1227 4731 »
1272 4677 1429 4735 Ἀλλ’
1479 4679 1523 4734 εἰ
1572 4678 1746 4742 θέλεις
1799 4679 1943 4751 αὐτῷ

367 4851 413 4892 ιι
441 4853 614 4905 Joan.
646 4866 770 4918 vm,
806 4850 891 4906 16.

997 4850 1042 4884 π
1098 4849 1243 4905 ibid.
1300 4852 1388 4919 ιγ,
1447 4852 1534 4906 18.

295 4938 408 4990 xxv,
440 4922 496 4976 9.

362 5112 478 5181 (90)
510 5109 876 5184 Basiliensis,
907 5111 977 5184 τῇ
1009 5112 1210 5181 νομικῇ
1242 5114 1419 5184 φωνῇ.
1453 5112 1629 5184 Infra,
1678 5113 1758 5181 τῷ
1805 5109 1940 5184 ὑμε-

362 5131 478 5181 tW}
510 5131 876 5176 natuensls,
907 5131 977 5181 τῃ
1009 5131 1210 5181 νομικῃ
1282 5131 1419 5184 ωνῃ.
1453 5131 1629 5174 intra,
1678 5131 1758 5181 τῳ
1805 5131 1940 5182 υμε-

294 5183 455 5254 τίρφ,
491 5184 555 5237 in
586 5181 785 5238 Graeco
813 5181 1119 5254 Scriptura:
1148 5131 1330 5253 texcfu,
1374 5188 1432 5239 et
1484 5182 1544 5237 in
1589 5182 1941 5254 Segueriano

295 5252 527 5326 legitur,
573 5260 634 5309 at
663 5254 722 5307 in
753 5252 951 5309 castor.
971 5253 1142 5326 codd.
1174 5257 1231 5326 et
1260 5256 1399 5309 edit.
1432 5271 1546 5309 non
1579 5252 1848 5326 habetur.

359 5322 495 5453 (91)³
532 5326 801 5453 selguer.,
860 5325 996 5377 Θεοῦ
1049 5342 1109 5376 τε
1157 5324 1304 5408 ,εῖναι
1364 5324 1670 5397 μονογενὴς
1820 5322 1942 5385 Υἱός

359 5414 421 5453 ex
500 5413 589 5453 as:
622 5438 662 5453 ..
695 5392 1014 5450 διείλεκται.
1066 5395 1217 5451 Editi
1263 5413 1398 5453 vero
1442 5402 1501 5453 et
1555 5404 1766 5453 caeteri.
1824 5392 1942 5453 διή-

292 5392 421 5523 ῗὲἐ
452 5392 662 5464 BasiE,
695 5392 1014 5450 διείλεκται.
1066 5395 1217 5451 Editi
1263 5392 1398 5453 vero
1442 5402 1501 5453 et
1555 5398 1766 5468 caeteri,
1824 5392 1944 5465 διή-

422 5488 499 5523 αι.

422 5488 499 5524 αι.

360 5543 473 5613 (92)
509 5541 598 5596 Ita
626 5539 889 5613 segnem,
924 5540 1102 5594 recte.
1144 5537 1317 5613 Editi_
1350 5554 1534 5613 vero,_
1558 5538 1609 5592 οἱ
1660 5542 1767 5613 τῶν
1818 5538 1948 5595 Ἰου·

293 5606 476 5673 δαίων.
540 5606 731 5670 [ιπη-
753 5625 966 5669 omnes
1022 5610 1430 5683 manuscripti,
1510 5607 1950 5688 ἀντιπράττοντες

1637 4851 1682 4886 ³⁸
1725 4850 1928 4906 Matth.
1990 4858 2074 4915 in,
2132 4849 2231 4915 17;
2284 4863 2418 4913 xvu,
2479 4849 2533 4902 5.

576 4922 623 4956 ²⁹
652 4921 902 4995 Philipp.
939 4938 1001 4992 ιι,
1032 4923 1088 4976 6.
1166 4921 1212 4957 ⁸ο
1239 4918 1409 4978 Joan.
1434 4939 1554 4989 vui,
1587 4923 1671 4979 18.
1750 4923 1794 4959 ⁸⁸
1823 4922 1931 4977 Joa

2048 4938 2142 4991 va,
2175 4921 2263 4973 28.
2342 4920 2387 4954 θ’
2424 4918 2594 4973 Joan.
2627 4934 2713 4983 ιιι,
2750 4919 2837 4972 16.

2045 3260 2273 3329 dixerit,
2305 3259 2706 3330 aequalemque
2736 3274 2865 3314 sese
2896 3264 3007 3314 Deo
3057 3260 3306 3315 fecerit?
3351 3260 3475 3316 Non
3530 3262 3688 3318 enim

2044 3352 2133 3403 est
2162 3347 2336 3403 homo
2368 3348 2483 3403 Deo
2512 3346 2794 3418 aequalis;
2827 3348 2925 3402 sed
2959 3347 3112 3403 Deus
3142 3364 3210 3403 ex
3259 3348 3394 3419 Deo,
3442 3349 3690 3422 aequalis

2045 3436 2368 3491 secundum
2403 3441 2673 3491 naturam
2706 3435 2816 3489 erit
2843 3435 2893 3489 ei
2926 3434 3027 3505 qui
3056 3450 3120 3489 se
3149 3436 3464 3507 generavit,
3523 3440 3587 3491 ut
3636 3444 3693 3492 et

2048 3524 2264 3580 Paulus
2294 3529 2559 3595 testatur,
2596 3523 2692 3578 ubi
2726 3540 2839 3579 non
2871 3523 2944 3579 de
2973 3524 3398 3591 incarnatione,
3462 3526 3562 3581 sed
3617 3525 3690 3581 de

2047 3612 2121 3668 iis
2178 3630 2305 3684 quas
2360 3613 2821 3668 incarnationem
2882 3628 3227 3683 praecessere
3284 3615 3459 3669 verba
3514 3614 3687 3670 facit:

2048 3723 2078 3752 «
2112 3703 2217 3768 Qui
2249 3718 2381 3757 cum
2414 3702 2472 3756 in
2507 3703 2697 3756 forma
2728 3701 2823 3756 Dei
2854 3705 3031 3765 esset,
3065 3717 3180 3756 non
3217 3703 3483 3771 rapinam
3536 3702 3696 3756 arbi-

2049 3796 2240 3847 tratus
2269 3795 2504 3846 estesse
2536 3806 2597 3844 se
2627 3789 2911 3861 aequalem
2942 3789 3057 3844 Deo
3090 3790 3152 3843 ’9.
3183 3807 3210 3839 ε
3248 3790 3476 3843 Scimus
3495 3794 3693 3844 autem

2050 3880 2340 3934 Christum
2375 3880 2721 3950 plerumque
2740 3878 3066 3932 secundum
3086 3877 3509 3931 humanitatem
3531 3876 3693 3933 locu-

2050 3974 2178 4024 tum
2211 3970 2431 4023 fuisse:
2466 3973 2524 4022 at
2555 3984 2667 4020 non
2706 3968 2940 4037 quando
2971 3965 3153 4021 dixit:
3191 3988 3220 4015 «
3254 3966 3369 4036 Ego
3400 3982 3532 4021 sum
3591 3966 3696 4037 qui

2052 4057 2454 4114 testimonium
2488 4054 2765 4126 perhibeo
2796 4056 2866 4110 de
2899 4055 3123 4126 meipso
3151 4071 3164 4109 :
3199 4058 3255 4109 et
3286 4054 3695 4110 testimonium

2051 4146 2316 4219 perhibet
2334 4145 2405 4199 de
2432 4161 2545 4214 me,
2576 4144 2674 4214 qui
2707 4143 2869 4199 misit
2900 4160 3012 4209 me,
3044 4144 3214 4198 Pater
3234 4145 3298 4198 ³ο.
3337 4165 3364 4189 η
3395 4143 3519 4199 Νοιι
3536 4143 3697 4200 enim

2053 4237 2225 4291 homo
2255 4238 2345 4289 est
2374 4232 2474 4305 qui
2506 4233 2725 4289 missus
2756 4236 2845 4288 est
2873 4231 2930 4286 in
2966 4232 3275 4302 mundum,
3327 4237 3384 4287 et
3431 4233 3553 4289 ait:
3593 4257 3613 4282 ι
3650 4235 3698 4290 A

2051 4326 2219 4381 Patre
2248 4322 2393 4379 exivi
2422 4327 2480 4378 et
2507 4322 2669 4377 venio
2692 4323 2732 4356 3'
2770 4339 2781 4377 :
2818 4343 2845 4371 ››
2879 4322 2978 4392 qui
3002 4322 3139 4375 item
3166 4320 3340 4376 dicit:
3373 4342 3400 4375 ιι
3423 4322 3517 4377 Sic
3538 4322 3697 4378 enim

2052 4413 2202 4468 Deus
2236 4411 2435 4466 dilexit
2467 4411 2776 4481 mundum,
2813 4415 2875 4465 ut
2924 4410 3133 4464 Filium
3193 4426 3367 4465 suum
3428 4411 3699 4483 unigeni-

1976 4524 2021 4587 Ι)
2053 4507 2178 4556 tum
2204 4501 2405 4555 daret:
2442 4504 2504 4553 ut
2534 4500 2725 4553 omnis
2746 4498 2844 4569 qui
2864 4498 3049 4554 credit
3071 4498 3129 4552 in
3156 4514 3315 4566 eum,
3343 4514 3456 4553 non
3479 4505 3699 4570 pereat,

2054 4590 2154 4646 sed
2195 4589 2407 4644 habeat
2464 4588 2644 4642 vitam
2702 4591 2979 4643 internum
3009 4588 3093 4655 3’;
3130 4612 3157 4635 υ
3218 4587 3319 4658 qui
3377 4586 3553 4643 etiam
3613 4588 3701 4643 di-

2052 4680 2163 4734 cit:
2197 4701 2226 4729 «
2257 4677 2539 4733 Descendi
2574 4678 2645 4732 de
2674 4675 2835 4745 coelo,
2885 4693 3002 4732 non
3052 4681 3117 4731 ut
3168 4676 3378 4732 faciam
3434 4676 3701 4733 volunta-

2645 4846 2688 4880 ²⁷
2744 4845 2942 4901 Matth.
3004 4862 3082 4913 χι,
3142 4846 3327 4901 25-27.
3433 4845 3477 4881 ³⁸
3534 4845 3705 4903 Joan.

2049 5108 2137 5163 τὸν
2172 5108 2370 5182 Κύριον
2390 5107 2563 5182 *ἡμῶν
2598 5105 2821 5182 Ἰησοῦν
2838 5104 3065 5182 Χριστὸν
3101 5103 3228 5182 ;›ιαὶ
3253 5101 3426 5182 οὕτως
3456 5105 3552 5182 τὰς
3584 5102 3701 5182 ᾃρο,

2125 5181 2227 5252 (93(
2257 5175 2647 5252 Ὀοὶιιθι-ἰαιιιιε
2678 5175 3112 5252 ethFelckman.
3165 5180 3219 5245 1,
3268 5181 3347 5248 τῷ
3389 5181 3527 5249 Θεῷ,
3574 5175 3705 5232 ἀλλ’

2054 5252 2082 5307 6
2110 5248 2169 5305 ix
2195 5254 2311 5317 τοῦ,
2345 5250 2582 5305 omissis
2615 5248 2845 5304 mediis.

2124 5324 2238 5396 (94)
2270 5316 2544 5396 Basil._et
2589 5326 2844 5396 Segu_e_r.,
2888 5318 3071 5396 φύσιν,
3105 5317 3179 5380 ὡς
3232 5319 3321 5374 καὶ
3367 5316 3549 5396 ἕτερος
3609 5338 3708 5396 μας

2054 5387 2231 5467 θητὴς
2263 5392 2290 5446 ὀ
2318 5396 2425 5467 τῶν
2454 5390 2613 5467 ἐθνῶν
2641 5387 2985 5467 -διόἀσξιαλος
3041 5396 3302 5467 μαρτυρεῖ
3349 5387 3592 5463 Παῦλος,
3610 5387 3620 5393 ’
3640 5389 3704 5447 οὗ

2054 5461 2178 5539 περι
2206 5467 2306 5539 τῆς
2339 5462 2791 5539 ἰνανθρωπῇσεως
2824 5461 3018 5539 λέγων,

2128 5533 2240 5607 (95)
2272 5533 2510 5607 Seguerl
2530 5536 2740 5607 habet,
2773 5533 2853 5587 ἐπ’
2885 5533 3067 5589 ἁύτόν.

2127 5605 2241 5682 (95)
2270 5605 2375 5664 Sic
2395 5605 2697 5665 Basilicus.
2748 5609 2983 5682 Seguer.
3016 5611 3076 5665 et
3107 5610 3342 5666 Graecus
3388 5607 3703 5680 Scriptum

3398 64 3497 147 (τίη,
4037 87 4052 140 ;,

3362 150 3471 191 +3»:
3656 152 3677 205 ζ
3718 154 3911 219 ’χιῖηχ
4037 179 4074 192 ,κ

3578 230 3597 239 κ
3656 278 3709 307 ι.
3776 224 4084 312 ’έίίλέ-τί

3383 423 3678 493 apostasia
3856 490 3859 495 ι
3932 456 3959 495 ,ί

3362 510 3475 566 lum
3506 510 3675 568 illum
3890 510 3905 519 ’
3932 502 4048 588 ἧὲί
4077 525 4082 536 ’

3379 616 3472 656 me
3514 596 3680 658 misit
3862 624 3881 645 ι
3999 597 4034 656 ’ἶ

3362 688 3411 743 .li
3468 689 3677 757 utitur,
3898 679 4046 765 λ.μῖ

3384 777 3675 835 declarat:
3888 786 3967 839 ra:
4013 811 4022 816 ~

3395 872 3507 935 est,
3539 866 3683 940 quia
3878 853 4014 947 ςέ-
4043 917 4048 920 .

3381 959 3508 1012 est:
3559 955 3677 1028 Ego
3888 945 4036 1034 τ*

3362 1060 3425 1100 eo
3455 1045 3526 1101 de
3552 1060 3678 1101 me-
3914 1044 3971 1101 Σο
3993 1033 4026 1116 ,ξ

3362 1162 3384 1203 ε,
3418 1134 3516 1205 qui
3562 1133 3680 1189 mi-

3362 1238 3575 1294 τεοιιειε,
3620 1226 3681 1279 et
3922 1219 3994 1302 ί

3392 1311 3675 1381 afﬁrmas,

3362 1416 3528 1456 amen
3581 1416 3679 1456 ve-
3920 1400 4027 1469 ’ξέν’
4061 1461 4070 1470 _

3362 1490 3675 1560 iﬁrmatur,
3872 1524 3875 1527 ι
3954 1482 4015 1542 ⁸
4037 1483 4078 1552 β’

3362 1577 3676 1636 rhibeatur.
3904 1576 3963 1631 ³4
3982 1564 4060 1650 ς

3366 1667 3417 1722 is
3452 1668 3676 1724 verbis:
3898 1680 3915 1723 ‘-
3938 1664 4054 1744 :3’,

3362 1755 3508 1811 'ilius
3884 1770 3889 1775 ’
3930 1741 4058 1826 »ςλ

3362 1849 3408 1899 at
3429 1844 3680 1918 Patrem,
3850 1868 3853 1869 ν
3930 1833 4068 1920 ,ιη

3362 1932 3412 1989 is
3463 1934 3683 1990 allocu-
3862 1962 3865 1965 -
3926 1918 4060 1993 ἷζὲοῖ-

3363 2038 3393 2076 ο
3440 2020 3565 2077 cceli
3625 2027 3686 2080 et
4021 2021 4084 2100 γ’

3362 2128 3402 2164 ιε
3442 2118 3495 2164 et
3540 2127 3685 2182 pru-
3792 2138 3793 2141 η
3878 2150 3881 2155 ν
3966 2104 3979 2163 Ῐ

3362 2203 3513 2254 ater:
3548 2199 3690 2271 quia

3362 2288 3468 2343 iita
3494 2295 3635 2345 sunt
3654 2306 3689 2346 a
3944 2282 4021 2369 ίίῖ
4053 2339 4064 2370 ζ

3362 2382 3437 2433 int
3453 2378 3685 2435 Judaeo-
3860 2454 3863 2457 ἤ
3926 2370 4070 2454 '91.:

3362 2467 3686 2538 deprehen-
3912 2520 3915 2529 .
3954 2453 4048 2551 ’.ζ’

3362 2556 3501 2609 ostri
3542 2556 3686 2613 Jesu

3362 2647 3465 2713 int,
3499 2660 3687 2701 unum
3976 2645 4072 2745 εἷλ’

3362 2730 3542 2799 ilium,
3590 2732 3690 2787 ho—
3988 2727 4082 2812 ‘Il
