4126 6218
408 340 523 404 103

1590 334 1653 393 S.
1701 329 2228 393 ATHANASIUS.
2256 362 2336 375 —
2363 328 2629 392 DUBIA.

3694 335 3811 395 104

408 475 525 527 tem
561 478 772 537 meam,
804 468 906 523 sed
935 466 1289 523 voluntatem
1325 466 1453 537 ejus
1484 465 1585 536 qui
1618 464 1779 519 misit
1809 479 1902 518 me
1931 462 1996 516 ³³.
2016 481 2042 512 ιν

2177 458 2515 535 Ξινθρωπίνως
2566 460 2820 529 ἀκοῦσαι,
2871 459 3222 534 ἁρμοζόντως
3268 464 3337 533 τῇ
3395 461 3647 538 ὀρωμένῃ
3677 466 3813 519 κατᾶ

410 560 520 615 Sed
552 559 602 614 si
631 558 719 612 vis
750 573 884 611 eum
942 556 1147 611 audire
1206 555 1545 623 loquentem
1592 553 1958 617 humanitus,
2001 555 2057 606 et

409 652 798 719 congruenter
817 646 889 700 ad
920 645 1215 700 carnalem
1251 646 1521 711 formam,
1573 659 1701 712 qum
1760 641 2053 712 apparuit,

408 741 464 791 et
493 737 562 791 ad
597 735 1049 799 humanitatem,
1080 750 1255 804 quam
1290 733 1587 786 auditores
1610 732 1737 800 ejus
1760 730 1978 784 nudam
2002 732 2059 783 et

407 823 591 880 solam
611 823 667 877 in
687 838 753 877 eo
774 822 1209 890 existimabant,
1234 821 1370 875 audi
1395 822 1569 875 verba
1603 820 1765 889 ejus:
1812 841 1839 867 «
1862 817 1919 870 Si
1951 832 2055 887 ego

406 913 811 969 testimonium
873 911 1146 981 perhibeo
1206 909 1277 963 de
1325 909 1569 979 meipso,
1651 905 2056 962 testimonium

407 1018 606 1057 meum
640 1017 753 1055 non
786 1006 874 1055 est
901 1015 1122 1053 verum.
1149 999 1195 1033 ³⁸
1220 1020 1247 1047 ››
1271 998 1432 1063 Quod
1482 996 1704 1052 scilicet
1726 1009 1914 1065 neque
1946 994 2058 1047 fide

410 1092 623 1164 dignus
645 1090 742 1157 sit,
769 1105 955 1160 neque
978 1087 1111 1142 talis
1133 1088 1500 1142 existimetur
1522 1085 1715 1151 homo,
1750 1084 1847 1155 qui
1870 1084 1943 1137 de
1964 1100 2057 1137 se-

409 1181 536 1251 ipso
568 1178 966 1233 testimonium
1005 1178 1188 1231 ferat:
1223 1193 1358 1231 cum
1393 1179 1584 1230 autem
1630 1173 1772 1229 dicit
1802 1189 1814 1227 :
1878 1195 1907 1222 «
1937 1171 2058 1226 Etsi

407 1284 511 1340 ego
542 1265 947 1322 testimonium
982 1265 1253 1337 perhibeo
1300 1264 1371 1318 de
1423 1264 1671 1334 meipso,
1722 1277 1925 1316 verum
1972 1264 2061 1314 est

407 1356 808 1412 testimonium
844 1369 1061 1419 meum,
1097 1355 1236 1424 quia
1288 1353 1408 1407 scio
1458 1353 1613 1406 unde
1662 1349 1793 1405 veni
1847 1354 1903 1404 et
1948 1365 2060 1419 quo

406 1444 551 1499 vado
579 1445 641 1497 ³⁵.
680 1464 705 1491 ››
738 1442 980 1507 Quando
1017 1448 1245 1496 Patrem
1278 1445 1333 1496 et
1360 1455 1489 1495 sese
1522 1454 1861 1502 numerans,
1912 1437 2061 1491 duos

406 1549 531 1588 esse
560 1532 702 1587 dicit
731 1530 926 1603 gloriae
958 1548 1077 1586 suae
1115 1536 1311 1595 testes,
1364 1543 1742 1600 nequaquam
1797 1526 2063 1581 humana

406 1621 687 1693 loquitur,
720 1620 819 1675 sed
853 1637 1033 1690 supra
1063 1634 1298 1674 omnem
1333 1618 1655 1673 humanam
1682 1616 2058 1687 dignitatem:

408 1710 609 1780 ecquid
642 1710 768 1764 dico
818 1708 1190 1764 humanam?
1246 1725 1425 1779 supra
1484 1705 1829 1777 angelicam,
1882 1720 2063 1775 supra

406 1798 796 1870 principatus,
832 1814 1011 1869 supra
1043 1801 1383 1868 potestates,
1407 1812 1587 1867 supra
1609 1794 2059 1849 dominationes.

406 1891 530 1953 Qua
560 1886 717 1943 enim
750 1886 974 1941 ratione
1019 1886 1193 1941 homo
1238 1886 1355 1941 Deo
1400 1882 1776 1939 annumerari
1821 1880 2055 1953 possit?

407 1994 536 2048 quae
569 1976 718 2030 inter
744 1991 843 2030 eos
874 1973 1152 2043 afﬁnitas,
1184 1990 1311 2043 quea
1343 1971 1682 2028 communio
1708 1970 1734 2024 '?
1766 1970 1875 2025 Sed
1918 1985 2053 2024 cum

405 2066 584 2120 dicit:
620 2063 971 2119 «Confiteor
1027 2063 1154 2129 tibi,
1220 2064 1403 2126 Pater,
1465 2061 1707 2115 Domine
1765 2057 1891 2114 coeli
1946 2064 2005 2113 et
2061 2062 2231 2112 terra:
2252 2058 2371 2123 3°,»

2166 550 2334 624 σάρκα
2394 554 2601 626 μορφῇ,
2660 550 2748 604 καὶ
2804 553 2870 622 τῇ
2923 552 3264 624 νομιζομένῃ
3322 550 3463 626 ψιλῇ
3507 551 3652 626 παρὰ
3692 558 3816 615 τοῖς

2167 638 2452 692 ἀκούσασιν
2527 638 2902 714 ἀνθρωπότητι
2944 683 2958 708 ,
3019 640 3179 694 ἄκουε
3257 638 3509 715 λέγοντος
3580 641 3745 696 αὐτοῦ
3799 662 3812 675 ·

2169 751 2195 776 ‹‹
2230 727 2290 779 Ei
2501 726 2609 800 ἐγὼ
2666 731 2924 800 μαρτυρῶ
2979 728 3102 803 περὶ
3154 728 3412 801 ἐμαυτοῦ,
3463 732 3497 798 ἡ
3551 730 3819 806 μαρτυρία

2171 836 2275 887 μου
2305 814 2520 883 ἀληθὴς
2553 814 2650 869 οὐκ
2679 812 2811 869 ἔστι⁰
2847 840 2873 867 ››
2906 817 3041 869 κατά
3070 817 3130 870 τὸ
3185 817 3260 889 μὴ
3312 817 3620 889 ἀξιόπιστον
3661 818 3816 892 εἶναι,

2172 902 2310 975 μηδὲ
2341 904 2649 976 νομίζεσθαι
2711 904 2992 978 ἄνθρωπον
3051 906 3222 977 ἑαυτῷ
3281 911 3678 982 μαρτυροῦντα·
3730 911 3819 962 ὅτε

2168 990 2225 1046 δέ
2257 1010 2409 1069 φησι*
2448 1016 2468 1042 α
2509 990 2614 1048 Κᾶν
2650 992 2759 1065 ἐγὼ
2815 997 3073 1067 μαρτυρῶ
3115 993 3237 1069 περὶ
3291 994 3547 1068 ἐμαυτοῦ,
3599 999 3633 1066 ἡ
3682 1017 3816 1072 μαρο

2166 1081 2321 1152 τυρία
2354 1103 2456 1152 μου
2494 1080 2711 1150 ἀληθής
2756 1081 2914 1152 ἐστιν,
2948 1082 3031 1135 ὃτι
3077 1080 3199 1136 οἴδα
3242 1083 3403 1137 πόθεν
3436 1082 3695 1160 ἔρχομαι,
3727 1085 3817 1140 καὶ

2167 1173 2275 1222 ποῦ
2308 1170 2516 1245 ὑπάγω.
2552 1191 2579 1219 ››
2614 1172 2758 1239 Ὅτε,
2811 1169 3059 1242 ἀριθμῶν
3108 1171 3200 1225 τὸν
3251 1173 3462 1247 Πατέρα
3509 1173 3596 1227 καὶ
3632 1172 3814 1243 αὐτόν,

2170 1256 2265 1312 δύο
2298 1257 2458 1336 φησῖν
2492 1258 2626 1312 εἶναι
2655 1264 2782 1320 τοὺς
2814 1258 2937 1334 περὶ
2966 1266 3066 1327 τῆς
3100 1257 3261 1329 δόξης
3308 1261 3471 1315 αὐτοῦ
3518 1263 3815 1339 μάρτυρας,

2170 1347 2269 1401 οὐκ
2312 1347 2617 1422 ἀνθρώπινα
2661 1348 2964 1424 φθέγγεται,
2997 1346 3121 1403 ἀλλ’
3152 1349 3284 1425 ὑπὶρ
3335 1356 3507 1405 πᾶσαν
3544 1351 3819 1427 ἀνθρωπί-

2168 1458 2262 1506 νην
2298 1435 2463 1507 ἀξίαψ
2496 1435 2585 1489 καὶ
2619 1436 2669 1489 τί
2716 1434 2858 1512 λέγω
2892 1437 3231 1511 ἀνθρωπίνην
3266 1457 3279 1507 ;
3316 1439 3447 1515 ὑπὶρ
3497 1439 3817 1516 ἀγγελικὴν,

2171 1524 2302 1599 ὑπὲρ
2338 1525 2533 1600 ἀρχὰς,
2588 1524 2718 1598 ὑπὲρ
2770 1522 3043 1597 δυνάμεις,
3099 1526 3229 1601 ὑπὲρ
3283 1527 3631 1601 κυριότητας.
3686 1530 3819 1584 Ποία

2169 1613 2271 1688 γὰρ
2303 1613 2589 1687 ἀνθρώπου
2618 1614 2705 1667 καὶ
2740 1618 2873 1668 Θεοῦ
2905 1614 3299 1690 συναρίθμησις
3332 1636 3345 1685 ;
3378 1617 3460 1679 τίς
3495 1616 3748 1692 ἐγγότης,
3781 1618 3815 1688 ἢ

2168 1699 2249 1760 τίς
2279 1701 2535 1755 κοινωνία
2564 1720 2577 1769 ;
2609 1699 2755 1756 ἀλλὰ
2786 1701 2981 1776 λέγων’
3009 1704 3542 1779 «Ἐξομολογοῦμαί
3574 1727 3679 1775 σοι,
3713 1709 3819 1761 Πά-

2170 1808 2282 1862 τερ,
2318 1788 2477 1864 Κύριε
2506 1795 2601 1844 τοῦ
2633 1790 2863 1864 οὐρανοῦ
2893 1792 2982 1845 καὶ
3011 1795 3109 1861 τῆς
3146 1800 3272 1867 γῆς,
3308 1819 3334 1846 ‹‹
3369 1793 3653 1868 ἅνθρωπος
3683 1796 3819 1851 εἷναί

2170 1898 2254 1931 σοι
2281 1875 2450 1946 δοκεῖ,
2481 1876 2686 1940 καλῶς’
2721 1880 2931 1955 καὶγὰρ
2956 1875 3073 1955 ἔχει
3101 1881 3164 1935 τὸ
3196 1884 3307 1956 (97)
3338 1882 3673 1959 ἀνθρώπινον
3699 1886 3821 1939 ἀνα·-

2168 1968 2506 2041 μεμιγμένον
2562 1969 2595 2035 ἡ
2647 1969 3052 2043 παραγενομένη
3107 1969 3298 2040 Θεότης
3350 1972 3425 2033 είς
3463 1973 3552 2027 τὸν
3586 1974 3822 2045 κόσμον.

2434 2058 2607 2112 homo
2665 2075 2793 2115 esse
2855 2059 2958 2114 tibi
3017 2060 3263 2127 videtur,
3327 2066 3479 2119 recte
3540 2065 3816 2136 quidem;

406 2154 592 2210 deitas
617 2154 771 2209 enim
803 2151 904 2207 illa
934 2169 1061 2223 quis
1094 2152 1153 2205 in
1188 2152 1475 2206 mundum
1511 2149 1763 2218 advenit,
1794 2146 2223 2202 humanitatem
2254 2146 2365 2202 sibi
2399 2147 2735 2217 adjunctam
2769 2148 2959 2204 habet.

478 2261 529 2316 4.
562 2259 674 2314 Sed
707 2276 779 2314 ne
808 2258 880 2313 ob
912 2258 1108 2313 carnis
1141 2256 1405 2312 velamen
1447 2261 1624 2310 Deum
1662 2256 1914 2326 ignores,
1958 2253 2058 2325 qui

407 2348 605 2404 statim
633 2348 704 2402 de
729 2346 920 2418 seipse
952 2346 1301 2417 subjungit:
1334 2367 1363 2395 «ι
1390 2345 1567 2400 Nemo
1617 2342 1777 2398 novit
1828 2341 2056 2408 Filium,

409 2437 523 2491 nisi
547 2437 752 2491 Pater:
787 2451 977 2507 neque
1009 2435 1238 2489 Patrem
1271 2433 1405 2504 quis
1427 2432 1583 2487 novit
1608 2431 1720 2486 nisi
1768 2429 1973 2496 Filius,
2004 2434 2061 2485 et

409 2527 502 2581 cui
528 2524 775 2580 voluerit
798 2522 977 2578 Filius
1004 2522 1487 2578 revelare.Venite
1511 2522 1581 2575 ad
1604 2535 1926 2588 me,omnes
1958 2519 2058 2587 qui

411 2613 690 2669 laboratis
713 2619 769 2667 et
789 2613 1012 2667 onerati
1036 2610 1198 2679 estis,
1224 2616 1280 2665 et
1295 2627 1400 2681 ego
1425 2609 1681 2664 reﬁciam
1708 2625 1828 2662 vos.
1853 2606 2059 2662 Tollite

413 2704 505 2757 3|
532 2704 744 2774 jugum
779 2718 972 2755 meum
1003 2717 1178 2771 super
1206 2716 1328 2762 vos,
1360 2705 1416 2753 et
1446 2697 1653 2752 discite
1686 2714 1718 2752 a
1750 2713 1861 2764 me,
1920 2696 2058 2766 quia

413 2791 572 2847 mitis
605 2806 735 2845 sum
767 2796 824 2844 et
857 2788 1099 2843 humilis
1131 2788 1302 2841 corde
1331 2805 1343 2841 :
1369 2793 1427 2842 et
1448 2785 1755 2841 invenietis
1797 2784 2057 2856 requiem

412 2880 726 2936 animabus
748 2878 976 2944 vestris,
1001 2879 1214 2948 jugum
1248 2875 1400 2930 enim
1423 2891 1617 2929 meum
1664 2890 1841 2929 suave
1874 2878 1981 2941 est,
2006 2876 2062 2927 et

413 2986 562 3025 onus
586 2985 781 3023 meum
810 2966 930 3021 leve
951 2967 1014 3021 ³⁷.
1033 2988 1059 3015 ››
1083 2964 1448 3020 Calumniam
1471 2969 1631 3018 tuam
1681 2962 1925 3018 exclusit
1957 2966 2058 3015 Do-

415 3058 651 3112 minus:
685 3072 817 3110 cum
853 3071 913 3110 se
972 3054 1097 3125 ipse
1149 3054 1209 3107 in
1270 3053 1528 3107 humana
1584 3068 1816 3122 quoque
1875 3051 2061 3105 forma

414 3152 595 3201 Deum
631 3145 906 3213 declarat,
931 3161 964 3197 a
988 3121 1155 3198 Patre
1206 3141 1328 3197 solo
1373 3121 1666 3211 cognosci,
1716 3140 2059 3209 Patremque
2089 3121 2132 3187 C

411 3250 760 3305 cognoscere
793 3249 805 3285 :
841 3230 940 3302 qui
969 3231 1041 3285 iis
1073 3247 1220 3301 quos
1274 3230 1571 3300 dignatur,
1629 3228 1720 3281 sui
1783 3234 1838 3281 et
1868 3226 2058 3280 Patris

410 3321 800 3394 cognitionem
835 3318 1082 3373 revelat:
1120 3334 1345 3388 nosque
1377 3321 1544 3371 vocat
1573 3316 1643 3369 ad
1677 3331 1758 3382 se,
1795 3314 2056 3384 requiem

412 3411 567 3481 apud
600 3427 662 3464 se
694 3408 999 3479 promittit,
1034 3411 1092 3461 et
1122 3411 1186 3460 ut
1208 3408 1419 3477 jugum
1454 3405 1583 3474 ejus
1610 3408 1910 3474 portemus
1930 3402 2058 3456 hor-

410 3502 585 3553 tatur.
619 3497 747 3551 Haac
779 3512 912 3550 cum
945 3494 1044 3564 ait,
1080 3494 1447 3548 divinitatem
1500 3491 1746 3561 detegit:
1783 3489 2056 3545 eximiam

413 3602 582 3642 suam
615 3585 1004 3655 maiestatem,
1040 3599 1218 3654 parva
1248 3583 1433 3637 forma
1465 3579 1813 3635 occultatam
1874 3576 2057 3649 expli-

412 3680 540 3730 cat:
577 3678 917 3746 potestatem
952 3688 1077 3741 qua:
1108 3688 1287 3743 supra
1317 3669 1491 3725 ccelos
1522 3674 1578 3723 et
1607 3671 1835 3723 terreno
1858 3683 2060 3738 corpo-

415 3784 477 3822 re
520 3765 768 3821 velatam
800 3765 1072 3820 ostendit.
1106 3764 1213 3818 Sed
1249 3761 1391 3833 quid
1423 3778 1570 3833 opus
1621 3774 1710 3814 me
1766 3764 2062 3814 sexcentas

416 3855 647 3911 Domini
681 3854 864 3910 nostri
896 3855 1030 3909 Jesu
1063 3852 1277 3907 Christi
1311 3866 1499 3915 voces,
1533 3866 1679 3916 quas
1736 3848 2060 3903 secundum

417 3945 779 4000 divinitatem
814 3942 1077 4014 protulit,
1140 3942 1489 3996 recensere?
1548 3937 1763 4009 quibus
1814 3937 1949 4006 jure
2005 3939 2063 3989 et

420 4033 626 4088 merito
682 4031 1015 4103 exploditur
1076 4047 1223 4085 nova
1282 4026 1707 4084 Samosatensie
1749 4024 2061 4093 sententia,

419 4137 535 4191 qua
565 4119 923 4175 Salvatorem
957 4134 1181 4174 merum
1206 4117 1503 4173 hominem
1528 4116 1703 4170 dicit:
1731 4131 1849 4170 una
1869 4118 2063 4169 autem

420 4209 809 4263 exturbantur
831 4207 1050 4262 insana:
1072 4206 1305 4260 illorum
1337 4223 1527 4277 nugas,
1551 4204 1650 4275 qui
1673 4220 1807 4258 eum
1830 4202 2063 4257 imitan-

419 4301 536 4350 tur.
563 4297 697 4366 Age,
718 4310 903 4362 pauca
923 4293 1260 4347 testimonia
1281 4294 1629 4347 referamus:
1674 4290 1946 4361 quisnam
1978 4294 2068 4345 est

422 4384 521 4456 qui
554 4384 672 4439 haec
703 4382 879 4437 dicit:
916 4406 941 4431 α
976 4381 1100 4436 Non
1135 4381 1328 4436 omnis
1356 4381 1455 4452 qui
1489 4380 1632 4434 dicit
1664 4379 1830 4446 mihi,
1885 4378 2069 4434 Domi-

424 4489 517 4540 ne,
541 4471 805 4540 Domine,
832 4469 1075 4525 intrabit
1095 4470 1154 4523 in
1177 4486 1421 4540 regnum
1472 4467 1749 4523 ccelorum
1771 4467 1853 4521 33?
1885 4490 1913 4516 ››
1944 4468 2068 4523 Non

420 4560 678 4617 hominis
712 4561 951 4614 verbum
982 4558 1150 4627 illud,
1186 4558 1285 4613 sed
1323 4557 1441 4623 Dei,
1475 4557 1839 4611 ostendentis
1870 4572 2071 4626 germa

422 4667 559 4705 nam
592 4665 761 4705 suam
788 4666 856 4704 ex
887 4648 1051 4703 Patre
1082 4646 1543 4720 generationem,
1577 4650 1752 4716 atque
1786 4645 1912 4699 ideo
1966 4649 2070 4698 Do-

422 4739 566 4795 mini
596 4737 837 4793 titulum
869 4754 986 4791 non
1027 4736 1371 4791 recusantis.
1425 4733 1703 4788 Dominus
1758 4732 1914 4787 enim
1962 4737 2071 4800 est,

423 4846 492 4884 ex
523 4826 644 4884 solo
674 4826 921 4883 Domino
943 4826 1201 4899 genitus,
1234 4829 1297 4879 ut
1338 4841 1372 4879 a
1421 4822 1617 4894 Moyse
1673 4821 1898 4876 dictum
1946 4826 2070 4877 est:

493 4987 538 5021 ³³
566 4987 736 5044 Joan.
764 5002 846 5056 vi,
874 4987 965 5044 38.

424 5074 524 5127 vn,
557 5060 646 5114 21.

1064 4987 1111 5021 ⁸⁴
1136 4990 1299 5043 Joan.
1332 5002 1389 5053 v,
1419 4985 1508 5039 31.

422 5213 638 5335 ἓεχὶυε.
670 5207 823 5263 Editi
860 5225 1013 5277 vero,
1045 5212 1101 5264 et
1133 5206 1373 5279 quidam
1421 5202 1828 5275 manuscripti,
1882 5202 1943 5256 τὸ
1992 5202 2073 5257 θί-

468 5299 583 5335 τίμα
617 5297 743 5335 μου.

468 5302 498 5335 τι
512 5299 583 5335 μα
617 5297 743 5335 μου.

490 5299 875 5422 (ἓξ)ῗέέυοτ.
900 5354 957 5405 et
984 5350 1219 5422 Graecus
1249 5345 1556 5422 Scriptura
1584 5349 1798 5414 textus,
1832 5342 1943 5400 ἰάν.

498 5416 611 5491 (97)
657 5416 744 5476 Ita
760 5421 1000 5492 Seguer.
1035 5420 1331 5492 Ineditis,_
1354 5416 1625 5492 rddeest.

643 5486 957 5575 ’βρατεντον
986 5489 1145 5575 ζυιγόν
1183 5509 1285 5561 μου
1316 5486 1394 5564 ἐφ’
1426 5486 1585 5575 ὑμᾶς..
1624 5486 1751 5541 Haec
1779 5486 1993 5575 desunt
2015 5487 2075 5542 in

427 5558 599 5620 editis
630 5568 686 5619 et
714 5558 773 5619 in
805 5558 1637 5634 quibusdam'manuscriptis,
1698 5559 1801 5614 sed
1863 5558 2077 5614 haben-

428 5641 525 5694 tur
556 5637 613 5691 in
648 5634 826 5692 Basil.
857 5639 915 5692 et
939 5634 1318 5707 Segueriano.

1610 4981 1655 5016 ⁸⁸
1682 4980 1853 5037 Joan.
1884 4997 2007 5051 vm,
2045 4981 2131 5036 14.

2241 2253 2295 2308 4.
2337 2250 2508 2307 Ἀλλά
2541 2253 2616 2323 μὴ
2652 2250 2739 2305 διὰ
2766 2252 2828 2305 τὸ
2854 2251 3120 2325 κάλυμμα
3148 2260 3247 2322 τῆς
3282 2255 3478 2328 σαρκὸς
3512 2255 3692 2331 ἀγνόει
3720 2257 3816 2311 τὸν

2169 2340 2319 2411 Θεὸν,
2345 2339 2435 2393 τὸν
2483 2338 2637 2403 εὐθὺς
2686 2340 2950 2415 ἐπάγοντα
2980 2343 3102 2416 περὶ
3152 2342 3362 2408 ἑαυτοῦ,
3393 2344 3479 2397 καὶ
3521 2346 3815 2422 φάσκοντα.

2175 2453 2195 2481 ε
2231 2425 2422 2489 Οὐδεὶς
2455 2427 2799 2502 ἐπιγινώσκει
2831 2429 2921 2483 τὸν
2939 2429 3060 2483 Υἱὸν
3096 2430 3139 2483 εἰ
3169 2431 3244 2502 μὴ
3277 2431 3304 2485 6
3340 2433 3545 2507 Πατὴρ,
3575 2430 3703 2487 οὐδὲ
3724 2434 3817 2488 τὸν

2170 2515 2380 2591 Πατέρα
2410 2538 2491 2578 τις
2522 2516 2861 2592 ἐπιγινώσκει
2885 2518 2930 2572 εἷ
2958 2519 3032 2591 μή
3067 2520 3094 2573 6
3117 2520 3258 2585 Υἱὸς,
3280 2520 3368 2574 καὶ
3392 2519 3438 2592 ᾧ
3461 2521 3518 2574 ἃν
3548 2519 3817 2596 βούληται

2170 2605 2197 2657 6
2232 2605 2349 2665 Υἱὸς
2382 2604 2748 2678 ἀποκαλύψαι.
2775 2611 2932 2660 Δεῦτε
2953 2610 3087 2682 πρὸς
3118 2609 3205 2679 μὶ,
3232 2610 3422 2670 πάντες
3445 2609 3496 2663 οἳ
3517 2616 3816 2675 κοπιῶντες

2169 2693 2258 2747 καὶ
2316 2694 2782 2771 πεφορτισμένοι,
2843 2695 2995 2770 κάγὼ
3044 2696 3335 2751 ἀναπαύσω
3396 2698 3559 2771 ὑμᾶς.
3617 2701 3819 2775 ’Ἄρατε

2169 2784 2258 2836 τὸν
2294 2783 2449 2856 ζυγόν
2488 2804 2592 2855 μου
2624 2783 2703 2860 ἐφ’
2759 2783 2897 2857 ὑμᾶς
2946 2787 3082 2857 (98),
3132 2787 3221 2840 καὶ
3274 2787 3465 2858 μάθετε
3513 2788 3602 2842 ἀπ’
3653 2790 3816 2861 ἐμοῦ⁹

2169 2870 2250 2925 ὅτι
2284 2870 2455 2946 πρᾶός
2506 2872 2656 2944 εἶμι,
2705 2873 2794 2926 καὶ
2844 2875 3095 2936 ταπεινὸς
3144 2880 3211 2948 τῇ
3263 2873 3473 2950 καρδίᾳ·
3523 2877 3613 2931 καὶ
3657 2877 3818 2953 εὑρή-

2171 2981 2286 3015 σετε
2314 2961 2605 3015 ἀνάπαυσιν
2662 2966 2778 3023 ταῖς
2823 2965 3027 3039 ψυχαῖς
3083 2965 3256 3035 ὑμῶν·
3293 2966 3319 3019 6
3349 2966 3449 3040 γάρ
3499 2966 3657 3040 ζυγός
3712 2989 3819 3039 μου

2169 3050 2433 3124 χρηστὸς,
2466 3051 2553 3103 καί
2584 3051 2643 3105 τὸ
2696 3051 2915 3128 φορτίον
2970 3073 3073 3123 μου
3125 3052 3356 3129 ἐλαφρόν
3397 3052 3559 3109 ἐστιν.
3596 3078 3623 3105 ››
3656 3054 3819 3109 Ἀπέ-

2169 3138 2350 3192 κλεισέ
2399 3159 2481 3191 σοι
2529 3140 2627 3206 τήν
2678 3141 3030 3209 συκοφαντίαν
3090 3141 3117 3193 ὁ
3178 3140 3411 3215 Κύριος·
3465 3144 3591 3197 Θεὸν
3641 3164 3819 3218 παρα-

2168 3228 2367 3295 στήσας
2418 3225 2601 3280 ἐαυτὸν
2652 3226 2740 3280 καὶ
2791 3227 2875 3281 ἐπὶ
2918 3234 3016 3295 τῆς
3066 3229 3405 3305 ἀνθρωπίνης
3436 3239 3660 3308 μορφῆς
3710 3232 3815 3288 ὑπὸ

2165 3319 2260 3368 τοῦ
2296 3314 2502 3386 Πατρός
2534 3315 2931 3388 γινωσκόμενον
2970 3316 3132 3388 μόνον
3186 3319 3317 3392 (99),
3357 3318 3447 3373 καὶ
3477 3321 3816 3395 γινώσκοντα

2165 3402 2257 3456 τὸν
2290 3401 2520 3477 Πατέρα,
2570 3402 2658 3457 καὶ
2706 3409 2823 3465 τοῖς
2871 3405 3311 3477 καταξιουμένοις
3358 3407 3813 3464 ἀποκαλύπτοντα

2167 3491 2264 3558 τὴν
2306 3490 2497 3544 ἑαυτοῦ
2544 3496 2737 3566 γνῶσιν
2783 3492 2871 3547 καὶ
2920 3494 3018 3561 τὴν
3070 3498 3165 3547 τοῦ
3218 3495 3812 3572 11ατρὸς,προσκαλεῖ-

2166 3600 2254 3633 ται
2309 3581 2456 3652 ὖμᾶς
2513 3580 2650 3655 πρὸς
2708 3580 2933 3653 ἑαυτὸν,
2988 3581 3276 3637 ἀνάπαυσιν
3335 3583 3818 3660 ἐπαγγελλόμενος

2168 3669 2313 3744 παρὰ
2343 3668 2537 3739 ἑαυτῷ,
2569 3669 2657 3723 καὶ
2693 3671 2849 3745 ζυγὸν
2895 3671 3084 3725 ἑαυτοῦ
3139 3672 3394 3747 βαστάσαι
3446 3674 3819 3750 παρακελευό-

2175 3777 2333 3829 μενος
2366 3799 2379 3812 .
2440 3760 2621 3813 Ταῦτα
2686 3757 2856 3833 λέγων
2930 3760 3323 3837 ἀπαμφιέννυσι
3381 3763 3479 3831 τὴν
3540 3763 3768 3833 θεότητα
3805 3809 3821 3835 ,

2173 3844 2457 3920 ἑρμηνεῦει
2509 3846 2570 3899 τὸ
2618 3845 3029 3920 κεκαλυμμένον
3083 3846 3171 3903 διά
3216 3856 3315 3917 τῆς
3370 3857 3564 3925 μικρᾶς
3601 3859 3825 3928 μορφῆς

2175 3930 2520 4010 ὑπερϐάλλον
2554 3936 2801 4010 μέγεθος,
2850 3938 2948 4004 τήν
2998 3938 3382 4012 ὑπερουράνιον
3433 3938 3667 4012 ἐξουσίαν
3701 3940 3822 3999 Eme

2174 4021 2406 4078 δείκνυσι
2465 4021 2642 4097 γηίνῳ
2700 4028 3252 4099 παραπεπετασμένην
3312 4029 3546 4101 σώματι.
3609 4029 3710 4085 Καὶ
3766 4030 3823 4085 τί

2177 4134 2244 4185 με
2304 4110 2386 4167 δεῖ
2430 4112 2743 4188 καταλέγειν
2804 4113 2999 4190 μυρίας
3048 4112 3209 4177 οὔσας
3256 4117 3435 4179 Θεϊκὰς
3492 4120 3672 4197 φωνὰς
3722 4124 3823 4174 τοῦ

2175 4201 2374 4274 Κυρίου
2405 4203 2563 4273 ἡμῶν
2597 4203 2776 4271 Ἰησοῦ
2808 4207 3041 4279 Χριστοῦ
3076 4224 3089 4274 ;
3123 4202 3191 4258 δι’
3222 4205 3293 4259 ὧν
3347 4201 3668 4262 ἐκϐάλλεται
3728 4208 3825 4281 μὲν

2176 4289 2401 4352 εἰκότως
2430 4292 2465 4359 ἡ
2496 4294 2592 4344 τοῦ
2626 4292 2987 4364 Σαμοσατὲως
3036 4293 3358 4366 καινοτομία
3403 4296 3525 4370 περί
3574 4300 3670 4351 τοῦ
3704 4303 3825 4351 Σω-

2174 4386 2362 4453 τῆρος,
2408 4379 2481 4441 ὡς
2536 4373 2689 4441 ὄντος
2740 4379 3025 4454 ἀνθρώπου
3073 4382 3260 4455 ψιλοῦ,
3312 4380 3735 4440 συνεκϐάλλεται
3766 4381 3829 4440 δὲ

2099 4469 2266 4553 Ι)καί
2314 4471 2348 4538 ἡ
2393 4472 2500 4522 τῶν
2555 4468 2905 4541 μιμουμένων
2958 4470 3159 4525 ἐκεῖνον
3224 4470 3514 4546 ἀλόγιστος
3566 4471 3827 4550 φλυαρία.

2181 4557 2319 4631 Φέρε
2342 4558 2465 4631 γὰρ,
2512 4554 2586 4609 ’ίν’
2639 4555 2838 4633 ὀλίγων
2884 4557 3307 4631 ἐπιμνησθῶμεν
3363 4566 3692 4637 μαρτυριῶν,
3739 4561 3828 4625 τίς

2181 4646 2209 4698 6
2240 4645 2306 4699 τὰ
2341 4647 2563 4697 τοιαῦτα
2613 4643 2806 4718 λέγων·
2848 4667 2874 4697 α
2904 4645 2976 4699 Οὐ
3023 4652 3125 4707 πᾶς
3160 4647 3186 4700 6
3220 4646 3389 4721 λέγων
3446 4669 3538 4720 μοι
3587 4653 3687 4721 (1),
3718 4650 3828 4704 Κῦ-

2184 4752 2286 4807 ριε,
2339 4732 2519 4805 Κύριε,
2571 4730 2926 4786 εἰσελεύσεται
2975 4734 3051 4793 είς
3094 4737 3191 4801 τὴν
3247 4732 3521 4806 βασιλείαν
3574 4740 3681 4789 τῶν
3735 4736 3830 4791 οὖ-

2185 4823 2410 4896 ρανῶνς
2473 4843 2500 4871 ››
2550 4819 2660 4873 Οὐκ
2707 4819 2998 4894 ἀνθρώπου
3052 4822 3131 4895 (2)
3176 4822 3238 4874 τὸ
3282 4820 3451 4896 ῥῆμα,
3502 4821 3650 4878 ἀλλὰ
3695 4830 3835 4881 Θεοῦ

2229 4981 2275 5017 ³⁸
2312 4980 2516 5037 Matth.
2548 4996 2629 5052 x1,
2657 4980 2749 5036 25.
2845 4980 2890 5016 ³⁷
2926 4981 3128 5038 Matth.
3160 5000 3220 5052 ι,
3248 4983 3441 5039 27-30.
3536 4984 3581 5020 ⁸⁸
3612 4984 3829 5043 Matth.

2254 5204 2363 5276 (99)
2395 5208 2630 5276 Seguer.
2664 5202 2827 5276 solus
2855 5202 3049 5272 habet,
3077 5203 3263 5276 μόνου.

2257 5274 2425 5346 (1)Ἰο
2456 5274 2632 5350 editis
2663 5280 2720 5330 et
2749 5274 3196 5350 in_quibusdam
3229 5295 3374 5336 mss.
3407 5279 3570 5335 deest
3601 5295 3715 5350 μοι.
3764 5283 3832 5334 In

2184 5345 2423 5421 Seguer.
2457 5345 2686 5421 Gobler.
2720 5350 2778 5421 et
2809 5346 2955 5421 Felc.
2988 5349 3047 5421 1,
3074 5348 3305 5421 legitur.

2255 5417 2330 5493 (i2)
2366 5420 2427 5473 In
2461 5417 2633 5493 editis
2664 5422 2720 5493 et
2750 5417 2810 5472 in
2843 5418 3085 5493 reliquis
3124 5417 3267 5477 mss.
3316 5421 3547 5493 legitur,
3600 5417 3699 5473 οὐκ
3722 5417 3837 5493 ’ἀν-

2185 5489 2405 5573 θρώπου
2434 5488 2693 5573 γάρμεεᾱ
2726 5504 2861 5573 cum
2891 5488 2991 5573 γάρ
3023 5492 3176 5547 desit
3202 5494 3259 5547 in
3292 5488 3553 5573 Seguera
3578 5496 3635 5547 et
3684 5490 3833 5548 alio-

2185 5560 2286 5633 qui
2317 5560 2733 5633 supéréfﬂuere
2760 5560 3046 5635 videatur,
3076 5560 3432 5636 expunctum
3472 5568 3582 5620 est.
