4126 6218
290 353 408 413 105

1534 359 1841 421 CONTRA
1898 355 2459 419 SABELLIANOS.

3586 372 3701 430 106

289 481 603 546 δεικνύντος
632 485 732 554 τὴν
763 484 990 560 γνησίαν
1025 485 1131 542 ἀπὸ
1176 489 1385 562 Πατρὸς
1432 489 1698 563 γέννησιν,
1738 489 1827 543 καὶ
1860 484 1938 542 διὰ

2062 512 2087 537 ‹‹
2123 487 2275 544 Pluit
2308 491 2588 547 Dominus
2636 490 2883 563 sulphur
2930 495 2988 549 et
3027 492 3219 565 ignem
3253 512 3285 551 a
3316 495 3561 557 Domino
3582 502 3645 557 ³ο.
3675 526 3701 552 ››

287 577 452 627 τοῦτο
481 574 582 641 τὴν
614 572 973 649 κυριολογίαν
1007 574 1108 629 οὐκ
1154 575 1491 651 ἀρνουμένου
1536 579 1636 646 τὴν
1667 577 1790 653 περὶ
1824 577 1944 631 ἑαυ-

286 665 387 715 τοῦ
480 660 681 737 Κύριος
730 663 833 739 γὰρ
866 664 893 717 6
944 662 1005 718 ἐκ
1047 668 1145 718 τοῦ
1194 663 1365 737 μόνου
1410 665 1795 742 γεγεννημένος
1847 673 1955 720 Κυ-

290 750 435 824 ρίου,
460 749 541 810 ὡς
569 749 660 804 καὶ
690 751 836 827 παρὰ
866 756 1073 825 Μωυσῇ
1119 750 1371 808 λέλεκται
1418 754 1500 809 16'
1534 779 1561 807 «
1595 749 1818 830 Ἕϐρεξε
1848 753 1952 808 Κύ-

290 858 412 913 ριος
446 844 619 909 θεῖον,
670 839 757 893 καὶ
802 844 910 915 πῦρ
960 843 1108 916 παρὰ
1155 842 1354 917 Κυρίου
1545 866 1565 895 ι
1601 844 1699 898 Καὶ
1751 842 1953 898 ἄλλοτε

286 928 428 1003 πρὸς
460 926 595 989 τοὺς
646 926 984 991 ἀποστόλους
1030 931 1191 1007 φησὶν
1223 932 1251 986 6
1285 934 1503 1009 Σωτήρ·
1540 958 1566 986 ιι
1610 931 1851 987 Φωνεῖτέ
1885 952 1951 1004 με

288 1016 316 1069 ὅ
347 1013 695 1077 Διδάσκαλος
726 1017 813 1071 καὶ
849 1019 876 1072 6
927 1017 1150 1092 Κύριος,
1200 1018 1289 1074 καὶ
1342 1019 1524 1083 καλῶς
1577 1019 1783 1096 λέγε-τεο
1835 1019 1949 1092 εἰμὶ

451 1130 480 1156 »
513 1106 606 1159 καὶ
637 1105 826 1174 πάλιν,
860 1103 1135 1179 Δεσπότην
1180 1112 1278 1178 τῆς
1325 1112 1580 1186 πατρῴας
1623 1109 1796 1171 οἰκίας
1827 1108 1948 1165 ἐαυ-

283 1194 372 1249 τὸν
425 1193 779 1272 ἀποφαίνων,
836 1198 911 1257 ὡς
970 1197 1029 1251 ἂν
1093 1200 1389 1274 μονογενὴς
1441 1196 1586 1263 Υίὸς·
1646 1224 1674 1251 ‹‹
1737 1199 1799 1253 Ei
1857 1199 1949 1253 τὸν

281 1280 684 1354 οἰκοδεσπότην
737 1280 1080 1355 Βεελζεὸοὺλ
1130 1286 1484 1358 ἐπεκάλεσαν,
1522 1288 1677 1361 πόσῳ
1729 1287 1945 1361 μᾶλλον

276 1372 411 1433 τοὺς
464 1372 750 1436 οἰκιακοὺς
798 1374 985 1432 αὐτοῦ.
1022 1398 1051 1427 ››
1082 1375 1291 1434 Οὐκοῦν
1341 1376 1427 1431 ὅτι
1473 1377 1568 1450 μὶν
1618 1377 1745 1437 Θεὸς
1786 1378 1813 1431 6
1844 1375 1947 1430 Κύ-

280 1480 403 1535 ριος
435 1465 518 1533 (4)
545 1467 655 1518 τῶν
690 1461 835 1517 ὅλων
871 1465 1082 1530 Ἰησοῦς
1110 1465 1359 1541 Χριστὸς,
1389 1466 1465 1528 ὡς
1498 1464 1571 1520 ὣν
1599 1466 1660 1521 ἐκ
1686 1469 1782 1521 τοῦ
1813 1469 1947 1520 Θεοῦ

281 1551 706 1625 γεγεννημένος,
758 1548 931 1622 δῆΑον
980 1553 1194 1607 ἅπαντισ
1248 1554 1413 1609 εἰπὼν
1461 1552 1536 1612 δὲ.
1586 1579 1614 1607 ι(
1663 1554 1740 1612 Οὐ
1785 1560 1887 1616 πᾶς
1918 1555 1947 1608 6

278 1636 457 1714 λέγων
492 1661 612 1712 μοι,
648 1639 835 1715 Κύριε,
868 1640 1056 1715 Κύριε,
1110 1642 1467 1699 εἰσελεύσεται
1514 1645 1590 1707 είς
1641 1646 1740 1714 τήν
1791 1646 1942 1718 βασι-

2061 578 2129 633 Et
2159 579 2298 633 alibi
2348 581 2626 652 apostolis
2659 580 2922 636 Salvator
2969 582 3049 636 ait
3081 599 3145 639 :«
3181 587 3295 638 Vos
3341 588 3559 641 vocatis
3613 607 3703 645 me

2064 668 2360 740 Magister,
2411 674 2467 724 et
2513 669 2840 724 Dominus:
2883 674 2939 725 et
2985 674 3132 726 bene
3182 672 3374 729 dicitis
3409 690 3421 727 :
3456 692 3588 731 sum
3621 684 3702 733 et-

2062 759 2217 812 enim
2239 758 2301 812 ⁸ο.
2329 779 2357 806 »
2390 764 2469 812 Ac
2503 775 2736 814 rursum
2772 774 2832 813 se
2864 759 3074 815 domus
3108 765 3361 832 paternae
3394 767 3705 822 Dominum

2063 845 2337 912 declarat,
2381 852 2579 918 utpote
2631 848 2997 919 unigenitum
3051 849 3259 904 Filium
3298 867 3365 905 ει(
3399 852 3456 907 Si
3504 852 3705 910 Domi-

2060 951 2201 988 num
2252 936 2461 990 domus
2511 935 2807 991 Beelzebul
2854 944 3223 1003 vocaverunt,
3248 945 3466 1011 quanto
3515 944 3703 1015 magis

2060 1023 2411 1078 domesticos
2433 1023 2673 1093 ejus‘u
2704 1024 2904 1095 Itaque
2925 1027 3079 1096 quod
3103 1026 3256 1083 Deus
3285 1029 3545 1099 quidem,
3572 1032 3701 1086 uni-

2060 1128 2358 1167 versorum
2395 1111 2673 1167 Dominus
2722 1114 2796 1167 sit
2843 1113 3016 1168 Jesus
3047 1114 3331 1183 Christus,
3358 1117 3570 1189 quippe
3601 1120 3699 1191 qui

2058 1215 2127 1256 ex
2158 1205 2268 1255 Deo
2299 1200 2530 1272 genitus
2575 1202 2670 1267 sit,
2705 1201 3005 1273 propalam
3044 1203 3229 1258 cuivis
3259 1210 3367 1259 est.
3396 1209 3538 1261 Cum
3570 1225 3700 1265 vero

2059 1290 2141 1345 ait
2174 1307 2187 1343 :
2214 1314 2241 1340 «
2274 1289 2396 1345 Non
2430 1290 2620 1346 omnis
2653 1291 2751 1361 qui
2786 1291 2925 1345 dicit
2955 1291 3123 1358 mihi,
3153 1291 3414 1359 Domine,
3437 1297 3698 1365 Domine,

2057 1379 2301 1434 intrabit
2352 1380 2407 1433 in
2459 1395 2703 1449 regnum
2749 1379 3024 1435 ccelorum
3046 1382 3118 1449 ⁴²;
3146 1402 3174 1431 ››
3210 1383 3327 1437 haec
3374 1384 3700 1458 subjungit,

2059 1468 2274 1539 quibus
2321 1471 2546 1522 Patrem
2598 1468 2766 1523 nobis
2827 1469 3134 1525 manifeste
3183 1471 3441 1528 declarat
3472 1490 3485 1529 :
3516 1497 3543 1523 α
3594 1476 3702 1531 Sed

2058 1557 2154 1628 qui
2214 1555 2351 1611 facit
2409 1556 2775 1612 voluntatem
2833 1556 3020 1613 Patris
3080 1558 3215 1627 mei,
3267 1560 3367 1631 qui
3426 1561 3485 1616 in
3543 1563 3701 1619 ccelis

2055 1649 2143 1701 est
2167 1646 2232 1700 η.
2257 1664 2282 1695 ιι

276 1706 433 1782 λείαν
464 1706 578 1782 1'5»
599 1706 874 1803 οὐρανῶν,
910 1706 1328 1811 η’ὲπιφιρεικαί
1371 1732 1463 1787 τὸν
1516 1706 1732 1809 Πατέρα
1779 1706 1961 1808 σαφῶς
2013 1735 2147 1806 ἡμῖν
2193 1733 2267 1805 (5)
2316 1729 2651 1806 ἑρμηνεύων·
2687 1754 2715 1783 (ε
2752 1729 2907 1786 Ἀλλ’
2955 1732 2983 1785 6
3014 1706 3297 1788 “01661.16
3343 1734 3561 1807 θέλημα
3602 1742 3698 1793 τοῦ

280 1816 508 1892 Πατρός
544 1837 675 1889 μου,
702 1823 800 1873 τοῦ
832 1818 885 1873 ἒν
916 1818 1188 1896 οὐρανοῖς.
1225 1845 1251 1871 υ

349 1927 406 1981 5.
442 1930 641 2000 Ἔχεις
691 1923 782 1981 οὖν
833 1926 979 1997 Υἱὸν,
1030 1926 1175 2003 ἔχεις
1225 1928 1459 2005 ΙΙατὲρα·
1516 1930 1590 2002 μὴ
1641 1924 1815 2007 φοϐοῦ
1843 1929 1938 1998 τὴν

2115 1931 2169 1985 5.
2204 1930 2393 1985 Habes
2441 1928 2622 2001 igitur
2663 1928 2897 1996 Filium,
2928 1929 3111 1985 habes
3141 1930 3391 1988 Patrem.
3426 1933 3505 1989 Ne
3556 1898 3697 1992 time

281 2008 476 2067 δυάδα·
511 2016 581 2086 τῇ
608 2013 765 2089 φύσει
792 2016 893 2091 γαρ
945 2014 1006 2069 οὐ
1053 2014 1354 2086 διώρισται,
1387 2014 1501 2071 οὐδ’
1551 2018 1579 2071 6
1606 2020 1673 2072 τὰ
1711 2016 1807 2072 δύο
1852 2017 1938 2072 λέ-

277 2122 393 2175 γων
426 2100 858 2178 ἆπηλλοτρίωσε
903 2108 1001 2159 τοῦ
1048 2107 1398 2180 γεννήσαντος
1421 2107 1483 2161 τὸ
1514 2106 1776 2180 γέννημαο
1815 2103 1939 2162 οὐδὲ

281 2187 371 2245 διὰ
423 2192 532 2260 τὴν
590 2191 776 2267 ὲτὲραν
836 2195 913 2267 (6)
973 2193 1164 2266 μανίαν
1194 2199 1301 2249 τῶν
1361 2183 1747 2271 ἀρνησαμένων
1811 2195 1936 2268 μίαν

281 2280 418 2336 εἶναι
448 2281 552 2347 τήν
578 2285 687 2335 τῶν
723 2278 820 2335 δύο
853 2281 1105 2353 Θεότήτα,
1141 2280 1229 2337 διὰ
1274 2289 1436 2339 τοῦτο
1482 2284 1572 2338 καὶ
1618 2281 1715 2339 δύο
1760 2282 1936 2360 λέγειν

281 2368 565 2447 prensam
615 2369 709 2431 Εἷς
755 2371 909 2439 Θεὸς,
960 2370 1044 2426 ὅτι
1090 2372 1179 2426 καὶ
1230 2373 1419 2445 Ιῐατήρ
1452 2372 1549 2434 εἷς’
1600 2374 1728 2435 Θεὸς
1762 2370 1818 2427 δὲ
1848 2374 1938 2428 καὶ

279 2459 437 2524 Υἱὸς,
485 2457 787 2528 ταύτότητα
836 2457 1007 2535 ἔχων,
1056 2461 1131 2523 ὡς
1183 2461 1308 2523 Υἱὸς
1366 2462 1500 2537 πρὸς
1558 2460 1788 2537 Ιίατέρα·
1843 2461 1941 2517 οὐκ

280 2546 450 2608 αὐτὸς
484 2544 557 2601 ὢν
590 2546 618 2600 6
649 2548 859 2623 Ιῐατήρ,
911 2546 1038 2604 ἀλλ’
1085 2551 1367 2623 ⁴ἡνωμένος
1414 2550 1548 2625 πρὸς
1595 2551 1686 2604 τὸν
1729 2552 1941 2625 ΙΙατέρα

276 2640 351 2709 τῇ
378 2636 561 2713 φύσιν
623 2633 718 2691 660
780 2639 874 2710 μὶν
934 2638 1170 2713 ἀριθμῷ,
1230 2639 1328 2712 μία
1383 2637 1440 2696 6‘s
1499 2638 1630 2695 οὖσα
1678 2645 1756 2711 (7)
1788 2641 1941 2696 οὐσία

282 2724 492 2780 πλείω
528 2722 651 2794 δύο,
683 2725 783 2781 οὐχ
828 2726 889 2783 ἐκ
936 2724 1034 2782 δύο
1067 2734 1266 2804 μερῶν.
1318 2729 1538 2792 Τέλειος
1587 2731 1615 2783 6
1663 2731 1785 2793 Υἱὸς
1816 2730 1938 2799 ἥκει

286 2816 431 2887 παρὰ
474 2813 695 2870 τελείου
744 2818 976 2891 Πατρὸς,
1007 2814 1079 2871 ὢν
1109 2816 1159 2887 ἐξ
1192 2815 1371 2887 ὄντος,
1401 2820 1686 2894 χαρακτήρ
1712 2826 1809 2889 τῆς
1837 2841 1938 2874 πα-

283 2910 481 2977 τρικῆς
516 2904 883 2975 ὑποστάσεως,
917 2905 980 2959 οὐ
1012 2905 1163 2981 ῥῆμα
1210 2906 1595 2977 ἀνυπόστατον,
1626 2905 1770 2963 ἀλλὰ
1797 2913 1941 2977 ζῶσα

292 2990 549 3064 δεᾶναμις,
579 2992 673 3048 καὶ
720 2999 817 3048 τοῦ
862 2998 956 3067 ζῇν
1002 2994 1148 3050 αἰτία
1192 3000 1309 3057 τοῖς
1350 3002 1534 3067 πᾶσιν,
1579 2996 1685 3071 οὐχ
1732 2994 1820 3051 οἵα
1849 2998 1939 3051 ἀν-

291 3081 519 3154 Θρώπου
570 3078 824 3154 δύναμις,
856 3080 925 3137 δι’
968 3084 1030 3151 ἢν
1083 3082 1364 3159 ἅνθρωπός
1419 3084 1529 3139 ἐστι
1579 3081 1823 3148 δυνατός·
1876 3085 1937 3140 οὐ

293 3169 397 3243 γὰρ
442 3170 697 3243 γέννημα
744 3170 1035 3242 ἀνθρώπου
1064 3172 1098 3240 ἢ
1132 3174 1210 3245 (8)
1239 3173 1377 3233 υἱὸς.
1408 3174 1444 3241 ἢ
1478 3169 1705 3246 δύναμις
1741 3173 1930 3228 αὐτοῦ’

288 3260 423 3311 Θεοῦ
479 3254 538 3311 8‘s
582 3257 709 3319 Υἱὸς
738 3260 772 3328 ἢ
823 3254 1072 3331 δύναμις,
1105 3258 1243 3315 ὥστε
1282 3258 1505 3323 δυνατὰς
1559 3262 1651 3334 μὶν
1680 3263 1706 3315 ὁ
1752 3264 1933 3337 limi“:
1966 3300 2009 3366 α

291 3345 429 3366 -.ι
574 3344 848 3366 mut
947 3345 1065 3366 or
1278 3346 1333 3366 «υ
1558 3346 1783 3366 at.--“

281 3345 540 3410 τελείως,
571 3344 654 3399 ὅτι
706 3348 893 3419 Πατὴρ
944 3345 1242 3419 δυνάμεως,
1275 3346 1502 3422 δύναμις
1554 3346 1611 3404 δὲ
1642 3351 1669 3404 6
1702 3351 1821 3411 Υἱὸς
1849 3372 1934 3405 τε·

283 3430 437 3505 λεία,
488 3433 570 3488 ὅτι
618 3435 862 3510 γέννημα
911 3435 1098 3492 αὐτοῦ.
1157 3437 1253 3491 Καὶ
1304 3437 1465 3514 σοφία
1508 3442 1606 3493 τοῦ
1660 3440 1866 3513 ΙΙατρὸς
1906 3440 1933 3493 ὁ

288 3522 435 3587 Υἱὸς,
469 3519 601 3576 ἀλλ’
630 3526 735 3599 οὐχ
764 3523 841 3586 ὡς
872 3526 908 3592 ἡ
937 3528 1035 3578 τοῦ
1062 3524 1372 3601 ἀνθρώπου,
1398 3524 1467 3580 δι’
1495 3527 1561 3596 ἧς
1591 3527 1618 3580 ὁ
1651 3526 1934 3603 ἄνθρωπος

282 3611 472 3688 σοφὸς,
524 3608 651 3665 ἀλλ’
694 3611 798 3666 ἀπὸ
848 3616 1020 3689 σοφοῦ
1068 3613 1248 3691 σοφέα’
1296 3615 1419 3690 περὶ
1469 3617 1543 3688 (9)
1589 3615 1650 3669 οὗ
1699 3614 1931 3691 λέγεταν

284 3724 310 3750 ι
340 3699 511 3771 Πόνῳ
560 3704 713 3777 σοφῷ
758 3705 872 3772 Θεῷ
913 3699 1004 3756 διὰ
1046 3704 1228 3773 Ἰησοῦ
1276 3706 1530 3780 Χριστοῦ,
1562 3706 1608 3770 ᾦ
1638 3709 1672 3773 ἡ
1707 3701 1835 3775 δόξα
1858 3704 1934 3766 εἷς

278 3790 403 3849 τοὺς
460 3788 686 3857 αῗῶνας,
732 3788 900 3862 ἀμήν.
934 3814 963 3843 ››
997 3789 1150 3847 Ἀλλ’
1196 3791 1295 3847 οὐκ
1342 3791 1617 3866 ἐγέννησεν
1662 3794 1689 3846 6
1722 3796 1933 3869 Πατήρ.

282 3881 403 3939 ΙΙῶς
457 3874 554 3929 οὗν
612 3879 821 3953 Ιιατήρ,
874 3877 964 3933 καὶ
1014 3878 1160 3942 τίνος
1193 3898 1207 3949 ;
1243 3881 1301 3935 Εί
1352 3878 1412 3935 δὲ
1460 3879 1757 3955 ἐγέννησεν,
1800 3882 1828 3935 6
1859 3881 1932 3936 ὥν

284 3964 422 4021 ἐστιν
454 3966 483 4019 6
514 3966 933 4041 γεγεννημένος.
976 3967 1160 4044 Κάγὼ,
1210 3970 1394 4045 φησὶν,
1428 3968 1688 4046 ὁμολογῶ
1736 3969 1935 4045 γέννη-

286 4072 384 4107 σιν·
420 4060 674 4128 γεννᾶται
708 4060 811 4131 γαρ
844 4055 873 4110 6
923 4055 1110 4131 λόγος,
1158 4056 1248 4113 ὅτε
1293 4058 1384 4113 καὶ
1433 4057 1681 4114 λαλεῖται
1729 4058 1817 4114 καί
1847 4080 1933 4133 γι-

281 4144 574 4199 νώσκεται.
611 4143 710 4197 Καὶ
759 4144 987 4209 ποσάκις
1019 4146 1047 4200 6
1076 4147 1255 4217 αὐτὸς,
1288 4147 1404 4203 είπὲ
1455 4168 1570 4220 μοι,
1603 4151 1934 4222 γεννηθήσε-

280 4250 365 4286 ται
402 4250 418 4301 ;
451 4232 487 4299 ἦ
517 4230 769 4296 πολλοὺς
802 4233 939 4310 ἐρεῖς
985 4233 1082 4291 τοῦ
1125 4240 1258 4292 Θεοῦ
1291 4236 1495 4311 Λόγους
1528 4235 1778 4292 ἑκάστοτε
1807 4258 1934 4312 γεν-

282 4320 567 4391 νωμένους
602 4338 617 4387 ;
649 4319 739 4375 καὶ
790 4323 923 4377 ποτε
975 4322 1069 4396 μὲν
1116 4328 1404 4378 σιωπῶντα
1453 4326 1798 4400 φαντασθήσῃ
1841 4326 1934 4380 τὸν

284 4408 435 4477 Θεὸν,
467 4410 605 4463 ποτὶ
632 4406 693 4464 δὲ
724 4409 1018 4480 λαλοῦντα,
1047 4411 1137 4467 καὶ
1171 4406 1653 4485 μεταϐαλλόμενον
1688 4412 1792 4467 ἀπό
1824 4435 1929 4468 σω-

284 4499 505 4567 πήσεως
565 4497 645 4559 εἷς
694 4496 934 4568 λαλιὰν,
987 4501 1078 4554 καὶ
1133 4499 1374 4575 χείλεσιν
1440 4501 1842 4575 άνοιγομὲνοις,
1892 4502 1928 4572 ἢ

281 4583 477 4659 καρδίᾳ
528 4586 823 4661 κινουμένῃ
858 4607 872 4657 ;
905 4588 1015 4643 Οὐκ
1057 4590 1342 4665 ἄνθρωπος
1378 4589 1406 4644 6
1446 4589 1596 4651 Θεόςο
1640 4586 1929 4660 ὑπέλαϐες,

2048 2018 2414 2088 dualitatem,
2440 2018 2603 2073 nulla
2626 2018 2839 2090 quippe
2863 2023 3083 2073 naturae
3105 2019 3404 2077 distinctio
3430 2048 3443 2089 ;
3467 2040 3571 2078 nec
3594 2024 3694 2096 qui

2049 2107 2163 2163 duo
2191 2107 2349 2177 dicit,
2374 2108 2635 2179 genitum
2659 2124 2692 2161 a
2712 2108 2988 2179 gignente
3009 2108 3376 2165 abalienavit.
3401 2111 3597 2183 Neque
3622 2115 3693 2169 ob

2048 2193 2223 2249 aliam
2255 2210 2453 2249 eorum
2491 2194 2806 2258 insaniam,
2832 2193 2929 2264 qui
2956 2201 3171 2266 negant
3196 2213 3374 2251 unam
3406 2214 3531 2253 esse
3558 2201 3695 2255 duo-

2049 2300 2177 2338 rum
2212 2283 2509 2349 deitatem,
2534 2283 2664 2338 idco
2687 2284 2836 2338 duos
2858 2282 3049 2338 dicere
3070 2285 3372 2340 vitandum
3395 2292 3501 2342 est.
3532 2287 3694 2344 Unus

2047 2377 2138 2427 est
2167 2371 2341 2437 Deus,
2365 2372 2503 2443 quia
2533 2377 2591 2426 et
2623 2372 2785 2426 Pater
2817 2387 2969 2426 unus
3000 2377 3125 2427 est:
3154 2372 3306 2429 Deus
3336 2390 3568 2446 quoque
3602 2377 3693 2431 Fi-

2048 2457 2163 2514 lius
2191 2463 2247 2513 et
2276 2458 2642 2513 identitatem
2675 2458 2852 2513 habet
2884 2459 2952 2513 ad
2986 2457 3238 2526 Patrem,
3263 2464 3461 2533 utpote
3492 2462 3694 2532 Filius,

2049 2564 2183 2602 cum
2214 2553 2407 2602 tamen
2439 2546 2564 2617 ipse
2586 2546 2753 2601 Pater
2782 2563 2895 2601 non
2929 2547 3023 2617 sit,
3055 2549 3156 2603 sed
3190 2555 3399 2606 natura
3429 2553 3584 2606 Patri
3617 2554 3695 2607 sit

2049 2636 2398 2707 conjunctus
2424 2652 2436 2690 :
2463 2636 2577 2690 duo
2610 2636 2848 2706 quidem
2893 2652 3156 2706 numero,
3186 2638 3357 2693 unica
3385 2656 3515 2694 vero
3554 2642 3691 2696 sub-

2050 2725 2267 2781 stantia
2298 2726 2551 2795 perlecta
2576 2742 2587 2780 :
2612 2725 2746 2791 duo,
2777 2740 2882 2779 nec
2904 2742 2971 2780 ex
2993 2725 3223 2780 duabus
3254 2727 3538 2797 partibus.
3568 2730 3693 2783 Per-

2050 2815 2235 2869 fectus
2273 2812 2454 2868 Filius
2483 2830 2516 2867 a
2548 2814 2797 2885 perfecto
2848 2812 3015 2867 Patre
3062 2814 3255 2884 prodit
3286 2832 3299 2870 :
3334 2815 3588 2871 existens
3620 2817 3690 2871 ab

2048 2902 2363 2957 exsistente
2396 2919 2408 2956 :
2443 2900 2630 2971 ﬁgura
2677 2906 2931 2973 paternae
2977 2902 3353 2972 substantiae;
3406 2921 3518 2959 non
3559 2906 3689 2960 Ver-

2047 2991 2188 3046 bum
2223 2990 2608 3045 subsistentia
2631 3006 2835 3045 careus
2862 3008 2873 3045 :
2899 2990 2999 3045 sed
3033 2991 3228 3046 vivens
3262 2997 3535 3063 potestas,
3565 3011 3689 3065 quae

2047 3081 2176 3135 vita:
2207 3084 2409 3134 auctor
2437 3084 2523 3134 est
2545 3078 2772 3134 cunctis
2807 3078 3138 3134 hominibus
3164 3096 3176 3135 :
3204 3097 3316 3135 non
3357 3081 3547 3152 qualis
3587 3083 3690 3157 h‘o-

2050 3168 2229 3223 minis
2273 3174 2550 3239 potestas,
2576 3171 2810 3239 propter
2856 3184 3031 3239 quam
3083 3169 3254 3223 homo
3304 3176 3508 3241 potens
3556 3178 3687 3227 est:

2050 3274 2238 3328 neque
2258 3256 2410 3312 enim
2436 3260 2696 3327 potestas
2727 3255 3005 3322 hominis,
3036 3255 3222 3327 proles
3248 3263 3348 3312 aut
3381 3257 3534 3314 [ilius
3566 3261 3693 3329 ejus

2047 3352 2154 3402 est.
2181 3346 2281 3401 Dei
2308 3362 2442 3400 vero
2474 3344 2675 3411 Filius,
2700 3349 2961 3416 potestas
3005 3346 3133 3416 ejus
3164 3350 3287 3414 est;
3322 3346 3404 3402 ita
3434 3353 3496 3401 ut
3524 3348 3695 3403 Pater

2045 3434 2297 3506 perfecte
2331 3438 2537 3505 potens
2565 3433 2662 3498 sit,
2687 3433 2825 3505 quia
2870 3433 3033 3488 Pater
3084 3439 3172 3489 est
3222 3437 3564 3506 potestatis:
3606 3437 3691 3491 Fi-

2045 3522 2159 3578 lius
2190 3539 2323 3577 vero
2373 3522 2624 3593 perfecta
2673 3522 2931 3593 potentia
2984 3523 3082 3593 sit,
3108 3524 3247 3595 quia
3296 3524 3487 3595 proles
3540 3526 3688 3595 ejus.

2043 3612 2333 3684 Sapientia
2365 3626 2594 3682 quoque
2626 3610 2814 3665 Patris
2857 3615 2947 3665 est
2989 3611 3186 3678 Filius,
3216 3613 3317 3668 sed
3350 3630 3462 3668 non
3498 3615 3689 3683 qualis

2044 3701 2331 3772 sapientia
2353 3699 2629 3767 hominis,
2655 3716 2961 3770 per,quam
2985 3700 3156 3755 homo
3177 3701 3412 3771 sapiens
3431 3709 3548 3768 est;
3584 3703 3685 3757 sed

2045 3807 2078 3845 a
2107 3791 2368 3861 sapiente
2399 3789 2517 3843 haec
2549 3788 2841 3859 sapientia
2868 3792 2959 3843 est
2982 3804 2994 3841 :
3019 3788 3089 3842 de
3110 3804 3223 3858 quo
3245 3787 3460 3843 dicitur
3483 3808 3533 3844 ;‹‹
3566 3792 3684 3845 Soli

2044 3878 2293 3951 sapienti
2322 3878 2457 3945 Deo,
2483 3892 2584 3948 per
2610 3876 2811 3931 Jesum
2845 3875 3163 3946 Christum,
3185 3877 3276 3931 cui
3298 3877 3483 3948 gloria
3505 3878 3561 3931 in
3585 3895 3686 3932 sas-

2044 3968 2194 4034 cula,
2229 3982 2396 4025 amen
2422 3965 2485 4019 “.
2514 3988 2540 4014 υ
2564 3964 2802 4030 Verum,
2853 3965 3037 4034 aiunt,
3089 3981 3204 4020 non
3248 3966 3454 4037 genuit
3500 3967 3689 4022 Pater.

2042 4055 2341 4120 Quomodo
2372 4053 2553 4125 igitur
2582 4056 2640 4107 et
2664 4054 2973 4124 cujusnam
2998 4053 3164 4108 Pater
3184 4054 3404 4110 fuerit?
3454 4055 3553 4111 Sin
3586 4074 3689 4112 au-

2045 4150 2159 4200 tem
2193 4142 2412 4215 genuit,
2447 4157 2583 4213 ergo
2615 4140 2715 4212 qui
2747 4147 2855 4212 est,
2888 4140 2939 4197 is
2969 4147 3059 4197 est
3087 4143 3187 4214 qui
3220 4143 3452 4215 genitus
3483 4151 3591 4200 est.
3620 4146 3693 4200 At

2042 4250 2168 4306 ego,
2193 4232 2366 4300 dicet,
2406 4230 2843 4302 generationem
2875 4230 3152 4286 conﬁteor
3186 4248 3198 4286 :
3231 4231 3491 4303 gignitur
3537 4235 3692 4288 enim

2041 4320 2553 4392 verbum,quando
2577 4319 2921 4375 enuntiatur
2942 4325 2998 4375 et
3025 4319 3417 4392 cognoscitur.
3443 4329 3524 4377 Ac
3556 4339 3695 4393 quo-

2039 4409 2270 4478 ties,dio
2294 4409 2462 4476 mihi,
2485 4408 2540 4463 id
2564 4407 2759 4481 ipsum
2789 4408 3203 4481 generabitur?
3224 4410 3324 4465 32
3346 4426 3486 4465 num
3511 4413 3694 4469 multa

2040 4502 2201 4557 dices
2226 4499 2321 4555 Dei
2342 4498 2550 4565 Verba,
2567 4498 2814 4553 diversis
2840 4498 3203 4569 temporibus
3223 4499 3457 4570 genita?
3478 4516 3551 4555 an
3578 4518 3693 4556 mo-

2039 4591 2112 4645 do
2152 4587 2420 4644 silentem
2469 4586 2652 4641 Deum
2705 4584 3190 4654 comminisceris,
3224 4588 3395 4643 modo
3444 4588 3692 4660 loquen-

286 4674 474 4746 ἄνομε,
508 4675 593 4729 δτι
625 4673 771 4731 ἔσται
812 4698 897 4731 σοι
945 4677 1138 4750 ὅμοιος
1172 4677 1201 4733 6
1233 4678 1364 4741 Θεός
1400 4698 1413 4748 ;
1446 4682 1508 4735 ’Θ
1538 4677 1808 4756 ἄνθρωπε,
1838 4680 1934 4735 κᾶν

2051 4684 2187 4747 tem,
2216 4694 2282 4733 ac
2312 4681 2713 4732 transeuntem
2748 4692 2779 4729 a
2810 4674 3041 4730 silentio
3071 4676 3143 4730 ad
3176 4676 3492 4748 loquelam,
3515 4679 3694 4750 idque

290 4761 611 4838 ὀφθαλμοὺς
640 4763 874 4831 ἀκούσης
920 4771 1074 4839 Θεοῦ,
1100 4767 1196 4822 κᾶν
1244 4769 1360 4841 (10)
1404 4769 1473 4824 τὰ
1519 4766 1666 4824 ἄλλα
1697 4768 1840 4843 μέλη
1871 4770 1940 4826 τὰ

355 4931 642 5010 “Senes.
676 4949 790 5006 nx,
834 4934 925 4990 24.
1000 4935 1242 4993 “Joan.
1291 4952 1418 5005 xm,
1471 4936 1559 4992 13.
1635 4937 1677 4972 ⁴¹
1709 4937 1913 4994 Matth.
1961 4954 2020 5010 κ,
2066 4938 2157 4993 25.

286 5018 403 5072 m,
431 5005 526 5059 27.

350 5186 427 5257 (3)
452 5186 696 5268 Gobler.
740 5193 798 5243 et
847 5189 991 5268 Relc.
1044 5209 1081 5257 ι,
1130 5188 1324 5265 Κύριος
1370 5193 1476 5268 πῦρ
1521 5189 1668 5268 παρὰ
1693 5190 1933 5268 ,Κυρίοικ

286 5255 528 5349 »λοχεία
576 5264 819 5345 εςευοιι.
872 5255 1125 5329 tantum,
1156 5255 1311 5335 pbst,
1342 5255 1562 5339 Κυρίου,
1594 5255 1826 5337 legitur,
1877 5263 1936 5317 ἐκ

285 5346 377 5382 του
405 5346 571 5386 οῡβαν
578 5351 643 5384 ου
651 5374 666 5386 .

346 5352 377 5381 υ
405 5350 469 5385 ου
578 5351 666 5386 ου.

346 5402 423 5475 (4)
597 5403 867 5475 Seguer.,
899 5402 1127 5460 Gobler.
1178 5408 1236 5461 et
1282 5404 1436 5462 Felc.
1488 5421 1527 5462 I.
1578 5405 1729 5475 Editi
1776 5421 1931 5473 vero,

282 5472 527 5548 ρετὸςίιιαί
559 5472 784 5548 Κῦρῖος.
816 5478 944 5548 Mox
992 5492 1194 5548 omnes
1253 5494 1429 5545 mss.,
1471 5475 1547 5548 ὡς
1598 5472 1655 5529 ἂν
1711 5475 1769 5531 ἐκ
1813 5481 1931 5534 τοῦ.

282 5545 420 5619 {aditi
456 5562 597 5603 vero
643 5541 877 5619 omnes,
910 5545 985 5608 ὡς
1019 5541 1092 5600 ὢν
1124 5545 1183 5601 ἐκ
1209 5551 1323 5619 τοῦ.
1355 5541 1537 5619 Paulo
1569 5553 1716 5617 post,
1769 5550 1931 5619 editi,

284 5612 311 5667 δ
338 5613 507 5695 ξένια
531 5637 675 5695 +500.-
705 5612 971 5695 ειθειιδςη
1005 5613 1506 5695 manubriier
1543 5612 1659 5695 μῑιὶι·

344 5688 420 5765 (5)
450 5688 604 5765 Ημῖν
639 5688 861 5764 legitur
903 5690 965 5746 in
1005 5688 1196 5758 Gobl.,
1235 5689 1379 5747 Felc.
1411 5688 1452 5760 ἱ,
1483 5688 1553 5749 δι’
1584 5692 1742 5764 Seg.;
1775 5692 1938 5747 deest

550 5820 833 5882 Panos.
881 5817 993 5882 Gn.
1033 5817 1314 5882 XXVIII.

2047 4767 2264 4841 apertis
2296 4766 2488 4833 labiis,
2523 4768 2626 4820 aut
2656 4768 2948 4820 commoto
2978 4764 3195 4819 corde?
3223 4764 3349 4821 Non
3379 4770 3468 4823 est
3497 4768 3692 4835 homo,

2261 4936 2307 4971 ’δ’
2357 4932 2561 4990 Matth.
2611 4949 2709 5003 vn,
2759 4933 2851 4988 21.
2953 4933 2999 4967 ‘3
3057 4931 3198 4988 ibid.
3260 4933 3349 4989 22.
3449 4936 3494 4969 “
3525 4936 3692 4995 Hom.

2044 5192 2103 5249 in
2135 5191 2327 5248 editis.

2115 5264 2190 5335 (6)
2223 5258 2588 5335 Basiliensis,
2616 5256 2834 5335 ἑτέρωνἶ

2113 5330 2190 5407 (7)
2221 5334 2315 5390 Sic
2347 5330 3141 5407 Ba_siliensis,_Gob_lerianus,
3173 5334 3421 5407 Seguer;
3472 5336 3531 5392 in
3566 5338 3689 5391 edi.

2042 5398 2127 5462 tis
2155 5398 2213 5462 et
2240 5404 2464 5461 caeteris
2496 5420 2638 5457 mss.
2674 5398 2806 5455 οὖσα
2835 5404 3017 5459 deest.

2116 5479 2189 5547 (8)
2220 5475 2287 5530 Ἦ
2320 5478 2486 5531 deest
2516 5474 2574 5528 in
2607 5474 2933 5547 Basiliensi.

2113 5545 2191 5622 (9)
2225 5550 2569 5622 ItaHSeguer.
2603 5546 2757 5601 Editi
2788 5562 2941 5622 vero,
2962 5545 3063 5622 _mi
3094 5546 3235 5622 περί.

2113 5614 2225 5691 (10)
2256 5614 2385 5690 Κᾶἱν,
2415 5614 2619 5675 Omnes
2651 5634 2793 5674 mss.
2820 5618 2974 5674 Editi
3003 5614 3295 5691 vero,'xal.
