2063 3109
160 0 163 1 ν
181 0 254 14 ςνε-ν.
266 0 295 11 ,ν-
311 0 339 12 vvv

187 171 243 202 Hi

784 169 817 199 S.
839 165 1100 199 ATHANASIUS.
1112 182 1150 188 —
1164 165 1298 198 DUBIA.

1831 166 1889 198 H2

186 236 326 266 habuisse
341 245 349 265 ι
366 244 445 269 nam,
461 247 476 260 ι(
492 234 626 264 Gloriflca
650 243 706 270 me,
724 245 738 261 n
763 234 870 270 inquit,
883 245 897 259 «
913 235 1003 267 Pater,

1068 244 1081 258 ι(
1097 232 1195 269 Πάτερ,
1211 232 1285 270 παρᾶ
1299 231 1402 268 σεαυτῷ
1415 233 1450 269 τῇ
1465 231 1529 267 δόξη
1543 231 1562 269 ᾖ
1578 232 1667 271 εἶχον,
1689 232 1745 270 πρὸ
1767 234 1818 261 τοῦ
1842 233 1889 261 τὸν

186 282 263 318 apud
280 281 480 317 temetipsum,
499 280 621 316 gloriam
646 288 704 316 qua
729 279 829 311 habui,
850 281 1009 315 antequam

186 327 315 354 mundus
336 328 422 357 esset,
441 326 519 361 apud
536 328 563 352 te
574 325 605 352 ⁵³.
619 336 630 351 ε
650 324 779 352 Gloriam
802 324 921 359 quidem
947 331 1010 359 qua

185 370 348 398 secundum
373 370 524 397 hominem
547 372 591 397 est
615 368 753 405 postulat,
769 376 833 397 eam
858 376 925 397 vero
947 375 1010 403 quea

185 415 349 443 secundum
375 417 464 442 Deum
490 415 544 447 est,
557 415 624 441 ante
649 413 752 441 mundi
778 413 955 440 creationem
980 420 1011 440 se

186 459 326 487 habuisse
342 461 477 487 testatur.
490 458 598 485 Habuit
610 460 706 485 autem
718 456 841 493 gloriam
853 464 920 484 cum
933 457 1012 483 esset

186 506 216 532 et
229 504 380 532 exsisteret
394 512 400 530 ς
416 510 511 538 neque
526 502 615 535 enim,
631 501 682 537 qui
698 509 755 529 non
771 503 826 534 est,
842 502 938 537 potest
952 499 1012 536 glo-

187 548 304 576 riﬁcari.
317 548 397 580 Quod
409 548 433 574 si
445 549 517 579 erat,
528 554 596 582 ergo
609 545 725 582 genitus
736 545 832 573 fuerat
843 553 849 573 2
861 553 918 573 non
932 545 1011 572 enim

188 592 267 621 ﬁlius
282 594 335 626 est,
350 592 400 628 qui
416 600 473 619 non
489 591 527 619 sit
541 591 668 627 genitus.
684 591 739 618 Sed
765 590 790 617 si
813 590 932 626 genitus
956 591 1011 624 est,

187 636 280 671 aiunt,
305 639 385 664 extra
406 636 567 671 genitorem
591 634 715 669 exsistit,
727 637 754 662 et
778 635 815 662 ab
838 642 871 662 eo
898 633 1011 661 divisus

185 681 343 716 estzatqui
365 683 478 716 oportet
502 679 661 707 indivisum
678 688 695 707 a
711 680 766 706 Deo
790 686 855 706 esse
879 677 1010 706 Verbum

185 725 262 761 quod
279 726 308 753 in
326 726 380 753 Deo
401 724 525 757 exsistit,
541 726 570 752 et
584 726 665 752 extra
680 724 772 751 Deum
795 731 852 751 non
879 725 1009 759 apparet.

1062 276 1164 313 κόσμον
1194 276 1271 312 εἶναι,
1297 276 1370 314 παρᾶ
1397 276 1450 304 σοί·
1480 289 1495 303 n
1517 277 1567 312 τήν
1593 277 1640 314 μὶν
1662 278 1732 305 κατᾶ
1744 276 1887 316 ἄνθρωπον

1066 320 1143 358 δόξαν
1172 320 1267 354 αἰτῶν,
1291 321 1340 355 τὴν
1367 320 1396 348 δὲ
1416 321 1485 349 κατᾶ
1508 322 1574 350 Θεὸν
1604 320 1677 360 ἔχων
1702 322 1758 359 (24)
1773 322 1826 359 πρὸ
1840 325 1889 350 τοῦ

1064 365 1169 402 κόσμου
1195 367 1349 403 μαρτυρῶν.
1375 366 1441 403 Εἶχε
1465 364 1494 393 δὲ
1516 366 1566 400 τὴν
1590 365 1667 402 δόξαν
1684 366 1720 393 ὥν
1742 366 1787 394 καὶ
1804 366 1890 404 ὑπάρ-

1065 420 1135 448 χων-
1163 408 1225 437 οὐδὲ
1249 410 1301 447 γὰρ
1326 410 1339 437 ὁ
1364 410 1402 447 μή
1428 410 1465 437 ὣν
1489 409 1654 446 δεδόξασθαι.
1681 410 1713 438 El
1729 409 1758 438 δὶ
1772 411 1817 446 ἦν,
1842 411 1889 439 καὶ

1065 455 1218 492 γεγεννητο·
1236 454 1267 481 οὐ
1282 455 1334 492 γάρ
1349 454 1419 482 ἐστιν
1445 455 1503 486 υἱὸς
1529 455 1567 491 μὴ
1592 454 1800 492 γεγεννημένος·
1825 455 1889 484 ἀλλ’

1065 499 1088 525 εἰ
1103 498 1268 536 γεγέννηται,
1285 498 1374 537 φησὶν,
1392 498 1468 530 ἐκτός
1483 499 1538 526 ἐστι
1562 501 1611 527 τοῦ
1633 500 1823 537 γεννήσαντος,
1844 499 1890 527 καὶ

1065 541 1204 580 ὃιῄρηταν
1220 542 1371 580 ἀδιαίρετον
1387 542 1416 571 δὲ
1430 544 1486 581 χρὴ
1502 544 1570 571 εῖναι
1586 543 1674 581 Λόγον
1690 543 1756 571 εντα
1777 544 1803 571 ὲν
1829 544 1887 581 Θεῴ

1063 587 1108 615 καὶ
1135 588 1173 624 μή
1190 587 1349 626 φαινόμενον
1370 587 1421 623 ἔξω
1437 587 1487 615 τοῦ
1501 590 1580 617 Θεοῦ.
1597 590 1653 615 Ποῦ
1666 588 1717 627 γὰρ
1731 588 1760 616 ἂν
1776 589 1821 616 καὶ
1836 599 1888 628 φα-

1063 632 1120 666 νείη
1148 631 1235 665 ἐκτὸς,
1259 631 1346 660 πάντα
1367 635 1415 660 τοῦ
1440 635 1508 661 Θεοῦ
1532 632 1759 671 πεπληρωκότιις,
1774 633 1889 661 κατὰτὸ

1065 675 1261 714 γεγραμμένον
1278 689 1292 702 ‹‹
1308 677 1358 704 Τὸν
1374 676 1487 715 οὐρανὸν
1502 677 1546 704 καὶ
1561 677 1610 711 τήν
1624 681 1676 715 γῆν
1697 676 1752 716 ἐγὼ
1776 677 1889 716 πληρῶ,

1066 720 1139 758 λέγει
1155 721 1253 759 Κύριος
1268 731 1275 756 ;
1293 733 1307 747 n

184 770 246 802 Quo
261 770 339 798 enim
356 770 385 797 in
401 769 463 797 loco
484 771 565 797 extra
579 777 646 797 eum
662 768 808 804 apparuit,
824 775 891 795 cum
915 767 992 795 Deus
1015 767 1115 794 omnia
1130 766 1262 803 impleat,
1279 769 1313 794 ut
1334 767 1479 804 scriptum
1494 769 1539 796 est
1554 775 1561 796 :
1580 777 1594 793 «
1609 767 1722 796 Caelum
1737 770 1766 796 et
1781 770 1888 797 terram

183 821 237 850 ego
256 813 373 850 impleo,
389 813 461 840 dicit
476 812 619 840 Dominus
629 812 651 829 “
660 812 675 839 ?
685 823 700 838 »

218 859 246 886 9.
267 857 444 894 Hujusmodi
473 857 658 891 commentis,
687 856 751 884 Filii
779 855 1003 893 generationem,

1098 855 1127 883 9.
1150 854 1291 885 Τοιαύταις
1316 854 1474 893 φαντασίαις
1495 854 1613 893 ἀναιρεῖν
1640 855 1810 894 ἐπιχειροῦσι
1836 857 1886 891 τὴν

184 906 382 938 aternamque
406 903 470 937 ejus
494 910 511 929 a
534 902 618 929 Patre
641 900 869 936 processionem,
885 901 1009 936 ejusque

184 956 252 976 cum
268 947 351 975 Patre
366 946 551 974 cxistentiam
565 946 601 973 de
616 946 711 973 medio
726 945 827 973 tollere
841 947 984 973 conantur
1000 952 1007 972 :

184 992 265 1021 illam
281 1000 397 1027 quoque
413 990 588 1019 sententiam
603 993 730 1018 evertere
743 992 892 1025 satagunt,
904 997 1008 1025 nempe

184 1038 299 1065 Patrem
315 1037 439 1072 perfecte
450 1035 612 1063 secundum
628 1043 659 1062 se
674 1034 843 1067 subsistere,
854 1042 888 1062 ac
903 1033 1007 1061 Filium

185 1089 301 1117 quoque
326 1080 488 1108 secundum
505 1087 536 1107 se
557 1079 683 1115 perfecte
703 1078 873 1106 subsistere.
890 1077 1008 1106 Discant

182 1126 281 1161 igitur,
294 1133 325 1152 se
340 1132 397 1151 non
424 1123 596 1159 intelligere,
612 1132 623 1146 ι
639 1130 734 1159 neque
750 1131 813 1158 quas
836 1122 1006 1158 loquuntur,

183 1178 279 1205 neque
289 1170 325 1197 de
337 1169 445 1204 quibus
458 1167 607 1195 afﬁrmant
617 1168 650 1201 ⁵⁵,
663 1178 676 1191 ι)
687 1167 757 1194 dum
770 1169 861 1194 Deum
877 1166 938 1194 loco
954 1166 1008 1193 cir-

183 1214 385 1242 cumscribunt
398 1221 403 1239 :
418 1212 582 1247 Filiumque
595 1219 698 1239 rursus
710 1211 766 1239 alio
781 1211 811 1238 in
827 1210 890 1238 loco
901 1210 1006 1246 imagi-

181 1262 301 1291 nantur,
314 1266 346 1285 ac
362 1257 470 1284 divisos
486 1255 552 1284 illos
566 1264 640 1289 esse,
653 1255 742 1283 alium
760 1255 815 1288 hic,
826 1255 917 1282 alium
935 1255 1004 1290 illic,

181 1303 350 1331 existimant
376 1310 382 1329 :
407 1301 554 1336 siquidem
584 1300 689 1328 Filium
718 1300 795 1336 apud
820 1307 850 1327 se
873 1302 902 1326 et
924 1301 1006 1327 extra

181 1347 296 1374 Patrem
312 1346 442 1383 genitum
458 1345 558 1379 fuisse,
570 1347 599 1372 et
611 1345 783 1380 apparuisse
799 1344 1004 1372 conﬁteantur.

182 1403 196 1416 α
213 1392 283 1424 Quis
300 1391 381 1419 locus
398 1389 585 1425 requietionis
610 1388 702 1417 meas?
713 1401 724 1415 ε
743 1388 784 1416 ait
799 1388 939 1416 Dominus
955 1396 1005 1424 per

140 1452 148 1455 -
182 1436 357 1472 Prophetam
369 1435 401 1461 ⁸⁸.
415 1446 428 1459 ‹‹
444 1433 555 1462 Ccslum
570 1435 598 1462 et
618 1433 723 1461 oculum
748 1432 823 1468 coeli,
839 1441 896 1461 non
921 1432 1003 1460 sufﬂ-

181 1480 257 1508 cient
279 1480 370 1514 tibi,»
383 1480 422 1506 ait
446 1478 582 1506 Salomon
607 1478 644 1506 ad
673 1479 761 1505 Deum
772 1477 804 1505 ⁸⁷.
822 1477 925 1512 Magno
949 1476 1003 1504 hoc

181 1527 353 1560 argumento
373 1523 507 1551 homines
531 1523 633 1550 edocet
649 1524 723 1550 Deus
740 1530 746 1549 :
765 1521 877 1550 nullum
905 1521 999 1549 locum

179 1570 224 1597 sui
241 1577 376 1604 capacem
388 1576 461 1595 esse.
475 1578 488 1592 «
501 1567 605 1595 Manus
617 1574 690 1601 mea,
704 1577 717 1591 »
727 1566 834 1602 inquit,
846 1566 897 1594 ³4
907 1577 920 1591 «
934 1566 1002 1594 fecit
1015 1552 1038 1585 δ

179 1613 239 1641 δέξο
255 1613 354 1640 omnia
365 1613 422 1638 3‘.»
440 1612 502 1639 Non
527 1610 617 1647 igitur
642 1618 729 1646 opera
751 1610 884 1643 opificem
908 1610 1000 1637 conti-

179 1660 259 1691 nent,
274 1657 365 1693 quiet
384 1659 450 1683 ante
476 1655 526 1683 illa
549 1657 620 1688 erat,
645 1654 776 1690 ipsisque
799 1654 999 1682 exsistentiam

178 1702 296 1738 praebet,
313 1709 346 1729 ac
362 1701 425 1736 ipsa
440 1699 552 1735 opificis
569 1701 711 1735 potestate
726 1698 776 1726 illa
789 1698 910 1726 stabilit.
925 1700 999 1730 Qua-

178 1748 296 1782 propter
311 1745 351 1773 ait
367 1744 474 1772 Paulus
490 1752 496 1771 :
510 1755 523 1769 α
540 1744 580 1771 Ex
597 1751 654 1779 quo
678 1743 787 1776 omnia,
803 1745 832 1770 et
847 1751 898 1778 per
912 1751 1000 1779 quem

178 1791 287 1824 omnia,
303 1793 332 1818 et
355 1790 384 1817 in
406 1798 463 1825 quo
478 1788 577 1816 omnia
587 1788 619 1821 ⁵³,
634 1799 644 1813 ε
662 1789 691 1815 et
705 1795 822 1815 rursum
840 1796 865 1814 :«
881 1788 912 1815 In
935 1787 999 1823 ipso

179 1836 257 1863 enim
272 1835 409 1868 vivimus,
425 1836 453 1861 et
469 1841 629 1865 movemur,
645 1834 675 1860 et
690 1840 793 1860 sumus
803 1832 834 1858 ω.
848 1842 862 1856 »ι

216 1880 259 1907 10.
276 1880 365 1907 Aufer
383 1887 450 1914 ergo
476 1877 548 1905 mihi
571 1876 653 1911 illud,
669 1876 699 1903 in
723 1875 785 1904 loco
810 1875 900 1903 situm
924 1883 999 1912 esse,

179 1933 246 1952 cum
262 1925 297 1952 de
322 1924 389 1957 Deo,
407 1924 441 1950 de
459 1922 562 1955 Verbo,
578 1923 607 1949 et
620 1921 656 1948 de
670 1920 779 1956 Spiritu
805 1922 907 1948 sancto
922 1920 1000 1956 cogi-

178 1969 286 1997 taveris
299 1978 305 1996 :
318 1971 399 1996 aul‘er
414 1966 519 1995 locales
541 1964 749 2001 separationes,
764 1967 793 1992 et
809 1972 844 1992 ne
867 1964 1000 2000 suspice-

179 2013 220 2041 ris
234 2013 302 2041 alibi
314 2013 427 2040 Patrem
438 2019 513 2046 esse,
523 2010 652 2046 alibique
662 2008 765 2036 Filium
776 2008 919 2042 emittere,
932 2017 998 2037 cum

178 2057 272 2093 gignit
281 2057 377 2084 illum.
388 2055 564 2090 liujusmodi
574 2056 652 2082 enim
665 2053 891 2085 mendaces.imo
903 2053 999 2089 potius

177 2102 274 2137 impiae
291 2100 538 2131 ratiocinationes,
550 2098 603 2126 tibi
618 2099 695 2126 circa
713 2098 777 2125 Filii
802 2098 997 2126 substantiam

175 2146 349 2174 oil'endiculo
374 2148 451 2172 sunt.
470 2143 530 2171 Una
545 2151 612 2170 cum
635 2142 705 2170 Filio
729 2145 838 2177 autem,
854 2142 996 2178 Spiritum

174 2199 291 2226 quoque
307 2193 442 2218 sanctum
463 2188 591 2223 abnegas
609 2195 615 2215 :
632 2188 703 2214 dum
720 2195 737 2214 a
751 2186 812 2214 solo
835 2186 918 2215 Patre
933 2195 996 2215 om-

1060 898 1181 937 γέννησιν
1202 901 1251 926 τοῦ
1276 899 1351 934 Υἱοῦ,
1372 899 1420 927 καὶ
1443 900 1493 935 τὴν
1519 900 1571 928 ἀπὸ
1596 902 1644 928 τοῦ
1669 901 1774 939 Πατρὸς
1800 899 1887 929 ἀίδιον

1061 942 1191 981 πρόοδον,
1215 943 1260 971 καὶ
1285 944 1334 978 τήν
1362 944 1428 980 μετά
1455 946 1504 971 τοῦ
1529 945 1634 981 Πατρὸς
1660 944 1781 982 ὕπαρξιν,
1797 945 1842 973 καὶ
1856 945 1888 973 τὸ

1060 986 1172 1019 τελείως
1202 988 1249 1024 μὶν
1271 987 1412 1026 ὑφεστάναι
1439 989 1545 1026 Πατέρα
1568 989 1627 1016 καθ’
1652 989 1757 1026 ἑαυτὸν,
1776 989 1888 1022 τελείως

1060 1032 1105 1059 καὶ
1129 1033 1174 1060 τὸν
1201 1032 1260 1059 nev
1281 1033 1339 1065 καθ’
1356 1032 1448 1060 ἑαυτὸν
1476 1033 1629 1072 ὑφεστάναι.
1644 1034 1811 1069 Μαηὲτωσαν
1827 1035 1886 1072 οὖν,

1061 1076 1103 1104 ὅτι
1120 1078 1158 1113 μή
1173 1079 1276 1112 νοοῦσι,
1294 1089 1308 1103 ιι
1325 1078 1394 1114 μήτε
1409 1077 1425 1105 ἃ
1440 1076 1562 1116 λέγουσι,
1581 1079 1649 1115 μήτε
1663 1078 1726 1116 περὶ
1742 1078 1777 1106 ὧν
1795 1076 1886 1107 διαϐε-

1061 1119 1211 1150 ϐαιοῦνται.
1227 1133 1240 1149 ι
1257 1121 1335 1158 τόπῳ
1350 1122 1414 1150 Θεὸν
1439 1123 1664 1162 περιγράφοντες,
1687 1123 1732 1150 καὶ
1755 1123 1800 1150 τὸν
1824 1124 1884 1151 Υῑὸν

1060 1166 1092 1193 αὖ
1119 1166 1201 1194 πάλιν
1230 1165 1255 1194 ἐν
1281 1166 1363 1204 ἑτέρῳ
1389 1166 1583 1205 φανταζόμενοι
1612 1166 1702 1204 τόπῳ,
1723 1168 1768 1194 καὶ
1795 1178 1883 1204 μεμε-

1059 1210 1159 1247 ρίσθαι,
1187 1211 1232 1238 τὸν
1255 1211 1302 1248 μὶν
1328 1211 1393 1246 tusi,
1417 1212 1462 1239 τὸν
1488 1210 1517 1239 δὶ
1541 1210 1632 1240 ἐνθάδε
1650 1211 1822 1248 νομίζοντες,
1838 1212 1882 1240 ἰὰν

1059 1255 1255 1293 γεγεννημένος
1278 1257 1333 1291 (25)
1356 1256 1402 1283 καὶ
1423 1257 1552 1295 πεφηνὼς
1575 1257 1632 1284 καθ’
1655 1257 1747 1284 ἑαυτὸν
1763 1257 1816 1284 ἀπὸ
1834 1259 1884 1285 τοῦ

1059 1301 1163 1338 Πατρὸς
1193 1300 1207 1327 ὁ
1235 1301 1296 1331 Υἱὸς
1325 1300 1509 1338 ὁμολογῆται.
1537 1311 1548 1326 ε
1573 1301 1618 1332 Τίς
1633 1298 1717 1332 τόπος
1731 1302 1780 1336 τῆς
1795 1311 1879 1329 κατα-

1057 1344 1182 1376 παύσεώς
1199 1354 1268 1381 μου;
1286 1356 1300 1370 ›ι
1316 1344 1396 1384 φησὶν
1416 1345 1430 1372 ὁ
1445 1345 1510 1376 Θεὸς
1527 1343 1571 1372 διὰ
1588 1347 1637 1372 τοῦ
1652 1347 1807 1384 προφήτου,
1825 1357 1838 1373 α
1852 1348 1880 1373 '0

1058 1388 1171 1425 οὐρανὸς
1198 1388 1243 1416 καὶ
1268 1389 1282 1415 ὁ
1306 1388 1417 1427 οὐρανὸς
1443 1391 1491 1416 τοῦ
1524 1388 1639 1426 οὐρανοῦ
1663 1389 1713 1417 οὐκ
1738 1388 1881 1427 ἆρχὲσουσί

1058 1444 1111 1467 σοι,
1137 1446 1150 1460 ››
1177 1433 1313 1470 Σολομὼν
1333 1432 1407 1471 λέγει
1431 1433 1499 1471 πρὸς
1522 1434 1568 1461 τὸν
1583 1432 1660 1462 Θεόν·
1675 1434 1818 1472 τεκμηρίῳ
1835 1444 1883 1470 με-

1056 1477 1141 1515 γίστῳ
1166 1477 1265 1505 πείθων
1290 1477 1353 1509 τοὺς
1377 1477 1536 1515 ἀνθρώπους
1560 1477 1575 1504 ὸ
1604 1478 1681 1514 Θεὸς,
1708 1477 1751 1505 ὅτι
1784 1476 1882 1514 μηδεὶς

1057 1521 1139 1549 αὐτοῦ
1153 1521 1236 1553 τόπος
1253 1520 1383 1552 δεκτικός.
1398 1533 1413 1548 ιι
1422 1522 1453 1550 Ἡ
1468 1522 1520 1559 γὰρ
1537 1521 1598 1559 χείρ
1614 1531 1678 1558 μου,
1696 1521 1801 1561 »φησὶν
1813 1522 1881 1559 (26),

1059 1578 1073 1592 ι(
1104 1565 1213 1601 ἐποίησε
1240 1568 1324 1593 ταῦτα
1354 1566 1448 1594 πάντα.
1479 1577 1493 1591 ιι
1518 1565 1554 1593 Οὐ
1578 1565 1666 1593 τοίνυν
1693 1566 1815 1604 περιέχει
1844 1566 1880 1594 τὰ

1054 1611 1195 1646 ποιήματα
1208 1611 1253 1638 τὸν
1284 1609 1463 1644 πεποιηκότα,
1488 1609 1518 1641 ὃς
1533 1609 1577 1637 καὶ
1592 1610 1646 1648 πρὸ
1658 1610 1754 1638 τούτον
1769 1611 1815 1646 ἦν,
1832 1610 1878 1638 καὶ

1053 1652 1161 1684 τούτοις
1176 1654 1291 1692 παρέχει
1304 1653 1336 1682 τὸ
1352 1653 1427 1688 εἶναι,
1443 1653 1488 1681 καὶ
1504 1653 1572 1690 αὐτῇ
1586 1655 1621 1690 τῇ
1638 1652 1749 1691 δυνάμει
1766 1656 1814 1682 τοῦ
1829 1665 1878 1682 πε-

1054 1697 1202 1733 ποιηκότος
1239 1697 1450 1736 ὶπιστηρίζεται.
1486 1699 1531 1726 Διὸ
1565 1709 1630 1736 φησι
1671 1698 1779 1730 Παῦλος
1809 1700 1877 1736 (27)-

1055 1754 1069 1769 ιι
1085 1742 1129 1778 Ἐξ
1144 1742 1175 1770 οὗ
1187 1743 1220 1769 τὰ
1236 1743 1330 1772 πάντα,
1346 1742 1390 1770 καὶ
1406 1741 1441 1770 δι’
1456 1742 1487 1770 οὗ
1501 1743 1535 1770 τὰ
1548 1743 1645 1779 πάντα,
1660 1742 1705 1770 καί
1729 1742 1767 1774 εἷς
1791 1743 1820 1770 δν
1846 1744 1879 1771 τὰ

1054 1788 1149 1814 πάντα·
1178 1799 1192 1813 n
1218 1787 1262 1814 καὶ
1286 1786 1381 1814 πάλιν·
1408 1799 1423 1813 «ι
1439 1788 1482 1814 Ἐν
1503 1787 1576 1823 αὖτῷ
1590 1788 1642 1825 γὰρ
1659 1790 1759 1824 ζῶμεν,
1775 1787 1820 1815 καὶ
1834 1798 1877 1815 κι-

1053 1830 1183 1867 νούμεθα,
1199 1831 1244 1858 καὶ
1259 1831 1346 1867 ἐσμέν.
1365 1844 1375 1857 ι

1091 1877 1132 1904 10,
1159 1874 1255 1903 ’Λνελε
1280 1874 1312 1910 δή
1340 1885 1387 1912 μοι
1411 1876 1457 1903 τὸν
1480 1875 1507 1904 ἐν
1521 1875 1599 1904 τόπῶ
1615 1875 1816 1915 ἰστηριγμὲνον,
1833 1876 1878 1904 ὅτε

1055 1918 1150 1956 διανοῇ
1175 1920 1237 1957 περὶ
1253 1922 1330 1955 Θεοῦ,
1346 1920 1390 1948 καὶ
1405 1923 1453 1948 τοῦ
1470 1920 1568 1958 Δόγου,
1587 1920 1632 1948 καὶ
1646 1923 1694 1949 τοῦ
1710 1920 1876 1956 Πνεύματος·

1054 1962 1132 1991 ἄνελε
1145 1964 1274 1995 τοπικοὺς
1288 1964 1460 2002 χωρισμοὺς,
1476 1964 1521 1992 καὶ
1552 1965 1590 2001 μὴ
1606 1964 1734 2003 ἀλλαχοῦ
1752 1965 1798 1993 τὸν
1824 1968 1877 1994 Πα-

1052 2008 1116 2046 τερα
1141 2005 1215 2042 ὄντα,
1239 2007 1367 2046 ἀλλαχοῦ
1392 2010 1448 2045 (28)
1474 2008 1502 2036 δὲ
1523 2009 1569 2037 τὸν
1590 2009 1651 2036 Υἱὸν
1677 2009 1824 2046 ἐκπέμπειν
1845 2009 1877 2038 ἐκ

1052 2055 1100 2080 τοῦ
1115 2055 1208 2090 γεννᾷν
1225 2053 1406 2090 ὑποπτεύσῃς.
1423 2053 1504 2081 Οὗτοι
1518 2054 1570 2092 γὰρ
1587 2054 1613 2081 οἱ
1627 2052 1748 2091 ψευδεῖς,
1767 2054 1874 2091 μᾶλλον

1053 2095 1081 2124 δὲ
1096 2097 1140 2125 καὶ
1157 2098 1228 2125 ἄθεοι
1246 2096 1386 2135 λογισμοὶ,
1405 2097 1466 2135 περί
1481 2098 1530 2132 τὴν
1555 2097 1666 2136 ὕπαρξιν
1686 2100 1736 2126 τοῦ
1758 2099 1822 2127 Υὶοῦ
1846 2110 1875 2127 σε

1051 2141 1268 2177 σκανδαλίζουσι.
1295 2143 1492 2180 Συνεξήρνηται
1521 2141 1549 2170 δέ
1579 2153 1622 2170 σοι
1648 2143 1716 2179 μετὰ.
1738 2146 1786 2170 τοῦ
1812 2144 1874 2171 Υἱοῦ

1050 2187 1095 2214 καὶ
1118 2188 1149 2215 τὸ
1173 2186 1283 2224 Πνεῦμι
1304 2187 1336 2215 τὸ
1360 2185 1448 2225 ἅγιον,
1473 2186 1518 2215 διὰ
1541 2189 1589 2215 τοῦ
1605 2188 1662 2224 (29)
1677 2188 1720 2226 ὑφ’
1735 2187 1794 2219 ἐνὸς
1809 2198 1875 2226 προ-

174 2235 222 2263 nia
233 2236 434 2271 praeoccupata
447 2232 608 2260 existimas.
618 2231 658 2259 Ne
668 2231 805 2267 quaeratis
818 2230 872 2259 loci
885 2232 995 2268 magni-

1057 2231 1211 2270 ιατὲχεσθαε
1238 2232 1324 2259 πάντα
1346 2234 1395 2259 τοῦ
1419 2231 1536 2270 Πατρός.
1562 2232 1606 2266 Μὴ
1634 2234 1740 2267 ζητεῖτε
1761 2232 1874 2270 μέγεθος

172 2280 303 2307 tudinem
320 2281 441 2312 tantam,
459 2278 491 2304 ut
505 2285 568 2312 quis
586 2275 677 2311 possit
691 2275 741 2303 Dei
758 2276 993 2312 magnitudinem

171 2332 283 2360 capere.
301 2324 363 2351 Non
379 2323 457 2350 enim
483 2322 663 2349 immensum
688 2321 717 2347 in
742 2328 843 2348 menso
858 2323 903 2347 est
919 2329 925 2348 :
941 2321 991 2348 sed

170 2369 267 2405 palmo
284 2369 401 2405 quidem
415 2376 468 2395 suo
479 2366 585 2395 ccelum
600 2365 727 2399 metitur,
741 2366 772 2392 ut
783 2373 834 2400 per
844 2372 993 2400 compara-

168 2414 278 2442 tionem
294 2413 435 2450 propheta
449 2410 590 2447 explicat:
605 2417 694 2437 manu
710 2412 808 2437 autem
819 2417 872 2436 sua
884 2417 991 2444 aquam

201 2494 224 2511 ⁵³
238 2494 321 2521 Joan.
338 2501 407 2523 xvn,
422 2493 448 2518 5.
487 2491 510 2508 ⁸⁸
526 2490 629 2518 Jerem.
642 2496 723 2523 χχιιι,
736 2488 781 2515 24.
819 2488 842 2505 ⁵⁵
858 2488 868 2515 l
884 2487 960 2515 Tim.
973 2495 992 2520 ι,
1004 2487 1032 2515 7.

165 2530 188 2547 ⁸³
204 2530 214 2557 l
230 2529 294 2557 Cor.
311 2537 372 2561 Vill,
387 2529 413 2555 6.
452 2527 477 2544 ⁶⁰
489 2527 550 2554 Act.
568 2533 636 2560 xvn,
652 2525 696 2552 ﬂ.

200 2617 254 2679 £24)
270 2616 401 2651 Seguer.,
416 2611 499 2649 ἔχειν.
512 2610 602 2639 Paulo
617 2612 683 2647 post
694 2609 782 2643 idem,
795 2608 826 2636 οὐ
840 2608 890 2646 γὰρ
906 2607 920 2635 ὀ
937 2609 986 2645 μή,

164 2652 196 2680 1n
211 2661 241 2679 ra
257 2653 329 2680 ipse.
347 2648 435 2680 φασίν,
453 2656 514 2680 pro,
531 2645 622 2680 φησίν.

200 2657 241 2679 ira
257 2657 329 2687 ipse,
347 2657 435 2688 φασιν,
453 2657 514 2683 pro,
531 2657 622 2686 φησιν.

200 2701 256 2737 (25)
270 2698 473 2736 Seguerianus,
490 2694 683 2733 γεγενημένος.

199 2750 256 2786 (26)
271 2749 317 2777 Sic
331 2747 499 2784 Seguerian.
516 2745 591 2773 Editi
607 2752 684 2777 vero,
700 2740 763 2786 ἔφη.

162 2828 178 2859 λ
198 2784 254 2830 (27)
271 2792 359 2821 Basil.
374 2794 402 2820 et
426 2792 546 2826 Soguer.
562 2787 608 2816 Διό
623 2797 704 2826 φησιν
720 2784 753 2814 αὖ
769 2785 850 2814 πάλιν
872 2785 886 2814 ὀ
909 2787 986 2816 Παῦ-

182 2840 222 2862 ος.

1046 2275 1132 2303 τόπου
1145 2278 1286 2310 τοσοῦτον,
1302 2276 1331 2307 ὃς
1347 2275 1489 2312 δυνήσεται
1501 2280 1627 2314 χωρῆσαι
1655 2277 1767 2315 μίγεθος
1793 2279 1870 2305 Θεοῦ·

1047 2319 1077 2347 οὐ
1105 2320 1155 2358 γάρ
1185 2320 1240 2348 ἐστι
1273 2320 1305 2347 τὸ
1339 2320 1491 2358 ἀμέτρητον
1517 2320 1561 2348 ἐπὶ
1589 2321 1629 2356 τῷ
1659 2322 1871 2358 μεμετρημὲνῳ,

1047 2363 1119 2391 ἀλλὰ
1140 2365 1262 2401 σπιθαμῇ
1294 2364 1341 2400 μὲν
1370 2364 1451 2391 αὐτοῦ
1483 2366 1575 2401 μετρεῖ
1588 2364 1634 2391 τὸν
1665 2364 1871 2400 οὖρανὸν,ὡςὸ

1046 2409 1191 2447 προφήτης
1212 2405 1405 2446 παραϐολιχῶς
1430 2407 1584 2445 ἓρμηνεύει·
1613 2407 1766 2445 μεμέτρηχι
1782 2406 1811 2436 δὲ
1825 2409 1873 2436 καὶ

1070 2488 1092 2505 ⁸⁵
1108 2488 1162 2516 Isa.
1176 2496 1248 2523 uvx,
1262 2489 1286 2516 1.
1325 2488 1348 2505 ⁸⁷
1363 2488 1398 2516 ΙΙΙ
1412 2488 1481 2524 Reg.
1494 2496 1557 2521 vm,
1567 2488 1612 2515 27.
1649 2487 1671 2505 ⁸⁸
1687 2488 1742 2516 Isa.
1756 2497 1829 2524 uvr,
1840 2489 1868 2516 2.

1150 2609 1396 2651 Edit.~Gommel.,
1411 2609 1500 2638 Basil.
1517 2611 1546 2638 et
1564 2611 1630 2646 Seg.
1645 2607 1798 2647 ἀλλαχόσε,
1813 2618 1867 2638 οω-

1078 2654 1107 2671 τι.
1141 2643 1250 2671 λλαγου
1266 2642 1306 2671 δέ.

1043 2642 1250 2682 ίθιξίηᾶλλαχοῦ
1266 2642 1306 2682 δέΖ

1077 2680 1134 2717 (29)
1148 2679 1281 2717 Βθέίιθιεε,
1295 2679 1342 2717 διὰ
1362 2679 1404 2717 τό,
1421 2683 1513 2713 recte:
1538 2680 1588 2709 alii
1613 2689 1680 2709 cum
1704 2681 1786 2715 editi,
1802 2683 1866 2709 tum

1042 2703 1306 2758 ωιρέροτειίηδιά
1396 2703 1603 2758 paganis
1613 2703 1865 2758 *ξιῖῖαεῖιῖαζνάςέιῑιῑ

1041 2753 1158 2789 scripti,
1192 2751 1383 2789 iatéxscOat._
1402 2752 1586 2785 Basiliensis,
1621 2751 1865 2789 παρακατέχεσθαι.

1041 2762 1158 2788 θοι-ιριι,
1192 2762 1364 2789 κατεχεσθαι.
1402 2762 1586 2785 DESIIIBDSIB,
1621 2762 1658 2779 πα
1676 2762 1864 2789 αχατεχεσυαι.

1041 2788 1105 2824 Seg.
1122 2789 1243 2822 rectius,
1269 2787 1494 2826 προκατέχεσθαιέ
1511 2789 1629 2826 _Sta_tim
1658 2762 1736 2825 ξος..
1754 2791 1864 2826 ζητῇ-ιε,

1041 2797 1105 2824 seg.
1122 2797 1243 2822 rectius,
1269 2797 1494 2853 πὲοκατεχεσυαι.
1523 2797 1629 2817 meum
1658 2797 1736 2825 θῦε..
1754 2797 1837 2823 ςητητ

1041 2826 1070 2852 et
1084 2826 1151 2860 post
1164 2833 1268 2861 pauca,
1307 2825 1466 2861 asiliensis,
1482 2825 1497 2852 ὃ
1509 2822 1664 2860 δυνήσεται,
1679 2833 1738 2854 non
1752 2824 1837 2854 male.
