4126 6218
332 413 455 473 H3

1598 409 1914 471 CONTRA
1955 409 2523 477 SABELLIANOS.

3632 414 3753 475 ιη

327 541 399 597 τὸ
454 538 609 615 ὕδωρ
663 542 729 613 τῇ
786 540 963 615 χειρὶ,
1022 539 1114 595 καὶ
1162 541 1264 610 τὴν
1317 541 1417 615 γῆν
1475 544 1649 595 πᾶσαν
1704 536 1880 614 δρακί.
1930 542 1990 619 ’ῼ

2109 559 2352 602 mensus
2372 552 2480 619 est,
2503 565 2570 604 ac
2593 551 2776 603 totam
2819 550 3030 603 terram
3064 542 3285 618 pugillo
3304 545 3373 599 ⁶¹.
3400 546 3561 610 Quod
3584 545 3634 602 si
3660 562 3752 603 ea-

333 628 385 685 δ³
417 629 599 692 οὕτως
773 628 1045 705 ἐλάχιστα
1074 630 1266 701 πάντα,
1299 629 1372 691 ὡς
1404 632 1438 699 ἡ
1469 630 1785 707 προφητικὴ
1817 649 1993 703 παρα-

331 714 486 787 ϐολή
526 718 757 794 μετρίως
792 716 1162 786 ὑποδείκνυσι,
1191 722 1311 781 πῶς
1344 718 1403 773 ἂν
1553 723 1719 794 μικρᾷ
1747 718 1835 773 καὶ
1868 717 1993 773 ἐλα-

328 808 505 886 χίστη
568 806 734 863 κτίσει
791 807 1344 882 συμπαρεκτείνεσθαι
1403 805 1599 880 δόξειεν
1661 807 1799 875 ;,Οὑ
1856 828 1993 879 συμ-

331 897 833 973 παρεκτεινόμενος
888 903 1008 959 τοῖς
1055 903 1184 951 πᾶσι
1242 896 1578 973 πεπλήρωκε
1632 897 1700 950 τὰ
1746 897 1919 950 πάντα
1964 895 1992 949 6

331 986 494 1049 Θεός’
533 985 844 1057 σωματικὸν
878 986 981 1060 γὰρ
1032 988 1214 1051 τοῦτο,
1246 984 1427 1060 ὥσπερ
1478 984 1523 1040 εί
1573 985 1664 1039 τὸν
1706 985 1836 1059 άὲρα
1862 983 1990 1061 φαίη

329 1075 768 1151 πεπληρωκέναι
810 1095 895 1135 τις
942 1075 1034 1129 τὸν
1088 1074 1281 1147 μεταξὺ
1312 1082 1417 1148 γῆς
1465 1075 1552 1129 καὶ
1584 1074 1833 1147 οὐρανοῦ·
1869 1071 1993 1127 ἀλλ’

329 1166 411 1226 ὡς
463 1163 697 1236 δύναμις
745 1162 957 1239 συνέχει
1008 1164 1075 1217 τὰ
1118 1164 1308 1218 πάντα·
1361 1160 1590 1235 δύναμις
1635 1163 1737 1237 γὰρ
1768 1162 1990 1233 ἀσώμα-

328 1275 450 1321 τος,
488 1253 751 1328 ἀόρατος,
796 1251 859 1306 οὐ
907 1249 1204 1321 κυκλοῦσα,
1236 1251 1300 1306 οὐ
1346 1249 1716 1323 κκκλουμένη.
1748 1250 1816 1304 Τὸ
1861 1249 1991 1303 αὐτὸ

331 1340 394 1397 δὲ
438 1343 537 1396 καὶ
567 1341 693 1417 περὶ
724 1343 838 1413 (31)
866 1344 965 1395 106
1016 1340 1165 1407 Υἱοῦ,
1197 1332 1285 1395 καὶ
1336 1339 1459 1412 περὶ
1506 1339 1601 1393 106
1634 1337 1791 1412 ἁγίου
1822 1338 1989 1393 Ιινεύ-

334 1449 534 1503 ματος·
569 1427 660 1484 διὰ
716 1429 817 1505 γὰρ
876 1430 1005 1483 Υἱοῦ
1062 1429 1152 1483 καὶ
1209 1428 1260 1483 ἰν
1325 1427 1592 1500 ΙΙνεύματι
1638 1429 1706 1481 τὰ
1746 1427 1915 1481 πάντα
1961 1426 1988 1481 6

332 1521 465 1581 Θεὸς
514 1518 609 1574 καὶ
668 1519 1031 1587 συνεστήσατο
1061 1561 1075 1584 ,
1134 1517 1223 1571 καὶ
1288 1516 1528 1592 συνέχων
1590 1514 1986 1594 διαφυλάττει.

330 1603 559 1670 Ἀσεόὶς
583 1608 763 1662 τοίνυν
796 1606 887 1661 καὶ
920 1611 1101 1676 ζητεῖν
1130 1604 1219 1660 καί
1268 1604 1466 1660 ἐννοεῖν
1496 1605 1559 1659 τὸ
1589 1609 1694 1659 ποῦ
1883 1624 1987 1658 πο-

326 1698 389 1753 τέ
418 1696 567 1753 ἐστιν
603 1696 633 1750 6
664 1696 814 1760 Θεὸς,
846 1696 882 1763 ἢ
919 1694 948 1748 6
990 1692 1167 1769 Λόγος
1218 1693 1340 1749 τίνα
1384 1693 1549 1748 τόπον
1584 1691 1830 1768 εἷ’ληχεν,
1862 1693 1896 1761 ἦ
1926 1693 1988 1746 τὸ

327 1789 562 1858 Πνεῦμα
586 1784 710 1838 τίνα
739 1780 951 1853 οἷ’κησιν
993 1780 1365 1858 ἐκληρώσατο.
1399 1782 1463 1837 El
1494 1778 1550 1837 δὲ
1581 1779 1670 1837 διὰ
1704 1779 1865 1836 10610
1896 1781 1985 1835 τὸν

330 1875 460 1931 Υἱὸν
494 1872 597 1929 οὐκ
645 1872 779 1928 εἷναί
830 1892 912 1933 τις
961 1871 1088 1926 οὐδὲ
1129 1877 1482 1946 γεγεννῆσθαι
1695 1868 1871 1945 λέγοι,
1904 1869 1988 1924 ὅτι

329 1964 505 2025 τόπος
536 1962 708 2018 αὖτοῦ
735 1968 836 2031 τῆς
881 1957 1068 2023 οὖσίας
1118 1959 1465 2030 ἀνεπινόητος
1495 1960 1584 2014 καὶ
1615 1959 1928 2034 ἀνεύρητος,
1960 1959 1987 2013 6

330 2056 588 2113 τοιοῦτος
640 2047 765 2105 οὐδὲ
803 2051 895 2105 τὸν
948 2047 1155 2124 Πατέρα
1202 2048 1336 2127 φαίη
1384 2048 1517 2103 εἶναι
1566 2047 1825 2120 καθάπαξ,
1877 2045 1990 2103 οὐδ’

333 2142 608 2217 ὑπάρχειν
640 2140 795 2195 Θεόν·
829 2136 945 2194 ἐπεὶ
980 2135 1122 2212 μηδὲ
1156 2139 1326 2199 τόπος
1372 2159 1455 2199 τις
1501 2137 1800 2211 εὑρίσκεται
1831 2141 1986 2195 Θεοῦ.

342 2256 370 2283 ιι
425 2230 593 2287 Εἶπεν
642 2228 826 2307 ἄφρων
870 2227 922 2283 ἐν
966 2225 1159 2304 καρδίᾳ
1206 2227 1390 2282 αὐτοῦ·
1444 2225 1552 2281 Οὐκ
1601 2223 1710 2281 ἔστι
1759 2226 1906 2287 Θεός.
1956 2249 1985 2279 n

334 2326 613 2397 Ἀφρονες
658 2318 735 2380 ὡς
777 2315 1001 2388 ἀληθῶς
1051 2317 1104 2371 οἱ
1148 2320 1412 2383 τοιοῦτοι,
1455 2322 1630 2377 κεναῖς
1678 2314 1991 2391 φαντασίαις

331 2406 559 2471 ἑαυτοὺς
618 2405 1119 2483 παραλογιζόμενοι
1154 2424 1165 2437 ⁸
1226 2405 1440 2475 νηπίων
1498 2404 1588 2459 καὶ
1652 2405 1987 2459 παντάπασιν

336 2497 589 2567 ἀνοήτων
657 2495 726 2550 τὰ
801 2494 1069 2570 ῥήματα,
1128 2491 1400 2572 ὀφθαλμῷ
1476 2489 1840 2565 λαμϐάνεσθαι
1927 2492 1990 2547 τὸ

334 2585 630 2657 ἀσώματον
681 2584 774 2639 καὶ
831 2581 988 2655 τόπῳ
1063 2575 1562 2658 περιλαμϐάνεσθαι
1618 2584 1730 2655 (34)
1793 2580 1991 2657 βουλο-

338 2674 540 2747 μένων.

406 2852 498 2907 11.
549 2851 740 2923 Δῶμεν
778 2844 837 2903 δὶ
890 2845 1078 2909 αὐτοῖς
1141 2844 1401 2923 βραχείας
1457 2848 1609 2909 τινὰς
1664 2846 1875 2910 εἰκόνας
1933 2846 1993 2904 ἐκ

332 2942 441 2993 τῶν
504 2934 883 3012 ἓνδεχομὲνων
940 2936 1245 3008 ἀσωμάτων
1276 2979 1290 3005 ,
1346 2939 1509 2990 τινῶν
1580 2934 1992 3008 ἐπιμνησθέντες

329 3025 704 3103 πραγμάτων,
734 3023 769 3078 ’ἆ
815 3021 882 3094 δὴ
933 3025 1051 3079 καθ’
1099 3026 1246 3097 ἡμᾶς
1300 3017 1448 3095 ὄντα,
1479 3024 1569 3078 καὶ
1617 3023 1704 3078 ὲπὶ
1740 3031 1842 3093 τῆς
1871 3025 1992 3080 κτί-

334 3136 477 3175 σεως
507 3113 776 3193 φαίνεται,
828 3113 878 3167 εἷ’
916 3134 1033 3175 πως
1083 3109 1354 3178 δυνηθεῖεν
1397 3109 1488 3166 διὰ
1530 3113 1736 3168 τούτων
1770 3109 1991 3169 ἀναϐαί-

332 3224 520 3264 νοντες
570 3201 821 3271 ἐννοῆσαί
863 3223 983 3263 πως
1026 3199 1089 3256 τὰ
1135 3200 1427 3273 ἀσώματον
1475 3205 1573 3255 106
1622 3202 1853 3278 Πατρὸς,
1902 3204 1991 3258 καὶ

2104 633 2235 689 dem
2268 636 2491 691 ratione
2523 638 2769 694 minima
2797 643 2935 691 sunt
2961 636 3251 702 omnia,ut
3272 634 3565 706 prephete
3588 652 3749 706 para-

2102 721 2234 777 bola
2266 724 2411 780 satis
2443 726 2700 792 indicat;
2733 726 2832 796 qui
2868 725 3124 789 modicae,
3150 741 3214 778 ac
3244 723 3502 778 minimas
3524 726 3749 779 creatu-

2105 828 2297 866 rarum
2318 813 2896 880 universitati,Deum
2917 811 3281 868 commentiri
3302 818 3564 883 oportere
3582 817 3749 884 puta~

2103 902 2265 957 bitur
2285 902 2312 958 ‘I
2344 904 2465 959 Non
2498 905 2652 959 enim
2685 921 2748 960 eo
2785 910 2932 959 Deus
2963 903 3160 959 omnia
3190 901 3474 974 implevit,
3498 903 3650 974 quod
3676 903 3749 957 ad

2104 992 2365 1047 omnium
2391 994 2580 1063 spatia
2602 994 3108 1055 extendatur,nam
3137 990 3278 1046 illud
3304 988 3530 1062 corpori
3554 989 3747 1046 solum

2107 1082 2386 1151 competit
2418 1097 2430 1134 :
2489 1087 2555 1136 ut
2585 1081 2633 1136 si
2665 1080 2798 1152 quis
2827 1096 3041 1146 aerem,
3073 1078 3321 1150 exempli
3361 1095 3560 1150 causa,
3592 1078 3751 1135 dicat

2101 1173 2289 1223 totum
2326 1169 2567 1240 implere
2618 1170 2897 1240 spatium,
2939 1169 3091 1239 quod
3125 1169 3332 1223 cmlum
3366 1168 3518 1222 inter
3545 1172 3603 1222 et
3631 1171 3746 1223 ter-

2100 1274 2225 1311 ram
2260 1259 2604 1324 intercedit;
2638 1260 2739 1314 sed
2763 1259 2928 1330 quasi
2960 1258 3048 1311 vis
3078 1257 3344 1327 quaedam
3377 1256 3574 1311 omnia
3604 1273 3759 1311 con-.

2098 1346 2244 1401 tinet
2278 1363 2291 1402 :
2324 1348 2409 1402 vis
2440 1347 2591 1402 enim
2626 1348 2985 1418 incorporea,
3009 1345 3320 1401 invisibilis
3350 1351 3458 1417 est,
3484 1362 3598 1401 non
3630 1345 3740 1401 cir-

2101 1436 2359 1507 cumdat,
2388 1450 2491 1491 nec
2510 1437 2925 1491 circumdatur.
2954 1436 3213 1506 Idipsum
3244 1440 3438 1490 autem
3472 1440 3530 1489 et
3550 1435 3622 1491 de
3650 1435 3742 1490 Fi-

2100 1523 2197 1589 lio,
2230 1529 2286 1579 et
2326 1526 2396 1581 de
2444 1524 2664 1595 Spiritu
2710 1529 2909 1579 sancto
2956 1524 3268 1579 dicendum
3321 1541 3333 1579 :
3383 1540 3485 1594 per
3533 1522 3742 1579 Filium

2100 1614 2278 1681 enim,
2302 1618 2362 1669 et
2391 1613 2450 1667 in
2480 1614 2696 1685 Spiritu
2723 1619 2945 1680 sancto,
2967 1613 3119 1669 Deus
3150 1613 3349 1668 omnia
3370 1617 3428 1668 et
3458 1612 3748 1679 condidit,

2099 1706 2157 1756 et
2183 1702 2488 1757 continens
2517 1708 2838 1757 conservat.
2876 1702 3128 1773 Impium
3160 1701 3336 1769 igitur
3364 1705 3749 1772 quaerere,aut

2098 1790 2373 1862 cogitare,
2409 1790 2646 1846 ubinam
2680 1791 2834 1846 Deus
2883 1790 2959 1845 sit
2990 1807 3003 1844 :
3039 1794 3142 1846 aut
3184 1805 3501 1861 quemnam
3547 1788 3741 1845 locum

2101 1880 2363 1935 obtineat
2386 1879 2676 1935 Verbum:
2702 1885 2804 1934 aut
2834 1896 3011 1950 quam
3042 1878 3465 1934 habitationem
3487 1877 3744 1949 Spiritus

2098 1973 2338 2023 sanctus
2366 1969 2611 2024 sortitus
2634 1968 2730 2023 sit.
2782 1969 2944 2033 Quod
2991 1967 3040 2023 si
3069 1967 3201 2038 quis
3232 1966 3358 2022 ideo
3391 1966 3600 2022 Filium
3634 1983 3742 2022 nec

2098 2072 2246 2124 esse,
2280 2073 2383 2112 nec
2415 2057 2676 2129 genitum
2706 2056 2890 2113 fuisse
2933 2056 3203 2122 afﬁrmet,
3258 2055 3413 2126 quod
3446 2054 3609 2110 locus
3637 2071 3740 2126 pro

2097 2145 2227 2214 ejus
2257 2145 2593 2201 substantia
2615 2160 2722 2201 nec
2751 2144 3087 2216 excogitari,
3112 2160 3217 2200 nec
3250 2142 3501 2199 inveniri
3530 2144 3742 2215 possit,

2098 2233 2149 2289 is
2185 2250 2289 2289 nec
2315 2235 2537 2289 Patrem
2565 2235 2803 2306 quidem
2826 2250 3087 2305 unquam
3110 2232 3393 2301 extitisse,
3417 2249 3522 2288 nec
3543 2234 3743 2305 ipsum

2098 2323 2281 2378 Deum
2313 2339 2463 2392 esse,
2495 2323 2705 2380 dixerit
2737 2340 2749 2378 :
2784 2323 3260 2395 quandoquidem
3293 2338 3398 2377 nec
3428 2322 3744 2394 quisquam

2097 2411 2259 2467 locus
2288 2411 2390 2468 Dei
2418 2428 2599 2485 capax
2628 2413 2943 2471 invenitur.
2977 2436 3005 2464 ‹‹
3038 2412 3193 2468 Dixit
3222 2410 3506 2483 insipiens
3531 2411 3590 2466 in
3622 2427 3749 2469 cor-

2099 2501 2171 2556 de
2200 2517 2328 2569 suo,
2362 2501 2487 2557 Non
2518 2506 2606 2557 est
2646 2507 2796 2557 Deus
2841 2502 2909 2556 ⁸³.
2964 2523 2992 2551 ι)
3042 2501 3389 2573 Insipientes
3436 2517 3635 2557 revera
3663 2501 3751 2557 illi

2098 2594 2258 2658 sunt,
2292 2590 2393 2661 qui
2424 2590 2589 2645 vanis
2619 2590 2968 2646 commentis
2999 2605 3127 2646 sese
3166 2589 3467 2662 decipiunt
3502 2606 3515 2647 :
3550 2588 3752 2646 stolidi

2099 2695 2165 2735 ac
2196 2695 2436 2750 prorsus
2462 2679 2653 2735 insani
2679 2687 2837 2748 sunt,
2857 2679 2955 2751 qui
2986 2679 3395 2747 incorporeum
3421 2677 3589 2735 oculo
3612 2695 3742 2751 per-

2099 2766 2235 2839 cipi,
2268 2784 2335 2823 ac
2364 2767 2489 2824 loco
2519 2768 2921 2824 circumscribi
2950 2770 3174 2823 volunt.

2173 2856 2258 2910 11.
2294 2860 2507 2911 Demus
2537 2856 2716 2928 igitur
2744 2855 2863 2911 illis
2897 2855 3142 2927 pusillas
3170 2855 3396 2927 aliquot
3424 2854 3735 2926 imagines,

2098 2958 2167 2999 ex
2196 2944 2551 3015 incorporeis
2608 2961 2759 3015 saepe
2801 2944 3262 3009 occurrentibus,
3297 2959 3363 2998 ac
3401 2943 3471 2999 de
3501 2941 3748 3015 quihus-

2102 3034 2238 3087 dam
2258 3033 2614 3089 mentionem
2629 3033 3066 3102 faciamus,quaa
3085 3032 3239 3103 apud
3265 3048 3370 3087 nos
3394 3031 3745 3098 habeantur,

2099 3122 2235 3177 etin
2259 3136 2453 3176 rerum
2471 3126 2680 3176 natura
2700 3126 3109 3193 compareant:
3137 3120 3187 3176 si
3207 3137 3322 3192 quo
3347 3121 3519 3175 modo
3542 3136 3747 3176 earum

2102 3225 2279 3281 opera
2307 3209 2535 3276 emersi,
2571 3210 2977 3281 incorporeum
3008 3226 3137 3265 esse
3165 3209 3481 3277 Patrem,et
3512 3207 3747 3275 Filium,

330 3298 428 3347 τοῦ
486 3292 640 3358 Υἱοῦ,
671 3291 760 3345 καὶ
790 3295 887 3345 106
946 3288 1106 3364 ἁγίου
1136 3289 1472 3362 Πνεύματος·
1502 3290 1592 3344 καὶ
1625 3288 1819 3363 μηκέτι
1851 3312 1985 3367 φαν-

2105 3302 2157 3353 et
2181 3298 2462 3369 Spiritum
2496 3303 2788 3367 sanctum,
2810 3296 3137 3367 intelligere
3163 3296 3397 3352 valeant
3422 3315 3433 3364 ;
3460 3312 3563 3351 nec
3595 3295 3753 3352 ultra

331 3382 592 3450 τάξεσθαι
616 3380 821 3441 τόπους
866 3379 1065 3450 αὐτῶν,
1120 3376 1261 3452 μηδέ
1309 3379 1539 3441 τοπικὰς
1580 3377 1865 3457 διαιρέσεις
1896 3388 1997 3449 τῆς

333 3467 731 3546 τριάδος
788 3468 1045 3525 ἐπινοεῖν.
1100 3468 1424 3540 Ἀσώματος
1481 3468 1569 3521 καὶ
1628 3468 1992 3542 πνευματικὸς

340 3559 417 3614 ὧν
449 3558 478 3612 6
508 3558 704 3631 νόμος,
766 3556 908 3612 ἔστιν
950 3556 1004 3611 ἐν
1062 3560 1131 3630 τῇ
1187 3560 1283 3610 106
1327 3558 1675 3631 νομομαθοῦς
1706 3560 1820 3631 (36)
1877 3556 1996 3614 δια-

333 3647 480 3719 νοίᾳ’
515 3647 571 3702 ἐν
600 3651 670 3720 τῇ
702 3646 837 3720 αὐτῇ
888 3644 945 3702 δὶ
991 3645 1081 3700 καὶ
1120 3645 1173 3699 οἱ
1217 3651 1516 3721 προφῆται,
1549 3644 1856 3721 Εὐαγγὲλια
1904 3646 1994 3702 καὶ

337 3734 668 3793 ἀπὸστολοιο
703 3737 793 3790 καὶ
845 3732 1056 3811 εἴρηται
1114 3732 1237 3811 περὶ
1290 3738 1397 3788 τῶν
1442 3737 1685 3789 νοιιικῶν
1726 3736 1816 3789 καὶ
1867 3756 1998 3812 προ-

343 3830 598 3904 φητικῶν
651 3821 849 3899 λόγων.
888 3848 909 3874 ιι
944 3826 1174 3899 Ἔχουσι
1213 3821 1443 3877 Μωϋσὲα
1488 3820 1576 3877 καί
1615 3821 1741 3885 τοὺς
1774 3827 1996 3901 προφή-

334 3935 454 3976 τας.
509 3936 544 3967 ››
601 3912 695 3967 καὶ
729 3912 758 3967 6
802 3913 1000 3987 Σωτὴρ
1039 3911 1129 3966 τὸν
1180 3909 1376 3985 ἔχοντα
1430 3908 1639 3965 παλαιά
1693 3912 1782 3966 καὶ
1837 3912 1997 3969 καινὰ

336 4001 563 4078 ῥήματα
609 3999 699 4055 ἐπὶ
753 4006 855 4070 τῆς
904 4001 1096 4055 ἑαυτοῦ
1143 3996 1393 4075 ,διανοίας
1444 3997 1673 4054 ἐοικέναι
1706 4000 1867 4076 φησὶν
1904 4003 1993 4055 άν-

333 4091 549 4165 θρώπφ
597 4085 980 4162 οἰκοδεσπότῃ,
1007 4087 1154 4149 ὅστις
1182 4086 1441 4165 προφέρει
1474 4085 1534 4143 lx
1579 4092 1679 4142 τοῦ
1720 4090 1993 4165 θησαυροῦ

334 4179 502 4234 αὐτοῦ
531 4180 692 4233 καινὰ
721 4178 807 4233 καὶ
838 4177 1066 4234 παλαιά.
1114 4173 1365 4253 Ἐδέχετο
1397 4173 1455 4231 δὲ
1485 4176 1514 4230 6
1544 4181 1815 4240 Μωϋσὲως
1868 4184 1991 4242 νοῦς

336 4268 529 4346 σοφίαν
588 4288 649 4323 τε
704 4272 876 4322 πᾶσαν
918 4266 1321 4340 Αἰγυπτιακὴν,
1369 4264 1458 4320 καὶ
1488 4267 1586 4335 τήν
1620 4265 1679 4320 ἰκ
1731 4272 1827 4341 106
1857 4272 1993 4324 Θεοῦ

337 4354 587 4421 δοθεῖσαν
616 4356 765 4429 αὖτῷ
800 4400 815 4413 .
848 4354 949 4413 Καὶ
981 4352 1209 4423 Δανιὴλ,
1242 4352 1449 4408 σύνεσιν
1486 4360 1656 4409 πᾶσαν
1687 4356 1787 4425 τήν
1838 4355 1987 4412 Χαλ.

339 4442 507 4500 δαίων
539 4442 1077 4518 ὑποδεξάμενος
1111 4488 1125 4512 ,
1159 4442 1357 4517 ἐχώρει
1397 4440 1489 4496 καὶ
1518 4443 1586 4497 τὰ
1636 4442 1862 4515 ποικίλα
1889 4451 1989 4515 τῆς

338 4534 482 4597 θείας
512 4534 708 4611 σοφίας
762 4535 1036 4607 νοήματα,
1069 4529 1200 4605 ὅπερ
1244 4529 1496 4603 σημαίνει
1547 4529 1616 4586 δι’
1660 4533 1930 4608 Ἰεζεχιήλ
1963 4535 1990 4589 6

2104 3403 2305 3442 eorum
2340 3386 2467 3442 loca
2495 3386 3039 3454 comminiscantur,
3071 3385 3159 3440 vel
3191 3385 3404 3441 locales
3434 3384 3752 3440 divisiones

2104 3475 2164 3530 in
2192 3475 2478 3531 Trinitate
2508 3474 2851 3546 excogitent.
2910 3472 3293 3545 lncorporalis
3336 3478 3395 3530 et
3425 3472 3750 3545 spiritualis

2104 3581 2237 3620 cum
2270 3564 2347 3619 sit
2377 3565 2486 3631 leX,
2510 3564 2567 3619 in
2602 3563 2748 3635 legis
2772 3563 2939 3635 periti
2971 3568 3168 3618 mente
3196 3563 3461 3618 exsistit:
3498 3562 3570 3617 ibi
3606 3579 3750 3631 quo-

2104 3669 2217 3724 que
2248 3660 2387 3709 sunt
2419 3653 2730 3724 pr0phetse,
2762 3652 3075 3724 Evangelia
3104 3656 3162 3706 et
3204 3651 3450 3723 apostoli
3481 3668 3493 3707 :
3529 3651 3747 3706 dictum

2103 3741 2320 3813 quippe
2350 3747 2441 3797 est
2462 3743 2532 3797 de
2553 3741 2841 3812 legalibus
2871 3746 2929 3795 et
2960 3739 3312 3811 propheticis
3335 3739 3525 3794 verbis
3549 3756 3563 3794 :
3583 3762 3610 3788 ‹‹
3634 3742 3748 3794 Ha-

2103 3830 2244 3886 bent
2272 3830 2508 3902 Moysen
2541 3835 2597 3885 et
2630 3829 2945 3901 prophetas
2998 3827 3064 3881 ⁸³.
3115 3847 3143 3878 ιι
3195 3828 3265 3882 Et
3309 3826 3572 3882 Salvator
3613 3842 3747 3882 eum

2102 3919 2201 3989 qui
2234 3935 2383 3974 nova
2412 3924 2469 3975 et
2498 3924 2691 3974 vetera
2731 3917 2905 3972 verba
2947 3914 3006 3971 in
3063 3920 3256 3971 mente
3305 3931 3412 3971 sua
3463 3913 3742 3981 continet,

2101 4006 2354 4063 similem
2385 4007 2526 4063 dicit
2556 4006 2780 4062 homini
2813 4004 3220 4075 patrifamilias
3250 4003 3351 4074 qui
3410 4004 3630 4076 profert
3674 4002 3748 4059 de

2100 4096 2380 4151 thesauro
2430 4112 2557 4166 suo,
2615 4110 2763 4149 nova
2820 4098 2877 4149 et
2933 4098 3145 4149 vetera.
3200 4092 3470 4164 Suscepit
3514 4107 3747 4163 quoque

2101 4184 2316 4257 Moysis
2347 4183 2698 4249 intellectus,
2731 4199 2865 4238 cum
2897 4181 3245 4254 sapientiam
3274 4197 3510 4237 omnem
3542 4185 3749 4253 Egyp-

2099 4273 2333 4341 tiacam,
2393 4277 2520 4328 tum
2553 4288 2678 4328 eam
2738 4288 2865 4343 qua:
2921 4270 3032 4326 sibi
3081 4287 3116 4325 a
3170 4271 3280 4326 Deo
3331 4271 3465 4326 data
3536 4270 3745 4325 fuerat.

2099 4361 2169 4416 Et
2198 4360 2399 4416 Daniel
2456 4365 2727 4430 suscepta
2781 4358 2942 4415 omni
2994 4356 3395 4413 Chaldzeorum
3436 4355 3746 4429 sapientia,

2096 4450 2258 4505 varia
2289 4455 2483 4506 tamen
2541 4450 2747 4504 divinae
2780 4447 3078 4520 sapientiae
3130 4463 3303 4503 sensa
3364 4445 3747 4517 percipiebat,

2100 4544 2164 4593 ut
2211 4554 2315 4609 per
2362 4537 2710 4593 Ezechielem
2770 4536 2989 4592 indicat
3036 4535 3192 4590 Deus
3225 4553 3239 4590 :
3272 4556 3297 4584 .‹
3330 4533 3609 4606 Nunquid
3643 4534 3739 4590 85

340 4624 494 4687 Θεός,
541 4648 562 4673 ε
595 4624 684 4692 Μή
723 4623 786 4678 σὺ
822 4622 1134 4701 σοφώτερος
1153 4620 1314 4674 είτοῦ
1353 4617 1556 4690 Δανιήλ
1592 4639 1605 4689 ;
1648 4627 1749 4675 πᾶν
1766 4621 1990 4700 κρύφιον

2105 4627 2419 4698 sapientior
2447 4643 2508 4682 es
2540 4630 2603 4681 tu
2651 4625 2880 4681 Daniele
2909 4624 2936 4679 ‘I
2976 4640 3148 4680 omne
3186 4627 3473 4679 secretum
3508 4639 3618 4677 non
3653 4638 3747 4677 os-

342 4712 451 4787 οὗχ
498 4710 799 4788 ὑπεδείχὼχ
850 4732 957 4768 σοι.
996 4736 1024 4764 ››
1073 4709 1473 4783 Ἀναρίθμητος
1514 4705 1570 4764 δὲ
1599 4712 1633 4779 ἡ
1673 4714 1770 4764 106
1818 4711 1993 4768 Σολο-

351 4806 534 4873 μῶνος
563 4803 681 4875 (38)
711 4799 998 4878 φρόνησις,
1038 4799 1125 4854 καὶ
1155 4797 1217 4853 τὸ
1246 4796 1402 4873 χύμα
1432 4804 1533 4868 τῆς
1562 4796 1785 4872 καρδίας
1806 4800 1992 4871 αὐτοῦ,

2104 4722 2337 4771 tensum
2390 4720 2479 4770 est
2521 4715 2628 4769 tibi
2679 4715 2740 4768 5‘.
2800 4735 2828 4764 »
2875 4711 3328 4769 Innumerabilia
3375 4728 3607 4783 quoque
3637 4710 3749 4766 fuit

2102 4803 2431 4859 Salomonis
2479 4804 2788 4874 sapientis,
2820 4811 2877 4859 et
2922 4801 3171 4858 latitudo
3216 4801 3410 4857 cordis
3435 4802 3565 4871 ejus
3595 4800 3750 4856 sicut

410 4908 457 4944 ⁶⁴
488 4908 598 4963 Isa.
630 4923 724 4975 η,
756 4908 843 4962 12.
917 4906 965 4943 ⁸³
995 4903 1129 4962 Psal
1158 4920 1283 4975 xm,
1318 4904 1370 4958 1.
1445 4904 1491 4939 ⁸³
1519 4903 1655 4961 Luc.
1687 4921 1800 4973 ενι,
1831 4907 1921 4962 29.

2105 4907 2276 4964 lzech.
2308 4924 2506 4975 xxvm,
2534 4908 2587 4961 3.

418 5011 532 5082 (30)
560 5012 693 5086 80g.
717 5012 905 5080 solus,
924 5006 1081 5086 Et};
1102 5008 1474 5086 0610):.Mox,
1497 5008 1751 5086 Gobler.,
1783 5010 1932 5086 li'elc.
1953 5029 1994 5082 ι,

349 5079 483 5155 80g.
516 5079 584 5138 ut
618 5079 679 5139 in
706 5079 894 5155 textu.
923 5082 1072 5155 Editi
1122 5087 1182 5155 et
1228 5080 1647 5155 quidam_mss.
1681 5079 1755 5141 ὡς
1786 5083 1823 5150 ἡ
1853 5079 1994 5155 προέ

353 5148 556 5229 φηῖική
607 5154 958 5226 παραοολική
1026 5148 1265 5226 μετρίωξ
1328 5148 1728 5226 παραδεικνυσι,
1796 5148 1994 5211 minus

352 5231 531 5371 αἴθῗῇ
564 5294 702 5373 Ιῐερί
746 5298 906 5354 deest
950 5296 1013 5352 in
1070 5294 1280 5361 editis;
1325 5309 1394 5349 ex
1437 5293 1675 5366 Seguer.
1735 5295 1994 5352 restitui-

354 5384 531 5509 ωῗὲέ)
566 5441 666 5497 Sic
695 5441 964 5515 Seguer.,
991 5436 1157 5495 Gohl.
1208 5435 1356 5493 Felc.
1391 5454 1410 5491 ι
1437 5454 1450 5492 :
1484 5436 1543 5492 in
1572 5436 1767 5505 editis,
1798 5435 1991 5507 τόπου,

352 5526 982 5729 μῆΐὲἳέηθτίεηοε,
1012 5584 1381 5660 γεγενῆσθαι..
1548 5651 1557 5661 ⁸
1597 5650 1607 5661 .
1955 5650 1967 5663 ο

352 5724 362 5729 _
410 5657 501 5727 (34
556 5649 1101 5729 Ιιφιλαμόάνᾷεσθαξ
1122 5651 1320 5729 deerat
1365 5665 1429 5729 in
1468 5650 1644 5729 editis
1695 5656 1753 5729 et
1780 5652 1838 5707 lo
1869 5668 1967 5723 qui

410 5649 525 5729 (34)
556 5649 1101 5729 Ιιεξιλαμϐάνξεσθὰί
1122 5651 1320 5729 deerat
1365 5649 1429 5729 in
1468 5650 1644 5729 editis
1695 5656 1753 5729 et
1780 5652 1838 5707 lo
1869 5650 1995 5723 qui-

346 5720 599 5787 busdam
630 5720 800 5797 mea;
831 5727 936 5786 sed
962 5741 1035 5783 ex
1061 5720 1242 5780 Basil.
1269 5721 1608 5780 restitutum
1639 5726 1748 5781 est.

2178 5013 2289 5137 (εξ)
2318 5013 2451 5085 Seg.
2486 5012 2665 5078 solus,
2696 5015 2796 5079 τῆς
2825 5006 3076 5085 Τριάδος,
3123 5010 3220 5067 alii
3251 5027 3384 5067 vero
3425 5026 3649 5067 omnes.
3678 5008 3751 5081 τῇ

2182 5102 2233 5136 ια
2272 5105 2308 5137 ι.

2101 5088 2499 5227 ΤρίέἓλἘάὶῑί,
2530 5160 2629 5223 τῆς
2669 5156 3045 5228 νομομαθοῦς,
3087 5154 3384 5209 mendose.
3432 5155 3584 5225 Seg.,
3628 5153 3751 5225 τοῦ,

2103 5232 2286 5370 mliti?)
2321 5297 2665 5370 Inpeditione
2702 5295 2981 5370 Commel.
3015 5297 3200 5367 deest,
3234 5291 3651 5370 ᾧποξεξᾴμενος.
3686 5295 3749 5370 I_n

2103 5362 2360 5423 editione
2391 5369 2571 5440 Paris.
2624 5371 2751 5440 ejus
2800 5362 3195 5440 locorlegitur'
3229 5362 3649 5437 ἀποδεξάμενος,
3678 5368 3751 5422 At

2102 5456 2306 5495 omnes
2340 5457 2482 5496 mss.
2516 5437 2908 5510 ὑπουὲξάμενος
2941 5437 3177 5494 habent.

2172 5512 2285 5583 (38)
2321 5513 2379 5583 In
2412 5512 2584 5567 editis
2631 5505 2705 5565 et'
2736 5505 3092 5583 quibusdam
3145 5526 3312 5583 mss,
3343 5507 3432 5562 καὶ
3462 5512 3575 5583 ,τοῦ
3607 5505 3741 5563 Σολ.

2102 5581 2300 5651 Basil.,
2332 5582 2584 5653 Gobler.,
2618 5581 2853 5654 Seguer,
2878 5583 3039 5654 5,106
3073 5581 3231 5652 Σολ.,
3252 5587 3422 5640 recte.
3458 5582 3587 5637 Mox
3610 5584 3745 5654 post

2099 5656 2308 5726 ἅμμος,
2338 5651 2575 5729 Seguer,
2606 5651 2770 5711 addit
2796 5651 2979 5732 φησιν.
