2063 3109
13 2727 16 2740 .

13 2758 35 2830 ,-

13 2953 21 2976 le

117 0 140 8 -

177 194 233 225 “5
766 194 798 224 S.
823 191 1083 223 ATHANASlUS.
1097 208 1134 213 —-
1152 191 1281 223 DUBIA.
1818 193 1876 224 116

175 268 273 292 arena,
288 267 350 293 quas
374 261 418 287 est
442 259 523 294 juxta
549 266 629 287 mare
649 259 681 287 °'.
707 258 782 286 Dum
807 259 883 286 hanc
906 257 994 293 igitur

1056 256 1088 288 ὥς
1106 257 1210 292 ἄμμος,
1238 257 1256 291 ἡ
1281 256 1353 294 παρᾶ
1380 258 1430 291 τήν
1461 257 1606 287 θαλασσαν.
1636 258 1672 286 Τὸ
1688 257 1716 286 δὶ
1743 260 1873 286 τοσοῦτον

175 307 290 333 tantam
317 304 526 340 sapientinrum
544 303 763 331 multitudinem
781 303 809 331 in
832 311 889 331 una
900 305 996 330 mente

174 348 368 384 conspiciunt,
386 348 413 374 in
430 347 492 375 loco
508 349 604 375 tamen
622 347 687 375 illas
703 356 760 375 non
777 356 840 376 esse
863 347 995 375 animad-

174 395 298 420 vertant.
317 392 386 424 Quis
402 392 478 419 enim
498 392 583 420 homo
600 395 685 420 tantae
703 391 916 428 magnitudinis
931 392 996 419 fue-

174 437 222 469 rit,
240 439 271 464 ut
286 436 324 464 sit
338 437 459 463 idoneus
476 437 510 464 ad
527 439 570 464 tot
584 436 743 472 sapientius
758 436 954 472 excipiendas,
972 436 997 464 si

175 481 277 509 divisis
293 482 321 508 in
343 481 414 508 locis
440 481 571 516 singulas
595 481 810 517 speculationes
831 481 996 509 habuerit?

178 528 248 553 Cum
266 526 355 561 igitur
370 526 534 559 siiirituulia
549 534 612 561 quae
629 526 676 553 hic
691 528 769 559 sunt,
786 525 912 561 plurima
930 525 998 552 licet

175 571 243 605 sint,
260 570 393 606 plurimis
419 573 516 597 tamen
542 569 613 597 locis
638 578 695 597 non
717 570 879 605 indigeant,
896 570 945 597 sed
966 569 994 596 in

175 623 233 642 uno
246 615 403 649 eodemque
416 614 562 641 intellectu
573 617 739 647 versentur;
752 614 953 650 intelligamus
964 622 997 641 ea

177 668 239 694 qua:
257 668 344 694 supra
361 667 422 690 nos,
441 667 472 685 ac
489 659 649 686 secundum
675 667 706 687 se
731 659 901 694 incorporea
916 661 995 691 sunt,

177 704 290 731 Patrem
315 712 428 738 nempe,
454 704 569 739 Filium,
585 706 614 731 et
628 703 767 739 Spiritum
784 705 930 735 sanctum,
946 710 997 729 nec

177 748 249 775 locis
275 748 413 783 indigere,
433 756 482 774 nec
509 747 580 775 locis
601 747 752 784 separari;
770 756 820 775 nec
843 747 910 783 quis
932 747 997 774 ideo

176 792 287 828 opinari
311 793 416 819 audeat
441 793 564 825 Patrem,
581 794 632 820 aut
655 792 832 824 Filium,aut
856 792 997 827 Spiritum

176 840 310 865 sanctum
329 846 383 864 non
397 837 626 873 exsistere,quod
641 837 767 873 singulis
785 836 866 865 locus
881 837 997 864 definiri

176 884 204 908 et
217 882 322 909 ascribi
339 884 472 916 nequeat.
483 882 536 909 Sed
544 882 627 909 Pater
642 882 760 918 quidem
776 882 823 917 qui
840 882 996 917 perfectam

176 925 335 953 essentiam
352 925 488 959 omnique
508 925 619 953 defectu
638 929 784 953 carentem
801 925 899 960 habet,
917 925 999 953 radix

177 973 205 998 et
220 970 283 997 fons
299 972 342 997 est
359 969 421 997 Filii
442 978 475 997 ac
491 970 617 1005 Spiritus
632 970 725 998 sancti
742 978 748 997 :
772 972 818 998 est
839 972 936 997 autem
953 970 998 997 Fi-

177 1014 235 1041 lius
251 1014 279 1040 in
296 1013 380 1049 plena
396 1013 560 1046 divinitate,
574 1014 701 1042 Verbum
727 1014 835 1049 vivens,
854 1022 886 1042 ac
902 1013 999 1050 proles

177 1058 273 1085 Patris
289 1067 352 1093 quea
368 1058 449 1085 nullo
467 1058 584 1094 indiget.
598 1058 706 1086 Plenus
722 1067 837 1094 quoque
851 1061 896 1086 est
910 1058 998 1094 Spiri-

178 1105 226 1130 tus
242 1105 361 1130 sanctus
378 1103 460 1136 Filio,
477 1111 534 1131 non
549 1111 617 1139 pars
630 1102 760 1137 alterius,
778 1103 828 1131 sed
848 1104 878 1131 in
902 1103 998 1139 seipso

179 1147 300 1182 integer.
311 1149 404 1183 Atque
418 1148 457 1175 ita
468 1148 676 1183 Trinitas,quaa
690 1155 788 1176 revera
803 1148 998 1180 exsistit,con-

174 1193 277 1228 juncta
301 1195 346 1219 est
371 1193 480 1227 absque
496 1192 555 1220 ulla
577 1192 803 1228 intercapedine.
829 1193 905 1220 Nihil
921 1193 998 1220 enim

179 1239 223 1264 est
239 1237 315 1271 quod
331 1236 525 1271 disterminet,
536 1245 595 1264 una
609 1237 697 1264 simul
708 1236 806 1265 existit
820 1237 856 1264 ab
872 1239 978 1265 aeterno
991 1246 997 1271 ;

179 1280 293 1308 nullum
302 1281 379 1308 enim
388 1289 479 1307 aevum
492 1281 791 1309 intercedit.F‘ormam
801 1284 897 1309 autem
911 1290 999 1309 unam

179 1325 372 1360 eamdemque
388 1326 451 1360 ipsa
468 1325 661 1359 prmfert,cum
679 1325 761 1353 Pater
772 1325 888 1361 quidem
905 1326 934 1352 iu
952 1325 999 1353 Fi-

179 1369 218 1397 lio
234 1370 441 1405 conspiciatur,
460 1370 550 1397 Filius
573 1378 639 1397 vero
659 1370 688 1397 in
713 1369 821 1405 Spiritu
849 1373 949 1397 sancto
973 1372 1001 1397 et

179 1413 370 1450 intelligatur,
391 1417 418 1441 et
439 1414 586 1442 hominem
618 1414 663 1442 sui
687 1414 856 1450 participem
884 1414 999 1442 habeat.

181 1470 194 1483 ‹‹
211 1460 269 1486 Nos
286 1458 374 1493 enim,
391 1459 496 1493 inquit,
513 1467 614 1486 omnes
636 1458 762 1486 revelata
786 1459 857 1486 facie
879 1458 1000 1494 gloriam

180 1503 294 1531 Domini
312 1503 538 1538 speculantes,in
546 1504 678 1531 eumdem
690 1504 848 1539 imaginem
861 1504 1002 1532 transfor-

180 1556 296 1574 mamur
315 1556 332 1574 ει
355 1548 446 1583 gloria
470 1548 498 1574 in
523 1547 657 1583 gloriam,
683 1550 820 1582 tanquam
847 1557 864 1575 a
886 1548 1001 1576 Domini

180 1592 284 1627 spiritu
300 1592 331 1617 σθ.
352 1603 361 1615 ιι

215 1636 258 1662 12.
272 1635 311 1664 Ne
324 1635 414 1671 igitur
429 1636 513 1670 quasi
530 1635 558 1663 in
575 1644 693 1671 corpore
708 1636 764 1664 tria
779 1636 911 1664 membra
927 1636 1001 1663 indi-
1019 1628 1039 1661 C

175 1679 238 1707 visa
253 1680 456 1715 imaginemur.
483 1680 577 1715 Impia
592 1680 670 1708 enim
695 1683 740 1708 est
763 1680 824 1708 haec
850 1680 996 1716 cogitatio,

174 1724 326 1760 alienaque
339 1725 375 1751 ab
399 1724 577 1759 incorporeis
602 1724 745 1760 perfectis.
766 1724 922 1752 lndivisam
946 1725 998 1752 ad-

175 1769 327 1796 mittamus
343 1768 578 1795 coexsistentiam
593 1776 704 1802 eorum,
722 1768 772 1804 qui
789 1769 818 1796 in
835 1777 865 1796 se
884 1772 997 1804 mutuo,

175 1814 286 1848 absque
302 1813 360 1840 ulla
373 1813 512 1840 distantia
528 1813 708 1841 coexsistunt
724 1821 730 1840 :
748 1815 776 1841 et
790 1821 856 1840 cum
873 1816 932 1841 tres
952 1822 998 1841 re-

176 1866 243 1885 vera
258 1857 429 1889 subsistant,
443 1866 530 1884 unam
544 1857 664 1885 formam
681 1857 892 1893 intelligamus,
902 1866 965 1893 qua:
982 1866 999 1885 a

179 1902 261 1929 Patre
272 1902 388 1937 quidem
404 1902 516 1936 incipit,
525 1902 554 1928 in
566 1901 637 1929 Filio
648 1902 824 1937 resplendet,
834 1905 861 1929 et
876 1910 926 1937 per
935 1903 998 1938 Spi-

179 1946 267 1973 ritum
286 1950 420 1973 sanctum
435 1946 647 1974 manifestatur.
661 1948 842 1982 Quapropter
854 1947 900 1981 qui
912 1947 1000 1982 Spiri-

179 1993 242 2018 tum
267 1991 372 2023 ferunt,
396 1991 544 2018 Christum
568 1999 685 2026 quoque
708 1991 804 2018 ferunt
820 1999 826 2019 :
844 1999 921 2023 nam,
939 2002 952 2016 ‹‹
969 1991 999 2019 Si

179 2036 256 2070 quis.
274 2035 379 2069 inquit,
405 2035 544 2069 Spiritum
561 2035 668 2063 Christi
693 2044 749 2063 non
765 2036 859 2069 habet,
879 2035 925 2063 hic
942 2044 999 2063 non

178 2081 222 2106 est
238 2080 311 2114 ejus.
331 2079 359 2106 Si
382 2082 479 2105 autem
504 2079 639 2107 Christus
655 2080 684 2107 in
710 2080 793 2108 vobis
809 2083 853 2108 est
869 2089 876 2107 :
894 2088 1000 2115 corpus

178 2123 296 2159 quidem
314 2126 461 2150 mortuum
484 2126 529 2150 est
553 2125 670 2158 propter
693 2126 844 2159 peccatum
860 2125 892 2158 ⁸⁷,
916 2136 929 2149 ››
945 2127 998 2152 etc.

178 2168 211 2195 Et
226 2168 353 2195 Joannes
371 2176 377 2195 :
395 2179 408 2192 ‹‹
429 2168 467 2194 Ex
493 2167 547 2195 hoc
573 2168 789 2204 cognoscimus,
805 2169 943 2204 quoniam
971 2170 1000 2196 in

177 2212 262 2239 nobis
291 2214 345 2244 cst,
370 2220 403 2239 ex
428 2212 538 2247 Spiritu
566 2220 654 2247 quem
679 2212 759 2241 dedit
785 2213 870 2241 nobis
884 2213 915 2241 ⁸³.
939 2225 953 2238 »
968 2214 1001 2241 Et

177 2256 285 2283 Paulus
301 2256 418 2291 quidem
443 2264 565 2291 corpora
585 2258 684 2284 nostra
707 2257 850 2293 templum
875 2258 1002 2293 Spiritus

179 2301 271 2328 sancti
288 2300 429 2332 nominat,
453 2301 599 2328 Christum
617 2302 760 2329 autemin
776 2302 860 2329 nobis
876 2310 939 2329 esse
956 2303 1001 2329 di-
1018 2313 1041 2345 D

181 2345 218 2372 cit
236 2353 242 2372 :
259 2344 373 2373 Christo
398 2348 495 2372 autem
522 2345 672 2373 habitante
694 2345 723 2373 in
750 2346 886 2374 interiore
902 2349 1002 2374 nostro

182 2389 311 2423 homine,
328 2391 360 2417 ut
376 2389 519 2425 scriptum
534 2389 675 2422 est,Deus
690 2392 735 2417 est
748 2390 796 2426 qui
812 2390 841 2418 in
858 2391 943 2419 nobis
959 2391 1002 2418 in—

181 2432 296 2461 habitat
321 2442 327 2460 :
355 2442 433 2464 nam.
451 2444 463 2457 α
482 2434 616 2467 Nescitis,
641 2434 747 2470 inquit,
768 2435 836 2470 quia
859 2435 1002 2470 templum

181 2477 232 2506 Dei
249 2479 328 2511 estis,
355 2481 383 2505 et
407 2478 532 2513 Spiritus
561 2478 611 2505 Dei
636 2478 749 2506 habitat
772 2478 801 2506 in
826 2479 908 2506 vobis
937 2480 969 2506 ‘9.
987 2491 998 2506 ι

179 2523 282 2558 Itaque
305 2523 487 2550 divinitatem
519 2522 704 2550 indivisibem
728 2531 804 2557 esse,
832 2531 866 2550 ex
894 2523 1001 2552 divinis

1050 300 1157 335 πλῆθος
1173 303 1226 328 τῶν
1243 304 1344 340 σοφιῶν
1363 303 1419 339 (39)
1435 302 1495 340 περὶ
1514 302 1576 339 μίαν
1599 302 1714 341 ὁρωντες
1731 301 1847 330 διάνοιαν
1867 325 1874 339 ,

1051 345 1266 382 ἐνθυμείσοωσαν
1282 345 1362 377 αὐτὰς
1388 346 1438 374 οὐκ
1452 345 1531 378 οὔσας
1546 347 1572 375 ὲν
1588 347 1664 384 τόπῳ
1681 370 1688 376 .
1705 347 1792 378 Πόσος
1821 347 1873 385 γὰρ

1052 389 1080 417 ἂν
1105 393 1144 426 τῷ
1176 390 1280 428 μεγέθει
1309 390 1453 429 γεσόμενος
1481 392 1633 428 ἅνθρωπος,
1663 391 1802 430 ἐξήρκεσεν
1833 392 1872 423 εἷς

1051 435 1100 469 τὴν
1114 434 1250 462 τοσούτων
1266 434 1420 473 ὑποδοχὴν⁹
1434 436 1457 463 εί
1475 436 1570 467 τόποις
1595 436 1803 474 μεμερισμένοις
1819 439 1871 464 τῶν

1052 480 1237 517 θεωρημάτων
1264 478 1361 507 ἕκαστα
1388 480 1460 518 εἶχεν
1487 481 1598 514 ;¹Ὀταν
1628 479 1673 508 οῦν
1700 481 1734 508 τὰ
1763 480 1875 508 ἐνταῦθα

1051 524 1220 560 πνευματικὰ
1237 525 1274 560 μή
1293 524 1386 560 δέηται
1401 524 1535 552 πλειόνων
1550 525 1641 552 τόπων
1657 525 1771 552 πλείονα
1785 523 1850 552 ὅντα
1866 549 1872 561 ,

1052 568 1124 596 ἀλλὰ
1138 569 1200 606 περὶ
1216 568 1261 596 τὸν
1277 567 1321 596 ἱένα
1342 569 1387 596 καὶ
1401 569 1447 596 τὸν
1463 568 1543 597 αὑτὸν
1560 569 1706 608 στρέφηται
1731 571 1786 607 (40)
1799 572 1873 605 νοῦν,

1052 612 1223 649 ἐννοήσωμεν
1250 613 1294 640 καὶ
1322 614 1355 640 τὰ
1370 614 1437 652 ὑπὲρ
1466 615 1552 650 ἡμᾶς,
1568 615 1613 641 καὶ
1638 615 1696 641 καθ’
1720 615 1799 642 ἑαυτά
1811 612 1875 642 ὄντα

1052 658 1193 694 ἀσώματα,
1208 658 1253 685 τὸν
1284 657 1388 696 Πατέρα
1416 658 1461 685 καὶ
1489 659 1534 686 τὸν
1551 659 1613 686 Υῖὸν
1642 658 1687 686 καί
1717 659 1747 685 τὸ
1763 660 1875 695 Πνεῦμα

1054 703 1091 738 μή
1114 702 1205 729 τόπων
1237 700 1351 738 δεόμενα
1368 726 1375 738 ,
1393 701 1463 738 μηδὲ
1491 702 1585 733 τόποις
1615 701 1790 740 διαιρούμενα
1807 712 1813 718 '
1830 704 1874 730 καὶ

1054 747 1091 783 μή
1122 745 1166 773 διὰ
1181 748 1261 774 τοῦτο
1291 746 1459 785 ἀνύπαρκτον
1486 748 1503 782 ἢ
1520 747 1566 775 τὸν
1583 747 1689 785 Πατέρα
1703 758 1745 778 τις
1761 770 1768 782 ,
1783 748 1800 782 ἢ
1829 748 1875 775 τὸν

1052 792 1124 823 Υἱὸν.
1140 792 1157 825 ἢ
1186 791 1217 818 τὸ
1247 793 1359 828 Πνεῦμα
1386 793 1417 819 τὸ
1434 792 1510 829 ἅγιον
1538 792 1709 820 ὑποτίθεσθαι
1730 791 1871 829 τολμάτω·

1052 835 1093 863 ὅτι
1112 835 1181 872 μηδὲ
1196 835 1250 863 ἔστι
1265 836 1348 863 τόπον
1365 837 1502 875 ἀφορίζειν
1525 836 1570 863 καὶ
1585 836 1743 873 κατανέμειν
1758 837 1872 873 ἑκάστῳ.

1053 879 1130 908 Ἀλλ’
1153 880 1207 908 ἔστι
1239 881 1285 917 μὲν
1304 880 1318 908 ό
1335 881 1428 919 Πατὴρ
1455 880 1560 909 τέλειον
1591 878 1664 919 ἔχων
1677 881 1708 909 τὸ
1737 881 1803 908 εἶναι
1828 881 1873 908 καὶ

1052 924 1196 956 ἀνελλιπὲς
1213 948 1220 961 ,
1238 925 1298 963 ῥίζα
1313 925 1357 953 καὶ
1381 926 1456 964 πηγή
1472 927 1520 953 τοῦ
1548 926 1612 952 Υἱοῦ
1626 926 1671 953 καὶ
1685 928 1734 953 τοῦ
1747 925 1872 962 Πνεύμα-

1052 970 1111 997 τοᾶ-
1129 968 1184 997 ἔστι
1199 968 1227 997 δὲ
1243 969 1257 997 ό
1273 970 1334 1000 Υἱὸς
1350 969 1375 997 ἐν
1392 969 1493 1008 πλήρει
1509 972 1543 1007 τῇ
1559 970 1668 1005 θεότητι
1681 992 1688 1005 ,
1706 972 1758 1005 ζῶν
1775 970 1873 1008 Λόγος,

1052 1014 1097 1041 καὶ
1112 1014 1231 1052 γέννημα
1244 1016 1293 1042 τοῦ
1317 1014 1424 1052 ΙΙατρὸς
1453 1013 1585 1045 ἀνενδεές·
1607 1013 1713 1052 πλῆρες
1735 1012 1764 1041 δὲ
1784 1014 1829 1041 καὶ
1843 1013 1875 1041 τὰ

1053 1059 1166 1095 Πνεῦμα
1179 1061 1230 1086 τοῦ
1247 1059 1310 1086 Υἳοῦ
1327 1081 1334 1093 ,
1349 1059 1379 1086 οὐ
1397 1058 1477 1097 μέρος
1507 1059 1598 1097 ἑτέρου
1615 1081 1622 1094 ,
1639 1057 1702 1086 ἀλλ’
1718 1058 1873 1096 ὁλόκληρον

1054 1102 1093 1142 ἐφ’
1123 1103 1227 1131 ἑαυτοῦ.
1257 1103 1306 1131 Καὶ
1335 1103 1421 1134 οὕτως
1449 1105 1467 1138 ἡ
1495 1103 1575 1141 Τριὰς
1592 1124 1599 1136 ,
1631 1102 1766 1138 ἀληθινῶς
1796 1101 1874 1137 οὖσα,

1054 1151 1185 1181 συνῆπται
1214 1148 1260 1183 μὶν
1289 1146 1468 1178 ἀδιαστάτως.
1496 1148 1532 1175 Τὸ
1559 1147 1609 1185 γὰρ
1639 1145 1758 1183 διορίζον
1787 1145 1874 1182 οὐδὲν,

1053 1191 1157 1219 σύνεστι
1179 1191 1206 1219 δὲ
1236 1191 1329 1222 ἀϊδίως
1346 1201 1353 1207 ”
1371 1192 1436 1219 σῖὼν
1461 1192 1511 1230 γὰρ
1532 1190 1619 1222 οὐδεὶς
1649 1190 1745 1228 μεταξὺ
1769 1201 1875 1229 παρεμ-

1054 1236 1156 1265 πίπτει.
1174 1237 1289 1276 Μορφήν
1315 1235 1345 1264 δὶ
1372 1236 1514 1275 προφαίνει
1543 1236 1606 1273 μίαν
1633 1236 1677 1263 καὶ
1704 1236 1754 1271 τὴν
1782 1234 1876 1270 αῦτὴν,

1055 1281 1162 1318 Πατρὸς
1193 1281 1240 1317 μὲν
1266 1280 1291 1309 ἐν
1322 1281 1377 1317 Υἱῷ
1398 1280 1597 1319 θεωρουμένου,
1618 1281 1682 1308 Υῖοῦ
1702 1279 1731 1307 δὶ
1744 1279 1770 1307 ἐν
1787 1279 1877 1307 ΙΙνεύο

1057 1336 1121 1363 ματι
1136 1326 1179 1352 καί
1195 1325 1342 1361 νοουμένου
1367 1326 1412 1352 καὶ
1442 1324 1627 1362 μετεχομένου
1654 1324 1706 1351 ὑπὸ
1722 1324 1876 1362 ἀνθρώπου.

1057 1382 1070 1395 ‹‹
1101 1371 1195 1406 Ἡμεῖς
1218 1370 1281 1407 γὰρ,
1312 1382 1326 1395 ››
1356 1369 1432 1408 φησὶ,
1467 1381 1476 1394 ιι
1500 1369 1594 1400 πάντες
1625 1367 1876 1405 ἀνακεκαλυμμένῳ

1055 1415 1195 1452 προσώπῳ
1222 1414 1271 1448 τὴν
1302 1412 1378 1449 δόξαν
1409 1414 1507 1451 Κυρίου
1536 1413 1780 1451 κατοπτριζόμενοι
1798 1435 1805 1447 ,
1821 1414 1877 1450 (41)

1056 1459 1139 1492 αὐτὴν
1167 1458 1258 1486 εἰκόνα
1286 1458 1533 1497 μεταμορφούμεθα
1559 1458 1612 1485 ἀπὸ
1633 1456 1713 1494 δόξης
1729 1457 1768 1489 εἷς
1789 1456 1877 1493 δόξαν,

1055 1503 1174 1540 καῦάπερ
1190 1504 1242 1531 ἀπὸ
1258 1502 1355 1541 Κυρίου
1371 1502 1533 1539 πνεύματος.
1552 1514 1566 1527 ››

1096 1637 1138 1665 12.
1155 1636 1200 1670 Mi}
1226 1635 1314 1663 τοίνυν
1343 1635 1381 1666 ὡς
1409 1635 1551 1672 ένσώματα
1573 1633 1710 1672 ἀδιαίρετα
1728 1634 1796 1672 μέρη
1813 1645 1879 1673 φαν-

1050 1680 1195 1716 ταζώμεθα
1209 1680 1280 1717 τρία.
1311 1677 1448 1714 Δυσσεϐἠς
1474 1678 1551 1717 γὸ.ρό
1568 1679 1713 1716 λογισμὸς,
1730 1678 1878 1715 ἀλλότριος

1052 1724 1202 1760 ἀσωμάτων
1232 1723 1344 1751 τελείων
1361 1745 1367 1752 .
1385 1722 1551 1761 ’Δδιαίρετον
1568 1722 1714 1760 ’δεχώμεθα
1738 1723 1878 1751 συνουσίαν

1053 1768 1186 1795 συνόντων
1208 1768 1346 1803 ἀλλήλοις
1375 1769 1432 1805 (42)
1461 1767 1640 1801 ἀδιαστάτως,
1670 1767 1714 1794 καὶ
1742 1769 1824 1805 τριῶν
1847 1777 1880 1804 γε

1052 1813 1120 1840 κατὰ
1148 1812 1276 1848 ἀλήθειαν
1308 1813 1480 1852 ὑφεστώτων,
1505 1811 1533 1839 ἓν
1563 1812 1595 1839 τὸ
1627 1810 1698 1842 εἶδος
1718 1811 1877 1848 ἐννοῶμεν,

1053 1857 1206 1894 ἀρχόμενον
1224 1858 1279 1893 (43)
1297 1858 1343 1893 μὲν
1361 1856 1391 1884 έκ
1404 1856 1521 1894 ΙΙατρὸς,
1537 1855 1647 1893 λάμψαε
1662 1854 1691 1883 δὲ
1711 1855 1736 1883 ἐν
1753 1856 1818 1892 Υἳῷ,
1834 1855 1880 1883 καὶ

1054 1901 1249 1939 φανερούμενον
1272 1900 1316 1929 διὰ
1344 1900 1514 1937 ῙΙνεύματος.
1544 1900 1593 1928 Διά
1617 1902 1698 1928 τοῦτο
1727 1900 1771 1927 καὶ
1801 1900 1827 1927 οἱ
1848 1900 1881 1927 τὸ

1054 1947 1165 1982 Πνεῦμα
1186 1948 1330 1984 φοροῦντες
1355 1948 1468 1985 φοροῦσι
1497 1944 1622 1983 Χριστόν’
1639 1957 1653 1970 (ι
1671 1944 1703 1973 Εἴ
1730 1945 1782 1982 γάρ
1795 1955 1849 1980 τις⁷
1867 1955 1880 1971 ο

1055 1990 1161 2029 φησὶ,)›
1179 1991 1291 2027 Πνεῦμα
1319 1992 1435 2028 Χριστοῦ
1463 1989 1515 2018 οὐκ
1542 1989 1611 2027 ἔχει,
1629 1989 1707 2020 οὗτος
1737 1989 1786 2017 οὒκ
1810 1988 1880 2017 ἔστιν

1054 2035 1146 2064 αὐτοῦ.
1177 2034 1210 2062 Εἴ
1238 2036 1353 2073 Χριστὸς
1384 2034 1410 2062 ἐν
1441 2035 1523 2071 ὑμῖν,
1552 2034 1582 2062 τὸ
1614 2034 1661 2070 μὲν
1686 2036 1765 2070 σῶμα
1789 2035 1881 2071 νεκρὸν

1056 2078 1100 2107 διὰ
1114 2081 1246 2116 ἁμαρτῖαν
1262 2102 1269 2115 ,
1287 2091 1301 2105 ››
1317 2080 1362 2107 καὶ
1381 2079 1414 2107 τὰ
1430 2079 1491 2114 ἑξῆς
1510 2101 1515 2106 .
1533 2078 1582 2105 Καί
1597 2078 1610 2105 ὀ
1628 2079 1755 2113 Ἰωάννης
1772 2088 1778 2094 ”
1799 2090 1811 2105 ε
1836 2079 1882 2106 Ἐκ

1054 2124 1151 2152 τούτου
1174 2124 1343 2162 γινώσκομεν
1362 2123 1422 2159 ,ὅτι
1439 2123 1464 2151 ἐν
1491 2125 1557 2160 ἡμῖν
1573 2121 1656 2159 ἔστιν,
1682 2122 1712 2150 ἐκ
1725 2124 1774 2150 τοῦ
1795 2122 1880 2151 ΙΙνεύ-

1058 2179 1141 2205 ματος
1158 2192 1166 2205 ,
1187 2169 1218 2196 οὗ
1232 2166 1330 2196 ἔδωκεν
1347 2169 1414 2205 ἡμῖν
1434 2190 1439 2197 ,
1458 2180 1471 2194 )›
1488 2168 1538 2195 Καὶ
1554 2167 1617 2194 ναὸν
1634 2167 1681 2203 μὶν
1701 2166 1778 2205 ἁγίου
1794 2166 1880 2195 ΙΙνεύ-

1058 2224 1141 2251 ματος
1164 2214 1197 2241 τὰ
1214 2215 1328 2251 σώματα
1342 2215 1422 2250 ἡμῶν
1437 2212 1451 2240 ὀ
1468 2211 1578 2242 Παῦλος
1596 2211 1724 2248 ὀνομάζει
1742 2234 1748 2241 ,
1764 2212 1879 2249 Χριστὸν

1057 2256 1086 2284 δὲ
1101 2257 1126 2284 ἐν
1150 2259 1216 2293 ἡμῖν
1233 2259 1300 2284 εἶναι
1317 2257 1391 2294 λέγει
1408 2278 1414 2285 .
1430 2257 1548 2294 Χριστοῦ
1564 2254 1592 2282 δὶ
1608 2256 1747 2286 οἰκοῦντος
1776 2255 1814 2286 είς
1832 2255 1879 2282 τὸν

1057 2301 1110 2328 ἔσω
1137 2303 1216 2337 ἡμῶν
1244 2300 1385 2338 ἄνθρωπον
1404 2322 1411 2334 ,
1441 2300 1508 2327 κατὰ
1533 2300 1564 2327 τὸ
1586 2300 1773 2337 γεγραμμένον
1790 2323 1797 2336 ,
1814 2299 1878 2331 Θεός

1057 2345 1126 2373 ἐστιν
1144 2346 1170 2373 ὲν
1190 2347 1258 2381 ἡμῖν
1274 2347 1406 2372 κατοικῶν
1425 2355 1431 2361 -
1450 2356 1464 2370 ‹‹
1480 2343 1536 2372 Οὐκ
1550 2342 1640 2371 οἵδατε
1659 2367 1666 2378 ,
1679 2344 1732 2381 γὰρ
1748 2366 1755 2378 ,
1771 2344 1852 2381 φησὶν
1871 2366 1878 2378 ,

1057 2390 1098 2418 δτι
1124 2390 1186 2420 ναὸς
1212 2392 1278 2417 Θεοῦ
1294 2389 1363 2423 ἐστε,
1387 2389 1432 2416 καὶ
1455 2388 1486 2415 τὸ
1511 2390 1623 2424 Πνεῦμα
1647 2389 1696 2415 τοῦ
1724 2389 1791 2415 Θεοῦ
1808 2387 1880 2415 οἰκεῖ

1057 2435 1083 2462 ἐν
1109 2435 1183 2470 ὑμῖν.
1202 2433 1325 2465 »Οὕτως
1357 2443 1403 2470 μοι
1432 2432 1462 2460 τό
1489 2436 1540 2467 τῆς
1568 2431 1699 2467 θεότητος
1726 2430 1878 2470 ἀδιαίρετον

1057 2476 1173 2509 εὐσεϐῶς
1203 2478 1297 2505 ἐκτῶν
1323 2477 1400 2510 θείων
1418 2477 1506 2515 λόγων
1536 2476 1728 2513 καταμάνθανε,
1752 2476 1778 2504 ἐν
1791 2476 1878 2515 τρισὶν

1055 2522 1082 2551 ἓν
1109 2522 1179 2553 εἶδος
1207 2524 1344 2550 κατανοῶν
1363 2545 1370 2559 ,
1387 2522 1441 2560 οὐχ
1467 2521 1495 2549 ἓν
1526 2522 1556 2549 ἐκ
1582 2523 1666 2559 τριῶν
1694 2523 1878 2559 πρᾶγμα(44)

213 2596 234 2613 ⁸⁵
251 2595 287 2623 Ill
304 2595 373 2630 Reg.
391 2603 429 2629 iv,
445 2595 489 2621 29.
528 2594 550 2611 ⁸⁸
564 2594 589 2621 ΙΙ
603 2594 666 2622 Cor.
683 2602 726 2629 In,
743 2595 786 2621 17.
824 2594 846 2611 ⁵⁷
862 2594 946 2623 Rom.
962 2604 999 2623 v11

1058 2617 1065 2630 ,
1082 2596 1126 2623 10.
1164 2596 1186 2613 ⁵³
1202 2595 1211 2623 Ι
1228 2595 1312 2623 Joan.
1329 2603 1367 2629 ιν,
1385 2595 1429 2622 13.
1467 2594 1515 2622 ⁶⁰Ι
1535 2593 1599 2622 Cor.
1616 2602 1658 2627 ιιι,
1674 2593 1717 2622 16.

213 2667 269 2706 (39)
285 2667 316 2694 In
333 2666 419 2706 editis
436 2672 587 2706 perperam
604 2664 710 2706 legitur
724 2667 810 2706 σοφὼ,
823 2674 890 2694 cum
907 2667 945 2694 sit
959 2666 1000 2695 le-

179 2701 306 2740 gendum
322 2703 433 2740 σοφιῷν,
450 2701 491 2728 uti
508 2701 742 2740 SeguerJhabet.

216 2739 272 2775 (40)
289 2738 404 2775 Segueri
410 2746 484 2775 anus
499 2738 649 2775 στρέφεται.

219 2772 274 2806 (lit)
289 2772 376 2808 Editi,
392 2773 441 2806 τήν
459 2772 507 2804 εἷς,
519 2772 573 2800 sed
586 2773 623 2802 εἷς
640 2773 721 2800 deest
735 2773 764 2800 in
779 2773 916 2801 omnibus
928 2782 1000 2802 mss.

182 2812 211 2838 et
225 2810 253 2837 in
271 2810 368 2837 Graeco
383 2808 538 2843 Scriptura:
551 2810 641 2836 textu.

221 2847 276 2881 (42)
293 2845 377 2878 Editi,
395 2843 547 2879 ἀλλήλους,
564 2845 614 2872 sed
640 2844 818 2873 Basiliensis.
835 2845 1000 2874 Goblerian.

1057 2666 1319 2704 Seguudnaﬁltotz,
1336 2667 1429 2704 multo
1445 2666 1559 2704 melius.

1093 2700 1251 2739 (713)'Editi,
1268 2702 1434 2740 ἀρχομένου.
1461 2703 1609 2731 mendose.
1635 2702 1767 2738 Seguer.,
1792 2700 1876 2737 ἀρχό-

1164 2774 1238 2802 Editi
1254 2776 1282 2802 et
1297 2775 1416 2811 quidam
1432 2773 1624 2811 manuscripti
1637 2773 1745 2801 habent
1756 2773 1876 2808 Πνεῦμα,

1057 2811 1188 2847 Seguer.,
1204 2812 1327 2847 πρᾶγμα,
1338 2810 1475 2839 ultimum
1491 2810 1682 2846 praferimus.
