4126 6218
411 385 525 444 123

1587 384 1655 442 S.
1700 380 2228 442 ATHANASIUS.
2267 407 2337 424 -
2371 378 2631 441 IUBIA.

3688 386 3800 445 124

412 532 521 571 nec
550 517 875 571 creaturam
910 530 1013 585 pro
1047 513 1157 568 Deo
1217 511 1432 568 habere
1477 516 1533 568 et
1583 511 1792 579 colere,
1846 512 2039 568 relicto

2166 506 2307 582 μηδὲ
2358 511 2625 565 θεοποιεῖν
2680 509 2769 564 καὶ
2830 508 3107 585 λατρεύειν
3168 517 3236 586 τῇ
3282 512 3473 581 κτίσει,
3531 513 3672 587 παρὰ
3713 514 3801 569 τὸν

410 608 698 670 Creatore,
726 624 753 650 ‹‹
777 601 877 672 qui
899 607 988 657 est
1008 601 1350 656 benedictus
1392 602 1449 656 in
1495 601 1916 657 saecula.Amen
1935 602 1997 656 ⁸ο.
2027 624 2053 651 ››

412 694 616 748 Itidem
652 692 687 746 ii
725 691 823 763 qui
858 708 889 745 a
917 691 1163 745 Judaica
1218 688 1627 746 incredulitate
1671 697 2052 761 recesserant,

410 782 632 854 quique
651 781 907 843 Judaaos,
932 785 994 833 ut
1017 785 1280 834 amentes
1302 788 1358 834 et
1378 779 1639 849 ingratos
1680 781 2052 848 damnarant,

406 872 537 927 etin
577 871 893 925 Dominum
927 873 1192 922 nostrum
1223 868 1426 923 Jesum
1460 868 1755 923 Christum
1798 869 2053 924 credide-

409 966 566 1022 rant,
599 977 665 1014 ac
698 958 1122 1019 intellexerant,
1154 957 1281 1025 eius
1312 957 1671 1013 divinitatem
1700 958 2053 1013 testimoniis

411 1049 673 1119 undique
704 1047 1089 1118 comprobari,
1124 1051 1180 1100 et
1207 1062 1275 1100 ex
1307 1051 1610 1116 potestate,
1647 1047 1853 1117 signis,
1885 1054 1942 1103 et
1964 1050 2050 1103 di-

406 1139 560 1192 vinis
617 1136 912 1207 operihus,
964 1151 1183 1190 necnon
1258 1152 1326 1189 ex
1356 1135 1699 1190 auctoritate
1756 1138 2053 1194 Dominica

409 1231 591 1286 Deum
628 1229 928 1300 dignosci;
964 1245 1076 1281 non
1112 1228 1365 1283 debuere
1423 1245 1524 1299 per
1571 1232 1867 1284 externam
1920 1248 2048 1302 spe-

406 1320 552 1375 ciem
587 1336 651 1374 eo
684 1317 881 1383 dilabi,
917 1322 980 1371 ut
1010 1333 1381 1372 communem
1415 1321 1471 1394 et
1504 1318 1725 1373 nudum
1750 1318 2047 1376 hominem

404 1425 536 1463 eum
569 1408 1016 1467 existimasent;
1051 1410 1152 1460 aut
1209 1407 1532 1461 secundum
1595 1406 1876 1462 visibilem
1936 1409 2048 1464 l‘or-

404 1513 586 1561 mam,
609 1497 739 1563 ejus
760 1494 1109 1549 invisibilem
1136 1499 1400 1549 naturam
1424 1494 1734 1550 deﬁnirent
1760 1514 1772 1562 ;
1794 1502 1895 1551 aut
1914 1515 2045 1569 pro-

404 1593 531 1658 pter
552 1602 783 1655 corpus,
816 1590 872 1638 et
902 1600 1207 1655 corporeae
1239 1585 1564 1654 passiones,
1598 1586 1823 1639 nudum
1856 1588 2046 1641 homi-

405 1692 562 1740 nem,
597 1690 663 1729 ac
693 1678 758 1728 ut
788 1689 971 1727 unum
1004 1689 1070 1727 ex
1102 1671 1271 1727 nobis
1304 1672 1643 1743 passibilem
1698 1672 1864 1730 illum
1917 1690 2045 1731 esse

405 1766 699 1835 putarent.
730 1764 853 1817 Haec
874 1761 1030 1816 enim
1056 1762 1212 1817 fuere
1233 1762 1564 1816 Judaeorum
1589 1761 1776 1817 mala:
1833 1763 1951 1819 haec
1983 1764 2049 1818 il-

399 1853 589 1908 lorum
623 1856 877 1906 evertere
909 1850 1104 1913 (idem,
1137 1866 1203 1905 ac
1233 1850 1441 1905 Christi
1467 1850 1667 1905 hostes
1699 1851 1857 1921 ipsos
1915 1869 2043 1907 esse
2075 1881 2121 1945 B

400 1941 891 2013 comprobarunt:
927 1939 1046 1994 haec
1077 1940 1205 2009 ipsa
1227 1940 1351 2010 jam
1379 1938 2038 2007 nonnulliaamulantur,

401 2031 499 2101 qui
532 2029 733 2098 gentili
768 2033 823 2083 et
849 2028 1093 2084 Judaico
1123 2027 1323 2083 morbo
1355 2027 1642 2094 laborant,
1677 2045 1780 2084 nec
1823 2030 2034 2085 admit-

397 2123 662 2185 tunt,nec
681 2116 972 2171 ullatenus
985 2116 1547 2172 creduntincarnatu
1560 2134 1613 2171 m
1636 2118 1815 2174 fuisse
1835 2123 2039 2185 Deum;

398 2208 498 2261 sed
560 2206 838 2261 humanis
896 2204 1219 2259 ratiociniis
1267 2200 1905 2278 disputationibusque,
1968 2224 2034 2263 ac

397 2296 606 2350 Graeca;
640 2293 1021 2365 philosophiae
1042 2310 1148 2363 ope
1173 2309 1385 2363 magna
1402 2297 1460 2347 et
1480 2293 2042 2365 incomprehensibi-

398 2384 477 2438 lia
511 2400 842 2455 agnosccre,
905 2383 1020 2437 imo
1070 2382 1560 2452 comprehendere
1608 2382 1845 2438 volunt:
1903 2402 2040 2456 quo-

402 2474 575 2527 modo
607 2487 817 2541 nempe
849 2470 1110 2542 gignitur
1156 2470 1601 2541 incorporeum:
1651 2490 1766 2542 qua
1816 2475 2037 2532 ratione

400 2561 682 2631 procedit,
714 2565 771 2614 et
801 2560 1041 2615 ubinam
1062 2563 1151 2613 est
1175 2559 1272 2629 qui
1297 2559 1514 2630 ubique
1535 2567 1643 2627 est,
1680 2562 1876 2617 omnia
1902 2580 2036 2619 con-

398 2651 567 2715 tinet,
600 2654 656 2706 et
689 2648 887 2705 omnia
917 2647 1141 2718 implet.
1177 2650 1363 2717 Atque
1394 2665 1496 2720 per
1526 2648 1695 2715 illud,
1719 2655 2033 2721 quomodo,

398 2743 455 2796 et
487 2757 603 2810 qua
636 2738 881 2798 ratione,
914 2737 971 2792 in
1003 2735 1408 2792 infidelitatem
1458 2738 1651 2792 abiere
1698 2743 1753 2795 et
1802 2757 2036 2812 genera-

396 2827 574 2883 tionis
606 2826 751 2891 loco,
785 2826 1067 2880 facturam
1101 2825 1413 2881 commenti
1445 2831 1603 2896 sunt,
1637 2844 1702 2883 ac
1738 2828 1861 2885 vice
1912 2848 2038 2902 pro-

399 2915 707 2982 cessionis,
739 2914 1088 2970 creationem
1122 2919 1178 2969 et
1207 2916 1521 2971 transitum
1581 2918 2034 2976 constituerunt.

466 3007 519 3059 2.
547 3006 629 3059 Ita
650 3020 881 3059 rursum
906 3003 976 3058 de
1000 3003 1400 3059 incarnatione
1413 3012 1683 3076 quaerunt
1707 3024 1719 3063 :
1745 3011 2036 3079 quomodo

396 3096 739 3149 incarnatus
761 3092 1070 3163 Deus,qua
1104 3093 1331 3148 ratione
1365 3111 1577 3167 corpus
1616 3098 1889 3165 assumit,
1922 3115 2035 3170 quo

397 3188 565 3255 pacto
593 3199 725 3237 cum
778 3198 952 3252 parvo
997 3198 1237 3254 corpore
1280 3183 1553 3238 coalescit
1603 3185 1700 3256 qui
1750 3187 2036 3243 contineri

2162 600 2433 665 κτίσαντα,
2480 624 2507 650 ‹‹
2559 597 2616 660 ὅς
2672 598 2811 654 ἐστιν
2874 600 3172 677 εύλογητὸς
3235 601 3312 664 εἷς
3375 602 3501 664 οοὺς
3559 602 3799 671 αἰῶνας,

2164 690 2309 761 ἀμήν
2520 712 2548 739 ››
2580 687 2813 760 Ὀμοίως
2848 687 3020 744 δὲκαὶ
3049 692 3179 752 τοὺς
3238 691 3539 759 Ἰουδαϊκῆς
3590 692 3796 767 ἀναχω-

2165 781 2429 852 ρήσαντας
2486 778 2734 841 ἀπιστίας
2767 826 2783 849 ,
2842 780 2930 834 καὶ
3015 782 3378 856 καταγνόντας
3457 782 3668 837 ἐκείνων
3727 783 3799 844 ὡς

2162 867 2409 942 ἀφρόνων
2469 867 2557 921 καὶ
2616 866 2945 942 ἀχαρίστων,
3003 869 3091 923 καὶ
3149 870 3533 932 πιστεύσαντας
3596 871 3669 933 εἷς
3714 869 3802 926 τὸν

2162 955 2363 1031 Κύριον
2414 958 2575 1028 ἡμῶν
2633 959 2844 1026 Ἰησοῦν
2902 960 3158 1033 Χριστὸν,
3226 960 3314 1014 καὶ
3374 959 3636 1020 συνιέντας
3695 962 3802 1032 (63)

2161 1044 2319 1098 αὐτὸν
2380 1045 2509 1099 Θεὸν
2560 1044 3001 1120 μαρτυρούμενον
3059 1048 3319 1111 πάντοθεν
3354 1095 3369 1119 ,
3401 1048 3491 1103 καὶ
3550 1048 3802 1123 ἐπιγινω-

2162 1132 2426 1204 σκόμενον
2461 1132 2520 1187 ἐκ
2559 1139 2657 1201 τῆς
2698 1131 2957 1202 ἐξουσίας,
3007 1135 3094 1188 καὶ
3129 1135 3187 1189 ἐκ
3216 1140 3322 1189 τῶν
3375 1134 3620 1208 σημείων
3655 1182 3668 1206 ,
3717 1134 3801 1189 καὶ

2162 1223 2354 1275 θεῖκῶν
2402 1219 2576 1297 ἔργων
2611 1265 2625 1289 ,
2679 1222 2768 1276 καὶ
2824 1229 2925 1291 τῆς
2979 1229 3249 1299 Κυριακῆς
3309 1223 3615 1285 ἐπιστασίας
3672 1226 3802 1297 (64),

2165 1309 2359 1382 μηκέτι
2417 1310 2766 1365 καταπίπτειν
2825 1311 2900 1372 είς
2956 1312 3140 1367 κοινὸν
3182 1312 3271 1367 καὶ
3312 1311 3474 1387 ψιλὸν
3528 1310 3801 1388 ἄνθρωπον

2159 1395 2248 1452 διά
2276 1405 2377 1467 τῆς
2408 1397 2596 1471 ἔξωθεν
2625 1394 2823 1472 ὅψεως·
2864 1397 3004 1471 μηδὲ
3027 1401 3162 1455 κατά
3189 1401 3250 1456 τὸ
3281 1401 3563 1476 ὁρώμενον
3593 1407 3805 1475 σχῆμα,

2156 1486 2243 1540 καὶ
2274 1487 2372 1555 τὴν
2405 1486 2631 1562 ἀόρατον
2693 1486 2859 1542 αὐτοῦ
2905 1487 3060 1566 φύσιν
3121 1488 3341 1562 ὁρίζειν
3408 1487 3552 1563 μηδὲ
3609 1487 3697 1543 διὰ
3744 1489 3804 1543 τὸ

2158 1579 2335 1647 σῶμα,
2367 1575 2455 1630 καὶ
2485 1575 2552 1630 τὰ
2599 1576 2882 1649 σωματικά
2933 1577 3102 1648 πάθη,
3134 1576 3294 1651 ψιλὸν
3328 1578 3486 1633 αὐτὸν
3524 1576 3801 1654 ἄνθρωπον

2157 1662 2288 1718 εἶναι
2321 1663 2559 1737 νομίζειν
2598 1709 2610 1733 ,
2642 1666 2730 1719 καὶ
2761 1666 2836 1726 ὡς
2866 1661 2958 1721 ἕνα
3012 1670 3118 1720 τῶν
3175 1668 3293 1730 καθ’
3342 1669 3491 1739 ἡμᾶς
3544 1665 3804 1737 παθητόν.

2145 1742 2327 1808 ’Ταῦτα
2356 1753 2457 1827 γὰρ
2515 1756 2581 1823 ἦν
2620 1753 2686 1808 τά
2719 1751 2991 1810 Ἰουδαίων
3024 1754 3161 1810 κακά
3194 1798 3206 1812 .
3237 1759 3411 1811 Ταῦτα
3464 1758 3569 1825 τὴν
3628 1754 3801 1810 πίστιν

2154 1841 2368 1896 ἐκείνων
2402 1841 2696 1919 ἀφείλετοῖ,
2728 1842 2816 1897 καὶ
2861 1843 3169 1919 θεομάχους
3211 1842 3486 1915 ἀπέδειξε·
3522 1849 3689 1900 ταῦτα
3717 1844 3804 1899 xui

2158 1936 2248 1984 νῦν
2483 1929 2711 2001 ζηλοῦσί
2768 1953 2908 1994 τινες
2961 1931 3291 2004 Ἑλληνικὴν
3352 1933 3440 1990 καὶ
3498 1931 3802 2002 Ὶουδαϊκήν

2157 2019 2313 2074 νόσον
2366 2025 2672 2086 νοσοῦντες,
2731 2020 2818 2075 xui
2880 2023 2956 2095 μὴ
3015 2020 3490 2099 παραδεχόμενοι,
3544 2020 3684 2097 μηδὲ
3711 2044 3802 2076 πι-

2158 2110 2434 2172 στεόοντες
2491 2107 2639 2171 ὅλως
2697 2114 3074 2183 σωματοῦσθαι
3107 2113 3232 2168 Θεὸν
3269 2160 3283 2184 ,
3320 2110 3465 2169 ἀλλά
3497 2111 3804 2187 λογισμπῖς

2156 2197 2541 2273 ἀνθρωπίνοις,
2570 2198 2659 2253 xui
2692 2198 2999 2276 φιλονεικίᾳ
3044 2203 3181 2273 (66),
3210 2201 3299 2255 xui
3332 2199 3634 2278 φιλοσοφίᾳ
3674 2199 3803 2255 Ἑλ-

2156 2286 2357 2360 ληνικῇ
2388 2287 2727 2362 γνῶναιλκαὶ
2757 2284 3079 2344 καταλαϐεῖν
3117 2287 3327 2363 μᾶλλον
3375 2287 3705 2365 βουλόμενοι
3736 2287 3804 2343 τά

2161 2374 2372 2450 μεγάλα
2400 2376 2487 2429 xui
2518 2375 2873 2447 ἀκατάληπτα
2906 2423 2919 2448 ,
2952 2382 3068 2440 πῶς
3095 2384 3339 2455 γεννᾶται
3391 2378 3453 2432 τὸ
3484 2378 3798 2452 ἀσώματον·

2156 2469 2275 2526 πῶς
2315 2461 2372 2519 δὶ
2395 2464 2483 2519 καὶ
2541 2465 2769 2539 αρόεισι,
2808 2466 2896 2521 καὶ
2927 2472 3032 2521 ποῦ
3067 2467 3094 2521 ό
3126 2471 3234 2539 (67)
3263 2472 3547 2544 πανταχοῦ
3580 2464 3677 2536 ὣν,
3710 2467 3799 2521 καὶ

2155 2554 2327 2609 πάντα
2355 2554 2648 2630 περιέχων,
2680 2554 2770 2609 καὶ
2828 2557 2895 2609 τὰ
2949 2555 3121 2611 πάντα
3165 2557 3417 2633 πληρῶν.
3468 2556 3571 2611 Καὶ
3621 2577 3681 2611 εκ
3709 2560 3804 2611 τοῦ

2154 2646 2294 2714 πῶς,
2352 2642 2441 2696 καὶ
2501 2641 2672 2710 ὅπῶς,
2731 2644 2808 2705 είς
2861 2643 3108 2699 ἀπιστίαν
3167 2645 3478 2720 ἐχώρησαν,
3539 2644 3629 2700 καὶ
3688 2644 3804 2699 ἀντὶ

2155 2733 2459 2805 γεννήσεως
2481 2728 2780 2786 ἐπλάσαντο
2813 2731 3055 2805 ποίησιν,
3087 2734 3175 2788 καὶ
3210 2734 3326 2789 ἀντὶ
3356 2731 3602 2809 προόδου
3631 2732 3801 2788 κτίσιν

2153 2820 2242 2875 καὶ
2275 2817 2509 2896 πάροδον
2543 2819 2958 2878 καυεσκεύασαν.

2222 3000 2275 3054 2.
2304 2996 2462 3055 Οὕτω
2510 2995 2673 3051 πάλιν
2728 2998 2817 3052 καὶ
2850 2997 2935 3053 ἐπὶ
2981 3006 3082 3068 τῆς
3133 3000 3454 3076 σαρκώσεως
3486 3001 3607 3073 (68)
3642 3017 3655 3032 ⁸
3688 3003 3805 3061 πῶς

2154 3091 2443 3163 σαρκοῦται
2501 3085 2650 3152 Θεὸς,
2706 3091 2824 3149 πῶς
2882 3092 3227 3161 σωματοῦται
3257 3134 3272 3160 ,
3330 3092 3449 3151 πῶς
3500 3086 3803 3144 συντίθεται

2152 3177 2287 3251 πρὸς
2344 3180 2502 3248 σῶμα
2551 3176 2727 3250 βραχὺ
2760 3174 2787 3229 ό
2838 3176 3148 3251 ἀχώρητος·
3210 3181 3330 3240 πῶς
3388 3174 3445 3231 δὲ
3493 3178 3711 3233 ἑνοῦται
3742 3176 3806 3231 τὸ

396 3272 634 3342 nequit:
668 3271 962 3342 quomodo
993 3270 1315 3325 increatum
1350 3275 1846 3345 creatojungitur,
1870 3280 1927 3330 et
1948 3277 2034 3330 in-

2157 3247 2394 3319 Ξίκτιστον
2783 3308 2798 3333 ,
2829 3247 2919 3318 xui
3081 3267 3547 3345 περιγραφομένῳ
3576 3268 3638 3322 τὸ
3668 3267 3804 3321 ἀπε-

394 3358 901 3429 circumscriptum
934 3358 1418 3429 circumscripto:
1467 3360 1564 3431 qui
1606 3378 1857 3434 magnus
1916 3363 2034 3430 ille,

392 3449 742 3514 immensus,
777 3446 1089 3516 indivisus,
1124 3464 1226 3518 pro
1259 3452 1421 3519 parte
1442 3449 1696 3520 quadam
1730 3451 2035 3509 habeatur.

392 3543 508 3592 Aut
537 3537 693 3592 enim
726 3552 1009 3607 magnum
1046 3535 1102 3590 in
1138 3553 1312 3606 parvo
1347 3543 1709 3593 contractum
1743 3545 1833 3595 est
1888 3540 2035 3609 loco,

394 3630 496 3681 aut
526 3641 769 3697 parvum
803 3625 1144 3697 przegrande
1173 3625 1389 3679 factum
1422 3631 1531 3691 est,
1563 3632 1858 3697 partemve
1893 3630 2035 3685 divi-

398 3714 619 3780 nitatis,
653 3718 709 3769 et
740 3730 854 3769 non
912 3718 1101 3768 totum
1157 3714 1392 3784 recepit,
1444 3716 1598 3785 quod
1650 3716 1896 3788 impium
1948 3724 2039 3775 est

394 3807 668 3875 proferre.
702 3803 770 3857 Et
801 3820 869 3858 ex
899 3801 1020 3869 illo,
1054 3804 1367 3874 quomodo,
1411 3820 1528 3874 qua
1578 3806 1822 3873 ratione,
1878 3808 2035 3877 quali

392 3892 828 3964 consequentis,
854 3892 910 3946 in
937 3891 1336 3948 infidelitatem
1362 3892 1420 3947 hi
1444 3910 1677 3965 quoque
1705 3895 1918 3961 abiere,
1970 3915 2036 3952 ac

391 3981 875 4037 inhabitationem
905 3998 1007 4051 pro
1040 3982 1440 4037 incarnatione
1471 3983 1835 4039 constiturre
1861 4004 1873 4040 :
1933 4003 2036 4057 pro

394 4071 611 4125 unione
642 4073 699 4123 et
729 4069 1171 4139 compositione,
1224 4070 1545 4126 humanam
1594 4074 1801 4143 agendi
1850 4075 2035 4129 virtu-

391 4162 508 4213 tem
531 4175 544 4223 ;
569 4174 635 4212 ac
657 4173 760 4227 pro
784 4173 903 4211 una
924 4157 1217 4229 hypostasi
1246 4158 1469 4213 Domini
1495 4161 1677 4216 nostri
1699 4162 1837 4218 Jesu
1876 4163 2034 4219 Chri-

394 4246 488 4313 sti,
523 4246 671 4299 duas
703 4244 1048 4316 hypostases
1077 4249 1135 4299 et
1164 4261 1443 4316 personas
1469 4265 1481 4312 ;
1522 4252 1579 4303 et
1620 4266 1723 4320 pro
1753 4250 2033 4306 Trinitate

394 4352 425 4405 q
439 4333 841 4389 uaternitatem
868 4333 1137 4388 indecore
1153 4338 1210 4388 et
1230 4333 1407 4406 impie
1429 4338 1726 4405 sentiunt;
1770 4340 2036 4395 indecore

392 4420 795 4493 quidem,quia
812 4425 922 4475 Deo
939 4419 1238 4475 hominem
1254 4423 1639 4495 conjungunt,
1665 4442 1897 4482 servum
1931 4428 2037 4484 Do-

393 4511 551 4566 mino
569 4513 1246 4580 annumerant,creatam
1273 4527 1580 4581 personam
1606 4529 1736 4569 cum
1762 4514 2035 4572 inoreatis

2147 3352 2441 3429 ρίγραπτον
2479 3371 2491 3384 ·
2526 3356 2644 3414 πῶς
2696 3351 2747 3407 ὲν
2802 3353 2951 3427 μέρει
3006 3355 3117 3427 (69)
3152 3353 3179 3408 ὀ
3229 3356 3393 3430 μέγας
3445 3356 3658 3418 ἐκεῖνος
3716 3355 3805 3410 καὶ

2145 3442 2475 3515 ἀμέτρητος,
2504 3441 2592 3495 xui
2624 3440 2935 3515 ἀμέριστος.
2968 3448 3034 3497 Ἥ
3081 3442 3184 3519 γὰρ
3214 3444 3277 3499 τὸ
3324 3443 3460 3519 μέγα
3490 3445 3573 3507 είς
3611 3445 3803 3521 μικρὸν

2146 3528 2443 3600 συνεστάλη
2504 3528 2712 3606 χωρίον
2746 3576 2762 3599 ,
2824 3531 2857 3600 ἢ
2908 3530 2970 3586 τὸ
3029 3533 3219 3608 μικρὸν
3269 3533 3459 3609 γέγονε
3528 3536 3705 3611 μέγα,
3764 3534 3801 3602 ἢ

2149 3622 2312 3695 μέρος
2341 3626 2441 3688 τῆς
2472 3619 2747 3686 θεότητος,
2799 3619 2888 3675 καὶ
2948 3619 3009 3675 οὗ
3066 3622 3128 3676 τὸ
3181 3627 3283 3676 πᾶν
3319 3619 3638 3694 ὑπεδέξατο,
3671 3622 3803 3697 ὅπερ

2146 3708 2287 3764 ἐστὶν
2346 3703 2533 3769 ἀσεϐές
2567 3751 2579 3764 .
2612 3709 2709 3762 Καὶ
2766 3707 3053 3784 ἐχώρησαν
3113 3710 3171 3765 ἐκ
3197 3715 3296 3765 τοῦ
3335 3716 3454 3773 πῶς
3488 3757 3505 3782 ,
3540 3712 3629 3768 xui
3663 3710 3807 3785 ποίῳ

2143 3798 2332 3872 τρόπῳ
2368 3844 2381 3865 ,
2412 3798 2501 3851 xui
2532 3796 2663 3867 ποίᾳ
2693 3796 2988 3871 ἀκολουθίᾳ
3021 3845 3033 3869 ,
3069 3800 3145 3862 εἰς
3200 3799 3447 3855 ἀπιστίαν
3481 3803 3577 3856 καὶ
3629 3800 3801 3857 οὗτοι·

2143 3887 2233 3942 καὶ
2293 3885 2559 3956 ἐνοίκησιν
2620 3885 2737 3940 ἀντὶ
2812 3889 3131 3959 σαρκώσεως
3206 3887 3600 3945 κατεσκεύασαν
3636 3910 3647 3922 ·
3714 3889 3804 3947 xui

2144 3976 2259 4031 ἀντὶ
2321 3976 2562 4037 ἓνώσεως
2616 3975 2706 4029 καὶ
2755 3977 3047 4038 συνθέσεως
3100 3979 3367 4052 ἐνέργειαν
3420 3978 3804 4055 ἀνθρωπίνην,

2143 4064 2233 4119 καὶ
2288 4064 2403 4119 ἀντὶ
2464 4070 2590 4136 μιᾶς
2654 4063 2996 4128 ὑποστάσεως
3045 4072 3143 4122 τοῦ
3174 4066 3371 4139 Κυρίου
3402 4069 3566 4139 ἡμῶν
3619 4069 3802 4137 Ἰησοῦ

2144 4156 2377 4229 Χριστοῦ
2410 4150 2504 4208 δύο
2566 4153 2883 4217 ὑποστάσεις
2941 4157 3029 4211 καὶ
3082 4157 3367 4230 πρόσωπα·
3426 4155 3520 4211 καῖ
3549 4157 3672 4212 ἀντὶ
3702 4163 3805 4226 τῆς

2146 4242 2301 4318 ἁγίας
2356 4240 2583 4319 Τριάδος
2613 4241 2841 4319 τετράδα
2892 4245 3145 4320 ἀπρεπῶς
3176 4244 3265 4300 καί
3296 4245 3634 4319 παρανόμως
3668 4267 3805 4325 φρο-

2144 4334 2426 4402 νήσαντεςο
2487 4331 2741 4406 ἀπρεπῶς
2807 4333 2925 4406 μὲν,
2987 4334 3070 4389 ὅτι
3127 4339 3242 4407 Θεῷ
3298 4333 3658 4390 συνάπτουσιν
3713 4332 3806 4391 ἄν·

2147 4423 2387 4495 θρωπον,
2446 4421 2536 4477 καὶ
2569 4419 2766 4477 δοῦλον
2801 4428 3187 4496 συναριθμοῦσι
3224 4422 3463 4497 Δεσπότῃ
3496 4467 3509 4491 ,
3561 4424 3655 4478 καὶ
3686 4445 3806 4479 κτι-

2147 4512 2268 4566 στὸν
2327 4511 2618 4566 πρόσωπον
2679 4510 2951 4574 ἀκτίστοις
3020 4513 3338 4586 προσώποις
3395 4514 3804 4568 συντάττουσι·

388 4600 655 4671 personis
686 4596 1009 4665 collocant;
1044 4598 1223 4668 impie
1253 4614 1407 4663 vero,
1441 4600 1580 4671 quia
1626 4618 1804 4658 unam
1850 4603 2032 4676 hypo-

2157 4600 2477 4675 παρανόμως
2508 4597 2565 4654 δὲ
2597 4645 2611 4670 ,
2645 4596 2726 4654 δτι
2757 4602 2856 4669 τὴν
2893 4600 3019 4674 μίον
3056 4601 3344 4657 ὑπόστασιν
3388 4600 3484 4656 δύο
3517 4607 3805 4670 ποιοῦσιν,

388 4688 575 4743 stasin
598 4688 742 4742 duas
762 4686 1287 4758 faciunt,quartam
1306 4687 1643 4760 hypostasin
1661 4693 2027 4764 peregrinam

390 4776 629 4832 omnino
645 4780 703 4832 et
720 4774 1004 4847 alienigen
1016 4781 1300 4842 am,etom
1311 4776 1471 4832 nium
1489 4778 1863 4835 rationalium
1880 4798 2035 4836 crea-

393 4872 660 4921 turarum
676 4864 942 4921 ultimam
955 4870 1292 4934 ,extremam
1309 4870 1365 4922 et
1378 4866 1772 4938 minimam,in
1788 4869 2034 4925 Trinita-

392 4959 508 5010 tem
524 4954 1005 5022 inducunt.Quod
1026 4954 1074 5009 si
1089 4955 1279 5011 denuo
1298 4961 1566 5013 accurate
1580 4958 2033 5023 animadvertas,

465 5108 510 5143 ⁸ο
541 5107 714 5164 Rom.
746 5124 785 5177 1,
818 5107 909 5166 25.

472 5268 583 5339 (62)
617 5270 679 5323 In
710 5268 927 5341 Catena
956 5267 1013 5322 in
1068 5268 1302 5341 Lucam,
1351 5269 1446 5324 ubi
1497 5270 1763 5341 quaedam
1818 5286 1885 5326 ex
1922 5270 2044 5341 hac

400 5338 661 5396 oratiOne
692 5340 985 5405 descripta
1016 5345 1175 5405 sunt,
1209 5340 1331 5395 haec
1352 5338 1583 5408 desunt,
1618 5339 1676 5401 ὅς
1709 5340 1849 5394 ἔστιν
1885 5338 2041 5395 εὐλο-

400 5410 569 5485 γητὸς
602 5410 678 5485 είς
701 5408 826 5470 τοὺς
844 5410 1071 5485 αἰῶνας,
1096 5411 1263 5485 ἀμην.

473 5486 585 5554 (63)
616 5483 1035 5551 Seguerianus,
1072 5479 1340 5554 συνέντας.

476 5551 588 5624 (64)
620 5554 715 5607 Kui
761 5558 860 5619 τῆς
895 5558 1158 5625 κυριακῆς
1191 5551 1524 5622 ἐπιστασίας,
1559 5555 1682 5611 ἢεΒο
1714 5556 1930 5611 desunt
1987 5556 2044 5610 in

402 5630 629 5682 Catena.

471 5696 687 5771 (65)Τά
717 5691 989 5751 Ἰουδαίων
1047 5694 1201 5751 κακά’
1263 5698 1427 5751 ταῦτα
1482 5697 1572 5753 xui
1615 5701 1705 5753 νῦν
1774 5696 1900 5771 ζηλ.
1953 5700 2043 5756 Sic

2143 4686 2517 4763 ἐπεισάγοντες
2708 4686 2894 4761 Τριάδι
2943 4689 3202 4764 τετάρτην
3266 4689 3556 4744 ὑπόστασιν
3598 4732 3610 4745 .
3648 4691 3810 4762 ξένην

2141 4776 2444 4832 παντάπασι
2500 4777 2589 4832 xui
2648 4774 2963 4855 ἀλλόφυλον
3002 4824 3016 4845 ,
3047 4778 3137 4832 xui
3167 4779 3380 4832 πάντων
3411 4781 3517 4832 τῶν
3556 4774 3810 4854 λογικῶν

2141 4865 2449 4938 κτισμάτων
2500 4866 2563 4920 τὸ
2618 4865 2947 4933 τελευταῖον,
2995 4865 3083 4920 καὶ
3135 4863 3389 4943 ἔσχατον,
3421 4864 3512 4922 καὶ
3576 4869 3808 4943 μικρόν.

2143 4955 2267 5012 Ἐὰν
2302 4952 2358 5009 δὲ
2416 4949 2656 5030 ἀκριϐῶς
2711 4953 3181 5030 πάλιν,ἐννοήσῃς
3212 4996 3235 5026 ,
3264 4955 3354 5010 xui
3384 4959 3462 5029 τῷ
3517 4954 3816 5034 πράγματι

2153 5271 2369 5327 Catena
2400 5270 2639 5326 omissis
2671 5270 2902 5328 mediis.

2226 5340 2467 5418 (βὸλῐίαὶ
2501 5338 2806 5418 φιλονεικίᾳ
2836 5344 3006 5418 d_ees_t_
3030 5343 3087 5398 in
3116 5343 3424 5418 Basiliensi
3460 5349 3516 5401 ct
3546 5349 3815 5418 ‘Seguer.

2155 5418 2213 5469 et
2237 5413 2568 5492 ‘inCaten‘a.
2599 5413 2827 5492 ibidem
2858 5414 3274 5492 Basil.,_aocpiu,
3327 5434 3430 5490 pro
3481 5413 3815 5491 φιλοσῦφιᾳ.

2366 5485 2787 5569 ξρεζυειείεωυε,
2822 5488 3093 5569 πανταχῆ.

2250 5557 2340 5627 68)
2365 5557 2456 5633 Sic
2481 5558 2895 5628 Seguerianus,
2922 5564 2978 5633 et
2998 5557 3080 5633 ita
3101 5559 3241 5630 legit
3261 5557 3546 5633 Nannius.
3577 5560 3818 5633 Reliqui

2158 5628 2478 5716 cumneiﬁti,
2511 5633 2637 5685 tum
2673 5631 3077 5716 manuscripti,
3111 5628 3328 5716 σαρκός.

2231 5700 2347 5773 (69)
2369 5701 2636 5774 Seguer.,
2668 5697 3031 5779 ἀπερίγραφὸν
3114 5697 3231 5764 πῶς
3260 5697 3351 5755 καὶ
3381 5699 3435 5755 δν
3471 5698 3649 5776 μέρει.
