2063 3109
1983 3 2028 29 ἴδη

1649 26 1945 65 .,’ςι“,’¹ιλ;“¹“·-“-“ι”’
1978 27 2027 65 3.1

138 194 199 224 125
726 194 833 229 QUOD
855 192 959 224 UNUS

1016 192 1046 222 [Τ
1067 191 1275 224 CHRISTUS.
1790 190 1848 223 128

119 247 286 296 ,προσέχειν
312 258 442 295 Θελήσῃς,
471 258 595 295 εὑρήσεις
627 257 724 289 αὐτοὺς
753 256 803 293 ἔξω
824 261 875 292 τῆς
891 256 959 294 ἁγίας

1025 259 1053 285 et
1059 257 1138 285 hunc
1145 258 1260 294 negotio
1268 257 1399 285 animum
1407 256 1545 285 adhibere
1550 256 1849 292 volueris,deprshen-

136 302 254 341 Τριάδος
285 302 436 340 βάλλοντας
465 303 512 330 τὸν
541 302 636 341 Κύριον
666 304 723 339 (70)
752 304 832 339 ἡμῶν
862 302 966 337 Ἰησοῦν

136 348 265 384 Χριστὸν,
280 348 317 378 ὡς
346 346 458 381 δοῦλον,
479 348 516 378 ὡς
532 347 673 385 ἄνθρωπον
689 346 903 385 ἀπροσκύνητον,
919 346 965 373 τὸν

136 391 339 429 προσκυνητόν·
369 394 574 429 προσκυνοῦντα
602 391 630 419 ὂὶ
660 391 778 429 μᾶλλον,
794 391 838 419 καὶ
855 388 966 418 σέϐοντα

136 437 207 472 μετὰ
243 436 360 471 πάντων,
386 436 431 463 καὶ
462 436 678 472 ὑποτασσόμενον
708 438 742 473 τῇ
772 436 834 474 ἁγίᾳ
859 434 964 473 Τριάδι,

133 481 173 511 ὡς
204 480 366 518 Μάρκελλος
396 480 441 508 καί
470 481 484 507 ὁ
515 481 686 516 Σαμοσατεὺς
716 480 825 511 Παῦλος
848 480 965 518 παρεξη-

132 527 257 562 γοῦνται,
280 525 312 552 τὸ
337 525 424 556 θεῖκὸν
454 525 500 552 καὶ
531 524 710 552 ἀποστολικὸν
725 525 838 563 γράμμα
851 524 889 555 εἷς
913 525 962 558 τήν

133 568 205 596 ἰδίαν
222 569 311 596 αὐτῶν
327 568 451 600 ἕλκοντες
468 568 580 597 ἔννοιανι
611 582 624 595 (ι
640 571 720 597 Ὅταν
747 580 761 595 »
792 569 854 606 γὰρ,
886 569 962 607 φησί,

135 626 149 639 κ
180 614 305 651 ὑποταγῇ
335 614 410 650 αῦτῷ
437 615 470 642 τὰ
485 612 582 647 πάντα,
598 614 659 641 τότε
672 614 716 641 καὶ
733 613 812 644 αὐτὸς
829 613 843 640 6
859 613 931 646 Υἱὸς,
948 625 961 638 ››

132 660 273 686 τουτέστιν
296 659 310 685 ὀ
338 658 505 697 ἀναληφθεὶς
535 659 686 696 ἄνθρωπος.
719 671 733 684 ‹‹
764 658 962 694 ὑποταγήσεται

133 705 173 738 τῷ
202 703 363 738 ὑποτάξαντι
394 702 467 738 αὗτῴ
492 704 525 730 τὰ
553 703 638 730 πάντα
657 704 724 739 (71),
738 701 773 728 ’ἶν’
789 702 808 739 ᾗ
824 703 838 729 6
855 702 931 736 Θεὸς,
947 713 962 727 ››

133 748 229 786 φησὶν,
246 747 284 778 ὡς
300 748 345 774 καὶ
361 748 414 784 πρὸ
426 748 476 781 τῆς
493 748 663 783 σαρκώσειης,
684 760 698 772 ι(
715 746 740 774 ἐν
757 750 849 780 πᾶσιν,
864 759 877 771 ια
889 745 963 773 ἀσώ-

135 802 220 827 ματος
253 792 303 826 ὥν,
332 792 378 819 καὶ
406 794 486 828 σῶμα
516 793 553 828 μὴ
581 790 663 829 ἔχων·
693 791 737 819 καὶ
767 790 961 829 ὁάναληφθεὶς

133 837 291 874 ἄνθρωπος,
317 837 383 872 μετὰ
411 837 519 864 πάντων
548 835 593 867 καὶ
615 839 673 864 τοῖς
698 839 762 863 πᾶσι
780 835 962 873 συναριθμοῦ-

134 891 215 917 μενος
233 880 585 918 προσιὼν,ὑποτασσόμενος
601 881 644 907 καὶ
658 879 795 918 λατρεύων
810 882 877 916 Θεῷ.
895 883 962 907 Σκο-

1025 302 1075 330 des
1091 302 1170 338 ipsos
1185 306 1266 330 extra
1289 304 1422 330 sanctam
1436 302 1610 329 Trinitatem
1624 301 1779 329 Dominum
1796 309 1847 329 no-

1021 350 1115 375 strum
1132 348 1294 375 39Jesum
1311 347 1458 374 Christum
1475 347 1640 378 exturbare,
1669 348 1702 373 ut
1716 353 1845 378 servum,

1020 394 1053 419 ut
1068 392 1228 427 hominem,
1245 400 1332 427 quem
1349 392 1468 419 adorare
1490 391 1570 418 nefas
1594 390 1643 421 sit,
1660 398 1726 417 cum
1748 389 1787 417 sit
1801 392 1844 417 ta-

1021 444 1086 464 men
1113 437 1344 464 adoranduszac
1368 436 1464 471 ipsum
1494 436 1591 471 potius
1619 435 1845 467 adorantem,et

1019 489 1085 508 cum
1103 481 1213 509 caeteris
1228 481 1365 508 omnibus
1381 480 1533 512 colentem,
1550 488 1660 508 necnon
1690 479 1840 506 subditum

1019 528 1125 553 sancta:
1140 526 1274 553 Trinitati
1290 523 1354 552 esse
1370 528 1492 560 putant;
1510 527 1542 552 ut
1557 521 1717 557 Marcellus,
1730 527 1758 551 et
1769 525 1843 550 Pau-

1018 570 1066 597 lus
1081 570 1306 603 Samosatensis,
1323 570 1450 597 divinam
1466 571 1495 597 et
1510 569 1699 605 apostolicam
1712 568 1840 603 Scriptu-

1018 623 1080 642 ram
1098 615 1132 642 ad
1156 623 1241 643 suam
1261 615 1434 642 sententiain
1461 614 1675 649 detorqueutes.
1692 621 1841 648 perperam

1017 659 1181 695 explicant:
1195 667 1273 691 nam,
1289 671 1299 683 ι
1317 667 1383 686 cum
1399 659 1532 694 subjecta
1547 658 1653 685 fuerint
1666 656 1843 690 illiomnia,»

1017 704 1125 740 inquit,
1143 715 1157 728 «
1170 706 1240 731 tunc
1256 706 1284 731 et
1300 704 1362 739 ipse
1374 703 1475 735 Filius,
1491 714 1505 728 »ι
1518 702 1547 729 id
1565 706 1610 729 est
1625 702 1713 729 homo
1729 708 1844 728 assum-

1017 752 1096 785 ptus,
1111 759 1124 773 «
1141 748 1292 783 subjectus
1308 748 1363 775 erit
1373 748 1410 780 ei.
1428 747 1479 783 qui
1504 747 1629 782 subjecit
1645 746 1668 773 ei
1685 745 1795 779 omnia,
1813 747 1844 772 ut

1017 794 1056 821 sit
1070 793 1185 828 Deus,“
1204 804 1214 816 ν
1227 791 1702 828 inquit,utanteincarnationem,«
1716 790 1743 817 in
1753 788 1845 817 omni-

1016 838 1081 870 bus,
1090 848 1103 863 »
1116 845 1184 865 cum
1196 837 1302 873 sitipse
1310 836 1651 872 incorporeus,etcorpus
1662 843 1718 861 non
1727 833 1843 866 habeat;

1015 882 1103 909 homo
1125 884 1223 909 autem
1239 883 1411 916 assumptus
1427 879 1538 908 ceteris
1565 880 1703 907 omnibus
1719 885 1843 905 enume-

131 925 249 959 πήσατε,
265 924 303 955 εἷς
319 924 385 959 ὅσην
400 924 545 951 κατέπεσον
561 924 712 962 ἀφροσύνην
730 926 755 952 οἱ
771 923 959 963 δοκησίσοφοι,

1016 930 1109 959 ratus,
1124 926 1260 954 subditus
1271 925 1310 953 sit
1320 925 1550 960 Deo,ipsumque
1562 923 1649 952 colat.
1663 922 1844 958 Perpendite,

132 969 170 999 εἷς
181 969 251 1004 ὅτην
270 969 366 1005 μανίαν
380 970 425 997 καὶ
441 969 576 1005 ἀπιστίαν,
591 969 636 997 καὶ
652 969 765 997 ἐπινοεῖν
781 970 814 997 τὰ
831 970 869 1006 μή
885 967 959 1006 ὄντα,

131 1014 176 1041 καί
196 1012 376 1047 πλάττεσθαι,
388 1014 433 1041 καὶ
455 1013 626 1052 μυθολογεῖν.

1016 979 1126 1007 quaeso,
1141 971 1170 998 in
1182 972 1320 1007 quautam
1336 970 1495 997 amentiam
1512 968 1623 1004 delapsi
1636 970 1705 995 sunt
1721 967 1778 1001 isti,
1795 967 1846 1002 qui

1015 1015 1071 1044 sibi
1088 1015 1160 1052 ipsis
1175 1015 1322 1051 sapientes
1332 1014 1477 1049 videntur,
1493 1013 1523 1041 in
1539 1015 1683 1049 quantum
1698 1011 1847 1040 vesaniam

133 1062 162 1087 et
178 1059 385 1087 inﬁdelitatem
402 1059 509 1094 abiere,
522 1062 554 1087 ut
566 1058 730 1095 excogitent
739 1062 767 1087 et
781 1059 1044 1088 comminiscentur
1055 1069 1120 1097 quae
1133 1068 1284 1096 nunquam
1298 1060 1388 1091 fuere,
1400 1067 1555 1094 maresque
1570 1057 1684 1086 fabulas
1701 1058 1845 1084 enarrent.

168 1125 175 1131 .
191 1103 230 1130 οὗ
253 1102 334 1139 μόνον
364 1101 393 1130 δὲ
419 1105 452 1139 τῇ
468 1102 555 1130 πίστει
570 1102 729 1140 προσελθεῖν
746 1103 795 1130 οὐκ
809 1103 958 1139 ἠθέλησαν,

131 1146 205 1174 ἀλλὰ
229 1147 274 1174 καὶ
304 1147 406 1178 ἀπάτας
435 1146 552 1183 ἐξεῦρον,
581 1147 625 1174 καὶ
641 1147 801 1185 κακοτργίας
817 1147 958 1186 ἐμηχανή-

132 1202 226 1225 σαντο,
256 1191 408 1219 ἒπλάσαντο
440 1192 533 1229 μωρὰς
556 1192 600 1218 καὶ
626 1190 802 1222 ἀπαιδεύτους
820 1193 959 1228 ζητήσεις,

130 1235 169 1266 εἷς
187 1235 296 1270 πλάνην
319 1235 433 1264 πολλῶν
463 1235 507 1263 καὶ
536 1236 700 1263 ἀποστασίαν
722 1236 880 1274 παράνομον
897 1247 960 1264 σκο-

130 1282 268 1315 πήσαντες
285 1282 353 1316 (72).
374 1280 405 1307 Εἰ
421 1281 473 1318 γὰρ
488 1279 660 1318 προσεδόκων
675 1280 706 1307 τὸ
724 1279 839 1316 μέλλον,
855 1281 878 1308 εί
893 1284 960 1309 Θεοῦ

132 1323 283 1361 ἐπιδημίαν
309 1324 354 1351 καὶ
370 1324 456 1362 κρίσιν
472 1324 621 1361 ἐπίστευον,
638 1325 659 1353 εἰ
675 1325 785 1353 κόλασιν
802 1323 960 1364 ἐφοϐοῦντο,

131 1371 166 1406 τῇ
186 1371 279 1396 πίστει
310 1370 515 1407 προσήρχοντο,
544 1369 720 1408 Εὐαγγελίοις
749 1369 900 1406 ἐπείθοντο,
915 1370 959 1398 καὶ

131 1413 300 1444 ἀποστόλοις
316 1413 487 1448 ἠκολούθουν
505 1414 610 1449 μᾶλλον
627 1414 644 1448 ἢ
662 1414 808 1452 λογισμοῖς
825 1414 960 1453 ἀνθρωπί-

130 1469 200 1489 νοις.
236 1458 352 1496 Χριστὸν
388 1459 438 1496 γὰρ
468 1457 566 1490 εὐθέως
596 1458 725 1496 ἐκήρυξαν
755 1458 904 1495 ἐξελθόντες
933 1459 959 1486 οἱ

131 1502 283 1530 ἀπόστολοι
313 1503 463 1541 συμφώνως
491 1502 536 1530 καὶ
565 1502 722 1534 ἀκολούθως
751 1503 796 1530 τὸν
827 1504 887 1530 Υἱὸν
910 1505 959 1531 τοῦ

130 1550 208 1576 eus.
225 1549 328 1574 Τοῦτον
357 1547 405 1574 τὸν
425 1547 451 1574 ἐν
482 1546 607 1584 Βηθλεὲμ
621 1548 782 1585 γεννηθέντα
798 1547 827 1575 ἐκ
840 1548 960 1586 σπερμα-

130 1603 176 1623 τος
207 1589 294 1619 Δαῦἰδ
319 1592 387 1619 κατὰ
413 1591 508 1629 σάρκα,
536 1592 582 1619 τὸν
607 1592 777 1628 ὁμοιωθέντα
793 1593 957 1631 ἀνθρώποις,

1050 1106 1077 1133 3.
1093 1106 1155 1133 Non
1167 1105 1264 1133 solum
1279 1107 1376 1132 autem
1394 1103 1460 1131 ﬁdei
1490 1111 1554 1131 sese
1569 1103 1728 1137 adjungere
1744 1100 1846 1128 nolue-

1015 1153 1092 1184 runt,
1108 1150 1159 1177 sed
1175 1152 1204 1177 et
1227 1148 1311 1176 dolos
1326 1148 1549 1180 adinvenerunt,
1561 1147 1735 1180 fraudesque
1751 1144 1843 1175 moliti

1016 1197 1105 1222 sunt:
1122 1193 1228 1222 stultas
1243 1196 1271 1221 et
1299 1193 1415 1229 ignaras
1431 1192 1606 1228 quastiones
1625 1189 1793 1221 commenti,
1810 1197 1843 1216 eo

1016 1239 1112 1267 solum
1129 1240 1306 1274 spectantes,
1319 1239 1351 1265 ut
1366 1236 1476 1264 multos
1490 1235 1519 1263 in
1535 1243 1674 1267 errorem,
1690 1237 1718 1262 et
1734 1234 1761 1261 in
1779 1241 1840 1261 sce-

1016 1284 1137 1312 leratam
1163 1282 1357 1310 defectionem
1388 1281 1569 1309 inducerent.
1600 1280 1628 1307 Si
1651 1280 1726 1307 enim
1746 1279 1844 1306 futura

1015 1330 1225 1364 exspectarent,
1243 1327 1268 1355 si
1290 1326 1340 1354 Dei
1365 1326 1522 1353 adventum
1538 1327 1567 1352 et
1583 1324 1729 1359 judicium
1745 1322 1844 1350 crede-

1016 1375 1090 1406 rent,
1121 1372 1145 1400 si
1175 1371 1353 1408 supplicium
1370 1369 1604 1401 reformidarent,
1622 1369 1656 1395 ad
1675 1368 1762 1394 fidem
1774 1374 1844 1394 sane

1016 1417 1196 1449 accederent,
1213 1415 1376 1452 Evangeliis
1398 1415 1644 1450 obtemperarent,
1658 1415 1685 1439 et
1695 1411 1857 1447 apostolos.

1015 1462 1110 1497 magis
1127 1469 1215 1497 quam
1232 1461 1362 1488 humana
1377 1458 1530 1487 ratiocinia
1545 1459 1748 1493 sequerentur.
1760 1455 1841 1483 Chri-

1014 1508 1092 1534 stum
1107 1506 1184 1533 enim
1200 1504 1323 1541 apostoli
1339 1504 1437 1532 statim
1453 1506 1540 1539 atque
1551 1502 1669 1539 profecti
1682 1503 1761 1533 sunt,
1773 1508 1841 1541 voce

1014 1559 1142 1579 consona
1156 1553 1185 1578 et
1204 1539 1391 1578 conformiter
1412 1548 1641 1584 praedicaverunt
1666 1545 1770 1573 Filium
1791 1539 1843 1572 Dei

1013 1603 1088 1624 esse.
1107 1596 1188 1622 Hunc
1206 1594 1234 1621 in
1262 1593 1430 1621 Bethlehem
1451 1595 1552 1620 natum
1570 1600 1603 1619 ex
1626 1591 1736 1618 semine
1752 1589 1842 1617 David

131 1638 176 1664 ui
207 1636 398 1673 σταυρωθέντα
428 1636 494 1674 ὑπὲρ
520 1636 667 1673 ἀνθρώπων
685 1636 728 1664 ἐπὶ
744 1636 862 1664 Ποντίου
875 1637 959 1665 Πιλά-

1019 1640 1181 1668 secundum
1198 1647 1328 1670 carnem,
1344 1637 1514 1665 hominibus
1528 1636 1654 1664 similem
1673 1636 1794 1667 factum,
1810 1641 1844 1662 ac

131 1692 191 1716 του,
221 1680 301 1708 αὐτὸν
332 1681 406 1707 εἷπον
437 1682 492 1717 (73)
518 1680 593 1715 Θεὸν,
617 1681 696 1708 αὐτὸν
712 1679 865 1719 ἄνθρωπον,
881 1682 960 1710 αὐτὸν

130 1727 210 1754 εἷπον
226 1724 287 1752 ne»
300 1726 378 1758 Θεοῦ,
395 1723 475 1752 αὐτὸν
490 1725 549 1752 ὶἼὸν
566 1725 720 1763 ἀνθρώπου,
751 1725 829 1754 αὐτὸν
859 1726 885 1762 ἐξ
915 1726 960 1754 οὗ-

131 1773 226 1808 ρανοῦ,
243 1770 324 1797 αὐτὸν
341 1770 394 1797 ἀπὸ
409 1773 475 1807 γῆς,
491 1769 570 1797 αὐτὸν
588 1770 687 1804 ἀπαθῆ,
719 1769 797 1797 αὐτὸν
827 1772 960 1807 παθητὸν,

131 1815 181 1843 οὖιι
209 1813 309 1849 ἄλλον,
341 1814 371 1841 οὐ
397 1813 530 1851 πρόσωπα
558 1812 617 1849 δύο,
652 1813 706 1851 οὐχ
730 1814 899 1851 ὑποστάσεις,
929 1815 959 1844 οὐ

132 1859 332 1897 προσκυνήσεις
359 1857 418 1886 δύο.
435 1857 484 1888 Τίς
499 1857 579 1895 χρεία
595 1860 684 1893 ζητεῖν
709 1859 753 1886 καὶ
770 1858 959 1898 λογομαχεῖν;

132 1903 277 1932 lita-:95va
318 1902 461 1941 συμφέρει,
506 1902 550 1929 καί
593 1900 690 1939 σέϐειν,
732 1903 777 1930 καὶ
802 1907 958 1942 προσκυνεῖν

132 1950 235 1985 σιωπῇ.
265 1946 334 1974 Οἶδα
361 1945 440 1974 αἶιτὸν
466 1947 529 1974 Θεὸν
557 1946 667 1982 ἀληθῶς
686 1946 711 1983 ἐξ
728 1947 841 1985 οὐρανοῦ
858 1950 958 1984 ἁπαθῖγ

133 1992 193 2021 οἴδα
222 1992 306 2020 αὐτὸν
337 1991 366 2018 ἐκ
388 1991 542 2028 σπέρματος
567 1989 649 2019 Δαϐὶδ
665 1992 732 2019 κατὰ
747 1992 841 2029 σάρκα,
859 1993 960 2031 ἅνθρω-

132 2049 180 2066 πον
212 2037 269 2065 ἀπὸ
294 2039 346 2074 γῆς
375 2035 506 2071 παθητόν.
538 2036 574 2062 Οὐ
601 2038 684 2072 ζητῶ,
705 2039 764 2068 πῶς
780 2038 899 2072 παθητὸς
915 2038 959 2066 καὶ

133 2084 236 2116 ἑπαθής
268 2082 283 2109 6
313 2081 403 2116 αὐτὸς,
433 2082 491 2111 πῶς
516 2080 579 2111 Θεὸς
595 2081 639 2107 καὶ
669 2083 728 2112 πῶς
753 2080 960 2119 ἅνθρωπος,“ίνα

133 2130 180 2166 μή,
197 2129 229 2155 τὸ
245 2130 306 2158 πῶς
328 2125 569 2164 περιεργαζόμενος
584 2126 628 2154 καὶ
643 2126 688 2154 τὸν
704 2126 805 2163 τρόπον
817 2128 958 2163 ἀναζητῶν

132 2174 237 2201 ἐπι-πέσω
252 2175 302 2200 τοῦ
316 2171 499 2209 προκειμένου
515 2172 582 2207 ἡμῖν
599 2171 709 2209 ἀγαθοῦ.
741 2171 878 2200 Πιστεύειν
908 2173 959 2210 γὰρ

130 2221 239 2256 πρῶτον
270 2217 340 2254 χρὴ,
368 2216 412 2243 καὶ
442 2214 573 2251 δοξάζειν,
597 2215 641 2243 καὶ
657 2214 781 2253 δεύτερον
798 2216 898 2248 ἀνωθεν
910 2217 960 2251 τὴν

133 2263 257 2290 uiua-.sz
287 2260 392 2288 τούτων
422 2259 564 2294 αἰτεῖσθαι,
590 2260 633 2287 καὶ
660 2260 698 2296 μή
714 2256 832 2292 κάτωθεν
856 2260 956 2296 ταύτην

1017 1694 1068 1722 pro
1080 1684 1251 1713 hominibus
1263 1683 1431 1710 cruciﬁxum
1457 1682 1512 1709 sub
1528 1681 1629 1708 Pontio
1646 1680 1748 1713 Pilato,
1761 1687 1843 1706 eum-

1016 1731 1082 1759 dem
1097 1730 1196 1758 dixere
1212 1731 1314 1760 Deum,
1331 1730 1360 1756 et
1374 1727 1524 1755 hominem
1538 1735 1544 1760 ;
1558 1726 1662 1754 Filium
1690 1725 1737 1752 Dei
1749 1727 1777 1751 et
1801 1724 1844 1751 Fi-

1015 1775 1088 1803 lium
1105 1773 1252 1807 hominis;
1269 1781 1304 1800 ex
1318 1771 1401 1805 cmlo,
1416 1773 1445 1799 et
1461 1780 1495 1799 ex
1510 1773 1588 1799 terra
1604 1779 1610 1802 ;
1624 1768 1836 1805 impassibilem

1015 1821 1044 1846 et
1060 1817 1228 1854 passibilem
1242 1830 1249 1850 ;
1261 1825 1318 1844 non
1343 1816 1444 1850 alium,
1461 1823 1518 1842 non
1536 1822 1675 1850 personas
1691 1814 1774 1845 duas,
1788 1820 1841 1839 nec

1015 1864 1089 1891 duas
1103 1863 1287 1899 hypostases,
1313 1869 1365 1888 nec
1393 1861 1465 1888 duas
1482 1859 1677 1887 adorationes.
1695 1858 1840 1889 Quorsum

1014 1907 1241 1943 disceptationes
1256 1908 1285 1933 et
1294 1905 1447 1933 verborum
1465 1911 1568 1939 pugnae
1578 1903 1592 1930 ?
1604 1903 1725 1929 Credere
1740 1909 1840 1928 conve-

1014 1953 1068 1985 nit,
1091 1955 1120 1980 et
1141 1960 1200 1979 una
1229 1950 1334 1983 colere,
1357 1952 1441 1985 atque
1469 1949 1589 1975 adorare
1619 1955 1684 1974 cum
1716 1945 1842 1973 silentio.

1014 1997 1250 2033 Agnoscoipsum
1266 2002 1365 2023 revera
1383 1997 1470 2021 Deum
1481 2001 1514 2020 ex
1528 1991 1598 2019 caelo
1612 1990 1842 2026 impassibilem:

1015 2049 1140 2077 agnosco
1152 2041 1249 2076 ipsum
1265 2047 1299 2066 ex
1311 2038 1423 2066 semine
1432 2037 1519 2065 David
1533 2036 1694 2064 secundum
1713 2043 1842 2068 carnem,

1014 2085 1163 2113 hominem
1180 2084 1216 2112 de
1231 2086 1308 2111 terra
1324 2082 1576 2119 passibilem.Non
1586 2089 1684 2116 quaero
1695 2081 1841 2116 quomodo

1014 2130 1091 2157 idem
1108 2128 1257 2165 passibilis
1269 2131 1297 2156 et
1312 2126 1504 2163 impassibilis
1519 2126 1575 2154 sit:
1592 2126 1739 2161 quomodo
1765 2127 1840 2152 Deus

1015 2176 1043 2202 et
1057 2174 1162 2206 homo;
1180 2181 1215 2201 ne
1228 2173 1313 2206 illud,
1328 2171 1485 2208 quomodo,
1501 2171 1646 2199 curiosius
1663 2169 1841 2205 investigan-

1015 2219 1061 2251 do,
1078 2218 1280 2253 rationemque
1295 2216 1500 2253 perquireudo,
1513 2216 1581 2244 boni
1598 2215 1681 2242 nobis
1699 2213 1840 2250 propositi

1009 2263 1156 2299 jacturam
1174 2262 1288 2289 faciam.
1301 2261 1432 2289 Primum
1447 2261 1527 2288 enim
1546 2260 1663 2288 credere
1678 2261 1792 2295 oportet
1809 2265 1841 2285 ac

131 2304 348 2352 πορίζεσθαι-ἑξ
376 2304 489 2352 αἵματος
520 2304 564 2352 καὶ
593 2304 704 2341 σαρκὸς,
733 2303 796 2332 ἀλλ’
816 2304 841 2341 ἐξ
857 2305 958 2333 ἀποκα-

1016 2307 1192 2344 gloriﬁcare:
1209 2306 1349 2340 secundo,
1365 2314 1399 2333 ex
1425 2304 1496 2333 ccelo
1523 2304 1627 2332 harum
1650 2312 1747 2330 rerum
1773 2310 1840 2329 con-

131 2351 239 2387 λύψεως
272 2348 345 2381 θείας
372 2349 416 2375 καὶ
444 2347 580 2385 οὐρανίου.
609 2361 623 2374 ι(
640 2348 792 2386 Μακάριος»
824 2350 904 2387 γᾶρκ
922 2351 956 2386 εἴ,

131 2396 225 2431 Σίμων
257 2394 311 2431 Βὰρ
343 2394 423 2421 Ἰωνᾶ
450 2394 517 2427 (74),
546 2392 587 2419 ὅτι
604 2393 667 2430 σὰρξ
679 2393 724 2419 καὶ
743 2394 812 2429 αἱμα
827 2393 876 2421 οὐκ
891 2395 956 2422 ἀπε-

129 2440 233 2476 κάλυψὲ
259 2449 313 2474 σοι,
344 2436 407 2465 ἀλλ’
436 2438 450 2464 ὁ
465 2437 559 2475 Πατήρ
581 2447 632 2473 μου
645 2437 658 2464 6
672 2436 701 2465 ἐν
715 2440 773 2468 τοῖς
788 2437 923 2476 οὐρανοῖς·
942 2451 956 2465 ››

129 2486 184 2521 καὶ,
216 2496 232 2510 ι(
260 2482 298 2511 Σὺ
327 2483 352 2510 εἴ
380 2482 494 2518 Πέτρος,
509 2481 554 2509 καὶ
569 2481 612 2509 ἐπὶ
627 2481 711 2519 ταύτῃ
781 2482 865 2521 πέτρᾳ
880 2483 957 2511 οἴκο-

131 2528 247 2566 δομήσω
264 2538 318 2564 μου
331 2527 381 2561 τὴν
399 2525 572 2561 Ἐκκλησίαν,
594 2526 639 2553 καὶ
654 2525 738 2554 πύλαι
755 2525 820 2562 ᾅδου
836 2527 867 2555 οὐ
882 2539 959 2556 κατι-

130 2574 276 2612 σχύσουσιν
307 2571 403 2605 αὐτῆς.
429 2582 444 2596 »
474 2570 572 2601 Πιστὸς
603 2570 618 2598 ὀ
645 2570 737 2609 λόγος,
753 2571 797 2599 καὶ
813 2571 958 2605 ἀσάλευτος

162 2656 183 2675 ε’
199 2656 211 2684 Ι
226 2655 293 2684 Cor.
311 2661 359 2688 xv,
370 2653 416 2680 28.
433 2652 456 2670 ”
471 2652 575 2681 Matth.
587 2661 645 2685 XVI,
661 2654 705 2681 17.

164 2745 218 2781 ('70)
233 2741 393 2772 Βάλλοντας
406 2740 453 2768 τὸν
470 2740 595 2781 ξριστιξν,
608 2742 727 2781 patella,

173 2775 217 2814 71)
233 2781 354 2810 Catena,
381 2785 452 2814 quae
480 2775 528 2814 hic
553 2777 670 2811 desinit,
691 2775 705 2804 ἓ
724 2787 816 2814 κοντες
838 2776 952 2806 ἔννοιαν·

131 2814 187 2842 τότε
199 2813 243 2842 καὶ
262 2814 277 2841 ὀ
295 2814 359 2844 Υἱὸς
368 2813 391 2850 γὺ
404 2813 589 2850 ποταγήσεται
602 2814 641 2848 τῷ
656 2813 753 2850 Πατρί.

163 2850 334 2887 (72)Ba.sil.,
361 2847 445 2877 Gobl.
471 2847 499 2876 et
520 2847 632 2884 Begu,
649 2847 842 2884 σκοπῆσαντις.
866 2850 952 2886 Editi,

1013 2351 1195 2380 stitutionem
1208 2354 1377 2386 petere,non
1389 2353 1487 2378 autem
1499 2350 1534 2377 ab
1545 2349 1599 2376 imo
1615 2348 1695 2375 illam
1711 2356 1745 2375 ex
1756 2354 1842 2374 carne

1011 2398 1039 2424 et
1065 2397 1208 2432 sanguine
1235 2397 1404 2424 desumere:
1434 2395 1484 2422 sed
1509 2402 1544 2422 ex
1559 2394 1655 2421 divina
1679 2396 1707 2420 et
1731 2392 1841 2420 ccslesti

1012 2441 1196 2469 revelatione.
1213 2441 1283 2468 Nam
1300 2452 1314 2466 «ί
1331 2441 1437 2468 Beatus
1452 2447 1494 2474 es,
1510 2439 1609 2467 Simon
1627 2437 1839 2473 Barjona,quia

1012 2494 1079 2514 caro
1094 2488 1122 2514 et
1132 2485 1254 2522 sanguis
1268 2493 1325 2513 non
1350 2483 1486 2512 revelavit
1498 2483 1552 2511 tibi
1570 2491 1576 2511 :
1593 2482 1643 2510 sed
1658 2482 1741 2509 Pater
1757 2490 1840 2510 meus

1013 2531 1061 2566 qui
1073 2531 1103 2558 in
1110 2530 1189 2558 caelis
1198 2532 1243 2557 est
1251 2530 1274 2547 ⁸⁸
1289 2538 1295 2563 ;
1313 2540 1328 2554 »
1339 2531 1368 2557 et
1381 2536 1387 2556 :
1400 2540 1414 2554 (ι
1426 2528 1508 2556 Tuos
1515 2526 1838 2561 Petrus,etsuperhano

1013 2577 1127 2612 petram
1143 2574 1291 2603 ediﬁcabo
1305 2572 1464 2601 Ecclesiam
1477 2579 1583 2605 meam,
1600 2574 1628 2598 et
1648 2573 1736 2606 portas
1753 2570 1839 2597 inferi

1009 2742 1194 2774 σκοπίσαντες.

1055 2781 1100 2813 73)
1116 2779 1203 2808 Βαεὶι.
1220 2779 1266 2806 hic
1281 2781 1309 2807 et
1324 2779 1409 2813 infra,
1426 2778 1512 2807 εἶπαν.

1055 2781 1090 2807 73
1116 2781 1203 2808 Basil.
1220 2781 1266 2806 hic
1281 2781 1309 2807 et
1324 2781 1409 2813 infra,
1426 2781 1512 2807 εἶπαν.

1043 2781 1100 2853 €74;
1115 2815 1294 2849 Basiliensis,
1306 2815 1393 2844 Ἰωνᾶ.
1408 2815 1463 2843 Alii
1478 2818 1508 2843 et
1521 2815 1601 2848 editi,
1619 2815 1704 2841 Ἰωνα.

1975 403 2052 1280 5

2024 2417 2054 2952 5

2039 2056 2054 2179 εί

2048 1212 2052 1310 5

2048 1212 2052 1310 5

2048 1212 2052 1310 5
