4100 6224
291 347 406 410 129
1446 347 1660 422 QUOD
1703 347 1916 414 UNUS
1958 347 2083 409 SIT
2124 345 2537 412 CHRISTUS.
3578 354 3693 420 130

289 481 512 559 φότερον
550 526 564 550 ,
599 479 724 554 μίαν
784 480 1073 537 ὑπόστασιν
1247 480 1336 537 καὶ
1365 480 1420 536 ’ὲν
1448 480 1741 557 πρόσωπον
1778 524 1791 546 ,
1826 479 1934 556 οὐχ

2053 496 2259 547 unum,
2291 486 2605 553 utrumque
2632 482 2812 538 simul
2830 498 2957 539 esse
2986 483 3353 551 conﬁtemur,
3387 503 3563 543 unam
3588 489 3693 562 hy-

281 568 371 625 ἵνα
411 568 871 644 συμπληρωτικὸν
930 576 1029 639 τῆς
1088 569 1425 633 ὑποστάσεως
1454 571 1515 625 τὸ
1574 575 1734 643 σῶμα
1771 571 1935 647 γένη-

287 676 395 714 ται·
434 653 620 720 ἀσεϐὶς
676 658 777 734 γάρ
812 681 823 694 ·
877 656 1063 727 ἔπειδή
1114 659 1325 715 τέλειον
1383 660 1446 716 τὸ
1504 666 1655 715 Θεῖον
1694 682 1707 696 ο
1762 658 1941 714 ἀνεπί-

290 746 474 803 δεκτον
507 746 881 819 ἐλαττώσεως,
917 747 1146 817 ἁπλοῦν,
1181 751 1269 804 καὶ
1304 747 1579 823 μονοειδὲς
1614 796 1627 818 ,
1657 750 1747 804 καὶ
1777 747 1935 803 ἀσύνο

291 840 465 903 θετον,
500 837 574 900 εἷς
611 840 745 915 μέρη
782 838 843 893 o6
871 836 1178 913 διαιρεῖται,
1208 840 1474 909 τουτέστι,
1508 839 1640 894 καθὸ
1670 839 1797 901 Θεὸς
1832 837 1934 892 Λό-

292 948 389 1002 γος
422 926 532 983 ἰστί
556 928 643 982 καὶ
676 925 1067 1002 μονοειδὴς,εἷς
1093 926 1349 1006 διαφορὰν
1377 927 1558 1003 μελῶν
1572 928 1662 983 καὶ
1688 928 1937 1003 πραγμά-

292 1038 400 1072 των
445 1016 506 1071 o6
536 1017 755 1084 ximat;
780 1014 855 1075 εἴς
884 1038 943 1072 τε
974 1022 1134 1091 σῶμα
1162 1019 1251 1073 καὶ
1282 1018 1567 1091 ἀσώματον
1601 1020 1735 1091 (81)·
1769 1016 1797 1070 6
1830 1015 1934 1070 Λό-

294 1127 389 1182 γος
421 1106 521 1181 γάρ
580 1105 690 1161 ἐστι
746 1106 958 1169 τέλειος
1006 1106 1097 1162 καὶ
1130 1105 1319 1162 διόλου
1378 1108 1663 1181 ἀσώματος
1695 1126 1709 1140 ο
1742 1106 1803 1161 οὐ
1834 1107 1935 1182 γὰρ

295 1195 423 1258 Θεὸς
454 1196 646 1271 γέγονε
676 1196 971 1269 σαρκωθεὶς
1000 1242 1015 1267 ,
1048 1194 1173 1251 οὐδὲ
1230 1196 1351 1258 Υἲὸς
1383 1201 1515 1252 Θεοῦ
1550 1243 1564 1269 ,
1600 1197 1937 1272 ἀνθρώπινον

295 1289 453 1358 σῶμα
484 1280 687 1354 λαϐὼν,
721 1282 845 1341 οὐδὲ
878 1285 1078 1359 Κύριος
1108 1293 1209 1356 τῆς
1244 1283 1426 1357 δόξης,
1456 1287 1556 1355 τὴν
1600 1290 1697 1341 τοῦ
1731 1283 1936 1340 δούλου

298 1375 513 1451 μορφὴν
542 1374 772 1452 φορέσας
810 1393 822 1409 ⁶
857 1373 983 1432 ἀλλ’
1015 1375 1299 1452 ἄνθρωπος
1325 1375 1415 1431 καὶ
1448 1376 1561 1437 υἱὸς
1593 1375 1877 1452 ἀνθρώπου
1909 1372 1937 1427 6

294 1463 416 1526 Υἱὸς
444 1467 543 1518 τοῦ
574 1468 710 1519 Θεοῦ
736 1510 750 1534 ,
781 1465 872 1519 καὶ
922 1463 1118 1528 δοῦλος
1147 1466 1283 1520 κατὰ
1308 1465 1408 1535 τήν
1442 1465 1655 1543 μορφὴν
1685 1463 1713 1518 6
1840 1462 1939 1541 φό-

292 1573 372 1608 σει
402 1552 622 1628 Κύριος.
653 1553 731 1611 Οὔ
782 1554 845 1609 τὸ
905 1559 1064 1627 σῶμα
1094 1554 1184 1609 οὗν
1236 1553 1700 1630 συμπληρωτικὸν
1752 1554 1941 1629 γέγονε

291 1644 391 1711 τῆς
448 1648 637 1713 θεϊκῆς
694 1642 1037 1706 ὑποστάσεως
1065 1662 1078 1675 ο
1122 1641 1249 1699 ἀλλ’
1281 1643 1309 1697 6
1341 1641 1562 1713 άληθῶς
1590 1640 1799 1705 τέλειος
1832 1686 1847 1712 ,
1876 1641 1939 1696 τὸ

296 1729 482 1794 ἀτελὲς
541 1730 852 1788 ἒτελείωσεν
885 1778 899 1803 ,
971 1731 999 1786 6
1058 1730 1365 1807 ἀπροσδεὴς
1434 1731 1504 1807 τῇ
1567 1728 1941 1807 προσδεομένῃ

295 1819 531 1891 συνῆλθε
558 1822 647 1876 καὶ
680 1822 960 1892 συνηνώθη
993 1822 1150 1915 σαρκί
1181 1866 1198 1889 ,
1234 1822 1261 1876 6
1295 1819 1526 1895 μηδενὸς
1795 1816 1938 1915 ἔχων
1970 1849 2019 1915 Β

296 1910 481 1966 ἑαυτὸν
513 1906 682 1966 ἔδωκε
710 1915 789 1983 τῷ
849 1910 1039 1987 χρείαν
1072 1907 1256 1986 ἔχοντι
1315 1912 1531 1984 σώματι
1563 1954 1577 1969 .
1609 1907 1803 1971 Οὐδεὶς
1843 1909 1941 1985 γὰρ

293 2003 402 2053 τῶν
437 1997 492 2054 εὖ
524 1998 869 2077 φρονούντων
906 2046 922 2072 ,
952 2000 986 2069 ἢ
1023 2002 1210 2076 νήφειν
1243 1998 1389 2062 ὅλως
1418 2000 1507 2054 καὶ
1537 2004 1677 2054 νοεῖν
1714 1996 1944 2070 δυναμέ-

292 2109 399 2142 νων
433 2090 581 2161 (82),
615 2084 758 2143 εἷ’ποι
793 2088 851 2142 ἃν
886 2136 901 2161 ,
934 2088 1017 2143 δτι
1056 2135 1070 2157 ,
1104 2088 1281 2160 ὥσπερ
1318 2088 1346 2143 6
1378 2088 1554 2162 Λόγος
1598 2085 1809 2149 τέλειος
1869 2085 1941 2141 ὣν

294 2177 384 2231 καὶ
444 2176 801 2238 ἐνυπόστατος
838 2220 852 2244 ,
886 2176 949 2232 οὗ
1003 2175 1319 2249 προσεδεῖτο
1379 2177 1572 2251 σαρκὸς
1609 2223 1624 2246 ,
1675 2175 1767 2231 ’ίνα
1814 2175 1943 2237 Θεὸς

300 2265 512 2329 τέλειος
541 2267 783 2342 γένηται.
818 2265 991 2328 οὕτως
1023 2263 1147 2320 οὐδὲ
1174 2267 1234 2321 τὸ
1266 2271 1425 2339 σῶμα
1442 2271 1539 2321 τοῦ
1573 2266 1753 2341 Λόγου
1782 2264 1945 2342 ἔχρῃ-

308 2359 415 2423 ζεν,
450 2353 542 2408 ’ίνα
569 2353 777 2415 τέλειος
819 2354 908 2408 καὶ
940 2354 1295 2417 ὲνυπόστατος
1354 2357 1635 2430 ἄνθρωπος
1691 2356 1937 2432 γένηται·

308 2440 436 2496 ἀλλ’
467 2441 716 2515 οῦραγίνυ
744 2447 841 2496 τοῦ
892 2449 1155 2517 Σωτῆρος
1186 2440 1443 2515 ἐδεόμεθα
1466 2487 1479 2513 ,
1513 2443 1765 2518 οὐρανίου
1796 2442 1948 2499 ἄλευ-

304 2532 544 2605 θερωτοῦ
577 2572 592 2600 ,
625 2528 894 2609 ἀφαιρέσει
925 2538 1025 2601 τῆς
1058 2530 1443 2607 ὶπιγενομένης
1474 2531 1739 2607 ἁμαρτίας
1769 2576 1789 2606 ,
1827 2534 1948 2588 ἁνα-

302 2623 614 2682 καινοῦντος
674 2621 819 2693 ἡμᾶς
868 2618 927 2675 ἰκ
975 2627 1075 2690 τῆς
1132 2622 1421 2685 κακώσεως
1457 2666 1471 2693 ,
1502 2622 1591 2677 καὶ
1652 2623 1720 2679 τὰ
1747 2620 1948 2692 ταύτης

300 2709 413 2782 (83)
444 2709 805 2788 ἀφαιροῦντος
838 2705 1006 2765 δεινά.

366 2889 421 2943 5.
456 2885 631 2949 Εὐθὺς
687 2887 778 2942 οὗν
810 2886 914 2941 ἀπὸ
969 2887 1226 2962 γενέσεως
1257 2890 1293 2957 ἠ
1325 2888 1579 2959 καινότης
1626 2886 1894 2945 ἐδείκνυτο
1930 2933 1945 2962 ,

298 2975 385 3030 καὶ
416 2976 478 3031 τὸ
532 2975 780 3052 οὐράνιον
812 2980 910 3031 τοῦ
969 2977 1370 3051 γεγεννημένου
1403 2974 1491 3031 διὰ
1521 2980 1615 3048 τῆς
1648 2980 1945 3053 γεννήσεως

300 3063 599 3143 ἐξεφαίνετο
634 3109 647 3134 ,
706 3064 768 3120 o6
840 3063 975 3119 κατὰ
1031 3064 1274 3140 γέννησιν
1358 3066 1644 3141 ἀνθρώπου
1710 3067 1944 3123 παλαιοῦ

300 3152 349 3223 ἐξ
434 3150 631 3230 άνδφὸς
687 3152 778 3207 καὶ
834 3152 1084 3229 γυναικὸς
1146 3152 1262 3229 εἶχε
1345 3155 1445 3223 τήν
1505 3154 1792 3229 γέννησιν.
1848 3155 1943 3209 Καὶ

298 3243 400 3317 γὰρ
482 3239 742 3297 ἀδύνατον
817 3242 939 3297 ἄνευ
1027 3240 1218 3315 ἀνδρὸς
1283 3245 1478 3311 κυῆσαι
1532 3249 1801 3319 γυναῖκα,
1859 3215 2017 3299 (hic

295 3333 396 3399 τὴν
457 3329 637 3385 οὐσίαν
686 3334 796 3385 τῶν
850 3329 1201 3407 γεννωμένων
1254 3330 1306 3385 ἰν
1363 3336 1480 3394 τοῖς
1528 3331 1760 3407 πατράσι
1789 3353 1944 3388 κατε-

298 3414 498 3474 ϐάλετο
580 3419 613 3473 ἀ
695 3418 821 3482 Θεός
868 3439 881 3452 ’
971 3420 1045 3482 ὡς
1120 3418 1207 3474 καὶ
1288 3419 1380 3474 τὸν
1462 3418 1591 3475 Acut
1673 3442 1832 3499 φησιν
1905 3423 1940 3492 ἡ

296 3508 481 3584 Γραφὴ
537 3505 587 3563 ἐν
649 3507 718 3583 τῇ
780 3507 942 3587 ὀσφύῖ
996 3513 1095 3564 τοῦ
1178 3508 1388 3584 ΙΙατρὸς
1455 3508 1589 3564 εἶναι
1646 3505 1894 3585 Ἀϐραάμ
1926 3556 1939 3569 .

294 3596 357 3654 Ὁ
418 3593 475 3650 δὲ
531 3597 828 3672 Λυτρωτῆς
903 3596 965 3652 o6
1021 3601 1117 3652 τοῦ
1176 3595 1353 3670 ’Δδὰμ
1407 3597 1469 3654 τὸ
1527 3598 1658 3653 εἶναι
1720 3596 1940 3674 λαϐὼν,

294 3682 423 3739 ἁλλ’
483 3684 542 3740 ἐκ
597 3690 694 3741 τοῦ
727 3682 905 3759 Ἀδὰμ
939 3686 1000 3740 τὸ
1058 3692 1253 3762 σχῆμα
1297 3683 1613 3755 προλαϐὼν,
1648 3690 1749 3757 τήν
1772 3691 1942 3765 σάρκα

296 3772 447 3848 λέγω
503 3774 603 3843 τήν
667 3775 802 3847 μετὰ
857 3765 1042 3850 ψυχῆς
1098 3774 1435 3850 ἀνθρωπίνης
1470 3818 1484 3843 ,
1542 3777 1629 3831 καὶ
1687 3777 1939 3853 γενόμε-

292 3883 387 3924 νος
447 3860 729 3933 ἅνθρωπος
786 3862 922 3918 κατὰ
965 3863 1027 3918 τὸ
1086 3863 1276 3936 ὁρατὸν
1313 3908 1327 3933 ,
1386 3863 1662 3942 εἷ’σήγαγεν
1717 3866 1794 3928 εἷς
1848 3866 1942 3922 τὸν

289 3950 499 4025 κόσμον
531 3953 629 4021 τὴν
662 3951 956 4023 καινότητα
1003 3953 1138 4008 κατὰ
1192 3953 1255 4008 τὸ
1287 3952 1534 4029 ἀόρατον·
1591 3955 1705 4009 καθ’
1735 3958 1800 4024 ἧς
1834 3956 1940 4033 οὐχ

290 4040 421 4116 ὅρος
483 4040 732 4111 θανάτου,
767 4041 831 4096 o6
862 4041 1111 4116 τυραννὶς
1174 4037 1457 4115 διαϐόλου,
1491 4041 1635 4099 ἀλλά
1680 4044 1939 4100 κοινωνία

292 4129 393 4204 μὶν
451 4134 548 4184 τοῦ
582 4129 760 4205 Λόγου
818 4130 953 4206 πρὸς
1011 4132 1138 4193 τοὺς
1182 4131 1410 4202 θνητοὺς
1469 4131 1557 4187 καὶ
1612 4134 1939 4208 τυρανουμέ-

286 4240 440 4288 νους,
476 4217 707 4298 διαφορᾶ
753 4218 809 4275 δὲ
840 4218 1028 4289 πολλή
1078 4222 1213 4276 κατὰ
1240 4222 1302 4276 τὸ
1354 4223 1611 4276 ἀθάνατον
1649 4266 1661 4292 ,
1712 4224 1846 4278 κατᾶ
1874 4225 1936 4279 τὸ

285 4306 572 4382 ἐλεύθερον
635 4310 723 4363 καὶ
773 4308 1134 4386 ἁτυράννητον
1170 4353 1182 4366 ,
1218 4308 1515 4381 Ἐθαύμαζε
1544 4310 1632 4363 καὶ
1663 4312 1697 4379 ἡ
1733 4313 1936 4386 Παρθέ-

282 4418 382 4459 νος
460 4396 641 4470 Μαρία
698 4400 811 4469 (84)
893 4395 1336 4471 εὐαγγελισθιῖσα
1388 4398 1488 4465 τὴν
1544 4396 1789 4471 γέννησιν
1838 4405 1935 4454 τοῦ

282 4492 553 4560 Σωτῆρος
608 4488 708 4555 τήν
737 4486 787 4559 ἐξ
846 4486 1035 4555 αὐτῆς.
1069 4510 1097 4538 ‹‹
1129 4488 1256 4548 ΙΙῶς
1289 4486 1391 4561 γὰρ
1450 4482 1593 4541 ἔσται
1627 4508 1720 4559 μοι
1748 4493 1930 4563 τοῦτο,

2048 569 2327 638 postasin,
2360 575 2418 625 et
2446 586 2623 626 unam
2659 587 2965 643 personam
2993 589 3007 628 :
3041 589 3157 628 non
3210 578 3271 629 ut
3299 574 3691 645 complemen-

2046 662 2169 711 tum
2203 657 2586 730 hypostaseos
2629 676 2841 731 corpus
2887 662 3195 730 efﬁciatur,
3237 662 3481 735 impium
3537 664 3693 721 enim

2046 745 2191 800 illud
2242 752 2366 803 est:
2430 750 2905 819 quandoquidem
2959 749 3233 806 divinitas
3292 753 3544 820 perfecta
3581 758 3693 820 est,

2047 851 2162 889 non
2194 852 2372 907 capax
2402 837 2858 903 imminutionis,
2892 839 3159 911 simplex,
3211 839 3546 914 singularis,
3580 858 3692 897 non

2045 924 2391 995 composita,
2437 926 2495 979 in
2548 943 2723 997 quam
2774 927 3100 983 differentia
3146 930 3546 985 membrorum
3579 947 3694 986 non

2047 1012 2203 1066 cadit
2233 1030 2423 1083 neque
2446 1032 2662 1082 rerum,
2689 1032 2898 1087 nempe
2928 1017 3212 1089 corporis,
3243 1025 3298 1074 et
3330 1019 3692 1092 incorporei:

2046 1117 2180 1155 nam
2226 1100 2482 1157 Verbum
2534 1105 2856 1175 perfectum
2897 1113 2952 1160 et
3001 1108 3239 1162 omnino
3285 1108 3695 1180 incorporeum

2046 1194 2153 1243 est.
2189 1189 2388 1261 Neque
2418 1191 2573 1246 enim
2610 1197 2758 1248 Deus
2800 1194 2988 1249 factus
3020 1200 3128 1263 est,
3163 1198 3397 1267 quando
3426 1197 3699 1255 incarna—

2046 1282 2143 1333 tus
2174 1284 2282 1344 est,
2315 1297 2501 1351 neque
2551 1281 2731 1337 Filius
2786 1284 2903 1348 Dei,
2954 1286 3189 1354 quando
3240 1302 3453 1357 corpus
3482 1286 3698 1344 buma-

2047 1384 2190 1423 num
2222 1370 2476 1440 accepit:
2513 1387 2698 1442 neque
2727 1372 3011 1427 Dominus
3032 1374 3250 1445 gloriae,
3285 1378 3520 1447 quando
3550 1376 3698 1433 servi

2049 1456 2295 1512 formam
2329 1460 2615 1530 gestavit:
2642 1461 2743 1515 sed
2767 1461 2940 1517 homo
2973 1466 3028 1517 et
3050 1463 3204 1518 filius
3236 1464 3495 1521 hominis
3516 1465 3700 1523 Filius

2052 1546 2147 1600 Dei
2181 1552 2289 1615 est,
2309 1551 2366 1601 et
2388 1563 2593 1604 servus
2623 1551 2945 1606 secundum
2974 1551 3220 1607 formam
3244 1555 3458 1626 est,qui
3486 1559 3700 1613 natura

2049 1634 2334 1690 Dominus
2382 1641 2491 1693 est.
2541 1637 2665 1693 Non
2713 1639 2910 1710 itaque
2959 1656 3169 1712 corpus
3209 1642 3699 1714 complementum

2051 1722 2270 1779 factum
2303 1731 2389 1780 est
2436 1726 2641 1781 divinae
2683 1727 3100 1800 hypostaseos;
3135 1732 3236 1786 sed
3279 1732 3377 1802 qui
3413 1748 3542 1788 vere
3572 1751 3699 1805 per-

2051 1812 2235 1867 fectus
2262 1820 2373 1885 est,
2406 1815 2811 1887 imperfectum
2852 1819 3109 1889 perfecit,
3142 1825 3198 1875 et
3227 1820 3327 1891 qui
3360 1821 3580 1879 nullius
3610 1822 3701 1879 in-

2053 1902 2307 1974 digebat,
2334 1919 2467 1958 cum
2488 1920 2662 1960 carne
2682 1904 3259 1978 indigentejunctus,
3293 1914 3347 1963 et
3364 1909 3706 1980 unitusest;

2055 1990 2155 2062 qui
2188 1992 2347 2047 nullo
2379 2010 2527 2065 opus
2561 1994 2832 2063 habebat,
2866 2012 3013 2068 opus
3048 1998 3283 2053 habenti
3315 2000 3541 2072 corpori
3573 2017 3704 2058 sese

2054 2080 2508 2137 dedidit.Nullus
2538 2084 2755 2154 quippe
2785 2084 3091 2140 hominum
3123 2087 3223 2158 qui
3248 2092 3397 2143 recte
3419 2090 3707 2159 sentiant,

2055 2174 2157 2224 aut
2188 2169 2285 2241 qui
2335 2171 2586 2242 denique
2636 2173 2827 2227 sobrie
2877 2189 3068 2244 agere,
3100 2192 3166 2229 ac
3214 2175 3538 2247 intelligere
3572 2195 3705 2251 pos-

2055 2259 2193 2326 sint,
2243 2260 2488 2321 dixerit:
2543 2262 2615 2317 Ut
2658 2263 2937 2333 Verbum,
2989 2266 3308 2336 perfectum
3356 2284 3490 2323 cum
3521 2271 3618 2341 sit,
3649 2274 3709 2326 et

2056 2348 2401 2421 hypostasin
2450 2351 2681 2424 habeat,
2724 2371 2896 2410 carne
2947 2373 3061 2411 non
3113 2356 3414 2429 indigebat
3459 2363 3523 2415 ut
3552 2364 3706 2417 Deus

2056 2439 2347 2510 perfectus
2379 2442 2577 2509 ﬁeret;
2630 2443 2715 2497 sic
2765 2460 2952 2514 neque
3001 2462 3213 2516 corpus
3259 2449 3446 2503 Verbo
3475 2448 3708 2522 indige-

2056 2527 2174 2594 bat,
2212 2533 2272 2583 ut
2304 2530 2613 2599 perfectus,
2647 2537 2703 2585 et
2731 2532 2789 2586 in
2835 2533 3135 2605 hypostasi
3168 2535 3341 2591 homo
3374 2536 3557 2593 fieret.
3590 2537 3704 2594 Sed

2058 2615 2273 2672 cmlesti
2306 2618 2600 2675 Salvatore
2649 2621 3079 2692 indigebamus,
3113 2623 3331 2679 cmlesti
3377 2624 3707 2694 liberatore,

2056 2704 2155 2775 qui
2173 2706 2389 2776 peccati
2408 2707 2723 2763 abolitione
2744 2725 2812 2764 ex
2836 2710 3052 2765 nostris
3072 2727 3176 2766 nos
3193 2712 3447 2768 miseriis
3474 2729 3712 2770 renova-

2058 2797 2162 2855 ret,
2194 2793 2671 2867 calamitatesque
2703 2798 2838 2852 inde
2867 2800 3152 2868 profectas
3185 2801 3456 2856 auferret.

2124 2882 2178 2934 5.
2236 2882 2443 2937 Statim
2500 2885 2678 2956 igitur
2736 2886 2807 2939 ab
2886 2888 3014 2957 ipsa
3091 2888 3408 2960 nativitate,
3477 2890 3707 2948 novitas

2056 2970 2347 3041 apparuit,
2408 2988 2473 3026 ac
2547 2972 2799 3029 ccslestis
2856 2980 3066 3031 natura
3132 2978 3260 3048 ejus
3318 2980 3418 3049 qui
3474 2980 3707 3049 genitus

2055 3061 2196 3123 erat,
2258 3076 2359 3130 per
2414 3062 2774 3117 nativitatem
2835 3066 2961 3135 ejus
3011 3070 3247 3121 ostensa
3302 3074 3425 3123 est:
3489 3069 3706 3141 quippe

2057 3147 2155 3217 qui
2189 3165 2301 3202 non
2335 3152 2659 3205 secundum
2694 3153 2919 3224 antiqui
2948 3152 3209 3210 hominis
3241 3172 3309 3210 ex
3337 3155 3459 3212 viro
3491 3161 3548 3212 et
3574 3174 3703 3213 mu-

2057 3234 2195 3291 liere
2226 3238 2683 3308 generationem,
2712 3246 2884 3296 natus
2917 3242 3011 3298 sit.
3036 3243 3407 3315 lmpossibile
3430 3244 3585 3301 enim
3618 3251 3710 3301 est

2053 3326 2271 3395 absque
2300 3325 2405 3381 viri
2452 3344 2627 3399 opera
2674 3329 2977 3385 mulierem
3027 3333 3323 3403 gravidam
3371 3350 3521 3402 esse,
3564 3335 3706 3406 quia

2055 3416 2417 3472 nascentium
2494 3420 2883 3476 substantiam
2952 3421 3011 3476 in
3089 3422 3353 3494 ipsorum
3437 3423 3700 3496 patribus

2052 3505 2205 3561 Deus
2235 3507 2560 3575 constituit,
2588 3510 3086 3581 quemadmodum
3118 3517 3176 3568 et
3205 3512 3527 3584 Scriptura,
3565 3513 3700 3569 Levi

2053 3596 2146 3648 41
2193 3595 2250 3649 in
2300 3596 2481 3666 patris
2534 3600 2626 3651 sui
2685 3598 2929 3653 Abrahaz
2972 3599 3190 3656 lumbis
3247 3602 3428 3657 fuisse
3478 3608 3701 3659 narrat.

2052 3682 2403 3755 Redemptor
2431 3689 2648 3753 autem,
2685 3703 2799 3742 non
2848 3689 3052 3743 Adami
3081 3706 3209 3745 esse
3241 3707 3565 3758 assumens,
3597 3692 3699 3747 sed

2050 3789 2119 3827 ex
2149 3773 2372 3830 Adamo
2425 3773 2673 3829 formam
2723 3775 3038 3847 accipiens,
3100 3794 3335 3833 carnem
3386 3779 3514 3833 dico
3564 3796 3698 3835 cum

2050 3863 2246 3916 anima
2274 3861 2553 3929 humana,
2587 3868 2643 3918 et
2673 3864 2859 3918 factus
2902 3863 3075 3919 homo
3118 3865 3447 3937 visibiliter,
3482 3868 3701 3923 novita-

2050 3954 2168 4004 tem
2200 3950 2258 4005 in
2313 3952 2597 4006 mundum
2658 3951 3034 4007 invisibiliter
3089 3954 3449 4010 introduxit:
3498 3961 3702 4012 contra

2049 4056 2224 4110 quam
2258 4057 2372 4094 non
2408 4040 2613 4094 mortis
2652 4040 2974 4104 decretum,
3032 4058 3136 4096 nec
3186 4042 3402 4098 diaboli
3434 4046 3699 4117 tyrannis

2048 4126 2340 4198 praevalet,
2373 4128 2475 4182 sed
2508 4129 2672 4183 adest
2701 4129 3034 4184 communio
3057 4129 3231 4186 Verbi
3265 4148 3398 4187 cum
3432 4134 3700 4190 mortali-

2050 4217 2159 4270 bus
2185 4222 2242 4269 et
2280 4218 2577 4287 tyrannica
2624 4217 2953 4287 oppressis;
3009 4218 3332 4291 ingensque
3381 4221 3699 4278 discrimen

2047 4305 2119 4359 ob
2153 4305 2230 4358 im
2242 4304 2677 4370 mortalitatem,
2700 4306 3113 4377 libertatem,et
3134 4327 3163 4361 ιι
3187 4310 3495 4382 tyrannide
3514 4329 3707 4369 exem.

2047 4394 2326 4464 ptionem,
2379 4394 2555 4449 rebus
2605 4394 2880 4450 humanis
2928 4395 3159 4453 illatum
3218 4403 3325 4454 est.
3361 4404 3492 4471 Ipsa
3521 4400 3700 4475 Virgo

2047 4482 2229 4537 Maria
2260 4482 2549 4538 admirata
2578 4488 2686 4550 est,
2723 4485 2957 4555 quando
2996 4502 3064 4540 ex
3101 4503 3163 4542 se
3195 4488 3403 4543 futurae
3434 4488 3697 4547 Salvato-

281 4574 475 4651 φησὶν,
534 4573 646 4628 ἐπεὶ
705 4570 869 4645 ἄνδρα
934 4572 996 4627 οὐ
1054 4575 1307 4648 γινώσκω
1340 4593 1354 4643 ;
1388 4574 1826 4652 »Εὐηγγελίσθη
1882 4573 1938 4633 δὲ

2052 4570 2129 4626 ris
2161 4570 2483 4627 nativitatis
2540 4572 2811 4627 nuntium
2873 4575 3116 4645 accepit.
3169 4598 3197 4625 «
3257 4576 3557 4640 Quomodo
3600 4579 3701 4636 fiet

281 4660 433 4728 θείαν
468 4661 651 4716 οὗσίαν
710 4666 806 4716 τοῦ
867 4661 1213 4737 γεννηθέντος
1261 4661 1311 4733 ἐξ
1351 4662 1517 4732 αὐτῆς
1550 4665 1664 4738 (85)
1694 4664 1746 4719 ἐν
1799 4686 1931 4741 μορ-

279 4752 455 4831 φώσει
503 4750 748 4825 σαρκίνῃ.
781 4750 877 4805 Καὶ
912 4751 978 4820 ἦν
1022 4750 1269 4821 οὐράνιον
1300 4751 1362 4806 τὸ
1393 4748 1589 4827 δῶρον,
1622 4752 1710 4807 καὶ
1742 4756 1933 4828 γήϊνον

275 4841 343 4896 τὸ
382 4839 695 4915 βλάστημα⁶
760 4840 827 4910 ἦν
889 4838 1297 4914 εἷρηνοποίησις
1355 4847 1453 4909 τῆς
1509 4841 1758 4915 γῆς,καὶ
1796 4843 1931 4918 πρὸς

278 4926 549 5000 οὐρανοὺς
583 4928 865 5001 ὁμοίωσις,
897 4931 1031 4986 κατᾶ
1061 4931 1157 4999 τὴν
1188 4934 1296 4984 τῶν
1329 4928 1579 5005 ἀγγέλων
1616 4931 1788 5005 χαρὰν
1822 4936 1929 4985 τῶν

281 5016 569 5094 βοώντων·
605 5039 633 5066 ‹‹
662 5016 800 5086 Δόξα
832 5016 881 5070 ἐν
918 5016 1163 5091 ὑψίστοις
1193 5021 1329 5089 Θεῷ,
1357 5017 1445 5072 καὶ
1479 5017 1567 5072 ἐπὶ
1598 5024 1703 5093 γῆς
1737 5018 1925 5093 εἰρήνη

348 5160 398 5196 ⁸⁸
431 5158 569 5214 Luc.
602 5174 645 5227 ι,
675 5158 765 5213 34.

500 5306 637 5387 μίαν
671 5307 850 5387 φύσιν,
884 5309 1059 5366 Basil.

346 5381 464 5455 (8i)
505 5383 592 5456 ita
621 5381 827 5456 omnes
884 5383 1291 5456 gnanuscripti.
1353 5384 1501 5440 Editi
1556 5401 1713 5456 vero,
1771 5381 1824 5437 εἶ’
1875 5404 1935 5439 τε

274 5448 583 5526 σώμαέῗή,
616 5450 762 5526 εἷἠτε
792 5450 1072 5526 ἀσώματα,
1109 5448 1405 5526 mendose.

305 5522 465 5651 ά(’82)
490 5522 695 5593 Basil.,
714 5522 970 5592 Gobler.,
993 5526 1259 5597 Seguer.,
1291 5522 1623 5599 δυναμένων.
1649 5526 1825 5594 Editi,
1849 5522 1937 5581 δυ-

347 5615 534 5651 μενος.

271 5615 340 5652 να
346 5616 444 5670 μεν
452 5615 534 5670 οςέ

348 5664 463 5743 (83)
497 5666 591 5725 Sic
621 5664 877 5738 Gcbler.,
902 5666 1052 5726 Felc.
1084 5683 1125 5739 ι,
1150 5668 1391 5743 Seguer,
1415 5673 1483 5726 In
1511 5666 1754 5744 reliquis
1780 5668 1851 5725 τὰ
1877 5666 1938 5725 ἑκ

2047 4660 2189 4715 mihi
2215 4660 2392 4729 istud,
2411 4682 2438 4709 ››
2453 4660 2553 4731 ait,
2583 4683 2603 4709 ι
2627 4662 2903 4733 quoniam
2922 4664 3110 4717 virum
3126 4680 3240 4718 non
3264 4681 3551 4737 cognosco
3570 4667 3652 4723 "tl
3668 4690 3697 4718 »

2045 4748 2321 4804 Nuntiata
2350 4754 2543 4804 autem
2573 4749 2657 4804 illi
2689 4755 2778 4805 est
2809 4750 3002 4805 divina
3029 4752 3282 4807 essentia
3314 4756 3464 4825 ejus,
3497 4756 3597 4826 qui
3628 4772 3699 4813 ex

2044 4839 2174 4910 ipsa
2201 4838 2313 4893 sub
2342 4837 2561 4893 carnali
2611 4840 2796 4893 forma
2845 4844 3020 4894 natus
3050 4843 3157 4894 est.
3195 4841 3445 4913 Eratque
3474 4843 3695 4900 donum

2044 4927 2294 4992 caeleste,
2326 4943 2681 4999 germenque
2703 4932 2998 4982 terrenum
3030 4944 3042 4983 :
3070 4945 3180 4999 pax
3207 4934 3376 4985 terrm
3422 4932 3692 4989 concilia-

2044 5019 2235 5084 batur,
2265 5032 2331 5071 ac
2362 5016 2690 5070 similitudo
2722 5017 2987 5086 quaedam
3019 5017 3148 5088 ejus
3193 5034 3325 5073 cum
3357 5018 3518 5076 cmlis
3548 5027 3697 5093 erat,

2038 5309 2241 5385 ταύτης
2272 5310 2436 5365 deest
2460 5309 2598 5365 utin
2621 5310 2814 5366 editis.
2846 5311 2976 5368 Mox
2994 5312 3347 5384 Goblerian.,
3371 5314 3623 5372 Felckm.
3648 5332 3689 5385 ι,

2041 5384 2366 5458 γεννήσεως.

2115 5456 2225 5528 (84)
2253 5451 2659 5528 Deguerianus,
2695 5451 2966 5528 llapeévoc
2998 5452 3280 5528 Θεοτόκος.

2115 5526 2228 5595 (85)
2261 5525 2321 5580 In
2338 5523 2856 5603 ’_edit_is_mendOSe,
2892 5524 2942 5594 ἐξ
2973 5524 3159 5595 αὐτοῦ,
3196 5526 3395 5600 Basil.,
3433 5525 3688 5603 Gobler.,

2044 5593 2306 5671 segnem,
2340 5593 2390 5666 ἐξ
2418 5593 2608 5664 αὐτῆς.

4042 2008 4047 2031 4

4046 2388 4047 2415 χ

4046 2432 4047 2467 γ

3960 5688 4047 5739 Ii

4045 850 4047 921 4

4046 930 4047 1009 l

4046 1018 4047 1053 ι

4046 1060 4047 1115 l

4046 1126 4047 1193 ί

4045 1216 4047 1305 l

4045 1364 4047 1411 ί

4045 5250 4047 5349 φ

3962 5748 3973 5759 υ
4028 5758 4031 5759 ,

3642 5924 3699 5955 ηπῗ

3610 6086 3621 6099 4
