  <div class='ocr_page' id='page_1' title='image "/cluster/home/n/w/nwhite01/storage/ocr_20150623/28/hvd.32044052794351/071.png"; bbox 0 0 4126 6218; ppageno 0'>
   <div class='ocr_carea' id='block_1_1' title="bbox 416 345 527 406">
    <p class='ocr_par' dir='ltr' id='par_1_1' title="bbox 416 345 527 406">
     <span class='ocr_line' id='line_1_1' title="bbox 416 345 527 406; baseline -0.018 0"><span class='ocrx_word' id='word_1_1' title='bbox 416 345 527 406; x_wconf 74' lang='grc'><strong>131</strong></span> 
     </span>
    </p>
   </div>
   <div class='ocr_carea' id='block_1_2' title="bbox 1617 331 2656 398">
    <p class='ocr_par' dir='ltr' id='par_1_2' title="bbox 1617 331 2656 398">
     <span class='ocr_line' id='line_1_2' title="bbox 1617 331 2656 398; baseline -0.006 0"><span class='ocrx_word' id='word_1_2' title='bbox 1617 337 1681 398; x_wconf 93' lang='lat' dir='ltr'>S.</span> <span class='ocrx_word' id='word_1_3' title='bbox 1730 333 2259 397; x_wconf 81' lang='lat' dir='ltr'>ATHANASIUS.</span> <span class='ocrx_word' id='word_1_4' title='bbox 2285 364 2363 377; x_wconf 91' lang='lat'><strong><em>—</em></strong></span> <span class='ocrx_word' id='word_1_5' title='bbox 2391 331 2656 394; x_wconf 86' lang='lat' dir='ltr'>DUBlA.</span> 
     </span>
    </p>
   </div>
   <div class='ocr_carea' id='block_1_3' title="bbox 3644 306 3830 401">
    <p class='ocr_par' dir='ltr' id='par_1_3' title="bbox 3644 306 3830 401">
     <span class='ocr_line' id='line_1_3' title="bbox 3644 306 3830 401; baseline 0.016 -3"><span class='ocrx_word' id='word_1_6' title='bbox 3644 306 3651 313; x_wconf 70' lang='grc'><em>’</em></span> <span class='ocrx_word' id='word_1_7' title='bbox 3711 338 3830 401; x_wconf 70' lang='grc'>132</span> 
     </span>
    </p>
   </div>
   <div class='ocr_carea' id='block_1_4' title="bbox 420 462 2068 547">
    <p class='ocr_par' dir='ltr' id='par_1_4' title="bbox 420 468 2065 547">
     <span class='ocr_line' id='line_1_4' title="bbox 420 468 2065 547; baseline -0.007 -16"><span class='ocrx_word' id='word_1_8' title='bbox 420 481 485 532; x_wconf 87' lang='lat' dir='ltr'>ut</span> <span class='ocrx_word' id='word_1_9' title='bbox 517 492 628 547; x_wconf 65' lang='lat' dir='ltr'>pra:</span> <span class='ocrx_word' id='word_1_10' title='bbox 657 491 717 530; x_wconf 91' lang='lat' dir='ltr'>se</span> <span class='ocrx_word' id='word_1_11' title='bbox 748 473 967 527; x_wconf 86' lang='lat' dir='ltr'>ferebat</span> <span class='ocrx_word' id='word_1_12' title='bbox 1005 468 1344 543; x_wconf 79' lang='lat' dir='ltr'>angelorum</span> <span class='ocrx_word' id='word_1_13' title='bbox 1375 468 1656 541; x_wconf 80' lang='lat' dir='ltr'>gaudium</span> <span class='ocrx_word' id='word_1_14' title='bbox 1708 468 2065 522; x_wconf 85' lang='lat' dir='ltr'>dicentium:</span> 
     </span>
    </p>
   </div>
   <div class='ocr_carea' id='block_1_5' title="bbox 2182 462 3823 547">
    <p class='ocr_par' dir='ltr' id='par_1_5' title="bbox 2185 462 3823 542">
     <span class='ocr_line' id='line_1_5' title="bbox 2185 462 3823 542; baseline 0.002 -26"><span class='ocrx_word' id='word_1_15' title='bbox 2185 464 2513 537; x_wconf 75' lang='grc' dir='ltr'>ἀνθρὼποις’</span> <span class='ocrx_word' id='word_1_16' title='bbox 2550 486 2576 513; x_wconf 87' lang='grc'><strong>››</strong></span> <span class='ocrx_word' id='word_1_17' title='bbox 2611 462 2906 538; x_wconf 69' lang='grc' dir='ltr'>Χαίροντές</span> <span class='ocrx_word' id='word_1_18' title='bbox 2963 465 3054 519; x_wconf 80' lang='grc' dir='ltr'>οὖν</span> <span class='ocrx_word' id='word_1_19' title='bbox 3114 464 3200 519; x_wconf 80' lang='grc' dir='ltr'>ἐπὶ</span> <span class='ocrx_word' id='word_1_20' title='bbox 3256 468 3327 537; x_wconf 76' lang='grc' dir='ltr'>τῇ</span> <span class='ocrx_word' id='word_1_21' title='bbox 3370 472 3600 542; x_wconf 75' lang='grc' dir='ltr'>Χριστοῦ</span> <span class='ocrx_word' id='word_1_22' title='bbox 3629 471 3823 542; x_wconf 68' lang='grc' dir='ltr'>γεννή-</span> 
     </span>
    </p>
   </div>
   <div class='ocr_carea' id='block_1_6' title="bbox 418 555 2071 629">
    <p class='ocr_par' dir='ltr' id='par_1_6' title="bbox 418 555 2071 629">
     <span class='ocr_line' id='line_1_6' title="bbox 418 555 2071 629; baseline -0.004 -14"><span class='ocrx_word' id='word_1_23' title='bbox 418 589 447 615; x_wconf 86' lang='grc'>‹‹</span> <span class='ocrx_word' id='word_1_24' title='bbox 476 564 671 620; x_wconf 85' lang='lat' dir='ltr'>Gloria</span> <span class='ocrx_word' id='word_1_25' title='bbox 699 562 756 616; x_wconf 90' lang='lat' dir='ltr'>in</span> <span class='ocrx_word' id='word_1_26' title='bbox 806 560 1050 616; x_wconf 80' lang='lat' dir='ltr'>excelsis</span> <span class='ocrx_word' id='word_1_27' title='bbox 1098 564 1232 626; x_wconf 89' lang='lat' dir='ltr'>Deo,</span> <span class='ocrx_word' id='word_1_28' title='bbox 1266 563 1319 613; x_wconf 89' lang='lat' dir='ltr'>et</span> <span class='ocrx_word' id='word_1_29' title='bbox 1350 558 1408 612; x_wconf 91' lang='lat' dir='ltr'>in</span> <span class='ocrx_word' id='word_1_30' title='bbox 1454 564 1609 613; x_wconf 90' lang='lat' dir='ltr'>terra</span> <span class='ocrx_word' id='word_1_31' title='bbox 1657 574 1766 629; x_wconf 85' lang='lat' dir='ltr'>pax</span> <span class='ocrx_word' id='word_1_32' title='bbox 1813 555 2071 610; x_wconf 89' lang='lat' dir='ltr'>homini-</span> 
     </span>
    </p>
   </div>
   <div class='ocr_carea' id='block_1_7' title="bbox 418 646 2070 721">
    <p class='ocr_par' dir='ltr' id='par_1_7' title="bbox 418 646 2070 721">
     <span class='ocr_line' id='line_1_7' title="bbox 418 646 2070 721; baseline -0.007 -12"><span class='ocrx_word' id='word_1_33' title='bbox 418 656 550 709; x_wconf 93' lang='lat' dir='ltr'>bus.</span> <span class='ocrx_word' id='word_1_34' title='bbox 582 653 626 686; x_wconf 78' lang='grc'>⁸⁸</span> <span class='ocrx_word' id='word_1_35' title='bbox 657 675 685 703; x_wconf 88' lang='grc'><strong>››</strong></span> <span class='ocrx_word' id='word_1_36' title='bbox 718 651 1049 706; x_wconf 87' lang='lat' dir='ltr'>Gaudentes</span> <span class='ocrx_word' id='word_1_37' title='bbox 1075 649 1255 721; x_wconf 77' lang='lat' dir='ltr'>igitur</span> <span class='ocrx_word' id='word_1_38' title='bbox 1279 648 1333 701; x_wconf 92' lang='lat' dir='ltr'>in</span> <span class='ocrx_word' id='word_1_39' title='bbox 1367 647 1581 701; x_wconf 79' lang='lat' dir='ltr'>Christi</span> <span class='ocrx_word' id='word_1_40' title='bbox 1615 646 2070 709; x_wconf 86' lang='lat' dir='ltr'>nativitate,non</span> 
     </span>
    </p>
   </div>
   <div class='ocr_carea' id='block_1_8' title="bbox 417 732 2069 811">
    <p class='ocr_par' dir='ltr' id='par_1_8' title="bbox 417 732 2069 811">
     <span class='ocr_line' id='line_1_8' title="bbox 417 732 2069 811; baseline -0.007 -14"><span class='ocrx_word' id='word_1_41' title='bbox 417 742 678 796; x_wconf 89' lang='lat' dir='ltr'>humano</span> <span class='ocrx_word' id='word_1_42' title='bbox 707 738 941 811; x_wconf 89' lang='lat' dir='ltr'>gaudio,</span> <span class='ocrx_word' id='word_1_43' title='bbox 985 736 1155 809; x_wconf 85' lang='lat' dir='ltr'>quale</span> <span class='ocrx_word' id='word_1_44' title='bbox 1198 741 1285 791; x_wconf 84' lang='lat' dir='ltr'>est</span> <span class='ocrx_word' id='word_1_45' title='bbox 1315 736 1595 807; x_wconf 77' lang='lat' dir='ltr'>gaudium</span> <span class='ocrx_word' id='word_1_46' title='bbox 1646 735 1974 801; x_wconf 87' lang='lat' dir='ltr'>hominum,</span> <span class='ocrx_word' id='word_1_47' title='bbox 2010 732 2069 787; x_wconf 90' lang='lat' dir='ltr'>in</span> 
     </span>
    </p>
   </div>
   <div class='ocr_carea' id='block_1_9' title="bbox 420 820 2068 899">
    <p class='ocr_par' dir='ltr' id='par_1_9' title="bbox 420 820 2068 899">
     <span class='ocr_line' id='line_1_9' title="bbox 420 820 2068 899; baseline -0.005 -15"><span class='ocrx_word' id='word_1_48' title='bbox 420 830 722 885; x_wconf 88' lang='lat' dir='ltr'>nativitate</span> <span class='ocrx_word' id='word_1_49' title='bbox 756 827 917 899; x_wconf 91' lang='lat' dir='ltr'>pueri</span> <span class='ocrx_word' id='word_1_50' title='bbox 968 825 1323 896; x_wconf 87' lang='lat' dir='ltr'>cujuspiam,</span> <span class='ocrx_word' id='word_1_51' title='bbox 1355 823 1455 878; x_wconf 89' lang='lat' dir='ltr'>ubi</span> <span class='ocrx_word' id='word_1_52' title='bbox 1503 830 1559 879; x_wconf 81' lang='lat' dir='ltr'>et</span> <span class='ocrx_word' id='word_1_53' title='bbox 1606 822 1887 878; x_wconf 83' lang='lat' dir='ltr'>natalium</span> <span class='ocrx_word' id='word_1_54' title='bbox 1921 820 2068 876; x_wconf 88' lang='lat' dir='ltr'>cele-</span> 
     </span>
    </p>
   </div>
   <div class='ocr_carea' id='block_1_10' title="bbox 418 912 2068 988">
    <p class='ocr_par' dir='ltr' id='par_1_10' title="bbox 418 912 2068 988">
     <span class='ocr_line' id='line_1_10' title="bbox 418 912 2068 988; baseline -0.007 -14"><span class='ocrx_word' id='word_1_55' title='bbox 418 918 692 974; x_wconf 90' lang='lat' dir='ltr'>britatem</span> <span class='ocrx_word' id='word_1_56' title='bbox 718 920 918 988; x_wconf 86' lang='lat' dir='ltr'>agunt.</span> <span class='ocrx_word' id='word_1_57' title='bbox 944 915 1055 971; x_wconf 89' lang='lat' dir='ltr'>Sed</span> <span class='ocrx_word' id='word_1_58' title='bbox 1090 915 1159 969; x_wconf 90' lang='lat' dir='ltr'>de</span> <span class='ocrx_word' id='word_1_59' title='bbox 1177 912 1389 969; x_wconf 84' lang='lat' dir='ltr'>Christi</span> <span class='ocrx_word' id='word_1_60' title='bbox 1412 914 1663 968; x_wconf 89' lang='lat' dir='ltr'>adventu</span> <span class='ocrx_word' id='word_1_61' title='bbox 1683 912 2068 983; x_wconf 82' lang='lat' dir='ltr'>gaudeamus,</span> 
     </span>
    </p>
   </div>
   <div class='ocr_carea' id='block_1_11' title="bbox 416 998 2069 1071">
    <p class='ocr_par' dir='ltr' id='par_1_11' title="bbox 416 998 2069 1071">
     <span class='ocr_line' id='line_1_11' title="bbox 416 998 2069 1071; baseline -0.007 -8"><span class='ocrx_word' id='word_1_62' title='bbox 416 1012 474 1063; x_wconf 93' lang='lat' dir='ltr'>et</span> <span class='ocrx_word' id='word_1_63' title='bbox 504 1008 574 1062; x_wconf 87' lang='lat' dir='ltr'>de</span> <span class='ocrx_word' id='word_1_64' title='bbox 605 1006 812 1061; x_wconf 74' lang='lat' dir='ltr'>divina:</span> <span class='ocrx_word' id='word_1_65' title='bbox 844 1004 992 1060; x_wconf 90' lang='lat' dir='ltr'>lucis</span> <span class='ocrx_word' id='word_1_66' title='bbox 1026 1002 1452 1057; x_wconf 81' lang='lat' dir='ltr'>illustrations:</span> <span class='ocrx_word' id='word_1_67' title='bbox 1501 1017 1615 1056; x_wconf 93' lang='lat' dir='ltr'>non</span> <span class='ocrx_word' id='word_1_68' title='bbox 1645 1000 1795 1071; x_wconf 91' lang='lat' dir='ltr'>quod</span> <span class='ocrx_word' id='word_1_69' title='bbox 1828 998 2069 1070; x_wconf 85' lang='lat' dir='ltr'>captivi-</span> 
     </span>
    </p>
   </div>
   <div class='ocr_carea' id='block_1_12' title="bbox 414 1090 2067 1161">
    <p class='ocr_par' dir='ltr' id='par_1_12' title="bbox 414 1090 2067 1161">
     <span class='ocr_line' id='line_1_12' title="bbox 414 1090 2067 1161; baseline -0.006 -10"><span class='ocrx_word' id='word_1_70' title='bbox 414 1096 556 1153; x_wconf 86' lang='lat' dir='ltr'>tatis</span> <span class='ocrx_word' id='word_1_71' title='bbox 589 1100 916 1151; x_wconf 85' lang='lat' dir='ltr'>consortem</span> <span class='ocrx_word' id='word_1_72' title='bbox 963 1091 1308 1156; x_wconf 87' lang='lat' dir='ltr'>habeamus,</span> <span class='ocrx_word' id='word_1_73' title='bbox 1341 1090 1441 1145; x_wconf 90' lang='lat' dir='ltr'>sed</span> <span class='ocrx_word' id='word_1_74' title='bbox 1476 1091 1943 1161; x_wconf 82' lang='lat' dir='ltr'>Redemptorem,</span> <span class='ocrx_word' id='word_1_75' title='bbox 1979 1104 2067 1141; x_wconf 89' lang='lat' dir='ltr'>se-</span> 
     </span>
    </p>
   </div>
   <div class='ocr_carea' id='block_1_13' title="bbox 416 1177 2069 1254">
    <p class='ocr_par' dir='ltr' id='par_1_13' title="bbox 416 1177 2069 1254">
     <span class='ocr_line' id='line_1_13' title="bbox 416 1177 2069 1254; baseline -0.006 -13"><span class='ocrx_word' id='word_1_76' title='bbox 416 1187 676 1241; x_wconf 89' lang='lat' dir='ltr'>cundum</span> <span class='ocrx_word' id='word_1_77' title='bbox 709 1181 1073 1254; x_wconf 85' lang='lat' dir='ltr'>Apostolum.</span> <span class='ocrx_word' id='word_1_78' title='bbox 1102 1180 1248 1244; x_wconf 87' lang='lat' dir='ltr'>Quid</span> <span class='ocrx_word' id='word_1_79' title='bbox 1273 1187 1466 1234; x_wconf 87' lang='lat' dir='ltr'>autem</span> <span class='ocrx_word' id='word_1_80' title='bbox 1488 1185 1765 1251; x_wconf 62' lang='lat' dir='ltr'>praeterea</span> <span class='ocrx_word' id='word_1_81' title='bbox 1787 1179 1892 1233; x_wconf 90' lang='lat' dir='ltr'>hac</span> <span class='ocrx_word' id='word_1_82' title='bbox 1921 1177 1981 1231; x_wconf 88' lang='lat' dir='ltr'>in</span> <span class='ocrx_word' id='word_1_83' title='bbox 2010 1192 2069 1231; x_wconf 91' lang='lat' dir='ltr'>re</span> 
     </span>
    </p>
   </div>
   <div class='ocr_carea' id='block_1_14' title="bbox 418 1265 2069 1340">
    <p class='ocr_par' dir='ltr' id='par_1_14' title="bbox 418 1265 2069 1340">
     <span class='ocr_line' id='line_1_14' title="bbox 418 1265 2069 1340; baseline -0.007 -9"><span class='ocrx_word' id='word_1_84' title='bbox 418 1274 653 1331; x_wconf 76' lang='lat' dir='ltr'>adluit?</span> <span class='ocrx_word' id='word_1_85' title='bbox 687 1272 908 1337; x_wconf 91' lang='lat' dir='ltr'>Unctio,</span> <span class='ocrx_word' id='word_1_86' title='bbox 942 1288 1058 1340; x_wconf 92' lang='lat' dir='ltr'>qua</span> <span class='ocrx_word' id='word_1_87' title='bbox 1088 1269 1313 1325; x_wconf 87' lang='lat' dir='ltr'>scilicet</span> <span class='ocrx_word' id='word_1_88' title='bbox 1354 1268 1636 1323; x_wconf 83' lang='lat' dir='ltr'>diviniora</span> <span class='ocrx_word' id='word_1_89' title='bbox 1671 1284 1847 1339; x_wconf 92' lang='lat' dir='ltr'>quam</span> <span class='ocrx_word' id='word_1_90' title='bbox 1882 1265 2069 1322; x_wconf 79' lang='lat' dir='ltr'>homi-</span> 
     </span>
    </p>
   </div>
   <div class='ocr_carea' id='block_1_15' title="bbox 418 1356 2070 1429">
    <p class='ocr_par' dir='ltr' id='par_1_15' title="bbox 418 1356 2070 1429">
     <span class='ocr_line' id='line_1_15' title="bbox 418 1356 2070 1429; baseline -0.007 -9"><span class='ocrx_word' id='word_1_91' title='bbox 418 1382 520 1420; x_wconf 88' lang='lat' dir='ltr'>nes</span> <span class='ocrx_word' id='word_1_92' title='bbox 550 1363 719 1418; x_wconf 91' lang='lat' dir='ltr'>modo</span> <span class='ocrx_word' id='word_1_93' title='bbox 746 1366 920 1417; x_wconf 89' lang='lat' dir='ltr'>natus</span> <span class='ocrx_word' id='word_1_94' title='bbox 951 1368 1056 1429; x_wconf 81' lang='lat' dir='ltr'>est,</span> <span class='ocrx_word' id='word_1_95' title='bbox 1090 1358 1524 1413; x_wconf 88' lang='lat' dir='ltr'>divinioreitem</span> <span class='ocrx_word' id='word_1_96' title='bbox 1558 1373 1732 1429; x_wconf 90' lang='lat' dir='ltr'>quam</span> <span class='ocrx_word' id='word_1_97' title='bbox 1763 1373 1867 1411; x_wconf 91' lang='lat' dir='ltr'>nos</span> <span class='ocrx_word' id='word_1_98' title='bbox 1898 1356 2070 1410; x_wconf 89' lang='lat' dir='ltr'>modo</span> 
     </span>
    </p>
   </div>
   <div class='ocr_carea' id='block_1_16' title="bbox 417 1444 2070 1518">
    <p class='ocr_par' dir='ltr' id='par_1_16' title="bbox 417 1444 2070 1518">
     <span class='ocr_line' id='line_1_16' title="bbox 417 1444 2070 1518; baseline -0.007 -9"><span class='ocrx_word' id='word_1_99' title='bbox 417 1455 701 1510; x_wconf 83' lang='lat' dir='ltr'>educatus</span> <span class='ocrx_word' id='word_1_100' title='bbox 737 1456 825 1508; x_wconf 87' lang='lat' dir='ltr'>est</span> <span class='ocrx_word' id='word_1_101' title='bbox 845 1450 1131 1505; x_wconf 87' lang='lat' dir='ltr'>Christus.</span> <span class='ocrx_word' id='word_1_102' title='bbox 1152 1448 1361 1503; x_wconf 88' lang='lat' dir='ltr'>Forma</span> <span class='ocrx_word' id='word_1_103' title='bbox 1380 1447 1577 1518; x_wconf 90' lang='lat' dir='ltr'>itaque</span> <span class='ocrx_word' id='word_1_104' title='bbox 1608 1462 1715 1501; x_wconf 87' lang='lat' dir='ltr'>sua</span> <span class='ocrx_word' id='word_1_105' title='bbox 1745 1444 2070 1500; x_wconf 88' lang='lat' dir='ltr'>secundum</span> 
     </span>
    </p>
   </div>
   <div class='ocr_carea' id='block_1_17' title="bbox 416 1533 2070 1598">
    <p class='ocr_par' dir='ltr' id='par_1_17' title="bbox 416 1533 2070 1598">
     <span class='ocr_line' id='line_1_17' title="bbox 416 1533 2070 1598; baseline -0.007 0"><span class='ocrx_word' id='word_1_106' title='bbox 416 1558 651 1598; x_wconf 88' lang='lat' dir='ltr'>carnem</span> <span class='ocrx_word' id='word_1_107' title='bbox 699 1541 873 1595; x_wconf 88' lang='lat' dir='ltr'>undis</span> <span class='ocrx_word' id='word_1_108' title='bbox 922 1537 1184 1593; x_wconf 89' lang='lat' dir='ltr'>abluitur</span> <span class='ocrx_word' id='word_1_109' title='bbox 1231 1553 1362 1590; x_wconf 89' lang='lat' dir='ltr'>cum</span> <span class='ocrx_word' id='word_1_110' title='bbox 1412 1535 1648 1590; x_wconf 71' lang='lat' dir='ltr'>Judznis.</span> <span class='ocrx_word' id='word_1_111' title='bbox 1682 1536 1933 1589; x_wconf 82' lang='lat' dir='ltr'>Joannes</span> <span class='ocrx_word' id='word_1_112' title='bbox 1965 1533 2070 1587; x_wconf 87' lang='lat' dir='ltr'>ba-</span> 
     </span>
    </p>
   </div>
   <div class='ocr_carea' id='block_1_18' title="bbox 416 1624 2066 1704">
    <p class='ocr_par' dir='ltr' id='par_1_18' title="bbox 416 1624 2066 1704">
     <span class='ocr_line' id='line_1_18' title="bbox 416 1624 2066 1704; baseline -0.007 -18"><span class='ocrx_word' id='word_1_113' title='bbox 416 1632 671 1704; x_wconf 87' lang='lat' dir='ltr'>ptizavit,</span> <span class='ocrx_word' id='word_1_114' title='bbox 705 1630 918 1684; x_wconf 88' lang='lat' dir='ltr'>ﬂuvius</span> <span class='ocrx_word' id='word_1_115' title='bbox 966 1625 1240 1682; x_wconf 89' lang='lat' dir='ltr'>Jordanis</span> <span class='ocrx_word' id='word_1_116' title='bbox 1286 1624 1472 1680; x_wconf 87' lang='lat' dir='ltr'>abluit</span> <span class='ocrx_word' id='word_1_117' title='bbox 1520 1624 1781 1679; x_wconf 91' lang='lat' dir='ltr'>divinum</span> <span class='ocrx_word' id='word_1_118' title='bbox 1816 1637 2066 1693; x_wconf 85' lang='lat' dir='ltr'>corpus:</span> 
     </span>
    </p>
   </div>
   <div class='ocr_carea' id='block_1_19' title="bbox 412 1710 2067 1792">
    <p class='ocr_par' dir='ltr' id='par_1_19' title="bbox 412 1710 2067 1792">
     <span class='ocr_line' id='line_1_19' title="bbox 412 1710 2067 1792; baseline -0.007 -16"><span class='ocrx_word' id='word_1_119' title='bbox 412 1728 554 1776; x_wconf 86' lang='lat' dir='ltr'>tunc</span> <span class='ocrx_word' id='word_1_120' title='bbox 585 1719 835 1792; x_wconf 83' lang='lat' dir='ltr'>Spiritus</span> <span class='ocrx_word' id='word_1_121' title='bbox 867 1717 1050 1773; x_wconf 89' lang='lat' dir='ltr'>sancti</span> <span class='ocrx_word' id='word_1_122' title='bbox 1106 1716 1162 1770; x_wconf 91' lang='lat' dir='ltr'>in</span> <span class='ocrx_word' id='word_1_123' title='bbox 1208 1731 1418 1786; x_wconf 89' lang='lat' dir='ltr'>purum</span> <span class='ocrx_word' id='word_1_124' title='bbox 1471 1711 1684 1769; x_wconf 89' lang='lat' dir='ltr'>Christi</span> <span class='ocrx_word' id='word_1_125' title='bbox 1717 1727 1928 1782; x_wconf 91' lang='lat' dir='ltr'>corpus</span> <span class='ocrx_word' id='word_1_126' title='bbox 1961 1710 2067 1764; x_wconf 92' lang='lat' dir='ltr'>ad-</span> 
     </span>
    </p>
   </div>
   <div class='ocr_carea' id='block_1_20' title="bbox 411 1803 2070 1877">
    <p class='ocr_par' dir='ltr' id='par_1_20' title="bbox 411 1803 2070 1877">
     <span class='ocr_line' id='line_1_20' title="bbox 411 1803 2070 1877; baseline -0.007 -12"><span class='ocrx_word' id='word_1_127' title='bbox 411 1815 622 1865; x_wconf 87' lang='lat' dir='ltr'>ventus</span> <span class='ocrx_word' id='word_1_128' title='bbox 652 1808 781 1877; x_wconf 84' lang='lat' dir='ltr'>fuit,</span> <span class='ocrx_word' id='word_1_129' title='bbox 814 1825 846 1861; x_wconf 93' lang='lat' dir='ltr'>a</span> <span class='ocrx_word' id='word_1_130' title='bbox 877 1823 991 1877; x_wconf 92' lang='lat' dir='ltr'>quo</span> <span class='ocrx_word' id='word_1_131' title='bbox 1037 1805 1096 1860; x_wconf 91' lang='lat' dir='ltr'>in</span> <span class='ocrx_word' id='word_1_132' title='bbox 1142 1821 1248 1860; x_wconf 93' lang='lat' dir='ltr'>nos</span> <span class='ocrx_word' id='word_1_133' title='bbox 1300 1803 1566 1875; x_wconf 84' lang='lat' dir='ltr'>purgatio</span> <span class='ocrx_word' id='word_1_134' title='bbox 1612 1804 1936 1856; x_wconf 88' lang='lat' dir='ltr'>transmeat</span> <span class='ocrx_word' id='word_1_135' title='bbox 1968 1816 2070 1871; x_wconf 89' lang='lat' dir='ltr'>per</span> 
     </span>
    </p>
   </div>
   <div class='ocr_carea' id='block_1_21' title="bbox 412 1890 2066 1965">
    <p class='ocr_par' dir='ltr' id='par_1_21' title="bbox 412 1890 2066 1965">
     <span class='ocr_line' id='line_1_21' title="bbox 412 1890 2066 1965; baseline -0.007 -11"><span class='ocrx_word' id='word_1_136' title='bbox 412 1898 859 1955; x_wconf 88' lang='lat' dir='ltr'>similitudinem</span> <span class='ocrx_word' id='word_1_137' title='bbox 888 1913 901 1962; x_wconf 93' lang='lat'><strong>;</strong></span> <span class='ocrx_word' id='word_1_138' title='bbox 937 1896 1210 1965; x_wconf 86' lang='lat' dir='ltr'>utipsam</span> <span class='ocrx_word' id='word_1_139' title='bbox 1230 1908 1572 1963; x_wconf 87' lang='lat' dir='ltr'>sequamur,</span> <span class='ocrx_word' id='word_1_140' title='bbox 1597 1890 2066 1961; x_wconf 88' lang='lat' dir='ltr'>impleamusque</span> 
     </span>
    </p>
   </div>
   <div class='ocr_carea' id='block_1_22' title="bbox 412 1978 2066 2056">
    <p class='ocr_par' dir='ltr' id='par_1_22' title="bbox 412 1978 2066 2056">
     <span class='ocr_line' id='line_1_22' title="bbox 412 1978 2066 2056; baseline -0.007 -12"><span class='ocrx_word' id='word_1_141' title='bbox 412 2003 643 2045; x_wconf 88' lang='lat' dir='ltr'>omnem</span> <span class='ocrx_word' id='word_1_142' title='bbox 670 1984 1222 2056; x_wconf 82' lang='lat' dir='ltr'>justitiam,purgati</span> <span class='ocrx_word' id='word_1_143' title='bbox 1256 1982 1313 2036; x_wconf 94' lang='lat' dir='ltr'>in</span> <span class='ocrx_word' id='word_1_144' title='bbox 1348 1980 1475 2052; x_wconf 91' lang='lat' dir='ltr'>ipso</span> <span class='ocrx_word' id='word_1_145' title='bbox 1508 1980 1777 2048; x_wconf 91' lang='lat' dir='ltr'>Domino,</span> <span class='ocrx_word' id='word_1_146' title='bbox 1811 1978 1902 2033; x_wconf 91' lang='lat' dir='ltr'>cui</span> <span class='ocrx_word' id='word_1_147' title='bbox 1937 1978 2066 2050; x_wconf 88' lang='lat' dir='ltr'>glo-</span> 
     </span>
    </p>
   </div>
   <div class='ocr_carea' id='block_1_23' title="bbox 2184 552 3826 629">
    <p class='ocr_par' dir='ltr' id='par_1_23' title="bbox 2184 552 3826 629">
     <span class='ocr_line' id='line_1_23' title="bbox 2184 552 3826 629; baseline 0.004 -25"><span class='ocrx_word' id='word_1_148' title='bbox 2184 573 2261 605; x_wconf 89' lang='grc' dir='ltr'>σει</span> <span class='ocrx_word' id='word_1_149' title='bbox 2297 596 2311 620; x_wconf 94' lang='grc'>,</span> <span class='ocrx_word' id='word_1_150' title='bbox 2343 552 2443 605; x_wconf 80' lang='grc' dir='ltr'>οὐκ</span> <span class='ocrx_word' id='word_1_151' title='bbox 2474 552 2814 623; x_wconf 68' lang='grc' dir='ltr'>ἀνθρωπίνην</span> <span class='ocrx_word' id='word_1_152' title='bbox 2849 556 3021 628; x_wconf 77' lang='grc' dir='ltr'>χαρὰν</span> <span class='ocrx_word' id='word_1_153' title='bbox 3076 554 3379 629; x_wconf 76' lang='grc' dir='ltr'>χαίροντες,</span> <span class='ocrx_word' id='word_1_154' title='bbox 3414 557 3525 610; x_wconf 84' lang='grc' dir='ltr'>οἷον</span> <span class='ocrx_word' id='word_1_155' title='bbox 3585 559 3696 629; x_wconf 87' lang='grc'>(86)</span> <span class='ocrx_word' id='word_1_156' title='bbox 3736 557 3826 611; x_wconf 84' lang='grc' dir='ltr'>ἐπὶ</span> 
     </span>
    </p>
   </div>
   <div class='ocr_carea' id='block_1_24' title="bbox 2180 638 3823 721">
    <p class='ocr_par' dir='ltr' id='par_1_24' title="bbox 2180 638 3823 721">
     <span class='ocr_line' id='line_1_24' title="bbox 2180 638 3823 721; baseline 0.004 -28"><span class='ocrx_word' id='word_1_157' title='bbox 2180 640 2502 715; x_wconf 64' lang='grc' dir='ltr'>γεννωμένῳ</span> <span class='ocrx_word' id='word_1_158' title='bbox 2533 638 2733 714; x_wconf 79' lang='grc' dir='ltr'>παιδίῳ</span> <span class='ocrx_word' id='word_1_159' title='bbox 2761 643 3042 717; x_wconf 70' lang='grc' dir='ltr'>χαίρουσιν</span> <span class='ocrx_word' id='word_1_160' title='bbox 3077 644 3354 716; x_wconf 80' lang='grc' dir='ltr'>ἄνθρωποι</span> <span class='ocrx_word' id='word_1_161' title='bbox 3386 692 3399 715; x_wconf 89' lang='grc'>,</span> <span class='ocrx_word' id='word_1_162' title='bbox 3430 646 3518 698; x_wconf 82' lang='grc' dir='ltr'>καὶ</span> <span class='ocrx_word' id='word_1_163' title='bbox 3576 647 3823 721; x_wconf 75' lang='grc' dir='ltr'>γενεσίων</span> 
     </span>
    </p>
   </div>
   <div class='ocr_carea' id='block_1_25' title="bbox 2183 728 3830 810">
    <p class='ocr_par' dir='ltr' id='par_1_25' title="bbox 2183 728 3830 810">
     <span class='ocr_line' id='line_1_25' title="bbox 2183 728 3830 810; baseline 0.004 -27"><span class='ocrx_word' id='word_1_164' title='bbox 2183 728 2519 784; x_wconf 72' lang='grc' dir='ltr'>ἐπιτελοῦσιν</span> <span class='ocrx_word' id='word_1_165' title='bbox 2573 730 2786 804; x_wconf 56' lang='grc' dir='ltr'>ἑορτήν</span> <span class='ocrx_word' id='word_1_166' title='bbox 2822 730 2947 785; x_wconf 80' lang='grc' dir='ltr'>ἀλλ’</span> <span class='ocrx_word' id='word_1_167' title='bbox 2999 732 3277 809; x_wconf 71' lang='grc' dir='ltr'>ἐπιφανείᾳ</span> <span class='ocrx_word' id='word_1_168' title='bbox 3331 735 3565 803; x_wconf 72' lang='grc' dir='ltr'>Χριστοῦ</span> <span class='ocrx_word' id='word_1_169' title='bbox 3624 735 3830 810; x_wconf 81' lang='grc' dir='ltr'>χαίρω-</span> 
     </span>
    </p>
   </div>
   <div class='ocr_carea' id='block_1_26' title="bbox 2186 820 3826 897">
    <p class='ocr_par' dir='ltr' id='par_1_26' title="bbox 2186 820 3826 897">
     <span class='ocr_line' id='line_1_26' title="bbox 2186 820 3826 897; baseline 0.003 -24"><span class='ocrx_word' id='word_1_170' title='bbox 2186 841 2279 891; x_wconf 90' lang='grc' dir='ltr'>μεν</span> <span class='ocrx_word' id='word_1_171' title='bbox 2313 822 2446 892; x_wconf 83' lang='grc'>(87).</span> <span class='ocrx_word' id='word_1_172' title='bbox 2478 825 2569 873; x_wconf 85' lang='grc' dir='ltr'>καῖ</span> <span class='ocrx_word' id='word_1_173' title='bbox 2619 820 2798 897; x_wconf 76' lang='grc' dir='ltr'>φωτὸς</span> <span class='ocrx_word' id='word_1_174' title='bbox 2857 821 3156 895; x_wconf 66' lang='grc' dir='ltr'>ἐπιλάμῲει</span> <span class='ocrx_word' id='word_1_175' title='bbox 3212 825 3414 890; x_wconf 77' lang='grc' dir='ltr'>θεϊκοῦ,</span> <span class='ocrx_word' id='word_1_176' title='bbox 3473 823 3535 877; x_wconf 80' lang='grc' dir='ltr'>οὐ</span> <span class='ocrx_word' id='word_1_177' title='bbox 3565 825 3826 878; x_wconf 82' lang='grc' dir='ltr'>κοινωνὸν</span> 
     </span>
    </p>
   </div>
   <div class='ocr_carea' id='block_1_27' title="bbox 2181 906 3826 987">
    <p class='ocr_par' dir='ltr' id='par_1_27' title="bbox 2181 906 3826 987">
     <span class='ocr_line' id='line_1_27' title="bbox 2181 906 3826 987; baseline 0.002 -25"><span class='ocrx_word' id='word_1_178' title='bbox 2181 906 2399 982; x_wconf 79' lang='grc' dir='ltr'>ἔχοντες</span> <span class='ocrx_word' id='word_1_179' title='bbox 2456 911 2554 976; x_wconf 74' lang='grc' dir='ltr'>τῆς</span> <span class='ocrx_word' id='word_1_180' title='bbox 2615 907 3022 983; x_wconf 78' lang='grc' dir='ltr'>αἰχμαλωσίας,</span> <span class='ocrx_word' id='word_1_181' title='bbox 3057 910 3202 966; x_wconf 80' lang='grc' dir='ltr'>ἀλλὰ</span> <span class='ocrx_word' id='word_1_182' title='bbox 3257 910 3541 987; x_wconf 67' lang='grc' dir='ltr'>λυτρωτὴν</span> <span class='ocrx_word' id='word_1_183' title='bbox 3573 914 3708 967; x_wconf 79' lang='grc' dir='ltr'>κατὰ</span> <span class='ocrx_word' id='word_1_184' title='bbox 3734 913 3826 968; x_wconf 86' lang='grc' dir='ltr'>τόν</span> 
     </span>
    </p>
   </div>
   <div class='ocr_carea' id='block_1_28' title="bbox 2181 995 3831 1077">
    <p class='ocr_par' dir='ltr' id='par_1_28' title="bbox 2181 995 3831 1077">
     <span class='ocr_line' id='line_1_28' title="bbox 2181 995 3831 1077; baseline 0.004 -26"><span class='ocrx_word' id='word_1_185' title='bbox 2181 996 2543 1055; x_wconf 80' lang='grc' dir='ltr'>Ἀπόστολον.</span> <span class='ocrx_word' id='word_1_186' title='bbox 2576 998 2634 1051; x_wconf 87' lang='grc' dir='ltr'>Τί</span> <span class='ocrx_word' id='word_1_187' title='bbox 2667 995 2724 1051; x_wconf 78' lang='grc' dir='ltr'>δὲ</span> <span class='ocrx_word' id='word_1_188' title='bbox 2774 999 2840 1067; x_wconf 76' lang='grc' dir='ltr'>ἦν</span> <span class='ocrx_word' id='word_1_189' title='bbox 2902 998 2987 1054; x_wconf 81' lang='grc' dir='ltr'>ἐπὶ</span> <span class='ocrx_word' id='word_1_190' title='bbox 3043 1000 3258 1062; x_wconf 74' lang='grc' dir='ltr'>τούτοις</span> <span class='ocrx_word' id='word_1_191' title='bbox 3288 1020 3300 1068; x_wconf 91' lang='grc'><strong>;</strong></span> <span class='ocrx_word' id='word_1_192' title='bbox 3333 1007 3393 1056; x_wconf 85' lang='grc' dir='ltr'><strong><em>Ἡ</em></strong></span> <span class='ocrx_word' id='word_1_193' title='bbox 3451 1001 3634 1077; x_wconf 77' lang='grc' dir='ltr'>χρίσις</span> <span class='ocrx_word' id='word_1_194' title='bbox 3665 1045 3679 1067; x_wconf 90' lang='lat'>,</span> <span class='ocrx_word' id='word_1_195' title='bbox 3711 1007 3831 1067; x_wconf 81' lang='grc' dir='ltr'>καθ’</span> 
     </span>
    </p>
   </div>
   <div class='ocr_carea' id='block_1_29' title="bbox 2180 1086 3831 1167">
    <p class='ocr_par' dir='ltr' id='par_1_29' title="bbox 2180 1086 3831 1167">
     <span class='ocr_line' id='line_1_29' title="bbox 2180 1086 3831 1167; baseline 0.004 -29"><span class='ocrx_word' id='word_1_196' title='bbox 2180 1087 2239 1154; x_wconf 78' lang='grc' dir='ltr'>ἦν</span> <span class='ocrx_word' id='word_1_197' title='bbox 2298 1086 2634 1162; x_wconf 81' lang='grc' dir='ltr'>γεννώμενος</span> <span class='ocrx_word' id='word_1_198' title='bbox 2665 1088 2930 1163; x_wconf 79' lang='grc' dir='ltr'>θειότερον</span> <span class='ocrx_word' id='word_1_199' title='bbox 2964 1090 2996 1157; x_wconf 78' lang='grc' dir='ltr'>ἢ</span> <span class='ocrx_word' id='word_1_200' title='bbox 3043 1091 3158 1144; x_wconf 77' lang='grc' dir='ltr'>κατ’</span> <span class='ocrx_word' id='word_1_201' title='bbox 3192 1090 3504 1164; x_wconf 73' lang='grc' dir='ltr'>ἀνθρώπους</span> <span class='ocrx_word' id='word_1_202' title='bbox 3540 1136 3552 1159; x_wconf 91' lang='grc'>,</span> <span class='ocrx_word' id='word_1_203' title='bbox 3587 1092 3675 1145; x_wconf 79' lang='grc' dir='ltr'>καὶ</span> <span class='ocrx_word' id='word_1_204' title='bbox 3705 1113 3831 1167; x_wconf 87' lang='grc' dir='ltr'>τρα-</span> 
     </span>
    </p>
   </div>
   <div class='ocr_carea' id='block_1_30' title="bbox 2180 1175 3824 1255">
    <p class='ocr_par' dir='ltr' id='par_1_30' title="bbox 2180 1175 3824 1255">
     <span class='ocr_line' id='line_1_30' title="bbox 2180 1175 3824 1255; baseline 0.005 -27"><span class='ocrx_word' id='word_1_205' title='bbox 2180 1175 2296 1253; x_wconf 73' lang='grc' dir='ltr'>ιρεὶς</span> <span class='ocrx_word' id='word_1_206' title='bbox 2358 1175 2640 1251; x_wconf 70' lang='grc' dir='ltr'>θειοτέρως</span> <span class='ocrx_word' id='word_1_207' title='bbox 2698 1178 2731 1246; x_wconf 77' lang='grc' dir='ltr'>ἦ</span> <span class='ocrx_word' id='word_1_208' title='bbox 2786 1179 2901 1232; x_wconf 79' lang='grc' dir='ltr'>καθ’</span> <span class='ocrx_word' id='word_1_209' title='bbox 2948 1181 3095 1251; x_wconf 78' lang='grc' dir='ltr'>ἡμᾶς</span> <span class='ocrx_word' id='word_1_210' title='bbox 3158 1180 3385 1255; x_wconf 79' lang='grc' dir='ltr'>Χριστός</span> <span class='ocrx_word' id='word_1_211' title='bbox 3422 1225 3434 1237; x_wconf 93' lang='grc'><strong>.</strong></span> <span class='ocrx_word' id='word_1_212' title='bbox 3483 1181 3551 1234; x_wconf 84' lang='grc' dir='ltr'>Τὸ</span> <span class='ocrx_word' id='word_1_213' title='bbox 3604 1180 3698 1253; x_wconf 69' lang='grc' dir='ltr'>μὲν</span> <span class='ocrx_word' id='word_1_214' title='bbox 3733 1182 3824 1237; x_wconf 83' lang='grc' dir='ltr'>οὗν</span> 
     </span>
    </p>
   </div>
   <div class='ocr_carea' id='block_1_31' title="bbox 2184 1266 3831 1345">
    <p class='ocr_par' dir='ltr' id='par_1_31' title="bbox 2184 1266 3831 1345">
     <span class='ocr_line' id='line_1_31' title="bbox 2184 1266 3831 1345; baseline 0.004 -27"><span class='ocrx_word' id='word_1_215' title='bbox 2184 1272 2375 1339; x_wconf 79' lang='grc' dir='ltr'>σχῆμα</span> <span class='ocrx_word' id='word_1_216' title='bbox 2430 1266 2565 1319; x_wconf 79' lang='grc' dir='ltr'>κατά</span> <span class='ocrx_word' id='word_1_217' title='bbox 2620 1268 2717 1333; x_wconf 77' lang='grc' dir='ltr'>τήν</span> <span class='ocrx_word' id='word_1_218' title='bbox 2778 1267 2944 1340; x_wconf 74' lang='grc' dir='ltr'>σάρκα</span> <span class='ocrx_word' id='word_1_219' title='bbox 2994 1267 3043 1321; x_wconf 77' lang='grc' dir='ltr'>ἐν</span> <span class='ocrx_word' id='word_1_220' title='bbox 3106 1266 3256 1323; x_wconf 77' lang='grc' dir='ltr'>ὕδατι</span> <span class='ocrx_word' id='word_1_221' title='bbox 3317 1269 3626 1345; x_wconf 72' lang='grc' dir='ltr'>βαπτίζεται</span> <span class='ocrx_word' id='word_1_222' title='bbox 3692 1273 3831 1343; x_wconf 69' lang='grc' dir='ltr'>μετὰ</span> 
     </span>
    </p>
   </div>
   <div class='ocr_carea' id='block_1_32' title="bbox 2181 1351 3827 1433">
    <p class='ocr_par' dir='ltr' id='par_1_32' title="bbox 2181 1351 3827 1433">
     <span class='ocr_line' id='line_1_32' title="bbox 2181 1351 3827 1433; baseline 0.003 -25"><span class='ocrx_word' id='word_1_223' title='bbox 2181 1351 2481 1409; x_wconf 78' lang='grc' dir='ltr'>Ἰουδαίων.</span> <span class='ocrx_word' id='word_1_224' title='bbox 2544 1354 2641 1409; x_wconf 82' lang='grc' dir='ltr'>Καὶ</span> <span class='ocrx_word' id='word_1_225' title='bbox 2700 1356 2954 1426; x_wconf 76' lang='grc' dir='ltr'>Ἰωάννης</span> <span class='ocrx_word' id='word_1_226' title='bbox 3009 1356 3036 1411; x_wconf 90' lang='grc' dir='ltr'><strong>ὀ</strong></span> <span class='ocrx_word' id='word_1_227' title='bbox 3086 1358 3381 1432; x_wconf 75' lang='grc' dir='ltr'>βαπτίζων,</span> <span class='ocrx_word' id='word_1_228' title='bbox 3433 1359 3522 1412; x_wconf 81' lang='grc' dir='ltr'>καὶ</span> <span class='ocrx_word' id='word_1_229' title='bbox 3578 1360 3827 1433; x_wconf 84' lang='grc' dir='ltr'>ποταμὸς</span> 
     </span>
    </p>
   </div>
   <div class='ocr_carea' id='block_1_33' title="bbox 2183 1441 3827 1521">
    <p class='ocr_par' dir='ltr' id='par_1_33' title="bbox 2183 1441 3827 1521">
     <span class='ocr_line' id='line_1_33' title="bbox 2183 1441 3827 1521; baseline 0.002 -22"><span class='ocrx_word' id='word_1_230' title='bbox 2183 1441 2461 1519; x_wconf 73' lang='grc' dir='ltr'>Ἰορδάνης</span> <span class='ocrx_word' id='word_1_231' title='bbox 2497 1443 2524 1497; x_wconf 88' lang='grc' dir='ltr'>ὀ</span> <span class='ocrx_word' id='word_1_232' title='bbox 2583 1444 2759 1500; x_wconf 69' lang='grc' dir='ltr'>λούων</span> <span class='ocrx_word' id='word_1_233' title='bbox 2820 1450 2975 1518; x_wconf 80' lang='grc' dir='ltr'>σῶμα</span> <span class='ocrx_word' id='word_1_234' title='bbox 3031 1447 3093 1501; x_wconf 86' lang='grc' dir='ltr'>τὸ</span> <span class='ocrx_word' id='word_1_235' title='bbox 3153 1449 3320 1513; x_wconf 85' lang='grc' dir='ltr'>θεῖον,</span> <span class='ocrx_word' id='word_1_236' title='bbox 3373 1448 3462 1502; x_wconf 81' lang='grc' dir='ltr'>καὶ</span> <span class='ocrx_word' id='word_1_237' title='bbox 3515 1448 3827 1521; x_wconf 72' lang='grc' dir='ltr'>ΙΙνεύματος</span> 
     </span>
    </p>
   </div>
   <div class='ocr_carea' id='block_1_34' title="bbox 2181 1528 3829 1610">
    <p class='ocr_par' dir='ltr' id='par_1_34' title="bbox 2181 1528 3829 1610">
     <span class='ocr_line' id='line_1_34' title="bbox 2181 1528 3829 1610; baseline 0.005 -27"><span class='ocrx_word' id='word_1_238' title='bbox 2181 1528 2374 1609; x_wconf 75' lang='grc' dir='ltr'>ἔφοδος</span> <span class='ocrx_word' id='word_1_239' title='bbox 2433 1529 2484 1601; x_wconf 81' lang='grc' dir='ltr'>ἐξ</span> <span class='ocrx_word' id='word_1_240' title='bbox 2544 1532 2773 1607; x_wconf 74' lang='grc' dir='ltr'>οὐρανοῦ</span> <span class='ocrx_word' id='word_1_241' title='bbox 2805 1534 2879 1595; x_wconf 45' lang='lat' dir='ltr'>sic</span> <span class='ocrx_word' id='word_1_242' title='bbox 2938 1534 3000 1588; x_wconf 86' lang='grc' dir='ltr'>τὸ</span> <span class='ocrx_word' id='word_1_243' title='bbox 3059 1535 3289 1610; x_wconf 84' lang='grc' dir='ltr'>καθαρὸν</span> <span class='ocrx_word' id='word_1_244' title='bbox 3343 1540 3500 1609; x_wconf 81' lang='grc' dir='ltr'>σῶμα</span> <span class='ocrx_word' id='word_1_245' title='bbox 3551 1542 3647 1591; x_wconf 78' lang='grc' dir='ltr'>τοῦ</span> <span class='ocrx_word' id='word_1_246' title='bbox 3706 1544 3829 1608; x_wconf 75' lang='grc' dir='ltr'>Χριο</span> 
     </span>
    </p>
   </div>
   <div class='ocr_carea' id='block_1_35' title="bbox 2180 1617 3827 1699">
    <p class='ocr_par' dir='ltr' id='par_1_35' title="bbox 2180 1617 3827 1699">
     <span class='ocr_line' id='line_1_35' title="bbox 2180 1617 3827 1699; baseline 0.002 -24"><span class='ocrx_word' id='word_1_247' title='bbox 2180 1625 2328 1687; x_wconf 82' lang='grc' dir='ltr'>στοῦ,</span> <span class='ocrx_word' id='word_1_248' title='bbox 2362 1620 2412 1690; x_wconf 77' lang='grc' dir='ltr'>ἐξ</span> <span class='ocrx_word' id='word_1_249' title='bbox 2468 1619 2529 1674; x_wconf 79' lang='grc' dir='ltr'>οὗ</span> <span class='ocrx_word' id='word_1_250' title='bbox 2558 1621 2647 1675; x_wconf 86' lang='grc' dir='ltr'>καὶ</span> <span class='ocrx_word' id='word_1_251' title='bbox 2700 1621 2774 1683; x_wconf 71' lang='grc' dir='ltr'>εἰς</span> <span class='ocrx_word' id='word_1_252' title='bbox 2809 1625 2955 1694; x_wconf 77' lang='grc' dir='ltr'>ἡμᾶς</span> <span class='ocrx_word' id='word_1_253' title='bbox 3015 1617 3275 1678; x_wconf 73' lang='grc' dir='ltr'>διαϐαίνει</span> <span class='ocrx_word' id='word_1_254' title='bbox 3325 1632 3441 1688; x_wconf 89' lang='grc' dir='ltr'>καθ’</span> <span class='ocrx_word' id='word_1_255' title='bbox 3474 1625 3737 1699; x_wconf 79' lang='grc' dir='ltr'>ὁμοίωσιν</span> <span class='ocrx_word' id='word_1_256' title='bbox 3792 1629 3827 1697; x_wconf 81' lang='grc' dir='ltr'><strong>ἡ</strong></span> 
     </span>
    </p>
   </div>
   <div class='ocr_carea' id='block_1_36' title="bbox 2175 1708 3830 1788">
    <p class='ocr_par' dir='ltr' id='par_1_36' title="bbox 2175 1708 3830 1788">
     <span class='ocr_line' id='line_1_36' title="bbox 2175 1708 3830 1788; baseline 0.004 -25"><span class='ocrx_word' id='word_1_257' title='bbox 2175 1710 2432 1785; x_wconf 81' lang='grc' dir='ltr'>κάθαρσις</span> <span class='ocrx_word' id='word_1_258' title='bbox 2490 1713 2624 1783; x_wconf 82' lang='grc'>(88),</span> <span class='ocrx_word' id='word_1_259' title='bbox 2680 1708 2772 1764; x_wconf 68' lang='grc' dir='ltr'>ἵνα</span> <span class='ocrx_word' id='word_1_260' title='bbox 2819 1712 2907 1765; x_wconf 82' lang='grc' dir='ltr'>καὶ</span> <span class='ocrx_word' id='word_1_261' title='bbox 2938 1714 3102 1783; x_wconf 78' lang='grc' dir='ltr'>ἡμεῖς</span> <span class='ocrx_word' id='word_1_262' title='bbox 3164 1712 3626 1788; x_wconf 72' lang='grc' dir='ltr'>ἀκολουθήσωμεν</span> <span class='ocrx_word' id='word_1_263' title='bbox 3684 1714 3830 1786; x_wconf 84' lang='grc' dir='ltr'>αὐτῷ</span> 
     </span>
    </p>
   </div>
   <div class='ocr_carea' id='block_1_37' title="bbox 2177 1797 3828 1880">
    <p class='ocr_par' dir='ltr' id='par_1_37' title="bbox 2177 1797 3828 1880">
     <span class='ocr_line' id='line_1_37' title="bbox 2177 1797 3828 1880; baseline 0.003 -29"><span class='ocrx_word' id='word_1_264' title='bbox 2177 1798 2517 1870; x_wconf 70' lang='grc' dir='ltr'>πληροῦντες</span> <span class='ocrx_word' id='word_1_265' title='bbox 2594 1806 2766 1853; x_wconf 78' lang='grc' dir='ltr'>πᾶσαν</span> <span class='ocrx_word' id='word_1_266' title='bbox 2823 1797 3168 1871; x_wconf 71' lang='grc' dir='ltr'>δικαιοσύνην</span> <span class='ocrx_word' id='word_1_267' title='bbox 3227 1849 3238 1870; x_wconf 89' lang='grc'>,</span> <span class='ocrx_word' id='word_1_268' title='bbox 3297 1803 3387 1856; x_wconf 84' lang='grc' dir='ltr'>καὶ</span> <span class='ocrx_word' id='word_1_269' title='bbox 3445 1804 3828 1880; x_wconf 83' lang='grc' dir='ltr'>καθαιρόμενοι</span> 
     </span>
    </p>
   </div>
   <div class='ocr_carea' id='block_1_38' title="bbox 2178 1886 3824 1961">
    <p class='ocr_par' dir='ltr' id='par_1_38' title="bbox 2178 1886 3824 1961">
     <span class='ocr_line' id='line_1_38' title="bbox 2178 1886 3824 1961; baseline 0.005 -21"><span class='ocrx_word' id='word_1_270' title='bbox 2178 1886 2228 1940; x_wconf 82' lang='grc' dir='ltr'>ἐν</span> <span class='ocrx_word' id='word_1_271' title='bbox 2289 1891 2437 1958; x_wconf 66' lang='grc' dir='ltr'>αύτῷ</span> <span class='ocrx_word' id='word_1_272' title='bbox 2490 1892 2568 1959; x_wconf 80' lang='grc' dir='ltr'>τῷ</span> <span class='ocrx_word' id='word_1_273' title='bbox 2630 1887 2856 1961; x_wconf 77' lang='grc' dir='ltr'>Κυρίῳ,</span> <span class='ocrx_word' id='word_1_274' title='bbox 2900 1891 2946 1960; x_wconf 79' lang='grc' dir='ltr'>ᾧ</span> <span class='ocrx_word' id='word_1_275' title='bbox 3003 1892 3037 1959; x_wconf 75' lang='grc' dir='ltr'>ἡ</span> <span class='ocrx_word' id='word_1_276' title='bbox 3098 1886 3224 1960; x_wconf 81' lang='grc' dir='ltr'>δόξα</span> <span class='ocrx_word' id='word_1_277' title='bbox 3283 1891 3358 1953; x_wconf 85' lang='grc' dir='ltr'>εἷς</span> <span class='ocrx_word' id='word_1_278' title='bbox 3414 1892 3541 1955; x_wconf 76' lang='grc' dir='ltr'>τοὺς</span> <span class='ocrx_word' id='word_1_279' title='bbox 3601 1893 3824 1953; x_wconf 75' lang='grc' dir='ltr'>αἰῶνας.</span> 
     </span>
    </p>
   </div>
   <div class='ocr_carea' id='block_1_39' title="bbox 2176 1978 2521 2050">
    <p class='ocr_par' dir='ltr' id='par_1_39' title="bbox 2176 1978 2521 2050">
     <span class='ocr_line' id='line_1_39' title="bbox 2176 1978 2521 2050; baseline 0.012 -21"><span class='ocrx_word' id='word_1_280' title='bbox 2176 1978 2353 2048; x_wconf 72' lang='grc' dir='ltr'>’Δμήν</span> <span class='ocrx_word' id='word_1_281' title='bbox 2387 1978 2521 2050; x_wconf 85' lang='grc'>(89).</span> 
     </span>
    </p>
   </div>
   <div class='ocr_carea' id='block_1_40' title="bbox 410 2073 1082 2134">
    <p class='ocr_par' dir='ltr' id='par_1_40' title="bbox 410 2073 1082 2134">
     <span class='ocr_line' id='line_1_40' title="bbox 410 2073 1082 2134; baseline -0.013 0"><span class='ocrx_word' id='word_1_282' title='bbox 410 2079 500 2134; x_wconf 87' lang='lat' dir='ltr'>ria</span> <span class='ocrx_word' id='word_1_283' title='bbox 529 2077 586 2132; x_wconf 92' lang='lat' dir='ltr'>in</span> <span class='ocrx_word' id='word_1_284' title='bbox 616 2073 844 2132; x_wconf 74' lang='lat' dir='ltr'>saecula.</span> <span class='ocrx_word' id='word_1_285' title='bbox 881 2077 1082 2128; x_wconf 81' lang='lat' dir='ltr'>Amen.</span> 
     </span>
    </p>
   </div>
   <div class='ocr_carea' id='block_1_41' title="bbox 482 2246 912 2317">
    <p class='ocr_par' dir='ltr' id='par_1_41' title="bbox 482 2246 912 2317">
     <span class='ocr_line' id='line_1_41' title="bbox 482 2246 912 2317; baseline -0.005 -14"><span class='ocrx_word' id='word_1_286' title='bbox 482 2249 526 2284; x_wconf 74' lang='grc'>⁸⁸</span> <span class='ocrx_word' id='word_1_287' title='bbox 558 2249 694 2303; x_wconf 89' lang='lat' dir='ltr'>Luc.</span> <span class='ocrx_word' id='word_1_288' title='bbox 732 2264 797 2317; x_wconf 79' lang='grc' dir='ltr'>ιι,</span> <span class='ocrx_word' id='word_1_289' title='bbox 826 2246 912 2301; x_wconf 83' lang='grc'><strong>14.</strong></span> 
     </span>
    </p>
   </div>
   <div class='ocr_carea' id='block_1_42' title="bbox 2238 2416 3475 2489">
    <p class='ocr_par' dir='ltr' id='par_1_42' title="bbox 2238 2416 3475 2489">
     <span class='ocr_line' id='line_1_42' title="bbox 2238 2416 3475 2489; baseline 0.004 -18"><span class='ocrx_word' id='word_1_290' title='bbox 2238 2420 2350 2484; x_wconf 85' lang='grc'>(88)</span> <span class='ocrx_word' id='word_1_291' title='bbox 2383 2416 2718 2473; x_wconf 84' lang='lat' dir='ltr'>Basiliensis</span> <span class='ocrx_word' id='word_1_292' title='bbox 2749 2424 2804 2473; x_wconf 89' lang='lat' dir='ltr'>et</span> <span class='ocrx_word' id='word_1_293' title='bbox 2831 2423 3091 2489; x_wconf 82' lang='lat' dir='ltr'>Seguer.,</span> <span class='ocrx_word' id='word_1_294' title='bbox 3120 2420 3153 2486; x_wconf 78' lang='grc' dir='ltr'>ἡ</span> <span class='ocrx_word' id='word_1_295' title='bbox 3190 2419 3475 2487; x_wconf 73' lang='grc' dir='ltr'>σάρκωσις.</span> 
     </span>
    </p>
   </div>
   <div class='ocr_carea' id='block_1_43' title="bbox 2200 2489 3816 2570">
    <p class='ocr_par' dir='ltr' id='par_1_43' title="bbox 2200 2489 3816 2570">
     <span class='ocr_line' id='line_1_43' title="bbox 2200 2489 3816 2570; baseline 0.004 -29"><span class='ocrx_word' id='word_1_296' title='bbox 2200 2560 2211 2570; x_wconf 37' lang='grc'><strong><em>⁸</em></strong></span> <span class='ocrx_word' id='word_1_297' title='bbox 2239 2492 2349 2558; x_wconf 75' lang='lat'>(89)</span> <span class='ocrx_word' id='word_1_298' title='bbox 2382 2490 2538 2570; x_wconf 45' lang='lat' dir='ltr'>lla-3‘0,</span> <span class='ocrx_word' id='word_1_299' title='bbox 2565 2489 2639 2549; x_wconf 75' lang='grc' dir='ltr'>εἷς</span> <span class='ocrx_word' id='word_1_300' title='bbox 2670 2491 2795 2550; x_wconf 78' lang='grc' dir='ltr'>τοὺς</span> <span class='ocrx_word' id='word_1_301' title='bbox 2826 2490 3048 2570; x_wconf 77' lang='grc' dir='ltr'>αἰῶνας,</span> <span class='ocrx_word' id='word_1_302' title='bbox 3074 2492 3490 2570; x_wconf 46' lang='grc' dir='ltr'>ἁμήν,-ᾁρευιη</span> <span class='ocrx_word' id='word_1_303' title='bbox 3515 2494 3571 2548; x_wconf 88' lang='lat' dir='ltr'>in</span> <span class='ocrx_word' id='word_1_304' title='bbox 3603 2494 3816 2547; x_wconf 86' lang='lat' dir='ltr'>Goble-</span> 
     </span>
    </p>
   </div>
   <div class='ocr_carea' id='block_1_44' title="bbox 2169 2562 3495 2625">
    <p class='ocr_par' dir='ltr' id='par_1_44' title="bbox 2169 2562 3495 2625">
     <span class='ocr_line' id='line_1_44' title="bbox 2169 2562 3495 2625; baseline 0.002 -11"><span class='ocrx_word' id='word_1_305' title='bbox 2169 2562 2330 2614; x_wconf 90' lang='lat' dir='ltr'>riano</span> <span class='ocrx_word' id='word_1_306' title='bbox 2361 2566 2417 2615; x_wconf 89' lang='lat' dir='ltr'>et</span> <span class='ocrx_word' id='word_1_307' title='bbox 2450 2562 2597 2616; x_wconf 85' lang='lat' dir='ltr'>Felc.</span> <span class='ocrx_word' id='word_1_308' title='bbox 2632 2579 2669 2625; x_wconf 84' lang='grc' dir='ltr'>ι,</span> <span class='ocrx_word' id='word_1_309' title='bbox 2702 2580 2805 2616; x_wconf 91' lang='lat' dir='ltr'>nec</span> <span class='ocrx_word' id='word_1_310' title='bbox 2835 2562 2983 2618; x_wconf 88' lang='lat' dir='ltr'>lecta</span> <span class='ocrx_word' id='word_1_311' title='bbox 3017 2569 3155 2617; x_wconf 91' lang='lat' dir='ltr'>sunt</span> <span class='ocrx_word' id='word_1_312' title='bbox 3183 2582 3213 2616; x_wconf 89' lang='lat' dir='ltr'>a</span> <span class='ocrx_word' id='word_1_313' title='bbox 3246 2564 3495 2619; x_wconf 86' lang='lat' dir='ltr'>Nannio.</span> 
     </span>
    </p>
   </div>
   <div class='ocr_carea' id='block_1_45' title="bbox 478 2418 1205 2498">
    <p class='ocr_par' dir='ltr' id='par_1_45' title="bbox 478 2418 1205 2498">
     <span class='ocr_line' id='line_1_45' title="bbox 478 2418 1205 2498; baseline -0.004 -19"><span class='ocrx_word' id='word_1_314' title='bbox 478 2428 589 2498; x_wconf 86' lang='lat'>(86)</span> <span class='ocrx_word' id='word_1_315' title='bbox 621 2424 1035 2498; x_wconf 67' lang='lat' dir='ltr'>Seguerianus,</span> <span class='ocrx_word' id='word_1_316' title='bbox 1069 2418 1205 2476; x_wconf 64' lang='grc' dir='ltr'>οἵαν.</span> 
     </span>
    </p>
   </div>
   <div class='ocr_carea' id='block_1_46' title="bbox 478 2488 2059 2568">
    <p class='ocr_par' dir='ltr' id='par_1_46' title="bbox 478 2488 2059 2568">
     <span class='ocr_line' id='line_1_46' title="bbox 478 2488 2059 2568; baseline -0.006 -16"><span class='ocrx_word' id='word_1_317' title='bbox 478 2488 589 2568; x_wconf 76' lang='grc'>(87)</span> <span class='ocrx_word' id='word_1_318' title='bbox 633 2488 886 2560; x_wconf 77' lang='lat' dir='ltr'>Gobler.,</span> <span class='ocrx_word' id='word_1_319' title='bbox 948 2494 1093 2568; x_wconf 84' lang='lat' dir='ltr'>Felc.</span> <span class='ocrx_word' id='word_1_320' title='bbox 1156 2510 1219 2568; x_wconf 82' lang='lat'>1_.,</span> <span class='ocrx_word' id='word_1_321' title='bbox 1278 2492 1539 2561; x_wconf 89' lang='lat' dir='ltr'>Seguer.,</span> <span class='ocrx_word' id='word_1_322' title='bbox 1600 2488 1886 2563; x_wconf 71' lang='grc' dir='ltr'>χαῖρομεν.</span> <span class='ocrx_word' id='word_1_323' title='bbox 1932 2492 2059 2543; x_wconf 85' lang='lat' dir='ltr'>Mox</span> 
     </span>
    </p>
   </div>
   <div class='ocr_carea' id='block_1_47' title="bbox 407 2563 1317 2644">
    <p class='ocr_par' dir='ltr' id='par_1_47' title="bbox 407 2563 1317 2644">
     <span class='ocr_line' id='line_1_47' title="bbox 407 2563 1317 2644; baseline -0.007 -21"><span class='ocrx_word' id='word_1_324' title='bbox 407 2563 624 2644; x_wconf 72' lang='grc' dir='ltr'>ἔχοντες</span> <span class='ocrx_word' id='word_1_325' title='bbox 657 2569 821 2624; x_wconf 88' lang='lat' dir='ltr'>deest</span> <span class='ocrx_word' id='word_1_326' title='bbox 852 2568 908 2620; x_wconf 92' lang='lat' dir='ltr'>in</span> <span class='ocrx_word' id='word_1_327' title='bbox 944 2565 1317 2636; x_wconf 84' lang='lat' dir='ltr'>Segueriano.</span> 
     </span>
    </p>
   </div>
   <div class='ocr_carea' id='block_1_48' title="bbox 409 2717 3817 2743">
    <p class='ocr_par' dir='ltr' id='par_1_48' title="bbox 409 2717 3817 2743">
     <span class='ocr_line' id='line_1_48' title="bbox 409 2717 3817 2743; baseline -0.004 0"><span class='ocrx_word' id='word_1_328' title='bbox 409 2717 3817 2743; x_wconf 52' lang='grc' dir='ltr'>Μ</span> 
     </span>
    </p>
   </div>
   <div class='ocr_carea' id='block_1_49' title="bbox 1361 2849 2869 2921">
    <p class='ocr_par' dir='ltr' id='par_1_49' title="bbox 1361 2849 2869 2921">
     <span class='ocr_line' id='line_1_49' title="bbox 1361 2849 2869 2921; baseline -0.003 -8"><span class='ocrx_word' id='word_1_329' title='bbox 1361 2854 1439 2913; x_wconf 87' lang='grc' dir='ltr'>ΙΝ</span> <span class='ocrx_word' id='word_1_330' title='bbox 1490 2851 1842 2921; x_wconf 79' lang='lat' dir='ltr'>SEQUENS</span> <span class='ocrx_word' id='word_1_331' title='bbox 1886 2849 2361 2912; x_wconf 86' lang='lat' dir='ltr'>OPUSCULUM</span> <span class='ocrx_word' id='word_1_332' title='bbox 2407 2850 2869 2909; x_wconf 84' lang='lat' dir='ltr'>ADMONI&#39;I‘IO.</span> 
     </span>
    </p>
   </div>
   <div class='ocr_carea' id='block_1_50' title="bbox 490 3000 3819 3076">
    <p class='ocr_par' dir='ltr' id='par_1_50' title="bbox 490 3000 3819 3076">
     <span class='ocr_line' id='line_1_50' title="bbox 490 3000 3819 3076; baseline -0.003 -9"><span class='ocrx_word' id='word_1_333' title='bbox 490 3032 512 3060; x_wconf 80' lang='grc' dir='ltr'>ι</span> <span class='ocrx_word' id='word_1_334' title='bbox 548 3013 589 3066; x_wconf 93' lang='grc' dir='ltr'>Ι.</span> <span class='ocrx_word' id='word_1_335' title='bbox 625 3015 801 3065; x_wconf 90' lang='lat' dir='ltr'>Vetus</span> <span class='ocrx_word' id='word_1_336' title='bbox 832 3026 994 3065; x_wconf 88' lang='lat' dir='ltr'>error</span> <span class='ocrx_word' id='word_1_337' title='bbox 1022 3006 1284 3063; x_wconf 87' lang='lat' dir='ltr'>omnium</span> <span class='ocrx_word' id='word_1_338' title='bbox 1318 3006 1576 3076; x_wconf 87' lang='lat' dir='ltr'>(excepto</span> <span class='ocrx_word' id='word_1_339' title='bbox 1607 3002 1921 3073; x_wconf 87' lang='lat' dir='ltr'>Bisiliensi)</span> <span class='ocrx_word' id='word_1_340' title='bbox 1954 3001 2488 3072; x_wconf 88' lang='lat' dir='ltr'>manuscriptorum</span> <span class='ocrx_word' id='word_1_341' title='bbox 2522 3006 2629 3066; x_wconf 88' lang='lat' dir='ltr'>est,</span> <span class='ocrx_word' id='word_1_342' title='bbox 2664 3005 2727 3055; x_wconf 89' lang='lat' dir='ltr'>ut</span> <span class='ocrx_word' id='word_1_343' title='bbox 2758 3001 2866 3055; x_wconf 93' lang='lat' dir='ltr'>hoc</span> <span class='ocrx_word' id='word_1_344' title='bbox 2907 3000 3256 3072; x_wconf 87' lang='lat' dir='ltr'>opusculum</span> <span class='ocrx_word' id='word_1_345' title='bbox 3289 3017 3424 3057; x_wconf 89' lang='lat' dir='ltr'>cum</span> <span class='ocrx_word' id='word_1_346' title='bbox 3457 3002 3819 3073; x_wconf 87' lang='lat' dir='ltr'>expositione</span> 
     </span>
    </p>
   </div>
   <div class='ocr_carea' id='block_1_51' title="bbox 420 3089 3822 3160">
    <p class='ocr_par' dir='ltr' id='par_1_51' title="bbox 420 3089 3822 3160">
     <span class='ocr_line' id='line_1_51' title="bbox 420 3089 3822 3160; baseline -0.003 -5"><span class='ocrx_word' id='word_1_347' title='bbox 420 3122 441 3149; x_wconf 77' lang='grc' dir='ltr'>ι</span> <span class='ocrx_word' id='word_1_348' title='bbox 480 3100 640 3155; x_wconf 87' lang='lat' dir='ltr'>illius</span> <span class='ocrx_word' id='word_1_349' title='bbox 675 3100 809 3154; x_wconf 92' lang='lat' dir='ltr'>dicti</span> <span class='ocrx_word' id='word_1_350' title='bbox 840 3115 851 3151; x_wconf 90' lang='lat'>:</span> <span class='ocrx_word' id='word_1_351' title='bbox 888 3099 1082 3153; x_wconf 80' lang='lat' dir='ltr'>Omnia</span> <span class='ocrx_word' id='word_1_352' title='bbox 1114 3096 1256 3150; x_wconf 77' lang='lat' dir='ltr'>mihi</span> <span class='ocrx_word' id='word_1_353' title='bbox 1284 3096 1491 3149; x_wconf 76' lang='lat' dir='ltr'>tradita</span> <span class='ocrx_word' id='word_1_354' title='bbox 1516 3104 1644 3147; x_wconf 76' lang='lat' dir='ltr'>sunt</span> <span class='ocrx_word' id='word_1_355' title='bbox 1672 3111 1705 3147; x_wconf 91' lang='lat' dir='ltr'>a</span> <span class='ocrx_word' id='word_1_356' title='bbox 1755 3095 1938 3157; x_wconf 82' lang='lat' dir='ltr'>Patre,</span> <span class='ocrx_word' id='word_1_357' title='bbox 1968 3092 2078 3145; x_wconf 81' lang='lat' dir='ltr'>sub</span> <span class='ocrx_word' id='word_1_358' title='bbox 2130 3108 2243 3145; x_wconf 91' lang='lat' dir='ltr'>uno</span> <span class='ocrx_word' id='word_1_359' title='bbox 2274 3090 2594 3160; x_wconf 79' lang='lat' dir='ltr'>eodemque</span> <span class='ocrx_word' id='word_1_360' title='bbox 2629 3089 2795 3143; x_wconf 87' lang='lat' dir='ltr'>titulo</span> <span class='ocrx_word' id='word_1_361' title='bbox 2836 3090 3159 3160; x_wconf 84' lang='lat' dir='ltr'>jungatur:</span> <span class='ocrx_word' id='word_1_362' title='bbox 3197 3090 3307 3146; x_wconf 93' lang='lat' dir='ltr'>hoc</span> <span class='ocrx_word' id='word_1_363' title='bbox 3339 3091 3561 3145; x_wconf 88' lang='lat' dir='ltr'>scilicet</span> <span class='ocrx_word' id='word_1_364' title='bbox 3590 3092 3822 3159; x_wconf 82' lang='lat' dir='ltr'>ordine,</span> 
     </span>
    </p>
   </div>
   <div class='ocr_carea' id='block_1_52' title="bbox 420 3178 3818 3260">
    <p class='ocr_par' dir='ltr' id='par_1_52' title="bbox 420 3178 3818 3260">
     <span class='ocr_line' id='line_1_52' title="bbox 420 3178 3818 3260; baseline -0.001 -21"><span class='ocrx_word' id='word_1_365' title='bbox 420 3214 440 3239; x_wconf 75' lang='grc' dir='ltr'>ιι</span> <span class='ocrx_word' id='word_1_366' title='bbox 473 3197 531 3245; x_wconf 92' lang='lat' dir='ltr'>ut</span> <span class='ocrx_word' id='word_1_367' title='bbox 565 3190 753 3260; x_wconf 91' lang='lat' dir='ltr'>primo</span> <span class='ocrx_word' id='word_1_368' title='bbox 787 3193 1036 3257; x_wconf 87' lang='lat' dir='ltr'>ponatur</span> <span class='ocrx_word' id='word_1_369' title='bbox 1061 3186 1391 3247; x_wconf 85' lang='lat' dir='ltr'>Tractatus,</span> <span class='ocrx_word' id='word_1_370' title='bbox 1426 3184 1481 3237; x_wconf 90' lang='lat' dir='ltr'>in</span> <span class='ocrx_word' id='word_1_371' title='bbox 1506 3182 1650 3237; x_wconf 92' lang='lat' dir='ltr'>illud</span> <span class='ocrx_word' id='word_1_372' title='bbox 1679 3200 1691 3235; x_wconf 86' lang='lat'>:</span> <span class='ocrx_word' id='word_1_373' title='bbox 1727 3183 1923 3236; x_wconf 76' lang='lat' dir='ltr'>Omnia</span> <span class='ocrx_word' id='word_1_374' title='bbox 1954 3182 2091 3234; x_wconf 76' lang='lat' dir='ltr'>mihi</span> <span class='ocrx_word' id='word_1_375' title='bbox 2119 3180 2332 3234; x_wconf 77' lang='lat' dir='ltr'>tradita</span> <span class='ocrx_word' id='word_1_376' title='bbox 2379 3185 2531 3241; x_wconf 73' lang='lat' dir='ltr'>sunt,</span> <span class='ocrx_word' id='word_1_377' title='bbox 2564 3187 2661 3233; x_wconf 78' lang='lat' dir='ltr'>etc.</span> <span class='ocrx_word' id='word_1_378' title='bbox 2697 3178 2981 3241; x_wconf 87' lang='lat' dir='ltr'>Secundo,</span> <span class='ocrx_word' id='word_1_379' title='bbox 3030 3179 3420 3249; x_wconf 84' lang='lat' dir='ltr'>lragmentum</span> <span class='ocrx_word' id='word_1_380' title='bbox 3457 3197 3526 3235; x_wconf 80' lang='lat' dir='ltr'>ex</span> <span class='ocrx_word' id='word_1_381' title='bbox 3564 3180 3712 3235; x_wconf 88' lang='lat' dir='ltr'>libro</span> <span class='ocrx_word' id='word_1_382' title='bbox 3748 3182 3818 3236; x_wconf 85' lang='lat' dir='ltr'>de</span> 
     </span>
    </p>
   </div>
   <div class='ocr_carea' id='block_1_53' title="bbox 417 3263 2068 3342">
    <p class='ocr_par' dir='ltr' id='par_1_53' title="bbox 417 3263 2068 3342">
     <span class='ocr_line' id='line_1_53' title="bbox 417 3263 2068 3342; baseline -0.007 -13"><span class='ocrx_word' id='word_1_383' title='bbox 417 3302 445 3329; x_wconf 87' lang='grc'>‹‹</span> <span class='ocrx_word' id='word_1_384' title='bbox 483 3278 733 3334; x_wconf 71' lang='grc' dir='ltr'>Νἱοιειιίε</span> <span class='ocrx_word' id='word_1_385' title='bbox 764 3274 1031 3335; x_wconf 86' lang='lat' dir='ltr'>decretis.</span> <span class='ocrx_word' id='word_1_386' title='bbox 1064 3290 1118 3342; x_wconf 79' lang='grc' dir='ltr'>ρ.</span> <span class='ocrx_word' id='word_1_387' title='bbox 1148 3273 1273 3334; x_wconf 77' lang='lat' dir='ltr'>2H,</span> <span class='ocrx_word' id='word_1_388' title='bbox 1315 3269 1483 3323; x_wconf 74' lang='grc' dir='ltr'>Τοῦτό</span> <span class='ocrx_word' id='word_1_389' title='bbox 1511 3268 1648 3321; x_wconf 76' lang='grc' dir='ltr'>ἐστιν</span> <span class='ocrx_word' id='word_1_390' title='bbox 1702 3266 1920 3335; x_wconf 72' lang='grc' dir='ltr'>ἀληθῶς</span> <span class='ocrx_word' id='word_1_391' title='bbox 1968 3263 2068 3319; x_wconf 73' lang='grc' dir='ltr'>διόί</span> 
     </span>
    </p>
   </div>
   <div class='ocr_carea' id='block_1_54' title="bbox 2182 3263 3822 3342">
    <p class='ocr_par' dir='ltr' id='par_1_54' title="bbox 2182 3265 3822 3337">
     <span class='ocr_line' id='line_1_54' title="bbox 2182 3265 3822 3337; baseline 0.002 -19"><span class='ocrx_word' id='word_1_392' title='bbox 2182 3265 2286 3319; x_wconf 61' lang='lat' dir='ltr'>illa</span> <span class='ocrx_word' id='word_1_393' title='bbox 2313 3284 2324 3320; x_wconf 92' lang='lat'>:</span> <span class='ocrx_word' id='word_1_394' title='bbox 2360 3268 2481 3321; x_wconf 69' lang='lat' dir='ltr'>Haec</span> <span class='ocrx_word' id='word_1_395' title='bbox 2508 3272 2583 3321; x_wconf 72' lang='lat' dir='ltr'>est</span> <span class='ocrx_word' id='word_1_396' title='bbox 2615 3282 2741 3319; x_wconf 79' lang='lat' dir='ltr'>vera</span> <span class='ocrx_word' id='word_1_397' title='bbox 2770 3267 3044 3333; x_wconf 78' lang='lat' dir='ltr'>doctrina,</span> <span class='ocrx_word' id='word_1_398' title='bbox 3077 3276 3182 3323; x_wconf 86' lang='lat' dir='ltr'>elc.</span> <span class='ocrx_word' id='word_1_399' title='bbox 3240 3269 3349 3322; x_wconf 88' lang='lat' dir='ltr'>sub</span> <span class='ocrx_word' id='word_1_400' title='bbox 3382 3270 3582 3324; x_wconf 89' lang='lat' dir='ltr'>eodem</span> <span class='ocrx_word' id='word_1_401' title='bbox 3620 3268 3822 3337; x_wconf 88' lang='lat' dir='ltr'>titulo,</span> 
     </span>
    </p>
   </div>
   <div class='ocr_carea' id='block_1_55' title="bbox 417 3355 3818 3440">
    <p class='ocr_par' dir='ltr' id='par_1_55' title="bbox 417 3355 3818 3440">
     <span class='ocr_line' id='line_1_55' title="bbox 417 3355 3818 3440; baseline -0.002 -21"><span class='ocrx_word' id='word_1_402' title='bbox 417 3392 445 3419; x_wconf 85' lang='grc'>‹‹</span> <span class='ocrx_word' id='word_1_403' title='bbox 481 3366 680 3440; x_wconf 85' lang='lat' dir='ltr'>paucis</span> <span class='ocrx_word' id='word_1_404' title='bbox 712 3370 940 3419; x_wconf 88' lang='lat' dir='ltr'>tantum</span> <span class='ocrx_word' id='word_1_405' title='bbox 973 3362 1215 3417; x_wconf 83' lang='lat' dir='ltr'>mutatis</span> <span class='ocrx_word' id='word_1_406' title='bbox 1248 3361 1459 3415; x_wconf 85' lang='lat' dir='ltr'>verbis.</span> <span class='ocrx_word' id='word_1_407' title='bbox 1492 3358 1682 3413; x_wconf 87' lang='lat' dir='ltr'>Tertio</span> <span class='ocrx_word' id='word_1_408' title='bbox 1715 3358 1805 3411; x_wconf 92' lang='lat' dir='ltr'>hic</span> <span class='ocrx_word' id='word_1_409' title='bbox 1850 3356 2080 3410; x_wconf 70' lang='lat' dir='ltr'>libellus</span> <span class='ocrx_word' id='word_1_410' title='bbox 2113 3357 2182 3410; x_wconf 93' lang='lat' dir='ltr'>de</span> <span class='ocrx_word' id='word_1_411' title='bbox 2212 3355 2481 3409; x_wconf 79' lang='lat' dir='ltr'>Sahbatis</span> <span class='ocrx_word' id='word_1_412' title='bbox 2512 3360 2937 3426; x_wconf 85' lang='lat' dir='ltr'>consequenter</span> <span class='ocrx_word' id='word_1_413' title='bbox 2960 3358 3281 3427; x_wconf 86' lang='lat' dir='ltr'>eademque</span> <span class='ocrx_word' id='word_1_414' title='bbox 3325 3358 3540 3428; x_wconf 89' lang='lat' dir='ltr'>pariter</span> <span class='ocrx_word' id='word_1_415' title='bbox 3569 3358 3818 3428; x_wconf 72' lang='lat' dir='ltr'>inscrip~</span> 
     </span>
    </p>
   </div>
   <div class='ocr_carea' id='block_1_56' title="bbox 418 3445 3813 3525">
    <p class='ocr_par' dir='ltr' id='par_1_56' title="bbox 418 3445 3813 3525">
     <span class='ocr_line' id='line_1_56' title="bbox 418 3445 3813 3525; baseline -0.002 -16"><span class='ocrx_word' id='word_1_416' title='bbox 418 3484 443 3509; x_wconf 90' lang='grc'>‹‹</span> <span class='ocrx_word' id='word_1_417' title='bbox 479 3460 657 3513; x_wconf 88' lang='lat' dir='ltr'>tione.</span> <span class='ocrx_word' id='word_1_418' title='bbox 692 3456 886 3525; x_wconf 85' lang='lat' dir='ltr'>quue</span> <span class='ocrx_word' id='word_1_419' title='bbox 920 3469 1158 3525; x_wconf 84' lang='lat' dir='ltr'>prorsus</span> <span class='ocrx_word' id='word_1_420' title='bbox 1191 3452 1360 3506; x_wconf 91' lang='lat' dir='ltr'>modo</span> <span class='ocrx_word' id='word_1_421' title='bbox 1392 3453 1582 3519; x_wconf 80' lang='lat' dir='ltr'>iacent</span> <span class='ocrx_word' id='word_1_422' title='bbox 1613 3454 1669 3502; x_wconf 81' lang='lat' dir='ltr'>in</span> <span class='ocrx_word' id='word_1_423' title='bbox 1703 3448 1876 3501; x_wconf 87' lang='lat' dir='ltr'>editis</span> <span class='ocrx_word' id='word_1_424' title='bbox 1908 3447 2185 3501; x_wconf 90' lang='lat' dir='ltr'>omnibus</span> <span class='ocrx_word' id='word_1_425' title='bbox 2220 3446 2440 3500; x_wconf 86' lang='lat' dir='ltr'>Latinis</span> <span class='ocrx_word' id='word_1_426' title='bbox 2472 3445 2774 3500; x_wconf 84' lang='lat' dir='ltr'>Athanasii</span> <span class='ocrx_word' id='word_1_427' title='bbox 2803 3463 2870 3500; x_wconf 83' lang='lat' dir='ltr'>ex</span> <span class='ocrx_word' id='word_1_428' title='bbox 2901 3446 3110 3500; x_wconf 89' lang='lat' dir='ltr'>Nannii</span> <span class='ocrx_word' id='word_1_429' title='bbox 3143 3447 3427 3502; x_wconf 88' lang='lat' dir='ltr'>versione.</span> <span class='ocrx_word' id='word_1_430' title='bbox 3460 3450 3582 3513; x_wconf 89' lang='lat' dir='ltr'>Quo</span> <span class='ocrx_word' id='word_1_431' title='bbox 3616 3453 3813 3503; x_wconf 89' lang='lat' dir='ltr'>autem</span> 
     </span>
    </p>
   </div>
   <div class='ocr_carea' id='block_1_57' title="bbox 417 3534 3816 3610">
    <p class='ocr_par' dir='ltr' id='par_1_57' title="bbox 417 3534 3816 3610">
     <span class='ocr_line' id='line_1_57' title="bbox 417 3534 3816 3610; baseline -0.001 -12"><span class='ocrx_word' id='word_1_432' title='bbox 417 3572 443 3599; x_wconf 82' lang='grc'>‹‹</span> <span class='ocrx_word' id='word_1_433' title='bbox 480 3563 617 3602; x_wconf 91' lang='lat' dir='ltr'>casu</span> <span class='ocrx_word' id='word_1_434' title='bbox 652 3561 745 3599; x_wconf 88' lang='lat' dir='ltr'>res</span> <span class='ocrx_word' id='word_1_435' title='bbox 776 3544 856 3597; x_wconf 89' lang='lat' dir='ltr'>ita</span> <span class='ocrx_word' id='word_1_436' title='bbox 885 3543 1217 3610; x_wconf 72' lang='lat' dir='ltr'>disparatae,</span> <span class='ocrx_word' id='word_1_437' title='bbox 1269 3542 1693 3607; x_wconf 87' lang='lat' dir='ltr'>consequenter</span> <span class='ocrx_word' id='word_1_438' title='bbox 1722 3539 1778 3589; x_wconf 90' lang='lat' dir='ltr'>et</span> <span class='ocrx_word' id='word_1_439' title='bbox 1828 3536 1936 3589; x_wconf 88' lang='lat' dir='ltr'>sub</span> <span class='ocrx_word' id='word_1_440' title='bbox 1970 3536 2169 3589; x_wconf 83' lang='lat' dir='ltr'>eodem</span> <span class='ocrx_word' id='word_1_441' title='bbox 2219 3534 2387 3588; x_wconf 87' lang='lat' dir='ltr'>titulo</span> <span class='ocrx_word' id='word_1_442' title='bbox 2420 3534 2617 3603; x_wconf 70' lang='lat' dir='ltr'>posita:</span> <span class='ocrx_word' id='word_1_443' title='bbox 2667 3535 2900 3597; x_wconf 82' lang='lat' dir='ltr'>fuerint,</span> <span class='ocrx_word' id='word_1_444' title='bbox 2935 3536 3067 3606; x_wconf 90' lang='lat' dir='ltr'>quis</span> <span class='ocrx_word' id='word_1_445' title='bbox 3113 3537 3387 3605; x_wconf 79' lang='lat' dir='ltr'>augurari</span> <span class='ocrx_word' id='word_1_446' title='bbox 3419 3538 3657 3592; x_wconf 81' lang='lat' dir='ltr'>valeat?</span> <span class='ocrx_word' id='word_1_447' title='bbox 3686 3541 3816 3593; x_wconf 61' lang='lat' dir='ltr'>tunc</span> 
     </span>
    </p>
   </div>
   <div class='ocr_carea' id='block_1_58' title="bbox 416 3621 3819 3705">
    <p class='ocr_par' dir='ltr' id='par_1_58' title="bbox 416 3621 3819 3705">
     <span class='ocr_line' id='line_1_58' title="bbox 416 3621 3819 3705; baseline -0 -20"><span class='ocrx_word' id='word_1_448' title='bbox 416 3661 442 3685; x_wconf 83' lang='grc'><strong>‹‹</strong></span> <span class='ocrx_word' id='word_1_449' title='bbox 479 3630 762 3705; x_wconf 90' lang='lat' dir='ltr'>opuscula</span> <span class='ocrx_word' id='word_1_450' title='bbox 793 3647 895 3685; x_wconf 84' lang='lat' dir='ltr'>seu</span> <span class='ocrx_word' id='word_1_451' title='bbox 929 3632 1255 3699; x_wconf 80' lang='lat' dir='ltr'>fragmenta</span> <span class='ocrx_word' id='word_1_452' title='bbox 1286 3630 1435 3680; x_wconf 87' lang='lat' dir='ltr'>recte</span> <span class='ocrx_word' id='word_1_453' title='bbox 1464 3627 1701 3679; x_wconf 89' lang='lat' dir='ltr'>demum</span> <span class='ocrx_word' id='word_1_454' title='bbox 1735 3623 1919 3677; x_wconf 90' lang='lat' dir='ltr'>divisa</span> <span class='ocrx_word' id='word_1_455' title='bbox 1957 3624 2187 3677; x_wconf 83' lang='lat' dir='ltr'>luerunt</span> <span class='ocrx_word' id='word_1_456' title='bbox 2221 3640 2252 3675; x_wconf 90' lang='lat' dir='ltr'>a</span> <span class='ocrx_word' id='word_1_457' title='bbox 2282 3621 2761 3678; x_wconf 85' lang='lat' dir='ltr'>Commelinianis</span> <span class='ocrx_word' id='word_1_458' title='bbox 2808 3624 3151 3689; x_wconf 87' lang='lat' dir='ltr'>editoribus,</span> <span class='ocrx_word' id='word_1_459' title='bbox 3182 3642 3327 3695; x_wconf 93' lang='lat' dir='ltr'>quos</span> <span class='ocrx_word' id='word_1_460' title='bbox 3359 3627 3535 3680; x_wconf 80' lang='lat' dir='ltr'>secuti</span> <span class='ocrx_word' id='word_1_461' title='bbox 3569 3626 3649 3681; x_wconf 90' lang='lat' dir='ltr'>ita</span> <span class='ocrx_word' id='word_1_462' title='bbox 3677 3634 3819 3684; x_wconf 88' lang='lat' dir='ltr'>sunt</span> 
     </span>
    </p>
   </div>
   <div class='ocr_carea' id='block_1_59' title="bbox 414 3711 3809 3789">
    <p class='ocr_par' dir='ltr' id='par_1_59' title="bbox 414 3711 3809 3789">
     <span class='ocr_line' id='line_1_59' title="bbox 414 3711 3809 3789; baseline -0.001 -15"><span class='ocrx_word' id='word_1_463' title='bbox 414 3748 441 3774; x_wconf 91' lang='grc'>‹‹</span> <span class='ocrx_word' id='word_1_464' title='bbox 478 3722 853 3785; x_wconf 89' lang='lat' dir='ltr'>Parisienses,</span> <span class='ocrx_word' id='word_1_465' title='bbox 890 3724 953 3772; x_wconf 91' lang='lat' dir='ltr'>ut</span> <span class='ocrx_word' id='word_1_466' title='bbox 1002 3725 1310 3789; x_wconf 84' lang='lat' dir='ltr'>postquam</span> <span class='ocrx_word' id='word_1_467' title='bbox 1346 3722 1463 3769; x_wconf 86' lang='lat' dir='ltr'>tres</span> <span class='ocrx_word' id='word_1_468' title='bbox 1511 3713 1641 3768; x_wconf 90' lang='lat' dir='ltr'>illos</span> <span class='ocrx_word' id='word_1_469' title='bbox 1695 3719 1976 3767; x_wconf 83' lang='lat' dir='ltr'>tractatus</span> <span class='ocrx_word' id='word_1_470' title='bbox 2006 3711 2065 3766; x_wconf 92' lang='lat' dir='ltr'>in</span> <span class='ocrx_word' id='word_1_471' title='bbox 2099 3712 2289 3783; x_wconf 81' lang='lat' dir='ltr'>priore</span> <span class='ocrx_word' id='word_1_472' title='bbox 2342 3718 2496 3765; x_wconf 87' lang='lat' dir='ltr'>torno</span> <span class='ocrx_word' id='word_1_473' title='bbox 2529 3711 2760 3765; x_wconf 85' lang='lat' dir='ltr'>divisim</span> <span class='ocrx_word' id='word_1_474' title='bbox 2820 3711 3178 3777; x_wconf 89' lang='lat' dir='ltr'>retulissent,</span> <span class='ocrx_word' id='word_1_475' title='bbox 3212 3718 3276 3767; x_wconf 93' lang='lat' dir='ltr'>ut</span> <span class='ocrx_word' id='word_1_476' title='bbox 3309 3732 3399 3769; x_wconf 90' lang='lat' dir='ltr'>res</span> <span class='ocrx_word' id='word_1_477' title='bbox 3432 3716 3809 3786; x_wconf 82' lang='lat' dir='ltr'>postulabat;</span> 
     </span>
    </p>
   </div>
   <div class='ocr_carea' id='block_1_60' title="bbox 416 3801 3815 3876">
    <p class='ocr_par' dir='ltr' id='par_1_60' title="bbox 416 3801 3815 3876">
     <span class='ocr_line' id='line_1_60' title="bbox 416 3801 3815 3876; baseline -0.001 -12"><span class='ocrx_word' id='word_1_478' title='bbox 416 3840 441 3864; x_wconf 88' lang='grc'><strong>‹‹</strong></span> <span class='ocrx_word' id='word_1_479' title='bbox 471 3813 726 3868; x_wconf 87' lang='lat' dir='ltr'>secundo</span> <span class='ocrx_word' id='word_1_480' title='bbox 760 3811 967 3864; x_wconf 88' lang='lat' dir='ltr'>iterum</span> <span class='ocrx_word' id='word_1_481' title='bbox 1000 3812 1181 3872; x_wconf 81' lang='lat' dir='ltr'>torno;</span> <span class='ocrx_word' id='word_1_482' title='bbox 1213 3823 1269 3876; x_wconf 83' lang='lat' dir='ltr'>p.</span> <span class='ocrx_word' id='word_1_483' title='bbox 1298 3806 1387 3869; x_wconf 75' lang='grc'>64,</span> <span class='ocrx_word' id='word_1_484' title='bbox 1424 3806 1819 3875; x_wconf 76' lang='lat' dir='ltr'>fragmentum</span> <span class='ocrx_word' id='word_1_485' title='bbox 1854 3802 2257 3873; x_wconf 86' lang='lat' dir='ltr'>reposuerint:</span> <span class='ocrx_word' id='word_1_486' title='bbox 2295 3804 2506 3855; x_wconf 59' lang='lat' dir='ltr'>llwccst</span> <span class='ocrx_word' id='word_1_487' title='bbox 2538 3802 2686 3854; x_wconf 82' lang='lat' dir='ltr'>enim</span> <span class='ocrx_word' id='word_1_488' title='bbox 2716 3818 2845 3855; x_wconf 74' lang='lat' dir='ltr'>vera</span> <span class='ocrx_word' id='word_1_489' title='bbox 2867 3801 3138 3871; x_wconf 75' lang='lat' dir='ltr'>doctrina,</span> <span class='ocrx_word' id='word_1_490' title='bbox 3172 3809 3227 3856; x_wconf 88' lang='lat' dir='ltr'>et</span> <span class='ocrx_word' id='word_1_491' title='bbox 3257 3810 3677 3873; x_wconf 84' lang='lat' dir='ltr'>consequenter</span> <span class='ocrx_word' id='word_1_492' title='bbox 3707 3806 3815 3860; x_wconf 86' lang='lat' dir='ltr'>hoc</span> 
     </span>
    </p>
   </div>
   <div class='ocr_carea' id='block_1_61' title="bbox 416 3888 3817 3968">
    <p class='ocr_par' dir='ltr' id='par_1_61' title="bbox 416 3888 3817 3968">
     <span class='ocr_line' id='line_1_61' title="bbox 416 3888 3817 3968; baseline -0.001 -15"><span class='ocrx_word' id='word_1_493' title='bbox 416 3926 443 3953; x_wconf 83' lang='grc'>‹‹</span> <span class='ocrx_word' id='word_1_494' title='bbox 477 3906 545 3957; x_wconf 90' lang='lat' dir='ltr'>de</span> <span class='ocrx_word' id='word_1_495' title='bbox 576 3898 843 3956; x_wconf 83' lang='lat' dir='ltr'>Sabbatis</span> <span class='ocrx_word' id='word_1_496' title='bbox 873 3894 1246 3968; x_wconf 88' lang='lat' dir='ltr'>opusculum.</span> <span class='ocrx_word' id='word_1_497' title='bbox 1301 3894 1525 3949; x_wconf 83' lang='lat' dir='ltr'>Primus</span> <span class='ocrx_word' id='word_1_498' title='bbox 1559 3908 1727 3962; x_wconf 87' lang='lat' dir='ltr'>porro</span> <span class='ocrx_word' id='word_1_499' title='bbox 1785 3896 2091 3955; x_wconf 81' lang='lat' dir='ltr'>tractatus,</span> <span class='ocrx_word' id='word_1_500' title='bbox 2126 3905 2335 3960; x_wconf 88' lang='lat' dir='ltr'>nempe</span> <span class='ocrx_word' id='word_1_501' title='bbox 2368 3889 2425 3941; x_wconf 89' lang='lat' dir='ltr'>in</span> <span class='ocrx_word' id='word_1_502' title='bbox 2469 3888 2611 3941; x_wconf 91' lang='lat' dir='ltr'>illud</span> <span class='ocrx_word' id='word_1_503' title='bbox 2640 3904 2652 3941; x_wconf 72' lang='grc' dir='ltr'>ε</span> <span class='ocrx_word' id='word_1_504' title='bbox 2696 3889 2893 3943; x_wconf 73' lang='lat' dir='ltr'>Omnia</span> <span class='ocrx_word' id='word_1_505' title='bbox 2946 3890 3087 3944; x_wconf 80' lang='lat' dir='ltr'>mihi</span> <span class='ocrx_word' id='word_1_506' title='bbox 3116 3892 3324 3945; x_wconf 81' lang='lat' dir='ltr'>tradita</span> <span class='ocrx_word' id='word_1_507' title='bbox 3356 3900 3502 3957; x_wconf 76' lang='lat' dir='ltr'>sunt,</span> <span class='ocrx_word' id='word_1_508' title='bbox 3533 3902 3655 3958; x_wconf 80' lang='lat' dir='ltr'>etc.,</span> <span class='ocrx_word' id='word_1_509' title='bbox 3689 3893 3817 3949; x_wconf 91' lang='lat' dir='ltr'>suis</span> 
     </span>
    </p>
   </div>
   <div class='ocr_carea' id='block_1_62' title="bbox 416 3977 3817 4056">
    <p class='ocr_par' dir='ltr' id='par_1_62' title="bbox 416 3977 3817 4056">
     <span class='ocr_line' id='line_1_62' title="bbox 416 3977 3817 4056; baseline -0.001 -16"><span class='ocrx_word' id='word_1_510' title='bbox 416 4014 444 4040; x_wconf 82' lang='grc' dir='ltr'>ι(</span> <span class='ocrx_word' id='word_1_511' title='bbox 478 4006 604 4045; x_wconf 84' lang='lat' dir='ltr'>sese</span> <span class='ocrx_word' id='word_1_512' title='bbox 634 3988 785 4042; x_wconf 92' lang='lat' dir='ltr'>notis</span> <span class='ocrx_word' id='word_1_513' title='bbox 815 3985 1006 4056; x_wconf 91' lang='lat' dir='ltr'>prodit</span> <span class='ocrx_word' id='word_1_514' title='bbox 1034 3999 1163 4037; x_wconf 87' lang='lat' dir='ltr'>esse</span> <span class='ocrx_word' id='word_1_515' title='bbox 1205 3981 1692 4036; x_wconf 83' lang='lat' dir='ltr'>Athanasianum.</span> <span class='ocrx_word' id='word_1_516' title='bbox 1726 3979 1870 4034; x_wconf 88' lang='lat' dir='ltr'>Vide</span> <span class='ocrx_word' id='word_1_517' title='bbox 1923 3980 2110 4050; x_wconf 92' lang='lat' dir='ltr'>primo</span> <span class='ocrx_word' id='word_1_518' title='bbox 2143 3984 2301 4032; x_wconf 89' lang='lat' dir='ltr'>torno</span> <span class='ocrx_word' id='word_1_519' title='bbox 2353 3994 2409 4048; x_wconf 86' lang='lat' dir='ltr'>p.</span> <span class='ocrx_word' id='word_1_520' title='bbox 2441 3977 2529 4030; x_wconf 86' lang='grc'>81.</span> <span class='ocrx_word' id='word_1_521' title='bbox 2581 3977 2993 4048; x_wconf 80' lang='lat' dir='ltr'>Fragmentum</span> <span class='ocrx_word' id='word_1_522' title='bbox 3045 3996 3214 4035; x_wconf 88' lang='lat' dir='ltr'>vero:</span> <span class='ocrx_word' id='word_1_523' title='bbox 3248 3981 3370 4034; x_wconf 71' lang='lat' dir='ltr'>Haec</span> <span class='ocrx_word' id='word_1_524' title='bbox 3398 3985 3476 4035; x_wconf 74' lang='lat' dir='ltr'>est</span> <span class='ocrx_word' id='word_1_525' title='bbox 3506 3982 3650 4036; x_wconf 76' lang='lat' dir='ltr'>enim</span> <span class='ocrx_word' id='word_1_526' title='bbox 3682 3999 3817 4038; x_wconf 84' lang='lat' dir='ltr'>vera</span> 
     </span>
    </p>
   </div>
   <div class='ocr_carea' id='block_1_63' title="bbox 415 4066 3819 4143">
    <p class='ocr_par' dir='ltr' id='par_1_63' title="bbox 415 4066 3819 4143">
     <span class='ocr_line' id='line_1_63' title="bbox 415 4066 3819 4143; baseline -0.001 -15"><span class='ocrx_word' id='word_1_527' title='bbox 415 4102 443 4128; x_wconf 84' lang='lat'><strong>«</strong></span> <span class='ocrx_word' id='word_1_528' title='bbox 475 4078 746 4143; x_wconf 82' lang='lat' dir='ltr'>doctrina,</span> <span class='ocrx_word' id='word_1_529' title='bbox 779 4074 1035 4128; x_wconf 83' lang='lat' dir='ltr'>diximus</span> <span class='ocrx_word' id='word_1_530' title='bbox 1067 4088 1136 4126; x_wconf 86' lang='lat' dir='ltr'>ex</span> <span class='ocrx_word' id='word_1_531' title='bbox 1164 4070 1312 4125; x_wconf 89' lang='lat' dir='ltr'>libro</span> <span class='ocrx_word' id='word_1_532' title='bbox 1343 4070 1415 4124; x_wconf 84' lang='lat' dir='ltr'>de</span> <span class='ocrx_word' id='word_1_533' title='bbox 1457 4069 1706 4124; x_wconf 71' lang='lat' dir='ltr'>Nicaenis</span> <span class='ocrx_word' id='word_1_534' title='bbox 1736 4068 1981 4122; x_wconf 85' lang='lat' dir='ltr'>decretis</span> <span class='ocrx_word' id='word_1_535' title='bbox 2030 4072 2363 4137; x_wconf 79' lang='lat' dir='ltr'>excerptum</span> <span class='ocrx_word' id='word_1_536' title='bbox 2400 4066 2600 4120; x_wconf 82' lang='lat' dir='ltr'>fuisse.</span> <span class='ocrx_word' id='word_1_537' title='bbox 2653 4066 2815 4121; x_wconf 87' lang='lat' dir='ltr'>Hunc</span> <span class='ocrx_word' id='word_1_538' title='bbox 2854 4083 2985 4123; x_wconf 79' lang='lat' dir='ltr'>vero</span> <span class='ocrx_word' id='word_1_539' title='bbox 3036 4074 3351 4123; x_wconf 83' lang='lat' dir='ltr'>tractatum</span> <span class='ocrx_word' id='word_1_540' title='bbox 3384 4071 3538 4140; x_wconf 91' lang='lat' dir='ltr'>quod</span> <span class='ocrx_word' id='word_1_541' title='bbox 3571 4077 3819 4142; x_wconf 81' lang='lat' dir='ltr'>spectat,</span> 
     </span>
    </p>
   </div>
   <div class='ocr_carea' id='block_1_64' title="bbox 414 4153 2068 4231">
    <p class='ocr_par' dir='ltr' id='par_1_64' title="bbox 414 4158 2068 4229">
     <span class='ocr_line' id='line_1_64' title="bbox 414 4158 2068 4229; baseline -0.002 -14"><span class='ocrx_word' id='word_1_542' title='bbox 414 4190 441 4215; x_wconf 86' lang='grc'>‹‹</span> <span class='ocrx_word' id='word_1_543' title='bbox 476 4184 547 4222; x_wconf 89' lang='lat' dir='ltr'>an</span> <span class='ocrx_word' id='word_1_544' title='bbox 580 4161 887 4219; x_wconf 80' lang='lat' dir='ltr'>Athanasii</span> <span class='ocrx_word' id='word_1_545' title='bbox 918 4161 995 4216; x_wconf 92' lang='lat' dir='ltr'>sit</span> <span class='ocrx_word' id='word_1_546' title='bbox 1026 4175 1228 4223; x_wconf 89' lang='lat' dir='ltr'>necne,</span> <span class='ocrx_word' id='word_1_547' title='bbox 1258 4159 1351 4212; x_wconf 86' lang='lat' dir='ltr'>vix</span> <span class='ocrx_word' id='word_1_548' title='bbox 1381 4158 1735 4229; x_wconf 87' lang='lat' dir='ltr'>deprehendi</span> <span class='ocrx_word' id='word_1_549' title='bbox 1769 4162 1975 4228; x_wconf 88' lang='lat' dir='ltr'>potest,</span> <span class='ocrx_word' id='word_1_550' title='bbox 2009 4172 2068 4211; x_wconf 70' lang='lat' dir='ltr'>et</span> 
     </span>
    </p>
   </div>
   <div class='ocr_carea' id='block_1_65' title="bbox 2182 4153 3820 4231">
    <p class='ocr_par' dir='ltr' id='par_1_65' title="bbox 2182 4153 3820 4231">
     <span class='ocr_line' id='line_1_65' title="bbox 2182 4153 3820 4231; baseline 0.004 -21"><span class='ocrx_word' id='word_1_551' title='bbox 2182 4154 2337 4210; x_wconf 91' lang='lat' dir='ltr'>nulla</span> <span class='ocrx_word' id='word_1_552' title='bbox 2367 4154 2597 4227; x_wconf 87' lang='lat' dir='ltr'>uspiam</span> <span class='ocrx_word' id='word_1_553' title='bbox 2632 4153 2717 4210; x_wconf 88' lang='lat' dir='ltr'>vel</span> <span class='ocrx_word' id='word_1_554' title='bbox 2748 4153 2956 4216; x_wconf 76' lang='grc' dir='ltr'>νοθείας</span> <span class='ocrx_word' id='word_1_555' title='bbox 2992 4155 3078 4211; x_wconf 91' lang='lat' dir='ltr'>vel</span> <span class='ocrx_word' id='word_1_556' title='bbox 3107 4155 3467 4231; x_wconf 75' lang='grc' dir='ltr'>γνησιότητος</span> <span class='ocrx_word' id='word_1_557' title='bbox 3499 4164 3637 4214; x_wconf 89' lang='lat' dir='ltr'>nota</span> <span class='ocrx_word' id='word_1_558' title='bbox 3665 4176 3820 4215; x_wconf 84' lang='lat' dir='ltr'>com-</span> 
     </span>
    </p>
   </div>
   <div class='ocr_carea' id='block_1_66' title="bbox 414 4244 3818 4327">
    <p class='ocr_par' dir='ltr' id='par_1_66' title="bbox 414 4244 3818 4327">
     <span class='ocr_line' id='line_1_66' title="bbox 414 4244 3818 4327; baseline -0.001 -20"><span class='ocrx_word' id='word_1_559' title='bbox 414 4280 441 4307; x_wconf 87' lang='grc'>‹‹</span> <span class='ocrx_word' id='word_1_560' title='bbox 476 4258 712 4327; x_wconf 89' lang='lat' dir='ltr'>pareat:</span> <span class='ocrx_word' id='word_1_561' title='bbox 750 4249 1003 4306; x_wconf 67' lang='lat' dir='ltr'>homiliaa</span> <span class='ocrx_word' id='word_1_562' title='bbox 1034 4263 1289 4319; x_wconf 87' lang='lat' dir='ltr'>namque</span> <span class='ocrx_word' id='word_1_563' title='bbox 1322 4250 1574 4318; x_wconf 90' lang='lat' dir='ltr'>speciem</span> <span class='ocrx_word' id='word_1_564' title='bbox 1601 4247 1848 4318; x_wconf 70' lang='lat' dir='ltr'>praefert,</span> <span class='ocrx_word' id='word_1_565' title='bbox 1880 4264 1991 4316; x_wconf 89' lang='lat' dir='ltr'>quo</span> <span class='ocrx_word' id='word_1_566' title='bbox 2025 4245 2317 4301; x_wconf 85' lang='lat' dir='ltr'>scribendi</span> <span class='ocrx_word' id='word_1_567' title='bbox 2350 4260 2559 4316; x_wconf 89' lang='lat' dir='ltr'>genere</span> <span class='ocrx_word' id='word_1_568' title='bbox 2600 4244 2744 4298; x_wconf 91' lang='lat' dir='ltr'>nihil</span> <span class='ocrx_word' id='word_1_569' title='bbox 2776 4244 2961 4300; x_wconf 89' lang='lat' dir='ltr'>edidit</span> <span class='ocrx_word' id='word_1_570' title='bbox 3006 4246 3384 4313; x_wconf 87' lang='lat' dir='ltr'>Athanasius,</span> <span class='ocrx_word' id='word_1_571' title='bbox 3418 4249 3573 4319; x_wconf 90' lang='lat' dir='ltr'>quod</span> <span class='ocrx_word' id='word_1_572' title='bbox 3605 4250 3675 4304; x_wconf 90' lang='lat' dir='ltr'>ad</span> <span class='ocrx_word' id='word_1_573' title='bbox 3712 4267 3818 4305; x_wconf 87' lang='lat' dir='ltr'>nos</span> 
     </span>
    </p>
   </div>
   <div class='ocr_carea' id='block_1_67' title="bbox 417 4332 2696 4413">
    <p class='ocr_par' dir='ltr' id='par_1_67' title="bbox 417 4332 2696 4413">
     <span class='ocr_line' id='line_1_67' title="bbox 417 4332 2696 4413; baseline -0.006 -18"><span class='ocrx_word' id='word_1_574' title='bbox 417 4364 443 4395; x_wconf 81' lang='grc' dir='ltr'>ιι</span> <span class='ocrx_word' id='word_1_575' title='bbox 474 4357 660 4413; x_wconf 91' lang='lat' dir='ltr'>usque</span> <span class='ocrx_word' id='word_1_576' title='bbox 692 4336 1052 4412; x_wconf 88' lang='lat' dir='ltr'>pervenerit:</span> <span class='ocrx_word' id='word_1_577' title='bbox 1087 4337 1237 4391; x_wconf 91' lang='lat' dir='ltr'>unde</span> <span class='ocrx_word' id='word_1_578' title='bbox 1262 4335 1355 4389; x_wconf 82' lang='lat' dir='ltr'>vix</span> <span class='ocrx_word' id='word_1_579' title='bbox 1385 4351 1452 4390; x_wconf 84' lang='lat' dir='ltr'>ex</span> <span class='ocrx_word' id='word_1_580' title='bbox 1486 4333 1632 4405; x_wconf 80' lang='lat' dir='ltr'>style</span> <span class='ocrx_word' id='word_1_581' title='bbox 1665 4333 1884 4405; x_wconf 90' lang='lat' dir='ltr'>aliquid</span> <span class='ocrx_word' id='word_1_582' title='bbox 1917 4332 2149 4389; x_wconf 88' lang='lat' dir='ltr'>decerni</span> <span class='ocrx_word' id='word_1_583' title='bbox 2181 4348 2351 4405; x_wconf 87' lang='lat' dir='ltr'>posse</span> <span class='ocrx_word' id='word_1_584' title='bbox 2382 4333 2628 4387; x_wconf 88' lang='lat' dir='ltr'>videtur.</span> <span class='ocrx_word' id='word_1_585' title='bbox 2669 4353 2696 4383; x_wconf 83' lang='lat'><strong>»</strong></span> 
     </span>
    </p>
   </div>
   <div class='ocr_carea' id='block_1_68' title="bbox 482 4421 3819 4501">
    <p class='ocr_par' dir='ltr' id='par_1_68' title="bbox 482 4421 3819 4501">
     <span class='ocr_line' id='line_1_68' title="bbox 482 4421 3819 4501; baseline 0.001 -22"><span class='ocrx_word' id='word_1_586' title='bbox 482 4456 509 4480; x_wconf 80' lang='grc'>‹‹</span> <span class='ocrx_word' id='word_1_587' title='bbox 545 4432 616 4485; x_wconf 89' lang='grc' dir='ltr'>ΙΙ.</span> <span class='ocrx_word' id='word_1_588' title='bbox 648 4429 851 4501; x_wconf 86' lang='lat' dir='ltr'>Agitur</span> <span class='ocrx_word' id='word_1_589' title='bbox 882 4425 973 4481; x_wconf 90' lang='lat' dir='ltr'>hic</span> <span class='ocrx_word' id='word_1_590' title='bbox 996 4425 1067 4479; x_wconf 90' lang='lat' dir='ltr'>de</span> <span class='ocrx_word' id='word_1_591' title='bbox 1097 4424 1370 4491; x_wconf 87' lang='lat' dir='ltr'>Sabbato,</span> <span class='ocrx_word' id='word_1_592' title='bbox 1406 4423 1562 4493; x_wconf 90' lang='lat' dir='ltr'>quod</span> <span class='ocrx_word' id='word_1_593' title='bbox 1598 4439 1712 4477; x_wconf 89' lang='lat' dir='ltr'>non</span> <span class='ocrx_word' id='word_1_594' title='bbox 1743 4423 1866 4493; x_wconf 90' lang='lat' dir='ltr'>otii,</span> <span class='ocrx_word' id='word_1_595' title='bbox 1899 4423 1998 4478; x_wconf 77' lang='lat' dir='ltr'>sed</span> <span class='ocrx_word' id='word_1_596' title='bbox 2037 4423 2132 4478; x_wconf 90' lang='lat' dir='ltr'>Dei</span> <span class='ocrx_word' id='word_1_597' title='bbox 2167 4421 2556 4494; x_wconf 90' lang='lat' dir='ltr'>cognoscendi</span> <span class='ocrx_word' id='word_1_598' title='bbox 2593 4437 2772 4476; x_wconf 87' lang='lat' dir='ltr'>causa</span> <span class='ocrx_word' id='word_1_599' title='bbox 2801 4421 3003 4476; x_wconf 83' lang='lat' dir='ltr'>datum</span> <span class='ocrx_word' id='word_1_600' title='bbox 3036 4421 3385 4491; x_wconf 83' lang='lat' dir='ltr'>defenditur,</span> <span class='ocrx_word' id='word_1_601' title='bbox 3419 4425 3489 4480; x_wconf 89' lang='lat' dir='ltr'>de</span> <span class='ocrx_word' id='word_1_602' title='bbox 3511 4424 3819 4482; x_wconf 88' lang='lat' dir='ltr'>Dominiea</span> 
     </span>
    </p>
   </div>
   <div class='ocr_carea' id='block_1_69' title="bbox 414 4510 3818 4586">
    <p class='ocr_par' dir='ltr' id='par_1_69' title="bbox 414 4510 3818 4586">
     <span class='ocr_line' id='line_1_69' title="bbox 414 4510 3818 4586; baseline -0.001 -15"><span class='ocrx_word' id='word_1_603' title='bbox 414 4542 440 4571; x_wconf 88' lang='grc'><em>‹‹</em></span> <span class='ocrx_word' id='word_1_604' title='bbox 474 4520 633 4583; x_wconf 88' lang='lat' dir='ltr'>item,</span> <span class='ocrx_word' id='word_1_605' title='bbox 668 4518 739 4573; x_wconf 90' lang='lat' dir='ltr'>de</span> <span class='ocrx_word' id='word_1_606' title='bbox 770 4514 1213 4571; x_wconf 88' lang='lat' dir='ltr'>circumcisione</span> <span class='ocrx_word' id='word_1_607' title='bbox 1245 4515 1300 4566; x_wconf 90' lang='lat' dir='ltr'>et</span> <span class='ocrx_word' id='word_1_608' title='bbox 1341 4510 1720 4581; x_wconf 83' lang='lat' dir='ltr'>baptismate.</span> <span class='ocrx_word' id='word_1_609' title='bbox 1755 4515 1822 4565; x_wconf 85' lang='lat' dir='ltr'>Et</span> <span class='ocrx_word' id='word_1_610' title='bbox 1846 4527 1987 4566; x_wconf 90' lang='lat' dir='ltr'>sane</span> <span class='ocrx_word' id='word_1_611' title='bbox 2030 4512 2345 4579; x_wconf 84' lang='lat' dir='ltr'>quamdam</span> <span class='ocrx_word' id='word_1_612' title='bbox 2380 4510 2685 4581; x_wconf 86' lang='lat' dir='ltr'>dignitatis</span> <span class='ocrx_word' id='word_1_613' title='bbox 2734 4510 2985 4582; x_wconf 88' lang='lat' dir='ltr'>speciem</span> <span class='ocrx_word' id='word_1_614' title='bbox 3021 4513 3251 4581; x_wconf 72' lang='lat' dir='ltr'>praafert</span> <span class='ocrx_word' id='word_1_615' title='bbox 3298 4512 3407 4569; x_wconf 91' lang='lat' dir='ltr'>hoc</span> <span class='ocrx_word' id='word_1_616' title='bbox 3440 4512 3818 4586; x_wconf 89' lang='lat' dir='ltr'>opusculum,</span> 
     </span>
    </p>
   </div>
   <div class='ocr_carea' id='block_1_70' title="bbox 412 4598 3815 4672">
    <p class='ocr_par' dir='ltr' id='par_1_70' title="bbox 412 4598 3815 4672">
     <span class='ocr_line' id='line_1_70' title="bbox 412 4598 3815 4672; baseline -0.001 -11"><span class='ocrx_word' id='word_1_617' title='bbox 412 4634 439 4661; x_wconf 85' lang='lat'>«</span> <span class='ocrx_word' id='word_1_618' title='bbox 468 4614 534 4664; x_wconf 90' lang='lat' dir='ltr'>ut</span> <span class='ocrx_word' id='word_1_619' title='bbox 563 4608 612 4665; x_wconf 92' lang='lat' dir='ltr'>si</span> <span class='ocrx_word' id='word_1_620' title='bbox 644 4623 757 4663; x_wconf 90' lang='lat' dir='ltr'>non</span> <span class='ocrx_word' id='word_1_621' title='bbox 790 4602 1090 4659; x_wconf 88' lang='lat' dir='ltr'>Athanasii</span> <span class='ocrx_word' id='word_1_622' title='bbox 1126 4601 1202 4656; x_wconf 88' lang='lat' dir='ltr'>sit</span> <span class='ocrx_word' id='word_1_623' title='bbox 1236 4600 1484 4670; x_wconf 87' lang='lat' dir='ltr'>alicujus</span> <span class='ocrx_word' id='word_1_624' title='bbox 1516 4598 1721 4654; x_wconf 89' lang='lat' dir='ltr'>saltem</span> <span class='ocrx_word' id='word_1_625' title='bbox 1757 4600 1833 4671; x_wconf 93' lang='lat' dir='ltr'>pii</span> <span class='ocrx_word' id='word_1_626' title='bbox 1888 4600 2155 4668; x_wconf 90' lang='lat' dir='ltr'>doctique</span> <span class='ocrx_word' id='word_1_627' title='bbox 2187 4600 2292 4653; x_wconf 89' lang='lat' dir='ltr'>viri</span> <span class='ocrx_word' id='word_1_628' title='bbox 2334 4615 2480 4669; x_wconf 89' lang='lat' dir='ltr'>opus</span> <span class='ocrx_word' id='word_1_629' title='bbox 2529 4614 2656 4653; x_wconf 82' lang='lat' dir='ltr'>esse</span> <span class='ocrx_word' id='word_1_630' title='bbox 2691 4602 2941 4668; x_wconf 90' lang='lat' dir='ltr'>putetur.</span> <span class='ocrx_word' id='word_1_631' title='bbox 2979 4598 3333 4655; x_wconf 89' lang='lat' dir='ltr'>Monendum</span> <span class='ocrx_word' id='word_1_632' title='bbox 3368 4601 3615 4672; x_wconf 88' lang='lat' dir='ltr'>denique</span> <span class='ocrx_word' id='word_1_633' title='bbox 3646 4603 3815 4657; x_wconf 81' lang='lat' dir='ltr'>duxi-</span> 
     </span>
    </p>
   </div>
   <div class='ocr_carea' id='block_1_71' title="bbox 417 4686 3817 4764">
    <p class='ocr_par' dir='ltr' id='par_1_71' title="bbox 417 4686 3817 4764">
     <span class='ocr_line' id='line_1_71' title="bbox 417 4686 3817 4764; baseline -0.001 -16"><span class='ocrx_word' id='word_1_634' title='bbox 417 4720 437 4748; x_wconf 79' lang='grc' dir='ltr'>ι</span> <span class='ocrx_word' id='word_1_635' title='bbox 474 4715 626 4764; x_wconf 85' lang='lat' dir='ltr'>mus,</span> <span class='ocrx_word' id='word_1_636' title='bbox 660 4696 731 4752; x_wconf 90' lang='lat' dir='ltr'>ad</span> <span class='ocrx_word' id='word_1_637' title='bbox 759 4695 1081 4751; x_wconf 90' lang='lat' dir='ltr'>orationem</span> <span class='ocrx_word' id='word_1_638' title='bbox 1113 4696 1381 4763; x_wconf 89' lang='lat' dir='ltr'>quartam</span> <span class='ocrx_word' id='word_1_639' title='bbox 1433 4694 1636 4744; x_wconf 88' lang='lat' dir='ltr'>contra</span> <span class='ocrx_word' id='word_1_640' title='bbox 1667 4689 1934 4757; x_wconf 85' lang='lat' dir='ltr'>Arianos,</span> <span class='ocrx_word' id='word_1_641' title='bbox 1986 4692 2121 4755; x_wconf 85' lang='lat' dir='ltr'>tom,</span> <span class='ocrx_word' id='word_1_642' title='bbox 2153 4690 2220 4753; x_wconf 86' lang='lat' dir='ltr'>II,</span> <span class='ocrx_word' id='word_1_643' title='bbox 2271 4706 2326 4757; x_wconf 80' lang='grc' dir='ltr'>ρ.</span> <span class='ocrx_word' id='word_1_644' title='bbox 2364 4686 2486 4754; x_wconf 79' lang='grc'>496,</span> <span class='ocrx_word' id='word_1_645' title='bbox 2539 4686 2595 4740; x_wconf 91' lang='lat' dir='ltr'>in</span> <span class='ocrx_word' id='word_1_646' title='bbox 2628 4687 2892 4755; x_wconf 89' lang='lat' dir='ltr'>margine</span> <span class='ocrx_word' id='word_1_647' title='bbox 2940 4686 3206 4741; x_wconf 88' lang='lat' dir='ltr'>codicum</span> <span class='ocrx_word' id='word_1_648' title='bbox 3257 4689 3455 4755; x_wconf 91' lang='lat' dir='ltr'>Basil.,</span> <span class='ocrx_word' id='word_1_649' title='bbox 3491 4690 3721 4745; x_wconf 87' lang='lat' dir='ltr'>Gobler.</span> <span class='ocrx_word' id='word_1_650' title='bbox 3757 4696 3817 4747; x_wconf 84' lang='lat' dir='ltr'>et</span> 
     </span>
    </p>
   </div>
   <div class='ocr_carea' id='block_1_72' title="bbox 409 4770 2068 4852">
    <p class='ocr_par' dir='ltr' id='par_1_72' title="bbox 409 4771 2068 4852">
     <span class='ocr_line' id='line_1_72' title="bbox 409 4771 2068 4852; baseline -0.009 -9"><span class='ocrx_word' id='word_1_651' title='bbox 409 4811 435 4838; x_wconf 85' lang='lat'>«</span> <span class='ocrx_word' id='word_1_652' title='bbox 473 4788 726 4844; x_wconf 86' lang='lat' dir='ltr'>Felckm.</span> <span class='ocrx_word' id='word_1_653' title='bbox 762 4785 814 4849; x_wconf 71' lang='grc'>4,</span> <span class='ocrx_word' id='word_1_654' title='bbox 844 4783 964 4837; x_wconf 74' lang='lat' dir='ltr'>haec</span> <span class='ocrx_word' id='word_1_655' title='bbox 990 4781 1135 4852; x_wconf 85' lang='lat' dir='ltr'>legi:</span> <span class='ocrx_word' id='word_1_656' title='bbox 1169 4779 1241 4831; x_wconf 71' lang='grc' dir='ltr'>Τὰ</span> <span class='ocrx_word' id='word_1_657' title='bbox 1272 4776 1393 4851; x_wconf 76' lang='grc' dir='ltr'>περὶ</span> <span class='ocrx_word' id='word_1_658' title='bbox 1428 4771 1709 4830; x_wconf 69' lang='grc' dir='ltr'>σαϐϐάτων</span> <span class='ocrx_word' id='word_1_659' title='bbox 1744 4777 1833 4829; x_wconf 80' lang='grc' dir='ltr'>καὶ</span> <span class='ocrx_word' id='word_1_660' title='bbox 1856 4795 2068 4847; x_wconf 49' lang='grc' dir='ltr'>περιτο(</span> 
     </span>
    </p>
   </div>
   <div class='ocr_carea' id='block_1_73' title="bbox 2182 4770 3813 4852">
    <p class='ocr_par' dir='ltr' id='par_1_73' title="bbox 2182 4770 3813 4850">
     <span class='ocr_line' id='line_1_73' title="bbox 2182 4770 3813 4850; baseline 0.004 -23"><span class='ocrx_word' id='word_1_661' title='bbox 2182 4771 2289 4827; x_wconf 79' lang='grc' dir='ltr'>ὦδε</span> <span class='ocrx_word' id='word_1_662' title='bbox 2320 4770 2539 4827; x_wconf 75' lang='grc' dir='ltr'>ἔκειντο.</span> <span class='ocrx_word' id='word_1_663' title='bbox 2571 4772 2903 4843; x_wconf 74' lang='grc' dir='ltr'>Οριιδειιιιιιη</span> <span class='ocrx_word' id='word_1_664' title='bbox 2925 4774 2990 4828; x_wconf 82' lang='lat' dir='ltr'>de</span> <span class='ocrx_word' id='word_1_665' title='bbox 3019 4773 3276 4828; x_wconf 75' lang='lat' dir='ltr'>Sabbatis</span> <span class='ocrx_word' id='word_1_666' title='bbox 3296 4785 3345 4829; x_wconf 80' lang='lat' dir='ltr'>et</span> <span class='ocrx_word' id='word_1_667' title='bbox 3373 4778 3813 4850; x_wconf 71' lang='lat' dir='ltr'>cirwmcz’sione,</span> 
     </span>
    </p>
   </div>
   <div class='ocr_carea' id='block_1_74' title="bbox 409 4861 3812 4947">
    <p class='ocr_par' dir='ltr' id='par_1_74' title="bbox 409 4861 3812 4947">
     <span class='ocr_line' id='line_1_74' title="bbox 409 4861 3812 4947; baseline -0.001 -20"><span class='ocrx_word' id='word_1_668' title='bbox 409 4903 435 4927; x_wconf 81' lang='grc'>‹‹</span> <span class='ocrx_word' id='word_1_669' title='bbox 471 4879 559 4932; x_wconf 80' lang='lat' dir='ltr'>hic</span> <span class='ocrx_word' id='word_1_670' title='bbox 582 4878 820 4947; x_wconf 78' lang='lat' dir='ltr'>positum</span> <span class='ocrx_word' id='word_1_671' title='bbox 850 4880 1010 4927; x_wconf 78' lang='lat' dir='ltr'>erat:</span> <span class='ocrx_word' id='word_1_672' title='bbox 1044 4868 1181 4939; x_wconf 92' lang='lat' dir='ltr'>quid</span> <span class='ocrx_word' id='word_1_673' title='bbox 1217 4885 1405 4922; x_wconf 67' lang='lat' dir='ltr'>causa:</span> <span class='ocrx_word' id='word_1_674' title='bbox 1441 4884 1569 4921; x_wconf 84' lang='lat' dir='ltr'>vero</span> <span class='ocrx_word' id='word_1_675' title='bbox 1601 4865 1677 4920; x_wconf 85' lang='lat' dir='ltr'>sit</span> <span class='ocrx_word' id='word_1_676' title='bbox 1707 4866 1860 4938; x_wconf 86' lang='lat' dir='ltr'>quod</span> <span class='ocrx_word' id='word_1_677' title='bbox 1892 4881 1957 4919; x_wconf 90' lang='lat' dir='ltr'>eo</span> <span class='ocrx_word' id='word_1_678' title='bbox 1989 4864 2101 4920; x_wconf 90' lang='lat' dir='ltr'>loci</span> <span class='ocrx_word' id='word_1_679' title='bbox 2130 4862 2479 4919; x_wconf 86' lang='lat' dir='ltr'>translatum</span> <span class='ocrx_word' id='word_1_680' title='bbox 2518 4861 2708 4927; x_wconf 83' lang='lat' dir='ltr'>fuerit,</span> <span class='ocrx_word' id='word_1_681' title='bbox 2744 4877 2813 4915; x_wconf 90' lang='lat' dir='ltr'>ne</span> <span class='ocrx_word' id='word_1_682' title='bbox 2845 4862 3172 4930; x_wconf 81' lang='lat' dir='ltr'>conjectare</span> <span class='ocrx_word' id='word_1_683' title='bbox 3203 4863 3438 4933; x_wconf 86' lang='lat' dir='ltr'>quidem</span> <span class='ocrx_word' id='word_1_684' title='bbox 3471 4863 3645 4933; x_wconf 87' lang='lat' dir='ltr'>licet;</span> <span class='ocrx_word' id='word_1_685' title='bbox 3677 4884 3812 4924; x_wconf 90' lang='lat' dir='ltr'>cum</span> 
     </span>
    </p>
   </div>
   <div class='ocr_carea' id='block_1_75' title="bbox 411 4958 1787 5032">
    <p class='ocr_par' dir='ltr' id='par_1_75' title="bbox 411 4958 1787 5032">
     <span class='ocr_line' id='line_1_75' title="bbox 411 4958 1787 5032; baseline -0.009 -13"><span class='ocrx_word' id='word_1_686' title='bbox 411 4991 437 5019; x_wconf 81' lang='grc' dir='ltr'>ι(</span> <span class='ocrx_word' id='word_1_687' title='bbox 474 4968 544 5022; x_wconf 86' lang='lat' dir='ltr'>de</span> <span class='ocrx_word' id='word_1_688' title='bbox 573 4965 749 5021; x_wconf 88' lang='lat' dir='ltr'>rebus</span> <span class='ocrx_word' id='word_1_689' title='bbox 782 4962 900 5017; x_wconf 92' lang='lat' dir='ltr'>illic</span> <span class='ocrx_word' id='word_1_690' title='bbox 933 4960 1104 5032; x_wconf 87' lang='lat' dir='ltr'>longe</span> <span class='ocrx_word' id='word_1_691' title='bbox 1136 4958 1472 5030; x_wconf 89' lang='lat' dir='ltr'>disparibus</span> <span class='ocrx_word' id='word_1_692' title='bbox 1498 4962 1729 5028; x_wconf 89' lang='lat' dir='ltr'>agatur.</span> <span class='ocrx_word' id='word_1_693' title='bbox 1762 4977 1787 5007; x_wconf 73' lang='grc' dir='ltr'>ο</span> 
     </span>
    </p>
   </div>
  </div>
