  <div class='ocr_page' id='page_1' title='image "/cluster/home/n/w/nwhite01/storage/ocr_20150623/28/hvd.32044052794351/077.png"; bbox 0 0 4100 6224; ppageno 0'>
   <div class='ocr_carea' id='block_1_1' title="bbox 372 405 3783 482">
    <p class='ocr_par' dir='ltr' id='par_1_1' title="bbox 372 405 3783 482">
     <span class='ocr_line' id='line_1_1' title="bbox 372 405 3783 482; baseline -0.006 -3"><span class='ocrx_word' id='word_1_1' title='bbox 372 423 486 482; x_wconf 73' lang='lat' dir='ltr'><em>us</em></span> <span class='ocrx_word' id='word_1_2' title='bbox 1541 407 1604 469; x_wconf 94' lang='lat' dir='ltr'><strong>s.</strong></span> <span class='ocrx_word' id='word_1_3' title='bbox 1650 405 2200 469; x_wconf 73' lang='grc' dir='ltr'><strong>ΑΤΗΑΝΑεΙυε..</strong></span> <span class='ocrx_word' id='word_1_4' title='bbox 2235 434 2312 453; x_wconf 89' lang='grc'><strong>-</strong></span> <span class='ocrx_word' id='word_1_5' title='bbox 2342 405 2607 469; x_wconf 82' lang='lat' dir='ltr'><strong>DUBIA.</strong></span> <span class='ocrx_word' id='word_1_6' title='bbox 3661 412 3783 474; x_wconf 67' lang='grc' dir='ltr'><strong>ιιι</strong></span> 
     </span>
    </p>
   </div>
   <div class='ocr_carea' id='block_1_2' title="bbox 1278 705 2871 770">
    <p class='ocr_par' dir='ltr' id='par_1_2' title="bbox 1278 705 2871 770">
     <span class='ocr_line' id='line_1_2' title="bbox 1278 705 2871 770; baseline -0.001 -1"><span class='ocrx_word' id='word_1_7' title='bbox 1278 713 1353 769; x_wconf 88' lang='lat' dir='ltr'><strong>1N</strong></span> <span class='ocrx_word' id='word_1_8' title='bbox 1403 709 1800 770; x_wconf 82' lang='lat' dir='ltr'><strong>HOMILlAM</strong></span> <span class='ocrx_word' id='word_1_9' title='bbox 1846 707 1947 767; x_wconf 87' lang='lat' dir='ltr'><strong>DE</strong></span> <span class='ocrx_word' id='word_1_10' title='bbox 1992 706 2362 769; x_wconf 78' lang='lat' dir='ltr'><strong>SEMENTE</strong></span> <span class='ocrx_word' id='word_1_11' title='bbox 2408 705 2871 769; x_wconf 79' lang='lat' dir='ltr'><strong>ADMONlTlO.</strong></span> 
     </span>
    </p>
   </div>
   <div class='ocr_carea' id='block_1_3' title="bbox 459 840 3784 914">
    <p class='ocr_par' dir='ltr' id='par_1_3' title="bbox 459 840 3784 914">
     <span class='ocr_line' id='line_1_3' title="bbox 459 840 3784 914; baseline -0.002 -8"><span class='ocrx_word' id='word_1_12' title='bbox 459 874 480 899; x_wconf 76' lang='grc' dir='ltr'><strong>α</strong></span> <span class='ocrx_word' id='word_1_13' title='bbox 516 850 821 907; x_wconf 84' lang='lat' dir='ltr'><strong>ilomiliam</strong></span> <span class='ocrx_word' id='word_1_14' title='bbox 856 850 925 902; x_wconf 89' lang='lat' dir='ltr'><strong>de</strong></span> <span class='ocrx_word' id='word_1_15' title='bbox 956 847 1227 902; x_wconf 90' lang='lat' dir='ltr'><strong>Semente</strong></span> <span class='ocrx_word' id='word_1_16' title='bbox 1258 842 1677 914; x_wconf 70' lang='lat' dir='ltr'><strong>subiungimus</strong></span> <span class='ocrx_word' id='word_1_17' title='bbox 1706 840 1971 896; x_wconf 75' lang='lat' dir='ltr'><strong>Homilizs</strong></span> <span class='ocrx_word' id='word_1_18' title='bbox 1999 841 2071 895; x_wconf 84' lang='lat' dir='ltr'><strong>de</strong></span> <span class='ocrx_word' id='word_1_19' title='bbox 2113 840 2364 896; x_wconf 85' lang='lat' dir='ltr'><strong>Sabbato</strong></span> <span class='ocrx_word' id='word_1_20' title='bbox 2394 846 2451 896; x_wconf 90' lang='lat' dir='ltr'><strong>et</strong></span> <span class='ocrx_word' id='word_1_21' title='bbox 2481 840 2956 911; x_wconf 88' lang='lat' dir='ltr'><strong>Circumcisione,</strong></span> <span class='ocrx_word' id='word_1_22' title='bbox 2989 841 3143 913; x_wconf 90' lang='lat' dir='ltr'><strong>quod</strong></span> <span class='ocrx_word' id='word_1_23' title='bbox 3172 842 3242 897; x_wconf 90' lang='lat' dir='ltr'><strong>de</strong></span> <span class='ocrx_word' id='word_1_24' title='bbox 3272 858 3335 897; x_wconf 89' lang='lat' dir='ltr'><strong>re</strong></span> <span class='ocrx_word' id='word_1_25' title='bbox 3362 843 3566 898; x_wconf 83' lang='lat' dir='ltr'><strong>eadem</strong></span> <span class='ocrx_word' id='word_1_26' title='bbox 3596 843 3784 898; x_wconf 68' lang='lat' dir='ltr'><strong>ambae</strong></span> 
     </span>
    </p>
   </div>
   <div class='ocr_carea' id='block_1_4' title="bbox 380 928 3791 1014">
    <p class='ocr_par' dir='ltr' id='par_1_4' title="bbox 380 928 3791 1014">
     <span class='ocr_line' id='line_1_4' title="bbox 380 928 3791 1014; baseline -0.003 -16"><span class='ocrx_word' id='word_1_27' title='bbox 380 946 756 1014; x_wconf 74' lang='lat' dir='ltr'><strong>pertractant,</strong></span> <span class='ocrx_word' id='word_1_28' title='bbox 790 954 998 1009; x_wconf 82' lang='lat' dir='ltr'><strong>nempe</strong></span> <span class='ocrx_word' id='word_1_29' title='bbox 1032 938 1103 991; x_wconf 88' lang='lat' dir='ltr'><strong>de</strong></span> <span class='ocrx_word' id='word_1_30' title='bbox 1133 934 1409 1003; x_wconf 79' lang='lat' dir='ltr'><strong>Sabbato,</strong></span> <span class='ocrx_word' id='word_1_31' title='bbox 1442 948 1545 987; x_wconf 89' lang='lat' dir='ltr'><strong>seu</strong></span> <span class='ocrx_word' id='word_1_32' title='bbox 1579 933 1650 987; x_wconf 88' lang='lat' dir='ltr'><strong>de</strong></span> <span class='ocrx_word' id='word_1_33' title='bbox 1681 930 1794 985; x_wconf 89' lang='lat' dir='ltr'><strong>ritu</strong></span> <span class='ocrx_word' id='word_1_34' title='bbox 1828 928 2096 985; x_wconf 79' lang='lat' dir='ltr'><strong>servandi</strong></span> <span class='ocrx_word' id='word_1_35' title='bbox 2125 930 2385 985; x_wconf 84' lang='lat' dir='ltr'><strong>Sabbati.</strong></span> <span class='ocrx_word' id='word_1_36' title='bbox 2423 930 2552 985; x_wconf 70' lang='lat' dir='ltr'><strong>Haec</strong></span> <span class='ocrx_word' id='word_1_37' title='bbox 2596 931 2880 1002; x_wconf 76' lang='lat' dir='ltr'><strong>posterior</strong></span> <span class='ocrx_word' id='word_1_38' title='bbox 2908 936 3101 986; x_wconf 89' lang='lat' dir='ltr'><strong>autem</strong></span> <span class='ocrx_word' id='word_1_39' title='bbox 3136 930 3331 1002; x_wconf 82' lang='lat' dir='ltr'><strong>plures</strong></span> <span class='ocrx_word' id='word_1_40' title='bbox 3361 948 3540 1003; x_wconf 85' lang='lat' dir='ltr'><strong>quam</strong></span> <span class='ocrx_word' id='word_1_41' title='bbox 3575 949 3791 1003; x_wconf 75' lang='lat' dir='ltr'><strong>praece-</strong></span> 
     </span>
    </p>
   </div>
   <div class='ocr_carea' id='block_1_5' title="bbox 383 1018 3791 1103">
    <p class='ocr_par' dir='ltr' id='par_1_5' title="bbox 383 1018 3791 1103">
     <span class='ocr_line' id='line_1_5' title="bbox 383 1018 3791 1103; baseline -0.003 -16"><span class='ocrx_word' id='word_1_42' title='bbox 383 1034 527 1087; x_wconf 92' lang='lat' dir='ltr'><strong>dens</strong></span> <span class='ocrx_word' id='word_1_43' title='bbox 558 1032 789 1103; x_wconf 71' lang='lat' dir='ltr'><strong>praefert</strong></span> <span class='ocrx_word' id='word_1_44' title='bbox 823 1025 1127 1081; x_wconf 75' lang='lat' dir='ltr'><strong>dubitandi</strong></span> <span class='ocrx_word' id='word_1_45' title='bbox 1161 1038 1403 1089; x_wconf 80' lang='lat' dir='ltr'><strong>causas;</strong></span> <span class='ocrx_word' id='word_1_46' title='bbox 1439 1038 1553 1075; x_wconf 90' lang='lat' dir='ltr'><strong>non</strong></span> <span class='ocrx_word' id='word_1_47' title='bbox 1587 1023 1884 1090; x_wconf 88' lang='lat' dir='ltr'><strong>comparet</strong></span> <span class='ocrx_word' id='word_1_48' title='bbox 1913 1020 2070 1073; x_wconf 90' lang='lat' dir='ltr'><strong>enim</strong></span> <span class='ocrx_word' id='word_1_49' title='bbox 2120 1018 2178 1072; x_wconf 93' lang='lat' dir='ltr'><strong>in</strong></span> <span class='ocrx_word' id='word_1_50' title='bbox 2230 1020 2489 1088; x_wconf 79' lang='lat' dir='ltr'><strong>antiquis</strong></span> <span class='ocrx_word' id='word_1_51' title='bbox 2542 1019 2842 1074; x_wconf 79' lang='lat' dir='ltr'><strong>Athanasii</strong></span> <span class='ocrx_word' id='word_1_52' title='bbox 2894 1036 3137 1090; x_wconf 91' lang='lat' dir='ltr'><strong>operum</strong></span> <span class='ocrx_word' id='word_1_53' title='bbox 3185 1019 3649 1086; x_wconf 80' lang='lat' dir='ltr'><strong>collectionibus,</strong></span> <span class='ocrx_word' id='word_1_54' title='bbox 3682 1036 3791 1076; x_wconf 82' lang='lat' dir='ltr'><strong>nec</strong></span> 
     </span>
    </p>
   </div>
   <div class='ocr_carea' id='block_1_6' title="bbox 383 1107 3792 1186">
    <p class='ocr_par' dir='ltr' id='par_1_6' title="bbox 383 1107 3792 1186">
     <span class='ocr_line' id='line_1_6' title="bbox 383 1107 3792 1186; baseline -0.004 -10"><span class='ocrx_word' id='word_1_55' title='bbox 383 1123 492 1176; x_wconf 86' lang='lat' dir='ltr'><strong>nisi</strong></span> <span class='ocrx_word' id='word_1_56' title='bbox 526 1123 582 1174; x_wconf 93' lang='lat' dir='ltr'><strong>in</strong></span> <span class='ocrx_word' id='word_1_57' title='bbox 617 1120 814 1174; x_wconf 81' lang='lat' dir='ltr'><strong>codice</strong></span> <span class='ocrx_word' id='word_1_58' title='bbox 848 1115 1167 1186; x_wconf 86' lang='lat' dir='ltr'><strong>Anglicano</strong></span> <span class='ocrx_word' id='word_1_59' title='bbox 1202 1112 1488 1166; x_wconf 78' lang='lat' dir='ltr'><strong>hactenus</strong></span> <span class='ocrx_word' id='word_1_60' title='bbox 1520 1114 1747 1181; x_wconf 87' lang='lat' dir='ltr'><strong>reperta</strong></span> <span class='ocrx_word' id='word_1_61' title='bbox 1777 1109 1907 1163; x_wconf 88' lang='lat' dir='ltr'><strong>fuit.</strong></span> <span class='ocrx_word' id='word_1_62' title='bbox 1940 1108 2019 1162; x_wconf 80' lang='lat' dir='ltr'><strong>Ad</strong></span> <span class='ocrx_word' id='word_1_63' title='bbox 2052 1107 2172 1162; x_wconf 65' lang='lat' dir='ltr'><strong>haec</strong></span> <span class='ocrx_word' id='word_1_64' title='bbox 2222 1108 2505 1162; x_wconf 88' lang='lat' dir='ltr'><strong>nonnulla</strong></span> <span class='ocrx_word' id='word_1_65' title='bbox 2549 1113 2689 1162; x_wconf 90' lang='lat' dir='ltr'><strong>sunt</strong></span> <span class='ocrx_word' id='word_1_66' title='bbox 2720 1108 2811 1162; x_wconf 90' lang='lat' dir='ltr'><strong>hic</strong></span> <span class='ocrx_word' id='word_1_67' title='bbox 2843 1107 3117 1179; x_wconf 81' lang='lat' dir='ltr'><strong>loquendi</strong></span> <span class='ocrx_word' id='word_1_68' title='bbox 3148 1125 3381 1179; x_wconf 89' lang='lat' dir='ltr'><strong>genera,</strong></span> <span class='ocrx_word' id='word_1_69' title='bbox 3414 1127 3541 1180; x_wconf 61' lang='lat' dir='ltr'><strong>quas</strong></span> <span class='ocrx_word' id='word_1_70' title='bbox 3592 1109 3792 1164; x_wconf 88' lang='lat' dir='ltr'><strong>minus</strong></span> 
     </span>
    </p>
   </div>
   <div class='ocr_carea' id='block_1_7' title="bbox 380 1191 3790 1283">
    <p class='ocr_par' dir='ltr' id='par_1_7' title="bbox 380 1191 3790 1283">
     <span class='ocr_line' id='line_1_7' title="bbox 380 1191 3790 1283; baseline -0.004 -17"><span class='ocrx_word' id='word_1_71' title='bbox 380 1212 633 1283; x_wconf 86' lang='lat' dir='ltr'><strong>peritum</strong></span> <span class='ocrx_word' id='word_1_72' title='bbox 682 1208 1023 1276; x_wconf 89' lang='lat' dir='ltr'><strong>scriptorem</strong></span> <span class='ocrx_word' id='word_1_73' title='bbox 1071 1205 1321 1271; x_wconf 79' lang='lat' dir='ltr'><strong>arguant</strong></span> <span class='ocrx_word' id='word_1_74' title='bbox 1353 1218 1365 1254; x_wconf 90' lang='lat'><strong>:</strong></span> <span class='ocrx_word' id='word_1_75' title='bbox 1402 1200 1553 1253; x_wconf 84' lang='lat' dir='ltr'><strong>haud</strong></span> <span class='ocrx_word' id='word_1_76' title='bbox 1608 1198 1791 1252; x_wconf 85' lang='lat' dir='ltr'><strong>semel</strong></span> <span class='ocrx_word' id='word_1_77' title='bbox 1840 1197 1995 1251; x_wconf 89' lang='lat' dir='ltr'><strong>enim</strong></span> <span class='ocrx_word' id='word_1_78' title='bbox 2042 1196 2311 1266; x_wconf 78' lang='lat' dir='ltr'><strong>legimus,</strong></span> <span class='ocrx_word' id='word_1_79' title='bbox 2343 1191 2528 1271; x_wconf 66' lang='grc' dir='ltr'>κρύϐει</span> <span class='ocrx_word' id='word_1_80' title='bbox 2583 1214 2685 1267; x_wconf 92' lang='lat' dir='ltr'><strong>pro</strong></span> <span class='ocrx_word' id='word_1_81' title='bbox 2733 1195 2977 1269; x_wconf 77' lang='grc' dir='ltr'><strong>κρύπτει,</strong></span> <span class='ocrx_word' id='word_1_82' title='bbox 3011 1197 3069 1252; x_wconf 91' lang='lat' dir='ltr'><strong>in</strong></span> <span class='ocrx_word' id='word_1_83' title='bbox 3104 1198 3395 1269; x_wconf 66' lang='lat' dir='ltr'><strong>praesenti,</strong></span> <span class='ocrx_word' id='word_1_84' title='bbox 3443 1204 3502 1253; x_wconf 85' lang='lat' dir='ltr'><strong>et</strong></span> <span class='ocrx_word' id='word_1_85' title='bbox 3547 1198 3790 1253; x_wconf 85' lang='lat' dir='ltr'><strong>similia.</strong></span> 
     </span>
    </p>
   </div>
   <div class='ocr_carea' id='block_1_8' title="bbox 383 1285 3790 1371">
    <p class='ocr_par' dir='ltr' id='par_1_8' title="bbox 383 1285 3790 1371">
     <span class='ocr_line' id='line_1_8' title="bbox 383 1285 3790 1371; baseline -0.004 -15"><span class='ocrx_word' id='word_1_86' title='bbox 383 1303 651 1371; x_wconf 89' lang='lat' dir='ltr'><strong>Suntque</strong></span> <span class='ocrx_word' id='word_1_87' title='bbox 699 1296 812 1351; x_wconf 87' lang='lat' dir='ltr'><strong>alia</strong></span> <span class='ocrx_word' id='word_1_88' title='bbox 859 1293 1047 1348; x_wconf 87' lang='lat' dir='ltr'><strong>multa</strong></span> <span class='ocrx_word' id='word_1_89' title='bbox 1102 1309 1227 1361; x_wconf 64' lang='lat' dir='ltr'><strong>quae</strong></span> <span class='ocrx_word' id='word_1_90' title='bbox 1288 1290 1487 1343; x_wconf 91' lang='lat' dir='ltr'><strong>minus</strong></span> <span class='ocrx_word' id='word_1_91' title='bbox 1541 1285 1843 1341; x_wconf 82' lang='lat' dir='ltr'><strong>Athanasii</strong></span> <span class='ocrx_word' id='word_1_92' title='bbox 1896 1285 2110 1357; x_wconf 82' lang='lat' dir='ltr'><strong>stylum</strong></span> <span class='ocrx_word' id='word_1_93' title='bbox 2161 1287 2462 1343; x_wconf 81' lang='lat' dir='ltr'><strong>referunt:</strong></span> <span class='ocrx_word' id='word_1_94' title='bbox 2499 1286 2808 1357; x_wconf 71' lang='lat' dir='ltr'><strong>implicata:</strong></span> <span class='ocrx_word' id='word_1_95' title='bbox 2869 1287 3093 1341; x_wconf 87' lang='lat' dir='ltr'><strong>scilicet</strong></span> <span class='ocrx_word' id='word_1_96' title='bbox 3148 1286 3371 1357; x_wconf 84' lang='lat' dir='ltr'><strong>periodi</strong></span> <span class='ocrx_word' id='word_1_97' title='bbox 3433 1287 3790 1358; x_wconf 80' lang='lat' dir='ltr'><strong>frequentes,</strong></span> 
     </span>
    </p>
   </div>
   <div class='ocr_carea' id='block_1_9' title="bbox 382 1374 3793 1449">
    <p class='ocr_par' dir='ltr' id='par_1_9' title="bbox 382 1374 3793 1449">
     <span class='ocr_line' id='line_1_9' title="bbox 382 1374 3793 1449; baseline -0.004 -5"><span class='ocrx_word' id='word_1_98' title='bbox 382 1390 636 1444; x_wconf 84' lang='lat' dir='ltr'><strong>maxime</strong></span> <span class='ocrx_word' id='word_1_99' title='bbox 666 1386 778 1441; x_wconf 87' lang='lat' dir='ltr'><strong>sub</strong></span> <span class='ocrx_word' id='word_1_100' title='bbox 803 1386 999 1449; x_wconf 82' lang='lat' dir='ltr'><strong>linem,</strong></span> <span class='ocrx_word' id='word_1_101' title='bbox 1023 1396 1159 1435; x_wconf 89' lang='lat' dir='ltr'><strong>nam</strong></span> <span class='ocrx_word' id='word_1_102' title='bbox 1192 1394 1360 1432; x_wconf 81' lang='lat' dir='ltr'><strong>secus</strong></span> <span class='ocrx_word' id='word_1_103' title='bbox 1393 1376 1592 1443; x_wconf 89' lang='lat' dir='ltr'><strong>initio;</strong></span> <span class='ocrx_word' id='word_1_104' title='bbox 1621 1392 1755 1430; x_wconf 91' lang='lat' dir='ltr'><strong>cum</strong></span> <span class='ocrx_word' id='word_1_105' title='bbox 1788 1379 1989 1430; x_wconf 90' lang='lat' dir='ltr'><strong>contra</strong></span> <span class='ocrx_word' id='word_1_106' title='bbox 2018 1374 2324 1430; x_wconf 77' lang='lat' dir='ltr'><strong>Athanasii</strong></span> <span class='ocrx_word' id='word_1_107' title='bbox 2347 1392 2540 1430; x_wconf 88' lang='lat' dir='ltr'><strong>sermo</strong></span> <span class='ocrx_word' id='word_1_108' title='bbox 2562 1391 2692 1430; x_wconf 89' lang='lat' dir='ltr'><strong>cum</strong></span> <span class='ocrx_word' id='word_1_109' title='bbox 2725 1374 2962 1431; x_wconf 88' lang='lat' dir='ltr'><strong>lenitate</strong></span> <span class='ocrx_word' id='word_1_110' title='bbox 2982 1376 3235 1446; x_wconf 90' lang='lat' dir='ltr'><strong>quadam</strong></span> <span class='ocrx_word' id='word_1_111' title='bbox 3268 1375 3539 1446; x_wconf 65' lang='lat' dir='ltr'><strong>aequabili</strong></span> <span class='ocrx_word' id='word_1_112' title='bbox 3572 1376 3793 1447; x_wconf 81' lang='lat' dir='ltr'><strong>ubique</strong></span> 
     </span>
    </p>
   </div>
   <div class='ocr_carea' id='block_1_10' title="bbox 382 1464 3793 1551">
    <p class='ocr_par' dir='ltr' id='par_1_10' title="bbox 382 1464 3793 1551">
     <span class='ocr_line' id='line_1_10' title="bbox 382 1464 3793 1551; baseline -0.004 -17"><span class='ocrx_word' id='word_1_113' title='bbox 382 1480 651 1551; x_wconf 80' lang='lat' dir='ltr'><strong>profluat,</strong></span> <span class='ocrx_word' id='word_1_114' title='bbox 686 1481 744 1530; x_wconf 89' lang='lat' dir='ltr'><strong>et</strong></span> <span class='ocrx_word' id='word_1_115' title='bbox 775 1473 1025 1529; x_wconf 88' lang='lat' dir='ltr'><strong>multum</strong></span> <span class='ocrx_word' id='word_1_116' title='bbox 1057 1469 1369 1525; x_wconf 82' lang='lat' dir='ltr'><strong>abhorreat</strong></span> <span class='ocrx_word' id='word_1_117' title='bbox 1402 1468 1472 1521; x_wconf 88' lang='lat' dir='ltr'><strong>ab</strong></span> <span class='ocrx_word' id='word_1_118' title='bbox 1508 1465 1775 1520; x_wconf 88' lang='lat' dir='ltr'><strong>obscuris</strong></span> <span class='ocrx_word' id='word_1_119' title='bbox 1806 1464 2084 1536; x_wconf 92' lang='lat' dir='ltr'><strong>loquendi</strong></span> <span class='ocrx_word' id='word_1_120' title='bbox 2131 1465 2463 1536; x_wconf 84' lang='lat' dir='ltr'><strong>generibus.</strong></span> <span class='ocrx_word' id='word_1_121' title='bbox 2499 1465 2696 1532; x_wconf 84' lang='lat' dir='ltr'><strong>Porro,</strong></span> <span class='ocrx_word' id='word_1_122' title='bbox 2727 1465 2860 1520; x_wconf 88' lang='lat' dir='ltr'><strong>licet</strong></span> <span class='ocrx_word' id='word_1_123' title='bbox 2890 1464 3081 1521; x_wconf 87' lang='lat' dir='ltr'><strong>allatis</strong></span> <span class='ocrx_word' id='word_1_124' title='bbox 3127 1466 3199 1520; x_wconf 89' lang='lat' dir='ltr'><strong>de</strong></span> <span class='ocrx_word' id='word_1_125' title='bbox 3247 1464 3440 1520; x_wconf 90' lang='lat' dir='ltr'><strong>causis</strong></span> <span class='ocrx_word' id='word_1_126' title='bbox 3471 1465 3793 1521; x_wconf 86' lang='lat' dir='ltr'><strong>admodum</strong></span> 
     </span>
    </p>
   </div>
   <div class='ocr_carea' id='block_1_11' title="bbox 381 1552 3796 1639">
    <p class='ocr_par' dir='ltr' id='par_1_11' title="bbox 381 1552 3796 1639">
     <span class='ocr_line' id='line_1_11' title="bbox 381 1552 3796 1639; baseline -0.005 -14"><span class='ocrx_word' id='word_1_127' title='bbox 381 1572 658 1639; x_wconf 88' lang='lat' dir='ltr'><strong>suspecta</strong></span> <span class='ocrx_word' id='word_1_128' title='bbox 689 1563 857 1619; x_wconf 87' lang='lat' dir='ltr'><strong>nobis</strong></span> <span class='ocrx_word' id='word_1_129' title='bbox 893 1563 971 1616; x_wconf 86' lang='lat' dir='ltr'><strong>sit</strong></span> <span class='ocrx_word' id='word_1_130' title='bbox 1000 1560 1119 1615; x_wconf 73' lang='lat' dir='ltr'><strong>hmc</strong></span> <span class='ocrx_word' id='word_1_131' title='bbox 1152 1556 1427 1621; x_wconf 87' lang='lat' dir='ltr'><strong>Homilia,</strong></span> <span class='ocrx_word' id='word_1_132' title='bbox 1463 1571 1574 1609; x_wconf 90' lang='lat' dir='ltr'><strong>non</strong></span> <span class='ocrx_word' id='word_1_133' title='bbox 1606 1553 1891 1608; x_wconf 89' lang='lat' dir='ltr'><strong>indiscrta</strong></span> <span class='ocrx_word' id='word_1_134' title='bbox 1930 1558 2151 1619; x_wconf 87' lang='lat' dir='ltr'><strong>tamen,</strong></span> <span class='ocrx_word' id='word_1_135' title='bbox 2186 1570 2289 1609; x_wconf 90' lang='lat' dir='ltr'><strong>nec</strong></span> <span class='ocrx_word' id='word_1_136' title='bbox 2332 1553 2578 1624; x_wconf 90' lang='lat' dir='ltr'><strong>indigna</strong></span> <span class='ocrx_word' id='word_1_137' title='bbox 2607 1570 2730 1623; x_wconf 73' lang='lat' dir='ltr'><strong>qua:</strong></span> <span class='ocrx_word' id='word_1_138' title='bbox 2763 1552 3007 1625; x_wconf 83' lang='lat' dir='ltr'><strong>legatur.</strong></span> <span class='ocrx_word' id='word_1_139' title='bbox 3044 1554 3103 1607; x_wconf 91' lang='lat' dir='ltr'><strong>In</strong></span> <span class='ocrx_word' id='word_1_140' title='bbox 3135 1569 3204 1609; x_wconf 84' lang='lat' dir='ltr'><strong>ea</strong></span> <span class='ocrx_word' id='word_1_141' title='bbox 3232 1552 3450 1626; x_wconf 87' lang='lat' dir='ltr'><strong>quippe</strong></span> <span class='ocrx_word' id='word_1_142' title='bbox 3480 1558 3573 1609; x_wconf 89' lang='lat' dir='ltr'><strong>sat</strong></span> <span class='ocrx_word' id='word_1_143' title='bbox 3602 1552 3796 1626; x_wconf 83' lang='lat' dir='ltr'><strong>lepide</strong></span> 
     </span>
    </p>
   </div>
   <div class='ocr_carea' id='block_1_12' title="bbox 382 1640 3797 1727">
    <p class='ocr_par' dir='ltr' id='par_1_12' title="bbox 382 1640 3797 1727">
     <span class='ocr_line' id='line_1_12' title="bbox 382 1640 3797 1727; baseline -0.004 -16"><span class='ocrx_word' id='word_1_144' title='bbox 382 1656 650 1727; x_wconf 86' lang='lat' dir='ltr'><strong>arguitur</strong></span> <span class='ocrx_word' id='word_1_145' title='bbox 678 1668 824 1707; x_wconf 90' lang='lat' dir='ltr'><strong>vana</strong></span> <span class='ocrx_word' id='word_1_146' title='bbox 854 1649 1193 1704; x_wconf 73' lang='lat' dir='ltr'><strong>Judaaorum</strong></span> <span class='ocrx_word' id='word_1_147' title='bbox 1228 1646 1283 1698; x_wconf 91' lang='lat' dir='ltr'><strong>in</strong></span> <span class='ocrx_word' id='word_1_148' title='bbox 1318 1642 1603 1699; x_wconf 86' lang='lat' dir='ltr'><strong>servando</strong></span> <span class='ocrx_word' id='word_1_149' title='bbox 1648 1641 1905 1696; x_wconf 90' lang='lat' dir='ltr'><strong>Sabbato</strong></span> <span class='ocrx_word' id='word_1_150' title='bbox 1936 1640 2364 1713; x_wconf 86' lang='lat' dir='ltr'><strong>scrupulositas</strong></span> <span class='ocrx_word' id='word_1_151' title='bbox 2400 1658 2413 1696; x_wconf 90' lang='lat'><strong>:</strong></span> <span class='ocrx_word' id='word_1_152' title='bbox 2450 1640 2634 1696; x_wconf 89' lang='lat' dir='ltr'><strong>multa</strong></span> <span class='ocrx_word' id='word_1_153' title='bbox 2663 1657 2899 1713; x_wconf 87' lang='lat' dir='ltr'><strong>quoque</strong></span> <span class='ocrx_word' id='word_1_154' title='bbox 2939 1640 3068 1696; x_wconf 88' lang='lat' dir='ltr'><strong>istic</strong></span> <span class='ocrx_word' id='word_1_155' title='bbox 3113 1641 3186 1696; x_wconf 90' lang='lat' dir='ltr'><strong>de</strong></span> <span class='ocrx_word' id='word_1_156' title='bbox 3232 1641 3493 1696; x_wconf 88' lang='lat' dir='ltr'><strong>oratione</strong></span> <span class='ocrx_word' id='word_1_157' title='bbox 3539 1646 3596 1697; x_wconf 85' lang='lat' dir='ltr'><strong>et</strong></span> <span class='ocrx_word' id='word_1_158' title='bbox 3643 1640 3797 1697; x_wconf 83' lang='lat' dir='ltr'><strong>else-</strong></span> 
     </span>
    </p>
   </div>
   <div class='ocr_carea' id='block_1_13' title="bbox 382 1728 3539 1816">
    <p class='ocr_par' dir='ltr' id='par_1_13' title="bbox 382 1728 3539 1816">
     <span class='ocr_line' id='line_1_13' title="bbox 382 1728 3539 1816; baseline -0.005 -15"><span class='ocrx_word' id='word_1_159' title='bbox 382 1760 647 1816; x_wconf 82' lang='lat' dir='ltr'><strong>mosyna,</strong></span> <span class='ocrx_word' id='word_1_160' title='bbox 681 1741 930 1811; x_wconf 88' lang='lat' dir='ltr'><strong>aliisque</strong></span> <span class='ocrx_word' id='word_1_161' title='bbox 962 1737 1076 1808; x_wconf 89' lang='lat' dir='ltr'><strong>piis</strong></span> <span class='ocrx_word' id='word_1_162' title='bbox 1106 1732 1382 1806; x_wconf 89' lang='lat' dir='ltr'><strong>operibus</strong></span> <span class='ocrx_word' id='word_1_163' title='bbox 1418 1732 1703 1798; x_wconf 82' lang='lat' dir='ltr'><strong>feruntur,</strong></span> <span class='ocrx_word' id='word_1_164' title='bbox 1736 1746 1863 1801; x_wconf 64' lang='lat' dir='ltr'><strong>qua</strong></span> <span class='ocrx_word' id='word_1_165' title='bbox 1893 1729 2097 1786; x_wconf 87' lang='lat' dir='ltr'><strong>lectori</strong></span> <span class='ocrx_word' id='word_1_166' title='bbox 2128 1746 2233 1786; x_wconf 90' lang='lat' dir='ltr'><strong>nec</strong></span> <span class='ocrx_word' id='word_1_167' title='bbox 2264 1730 2588 1800; x_wconf 88' lang='lat' dir='ltr'><strong>injucunda</strong></span> <span class='ocrx_word' id='word_1_168' title='bbox 2618 1746 2723 1787; x_wconf 86' lang='lat' dir='ltr'><strong>nec</strong></span> <span class='ocrx_word' id='word_1_169' title='bbox 2752 1729 2983 1786; x_wconf 87' lang='lat' dir='ltr'><strong>inutilia</strong></span> <span class='ocrx_word' id='word_1_170' title='bbox 3011 1730 3136 1786; x_wconf 85' lang='lat' dir='ltr'><strong>fore</strong></span> <span class='ocrx_word' id='word_1_171' title='bbox 3163 1728 3539 1785; x_wconf 80' lang='lat' dir='ltr'><strong>arbitramur.</strong></span> 
     </span>
    </p>
   </div>
   <div class='ocr_carea' id='block_1_14' title="bbox 2081 1903 2152 1914">
    <p class='ocr_par' dir='ltr' id='par_1_14' title="bbox 2081 1903 2152 1914">
     <span class='ocr_line' id='line_1_14' title="bbox 2081 1903 2152 1914; baseline -0.014 -1"><span class='ocrx_word' id='word_1_172' title='bbox 2081 1903 2152 1914; x_wconf 68' lang='lat'><strong>.—</strong></span> 
     </span>
    </p>
   </div>
   <div class='ocr_carea' id='block_1_15' title="bbox 1560 2032 2617 2089">
    <p class='ocr_par' dir='ltr' id='par_1_15' title="bbox 1560 2032 2617 2089">
     <span class='ocr_line' id='line_1_15' title="bbox 1560 2032 2617 2089; baseline 0.002 -6"><span class='ocrx_word' id='word_1_173' title='bbox 1560 2036 1685 2084; x_wconf 75' lang='grc' dir='ltr'><strong>ΤΟΥ</strong></span> <span class='ocrx_word' id='word_1_174' title='bbox 1722 2036 1807 2085; x_wconf 85' lang='grc' dir='ltr'><strong>ΕΝ</strong></span> <span class='ocrx_word' id='word_1_175' title='bbox 1849 2035 2077 2087; x_wconf 82' lang='grc' dir='ltr'><strong>ΑΓΙΟΙΣ</strong></span> <span class='ocrx_word' id='word_1_176' title='bbox 2118 2034 2381 2088; x_wconf 81' lang='grc' dir='ltr'><strong>ΠΑΤΡΟΣ</strong></span> <span class='ocrx_word' id='word_1_177' title='bbox 2422 2032 2617 2089; x_wconf 80' lang='grc' dir='ltr'><strong>ΗΜΩΝ</strong></span> 
     </span>
    </p>
   </div>
   <div class='ocr_carea' id='block_1_16' title="bbox 1728 2183 2458 2279">
    <p class='ocr_par' dir='ltr' id='par_1_16' title="bbox 1728 2183 2458 2279">
     <span class='ocr_line' id='line_1_16' title="bbox 1728 2183 2458 2279; baseline 0 0"><span class='ocrx_word' id='word_1_178' title='bbox 1728 2183 2458 2279; x_wconf 82' lang='grc' dir='ltr'><strong>ΑΘΑΝΑΣΙΟΥ</strong></span> 
     </span>
    </p>
   </div>
   <div class='ocr_carea' id='block_1_17' title="bbox 1629 2372 2543 2431">
    <p class='ocr_par' dir='ltr' id='par_1_17' title="bbox 1629 2372 2543 2431">
     <span class='ocr_line' id='line_1_17' title="bbox 1629 2372 2543 2431; baseline -0.005 0"><span class='ocrx_word' id='word_1_179' title='bbox 1629 2375 1876 2431; x_wconf 80' lang='grc' dir='ltr'><strong>ΟΜΙΛΙΑ</strong></span> <span class='ocrx_word' id='word_1_180' title='bbox 1915 2375 2028 2429; x_wconf 84' lang='grc' dir='ltr'><strong>ΕΙΣ</strong></span> <span class='ocrx_word' id='word_1_181' title='bbox 2069 2372 2201 2429; x_wconf 86' lang='lat' dir='ltr'><strong>TON</strong></span> <span class='ocrx_word' id='word_1_182' title='bbox 2246 2374 2543 2429; x_wconf 82' lang='grc' dir='ltr'><strong>ΣΙΙΟΡΟΝ.</strong></span> 
     </span>
    </p>
   </div>
   <div class='ocr_carea' id='block_1_18' title="bbox 2054 2539 2125 2553">
    <p class='ocr_par' dir='ltr' id='par_1_18' title="bbox 2054 2539 2125 2553">
     <span class='ocr_line' id='line_1_18' title="bbox 2054 2539 2125 2553; baseline 0.014 -1"><span class='ocrx_word' id='word_1_183' title='bbox 2054 2539 2125 2553; x_wconf 58' lang='lat'><strong>~</strong></span> 
     </span>
    </p>
   </div>
   <div class='ocr_carea' id='block_1_19' title="bbox 1494 2672 2692 2770">
    <p class='ocr_par' dir='ltr' id='par_1_19' title="bbox 1494 2672 2692 2770">
     <span class='ocr_line' id='line_1_19' title="bbox 1494 2672 2692 2770; baseline -0.003 0"><span class='ocrx_word' id='word_1_184' title='bbox 1494 2676 1589 2770; x_wconf 92' lang='lat' dir='ltr'><strong>S.</strong></span> <span class='ocrx_word' id='word_1_185' title='bbox 1660 2675 1759 2767; x_wconf 92' lang='lat' dir='ltr'><strong>P.</strong></span> <span class='ocrx_word' id='word_1_186' title='bbox 1830 2674 1943 2767; x_wconf 94' lang='lat' dir='ltr'><strong>N.</strong></span> <span class='ocrx_word' id='word_1_187' title='bbox 2012 2672 2692 2769; x_wconf 87' lang='lat' dir='ltr'><strong>ATHANASII</strong></span> 
     </span>
    </p>
   </div>
   <div class='ocr_carea' id='block_1_20' title="bbox 1715 2868 2472 2926">
    <p class='ocr_par' dir='ltr' id='par_1_20' title="bbox 1715 2868 2472 2926">
     <span class='ocr_line' id='line_1_20' title="bbox 1715 2868 2472 2926; baseline 0.001 -1"><span class='ocrx_word' id='word_1_188' title='bbox 1715 2868 1986 2925; x_wconf 80' lang='lat' dir='ltr'><strong><em>HOMILIA</em></strong></span> <span class='ocrx_word' id='word_1_189' title='bbox 2026 2868 2114 2925; x_wconf 86' lang='lat' dir='ltr'><strong>DE</strong></span> <span class='ocrx_word' id='word_1_190' title='bbox 2150 2868 2472 2926; x_wconf 74' lang='grc' dir='ltr'><strong>ὁΕΜΕΝΤΕ.</strong></span> 
     </span>
    </p>
   </div>
   <div class='ocr_carea' id='block_1_21' title="bbox 464 3140 2082 3224">
    <p class='ocr_par' dir='ltr' id='par_1_21' title="bbox 464 3147 2082 3224">
     <span class='ocr_line' id='line_1_21' title="bbox 464 3147 2082 3224; baseline -0.011 -5"><span class='ocrx_word' id='word_1_191' title='bbox 464 3166 514 3219; x_wconf 87' lang='grc'><strong>1.</strong></span> <span class='ocrx_word' id='word_1_192' title='bbox 548 3167 611 3216; x_wconf 82' lang='lat' dir='ltr'><strong>In</strong></span> <span class='ocrx_word' id='word_1_193' title='bbox 644 3160 737 3215; x_wconf 90' lang='lat' dir='ltr'><strong>die</strong></span> <span class='ocrx_word' id='word_1_194' title='bbox 766 3155 1005 3214; x_wconf 89' lang='lat' dir='ltr'><strong>Sabbati</strong></span> <span class='ocrx_word' id='word_1_195' title='bbox 1052 3152 1381 3224; x_wconf 80' lang='lat' dir='ltr'><strong>congregati</strong></span> <span class='ocrx_word' id='word_1_196' title='bbox 1423 3166 1632 3206; x_wconf 89' lang='lat' dir='ltr'><strong>sumus</strong></span> <span class='ocrx_word' id='word_1_197' title='bbox 1665 3164 1679 3204; x_wconf 75' lang='grc' dir='ltr'><strong>ε</strong></span> <span class='ocrx_word' id='word_1_198' title='bbox 1714 3164 1829 3204; x_wconf 90' lang='lat' dir='ltr'><strong>non</strong></span> <span class='ocrx_word' id='word_1_199' title='bbox 1881 3147 2082 3217; x_wconf 39' lang='lat' dir='ltr'><strong>quodI</strong></span> 
     </span>
    </p>
   </div>
   <div class='ocr_carea' id='block_1_22' title="bbox 2151 3140 3802 3224">
    <p class='ocr_par' dir='ltr' id='par_1_22' title="bbox 2223 3140 3802 3222">
     <span class='ocr_line' id='line_1_22' title="bbox 2223 3140 3802 3222; baseline 0.003 -21"><span class='ocrx_word' id='word_1_200' title='bbox 2223 3147 2275 3201; x_wconf 91' lang='grc'><strong>1.</strong></span> <span class='ocrx_word' id='word_1_201' title='bbox 2308 3144 2392 3200; x_wconf 83' lang='grc' dir='ltr'>Ἔν</span> <span class='ocrx_word' id='word_1_202' title='bbox 2454 3143 2635 3216; x_wconf 78' lang='grc' dir='ltr'>ἠμὲρᾳ</span> <span class='ocrx_word' id='word_1_203' title='bbox 2691 3140 2977 3201; x_wconf 83' lang='grc' dir='ltr'>Σαϐϐάτου</span> <span class='ocrx_word' id='word_1_204' title='bbox 3034 3148 3411 3222; x_wconf 78' lang='grc' dir='ltr'>συνήχθημεν,</span> <span class='ocrx_word' id='word_1_205' title='bbox 3461 3148 3524 3204; x_wconf 80' lang='grc' dir='ltr'><strong>υῦ</strong></span> <span class='ocrx_word' id='word_1_206' title='bbox 3581 3156 3802 3206; x_wconf 75' lang='grc' dir='ltr'>νοσοῦν-</span> 
     </span>
    </p>
   </div>
   <div class='ocr_carea' id='block_1_23' title="bbox 388 3230 2082 3313">
    <p class='ocr_par' dir='ltr' id='par_1_23' title="bbox 388 3234 2034 3308">
     <span class='ocr_line' id='line_1_23' title="bbox 388 3234 2034 3308; baseline -0.011 0"><span class='ocrx_word' id='word_1_207' title='bbox 388 3248 679 3308; x_wconf 87' lang='lat' dir='ltr'><strong>Judaismi</strong></span> <span class='ocrx_word' id='word_1_208' title='bbox 712 3246 913 3302; x_wconf 89' lang='lat' dir='ltr'><strong>morbo</strong></span> <span class='ocrx_word' id='word_1_209' title='bbox 954 3244 1285 3298; x_wconf 88' lang='lat' dir='ltr'><strong>laboremus</strong></span> <span class='ocrx_word' id='word_1_210' title='bbox 1318 3256 1332 3293; x_wconf 86' lang='lat'><strong>:</strong></span> <span class='ocrx_word' id='word_1_211' title='bbox 1366 3255 1667 3308; x_wconf 88' lang='lat' dir='ltr'><strong>nunquam</strong></span> <span class='ocrx_word' id='word_1_212' title='bbox 1698 3238 1853 3292; x_wconf 91' lang='lat' dir='ltr'><strong>enim</strong></span> <span class='ocrx_word' id='word_1_213' title='bbox 1887 3234 2034 3291; x_wconf 86' lang='lat' dir='ltr'><strong>falsa</strong></span> 
     </span>
    </p>
   </div>
   <div class='ocr_carea' id='block_1_24' title="bbox 2151 3230 3795 3313">
    <p class='ocr_par' dir='ltr' id='par_1_24' title="bbox 2151 3230 3795 3313">
     <span class='ocr_line' id='line_1_24' title="bbox 2151 3230 3795 3313; baseline 0.004 -26"><span class='ocrx_word' id='word_1_214' title='bbox 2151 3254 2229 3294; x_wconf 83' lang='grc' dir='ltr'><strong>τες</strong></span> <span class='ocrx_word' id='word_1_215' title='bbox 2408 3230 2768 3307; x_wconf 79' lang='grc' dir='ltr'>Ἰουδαῖσμόνο</span> <span class='ocrx_word' id='word_1_216' title='bbox 2828 3235 2890 3289; x_wconf 82' lang='grc' dir='ltr'>οὐ</span> <span class='ocrx_word' id='word_1_217' title='bbox 2938 3234 3041 3311; x_wconf 79' lang='grc' dir='ltr'><strong>γὰρ</strong></span> <span class='ocrx_word' id='word_1_218' title='bbox 3100 3234 3448 3313; x_wconf 75' lang='grc' dir='ltr'>ἐφαπτόμεθα</span> <span class='ocrx_word' id='word_1_219' title='bbox 3495 3234 3795 3295; x_wconf 78' lang='grc' dir='ltr'>Σαϐϐἁτων</span> 
     </span>
    </p>
   </div>
   <div class='ocr_carea' id='block_1_25' title="bbox 388 3318 2082 3405">
    <p class='ocr_par' dir='ltr' id='par_1_25' title="bbox 388 3325 2034 3405">
     <span class='ocr_line' id='line_1_25' title="bbox 388 3325 2034 3405; baseline -0.011 -9"><span class='ocrx_word' id='word_1_220' title='bbox 388 3341 639 3396; x_wconf 86' lang='lat' dir='ltr'><strong>Sabbata</strong></span> <span class='ocrx_word' id='word_1_221' title='bbox 656 3334 745 3391; x_wconf 89' lang='lat' dir='ltr'><strong>vel</strong></span> <span class='ocrx_word' id='word_1_222' title='bbox 778 3332 1180 3405; x_wconf 77' lang='lat' dir='ltr'><strong>attigerimus;</strong></span> <span class='ocrx_word' id='word_1_223' title='bbox 1217 3328 1311 3384; x_wconf 79' lang='lat' dir='ltr'><strong>sed</strong></span> <span class='ocrx_word' id='word_1_224' title='bbox 1343 3328 1411 3383; x_wconf 92' lang='lat' dir='ltr'><strong>ad</strong></span> <span class='ocrx_word' id='word_1_225' title='bbox 1446 3326 1763 3382; x_wconf 88' lang='lat' dir='ltr'><strong>Sabbatum</strong></span> <span class='ocrx_word' id='word_1_226' title='bbox 1788 3325 2034 3380; x_wconf 90' lang='lat' dir='ltr'><strong>accessi-</strong></span> 
     </span>
    </p>
   </div>
   <div class='ocr_carea' id='block_1_26' title="bbox 2151 3318 3800 3405">
    <p class='ocr_par' dir='ltr' id='par_1_26' title="bbox 2151 3318 3800 3399">
     <span class='ocr_line' id='line_1_26' title="bbox 2151 3318 3800 3399; baseline 0.006 -25"><span class='ocrx_word' id='word_1_227' title='bbox 2151 3318 2379 3394; x_wconf 73' lang='grc' dir='ltr'>ψευδῶν·</span> <span class='ocrx_word' id='word_1_228' title='bbox 2440 3322 2885 3397; x_wconf 85' lang='grc' dir='ltr'>παραγεγόναμεν</span> <span class='ocrx_word' id='word_1_229' title='bbox 2948 3321 3005 3378; x_wconf 70' lang='grc' dir='ltr'><strong>δὲ</strong></span> <span class='ocrx_word' id='word_1_230' title='bbox 3061 3324 3113 3378; x_wconf 80' lang='grc' dir='ltr'>ἐν</span> <span class='ocrx_word' id='word_1_231' title='bbox 3174 3320 3460 3399; x_wconf 79' lang='grc' dir='ltr'>Σαϐϐάτῳ,</span> <span class='ocrx_word' id='word_1_232' title='bbox 3536 3328 3630 3383; x_wconf 86' lang='grc' dir='ltr'><strong>τὸν</strong></span> <span class='ocrx_word' id='word_1_233' title='bbox 3693 3329 3800 3384; x_wconf 75' lang='grc' dir='ltr'><strong>Κύ-</strong></span> 
     </span>
    </p>
   </div>
   <div class='ocr_carea' id='block_1_27' title="bbox 391 3406 2082 3495">
    <p class='ocr_par' dir='ltr' id='par_1_27' title="bbox 391 3413 2036 3495">
     <span class='ocr_line' id='line_1_27' title="bbox 391 3413 2036 3495; baseline -0.01 -10"><span class='ocrx_word' id='word_1_234' title='bbox 391 3446 546 3495; x_wconf 89' lang='lat' dir='ltr'><strong>mus,</strong></span> <span class='ocrx_word' id='word_1_235' title='bbox 562 3423 879 3482; x_wconf 89' lang='lat' dir='ltr'><strong>Dominum</strong></span> <span class='ocrx_word' id='word_1_236' title='bbox 896 3418 1135 3477; x_wconf 89' lang='lat' dir='ltr'><strong>Sabbati</strong></span> <span class='ocrx_word' id='word_1_237' title='bbox 1158 3418 1357 3473; x_wconf 88' lang='lat' dir='ltr'><strong>Jesum</strong></span> <span class='ocrx_word' id='word_1_238' title='bbox 1378 3416 1694 3471; x_wconf 90' lang='lat' dir='ltr'><strong>adoraturi.</strong></span> <span class='ocrx_word' id='word_1_239' title='bbox 1711 3413 1861 3470; x_wconf 89' lang='lat' dir='ltr'><strong>Olim</strong></span> <span class='ocrx_word' id='word_1_240' title='bbox 1886 3420 2036 3468; x_wconf 88' lang='lat' dir='ltr'><strong>certe</strong></span> 
     </span>
    </p>
   </div>
   <div class='ocr_carea' id='block_1_28' title="bbox 2151 3406 3797 3495">
    <p class='ocr_par' dir='ltr' id='par_1_28' title="bbox 2151 3406 3797 3489">
     <span class='ocr_line' id='line_1_28' title="bbox 2151 3406 3797 3489; baseline 0.006 -27"><span class='ocrx_word' id='word_1_241' title='bbox 2151 3430 2262 3484; x_wconf 86' lang='grc' dir='ltr'>ριον</span> <span class='ocrx_word' id='word_1_242' title='bbox 2321 3414 2416 3464; x_wconf 80' lang='grc' dir='ltr'><strong>τοῦ</strong></span> <span class='ocrx_word' id='word_1_243' title='bbox 2477 3406 2759 3467; x_wconf 82' lang='grc' dir='ltr'>Σαϐϐάτου</span> <span class='ocrx_word' id='word_1_244' title='bbox 2818 3414 3023 3483; x_wconf 80' lang='grc' dir='ltr'><strong>Ἰησοῦν</strong></span> <span class='ocrx_word' id='word_1_245' title='bbox 3083 3417 3568 3489; x_wconf 75' lang='grc' dir='ltr'><strong>προσκυνήσοντες,</strong></span> <span class='ocrx_word' id='word_1_246' title='bbox 3615 3417 3797 3474; x_wconf 73' lang='grc' dir='ltr'>Πάλαι</span> 
     </span>
    </p>
   </div>
   <div class='ocr_carea' id='block_1_29' title="bbox 391 3500 2082 3591">
    <p class='ocr_par' dir='ltr' id='par_1_29' title="bbox 391 3502 2035 3591">
     <span class='ocr_line' id='line_1_29' title="bbox 391 3502 2035 3591; baseline -0.01 -18"><span class='ocrx_word' id='word_1_247' title='bbox 391 3516 602 3591; x_wconf 90' lang='lat' dir='ltr'><strong>priscis</strong></span> <span class='ocrx_word' id='word_1_248' title='bbox 636 3511 976 3567; x_wconf 88' lang='lat' dir='ltr'><strong>hominibus</strong></span> <span class='ocrx_word' id='word_1_249' title='bbox 1007 3508 1067 3563; x_wconf 93' lang='lat' dir='ltr'><strong>in</strong></span> <span class='ocrx_word' id='word_1_250' title='bbox 1101 3506 1280 3578; x_wconf 87' lang='lat' dir='ltr'><strong>pretio</strong></span> <span class='ocrx_word' id='word_1_251' title='bbox 1311 3505 1630 3559; x_wconf 88' lang='lat' dir='ltr'><strong>Sabbatum</strong></span> <span class='ocrx_word' id='word_1_252' title='bbox 1662 3503 1807 3558; x_wconf 83' lang='lat' dir='ltr'><strong>fuit:</strong></span> <span class='ocrx_word' id='word_1_253' title='bbox 1841 3508 1899 3557; x_wconf 91' lang='lat' dir='ltr'><strong>at</strong></span> <span class='ocrx_word' id='word_1_254' title='bbox 1926 3502 2035 3557; x_wconf 86' lang='lat' dir='ltr'><strong>Do-</strong></span> 
     </span>
    </p>
   </div>
   <div class='ocr_carea' id='block_1_30' title="bbox 2151 3500 3796 3591">
    <p class='ocr_par' dir='ltr' id='par_1_30' title="bbox 2151 3500 3796 3591">
     <span class='ocr_line' id='line_1_30' title="bbox 2151 3500 3796 3591; baseline 0.005 -39"><span class='ocrx_word' id='word_1_255' title='bbox 2151 3500 2245 3572; x_wconf 77' lang='grc' dir='ltr'>μὶν</span> <span class='ocrx_word' id='word_1_256' title='bbox 2303 3500 2405 3575; x_wconf 79' lang='grc' dir='ltr'><strong>γὰρ</strong></span> <span class='ocrx_word' id='word_1_257' title='bbox 2463 3501 2530 3568; x_wconf 71' lang='grc' dir='ltr'>ἦν</span> <span class='ocrx_word' id='word_1_258' title='bbox 2592 3500 2644 3555; x_wconf 70' lang='grc' dir='ltr'>ἐν</span> <span class='ocrx_word' id='word_1_259' title='bbox 2702 3507 2817 3563; x_wconf 81' lang='grc' dir='ltr'>τοῖς</span> <span class='ocrx_word' id='word_1_260' title='bbox 2877 3501 3127 3577; x_wconf 78' lang='grc' dir='ltr'>ἀρχαίοις</span> <span class='ocrx_word' id='word_1_261' title='bbox 3172 3502 3443 3591; x_wconf 30' lang='grc' dir='ltr'>τὸᾼτίμιον</span> <span class='ocrx_word' id='word_1_262' title='bbox 3481 3501 3796 3561; x_wconf 71' lang='grc' dir='ltr'>Σάϐϐατονυ</span> 
     </span>
    </p>
   </div>
   <div class='ocr_carea' id='block_1_31' title="bbox 394 3585 2082 3669">
    <p class='ocr_par' dir='ltr' id='par_1_31' title="bbox 394 3585 2039 3661">
     <span class='ocr_line' id='line_1_31' title="bbox 394 3585 2039 3661; baseline -0.01 0"><span class='ocrx_word' id='word_1_263' title='bbox 394 3585 594 3661; x_wconf 71' lang='lat' dir='ltr'><strong>minus</strong></span> <span class='ocrx_word' id='word_1_264' title='bbox 624 3602 778 3657; x_wconf 89' lang='lat' dir='ltr'><strong>diem</strong></span> <span class='ocrx_word' id='word_1_265' title='bbox 810 3597 1047 3654; x_wconf 90' lang='lat' dir='ltr'><strong>Sabbati</strong></span> <span class='ocrx_word' id='word_1_266' title='bbox 1082 3593 1381 3650; x_wconf 86' lang='lat' dir='ltr'><strong>transtulit</strong></span> <span class='ocrx_word' id='word_1_267' title='bbox 1414 3594 1471 3646; x_wconf 92' lang='lat' dir='ltr'><strong>in</strong></span> <span class='ocrx_word' id='word_1_268' title='bbox 1506 3592 1864 3647; x_wconf 90' lang='lat' dir='ltr'><strong>Dominicam</strong></span> <span class='ocrx_word' id='word_1_269' title='bbox 1898 3608 1910 3645; x_wconf 93' lang='lat'>:</span> <span class='ocrx_word' id='word_1_270' title='bbox 1946 3607 2039 3646; x_wconf 85' lang='lat' dir='ltr'><strong>ne-</strong></span> 
     </span>
    </p>
   </div>
   <div class='ocr_carea' id='block_1_32' title="bbox 2151 3585 3801 3669">
    <p class='ocr_par' dir='ltr' id='par_1_32' title="bbox 2154 3585 3801 3669">
     <span class='ocr_line' id='line_1_32' title="bbox 2154 3585 3801 3669; baseline 0.006 -28"><span class='ocrx_word' id='word_1_271' title='bbox 2154 3587 2413 3659; x_wconf 69' lang='grc' dir='ltr'>μετέθηκε</span> <span class='ocrx_word' id='word_1_272' title='bbox 2472 3585 2529 3643; x_wconf 72' lang='grc' dir='ltr'>δὲ</span> <span class='ocrx_word' id='word_1_273' title='bbox 2572 3589 2601 3644; x_wconf 97' lang='lat'><strong>6</strong></span> <span class='ocrx_word' id='word_1_274' title='bbox 2655 3589 2849 3663; x_wconf 82' lang='grc' dir='ltr'>Κύριος</span> <span class='ocrx_word' id='word_1_275' title='bbox 2880 3592 2978 3658; x_wconf 75' lang='grc' dir='ltr'>τὴν</span> <span class='ocrx_word' id='word_1_276' title='bbox 3009 3595 3107 3646; x_wconf 78' lang='grc' dir='ltr'><strong>τοῦ</strong></span> <span class='ocrx_word' id='word_1_277' title='bbox 3140 3587 3422 3647; x_wconf 79' lang='grc' dir='ltr'>Σαϐϐάτου</span> <span class='ocrx_word' id='word_1_278' title='bbox 3451 3594 3661 3669; x_wconf 70' lang='grc' dir='ltr'>ἡμέραν</span> <span class='ocrx_word' id='word_1_279' title='bbox 3722 3596 3801 3659; x_wconf 77' lang='grc' dir='ltr'>εἷς</span> 
     </span>
    </p>
   </div>
   <div class='ocr_carea' id='block_1_33' title="bbox 396 3679 2037 3767">
    <p class='ocr_par' dir='ltr' id='par_1_33' title="bbox 396 3679 2037 3767">
     <span class='ocr_line' id='line_1_33' title="bbox 396 3679 2037 3767; baseline -0.01 -16"><span class='ocrx_word' id='word_1_280' title='bbox 396 3711 511 3767; x_wconf 89' lang='lat' dir='ltr'><strong>que</strong></span> <span class='ocrx_word' id='word_1_281' title='bbox 539 3709 647 3748; x_wconf 90' lang='lat' dir='ltr'><strong>nos</strong></span> <span class='ocrx_word' id='word_1_282' title='bbox 670 3689 1011 3745; x_wconf 87' lang='lat' dir='ltr'><strong>auctoritate</strong></span> <span class='ocrx_word' id='word_1_283' title='bbox 1035 3689 1237 3739; x_wconf 89' lang='lat' dir='ltr'><strong>nostra</strong></span> <span class='ocrx_word' id='word_1_284' title='bbox 1256 3681 1572 3735; x_wconf 85' lang='lat' dir='ltr'><strong>Sabbatum</strong></span> <span class='ocrx_word' id='word_1_285' title='bbox 1594 3679 2037 3752; x_wconf 89' lang='lat' dir='ltr'><strong>vilipendimus;</strong></span> 
     </span>
    </p>
   </div>
   <div class='ocr_carea' id='block_1_34' title="bbox 396 3768 2038 3851">
    <p class='ocr_par' dir='ltr' id='par_1_34' title="bbox 396 3768 2038 3851">
     <span class='ocr_line' id='line_1_34' title="bbox 396 3768 2038 3851; baseline -0.01 -9"><span class='ocrx_word' id='word_1_286' title='bbox 396 3785 498 3843; x_wconf 88' lang='lat' dir='ltr'><strong>sed</strong></span> <span class='ocrx_word' id='word_1_287' title='bbox 545 3782 646 3838; x_wconf 74' lang='lat'><strong>46</strong></span> <span class='ocrx_word' id='word_1_288' title='bbox 692 3776 974 3851; x_wconf 83' lang='lat' dir='ltr'><strong>propheta</strong></span> <span class='ocrx_word' id='word_1_289' title='bbox 1022 3777 1131 3841; x_wconf 85' lang='lat' dir='ltr'><strong>est,</strong></span> <span class='ocrx_word' id='word_1_290' title='bbox 1163 3771 1259 3843; x_wconf 91' lang='lat' dir='ltr'><strong>qui</strong></span> <span class='ocrx_word' id='word_1_291' title='bbox 1310 3768 1454 3824; x_wconf 92' lang='lat' dir='ltr'><strong>illud</strong></span> <span class='ocrx_word' id='word_1_292' title='bbox 1506 3768 1693 3840; x_wconf 84' lang='lat' dir='ltr'><strong>rejicit</strong></span> <span class='ocrx_word' id='word_1_293' title='bbox 1740 3785 1805 3825; x_wconf 89' lang='lat' dir='ltr'><strong>ac</strong></span> <span class='ocrx_word' id='word_1_294' title='bbox 1853 3768 2038 3825; x_wconf 88' lang='lat' dir='ltr'><strong>dicit:</strong></span> 
     </span>
    </p>
   </div>
   <div class='ocr_carea' id='block_1_35' title="bbox 399 3857 2042 3929">
    <p class='ocr_par' dir='ltr' id='par_1_35' title="bbox 399 3857 2042 3929">
     <span class='ocr_line' id='line_1_35' title="bbox 399 3857 2042 3929; baseline -0.01 -4"><span class='ocrx_word' id='word_1_295' title='bbox 399 3897 427 3925; x_wconf 92' lang='grc'><strong>‹‹</strong></span> <span class='ocrx_word' id='word_1_296' title='bbox 463 3869 809 3929; x_wconf 86' lang='lat' dir='ltr'><strong>Neomenias</strong></span> <span class='ocrx_word' id='word_1_297' title='bbox 830 3870 1053 3920; x_wconf 89' lang='lat' dir='ltr'><strong>vestras</strong></span> <span class='ocrx_word' id='word_1_298' title='bbox 1074 3866 1130 3918; x_wconf 90' lang='lat' dir='ltr'><strong>et</strong></span> <span class='ocrx_word' id='word_1_299' title='bbox 1150 3859 1407 3917; x_wconf 86' lang='lat' dir='ltr'><strong>Sabbata</strong></span> <span class='ocrx_word' id='word_1_300' title='bbox 1427 3858 1550 3913; x_wconf 90' lang='lat' dir='ltr'><strong>odit</strong></span> <span class='ocrx_word' id='word_1_301' title='bbox 1570 3857 1769 3912; x_wconf 90' lang='lat' dir='ltr'><strong>anima</strong></span> <span class='ocrx_word' id='word_1_302' title='bbox 1791 3874 1919 3912; x_wconf 89' lang='lat' dir='ltr'><strong>mea</strong></span> <span class='ocrx_word' id='word_1_303' title='bbox 1942 3857 2042 3912; x_wconf 73' lang='grc' dir='ltr'><strong>η.»</strong></span> 
     </span>
    </p>
   </div>
   <div class='ocr_carea' id='block_1_36' title="bbox 399 3941 2082 4027">
    <p class='ocr_par' dir='ltr' id='par_1_36' title="bbox 399 3946 2047 4027">
     <span class='ocr_line' id='line_1_36' title="bbox 399 3946 2047 4027; baseline -0.008 -10"><span class='ocrx_word' id='word_1_304' title='bbox 399 3959 671 4027; x_wconf 88' lang='lat' dir='ltr'><strong>Quandiu</strong></span> <span class='ocrx_word' id='word_1_305' title='bbox 700 3956 857 4013; x_wconf 89' lang='lat' dir='ltr'><strong>enim</strong></span> <span class='ocrx_word' id='word_1_306' title='bbox 900 3970 967 4009; x_wconf 92' lang='lat' dir='ltr'><strong>ea</strong></span> <span class='ocrx_word' id='word_1_307' title='bbox 1010 3952 1354 4023; x_wconf 88' lang='lat' dir='ltr'><strong>agebantur,</strong></span> <span class='ocrx_word' id='word_1_308' title='bbox 1388 3963 1516 4020; x_wconf 70' lang='lat' dir='ltr'><strong>quae</strong></span> <span class='ocrx_word' id='word_1_309' title='bbox 1548 3946 1675 4019; x_wconf 90' lang='lat' dir='ltr'><strong>lege</strong></span> <span class='ocrx_word' id='word_1_310' title='bbox 1704 3946 1840 4002; x_wconf 90' lang='lat' dir='ltr'><strong>data</strong></span> <span class='ocrx_word' id='word_1_311' title='bbox 1869 3947 2047 4018; x_wconf 89' lang='lat' dir='ltr'><strong>digna</strong></span> 
     </span>
    </p>
   </div>
   <div class='ocr_carea' id='block_1_37' title="bbox 2151 3941 3301 4027">
    <p class='ocr_par' dir='ltr' id='par_1_37' title="bbox 2151 3941 3301 4023">
     <span class='ocr_line' id='line_1_37' title="bbox 2151 3941 3301 4023; baseline 0.002 -25"><span class='ocrx_word' id='word_1_312' title='bbox 2151 3947 2216 3999; x_wconf 81' lang='grc' dir='ltr'>τὰ</span> <span class='ocrx_word' id='word_1_313' title='bbox 2276 3941 2527 4001; x_wconf 85' lang='grc' dir='ltr'>Σάϐϐατα</span> <span class='ocrx_word' id='word_1_314' title='bbox 2587 3952 2734 4019; x_wconf 84' lang='grc' dir='ltr'><strong>μισεῖ</strong></span> <span class='ocrx_word' id='word_1_315' title='bbox 2779 3948 2814 4017; x_wconf 78' lang='grc' dir='ltr'><strong>ἠ</strong></span> <span class='ocrx_word' id='word_1_316' title='bbox 2873 3950 3024 4023; x_wconf 77' lang='grc' dir='ltr'>ψυχή</span> <span class='ocrx_word' id='word_1_317' title='bbox 3090 3970 3213 4021; x_wconf 76' lang='grc' dir='ltr'>μουο</span> <span class='ocrx_word' id='word_1_318' title='bbox 3272 3973 3301 4000; x_wconf 82' lang='grc'><strong>››</strong></span> 
     </span>
    </p>
   </div>
   <div class='ocr_carea' id='block_1_38' title="bbox 400 4036 2043 4115">
    <p class='ocr_par' dir='ltr' id='par_1_38' title="bbox 400 4036 2043 4115">
     <span class='ocr_line' id='line_1_38' title="bbox 400 4036 2043 4115; baseline -0.009 -10"><span class='ocrx_word' id='word_1_319' title='bbox 400 4052 602 4105; x_wconf 88' lang='lat' dir='ltr'><strong>erant:</strong></span> <span class='ocrx_word' id='word_1_320' title='bbox 629 4050 728 4100; x_wconf 84' lang='lat' dir='ltr'><strong>aut</strong></span> <span class='ocrx_word' id='word_1_321' title='bbox 748 4042 1011 4115; x_wconf 90' lang='lat' dir='ltr'><strong>quandiu</strong></span> <span class='ocrx_word' id='word_1_322' title='bbox 1042 4056 1159 4094; x_wconf 90' lang='lat' dir='ltr'><strong>non</strong></span> <span class='ocrx_word' id='word_1_323' title='bbox 1194 4038 1505 4093; x_wconf 85' lang='lat' dir='ltr'><strong>advenerat</strong></span> <span class='ocrx_word' id='word_1_324' title='bbox 1525 4036 1822 4107; x_wconf 88' lang='lat' dir='ltr'><strong>Magister,</strong></span> <span class='ocrx_word' id='word_1_325' title='bbox 1854 4036 2043 4107; x_wconf 66' lang='lat' dir='ltr'><strong>paeda-</strong></span> 
     </span>
    </p>
   </div>
   <div class='ocr_carea' id='block_1_39' title="bbox 402 4124 2044 4209">
    <p class='ocr_par' dir='ltr' id='par_1_39' title="bbox 402 4124 2044 4209">
     <span class='ocr_line' id='line_1_39' title="bbox 402 4124 2044 4209; baseline -0.009 -16"><span class='ocrx_word' id='word_1_326' title='bbox 402 4136 537 4209; x_wconf 88' lang='lat' dir='ltr'><strong>gogi</strong></span> <span class='ocrx_word' id='word_1_327' title='bbox 568 4136 724 4206; x_wconf 88' lang='lat' dir='ltr'><strong>leges</strong></span> <span class='ocrx_word' id='word_1_328' title='bbox 752 4131 869 4187; x_wconf 90' lang='lat' dir='ltr'><strong>vim</strong></span> <span class='ocrx_word' id='word_1_329' title='bbox 914 4127 1256 4184; x_wconf 88' lang='lat' dir='ltr'><strong>obtinebant</strong></span> <span class='ocrx_word' id='word_1_330' title='bbox 1286 4142 1299 4180; x_wconf 91' lang='lat'>:</span> <span class='ocrx_word' id='word_1_331' title='bbox 1336 4132 1393 4180; x_wconf 92' lang='lat' dir='ltr'><strong>at</strong></span> <span class='ocrx_word' id='word_1_332' title='bbox 1425 4124 1525 4179; x_wconf 92' lang='lat' dir='ltr'><strong>ubi</strong></span> <span class='ocrx_word' id='word_1_333' title='bbox 1567 4124 1845 4196; x_wconf 85' lang='lat' dir='ltr'><strong>Magister</strong></span> <span class='ocrx_word' id='word_1_334' title='bbox 1872 4126 2044 4179; x_wconf 88' lang='lat' dir='ltr'><strong>adve-</strong></span> 
     </span>
    </p>
   </div>
   <div class='ocr_carea' id='block_1_40' title="bbox 402 4212 2043 4295">
    <p class='ocr_par' dir='ltr' id='par_1_40' title="bbox 402 4212 2043 4295">
     <span class='ocr_line' id='line_1_40' title="bbox 402 4212 2043 4295; baseline -0.009 -14"><span class='ocrx_word' id='word_1_335' title='bbox 402 4227 509 4295; x_wconf 88' lang='lat' dir='ltr'><strong>nit,</strong></span> <span class='ocrx_word' id='word_1_336' title='bbox 542 4222 719 4279; x_wconf 90' lang='lat' dir='ltr'><strong>desiit</strong></span> <span class='ocrx_word' id='word_1_337' title='bbox 749 4220 1137 4292; x_wconf 68' lang='lat' dir='ltr'><strong>paedagogus:</strong></span> <span class='ocrx_word' id='word_1_338' title='bbox 1161 4220 1217 4271; x_wconf 90' lang='lat' dir='ltr'><strong>et</strong></span> <span class='ocrx_word' id='word_1_339' title='bbox 1244 4218 1440 4269; x_wconf 80' lang='lat' dir='ltr'><strong>exorto</strong></span> <span class='ocrx_word' id='word_1_340' title='bbox 1473 4213 1614 4280; x_wconf 90' lang='lat' dir='ltr'><strong>sole,</strong></span> <span class='ocrx_word' id='word_1_341' title='bbox 1648 4212 1890 4269; x_wconf 87' lang='lat' dir='ltr'><strong>candela</strong></span> <span class='ocrx_word' id='word_1_342' title='bbox 1920 4228 2043 4268; x_wconf 87' lang='lat' dir='ltr'><strong>ces-</strong></span> 
     </span>
    </p>
   </div>
   <div class='ocr_carea' id='block_1_41' title="bbox 403 4300 2043 4381">
    <p class='ocr_par' dir='ltr' id='par_1_41' title="bbox 403 4300 2043 4381">
     <span class='ocr_line' id='line_1_41' title="bbox 403 4300 2043 4381; baseline -0.007 -12"><span class='ocrx_word' id='word_1_343' title='bbox 403 4313 570 4369; x_wconf 85' lang='lat' dir='ltr'><strong>savit.</strong></span> <span class='ocrx_word' id='word_1_344' title='bbox 619 4314 958 4381; x_wconf 88' lang='lat' dir='ltr'><strong>Opportuna</strong></span> <span class='ocrx_word' id='word_1_345' title='bbox 1006 4304 1182 4375; x_wconf 87' lang='lat' dir='ltr'><strong>igitur</strong></span> <span class='ocrx_word' id='word_1_346' title='bbox 1228 4301 1397 4356; x_wconf 90' lang='lat' dir='ltr'><strong>nobis</strong></span> <span class='ocrx_word' id='word_1_347' title='bbox 1450 4300 1619 4356; x_wconf 91' lang='lat' dir='ltr'><strong>lectio</strong></span> <span class='ocrx_word' id='word_1_348' title='bbox 1667 4302 1739 4356; x_wconf 90' lang='lat' dir='ltr'><strong>de</strong></span> <span class='ocrx_word' id='word_1_349' title='bbox 1791 4301 2043 4357; x_wconf 86' lang='lat' dir='ltr'><strong>Sabbato</strong></span> 
     </span>
    </p>
   </div>
   <div class='ocr_carea' id='block_1_42' title="bbox 403 4390 2044 4471">
    <p class='ocr_par' dir='ltr' id='par_1_42' title="bbox 403 4390 2044 4471">
     <span class='ocr_line' id='line_1_42' title="bbox 403 4390 2044 4471; baseline -0.007 -13"><span class='ocrx_word' id='word_1_350' title='bbox 403 4402 827 4471; x_wconf 88' lang='lat' dir='ltr'><strong>consequenter</strong></span> <span class='ocrx_word' id='word_1_351' title='bbox 854 4394 1056 4449; x_wconf 81' lang='lat' dir='ltr'><strong>habita</strong></span> <span class='ocrx_word' id='word_1_352' title='bbox 1087 4396 1194 4447; x_wconf 90' lang='lat' dir='ltr'><strong>est.</strong></span> <span class='ocrx_word' id='word_1_353' title='bbox 1230 4390 1483 4459; x_wconf 85' lang='lat' dir='ltr'><strong>Jamjam</strong></span> <span class='ocrx_word' id='word_1_354' title='bbox 1523 4390 1678 4444; x_wconf 90' lang='lat' dir='ltr'><strong>enim</strong></span> <span class='ocrx_word' id='word_1_355' title='bbox 1712 4390 2044 4446; x_wconf 88' lang='lat' dir='ltr'><strong>audivimus</strong></span> 
     </span>
    </p>
   </div>
   <div class='ocr_carea' id='block_1_43' title="bbox 390 4479 2041 4563">
    <p class='ocr_par' dir='ltr' id='par_1_43' title="bbox 390 4479 2041 4563">
     <span class='ocr_line' id='line_1_43' title="bbox 390 4479 2041 4563; baseline -0.007 -16"><span class='ocrx_word' id='word_1_356' title='bbox 390 4488 695 4563; x_wconf 87' lang='lat' dir='ltr'><strong>quomodo</strong></span> <span class='ocrx_word' id='word_1_357' title='bbox 725 4486 897 4541; x_wconf 86' lang='lat' dir='ltr'><strong>Jesus</strong></span> <span class='ocrx_word' id='word_1_358' title='bbox 928 4482 1049 4537; x_wconf 89' lang='lat' dir='ltr'><strong>ibat</strong></span> <span class='ocrx_word' id='word_1_359' title='bbox 1089 4496 1190 4552; x_wconf 90' lang='lat' dir='ltr'><strong>per</strong></span> <span class='ocrx_word' id='word_1_360' title='bbox 1233 4482 1380 4546; x_wconf 86' lang='lat' dir='ltr'><strong>sata,</strong></span> <span class='ocrx_word' id='word_1_361' title='bbox 1412 4482 1468 4534; x_wconf 87' lang='lat' dir='ltr'><strong>et</strong></span> <span class='ocrx_word' id='word_1_362' title='bbox 1497 4479 1788 4549; x_wconf 89' lang='lat' dir='ltr'><strong>quomodo</strong></span> <span class='ocrx_word' id='word_1_363' title='bbox 1818 4479 2041 4535; x_wconf 89' lang='lat' dir='ltr'><strong>aridam</strong></span> 
     </span>
    </p>
   </div>
   <div class='ocr_carea' id='block_1_44' title="bbox 401 4566 2044 4640">
    <p class='ocr_par' dir='ltr' id='par_1_44' title="bbox 401 4566 2044 4640">
     <span class='ocr_line' id='line_1_44' title="bbox 401 4566 2044 4640; baseline -0.008 -4"><span class='ocrx_word' id='word_1_364' title='bbox 401 4593 645 4636; x_wconf 89' lang='lat' dir='ltr'><strong>manum</strong></span> <span class='ocrx_word' id='word_1_365' title='bbox 696 4572 1029 4629; x_wconf 89' lang='lat' dir='ltr'><strong>sanaverit:</strong></span> <span class='ocrx_word' id='word_1_366' title='bbox 1063 4575 1239 4640; x_wconf 88' lang='lat' dir='ltr'><strong>atque</strong></span> <span class='ocrx_word' id='word_1_367' title='bbox 1286 4583 1471 4639; x_wconf 72' lang='lat' dir='ltr'><strong>operas</strong></span> <span class='ocrx_word' id='word_1_368' title='bbox 1517 4566 1769 4637; x_wconf 90' lang='lat' dir='ltr'><strong>pretium</strong></span> <span class='ocrx_word' id='word_1_369' title='bbox 1817 4568 2044 4623; x_wconf 90' lang='lat' dir='ltr'><strong>videtur</strong></span> 
     </span>
    </p>
   </div>
   <div class='ocr_carea' id='block_1_45' title="bbox 400 4654 2041 4738">
    <p class='ocr_par' dir='ltr' id='par_1_45' title="bbox 400 4654 2041 4738">
     <span class='ocr_line' id='line_1_45' title="bbox 400 4654 2041 4738; baseline -0.009 -14"><span class='ocrx_word' id='word_1_370' title='bbox 400 4667 569 4735; x_wconf 90' lang='lat' dir='ltr'><strong>mihi,</strong></span> <span class='ocrx_word' id='word_1_371' title='bbox 594 4680 779 4738; x_wconf 86' lang='lat' dir='ltr'><strong>pauca</strong></span> <span class='ocrx_word' id='word_1_372' title='bbox 813 4662 872 4716; x_wconf 92' lang='lat' dir='ltr'><strong>in</strong></span> <span class='ocrx_word' id='word_1_373' title='bbox 922 4658 1234 4714; x_wconf 89' lang='lat' dir='ltr'><strong>lectionem</strong></span> <span class='ocrx_word' id='word_1_374' title='bbox 1265 4654 1553 4726; x_wconf 76' lang='lat' dir='ltr'><strong>Evangelii</strong></span> <span class='ocrx_word' id='word_1_375' title='bbox 1586 4655 1890 4711; x_wconf 89' lang='lat' dir='ltr'><strong>disserere.</strong></span> <span class='ocrx_word' id='word_1_376' title='bbox 1914 4657 2041 4713; x_wconf 89' lang='lat' dir='ltr'><strong>Sal-</strong></span> 
     </span>
    </p>
   </div>
   <div class='ocr_carea' id='block_1_46' title="bbox 397 4743 2040 4823">
    <p class='ocr_par' dir='ltr' id='par_1_46' title="bbox 397 4743 2040 4823">
     <span class='ocr_line' id='line_1_46' title="bbox 397 4743 2040 4823; baseline -0.008 -10"><span class='ocrx_word' id='word_1_377' title='bbox 397 4761 562 4813; x_wconf 87' lang='lat' dir='ltr'><strong>vator</strong></span> <span class='ocrx_word' id='word_1_378' title='bbox 591 4758 788 4811; x_wconf 89' lang='lat' dir='ltr'><strong>noster</strong></span> <span class='ocrx_word' id='word_1_379' title='bbox 815 4767 918 4823; x_wconf 91' lang='lat' dir='ltr'><strong>per</strong></span> <span class='ocrx_word' id='word_1_380' title='bbox 960 4753 1088 4804; x_wconf 87' lang='lat' dir='ltr'><strong>sata</strong></span> <span class='ocrx_word' id='word_1_381' title='bbox 1125 4747 1266 4816; x_wconf 88' lang='lat' dir='ltr'><strong>ibat,</strong></span> <span class='ocrx_word' id='word_1_382' title='bbox 1301 4745 1613 4815; x_wconf 88' lang='lat' dir='ltr'><strong>ipsumque</strong></span> <span class='ocrx_word' id='word_1_383' title='bbox 1645 4743 1920 4816; x_wconf 90' lang='lat' dir='ltr'><strong>discipuli</strong></span> <span class='ocrx_word' id='word_1_384' title='bbox 1950 4762 2040 4801; x_wconf 89' lang='lat' dir='ltr'><strong>se-</strong></span> 
     </span>
    </p>
   </div>
   <div class='ocr_carea' id='block_1_47' title="bbox 399 4832 2038 4918">
    <p class='ocr_par' dir='ltr' id='par_1_47' title="bbox 399 4832 2038 4918">
     <span class='ocr_line' id='line_1_47' title="bbox 399 4832 2038 4918; baseline -0.007 -16"><span class='ocrx_word' id='word_1_385' title='bbox 399 4847 748 4918; x_wconf 88' lang='lat' dir='ltr'><strong>quebantur,</strong></span> <span class='ocrx_word' id='word_1_386' title='bbox 784 4844 840 4898; x_wconf 84' lang='lat' dir='ltr'><strong>et</strong></span> <span class='ocrx_word' id='word_1_387' title='bbox 882 4836 1161 4894; x_wconf 89' lang='lat' dir='ltr'><strong>vellentes</strong></span> <span class='ocrx_word' id='word_1_388' title='bbox 1207 4833 1399 4905; x_wconf 88' lang='lat' dir='ltr'><strong>spicas</strong></span> <span class='ocrx_word' id='word_1_389' title='bbox 1449 4832 1835 4888; x_wconf 85' lang='lat' dir='ltr'><strong>comedebant</strong></span> <span class='ocrx_word' id='word_1_390' title='bbox 1866 4851 1879 4889; x_wconf 88' lang='lat'><strong><em>:</em></strong></span> <span class='ocrx_word' id='word_1_391' title='bbox 1912 4837 2038 4891; x_wconf 89' lang='lat' dir='ltr'><strong>tum</strong></span> 
     </span>
    </p>
   </div>
   <div class='ocr_carea' id='block_1_48' title="bbox 396 4920 2041 5000">
    <p class='ocr_par' dir='ltr' id='par_1_48' title="bbox 396 4920 2041 5000">
     <span class='ocr_line' id='line_1_48' title="bbox 396 4920 2041 5000; baseline -0.006 -11"><span class='ocrx_word' id='word_1_392' title='bbox 396 4933 583 4989; x_wconf 71' lang='lat' dir='ltr'><strong>Judaai</strong></span> <span class='ocrx_word' id='word_1_393' title='bbox 617 4929 997 5000; x_wconf 89' lang='lat' dir='ltr'><strong>increpabant</strong></span> <span class='ocrx_word' id='word_1_394' title='bbox 1030 4923 1185 4993; x_wconf 89' lang='lat' dir='ltr'><strong>illos,</strong></span> <span class='ocrx_word' id='word_1_395' title='bbox 1218 4922 1476 4977; x_wconf 89' lang='lat' dir='ltr'><strong>dicentes</strong></span> <span class='ocrx_word' id='word_1_396' title='bbox 1508 4938 1575 4976; x_wconf 71' lang='grc' dir='ltr'><strong>τα</strong></span> <span class='ocrx_word' id='word_1_397' title='bbox 1609 4920 1736 4976; x_wconf 91' lang='lat' dir='ltr'><strong>Non</strong></span> <span class='ocrx_word' id='word_1_398' title='bbox 1770 4920 1904 4976; x_wconf 90' lang='lat' dir='ltr'><strong>licet</strong></span> <span class='ocrx_word' id='word_1_399' title='bbox 1932 4922 2041 4979; x_wconf 88' lang='lat' dir='ltr'><strong>hoc</strong></span> 
     </span>
    </p>
   </div>
   <div class='ocr_carea' id='block_1_49' title="bbox 397 5008 2039 5081">
    <p class='ocr_par' dir='ltr' id='par_1_49' title="bbox 397 5008 2039 5081">
     <span class='ocr_line' id='line_1_49' title="bbox 397 5008 2039 5081; baseline -0.006 -4"><span class='ocrx_word' id='word_1_400' title='bbox 397 5022 585 5077; x_wconf 86' lang='lat' dir='ltr'><strong>facere</strong></span> <span class='ocrx_word' id='word_1_401' title='bbox 631 5018 689 5072; x_wconf 90' lang='lat' dir='ltr'><strong>in</strong></span> <span class='ocrx_word' id='word_1_402' title='bbox 739 5014 1123 5071; x_wconf 69' lang='lat' dir='ltr'><strong>Sabbato‘3.»</strong></span> <span class='ocrx_word' id='word_1_403' title='bbox 1157 5011 1235 5065; x_wconf 85' lang='lat' dir='ltr'><strong>Ex</strong></span> <span class='ocrx_word' id='word_1_404' title='bbox 1284 5027 1400 5081; x_wconf 90' lang='lat' dir='ltr'><strong>qua</strong></span> <span class='ocrx_word' id='word_1_405' title='bbox 1446 5009 1592 5081; x_wconf 86' lang='lat' dir='ltr'><strong>lege,</strong></span> <span class='ocrx_word' id='word_1_406' title='bbox 1626 5026 1658 5064; x_wconf 93' lang='grc' dir='ltr'><strong>ο</strong></span> <span class='ocrx_word' id='word_1_407' title='bbox 1689 5008 1917 5065; x_wconf 67' lang='lat' dir='ltr'><strong>Judaei?</strong></span> <span class='ocrx_word' id='word_1_408' title='bbox 1963 5013 2039 5067; x_wconf 81' lang='lat' dir='ltr'><strong>Ex</strong></span> 
     </span>
    </p>
   </div>
   <div class='ocr_carea' id='block_1_50' title="bbox 396 5099 2040 5181">
    <p class='ocr_par' dir='ltr' id='par_1_50' title="bbox 396 5099 2040 5181">
     <span class='ocr_line' id='line_1_50' title="bbox 396 5099 2040 5181; baseline -0.004 -17"><span class='ocrx_word' id='word_1_409' title='bbox 396 5125 513 5181; x_wconf 88' lang='lat' dir='ltr'><strong>quo</strong></span> <span class='ocrx_word' id='word_1_410' title='bbox 540 5106 751 5178; x_wconf 82' lang='lat' dir='ltr'><strong>Moysis</strong></span> <span class='ocrx_word' id='word_1_411' title='bbox 780 5105 1009 5159; x_wconf 89' lang='lat' dir='ltr'><strong>decreto</strong></span> <span class='ocrx_word' id='word_1_412' title='bbox 1026 5101 1052 5153; x_wconf 86' lang='lat'><strong>?</strong></span> <span class='ocrx_word' id='word_1_413' title='bbox 1083 5102 1163 5155; x_wconf 84' lang='lat' dir='ltr'><strong>Ex</strong></span> <span class='ocrx_word' id='word_1_414' title='bbox 1194 5100 1364 5170; x_wconf 90' lang='lat' dir='ltr'><strong>cujus</strong></span> <span class='ocrx_word' id='word_1_415' title='bbox 1395 5099 1686 5171; x_wconf 68' lang='lat' dir='ltr'><strong>prophetas</strong></span> <span class='ocrx_word' id='word_1_416' title='bbox 1710 5102 2040 5158; x_wconf 81' lang='lat' dir='ltr'><strong>sententia?</strong></span> 
     </span>
    </p>
   </div>
   <div class='ocr_carea' id='block_1_51' title="bbox 396 5186 2037 5261">
    <p class='ocr_par' dir='ltr' id='par_1_51' title="bbox 396 5186 2037 5261">
     <span class='ocr_line' id='line_1_51' title="bbox 396 5186 2037 5261; baseline -0.004 -8"><span class='ocrx_word' id='word_1_417' title='bbox 396 5197 506 5253; x_wconf 90' lang='lat' dir='ltr'><strong>Ubi</strong></span> <span class='ocrx_word' id='word_1_418' title='bbox 536 5194 782 5250; x_wconf 91' lang='lat' dir='ltr'><strong>vetitum</strong></span> <span class='ocrx_word' id='word_1_419' title='bbox 813 5195 903 5247; x_wconf 89' lang='lat' dir='ltr'><strong>est</strong></span> <span class='ocrx_word' id='word_1_420' title='bbox 936 5189 1013 5245; x_wconf 85' lang='lat' dir='ltr'><strong>ali</strong></span> <span class='ocrx_word' id='word_1_421' title='bbox 1042 5186 1439 5244; x_wconf 82' lang='lat' dir='ltr'><strong>esurientem?</strong></span> <span class='ocrx_word' id='word_1_422' title='bbox 1468 5186 1720 5243; x_wconf 89' lang='lat' dir='ltr'><strong>Ubinam</strong></span> <span class='ocrx_word' id='word_1_423' title='bbox 1751 5189 2037 5261; x_wconf 89' lang='lat' dir='ltr'><strong>scriptum</strong></span> 
     </span>
    </p>
   </div>
   <div class='ocr_carea' id='block_1_52' title="bbox 394 5275 2035 5356">
    <p class='ocr_par' dir='ltr' id='par_1_52' title="bbox 394 5275 2035 5356">
     <span class='ocr_line' id='line_1_52' title="bbox 394 5275 2035 5356; baseline -0.004 -13"><span class='ocrx_word' id='word_1_424' title='bbox 394 5290 503 5356; x_wconf 87' lang='lat' dir='ltr'><strong>est,</strong></span> <span class='ocrx_word' id='word_1_425' title='bbox 538 5285 775 5340; x_wconf 86' lang='lat' dir='ltr'><strong>inanem</strong></span> <span class='ocrx_word' id='word_1_426' title='bbox 811 5283 1073 5336; x_wconf 90' lang='lat' dir='ltr'><strong>ventrem</strong></span> <span class='ocrx_word' id='word_1_427' title='bbox 1125 5292 1239 5332; x_wconf 90' lang='lat' dir='ltr'><strong>non</strong></span> <span class='ocrx_word' id='word_1_428' title='bbox 1288 5275 1651 5347; x_wconf 90' lang='lat' dir='ltr'><strong>implendum</strong></span> <span class='ocrx_word' id='word_1_429' title='bbox 1700 5278 1877 5333; x_wconf 84' lang='lat' dir='ltr'><strong>esse?</strong></span> <span class='ocrx_word' id='word_1_430' title='bbox 1924 5281 2035 5336; x_wconf 89' lang='lat' dir='ltr'><strong>Sed</strong></span> 
     </span>
    </p>
   </div>
   <div class='ocr_carea' id='block_1_53' title="bbox 392 5364 2039 5445">
    <p class='ocr_par' dir='ltr' id='par_1_53' title="bbox 392 5364 2039 5445">
     <span class='ocr_line' id='line_1_53' title="bbox 392 5364 2039 5445; baseline -0.005 -15"><span class='ocrx_word' id='word_1_431' title='bbox 392 5373 497 5445; x_wconf 84' lang='lat' dir='ltr'><strong>qui</strong></span> <span class='ocrx_word' id='word_1_432' title='bbox 546 5386 712 5429; x_wconf 88' lang='lat' dir='ltr'><strong>esum</strong></span> <span class='ocrx_word' id='word_1_433' title='bbox 757 5369 818 5424; x_wconf 90' lang='lat' dir='ltr'><strong>in</strong></span> <span class='ocrx_word' id='word_1_434' title='bbox 870 5366 1124 5424; x_wconf 86' lang='lat' dir='ltr'><strong>Sabbato</strong></span> <span class='ocrx_word' id='word_1_435' title='bbox 1170 5364 1307 5420; x_wconf 86' lang='lat' dir='ltr'><strong>vitio</strong></span> <span class='ocrx_word' id='word_1_436' title='bbox 1356 5367 1615 5434; x_wconf 86' lang='lat' dir='ltr'><strong>vertunt,</strong></span> <span class='ocrx_word' id='word_1_437' title='bbox 1646 5365 1864 5421; x_wconf 84' lang='lat' dir='ltr'><strong>caedem</strong></span> <span class='ocrx_word' id='word_1_438' title='bbox 1922 5366 2039 5440; x_wconf 89' lang='lat' dir='ltr'><strong>ipsi</strong></span> 
     </span>
    </p>
   </div>
   <div class='ocr_carea' id='block_1_54' title="bbox 467 5532 1429 5607">
    <p class='ocr_par' dir='ltr' id='par_1_54' title="bbox 467 5532 1429 5607">
     <span class='ocr_line' id='line_1_54' title="bbox 467 5532 1429 5607; baseline -0.011 -9"><span class='ocrx_word' id='word_1_439' title='bbox 467 5540 512 5579; x_wconf 73' lang='grc' dir='ltr'><strong><em>η</em></strong></span> <span class='ocrx_word' id='word_1_440' title='bbox 545 5539 659 5597; x_wconf 83' lang='lat' dir='ltr'><strong>Isa.</strong></span> <span class='ocrx_word' id='word_1_441' title='bbox 689 5554 731 5607; x_wconf 84' lang='grc' dir='ltr'>ι,</span> <span class='ocrx_word' id='word_1_442' title='bbox 764 5536 852 5594; x_wconf 86' lang='grc'><strong>13.</strong></span> <span class='ocrx_word' id='word_1_443' title='bbox 929 5536 973 5574; x_wconf 69' lang='grc'>⁸⁸</span> <span class='ocrx_word' id='word_1_444' title='bbox 1002 5532 1204 5593; x_wconf 80' lang='lat' dir='ltr'><strong>Matth.</strong></span> <span class='ocrx_word' id='word_1_445' title='bbox 1239 5548 1343 5604; x_wconf 71' lang='grc' dir='ltr'><strong>ιιι,</strong></span> <span class='ocrx_word' id='word_1_446' title='bbox 1374 5533 1429 5587; x_wconf 87' lang='lat'><strong>2.</strong></span> 
     </span>
    </p>
   </div>
   <div class='ocr_carea' id='block_1_55' title="bbox 470 5706 1329 5787">
    <p class='ocr_par' dir='ltr' id='par_1_55' title="bbox 470 5706 1329 5787">
     <span class='ocr_line' id='line_1_55' title="bbox 470 5706 1329 5787; baseline -0.008 -17"><span class='ocrx_word' id='word_1_447' title='bbox 470 5711 584 5787; x_wconf 84' lang='lat'><strong>(25)</strong></span> <span class='ocrx_word' id='word_1_448' title='bbox 612 5708 990 5784; x_wconf 77' lang='lat' dir='ltr'><strong>Anglicanus,</strong></span> <span class='ocrx_word' id='word_1_449' title='bbox 1017 5706 1329 5767; x_wconf 79' lang='grc' dir='ltr'><strong>νοσοῦντος.</strong></span> 
     </span>
    </p>
   </div>
   <div class='ocr_carea' id='block_1_56' title="bbox 2151 3677 3800 3758">
    <p class='ocr_par' dir='ltr' id='par_1_56' title="bbox 2151 3677 3800 3758">
     <span class='ocr_line' id='line_1_56' title="bbox 2151 3677 3800 3758; baseline 0.005 -27"><span class='ocrx_word' id='word_1_450' title='bbox 2151 3679 2443 3753; x_wconf 76' lang='grc' dir='ltr'>Κυριακήν·</span> <span class='ocrx_word' id='word_1_451' title='bbox 2505 3677 2595 3733; x_wconf 80' lang='grc' dir='ltr'>καὶ</span> <span class='ocrx_word' id='word_1_452' title='bbox 2654 3678 2761 3754; x_wconf 82' lang='grc' dir='ltr'>οὐχ</span> <span class='ocrx_word' id='word_1_453' title='bbox 2819 3680 2981 3754; x_wconf 70' lang='grc' dir='ltr'>ἡμεῖς</span> <span class='ocrx_word' id='word_1_454' title='bbox 3038 3679 3193 3753; x_wconf 81' lang='grc' dir='ltr'>ἐσμεν</span> <span class='ocrx_word' id='word_1_455' title='bbox 3240 3682 3291 3736; x_wconf 76' lang='grc' dir='ltr'>οἱ</span> <span class='ocrx_word' id='word_1_456' title='bbox 3325 3683 3641 3758; x_wconf 70' lang='grc' dir='ltr'>ἀφ’ἒαυτῶν</span> <span class='ocrx_word' id='word_1_457' title='bbox 3698 3690 3800 3740; x_wconf 72' lang='grc' dir='ltr'><strong>τοῦ</strong></span> 
     </span>
    </p>
   </div>
   <div class='ocr_carea' id='block_1_57' title="bbox 2153 3762 3797 3851">
    <p class='ocr_par' dir='ltr' id='par_1_57' title="bbox 2153 3762 3797 3851">
     <span class='ocr_line' id='line_1_57' title="bbox 2153 3762 3797 3851; baseline 0.005 -30"><span class='ocrx_word' id='word_1_458' title='bbox 2153 3762 2436 3823; x_wconf 85' lang='grc' dir='ltr'>Σαϐϐάτου</span> <span class='ocrx_word' id='word_1_459' title='bbox 2494 3772 3017 3847; x_wconf 66' lang='grc' dir='ltr'><strong>καταφρονήσαντες,</strong></span> <span class='ocrx_word' id='word_1_460' title='bbox 3073 3770 3198 3827; x_wconf 79' lang='grc' dir='ltr'>ἀλλ’</span> <span class='ocrx_word' id='word_1_461' title='bbox 3248 3771 3277 3827; x_wconf 86' lang='grc' dir='ltr'><strong>ὀ</strong></span> <span class='ocrx_word' id='word_1_462' title='bbox 3334 3774 3623 3851; x_wconf 73' lang='grc' dir='ltr'>προφήτης</span> <span class='ocrx_word' id='word_1_463' title='bbox 3654 3773 3797 3830; x_wconf 74' lang='grc' dir='ltr'>ἐστὶν</span> 
     </span>
    </p>
   </div>
   <div class='ocr_carea' id='block_1_58' title="bbox 2156 3852 3797 3935">
    <p class='ocr_par' dir='ltr' id='par_1_58' title="bbox 2156 3852 3797 3935">
     <span class='ocr_line' id='line_1_58' title="bbox 2156 3852 3797 3935; baseline 0.005 -26"><span class='ocrx_word' id='word_1_464' title='bbox 2156 3855 2183 3909; x_wconf 91' lang='lat'><strong>6</strong></span> <span class='ocrx_word' id='word_1_465' title='bbox 2216 3852 2507 3912; x_wconf 78' lang='grc' dir='ltr'>ἀποϐαλὼν</span> <span class='ocrx_word' id='word_1_466' title='bbox 2566 3857 2655 3913; x_wconf 86' lang='grc' dir='ltr'><strong>καὶ</strong></span> <span class='ocrx_word' id='word_1_467' title='bbox 2714 3858 2902 3913; x_wconf 78' lang='grc' dir='ltr'>εἰπών·</span> <span class='ocrx_word' id='word_1_468' title='bbox 2962 3884 2990 3911; x_wconf 87' lang='grc'><em>‹‹</em></span> <span class='ocrx_word' id='word_1_469' title='bbox 3040 3861 3144 3922; x_wconf 80' lang='grc' dir='ltr'><strong>Τὰς</strong></span> <span class='ocrx_word' id='word_1_470' title='bbox 3171 3860 3463 3935; x_wconf 80' lang='grc' dir='ltr'>νεομηνίας</span> <span class='ocrx_word' id='word_1_471' title='bbox 3496 3862 3649 3935; x_wconf 78' lang='grc' dir='ltr'>ὑμῶν</span> <span class='ocrx_word' id='word_1_472' title='bbox 3704 3864 3797 3918; x_wconf 76' lang='grc' dir='ltr'>καὶ</span> 
     </span>
    </p>
   </div>
   <div class='ocr_carea' id='block_1_59' title="bbox 3361 3949 3797 4029">
    <p class='ocr_par' dir='ltr' id='par_1_59' title="bbox 3361 3949 3797 4029">
     <span class='ocr_line' id='line_1_59' title="bbox 3361 3949 3797 4029; baseline 0.007 -3"><span class='ocrx_word' id='word_1_473' title='bbox 3361 3949 3538 4026; x_wconf 71' lang='grc' dir='ltr'><strong>Μέχρι</strong></span> <span class='ocrx_word' id='word_1_474' title='bbox 3570 3953 3662 4024; x_wconf 59' lang='grc' dir='ltr'><strong>μὲν</strong></span> <span class='ocrx_word' id='word_1_475' title='bbox 3693 3953 3797 4029; x_wconf 69' lang='grc' dir='ltr'><strong>γάρ</strong></span> 
     </span>
    </p>
   </div>
   <div class='ocr_carea' id='block_1_60' title="bbox 2154 4032 3798 4113">
    <p class='ocr_par' dir='ltr' id='par_1_60' title="bbox 2154 4032 3798 4113">
     <span class='ocr_line' id='line_1_60' title="bbox 2154 4032 3798 4113; baseline 0.005 -27"><span class='ocrx_word' id='word_1_476' title='bbox 2154 4032 2242 4088; x_wconf 76' lang='grc' dir='ltr'><strong>ὅτε</strong></span> <span class='ocrx_word' id='word_1_477' title='bbox 2273 4032 2389 4103; x_wconf 77' lang='grc' dir='ltr'>ἄξια</span> <span class='ocrx_word' id='word_1_478' title='bbox 2419 4034 2707 4106; x_wconf 78' lang='grc' dir='ltr'>ἐπράττετο</span> <span class='ocrx_word' id='word_1_479' title='bbox 2765 4041 2870 4091; x_wconf 80' lang='grc' dir='ltr'><strong>τῶν</strong></span> <span class='ocrx_word' id='word_1_480' title='bbox 2924 4039 3255 4113; x_wconf 80' lang='grc' dir='ltr'>πραγμάτων</span> <span class='ocrx_word' id='word_1_481' title='bbox 3297 4039 3398 4108; x_wconf 74' lang='grc' dir='ltr'><strong>τῆς</strong></span> <span class='ocrx_word' id='word_1_482' title='bbox 3452 4040 3798 4113; x_wconf 78' lang='grc' dir='ltr'>νομοθεσίας,</span> 
     </span>
    </p>
   </div>
   <div class='ocr_carea' id='block_1_61' title="bbox 2153 4122 3801 4202">
    <p class='ocr_par' dir='ltr' id='par_1_61' title="bbox 2153 4122 3801 4202">
     <span class='ocr_line' id='line_1_61' title="bbox 2153 4122 3801 4202; baseline 0.005 -26"><span class='ocrx_word' id='word_1_483' title='bbox 2153 4125 2187 4191; x_wconf 81' lang='grc' dir='ltr'>ἢ</span> <span class='ocrx_word' id='word_1_484' title='bbox 2221 4124 2416 4197; x_wconf 73' lang='grc' dir='ltr'>μέχρις</span> <span class='ocrx_word' id='word_1_485' title='bbox 2450 4122 2538 4179; x_wconf 79' lang='grc' dir='ltr'>ὅτε</span> <span class='ocrx_word' id='word_1_486' title='bbox 2711 4126 2787 4199; x_wconf 77' lang='grc' dir='ltr'>μὴ</span> <span class='ocrx_word' id='word_1_487' title='bbox 2838 4128 2903 4195; x_wconf 69' lang='grc' dir='ltr'>ἦν</span> <span class='ocrx_word' id='word_1_488' title='bbox 2958 4126 3396 4202; x_wconf 82' lang='grc' dir='ltr'>παραγενόμενος</span> <span class='ocrx_word' id='word_1_489' title='bbox 3455 4129 3482 4182; x_wconf 87' lang='lat'><strong>6</strong></span> <span class='ocrx_word' id='word_1_490' title='bbox 3542 4126 3801 4185; x_wconf 74' lang='grc' dir='ltr'><strong>Διδάσκα-</strong></span> 
     </span>
    </p>
   </div>
   <div class='ocr_carea' id='block_1_62' title="bbox 2156 4211 3798 4291">
    <p class='ocr_par' dir='ltr' id='par_1_62' title="bbox 2156 4211 3798 4291">
     <span class='ocr_line' id='line_1_62' title="bbox 2156 4211 3798 4291; baseline 0.003 -24"><span class='ocrx_word' id='word_1_491' title='bbox 2156 4211 2276 4279; x_wconf 87' lang='grc' dir='ltr'>λος,</span> <span class='ocrx_word' id='word_1_492' title='bbox 2334 4212 2551 4287; x_wconf 80' lang='grc' dir='ltr'>ἐνήργει</span> <span class='ocrx_word' id='word_1_493' title='bbox 2605 4216 2671 4268; x_wconf 81' lang='grc' dir='ltr'>τὰ</span> <span class='ocrx_word' id='word_1_494' title='bbox 2725 4219 2823 4269; x_wconf 82' lang='grc' dir='ltr'><strong>τοῦ</strong></span> <span class='ocrx_word' id='word_1_495' title='bbox 2871 4212 3246 4291; x_wconf 75' lang='grc' dir='ltr'>παιδαγωγοῦο</span> <span class='ocrx_word' id='word_1_496' title='bbox 3303 4216 3555 4281; x_wconf 72' lang='grc' dir='ltr'>ἐλθόντος</span> <span class='ocrx_word' id='word_1_497' title='bbox 3607 4216 3665 4274; x_wconf 69' lang='grc' dir='ltr'>δὶ</span> <span class='ocrx_word' id='word_1_498' title='bbox 3699 4223 3798 4273; x_wconf 82' lang='grc' dir='ltr'><strong>τοῦ</strong></span> 
     </span>
    </p>
   </div>
   <div class='ocr_carea' id='block_1_63' title="bbox 2154 4299 3798 4381">
    <p class='ocr_par' dir='ltr' id='par_1_63' title="bbox 2154 4299 3798 4381">
     <span class='ocr_line' id='line_1_63' title="bbox 2154 4299 3798 4381; baseline 0.004 -26"><span class='ocrx_word' id='word_1_499' title='bbox 2154 4299 2513 4370; x_wconf 76' lang='grc' dir='ltr'>Διδασκάλου,</span> <span class='ocrx_word' id='word_1_500' title='bbox 2564 4305 2886 4379; x_wconf 80' lang='grc' dir='ltr'>κανηργήθη</span> <span class='ocrx_word' id='word_1_501' title='bbox 2951 4303 2978 4357; x_wconf 87' lang='lat'><strong>6</strong></span> <span class='ocrx_word' id='word_1_502' title='bbox 3023 4302 3393 4381; x_wconf 82' lang='grc' dir='ltr'>παιδαγωγὸς,</span> <span class='ocrx_word' id='word_1_503' title='bbox 3466 4307 3556 4361; x_wconf 79' lang='grc' dir='ltr'><strong>καὶ</strong></span> <span class='ocrx_word' id='word_1_504' title='bbox 3632 4306 3798 4377; x_wconf 77' lang='grc' dir='ltr'>ἡλίου</span> 
     </span>
    </p>
   </div>
   <div class='ocr_carea' id='block_1_64' title="bbox 2154 4389 3798 4470">
    <p class='ocr_par' dir='ltr' id='par_1_64' title="bbox 2154 4389 3798 4470">
     <span class='ocr_line' id='line_1_64' title="bbox 2154 4389 3798 4470; baseline 0.002 -25"><span class='ocrx_word' id='word_1_505' title='bbox 2154 4389 2553 4461; x_wconf 81' lang='grc' dir='ltr'>ἀνατείλαντος,</span> <span class='ocrx_word' id='word_1_506' title='bbox 2610 4390 2639 4445; x_wconf 91' lang='lat'><strong>6</strong></span> <span class='ocrx_word' id='word_1_507' title='bbox 2696 4390 2900 4467; x_wconf 78' lang='grc' dir='ltr'>λύχνος</span> <span class='ocrx_word' id='word_1_508' title='bbox 2935 4392 3221 4451; x_wconf 75' lang='grc' dir='ltr'>ἐπαύσατο.</span> <span class='ocrx_word' id='word_1_509' title='bbox 3253 4391 3516 4470; x_wconf 73' lang='grc' dir='ltr'>Εὔκαιρος</span> <span class='ocrx_word' id='word_1_510' title='bbox 3548 4392 3607 4449; x_wconf 65' lang='grc' dir='ltr'><strong>δὲ</strong></span> <span class='ocrx_word' id='word_1_511' title='bbox 3662 4398 3798 4468; x_wconf 79' lang='grc' dir='ltr'>ἡμῖν</span> 
     </span>
    </p>
   </div>
   <div class='ocr_carea' id='block_1_65' title="bbox 2152 4478 3798 4559">
    <p class='ocr_par' dir='ltr' id='par_1_65' title="bbox 2152 4478 3798 4559">
     <span class='ocr_line' id='line_1_65' title="bbox 2152 4478 3798 4559; baseline 0.004 -27"><span class='ocrx_word' id='word_1_512' title='bbox 2152 4478 2342 4553; x_wconf 72' lang='grc' dir='ltr'>γέγονε</span> <span class='ocrx_word' id='word_1_513' title='bbox 2418 4480 2507 4535; x_wconf 84' lang='grc' dir='ltr'>καὶ</span> <span class='ocrx_word' id='word_1_514' title='bbox 2566 4482 2601 4549; x_wconf 80' lang='grc' dir='ltr'><strong>ή</strong></span> <span class='ocrx_word' id='word_1_515' title='bbox 2677 4482 3003 4555; x_wconf 79' lang='grc' dir='ltr'>ἀνάγνωσις,</span> <span class='ocrx_word' id='word_1_516' title='bbox 3086 4483 3222 4536; x_wconf 85' lang='grc' dir='ltr'><strong>κατὰ</strong></span> <span class='ocrx_word' id='word_1_517' title='bbox 3273 4481 3617 4552; x_wconf 78' lang='grc' dir='ltr'>ἀκολουθίαν,</span> <span class='ocrx_word' id='word_1_518' title='bbox 3672 4483 3798 4559; x_wconf 81' lang='grc' dir='ltr'>περὶ</span> 
     </span>
    </p>
   </div>
   <div class='ocr_carea' id='block_1_66' title="bbox 2153 4563 3795 4647">
    <p class='ocr_par' dir='ltr' id='par_1_66' title="bbox 2153 4563 3795 4647">
     <span class='ocr_line' id='line_1_66' title="bbox 2153 4563 3795 4647; baseline 0.002 -26"><span class='ocrx_word' id='word_1_519' title='bbox 2153 4563 2455 4625; x_wconf 79' lang='grc' dir='ltr'>Σαϐϐἀτου.</span> <span class='ocrx_word' id='word_1_520' title='bbox 2518 4568 2815 4643; x_wconf 83' lang='grc' dir='ltr'>Ἠκούομεν</span> <span class='ocrx_word' id='word_1_521' title='bbox 2876 4571 2981 4647; x_wconf 81' lang='grc' dir='ltr'><strong>γὰρ</strong></span> <span class='ocrx_word' id='word_1_522' title='bbox 3039 4570 3257 4642; x_wconf 79' lang='grc' dir='ltr'>ἀρτίως,</span> <span class='ocrx_word' id='word_1_523' title='bbox 3316 4571 3465 4633; x_wconf 79' lang='grc' dir='ltr'>ὅπως</span> <span class='ocrx_word' id='word_1_524' title='bbox 3510 4571 3538 4625; x_wconf 85' lang='lat'><strong>6</strong></span> <span class='ocrx_word' id='word_1_525' title='bbox 3585 4572 3795 4643; x_wconf 73' lang='grc' dir='ltr'>Ἰησοῦς</span> 
     </span>
    </p>
   </div>
   <div class='ocr_carea' id='block_1_67' title="bbox 2151 4654 3797 4736">
    <p class='ocr_par' dir='ltr' id='par_1_67' title="bbox 2151 4654 3797 4736">
     <span class='ocr_line' id='line_1_67' title="bbox 2151 4654 3797 4736; baseline 0.004 -28"><span class='ocrx_word' id='word_1_526' title='bbox 2151 4654 2435 4731; x_wconf 75' lang='grc' dir='ltr'>ἐπορεύετο</span> <span class='ocrx_word' id='word_1_527' title='bbox 2498 4654 2587 4712; x_wconf 79' lang='grc' dir='ltr'>διὰ</span> <span class='ocrx_word' id='word_1_528' title='bbox 2640 4663 2748 4713; x_wconf 83' lang='grc' dir='ltr'>τῶν</span> <span class='ocrx_word' id='word_1_529' title='bbox 2808 4658 3114 4734; x_wconf 84' lang='grc' dir='ltr'>σπορίμων,</span> <span class='ocrx_word' id='word_1_530' title='bbox 3171 4659 3261 4713; x_wconf 79' lang='grc' dir='ltr'>καὶ</span> <span class='ocrx_word' id='word_1_531' title='bbox 3309 4658 3458 4722; x_wconf 79' lang='grc' dir='ltr'>ὅπως</span> <span class='ocrx_word' id='word_1_532' title='bbox 3501 4661 3599 4728; x_wconf 77' lang='grc' dir='ltr'><strong>τὴν</strong></span> <span class='ocrx_word' id='word_1_533' title='bbox 3634 4666 3797 4736; x_wconf 81' lang='grc' dir='ltr'>χεῖρα</span> 
     </span>
    </p>
   </div>
   <div class='ocr_carea' id='block_1_68' title="bbox 2148 4744 3791 4825">
    <p class='ocr_par' dir='ltr' id='par_1_68' title="bbox 2148 4744 3791 4825">
     <span class='ocr_line' id='line_1_68' title="bbox 2148 4744 3791 4825; baseline 0.004 -27"><span class='ocrx_word' id='word_1_534' title='bbox 2148 4744 2247 4812; x_wconf 79' lang='grc' dir='ltr'><strong>τήν</strong></span> <span class='ocrx_word' id='word_1_535' title='bbox 2307 4745 2467 4821; x_wconf 71' lang='grc' dir='ltr'>ξηρὰν</span> <span class='ocrx_word' id='word_1_536' title='bbox 2530 4744 2867 4823; x_wconf 74' lang='grc' dir='ltr'>ἐθεράπευσεο</span> <span class='ocrx_word' id='word_1_537' title='bbox 2929 4748 3018 4803; x_wconf 77' lang='grc' dir='ltr'><strong>καί</strong></span> <span class='ocrx_word' id='word_1_538' title='bbox 3070 4770 3163 4821; x_wconf 86' lang='grc' dir='ltr'><strong>μοι</strong></span> <span class='ocrx_word' id='word_1_539' title='bbox 3223 4746 3373 4804; x_wconf 79' lang='grc' dir='ltr'>δοκεῖ</span> <span class='ocrx_word' id='word_1_540' title='bbox 3427 4750 3611 4811; x_wconf 80' lang='grc' dir='ltr'>καλῶς</span> <span class='ocrx_word' id='word_1_541' title='bbox 3642 4750 3791 4825; x_wconf 77' lang='grc' dir='ltr'>ἔχειν</span> 
     </span>
    </p>
   </div>
   <div class='ocr_carea' id='block_1_69' title="bbox 2150 4831 3798 4913">
    <p class='ocr_par' dir='ltr' id='par_1_69' title="bbox 2150 4831 3798 4913">
     <span class='ocr_line' id='line_1_69' title="bbox 2150 4831 3798 4913; baseline 0.004 -27"><span class='ocrx_word' id='word_1_542' title='bbox 2150 4831 2311 4909; x_wconf 77' lang='grc' dir='ltr'>ὀλίγα</span> <span class='ocrx_word' id='word_1_543' title='bbox 2376 4834 2450 4897; x_wconf 82' lang='grc' dir='ltr'>εἷς</span> <span class='ocrx_word' id='word_1_544' title='bbox 2511 4836 2573 4890; x_wconf 83' lang='grc' dir='ltr'>τὸ</span> <span class='ocrx_word' id='word_1_545' title='bbox 2628 4838 2954 4913; x_wconf 79' lang='grc' dir='ltr'>ἀνάγνωσμα</span> <span class='ocrx_word' id='word_1_546' title='bbox 3000 4842 3097 4891; x_wconf 80' lang='grc' dir='ltr'><strong>τοῦ</strong></span> <span class='ocrx_word' id='word_1_547' title='bbox 3128 4837 3467 4913; x_wconf 82' lang='grc' dir='ltr'>Εὐαγγελίου</span> <span class='ocrx_word' id='word_1_548' title='bbox 3499 4838 3690 4895; x_wconf 76' lang='grc' dir='ltr'>εἰπεῖν.</span> <span class='ocrx_word' id='word_1_549' title='bbox 3738 4844 3798 4893; x_wconf 87' lang='lat'><strong>&#39;0</strong></span> 
     </span>
    </p>
   </div>
   <div class='ocr_carea' id='block_1_70' title="bbox 2148 4924 3799 5003">
    <p class='ocr_par' dir='ltr' id='par_1_70' title="bbox 2148 4924 3799 5003">
     <span class='ocr_line' id='line_1_70' title="bbox 2148 4924 3799 5003; baseline 0.004 -27"><span class='ocrx_word' id='word_1_550' title='bbox 2148 4924 2345 4999; x_wconf 70' lang='grc' dir='ltr'>Σωτὴρ</span> <span class='ocrx_word' id='word_1_551' title='bbox 2401 4927 2559 4997; x_wconf 77' lang='grc' dir='ltr'>ἡμῶν</span> <span class='ocrx_word' id='word_1_552' title='bbox 2619 4925 2902 4999; x_wconf 74' lang='grc' dir='ltr'>ἐπορεύετο</span> <span class='ocrx_word' id='word_1_553' title='bbox 2963 4924 3052 4981; x_wconf 77' lang='grc' dir='ltr'>διὰ</span> <span class='ocrx_word' id='word_1_554' title='bbox 3104 4931 3211 4982; x_wconf 84' lang='grc' dir='ltr'><strong>τῶν</strong></span> <span class='ocrx_word' id='word_1_555' title='bbox 3267 4928 3571 5003; x_wconf 80' lang='grc' dir='ltr'>σπορίμων,</span> <span class='ocrx_word' id='word_1_556' title='bbox 3602 4927 3691 4982; x_wconf 76' lang='grc' dir='ltr'>καὶ</span> <span class='ocrx_word' id='word_1_557' title='bbox 3740 4929 3799 4982; x_wconf 77' lang='grc' dir='ltr'>οἱ</span> 
     </span>
    </p>
   </div>
   <div class='ocr_carea' id='block_1_71' title="bbox 2152 5013 3796 5091">
    <p class='ocr_par' dir='ltr' id='par_1_71' title="bbox 2152 5013 3796 5091">
     <span class='ocr_line' id='line_1_71' title="bbox 2152 5013 3796 5091; baseline 0.004 -25"><span class='ocrx_word' id='word_1_558' title='bbox 2152 5014 2385 5086; x_wconf 82' lang='grc' dir='ltr'>μαθηταὶ</span> <span class='ocrx_word' id='word_1_559' title='bbox 2435 5013 2580 5086; x_wconf 73' lang='grc' dir='ltr'><strong>αὐτῷ</strong></span> <span class='ocrx_word' id='word_1_560' title='bbox 2634 5014 2998 5085; x_wconf 76' lang='grc' dir='ltr'>ἠκολούθουν,</span> <span class='ocrx_word' id='word_1_561' title='bbox 3055 5017 3145 5070; x_wconf 77' lang='grc' dir='ltr'>καὶ</span> <span class='ocrx_word' id='word_1_562' title='bbox 3204 5018 3441 5091; x_wconf 81' lang='grc' dir='ltr'>στάχυας</span> <span class='ocrx_word' id='word_1_563' title='bbox 3491 5016 3796 5089; x_wconf 80' lang='grc' dir='ltr'>τίλλοντες,</span> 
     </span>
    </p>
   </div>
   <div class='ocr_carea' id='block_1_72' title="bbox 2147 5098 3796 5183">
    <p class='ocr_par' dir='ltr' id='par_1_72' title="bbox 2147 5098 3796 5183">
     <span class='ocr_line' id='line_1_72' title="bbox 2147 5098 3796 5183; baseline 0.004 -28"><span class='ocrx_word' id='word_1_564' title='bbox 2147 5098 2358 5175; x_wconf 66' lang='grc' dir='ltr'>ἤσθιον·</span> <span class='ocrx_word' id='word_1_565' title='bbox 2447 5103 2536 5157; x_wconf 79' lang='grc' dir='ltr'><strong>καὶ</strong></span> <span class='ocrx_word' id='word_1_566' title='bbox 2626 5101 2877 5158; x_wconf 85' lang='grc' dir='ltr'>Ἰουδαῖοι</span> <span class='ocrx_word' id='word_1_567' title='bbox 2963 5102 3231 5179; x_wconf 81' lang='grc' dir='ltr'>ἐπετίμων</span> <span class='ocrx_word' id='word_1_568' title='bbox 3276 5105 3459 5169; x_wconf 81' lang='grc' dir='ltr'>αὐτοῖς</span> <span class='ocrx_word' id='word_1_569' title='bbox 3518 5105 3796 5183; x_wconf 56' lang='grc' dir='ltr'>λθγοντες</span> 
     </span>
    </p>
   </div>
   <div class='ocr_carea' id='block_1_73' title="bbox 2150 5189 3801 5268">
    <p class='ocr_par' dir='ltr' id='par_1_73' title="bbox 2150 5189 3801 5268">
     <span class='ocr_line' id='line_1_73' title="bbox 2150 5189 3801 5268; baseline 0.002 -21"><span class='ocrx_word' id='word_1_570' title='bbox 2150 5214 2178 5242; x_wconf 91' lang='grc'><strong>‹‹</strong></span> <span class='ocrx_word' id='word_1_571' title='bbox 2237 5191 2350 5247; x_wconf 78' lang='grc' dir='ltr'><strong>Οὐκ</strong></span> <span class='ocrx_word' id='word_1_572' title='bbox 2407 5190 2572 5261; x_wconf 80' lang='grc' dir='ltr'>ἔξεστι</span> <span class='ocrx_word' id='word_1_573' title='bbox 2629 5197 2789 5248; x_wconf 78' lang='grc' dir='ltr'>τοῦτο</span> <span class='ocrx_word' id='word_1_574' title='bbox 2846 5198 3020 5248; x_wconf 87' lang='grc' dir='ltr'>ποιεῖν</span> <span class='ocrx_word' id='word_1_575' title='bbox 3078 5193 3129 5249; x_wconf 73' lang='grc' dir='ltr'>ἐν</span> <span class='ocrx_word' id='word_1_576' title='bbox 3217 5189 3506 5268; x_wconf 83' lang='grc' dir='ltr'>Σαϐϐάτῳ.</span> <span class='ocrx_word' id='word_1_577' title='bbox 3563 5217 3594 5248; x_wconf 85' lang='lat'><strong>»</strong></span> <span class='ocrx_word' id='word_1_578' title='bbox 3652 5197 3801 5250; x_wconf 78' lang='grc' dir='ltr'><strong>Κατὰ</strong></span> 
     </span>
    </p>
   </div>
   <div class='ocr_carea' id='block_1_74' title="bbox 2148 5279 3799 5357">
    <p class='ocr_par' dir='ltr' id='par_1_74' title="bbox 2148 5279 3799 5357">
     <span class='ocr_line' id='line_1_74' title="bbox 2148 5279 3799 5357; baseline 0.005 -24"><span class='ocrx_word' id='word_1_579' title='bbox 2148 5285 2302 5334; x_wconf 86' lang='grc' dir='ltr'>ποῖον</span> <span class='ocrx_word' id='word_1_580' title='bbox 2387 5280 2556 5355; x_wconf 81' lang='grc' dir='ltr'>νόμον</span> <span class='ocrx_word' id='word_1_581' title='bbox 2593 5328 2608 5354; x_wconf 82' lang='grc'><strong>,</strong></span> <span class='ocrx_word' id='word_1_582' title='bbox 2687 5282 2732 5336; x_wconf 84' lang='grc' dir='ltr'>ὦ</span> <span class='ocrx_word' id='word_1_583' title='bbox 2817 5279 3106 5353; x_wconf 84' lang='grc' dir='ltr'>Ἰουδαῖοι;</span> <span class='ocrx_word' id='word_1_584' title='bbox 3190 5284 3338 5339; x_wconf 75' lang='grc' dir='ltr'>Κατὰ</span> <span class='ocrx_word' id='word_1_585' title='bbox 3417 5283 3576 5340; x_wconf 84' lang='grc' dir='ltr'>ποίαν</span> <span class='ocrx_word' id='word_1_586' title='bbox 3665 5290 3799 5357; x_wconf 68' lang='lat' dir='ltr'><strong>Mm-</strong></span> 
     </span>
    </p>
   </div>
   <div class='ocr_carea' id='block_1_75' title="bbox 2148 5368 3802 5454">
    <p class='ocr_par' dir='ltr' id='par_1_75' title="bbox 2148 5368 3802 5454">
     <span class='ocr_line' id='line_1_75' title="bbox 2148 5368 3802 5454; baseline 0.006 -33"><span class='ocrx_word' id='word_1_587' title='bbox 2148 5368 2281 5433; x_wconf 73' lang='grc' dir='ltr'>σὲως</span> <span class='ocrx_word' id='word_1_588' title='bbox 2340 5369 2711 5443; x_wconf 70' lang='grc' dir='ltr'>νομοθεσίανς</span> <span class='ocrx_word' id='word_1_589' title='bbox 2772 5371 2917 5427; x_wconf 84' lang='grc' dir='ltr'>Κατά</span> <span class='ocrx_word' id='word_1_590' title='bbox 2972 5371 3130 5429; x_wconf 85' lang='grc' dir='ltr'>ποίαν</span> <span class='ocrx_word' id='word_1_591' title='bbox 3205 5375 3493 5453; x_wconf 69' lang='grc' dir='ltr'>προφήτου</span> <span class='ocrx_word' id='word_1_592' title='bbox 3550 5374 3802 5454; x_wconf 77' lang='grc' dir='ltr'>φράσιν;</span> 
     </span>
    </p>
   </div>
   <div class='ocr_carea' id='block_1_76' title="bbox 2208 5708 3744 5791">
    <p class='ocr_par' dir='ltr' id='par_1_76' title="bbox 2208 5708 3744 5791">
     <span class='ocr_line' id='line_1_76' title="bbox 2208 5708 3744 5791; baseline 0.007 -26"><span class='ocrx_word' id='word_1_593' title='bbox 2208 5709 2318 5782; x_wconf 86' lang='lat'><strong>(26)</strong></span> <span class='ocrx_word' id='word_1_594' title='bbox 2349 5711 2502 5769; x_wconf 83' lang='lat' dir='ltr'><strong>Edit.</strong></span> <span class='ocrx_word' id='word_1_595' title='bbox 2525 5710 2711 5772; x_wconf 79' lang='lat' dir='ltr'><strong>Paris.</strong></span> <span class='ocrx_word' id='word_1_596' title='bbox 2734 5708 2839 5766; x_wconf 73' lang='grc' dir='ltr'>ὅτιο</span> <span class='ocrx_word' id='word_1_597' title='bbox 2861 5712 3013 5773; x_wconf 84' lang='lat' dir='ltr'><strong>Edit.</strong></span> <span class='ocrx_word' id='word_1_598' title='bbox 3044 5712 3329 5776; x_wconf 83' lang='lat' dir='ltr'><strong>Gommel.</strong></span> <span class='ocrx_word' id='word_1_599' title='bbox 3358 5710 3471 5791; x_wconf 65' lang='grc' dir='ltr'>ὅτε,</span> <span class='ocrx_word' id='word_1_600' title='bbox 3500 5715 3744 5777; x_wconf 77' lang='lat' dir='ltr'><strong>rectius.</strong></span> 
     </span>
    </p>
   </div>
  </div>
