2050 3112
183 173 241 203 145
808 170 971 204 HOMILIA

1072 169 1259 203 SEMENTE.
1823 178 1881 208 146

182 241 242 267 Ιῐοῦ
282 239 434 268 κεκώλυται
467 240 609 279 τρέφεσθαι
650 239 695 267 τὸν
738 241 904 273 πεινῶντα;
946 238 991 266 ῙΙοῖ

1074 246 1125 274 pso
1141 238 1268 269 Sabbato
1291 240 1321 268 in
1336 241 1494 269 Dominum
1518 244 1723 278 perpetrarunt
1735 244 1803 280 (26')
1819 254 1825 272 :
1842 245 1883 273 ait

182 285 329 323 γέγραπται
361 285 399 321 μὴ
429 284 622 321 ἐμπλησθῆναι
655 285 771 323 γαστέρα
799 284 904 318 κενήν;
927 280 991 310 Οὶδ

1072 284 1140 311 inim
1150 284 1301 321 Scriptura
1312 286 1340 313 in
1352 286 1507 322 Evangelia
1519 287 1554 314 de
1564 286 1611 314 die
1621 295 1680 322 qua
1690 296 1795 323 passus
1806 288 1881 317 Deus

181 329 214 356 τὸ
241 329 383 367 τρέφεσθαι
414 327 588 364 ὀνειδίζοντες
614 329 639 357 ἐν
658 326 800 365 Σαϐϐάτῳ,
816 328 892 356 αὐτοὶ
912 327 989 366 φόνοι

1072 330 1105 355 »ει
1122 337 1128 356 :
1141 340 1155 354 «
1170 329 1237 357 Erat
1251 332 1347 358 autem
1364 330 1426 358 dies
1441 330 1492 358 illa
1507 338 1613 366 magna
1628 331 1744 358 Sahbati
1759 332 1790 358 ιι.
1802 343 1816 356 ››
1831 333 1881 360 Le-

183 372 209 400 έν
226 370 356 410 Σαϐϐέτῳ
371 373 438 401 κατᾶ
465 375 513 401 τοῦ
542 372 735 401 οἱκοδεσπότου
751 372 916 411 εἰργάζοντο*
933 372 992 410 λέγε

1073 371 1226 404 delatorem
1243 374 1338 410 ipsum
1356 374 1482 402 Sabbato
1497 375 1532 402 de
1547 375 1642 403 medio
1657 375 1775 409 tollunt,
1792 375 1882 404 disci-

182 417 232 456 γὰρ
248 418 266 452 ἡ
296 419 389 457 Γραφή
406 417 431 445 ἐν
460 420 499 454 τῷ
513 417 670 457 Εὐαγγελίῳ
689 418 750 455 περὶ
779 421 828 453 τῆς
857 418 962 455 ἡμέρας
978 415 990 444 ἐ

1073 417 1204 454 ιιιιοεῳιο
1215 418 1243 445 in
1254 418 1380 447 Sabbato
1392 418 1528 447 alimenta
1539 428 1655 447 sumere
1667 419 1780 448 nolunt.
1789 421 1882 453 Quare

182 463 201 498 ᾖ
217 461 232 490 6
248 462 312 494 Θεὸς
325 461 431 494 ἔπαθεν·
449 474 463 489 «
479 465 529 490 Ἦν
557 461 585 490 δὲ
600 464 690 501 ἡμέρα
717 462 804 498 ἐκείνη
837 461 940 500 μεγάλη
956 463 991 489 το“

1071 470 1089 489 n
1102 462 1226 498 jamjam
1247 462 1340 496 lectis,
1357 463 1458 498 quaerit
1482 464 1517 491 ab
1542 463 1601 492 illis
1624 463 1755 492 Salvator
1770 473 1777 492 :
1793 464 1880 496 Quid-

185 504 335 534 Σαϐϐάτου.
361 507 441 534 »Καὶ
470 507 516 534 τὸν
544 507 591 544 μὲν
616 508 767 544 νομοθέτην
793 508 945 544 ἀναιροῦσιν
977 505 994 533 ἐν

1071 515 1127 534 iam
1150 506 1180 534 in
1203 507 1329 535 Sabbato
1353 507 1447 536 facere
1474 508 1552 541 licet,
1575 508 1687 536 benene
1715 517 1751 537 an
1780 509 1880 537 male?

184 548 340 587 Σαϐϐάτῳ,
368 551 512 590 τρέφεσθαι
550 550 578 579 δὲ
609 552 729 588 μαθητὰς
755 552 780 579 ἐν
810 549 944 587 Σαϐϐάτῳ
973 561 993 577 οι

1069 551 1187 578 mimum
1203 560 1317 580 servare
1332 561 1368 579 an
1384 552 1525 588 perdere?
1539 551 1679 581 alimenta
1694 562 1810 582 sumere
1824 554 1878 582 cri-

184 595 342 633 βούλονται.
358 595 407 623 Διά
435 598 516 623 τοῦτο
545 596 559 623 6
576 597 674 633 Σωτὴρ
704 596 729 624 ἐν
758 599 816 627 τοῖς
831 596 928 633 ἀρτίως
946 596 993 623 ἁνα

1070 595 1129 623 nini
1147 596 1232 630 datis,
1245 598 1274 624 et
1288 597 1381 625 caedes
1397 596 1589 633 perpetratis?
1603 598 1722 634 Semper
1736 598 1813 626 enim
1829 599 1879 626 Ju-

182 642 354 677 γνωσθεῖσιν,
385 640 480 678 ἠρώτα
508 640 617 672 αὐτούς·
647 641 677 668 Τί
706 640 804 676 ἔξεστιν
834 644 946 675 ποιῆσαι
977 639 991 667 έν

1068 640 1112 668 hei
1137 640 1259 669 culicem
1283 641 1444 677 percolant,
1468 643 1496 669 et
1520 641 1664 669 camelum
1688 642 1877 678 deglutiunt:

180 686 220 720 τῷ
242 681 399 721 Σαϐϐάτῳ;
421 686 618 723 ἀγαθοποιῆσαι
643 687 661 721 ἢ
689 689 871 720 κακοποιῆσαι
887 695 894 719 ;
911 685 987 723 ψυχὴ

1069 693 1174 721 semper
1188 688 1322 713 accurate
1348 685 1497 713 decimant
1520 689 1615 713 rutam
1632 688 1661 714 et
1675 686 1750 719 olus,
1766 689 1794 714 et
1816 696 1878 722 quae

181 730 276 765 σῶσαι,
304 729 322 763 ἢ
357 729 514 765 ἀπολέσαι;
538 729 569 757 τὸ
592 730 733 769 τρέφεσθαι
761 729 913 765 ὀνειδίζετε,
928 728 989 756 τὸδ

1069 732 1129 757 iunt
1143 730 1172 757 in
1189 729 1251 766 lege
1269 730 1402 766 graviora
1423 739 1481 758 non
1507 730 1674 759 observant.
1690 731 1725 758 Et
1746 733 1878 767 pertran-

182 775 308 813 φονεῦσαι
322 773 516 812 κατεργάζεσθε
531 784 537 809 ;
554 774 609 803 Ἀεὶ
633 775 683 813 γὰρ
700 775 725 801 οἱ
742 773 869 803 Ἰουδαῖοι
885 773 930 801 τὸν
947 773 986 800 κώ

1070 774 1213 801 .euntibus
1242 774 1395 810 discipulis
1423 774 1665 810 indignabantur,
1681 776 1759 811 quod
1783 775 1879 812 spicas

182 828 260 845 νωπα
289 816 449 855 διυλίξουσι,
476 820 526 854 τήν
543 818 572 846 δὲ
596 819 722 855 κάμηλον
745 818 945 846 καταπίνουσιν·
963 819 991 845 is

1070 819 1195 846 nauibus
1211 819 1348 846 vellerent
1367 823 1393 846 et
1418 820 1613 846 comederent.
1631 820 1692 846 Non
1708 821 1782 847 ferro
1798 829 1879 848 seca—

181 859 302 900 ἁκριϐεἶς
332 862 382 890 εἶσι
408 863 470 901 περὶ
489 864 520 890 τὸ
545 862 747 891 ἁποόεκατῶσαι
775 863 807 890 τὸ
823 864 942 901 πήγανον
958 873 990 890 κα

1067 866 1138 897 iant,
1156 864 1232 898 quod
1250 863 1291 889 illi
1308 872 1377 890 sane
1403 868 1433 890 ul
1457 872 1530 898 opus
1555 864 1701 891 criminati
1728 865 1853 892 fuissent
1871 874 1876 892 :

179 907 212 934 τὸ
236 906 367 945 λάχανον
388 907 421 935 τὰ
445 906 474 935 δὲ
499 908 632 946 βαρύτερα
655 910 704 936 τοῦ
720 907 806 944 νόμου
831 906 861 934 οὐ
876 909 988 944 τηροῦσι

1070 916 1151 943 neque
1168 907 1232 934 aliis
1256 908 1413 935 utebantur
1437 908 1652 941 instrumentis,
1669 917 1704 935 ne
1728 909 1879 944 culparent

180 950 232 980 Καὶ
261 950 495 990 διαπορενομένων
525 955 579 980 τῶν
610 955 750 989 μαθητῶν,
766 953 944 990 ἠγανάκτουν,
960 951 989 979 ὅτ

1076 952 1159 985 udmi,
1174 960 1229 979 non
1242 952 1317 987 quod
1331 952 1469 979 alimenta
1484 955 1644 987 sumerent,
1657 954 1705 980 sed
1723 954 1799 989 quod
1811 962 1877 989 ope-

181 996 300 1034 οτάχυας
329 995 440 1035 ἔψωχον
467 999 527 1028 ταῖς
543 996 633 1035 χερσὶ,
649 997 694 1024 καὶ
708 996 815 1033 ἤσθιον.
832 996 871 1025 Οὐ
896 995 990 1034 σιδήρη

1067 999 1200 1024 arentur.
1217 997 1298 1024 Nunc
1315 1000 1410 1024 autem
1425 998 1495 1032 quid
1511 997 1633 1032 culpatis
1649 998 1726 1032 quod
1744 1007 1759 1026 a
1777 999 1832 1026 Deo
1848 998 1876 1025 in

181 1041 341 1077 ἀπέτεμνον,
373 1041 427 1069 ιπεὶ
456 1041 624 1080 κατηγόρουν
651 1041 688 1073 ὡς
705 1040 793 1079 ἔργου*
820 1040 883 1069 οὐδὲ
904 1041 990 1069 ἄλλοιη

1068 1042 1182 1069 ialutem
1200 1042 1300 1069 datum
1313 1042 1379 1069 est?
1395 1042 1424 1069 Si
1439 1042 1516 1069 enim
1529 1042 1604 1069 Deus
1616 1043 1692 1069 vesci
1709 1051 1766 1070 non
1779 1043 1877 1079 prohi-

180 1084 330 1124 έργαλείοις
354 1086 507 1125 ἐχρήσαντο
520 1108 528 1121 ,
538 1085 585 1114 *ίνα
601 1086 639 1123 μὴ
654 1086 891 1125 κατηγορήσωσιν,
907 1086 944 1118 ὡς
963 1097 989 1122 μη

1067 1086 1121 1113 )uit
1136 1086 1164 1112 in
1181 1086 1317 1119 Sabbato,
1335 1086 1403 1121 quid
1424 1086 1495 1113 illud
1513 1088 1545 1113 tu
1561 1086 1717 1122 vituperas,
1730 1088 1805 1123 quod
1820 1096 1876 1116 non

177 1131 363 1170 τρεφομένων,
378 1130 441 1158 ἀλλ’
465 1130 650 1169 ἐργαζομένων
670 1154 676 1160 .
693 1131 758 1158 Νυνῖ
781 1129 810 1158 δὲ
824 1130 850 1159 τί
867 1131 1003 1170 μέμφεσθε
1057 1130 1149 1157 vetuit
1166 1133 1239 1157 Deus
1253 1131 1265 1156 Ἰ

177 1175 217 1211 τῷ
233 1174 285 1202 ὑπὸ
310 1177 359 1202 τοῦ
386 1175 452 1203 Θεοῦ
469 1174 573 1208 δοθέντι
601 1175 639 1207 sic
668 1175 802 1212 σωτηρίαν
824 1185 831 1210 ;
858 1175 890 1204 Εἰ
914 1175 964 1214 γὰρ
994 1175 1008 1203 6
1037 1176 1101 1205 Θεὸς
1131 1174 1161 1201 οὐ
1188 1175 1218 1201 τὸ
1244 1175 1384 1210 τρεοεσθαι
1414 1174 1595 1212 ἀπηγόρευσεν
1626 1175 1650 1202 ἐν
1683 1173 1826 1211 Σαϐϐάτῳ,
1854 1175 1880 1203 τί

178 1217 210 1246 σὺ
238 1221 320 1246 τοῦτο
349 1217 498 1255 ὀνειδίζεις,
515 1219 581 1256 ὅπερ
601 1220 615 1247 6
630 1220 695 1251 Θεὸς
711 1219 760 1247 οὐκ
774 1220 956 1258 ἀπηγόρευσεν
975 1229 982 1254 ;

215 1264 243 1291 2.
261 1263 436 1301 Διεπορεύετο
451 1263 540 1292 τοίνυν
563 1264 577 1291 6
592 1265 689 1303 Σωτὴρ
705 1263 750 1292 διὰ
775 1266 829 1292 τῶν
846 1263 999 1303 σπορίμων·

1091 1265 1118 1292 ‘2.
1136 1264 1291 1292 Transibat
1308 1264 1406 1300 itaque
1425 1265 1558 1292 Salvator
1579 1274 1630 1300 per
1655 1268 1716 1294 sata
1733 1275 1739 1293 :
1757 1275 1879 1302 granum

178 1307 306 1339 ὀκόκκος
333 1310 382 1336 τοῦ
412 1307 496 1342 σίτου,
527 1307 571 1336 διὰ
597 1311 651 1336 τῶν
677 1308 830 1347 σπορίμων,
861 1309 875 1336 6
903 1309 986 1345 νοητὸ

1070 1309 1207 1342 rumonti,
1222 1316 1272 1344 per
1287 1311 1399 1344 segetes
1412 1318 1417 1336 :
1430 1309 1583 1344 spirituale
1596 1310 1666 1337 illud
1679 1319 1803 1345 granum
1820 1312 1879 1339 fru-

177 1352 275 1383 κόκκος
304 1354 353 1379 τοῦ
382 1352 467 1387 σίτου,
484 1352 498 1380 6
514 1353 602 1380 πεσὼν
628 1353 665 1385 εἰς
693 1352 740 1381 ἕνα
761 1353 857 1387 τόπον,
877 1354 921 1381 καὶ
937 1355 986 1381 ἀνα

1071 1354 1159 1387 neuti,
1172 1354 1248 1388 quod
1275 1354 1379 1380 cecidit
1395 1354 1423 1380 in
1440 1362 1532 1380 unum
1554 1354 1662 1386 locum,
1680 1355 1880 1391 fecundusque

178 1397 241 1428 στὰς
266 1396 408 1435 πολύχους
438 1396 475 1428 εἲς
503 1398 553 1432 τήν
579 1397 753 1435 οἰκουμένην·
768 1398 848 1430 αὐτὸς
873 1398 923 1437 γὰρ
939 1409 987 1435 περ

1073 1398 1214 1425 esurrexit
1239 1398 1268 1424 in
1293 1398 1391 1425 orbem
1408 1400 1550 1425 terrarum
1568 1407 1574 1425 :
1593 1399 1627 1425 de
1642 1407 1673 1426 se
1686 1399 1793 1434 quippe
1818 1400 1879 1435 ipse

177 1441 275 1470 ἑαυτοῦ
290 1440 391 1480 ἓλιγεν,
408 1441 450 1469 ὅτι
480 1454 494 1468 ι(
521 1442 582 1470 Ἐὰν
616 1443 653 1479 μή
684 1442 698 1470 6
724 1442 822 1474 κόκκος
851 1445 899 1471 τοῦ
915 1443 986 1470 σίτου

1069 1442 1128 1469 licit
1145 1451 1150 1469 :
1167 1454 1178 1466 ι(
1195 1442 1255 1469 Nisi
1269 1450 1392 1477 granum
1418 1443 1557 1469 frumenti
1584 1444 1690 1470 cadens
1717 1444 1744 1471 in
1770 1447 1878 1472 terram

179 1488 268 1514 πεσὼν
291 1486 329 1518 είς
357 1487 408 1521 τὴν
434 1490 496 1525 γῆν,
520 1486 650 1524 ἀποθάνῃ,
680 1486 759 1518 αὐτὸς
790 1487 873 1523 μόνος
903 1487 977 1524 μένει

1070 1489 1206 1514 nortuum
1225 1486 1318 1520 fuerit,
1337 1487 1433 1521 ipsum
1460 1487 1554 1514 solum
1580 1490 1694 1521 manet;
1711 1488 1755 1515 sin
1782 1491 1879 1517 autem

181 1531 225 1559 ἐὰν
253 1530 282 1559 δὲ
311 1532 442 1568 ἀποθάνῃ,
470 1530 556 1559 πολὺν
586 1531 687 1569 καρπὸν
719 1531 803 1569 φέρει.
830 1544 844 1557 ιι
874 1531 990 1568 Εἴπωμε

1070 1533 1206 1558 nortuum
1225 1531 1320 1563 fuerit,
1339 1531 1463 1558 multum
1490 1532 1617 1559 fructum
1640 1533 1766 1559 affert”.
1780 1544 1792 1557 τι
1809 1533 1879 1560 Rem

180 1576 246 1604 αὖτό
275 1575 320 1603 καὶ
349 1575 454 1607 ἄλλως·
480 1575 656 1613 Διεπορεύετο
683 1576 773 1603 τοίνυν
789 1575 803 1603 6
826 1577 930 1611 Ἰησοῦς
960 1575 989 1603 δικ

1072 1576 1114 1602 ,lio
1139 1578 1298 1603 tractemus
1324 1576 1419 1603 modo.
1437 1577 1593 1603 Transibat
1617 1576 1708 1611 igitur
1731 1577 1816 1604 Jcsus
1832 1586 1881 1613 per

178 1623 234 1649 τῶν
270 1620 421 1657 σπορίμων·
448 1620 528 1651 αὐτὸς
543 1620 592 1658 γὰρ
620 1619 704 1648 ἐνίοτε
738 1621 785 1657 μὲν
815 1620 913 1652 κόκκος
955 1631 986 1648 το

201 1664 206 1674 Ι
305 1664 316 1674 Ἴ
338 1667 349 1673 υ
424 1663 436 1674 Ά
454 1664 462 1674 ‘
508 1665 516 1674 ‘
549 1670 559 1674 Α
666 1665 672 1674 Ι
719 1663 763 1674 7’\'\
834 1664 856 1674 ΝΚ
980 1665 986 1674 Ι

1071 1623 1123 1647 sata
1140 1629 1145 1647 :
1163 1621 1224 1656 ipse
1240 1620 1347 1655 quippe
1363 1621 1519 1655 aliquando
1537 1629 1661 1655 granum
1680 1622 1828 1657 frumenti,
1846 1622 1880 1649 ob

181 1664 255 1692 σίτου
270 1664 392 1693 καλεῖται
422 1663 467 1692 διὰ
488 1665 520 1692 τὸ
547 1665 699 1700 θρεπτικόν·
716 1663 817 1693 ἄλλοτε
832 1664 861 1692 δὲ
889 1665 989 1703 σπορεό

1071 1665 1117 1691 ’ἰιιι
1134 1665 1302 1692 nutritivam
1322 1674 1327 1692 ;
1346 1665 1491 1692 interdum
1509 1666 1668 1692 seminator
1683 1668 1736 1698 est,
1753 1669 1837 1702 prout
1852 1667 1880 1694 in

180 1709 246 1746 ἰστι,
261 1709 330 1737 κατὰ
355 1709 387 1737 τὸ
413 1708 556 1747 εἰρημένον
573 1708 598 1737 ἐν
614 1712 673 1741 τοῖς
698 1709 884 1748 Εὐαγγελίοις·
903 1721 918 1736 (ί
935 1709 986 1737 Ἰδο

1071 1709 1222 1744 ﬂvangeliis
1238 1710 1345 1736 dicitur
1362 1719 1367 1737 :
1383 1721 1393 1733 α
1411 1710 1482 1737 Ecce
1506 1718 1642 1745 egressus
1658 1714 1703 1737 est
1719 1712 1769 1745 qui
1795 1711 1880 1738 semi-

180 1754 291 1790 έξῆλθεν
312 1754 326 1782 6
342 1753 458 1792 σπείρων
482 1756 532 1782 τοῦ
562 1756 679 1791 σπεῖραι.
697 1767 708 1781 ι»
729 1755 836 1792 Σπείρει
864 1755 910 1791 μὲν
927 1754 972 1782 οὗν

1071 1756 1108 1780 iet
1125 1754 1159 1780 ad
1176 1754 1381 1780 seininandum
1396 1755 1425 1780 ‘5.
1439 1765 1451 1777 η
1465 1755 1580 1790 Spargit
1596 1755 1712 1789 quidem
1726 1756 1809 1782 .lesus
1825 1755 1880 1783 lar-

180 1798 286 1834 Ἰησοῦς
314 1796 447 1836 δαψιλῶς·
464 1799 481 1833 ἡ
498 1797 527 1826 δὲ
554 1798 725 1839 καρποφορία
752 1798 852 1837 γίνεται
876 1799 943 1837 πρὸς
971 1810 987 1826 τ

1072 1798 1134 1833 ςὶῒοι·
1149 1800 1319 1834 sementem,
1338 1798 1449 1826 fructus
1474 1801 1571 1826 autem
1597 1799 1680 1834 copia
1705 1800 1737 1826 fit
1760 1809 1810 1836 pro
1837 1809 1881 1828 ra-

180 1842 359 1880 ὑποκείμενον
375 1853 381 1860 ·
399 1841 467 1871 ὅπου
499 1843 546 1880 μὲν
576 1843 626 1882 γὰρ
655 1842 796 1882 πετρώδης
813 1845 831 1878 ἡ
846 1845 892 1882 γῆ,
917 1843 986 1881 εὐμα

1073 1843 1136 1870 ionc
1151 1843 1204 1870 soli
1223 1852 1228 1869 :
1248 1852 1312 1870 nam
1340 1843 1389 1871 ubi
1406 1846 1520 1878 petrosa
1535 1846 1623 1876 terra,
1635 1844 1718 1871 facile
1740 1846 1880 1872 exarescit

180 1889 235 1926 ρῶς
259 1889 316 1925 (27)
343 1887 495 1925 ξηραίνεται
523 1888 555 1915 τὸ
583 1888 691 1927 σπέρμα
718 1888 768 1915 οὐκ
795 1887 928 1925 ἀδυναμίᾳ
954 1899 986 1916 το

1070 1895 1175 1919 semen;
1194 1896 1250 1914 non
1266 1888 1384 1922 quidem
1400 1888 1571 1922 impotentia
1594 1889 1726 1921 seminis,
1743 1890 1793 1916 sed
1810 1889 1879 1917 vitio

180 1932 284 1971 σπόρου
300 1955 307 1968 ,
336 1931 410 1960 ἀλλὰ
435 1933 471 1968 τῇ
494 1932 606 1970 καχεξίᾳ
619 1935 669 1967 τῆς
686 1935 749 1970 γῆς·
774 1932 788 1959 6
805 1932 852 1969 μὲν
869 1932 922 1970 γὰρ
936 1932 988 1960 σπό

1073 1940 1142 1959 erraa
1160 1945 1165 1959 :
1182 1940 1247 1959 cum
1266 1940 1364 1958 semen
1382 1932 1508 1958 vividum
1526 1932 1572 1964 sit,
1591 1934 1666 1959 terra
1683 1935 1776 1959 autem
1795 1933 1880 1960 steri-

181 1987 228 2016 ρος
259 1976 380 2015 ἐνεργήςο
397 1975 495 2015 ἄγονος
525 1975 554 2004 δὲ
568 1977 586 2012 ἡ
602 1980 638 2015 γῆ
657 1976 736 2015 βάθος
768 1978 806 2014 μὴ
837 1978 990 2014 κεκτημένη

1072 1976 1106 2009 is,
1133 1977 1203 2012 quia
1227 1976 1454 2011 profunditatem
1479 1985 1535 2003 non
1566 1976 1660 2004 habet.
1680 1977 1751 2004 Cum
1782 1980 1879 2005 autem

181 2021 240 2051 Οὐκ
268 2021 436 2059 ἁντιχούσης
472 2020 502 2049 δὲ
524 2024 575 2056 τῆς
604 2023 654 2060 γῆς
683 2021 750 2058 πρὸς
780 2021 905 2060 ὑγρασίαν
935 2023 990 2059 (28)

1072 2030 1135 2049 cri'a
1152 2030 1208 2048 non
1229 2021 1333 2048 retinet
1357 2021 1522 2053 humorem,
1538 2021 1648 2049 solares
1674 2022 1746 2048 radii
1763 2022 1880 2058 gravius

180 2066 276 2094 πλεῖον
299 2066 326 2093 αὶ
356 2065 469 2101 ἡλιακαὶ
494 2067 599 2097 ἀκτῖνες
631 2063 867 2104 προσϐάλλουσαι,
895 2066 976 2101 ἁναξη

1072 2065 1155 2101 llapsi
1173 2066 1319 2092 exsiccant
1339 2068 1509 2092 sementem.
1527 2066 1607 2098 Quod
1632 2066 1749 2101 quidem
1767 2067 1879 2094 contin-

181 2110 303 2149 ραίνουσι
317 2111 363 2138 τὸν
394 2110 506 2149 σπόρον.
523 2111 574 2139 Καὶ
589 2110 688 2149 γίνεται
714 2111 745 2138 τὸ
774 2110 859 2138 αἴτιον
886 2111 917 2139 οὗ
932 2122 990 2149 παρη

1071 2111 1101 2145 git.
1117 2118 1173 2136 non
1196 2109 1394 2136 imbecillitate
1419 2110 1551 2143 seminis,
1567 2110 1616 2137 sed
1634 2111 1702 2138 vitio
1725 2111 1787 2138 soli.
1806 2111 1880 2138 Rur-

180 2156 211 2184 τὸ
226 2154 319 2183 ἄτονον
334 2156 383 2183 τοῦ
399 2154 502 2194 σπόρου
519 2177 526 2190 ,
543 2154 616 2183 ἀλλὰ
628 2154 660 2182 τὸ
676 2155 773 2192 σαθρὸν
789 2158 839 2190 τῆς
855 2158 906 2193 γῆς
923 2177 930 2184 .
947 2154 989 2183 Ilii

1070 2163 1124 2181 lum
1142 2154 1290 2190 spargitur
1303 2155 1409 2189 fsemcn
1427 2154 1455 2181 in
1473 2154 1620 2190 spinosam
1646 2157 1752 2183 terram
1769 2163 1775 2183 :
1793 2157 1821 2183 et
1836 2164 1879 2183 se-

183 2200 226 2229 λιν
244 2199 258 2227 6
274 2199 375 2237 σπόρος
404 2199 540 2237 σπείρεται
563 2199 601 2230 εἷς
616 2198 758 2233 ἁκανθώδη
772 2202 824 2237 γῆν
842 2209 849 2215 ·
865 2199 909 2226 καὶ
927 2199 940 2226 6
958 2201 991 2236 μὲ

1071 2208 1126 2226 nen
1142 2198 1261 2234 quidem
1286 2198 1413 2225 vividum
1435 2202 1495 2232 est;
1521 2199 1571 2226 sed
1599 2208 1615 2226 a
1639 2200 1732 2235 spinis
1757 2200 1880 2228 sull‘oca-

181 2244 283 2282 σπόρος
298 2243 409 2281 ἐνεργής
422 2252 428 2260 ·
445 2243 566 2281 πνίγεται
596 2242 625 2270 δὲ
652 2243 704 2271 ὑπὸ
732 2245 785 2270 τῶν
801 2243 922 2276 ἀκανθῶν
936 2266 943 2279 ,
959 2255 990 2271 κα

1074 2253 1117 2275 ur,
1134 2252 1184 2271 nec
1209 2244 1387 2278 permittitur
1408 2244 1450 2270 vis
1474 2243 1524 2271 illa
1550 2244 1670 2270 interior
1695 2245 1879 2278 fructiﬁcare,

181 2289 199 2323 ἠ
215 2286 292 2315 ἓνδον
322 2287 488 2324 ἀποκειμένη
518 2287 636 2326 ἐνέργεια
671 2287 702 2315 οὐ
731 2290 911 2326 συγχωρεῖται
939 2299 989 2326 καρ

1071 2289 1095 2315 μὴ
1114 2288 1285 2315 exteriorem
1315 2288 1394 2315 illam
1425 2288 1600 2315 molestiam.
1618 2288 1697 2319 Quod
1728 2289 1752 2316 si
1781 2297 1880 2317 semen

183 2335 338 2372 ποφορῆσαι
369 2331 414 2360 διὰ
438 2332 488 2367 τήν
520 2330 615 2368 ἔξωθεν
644 2329 774 2370 ὄχλησιν.
804 2333 864 2360 Ἐὰν
889 2331 918 2360 δὲ
940 2334 991 2361 ἀπο

1071 2340 1165 2360 )onam
1183 2332 1371 2359 nanciscatur
1387 2334 1504 2363 terram,
1522 2341 1577 2359 non
1595 2341 1694 2367 parem
1711 2333 1806 2361 reddit
1822 2333 1880 2361 fru-

184 2376 271 2415 λαύσῃ
284 2380 335 2412 τῆς
355 2377 458 2416 ἀγαθῆς
473 2379 548 2405 ποιεῖ
560 2376 642 2405 πάλιν
673 2377 727 2415 οὐχ
756 2376 852 2414 ὅμοιον
869 2378 914 2406 τὸν
940 2389 990 2416 καρ

1072 2380 1151 2410 dum,
1169 2378 1218 2404 sed
1240 2378 1434 2412 trigesimum,
1454 2376 1495 2403 vel
1511 2377 1738 2412 sexagesimum,
1755 2377 1797 2405 vel
1813 2386 1881 2404 cen-

182 2422 245 2457 πὸν,
261 2421 325 2449 ἀλλ’
346 2421 372 2449 ἰν
401 2422 556 2459 τριάκοντα,
585 2421 630 2449 καὶ
659 2421 798 2457 ἑξήκοντα,
826 2423 871 2450 καὶ
900 2423 991 2450 ἑκατόν

1071 2422 1211 2449 .esimum.
1238 2422 1375 2456 Ejusdem
1407 2429 1533 2455 namque
1564 2422 1678 2457 generis
1703 2430 1802 2449 semen
1827 2425 1880 2457 est,

183 2465 336 2501 Μονοειδὴς
354 2466 401 2503 μὲν
418 2466 435 2493 ἀ
449 2465 559 2504 σπόρος,
576 2465 706 2505 διάφορος
728 2465 757 2494 δὲ
774 2466 788 2493 6
803 2467 906 2504 καρπός
924 2477 930 2484 ·
949 2466 992 2495 διά

1073 2467 1194 2493 liversus
1204 2468 1300 2493 autem
1311 2466 1614 2501 fructus,diversa=que
1625 2474 1723 2493 eorum
1734 2466 1882 2494 sententiis

184 2520 265 2549 φοροι
281 2508 310 2537 δὲ
324 2510 352 2537 αἱ
367 2512 474 2548 γνῶμαι
490 2512 544 2538 τῶν
562 2509 775 2548 διδασκομένων.

507 2512 544 2538 ὢν
562 2509 775 2548 διδασκομένων.
1064 2511 1112 2547 qui
1132 2511 1315 2538 erudiuntur.

219 2555 246 2583 3.
265 2554 378 2590 Ἐξῆλθε
405 2554 494 2583 τοίνυν
512 2554 526 2582 6
543 2555 659 2594 σπείρων
687 2558 736 2583 τοῦ
764 2558 870 2594 σπεῖραι
887 2565 894 2572 ’
910 2556 955 2584 καὶ
976 2557 1010 2584 τὰ

1100 2557 1125 2583 3.
1143 2556 1216 2582 lixiit
1233 2555 1321 2591 igitur
1337 2554 1385 2590 qui
1407 2555 1532 2582 seminat
1556 2555 1710 2588 seminare,
1727 2559 1755 2583 et
1779 2556 1885 2591 partim

185 2600 234 2637 μὲν
259 2597 295 2627 δι’
323 2599 419 2626 ἑαυτοῦ
433 2600 538 2636 παρὼν,
553 2600 586 2627 τὰ
615 2599 644 2627 δὲ
660 2598 704 2628 διὰ
718 2602 771 2627 τῶν
788 2602 916 2636 μαθητῶν
933 2600 994 2638 ἐνήρ

1078 2608 1193 2627 irrcsens
1211 2608 1260 2635 per
1271 2607 1344 2631 sese,
1357 2600 1462 2634 partim
1477 2608 1527 2635 per
1538 2600 1697 2636 discipulos
1709 2609 1777 2628 suos
1789 2608 1887 2636 opera-

183 2654 263 2682 γησε.
281 2643 331 2671 Καὶ
346 2641 419 2682 ἔχεις
434 2643 460 2671 ἐν
475 2646 534 2675 ταῖς
563 2643 678 2681 Πράξεσι
706 2647 760 2672 τῶν
790 2644 951 2673 ἀποστόλων
966 2656 992 2684 γε

1076 2653 1114 2672 .us
1139 2646 1191 2671 est.
1209 2645 1242 2671 Et
1257 2644 1380 2671 habetur
1396 2644 1537 2679 scriptum
1554 2644 1583 2670 in
1598 2645 1717 2672 Actibus
1742 2643 1885 2680 apostolo-

221 2704 244 2722 “
257 2703 342 2732 Joen.
357 2711 416 2740 xxx,
432 2704 478 2732 31.
517 2703 539 2722 ¹⁸
552 2702 638 2732 Joan.
653 2713 705 2738 xu,
720 2705 767 2738 24,
780 2704 824 2732 25.
864 2705 886 2723 ¹⁶
899 2705 1002 2734 Matth.
1018 2713 1080 2738 xm,
1096 2705 1123 2731 3.

220 2766 292 2809 .(26')
316 2766 436 2809 Νοιιίῥῂ
456 2766 664 2809 dicitur‘di‘em
690 2775 748 2804 qua
761 2768 927 2809 cruciﬁxus
953 2768 1010 2809 _Do-
1173 2767 1283 2809 Anglic.
1301 2767 1395 2809 prima
1411 2775 1510 2809 manu,
1527 2766 1659 2809 cbpepfbc.

188 2801 288 2868 animi
314 2804 369 2839 est,
397 2803 488 2832 fuisse
514 2801 770 2837 Sahbctumfsed
800 2805 1011 2841 praecedentem
1102 2801 1158 2839 (28)
1175 2803 1254 2868 ίιρῗ,
1278 2801 1344 2866 tlinte
1369 2802 1508 2841 ὑγρασίαν,
1534 2801 1666 2830 additum
1691 2805 1736 2830 est
1759 2801 1889 2831 secunda

210 2846 279 2869 iam.
1067 2847 1156 2868 manu
1173 2848 1203 2868 1n
1244 2847 1281 2875 ag
1296 2861 1302 2868 .
