4100 6224
347 285 464 345 147

1454 286 1520 347 S.
1567 280 2093 345 ATHANASIUS.
2133 310 2210 323 -
2248 275 2513 340 DUBIA.

3637 285 3760 347 με

342 435 497 492 rum,
521 428 655 493 post
682 423 1011 496 lapidatum
1045 423 1429 495 Stephanum,
1463 420 1569 491 sic,
1602 420 1867 491 inquam,
1899 417 1999 473 ha-

2114 412 2424 487 γραμμένον
2461 452 2476 479 ,
2509 409 2591 465 ὅτι
2618 410 2752 483 μετᾶ
2796 413 2858 467 τὸ
2892 410 3327 485 λιθοϐοληθῆναι
3356 415 3449 471 τὸν
3480 420 3753 495 Στέφανον

342 508 443 565 bet
470 511 777 584 Scriptura
810 532 861 569 :«
886 514 971 569 Illi
1006 515 1203 585 itaque
1246 511 1493 583 dispersi
1519 511 1561 545 ¹⁷
1589 532 1617 558 ››
1648 525 1763 564 non
1809 507 2000 561 imbe-

345 598 588 655 cillitate
612 603 707 655 47
746 602 1015 674 dissipati
1040 619 1053 657 :
1080 616 1451 673 nequaquam
1479 598 1633 654 enim
1665 597 1779 652 fide
1809 596 2003 668 sejun-

347 686 427 741 cti
477 692 635 756 sunt,
670 692 773 745 sed
822 692 1089 764 dispersi.
1122 688 1475 745 Seminantis
1514 687 1730 759 quippe
1778 684 1829 739 vi
1878 684 1999 738 fru-

350 782 619 832 mentum
652 780 858 849 effecti,
894 782 961 835 ad
995 796 1206 852 panem
1235 778 1550 845 omlestem,
1585 791 1686 846 per
1712 773 1995 828 vivificam

350 881 585 921 omnem
636 868 961 924 doctrinam
1010 872 1402 931 transeuntes,
1444 864 1810 937 operationes
1860 877 1999 917 suas

350 954 568 1025 ubique
615 956 1099 1013 disseminarunt.
1133 955 1563 1028 Cogitationum
1613 952 1813 1022 itaque
1842 955 2002 1005 sator

347 1042 519 1098 Jesus
551 1045 890 1118 unigenitus
914 1046 1100 1101 Filius
1135 1045 1252 1113 Dei,
1275 1042 1567 1099 transibat
1598 1056 1701 1113 per
1730 1044 1877 1107 sata,
1901 1038 2000 1109 qui

348 1148 462 1187 non
496 1135 786 1189 seminum
820 1140 1052 1190 tantum
1096 1139 1187 1191 est
1234 1140 1413 1201 sator,
1447 1131 1546 1187 sed
1579 1130 1753 1185 etiam
1806 1144 2001 1183 rerum

346 1236 524 1277 sensu
556 1223 957 1295 praeditarum.
988 1222 1135 1278 Huic
1156 1222 1314 1277 enim
1338 1220 1410 1275 ab
1432 1218 1602 1274 initio
1626 1218 1796 1273 Pater
1817 1216 1997 1272 dixit:

351 1331 379 1359 «
413 1312 706 1367 Producat
734 1316 889 1366 terra
920 1312 1161 1366 herbam
1194 1309 1332 1378 feni,
1357 1308 1656 1365 seminans
1683 1320 1882 1361 semen
1918 1318 2005 1359 se'

350 1399 611 1453 cundum
662 1415 848 1471 genus
896 1407 954 1455 et
1001 1399 1449 1455 similitudinem
1475 1396 1540 1450 η.
1568 1418 1595 1444 ››
1626 1395 1795 1450 Pater
1834 1392 2001 1462 dixit,

351 1486 534 1543 Filius
565 1488 839 1559 perfecit:
864 1488 960 1544 ille
984 1488 1186 1559 jussit,
1216 1486 1309 1542 hic
1330 1488 1503 1556 jussa
1531 1483 1841 1555 complevit
1873 1498 1886 1536 :
1919 1487 2006 1537 at-

353 1592 467 1648 que
496 1576 577 1632 ita
606 1592 673 1631 ex
702 1580 872 1632 Patre
916 1593 1017 1649 per
1048 1576 1281 1643 Filium,
1307 1574 1625 1646 perfectum
1678 1571 1787 1626 fuit
1830 1587 2000 1642 opus,

353 1681 591 1736 unaque
620 1666 829 1721 mundi
862 1666 1077 1721 creatio
1108 1682 1211 1738 per
1240 1664 1471 1719 Patrem
1502 1665 1558 1717 et
1588 1660 1795 1716 Filium
1830 1660 2000 1715 abso-

351 1754 480 1810 luta
508 1759 614 1810 est.
638 1755 745 1819 Qui
790 1771 925 1827 ergo
976 1754 1359 1826 cogitationes
1388 1751 1659 1816 seminat,
1690 1753 1747 1805 et
1776 1748 1877 1820 qui
1908 1763 1999 1803 res

350 1860 528 1899 sensu
564 1844 836 1915 praeditas
880 1848 1025 1899 nutu
1076 1848 1316 1914 paterno
1346 1839 1553 1909 effecit,
1591 1839 1680 1894 hic
1726 1839 1852 1910 ipse
1899 1852 2003 1909 per

351 1937 482 1989 sata
524 1933 834 1989 transibat.
868 1932 1132 2004 Ingentia
1160 1935 1314 1986 certe
1344 1930 1403 1985 in
1447 1928 1775 1984 seminibus
1822 1926 2002 1980 mira-

351 2020 501 2077 cula.
524 2021 960 2094 Videamusque
978 2020 1038 2077 in
1060 2020 1425 2093 temporibus
1458 2016 1757 2083 sementis,
1782 2031 1906 2085 quas
1927 2015 1997 2069 ad

352 2110 674 2167 seminium
716 2111 1009 2183 pertinent
1042 2128 1054 2165 :
1087 2115 1144 2165 et
1190 2110 1259 2164 de
1305 2113 1469 2164 terrae
1513 2104 1881 2178 germinibus
1911 2103 2001 2158 bi-

354 2199 533 2254 berno
573 2204 835 2271 tempore
873 2199 1279 2254 disseramus:
1336 2212 1449 2251 non
1498 2211 1615 2266 quo
1662 2193 1900 2266 physice
1931 2192 2003 2247 de

354 2288 645 2357 ejusmodi
691 2305 752 2343 re
800 2288 1193 2359 disputemus,
1226 2287 1325 2341 sed
1361 2301 1474 2357 quo
1508 2282 1865 2338 mirabilium
1917 2282 2002 2335 fa-

354 2381 575 2432 ctorem
607 2378 938 2433 adoremus.
975 2377 1252 2432 Homines
1284 2379 1436 2429 certe
1472 2373 1530 2427 id
1581 2376 1815 2442 agentes
1847 2370 2000 2443 quod

357 2483 478 2521 sua:
506 2466 800 2522 facultatis
821 2470 931 2533 est,
947 2465 1172 2535 junctis
1192 2466 1263 2520 ad
1288 2468 1545 2518 aratrum
1576 2462 1765 2516 bobus
1786 2464 2001 2516 terram

357 2553 608 2621 sulcant,
642 2553 1066 2625 emolliuntque
1097 2554 1224 2625 ejus
1255 2552 1648 2624 superficiem,
1678 2553 1743 2603 ut
1770 2565 1842 2603 ne
1874 2548 2005 2620 plu-

356 2642 460 2696 via:
483 2642 897 2713 praeterfluant,
921 2643 1020 2697 sed
1046 2640 1392 2713 profundius
1425 2642 1796 2711 penetrantes
1817 2636 2007 2707 copio-

355 2746 487 2786 sum
523 2730 777 2785 fructum
830 2731 1161 2802 germinent
1196 2747 1209 2784 :
1239 2728 1468 2785 semina
1513 2743 1647 2781 vero
1676 2725 1736 2780 in
1770 2724 2005 2779 mollem

354 2825 571 2874 terram
597 2821 877 2891 projecta,
902 2817 1118 2889 duplici
1147 2817 1453 2873 commodo
1478 2816 1791 2887 gaudeant.
1817 2814 2005 2885 primo

353 2907 774 2980 profunditatis
804 2912 862 2963 et
891 2907 1155 2962 mollitiei
1179 2922 1191 2961 :
1228 2906 1505 2974 secundo,
1532 2904 1910 2968 latebrarum,
1935 2919 2006 2958 ne

356 2997 428 3051 ab
458 2996 663 3052 avibus
695 2996 1104 3052 absumantur.
1131 2995 1201 3050 Et
1229 2994 1404 3049 homo
1428 2994 1664 3065 quidem
1698 2992 1854 3063 quod
1887 3008 2005 3047 suae

2114 499 2285 562 οὕτως
2316 499 2463 574 λέγει
2495 502 2529 569 ἠ
2583 503 2787 578 Γραφη·
2824 526 2853 554 ι(
2894 504 2962 559 Οἱ
2997 504 3091 576 μὶν
3142 504 3232 558 οὗν
3284 502 3686 583 διασπαρέντες,
3717 529 3748 563 ι

2111 589 2173 644 ού
2206 587 2276 643 δι’
2314 589 2580 652 ἀσθενείας
2621 592 3054 667 πορπισοέντες·
3088 593 3149 648 ού
3178 596 3279 670 γὰρ
3331 593 3648 671 διῃρέθησαν
3687 603 3760 674 τῇ

2108 682 2306 736 πίστει·
2340 680 2486 736 ἀλλὰ
2518 678 2917 756 διασπαρέντες.
2967 687 3046 753 Τῆ
3080 686 3183 761 γὰρ
3224 685 3456 764 ἐνεργείᾳ
3482 694 3579 743 τοῦ
3610 711 3762 745 σπει-

2112 790 2300 845 ραντος
2351 772 2787 840 σιτοποιηθέντες
2822 772 2897 835 εἷς
2926 771 3083 848 ἄρτον
3120 773 3459 850 ἐπουράνιον,
3494 778 3628 832 κατὰ
3658 786 3759 834 πᾶ-

2112 880 2201 913 σαν
2237 856 2619 925 διεληλυθότες
2654 861 2955 938 ζωοφορίας
2992 858 3757 941 διδασκαλίαν,κατασπείρανο

2108 968 2193 1009 τες
2224 947 2584 1021 ἐνεργήματα.
2615 950 2673 1005 “Ο
2700 949 2879 1004 τοίνυν
2910 950 2977 1005 τὰ
3005 954 3255 1024 νοήματα
3278 954 3510 1029 σπείρων
3547 957 3757 1025 Ἰησοῦς

2113 1036 2141 1090 ὁ
2168 1038 2463 1112 μονογενὴς
2491 1037 2611 1099 Υἱὸς
2633 1043 2730 1092 τοῦ
2751 1037 3174 1116 Θεοῦ,διήρχετο
3199 1038 3288 1095 διὰ
3307 1046 3411 1096 τῶν
3447 1044 3761 1120 σπορίμων,

2112 1125 2173 1180 ού
2208 1126 2372 1199 μόνον
2406 1124 2462 1181 δὲ
2490 1132 2597 1181 τῶν
2644 1128 2862 1202 σπόρων
2912 1130 3301 1206 κατασπορεὺς,
3335 1130 3481 1187 ἀλλὰ
3528 1134 3616 1188 καὶ
3645 1139 3753 1189 τῶν

2110 1214 2404 1284 αἰσθητῶν.
2439 1215 2578 1290 Πρὸς
2606 1217 2706 1291 γὰρ
2736 1220 2925 1271 τοῦτον
2960 1213 3139 1293 ἔλεγεν
3174 1218 3225 1289 ἐξ
3271 1220 3447 1295 ἀρχῆς
3478 1223 3507 1276 ὁ
3540 1224 3752 1298 Harrng-

2112 1326 2143 1355 «
2179 1304 2519 1377 Ἐξαγαγέτω
2545 1306 2579 1373 ἡ
2641 1312 2712 1379 γῆ
2752 1306 2983 1379 βοτάνην
3018 1303 3247 1383 χόρτου,
3286 1314 3504 1384 σπεῖρον
3547 1311 3764 1387 σπέρμα

2110 1392 2245 1447 κατὰ
2273 1391 2426 1467 γένος
2474 1393 2563 1447 καὶ
2614 1400 2731 1457 καθ’
2782 1394 3067 1467 ὁμοίωσιν.
3102 1421 3129 1447 ››
3164 1398 3353 1473 Πατήρ
3405 1396 3603 1475 ἔλεγεν,
3638 1402 3760 1463 Υἱὸς

2111 1480 2372 1537 ἐπετέλει·
2428 1482 2455 1535 6
2507 1482 2601 1555 μὶν
2648 1482 2949 1551 ἐπέταττεν,
2980 1485 3009 1539 6
3040 1482 3098 1539 δὶ
3143 1485 3218 1547 είς
3262 1487 3429 1563 πέρας
3474 1486 3647 1565 ἤγαγε
3693 1490 3762 1546 τὰ

2109 1570 2554 1645 προσταττόμενα
2586 1591 2600 1605 ·
2632 1573 2720 1627 καὶ
2769 1572 2941 1635 οὕτως
2985 1572 3044 1627 ἐκ
3073 1574 3287 1650 ΙῙατρὸς
3338 1573 3407 1630 δι’
3448 1577 3577 1631 Υίοῦ
3606 1578 3660 1633 ἓν
3692 1580 3762 1648 ἦν

2106 1658 2592 1735 τελεσιούργημα,
2653 1665 2779 1733 μιᾶς
2838 1663 3200 1735 κοσμοποιίας
3258 1660 3347 1718 διὰ
3399 1666 3613 1741 ΙΙατρὸς
3668 1667 3763 1721 καὶ

2110 1749 2238 1802 Υἱοῦ
2292 1748 2871 1823 τελεσιουργουμένης.
2932 1751 2989 1804 '0
3016 1750 3191 1806 τοίνυν
3248 1751 3315 1807 τά
3360 1755 3612 1826 νοήματα
3659 1777 3755 1810 κα-

2107 1836 2409 1911 τασπείρων
2440 1880 2454 1905 ,
2487 1838 2576 1891 καὶ
2625 1839 2693 1892 τὰ
2747 1838 2977 1909 αἰσθητὰ
3029 1840 3252 1912 νεύματι
3296 1843 3503 1917 ΙΙατρὸς
3536 1844 3766 1919 ἐργασά-

2113 1946 2295 1999 μενος,
2328 1924 2487 1987 οὗτος
2510 1922 2739 1982 διέϐαινε
2766 1925 2854 1982 διὰ
2882 1933 2988 1983 τῶν
3019 1928 3324 2004 σπορίμων.
3362 1930 3559 2002 Πολλὴ
3592 1931 3649 1989 δέ
3676 1934 3763 1996 τίς

2110 2014 2252 2069 ἐστιν
2306 2016 2340 2083 ὴ
2398 2018 2506 2069 τῶν
2567 2015 2781 2089 σπόρων
2842 2018 3268 2095 θαυματουργία.
3321 2020 3419 2075 Καὶ
3472 2018 3677 2093 ἴδωμεν
3712 2022 3763 2076 ἐν

2108 2108 2319 2177 καιροῖς
2349 2103 2565 2179 σπόρων
2596 2105 2664 2159 τὰ
2707 2105 2832 2179 περὶ
2885 2106 3132 2178 σπόρων·
3168 2107 3221 2161 ἐν
3250 2108 3556 2184 χειμερίοις
3592 2109 3768 2182 ὥραις

2108 2193 2176 2245 τὰ
2205 2191 2328 2267 περὶ
2375 2199 2475 2260 τῆς
2532 2192 2774 2267 βλάστη(
2818 2201 2919 2263 τῆς
2970 2197 3072 2271 γῆς
3103 2193 3510 2272 διαλεγόμενοι,
3543 2198 3649 2274 οὐχ
3673 2198 3769 2254 ’ίνα

2112 2278 2606 2359 φυσιολογήσωμεν
2640 2284 2707 2336 τὰ
2742 2283 3015 2358 ὁρώμενα,
3039 2284 3173 2339 ἀλλ’
3197 2284 3289 2339 ’ίνα
3315 2290 3774 2361 προσκυνήσωμεν

2110 2369 2203 2423 τὸν
2232 2370 2655 2441 θαυματοποιόν.
2706 2372 3018 2445 ’Ἄνθρωποι
3069 2373 3163 2445 μὲν
3195 2374 3295 2450 γὰρ
3327 2376 3393 2429 τά
3422 2374 3499 2453 ἐφ’
3547 2377 3761 2439 ἑαυτοῖς

2112 2458 2509 2534 ἐργαζόμενοι,
2561 2460 2831 2531 ζεύξαντες
2882 2463 3009 2537 βοῦς
3059 2464 3363 2539 ἀροτῆρας,
3396 2464 3758 2538 ἀνατέμνουσι

2109 2549 2208 2617 τὴν
2240 2554 2340 2623 γῆν
2372 2547 2460 2603 καὶ
2493 2547 2827 2604 άπαλύνουσι
2856 2552 2920 2605 τὸ
2944 2551 3235 2627 πρόσωπον
3267 2552 3460 2623 αύτῆς,
3487 2552 3560 2608 *ἶν’
3611 2556 3758 2611 ὑετοὶ

2118 2638 2212 2709 μὲν
2250 2637 2325 2709 μὴ
2348 2635 2766 2713 παραδράμωσι,
2790 2638 2917 2695 ἀλλ’
2938 2634 3364 2714 ἐμϐαθυνόμενοι
3390 2645 3767 2721 καρποφορίαν

2115 2722 2473 2781 ἀποδόσωσιν·
2508 2727 2560 2780 οἱ
2592 2723 2648 2780 δέ
2679 2726 2869 2800 σπόροι
2903 2727 2953 2781 ἐν
3004 2727 3271 2798 ἁπλότητι
3304 2737 3404 2800 τῆς
3450 2734 3550 2806 γῆς
3588 2732 3776 2811 ῥιφέν-

2116 2835 2226 2885 τες,
2269 2811 2452 2883 διττὴν
2488 2811 2658 2889 ἔχωσι
2686 2816 2784 2884 τὴν
2819 2816 3140 2872 ἀπόλαυσιν·
3170 2819 3295 2892 μίαν
3329 2820 3424 2891 μὲν
3451 2824 3547 2875 τοῦ
3576 2822 3777 2895 βάθους

2113 2902 2202 2957 καὶ
2232 2909 2333 2971 τῆς
2369 2901 2725 2973 άπαλώσεως,
2779 2903 3027 2981 δευτέραν
3058 2904 3118 2961 δὲ
3162 2911 3261 2961 τοῦ
3300 2908 3649 2983 κρύπτεσθαι,
3680 2910 3776 2964 καὶ

2118 2993 2194 3065 μὴ
2230 2993 2333 3047 ὑπὸ
2381 2994 2580 3068 ὀρνέων
2633 2992 3031 3052 ἀναλίσκεσθαι.
3082 2995 3239 3051 Ἀλλ’
3267 2998 3295 3051 ὁ
3341 2998 3435 3070 μὶν
3488 2999 3775 3071 ἄνθρωπος

357 3084 655 3141 facultatis
685 3089 775 3141 est
803 3085 957 3157 agit;
1004 3085 1102 3140 sed
1156 3098 1517 3154 nequaquam
1549 3083 1619 3138 ab
1650 3081 1889 3138 homine
1920 3085 2003 3136 est

2114 3087 2263 3136 ποιεῖ
2282 3082 2346 3136 τὸ
2368 3083 2650 3137 ἐαυτοῦ·ού
2678 3084 2811 3155 μὴ’-ἧ
2835 3083 3179 3163 καρποφορία
3202 3083 3305 3140 ύπὸ
3328 3086 3612 3162 ἀνθρώπου
3765 3131 3778 3144 .

361 3174 759 3230 fructificatio.
785 3156 1049 3230 Hominis
1073 3174 1289 3246 quippe
1319 3176 1408 3228 est
1436 3172 1753 3239 seminare;
1778 3171 1876 3225 Dei
1908 3186 2003 3225 au-

2119 3170 2435 3244 Ἀνθρώπου
2467 3170 2560 3243 μὶν
2594 3171 2697 3247 γὰρ
2745 3173 2808 3226 τὸ
2854 3156 3099 3245 σπεῖραι·
3127 3178 3260 3228 Θεοῦ
3305 3171 3362 3228 δὲ
3410 3156 3471 3230 τὸ
3521 3156 3771 3246 αύξῆσαί.

363 3267 481 3319 tem
514 3263 943 3318 incrementum
975 3264 1134 3318 dare.
1167 3264 1356 3332 Atque
1400 3261 1503 3316 Dei
1552 3260 1800 3331 imperio
1830 3260 2017 3314 nubes

366 3371 435 3409 ex
458 3354 750 3425 profundo
783 3352 1034 3407 marium
1068 3368 1252 3422 aquas
1283 3350 1585 3415 hauriunt,
1610 3348 2017 3419 salsedineque

368 3442 428 3496 in
461 3441 832 3496 dulcedinem
876 3456 1065 3511 versa,
1097 3439 1405 3495 effundunt
1452 3437 1689 3509 quidem
1721 3437 1779 3492 in
1812 3452 2014 3507 super-

370 3531 562 3586 ficiem
594 3536 758 3586 terra:
792 3547 805 3585 :
838 3534 966 3585 tum
997 3529 1175 3584 unius
1205 3544 1446 3601 prorsus
1480 3527 1710 3599 generis
1740 3525 2015 3581 decidens

367 3619 587 3692 pluvia,
608 3618 768 3674 varia
799 3618 1066 3689 producit
1089 3616 1383 3673 seminum
1413 3630 1625 3685 genera
1654 3615 2011 3669 frumentum

366 3708 524 3764 enim
557 3708 756 3772 efﬁcit,
798 3707 1015 3774 fabam,
1048 3704 1301 3771 milium,
1351 3720 1534 3759 zeam.
1568 3702 1875 3773 Unumque
1926 3707 2015 3757 est

365 3798 519 3869 quod
579 3795 820 3864 decidit;
874 3794 1059 3851 multa
1106 3810 1235 3865 quae
1279 3791 1657 3865 germinant:
1692 3796 1865 3863 atque
1911 3789 2013 3847 illa

364 3886 736 3942 uniformitas
776 3885 1109 3957 pluviarum
1161 3884 1221 3939 in
1270 3880 1650 3954 multiplicem
1698 3879 2009 3935 fructifica-

360 3975 580 4030 tionem
612 3976 767 4041 abit;
803 3979 869 4028 ut
898 3974 1259 4040 ostendatur,
1294 3988 1408 4027 non
1448 3970 1791 4026 dexteritate
1833 3970 2007 4025 semi-

363 4064 582 4129 nantis,
631 4064 734 4117 sed
792 4062 890 4117 Dei
944 4063 1277 4133 operatione
1324 4062 1579 4115 fructum
1628 4059 1881 4130 prodire.
1927 4063 2008 4114 Ac

365 4152 650 4223 principio
680 4152 915 4222 quidem
941 4151 1221 4206 sementis
1254 4150 1431 4205 herba
1458 4150 1719 4220 quaedem
1741 4147 1898 4203 velut
1923 4165 2010 4204 as-

364 4241 574 4312 surgit,
596 4245 653 4295 et
683 4239 1030 4311 plerumque
1050 4237 1333 4310 contingit
1354 4237 1712 4292 frumentum
1737 4254 1852 4292 una
1874 4253 2006 4292 cum

362 4330 597 4385 zizaniis
627 4329 907 4386 seminari
938 4345 950 4383 :
986 4345 1173 4400 neque
1203 4328 1335 4382 licet
1364 4344 1466 4399 per
1497 4326 1765 4382 foliorum
1797 4327 2003 4382 simili-

360 4420 624 4475 tudinem
657 4420 1075 4483 internoscere,
1098 4417 1238 4488 quid
1283 4417 1661 4481 frumentum,
1686 4417 1824 4487 quid
1857 4416 2002 4471 ziza-

361 4509 459 4563 nia
487 4508 579 4564 sit.
612 4508 755 4563 Cum
810 4512 1004 4562 autem
1057 4508 1113 4561 in
1165 4505 1425 4561 culmum
1476 4520 1674 4560 semen
1724 4506 2002 4577 assurgit,
2034 4524 2083 4588 D

358 4598 783 4668 exaltaturque,
829 4612 898 4651 ex
931 4596 1107 4668 ,spica
1153 4592 1629 4666 deprehenditur,
1662 4593 2004 4663 fructusque

357 4687 577 4741 indicat
606 4687 745 4757 quid
778 4686 854 4740 sit
884 4686 1275 4752 frumentum,
1304 4682 1445 4753 quid
1476 4681 1717 4735 zizania.

427 4777 479 4830 4.
514 4774 853 4830 Intellexisti
881 4774 1035 4847 quod
1067 4774 1291 4827 dictum
1321 4776 1427 4837 est,
1457 4770 1575 4839 iam
1608 4768 1747 4824 mihi
1781 4770 1851 4824 ad
1886 4786 2005 4825 ma-

355 4864 444 4937 gis
467 4864 799 4936 spiritualia
822 4862 1188 4935 progredere.
1212 4858 1532 4915 Seminavit
1549 4858 1720 4913 Jesus
1743 4875 1843 4929 per
1865 4875 2001 4930 apo-

355 4953 537 5011 stolos
557 4954 794 5009 verbum
815 4951 976 5022 regni
995 4949 1272 5005 cmlorum
1294 4964 1395 5019 per
1413 4948 1745 5001 universam
1765 4956 1997 5003 terram.

350 5043 523 5099 Auris
554 5058 685 5096 vero
717 5057 848 5113 quas
888 5039 1359 5110 pmdicationem
1392 5036 1634 5107 excepit,
1665 5036 1820 5106 apud
1870 5052 2000 5092 sese

352 5132 514 5186 illam
573 5130 782 5185 retinet
827 5146 839 5183 :
892 5132 948 5182 et
1002 5132 1244 5183 eatenus
1302 5131 1455 5181 certe
1511 5124 1997 5196 germinationem

351 5220 622 5276 foliorum
653 5220 793 5288 edit,
818 5218 972 5288 quod
1006 5217 1063 5270 in
1100 5215 1353 5271 Ecclesia
1386 5231 1449 5270 se
1478 5215 1816 5285 diligentem
1850 5231 1996 5286 prai-

345 5310 465 5365 bet.
500 5306 1008 5376 Convenimusque
1051 5303 1110 5359 in
1159 5304 1432 5359 eumdem
1463 5302 1654 5358 locum
1706 5307 1827 5357 tam
1875 5303 1996 5358 fru-

351 5397 532 5454 menti
566 5395 893 5466 largitores,
927 5410 1103 5465 quam
1147 5392 1405 5460 zizania;
1446 5396 1564 5447 tam
1598 5391 1786 5447 fidelis
1816 5408 1995 5461 quam

423 5494 463 5528 ⁸⁷
492 5495 617 5548 Act.
647 5508 771 5561 vm,
804 5491 856 5545 4·
938 5491 979 5527 ⁸⁸
1010 5490 1153 5546 Gen.
1187 5506 1226 5559 ι,
1263 5491 1349 5545 10.

2127 3258 2226 3313 Καὶ
2256 3260 2636 3334 προστάγματι
2687 3265 2819 3315 Θεοῦ
2868 3260 3088 3339 νεφέλαι
3138 3262 3197 3317 ἐκ
3238 3262 3541 3319 θαλαττίων
3598 3266 3777 3340 βυθῶν

2123 3346 2190 3400 τὰ
2221 3344 2388 3402 ὕδατα
2435 3347 2822 3418 ἀνασπάσασαι,
2855 3349 2945 3403 καὶ
2986 3348 3036 3420 ἐξ
3090 3349 3472 3426 άλμυρότητος
3521 3353 3597 3415 είς
3640 3354 3782 3428 γλυ-

2123 3433 2330 3505 κύτητα
2381 3432 2802 3509 μεταϐαλοῦσαι,
2856 3437 3137 3513 ἐπιχέουσι
3190 3440 3285 3513 μὶν
3345 3439 3433 3495 ἐπὶ
3486 3441 3548 3495 τὸ
3608 3441 3779 3515 πρόσ-

2124 3545 2271 3579 ωπον
2300 3531 2400 3593 τῆς
2430 3530 2561 3600 γῆς·
2601 3524 2891 3600 μονοειδὴς
2924 3524 2981 3582 δὲ
3033 3528 3206 3599 ὑετὸς,
3240 3525 3495 3598 καταϐὰς,
3539 3530 3767 3586 πολυει-

2123 3611 2235 3676 δεῖς
2275 3612 2549 3689 ἐργάζεται
2609 3614 2868 3691 σπόρους.
2926 3618 3022 3670 Καὶ
3080 3622 3224 3672 σῖτον
3287 3619 3380 3690 μὲν
3437 3618 3716 3693 ἐργάζεται
3748 3666 3767 3693 ,

2119 3701 2327 3774 κύαμον
2358 3699 2415 3756 δὲ
2446 3701 2533 3757 καὶ
2565 3703 2798 3780 κέγχρον
2846 3704 2936 3758 καὶ
2984 3700 3207 3778 ὅλυραν.
3240 3708 3334 3763 Ἕν
3372 3708 3465 3780 μὶν
3509 3708 3572 3764 τὸ
3602 3729 3768 3764 κατα-

2121 3786 2241 3859 ϐὰν,
2268 3790 2357 3845 καί
2388 3788 2661 3846 πολλάτὰ
2694 3791 3074 3867 βλαστώμενα·
3107 3794 3197 3848 καὶ
3236 3796 3297 3849 τὸ
3350 3793 3625 3869 μονοειδὲς
3655 3801 3763 3851 τῶν

2120 3879 2284 3934 ὑετῶν
2334 3880 2409 3943 εἷς
2459 3880 2743 3957 πολύχουν
2788 3881 3160 3960 καρποφορίαν
3234 3880 3599 3961 διασπείρεται
3631 3904 3643 3919 ·
3672 3884 3764 3941 ’ίνα

2118 3964 2337 4044 δειχθῇ,
2373 3971 2448 4042 μὴ
2481 3974 2547 4043 τῇ
2578 3974 2677 4025 τοῦ
2726 3970 3044 4046 σπείραντος
3074 3971 3353 4049 εύμαρείᾳ,
3396 3970 3541 4029 ἀλλὰ
3566 3978 3635 4049 τῇ
3664 3978 3764 4030 τοῦ

2117 4061 2251 4111 Θεοῦ
2304 4056 2541 4132 ἐνεργείᾳ
2595 4057 2834 4134 γίνεσθαι
2890 4060 2953 4115 τὸ
3009 4062 3529 4139 καρποφορούμενον
3579 4101 3597 4122 .
3659 4063 3764 4122 Καὶ

2115 4150 2333 4223 πρῶτον
2370 4146 2462 4219 μὲν
2491 4148 2519 4201 6
2550 4146 2748 4223 σπόρος
2781 4146 2928 4224 χλόη
2986 4170 3067 4212 τις
3121 4149 3302 4228 ὥσπερ
3335 4147 3629 4226 ἀναϐαίνει,
3672 4153 3764 4208 καὶ

2114 4233 2387 4297 πολλάκις
2444 4236 2577 4309 σίτῳ
2634 4236 2863 4306 ζιζάνιον
2915 4240 3267 4314 συνέσπαρται
3296 4260 3307 4273 ·
3340 4244 3376 4311 ἡ
3408 4238 3465 4296 δὶ
3496 4243 3763 4315 ὁμοιότης

2112 4329 2218 4379 τῶν
2248 4323 2475 4401 φύλλων
2504 4325 2565 4381 ού
2598 4333 2877 4403 συγχωρεῖ
2904 4335 3154 4406 φανῆναι,
3186 4328 3238 4384 τί
3290 4331 3385 4403 μὲν
3419 4334 3589 4405 σῖτος,
3620 4332 3673 4387 τί
3706 4330 3765 4387 δὲ

2117 4413 2371 4481 ζιζάνιον.
2403 4416 2562 4468 Ὅταν
2613 4410 2671 4469 δὲ
2718 4416 2746 4469 6
2801 4416 3003 4490 σπόρος
3054 4416 3335 4487 εύθυτενής
3386 4417 3631 4494 γένηται,
3672 4420 3764 4476 καὶ

2115 4502 2189 4564 εἷς
2221 4502 2353 4576 ὕψος
2400 4503 2644 4575 γένηται,
2676 4504 2705 4558 6
2750 4506 2951 4581 στάχυς
3000 4504 3277 4580 διακρίνει,
3322 4508 3411 4563 καὶ
3460 4510 3494 4579 ἡ
3553 4530 3762 4585 καρπο-

2114 4591 2275 4665 φορία
2308 4587 2533 4645 δείννυσι
2562 4592 2626 4647 τὸ
2659 4593 3036 4668 ὑποκείμενον,
3066 4594 3117 4650 τί
3172 4597 3264 4670 μὶν
3297 4602 3468 4671 σῖτος,
3496 4597 3550 4653 τί
3590 4595 3647 4653 δὶ
3681 4604 3759 4668 ζι-

2116 4677 2312 4747 ζάνιον.

2184 4770 2236 4824 4.
2273 4767 2531 4838 Ἐνόησας
2560 4770 2622 4824 τὸ
2670 4767 2992 4844 λεγόμενον,
3024 4769 3146 4829 ἐλθέ
3199 4794 3291 4846 μοι
3344 4773 3536 4831 λοιπὸν
3588 4774 3676 4830 ἐπί
3700 4774 3761 4830 τὸ

2109 4858 2612 4933 πνευματικώτερω
2641 4902 2654 4916 .
2703 4862 2983 4936 Ἓσπειρεν
3034 4864 3063 4917 6
3092 4866 3299 4932 Ἰησοῦς
3355 4862 3443 4918 διὰ
3483 4869 3590 4919 τῶν
3622 4865 3759 4919 ἀπο-

2110 4943 2320 5001 στόλων
2395 4946 2486 5001 τὸν
2574 4946 2736 5024 λόγον
2811 4955 2913 5017 τῆς
2990 4948 3266 5024 βασιλείας
3346 4957 3453 5006 τῶν
3522 4952 3759 5027 οὐρανῶν

2107 5037 2244 5090 κατά
2298 5035 2473 5107 πάσης
2530 5043 2631 5105 τῆς
2688 5036 3017 5110 οἰκουμένης
3054 5082 3066 5096 .
3126 5041 3291 5110 Ἀκοὴ
3374 5039 3635 5114 δεξαμένη
3693 5042 3758 5097 τὸ

2106 5126 2363 5201 κήρυγμα
2419 5125 2636 5202 κατέχει
2694 5128 2821 5201 παρ’
2883 5127 3067 5201 ἑαυτῇ·
3130 5132 3219 5184 καὶ
3275 5130 3412 5193 τέως
3474 5131 3568 5203 μὲν
3632 5129 3763 5205 βλά-

2109 5234 2239 5284 στην
2273 5212 2553 5292 φυλλάδος
2596 5214 2870 5291 ἐργάζεται
2913 5215 3151 5286 σπουδὴν
3206 5220 3331 5296 περὶ
3376 5220 3475 5289 τὴν
3525 5217 3761 5290 Ἐκκλη-

2107 5300 2241 5376 σίαν,
2273 5304 2363 5357 καὶ
2395 5302 2731 5379 συναγόμεθα
2762 5304 2897 5359 κατὰ
2944 5306 3008 5360 τὸ
3037 5306 3189 5376 αὐτὸ,
3221 5307 3310 5363 καὶ
3364 5309 3415 5363 οἱ
3460 5307 3756 5382 σιτοδόται,

2104 5390 2193 5447 καὶ
2218 5390 2284 5446 τὰ
2318 5391 2545 5461 ζιζάνια,
2587 5393 2615 5446 6
2646 5392 2860 5466 πιστὸς,
2908 5394 2997 5448 καὶ
3046 5396 3075 5450 6
3108 5395 3427 5471 ὑποκριτὴς,
3473 5396 3566 5452 ’ίνα
3614 5394 3758 5468 ἀλη-

421 5592 532 5665 (29)
561 5590 692 5647 Hac
723 5606 737 5645 :
773 5586 927 5645 Ἀλλ’
958 5588 984 5643 ὀ
1021 5590 1115 5661 μὲν
1148 5589 1337 5653 ἄνθη..
1371 5586 1474 5643 ὑπὸ
1506 5586 1815 5663 ἀνθρώπου,
1849 5587 2003 5646 deer:

2120 5588 2180 5645 in
2211 5587 2551 5659 Anglicano,
2584 5589 2685 5647 sed
2718 5588 2916 5650 addita
2942 5594 3085 5651 sunt
3126 5606 3307 5653 manu
3337 5592 3675 5653 recentiore.
