4100 6224
297 339 412 400 149
1551 334 1876 396 HOMILIA
1919 335 2022 396 DE
2065 335 2456 398 SEMENTE.

3599 338 3715 399 150

298 468 546 545 θέστερον
579 463 818 538 εἴπωμεν
845 463 907 521 τὸ
936 461 1477 542 καταγγελλόμενον.
1511 465 1562 520 οἱ
1613 463 1669 521 δὲ
1717 465 1950 542 γεωργοὶ

2083 470 2391 542 lypoorita,
2425 475 2489 526 ut
2526 470 2720 526 verius
2770 470 3116 541 eloquamur
3144 471 3298 540 quod
3349 471 3712 542 praedicatur.

299 565 400 627 τῆς
433 554 782 626 Ἐκκλησίας,
822 555 921 623 τὴν
956 551 1209 610 δίκελλαν
1243 559 1351 610 τῶν
1386 553 1567 630 λόγων
1617 561 1733 618 τοῖς
1767 557 1958 623 ἔσπαρ-

2083 557 2182 613 ,‘los
2234 565 2431 616 autem
2475 558 2741 614 Ecclesiae
2793 557 3060 630 agricolae
3114 558 3414 613 verborum
3463 558 3712 629 ligonem

308 647 491 722 μένοις
553 639 929 714 ἐπιϐαλόντες,
987 648 1338 720 γεωργοῦμεν
1429 643 1504 706 εἷς
1563 645 1955 723 καρποφορίαν,

308 732 553 800 οῦπωδὲ
585 731 806 808 οἴδαμεν
837 733 900 788 τὸ
942 732 1316 808 ὑποκείμενον·
1352 736 1386 804 ἡ
1417 735 1517 810 γὰρ
1547 740 1647 804 τῆς
1680 731 1956 812 φυλλάδος

238 861 241 863 >
307 823 574 899 ὁμοιότης
623 824 800 894 ἀπατᾷ
828 819 1097 885 πολλάκις
1128 821 1255 885 τοὺς
1314 828 1678 898 προεστῶτας.
1709 827 1867 878 Ὅταν
1900 821 1958 879 δὲ

305 919 340 986 ἡ
377 911 696 969 διδασκαλία
726 911 800 973 εἷς
834 908 990 987 ἔργοδ
1021 915 1385 988 προχωρήσῃ,
1413 911 1501 966 καὶ
1538 913 1565 966 6
1595 913 1799 988 καρπὸς
1848 918 1954 968 τῶν

308 1001 478 1079 ἔργων
538 1007 815 1077 παχυνθῆ,
844 1000 966 1055 τότε
1024 1001 1263 1078 φαίνεται
1303 1001 1384 1063 τίς
1444 1002 1537 1074 μὲν
1574 1000 1600 1054 6
1632 1003 1846 1070 πιστὸς,
1875 1002 1956 1064 τίς

308 1091 366 1147 δὲ
397 1091 424 1146 6
456 1091 773 1165 ὑποκριτής.
808 1088 904 1144 Καὶ
937 1092 1053 1152 πῶς
1105 1089 1196 1144 καὶ
1245 1090 1363 1144 τίνα
1411 1090 1610 1166 τρόπον
1669 1090 1956 1166 παραγίνε-

305 1203 390 1237 ται
452 1177 722 1242 πολλάκις
784 1177 858 1240 εἷς
918 1177 1080 1234 πόλιν
1142 1180 1277 1255 ἀνὴρ
1336 1177 1629 1253 δυνάμενος
1690 1178 1954 1235 διδάσκειν

305 1268 644 1340 Ἑλληνιστὶ,
687 1269 771 1340 ὃς,
826 1269 926 1336 τῆν
988 1269 1154 1336 ἀκοὴν
1220 1268 1573 1344 θελγόμενος,
1609 1267 1823 1324 σπεύδει
1882 1270 1956 1331 εἷς

309 1360 412 1427 τὴν
448 1356 796 1428 Ἐκκλησίαν,
831 1355 894 1412 οὐ
923 1358 1020 1425 τήν
1057 1357 1288 1432 ἰατρείαν
1319 1365 1418 1427 τῆς
1451 1362 1658 1433 ψυχῆς,
1683 1357 1826 1414 ἀλλά
1852 1364 1956 1414 τῶν

312 1445 495 1522 λόγων
526 1445 590 1501 τὸ
619 1443 826 1508 κάλλος
863 1445 1026 1520 μόνον
1078 1444 1330 1521 ἁρπάσαι.
1362 1446 1733 1523 Ἀνεχώρησεν
1797 1447 1825 1502 6
1876 1447 1961 1502 εὐ-

317 1534 585 1612 γλώττως
643 1534 850 1591 λαλῶν·
912 1535 1230 1612 ἀνεχώρησε
1277 1535 1368 1590 καὶ
1415 1539 1514 1606 τῆς
1547 1535 1866 1607 Ἐκκλησίας
1899 1537 1962 1591 τὸ

319 1624 574 1695 ζιζάνιον·
612 1622 674 1679 οὗ
726 1623 830 1698 γὰρ
889 1621 1007 1699 ἔχει
1065 1624 1128 1678 τὸ
1185 1622 1431 1691 σιτῶδες,
1460 1625 1523 1679 τὸ
1567 1625 1778 1682 πιστόν.
1811 1627 1872 1682 Ὁ
1905 1623 1963 1680 δὶ

311 1713 525 1782 πιστὸς,
555 1711 651 1767 κᾶν
685 1711 1008 1788 εὐγλώττως
1042 1712 1176 1788 λέγῃ
1225 1714 1292 1768 τὰ
1349 1712 1638 1789 λεγόμενα,
1673 1712 1960 1784 σπουδάζει

310 1799 649 1872 κατακούειν,
704 1799 801 1856 κᾶν
859 1802 1102 1878 Συριστὶ,
1162 1800 1258 1855 κᾶν
1318 1803 1635 1877 Ῥιομαῖστὶ,
1694 1803 1790 1858 κᾶν
1846 1801 1962 1859 δια·
1993 1843 2040 1907 Β

365 1890 378 1907 .
533 1888 604 1907 κ.
766 1889 833 1907 Α.
944 1891 960 1907 ε
1063 1895 1090 1907 ..
1192 1889 1302 1907 ..υ
1903 1895 1961 1907 ,Α

311 1890 464 1970 φόρῳ
495 1888 736 1966 γλώττῃ.
762 1889 840 1948 Οὐ
897 1891 1000 1966 γὰρ
1062 1895 1214 1961 ζητεῖ
1239 1889 1467 1967 λόγους,
1501 1890 1623 1946 ἀλλ’
1654 1890 1806 1968 ἔργα.
1845 1917 1871 1944 ‹‹
1903 1895 1966 1950 Ὀ

309 1980 414 2058 γὰρ
448 1978 616 2056 λόγος
647 1981 807 2053 ἡμῶν
839 1979 929 2035 καὶ
956 1980 1019 2034 τὸ
1049 1982 1305 2057 κήρυγμα
1336 1984 1494 2054 ἡμῶν
1531 1981 1630 2036 οὐκ
1659 1983 1709 2037 έν
1756 1988 1964 2047 πειθοῖς

315 2069 660 2144 ἀνθρωπίνης
693 2067 882 2146 σοφίας
915 2067 1128 2144 λόγοις,
1163 2067 1289 2124 ἀλλ’
1320 2070 1372 2124 ἒν
1408 2068 1674 2141 ἀποδείξει
1717 2070 1968 2144 Πνεῦμα-

309 2181 402 2222 τος
429 2157 520 2214 καὶ
553 2156 854 2232 δυνάμεως.
889 2181 917 2210 ››
947 2157 1008 2212 Τί
1035 2159 1098 2214 τὸ
1130 2152 1351 2236 ὄφελος,
1385 2157 1474 2214 ἑὰν
1508 2157 1826 2231 Ἑλληνιστὶ
1877 2159 1971 2215 λα·’

312 2247 522 2322 λῶμεν,
559 2241 971 2324 βαρϐαρίζωμεν
1029 2243 1087 2302 δὶ
1142 2254 1207 2316 τῆ
1242 2246 1438 2322 γνώμῃ
1469 2268 1482 2316 ;
1513 2249 1573 2302 Τί
1627 2249 1690 2304 τὸ
1747 2245 1968 2326 ὄφελος,

311 2335 401 2392 δάν
437 2335 750 2400 εὖσύνθετος
815 2336 908 2407 μὲν
966 2334 994 2389 6
1023 2333 1216 2410 λόγος,
1247 2336 1640 2400 κακοσύνθετος
1701 2336 1758 2393 δὲ
1789 2338 1816 2393 6
1843 2338 1968 2408 τρό-

316 2442 455 2493 πος;
488 2421 644 2480 Πολὺ
674 2420 902 2477 κάλλιόν
938 2424 1049 2477 έστι
1107 2425 1244 2495 μήτε
1299 2427 1396 2493 τῆν
1429 2424 1712 2496 Ἐλλήνων
1754 2424 1967 2482 ἐἰδέναι

318 2513 528 2591 φωνὴν,
560 2511 649 2566 καὶ
679 2511 772 2566 τὸν
803 2509 973 2585 νόμον
1005 2514 1102 2566 τοῦ
1132 2516 1265 2567 Θεοῦ
1297 2514 1348 2568 ὲν
1408 2511 1601 2590 καρδίᾳ
1656 2523 1968 2586 κεκτῆσθαι.

319 2601 386 2660 Εἰ
421 2601 516 2674 μὲν
548 2601 652 2676 γὰρ
684 2597 944 2678 σοφιστοῦ
1006 2597 1382 2656 διδασκαλεῖον
1438 2604 1504 2673 ῆν
1560 2605 1594 2674 ἠ
1653 2605 1970 2676 Ἐκκλησία,

319 2689 652 2766 εὐγλωττίας
682 2691 746 2758 ῆν
780 2691 808 2744 ὁ
840 2688 1050 2766 καιρός’
1085 2689 1270 2759 ἐπειδὴ
1305 2689 1361 2747 δὲ
1401 2691 1616 2768 τρόπων
1678 2695 1846 2770 ἀγὼν,
1881 2696 1970 2750 καὶ

321 2777 664 2857 καρποφορία
691 2778 754 2833 τὸ
813 2777 1193 2853 προκείμενον,
1223 2780 1312 2835 καὶ
1373 2780 1670 2858 προσδοκία
1727 2783 1968 2860 οὐρανῶν

320 2869 385 2924 τὸ
415 2865 894 2941 προσδοκώμενον,
939 2869 1014 2941 μὴ
1048 2867 1268 2944 γλῶττα
1308 2870 1590 2940 ζητείσθω,
1624 2871 1748 2928 ἀλλ’
1783 2873 1811 2927 6
1840 2873 1972 2949 τρό-

323 2978 425 3020 πος
451 2955 858 3033 κατορθούσθω.
891 2954 1062 3011 Πάλιν
1117 2955 1280 3013 ἄλλοι
1329 2963 1576 3013 νοσοῦσιν
1631 2962 1975 3036 ἀνθρωπαρέ-

329 3065 507 3101 σκειαν
569 3045 892 3122 ἀνθρώπων,
943 3045 1033 3099 καὶ
1089 3046 1276 3119 καιρὸν
1335 3048 1844 3124 καθυποκρίνονται.
1875 3049 1968 3104 κᾶν

333 3134 426 3208 μὶν
460 3132 728 3207 ἐπίσημον
777 3131 1068 3206 πρόσωπον
1100 3133 1135 3202 ἢ
1170 3134 1230 3188 έκ
1275 3133 1546 3190 πλατειῶν
1580 3137 1614 3206 ἢ
1649 3137 1701 3207 ἒξ
1763 3138 1968 3214 ἀνθρώ.

322 3245 438 3279 πων
471 3222 858 3299 παραγίνηται,
889 3223 978 3277 καὶ
1008 3223 1427 3298 Χριστιανισμὸν
1470 3225 1969 3302 ἓπαγγελλόμενον,

2067 663 2171 718 per
2200 653 2329 703 sata
2377 648 2780 714 immittimus,
2814 652 2878 702 ut
2909 664 3113 719 agrum
3165 646 3428 702 colamus
3462 647 3532 700 ad
3564 647 3716 701 fruc-

2067 739 2192 791 tum
2230 737 2570 804 ferendum;
2621 737 2872 791 necdum
2921 739 3115 792 tamen
3164 734 3572 807 cognoscimus
3605 734 3714 790 soli

2068 825 2462 880 conditionem
2492 842 2502 880 :
2531 824 2800 880 foliorum
2826 823 3039 896 quippe
3065 823 3410 890 similitudo,
3439 822 3716 896 praesides

2068 931 2221 985 saepe
2270 913 2440 969 l'allit.
2475 914 2689 969 Verum
2725 914 2822 968 ubi
2853 913 3118 968 doctrina
3147 913 3205 967 in
3237 930 3384 985 opus
3436 911 3714 985 procedit,

2068 1001 2456 1074 laborumque
2487 1003 2711 1057 fructus
2743 1001 3048 1071 solidatur,
3073 1007 3199 1058 tum
3231 1007 3470 1074 apparet
3490 1001 3623 1073 quis
3657 1001 3718 1055 ﬁ-

2068 1091 2238 1158 delis,
2262 1091 2396 1162 quis
2428 1089 2730 1164 hypocrita
2761 1089 2857 1145 sit.
2883 1093 3004 1156 Qua
3027 1091 3251 1146 ratione
3281 1091 3339 1146 in
3367 1090 3571 1145 urbem
3604 1087 3721 1162 ple-

2069 1196 2321 1249 rumque
2353 1179 2508 1236 venit
2539 1180 2622 1235 vir
2654 1180 2848 1236 Graece
2879 1181 3121 1235 docendi
3154 1180 3396 1252 peritus,
3430 1196 3718 1250 auresque

2071 1269 2433 1334 demulcens,
2457 1269 2558 1340 qui
2593 1269 2648 1323 in
2685 1267 2998 1324 Ecclesiam
3040 1273 3331 1340 properat,
3356 1285 3469 1322 non
3502 1273 3566 1322 ut
3597 1284 3716 1323 me-

2071 1358 2325 1412 dicinam
2362 1359 2589 1424 animae,
2610 1360 2709 1412 sed
2745 1363 2806 1412 ut
2827 1359 3133 1414 verborum
3160 1357 3509 1429 elegantiam
3535 1355 3717 1428 perci-

2071 1447 2210 1519 piat.
2238 1447 2472 1502 Recedit
2501 1446 2598 1502 ille
2629 1447 2918 1502 facundus
2939 1450 3133 1502 orator
3161 1463 3172 1504 :
3200 1446 3418 1503 recedit
3445 1445 3622 1502 etiam
3646 1445 3716 1501 ab

2071 1535 2331 1592 Ecclesia
2361 1536 2680 1604 zizanium;
2727 1537 3088 1592 frumentum
3143 1536 3356 1608 quippe
3385 1551 3487 1591 seu
3519 1535 3717 1603 ﬁdem,

2073 1643 2189 1682 non
2221 1625 2416 1682 habet.
2442 1625 2654 1682 Fidelis
2677 1630 2872 1682 autem
2895 1625 3027 1681 licet
3054 1626 3300 1681 facunde
3332 1625 3490 1696 loqui
3511 1624 3718 1691 soleat,

2072 1716 2334 1771 studiose
2384 1713 2702 1783 auscultat,
2737 1715 2856 1770 sive
2903 1715 3157 1786 Syrisce,
3191 1712 3310 1769 sive
3359 1713 3576 1780 Latine,
3623 1716 3724 1768 aut

2071 1804 2185 1861 alio
2216 1803 2419 1876 quovis
2453 1819 2722 1860 sermone
2752 1803 2886 1875 quis
2916 1806 3134 1859 utatur.
3168 1802 3294 1858 Non
3327 1803 3537 1873 quaerit
3564 1801 3721 1858 enim

2074 1893 2270 1959 verba,
2303 1893 2404 1949 sed
2436 1897 2600 1965 gesta
2633 1909 2645 1948 :
2675 1916 2703 1943 «
2738 1893 2940 1950 Sermo
2971 1892 3126 1948 enim
3168 1895 3368 1948 noster
3412 1895 3470 1946 et
3515 1891 3721 1964 praedi-

2077 1983 2224 2039 catio
2244 1987 2462 2048 nostra,
2478 2000 2592 2038 non
2612 1982 2670 2037 in
2694 1981 3181 2054 persuasibilibus
3203 1981 3477 2036 humanas
3497 1980 3725 2052 sapien-

2076 2072 2168 2128 tiae
2197 2071 2410 2142 verbis,
2437 2072 2536 2127 sed
2568 2070 2628 2126 in
2655 2070 2988 2128 ostensione
3011 2070 3264 2142 Spiritus
3285 2073 3342 2124 et
3359 2068 3594 2125 virtutis
3620 2071 3719 2122 η.»

2078 2161 2178 2216 48
2221 2161 2355 2225 Quae
2411 2159 2653 2230 utilitas,
2703 2160 2752 2216 si
2799 2163 2990 2215 Graece
3045 2158 3380 2231 loquamur,
3411 2161 3469 2214 et
3527 2161 3722 2214 mente

2078 2249 2311 2306 barbari
2341 2248 2571 2305 simus?
2598 2249 2744 2312 Quid
2776 2249 3012 2319 prodest
3042 2247 3091 2302 si
3115 2247 3476 2320 compositus
3507 2263 3719 2318 sermo,

2079 2343 2138 2394 et
2168 2355 2360 2394 mores
2400 2337 2518 2394 sint
2565 2337 2978 2409 incompositi?
3008 2337 3188 2393 Multo
3235 2338 3608 2409 praestantius
3639 2342 3728 2393 est

2079 2427 2270 2483 Greece
2300 2426 2536 2497 quidem
2571 2427 2814 2493 nescire,
2842 2425 3148 2498 legemque
3177 2426 3276 2481 Dei
3307 2426 3366 2480 in
3399 2426 3570 2482 corde
3600 2443 3730 2497 pos-

2080 2517 2291 2573 sidere.
2340 2515 2486 2571 Nam
2547 2515 2596 2571 si
2654 2514 2911 2570 Ecclesia
2963 2515 3237 2588 sophistas
3295 2514 3498 2572 schola
3552 2519 3727 2585 esset,

2076 2605 2466 2662 consectanda
2496 2604 2642 2660 foret
2682 2603 3016 2676 eloquentia
3047 2621 3060 2659 :
3097 2607 3156 2659 at
3187 2621 3320 2659 curn
3371 2605 3442 2659 de
3495 2621 3725 2660 morum

2078 2710 2297 2766 pugna,
2328 2697 2384 2750 et
2413 2694 2484 2748 de
2515 2694 2743 2750 fructus
2773 2694 2940 2764 copia
2978 2699 3205 2765 agatur,
3237 2697 3726 2764 exspecteturquc

2081 2782 2328 2850 coelum;
2373 2799 2444 2838 ne
2499 2781 2703 2854 lingua
2759 2781 3112 2853 requiratur,
3145 2782 3245 2838 sed
3308 2797 3498 2836 mores
3555 2781 3727 2836 insti-

2080 2876 2342 2928 tuantur.
2375 2876 2632 2927 Rursum
2681 2869 2863 2941 aliqui
2901 2870 3168 2926 laborant
3215 2870 3410 2926 studio
3461 2868 3725 2941 placendi

2081 2961 2445 3026 hominibus,
2496 2965 2553 3015 et
2599 2960 2671 3014 ad
2720 2963 2953 3030 tempus
3002 2958 3374 3014 simulatione
3422 2961 3668 3013 utuntur
3710 2973 3722 3010 :

2083 3050 2238 3122 quod
2271 3051 2322 3105 si
2351 3049 2600 3104 illustris
2631 3065 2878 3120 persona
2906 3048 2995 3102 vel
3028 3065 3096 3103 ex
3144 3049 3373 3120 plateis,
3401 3046 3490 3102 vel
3521 3063 3588 3101 ex
3619 3046 3728 3101 ho-

2083 3139 2311 3194 minum
2345 3138 2556 3209 (turba)
2587 3137 2916 3206 accesserit,
2949 3140 3005 3192 et
3047 3135 3557 3192 Christianismum
3589 3152 3727 3207 pro—

2083 3228 2345 3295 ﬁteatur,
2402 3230 2645 3282 currunt
2701 3226 2759 3281 in
2819 3225 3170 3294 Ecclesiam,
3232 3233 3295 3281 ut
3358 3225 3585 3281 homini
3641 3220 3727 3280 illi

319 3312 610 3388 τρέχουσιν
670 3310 745 3374 είς
777 3313 877 3380 τὴν
913 3311 1257 3384 Ἐκκλησίαν,
1283 3310 1376 3367 ’ίνα
1422 3313 1693 3390 ἀνθρώπῳ
1753 3313 1963 3386 δείξωσι

2083 3316 2299 3372 vultum
2350 3315 2663 3372 ostendant
2711 3332 2908 3371 suum.
2942 3316 3252 3387 Egreditur
3305 3314 3555 3386 insignis
3607 3313 3727 3384 ille,

323 3401 388 3456 τὸ
445 3399 760 3476 πρόσωπον.
821 3399 1071 3470 Ἐξῆλθεν
1131 3401 1158 3454 ὁ
1219 3400 1510 3476 έπίσημος,
1567 3403 1884 3476 συνεξῆλθεν
1937 3405 1964 3460 ὀ

327 3489 648 3566 ὑποκριτὴς,
706 3487 794 3544 καὶ
854 3487 1045 3565 ἀπέχει
1105 3489 1196 3544 τὸν
1260 3491 1471 3562 μισθόν.
1533 3495 1611 3547 Δι’
1668 3493 1964 3570 ἀνθρώπων

324 3577 515 3647 ἦλθεν,
541 3575 811 3652 ἀνθρώπῳ
841 3573 1023 3654 ἤρεσε,
1055 3578 1199 3653 παρά
1256 3583 1390 3632 Θεοῦ
1448 3577 1599 3635 οὐδέν
1660 3578 1870 3637 ἔλαϐεν·
1905 3584 1968 3638 οὐ

325 3666 429 3741 γὰρ
461 3665 650 3737 ἐκείνῳ
681 3661 845 3736 ἔδειξε
870 3666 970 3735 τὴν
1032 3662 1292 3722 διάνοιαν.
1323 3672 1553 3724 Τοιαῦτα
1605 3677 1706 3740 τῆς
1741 3672 1971 3742 Ἐκκλη-

328 3754 444 3817 σίας
474 3754 543 3809 τὰ
573 3753 780 3823 ζιζάνια

395 3845 451 3899 5.
485 3841 634 3900 Ἀλλ’
667 3839 783 3918 ἔχει
831 3865 884 3898 τι
934 3842 1230 3917 θαυμάσιον
1266 3843 1294 3898 6
1325 3845 1564 3922 γεωργὸς
1611 3850 1708 3916 τῆς
1739 3848 1973 3920 Ε’κκλη-

330 3931 444 3994 σίας
503 3930 706 4006 Λόγος’
765 3931 854 3986 καὶ
910 3931 1011 4008 γὰρ
1073 3931 1279 4002 ζιζάνια
1335 3941 1622 4006 σιτοποιεῖ,
1678 3935 1764 3992 έάν
1821 3937 1970 4012 θέλῃ.

329 4019 551 4089 Ἐπειδή
585 4020 688 4096 γὰρ
719 4019 1171 4098 αὖτοπροαίρετος
1211 4025 1246 4092 ἡ
1306 4027 1412 4078 τῶν
1474 4024 1770 4102 ἀνθρώπων
1826 4027 1976 4097 κίνη-

328 4131 435 4177 σις,
487 4109 578 4164 καὶ
633 4106 972 4180 αὐτεξούσιος
1031 4112 1065 4180 ἡ
1126 4110 1347 4186 γνώμη,
1407 4113 1492 4167 ἐπὶ
1552 4114 1635 4168 σοὶ
1685 4120 1854 4170 κεῖται
1912 4117 1975 4170 τὸ

330 4203 575 4274 πρᾶγμα·
627 4197 672 4252 εἶ
731 4196 904 4283 θέλεις
966 4197 1191 4270 ζιζάνια,
1226 4200 1274 4255 εἷ
1303 4200 1518 4276 ἀλόγων
1581 4203 1734 4272 ζώων
1775 4208 1972 4283 τροφή.

331 4287 380 4343 εἰ
413 4286 613 4357 θέλεις,
649 4281 964 4361 μεταϐάλλῃ
991 4286 1080 4342 καὶ
1138 4288 1260 4363 γίνῃ
1310 4294 1480 4364 σῖτος,
1539 4291 1737 4346 Εἷκόνα
1797 4281 1975 4362 ζητεῖς

329 4380 437 4432 τῶν
472 4375 676 4453 λόγων,
713 4371 957 4448 λάμϐανε
987 4377 1092 4431 ἀπὸ
1124 4373 1356 4451 δένδρων
1417 4379 1479 4433 τὸ
1536 4379 1888 4452 ζητούμενον.
1915 4383 1977 4437 Ἡ

334 4464 669 4542 ἀγριέλαιος,
701 4465 1177 4538 έπικεντρισθεῖσα,
1208 4466 1561 4530 καλλιέλαιος
1622 4469 1848 4542 γίνεται,
1889 4469 1977 4524 καὶ

2078 3422 2199 3461 una
2228 3404 2344 3460 exit
2374 3404 2693 3476 hypocrita,
2728 3407 2960 3475 recepta
2991 3407 3256 3460 mercede
3289 3421 3434 3459 sua:
3470 3403 3730 3458 hominis

2078 3511 2255 3550 causa
2301 3493 2478 3561 venit,
2506 3492 2731 3548 homini
2780 3491 3016 3563 placuit,
3050 3511 3082 3548 a
3117 3495 3228 3550 Deo
3285 3492 3430 3546 nihil
3481 3491 3726 3564 accepit,

2080 3599 2454 3655 nequaquam
2485 3581 2640 3638 enim
2674 3586 2931 3638 mentem
2960 3599 3129 3638 suam
3162 3581 3248 3638 illi
3279 3580 3564 3637 exhibuit.
3589 3581 3730 3651 Eju-

2081 3674 2269 3731 smodi
2301 3678 2439 3730 sunt
2469 3671 2734 3728 Ecclesiae
2762 3672 3005 3728 zizania.

2151 3851 2204 3908 5.
2237 3851 2344 3908 Sed
2378 3849 2676 3922 quidpiam
2709 3850 2926 3905 mirum
2971 3847 3146 3902 habet
3180 3847 3425 3902 Verbum
3464 3846 3729 3903 Ecclesia:

2085 3938 2339 4010 agricola
2373 3957 2385 3997 :
2415 3954 2550 3993 nam
2581 3936 2823 4007 zizania,
2855 3936 3148 4007 siquidem
3177 3934 3274 3990 ille
3304 3934 3568 4005 voluerit,
3601 3935 3724 3990 fru-

2084 4033 2349 4084 mentum
2402 4028 2614 4081 ferunt.
2644 4030 2787 4080 Cum
2836 4025 2993 4080 enim
3040 4024 3320 4080 electione
3363 4024 3597 4094 propria
3628 4025 3732 4079 ﬁat

2085 4118 2394 4172 hominum
2426 4119 2644 4179 motus,
2667 4120 2722 4170 ct
2753 4115 2933 4169 libera
2964 4114 3041 4168 sit
3073 4113 3200 4184 ejus
3232 4113 3550 4179 sententia;
3583 4113 3643 4166 in
3673 4117 3732 4168 te

2085 4222 2177 4260 res
2210 4205 2322 4260 sita
2351 4207 2438 4259 est
2473 4221 2484 4258 :
2518 4204 2566 4258 si
2598 4204 2684 4258 vis
2723 4219 2850 4258 esse
2899 4201 3138 4272 zizania,
3168 4201 3472 4257 brutorum
3504 4201 3730 4256 anima-

2090 4294 2230 4349 lium
2267 4292 2548 4365 pabulum
2580 4309 2641 4348 es
2670 4310 2682 4347 :
2709 4292 2797 4348 sin
2826 4291 3078 4348 volueris
3111 4290 3348 4359 mutari,
3373 4290 3732 4346 frumentum

2090 4385 2212 4439 lies.
2237 4383 2295 4437 Si
2328 4399 2554 4453 quaeras
2587 4382 2832 4452 hujusce
2861 4382 2944 4437 rei
2968 4381 3319 4450 exemplum,
3343 4385 3400 4435 et
3426 4379 3735 4436 arboribus

2091 4472 2402 4544 quaesitum
2463 4471 2676 4542 accipe.
2719 4471 2980 4526 Oleaster
3028 4470 3242 4525 insitus
3290 4469 3542 4523 efficitur
3585 4469 3738 4524 bona

333 4549 581 4626 ἄμπελος
634 4551 817 4640 ἀγρία,
863 4551 1224 4628 ἡμερωτάτης
1284 4554 1534 4628 ἀμπέλου
1591 4555 1784 4630 κλῆμα
1838 4555 1969 4628 δεξα·

2089 4559 2260 4627 oliva,
2292 4565 2349 4615 et
2378 4559 2512 4614 vitis
2562 4559 2867 4626 silvestris,
2903 4557 3096 4614 sativa:
3147 4557 3282 4612 vitis
3333 4561 3566 4628 accepto
3612 4555 3735 4628 pal-

337 4641 498 4717 μένη,
531 4638 939 4707 ὶπιλανθάνεται
975 4641 1068 4716 μὲν
1101 4646 1208 4697 τῶν
1249 4649 1348 4713 τῆς
1383 4643 1535 4721 ῥίζης
1570 4645 1977 4720 παλαιοτήτων,

335 4724 704 4804 ἀναλαμϐάνει
764 4727 822 4786 δὲ
861 4731 960 4799 τὴν
1018 4731 1311 4804 καινότητα
1365 4737 1471 4788 τῶν
1531 4733 1980 4792 παλαιῶν⁹Ἑπι-

337 4819 507 4885 λάθου
536 4819 625 4875 καὶ
654 4819 717 4876 σὺ
747 4823 854 4875 τῶν
886 4802 1142 4894 πρώτως,
1172 4821 1260 4876 καὶ
1301 4819 1535 4879 ἀνάλαϐε
1589 4826 1656 4879 τὰ
1688 4823 1976 4900 λεγόμενα·

338 4909 430 4964 καὶ
458 4913 555 4962 τοῦ
589 4908 824 4978 ζιζανίου
887 4907 1075 4984 πάρες,
1104 4910 1167 4965 τὸ
1227 4907 1284 4965 δὲ
1338 4910 1557 4976 σιτῶδες
1617 4908 1982 4971 ἀνάλαϐε,⁹ίνα

341 4994 578 5067 δυνηθῆς
612 4995 700 5050 καὶ
749 4995 909 5060 αὐτὸς
958 4995 1084 5052 εἷ’σω
1116 4996 1326 5062 ἅλωνος
1389 4999 1843 5073 ἒκκλησιαστικῆς
1900 5024 1983 5080 γε-

345 5083 526 5149 νέσθαι
557 5090 782 5154 νοητῆς.

410 5177 467 5230 6.
498 5177 673 5228 Ταῦτα
704 5169 761 5226 δὲ
789 5173 961 5227 πάντα
991 5173 1117 5247 ὑμῖν
1178 5175 1386 5252 εἶ’ρηται
1446 5176 1534 5233 διὰ
1586 5179 1650 5234 τὸ
1707 5179 1986 5254 εὐαγγελι-

342 5263 437 5319 κόν
498 5263 848 5338 ἀνάγνωσμα,
877 5261 940 5316 τὸ
996 5263 1117 5335 περὶ
1178 5266 1392 5343 σπόρων
1451 5265 1863 5343 διαλεγόμενον,
1901 5266 1989 5322 διὰ

343 5351 437 5406 τὸν
468 5349 897 5426 κατασπείραντα
921 5350 972 5405 ἐν
1003 5356 1121 5414 ταῖς
1154 5356 1377 5430 ψυχαῖς,
1409 5360 1514 5412 τῶν
1548 5360 1740 5432 ψυχῶν
1778 5356 1988 5433 λυτρω-

347 5441 448 5512 τὴν
477 5442 713 5514 Ἰησοῦν,
745 5440 836 5497 τὸν
897 5437 1351 5518 διαπορευόμενον
1410 5443 1500 5503 διὰ
1539 5451 1646 5503 τῶν
1685 5445 1988 5522 σπορίμων.

422 5657 470 5698 ιθ
497 5656 523 5719 ι
549 5653 680 5719 σοι’.
708 5669 775 5729 ιι,
803 5654 862 5715 ι.

2091 4648 2252 4715 mite,
2286 4647 2644 4704 obliviscitur
2691 4651 2929 4703 vetustae
2979 4647 3194 4702 radicis
3243 4663 3383 4715 suae,
3415 4643 3740 4716 accipitque

2092 4739 2405 4794 novitatem
2461 4737 2728 4792 recentis.
2760 4736 3108 4792 Obliviscere
3156 4739 3209 4790 et
3258 4741 3319 4789 tu
3367 4733 3652 4807 priorum,
3682 4736 3742 4789 et

2091 4825 2286 4898 accipe
2317 4826 2472 4896 quod
2503 4825 2747 4890 dicitur;
2795 4825 3147 4894 omissisque
3183 4823 3443 4886 zizaniis,
3477 4823 3741 4877 frumen-

2092 4919 2219 4970 tum
2256 4915 2449 4986 accipe
2483 4919 2547 4969 ut
2579 4930 2834 4969 mereare
2867 4914 3020 4968 intra
3052 4928 3244 4968 aream
3282 4911 3740 4967 ecclesiasticam

2093 5003 2576 5075 spiritualemque
2609 5001 2805 5074 recipi.

2165 5181 2220 5235 6.
2244 5180 2374 5236 Haec
2406 5196 2574 5252 porro
2625 5179 2822 5234 omnia
2852 5179 3008 5234 dicta
3037 5178 3200 5234 vobis
3250 5182 3408 5248 sunt,
3440 5176 3746 5234 occasione

2099 5269 2369 5326 lectionis
2391 5269 2878 5341 evangelicae,qua
2899 5269 2966 5324 de
2990 5268 3134 5324 satis
3158 5267 3372 5341 agitur,
3393 5267 3465 5322 ob
3486 5283 3617 5322 eum
3645 5266 3747 5340 qui

2101 5359 2160 5415 in
2178 5358 2488 5415 animabus
2508 5358 3295 5431 seminavit,Redemptorem
3313 5356 3645 5414 animarum
3662 5358 3751 5412 Je-

2105 5465 2259 5519 sum,
2281 5452 2685 5505 transeuntem
2714 5465 2817 5522 per
2845 5455 2990 5505 sata.
3015 5448 3118 5503 llle
3150 5453 3341 5503 autem
3367 5448 3438 5502 de
3461 5443 3752 5502 industria
