2050 3112
184 178 241 212 151

776 180 808 211 S.
832 178 1097 211 ATHANASIUS.
1108 195 1146 200 —
1161 176 1296 209 DUBIA.

1829 180 1891 211 152

184 248 315 276 Sabbato
330 247 538 283 pertransibat,
550 246 710 283 discipulos
726 255 777 283 per
800 249 865 275 sata
879 247 1007 274 ducens:
1024 270 1028 279 Α

1077 246 1092 270 D
1109 244 1156 280 μὶν
1172 242 1217 271 οὖν
1234 242 1406 282 διεπορεύετο
1430 243 1556 280 ἐπίτηδες
1579 244 1606 272 ἐν
1631 242 1774 281 Σαϐϐάτῳ,
1790 243 1890 284 διάγων

186 292 238 329 qui
254 291 393 328 discipuli
407 291 437 319 in
453 292 653 327 prastereundo
668 291 764 327 spicas
778 291 932 326 vellebant,
949 298 1010 318 ma-

188 338 337 373 nibusque
360 336 565 371 confricantes,
581 336 782 370 comedebant,
799 344 902 363 novam
922 335 1012 371 spicis

190 390 300 416 aream,
314 389 420 408 manus
436 380 549 408 scilicet
563 389 644 413 suas,
655 380 825 408 efﬁcientes.
837 379 930 407 Judzei
945 386 1012 406 vero

191 425 353 461 discipulos
367 425 556 460 increpabant
565 424 641 460 quod
658 424 797 452 alimenta
805 423 1014 452 sumerentzad-

191 478 293 498 versus
310 469 483 505 Magistrum
500 469 730 505 indignabantur
746 478 752 496 :
767 479 780 494 ‹‹
796 469 868 496 Vide
883 468 953 504 quid
972 468 1012 496 ta-

191 515 269 543 ciant
284 513 421 550 discipuli
434 513 477 541 tui
488 513 549 541 9°?»
564 514 633 542 Sese
648 513 848 542 abalienantes
859 522 875 541 a
886 512 1013 548 justitia,

192 567 379 594 nequaquam
399 558 534 586 dicebant
551 567 557 586 :
572 558 646 586 Socii
671 560 838 586 nostrorum
855 556 1014 593 discipulo-

191 612 275 637 rum;
299 611 363 630 sese
389 603 496 639 quippe
520 612 537 630 a
560 603 728 639 magisterio
752 602 936 638 expulerant;
953 601 1015 637 sed,

192 660 206 673 ι(
223 648 296 676 Vide
311 647 381 683 quid
398 647 506 675 faciant
520 647 656 683 discipuli
672 647 715 675 tui
730 656 736 675 :
750 658 764 672 »
781 655 826 675 res
842 647 1016 683 conspicuas

193 692 396 721 ostendebant.
409 692 566 728 Spectatori
582 692 714 719 cordium
730 700 776 720 res
786 700 848 727 quae
864 692 919 720 sub
935 699 1016 727 aspe-

193 740 274 765 ctum
289 737 398 764 eadunt
419 736 681 764 commonstratis?
704 736 1017 772 Nonnefexperimento

193 781 368 817 plerumque
392 780 548 816 didicistis,
560 789 627 808 eum
644 780 731 816 ipsas
756 781 888 808 cor-dium
908 780 1017 816 cogita-

193 826 288 854 tiones
311 827 479 861 perspectas
504 824 631 852 habere?
645 825 748 853 Annon
764 824 814 853 ille
828 827 874 852 est
887 825 937 860 qui
954 824 995 852 ait
1009 832 1016 851 ε

196 882 206 895 α
225 870 299 903 Quid
317 868 449 905 cogitatis
471 868 594 905 mala_in
610 869 747 897 cordibus
756 869 862 897 vestris
873 869 918 897 2l?
934 880 947 894 α
964 868 1018 902 Qui

1064 288 1127 320 τοὺς
1146 289 1268 326 μαθητὰς
1284 288 1329 316 διὰ.
1342 291 1394 317 τῶν
1412 289 1553 327 σπορίμων
1569 289 1613 317 καὶ
1629 290 1656 318 οἱ
1673 291 1792 327 μαθηταὶ
1818 290 1892 330 διερ-

1066 333 1193 371 χόμενοι,
1210 333 1317 361 ἔτιλλον
1335 335 1463 372 στάχυας,
1480 335 1525 362 καὶ
1541 335 1683 373 ψώχοντες
1713 338 1772 366 ταῖς
1795 336 1890 374 χερσὶν

1066 377 1153 405 αὐτῶν
1184 377 1290 414 ἤσθιον,
1315 378 1471 416 καινοτέραν
1495 378 1588 406 ἅλωνα
1619 382 1677 410 τοῖς
1706 380 1820 417 οτάχυσι
1842 380 1893 412 τὰς

1067 425 1161 461 χεῖρας
1192 422 1380 460 ἐργαζόμενοι.
1406 423 1438 450 Ol.
1464 421 1493 450 δὲ
1518 422 1643 451 Ἰουδαῖοι
1673 423 1809 460 ἐπετίμων
1832 428 1893 456 τοῖς

1070 467 1203 503 μαθηταῖς
1218 468 1408 506 τρεφομένοις,
1424 467 1468 495 καὶ
1482 467 1551 506 πρὸς
1569 468 1615 495 τὸν
1637 466 1798 496 διδάσκαλον
1824 470 1894 506 ἆγα-

1067 513 1220 539 νακτοῦσιν’
1237 524 1251 537 (ι
1268 510 1334 548 Ἴδε⁹
1350 512 1375 539 τί
1389 514 1499 539 ποιοῦσι
1524 512 1550 539 οἱ
1577 513 1694 549 μαθηταί
1708 523 1772 547 σου;
1791 525 1802 539 ι
1819 514 1896 541 Ἑαυ-

1068 555 1133 586 τοὺς
1158 555 1431 593 ἀπαλλοτριώσαντες
1455 560 1504 591 τῆς
1528 555 1710 593 δικαιοσύνης,
1727 557 1778 584 οὐκ
1806 558 1894 594 εἶπαν,

1069 600 1102 627 0i
1130 601 1257 627 κοινωνοῖ
1285 602 1340 628 τῶν
1369 601 1497 637 μαθητῶν
1524 602 1614 637 ἡμῶν·
1632 600 1742 633 ἑαυτοὺς
1769 602 1819 641 γὰρ
1843 606 1895 637 τῆς

1072 645 1214 681 μαθήσεως
1231 644 1370 683 ἐξώρισαν
1387 644 1461 681 ἀλλ’,
1480 658 1491 671 ι
1509 645 1610 680 ’Ἰδε,τί
1625 648 1751 673 ποιοῦσιν
1767 647 1793 674 οἱ
1810 653 1897 683 μαθη-

1069 688 1113 716 ταί
1129 700 1187 717 σου.
1206 701 1216 714 ι
1240 689 1394 717 Δεικνύουσι
1416 689 1450 717 τὰ
1473 689 1632 729 φαινόμενα.
1647 690 1691 727 Τῷ
1713 692 1820 728 γνώστῃ
1842 694 1898 719 τῶν

1070 732 1188 771 καρδιῶν
1206 732 1339 761 δεικνύιτε
1358 734 1392 761 τὰ
1416 734 1561 772 ὁρώμενα;
1578 734 1633 761 Οὐκ
1656 732 1768 763 ἐλάϐετε
1789 735 1896 763 πολλά-

1071 788 1113 809 κις
1136 778 1186 812 τήν
1212 781 1318 817 πεῖραν,
1334 778 1375 806 δτι
1401 777 1457 806 οἶδε
1481 778 1526 806 καί
1551 781 1604 806 τῶν
1626 778 1745 818 καρδιῶν
1760 779 1807 812 τὰς
1822 780 1898 818 γνώ-

1073 822 1198 858 σεις;ού
1228 823 1328 860 λέγων·
1346 835 1359 849 α
1387 822 1417 850 Τί
1446 822 1633 862 διαλογίζεσθε
1661 824 1686 852 ἐν
1714 825 1817 856 ἑαυτοῖς
1844 836 1897 853 πο-

1072 867 1160 905 νηρά;
1177 880 1191 894 »
1217 867 1231 895 ὁ
1255 866 1454 905 διαλογισμοὺς
1478 867 1569 904 εῗδὼς,
1595 868 1739 907 ἀσταχύων
1759 869 1898 907 ψωχμοὺς

193 914 386 950 cogitationes
402 913 492 948 novit,
506 922 542 942 an
559 914 707 949 spicarum
723 913 945 942 confricatioues
960 922 1018 942 non
1032 932 1057 965 B
1074 911 1123 940 οὐκ
1138 911 1213 947 οἶδε;
1228 912 1240 924 ‘
1255 914 1266 924 '
1282 914 1292 925 '

194 958 309 987 noverit
319 958 374 986 ΞΜ

230 1004 259 1031 7.
277 1003 332 1039 (30)
347 1002 445 1031 Novus
467 1005 612 1037 mortuus,
627 1002 705 1030 inter
729 1004 861 1031 mortuos
875 1002 958 1031 liber.
975 1003 1019 1031 Si-

197 1047 317 1084 quidem
333 1047 429 1075 cicteri
443 1047 552 1075 mortui
562 1047 646 1082 quasi
657 1046 782 1075 vinculis
796 1047 957 1080 constricti,
969 1055 1020 1084 per

196 1094 354 1128 angustam
370 1091 591 1119 abducebantur
608 1091 700 1125 viam;
719 1092 805 1120 Jesus
821 1100 887 1119 vero
902 1094 1021 1128 propter

195 1144 250 1165 nos
266 1138 400 1164 mortuus
415 1137 507 1168 est,et
521 1135 672 1164 descendit
681 1136 716 1163 ad
728 1136 841 1164 inferna
854 1136 930 1164 inter
944 1144 1020 1164 mor-

194 1183 262 1209 tuos
276 1189 283 1209 :
295 1182 385 1216 atque
400 1180 476 1207 inter
490 1182 622 1207 mortuos
634 1187 700 1207 cum
715 1180 850 1213 venisset,
862 1189 920 1208 non
931 1180 1018 1208 modo

195 1225 280 1258 liber,
296 1225 348 1253 sed
365 1226 547 1252 mortuorum
570 1223 707 1252 liberator
722 1227 793 1253 erat.
809 1225 845 1252 Et
860 1226 891 1252 ut
905 1224 1019 1253 ediscas

193 1269 293 1306 ipsum
319 1271 501 1297 mortuorum
526 1268 618 1296 fuisse
646 1268 842 1303 liberatorem,
867 1268 935 1296 audi
960 1268 1020 1296 haec

194 1313 420 1351 Evangeliorum
441 1313 529 1341 verba
546 1321 552 1340 :
566 1324 580 1338 ‹‹
597 1313 631 1340 Et
645 1313 738 1341 multa
758 1322 879 1349 corpora
903 1315 1020 1342 sancto-

196 1367 262 1387 rum
279 1358 330 1394 qui
354 1358 573 1386 obdormierant
592 1365 774 1386 resurrexere
785 1358 816 1384 ’³.
831 1369 841 1382 ι
861 1358 890 1385 in
916 1366 1020 1385 monu-

197 1405 295 1432 mento
314 1403 429 1439 positus
453 1404 507 1436 est,
524 1404 552 1430 et
582 1402 676 1430 multa
704 1405 894 1431 monumenta
922 1405 1022 1439 aperta

197 1448 287 1477 fuere.
312 1448 382 1475 Erat
405 1447 505 1483 itaque
528 1447 554 1475 is
580 1447 658 1474 inter
681 1449 813 1475 mortuos
838 1446 921 1482 liber,
933 1455 1021 1483 quem

198 1493 260 1520 noti
283 1492 485 1528 reliquerant:
503 1491 543 1519 ait
567 1499 695 1527 namque
719 1491 918 1528 Evangelium,
935 1492 1023 1520 disci-

198 1536 284 1573 pulos
298 1544 412 1571 omnes,
428 1536 528 1564 relicto
543 1544 587 1572 eo,
603 1536 753 1573 aufugisse
763 1537 796 1565 ³³.
810 1537 938 1573 Fugiunt
953 1537 1023 1565 dum

200 1581 330 1609 viveret:
351 1582 381 1608 et
403 1589 436 1608 eo
458 1580 606 1614 crucifixo,
631 1589 683 1616 pro
707 1581 770 1617 ipso
796 1584 919 1610 mortem
945 1582 1024 1609 subi-

200 1626 288 1661 bant;
304 1634 337 1653 eo
353 1625 431 1661 quod
457 1624 530 1652 nihil
547 1625 577 1652 in
593 1612 678 1653 cruce
702 1612 886 1660 remanserit,
901 1628 930 1654 et
960 1628 1026 1662 post
1040 1612 1061 1646 α

200 1677 328 1704 crucem,
344 1669 434 1697 vitam
452 1670 661 1704 resumpserit;
678 1669 727 1697 sed
744 1678 780 1697 ne
802 1670 875 1697 mihi
892 1670 1025 1698 attendas

202 1714 268 1747 soli,
280 1714 331 1742 sed
347 1713 459 1750 psalmo
470 1713 593 1749 jamjam
611 1722 627 1741 a
642 1722 689 1741 me
703 1713 787 1742 lecto.
800 1714 941 1742 Ausculta
956 1714 1025 1742 dum

202 1759 310 1796 legam,
323 1761 353 1786 tu
370 1758 435 1787 vide
451 1766 484 1786 ex
500 1758 749 1794 consequentibus
763 1758 1024 1787 resurrectionem:

203 1816 218 1830 ‹‹
234 1804 340 1831 Factus
367 1811 433 1830 sum
462 1802 541 1830 sicut
567 1802 653 1830 homo
681 1802 744 1830 sine
772 1803 927 1838 adiutorio,
954 1803 1028 1830 inter

203 1850 337 1877 mortuos
352 1847 435 1875 liber.
453 1847 617 1875 Posueruut
632 1854 679 1874 me
694 1847 723 1874 in
738 1846 802 1874 lacu
822 1847 950 1875 inferiori
962 1848 994 1881 ³⁸,
1012 1858 1027 1872 ››

204 1893 246 1921 uti
269 1901 358 1929 supra
373 1891 512 1920 diximus.
528 1892 562 1919 Et
578 1893 646 1927 post
670 1891 730 1920 haec
747 1899 753 1919 :
767 1902 781 1916 ‹‹
798 1891 858 1928 Ego
873 1900 939 1920 vero
963 1901 1027 1920 ora-

203 1939 281 1966 tione
303 1945 369 1965 mea
391 1938 427 1964 ad
452 1938 490 1971 te,
507 1935 628 1963 Domine
639 1936 669 1963 2⁵.
688 1936 722 1963 Et
746 1936 796 1964 49
823 1944 909 1964 mane
936 1937 1028 1965 oratio

203 1990 269 2010 mea
294 1981 452 2017 praeveniat
462 1981 518 2008 ²⁶.ι
538 1980 707 2008 Mortuusne
729 1983 793 2008 orat
817 1988 823 2008 :
851 1980 877 2008 si
901 1989 959 2008 non
984 1989 1027 2008 re-

204 2025 373 2058 surrexerit,
390 2026 523 2061 inquam,
539 2024 622 2052 orat?
643 2025 793 2059 Siquidem
811 2026 967 2061 postquam
983 2033 1029 2053 se-

205 2071 355 2107 pulturam
371 2072 399 2097 et
413 2068 655 2097 resurrectionem
680 2071 856 2104 enarrasset,
872 2071 943 2097 tunc
967 2078 1028 2098 me-

205 2114 330 2142 moravit
344 2113 505 2142 orationem
521 2122 610 2149 quam
626 2113 662 2141 ad
678 2113 791 2141 Patrem
807 2113 919 2141 habuit.

240 2170 266 2197 8.
278 2168 337 2196 Nos
348 2167 438 2204 igitur
455 2166 637 2195 Dominicam
653 2167 835 2195 celebramus
850 2169 968 2203 propter
982 2175 1029 2195 re-

205 2212 414 2241 surrectionem
435 2211 549 2239 :Jurizai
574 2210 661 2239 etiam
686 2219 765 2238 nunc
783 2211 910 2239 Sabbato
932 2211 1030 2239 adhae-

206 2262 278 2291 ronl,
302 2260 456 2292 postquam
484 2256 573 2283 Isaias
596 2255 669 2283 dixit
685 2264 718 2283 :u
736 2255 771 2282 Et
794 2255 921 2283 Sabbata
936 2257 1030 2284 vestra

1106 1003 1134 1030 7.
1151 999 1311 1039 Καινὸτερος
1326 1002 1419 1038 νεκρὸς
1445 1000 1588 1040 ἐλεύθερος
1610 1002 1636 1029 ἐν
1660 1005 1776 1041 νεκροῖς.
1792 1003 1825 1032 Oi
1852 1004 1901 1040 μὶν

1073 1044 1156 1074 ἄλλοι
1170 1046 1271 1084 νεκροὶ,
1286 1044 1398 1082 δεσμοῖς
1413 1046 1504 1084 ὥσπερ
1525 1044 1770 1085 περιϐαλλόμενοι,
1791 1048 1817 1075 ὲν
1844 1048 1900 1085 εἱρ-

1073 1092 1124 1127 κτῇ
1138 1092 1172 1127 τῇ
1188 1089 1243 1127 ὁδῷ
1259 1090 1409 1128 ἀπήγοντο·
1424 1091 1530 1127 Ἰησοῦς
1546 1089 1575 1119 δὶ
1589 1090 1686 1129 γέγονε
1701 1090 1736 1119 δι’
1759 1093 1833 1128 ἡμᾶς
1855 1102 1901 1120 νι-

1073 1135 1149 1172 κρὸς,
1164 1134 1209 1162 καὶ
1234 1134 1368 1170 κατῆλθεν
1396 1135 1435 1166 εἷς
1462 1136 1496 1163 τὰ
1523 1135 1691 1174 καταχθόνια
1721 1136 1819 1173 μεταξὺ
1844 1139 1902 1164 τῶν

1073 1181 1185 1216 νεκρῶν·
1201 1179 1246 1207 καὶ
1261 1179 1287 1207 ἐν
1304 1181 1410 1218 νεκροῖς
1428 1180 1475 1217 μὶν
1498 1179 1583 1208 ἐλθὼν
1599 1180 1630 1208 οὖ
1648 1178 1731 1217 μὸνον
1759 1180 1902 1219 ξλιύθερος

1073 1225 1118 1258 ἦν,
1145 1223 1217 1251 ἀλλά
1241 1223 1286 1251 καὶ
1314 1226 1415 1262 νεκρῶν
1443 1224 1640 1263 ἐλευθερωτής.
1658 1224 1707 1253 Καὶ
1731 1224 1775 1253 ἵνα
1806 1225 1902 1263 μάθῃς,

1075 1267 1115 1295 δτι
1144 1269 1189 1295 καὶ
1216 1270 1318 1307 νεκρῶν
1359 1268 1544 1306 ἐλευθερωτὴς
1583 1270 1702 1307 γέγονεν,
1731 1270 1812 1297 ἄκουε
1846 1272 1904 1297 τῶν

1076 1312 1251 1350 Εὖαγγελίων
1274 1311 1420 1351 λεγόντων·
1439 1325 1452 1339 ιι
1469 1312 1518 1340 Καὶ
1533 1312 1626 1341 πολλὰ
1650 1314 1763 1350 σώματα
1785 1316 1840 1342 τῶν
1854 1325 1905 1342 κε-

1076 1357 1254 1394 κοιμημένων
1275 1356 1359 1395 ἁγίων
1384 1357 1537 1393 ἀνέστησεν.
1557 1369 1571 1383 ››
1592 1358 1635 1385 Ἐν
1662 1359 1785 1395 μνήματι
1812 1358 1903 1395 ἐτάθη,

1077 1401 1121 1429 καὶ
1137 1401 1229 1429 πολλὰ
1246 1402 1375 1439 μνήματα
1389 1402 1574 1440 ἀνεῴχθησαν.
1589 1403 1639 1431 Ἦν
1653 1402 1741 1430 τοίνυν
1767 1404 1782 1431 ὁ
1811 1403 1836 1431 ἒν
1859 1414 1902 1431 νι-

1076 1448 1153 1484 κροῖς
1170 1445 1322 1483 ἐλεύθερος,
1339 1447 1368 1474 ὃν
1384 1445 1529 1474 κατέλιπον
1546 1446 1590 1474 καὶ
1605 1447 1752 1485 γνώριμοι.
1769 1448 1849 1485 Λέγει
1875 1446 1905 1476 δὲ

1076 1491 1107 1519 τὸ
1120 1489 1297 1529 Εὑαγγὲλιον,
1314 1490 1354 1518 ὅτι
1371 1490 1468 1522 πάντες
1484 1491 1509 1518 οἱ
1528 1491 1656 1527 μαθηταὶ,
1674 1491 1784 1530 ἀφέντες
1810 1492 1902 1528 αὐτὸν,

1079 1535 1186 1575 ἔφυγον.
1215 1536 1274 1563 "Eu
1315 1537 1399 1570 ζῶντα
1442 1535 1580 1574 φεύγουσι,
1605 1535 1650 1563 καὶ
1693 1537 1903 1575 παυρωθὲπος,

1081 1581 1376 1618 ὑπεραποονήσκουσιν·
1392 1578 1485 1614 ἐπειδὴ
1512 1578 1541 1607 δὲ
1566 1579 1651 1617 μηδὲν
1680 1579 1850 1617 ἐναπὲμεινεν
1877 1580 1903 1609 ἂν

1079 1627 1119 1660 τῷ
1134 1626 1252 1661 σταυρῷ,
1268 1622 1341 1651 ἀλλὰ
1357 1623 1424 1661 μετὰ
1438 1624 1483 1651 τὸν
1513 1624 1626 1662 σταυρὸν
1655 1625 1705 1659 τὴν
1737 1625 1808 1660 ζωὴν
1838 1625 1904 1653 ἀπὲ-

1080 1666 1157 1697 λαϐι.
1174 1668 1225 1697 Καὶ
1243 1669 1281 1705 μή
1297 1668 1358 1704 ἐμοὶ
1376 1668 1458 1705 μόνον
1474 1668 1603 1706 πρόσεχι,
1619 1667 1693 1697 ἀλλᾶ
1706 1669 1747 1706 τῷ
1761 1669 1823 1706 ἐμοὶ
1851 1670 1904 1706 ἀρ-

1079 1712 1144 1744 τίως
1174 1713 1367 1751 ἆναγνωσθὲντι
1397 1711 1510 1749 ψαλμῷ.
1527 1713 1651 1751 Πρόσχες
1679 1713 1711 1741 τὸ
1740 1712 1903 1751 λεγόμενον·

1080 1757 1135 1795 ἐγὼ
1159 1756 1343 1795 ἀναγινώσκω,
1358 1756 1389 1784 σὺ
1421 1756 1506 1794 βλέπε
1528 1756 1559 1784 ὲκ
1584 1760 1635 1792 τῆς
1663 1756 1827 1790 ἀκολουθίας
1851 1758 1904 1792 τὴν

1081 1801 1230 1829 ἀνάστασιν.
1247 1812 1261 1826 ‹‹
1275 1801 1424 1837 Ἐγδνήθην
1440 1799 1504 1827 ὡσεὶ
1527 1799 1670 1837 ἅνθρωπος
1694 1798 1860 1838 ἀϐοήθητος,
1878 1801 1905 1829 ἐν

1080 1847 1187 1882 νεκροῖς
1212 1845 1363 1881 ἐλεύθερος.
1380 1844 1491 1872 ’Έθεντό
1508 1855 1541 1881 με
1556 1844 1581 1872 ἐν
1598 1843 1692 1882 λάκκῳ
1714 1846 1873 1882 κατωτάτω,
1891 1856 1906 1871 ι»

1081 1890 1170 1921 καθὼς
1197 1889 1355 1928 εἰρήκαμεν.
1386 1888 1437 1918 Καὶ
1469 1889 1536 1926 μετά
1562 1890 1655 1917 ταῦτα·
1672 1901 1687 1915 ‹‹
1712 1889 1784 1927 Ἐγὼ
1813 1888 1841 1917 δὲ
1868 1891 1905 1927 τῇ

1081 1936 1222 1973 προσευχῇ
1240 1945 1293 1971 μου
1308 1933 1377 1972 πρὸς
1405 1934 1445 1969 σὶ,
1461 1933 1552 1971 Κύριε,
1565 1933 1609 1961 καὶ
1636 1933 1676 1970 τῷ
1699 1934 1773 1972 πρωῒ
1787 1935 1805 1969 ἦ
1821 1944 1906 1972 προσ-

1082 1980 1151 2017 ιυχή
1185 1989 1237 2015 μου
1266 1977 1439 2016 προφθάσειε.
1456 1990 1470 2004 ›)
1486 1979 1516 2007 Ὁ
1540 1977 1634 2016 νεκρός
1663 1978 1854 2016 προσεύχεται·
1882 1979 1907 2006 εἰ

1085 2024 1122 2060 μή
1140 2022 1247 2058 ἀνέστη,
1267 2022 1469 2061 προσεύχεται;
1486 2022 1562 2051 Μετὰ
1588 2021 1639 2061 γὰρ
1665 2023 1696 2050 τὸ
1726 2017 1906 2061 διηγήσασθαι

1081 2068 1132 2102 τὴν
1161 2068 1248 2107 ταφήν
1274 2067 1318 2095 καὶ
1347 2068 1397 2102 τήν
1411 2066 1571 2104 νεκρότητα,
1587 2066 1649 2095 τότε
1678 2065 1827 2105 διηγήσατο
1855 2068 1906 2103 τὴν

1083 2113 1241 2150 προσευχὴν
1254 2112 1304 2147 τὴν
1321 2112 1388 2150 πρὸς
1405 2112 1449 2139 τόν
1466 2111 1573 2149 Πατέρα
1587 2112 1746 2150 γενομένην.

1118 2167 1145 2194 8.
1161 2166 1256 2202 Ἡμεῖς
1273 2166 1321 2202 μὲν
1337 2164 1383 2193 οὖν
1398 2167 1523 2202 τιμῶμεν
1545 2165 1595 2200 τὴν
1625 2165 1760 2202 Κυριακήν
1791 2164 1836 2193 διὰ
1857 2166 1908 2200 τὴν

1083 2210 1236 2238 ἀνάστασιν
1262 2209 1389 2238 Ἰουδαῖοι
1423 2209 1452 2238 δὲ
1480 2208 1520 2238 ἔτι
1543 2210 1588 2238 καὶ
1617 2212 1664 2238 νῦν
1689 2209 1827 2248 ἑξέχονται
1859 2212 1908 2239 τοῦ

1084 2252 1237 2291 Σαϐϐάτου,
1253 2255 1301 2283 καὶ
1317 2255 1384 2292 μετὰ
1397 2255 1428 2283 τὸ
1452 2254 1535 2283 εἴπεῖν
1562 2254 1608 2282 τὸν
1633 2253 1755 2282 Ἡσαΐαν*
1771 2266 1785 2281 ι(
1800 2255 1852 2284 Καὶ
1874 2254 1909 2282 τὰ

206 2303 267 2330 odit
283 2302 381 2329 anima
398 2310 461 2328 mea
472 2302 521 2327 πυ
532 2299 609 2327 Nihil
621 2299 693 2327 mihi
706 2308 863 2328 commune
874 2308 941 2328 cum
957 2300 1028 2328 Sab-

1084 2297 1212 2327 Σάϐϐατα
1236 2300 1312 2337 ὑμῶν
1328 2302 1402 2336 μισεῖ
1416 2300 1433 2334 ὴ
1449 2300 1526 2337 ψυχή
1553 2310 1615 2335 μου.
1633 2311 1648 2325 ››
1663 2297 1747 2328 Οὐδέν
1775 2309 1821 2336 μοι
1846 2310 1908 2327 κοι-

206 2348 284 2380 bato,
303 2346 379 2382 quod
406 2345 548 2372 Dominus
564 2344 635 2372 odit.
651 2344 714 2372 Non
729 2343 834 2380 loquor
858 2344 893 2371 de
915 2344 1029 2372 dierum

206 2391 336 2425 circulis,
353 2390 401 2417 sed
420 2391 453 2416 de
472 2389 641 2416 Judreorum
665 2397 732 2416 usu.
749 2388 817 2416 Dies
838 2388 917 2416 enim
935 2387 1030 2417 nullos

205 2438 356 2464 aversatur
372 2436 447 2462 Deus
467 2443 471 2460 :
490 2434 540 2461 sed
555 2441 604 2461 eos
621 2433 669 2469 qui
693 2433 722 2460 in
746 2432 819 2468 ipsis
834 2433 938 2461 diebus
955 2432 1029 2461 male

204 2484 304 2517 agunt.
318 2481 350 2507 Et
363 2481 424 2514 jam
437 2479 556 2513 quidem
576 2478 703 2506 Sabbato
718 2477 861 2505 iuberent
876 2487 882 2505 :
899 2480 1028 2513 tuncque

202 2526 342 2560 temporis
358 2525 443 2551 etiam
462 2523 640 2550 Sulvatorem
656 2522 858 2558 increpabant,
874 2522 1003 2550 dicentes
1020 2530 1026 2550 :

201 2570 299 2596 «Vide
317 2569 386 2603 quid
405 2568 511 2594 faciunt
527 2566 665 2602 discipuli
681 2567 735 2602 tui,
750 2567 827 2602 quod
845 2575 901 2594 non
918 2566 986 2595 licet
998 2566 1027 2594 in

198 2615 326 2642 Snbbato
347 2614 440 2640 facere
453 2613 483 2639 ³⁸,
497 2624 510 2636 ››
526 2612 600 2639 Tum
621 2610 752 2639 Salvator
766 2611 802 2639 ad
818 2610 885 2639 illos
903 2619 909 2638 :
926 2611 1028 2640 Nonne

1084 2344 1128 2371 νὸν
1144 2344 1212 2382 πρὸς
1235 2344 1266 2372 τὸ
1292 2341 1444 2378 Σάϐϐατον,
1460 2343 1475 2371 ὃ
1491 2344 1505 2371 ὁ
1520 2344 1585 2375 Θεὸς
1614 2343 1754 2380 ἐμίσησεν.
1769 2342 1806 2371 οὗ
1834 2342 1908 2381 λέγω

1083 2388 1146 2420 τοὺς
1178 2388 1295 2420 κύκλους
1322 2390 1376 2416 τῶν
1405 2389 1527 2426 ἡμερῶἧ
1553 2387 1626 2416 ἀλλὰ
1652 2388 1698 2416 τὸν
1727 2387 1906 2425 νομιζόμενοι

1084 2431 1264 2469 Ἰουδαϊσμόν.
1282 2432 1318 2460 Ού
1333 2432 1386 2471 γὰρ
1412 2432 1461 2464 τὰς
1489 2432 1595 2470 ἡμέρας
1625 2433 1700 2468 μισεῖ
1713 2431 1727 2458 ὁ
1743 2432 1817 2465 Θεὸς,
1835 2430 1908 2459 ἀλλὰ

1082 2477 1147 2508 τοὺς
1162 2480 1252 2509 κακῶς
1269 2477 1294 2505 ἐν
1324 2480 1383 2509 ταῖς
1413 2477 1529 2514 ἡμέραις
1558 2476 1766 2514 ὲργαζομὲνους.
1784 2475 1833 2503 Καὶ
1861 2477 1906 2515 νῦν

1085 2522 1132 2559 μὲν
1149 2522 1286 2560 ἐξέχονται
1301 2525 1350 2550 τοῦ
1379 2519 1531 2554 Σαϐϐάτου,
1547 2521 1592 2548 καὶ
1619 2521 1681 2548 τότε
1705 2519 1840 2556 ἄπετίμων
1866 2521 1908 2555 τῷ

1084 2569 1195 2604 Σωτῆρι
1209 2565 1346 2604 λέγοντες
1363 2578 1378 2591 ι(
1393 2564 1457 2602 Ἴδε,
1473 2565 1499 2592 τί
1514 2566 1637 2592 ποιοῦσιν
1654 2565 1680 2592 οἱ
1697 2563 1815 2601 μαθηταί
1844 2573 1906 2599 σου,

1083 2611 1097 2638 ὃ
1114 2611 1164 2638 οὐκ
1178 2609 1261 2646 ἔξεστι
1279 2613 1366 2639 ποιεῖν
1383 2610 1409 2638 ἐν
1425 2606 1570 2645 Σαϐϐάτῳ.
1584 2620 1598 2635 ››
1613 2609 1643 2638 Ὁ
1659 2609 1757 2647 Σωτήρ
1772 2608 1840 2645 πρὸς
1856 2606 1907 2635 αὗ-

232 2706 254 2721 ²ο
269 2704 372 2731 Matth.
399 2712 448 2736 x11,
473 2704 499 2730 2.
539 2702 560 2720 ²¹
579 2701 681 2729 Matth.
695 2709 734 2737 ix,
750 2701 777 2729 4.
816 2701 840 2719 ²¹
854 2701 957 2730 Matth.
983 2709 1028 2730 XXV

1093 2702 1139 2729 72.
1179 2701 1201 2719 ⁵⁸
1216 2701 1423 2737 Matth.|xxv1,
1447 2700 1494 2730 56.
1532 2700 1556 2718 ²⁴
1572 2699 1647 2729 Psal.
1673 2704 1796 2731 auxilii,
1821 2697 1851 2731 6,
1874 2697 1904 2730 Ἰ.

195 2741 217 2758 ²⁵
234 2740 310 2768 Psal.
328 2748 423 2772 vam,
441 2740 484 2766 14,

522 2738 544 2756 ’⁸
559 2737 635 2767 Psal.
653 2745 778 2772 Lxxxvn,
796 2737 839 2765 14.
880 2737 902 2755 ²¹¹
917 2740 974 2765 lsa.
991 2746 1011 2772 1,
1030 2737 1072 2766 13.
1112 2737 1134 2755 ’⁸
1150 2737 1253 2765 Matth.
1269 2744 1320 2770 xu,
1334 2737 1361 2765 2.

240 2822 289 2856 Vi“
304 2843 353 2872 Hic
371 2845 467 2871 textus
482 2841 590 2877 deﬁcit,
606 2842 644 2878 et,
660 2842 693 2870 ut
708 2840 833 2877 videtur,
850 2839 910 2871 haec
923 2840 1041 2871 aliunde
1056 2842 1156 2871 assuta
1171 2841 1250 2870 sunt.

348 2979 441 3103 ἱ
465 3096 469 3097 ,
