  <div class='ocr_page' id='page_1' title='image "/cluster/home/n/w/nwhite01/storage/ocr_20150623/28/hvd.32044052794351/083.png"; bbox 0 0 4100 6224; ppageno 0'>
   <div class='ocr_carea' id='block_1_1' title="bbox 301 230 1997 296">
    <p class='ocr_par' dir='ltr' id='par_1_1' title="bbox 301 230 1997 295">
     <span class='ocr_line' id='line_1_1' title="bbox 301 230 1997 295; baseline -0.001 0"><span class='ocrx_word' id='word_1_1' title='bbox 301 234 413 295; x_wconf 76' lang='grc'>155</span> <span class='ocrx_word' id='word_1_2' title='bbox 1500 230 1566 292; x_wconf 89' lang='lat' dir='ltr'>S.</span> <span class='ocrx_word' id='word_1_3' title='bbox 1608 230 1997 294; x_wconf 83' lang='lat' dir='ltr'>ATHANAS]</span> 
     </span>
    </p>
   </div>
   <div class='ocr_carea' id='block_1_2' title="bbox 2109 230 3726 296">
    <p class='ocr_par' dir='ltr' id='par_1_2' title="bbox 2115 232 3726 296">
     <span class='ocr_line' id='line_1_2' title="bbox 2115 232 3726 296; baseline 0.001 -7"><span class='ocrx_word' id='word_1_4' title='bbox 2115 280 2124 289; x_wconf 91' lang='lat'>.</span> <span class='ocrx_word' id='word_1_5' title='bbox 2159 264 2239 279; x_wconf 94' lang='lat'><strong><em>—</em></strong></span> <span class='ocrx_word' id='word_1_6' title='bbox 2273 233 2535 296; x_wconf 77' lang='lat' dir='ltr'>DUBIA.</span> <span class='ocrx_word' id='word_1_7' title='bbox 3607 232 3726 291; x_wconf 78' lang='grc'><strong>156</strong></span> 
     </span>
    </p>
   </div>
   <div class='ocr_carea' id='block_1_3' title="bbox 302 360 1997 441">
    <p class='ocr_par' dir='ltr' id='par_1_3' title="bbox 302 362 1997 437">
     <span class='ocr_line' id='line_1_3' title="bbox 302 362 1997 437; baseline -0.002 -16"><span class='ocrx_word' id='word_1_8' title='bbox 302 366 425 421; x_wconf 91' lang='lat' dir='ltr'>des.</span> <span class='ocrx_word' id='word_1_9' title='bbox 461 364 575 420; x_wconf 88' lang='lat' dir='ltr'>Sed</span> <span class='ocrx_word' id='word_1_10' title='bbox 618 378 807 432; x_wconf 88' lang='lat' dir='ltr'>neque</span> <span class='ocrx_word' id='word_1_11' title='bbox 857 362 997 418; x_wconf 91' lang='lat' dir='ltr'>Saul</span> <span class='ocrx_word' id='word_1_12' title='bbox 1049 377 1430 437; x_wconf 81' lang='lat' dir='ltr'>persequens,</span> <span class='ocrx_word' id='word_1_13' title='bbox 1465 363 1670 419; x_wconf 84' lang='lat' dir='ltr'>Davidi</span> <span class='ocrx_word' id='word_1_14' title='bbox 1718 364 1997 434; x_wconf 58' lang='lat' dir='ltr'>nocuit;,</span> 
     </span>
    </p>
   </div>
   <div class='ocr_carea' id='block_1_4' title="bbox 2109 360 3725 441">
    <p class='ocr_par' dir='ltr' id='par_1_4' title="bbox 2109 360 3725 441">
     <span class='ocr_line' id='line_1_4' title="bbox 2109 360 3725 441; baseline -0.002 -22"><span class='ocrx_word' id='word_1_15' title='bbox 2109 366 2300 439; x_wconf 71' lang='grc' dir='ltr'>ζριστὸν</span> <span class='ocrx_word' id='word_1_16' title='bbox 2332 364 2603 441; x_wconf 85' lang='grc' dir='ltr'>Ἡρώδης.</span> <span class='ocrx_word' id='word_1_17' title='bbox 2637 364 2788 425; x_wconf 84' lang='grc' dir='ltr'>’Δλλ’</span> <span class='ocrx_word' id='word_1_18' title='bbox 2816 363 2939 421; x_wconf 76' lang='grc' dir='ltr'>οὔτε</span> <span class='ocrx_word' id='word_1_19' title='bbox 2970 366 2998 420; x_wconf 89' lang='lat'>6</span> <span class='ocrx_word' id='word_1_20' title='bbox 3032 363 3213 421; x_wconf 80' lang='grc' dir='ltr'>Σαοὺλ</span> <span class='ocrx_word' id='word_1_21' title='bbox 3246 361 3459 418; x_wconf 90' lang='grc' dir='ltr'>διώκων</span> <span class='ocrx_word' id='word_1_22' title='bbox 3490 360 3581 417; x_wconf 79' lang='grc' dir='ltr'>τὸν</span> <span class='ocrx_word' id='word_1_23' title='bbox 3615 368 3725 417; x_wconf 82' lang='grc' dir='ltr'>Δα-</span> 
     </span>
    </p>
   </div>
   <div class='ocr_carea' id='block_1_5' title="bbox 304 446 1997 532">
    <p class='ocr_par' dir='ltr' id='par_1_5' title="bbox 304 452 1964 525">
     <span class='ocr_line' id='line_1_5' title="bbox 304 452 1964 525; baseline -0.001 -15"><span class='ocrx_word' id='word_1_24' title='bbox 304 470 499 525; x_wconf 89' lang='lat' dir='ltr'>neque</span> <span class='ocrx_word' id='word_1_25' title='bbox 529 453 788 507; x_wconf 87' lang='lat' dir='ltr'>Herodes</span> <span class='ocrx_word' id='word_1_26' title='bbox 820 468 1198 523; x_wconf 88' lang='lat' dir='ltr'>persequens,</span> <span class='ocrx_word' id='word_1_27' title='bbox 1226 452 1524 508; x_wconf 81' lang='lat' dir='ltr'>Christum</span> <span class='ocrx_word' id='word_1_28' title='bbox 1558 452 1727 508; x_wconf 75' lang='lat' dir='ltr'>laesit.</span> <span class='ocrx_word' id='word_1_29' title='bbox 1764 454 1964 509; x_wconf 89' lang='lat' dir='ltr'>Insur-</span> 
     </span>
    </p>
   </div>
   <div class='ocr_carea' id='block_1_6' title="bbox 2109 446 3724 532">
    <p class='ocr_par' dir='ltr' id='par_1_6' title="bbox 2112 446 3724 532">
     <span class='ocr_line' id='line_1_6' title="bbox 2112 446 3724 532; baseline -0.001 -25"><span class='ocrx_word' id='word_1_30' title='bbox 2112 452 2161 507; x_wconf 84' lang='grc' dir='ltr'>ὶδ</span> <span class='ocrx_word' id='word_1_31' title='bbox 2193 449 2454 527; x_wconf 80' lang='grc' dir='ltr'>ἔϐλαψεν,</span> <span class='ocrx_word' id='word_1_32' title='bbox 2489 453 2611 511; x_wconf 74' lang='grc' dir='ltr'>οὕτε</span> <span class='ocrx_word' id='word_1_33' title='bbox 2641 452 2889 532; x_wconf 80' lang='grc' dir='ltr'>Ἡρώδης</span> <span class='ocrx_word' id='word_1_34' title='bbox 2922 451 3135 509; x_wconf 77' lang='grc' dir='ltr'>διώκων</span> <span class='ocrx_word' id='word_1_35' title='bbox 3166 455 3257 508; x_wconf 84' lang='grc' dir='ltr'>τὸν</span> <span class='ocrx_word' id='word_1_36' title='bbox 3286 452 3513 528; x_wconf 82' lang='grc' dir='ltr'>Χριστὸν</span> <span class='ocrx_word' id='word_1_37' title='bbox 3565 446 3724 507; x_wconf 75' lang='grc' dir='ltr'>ἔϐλα-</span> 
     </span>
    </p>
   </div>
   <div class='ocr_carea' id='block_1_7' title="bbox 307 536 1997 619">
    <p class='ocr_par' dir='ltr' id='par_1_7' title="bbox 307 540 1962 609">
     <span class='ocr_line' id='line_1_7' title="bbox 307 540 1962 609; baseline -0.001 -11"><span class='ocrx_word' id='word_1_38' title='bbox 307 543 459 599; x_wconf 80' lang='lat' dir='ltr'>rexit</span> <span class='ocrx_word' id='word_1_39' title='bbox 486 543 547 597; x_wconf 90' lang='lat' dir='ltr'>in</span> <span class='ocrx_word' id='word_1_40' title='bbox 580 541 856 597; x_wconf 89' lang='lat' dir='ltr'>Davidem</span> <span class='ocrx_word' id='word_1_41' title='bbox 890 540 1141 597; x_wconf 89' lang='lat' dir='ltr'>Absalon</span> <span class='ocrx_word' id='word_1_42' title='bbox 1178 541 1335 597; x_wconf 83' lang='lat' dir='ltr'>ﬁlius</span> <span class='ocrx_word' id='word_1_43' title='bbox 1365 558 1531 609; x_wconf 90' lang='lat' dir='ltr'>suus,</span> <span class='ocrx_word' id='word_1_44' title='bbox 1557 542 1873 598; x_wconf 84' lang='lat' dir='ltr'>insurrexit</span> <span class='ocrx_word' id='word_1_45' title='bbox 1902 546 1962 597; x_wconf 89' lang='lat' dir='ltr'>in</span> 
     </span>
    </p>
   </div>
   <div class='ocr_carea' id='block_1_8' title="bbox 2109 536 3723 619">
    <p class='ocr_par' dir='ltr' id='par_1_8' title="bbox 2109 536 3723 617">
     <span class='ocr_line' id='line_1_8' title="bbox 2109 536 3723 617; baseline -0.004 -18"><span class='ocrx_word' id='word_1_46' title='bbox 2109 565 2191 601; x_wconf 76' lang='grc' dir='ltr'>ιεν.</span> <span class='ocrx_word' id='word_1_47' title='bbox 2222 543 2517 615; x_wconf 80' lang='grc' dir='ltr'>Ἐπανιέστη</span> <span class='ocrx_word' id='word_1_48' title='bbox 2566 549 2645 617; x_wconf 81' lang='grc' dir='ltr'>τῷ</span> <span class='ocrx_word' id='word_1_49' title='bbox 2695 540 2860 599; x_wconf 75' lang='grc' dir='ltr'>Δαϐὶδ</span> <span class='ocrx_word' id='word_1_50' title='bbox 2907 539 3266 616; x_wconf 76' lang='grc' dir='ltr'>Ἀὅεσσαλὼμ</span> <span class='ocrx_word' id='word_1_51' title='bbox 3321 542 3437 603; x_wconf 71' lang='grc' dir='ltr'>υίὸς</span> <span class='ocrx_word' id='word_1_52' title='bbox 3495 536 3591 595; x_wconf 81' lang='grc' dir='ltr'>ὥν·</span> <span class='ocrx_word' id='word_1_53' title='bbox 3626 540 3723 595; x_wconf 78' lang='grc' dir='ltr'>ἐπ-</span> 
     </span>
    </p>
   </div>
   <div class='ocr_carea' id='block_1_9' title="bbox 313 626 1997 709">
    <p class='ocr_par' dir='ltr' id='par_1_9' title="bbox 313 629 1966 704">
     <span class='ocr_line' id='line_1_9' title="bbox 313 629 1966 704; baseline 0 -16"><span class='ocrx_word' id='word_1_54' title='bbox 313 632 676 688; x_wconf 88' lang='lat' dir='ltr'>Salvatorem</span> <span class='ocrx_word' id='word_1_55' title='bbox 722 629 927 699; x_wconf 88' lang='lat' dir='ltr'>Judas,</span> <span class='ocrx_word' id='word_1_56' title='bbox 958 630 1084 702; x_wconf 90' lang='lat' dir='ltr'>ipse</span> <span class='ocrx_word' id='word_1_57' title='bbox 1126 647 1357 704; x_wconf 88' lang='lat' dir='ltr'>quoque</span> <span class='ocrx_word' id='word_1_58' title='bbox 1406 631 1562 687; x_wconf 79' lang='lat' dir='ltr'>filius</span> <span class='ocrx_word' id='word_1_59' title='bbox 1595 650 1607 686; x_wconf 91' lang='lat'>:</span> <span class='ocrx_word' id='word_1_60' title='bbox 1644 631 1966 703; x_wconf 80' lang='lat' dir='ltr'>discipulos</span> 
     </span>
    </p>
   </div>
   <div class='ocr_carea' id='block_1_10' title="bbox 2109 626 3721 709">
    <p class='ocr_par' dir='ltr' id='par_1_10' title="bbox 2111 626 3721 709">
     <span class='ocr_line' id='line_1_10' title="bbox 2111 626 3721 709; baseline -0.002 -22"><span class='ocrx_word' id='word_1_61' title='bbox 2111 633 2269 705; x_wconf 82' lang='grc' dir='ltr'>νέστη</span> <span class='ocrx_word' id='word_1_62' title='bbox 2300 638 2381 706; x_wconf 75' lang='grc' dir='ltr'>τῷ</span> <span class='ocrx_word' id='word_1_63' title='bbox 2415 640 2633 709; x_wconf 81' lang='grc' dir='ltr'>Σωτῆρι</span> <span class='ocrx_word' id='word_1_64' title='bbox 2666 630 2871 694; x_wconf 79' lang='grc' dir='ltr'>Ἰούδας</span> <span class='ocrx_word' id='word_1_65' title='bbox 2902 632 3017 694; x_wconf 74' lang='grc' dir='ltr'>υἱὸς</span> <span class='ocrx_word' id='word_1_66' title='bbox 3057 630 3129 686; x_wconf 85' lang='grc' dir='ltr'>ὣν</span> <span class='ocrx_word' id='word_1_67' title='bbox 3180 632 3269 687; x_wconf 83' lang='grc' dir='ltr'>καὶ</span> <span class='ocrx_word' id='word_1_68' title='bbox 3318 629 3478 692; x_wconf 82' lang='grc' dir='ltr'>αὐτὸς</span> <span class='ocrx_word' id='word_1_69' title='bbox 3528 626 3721 690; x_wconf 79' lang='grc' dir='ltr'>ἄλλος’</span> 
     </span>
    </p>
   </div>
   <div class='ocr_carea' id='block_1_11' title="bbox 318 717 1997 799">
    <p class='ocr_par' dir='ltr' id='par_1_11' title="bbox 318 719 1965 793">
     <span class='ocr_line' id='line_1_11' title="bbox 318 719 1965 793; baseline 0.001 -18"><span class='ocrx_word' id='word_1_70' title='bbox 318 722 537 793; x_wconf 84' lang='lat' dir='ltr'>quippe</span> <span class='ocrx_word' id='word_1_71' title='bbox 568 719 831 775; x_wconf 80' lang='lat' dir='ltr'>Salvator</span> <span class='ocrx_word' id='word_1_72' title='bbox 867 736 1291 792; x_wconf 82' lang='lat' dir='ltr'>nonnunquam</span> <span class='ocrx_word' id='word_1_73' title='bbox 1339 720 1492 776; x_wconf 83' lang='lat' dir='ltr'>ﬁlios</span> <span class='ocrx_word' id='word_1_74' title='bbox 1539 721 1800 791; x_wconf 83' lang='lat' dir='ltr'>vocabat,</span> <span class='ocrx_word' id='word_1_75' title='bbox 1833 720 1917 777; x_wconf 91' lang='lat' dir='ltr'>sic</span> <span class='ocrx_word' id='word_1_76' title='bbox 1951 737 1965 777; x_wconf 88' lang='lat'><strong>:</strong></span> 
     </span>
    </p>
   </div>
   <div class='ocr_carea' id='block_1_12' title="bbox 2109 717 3728 799">
    <p class='ocr_par' dir='ltr' id='par_1_12' title="bbox 2111 717 3728 799">
     <span class='ocr_line' id='line_1_12' title="bbox 2111 717 3728 799; baseline -0.004 -22"><span class='ocrx_word' id='word_1_77' title='bbox 2111 722 2202 785; x_wconf 70' lang='grc' dir='ltr'>οὺς</span> <span class='ocrx_word' id='word_1_78' title='bbox 2250 723 2352 799; x_wconf 76' lang='grc' dir='ltr'>γάρ</span> <span class='ocrx_word' id='word_1_79' title='bbox 2407 722 2651 795; x_wconf 75' lang='grc' dir='ltr'>μαθητὰς</span> <span class='ocrx_word' id='word_1_80' title='bbox 2711 720 2851 777; x_wconf 75' lang='grc' dir='ltr'>οἶδεν</span> <span class='ocrx_word' id='word_1_81' title='bbox 2888 722 2915 776; x_wconf 98' lang='lat'>6</span> <span class='ocrx_word' id='word_1_82' title='bbox 2949 722 3144 796; x_wconf 79' lang='grc' dir='ltr'>Σωτὴρ</span> <span class='ocrx_word' id='word_1_83' title='bbox 3203 720 3490 793; x_wconf 81' lang='grc' dir='ltr'>ὀνομάζειν</span> <span class='ocrx_word' id='word_1_84' title='bbox 3548 717 3728 785; x_wconf 71' lang='grc' dir='ltr'>υἱοὺς,</span> 
     </span>
    </p>
   </div>
   <div class='ocr_carea' id='block_1_13' title="bbox 325 804 1997 888">
    <p class='ocr_par' dir='ltr' id='par_1_13' title="bbox 325 807 1963 880">
     <span class='ocr_line' id='line_1_13' title="bbox 325 807 1963 880; baseline 0.001 -21"><span class='ocrx_word' id='word_1_85' title='bbox 325 829 347 859; x_wconf 73' lang='grc' dir='ltr'><strong><em>α</em></strong></span> <span class='ocrx_word' id='word_1_86' title='bbox 384 814 524 864; x_wconf 86' lang='lat' dir='ltr'>Ecce</span> <span class='ocrx_word' id='word_1_87' title='bbox 553 825 658 880; x_wconf 87' lang='lat' dir='ltr'>ego</span> <span class='ocrx_word' id='word_1_88' title='bbox 681 812 739 863; x_wconf 91' lang='lat' dir='ltr'>et</span> <span class='ocrx_word' id='word_1_89' title='bbox 768 807 929 863; x_wconf 83' lang='lat' dir='ltr'>ﬁlioli</span> <span class='ocrx_word' id='word_1_90' title='bbox 962 810 1073 864; x_wconf 90' lang='lat' dir='ltr'>mei</span> <span class='ocrx_word' id='word_1_91' title='bbox 1106 825 1254 879; x_wconf 89' lang='lat' dir='ltr'>quos</span> <span class='ocrx_word' id='word_1_92' title='bbox 1285 809 1445 864; x_wconf 84' lang='lat' dir='ltr'>dedit</span> <span class='ocrx_word' id='word_1_93' title='bbox 1475 808 1618 863; x_wconf 88' lang='lat' dir='ltr'>mihi</span> <span class='ocrx_word' id='word_1_94' title='bbox 1650 810 1803 865; x_wconf 90' lang='lat' dir='ltr'>Deus</span> <span class='ocrx_word' id='word_1_95' title='bbox 1823 808 1868 844; x_wconf 78' lang='grc'><strong>³³</strong></span> <span class='ocrx_word' id='word_1_96' title='bbox 1893 826 1905 865; x_wconf 90' lang='lat'><strong>:</strong></span> <span class='ocrx_word' id='word_1_97' title='bbox 1934 829 1963 860; x_wconf 83' lang='lat'><strong>»</strong></span> 
     </span>
    </p>
   </div>
   <div class='ocr_carea' id='block_1_14' title="bbox 2109 804 3725 888">
    <p class='ocr_par' dir='ltr' id='par_1_14' title="bbox 2109 804 3725 888">
     <span class='ocr_line' id='line_1_14' title="bbox 2109 804 3725 888; baseline -0.002 -23"><span class='ocrx_word' id='word_1_98' title='bbox 2109 813 2276 887; x_wconf 74' lang='grc' dir='ltr'>,έγωνο</span> <span class='ocrx_word' id='word_1_99' title='bbox 2312 834 2340 863; x_wconf 78' lang='grc' dir='ltr'>ι(</span> <span class='ocrx_word' id='word_1_100' title='bbox 2376 809 2516 868; x_wconf 77' lang='grc' dir='ltr'>Ἰδοὺ</span> <span class='ocrx_word' id='word_1_101' title='bbox 2564 810 2669 888; x_wconf 82' lang='grc' dir='ltr'>ἐγὼ</span> <span class='ocrx_word' id='word_1_102' title='bbox 2724 812 2813 865; x_wconf 79' lang='grc' dir='ltr'>καὶ</span> <span class='ocrx_word' id='word_1_103' title='bbox 2869 811 2936 865; x_wconf 78' lang='grc' dir='ltr'>τὰ</span> <span class='ocrx_word' id='word_1_104' title='bbox 2990 806 3200 881; x_wconf 80' lang='grc' dir='ltr'>παιδία,</span> <span class='ocrx_word' id='word_1_105' title='bbox 3234 811 3267 863; x_wconf 78' lang='grc' dir='ltr'>ἅ</span> <span class='ocrx_word' id='word_1_106' title='bbox 3319 829 3411 881; x_wconf 88' lang='grc' dir='ltr'>μοι</span> <span class='ocrx_word' id='word_1_107' title='bbox 3466 804 3660 862; x_wconf 73' lang='grc' dir='ltr'>ἔδωκεν</span> <span class='ocrx_word' id='word_1_108' title='bbox 3697 808 3725 860; x_wconf 90' lang='lat'>6</span> 
     </span>
    </p>
   </div>
   <div class='ocr_carea' id='block_1_15' title="bbox 319 895 1997 977">
    <p class='ocr_par' dir='ltr' id='par_1_15' title="bbox 319 896 1967 969">
     <span class='ocr_line' id='line_1_15' title="bbox 319 896 1967 969; baseline -0.001 -15"><span class='ocrx_word' id='word_1_109' title='bbox 319 903 376 955; x_wconf 88' lang='lat' dir='ltr'>et</span> <span class='ocrx_word' id='word_1_110' title='bbox 405 898 615 953; x_wconf 87' lang='lat' dir='ltr'>iterum</span> <span class='ocrx_word' id='word_1_111' title='bbox 663 898 731 952; x_wconf 91' lang='lat' dir='ltr'>ad</span> <span class='ocrx_word' id='word_1_112' title='bbox 780 896 1104 969; x_wconf 86' lang='lat' dir='ltr'>discipulos</span> <span class='ocrx_word' id='word_1_113' title='bbox 1157 897 1237 953; x_wconf 86' lang='lat' dir='ltr'>ait</span> <span class='ocrx_word' id='word_1_114' title='bbox 1269 914 1281 953; x_wconf 90' lang='lat'>:</span> <span class='ocrx_word' id='word_1_115' title='bbox 1308 920 1335 947; x_wconf 84' lang='lat'><strong>«</strong></span> <span class='ocrx_word' id='word_1_116' title='bbox 1369 896 1557 952; x_wconf 87' lang='lat' dir='ltr'>Filioli</span> <span class='ocrx_word' id='word_1_117' title='bbox 1591 899 1693 954; x_wconf 78' lang='lat'>50</span> <span class='ocrx_word' id='word_1_118' title='bbox 1715 898 1778 954; x_wconf 80' lang='grc'>³⁴.</span> <span class='ocrx_word' id='word_1_119' title='bbox 1806 919 1831 946; x_wconf 77' lang='lat' dir='ltr'>n</span> <span class='ocrx_word' id='word_1_120' title='bbox 1864 898 1967 953; x_wconf 90' lang='lat' dir='ltr'>Lo-</span> 
     </span>
    </p>
   </div>
   <div class='ocr_carea' id='block_1_16' title="bbox 2109 895 3731 977">
    <p class='ocr_par' dir='ltr' id='par_1_16' title="bbox 2109 895 3731 977">
     <span class='ocr_line' id='line_1_16' title="bbox 2109 895 3731 977; baseline -0.001 -25"><span class='ocrx_word' id='word_1_121' title='bbox 2109 901 2229 963; x_wconf 69' lang='grc' dir='ltr'>ιεός·</span> <span class='ocrx_word' id='word_1_122' title='bbox 2269 925 2290 951; x_wconf 78' lang='grc' dir='ltr'>ι</span> <span class='ocrx_word' id='word_1_123' title='bbox 2344 901 2433 955; x_wconf 83' lang='grc' dir='ltr'>καὶ</span> <span class='ocrx_word' id='word_1_124' title='bbox 2483 898 2643 955; x_wconf 91' lang='grc' dir='ltr'>πάλιν</span> <span class='ocrx_word' id='word_1_125' title='bbox 2678 899 2814 977; x_wconf 87' lang='grc' dir='ltr'>πρὸς</span> <span class='ocrx_word' id='word_1_126' title='bbox 2862 898 2987 961; x_wconf 78' lang='grc' dir='ltr'>τοὺς</span> <span class='ocrx_word' id='word_1_127' title='bbox 3044 898 3284 972; x_wconf 77' lang='grc' dir='ltr'>μαθητὰς</span> <span class='ocrx_word' id='word_1_128' title='bbox 3342 895 3514 973; x_wconf 74' lang='grc' dir='ltr'>ἔλεγε,</span> <span class='ocrx_word' id='word_1_129' title='bbox 3562 921 3589 948; x_wconf 78' lang='grc' dir='ltr'>α</span> <span class='ocrx_word' id='word_1_130' title='bbox 3636 902 3731 950; x_wconf 85' lang='grc' dir='ltr'>Τε-</span> 
     </span>
    </p>
   </div>
   <div class='ocr_carea' id='block_1_17' title="bbox 316 982 1997 1061">
    <p class='ocr_par' dir='ltr' id='par_1_17' title="bbox 316 986 1968 1057">
     <span class='ocr_line' id='line_1_17' title="bbox 316 986 1968 1057; baseline -0.001 -13"><span class='ocrx_word' id='word_1_131' title='bbox 316 1006 420 1045; x_wconf 89' lang='lat' dir='ltr'>cus</span> <span class='ocrx_word' id='word_1_132' title='bbox 466 991 659 1043; x_wconf 86' lang='lat' dir='ltr'>autem</span> <span class='ocrx_word' id='word_1_133' title='bbox 710 986 871 1041; x_wconf 84' lang='lat' dir='ltr'>exitii</span> <span class='ocrx_word' id='word_1_134' title='bbox 918 986 1219 1042; x_wconf 89' lang='lat' dir='ltr'>Absalom.</span> <span class='ocrx_word' id='word_1_135' title='bbox 1271 991 1479 1045; x_wconf 73' lang='lat' dir='ltr'>Manus</span> <span class='ocrx_word' id='word_1_136' title='bbox 1527 988 1781 1043; x_wconf 72' lang='lat' dir='ltr'>Absalom</span> <span class='ocrx_word' id='word_1_137' title='bbox 1799 988 1863 1057; x_wconf 81' lang='grc'>³⁸,</span> <span class='ocrx_word' id='word_1_138' title='bbox 1907 987 1968 1042; x_wconf 91' lang='lat' dir='ltr'>in</span> 
     </span>
    </p>
   </div>
   <div class='ocr_carea' id='block_1_18' title="bbox 2109 982 3730 1061">
    <p class='ocr_par' dir='ltr' id='par_1_18' title="bbox 2109 982 3730 1061">
     <span class='ocr_line' id='line_1_18' title="bbox 2109 982 3730 1061; baseline -0.004 -16"><span class='ocrx_word' id='word_1_139' title='bbox 2109 990 2220 1045; x_wconf 81' lang='grc' dir='ltr'>.νία.</span> <span class='ocrx_word' id='word_1_140' title='bbox 2258 1014 2285 1041; x_wconf 90' lang='grc'><strong>››</strong></span> <span class='ocrx_word' id='word_1_141' title='bbox 2316 990 2378 1047; x_wconf 76' lang='grc' dir='ltr'>Ὀ</span> <span class='ocrx_word' id='word_1_142' title='bbox 2406 989 2575 1051; x_wconf 88' lang='grc' dir='ltr'>τόπος</span> <span class='ocrx_word' id='word_1_143' title='bbox 2602 996 2700 1059; x_wconf 87' lang='grc' dir='ltr'>τῆς</span> <span class='ocrx_word' id='word_1_144' title='bbox 2751 987 3027 1052; x_wconf 76' lang='grc' dir='ltr'>ἀπωλείας</span> <span class='ocrx_word' id='word_1_145' title='bbox 3070 992 3168 1043; x_wconf 89' lang='grc' dir='ltr'>τοῦ</span> <span class='ocrx_word' id='word_1_146' title='bbox 3196 982 3551 1059; x_wconf 73' lang='grc' dir='ltr'>’Ᾱϐεσσαλὼμ</span> <span class='ocrx_word' id='word_1_147' title='bbox 3600 986 3730 1061; x_wconf 82' lang='grc' dir='ltr'>Χεὶρ</span> 
     </span>
    </p>
   </div>
   <div class='ocr_carea' id='block_1_19' title="bbox 314 1072 1997 1153">
    <p class='ocr_par' dir='ltr' id='par_1_19' title="bbox 314 1076 1970 1148">
     <span class='ocr_line' id='line_1_19' title="bbox 314 1076 1970 1148; baseline -0.001 -16"><span class='ocrx_word' id='word_1_148' title='bbox 314 1077 470 1132; x_wconf 89' lang='lat' dir='ltr'>hunc</span> <span class='ocrx_word' id='word_1_149' title='bbox 521 1076 677 1131; x_wconf 89' lang='lat' dir='ltr'>diem</span> <span class='ocrx_word' id='word_1_150' title='bbox 730 1079 1127 1147; x_wconf 75' lang='lat' dir='ltr'>nuncupatur.</span> <span class='ocrx_word' id='word_1_151' title='bbox 1179 1076 1310 1130; x_wconf 88' lang='lat' dir='ltr'>Jam</span> <span class='ocrx_word' id='word_1_152' title='bbox 1365 1076 1532 1144; x_wconf 90' lang='lat' dir='ltr'>mihi,</span> <span class='ocrx_word' id='word_1_153' title='bbox 1567 1093 1787 1147; x_wconf 72' lang='lat' dir='ltr'>quaeso,</span> <span class='ocrx_word' id='word_1_154' title='bbox 1838 1094 1970 1148; x_wconf 87' lang='lat' dir='ltr'>per-</span> 
     </span>
    </p>
   </div>
   <div class='ocr_carea' id='block_1_20' title="bbox 2109 1072 3734 1153">
    <p class='ocr_par' dir='ltr' id='par_1_20' title="bbox 2109 1072 3734 1153">
     <span class='ocr_line' id='line_1_20' title="bbox 2109 1072 3734 1153; baseline -0.006 -17"><span class='ocrx_word' id='word_1_155' title='bbox 2109 1075 2443 1152; x_wconf 69' lang='grc' dir='ltr'>Αϐεσσαλὼμ</span> <span class='ocrx_word' id='word_1_156' title='bbox 2501 1077 2665 1153; x_wconf 85' lang='grc' dir='ltr'>μέχρι</span> <span class='ocrx_word' id='word_1_157' title='bbox 2696 1079 2793 1146; x_wconf 76' lang='grc' dir='ltr'>τήν</span> <span class='ocrx_word' id='word_1_158' title='bbox 2836 1079 3074 1153; x_wconf 72' lang='grc' dir='ltr'>σήμερον</span> <span class='ocrx_word' id='word_1_159' title='bbox 3107 1074 3374 1131; x_wconf 85' lang='grc' dir='ltr'>καλεῖται.</span> <span class='ocrx_word' id='word_1_160' title='bbox 3408 1074 3511 1130; x_wconf 84' lang='grc' dir='ltr'>Καὶ</span> <span class='ocrx_word' id='word_1_161' title='bbox 3563 1072 3734 1149; x_wconf 79' lang='grc' dir='ltr'>βλέπε</span> 
     </span>
    </p>
   </div>
   <div class='ocr_carea' id='block_1_21' title="bbox 317 1162 1997 1243">
    <p class='ocr_par' dir='ltr' id='par_1_21' title="bbox 317 1164 1972 1239">
     <span class='ocr_line' id='line_1_21' title="bbox 317 1164 1972 1239; baseline 0 -19"><span class='ocrx_word' id='word_1_162' title='bbox 317 1166 505 1239; x_wconf 86' lang='lat' dir='ltr'>pende</span> <span class='ocrx_word' id='word_1_163' title='bbox 555 1164 835 1219; x_wconf 85' lang='lat' dir='ltr'>harumce</span> <span class='ocrx_word' id='word_1_164' title='bbox 892 1179 1088 1219; x_wconf 87' lang='lat' dir='ltr'>rerum</span> <span class='ocrx_word' id='word_1_165' title='bbox 1148 1170 1408 1219; x_wconf 83' lang='lat' dir='ltr'>exactam</span> <span class='ocrx_word' id='word_1_166' title='bbox 1458 1165 1799 1236; x_wconf 83' lang='lat' dir='ltr'>imaginem.</span> <span class='ocrx_word' id='word_1_167' title='bbox 1846 1165 1972 1220; x_wconf 86' lang='lat' dir='ltr'>Non</span> 
     </span>
    </p>
   </div>
   <div class='ocr_carea' id='block_1_22' title="bbox 2109 1162 3731 1243">
    <p class='ocr_par' dir='ltr' id='par_1_22' title="bbox 2109 1162 3731 1243">
     <span class='ocr_line' id='line_1_22' title="bbox 2109 1162 3731 1243; baseline -0.004 -20"><span class='ocrx_word' id='word_1_168' title='bbox 2109 1191 2180 1223; x_wconf 84' lang='grc' dir='ltr'>ιοι</span> <span class='ocrx_word' id='word_1_169' title='bbox 2210 1169 2309 1236; x_wconf 80' lang='grc' dir='ltr'>τήν</span> <span class='ocrx_word' id='word_1_170' title='bbox 2371 1162 2646 1243; x_wconf 76' lang='grc' dir='ltr'>ἀκρίϐειαν</span> <span class='ocrx_word' id='word_1_171' title='bbox 2702 1174 2804 1236; x_wconf 87' lang='grc' dir='ltr'>τῆς</span> <span class='ocrx_word' id='word_1_172' title='bbox 2864 1166 3070 1227; x_wconf 73' lang='grc' dir='ltr'>εἷ’κὸνος</span> <span class='ocrx_word' id='word_1_173' title='bbox 3099 1170 3207 1219; x_wconf 79' lang='grc' dir='ltr'>τῶν</span> <span class='ocrx_word' id='word_1_174' title='bbox 3262 1162 3617 1239; x_wconf 84' lang='grc' dir='ltr'>πραγμάτων.</span> <span class='ocrx_word' id='word_1_175' title='bbox 3649 1163 3731 1219; x_wconf 79' lang='grc' dir='ltr'>Οὐ</span> 
     </span>
    </p>
   </div>
   <div class='ocr_carea' id='block_1_23' title="bbox 320 1251 1973 1326">
    <p class='ocr_par' dir='ltr' id='par_1_23' title="bbox 320 1251 1973 1326">
     <span class='ocr_line' id='line_1_23' title="bbox 320 1251 1973 1326; baseline -0.002 -15"><span class='ocrx_word' id='word_1_176' title='bbox 320 1254 609 1326; x_wconf 87' lang='lat' dir='ltr'>scriptum</span> <span class='ocrx_word' id='word_1_177' title='bbox 642 1256 751 1321; x_wconf 89' lang='lat' dir='ltr'>est,</span> <span class='ocrx_word' id='word_1_178' title='bbox 797 1253 899 1308; x_wconf 89' lang='lat' dir='ltr'>Pes</span> <span class='ocrx_word' id='word_1_179' title='bbox 940 1251 1231 1321; x_wconf 86' lang='lat' dir='ltr'>Absalom,</span> <span class='ocrx_word' id='word_1_180' title='bbox 1266 1254 1389 1321; x_wconf 87' lang='lat' dir='ltr'>sed,</span> <span class='ocrx_word' id='word_1_181' title='bbox 1438 1255 1625 1308; x_wconf 80' lang='lat' dir='ltr'>Manus</span> <span class='ocrx_word' id='word_1_182' title='bbox 1673 1254 1923 1309; x_wconf 76' lang='lat' dir='ltr'>Absalom</span> <span class='ocrx_word' id='word_1_183' title='bbox 1955 1270 1973 1307; x_wconf 92' lang='lat'><strong><em>:</em></strong></span> 
     </span>
    </p>
   </div>
   <div class='ocr_carea' id='block_1_24' title="bbox 323 1340 1975 1415">
    <p class='ocr_par' dir='ltr' id='par_1_24' title="bbox 323 1340 1975 1415">
     <span class='ocr_line' id='line_1_24' title="bbox 323 1340 1975 1415; baseline -0.002 -16"><span class='ocrx_word' id='word_1_184' title='bbox 323 1361 441 1399; x_wconf 91' lang='lat' dir='ltr'>non</span> <span class='ocrx_word' id='word_1_185' title='bbox 482 1342 683 1397; x_wconf 85' lang='lat' dir='ltr'>itidem</span> <span class='ocrx_word' id='word_1_186' title='bbox 735 1341 916 1412; x_wconf 86' lang='lat' dir='ltr'>Caput</span> <span class='ocrx_word' id='word_1_187' title='bbox 965 1340 1257 1408; x_wconf 81' lang='lat' dir='ltr'>Absalom,</span> <span class='ocrx_word' id='word_1_188' title='bbox 1306 1342 1440 1398; x_wconf 88' lang='lat' dir='ltr'>licet</span> <span class='ocrx_word' id='word_1_189' title='bbox 1488 1342 1717 1414; x_wconf 82' lang='lat' dir='ltr'>capillis</span> <span class='ocrx_word' id='word_1_190' title='bbox 1764 1342 1975 1415; x_wconf 84' lang='lat' dir='ltr'>capitis</span> 
     </span>
    </p>
   </div>
   <div class='ocr_carea' id='block_1_25' title="bbox 325 1430 1977 1505">
    <p class='ocr_par' dir='ltr' id='par_1_25' title="bbox 325 1430 1977 1505">
     <span class='ocr_line' id='line_1_25' title="bbox 325 1430 1977 1505; baseline 0 -18"><span class='ocrx_word' id='word_1_191' title='bbox 325 1430 599 1505; x_wconf 89' lang='lat' dir='ltr'>perierit;</span> <span class='ocrx_word' id='word_1_192' title='bbox 657 1431 759 1486; x_wconf 89' lang='lat' dir='ltr'>sed</span> <span class='ocrx_word' id='word_1_193' title='bbox 807 1431 998 1487; x_wconf 75' lang='lat' dir='ltr'>Manus</span> <span class='ocrx_word' id='word_1_194' title='bbox 1048 1431 1316 1487; x_wconf 81' lang='lat' dir='ltr'>Absalom.</span> <span class='ocrx_word' id='word_1_195' title='bbox 1373 1431 1535 1487; x_wconf 82' lang='lat' dir='ltr'>Prior</span> <span class='ocrx_word' id='word_1_196' title='bbox 1591 1432 1808 1505; x_wconf 87' lang='lat' dir='ltr'>quippe</span> <span class='ocrx_word' id='word_1_197' title='bbox 1866 1432 1977 1487; x_wconf 81' lang='lat' dir='ltr'>fuit</span> 
     </span>
    </p>
   </div>
   <div class='ocr_carea' id='block_1_26' title="bbox 324 1519 1977 1592">
    <p class='ocr_par' dir='ltr' id='par_1_26' title="bbox 324 1519 1977 1592">
     <span class='ocr_line' id='line_1_26' title="bbox 324 1519 1977 1592; baseline -0.002 -15"><span class='ocrx_word' id='word_1_198' title='bbox 324 1520 515 1591; x_wconf 87' lang='lat' dir='ltr'>capite</span> <span class='ocrx_word' id='word_1_199' title='bbox 564 1536 775 1574; x_wconf 89' lang='lat' dir='ltr'>manus</span> <span class='ocrx_word' id='word_1_200' title='bbox 826 1536 951 1591; x_wconf 79' lang='lat' dir='ltr'>quae</span> <span class='ocrx_word' id='word_1_201' title='bbox 1002 1519 1264 1590; x_wconf 86' lang='lat' dir='ltr'>tradidit,</span> <span class='ocrx_word' id='word_1_202' title='bbox 1309 1522 1476 1590; x_wconf 83' lang='lat' dir='ltr'>juxta</span> <span class='ocrx_word' id='word_1_203' title='bbox 1524 1538 1717 1577; x_wconf 89' lang='lat' dir='ltr'>rerum</span> <span class='ocrx_word' id='word_1_204' title='bbox 1770 1521 1977 1592; x_wconf 86' lang='lat' dir='ltr'>imagi-</span> 
     </span>
    </p>
   </div>
   <div class='ocr_carea' id='block_1_27' title="bbox 329 1607 1975 1682">
    <p class='ocr_par' dir='ltr' id='par_1_27' title="bbox 329 1607 1975 1682">
     <span class='ocr_line' id='line_1_27' title="bbox 329 1607 1975 1682; baseline -0.001 -17"><span class='ocrx_word' id='word_1_205' title='bbox 329 1625 501 1677; x_wconf 89' lang='lat' dir='ltr'>nem;</span> <span class='ocrx_word' id='word_1_206' title='bbox 533 1608 634 1663; x_wconf 86' lang='lat' dir='ltr'>sed</span> <span class='ocrx_word' id='word_1_207' title='bbox 678 1607 845 1679; x_wconf 90' lang='lat' dir='ltr'>quasi</span> <span class='ocrx_word' id='word_1_208' title='bbox 896 1623 1153 1681; x_wconf 85' lang='lat' dir='ltr'>egressa,</span> <span class='ocrx_word' id='word_1_209' title='bbox 1192 1625 1292 1680; x_wconf 90' lang='lat' dir='ltr'>per</span> <span class='ocrx_word' id='word_1_210' title='bbox 1340 1625 1535 1665; x_wconf 90' lang='lat' dir='ltr'>rerum</span> <span class='ocrx_word' id='word_1_211' title='bbox 1586 1610 1975 1682; x_wconf 85' lang='lat' dir='ltr'>nuncupatio-</span> 
     </span>
    </p>
   </div>
   <div class='ocr_carea' id='block_1_28' title="bbox 2084 1246 3733 1333">
    <p class='ocr_par' dir='ltr' id='par_1_28' title="bbox 2084 1246 3733 1333">
     <span class='ocr_line' id='line_1_28' title="bbox 2084 1246 3733 1333; baseline -0.004 -21"><span class='ocrx_word' id='word_1_212' title='bbox 2084 1256 2407 1333; x_wconf 84' lang='grc' dir='ltr'>γέγραπται,</span> <span class='ocrx_word' id='word_1_213' title='bbox 2460 1259 2601 1318; x_wconf 90' lang='grc' dir='ltr'>Ποῦς</span> <span class='ocrx_word' id='word_1_214' title='bbox 2660 1250 3037 1329; x_wconf 77' lang='grc' dir='ltr'>’Ᾱϐεσσαλὼμ,</span> <span class='ocrx_word' id='word_1_215' title='bbox 3081 1251 3228 1309; x_wconf 83' lang='grc' dir='ltr'>ἀλλὰ</span> <span class='ocrx_word' id='word_1_216' title='bbox 3288 1251 3417 1328; x_wconf 78' lang='grc' dir='ltr'>Χεὶρ</span> <span class='ocrx_word' id='word_1_217' title='bbox 3476 1246 3733 1309; x_wconf 76' lang='grc' dir='ltr'>Ἀϐεσσα-</span> 
     </span>
    </p>
   </div>
   <div class='ocr_carea' id='block_1_29' title="bbox 2086 1337 3738 1422">
    <p class='ocr_par' dir='ltr' id='par_1_29' title="bbox 2086 1337 3738 1422">
     <span class='ocr_line' id='line_1_29' title="bbox 2086 1337 3738 1422; baseline -0.004 -20"><span class='ocrx_word' id='word_1_218' title='bbox 2086 1345 2235 1420; x_wconf 81' lang='grc' dir='ltr'>λώμ’</span> <span class='ocrx_word' id='word_1_219' title='bbox 2300 1347 2361 1402; x_wconf 79' lang='grc' dir='ltr'>οὗ</span> <span class='ocrx_word' id='word_1_220' title='bbox 2419 1346 2716 1422; x_wconf 86' lang='grc' dir='ltr'>γέγραπται</span> <span class='ocrx_word' id='word_1_221' title='bbox 2776 1342 2999 1422; x_wconf 83' lang='grc' dir='ltr'>Κεφαλὴ</span> <span class='ocrx_word' id='word_1_222' title='bbox 3059 1337 3434 1415; x_wconf 77' lang='grc' dir='ltr'>Ἀϐεσσαλὼμ,</span> <span class='ocrx_word' id='word_1_223' title='bbox 3492 1339 3738 1415; x_wconf 88' lang='grc' dir='ltr'>καίτοιγε</span> 
     </span>
    </p>
   </div>
   <div class='ocr_carea' id='block_1_30' title="bbox 2086 1424 3735 1513">
    <p class='ocr_par' dir='ltr' id='par_1_30' title="bbox 2086 1424 3735 1513">
     <span class='ocr_line' id='line_1_30' title="bbox 2086 1424 3735 1513; baseline -0.005 -22"><span class='ocrx_word' id='word_1_224' title='bbox 2086 1435 2195 1491; x_wconf 86' lang='grc' dir='ltr'>άπὸ</span> <span class='ocrx_word' id='word_1_225' title='bbox 2222 1438 2432 1511; x_wconf 81' lang='grc' dir='ltr'>τριχῶν</span> <span class='ocrx_word' id='word_1_226' title='bbox 2463 1432 2705 1513; x_wconf 76' lang='grc' dir='ltr'>κεφαλῆς</span> <span class='ocrx_word' id='word_1_227' title='bbox 2737 1431 3171 1506; x_wconf 75' lang='grc' dir='ltr'>άπώλετο,άλλᾶ</span> <span class='ocrx_word' id='word_1_228' title='bbox 3202 1430 3330 1506; x_wconf 78' lang='grc' dir='ltr'>Χεὶρ</span> <span class='ocrx_word' id='word_1_229' title='bbox 3353 1424 3735 1501; x_wconf 75' lang='grc' dir='ltr'>Ἀϐεσσαλώμ.</span> 
     </span>
    </p>
   </div>
   <div class='ocr_carea' id='block_1_31' title="bbox 2090 1516 3742 1602">
    <p class='ocr_par' dir='ltr' id='par_1_31' title="bbox 2090 1516 3742 1602">
     <span class='ocr_line' id='line_1_31' title="bbox 2090 1516 3742 1602; baseline -0.006 -21"><span class='ocrx_word' id='word_1_230' title='bbox 2090 1523 2286 1602; x_wconf 85' lang='grc' dir='ltr'>Πρώτη</span> <span class='ocrx_word' id='word_1_231' title='bbox 2318 1524 2418 1601; x_wconf 82' lang='grc' dir='ltr'>γὰρ</span> <span class='ocrx_word' id='word_1_232' title='bbox 2450 1524 2516 1593; x_wconf 81' lang='grc' dir='ltr'>ἦν</span> <span class='ocrx_word' id='word_1_233' title='bbox 2549 1526 2583 1592; x_wconf 82' lang='grc' dir='ltr'>ἡ</span> <span class='ocrx_word' id='word_1_234' title='bbox 2614 1530 2713 1593; x_wconf 88' lang='grc' dir='ltr'>τῆς</span> <span class='ocrx_word' id='word_1_235' title='bbox 2745 1521 2987 1601; x_wconf 80' lang='grc' dir='ltr'>κεφαλῆς</span> <span class='ocrx_word' id='word_1_236' title='bbox 3024 1520 3170 1597; x_wconf 79' lang='grc' dir='ltr'>χεὶρ,</span> <span class='ocrx_word' id='word_1_237' title='bbox 3202 1522 3237 1590; x_wconf 75' lang='grc' dir='ltr'>ἡ</span> <span class='ocrx_word' id='word_1_238' title='bbox 3269 1517 3547 1595; x_wconf 79' lang='grc' dir='ltr'>προδοῦσα</span> <span class='ocrx_word' id='word_1_239' title='bbox 3602 1516 3742 1572; x_wconf 76' lang='grc' dir='ltr'>κατὰ</span> 
     </span>
    </p>
   </div>
   <div class='ocr_carea' id='block_1_32' title="bbox 2086 1604 3740 1688">
    <p class='ocr_par' dir='ltr' id='par_1_32' title="bbox 2086 1604 3740 1688">
     <span class='ocr_line' id='line_1_32' title="bbox 2086 1604 3740 1688; baseline -0.005 -18"><span class='ocrx_word' id='word_1_240' title='bbox 2086 1622 2187 1685; x_wconf 87' lang='grc' dir='ltr'>τῆς</span> <span class='ocrx_word' id='word_1_241' title='bbox 2246 1613 2457 1676; x_wconf 84' lang='grc' dir='ltr'>είκόνος</span> <span class='ocrx_word' id='word_1_242' title='bbox 2510 1616 2620 1668; x_wconf 80' lang='grc' dir='ltr'>τῶν</span> <span class='ocrx_word' id='word_1_243' title='bbox 2682 1610 3039 1688; x_wconf 59' lang='grc' dir='ltr'>πραγμάτων</span> <span class='ocrx_word' id='word_1_244' title='bbox 3100 1608 3228 1666; x_wconf 83' lang='grc' dir='ltr'>ἀλλ’</span> <span class='ocrx_word' id='word_1_245' title='bbox 3285 1609 3359 1671; x_wconf 87' lang='grc' dir='ltr'>ὡς</span> <span class='ocrx_word' id='word_1_246' title='bbox 3414 1604 3740 1679; x_wconf 64' lang='grc' dir='ltr'>ἐξελθούσης</span> 
     </span>
    </p>
   </div>
   <div class='ocr_carea' id='block_1_33' title="bbox 326 1695 1997 1805">
    <p class='ocr_par' dir='ltr' id='par_1_33' title="bbox 326 1696 1981 1770">
     <span class='ocr_line' id='line_1_33' title="bbox 326 1696 1981 1770; baseline 0 -16"><span class='ocrx_word' id='word_1_247' title='bbox 326 1713 485 1766; x_wconf 88' lang='lat' dir='ltr'>nem,</span> <span class='ocrx_word' id='word_1_248' title='bbox 521 1713 720 1766; x_wconf 89' lang='lat' dir='ltr'>manu,</span> <span class='ocrx_word' id='word_1_249' title='bbox 756 1696 1057 1768; x_wconf 87' lang='lat' dir='ltr'>Scriptura</span> <span class='ocrx_word' id='word_1_250' title='bbox 1087 1698 1241 1768; x_wconf 91' lang='lat' dir='ltr'>quod</span> <span class='ocrx_word' id='word_1_251' title='bbox 1273 1697 1536 1753; x_wconf 86' lang='lat' dir='ltr'>futurum</span> <span class='ocrx_word' id='word_1_252' title='bbox 1570 1703 1712 1769; x_wconf 89' lang='lat' dir='ltr'>erat,</span> <span class='ocrx_word' id='word_1_253' title='bbox 1746 1698 1981 1770; x_wconf 88' lang='lat' dir='ltr'>oblique</span> 
     </span>
    </p>
   </div>
   <div class='ocr_carea' id='block_1_34' title="bbox 2109 1695 3747 1805">
    <p class='ocr_par' dir='ltr' id='par_1_34' title="bbox 2109 1695 3747 1805">
     <span class='ocr_line' id='line_1_34' title="bbox 2109 1695 3747 1805; baseline -0.005 -46"><span class='ocrx_word' id='word_1_254' title='bbox 2109 1703 2180 1759; x_wconf 73' lang='grc' dir='ltr'>Ξιὰ</span> <span class='ocrx_word' id='word_1_255' title='bbox 2205 1711 2307 1774; x_wconf 89' lang='grc' dir='ltr'>τῆς</span> <span class='ocrx_word' id='word_1_256' title='bbox 2340 1700 2635 1776; x_wconf 76' lang='grc' dir='ltr'>ὀνομασίας</span> <span class='ocrx_word' id='word_1_257' title='bbox 2681 1706 2801 1805; x_wconf 48' lang='grc' dir='ltr'>τὶἷὺνΙ</span> <span class='ocrx_word' id='word_1_258' title='bbox 2837 1701 3170 1777; x_wconf 80' lang='grc' dir='ltr'>πραγμάτων</span> <span class='ocrx_word' id='word_1_259' title='bbox 3218 1705 3317 1805; x_wconf 74' lang='grc' dir='ltr'>τῆς</span> <span class='ocrx_word' id='word_1_260' title='bbox 3361 1695 3747 1805; x_wconf 45' lang='grc' dir='ltr'>χγειρὸς,.τὶλα-</span> 
     </span>
    </p>
   </div>
   <div class='ocr_carea' id='block_1_35' title="bbox 328 1785 1979 1858">
    <p class='ocr_par' dir='ltr' id='par_1_35' title="bbox 328 1785 1979 1858">
     <span class='ocr_line' id='line_1_35' title="bbox 328 1785 1979 1858; baseline -0.001 -16"><span class='ocrx_word' id='word_1_261' title='bbox 328 1786 681 1858; x_wconf 84' lang='lat' dir='ltr'>signiﬁcavit</span> <span class='ocrx_word' id='word_1_262' title='bbox 705 1803 720 1841; x_wconf 90' lang='lat'>:</span> <span class='ocrx_word' id='word_1_263' title='bbox 741 1785 930 1840; x_wconf 78' lang='lat' dir='ltr'>Manus</span> <span class='ocrx_word' id='word_1_264' title='bbox 949 1785 1226 1854; x_wconf 60' lang='lat' dir='ltr'>Abeatom,</span> <span class='ocrx_word' id='word_1_265' title='bbox 1246 1791 1302 1841; x_wconf 90' lang='lat' dir='ltr'>et</span> <span class='ocrx_word' id='word_1_266' title='bbox 1323 1803 1518 1842; x_wconf 88' lang='lat' dir='ltr'>rerum</span> <span class='ocrx_word' id='word_1_267' title='bbox 1546 1787 1979 1858; x_wconf 81' lang='lat' dir='ltr'>imagines(32).</span> 
     </span>
    </p>
   </div>
   <div class='ocr_carea' id='block_1_36' title="bbox 334 1874 1985 1940">
    <p class='ocr_par' dir='ltr' id='par_1_36' title="bbox 334 1874 1985 1940">
     <span class='ocr_line' id='line_1_36' title="bbox 334 1874 1985 1940; baseline 0.001 -10"><span class='ocrx_word' id='word_1_268' title='bbox 334 1877 486 1940; x_wconf 87' lang='lat' dir='ltr'>Quot</span> <span class='ocrx_word' id='word_1_269' title='bbox 525 1874 899 1930; x_wconf 89' lang='lat' dir='ltr'>intercedunt</span> <span class='ocrx_word' id='word_1_270' title='bbox 945 1874 1366 1931; x_wconf 87' lang='lat' dir='ltr'>similitudines</span> <span class='ocrx_word' id='word_1_271' title='bbox 1410 1876 1682 1931; x_wconf 83' lang='lat' dir='ltr'>Davidem</span> <span class='ocrx_word' id='word_1_272' title='bbox 1732 1876 1877 1932; x_wconf 89' lang='lat' dir='ltr'>inter</span> <span class='ocrx_word' id='word_1_273' title='bbox 1927 1880 1985 1931; x_wconf 84' lang='lat' dir='ltr'>et</span> 
     </span>
    </p>
   </div>
   <div class='ocr_carea' id='block_1_37' title="bbox 334 1962 737 2020">
    <p class='ocr_par' dir='ltr' id='par_1_37' title="bbox 334 1962 737 2020">
     <span class='ocr_line' id='line_1_37' title="bbox 334 1962 737 2020; baseline -0.005 0"><span class='ocrx_word' id='word_1_274' title='bbox 334 1963 693 2020; x_wconf 86' lang='lat' dir='ltr'>Salvatorem</span> <span class='ocrx_word' id='word_1_275' title='bbox 725 1962 737 2018; x_wconf 92' lang='lat' dir='ltr'>l</span> 
     </span>
    </p>
   </div>
   <div class='ocr_carea' id='block_1_38' title="bbox 411 2068 1984 2144">
    <p class='ocr_par' dir='ltr' id='par_1_38' title="bbox 411 2068 1984 2144">
     <span class='ocr_line' id='line_1_38' title="bbox 411 2068 1984 2144; baseline 0.002 -20"><span class='ocrx_word' id='word_1_276' title='bbox 411 2071 497 2125; x_wconf 90' lang='grc'>10.</span> <span class='ocrx_word' id='word_1_277' title='bbox 534 2068 635 2124; x_wconf 89' lang='lat' dir='ltr'>Hic</span> <span class='ocrx_word' id='word_1_278' title='bbox 668 2068 847 2140; x_wconf 88' lang='lat' dir='ltr'>igitur</span> <span class='ocrx_word' id='word_1_279' title='bbox 879 2069 1053 2125; x_wconf 88' lang='lat' dir='ltr'>David</span> <span class='ocrx_word' id='word_1_280' title='bbox 1088 2087 1121 2125; x_wconf 94' lang='lat' dir='ltr'>a</span> <span class='ocrx_word' id='word_1_281' title='bbox 1149 2070 1416 2126; x_wconf 88' lang='lat' dir='ltr'>Samuele</span> <span class='ocrx_word' id='word_1_282' title='bbox 1454 2072 1511 2126; x_wconf 92' lang='lat' dir='ltr'>in</span> <span class='ocrx_word' id='word_1_283' title='bbox 1545 2088 1738 2144; x_wconf 88' lang='lat' dir='ltr'>regem</span> <span class='ocrx_word' id='word_1_284' title='bbox 1772 2076 1984 2127; x_wconf 88' lang='lat' dir='ltr'>unctus</span> 
     </span>
    </p>
   </div>
   <div class='ocr_carea' id='block_1_39' title="bbox 336 2158 1986 2217">
    <p class='ocr_par' dir='ltr' id='par_1_39' title="bbox 336 2158 1986 2217">
     <span class='ocr_line' id='line_1_39' title="bbox 336 2158 1986 2217; baseline -0.002 0"><span class='ocrx_word' id='word_1_285' title='bbox 336 2164 427 2217; x_wconf 89' lang='lat' dir='ltr'>est</span> <span class='ocrx_word' id='word_1_286' title='bbox 456 2158 580 2215; x_wconf 92' lang='lat' dir='ltr'>oleo</span> <span class='ocrx_word' id='word_1_287' title='bbox 625 2158 885 2213; x_wconf 87' lang='lat' dir='ltr'>sensibili</span> <span class='ocrx_word' id='word_1_288' title='bbox 923 2176 936 2213; x_wconf 90' lang='lat'><strong>:</strong></span> <span class='ocrx_word' id='word_1_289' title='bbox 970 2158 1139 2214; x_wconf 86' lang='lat' dir='ltr'>aliter</span> <span class='ocrx_word' id='word_1_290' title='bbox 1168 2165 1361 2216; x_wconf 88' lang='lat' dir='ltr'>autem</span> <span class='ocrx_word' id='word_1_291' title='bbox 1394 2166 1608 2216; x_wconf 91' lang='lat' dir='ltr'>unctus</span> <span class='ocrx_word' id='word_1_292' title='bbox 1655 2167 1744 2217; x_wconf 91' lang='lat' dir='ltr'>est</span> <span class='ocrx_word' id='word_1_293' title='bbox 1791 2160 1986 2217; x_wconf 88' lang='lat' dir='ltr'>Salva-</span> 
     </span>
    </p>
   </div>
   <div class='ocr_carea' id='block_1_40' title="bbox 336 2247 1983 2321">
    <p class='ocr_par' dir='ltr' id='par_1_40' title="bbox 336 2247 1983 2321">
     <span class='ocr_line' id='line_1_40' title="bbox 336 2247 1983 2321; baseline 0.001 -18"><span class='ocrx_word' id='word_1_294' title='bbox 336 2252 431 2303; x_wconf 90' lang='lat' dir='ltr'>tor</span> <span class='ocrx_word' id='word_1_295' title='bbox 462 2263 475 2302; x_wconf 88' lang='lat'><strong>:</strong></span> <span class='ocrx_word' id='word_1_296' title='bbox 510 2263 627 2318; x_wconf 92' lang='lat' dir='ltr'>quo</span> <span class='ocrx_word' id='word_1_297' title='bbox 661 2247 833 2301; x_wconf 91' lang='lat' dir='ltr'>modo</span> <span class='ocrx_word' id='word_1_298' title='bbox 872 2250 928 2303; x_wconf 90' lang='lat' dir='ltr'>et</span> <span class='ocrx_word' id='word_1_299' title='bbox 979 2265 1234 2319; x_wconf 90' lang='lat' dir='ltr'>quanam</span> <span class='ocrx_word' id='word_1_300' title='bbox 1267 2249 1510 2320; x_wconf 86' lang='lat' dir='ltr'>ratione,</span> <span class='ocrx_word' id='word_1_301' title='bbox 1542 2251 1679 2306; x_wconf 89' lang='lat' dir='ltr'>audi</span> <span class='ocrx_word' id='word_1_302' title='bbox 1724 2266 1791 2306; x_wconf 86' lang='lat' dir='ltr'>ex</span> <span class='ocrx_word' id='word_1_303' title='bbox 1839 2266 1983 2321; x_wconf 88' lang='lat' dir='ltr'>qua-</span> 
     </span>
    </p>
   </div>
   <div class='ocr_carea' id='block_1_41' title="bbox 342 2336 1988 2411">
    <p class='ocr_par' dir='ltr' id='par_1_41' title="bbox 342 2336 1988 2411">
     <span class='ocr_line' id='line_1_41' title="bbox 342 2336 1988 2411; baseline 0.001 -19"><span class='ocrx_word' id='word_1_304' title='bbox 342 2336 675 2409; x_wconf 87' lang='lat' dir='ltr'>dragesimo</span> <span class='ocrx_word' id='word_1_305' title='bbox 706 2340 915 2407; x_wconf 87' lang='lat' dir='ltr'>quarto</span> <span class='ocrx_word' id='word_1_306' title='bbox 957 2336 1186 2393; x_wconf 89' lang='lat' dir='ltr'>Psalmo</span> <span class='ocrx_word' id='word_1_307' title='bbox 1219 2354 1282 2392; x_wconf 86' lang='grc'>;‹‹</span> <span class='ocrx_word' id='word_1_308' title='bbox 1316 2339 1588 2396; x_wconf 90' lang='lat' dir='ltr'>Thronus</span> <span class='ocrx_word' id='word_1_309' title='bbox 1618 2343 1777 2411; x_wconf 89' lang='lat' dir='ltr'>tuus,</span> <span class='ocrx_word' id='word_1_310' title='bbox 1811 2339 1988 2410; x_wconf 89' lang='lat' dir='ltr'>Deus,</span> 
     </span>
    </p>
   </div>
   <div class='ocr_carea' id='block_1_42' title="bbox 340 2424 1990 2501">
    <p class='ocr_par' dir='ltr' id='par_1_42' title="bbox 340 2424 1990 2501">
     <span class='ocr_line' id='line_1_42' title="bbox 340 2424 1990 2501; baseline 0 -19"><span class='ocrx_word' id='word_1_311' title='bbox 340 2427 402 2482; x_wconf 91' lang='lat' dir='ltr'>in</span> <span class='ocrx_word' id='word_1_312' title='bbox 427 2424 704 2482; x_wconf 65' lang='lat' dir='ltr'>saeculum</span> <span class='ocrx_word' id='word_1_313' title='bbox 756 2425 953 2481; x_wconf 69' lang='lat' dir='ltr'>saeculi</span> <span class='ocrx_word' id='word_1_314' title='bbox 988 2443 1000 2479; x_wconf 92' lang='lat'>:</span> <span class='ocrx_word' id='word_1_315' title='bbox 1034 2426 1195 2498; x_wconf 90' lang='lat' dir='ltr'>virga</span> <span class='ocrx_word' id='word_1_316' title='bbox 1233 2428 1592 2495; x_wconf 89' lang='lat' dir='ltr'>directionis,</span> <span class='ocrx_word' id='word_1_317' title='bbox 1623 2429 1785 2501; x_wconf 89' lang='lat' dir='ltr'>virga</span> <span class='ocrx_word' id='word_1_318' title='bbox 1827 2427 1990 2501; x_wconf 87' lang='lat' dir='ltr'>regni</span> 
     </span>
    </p>
   </div>
   <div class='ocr_carea' id='block_1_43' title="bbox 342 2514 1992 2590">
    <p class='ocr_par' dir='ltr' id='par_1_43' title="bbox 342 2514 1992 2590">
     <span class='ocr_line' id='line_1_43' title="bbox 342 2514 1992 2590; baseline 0.001 -19"><span class='ocrx_word' id='word_1_319' title='bbox 342 2515 450 2571; x_wconf 89' lang='lat' dir='ltr'>tui.</span> <span class='ocrx_word' id='word_1_320' title='bbox 483 2514 744 2571; x_wconf 84' lang='lat' dir='ltr'>Dilexisti</span> <span class='ocrx_word' id='word_1_321' title='bbox 766 2514 1061 2585; x_wconf 86' lang='lat' dir='ltr'>justitiam</span> <span class='ocrx_word' id='word_1_322' title='bbox 1107 2520 1163 2571; x_wconf 92' lang='lat' dir='ltr'>et</span> <span class='ocrx_word' id='word_1_323' title='bbox 1209 2517 1382 2572; x_wconf 89' lang='lat' dir='ltr'>odisti</span> <span class='ocrx_word' id='word_1_324' title='bbox 1430 2518 1825 2590; x_wconf 88' lang='lat' dir='ltr'>iniquitatem.</span> <span class='ocrx_word' id='word_1_325' title='bbox 1858 2518 1992 2572; x_wconf 91' lang='lat' dir='ltr'>Pro-</span> 
     </span>
    </p>
   </div>
   <div class='ocr_carea' id='block_1_44' title="bbox 345 2602 1993 2677">
    <p class='ocr_par' dir='ltr' id='par_1_44' title="bbox 345 2602 1993 2677">
     <span class='ocr_line' id='line_1_44' title="bbox 345 2602 1993 2677; baseline 0.001 -18"><span class='ocrx_word' id='word_1_326' title='bbox 345 2608 547 2677; x_wconf 89' lang='lat' dir='ltr'>pterea</span> <span class='ocrx_word' id='word_1_327' title='bbox 576 2602 740 2657; x_wconf 85' lang='lat' dir='ltr'>unxit</span> <span class='ocrx_word' id='word_1_328' title='bbox 774 2608 830 2658; x_wconf 93' lang='lat' dir='ltr'>te</span> <span class='ocrx_word' id='word_1_329' title='bbox 862 2603 1034 2672; x_wconf 90' lang='lat' dir='ltr'>Deus,</span> <span class='ocrx_word' id='word_1_330' title='bbox 1066 2608 1215 2659; x_wconf 89' lang='lat' dir='ltr'>Deus</span> <span class='ocrx_word' id='word_1_331' title='bbox 1244 2609 1408 2671; x_wconf 89' lang='lat' dir='ltr'>tuus,</span> <span class='ocrx_word' id='word_1_332' title='bbox 1431 2606 1554 2661; x_wconf 91' lang='lat' dir='ltr'>oleo</span> <span class='ocrx_word' id='word_1_333' title='bbox 1588 2604 1993 2662; x_wconf 86' lang='lat' dir='ltr'>exsultationis</span> 
     </span>
    </p>
   </div>
   <div class='ocr_carea' id='block_1_45' title="bbox 349 2692 1990 2765">
    <p class='ocr_par' dir='ltr' id='par_1_45' title="bbox 349 2692 1990 2765">
     <span class='ocr_line' id='line_1_45' title="bbox 349 2692 1990 2765; baseline 0.001 -16"><span class='ocrx_word' id='word_1_334' title='bbox 349 2709 465 2765; x_wconf 67' lang='lat' dir='ltr'>pra</span> <span class='ocrx_word' id='word_1_335' title='bbox 504 2692 878 2748; x_wconf 89' lang='lat' dir='ltr'>consortibus</span> <span class='ocrx_word' id='word_1_336' title='bbox 920 2692 1039 2749; x_wconf 90' lang='lat' dir='ltr'>tuis</span> <span class='ocrx_word' id='word_1_337' title='bbox 1059 2694 1140 2762; x_wconf 62' lang='lat'>&#39;9;</span> <span class='ocrx_word' id='word_1_338' title='bbox 1166 2716 1194 2743; x_wconf 84' lang='lat'>»</span> <span class='ocrx_word' id='word_1_339' title='bbox 1228 2710 1299 2751; x_wconf 92' lang='lat' dir='ltr'>ne</span> <span class='ocrx_word' id='word_1_340' title='bbox 1349 2710 1417 2750; x_wconf 83' lang='lat' dir='ltr'>ex</span> <span class='ocrx_word' id='word_1_341' title='bbox 1461 2694 1642 2751; x_wconf 87' lang='lat' dir='ltr'>simili</span> <span class='ocrx_word' id='word_1_342' title='bbox 1690 2694 1990 2765; x_wconf 88' lang='lat' dir='ltr'>vocabulo,</span> 
     </span>
    </p>
   </div>
   <div class='ocr_carea' id='block_1_46' title="bbox 348 2781 1991 2855">
    <p class='ocr_par' dir='ltr' id='par_1_46' title="bbox 348 2781 1991 2855">
     <span class='ocr_line' id='line_1_46' title="bbox 348 2781 1991 2855; baseline 0 -17"><span class='ocrx_word' id='word_1_343' title='bbox 348 2782 642 2838; x_wconf 89' lang='lat' dir='ltr'>unctionis</span> <span class='ocrx_word' id='word_1_344' title='bbox 673 2781 1066 2853; x_wconf 76' lang='lat' dir='ltr'>aequalitatem</span> <span class='ocrx_word' id='word_1_345' title='bbox 1108 2787 1345 2855; x_wconf 86' lang='lat' dir='ltr'>putares</span> <span class='ocrx_word' id='word_1_346' title='bbox 1376 2800 1504 2841; x_wconf 89' lang='lat' dir='ltr'>esse</span> <span class='ocrx_word' id='word_1_347' title='bbox 1552 2785 1609 2839; x_wconf 91' lang='lat' dir='ltr'>in</span> <span class='ocrx_word' id='word_1_348' title='bbox 1662 2783 1733 2841; x_wconf 89' lang='lat' dir='ltr'>iis</span> <span class='ocrx_word' id='word_1_349' title='bbox 1776 2783 1991 2840; x_wconf 86' lang='lat' dir='ltr'>verbis.</span> 
     </span>
    </p>
   </div>
   <div class='ocr_carea' id='block_1_47' title="bbox 344 2870 1995 2940">
    <p class='ocr_par' dir='ltr' id='par_1_47' title="bbox 344 2870 1995 2940">
     <span class='ocr_line' id='line_1_47' title="bbox 344 2870 1995 2940; baseline 0.001 -13"><span class='ocrx_word' id='word_1_350' title='bbox 344 2872 567 2928; x_wconf 88' lang='lat' dir='ltr'>Unctus</span> <span class='ocrx_word' id='word_1_351' title='bbox 597 2876 689 2927; x_wconf 85' lang='lat' dir='ltr'>est</span> <span class='ocrx_word' id='word_1_352' title='bbox 717 2870 919 2940; x_wconf 88' lang='lat' dir='ltr'>David,</span> <span class='ocrx_word' id='word_1_353' title='bbox 953 2876 1165 2928; x_wconf 81' lang='lat' dir='ltr'>unctus</span> <span class='ocrx_word' id='word_1_354' title='bbox 1194 2878 1284 2929; x_wconf 90' lang='lat' dir='ltr'>est</span> <span class='ocrx_word' id='word_1_355' title='bbox 1330 2878 1388 2929; x_wconf 91' lang='lat' dir='ltr'>et</span> <span class='ocrx_word' id='word_1_356' title='bbox 1429 2874 1729 2929; x_wconf 89' lang='lat' dir='ltr'>Christus:</span> <span class='ocrx_word' id='word_1_357' title='bbox 1764 2874 1865 2930; x_wconf 90' lang='lat' dir='ltr'>sed</span> <span class='ocrx_word' id='word_1_358' title='bbox 1897 2873 1995 2929; x_wconf 89' lang='lat' dir='ltr'>ille</span> 
     </span>
    </p>
   </div>
   <div class='ocr_carea' id='block_1_48' title="bbox 347 2961 1993 3035">
    <p class='ocr_par' dir='ltr' id='par_1_48' title="bbox 347 2961 1993 3035">
     <span class='ocr_line' id='line_1_48' title="bbox 347 2961 1993 3035; baseline 0.002 -19"><span class='ocrx_word' id='word_1_359' title='bbox 347 2962 419 3016; x_wconf 92' lang='lat' dir='ltr'>ab</span> <span class='ocrx_word' id='word_1_360' title='bbox 449 2961 710 3025; x_wconf 89' lang='lat' dir='ltr'>homine,</span> <span class='ocrx_word' id='word_1_361' title='bbox 745 2961 838 3014; x_wconf 92' lang='lat' dir='ltr'>hic</span> <span class='ocrx_word' id='word_1_362' title='bbox 870 2978 904 3016; x_wconf 88' lang='lat' dir='ltr'>a</span> <span class='ocrx_word' id='word_1_363' title='bbox 934 2961 1102 3017; x_wconf 87' lang='lat' dir='ltr'>Patre</span> <span class='ocrx_word' id='word_1_364' title='bbox 1143 2968 1354 3018; x_wconf 89' lang='lat' dir='ltr'>unctus</span> <span class='ocrx_word' id='word_1_365' title='bbox 1393 2969 1482 3018; x_wconf 89' lang='lat' dir='ltr'>est</span> <span class='ocrx_word' id='word_1_366' title='bbox 1512 2981 1525 3019; x_wconf 90' lang='lat'><strong>:</strong></span> <span class='ocrx_word' id='word_1_367' title='bbox 1559 2969 1765 3035; x_wconf 89' lang='lat' dir='ltr'>estque</span> <span class='ocrx_word' id='word_1_368' title='bbox 1796 2963 1993 3019; x_wconf 88' lang='lat' dir='ltr'>unctio</span> 
     </span>
    </p>
   </div>
   <div class='ocr_carea' id='block_1_49' title="bbox 346 3048 1992 3125">
    <p class='ocr_par' dir='ltr' id='par_1_49' title="bbox 346 3048 1992 3125">
     <span class='ocr_line' id='line_1_49' title="bbox 346 3048 1992 3125; baseline 0.003 -22"><span class='ocrx_word' id='word_1_369' title='bbox 346 3048 448 3103; x_wconf 91' lang='lat' dir='ltr'>illa</span> <span class='ocrx_word' id='word_1_370' title='bbox 503 3048 851 3118; x_wconf 75' lang='lat' dir='ltr'>ineffabilia,</span> <span class='ocrx_word' id='word_1_371' title='bbox 904 3065 1113 3121; x_wconf 87' lang='lat' dir='ltr'>resque</span> <span class='ocrx_word' id='word_1_372' title='bbox 1168 3050 1279 3106; x_wconf 66' lang='lat' dir='ltr'>illa:</span> <span class='ocrx_word' id='word_1_373' title='bbox 1348 3051 1992 3125; x_wconf 88' lang='lat' dir='ltr'>incomprehensibiles.</span> 
     </span>
    </p>
   </div>
   <div class='ocr_carea' id='block_1_50' title="bbox 355 3137 1995 3215">
    <p class='ocr_par' dir='ltr' id='par_1_50' title="bbox 355 3137 1995 3215">
     <span class='ocr_line' id='line_1_50' title="bbox 355 3137 1995 3215; baseline 0.003 -23"><span class='ocrx_word' id='word_1_374' title='bbox 355 3139 542 3203; x_wconf 85' lang='lat' dir='ltr'>Quare</span> <span class='ocrx_word' id='word_1_375' title='bbox 574 3137 657 3192; x_wconf 90' lang='lat' dir='ltr'>ait</span> <span class='ocrx_word' id='word_1_376' title='bbox 680 3137 991 3194; x_wconf 88' lang='lat' dir='ltr'>Psalmista</span> <span class='ocrx_word' id='word_1_377' title='bbox 1023 3155 1073 3194; x_wconf 73' lang='grc' dir='ltr'>ει</span> <span class='ocrx_word' id='word_1_378' title='bbox 1108 3139 1244 3195; x_wconf 94' lang='lat' dir='ltr'>Oleo</span> <span class='ocrx_word' id='word_1_379' title='bbox 1275 3140 1685 3199; x_wconf 81' lang='lat' dir='ltr'>exsultationis</span> <span class='ocrx_word' id='word_1_380' title='bbox 1714 3159 1832 3215; x_wconf 60' lang='lat' dir='ltr'>prae</span> <span class='ocrx_word' id='word_1_381' title='bbox 1862 3159 1995 3198; x_wconf 91' lang='lat' dir='ltr'>con-</span> 
     </span>
    </p>
   </div>
   <div class='ocr_carea' id='block_1_51' title="bbox 356 3226 2000 3302">
    <p class='ocr_par' dir='ltr' id='par_1_51' title="bbox 356 3226 2000 3302">
     <span class='ocr_line' id='line_1_51' title="bbox 356 3226 2000 3302; baseline 0.002 -19"><span class='ocrx_word' id='word_1_382' title='bbox 356 3226 620 3283; x_wconf 87' lang='lat' dir='ltr'>sortibus</span> <span class='ocrx_word' id='word_1_383' title='bbox 678 3226 814 3281; x_wconf 90' lang='lat' dir='ltr'>tuis.</span> <span class='ocrx_word' id='word_1_384' title='bbox 849 3249 879 3277; x_wconf 82' lang='lat'><strong>»</strong></span> <span class='ocrx_word' id='word_1_385' title='bbox 927 3230 1237 3285; x_wconf 80' lang='lat' dir='ltr'>Consortes</span> <span class='ocrx_word' id='word_1_386' title='bbox 1292 3230 1515 3287; x_wconf 86' lang='lat' dir='ltr'>scilicet</span> <span class='ocrx_word' id='word_1_387' title='bbox 1570 3232 2000 3302; x_wconf 86' lang='lat' dir='ltr'>similitudinis,</span> 
     </span>
    </p>
   </div>
   <div class='ocr_carea' id='block_1_52' title="bbox 359 3315 2001 3392">
    <p class='ocr_par' dir='ltr' id='par_1_52' title="bbox 359 3315 2001 3392">
     <span class='ocr_line' id='line_1_52' title="bbox 359 3315 2001 3392; baseline 0.005 -23"><span class='ocrx_word' id='word_1_388' title='bbox 359 3315 503 3388; x_wconf 86' lang='lat' dir='ltr'>quin</span> <span class='ocrx_word' id='word_1_389' title='bbox 535 3331 736 3387; x_wconf 89' lang='lat' dir='ltr'>parem</span> <span class='ocrx_word' id='word_1_390' title='bbox 781 3315 1034 3372; x_wconf 89' lang='lat' dir='ltr'>habeant</span> <span class='ocrx_word' id='word_1_391' title='bbox 1058 3318 1412 3375; x_wconf 89' lang='lat' dir='ltr'>unctionem.</span> <span class='ocrx_word' id='word_1_392' title='bbox 1448 3320 1669 3392; x_wconf 88' lang='lat' dir='ltr'>Ubique</span> <span class='ocrx_word' id='word_1_393' title='bbox 1716 3321 1872 3378; x_wconf 82' lang='lat' dir='ltr'>enim</span> <span class='ocrx_word' id='word_1_394' title='bbox 1921 3323 2001 3377; x_wconf 90' lang='lat' dir='ltr'>si-</span> 
     </span>
    </p>
   </div>
   <div class='ocr_carea' id='block_1_53' title="bbox 363 3403 2001 3478">
    <p class='ocr_par' dir='ltr' id='par_1_53' title="bbox 363 3403 2001 3478">
     <span class='ocr_line' id='line_1_53' title="bbox 363 3403 2001 3478; baseline 0.005 -19"><span class='ocrx_word' id='word_1_395' title='bbox 363 3403 759 3459; x_wconf 88' lang='lat' dir='ltr'>militudinem</span> <span class='ocrx_word' id='word_1_396' title='bbox 792 3404 1021 3476; x_wconf 84' lang='lat' dir='ltr'>retinet,</span> <span class='ocrx_word' id='word_1_397' title='bbox 1054 3410 1111 3462; x_wconf 91' lang='lat' dir='ltr'>et</span> <span class='ocrx_word' id='word_1_398' title='bbox 1140 3409 1533 3478; x_wconf 67' lang='lat' dir='ltr'>praastantiam</span> <span class='ocrx_word' id='word_1_399' title='bbox 1567 3410 1647 3465; x_wconf 92' lang='lat' dir='ltr'>rei</span> <span class='ocrx_word' id='word_1_400' title='bbox 1679 3416 2001 3469; x_wconf 87' lang='lat' dir='ltr'>conservat.</span> 
     </span>
    </p>
   </div>
   <div class='ocr_carea' id='block_1_54' title="bbox 364 3493 2003 3571">
    <p class='ocr_par' dir='ltr' id='par_1_54' title="bbox 364 3493 2003 3571">
     <span class='ocr_line' id='line_1_54' title="bbox 364 3493 2003 3571; baseline 0.004 -20"><span class='ocrx_word' id='word_1_401' title='bbox 364 3494 546 3551; x_wconf 89' lang='lat' dir='ltr'>David</span> <span class='ocrx_word' id='word_1_402' title='bbox 578 3493 775 3566; x_wconf 89' lang='lat' dir='ltr'>itaque</span> <span class='ocrx_word' id='word_1_403' title='bbox 823 3497 1036 3551; x_wconf 91' lang='lat' dir='ltr'>unctus</span> <span class='ocrx_word' id='word_1_404' title='bbox 1069 3513 1100 3552; x_wconf 87' lang='lat' dir='ltr'>a</span> <span class='ocrx_word' id='word_1_405' title='bbox 1131 3496 1420 3567; x_wconf 88' lang='lat' dir='ltr'>Samuele,</span> <span class='ocrx_word' id='word_1_406' title='bbox 1452 3501 1712 3571; x_wconf 82' lang='lat' dir='ltr'>privatus</span> <span class='ocrx_word' id='word_1_407' title='bbox 1743 3502 1959 3557; x_wconf 84' lang='lat' dir='ltr'>mansit</span> <span class='ocrx_word' id='word_1_408' title='bbox 1990 3520 2003 3558; x_wconf 91' lang='lat'><strong>:</strong></span> 
     </span>
    </p>
   </div>
   <div class='ocr_carea' id='block_1_55' title="bbox 367 3583 2008 3664">
    <p class='ocr_par' dir='ltr' id='par_1_55' title="bbox 367 3583 2008 3664">
     <span class='ocr_line' id='line_1_55' title="bbox 367 3583 2008 3664; baseline 0.005 -24"><span class='ocrx_word' id='word_1_409' title='bbox 367 3583 509 3640; x_wconf 87' lang='lat' dir='ltr'>Saul</span> <span class='ocrx_word' id='word_1_410' title='bbox 540 3600 695 3650; x_wconf 91' lang='lat' dir='ltr'>vero,</span> <span class='ocrx_word' id='word_1_411' title='bbox 727 3585 1115 3656; x_wconf 87' lang='lat' dir='ltr'>transgressis</span> <span class='ocrx_word' id='word_1_412' title='bbox 1138 3585 1241 3642; x_wconf 93' lang='lat' dir='ltr'>Dei</span> <span class='ocrx_word' id='word_1_413' title='bbox 1273 3590 1596 3661; x_wconf 72' lang='lat' dir='ltr'>praaceptis,</span> <span class='ocrx_word' id='word_1_414' title='bbox 1630 3590 1861 3663; x_wconf 91' lang='lat' dir='ltr'>impuro</span> <span class='ocrx_word' id='word_1_415' title='bbox 1894 3592 2008 3664; x_wconf 85' lang='lat' dir='ltr'>spi-</span> 
     </span>
    </p>
   </div>
   <div class='ocr_carea' id='block_1_56' title="bbox 361 3672 2006 3750">
    <p class='ocr_par' dir='ltr' id='par_1_56' title="bbox 361 3672 2006 3750">
     <span class='ocr_line' id='line_1_56' title="bbox 361 3672 2006 3750; baseline 0.005 -22"><span class='ocrx_word' id='word_1_416' title='bbox 361 3673 499 3728; x_wconf 89' lang='lat' dir='ltr'>ritui</span> <span class='ocrx_word' id='word_1_417' title='bbox 529 3672 779 3729; x_wconf 90' lang='lat' dir='ltr'>traditus</span> <span class='ocrx_word' id='word_1_418' title='bbox 826 3677 936 3729; x_wconf 87' lang='lat' dir='ltr'>est.</span> <span class='ocrx_word' id='word_1_419' title='bbox 965 3674 1261 3733; x_wconf 86' lang='lat' dir='ltr'>Psallebat</span> <span class='ocrx_word' id='word_1_420' title='bbox 1308 3678 1509 3746; x_wconf 82' lang='lat' dir='ltr'>David,</span> <span class='ocrx_word' id='word_1_421' title='bbox 1542 3680 1890 3750; x_wconf 86' lang='lat' dir='ltr'>pastoralem</span> <span class='ocrx_word' id='word_1_422' title='bbox 1921 3684 2006 3736; x_wconf 86' lang='lat' dir='ltr'>te-</span> 
     </span>
    </p>
   </div>
   <div class='ocr_carea' id='block_1_57' title="bbox 361 3762 2009 3840">
    <p class='ocr_par' dir='ltr' id='par_1_57' title="bbox 361 3762 2009 3840">
     <span class='ocr_line' id='line_1_57' title="bbox 361 3762 2009 3840; baseline 0.004 -22"><span class='ocrx_word' id='word_1_423' title='bbox 361 3779 508 3819; x_wconf 91' lang='lat' dir='ltr'>nens</span> <span class='ocrx_word' id='word_1_424' title='bbox 537 3762 846 3835; x_wconf 87' lang='lat' dir='ltr'>citharam,</span> <span class='ocrx_word' id='word_1_425' title='bbox 869 3765 926 3819; x_wconf 90' lang='lat' dir='ltr'>in</span> <span class='ocrx_word' id='word_1_426' title='bbox 958 3765 1321 3839; x_wconf 86' lang='lat' dir='ltr'>desertisque</span> <span class='ocrx_word' id='word_1_427' title='bbox 1342 3767 1561 3840; x_wconf 88' lang='lat' dir='ltr'>degens</span> <span class='ocrx_word' id='word_1_428' title='bbox 1588 3768 1751 3837; x_wconf 88' lang='lat' dir='ltr'>locis,</span> <span class='ocrx_word' id='word_1_429' title='bbox 1777 3770 2009 3825; x_wconf 88' lang='lat' dir='ltr'>nemine</span> 
     </span>
    </p>
   </div>
   <div class='ocr_carea' id='block_1_58' title="bbox 363 3852 2006 3932">
    <p class='ocr_par' dir='ltr' id='par_1_58' title="bbox 363 3852 2006 3932">
     <span class='ocr_line' id='line_1_58' title="bbox 363 3852 2006 3932; baseline 0.005 -25"><span class='ocrx_word' id='word_1_430' title='bbox 363 3852 601 3925; x_wconf 89' lang='lat' dir='ltr'>quicum</span> <span class='ocrx_word' id='word_1_431' title='bbox 635 3852 997 3910; x_wconf 87' lang='lat' dir='ltr'>fabularetur</span> <span class='ocrx_word' id='word_1_432' title='bbox 1033 3860 1334 3927; x_wconf 69' lang='lat' dir='ltr'>praesente.</span> <span class='ocrx_word' id='word_1_433' title='bbox 1368 3857 1663 3914; x_wconf 88' lang='lat' dir='ltr'>Citharam</span> <span class='ocrx_word' id='word_1_434' title='bbox 1695 3859 2006 3932; x_wconf 85' lang='lat' dir='ltr'>compegit,</span> 
     </span>
    </p>
   </div>
   <div class='ocr_carea' id='block_1_59' title="bbox 362 3942 2008 4022">
    <p class='ocr_par' dir='ltr' id='par_1_59' title="bbox 362 3942 2008 4022">
     <span class='ocr_line' id='line_1_59' title="bbox 362 3942 2008 4022; baseline 0.003 -23"><span class='ocrx_word' id='word_1_435' title='bbox 362 3958 431 3999; x_wconf 87' lang='lat' dir='ltr'>ex</span> <span class='ocrx_word' id='word_1_436' title='bbox 474 3942 645 4013; x_wconf 86' lang='lat' dir='ltr'>cujus</span> <span class='ocrx_word' id='word_1_437' title='bbox 696 3942 1025 4014; x_wconf 89' lang='lat' dir='ltr'>pulsatione</span> <span class='ocrx_word' id='word_1_438' title='bbox 1069 3949 1125 4000; x_wconf 93' lang='lat' dir='ltr'>et</span> <span class='ocrx_word' id='word_1_439' title='bbox 1170 3950 1454 4003; x_wconf 89' lang='lat' dir='ltr'>concentu</span> <span class='ocrx_word' id='word_1_440' title='bbox 1509 3949 1625 4004; x_wconf 91' lang='lat' dir='ltr'>duo</span> <span class='ocrx_word' id='word_1_441' title='bbox 1683 3949 1742 4003; x_wconf 91' lang='lat' dir='ltr'>in</span> <span class='ocrx_word' id='word_1_442' title='bbox 1804 3949 2008 4022; x_wconf 89' lang='lat' dir='ltr'>primis</span> 
     </span>
    </p>
   </div>
   <div class='ocr_carea' id='block_1_60' title="bbox 366 4031 2009 4104">
    <p class='ocr_par' dir='ltr' id='par_1_60' title="bbox 366 4031 2009 4104">
     <span class='ocr_line' id='line_1_60' title="bbox 366 4031 2009 4104; baseline 0.005 -19"><span class='ocrx_word' id='word_1_443' title='bbox 366 4031 873 4102; x_wconf 87' lang='lat' dir='ltr'>consequebatur:</span> <span class='ocrx_word' id='word_1_444' title='bbox 900 4032 1239 4104; x_wconf 83' lang='lat' dir='ltr'>hujusmodi</span> <span class='ocrx_word' id='word_1_445' title='bbox 1272 4053 1414 4092; x_wconf 82' lang='lat' dir='ltr'>sono</span> <span class='ocrx_word' id='word_1_446' title='bbox 1444 4036 1703 4094; x_wconf 90' lang='lat' dir='ltr'>locorum</span> <span class='ocrx_word' id='word_1_447' title='bbox 1738 4038 2009 4095; x_wconf 88' lang='lat' dir='ltr'>solitudi-</span> 
     </span>
    </p>
   </div>
   <div class='ocr_carea' id='block_1_61' title="bbox 367 4118 2008 4193">
    <p class='ocr_par' dir='ltr' id='par_1_61' title="bbox 367 4118 2008 4193">
     <span class='ocr_line' id='line_1_61' title="bbox 367 4118 2008 4193; baseline 0.006 -19"><span class='ocrx_word' id='word_1_448' title='bbox 367 4135 501 4175; x_wconf 91' lang='lat' dir='ltr'>nem</span> <span class='ocrx_word' id='word_1_449' title='bbox 532 4118 857 4193; x_wconf 88' lang='lat' dir='ltr'>mitigabat,</span> <span class='ocrx_word' id='word_1_450' title='bbox 892 4138 997 4178; x_wconf 91' lang='lat' dir='ltr'>nec</span> <span class='ocrx_word' id='word_1_451' title='bbox 1044 4122 1102 4178; x_wconf 92' lang='lat' dir='ltr'>in</span> <span class='ocrx_word' id='word_1_452' title='bbox 1153 4124 1470 4183; x_wconf 85' lang='lat' dir='ltr'>dissolutas</span> <span class='ocrx_word' id='word_1_453' title='bbox 1500 4128 1801 4184; x_wconf 88' lang='lat' dir='ltr'>cantiones</span> <span class='ocrx_word' id='word_1_454' title='bbox 1849 4127 2008 4184; x_wconf 85' lang='lat' dir='ltr'>dela-</span> 
     </span>
    </p>
   </div>
   <div class='ocr_carea' id='block_1_62' title="bbox 366 4208 2011 4287">
    <p class='ocr_par' dir='ltr' id='par_1_62' title="bbox 366 4208 2011 4287">
     <span class='ocr_line' id='line_1_62' title="bbox 366 4208 2011 4287; baseline 0.006 -23"><span class='ocrx_word' id='word_1_455' title='bbox 366 4208 632 4276; x_wconf 88' lang='lat' dir='ltr'>bebatur,</span> <span class='ocrx_word' id='word_1_456' title='bbox 686 4210 786 4266; x_wconf 91' lang='lat' dir='ltr'>sed</span> <span class='ocrx_word' id='word_1_457' title='bbox 836 4211 1094 4282; x_wconf 79' lang='lat' dir='ltr'>psalmos</span> <span class='ocrx_word' id='word_1_458' title='bbox 1143 4214 1409 4282; x_wconf 89' lang='lat' dir='ltr'>canebat,</span> <span class='ocrx_word' id='word_1_459' title='bbox 1443 4232 1694 4287; x_wconf 89' lang='lat' dir='ltr'>quorum</span> <span class='ocrx_word' id='word_1_460' title='bbox 1745 4218 2011 4274; x_wconf 88' lang='lat' dir='ltr'>modula-</span> 
     </span>
    </p>
   </div>
   <div class='ocr_carea' id='block_1_63' title="bbox 366 4297 2010 4379">
    <p class='ocr_par' dir='ltr' id='par_1_63' title="bbox 366 4297 2010 4379">
     <span class='ocr_line' id='line_1_63' title="bbox 366 4297 2010 4379; baseline 0.007 -27"><span class='ocrx_word' id='word_1_461' title='bbox 366 4297 525 4353; x_wconf 90' lang='lat' dir='ltr'>tione</span> <span class='ocrx_word' id='word_1_462' title='bbox 567 4297 974 4366; x_wconf 90' lang='lat' dir='ltr'>delectaretur,</span> <span class='ocrx_word' id='word_1_463' title='bbox 1001 4304 1058 4356; x_wconf 89' lang='lat' dir='ltr'>et</span> <span class='ocrx_word' id='word_1_464' title='bbox 1087 4302 1300 4372; x_wconf 88' lang='lat' dir='ltr'>pietate</span> <span class='ocrx_word' id='word_1_465' title='bbox 1338 4305 1661 4374; x_wconf 89' lang='lat' dir='ltr'>juvaretur.</span> <span class='ocrx_word' id='word_1_466' title='bbox 1696 4306 1763 4362; x_wconf 89' lang='lat' dir='ltr'>Et</span> <span class='ocrx_word' id='word_1_467' title='bbox 1794 4307 2010 4379; x_wconf 83' lang='lat' dir='ltr'>psalle-</span> 
     </span>
    </p>
   </div>
   <div class='ocr_carea' id='block_1_64' title="bbox 371 4386 2012 4453">
    <p class='ocr_par' dir='ltr' id='par_1_64' title="bbox 371 4386 2012 4453">
     <span class='ocr_line' id='line_1_64' title="bbox 371 4386 2012 4453; baseline 0.007 -12"><span class='ocrx_word' id='word_1_468' title='bbox 371 4387 474 4441; x_wconf 90' lang='lat' dir='ltr'>bat</span> <span class='ocrx_word' id='word_1_469' title='bbox 533 4386 592 4441; x_wconf 90' lang='lat' dir='ltr'>in</span> <span class='ocrx_word' id='word_1_470' title='bbox 650 4388 897 4444; x_wconf 90' lang='lat' dir='ltr'>desertis</span> <span class='ocrx_word' id='word_1_471' title='bbox 957 4404 969 4444; x_wconf 90' lang='lat'>:</span> <span class='ocrx_word' id='word_1_472' title='bbox 1025 4409 1047 4438; x_wconf 77' lang='grc' dir='ltr'><strong>α</strong></span> <span class='ocrx_word' id='word_1_473' title='bbox 1096 4389 1448 4447; x_wconf 89' lang='lat' dir='ltr'>Altitudines</span> <span class='ocrx_word' id='word_1_474' title='bbox 1506 4394 1792 4450; x_wconf 89' lang='lat' dir='ltr'>montium</span> <span class='ocrx_word' id='word_1_475' title='bbox 1852 4396 2012 4453; x_wconf 90' lang='lat' dir='ltr'>illius</span> 
     </span>
    </p>
   </div>
   <div class='ocr_carea' id='block_1_65' title="bbox 2090 1780 3741 1868">
    <p class='ocr_par' dir='ltr' id='par_1_65' title="bbox 2090 1780 3741 1868">
     <span class='ocr_line' id='line_1_65' title="bbox 2090 1780 3741 1868; baseline -0.005 -21"><span class='ocrx_word' id='word_1_476' title='bbox 2090 1793 2226 1868; x_wconf 86' lang='grc' dir='ltr'>γίως</span> <span class='ocrx_word' id='word_1_477' title='bbox 2288 1791 2523 1866; x_wconf 77' lang='grc' dir='ltr'>ἐμήνυσε</span> <span class='ocrx_word' id='word_1_478' title='bbox 2594 1791 2657 1845; x_wconf 89' lang='grc' dir='ltr'>τὸ</span> <span class='ocrx_word' id='word_1_479' title='bbox 2716 1788 2970 1863; x_wconf 80' lang='grc' dir='ltr'>ἐσόμενον</span> <span class='ocrx_word' id='word_1_480' title='bbox 3030 1791 3065 1859; x_wconf 78' lang='grc' dir='ltr'><strong>ἡ</strong></span> <span class='ocrx_word' id='word_1_481' title='bbox 3113 1788 3321 1866; x_wconf 79' lang='grc' dir='ltr'>Γραφή·</span> <span class='ocrx_word' id='word_1_482' title='bbox 3372 1785 3503 1861; x_wconf 82' lang='grc' dir='ltr'>Χεὶρ</span> <span class='ocrx_word' id='word_1_483' title='bbox 3554 1780 3741 1842; x_wconf 73' lang='grc' dir='ltr'>Ἀϐεσ-</span> 
     </span>
    </p>
   </div>
   <div class='ocr_carea' id='block_1_66' title="bbox 2092 1872 3743 1955">
    <p class='ocr_par' dir='ltr' id='par_1_66' title="bbox 2092 1872 3743 1955">
     <span class='ocr_line' id='line_1_66' title="bbox 2092 1872 3743 1955; baseline -0.006 -18"><span class='ocrx_word' id='word_1_484' title='bbox 2092 1880 2311 1954; x_wconf 85' lang='grc' dir='ltr'>σαλὼμ,</span> <span class='ocrx_word' id='word_1_485' title='bbox 2345 1882 2436 1936; x_wconf 81' lang='grc' dir='ltr'>καὶ</span> <span class='ocrx_word' id='word_1_486' title='bbox 2490 1883 2597 1934; x_wconf 82' lang='grc' dir='ltr'>τῶν</span> <span class='ocrx_word' id='word_1_487' title='bbox 2656 1878 2993 1955; x_wconf 85' lang='grc' dir='ltr'>πραγμάτων</span> <span class='ocrx_word' id='word_1_488' title='bbox 3055 1875 3278 1938; x_wconf 73' lang='grc' dir='ltr'>εἰκόνες.</span> <span class='ocrx_word' id='word_1_489' title='bbox 3324 1878 3491 1936; x_wconf 73' lang='grc' dir='ltr'>’Ὀσας</span> <span class='ocrx_word' id='word_1_490' title='bbox 3548 1872 3743 1947; x_wconf 79' lang='grc' dir='ltr'>ὁμοιό-</span> 
     </span>
    </p>
   </div>
   <div class='ocr_carea' id='block_1_67' title="bbox 2091 1963 3255 2044">
    <p class='ocr_par' dir='ltr' id='par_1_67' title="bbox 2091 1963 3255 2044">
     <span class='ocr_line' id='line_1_67' title="bbox 2091 1963 3255 2044; baseline -0.005 -18"><span class='ocrx_word' id='word_1_491' title='bbox 2091 1991 2259 2042; x_wconf 86' lang='grc' dir='ltr'>τητας</span> <span class='ocrx_word' id='word_1_492' title='bbox 2288 1968 2405 2044; x_wconf 78' lang='grc' dir='ltr'>ἔχει</span> <span class='ocrx_word' id='word_1_493' title='bbox 2439 1969 2467 2023; x_wconf 93' lang='lat'>6</span> <span class='ocrx_word' id='word_1_494' title='bbox 2499 1963 2664 2023; x_wconf 78' lang='grc' dir='ltr'>Δαϐὶδ</span> <span class='ocrx_word' id='word_1_495' title='bbox 2695 1967 2832 2042; x_wconf 84' lang='grc' dir='ltr'>πρὸς</span> <span class='ocrx_word' id='word_1_496' title='bbox 2858 1968 2950 2021; x_wconf 83' lang='grc' dir='ltr'>τὸν</span> <span class='ocrx_word' id='word_1_497' title='bbox 2985 1966 3255 2040; x_wconf 75' lang='grc' dir='ltr'>Σωτῆραί</span> 
     </span>
    </p>
   </div>
   <div class='ocr_carea' id='block_1_68' title="bbox 2166 2066 3747 2147">
    <p class='ocr_par' dir='ltr' id='par_1_68' title="bbox 2166 2066 3747 2147">
     <span class='ocr_line' id='line_1_68' title="bbox 2166 2066 3747 2147; baseline -0.009 -13"><span class='ocrx_word' id='word_1_498' title='bbox 2166 2078 2255 2134; x_wconf 72' lang='grc'>40.</span> <span class='ocrx_word' id='word_1_499' title='bbox 2291 2075 2464 2137; x_wconf 84' lang='grc' dir='ltr'>Οὗτος</span> <span class='ocrx_word' id='word_1_500' title='bbox 2494 2074 2674 2129; x_wconf 87' lang='grc' dir='ltr'>τοίνυν</span> <span class='ocrx_word' id='word_1_501' title='bbox 2708 2074 2736 2128; x_wconf 93' lang='lat'>6</span> <span class='ocrx_word' id='word_1_502' title='bbox 2769 2067 2959 2140; x_wconf 74' lang='grc' dir='ltr'>Δαϐὶδ,</span> <span class='ocrx_word' id='word_1_503' title='bbox 2990 2069 3237 2147; x_wconf 78' lang='grc' dir='ltr'>χρισθεὶς</span> <span class='ocrx_word' id='word_1_504' title='bbox 3269 2067 3343 2132; x_wconf 80' lang='grc' dir='ltr'>εἷς</span> <span class='ocrx_word' id='word_1_505' title='bbox 3386 2066 3611 2145; x_wconf 84' lang='grc' dir='ltr'>βασιλέα</span> <span class='ocrx_word' id='word_1_506' title='bbox 3639 2066 3747 2121; x_wconf 81' lang='grc' dir='ltr'>ὑπὸ</span> 
     </span>
    </p>
   </div>
   <div class='ocr_carea' id='block_1_69' title="bbox 2093 2154 3749 2237">
    <p class='ocr_par' dir='ltr' id='par_1_69' title="bbox 2093 2154 3749 2237">
     <span class='ocr_line' id='line_1_69' title="bbox 2093 2154 3749 2237; baseline -0.006 -17"><span class='ocrx_word' id='word_1_507' title='bbox 2093 2170 2191 2221; x_wconf 89' lang='grc' dir='ltr'>τοῦ</span> <span class='ocrx_word' id='word_1_508' title='bbox 2250 2162 2539 2237; x_wconf 73' lang='grc' dir='ltr'>Σαμουὴλ,</span> <span class='ocrx_word' id='word_1_509' title='bbox 2572 2160 2741 2235; x_wconf 82' lang='grc' dir='ltr'>ἐλαίῳ</span> <span class='ocrx_word' id='word_1_510' title='bbox 2800 2162 3062 2233; x_wconf 76' lang='grc' dir='ltr'>αἰσθητῷ·</span> <span class='ocrx_word' id='word_1_511' title='bbox 3118 2157 3302 2221; x_wconf 77' lang='grc' dir='ltr'>ἄλλως</span> <span class='ocrx_word' id='word_1_512' title='bbox 3366 2154 3423 2212; x_wconf 78' lang='grc' dir='ltr'>δὶ</span> <span class='ocrx_word' id='word_1_513' title='bbox 3469 2157 3498 2211; x_wconf 90' lang='lat'>6</span> <span class='ocrx_word' id='word_1_514' title='bbox 3550 2157 3749 2229; x_wconf 74' lang='grc' dir='ltr'>Σωτὴρ</span> 
     </span>
    </p>
   </div>
   <div class='ocr_carea' id='block_1_70' title="bbox 2096 2244 3745 2328">
    <p class='ocr_par' dir='ltr' id='par_1_70' title="bbox 2096 2244 3745 2328">
     <span class='ocr_line' id='line_1_70' title="bbox 2096 2244 3745 2328; baseline -0.005 -20"><span class='ocrx_word' id='word_1_515' title='bbox 2096 2256 2256 2326; x_wconf 74' lang='grc' dir='ltr'>ἡμῶν</span> <span class='ocrx_word' id='word_1_516' title='bbox 2290 2252 2696 2328; x_wconf 79' lang='grc' dir='ltr'>ἐχρίσθη.⁹Πῶς</span> <span class='ocrx_word' id='word_1_517' title='bbox 2728 2251 2817 2305; x_wconf 83' lang='grc' dir='ltr'>καὶ</span> <span class='ocrx_word' id='word_1_518' title='bbox 2866 2249 2984 2305; x_wconf 89' lang='grc' dir='ltr'>τίνα</span> <span class='ocrx_word' id='word_1_519' title='bbox 3012 2248 3238 2323; x_wconf 81' lang='grc' dir='ltr'>τρόπον,</span> <span class='ocrx_word' id='word_1_520' title='bbox 3273 2244 3435 2302; x_wconf 72' lang='grc' dir='ltr'>ἄκουε</span> <span class='ocrx_word' id='word_1_521' title='bbox 3480 2249 3577 2302; x_wconf 87' lang='grc' dir='ltr'>τοῦ</span> <span class='ocrx_word' id='word_1_522' title='bbox 3622 2264 3745 2299; x_wconf 83' lang='grc' dir='ltr'>τισ-</span> 
     </span>
    </p>
   </div>
   <div class='ocr_carea' id='block_1_71' title="bbox 2100 2333 3746 2418">
    <p class='ocr_par' dir='ltr' id='par_1_71' title="bbox 2100 2333 3746 2418">
     <span class='ocr_line' id='line_1_71' title="bbox 2100 2333 3746 2418; baseline -0.007 -19"><span class='ocrx_word' id='word_1_523' title='bbox 2100 2346 2434 2418; x_wconf 86' lang='grc' dir='ltr'>σαρακοστοῦ</span> <span class='ocrx_word' id='word_1_524' title='bbox 2480 2340 2737 2417; x_wconf 82' lang='grc' dir='ltr'>τετάρτου</span> <span class='ocrx_word' id='word_1_525' title='bbox 2790 2338 3029 2413; x_wconf 87' lang='grc' dir='ltr'>Ψαλμοῦ</span> <span class='ocrx_word' id='word_1_526' title='bbox 3088 2335 3367 2413; x_wconf 82' lang='grc' dir='ltr'>λέγοντος’</span> <span class='ocrx_word' id='word_1_527' title='bbox 3408 2357 3430 2387; x_wconf 83' lang='grc' dir='ltr'>ι</span> <span class='ocrx_word' id='word_1_528' title='bbox 3462 2336 3524 2392; x_wconf 81' lang='grc' dir='ltr'><strong>Ὀ</strong></span> <span class='ocrx_word' id='word_1_529' title='bbox 3554 2333 3746 2407; x_wconf 79' lang='grc' dir='ltr'>θρόνος</span> 
     </span>
    </p>
   </div>
   <div class='ocr_carea' id='block_1_72' title="bbox 2099 2419 3750 2502">
    <p class='ocr_par' dir='ltr' id='par_1_72' title="bbox 2099 2419 3750 2502">
     <span class='ocr_line' id='line_1_72' title="bbox 2099 2419 3750 2502; baseline -0.007 -14"><span class='ocrx_word' id='word_1_530' title='bbox 2099 2454 2215 2501; x_wconf 89' lang='grc' dir='ltr'>σου,</span> <span class='ocrx_word' id='word_1_531' title='bbox 2248 2433 2276 2486; x_wconf 91' lang='lat'>6</span> <span class='ocrx_word' id='word_1_532' title='bbox 2307 2432 2456 2502; x_wconf 86' lang='grc' dir='ltr'>Θεὸς,</span> <span class='ocrx_word' id='word_1_533' title='bbox 2491 2430 2566 2493; x_wconf 84' lang='grc' dir='ltr'>είς</span> <span class='ocrx_word' id='word_1_534' title='bbox 2596 2430 2688 2485; x_wconf 85' lang='grc' dir='ltr'>τὸν</span> <span class='ocrx_word' id='word_1_535' title='bbox 2744 2428 2916 2484; x_wconf 80' lang='grc' dir='ltr'>αἰῶνα</span> <span class='ocrx_word' id='word_1_536' title='bbox 2958 2431 3057 2483; x_wconf 90' lang='grc' dir='ltr'>τοῦ</span> <span class='ocrx_word' id='word_1_537' title='bbox 3096 2427 3312 2487; x_wconf 56' lang='grc' dir='ltr'>αἰῶνος</span> <span class='ocrx_word' id='word_1_538' title='bbox 3349 2419 3547 2500; x_wconf 77' lang='grc' dir='ltr'>ῥάϐδος</span> <span class='ocrx_word' id='word_1_539' title='bbox 3598 2422 3750 2486; x_wconf 76' lang='grc' dir='ltr'>εὐθύ-</span> 
     </span>
    </p>
   </div>
   <div class='ocr_carea' id='block_1_73' title="bbox 2100 2510 3747 2596">
    <p class='ocr_par' dir='ltr' id='par_1_73' title="bbox 2100 2510 3747 2596">
     <span class='ocr_line' id='line_1_73' title="bbox 2100 2510 3747 2596; baseline -0.007 -20"><span class='ocrx_word' id='word_1_540' title='bbox 2100 2542 2262 2592; x_wconf 92' lang='grc' dir='ltr'>τητος</span> <span class='ocrx_word' id='word_1_541' title='bbox 2321 2523 2356 2591; x_wconf 79' lang='grc' dir='ltr'><strong>ἡ</strong></span> <span class='ocrx_word' id='word_1_542' title='bbox 2416 2514 2614 2596; x_wconf 77' lang='grc' dir='ltr'>ῥάϐδος</span> <span class='ocrx_word' id='word_1_543' title='bbox 2698 2526 2798 2587; x_wconf 84' lang='grc' dir='ltr'>τῆς</span> <span class='ocrx_word' id='word_1_544' title='bbox 2888 2515 3163 2593; x_wconf 87' lang='grc' dir='ltr'>βασιλείας</span> <span class='ocrx_word' id='word_1_545' title='bbox 3253 2535 3371 2571; x_wconf 90' lang='grc' dir='ltr'>σου.</span> <span class='ocrx_word' id='word_1_546' title='bbox 3433 2510 3747 2588; x_wconf 86' lang='grc' dir='ltr'>Ἠγάπησας</span> 
     </span>
    </p>
   </div>
   <div class='ocr_carea' id='block_1_74' title="bbox 2103 2597 3752 2681">
    <p class='ocr_par' dir='ltr' id='par_1_74' title="bbox 2103 2597 3752 2681">
     <span class='ocr_line' id='line_1_74' title="bbox 2103 2597 3752 2681; baseline -0.007 -16"><span class='ocrx_word' id='word_1_547' title='bbox 2103 2608 2470 2680; x_wconf 75' lang='grc' dir='ltr'>δικαιοσύνην,</span> <span class='ocrx_word' id='word_1_548' title='bbox 2501 2608 2591 2663; x_wconf 84' lang='grc' dir='ltr'>καὶ</span> <span class='ocrx_word' id='word_1_549' title='bbox 2624 2606 2884 2681; x_wconf 73' lang='grc' dir='ltr'>ἐμίσησας</span> <span class='ocrx_word' id='word_1_550' title='bbox 2932 2604 3182 2679; x_wconf 83' lang='grc' dir='ltr'>ἀνομίαν.</span> <span class='ocrx_word' id='word_1_551' title='bbox 3216 2603 3313 2658; x_wconf 79' lang='grc' dir='ltr'>Διὰ</span> <span class='ocrx_word' id='word_1_552' title='bbox 3357 2605 3519 2658; x_wconf 90' lang='grc' dir='ltr'>τοῦτο</span> <span class='ocrx_word' id='word_1_553' title='bbox 3562 2597 3752 2676; x_wconf 74' lang='grc' dir='ltr'>ἔχρισέ</span> 
     </span>
    </p>
   </div>
   <div class='ocr_carea' id='block_1_75' title="bbox 2103 2689 3752 2771">
    <p class='ocr_par' dir='ltr' id='par_1_75' title="bbox 2103 2689 3752 2771">
     <span class='ocr_line' id='line_1_75' title="bbox 2103 2689 3752 2771; baseline -0.007 -17"><span class='ocrx_word' id='word_1_554' title='bbox 2103 2720 2161 2754; x_wconf 79' lang='grc' dir='ltr'>σε</span> <span class='ocrx_word' id='word_1_555' title='bbox 2206 2699 2234 2753; x_wconf 93' lang='lat'>6</span> <span class='ocrx_word' id='word_1_556' title='bbox 2291 2698 2440 2771; x_wconf 81' lang='grc' dir='ltr'>Θεὸς,</span> <span class='ocrx_word' id='word_1_557' title='bbox 2490 2697 2520 2750; x_wconf 92' lang='lat'>6</span> <span class='ocrx_word' id='word_1_558' title='bbox 2576 2694 2703 2759; x_wconf 89' lang='grc' dir='ltr'>Θεός</span> <span class='ocrx_word' id='word_1_559' title='bbox 2764 2716 2857 2750; x_wconf 87' lang='grc' dir='ltr'>σου</span> <span class='ocrx_word' id='word_1_560' title='bbox 2914 2691 3095 2751; x_wconf 77' lang='grc' dir='ltr'>ἔλαιον</span> <span class='ocrx_word' id='word_1_561' title='bbox 3158 2689 3539 2768; x_wconf 80' lang='grc' dir='ltr'>ἀγαλλιάσεως</span> <span class='ocrx_word' id='word_1_562' title='bbox 3604 2691 3752 2764; x_wconf 81' lang='grc' dir='ltr'>παρὰ</span> 
     </span>
    </p>
   </div>
   <div class='ocr_carea' id='block_1_76' title="bbox 2100 2778 3748 2863">
    <p class='ocr_par' dir='ltr' id='par_1_76' title="bbox 2100 2778 3748 2863">
     <span class='ocr_line' id='line_1_76' title="bbox 2100 2778 3748 2863; baseline -0.007 -19"><span class='ocrx_word' id='word_1_563' title='bbox 2100 2808 2227 2850; x_wconf 90' lang='grc' dir='ltr'>τους</span> <span class='ocrx_word' id='word_1_564' title='bbox 2262 2787 2531 2863; x_wconf 87' lang='grc' dir='ltr'>μετόχους</span> <span class='ocrx_word' id='word_1_565' title='bbox 2566 2803 2681 2840; x_wconf 75' lang='grc' dir='ltr'>σοῦ’</span> <span class='ocrx_word' id='word_1_566' title='bbox 2719 2806 2747 2835; x_wconf 81' lang='grc'><strong>››</strong></span> <span class='ocrx_word' id='word_1_567' title='bbox 2772 2782 2867 2839; x_wconf 66' lang='grc' dir='ltr'>’ίνα</span> <span class='ocrx_word' id='word_1_568' title='bbox 2897 2784 2975 2857; x_wconf 79' lang='grc' dir='ltr'>μὴ</span> <span class='ocrx_word' id='word_1_569' title='bbox 3004 2786 3072 2857; x_wconf 78' lang='grc' dir='ltr'>τῇ</span> <span class='ocrx_word' id='word_1_570' title='bbox 3104 2778 3423 2855; x_wconf 76' lang='grc' dir='ltr'>δμοιολεξίᾳ</span> <span class='ocrx_word' id='word_1_571' title='bbox 3474 2786 3573 2849; x_wconf 82' lang='grc' dir='ltr'>τῆς</span> <span class='ocrx_word' id='word_1_572' title='bbox 3619 2778 3748 2854; x_wconf 87' lang='grc' dir='ltr'>χρί-</span> 
     </span>
    </p>
   </div>
   <div class='ocr_carea' id='block_1_77' title="bbox 2104 2865 3754 2949">
    <p class='ocr_par' dir='ltr' id='par_1_77' title="bbox 2104 2865 3754 2949">
     <span class='ocr_line' id='line_1_77' title="bbox 2104 2865 3754 2949; baseline -0.007 -17"><span class='ocrx_word' id='word_1_573' title='bbox 2104 2874 2539 2949; x_wconf 81' lang='grc' dir='ltr'>σεως.ἷ’σοτιμίαν</span> <span class='ocrx_word' id='word_1_574' title='bbox 2589 2874 2817 2948; x_wconf 79' lang='grc' dir='ltr'>νομίσῃς</span> <span class='ocrx_word' id='word_1_575' title='bbox 2869 2870 3139 2927; x_wconf 79' lang='grc' dir='ltr'>εἶναιτῶν</span> <span class='ocrx_word' id='word_1_576' title='bbox 3199 2869 3535 2945; x_wconf 78' lang='grc' dir='ltr'>λεγομένων.</span> <span class='ocrx_word' id='word_1_577' title='bbox 3568 2865 3754 2942; x_wconf 86' lang='grc' dir='ltr'>Ἐχρί-</span> 
     </span>
    </p>
   </div>
   <div class='ocr_carea' id='block_1_78' title="bbox 2104 2954 3754 3039">
    <p class='ocr_par' dir='ltr' id='par_1_78' title="bbox 2104 2954 3754 3039">
     <span class='ocr_line' id='line_1_78' title="bbox 2104 2954 3754 3039; baseline -0.008 -18"><span class='ocrx_word' id='word_1_578' title='bbox 2104 2978 2204 3037; x_wconf 84' lang='grc' dir='ltr'>σθη</span> <span class='ocrx_word' id='word_1_579' title='bbox 2240 2960 2427 3035; x_wconf 76' lang='grc' dir='ltr'>Δαϐὶδ,</span> <span class='ocrx_word' id='word_1_580' title='bbox 2458 2963 2686 3039; x_wconf 80' lang='grc' dir='ltr'>ἐχρίσοη</span> <span class='ocrx_word' id='word_1_581' title='bbox 2719 2960 2807 3017; x_wconf 81' lang='grc' dir='ltr'>καὶ</span> <span class='ocrx_word' id='word_1_582' title='bbox 2842 2963 2869 3015; x_wconf 91' lang='lat'>6</span> <span class='ocrx_word' id='word_1_583' title='bbox 2901 2959 3157 3036; x_wconf 72' lang='grc' dir='ltr'>Χριστόςο</span> <span class='ocrx_word' id='word_1_584' title='bbox 3190 2957 3360 3014; x_wconf 77' lang='grc' dir='ltr'>άλλ’ὁ</span> <span class='ocrx_word' id='word_1_585' title='bbox 3394 2958 3488 3031; x_wconf 69' lang='grc' dir='ltr'>μὲν</span> <span class='ocrx_word' id='word_1_586' title='bbox 3522 2954 3754 3032; x_wconf 84' lang='grc' dir='ltr'>έχρίσθη</span> 
     </span>
    </p>
   </div>
   <div class='ocr_carea' id='block_1_79' title="bbox 2110 3044 3758 3129">
    <p class='ocr_par' dir='ltr' id='par_1_79' title="bbox 2110 3044 3758 3129">
     <span class='ocr_line' id='line_1_79' title="bbox 2110 3044 3758 3129; baseline -0.008 -18"><span class='ocrx_word' id='word_1_587' title='bbox 2110 3056 2212 3111; x_wconf 80' lang='grc' dir='ltr'>ὑπὸ</span> <span class='ocrx_word' id='word_1_588' title='bbox 2234 3052 2543 3129; x_wconf 84' lang='grc' dir='ltr'>ἀνθρώπου,</span> <span class='ocrx_word' id='word_1_589' title='bbox 2575 3053 2603 3107; x_wconf 96' lang='lat'>6</span> <span class='ocrx_word' id='word_1_590' title='bbox 2636 3050 2693 3107; x_wconf 80' lang='grc' dir='ltr'>δὶ</span> <span class='ocrx_word' id='word_1_591' title='bbox 2723 3048 2948 3127; x_wconf 78' lang='grc' dir='ltr'>ἐχρίσθη</span> <span class='ocrx_word' id='word_1_592' title='bbox 3009 3048 3067 3105; x_wconf 82' lang='grc' dir='ltr'>έκ</span> <span class='ocrx_word' id='word_1_593' title='bbox 3125 3046 3354 3124; x_wconf 88' lang='grc' dir='ltr'>Πατρός·</span> <span class='ocrx_word' id='word_1_594' title='bbox 3388 3046 3476 3101; x_wconf 84' lang='grc' dir='ltr'>καὶ</span> <span class='ocrx_word' id='word_1_595' title='bbox 3508 3048 3543 3116; x_wconf 79' lang='grc' dir='ltr'>ἡ</span> <span class='ocrx_word' id='word_1_596' title='bbox 3570 3044 3758 3121; x_wconf 87' lang='grc' dir='ltr'>χρίσις</span> 
     </span>
    </p>
   </div>
   <div class='ocr_carea' id='block_1_80' title="bbox 2110 3134 3759 3219">
    <p class='ocr_par' dir='ltr' id='par_1_80' title="bbox 2110 3134 3759 3219">
     <span class='ocr_line' id='line_1_80' title="bbox 2110 3134 3759 3219; baseline -0.007 -19"><span class='ocrx_word' id='word_1_597' title='bbox 2110 3142 2527 3219; x_wconf 78' lang='grc' dir='ltr'>ἀνεκδιήγητος,</span> <span class='ocrx_word' id='word_1_598' title='bbox 2588 3142 2677 3197; x_wconf 86' lang='grc' dir='ltr'>καὶ</span> <span class='ocrx_word' id='word_1_599' title='bbox 2749 3139 3106 3210; x_wconf 86' lang='grc' dir='ltr'>ἀκατάληπτα</span> <span class='ocrx_word' id='word_1_600' title='bbox 3158 3138 3225 3193; x_wconf 70' lang='grc' dir='ltr'>τὰ</span> <span class='ocrx_word' id='word_1_601' title='bbox 3278 3135 3592 3212; x_wconf 85' lang='grc' dir='ltr'>πράγματα.</span> <span class='ocrx_word' id='word_1_602' title='bbox 3651 3134 3759 3189; x_wconf 79' lang='grc' dir='ltr'>Λιά</span> 
     </span>
    </p>
   </div>
   <div class='ocr_carea' id='block_1_81' title="bbox 2107 3220 3760 3307">
    <p class='ocr_par' dir='ltr' id='par_1_81' title="bbox 2107 3220 3760 3307">
     <span class='ocr_line' id='line_1_81' title="bbox 2107 3220 3760 3307; baseline -0.008 -17"><span class='ocrx_word' id='word_1_603' title='bbox 2107 3238 2269 3290; x_wconf 89' lang='grc' dir='ltr'>τοῦτο</span> <span class='ocrx_word' id='word_1_604' title='bbox 2301 3231 2447 3307; x_wconf 89' lang='grc' dir='ltr'>λέγει</span> <span class='ocrx_word' id='word_1_605' title='bbox 2479 3233 2508 3287; x_wconf 87' lang='lat'>6</span> <span class='ocrx_word' id='word_1_606' title='bbox 2539 3227 2921 3304; x_wconf 81' lang='grc' dir='ltr'>Ψαλμῳδός’‹‹</span> <span class='ocrx_word' id='word_1_607' title='bbox 2954 3227 3174 3285; x_wconf 76' lang='grc' dir='ltr'>Ἐλάιον</span> <span class='ocrx_word' id='word_1_608' title='bbox 3205 3224 3582 3301; x_wconf 85' lang='grc' dir='ltr'>ἀγαλλιάσεως</span> <span class='ocrx_word' id='word_1_609' title='bbox 3612 3220 3760 3298; x_wconf 82' lang='grc' dir='ltr'>παρᾶ</span> 
     </span>
    </p>
   </div>
   <div class='ocr_carea' id='block_1_82' title="bbox 2109 3313 3755 3396">
    <p class='ocr_par' dir='ltr' id='par_1_82' title="bbox 2109 3313 3755 3396">
     <span class='ocr_line' id='line_1_82' title="bbox 2109 3313 3755 3396; baseline -0.007 -18"><span class='ocrx_word' id='word_1_610' title='bbox 2109 3323 2235 3385; x_wconf 79' lang='grc' dir='ltr'>τοὺς</span> <span class='ocrx_word' id='word_1_611' title='bbox 2273 3320 2543 3396; x_wconf 89' lang='grc' dir='ltr'>μετόχους</span> <span class='ocrx_word' id='word_1_612' title='bbox 2592 3340 2708 3374; x_wconf 89' lang='grc' dir='ltr'>σου.</span> <span class='ocrx_word' id='word_1_613' title='bbox 2742 3341 2769 3369; x_wconf 80' lang='grc'><strong>››</strong></span> <span class='ocrx_word' id='word_1_614' title='bbox 2799 3323 2907 3387; x_wconf 87' lang='grc' dir='ltr'>Τῆς</span> <span class='ocrx_word' id='word_1_615' title='bbox 2961 3313 3287 3390; x_wconf 84' lang='grc' dir='ltr'>ὁμοιότητός</span> <span class='ocrx_word' id='word_1_616' title='bbox 3342 3313 3444 3370; x_wconf 80' lang='grc' dir='ltr'>εἶσι</span> <span class='ocrx_word' id='word_1_617' title='bbox 3502 3313 3755 3386; x_wconf 87' lang='grc' dir='ltr'>μέτοχοι,</span> 
     </span>
    </p>
   </div>
   <div class='ocr_carea' id='block_1_83' title="bbox 2114 3399 3759 3485">
    <p class='ocr_par' dir='ltr' id='par_1_83' title="bbox 2114 3399 3759 3485">
     <span class='ocr_line' id='line_1_83' title="bbox 2114 3399 3759 3485; baseline -0.009 -17"><span class='ocrx_word' id='word_1_618' title='bbox 2114 3413 2175 3468; x_wconf 81' lang='grc' dir='ltr'>οὗ</span> <span class='ocrx_word' id='word_1_619' title='bbox 2211 3413 2316 3485; x_wconf 77' lang='grc' dir='ltr'>μὴν</span> <span class='ocrx_word' id='word_1_620' title='bbox 2362 3410 2606 3484; x_wconf 72' lang='grc' dir='ltr'>ἰσότιμον</span> <span class='ocrx_word' id='word_1_621' title='bbox 2640 3406 2828 3484; x_wconf 76' lang='grc' dir='ltr'>ἔχουσι</span> <span class='ocrx_word' id='word_1_622' title='bbox 2858 3408 2957 3475; x_wconf 73' lang='grc' dir='ltr'>τὴν</span> <span class='ocrx_word' id='word_1_623' title='bbox 2982 3405 3185 3482; x_wconf 80' lang='grc' dir='ltr'>χρίσιν·</span> <span class='ocrx_word' id='word_1_624' title='bbox 3219 3406 3501 3479; x_wconf 78' lang='grc' dir='ltr'>πανταχοῦ</span> <span class='ocrx_word' id='word_1_625' title='bbox 3532 3401 3633 3477; x_wconf 75' lang='grc' dir='ltr'>γάρ</span> <span class='ocrx_word' id='word_1_626' title='bbox 3662 3399 3759 3455; x_wconf 75' lang='grc' dir='ltr'>καὶ</span> 
     </span>
    </p>
   </div>
   <div class='ocr_carea' id='block_1_84' title="bbox 2112 3492 3757 3576">
    <p class='ocr_par' dir='ltr' id='par_1_84' title="bbox 2112 3492 3757 3576">
     <span class='ocr_line' id='line_1_84' title="bbox 2112 3492 3757 3576; baseline -0.008 -19"><span class='ocrx_word' id='word_1_627' title='bbox 2112 3503 2210 3571; x_wconf 79' lang='grc' dir='ltr'>τήν</span> <span class='ocrx_word' id='word_1_628' title='bbox 2244 3499 2547 3576; x_wconf 82' lang='grc' dir='ltr'>ὁμοιότητα</span> <span class='ocrx_word' id='word_1_629' title='bbox 2574 3502 2753 3574; x_wconf 82' lang='grc' dir='ltr'>τηρεῖ,</span> <span class='ocrx_word' id='word_1_630' title='bbox 2784 3495 2873 3551; x_wconf 79' lang='grc' dir='ltr'>καὶ</span> <span class='ocrx_word' id='word_1_631' title='bbox 2904 3496 2966 3551; x_wconf 84' lang='grc' dir='ltr'>τὸ</span> <span class='ocrx_word' id='word_1_632' title='bbox 3023 3492 3287 3570; x_wconf 71' lang='grc' dir='ltr'>ὑπερέχον</span> <span class='ocrx_word' id='word_1_633' title='bbox 3345 3496 3443 3548; x_wconf 89' lang='grc' dir='ltr'>τοῦ</span> <span class='ocrx_word' id='word_1_634' title='bbox 3501 3492 3757 3567; x_wconf 82' lang='grc' dir='ltr'>πράγμα-</span> 
     </span>
    </p>
   </div>
   <div class='ocr_carea' id='block_1_85' title="bbox 2112 3579 3758 3669">
    <p class='ocr_par' dir='ltr' id='par_1_85' title="bbox 2112 3579 3758 3669">
     <span class='ocr_line' id='line_1_85' title="bbox 2112 3579 3758 3669; baseline -0.009 -22"><span class='ocrx_word' id='word_1_635' title='bbox 2112 3613 2205 3654; x_wconf 89' lang='grc' dir='ltr'>τος</span> <span class='ocrx_word' id='word_1_636' title='bbox 2236 3588 2513 3669; x_wconf 77' lang='grc' dir='ltr'>φυλάττει.</span> <span class='ocrx_word' id='word_1_637' title='bbox 2541 3589 2605 3645; x_wconf 89' lang='grc' dir='ltr'>Ὁ</span> <span class='ocrx_word' id='word_1_638' title='bbox 2632 3586 2810 3641; x_wconf 88' lang='grc' dir='ltr'>τοίνυν</span> <span class='ocrx_word' id='word_1_639' title='bbox 2846 3579 3033 3656; x_wconf 76' lang='grc' dir='ltr'>Δαϐὶδ,</span> <span class='ocrx_word' id='word_1_640' title='bbox 3065 3581 3309 3659; x_wconf 76' lang='grc' dir='ltr'>χρισθεῖς</span> <span class='ocrx_word' id='word_1_641' title='bbox 3362 3581 3465 3637; x_wconf 83' lang='grc' dir='ltr'>ὑπὸ</span> <span class='ocrx_word' id='word_1_642' title='bbox 3515 3583 3612 3669; x_wconf 72' lang='grc' dir='ltr'>τοῦ</span> <span class='ocrx_word' id='word_1_643' title='bbox 3652 3585 3758 3669; x_wconf 78' lang='grc' dir='ltr'>Σα-</span> 
     </span>
    </p>
   </div>
   <div class='ocr_carea' id='block_1_86' title="bbox 2120 3664 3736 3756">
    <p class='ocr_par' dir='ltr' id='par_1_86' title="bbox 2120 3664 3736 3756">
     <span class='ocr_line' id='line_1_86' title="bbox 2120 3664 3736 3756; baseline -0.01 -19"><span class='ocrx_word' id='word_1_644' title='bbox 2120 3664 2325 3756; x_wconf 74' lang='grc' dir='ltr'>μουῆλ,</span> <span class='ocrx_word' id='word_1_645' title='bbox 2358 3674 2536 3752; x_wconf 85' lang='grc' dir='ltr'>ἔμενεν</span> <span class='ocrx_word' id='word_1_646' title='bbox 2570 3675 2651 3754; x_wconf 80' lang='grc' dir='ltr'>ἐφ’</span> <span class='ocrx_word' id='word_1_647' title='bbox 2681 3675 2895 3730; x_wconf 68' lang='grc' dir='ltr'>ἑαυτοῦ.</span> <span class='ocrx_word' id='word_1_648' title='bbox 2929 3675 2989 3732; x_wconf 76' lang='grc' dir='ltr'><strong>Ὀ</strong></span> <span class='ocrx_word' id='word_1_649' title='bbox 3030 3670 3087 3727; x_wconf 75' lang='grc' dir='ltr'>δὲ</span> <span class='ocrx_word' id='word_1_650' title='bbox 3137 3669 3338 3727; x_wconf 79' lang='grc' dir='ltr'>Σαοὺλ.</span> <span class='ocrx_word' id='word_1_651' title='bbox 3389 3664 3633 3742; x_wconf 78' lang='grc' dir='ltr'>παραϐὰς</span> <span class='ocrx_word' id='word_1_652' title='bbox 3683 3667 3736 3756; x_wconf 72' lang='grc' dir='ltr'>ἐν</span> 
     </span>
    </p>
   </div>
   <div class='ocr_carea' id='block_1_87' title="bbox 2114 3753 3764 3839">
    <p class='ocr_par' dir='ltr' id='par_1_87' title="bbox 2114 3753 3764 3839">
     <span class='ocr_line' id='line_1_87' title="bbox 2114 3753 3764 3839; baseline -0.01 -12"><span class='ocrx_word' id='word_1_653' title='bbox 2114 3753 2281 3832; x_wconf 78' lang='grc' dir='ltr'>τολᾶς</span> <span class='ocrx_word' id='word_1_654' title='bbox 2309 3772 2463 3839; x_wconf 89' lang='grc' dir='ltr'>Θεοῦ,</span> <span class='ocrx_word' id='word_1_655' title='bbox 2498 3753 2765 3839; x_wconf 69' lang='grc' dir='ltr'>πνεόματι</span> <span class='ocrx_word' id='word_1_656' title='bbox 2798 3762 3085 3839; x_wconf 82' lang='grc' dir='ltr'>ἀκαθάρτῳ</span> <span class='ocrx_word' id='word_1_657' title='bbox 3115 3757 3409 3837; x_wconf 79' lang='grc' dir='ltr'>παρεδόθη.</span> <span class='ocrx_word' id='word_1_658' title='bbox 3435 3756 3684 3834; x_wconf 56' lang='lat' dir='ltr'>&quot;meum:</span> <span class='ocrx_word' id='word_1_659' title='bbox 3704 3753 3764 3811; x_wconf 67' lang='grc' dir='ltr'>δὲ</span> 
     </span>
    </p>
   </div>
   <div class='ocr_carea' id='block_1_88' title="bbox 2118 3846 3767 3930">
    <p class='ocr_par' dir='ltr' id='par_1_88' title="bbox 2118 3846 3767 3930">
     <span class='ocr_line' id='line_1_88' title="bbox 2118 3846 3767 3930; baseline -0.011 -14"><span class='ocrx_word' id='word_1_660' title='bbox 2118 3862 2145 3917; x_wconf 88' lang='lat'>6</span> <span class='ocrx_word' id='word_1_661' title='bbox 2177 3854 2363 3928; x_wconf 75' lang='grc' dir='ltr'>Δαϐὶδ,</span> <span class='ocrx_word' id='word_1_662' title='bbox 2394 3855 2484 3911; x_wconf 80' lang='grc' dir='ltr'>καὶ</span> <span class='ocrx_word' id='word_1_663' title='bbox 2542 3854 2763 3930; x_wconf 84' lang='grc' dir='ltr'>κιθάραν</span> <span class='ocrx_word' id='word_1_664' title='bbox 2827 3854 2943 3928; x_wconf 79' lang='grc' dir='ltr'>εἶχε</span> <span class='ocrx_word' id='word_1_665' title='bbox 2998 3850 3346 3923; x_wconf 77' lang='grc' dir='ltr'>ποιμενικὴν,</span> <span class='ocrx_word' id='word_1_666' title='bbox 3386 3848 3476 3903; x_wconf 81' lang='grc' dir='ltr'>καὶ</span> <span class='ocrx_word' id='word_1_667' title='bbox 3533 3847 3585 3903; x_wconf 81' lang='grc' dir='ltr'>ἐν</span> <span class='ocrx_word' id='word_1_668' title='bbox 3644 3846 3767 3922; x_wconf 76' lang='grc' dir='ltr'>ἐρή-</span> 
     </span>
    </p>
   </div>
   <div class='ocr_carea' id='block_1_89' title="bbox 2122 3933 3769 4025">
    <p class='ocr_par' dir='ltr' id='par_1_89' title="bbox 2122 3933 3769 4025">
     <span class='ocr_line' id='line_1_89' title="bbox 2122 3933 3769 4025; baseline -0.01 -21"><span class='ocrx_word' id='word_1_669' title='bbox 2122 3970 2244 4025; x_wconf 85' lang='grc' dir='ltr'>μοις</span> <span class='ocrx_word' id='word_1_670' title='bbox 2276 3945 2504 4023; x_wconf 85' lang='grc' dir='ltr'>διάγων,</span> <span class='ocrx_word' id='word_1_671' title='bbox 2535 3943 2626 4000; x_wconf 83' lang='grc' dir='ltr'>καὶ</span> <span class='ocrx_word' id='word_1_672' title='bbox 2685 3943 2784 3999; x_wconf 74' lang='grc' dir='ltr'>οὐκ</span> <span class='ocrx_word' id='word_1_673' title='bbox 2838 3938 2970 3997; x_wconf 84' lang='grc' dir='ltr'>ἔνων</span> <span class='ocrx_word' id='word_1_674' title='bbox 3023 3938 3159 3995; x_wconf 91' lang='grc' dir='ltr'>τίσιν</span> <span class='ocrx_word' id='word_1_675' title='bbox 3222 3937 3528 4013; x_wconf 83' lang='grc' dir='ltr'>ἀνθρώποις</span> <span class='ocrx_word' id='word_1_676' title='bbox 3585 3933 3769 3990; x_wconf 85' lang='grc' dir='ltr'>διαλε-</span> 
     </span>
    </p>
   </div>
   <div class='ocr_carea' id='block_1_90' title="bbox 2118 4023 3771 4114">
    <p class='ocr_par' dir='ltr' id='par_1_90' title="bbox 2118 4023 3771 4114">
     <span class='ocr_line' id='line_1_90' title="bbox 2118 4023 3771 4114; baseline -0.01 -20"><span class='ocrx_word' id='word_1_677' title='bbox 2118 4023 2338 4114; x_wconf 83' lang='grc' dir='ltr'>χθῆναι⁶</span> <span class='ocrx_word' id='word_1_678' title='bbox 2371 4033 2461 4089; x_wconf 79' lang='grc' dir='ltr'>καὶ</span> <span class='ocrx_word' id='word_1_679' title='bbox 2491 4033 2713 4109; x_wconf 88' lang='grc' dir='ltr'>κιθάραν</span> <span class='ocrx_word' id='word_1_680' title='bbox 2747 4028 3081 4104; x_wconf 80' lang='grc' dir='ltr'>πηξάμενος,</span> <span class='ocrx_word' id='word_1_681' title='bbox 3110 4028 3199 4083; x_wconf 77' lang='grc' dir='ltr'>καὶ</span> <span class='ocrx_word' id='word_1_682' title='bbox 3233 4025 3321 4082; x_wconf 76' lang='grc' dir='ltr'>διὰ</span> <span class='ocrx_word' id='word_1_683' title='bbox 3374 4030 3471 4081; x_wconf 89' lang='grc' dir='ltr'>τοῦ</span> <span class='ocrx_word' id='word_1_684' title='bbox 3500 4023 3771 4114; x_wconf 40' lang='grc' dir='ltr'>ἀνακροιῇ</span> 
     </span>
    </p>
   </div>
   <div class='ocr_carea' id='block_1_91' title="bbox 2120 4112 3770 4198">
    <p class='ocr_par' dir='ltr' id='par_1_91' title="bbox 2120 4112 3770 4198">
     <span class='ocr_line' id='line_1_91' title="bbox 2120 4112 3770 4198; baseline -0.008 -16"><span class='ocrx_word' id='word_1_685' title='bbox 2120 4112 2267 4192; x_wconf 79' lang='grc' dir='ltr'>εσθαι</span> <span class='ocrx_word' id='word_1_686' title='bbox 2298 4126 2366 4180; x_wconf 79' lang='grc' dir='ltr'>τὰ</span> <span class='ocrx_word' id='word_1_687' title='bbox 2416 4122 2555 4198; x_wconf 82' lang='grc' dir='ltr'>μέλη</span> <span class='ocrx_word' id='word_1_688' title='bbox 2599 4118 2695 4176; x_wconf 79' lang='grc' dir='ltr'>δύο</span> <span class='ocrx_word' id='word_1_689' title='bbox 2751 4119 3049 4197; x_wconf 69' lang='grc' dir='ltr'>εἰργάζετο·</span> <span class='ocrx_word' id='word_1_690' title='bbox 3103 4119 3465 4192; x_wconf 81' lang='grc' dir='ltr'>παρεμυθεῖτο</span> <span class='ocrx_word' id='word_1_691' title='bbox 3521 4114 3619 4192; x_wconf 78' lang='grc' dir='ltr'>γὰρ</span> <span class='ocrx_word' id='word_1_692' title='bbox 3677 4112 3770 4169; x_wconf 84' lang='grc' dir='ltr'>καὶ</span> 
     </span>
    </p>
   </div>
   <div class='ocr_carea' id='block_1_92' title="bbox 2121 4201 3765 4289">
    <p class='ocr_par' dir='ltr' id='par_1_92' title="bbox 2121 4201 3765 4289">
     <span class='ocr_line' id='line_1_92' title="bbox 2121 4201 3765 4289; baseline -0.009 -16"><span class='ocrx_word' id='word_1_693' title='bbox 2121 4215 2210 4273; x_wconf 79' lang='grc' dir='ltr'>διὰ</span> <span class='ocrx_word' id='word_1_694' title='bbox 2236 4218 2335 4271; x_wconf 90' lang='grc' dir='ltr'>τοῦ</span> <span class='ocrx_word' id='word_1_695' title='bbox 2363 4210 2511 4289; x_wconf 71' lang='grc' dir='ltr'>ἤχου</span> <span class='ocrx_word' id='word_1_696' title='bbox 2539 4212 2602 4267; x_wconf 82' lang='grc' dir='ltr'>τὸ</span> <span class='ocrx_word' id='word_1_697' title='bbox 2630 4214 2738 4266; x_wconf 80' lang='grc' dir='ltr'>τῶν</span> <span class='ocrx_word' id='word_1_698' title='bbox 2770 4209 2951 4265; x_wconf 89' lang='grc' dir='ltr'>τόπων</span> <span class='ocrx_word' id='word_1_699' title='bbox 2986 4208 3214 4285; x_wconf 78' lang='grc' dir='ltr'>ἔρημον,</span> <span class='ocrx_word' id='word_1_700' title='bbox 3248 4206 3309 4262; x_wconf 81' lang='grc' dir='ltr'>οὗ</span> <span class='ocrx_word' id='word_1_701' title='bbox 3360 4206 3464 4279; x_wconf 72' lang='grc' dir='ltr'>μὴν</span> <span class='ocrx_word' id='word_1_702' title='bbox 3499 4204 3574 4267; x_wconf 73' lang='lat' dir='ltr'>ei:</span> <span class='ocrx_word' id='word_1_703' title='bbox 3605 4201 3765 4259; x_wconf 81' lang='grc' dir='ltr'>ἔκλυ-</span> 
     </span>
    </p>
   </div>
   <div class='ocr_carea' id='block_1_93' title="bbox 2118 4292 3773 4377">
    <p class='ocr_par' dir='ltr' id='par_1_93' title="bbox 2118 4292 3773 4377">
     <span class='ocr_line' id='line_1_93' title="bbox 2118 4292 3773 4377; baseline -0.01 -14"><span class='ocrx_word' id='word_1_704' title='bbox 2118 4328 2185 4364; x_wconf 91' lang='grc' dir='ltr'>τα</span> <span class='ocrx_word' id='word_1_705' title='bbox 2246 4306 2492 4377; x_wconf 78' lang='grc' dir='ltr'>ἐξέπιπτε</span> <span class='ocrx_word' id='word_1_706' title='bbox 2555 4301 2719 4376; x_wconf 86' lang='grc' dir='ltr'>μέλη,</span> <span class='ocrx_word' id='word_1_707' title='bbox 2771 4297 2916 4355; x_wconf 85' lang='grc' dir='ltr'>άλλὰ</span> <span class='ocrx_word' id='word_1_708' title='bbox 2972 4296 3225 4373; x_wconf 74' lang='grc' dir='ltr'>ψαλμοὺς</span> <span class='ocrx_word' id='word_1_709' title='bbox 3280 4292 3429 4368; x_wconf 72' lang='grc' dir='ltr'>ᾖδεν,</span> <span class='ocrx_word' id='word_1_710' title='bbox 3463 4294 3557 4350; x_wconf 68' lang='grc' dir='ltr'>’ίνα</span> <span class='ocrx_word' id='word_1_711' title='bbox 3602 4294 3773 4369; x_wconf 72' lang='grc' dir='ltr'>τέρπῃ</span> 
     </span>
    </p>
   </div>
   <div class='ocr_carea' id='block_1_94' title="bbox 2127 4381 3769 4471">
    <p class='ocr_par' dir='ltr' id='par_1_94' title="bbox 2127 4381 3769 4471">
     <span class='ocr_line' id='line_1_94' title="bbox 2127 4381 3769 4471; baseline -0.011 -19"><span class='ocrx_word' id='word_1_712' title='bbox 2127 4398 2219 4471; x_wconf 78' lang='grc' dir='ltr'>μὶν</span> <span class='ocrx_word' id='word_1_713' title='bbox 2251 4396 2314 4450; x_wconf 85' lang='grc' dir='ltr'>τὸ</span> <span class='ocrx_word' id='word_1_714' title='bbox 2346 4390 2571 4468; x_wconf 67' lang='grc' dir='ltr'>εὔηχον,</span> <span class='ocrx_word' id='word_1_715' title='bbox 2604 4388 2794 4467; x_wconf 77' lang='grc' dir='ltr'>ὠφελῇ</span> <span class='ocrx_word' id='word_1_716' title='bbox 2827 4386 2884 4444; x_wconf 72' lang='grc' dir='ltr'>δέ</span> <span class='ocrx_word' id='word_1_717' title='bbox 2907 4390 2969 4444; x_wconf 88' lang='grc' dir='ltr'>τὸ</span> <span class='ocrx_word' id='word_1_718' title='bbox 3019 4381 3250 4449; x_wconf 76' lang='grc' dir='ltr'>εὐσεϐές.</span> <span class='ocrx_word' id='word_1_719' title='bbox 3284 4385 3383 4440; x_wconf 82' lang='grc' dir='ltr'>Καὶ</span> <span class='ocrx_word' id='word_1_720' title='bbox 3430 4382 3662 4458; x_wconf 74' lang='grc' dir='ltr'>ἔψαλλεν</span> <span class='ocrx_word' id='word_1_721' title='bbox 3718 4381 3769 4436; x_wconf 79' lang='grc' dir='ltr'>ἐν</span> 
     </span>
    </p>
   </div>
   <div class='ocr_carea' id='block_1_95' title="bbox 370 4472 1997 4560">
    <p class='ocr_par' dir='ltr' id='par_1_95' title="bbox 370 4475 1997 4539">
     <span class='ocr_line' id='line_1_95' title="bbox 370 4475 1997 4539; baseline 0.006 -9"><span class='ocrx_word' id='word_1_722' title='bbox 370 4478 514 4530; x_wconf 89' lang='lat' dir='ltr'>sunt</span> <span class='ocrx_word' id='word_1_723' title='bbox 532 4475 575 4509; x_wconf 73' lang='grc'>³⁷</span> <span class='ocrx_word' id='word_1_724' title='bbox 607 4491 621 4531; x_wconf 94' lang='lat'><strong>:</strong></span> <span class='ocrx_word' id='word_1_725' title='bbox 648 4497 676 4524; x_wconf 85' lang='lat'>»</span> <span class='ocrx_word' id='word_1_726' title='bbox 709 4476 961 4531; x_wconf 89' lang='lat' dir='ltr'>addebat</span> <span class='ocrx_word' id='word_1_727' title='bbox 992 4476 1136 4534; x_wconf 92' lang='lat' dir='ltr'>illud</span> <span class='ocrx_word' id='word_1_728' title='bbox 1167 4494 1217 4534; x_wconf 87' lang='grc'>;‹‹</span> <span class='ocrx_word' id='word_1_729' title='bbox 1250 4484 1406 4535; x_wconf 89' lang='lat' dir='ltr'>Inter</span> <span class='ocrx_word' id='word_1_730' title='bbox 1436 4481 1694 4537; x_wconf 89' lang='lat' dir='ltr'>medium</span> <span class='ocrx_word' id='word_1_731' title='bbox 1727 4485 1997 4539; x_wconf 80' lang='lat' dir='ltr'>montiun</span> 
     </span>
    </p>
   </div>
   <div class='ocr_carea' id='block_1_96' title="bbox 2109 4472 3774 4560">
    <p class='ocr_par' dir='ltr' id='par_1_96' title="bbox 2120 4472 3774 4560">
     <span class='ocr_line' id='line_1_96' title="bbox 2120 4472 3774 4560; baseline -0.01 -18"><span class='ocrx_word' id='word_1_732' title='bbox 2120 4491 2238 4548; x_wconf 88' lang='grc' dir='ltr'>ταῖς</span> <span class='ocrx_word' id='word_1_733' title='bbox 2301 4483 2529 4560; x_wconf 81' lang='grc' dir='ltr'>ἐρήμοις</span> <span class='ocrx_word' id='word_1_734' title='bbox 2592 4479 2794 4554; x_wconf 88' lang='grc' dir='ltr'>λέγων,</span> <span class='ocrx_word' id='word_1_735' title='bbox 2827 4475 2908 4533; x_wconf 72' lang='grc' dir='ltr'>ὅτι</span> <span class='ocrx_word' id='word_1_736' title='bbox 2967 4476 3057 4532; x_wconf 84' lang='grc' dir='ltr'>καὶ</span> <span class='ocrx_word' id='word_1_737' title='bbox 3094 4497 3116 4526; x_wconf 78' lang='grc' dir='ltr'>ι</span> <span class='ocrx_word' id='word_1_738' title='bbox 3148 4474 3229 4534; x_wconf 78' lang='grc' dir='ltr'>Τὰ</span> <span class='ocrx_word' id='word_1_739' title='bbox 3283 4474 3391 4549; x_wconf 74' lang='grc' dir='ltr'>ὕψη</span> <span class='ocrx_word' id='word_1_740' title='bbox 3446 4477 3553 4529; x_wconf 79' lang='grc' dir='ltr'>τῶν</span> <span class='ocrx_word' id='word_1_741' title='bbox 3605 4472 3774 4549; x_wconf 81' lang='grc' dir='ltr'>ὀρέων</span> 
     </span>
    </p>
   </div>
   <div class='ocr_carea' id='block_1_97' title="bbox 371 4565 2012 4645">
    <p class='ocr_par' dir='ltr' id='par_1_97' title="bbox 371 4565 2012 4645">
     <span class='ocr_line' id='line_1_97' title="bbox 371 4565 2012 4645; baseline 0.006 -26"><span class='ocrx_word' id='word_1_742' title='bbox 371 4565 812 4636; x_wconf 87' lang='lat' dir='ltr'>pertransibunt</span> <span class='ocrx_word' id='word_1_743' title='bbox 832 4583 1018 4638; x_wconf 66' lang='lat' dir='ltr'>aquae,</span> <span class='ocrx_word' id='word_1_744' title='bbox 1039 4571 1095 4622; x_wconf 89' lang='lat' dir='ltr'>et</span> <span class='ocrx_word' id='word_1_745' title='bbox 1114 4568 1397 4640; x_wconf 89' lang='lat' dir='ltr'>potabunt</span> <span class='ocrx_word' id='word_1_746' title='bbox 1418 4586 1621 4627; x_wconf 89' lang='lat' dir='ltr'>omnes</span> <span class='ocrx_word' id='word_1_747' title='bbox 1643 4572 1841 4628; x_wconf 72' lang='lat' dir='ltr'>bestiae</span> <span class='ocrx_word' id='word_1_748' title='bbox 1866 4574 2012 4645; x_wconf 90' lang='lat' dir='ltr'>agri.</span> 
     </span>
    </p>
   </div>
   <div class='ocr_carea' id='block_1_98' title="bbox 370 4653 2019 4724">
    <p class='ocr_par' dir='ltr' id='par_1_98' title="bbox 370 4653 2019 4724">
     <span class='ocr_line' id='line_1_98' title="bbox 370 4653 2019 4724; baseline 0.007 -16"><span class='ocrx_word' id='word_1_749' title='bbox 370 4654 558 4724; x_wconf 91' lang='lat' dir='ltr'>Super</span> <span class='ocrx_word' id='word_1_750' title='bbox 588 4669 687 4709; x_wconf 91' lang='lat' dir='ltr'>eos</span> <span class='ocrx_word' id='word_1_751' title='bbox 717 4653 983 4711; x_wconf 87' lang='lat' dir='ltr'>volucres</span> <span class='ocrx_word' id='word_1_752' title='bbox 1030 4656 1154 4711; x_wconf 76' lang='lat' dir='ltr'>caeli</span> <span class='ocrx_word' id='word_1_753' title='bbox 1206 4656 1558 4714; x_wconf 77' lang='lat' dir='ltr'>habitabant</span> <span class='ocrx_word' id='word_1_754' title='bbox 1575 4660 1639 4715; x_wconf 77' lang='grc'>⁸⁸.</span> <span class='ocrx_word' id='word_1_755' title='bbox 1665 4683 1694 4711; x_wconf 87' lang='grc'><strong>››</strong></span> <span class='ocrx_word' id='word_1_756' title='bbox 1728 4661 2019 4719; x_wconf 88' lang='lat' dir='ltr'>Psallebat</span> 
     </span>
    </p>
   </div>
   <div class='ocr_carea' id='block_1_99' title="bbox 370 4742 2017 4824">
    <p class='ocr_par' dir='ltr' id='par_1_99' title="bbox 370 4742 2017 4824">
     <span class='ocr_line' id='line_1_99' title="bbox 370 4742 2017 4824; baseline 0.007 -26"><span class='ocrx_word' id='word_1_757' title='bbox 370 4743 441 4798; x_wconf 91' lang='lat' dir='ltr'>de</span> <span class='ocrx_word' id='word_1_758' title='bbox 472 4742 727 4811; x_wconf 89' lang='lat' dir='ltr'>homine,</span> <span class='ocrx_word' id='word_1_759' title='bbox 756 4742 848 4799; x_wconf 90' lang='lat' dir='ltr'>his</span> <span class='ocrx_word' id='word_1_760' title='bbox 875 4744 1071 4800; x_wconf 84' lang='lat' dir='ltr'>verbis</span> <span class='ocrx_word' id='word_1_761' title='bbox 1096 4764 1110 4802; x_wconf 90' lang='lat'><strong>:</strong></span> <span class='ocrx_word' id='word_1_762' title='bbox 1134 4768 1160 4796; x_wconf 88' lang='grc'><em>‹‹</em></span> <span class='ocrx_word' id='word_1_763' title='bbox 1187 4746 1395 4802; x_wconf 90' lang='lat' dir='ltr'>Omnia</span> <span class='ocrx_word' id='word_1_764' title='bbox 1438 4749 1738 4821; x_wconf 87' lang='lat' dir='ltr'>subjecisti</span> <span class='ocrx_word' id='word_1_765' title='bbox 1778 4752 1888 4808; x_wconf 80' lang='lat' dir='ltr'>sub</span> <span class='ocrx_word' id='word_1_766' title='bbox 1920 4769 2017 4824; x_wconf 89' lang='lat' dir='ltr'>pe-</span> 
     </span>
    </p>
   </div>
   <div class='ocr_carea' id='block_1_100' title="bbox 368 4832 2021 4903">
    <p class='ocr_par' dir='ltr' id='par_1_100' title="bbox 368 4832 2021 4903">
     <span class='ocr_line' id='line_1_100' title="bbox 368 4832 2021 4903; baseline 0.006 -16"><span class='ocrx_word' id='word_1_767' title='bbox 368 4832 545 4888; x_wconf 89' lang='lat' dir='ltr'>dibus</span> <span class='ocrx_word' id='word_1_768' title='bbox 591 4833 740 4903; x_wconf 87' lang='lat' dir='ltr'>ejus,</span> <span class='ocrx_word' id='word_1_769' title='bbox 771 4849 906 4889; x_wconf 86' lang='lat' dir='ltr'>oves</span> <span class='ocrx_word' id='word_1_770' title='bbox 938 4839 996 4890; x_wconf 94' lang='lat' dir='ltr'>et</span> <span class='ocrx_word' id='word_1_771' title='bbox 1041 4835 1216 4892; x_wconf 88' lang='lat' dir='ltr'>boves</span> <span class='ocrx_word' id='word_1_772' title='bbox 1256 4837 1556 4895; x_wconf 89' lang='lat' dir='ltr'>universas</span> <span class='ocrx_word' id='word_1_773' title='bbox 1576 4839 1641 4895; x_wconf 68' lang='grc' dir='ltr'>δ”.</span> <span class='ocrx_word' id='word_1_774' title='bbox 1666 4863 1693 4890; x_wconf 87' lang='grc'><strong>››</strong></span> <span class='ocrx_word' id='word_1_775' title='bbox 1728 4840 2021 4898; x_wconf 88' lang='lat' dir='ltr'>Psallebat</span> 
     </span>
    </p>
   </div>
   <div class='ocr_carea' id='block_1_101' title="bbox 369 4924 2021 5007">
    <p class='ocr_par' dir='ltr' id='par_1_101' title="bbox 369 4924 2021 5007">
     <span class='ocr_line' id='line_1_101' title="bbox 369 4924 2021 5007; baseline 0.008 -30"><span class='ocrx_word' id='word_1_776' title='bbox 369 4924 611 4995; x_wconf 87' lang='lat' dir='ltr'>insuper</span> <span class='ocrx_word' id='word_1_777' title='bbox 641 4924 932 4981; x_wconf 88' lang='lat' dir='ltr'>mirabilia</span> <span class='ocrx_word' id='word_1_778' title='bbox 964 4927 1061 4982; x_wconf 90' lang='lat' dir='ltr'>Dei</span> <span class='ocrx_word' id='word_1_779' title='bbox 1112 4945 1305 5000; x_wconf 91' lang='lat' dir='ltr'>opera.</span> <span class='ocrx_word' id='word_1_780' title='bbox 1338 4930 1514 4986; x_wconf 91' lang='lat' dir='ltr'>Porro</span> <span class='ocrx_word' id='word_1_781' title='bbox 1545 4949 1679 4988; x_wconf 91' lang='lat' dir='ltr'>cum</span> <span class='ocrx_word' id='word_1_782' title='bbox 1725 4937 2021 5007; x_wconf 89' lang='lat' dir='ltr'>torquere-</span> 
     </span>
    </p>
   </div>
   <div class='ocr_carea' id='block_1_102' title="bbox 370 5012 2019 5096">
    <p class='ocr_par' dir='ltr' id='par_1_102' title="bbox 370 5012 2019 5096">
     <span class='ocr_line' id='line_1_102' title="bbox 370 5012 2019 5096; baseline 0.007 -28"><span class='ocrx_word' id='word_1_783' title='bbox 370 5018 470 5069; x_wconf 89' lang='lat' dir='ltr'>tur</span> <span class='ocrx_word' id='word_1_784' title='bbox 497 5012 632 5068; x_wconf 87' lang='lat' dir='ltr'>Saul</span> <span class='ocrx_word' id='word_1_785' title='bbox 664 5015 736 5070; x_wconf 90' lang='lat' dir='ltr'>ab</span> <span class='ocrx_word' id='word_1_786' title='bbox 768 5015 1000 5088; x_wconf 89' lang='lat' dir='ltr'>impuro</span> <span class='ocrx_word' id='word_1_787' title='bbox 1027 5016 1257 5089; x_wconf 88' lang='lat' dir='ltr'>spiritu,</span> <span class='ocrx_word' id='word_1_788' title='bbox 1292 5019 1573 5077; x_wconf 90' lang='lat' dir='ltr'>indicavit</span> <span class='ocrx_word' id='word_1_789' title='bbox 1602 5022 1745 5078; x_wconf 89' lang='lat' dir='ltr'>illud</span> <span class='ocrx_word' id='word_1_790' title='bbox 1777 5023 2019 5096; x_wconf 88' lang='lat' dir='ltr'>quidam</span> 
     </span>
    </p>
   </div>
   <div class='ocr_carea' id='block_1_103' title="bbox 2123 4563 3772 4646">
    <p class='ocr_par' dir='ltr' id='par_1_103' title="bbox 2123 4563 3772 4646">
     <span class='ocr_line' id='line_1_103' title="bbox 2123 4563 3772 4646; baseline -0.01 -15"><span class='ocrx_word' id='word_1_791' title='bbox 2123 4576 2289 4631; x_wconf 83' lang='grc' dir='ltr'>αὐτοῦ</span> <span class='ocrx_word' id='word_1_792' title='bbox 2338 4571 2469 4627; x_wconf 79' lang='grc' dir='ltr'>ἐστι⁸</span> <span class='ocrx_word' id='word_1_793' title='bbox 2506 4594 2534 4623; x_wconf 83' lang='grc'><strong>››</strong></span> <span class='ocrx_word' id='word_1_794' title='bbox 2560 4567 2851 4646; x_wconf 85' lang='grc' dir='ltr'>προσετίθη</span> <span class='ocrx_word' id='word_1_795' title='bbox 2887 4564 2945 4622; x_wconf 74' lang='grc' dir='ltr'>δὲ</span> <span class='ocrx_word' id='word_1_796' title='bbox 2990 4565 3177 4621; x_wconf 82' lang='grc' dir='ltr'>πάλιν’</span> <span class='ocrx_word' id='word_1_797' title='bbox 3212 4590 3239 4617; x_wconf 89' lang='grc'>‹‹</span> <span class='ocrx_word' id='word_1_798' title='bbox 3273 4563 3400 4623; x_wconf 77' lang='grc' dir='ltr'>Ἀνὰ</span> <span class='ocrx_word' id='word_1_799' title='bbox 3445 4563 3605 4636; x_wconf 78' lang='grc' dir='ltr'>μέσον</span> <span class='ocrx_word' id='word_1_800' title='bbox 3662 4565 3772 4616; x_wconf 80' lang='grc' dir='ltr'>τῶν</span> 
     </span>
    </p>
   </div>
   <div class='ocr_carea' id='block_1_104' title="bbox 2126 4649 3772 4740">
    <p class='ocr_par' dir='ltr' id='par_1_104' title="bbox 2126 4649 3772 4740">
     <span class='ocr_line' id='line_1_104' title="bbox 2126 4649 3772 4740; baseline -0.009 -22"><span class='ocrx_word' id='word_1_801' title='bbox 2126 4662 2294 4740; x_wconf 77' lang='grc' dir='ltr'>ὀρὲων</span> <span class='ocrx_word' id='word_1_802' title='bbox 2328 4658 2657 4715; x_wconf 78' lang='grc' dir='ltr'>διελεύσεται</span> <span class='ocrx_word' id='word_1_803' title='bbox 2688 4654 2877 4725; x_wconf 75' lang='grc' dir='ltr'>ὕδατα,</span> <span class='ocrx_word' id='word_1_804' title='bbox 2906 4653 2998 4711; x_wconf 77' lang='grc' dir='ltr'>καὶ</span> <span class='ocrx_word' id='word_1_805' title='bbox 3028 4658 3279 4710; x_wconf 88' lang='grc' dir='ltr'>ποτιοῦσι</span> <span class='ocrx_word' id='word_1_806' title='bbox 3330 4649 3502 4740; x_wconf 78' lang='grc' dir='ltr'>πάντα</span> <span class='ocrx_word' id='word_1_807' title='bbox 3558 4651 3625 4704; x_wconf 73' lang='grc' dir='ltr'>τὰ</span> <span class='ocrx_word' id='word_1_808' title='bbox 3673 4661 3772 4719; x_wconf 85' lang='grc' dir='ltr'>θη-</span> 
     </span>
    </p>
   </div>
   <div class='ocr_carea' id='block_1_105' title="bbox 2127 4738 3773 4832">
    <p class='ocr_par' dir='ltr' id='par_1_105' title="bbox 2127 4738 3773 4832">
     <span class='ocr_line' id='line_1_105' title="bbox 2127 4738 3773 4832; baseline -0.011 -24"><span class='ocrx_word' id='word_1_809' title='bbox 2127 4738 2215 4832; x_wconf 88' lang='grc' dir='ltr'>ρία</span> <span class='ocrx_word' id='word_1_810' title='bbox 2267 4753 2365 4805; x_wconf 89' lang='grc' dir='ltr'>τοῦ</span> <span class='ocrx_word' id='word_1_811' title='bbox 2423 4747 2614 4823; x_wconf 78' lang='grc' dir='ltr'>ἀγροῦ.</span> <span class='ocrx_word' id='word_1_812' title='bbox 2642 4746 2760 4801; x_wconf 90' lang='grc' dir='ltr'>Ἐπ’</span> <span class='ocrx_word' id='word_1_813' title='bbox 2816 4744 2953 4800; x_wconf 79' lang='grc' dir='ltr'>αὐτὰ</span> <span class='ocrx_word' id='word_1_814' title='bbox 3002 4746 3071 4799; x_wconf 69' lang='grc' dir='ltr'>τά</span> <span class='ocrx_word' id='word_1_815' title='bbox 3116 4741 3334 4799; x_wconf 85' lang='grc' dir='ltr'>πετεινᾶ</span> <span class='ocrx_word' id='word_1_816' title='bbox 3386 4738 3483 4796; x_wconf 81' lang='grc' dir='ltr'>τοῦ</span> <span class='ocrx_word' id='word_1_817' title='bbox 3543 4740 3773 4815; x_wconf 82' lang='grc' dir='ltr'>οὐρανοῦ</span> 
     </span>
    </p>
   </div>
   <div class='ocr_carea' id='block_1_106' title="bbox 2126 4825 3775 4910">
    <p class='ocr_par' dir='ltr' id='par_1_106' title="bbox 2126 4825 3775 4910">
     <span class='ocr_line' id='line_1_106' title="bbox 2126 4825 3775 4910; baseline -0.012 -11"><span class='ocrx_word' id='word_1_818' title='bbox 2126 4825 2551 4909; x_wconf 79' lang='grc' dir='ltr'>κατασκηνώσει.</span> <span class='ocrx_word' id='word_1_819' title='bbox 2589 4861 2617 4889; x_wconf 78' lang='grc'>››</span> <span class='ocrx_word' id='word_1_820' title='bbox 2642 4833 2891 4910; x_wconf 78' lang='grc' dir='ltr'>Ἕψαλλε</span> <span class='ocrx_word' id='word_1_821' title='bbox 2918 4834 2985 4890; x_wconf 75' lang='grc' dir='ltr'>τὰ</span> <span class='ocrx_word' id='word_1_822' title='bbox 3014 4833 3136 4909; x_wconf 88' lang='grc' dir='ltr'>περὶ</span> <span class='ocrx_word' id='word_1_823' title='bbox 3188 4836 3286 4888; x_wconf 90' lang='grc' dir='ltr'>τοῦ</span> <span class='ocrx_word' id='word_1_824' title='bbox 3338 4830 3650 4907; x_wconf 77' lang='grc' dir='ltr'>ἀνθρώπου,</span> <span class='ocrx_word' id='word_1_825' title='bbox 3682 4825 3775 4881; x_wconf 80' lang='grc' dir='ltr'>λέ-</span> 
     </span>
    </p>
   </div>
   <div class='ocr_carea' id='block_1_107' title="bbox 2127 4916 3778 5009">
    <p class='ocr_par' dir='ltr' id='par_1_107' title="bbox 2127 4916 3778 5009">
     <span class='ocr_line' id='line_1_107' title="bbox 2127 4916 3778 5009; baseline -0.011 -21"><span class='ocrx_word' id='word_1_826' title='bbox 2127 4950 2261 5009; x_wconf 88' lang='grc' dir='ltr'>γων·</span> <span class='ocrx_word' id='word_1_827' title='bbox 2298 4954 2326 4982; x_wconf 89' lang='grc'>‹‹</span> <span class='ocrx_word' id='word_1_828' title='bbox 2360 4929 2539 4984; x_wconf 84' lang='grc' dir='ltr'>Πάντα</span> <span class='ocrx_word' id='word_1_829' title='bbox 2596 4925 2853 4996; x_wconf 75' lang='grc' dir='ltr'>ὑπέταξας</span> <span class='ocrx_word' id='word_1_830' title='bbox 2913 4920 3166 4979; x_wconf 87' lang='grc' dir='ltr'>ὑποκάτω</span> <span class='ocrx_word' id='word_1_831' title='bbox 3214 4926 3323 4977; x_wconf 81' lang='grc' dir='ltr'>τῶν</span> <span class='ocrx_word' id='word_1_832' title='bbox 3374 4916 3556 4974; x_wconf 80' lang='grc' dir='ltr'>ποδῶν</span> <span class='ocrx_word' id='word_1_833' title='bbox 3590 4917 3778 4983; x_wconf 82' lang='grc' dir='ltr'>αὐτοῦ,</span> 
     </span>
    </p>
   </div>
   <div class='ocr_carea' id='block_1_108' title="bbox 2128 5008 3781 5098">
    <p class='ocr_par' dir='ltr' id='par_1_108' title="bbox 2128 5008 3781 5098">
     <span class='ocr_line' id='line_1_108' title="bbox 2128 5008 3781 5098; baseline -0.011 -21"><span class='ocrx_word' id='word_1_834' title='bbox 2128 5008 2375 5098; x_wconf 78' lang='grc' dir='ltr'>πρόϐατα</span> <span class='ocrx_word' id='word_1_835' title='bbox 2404 5018 2493 5073; x_wconf 84' lang='grc' dir='ltr'>καὶ</span> <span class='ocrx_word' id='word_1_836' title='bbox 2529 5015 2657 5094; x_wconf 82' lang='grc' dir='ltr'>βόας</span> <span class='ocrx_word' id='word_1_837' title='bbox 2686 5014 2913 5076; x_wconf 73' lang='grc' dir='ltr'>ἁπάσας.</span> <span class='ocrx_word' id='word_1_838' title='bbox 2950 5036 2979 5064; x_wconf 85' lang='grc'><strong>››</strong></span> <span class='ocrx_word' id='word_1_839' title='bbox 3011 5013 3128 5069; x_wconf 66' lang='grc' dir='ltr'>ΙἸἳιτι</span> <span class='ocrx_word' id='word_1_840' title='bbox 3160 5008 3218 5066; x_wconf 73' lang='grc' dir='ltr'>δὲ</span> <span class='ocrx_word' id='word_1_841' title='bbox 3246 5008 3335 5065; x_wconf 88' lang='grc' dir='ltr'>καὶ</span> <span class='ocrx_word' id='word_1_842' title='bbox 3363 5008 3449 5098; x_wconf 24' lang='grc' dir='ltr'>*τὰ</span> <span class='ocrx_word' id='word_1_843' title='bbox 3501 5010 3598 5062; x_wconf 90' lang='grc' dir='ltr'>τοῦ</span> <span class='ocrx_word' id='word_1_844' title='bbox 3646 5008 3781 5098; x_wconf 76' lang='grc' dir='ltr'>Θεοῦ</span> 
     </span>
    </p>
   </div>
   <div class='ocr_carea' id='block_1_109' title="bbox 368 5092 1997 5186">
    <p class='ocr_par' dir='ltr' id='par_1_109' title="bbox 368 5092 1995 5175">
     <span class='ocr_line' id='line_1_109' title="bbox 368 5092 1995 5175; baseline 0.008 -18"><span class='ocrx_word' id='word_1_845' title='bbox 368 5101 569 5159; x_wconf 86' lang='lat' dir='ltr'>Sauli:</span> <span class='ocrx_word' id='word_1_846' title='bbox 608 5120 739 5175; x_wconf 83' lang='lat' dir='ltr'>quae</span> <span class='ocrx_word' id='word_1_847' title='bbox 784 5121 963 5161; x_wconf 87' lang='lat' dir='ltr'>causa</span> <span class='ocrx_word' id='word_1_848' title='bbox 1009 5105 1119 5162; x_wconf 86' lang='lat' dir='ltr'>fuit</span> <span class='ocrx_word' id='word_1_849' title='bbox 1165 5112 1230 5163; x_wconf 90' lang='lat' dir='ltr'>ut</span> <span class='ocrx_word' id='word_1_850' title='bbox 1276 5116 1670 5168; x_wconf 83' lang='lat' dir='ltr'>arcesseretur</span> <span class='ocrx_word' id='word_1_851' title='bbox 1721 5092 1920 5170; x_wconf 69' lang='lat' dir='ltr'>David.</span> <span class='ocrx_word' id='word_1_852' title='bbox 1953 5115 1995 5170; x_wconf 88' lang='lat' dir='ltr'><strong>E</strong></span> 
     </span>
    </p>
   </div>
   <div class='ocr_carea' id='block_1_110' title="bbox 2109 5092 3785 5186">
    <p class='ocr_par' dir='ltr' id='par_1_110' title="bbox 2131 5092 3785 5186">
     <span class='ocr_line' id='line_1_110' title="bbox 2131 5092 3785 5186; baseline -0.011 -19"><span class='ocrx_word' id='word_1_853' title='bbox 2131 5092 2665 5186; x_wconf 70' lang='grc' dir='ltr'>θαυματουργήματα</span> <span class='ocrx_word' id='word_1_854' title='bbox 2694 5101 2919 5180; x_wconf 82' lang='grc' dir='ltr'>ἔψαλλε.</span> <span class='ocrx_word' id='word_1_855' title='bbox 2954 5098 3328 5175; x_wconf 86' lang='grc' dir='ltr'>Ὀδυνωμένου</span> <span class='ocrx_word' id='word_1_856' title='bbox 3358 5095 3417 5153; x_wconf 76' lang='grc' dir='ltr'>δὲ</span> <span class='ocrx_word' id='word_1_857' title='bbox 3461 5100 3558 5152; x_wconf 90' lang='grc' dir='ltr'>τοῦ</span> <span class='ocrx_word' id='word_1_858' title='bbox 3602 5092 3785 5150; x_wconf 76' lang='grc' dir='ltr'>Σαοὺλ</span> 
     </span>
    </p>
   </div>
   <div class='ocr_carea' id='block_1_111' title="bbox 436 5291 1997 5388">
    <p class='ocr_par' dir='ltr' id='par_1_111' title="bbox 436 5303 1997 5388">
     <span class='ocr_line' id='line_1_111' title="bbox 436 5303 1997 5388; baseline 0.01 -31"><span class='ocrx_word' id='word_1_859' title='bbox 436 5304 482 5341; x_wconf 79' lang='grc'><strong>³³</strong></span> <span class='ocrx_word' id='word_1_860' title='bbox 513 5303 623 5388; x_wconf 41' lang='lat' dir='ltr'>I‘sAa.</span> <span class='ocrx_word' id='word_1_861' title='bbox 655 5308 901 5388; x_wconf 54' lang='lat' dir='ltr'>VHIL18:</span> <span class='ocrx_word' id='word_1_862' title='bbox 980 5308 1028 5343; x_wconf 69' lang='lat'><strong><em>3‘</em></strong></span> <span class='ocrx_word' id='word_1_863' title='bbox 1054 5307 1226 5388; x_wconf 75' lang='lat' dir='ltr'>Joan.</span> <span class='ocrx_word' id='word_1_864' title='bbox 1257 5327 1378 5380; x_wconf 84' lang='lat' dir='ltr'>xm,</span> <span class='ocrx_word' id='word_1_865' title='bbox 1412 5312 1503 5369; x_wconf 91' lang='lat'>33.</span> <span class='ocrx_word' id='word_1_866' title='bbox 1579 5315 1625 5350; x_wconf 72' lang='grc'>³⁵</span> <span class='ocrx_word' id='word_1_867' title='bbox 1654 5314 1704 5371; x_wconf 91' lang='lat' dir='ltr'><strong>II</strong></span> <span class='ocrx_word' id='word_1_868' title='bbox 1731 5315 1872 5388; x_wconf 82' lang='lat' dir='ltr'>Reg.</span> <span class='ocrx_word' id='word_1_869' title='bbox 1904 5331 1997 5371; x_wconf 73' lang='lat' dir='ltr'>xvx</span> 
     </span>
    </p>
   </div>
   <div class='ocr_carea' id='block_1_112' title="bbox 2109 5291 3794 5388">
    <p class='ocr_par' dir='ltr' id='par_1_112' title="bbox 2109 5291 3794 5379">
     <span class='ocr_line' id='line_1_112' title="bbox 2109 5291 3794 5379; baseline -0.012 -10"><span class='ocrx_word' id='word_1_870' title='bbox 2109 5314 2188 5369; x_wconf 84' lang='lat'>[8.</span> <span class='ocrx_word' id='word_1_871' title='bbox 2262 5312 2308 5347; x_wconf 78' lang='grc'>³⁸</span> <span class='ocrx_word' id='word_1_872' title='bbox 2339 5308 2493 5367; x_wconf 89' lang='lat' dir='ltr'>Psal.</span> <span class='ocrx_word' id='word_1_873' title='bbox 2542 5323 2692 5379; x_wconf 70' lang='grc' dir='ltr'>χειν,</span> <span class='ocrx_word' id='word_1_874' title='bbox 2743 5306 2800 5375; x_wconf 88' lang='grc'>7,</span> <span class='ocrx_word' id='word_1_875' title='bbox 2847 5304 2903 5359; x_wconf 94' lang='lat'>8.</span> <span class='ocrx_word' id='word_1_876' title='bbox 2979 5302 3023 5339; x_wconf 77' lang='grc'>³⁷</span> <span class='ocrx_word' id='word_1_877' title='bbox 3053 5299 3209 5358; x_wconf 81' lang='lat' dir='ltr'>Psal.</span> <span class='ocrx_word' id='word_1_878' title='bbox 3241 5314 3391 5366; x_wconf 73' lang='grc' dir='ltr'>χειν,</span> <span class='ocrx_word' id='word_1_879' title='bbox 3428 5298 3483 5354; x_wconf 71' lang='grc'>4.</span> <span class='ocrx_word' id='word_1_880' title='bbox 3558 5295 3602 5331; x_wconf 76' lang='grc'>⁸⁸</span> <span class='ocrx_word' id='word_1_881' title='bbox 3632 5291 3794 5350; x_wconf 78' lang='lat' dir='ltr'>Psal-</span> 
     </span>
    </p>
   </div>
   <div class='ocr_carea' id='block_1_113' title="bbox 371 5376 1160 5449">
    <p class='ocr_par' dir='ltr' id='par_1_113' title="bbox 371 5376 1160 5449">
     <span class='ocr_line' id='line_1_113' title="bbox 371 5376 1160 5449; baseline 0.003 -16"><span class='ocrx_word' id='word_1_882' title='bbox 371 5394 493 5447; x_wconf 83' lang='lat' dir='ltr'>cm,</span> <span class='ocrx_word' id='word_1_883' title='bbox 528 5379 613 5433; x_wconf 82' lang='grc'>10.</span> <span class='ocrx_word' id='word_1_884' title='bbox 689 5376 734 5414; x_wconf 72' lang='grc'>³⁸</span> <span class='ocrx_word' id='word_1_885' title='bbox 764 5379 913 5435; x_wconf 88' lang='lat' dir='ltr'>Psal.</span> <span class='ocrx_word' id='word_1_886' title='bbox 947 5396 1072 5449; x_wconf 79' lang='lat' dir='ltr'>VIII,</span> <span class='ocrx_word' id='word_1_887' title='bbox 1104 5383 1160 5438; x_wconf 93' lang='lat'>8.</span> 
     </span>
    </p>
   </div>
   <div class='ocr_carea' id='block_1_114' title="bbox 444 5577 1099 5656">
    <p class='ocr_par' dir='ltr' id='par_1_114' title="bbox 444 5577 1099 5656">
     <span class='ocr_line' id='line_1_114' title="bbox 444 5577 1099 5656; baseline 0.002 -20"><span class='ocrx_word' id='word_1_888' title='bbox 444 5578 554 5656; x_wconf 88' lang='lat'>(32)</span> <span class='ocrx_word' id='word_1_889' title='bbox 586 5577 881 5639; x_wconf 77' lang='lat' dir='ltr'>Obscurus</span> <span class='ocrx_word' id='word_1_890' title='bbox 912 5579 1099 5643; x_wconf 81' lang='lat' dir='ltr'>locus.</span> 
     </span>
    </p>
   </div>
   <div class='ocr_carea' id='block_1_115' title="bbox 478 5764 537 5829">
    <p class='ocr_par' dir='ltr' id='par_1_115' title="bbox 478 5764 537 5829">
     <span class='ocr_line' id='line_1_115' title="bbox 478 5764 537 5829; baseline 0 -46"><span class='ocrx_word' id='word_1_891' title='bbox 478 5764 537 5829; x_wconf 14' lang='grc' dir='ltr'>γ’</span> 
     </span>
    </p>
   </div>
   <div class='ocr_carea' id='block_1_116' title="bbox 534 5842 559 5861">
    <p class='ocr_par' dir='ltr' id='par_1_116' title="bbox 534 5842 559 5861">
     <span class='ocr_line' id='line_1_116' title="bbox 534 5842 559 5861; baseline 0 0"><span class='ocrx_word' id='word_1_892' title='bbox 534 5842 559 5861; x_wconf 66' lang='lat' dir='ltr'>&#39;v</span> 
     </span>
    </p>
   </div>
   <div class='ocr_carea' id='block_1_117' title="bbox 638 5946 671 5957">
    <p class='ocr_par' dir='ltr' id='par_1_117' title="bbox 638 5946 671 5957">
     <span class='ocr_line' id='line_1_117' title="bbox 638 5946 671 5957; baseline 0 -10"><span class='ocrx_word' id='word_1_893' title='bbox 638 5950 651 5957; x_wconf 38' lang='grc' dir='ltr'>ἢ</span> <span class='ocrx_word' id='word_1_894' title='bbox 668 5946 671 5947; x_wconf 65' lang='lat'>,</span> 
     </span>
    </p>
   </div>
   <div class='ocr_carea' id='block_1_118' title="bbox 834 6110 903 6133">
    <p class='ocr_par' dir='ltr' id='par_1_118' title="bbox 834 6110 903 6133">
     <span class='ocr_line' id='line_1_118' title="bbox 834 6110 903 6133; baseline 0 0"><span class='ocrx_word' id='word_1_895' title='bbox 834 6110 903 6133; x_wconf 58' lang='lat' dir='ltr'>&#39;l-\</span> 
     </span>
    </p>
   </div>
   <div class='ocr_carea' id='block_1_119' title="bbox 891 5846 908 6154">
    <p class='ocr_par' dir='ltr' id='par_1_119' title="bbox 894 6120 903 6141">
     <span class='ocr_line' id='line_1_119' title="bbox 894 6120 903 6141; baseline 0 0"><span class='ocrx_word' id='word_1_896' title='bbox 894 6120 903 6141; x_wconf 90' lang='lat'>.‘</span> 
     </span>
    </p>
   </div>
  </div>
