4100 6224
285 330 398 390 157

1545 322 1878 385 HOMILIA
1918 322 2020 384 DE
2063 322 2453 385 SEMENTE.

3584 327 3700 389 158

287 458 391 514 ὑπό
423 462 521 512 τοῦ
552 456 857 529 πνεύματος
884 461 982 512 106
1013 454 1335 529 ἀκαθάρτου,
1366 453 1567 529 γίνεταί
1622 474 1702 515 τις
1761 475 1923 526 μηνυ-

2050 454 2514 527 quotiescunque
2569 455 2818 512 irrueret
2847 456 2904 511 in
2936 472 3069 511 eum
3097 455 3336 527 spiritus
3368 457 3579 525 malus,
3608 475 3699 515 ac-

281 550 386 617 τὴς
414 548 493 620 τῷ
526 546 726 602 Σαούλ“
761 547 849 602 καὶ
879 546 1056 620 τούτῳ
1075 547 1153 618 τῷ
1177 544 1363 621 τρόπῳ
1392 544 1636 599 καλεῖται
1670 544 1697 597 6
1749 537 1934 598 Δαϐίδ.

286 636 386 692 Καὶ
419 637 602 698 ὁσάκις
629 635 900 691 ἐπετίθετο
931 635 1077 707 αὐτῷ
1104 635 1166 689 τὸ
1196 639 1409 707 πνεῦμα
1437 635 1498 687 τὸ
1530 630 1938 707 πονηρὸν,λαμ-

287 722 464 781 ϐάνων
491 726 591 795 τήν
646 724 867 801 κιθάραν
920 726 947 779 6
996 719 1184 797 Δαϐὶδ,
1217 720 1555 797 ἀνεκρούετο,
1583 718 1812 794 ψάλλων
1845 719 1933 774 καὶ

286 813 491 887 ὕμνους
524 814 699 889 λέγων
730 819 809 885 τῷ
838 818 972 885 Θεῷ.

359 907 446 960 11.
482 905 568 973 Μὴ
614 904 715 979 γάρ
768 924 860 975 μοι
900 910 998 971 τῆς
1046 901 1268 977 κιθάρας
1306 899 1634 973 μνημόνευε,
1668 896 1813 953 ἀλλὰ
1840 902 1936 951 τοῦ

285 991 663 1067 ψαλλυμένσν
715 990 874 1065 μηδὲ,
927 991 1166 1069 ἀρπάσας
1212 990 1279 1045 τὰ
1328 989 1566 1066 ῥήματα,
1610 988 1683 1049 εἷς
1717 998 1936 1062 θεατρο-

292 1087 477 1156 μανεῖς
506 1081 740 1155 έμπέσῃς
767 1079 987 1150 ἡδονὰς,
1020 1078 1187 1149 ἀλλὰ,
1224 1079 1602 1153 μνημονεύσας
1640 1081 1745 1132 τῶν
1795 1073 1935 1149 ψαλ-

291 1176 432 1245 μῶν,
462 1175 529 1244 τῇ
561 1170 857 1241 Ἐκκλησία
895 1171 1189 1243 παράμενε.
1226 1169 1317 1231 Εἷς
1349 1174 1539 1245 χεῖρας
1578 1165 1756 1222 τοίνυν
1790 1182 1933 1237 Λαμ-

287 1255 465 1314 ϐάνων
491 1262 591 1329 τὴν
622 1258 842 1333 κιθάραν
876 1260 903 1312 6
935 1254 1124 1330 Δαϐὶδ,
1154 1258 1241 1311 καὶ
1266 1255 1510 1333 ,ψάλλων
1542 1261 1620 1328 τῷ
1676 1260 1810 1327 Θεῷ,
1840 1253 1933 1309 τὸν

282 1349 544 1423 πνίγοντα
594 1329 822 1420 δαίμονα
876 1329 1208 1418 ἀπήλαυνεν.
1265 1329 1334 1399 ’Ὦ
1395 1344 1639 1422 μεγάλης
1701 1344 1933 1419 ψαλμῶν

283 1434 601 1511 δυνάμεωςί
634 1438 704 1492 Τὸ
733 1442 945 1510 πνεῦμα
962 1437 1025 1492 τὸ
1083 1436 1380 1515 ἀκάθαρτον
1440 1435 1625 1513 πνίγον
1692 1434 1936 1511 ἀοράτως

282 1524 549 1601 ἐπνίγετο,
578 1525 669 1580 καὶ
703 1525 967 1601 ἀνέψυχεν
1002 1526 1030 1580 6
1063 1523 1275 1581 Σαούλ.
1332 1524 1571 1601 Ἐφθόνει
1622 1522 1679 1579 δὲ
1707 1528 1786 1595 τῷ
1834 1529 1933 1577 Δα-

283 1609 374 1668 ϐὶδ
407 1613 494 1669 διὰ
517 1612 732 1669 τοιάνδε
765 1614 1036 1671 ὑπόθεσιν,
1100 1612 1442 1692 Ἀλλόφυλοί
1499 1635 1631 1668 ποτε
1690 1611 1934 1668 ἐπέθεντο

281 1702 361 1776 τῷ
416 1704 555 1778 γένει
600 1704 708 1758 τῶν
758 1698 1044 1779 Ἐϐραίων
1098 1704 1190 1758 καί
1230 1724 1314 1766 τις
1347 1702 1547 1766 Γολιὰθ
1576 1701 1935 1776 παμμεγέθης

279 1793 345 1849 16
376 1797 556 1865 σῶμα,
587 1794 677 1847 καὶ
723 1792 919 1868 θρασὺς
949 1793 1049 1863 τῆν
1081 1794 1288 1869 ψυχὴν,
1321 1796 1411 1847 καί
1470 1787 1703 1870 φοϐερὸς
1765 1790 1936 1895 ὀφθῇ·
1965 1830 2012 1895 Β

279 1902 389 1955 ναι,
444 1881 531 1936 ἐπὶ
577 1884 971 1958 τεσσαράκοντα
1015 1883 1227 1957 ἡμέρας
1283 1880 1524 1951 ὠνείδιζε
1560 1882 1650 1935 τὸν
1684 1878 1931 1954 Ἰσραήλ,

275 1970 365 2027 καὶ
397 1967 514 2045 ᾔτει
550 1971 624 2033 εἰς
685 1970 1029 2047 μονομαχίαν
1078 1968 1190 2043 ἕνα,
1237 1969 1439 2026 ἀσπίδα
1472 1972 1565 2043 μὲν
1601 1972 1928 2047 παμμεγέθη

274 2060 675 2138 περικείμενος,
736 2059 898 2137 δόρου
956 2058 1013 2115 δὲ
1070 2058 1288 2132 ἐξελὼν,
1345 2060 1433 2115 καὶ
1466 2056 1698 2139 φοϐερὰς
1732 2061 1931 2134 κνημί-

276 2147 392 2213 δας*
426 2149 515 2206 καὶ
548 2150 603 2204 οἱ
638 2146 933 2212 ϐλέποντες
986 2144 1201 2228 ἔφυγον,
1254 2149 1343 2204 καὶ
1390 2150 1418 2204 ὁ
1469 2147 1647 2203 Σαοὺλ
1702 2146 1926 2208 έδειλίσ.

272 2241 433 2297 Ἥκεν
489 2238 912 2312 ἐπισκεψόμενος
983 2238 1109 2299 τοὺς
1160 2236 1425 2316 ἀδελφοὺς
1503 2241 1530 2293 6
1589 2234 1779 2311 Δαϐἰδ,
1837 2238 1927 2294 καὶ

273 2322 581 2398 συμϐάλλει
613 2326 688 2387 εἷς
725 2325 931 2399 μάχην,
965 2327 992 2379 6
1017 2327 1221 2400 γυμνὸς
1250 2332 1329 2398 τῷ
1363 2323 1600 2400 ἐνόπλῳ,
1647 2329 1675 2381 6
1706 2328 1926 2401 ἀπειρο-

271 2414 518 2487 πόλεμος
548 2416 624 2487 τῷ
654 2412 1055 2487 πολυπολέμῳ,
1087 2415 1115 2468 6
1146 2416 1263 2477 νέος
1305 2421 1384 2487 τῷ
1428 2414 1599 2492 ἀνδρί⁸
1650 2416 1740 2471 καὶ
1796 2413 1925 2471 πάν-

271 2524 379 2558 των
431 2503 770 2575 πτηξάντων,
820 2502 909 2557 καὶ
968 2500 1199 2576 μηδενὸς
1255 2502 1570 2578 τολμῶντος
1602 2504 1926 2578 ἐπεξελθεῖν,

272 2588 439 2647 Δαϐἱδ
468 2590 785 2667 ἀναδέχεται
818 2592 907 2647 τὸν
938 2592 1204 2665 πόλεμον.
1238 2592 1414 2657 Εἰδὼς
1447 2591 1503 2649 δὲ
1551 2590 1808 2669 ἔψαλλεν,
1841 2594 1922 2650 ὅτι

273 2686 370 2737 106
398 2686 531 2736 Θεοῦ
564 2682 591 2735 6
621 2679 888 2753 πόλεμος,
921 2682 1009 2736 καὶ
1041 2682 1124 2737 ὅτι
1158 2706 1185 2733 ι(
1228 2681 1445 2753 Ψευδής
1472 2682 1642 2747 ⁹ίππος
1692 2684 1767 2746 είς
1816 2707 1924 2739 σω-

268 2770 480 2844 τηρίαν,
512 2769 563 2824 ἐν
599 2767 656 2825 δὲ
684 2769 884 2841 πλήθει
922 2768 1199 2843 δυνάμεως
1225 2772 1388 2827 αὐτοῦ
1443 2773 1503 2828 οὐ
1535 2775 1857 2844 σωθήσεται.
1896 2798 1917 2825 ι

272 2857 425 2929 ’ῌδει
458 2859 487 2914 ἃ
518 2854 773 2933 ἔψαλλεν·
810 2859 953 2935 εἶχεν
983 2859 1153 2915 ὅπλον
1190 2862 1441 2937 μέγιστον
1473 2870 1572 2932 τήν
1600 2863 1804 2936 πίστιν,
1832 2865 1921 2919 καὶ

272 2945 696 3024 περικεφαλαίαν
757 2948 1033 3025 περιέθετο
1096 2950 1391 3024 σωτηρίου,
1472 2950 1563 3006 καί
1637 2948 1923 3007 ἀναλαϐὼν

276 3033 474 3113 ῥάϐδον
502 3036 591 3090 καὶ
624 3035 935 3114 σφενδόνην,
968 3038 1058 3093 τὸν
1092 3034 1244 3101 λίθον
1286 3038 1658 3114 περιειλήσας,
1708 3039 1922 3111 πλήξας

266 3126 358 3179 τὸν
420 3122 708 3197 ἀντίδικον,
782 3125 1063 3197 συντόμως
1124 3130 1435 3204 κατήνεγκε.
1498 3131 1917 3205 Παρατρέχομεν

271 3213 373 3290 γὰρ
404 3214 469 3268 τὰ
501 3212 737 3289 ῥήματα·
771 3211 957 3283 ἐπειδή
993 3215 1094 3293 φού
1125 3220 1284 3271 τοῦτο
1314 3223 1404 3272 νῦν
1440 3216 1549 3272 ἐστι
1596 3219 1658 3273 τὸ
1696 3219 1920 3293 προκεί-
1951 3194 1993 3262 C

278 3324 451 3376 μενον.
513 3306 739 3359 Ἔπεσεν
799 3304 827 3357 6
887 3304 1083 3359 Γολιάθ
1140 3307 1168 3359 6
1230 3306 1391 3382 μέγας
1442 3308 1542 3361 ὑπὸ
1571 3313 1668 3362 106
1701 3313 1921 3384 μικροῦ,

271 3392 362 3446 καὶ
421 3392 449 3445 6
509 3389 767 3467 ἔμπειρος
824 3390 927 3445 ὐπὸ
984 3397 1081 3447 106
1139 3394 1364 3469 ἀπείρου
1403 3394 1489 3450 καί
1538 3395 1919 3475 ἀφελεστέρου.

274 3480 371 3536 Καὶ
405 3475 589 3536 λαϐὼν
618 3482 781 3535 αὐτοῦ
812 3481 874 3535 τὸ
903 3481 1074 3560 ξίφος,
1126 3482 1386 3557 ἀπέτεμεν
1454 3486 1619 3540 αὐτοῦ’
1674 3489 1773 3557 τὴν
1832 3509 1920 3543 κε-

276 3568 481 3647 φαλήν.
514 3568 611 3624 Καὶ
642 3572 677 3639 ἡ
713 3570 807 3643 μὶν
836 3570 1043 3648 κεφαλὴ
1085 3570 1370 3648 ἀπηνέχθη
1405 3573 1455 3628 ἐν
1494 3576 1919 3651 Ἱεροσολύμοις·

274 3659 337 3713 τὸ
367 3655 425 3713 δὲ
454 3658 603 3736 ξίφος
632 3657 798 3714 αὐτοῦ
828 3659 1073 3734 έτηρεῖτο
1103 3663 1250 3737 παρά
1298 3658 1604 3740 Ἀϐιμελὶχ
1630 3671 1710 3738 τῷ
1767 3668 1919 3741 ἱερεῖ.

274 3746 592 3821 Ἑλυτρώθη
654 3749 683 3802 ὁ
743 3745 874 3811 λαὸς
928 3748 1030 3803 ὑπὸ
1083 3755 1180 3803 106
1227 3749 1523 3810 ἀντιδίκου.
1555 3755 1813 3825 Ἐξῆλθον
1845 3758 1923 3819 εἰς

277 3834 572 3907 ὑπάντησιν
619 3841 869 3912 γυναῖκες
916 3837 1262 3913 χορεύουσαν
1325 3839 1564 3914 θυμηδία
1616 3843 1717 3918 γὰρ
1764 3847 1829 3913 ἦν
1860 3845 1923 3899 τὸ

273 3925 655 3999 προκείμενον’
688 3921 854 4004 φόϐος
887 3923 944 3981 δὶ
972 3925 1158 3997 ἐλύθη,
1213 3930 1240 3983 6
1272 3928 1466 4005 ἐχθρὸς
1498 3926 1701 4005 ἔπεσεν,
1734 3933 1761 3986 6
1794 3931 1923 3996 λαὸς

271 4014 510 4085 ἐπήνθει·
560 4022 798 4091 χορεῖαι,
850 4016 940 4071 καὶ
989 4015 1263 4090 τύμπανα,
1307 4020 1396 4074 καὶ
1428 4019 1679 4095 ἁρμονία,
1712 4023 1801 4076 καὶ
1834 4022 1921 4077 εύ-

269 4104 508 4182 φροσύνη
540 4105 603 4159 τὸ
634 4105 1016 4181 προκείμενον.
1051 4107 1120 4162 Αἱ
1153 4104 1209 4161 δὲ
1250 4108 1580 4184 χορεύουσαι
1639 4108 1797 4184 ᾖδον,
1857 4111 1919 4167 οὗ

267 4194 403 4269 πρὸς
431 4193 577 4265 ἀξίαν
604 4192 903 4271 ἀφορῶσαι,
936 4193 1082 4250 ἀλλὰ
1141 4197 1277 4271 πρὸς
1324 4198 1387 4252 τὸ
1437 4197 1738 4275 ἐνεργῆσαι·
1799 4199 1919 4255 ελε-

269 4304 366 4358 γον
398 4282 517 4359 γάρ·
554 4307 581 4333 ι(
617 4283 899 4353 Ἐπάταξεν
957 4283 985 4336 6
1043 4279 1208 4339 Δαϐὶδ
1241 4284 1293 4339 ὲν
1328 4286 1577 4359 μυριάσιν
1613 4288 1799 4355 αὐτοῦ,
1830 4289 1918 4343 καὶ

271 4369 454 4427 Σαοὺλ
514 4371 565 4428 ἐν
624 4369 871 4446 χιλιάσιν
925 4371 1112 4431 αὐτοῦ.
1172 4397 1203 4423 ››
1235 4373 1442 4445 Καὶτῷ
1471 4377 1752 4444 νικήσαντι
1785 4374 1917 4431 ἔδω-

265 4482 363 4516 καν
393 4461 487 4523 τὰς
519 4458 800 4535 χιλιάδας,
830 4461 921 4515 καὶ
951 4460 1050 4515 οὐκ
1079 4461 1253 4530 εἶπον,
1286 4458 1447 4517 πόσαι
1470 4461 1742 4538 χιλιάδες,
1794 4463 1919 4521 οὐδὲ

2049 548 2212 615 cepta
2248 545 2421 599 David
2454 545 2678 601 cithara
2725 545 3009 616 pulsabat,
3043 544 3302 616 psalmos
3336 545 3699 619 hymnosque

2048 636 2162 689 Deo
2193 634 2528 690 decantatis.

2121 904 2205 955 11.
2240 906 2320 956 Ne
2354 901 2498 956 mihi
2529 902 2682 957 enim
2706 904 2833 973 jam
2866 902 3059 957 citaraa
3109 902 3462 958 mentionem
3498 902 3697 970 facias,

2046 991 2144 1046 sed
2177 992 2301 1060 ejus
2350 992 2504 1063 quod
2538 991 2760 1047 cithara
2806 992 3162 1046 canebatur:
3215 1008 3354 1047 neve
3401 1008 3469 1047 ex
3504 991 3699 1047 verbis

2045 1083 2291 1151 captans
2321 1078 2679 1135 occasionem
2704 1080 2775 1135 ad
2800 1079 3177 1135 theatralium
3208 1079 3568 1151 voluptatum
3593 1096 3699 1135 cu-

2046 1167 2307 1240 pidinem
2338 1167 2646 1235 delabere;
2681 1170 2781 1224 sed
2827 1185 3051 1224 memor
3088 1168 3471 1241 psalmorum,
3504 1170 3561 1226 in
3594 1170 3697 1225 Ec-

2047 1256 2225 1313 clesia
2255 1274 2508 1313 remane.
2539 1257 2774 1313 Cithara
2803 1258 2982 1329 igitur
3012 1259 3285 1313 manibus
3314 1262 3553 1328 accepta
3584 1263 3698 1314 Da-

2044 1346 2163 1413 vid,
2199 1345 2451 1417 psallens
2483 1346 2619 1413 Deo,
2652 1347 3060 1418 praefocantem
3099 1347 3421 1401 daemonem
3455 1347 3697 1418 propul-

2046 1434 2235 1490 sabat.
2269 1434 2311 1489 Ο
2357 1451 2633 1507 magnam
2683 1433 3046 1507 psalmorum
3094 1433 3409 1490 virtutem!
3446 1433 3699 1505 Spiritus

2044 1522 2140 1579 ille
2168 1523 2513 1579 immundus
2544 1524 2644 1595 qui
2691 1524 3040 1596 praefocahat
3076 1523 3283 1591 alium,
3331 1522 3608 1581 invisibili
3642 1526 3701 1579 et

2044 1612 2170 1683 ipse
2205 1613 2374 1668 modo
2407 1613 2846 1683 prmfocabatur,
2879 1616 2937 1668 et
2979 1611 3305 1685 respirabat
3335 1611 3512 1669 Saul:
3547 1611 3695 1667 invi-

2046 1701 2142 1757 dia
2169 1707 2365 1756 tamen
2398 1701 2496 1757 ille
2525 1701 2809 1773 ﬂagrabat
2837 1702 2895 1756 in
2934 1701 3227 1771 Davidem,
3256 1702 3365 1757 hac
3395 1702 3466 1757 de
3495 1717 3694 1756 causa.

2045 1790 2335 1863 A110phyli
2397 1790 2708 1862 aliquando
2760 1790 3095 1847 invaserant
3139 1794 3370 1863 gentem
3425 1790 3696 1846 Hebraeo.

2044 1897 2174 1935 rum
2202 1898 2213 1942 ;
2247 1885 2369 1936 tum
2405 1880 2632 1937 Goliath
2666 1881 2904 1952 quidam
2939 1880 3185 1936 immani
3216 1884 3463 1951 statura,
3498 1880 3692 1955 animo

2042 1970 2251 2037 feroce,
2284 1970 2413 2025 visu
2444 1970 2743 2037 terribilis,
2775 1987 2875 2040 per
2912 1970 3299 2042 quadraginta
3340 1970 3465 2026 dies
3496 1969 3695 2026 Israeli

2042 2059 2452 2130 exprobrabat,
2483 2063 2539 2114 et
2568 2060 2639 2114 ad
2671 2058 2968 2131 singulare
3000 2064 3289 2115 certamen
3324 2058 3691 2130 provocabat,

2040 2147 2368 2220 praegrandi
2413 2148 2649 2219 quidem
2709 2152 2943 2219 opertus
2997 2147 3214 2220 clypeo,
3255 2147 3487 2203 hastam
3518 2148 3689 2203 attol-

2039 2236 2187 2303 lens,
2221 2237 2661 2309 horrendasque
2687 2252 2893 2309 gerens
2925 2254 3159 2293 ocreas:
3193 2254 3369 2309 quem
3401 2237 3501 2309 qui
3534 2237 3687 2293 vide-

2038 2329 2167 2381 rent
2196 2325 2517 2397 fugiebant,
2542 2325 2799 2397 Saulque
2821 2326 3257 2382 reformidabat.
3290 2326 3461 2382 Venit
3485 2328 3690 2383 fratres

2035 2415 2335 2470 invisurus
2366 2414 2566 2486 David,
2599 2422 2774 2487 atque
2806 2431 3018 2471 manus
3050 2416 3299 2471 conserit
3328 2416 3523 2471 nudus
3554 2432 3687 2472 cum

2036 2509 2279 2573 armato,
2314 2521 2522 2578 pugnas
2566 2504 2877 2576 imperitus
2908 2522 3040 2560 cum
3087 2503 3462 2576 peritissimo,
3497 2502 3687 2561 adole-

2034 2608 2203 2648 scens
2233 2609 2368 2648 cum
2399 2592 2541 2650 viro.
2576 2591 2980 2664 Omnibusque
3027 2596 3247 2649 terrore
3284 2591 3589 2665 perculsis,
3622 2609 3688 2647 ac

2034 2682 2267 2738 nemine
2293 2683 2544 2738 audente
2573 2682 2826 2754 prodire,
2861 2682 3035 2737 David
3060 2698 3317 2754 pugnam
3349 2681 3599 2753 suscipit
3619 2681 3683 2736 ⁸ο.

2031 2770 2265 2826 Etcum
2299 2788 2412 2826 non
2461 2771 2683 2827 inscius
2730 2775 2904 2838 esset,
2957 2770 3279 2842 psallebat:
3337 2769 3562 2826 Domini
3594 2774 3686 2826 est

2031 2858 2253 2914 bellum
2280 2878 2292 2915 :
2318 2863 2396 2927 et,
2429 2883 2455 2909 «
2479 2859 2673 2915 Fallax
2692 2874 2880 2931 equus
2912 2860 2984 2914 ad
3003 2858 3344 2927 salutem,in
3377 2858 3681 2914 abundan-

2033 2947 2111 3002 tia
2123 2952 2316 3004 autem
2334 2948 2562 3005 virtutis
2575 2966 2693 3004 suae
2707 2965 2821 3003 non
2834 2948 3230 3003 salvahitur“.
3269 2970 3296 2997 »
3310 2947 3681 3019 Seiehatqusa

2031 3035 2329 3108 psalleret,
2363 3037 2686 3093 maximum
2712 3037 2946 3093 tenebat
2966 3037 3171 3104 telum,
3196 3053 3405 3108 nempe
3426 3037 3689 3105 fidem,et

2035 3127 2127 3182 51
2168 3125 2394 3198 galeam
2455 3126 2567 3181 sibi
2620 3125 2829 3181 salutis
2887 3126 3279 3199 imposuerat:
3340 3128 3688 3196 arreptaque

2034 3215 2197 3287 virga
2253 3220 2307 3271 et
2370 3216 2567 3283 funda,
2609 3215 3009 3271 circumvolvit
3060 3214 3335 3286 lapidem,
3398 3214 3690 3286 percussit

2032 3304 2455 3373 adversarium,
2506 3305 2817 3377 subitoque
2866 3304 3193 3377 prostravit.
3234 3304 3424 3360 Verba
3453 3319 3685 3375 percur-

2032 3393 2258 3449 rimus:
2292 3394 2349 3449 id
2401 3395 2617 3467 quippe
2648 3411 2762 3450 non
2804 3394 2932 3465 jam
2964 3393 3134 3449 nobis
3182 3393 3549 3466 propositum
3574 3397 3683 3448 est.

2032 3481 2365 3537 Prostratus
2395 3486 2485 3537 est
2513 3482 2791 3538 immanis
2828 3481 2927 3537 ille
2954 3481 3179 3536 Goliath
3212 3498 3247 3537 a
3290 3480 3550 3552 parvulo,
3585 3497 3682 3552 pe-

2031 3578 2180 3634 ritus
2206 3579 2278 3634 ab
2326 3578 2592 3650 imperito
2643 3584 2696 3634 et
2745 3578 3117 3650 simpliciore.
3172 3580 3541 3651 Sumensque
3575 3580 3685 3634 Da-

2030 3667 2125 3722 vid
2159 3666 2319 3723 illius
2346 3666 2630 3739 gladium,
2663 3672 2840 3739 caput
2879 3667 2990 3738 ipsi
3024 3668 3303 3740 praecidit.
3337 3668 3525 3740 Caput
3552 3684 3685 3723 vero

2031 3756 2399 3827 deportatum
2433 3761 2522 3812 est
2542 3756 3026 3828 Hierosolymam,
3052 3756 3400 3828 gladiosque
3421 3758 3548 3826 ejus
3570 3772 3687 3811 ser-

2028 3845 2276 3899 vabatur
2324 3845 2474 3917 apud
2524 3844 2964 3900 Abimelechum
3014 3844 3393 3899 sacerdotem.
3433 3844 3582 3899 Tum
3616 3844 3684 3898 li-

2029 3935 2265 3990 beratus
2311 3935 2565 4007 populus
2595 3939 2684 3990 est
2732 3935 2803 3989 ab
2855 3933 3204 3989 adversario.
3255 3934 3514 4005 Egressae
3544 3938 3685 3989 sunt

2030 4024 2089 4078 in
2123 4040 2435 4080 occursum
2494 4024 2622 4094 ejus
2671 4022 2898 4078 feminae
2956 4022 3198 4078 choreas
3243 4025 3519 4095 agentes:
3552 4022 3684 4079 laeta

2030 4112 2248 4185 quippe
2295 4112 2613 4167 admodum
2663 4128 2756 4167 res
2804 4110 2907 4166 illa
2937 4115 3082 4179 erat,
3136 4111 3439 4183 depositus
3470 4116 3682 4176 metus,

2030 4205 2358 4275 prostratus
2417 4201 2623 4269 hostis,
2684 4201 2936 4274 populus
2995 4202 3234 4259 ﬂorente
3298 4201 3458 4257 vultu
3517 4206 3678 4270 erat;

2028 4289 2166 4346 hinc
2198 4291 2439 4357 choreae,
2492 4296 2790 4364 tympana,
2824 4291 3133 4347 harmonia
3180 4295 3236 4347 et
3280 4291 3547 4346 omnium
3579 4290 3680 4346 lm-

2027 4385 2123 4438 tus
2155 4382 2410 4437 animus.
2446 4382 2619 4437 Porro
2650 4382 2892 4438 choreas
2941 4386 3179 4454 agentes
3210 4382 3343 4449 illa),
3370 4382 3676 4453 canebant,

2028 4487 2143 4527 non
2177 4471 2375 4527 habita
2405 4472 2710 4545 dignitatis
2742 4472 2985 4537 ratione,
3009 4472 3110 4527 sed
3136 4476 3433 4543 gestarum
3458 4488 3677 4542 rerum,

266 4549 431 4604 πόσαι
469 4546 743 4624 μυριάδες.
788 4548 1041 4604 Δύνανται
1075 4546 1132 4604 δὲ
1185 4551 1272 4605 καὶ
1336 4548 1592 4627 μυριάδες
1646 4553 1918 4625 ἀναλυθῆ-

2035 4559 2416 4632 dicebantque
2440 4577 2453 4615 :
2489 4582 2518 4611 «
2545 4559 2834 4616 Percussit
2854 4559 3029 4614 David
3052 4559 3111 4613 in
3143 4560 3507 4630 myriadibus
3529 4561 3677 4627 suis,

266 4660 355 4695 ναι
388 4637 463 4701 εἷ¹ς
496 4634 776 4714 χιλιάδας,
807 4637 897 4693 καὶ
944 4635 1195 4714 χιλιάδες
1251 4639 1788 4712 πολυπλασιασθῆναι
1847 4643 1920 4707 εἷς

276 4724 564 4803 μυριάδας.
613 4727 674 4784 Ὀ
719 4726 923 4793 Σαοὺλ,
958 4727 1209 4801 ἀκούσας,
1244 4728 1458 4806 ἐπλήγη
1507 4732 1605 4799 τὴν
1658 4729 1913 4791 διάνοιαν.

268 4818 335 4871 Ὠ
368 4815 616 4890 μεγάλης
666 4816 878 4879 ἀνοίαςί
912 4815 1022 4872 Οὐκ
1046 4813 1150 4871 ἔδει
1196 4817 1291 4872 κᾶν
1338 4820 1399 4872 τὸ
1448 4820 1615 4893 παρὸν
1666 4818 1919 4891 αἰδεσθῆ-

262 4923 390 4974 ναι;
422 4904 482 4958 Τί
518 4904 820 4980 βασκαίνεις
852 4904 1122 4981 ἀνθρώπῳ
1152 4911 1370 4980 νικητῇ,
1415 4906 1465 4962 ἔν
1523 4914 1621 4980 μιᾷ
1669 4907 1785 4986 ὥρᾳ
1832 4910 1917 4966 εὐ-

262 4991 626 5071 φημουμένῳ,
680 4995 708 5048 6
764 4992 851 5049 ἐπὶ
906 4996 1306 5071 τεσσαράκοντα
1352 4995 1561 5073 ἡμέρας
1607 4999 1918 5074 κρυπτόμεο

260 5102 392 5153 νος;
428 5084 552 5140 Τῶν
587 5080 797 5159 ἰχθρῶν
831 5081 1169 5159 ἐλυτρώθης,
1200 5086 1253 5141 τί
1288 5086 1595 5165 βασκαίνεις
1645 5088 1914 5164 ἀνθρώπῳ

263 5169 658 5246 ιπαινουμένῳ,
709 5169 840 5246 ἔργα
885 5172 1004 5241 ἄξια
1052 5171 1284 5230 ἐπαίνων
1315 5162 1701 5251 ἐργασαμένῳ;
1734 5162 1916 5232 ίΑλλὰ

260 5262 396 5338 πρὸς
430 5261 615 5317 tau-16v
648 5258 849 5336 ἔλεγεν.
885 5258 1126 5316 Ἔδωκαν
1159 5268 1235 5337 τῷ
1266 5259 1428 5319 Δαϐὶδ
1478 5266 1573 5327 τὰς
1627 5262 1911 5341 μυριάδας,

257 5350 348 5406 καὶ
406 5350 529 5425 ἐμοὶ
585 5351 681 5413 τὰς
738 5346 1013 5425 χιλιάδας.
1039 5382 1045 5387 ο
1074 5351 1176 5409 Καὶ
1228 5353 1295 5422 ἦν
1332 5348 1781 5429 ὁποϐλεπόμενος
1809 5354 1900 5409 τὸν

261 5434 449 5497 Δαϐὶδ.

334 5640 380 5678 ιο
410 5641 432 5697 Ι
462 5640 609 5715 Reg.
635 5656 771 5717 xvn,
804 5640 948 5701 4-51.
1025 5642 1070 5682 ‘1
1104 5642 1256 5703 Plal.
1286 5660 1461 5719 mn,
1495 5645 1582 5707 17.
1658 5646 1705 5685 ⁴²
1734 5650 1761 5704 Ι
1791 5646 1923 5721 Reg.

2035 5645 2122 5722 ιιι,
2149 5646 2208 5707 7.

1732 6040 1887 6131 si"

2030 4651 2088 4704 et
2117 4648 2252 4704 Saul
2284 4648 2342 4703 in
2376 4647 2639 4704 millibus
2688 4648 2833 4705 suis.
2868 4670 2897 4697 ι)
2949 4647 3164 4703 Victori
3197 4649 3373 4703 etiam
3431 4649 3677 4720 (Davidi)

2031 4735 2212 4793 millia
2239 4738 2488 4794 dedere:
2523 4753 2709 4809 neque
2759 4736 2956 4792 dixere
2985 4740 3129 4809 quot
3172 4736 3378 4803 millia,
3418 4739 3505 4793 vel
3538 4742 3680 4809 quot

2028 4826 2345 4898 myriadas.
2378 4827 2628 4882 Possunt
2676 4831 2829 4882 certe
2881 4825 3174 4897 myriades
3220 4826 3429 4882 resolvi
3466 4826 3523 4881 in
3554 4826 3674 4881 chi-

2024 4914 2233 4982 liadas,
2261 4920 2316 4970 et
2360 4914 2640 4970 chiliades
2689 4912 3063 4985 multiplicari
3116 4914 3174 4969 in
3229 4915 3539 4983 myriadas.
3580 4917 3677 4971 His

2026 5003 2165 5059 Saul
2198 5003 2414 5059 auditis
2446 5006 2643 5058 animo
2676 5002 2977 5075 perculsus
3006 5007 3113 5058 est.
3147 5003 3190 5058 Ο
3224 5019 3496 5075 magnam
3530 5004 3676 5059 stul-

2025 5092 2212 5149 titiam
2240 5093 2252 5148 ι
2286 5092 2486 5148 Nonne
2535 5092 2795 5164 oportuit
2825 5090 2911 5147 vel
2957 5092 3211 5163 quodam
3261 5092 3340 5147 rei
3374 5093 3676 5164 praesentis

2024 5182 2247 5253 pudore
2304 5181 2534 5237 teneri?
2589 5181 2737 5245 Quid
2796 5180 3019 5237 invides
3075 5180 3298 5251 victori,
3357 5197 3473 5237 una
3538 5182 3677 5238 hora

2023 5270 2233 5326 faustis
2262 5270 2499 5326 vocibus
2544 5269 2853 5341 celebrato,
2885 5270 2985 5342 qui
3031 5270 3101 5325 ad
3133 5270 3523 5343 quadraginta
3551 5271 3675 5327 dies

2019 5357 2297 5414 latuisti?
2337 5359 2422 5415 Ab
2472 5359 2741 5415 hostibus
2791 5364 3049 5431 ereptus,
3096 5359 3236 5431 quid
3286 5358 3522 5415 laudato
3552 5360 3674 5415 viro

2018 5447 2267 5517 invides,
2299 5449 2400 5520 qui
2451 5446 2722 5507 laudibus
2770 5449 2949 5522 digna
2990 5447 3174 5506 edidit
3224 5448 3529 5507 facinora?
3558 5449 3670 5506 Sed
