4100 6224
438 350 555 411 159

1628 350 1692 412 S.
1739 349 2268 413 ATHANASIUS.
2296 381 2376 397 —
2404 349 2671 415 DUBIA.

3736 353 3863 415 160

434 481 594 552 apud
626 496 757 537 sese
816 481 1085 539 dicebat:
1147 482 1441 539 Dederunt
1469 482 1671 538 Davidi
1727 483 2045 555 myriadas;
2100 482 2246 539 mihi
2287 482 2593 541 chiliadas.
2646 486 2837 558 Atque
2888 485 3019 542 ideo
3077 484 3324 542 infensis
3353 485 3537 543 oculis
3566 485 3857 542 Davidem

438 568 803 627 intuebatur.

516 663 601 717 l2.
633 660 796 725 Vide,
833 678 1047 733 quaeso,
1081 678 1275 717 annon
1326 665 1676 735 pronepotes
1714 662 1844 733 ejus
1875 661 2086 718 fuerint

2277 662 2360 717 12.
2396 657 2573 718 Βλέπε
2606 660 2651 716 εἰ
2686 662 2761 735 μὴ
2796 660 3057 737 ἀπόγονοι
3112 662 3278 717 αὐτοῦ
3334 662 3495 733 ἦσαν,
3552 661 3632 723 οἶς
3679 664 3861 735 σήμε-

440 749 503 817 ii,
537 751 690 821 apud
724 767 871 821 quos
901 750 1073 806 hodie
1094 751 1357 807 Salvator
1385 753 1684 807 dexteram
1717 768 1955 806 manum
1979 752 2093 805 ari-

440 838 573 893 dam
608 840 848 894 sanavit.
887 838 1238 912 Egressique
1258 839 1343 894 illi
1374 839 1809 905 consultarunt,
1830 856 1945 895 non
1978 856 2095 911 qua

438 927 660 983 ratione
690 927 807 984 Deo
837 927 1087 1000 gloriam
1110 927 1453 1000 tribuerent,
1485 929 1584 985 sed
1616 946 1733 1001 qua
1763 929 1908 984 bene
1939 928 2010 983 dé
2034 946 2095 986 se

438 1016 645 1072 merito
686 1016 933 1073 insidias
964 1023 1260 1088 pararent.
1304 1019 1399 1074 Ait
1449 1018 1665 1091 quippe
1694 1019 2093 1093 Evangelium,

435 1104 595 1177 ipsos
640 1106 879 1177 quidem
936 1108 1193 1162 amentia
1240 1106 1463 1179 plenos,
1512 1114 1906 1180 exeuntesque
1944 1110 2093 1165 deli-

438 1195 673 1251 berasse
723 1195 862 1267 quid
923 1197 1060 1251 Jesu
1118 1197 1373 1252 facerent
1396 1198 1461 1251 ⁸³.
1522 1198 1873 1271 Pronepotes
1930 1215 2093 1271 pere-

438 1283 679 1356 cutoris,
713 1290 1061 1357 pronepotes
1110 1284 1312 1342 furiosi
1362 1284 1544 1355 illius,
1590 1292 1935 1360 pronepotes
1963 1288 2093 1360 ejus

436 1372 536 1445 qui
566 1374 713 1430 bene
747 1375 817 1430 de
844 1392 907 1431 se
938 1374 1162 1432 meritis
1208 1375 1614 1433 insidiabatur.
1652 1377 1885 1435 Infenso
1916 1377 2094 1451 igitur

435 1478 635 1517 animo
668 1463 940 1519 Davidem
976 1463 1114 1519 Saul
1150 1465 1504 1535 intuebatur,
1534 1481 1723 1538 neque
1754 1468 1928 1523 rectis
1956 1483 2092 1523 eum

430 1550 754 1622 aspiciebat
812 1553 1017 1608 oculis.
1076 1552 1243 1608 Tales
1289 1554 1443 1608 enim
1500 1559 1637 1609 sunt
1682 1555 1886 1625 invidi,
1946 1558 2093 1612 tales

433 1640 772 1713 hypocrita.
855 1642 1243 1707 Quamobrem
1331 1643 1435 1698 tibi
1522 1643 1662 1699 dicit
1740 1644 2090 1716 Scriptura;

443 1710 667 1785 uchuli
700 1731 783 1786 tui
817 1734 973 1787 recta
998 1730 1331 1786 videant“:
1360 1754 1388 1781 ››
1414 1731 1559 1788 nihil
1590 1710 1918 1806 obliquum,
1946 1710 2091 1793 nihil

435 1818 727 1884 invidum,
773 1818 917 1875 nihil
966 1820 1121 1891 quod
1172 1820 1499 1889 cupidinem
1548 1828 1651 1879 aut
1700 1825 1950 1881 furorem
1992 1832 2093 1883 aut

438 1908 578 1980 quid
611 1908 804 1963 simile
860 1925 973 1981 prae
1027 1925 1092 1964 se
1147 1909 1310 1965 ferat.
1344 1912 1552 1982 Aspice
1608 1913 1864 1969 amicum
1920 1918 2091 1973 rectis

439 1996 643 2066 oculis,
695 1997 841 2053 nihil
890 1997 1353 2069 dissimulanter,
1405 2000 1549 2055 nihil
1597 2002 1933 2060 virulenter.
1977 2006 2087 2062 Sed

434 2086 572 2143 Saul
600 2086 876 2143 Davidem
910 2088 1089 2146 torvis
1131 2088 1314 2146 oculis
1362 2090 1691 2161 aspiciebat.
1743 2092 1887 2149 Vide
1916 2094 2085 2168 mihi,

434 2193 654 2249 quasso,
715 2176 960 2232 insidias
981 2177 1043 2231 “.
1077 2177 1221 2233 Eum
1270 2178 1330 2233 in
1388 2180 1571 2251 pretio
1618 2181 1817 2238 haberi
1850 2185 2084 2256 conspi-

436 2270 624 2331 catus,
659 2265 841 2321 ﬁliam
901 2266 1013 2337 ipsi
1063 2266 1201 2322 dare
1252 2267 1413 2340 cupit
1444 2285 1700 2326 uxorem.
1749 2276 1794 2328 Ο
1839 2274 2084 2329 tentatio

436 2354 668 2411 invidias
698 2354 711 2409 ί
747 2354 1063 2410 Insidiatur
1091 2354 1143 2411 ei
1174 2372 1349 2429 quem
1378 2373 1656 2430 generum
1697 2361 1945 2435 accipit:
1982 2379 2086 2419 nec

438 2444 627 2518 parcit
656 2443 811 2513 ﬁliae,
858 2448 921 2500 ut
976 2444 1260 2502 honorato
1307 2446 1426 2503 viro
1476 2452 1665 2506 struat
1718 2451 1986 2509 insidias.
2022 2453 2083 2509 In

438 2534 636 2589 dotem
675 2549 808 2589 vero
854 2532 1108 2605 postulat
1152 2538 1386 2592 centum
1434 2539 1718 2611 praeputia
1765 2540 2085 2614 allaphylo-

437 2638 591 2678 rum.
624 2622 987 2695 Opinabatur
1032 2623 1187 2679 enim
1237 2624 1287 2680 si
1335 2624 1531 2697 ipsum
1578 2627 1637 2683 in
1684 2645 1940 2702 pugnam
1973 2630 2085 2686 im-

438 2710 718 2779 mitteret,
742 2716 979 2767 centum
1013 2728 1146 2767 cum
1170 2729 1286 2769 uno
1307 2730 1674 2788 congressos,
1702 2735 1881 2774 unum
1913 2720 2088 2775 inter-

432 2800 711 2869 fecturos,
769 2804 947 2873 atque
1002 2802 1087 2857 sic
1142 2819 1270 2859 sese
1328 2804 1492 2860 rivali
1549 2808 1882 2879 expeditum
1944 2808 2081 2866 fore.

430 2890 827 2947 Commissum
861 2890 1121 2961 prmlium
1170 2898 1297 2960 est;
1330 2895 1432 2949 sed
1482 2895 1757 2952 inimicus
1790 2903 1854 2954 ut
1880 2897 2082 2953 inimi-

432 2996 555 3049 cus,
588 2984 739 3034 Deus
767 2996 900 3035 vero
925 2986 987 3035 ut
1025 2982 1195 3038 Deus.
1231 2982 1361 3037 Exit
1405 2985 1603 3050 David,
1639 2986 1919 3058 solusque
1948 3004 2082 3044 cen-

434 3071 563 3124 tum
610 3068 906 3126 interﬁeit.
965 3070 1181 3125 Verum
1240 3071 1376 3127 Saul
1428 3074 1897 3133 animadvertens
1955 3091 2084 3133 esse

436 3162 618 3215 Deum
650 3159 837 3215 amico
868 3176 976 3215 suo
1021 3159 1160 3215 belli
1200 3161 1445 3230 socium,
1498 3180 1570 3220 ne
1599 3164 1681 3220 ita
1710 3166 1945 3237 quidem
1978 3183 2085 3239 pu-

435 3248 575 3304 dore
604 3250 845 3304 aﬂ‘ectus
875 3253 1000 3305 est:
1052 3250 1388 3323 mansitque
1436 3254 1493 3308 in
1527 3254 1804 3325 parandis
1854 3257 2085 3314 insidiis

434 3334 721 3408 pertinax,
757 3340 933 3407 atque
961 3335 1019 3391 id
1052 3353 1167 3391 non
1209 3342 1409 3394 contra
1448 3339 1779 3407 inimicum,
1812 3343 1912 3397 sed
1946 3359 2083 3399 con-

433 3429 525 3481 tra
553 3425 744 3481 virum
802 3426 874 3481 de
925 3442 987 3482 se
1016 3426 1164 3481 bene
1221 3427 1517 3483 meritum.
1549 3429 1931 3504 Jonathaaque
1962 3432 2082 3491 ﬁlio

433 3514 817 3585 irascebatur,
850 3515 1005 3587 quod
1061 3520 1218 3571 esset
1263 3516 1313 3573 ei
1362 3533 1492 3572 cum
1541 3518 1755 3575 Davide
1785 3521 2079 3579 amicitia:

431 3619 613 3673 eoque
642 3604 917 3661 caecitatis
964 3620 1036 3660 ex
1086 3604 1304 3661 invidia
1352 3606 1639 3663 deductus
1695 3614 1802 3680 est,
1845 3614 1908 3666 ut
1952 3626 2083 3683 pro-

433 3692 625 3765 prium
654 3693 842 3747 ﬁlium
875 3692 1201 3749 interﬁcere
1222 3698 1487 3751 tentaret.
1514 3696 1694 3751 David
1722 3702 1915 3754 autem
1949 3716 2082 3757 cum

430 3797 558 3838 sese
584 3781 802 3838 videret
833 3782 1065 3839 insidiis
1095 3783 1313 3855 appeti,
1346 3783 1417 3839 ad
1448 3784 1681 3840 tertiam
1712 3802 1773 3842 se
1802 3787 1955 3843 diem
1987 3804 2081 3845 oc-

430 3870 643 3928 cultat:
679 3888 814 3927 nam
847 3871 1024 3928 David
1058 3888 1288 3944 quoque
1330 3873 1564 3930 tertiam
1597 3881 1761 3931 norat
1800 3876 1993 3933 diem:
2027 3882 2084 3935 et

431 3960 575 4017 inito
606 3977 741 4017 cum
765 3961 1023 4018 Jonatha
1050 3962 1281 4031 fwdere,
1314 3980 1442 4021 sese
1465 3964 1523 4019 in
1553 3964 1752 4037 fugam
1784 3966 1968 4023 victor
1990 3967 2082 4024 ille

435 4050 596 4105 dedit
622 4067 635 4104 :
668 4067 785 4105 non
817 4067 930 4122 quo
960 4068 1077 4107 non
1108 4052 1324 4110 valeret
1362 4053 1671 4111 inimicum
1703 4054 1906 4113 ulcisci
1934 4075 1946 4125 ;
1980 4059 2080 4114 sed

2205 768 2296 823 ρον
2329 749 2357 803 6
2390 751 2584 825 Σωτὴρ
2617 751 2931 825 ἐθεράπευσε
2953 751 3051 819 τὴν
3086 748 3257 820 δεξιὰν
3296 755 3457 826 χεῖρα
3503 751 3600 819 τήν
3655 750 3857 825 ξηράν.

2204 835 2300 892 Καὶ
2354 837 2653 908 ἐξελθόντες
2711 839 2922 907 ἐκεῖνοι,
2973 838 3081 915 οὐχ
3130 836 3223 893 ’ίνα
3261 835 3522 911 δοξάσωσι
3550 836 3641 893 τόν
3692 838 3859 907 Θεὸν,

2204 926 2545 997 ἐσκέπτοντο,
2606 926 2752 983 ἀλλὰ
2804 933 2921 990 πῶς
2979 923 3407 984 ἐπιϐουλεύσωσι
3464 932 3542 1000 τῷ
3572 927 3857 1003 εὐεργέτῃ.

2204 1016 2358 1091 Λέγει
2387 1016 2487 1093 γὰρ
2518 1017 2581 1071 τὸ
2612 1015 2968 1093 Εύαγγέλιον,
3001 1015 3085 1071 ὅτι
3140 1015 3291 1072 αὐτοὶ
3354 1017 3447 1090 μὲν
3499 1014 3856 1087 ἐπλήσθησαν

2204 1104 2407 1171 ἀνοίας,
2438 1105 2527 1160 καὶ
2558 1103 2882 1179 ἐξελθόντες,
2916 1104 3305 1181 διελογίζοντο,
3337 1105 3389 1160 τί
3424 1106 3482 1160 ἄν
3522 1107 3857 1177 ποιήσωμεν

2200 1195 2280 1265 τῷ
2337 1195 2555 1263 Ἰησοῦ;
2615 1194 2908 1271 Ἀπόγονοι
2964 1198 3061 1249 τοῦ
3118 1192 3435 1263 διώκοντος,
3468 1196 3556 1249 καί
3586 1193 3855 1269 ἀπόγονοι

2202 1284 2297 1336 τοῦ
2330 1280 2658 1356 μανιώδους,
2689 1282 2777 1338 καὶ
2808 1282 3071 1358 ἀπόγονοι
3121 1287 3216 1337 τοῦ
3247 1277 3697 1343 ἐπιϐουλεύοντος
3728 1287 3854 1343 τοῖς

2204 1370 2524 1448 εὐεργέταις.
2582 1367 2940 1427 Ὑπεϐλέπετο
2996 1370 3172 1427 τοίνυν
3235 1372 3262 1425 6
3324 1369 3505 1425 Σαοὺλ
3530 1371 3619 1425 τὸν
3654 1365 3855 1440 Δαϐὶδ,

2201 1460 2290 1515 καὶ
2322 1460 2421 1516 ούκ
2450 1459 2526 1517 ἔτι
2558 1456 2782 1517 ἔϐλεπεν
2814 1461 2971 1517 αὐτὸν
3019 1461 3202 1539 ὀρθοῖς
3236 1458 3565 1533 ὀφθαλμοῖς.
3595 1464 3854 1514 Τοιοῦτοι

2200 1551 2300 1625 γάρ
2332 1550 2383 1604 οἱ
2417 1550 2689 1625 βάσκανοι,
2713 1550 2801 1605 καὶ
2829 1555 3069 1605 τοιοῦτοι
3102 1550 3153 1603 οἱ
3186 1548 3489 1624 ὑποκριταί.
3542 1550 3637 1602 Διά
3681 1553 3850 1602 τοῦτο

2202 1641 2236 1708 ἡ
2274 1642 2453 1717 Γραφή
2490 1660 2571 1694 σοι
2605 1637 2768 1716 λέγει.
2802 1663 2830 1689 ‹‹
2871 1638 2937 1697 Οἱ
2969 1638 3245 1718 ὀφθαλμοί
3276 1659 3370 1694 σου
3400 1637 3535 1715 ὀρθὰ
3567 1636 3851 1713 βλεπέτω-

2202 1749 2319 1795 σαν,
2380 1753 2409 1780 ››
2462 1727 2629 1801 μηδὲν
2688 1728 2946 1805 πλάγιον,
3003 1726 3145 1803 μηδέ
3198 1728 3478 1804 βάσκανον,
3509 1727 3543 1795 ἢ
3577 1725 3780 1802 ἔρωτος
3810 1727 3849 1795 ἢ

2205 1816 2420 1889 μανίας,
2446 1817 2481 1886 ἢ
2512 1838 2563 1873 τι
2734 1822 2981 1873 τοιοῦτον
3017 1816 3295 1893 ἐχόμενοι.
3328 1815 3503 1872 Βλέπε
3549 1817 3639 1870 τὸν
3685 1814 3851 1893 φίλον

2200 1904 2396 1981 ὀρθῶς,
2434 1904 2601 1979 μηδὲν
2648 1906 3044 1981 κεκρυμμένον,
3098 1903 3267 1979 μηδὲν
3326 1900 3568 1961 ἰοϐόλον.
3628 1903 3850 1960 ’Δλλ’ὁ

2201 1994 2381 2049 Σαοὺλ
2414 1990 2747 2051 ὑπεϐλέπετο
2776 1997 2866 2051 τὸν
2900 1990 3085 2053 Δαϐίδ.
3120 1994 3222 2052 Καὶ
3275 1993 3444 2072 βλέπε
3489 1996 3849 2064 κατασκευήν·

2197 2080 2324 2139 ἰδὼν
2358 2083 2515 2139 αὐτὸν
2544 2086 2878 2159 τιμώμενον,
2917 2083 3171 2161 βούλεται
3204 2082 3349 2156 αύτῷ
3381 2079 3564 2138 δοῦναι
3602 2084 3699 2153 τὴν
3750 2084 3847 2137 Ου-

2192 2173 2387 2250 γατέρα
2435 2170 2817 2251 ἐπιγαμϐρίαν.
2885 2175 2950 2229 Ὢ
3004 2173 3248 2249 πείρασις
3305 2172 3628 2251 βασκανίαςί
3681 2178 3844 2227 Ἐπι-

2194 2257 2465 2336 6ουλεύει,
2512 2265 2601 2319 καὶ
2646 2263 2876 2341 νυμφίον
2918 2262 3076 2318 αὐτὸν
3127 2259 3415 2336 λαμϐάνει’
3446 2263 3537 2317 καί
3569 2262 3631 2316 ού
3662 2260 3847 2339 φείδε-

2191 2373 2279 2408 ται
2328 2353 2613 2429 θυγατρὸς,
2656 2351 2750 2407 ’ίνα
2798 2357 2877 2425 τῷ
2926 2350 3276 2426 τετιμημένῳ
3328 2347 3707 2421 ἐπιϐουλεύσῃ.
3742 2350 3845 2405 Καὶ

2195 2439 2426 2506 ἔπαθλον
2491 2440 2745 2519 βούλεται
2808 2441 2994 2498 ἑκατὸν
3072 2436 3427 2517 ἀκροϐυστίας
3484 2436 3847 2517 ἀλλοφύλων.

2192 2532 2502 2588 ’Υπώπτευε
2557 2534 2683 2608 γὰρ,
2742 2531 2848 2603 ὅτι,
2900 2531 2987 2588 ἐὰν
3029 2530 3106 2594 είς
3137 2529 3383 2603 πόλεμον
3414 2528 3572 2584 αὐτὸν
3604 2524 3849 2602 ἐμϐάλῃ,

2194 2622 2245 2675 οἱ
2303 2622 2511 2693 ἐκατὸν,
2570 2620 2977 2695 συμπλακέντες
3030 2625 3110 2693 τῷ
3182 2619 3281 2690 ἐνὶ,
3341 2619 3694 2674 ἀποκτενοῦσι
3753 2620 3849 2673 τὸν

2190 2706 2303 2764 ἕνα·
2337 2710 2425 2764 καὶ
2475 2708 2647 2772 οὕτως
2676 2708 3041 2785 ἀπαλλαγείη.
3077 2708 3179 2766 Καὶ
3210 2708 3445 2785 γέγονεν’
3497 2706 3623 2762 ἀλλ’
3669 2707 3699 2761 6
3749 2707 3851 2779 μιν

2194 2797 2394 2875 ἐχθρὸς
2441 2799 2517 2862 ὡς
2566 2797 2785 2875 ἐχθρὸς,
2836 2800 2864 2854 6
2913 2796 2970 2854 δὲ
3002 2800 3129 2861 Θεὸς
3162 2798 3235 2859 ὡς
3266 2796 3414 2859 Θεός.
3448 2798 3783 2872 ’Δπέρχεται
3817 2798 3845 2850 6

2192 2883 2379 2960 Δαὸὶδ,
2411 2888 2500 2943 καὶ
2529 2894 2647 2960 νικᾷ
2680 2888 2842 2962 μόνος
2875 2887 3084 2945 ἑκατόν.
3118 2888 3175 2941 Ὃ
3207 2884 3263 2942 δὶ
3306 2883 3486 2941 Σαοὺλ
3529 2883 3667 2940 ’ίδὼν
3718 2885 3853 2941 Getis

2192 2977 2486 3053 σύμμαχον
2516 2982 2614 3032 τοῦ
2647 2978 2870 3053 ἐχθροῦ,
2903 2974 3034 3032 οὐδὲ
3064 2975 3239 3038 οὕτως
3281 2972 3632 3045 ἐδυσωπήθη’
3700 2972 3850 3048 μᾶλ-

2192 3068 2287 3123 λον
2339 3065 2396 3122 δὲ
2445 3066 2506 3122 οὐ
2554 3071 2650 3122 τοῦ
2695 3066 2917 3143 ἐχθροῦ,
2952 3063 3096 3121 ἀλλὰ
3124 3069 3223 3120 τοῦ
3254 3062 3533 3140 εὐεργέτου
3565 3062 3848 3135 ἐπέμεινεν

2194 3155 2246 3212 ἐν
2276 3159 2345 3231 τῇ
2380 3153 2579 3231 βουλῇ.
2613 3156 2711 3210 Καὶ
2739 3160 2819 3228 τῷ
2850 3155 2952 3227 υίῴ
2987 3154 3239 3212 Ἰωνάθαν
3279 3153 3591 3229 ἠγανάκτει,
3640 3150 3732 3206 διὰ
3784 3151 3850 3206 τὸ

2194 3242 2339 3321 ἔχειν
2373 3244 2507 3324 φίλα
2535 3246 2670 3323 πρὸς
2698 3245 2789 3300 τὸν
2824 3239 3012 3313 Δαϐὶδ,
3051 3243 3141 3299 καὶ
3192 3241 3515 3318 ἐπεχείρησε
3562 3242 3647 3297 τὸν
3705 3239 3849 3296 ἴδιον

2194 3336 2308 3390 υἱὸν
2367 3334 2576 3389 ἀνελεῖν
2634 3336 2703 3408 τῇ
2763 3331 3024 3410 βασκανίᾳ
3075 3338 3175 3401 τῆς
3236 3328 3474 3391 διανοίας
3531 3324 3852 3387 ἀϐλεπτῶν.

2194 3421 2347 3481 Ἰδὼν
2411 3419 2469 3477 δὲ
2517 3422 2700 3478 ἐαυτὸν
2746 3416 3238 3494 ἐπιϐουλευόμενον
3289 3418 3317 3473 6
3365 3414 3556 3490 Δαόἰδ,
3586 3412 3850 3493 κρύὸεται

2190 3509 2297 3575 ἓως
2319 3518 2420 3583 τῆς
2451 3510 2657 3588 τρίτης·
2685 3512 2773 3566 καὶ
2820 3512 2847 3565 6
2883 3504 3050 3565 Δαϐὶδ
3086 3506 3202 3565 οἶδε
3230 3508 3329 3577 τὴν
3360 3507 3568 3585 τρίτην,
3600 3506 3691 3561 καὶ
3723 3528 3855 3563 συν-

2193 3603 2361 3673 θήκας
2392 3605 2631 3656 ποιεῖται
2658 3598 2794 3675 πρὸς
2819 3600 2910 3655 τὸν
2958 3598 3235 3668 Ἰωνάθαν,
3284 3596 3374 3653 καὶ
3430 3595 3604 3658 οὕτως
3656 3594 3853 3674 φεύγει

2193 3700 2221 3755 6
2267 3701 2517 3770 νικητής·
2566 3698 2666 3754 οὐκ
2711 3697 2916 3753 ἀτονῶν
2966 3695 3269 3769 ἀμύνασθαι
3297 3695 3389 3751 τὸν
3418 3693 3639 3771 ἐχθρὸν,
3699 3693 3857 3750 ἀλλὰ

2198 3789 2273 3863 μὴ
2338 3786 2675 3864 βουλόμενος
2722 3788 2857 3842 κατᾶ
2902 3790 2999 3842 τοῦ
3048 3783 3487 3862 εὑεργετηθέντος
3554 3781 3853 3859 ἐπαγαγεῖν

2192 3876 2364 3955 ξίφος·
2396 3876 2486 3932 καὶ
2517 3873 2792 3954 παραδοὺς
2824 3876 2958 3949 ἅπαξ
2988 3879 3068 3948 τῷ
3099 3878 3215 3948 Θεῷ
3271 3874 3333 3928 τὸ
3390 3874 3693 3951 κριτήριον,
3755 3874 3852 3927 καὶ

2193 3966 2432 4045 φεύγων,
2460 3965 2677 4043 ἔρχεται
2714 3966 2847 4040 μετὰ
2874 3969 2979 4021 τῶν
3017 3963 3241 4019 οίκετῶν
3265 3962 3401 4039 πρὸς
3424 3964 3516 4018 τὸν
3538 3956 3853 4037 ’Δόιμέλεχ

2189 4056 2280 4112 τὸν
2315 4054 2482 4132 ἱερέα.

437 4136 643 4193 nolens
671 4137 733 4192 in
784 4138 970 4193 virum
1002 4139 1095 4195 cui
1150 4141 1433 4198 beneficia
1487 4143 1851 4212 contulisset,
1908 4146 2195 4219 stringere
2250 4146 2649 4221 gladiumzao
2707 4144 2823 4202 Deo
2881 4142 3063 4201 semel
3111 4142 3488 4201 committens
3527 4140 3848 4213 judicium,

438 4226 580 4300 fuga
607 4244 669 4285 se
699 4228 924 4284 confert
953 4244 1087 4285 cum
1118 4230 1243 4286 suis
1272 4231 1608 4290 domesticis
1637 4235 1707 4289 ad
1741 4235 2184 4293 Abimelechum
2213 4237 2597 4294 sacerdotem.

510 4317 594 4373 13.
628 4316 760 4372 Haec
789 4321 982 4373 autem
1031 4318 1227 4375 omnia
1256 4335 1627 4378 recensemus
1674 4323 1747 4379 ob
1778 4324 2085 4381 historiam

432 4406 751 4479 Evangelii,
782 4406 854 4461 ob
885 4406 1124 4463 verbum
1158 4407 1300 4464 illud
1330 4409 1680 4468 Salvatoris:
1720 4414 1969 4469 «Annon
2002 4413 2083 4470 le-

431 4494 603 4568 gistis
640 4497 684 4531 ⁸⁵
722 4496 863 4567 quid
914 4497 1111 4552 fecerit
1160 4497 1358 4563 David,
1418 4514 1551 4555 cum
1606 4501 1887 4558 esuriret:
1938 4520 2081 4574 quo-

432 4585 605 4641 modo
633 4586 857 4641 venerit
888 4584 985 4642 52
1017 4585 1075 4640 in
1121 4586 1364 4641 domum
1406 4586 1527 4658 Dei,
1560 4592 1618 4644 et
1664 4606 1843 4661 panes
1875 4608 2082 4663 propo-

428 4674 661 4730 sitionis
716 4675 1034 4731 comederit
1057 4676 1098 4709 ‘7
1135 4674 1163 4730 ?
1219 4697 1247 4727 »
1286 4676 1460 4732 Venit
1520 4677 1720 4749 itaque
1776 4678 1953 4735 David
2012 4682 2084 4737 ad

426 4762 867 4819 Abimelechum
901 4765 1261 4821 sacerdotem
1312 4782 1444 4821 cum
1477 4766 1679 4838 paucis
1726 4767 1829 4822 via:
1858 4769 2085 4825 comiti-

429 4852 562 4909 bus.
597 4852 1050 4923 Obstupefactus
1075 4854 1426 4923 Abimelech,
1454 4856 1671 4927 Ecquid
1704 4855 1872 4923 illud,
1907 4857 2004 4923 ait,
2025 4862 2087 4914 ut

428 4940 547 4995 dux
575 4941 860 4997 exercitus
894 4941 1058 4997 solus
1093 4942 1199 4998 iter
1248 4943 1439 5012 faciat,
1473 4949 1531 4999 et
1562 4944 1649 4999 vir
1689 4944 1939 5017 insignis
1971 4958 2087 5004 tam

430 5028 637 5106 exiguo
669 5030 947 5085 comitatu
1000 5033 1251 5087 utatur?
1296 5033 1443 5088 Tum
1489 5033 1669 5089 David
1721 5050 2088 5106 nequaquam

428 5104 683 5197 insidias
713 5118 825 5173 sibi
874 5124 1107 5189 paratas
1152 5126 1459 5192 memorat,
1506 5123 1606 5178 sed
1642 5140 1702 5179 re
1750 5104 1954 5197 celata,
1988 5124 2092 5195 ait,

2268 4326 2355 4381 13.
2405 4325 2583 4380 Πάντα
2631 4320 2689 4378 δὲ
2732 4324 2899 4377 ταῦτα
2950 4319 3179 4399 λέγομεν
3233 4318 3323 4375 διὰ
3349 4320 3449 4390 τὴν
3480 4316 3719 4392 ἱστορίαν
3751 4322 3853 4373 τοῦ

2194 4411 2550 4490 Εὖαγγελίου,
2574 4410 2663 4467 διὰ
2690 4411 2752 4467 τὸ
2786 4410 2937 4487 ῥῆμα
2965 4414 3063 4465 τοῦ
3116 4416 3377 4485 Σωτῆρος
3425 4409 3487 4464 τὸ
3537 4405 3848 4484 είρημένονο

2198 4526 2240 4581 «θ
2285 4500 2394 4556 Οὐκ
2442 4499 2707 4578 ἀνέγνωτε
2763 4497 2791 4554 ὂ
2840 4497 3063 4568 ἐποίησε
3115 4493 3305 4567 Δαϐὶδ,
3376 4495 3468 4552 ὅτε
3548 4496 3850 4566 ἐπείνασεν,

2196 4590 2272 4653 ὡς
2328 4589 2496 4660 ἦλθεν
2554 4589 2630 4651 είς
2686 4589 2779 4644 τὸν
2838 4588 2988 4643 οἷκον
3044 4591 3142 4643 τοῦ
3201 4590 3358 4656 Θεοῦ,
3430 4584 3520 4641 καὶ
3576 4584 3702 4648 τοὺς
3762 4581 3853 4661 ἄρ-

2191 4699 2317 4741 τους
2371 4679 2472 4749 τῆς
2531 4676 2837 4753 προθέσεως
2895 4673 3129 4754 ἔφαγενς
3185 4698 3214 4727 ››
3272 4677 3532 4751 Ἔρχεται
3588 4672 3771 4728 τοίνυν
3822 4674 3853 4728 6

2196 4762 2362 4823 Δαϐὶδ
2420 4767 2556 4843 πρὸς
2609 4765 2700 4822 τὸν
2761 4760 3070 4841 ’Δειμέλεχ
3123 4763 3217 4820 τὸν
3264 4763 3431 4840 ἱερέα,
3486 4763 3601 4836 μετ’
3637 4760 3849 4837 ὀλίγων

2198 4855 2527 4933 ὁδοιπορῶν.
2560 4854 2859 4929 Ἐξεπλάγη
2894 4855 2921 4909 6
2968 4848 3289 4929 Ἀϐιμέλεχ’
3340 4852 3453 4923 καὶ,
3484 4851 3546 4906 Τί
3574 4856 3733 4907 τοῦτο
3763 4852 3855 4928 γέ-

2199 4967 2347 5022 γονε,
2380 4944 2562 5025 φησὶν,
2596 4944 2678 4999 ὅτι
2725 4943 2887 5017 μόνος
2949 4944 2976 4998 6
3038 4941 3416 5018 στρατηλάτης
3447 4937 3643 5011 ὁδεύει,
3701 4940 3794 4995 καὶ
3826 4942 3856 4995 6

2202 5036 2473 5109 ἐπίσημος
2524 5034 2801 5109 λιτοτέραν
2856 5037 3092 5089 ποιεῖται
3149 5032 3248 5101 τὴν
3298 5028 3650 5106 ὀδοιπορίανς
3681 5030 3739 5083 Ὁ
3801 5028 3858 5083 δὲ

2204 5119 2369 5180 Δαϐὶδ
2403 5123 2464 5179 ού
2496 5121 2643 5199 λέγει
2672 5124 2774 5192 τὴν
2802 5117 3125 5192 ἐπιϐουλὴν,
3155 5118 3301 5176 ἀλλά
3331 5123 3511 5192 σιωπᾷ
3536 5119 3601 5173 τὸ
3628 5124 3861 5195 πρᾶγμα

422 5196 663 5267 jussum
716 5208 913 5279 pueris
965 5224 1094 5265 esse
1142 5214 1207 5265 ut
1254 5210 1312 5265 in
1355 5210 1548 5268 locum
1597 5196 1968 5281 conveniant,
2000 5215 2086 5271 cui

2203 5212 2292 5269 καί
2322 5234 2507 5292 φησιν,
2542 5196 2623 5268 ὅτι
2652 5217 2771 5275 τοῖς
2799 5208 3108 5286 παιδαρίοις
3140 5207 3451 5265 ἐντέταλται
3507 5210 3618 5283 (34)
3675 5207 3725 5263 ἐν
3780 5212 3861 5281 τῷ

433 5314 668 5368 nomen,
702 5298 810 5353 Deo
841 5297 994 5369 ﬁdes.
1036 5298 1184 5354 Nota
1230 5301 1384 5371 apud
1431 5300 1708 5357 Davidem
1758 5319 1993 5375 quoque
2027 5303 2094 5358 ﬁ-

2203 5302 2358 5375 τόπῳ
2384 5307 2464 5375 τῷ
2497 5301 2799 5378 λεγομένῳ,
2833 5304 2948 5372 Θεῷ
2977 5298 3179 5362 πίστις.
3212 5298 3527 5373 Σημείωσαι
3558 5296 3648 5354 καὶ
3697 5302 3862 5353 τοῦτο

500 5446 550 5483 ⁸⁸
578 5445 786 5504 Matth.
816 5462 919 5515 xu,
952 5447 1041 5503 14.
1115 5447 1163 5483 ⁸⁵
1190 5447 1345 5505 Psal.
1372 5465 1487 5521 xvr,
1516 5451 1572 5506 2.
1648 5451 1693 5487 ⁸⁸
1723 5450 1747 5508 Ι
1775 5450 1914 5525 Reg.
1945 5468 2086 5509 xvur

2198 5454 2233 5509 i.
2309 5454 2354 5489 ⁴⁶
2386 5452 2573 5526 IReg.
2606 5468 2721 5522 xxx,
2752 5451 2809 5507 6.
2886 5451 2930 5486 ⁴⁷
2966 5449 3174 5507 Matth.
3205 5466 3310 5522 ιιι,
3342 5450 3396 5508 4.

507 5593 622 5666 (33)
651 5596 710 5645 Τι
743 5608 859 5666 non
896 5591 1159 5666 habetur
1191 5592 1253 5666 in
1297 5594 1666 5666 Commelin.,
1718 5611 1824 5655 nec
1853 5595 1913 5655 in
1942 5613 2085 5655 mss.

442 5663 546 5724 sed
577 5663 612 5723 α
635 5663 1070 5725 Parisiensibus
1092 5664 1361 5725 additum
1392 5665 1525 5726 fuit.
1650 5663 1659 5666 ⁷
1908 5666 1953 5679 ’“

2270 5598 2379 5671 (34)
2412 5595 2697 5673 Commel.
2729 5594 2907 5655 habet
2936 5590 3276 5667 ἑντιταλμαι.
