4100 6224
235 356 347 420 161

1483 352 1817 418 HOMILIA
1862 350 1964 414 DE
2007 350 2401 414 SEMENTE.

3526 366 3643 427 162

231 492 321 547 καὶ
372 488 520 566 παρᾶ
563 492 643 561 τῷ
700 482 864 543 Δαϐὶδ
922 488 959 557 ἡ
1012 485 1214 549 πίστις’
1265 483 1355 543 διὰ
1396 486 1487 541 τὸν
1526 482 1799 559 μέλλοντα
1829 481 1880 553 ἐξ

2004 485 2128 540 dem
2178 499 2307 540 esse
2340 500 2354 539 :
2388 485 2461 539 ob
2508 500 2642 540 eum
2692 486 2791 557 qui
2842 501 2913 541 ex
2959 487 3059 544 illo
3106 494 3299 547 ortum
3357 494 3644 554 ducturus

234 579 403 635 αὐτοῦ
433 579 741 656 γεννᾶσθαι,
769 576 861 633 τὸν
896 575 1141 653 λέγοντα·
1180 599 1208 627 ‹‹
1242 574 1393 631 Κατὰ
1418 576 1516 644 τὴν
1567 574 1742 629 πίστιν
1791 596 1885 629 σου

2004 576 2140 643 erat,
2164 573 2264 644 qui
2297 572 2415 628 ait:
2442 594 2470 624 ‹‹
2496 574 2622 629 Fiat
2651 574 2757 629 tibi
2789 577 3114 632 secundum
3147 578 3320 635 ﬁdem
3353 586 3516 639 tuam
3539 586 3637 641 “.-

238 669 530 746 γενηθήτω
560 688 667 725 σοι.
700 691 729 719 ››
761 665 979 728 Είκόνες
1011 667 1101 720 καὶ
1134 663 1359 728 ἐνταῦθα
1406 665 1736 738 πραγμάτων
1795 661 1885 718 καὶ

238 757 588 831 ὁμοιότητες.
622 755 774 811 Δῖτεῖ
802 757 993 832 ἄρτους
1034 756 1063 809 ὁ
1095 750 1259 809 Δαϐὶδ
1311 753 1456 828 παρὰ
1507 758 1604 809 τοῦ
1663 748 1885 825 Ἀϐιμέ-

235 845 363 923 λεχ.
400 848 459 904 Ὀ
518 843 574 900 δὲ
632 866 762 923 φησι
819 845 954 921 πρὸς
995 843 1176 901 αὐτόν.
1210 843 1320 898 Οὐκ
1351 842 1482 897 εἷ’σῖν
1511 840 1663 918 ἄρτοι
1696 841 1820 897 ἀλλ’
1849 840 1884 909 ἢ

239 937 290 991 οἱ
352 936 717 1013 ἀφιερωμὲνοι
766 933 825 989 ἐκ
880 934 1177 1009 προσώπου
1236 932 1453 1010 Κυρίου.
1512 931 1683 987 Πάλιν
1713 928 1886 986 ἄλλου

239 1024 417 1099 νόμου
447 1022 529 1080 δεῖ
554 1025 699 1097 ἡμᾶς
735 1026 1127 1096 μνημονεῦσαι.
1159 1025 1215 1075 Ὀ
1252 1026 1349 1077 τοῦ
1400 1023 1670 1082 Μωῦσὲως
1717 1019 1886 1091 νόμος

242 1113 466 1192 ἔγραψεν
515 1112 568 1167 ἐν
617 1112 735 1173 ταῖς
780 1112 1027 1174 τελεταῖς
1073 1119 1171 1182 τῆς
1216 1109 1468 1186 λατρείας
1518 1115 1632 1171 ταῖς
1664 1105 1888 1185 γινομέ-

238 1224 357 1265 ναις
387 1202 521 1257 κατὰ
548 1204 646 1269 τὴν
696 1200 904 1276 ἡμέραν
952 1205 1048 1255 τοῦ
1100 1195 1406 1270 Σαϐϐάτου,
1456 1197 1666 1254 δώδεκα
1695 1198 1887 1272 ἄρτους

244 1290 476 1367 θερμοὺς
507 1289 799 1362 πεφθέντας
828 1296 1048 1360 τεθῆναι
1082 1289 1169 1344 ἐπὶ
1210 1297 1310 1359 τῆς
1366 1288 1661 1365 τραπέζης.
1711 1289 1889 1345 ’Όπου

244 1380 302 1437 δὲ
330 1380 529 1455 Θὲρμη,
562 1378 674 1435 ἐκεῖ
701 1385 830 1457 πῦρ.
865 1379 1177 1455 Λεγὲτωσαν
1210 1383 1301 1435 νῦν
1352 1381 1487 1452 ἡμῖν
1535 1378 1587 1433 οἱ
1638 1374 1887 1435 Ἰουδαῖοι

240 1475 359 1534 πῶς
386 1474 614 1547 τηροῦσι
636 1470 700 1525 τὸ
732 1464 1037 1539 Σάϐϐατον,
1068 1468 1159 1524 καῖ
1205 1469 1268 1524 τὸ
1312 1473 1419 1541 πῦρ
1470 1469 1653 1522 ἅπτειν
1692 1486 1890 1540 παραι-

237 1564 473 1631 τοῦνται,
525 1557 663 1614 ὅπου
712 1558 764 1613 οἱ
813 1559 974 1633 ἱερεῖς
1023 1558 1252 1612 ἅπτουσι
1284 1562 1412 1633 πῦρ,
1444 1557 1533 1612 καὶ
1566 1558 1761 1631 ἄρτους
1792 1556 1887 1609 πέ-

240 1652 434 1723 ψαντες
487 1647 719 1724 θερμοὺς
776 1647 1169 1725 παρατιθέασις
1221 1647 1314 1717 Μὴ
1370 1646 1480 1722 ἐγὼ
1531 1641 1694 1719 μόνος
1724 1664 1892 1720 παρα-

240 1733 411 1794 ϐαίνω
438 1737 502 1793 τὸ
553 1732 832 1792 Σάϐϐατον
858 1755 873 1807 ;
923 1733 1062 1795 Ἰδοὺ
1091 1737 1143 1792 οἱ
1180 1736 1344 1813 ἱερεῖς
1370 1733 1499 1798 τοὺς
1532 1732 1765 1811 Θερμοὺς
1792 1734 1889 1788 πι-

238 1848 463 1883 πτουσιν
492 1826 544 1882 ἐν
580 1820 869 1899 Σαϐϐάτῳ,
898 1826 987 1881 καὶ
1018 1826 1320 1899 περιτομὴν
1354 1821 1591 1879 διδόασιν
1642 1822 1693 1878 ἐν
1746 1816 1888 1877 Σαϐ-

241 1911 413 1989 ϐάτῳ.
462 1918 634 1971 Ὅπου
693 1913 751 1971 δὲ
795 1915 1093 1993 περιτομή,
1161 1913 1273 1970 ἐκεῖ
1332 1912 1424 1969 καί
1490 1910 1738 1989 σίδηρος,
1801 1909 1893 1965 καὶ

243 2005 498 2082 σπόγγοι,
554 2002 647 2059 καί
700 2005 768 2059 τὰ
817 2002 1114 2068 ἀκόλουθα.
1163 2006 1337 2058 Ὅπου
1384 2000 1750 2077 ἄρτοποιίααι,
1783 1999 1894 2056 ἰκεῖ

242 2093 332 2150 καὶ
358 2088 633 2165 κλίϐανοι,
670 2091 776 2149 ἐκεῖ
805 2092 895 2148 καὶ
926 2091 1210 2170 φρυγάνων
1242 2088 1574 2167 συγκομιδὴ,
1605 2090 1694 2146 καὶ
1744 2088 1891 2152 ὅλως

245 2180 404 2258 ἔργον
434 2182 640 2255 αὐτοῖς,
669 2180 733 2236 τὸ
760 2187 862 2251 τῆς
880 2181 1216 2257 ἀρτοποιίας.
1250 2183 1345 2253 Τῷ
1377 2181 1474 2254 μὶν
1506 2177 1597 2233 οὖν
1647 2176 1766 2250 λαῷ
1785 2182 1890 2233 τῶν

244 2270 520 2331 Ἰουδαίων
579 2269 949 2345 ἀπηγορεύετο
995 2271 1073 2342 μὴ
1132 2268 1443 2345 ἐργάζεσθαι
1503 2268 1555 2323 ἐν
1602 2261 1890 2340 Σαϐϐάτῳ⁶

245 2365 361 2423 τοῖς
396 2357 455 2413 δὲ
483 2360 710 2434 ἱερεῦσιν
766 2357 865 2412 οὐκ
891 2358 959 2426 ἦν
990 2356 1458 2433 ἀπηγορευμένον.
1490 2356 1588 2412 Διὰ
1613 2360 1773 2411 τοῦτο
1802 2355 1892 2411 καὶ

247 2450 385 2521 ἡμῖν
439 2448 529 2502 καὶ
578 2451 739 2501 πᾶσιν
788 2444 999 2525 ἀφίεται
1046 2445 1109 2500 τὸ
1154 2445 1205 2501 ἰν
1254 2440 1521 2518 Σαϐϐάτῳ
1559 2443 1889 2521 ἐργάζεσθαιε

245 2538 338 2593 καὶ
392 2535 493 2614 γὰρ
534 2536 625 2591 καὶ
668 2535 831 2608 ἡμεῖς
854 2535 1049 2597 πάντες
1081 2532 1355 2610 βασίλειον
1410 2535 1721 2607 ἱεράτευμα.
1784 2534 1892 2589 Πά-

246 2624 336 2681 λαι
372 2626 468 2699 μὶν
498 2622 589 2680 οὖν
615 2629 733 2686 τοῖς
759 2624 986 2699 ἱερεῦσιν
1018 2622 1231 2700 ῆφίετο·
1263 2626 1377 2698 (35)
1408 2620 1596 2692 ἐπειδή
1617 2623 1706 2677 καὶ
1727 2624 1890 2697 ἡμεῖς

239 2713 530 2792 γεγόναμεν
567 2712 840 2789 βασίλειον
885 2712 1178 2788 ἱεράτευμα
1220 2710 1309 2768 καί
1356 2711 1506 2777 ἔθνος
1559 2712 1735 2789 ἅγιον.
1786 2716 1891 2767 Τοῦ

242 2802 415 2876 νόμου
464 2804 793 2879 γράψαντος.
848 2802 937 2859 Ἐν
981 2805 1051 2875 τῇ
1098 2801 1282 2878 ἡμέρᾳ
1304 2805 1400 2857 τοῦ
1450 2796 1736 2857 Σαϐϐάτου
1762 2800 1892 2865 τοὺς

246 2889 455 2948 δώδεκα
512 2892 710 2968 ἄρτους
764 2888 999 2945 τίθεσθαι
1074 2890 1125 2945 ἐν
1201 2895 1463 2965 τραπέζῃ·
1543 2892 1717 2966 ἄρτων
1788 2891 1890 2966 γὰρ

244 2979 629 3060 ἀφιερωμένων
687 2977 925 3049 ἐκείνων,
984 2979 1043 3034 ἐκ
1089 2985 1191 3048 τῆς
1246 2979 1520 3054 τραπέζης
1590 2980 1703 3052 (36)
1772 2974 1891 3053 ᾔτει

247 3070 275 3125 6
305 3064 471 3125 Δαϐὶδ
499 3069 599 3139 τὴν
627 3071 859 3147 τροφήν.
891 3072 945 3121 '0
976 3064 1033 3122 δὲ
1060 3062 1366 3144 ’Δϐιμὲλεχ
1393 3064 1569 3143 ἔλεγε·
1606 3091 1634 3120 ι(
1671 3067 1730 3122 Εἰ
1777 3064 1893 3122 δια-

248 3157 636 3237 πεφυλαγμὲνα
688 3158 756 3213 τὰ
806 3154 1087 3231 παιδάρια,
1144 3154 1291 3225 πλὴν
1375 3156 1482 3212 ἀπὸ
1556 3155 1829 3233 γυναικός.
1860 3179 1890 3208 ››

1920 1863 1969 1930 Β

1994 663 2225 718 Adsunt
2252 661 2345 717 hic
2376 679 2606 734 quoque
2639 679 2832 720 rerum
2880 665 3166 738 imagines
3194 669 3642 728 similitudines-

1997 766 2129 822 que.
2179 750 2440 807 Postulat
2498 769 2675 823 panes
2734 754 2915 809 David
2964 756 3035 811 ab
3091 757 3499 828 Abimelecho;
3552 777 3643 816 re-

1997 840 2247 911 spondet
2274 839 2359 894 illi
2394 856 2406 895 :
2443 840 2597 898 Nulli
2629 845 2769 897 sunt
2799 860 2980 915 panes
3010 850 3214 915 praeter
3241 864 3340 904 eos
3372 849 3471 920 qui
3503 865 3643 905 cou-

1998 929 2204 984 secrati
2237 933 2373 984 sunt
2403 946 2469 984 ex
2500 936 2810 1002 conspectu
2851 934 3096 989 Domini.
3130 935 3382 993 Alterius
3418 939 3509 995 hic
3540 940 3644 997 de-

2000 1035 2115 1073 nuo
2148 1018 2293 1089 legis
2335 1020 2554 1074 mentio
2600 1021 2865 1078 facienda
2910 1028 3018 1079 est.
3054 1025 3304 1099 Scripsit
3352 1030 3579 1102 Moyses
3599 1031 3645 1066 ⁴⁹

2000 1106 2058 1159 in
2090 1106 2217 1177 lege
2260 1107 2331 1161 de
2379 1108 2806 1166 initiationibus
2837 1114 2985 1167 sacri
3019 1116 3215 1170 cultus
3264 1118 3355 1173 die
3404 1121 3643 1176 Sabbati

2000 1196 2304 1260 faciendis,
2329 1196 2635 1252 duodecim
2671 1216 2851 1270 panes
2873 1203 3092 1257 calidos
3123 1212 3316 1261 coctos
3343 1212 3644 1281 ponendos

1999 1301 2128 1339 esse
2159 1302 2337 1357 supra
2360 1302 2643 1342 mensam.
2676 1289 2780 1344 Ubi
2805 1296 2995 1346 autem
3022 1295 3343 1364 calefactio,
3365 1297 3444 1352 ibi
3468 1300 3641 1371 ignis.

2000 1373 2208 1429 Dicant
2240 1373 2333 1429 hic
2358 1375 2527 1431 nobis
2547 1376 2756 1447 Judzei,
2772 1396 2951 1450 quare
2972 1383 3288 1441 Sabbatum
3312 1388 3642 1458 observant,

1999 1480 2115 1534 quo
2173 1463 2369 1535 ignem
2419 1468 2734 1524 accendere
2774 1477 3078 1540 recusant;
3129 1491 3263 1529 cum
3313 1478 3646 1535 sacerdotes

1999 1551 2195 1624 ignem
2227 1555 2630 1622 accenderent,
2663 1563 2973 1631 coctosque
3003 1577 3185 1633 panes
3216 1564 3434 1621 calidos
3466 1584 3643 1640 appo-

1999 1643 2245 1697 nereut?
2270 1642 2422 1699 Num
2466 1660 2572 1718 ego
2621 1645 2784 1702 solus
2830 1651 3230 1723 transgredior
3277 1655 3647 1713 Sabbatum?

1998 1730 2143 1789 Ecce
2172 1731 2284 1804 ipsi
2314 1734 2653 1791 sacerdotes
2692 1735 2912 1794 calidos
2959 1756 3138 1811 panes
3190 1750 3517 1816 apponunt,
3547 1763 3645 1803 co-

1998 1824 2305 1892 quuntque
2351 1822 2620 1894 Sabbato,
2652 1829 2710 1880 et
2752 1825 3183 1887 circumcidunt
3211 1832 3508 1890 Sabbato?
3536 1834 3644 1892 Ubi

2002 1912 2195 1965 autem
2226 1910 2616 1984 circumcisio,
2650 1914 2729 1969 ibi
2775 1916 3014 1987 ferrum,
3048 1921 3327 1993 spongias,
3352 1927 3410 1978 et
3438 1929 3647 1981 caetera

2003 2015 2129 2070 qua:
2162 1999 2233 2055 ad
2265 2015 2387 2055 rem
2420 2001 2729 2073 pertinent.
2765 2004 2870 2060 Ubi
2901 2007 3067 2077 panis
3099 2010 3402 2084 confectio,
3426 2013 3502 2069 ibi
3536 2015 3647 2070 for-

2002 2104 2198 2156 naces,
2231 2088 2311 2144 ibi
2361 2096 2792 2149 sarmentorum
2839 2102 3236 2171 commeatus;
3288 2118 3355 2156 ac
3404 2104 3645 2160 demum

2002 2192 2150 2248 opus
2182 2177 2254 2231 ab
2298 2176 2417 2233 illis
2466 2182 2762 2253 peragitur
2790 2200 2903 2254 quo
2952 2203 3132 2258 panes
3178 2192 3510 2247 conﬁciant.
3541 2193 3646 2249 Ju-

2003 2265 2263 2322 dmorum
2295 2266 2494 2338 itaque
2540 2269 2754 2341 populo
2801 2272 3044 2329 vetitum
3093 2281 3236 2346 erat,
3273 2295 3345 2334 ne
3390 2281 3644 2338 Sabbato

2002 2370 2151 2426 opus
2194 2354 2449 2411 facerent
2489 2374 2502 2412 :
2553 2360 2957 2418 sacerdotibus
2995 2380 3128 2422 vero
3177 2366 3237 2421 id
3280 2369 3643 2441 prohibitum

2002 2459 2118 2499 non
2160 2446 2305 2499 erat.
2332 2444 2692 2517 Quapropter
2737 2449 2905 2506 nobis
2936 2452 3328 2528 omnibusque
3356 2459 3645 2529 permitti-

1999 2534 2099 2587 tur
2125 2531 2185 2588 in
2217 2532 2473 2590 Sabbato
2502 2537 2751 2607 operari,
2771 2554 2906 2594 cum
2950 2558 3057 2598 nos
3103 2559 3306 2602 omnes
3335 2546 3524 2604 simus
3555 2566 3646 2606 re-

2000 2619 2131 2693 gale
2160 2623 2571 2680 sacerdotium.
2590 2624 2741 2681 Olim
2773 2626 2954 2699 igitur
2980 2634 3381 2692 sacerdotibus
3411 2639 3647 2709 permit-

1998 2710 2273 2765 tebatur:
2309 2711 2479 2767 nobis
2511 2728 2744 2787 quoque
2784 2717 3061 2787 quoniam
3093 2737 3302 2778 sumus
3331 2726 3522 2797 regale
3552 2744 3645 2783 sa-

2002 2797 2348 2870 cerdotium,
2381 2816 2525 2872 gens
2574 2806 2797 2872 sancta,
2835 2804 3094 2878 idipsum
3146 2811 3506 2882 permissum
3557 2820 3649 2873 est

2000 2887 2300 2943 Scribente
2330 2887 2477 2960 lege,
2499 2890 2559 2946 in
2590 2891 2684 2947 die
2725 2893 2965 2950 Sabbati
2996 2897 3301 2955 duodecim
3333 2919 3513 2972 panes
3545 2921 3647 2960 su-

2002 2991 2106 3047 pra
2136 2990 2400 3032 mensam
2432 2981 2732 3049 ponendos
2758 2997 2907 3051 esse,
2940 2999 3007 3039 ex
3037 2986 3154 3043 illis
3184 2988 3244 3043 in
3276 3007 3483 3048 mensa
3511 3009 3647 3049 con-

2001 3062 2243 3118 secratis
2273 3064 2525 3135 panibus
2553 3067 2887 3139 postulabat
2918 3072 3090 3128 David
3132 3074 3243 3130 sibi
3275 3076 3643 3135 alimentum.

2003 3151 2325 3224 Respondit
2377 3154 2709 3211 Abimelech
2763 3175 2845 3213 :«
2893 3159 2951 3214 Si
3010 3163 3174 3233 pueri
3232 3166 3649 3224 abstinuerunt

249 3230 378 3303 Ὦδὲ
411 3230 513 3319 μοι
538 3245 754 3316 λοιπὸν,
783 3244 836 3301 ἐν
869 3230 1196 3321 παρεκϐάσει
1219 3249 1316 3300 τοῦ
1349 3244 1542 3320 λόγου,
1570 3230 1892 3320 *ἀσφαλίζου

2005 3240 2258 3296 maxime
2288 3258 2322 3298 a
2351 3242 2699 3300 mulieribus
2724 3246 2783 3300 ⁵ο.
2811 3269 2841 3297 ››
2869 3230 3098 3306 Jam‘tu
3130 3252 3296 3318 mihi,
3329 3256 3430 3326 qui
3462 3256 3652 3312 ﬁdelis

247 3337 311 3391 τὸ
343 3336 460 3411 εἷ’ρη
475 3334 655 3408 μὲνον,
690 3336 718 3389 6
747 3334 959 3401 πιστὸς,
990 3334 1079 3389 καὶ
1109 3334 1217 3389 νόει
1249 3356 1341 3408 μοι
1369 3335 1433 3389 τὸ
1455 3332 1772 3409 λεγόμενονο
1807 3334 1896 3388 καὶ

247 3425 348 3494 τήν
384 3423 589 3500 ἁγνείαν
623 3418 971 3498 ἀναλάμϐανε
1001 3423 1217 3500 σαρκός.
1249 3422 1313 3478 Εἰ
1344 3424 1448 3499 γάρ
1508 3423 1537 3478 6
1595 3416 1900 3499 ’Δϐιμέλεχ

250 3512 373 3568 τότε
400 3516 568 3568 ταῦτα
597 3509 955 3588 παρήγγειλε,
981 3515 1099 3574 πῶς
1133 3510 1261 3587 οὐχὶ
1292 3510 1379 3565 καὶ
1409 3510 1855 3589 παραφυλακτὲον
1881 3531 1894 3581 ;

250 3604 352 3657 Καὶ
382 3600 553 3663 οὕτως
579 3596 769 3657 ἔλαϐεν
800 3601 829 3654 6
861 3595 1050 3670 Δαϐἱδ,
1079 3600 1168 3656 καὶ
1198 3598 1354 3671 ἤσθιε
1389 3600 1517 3663 τοὺς
1546 3596 1761 3675 ἄρτους,
1808 3601 1897 3655 καὶ

252 3692 304 3746 ιν
338 3686 606 3766 Σαϐϐάτῳ
631 3687 767 3753 ’ίσως
801 3684 1016 3747 ἔλαϐεν.

325 3890 412 3945 14.
447 3886 594 3942 Ἐπεὶ
653 3884 744 3941 οὖν
801 3887 854 3941 οἱ
907 3882 1159 3943 Ἰουδαῖοι
1207 3885 1625 3962 κατεμάμφοντο
1668 3887 1748 3957 τῷ
1779 3890 1899 3940 Σω-

249 3983 403 4052 τῆρι,
437 3973 526 4030 διὰ
574 3976 635 4030 τὸ
678 3974 731 4030 ἂν
781 3968 1048 4047 Σαϐϐάτῳ
1092 3972 1221 4036 τοὺς
1268 3972 1510 4046 μαθητὰς
1537 3970 1747 4029 τίλλειν
1775 3973 1900 4029 στά-

250 4084 393 4141 χυας
421 4064 511 4118 καὶ
542 4062 756 4119 ἇσθίειν·
785 4061 873 4118 διὰ
920 4067 1081 4118 τοῦτο
1132 4061 1484 4137 εὐκαιρότατα
1529 4059 1901 4137 ἐμνημόνευσε

249 4158 351 4225 τῆς
414 4154 649 4232 ἱστορίας
703 4160 803 4224 τῆς
859 4152 910 4209 ἐν
973 4147 1241 4226 Σαϐϐάτῳ
1285 4150 1730 4228 γενομένηςθῖνα
1760 4150 1902 4227 δείξῃ

249 4244 461 4313 αὖτοῖς,
523 4243 627 4317 ὅτι,
689 4242 735 4298 εί
784 4243 920 4319 πρὸς
968 4243 1241 4317 σωτήριον
1296 4242 1503 4319 τροφὴν
1570 4240 1762 4317 ἧφίετο
1823 4246 1903 4313 τῷ

250 4328 419 4388 Δαϐὶδ
476 4332 566 4387 καὶ
623 4336 740 4393 τοῖς
796 4332 910 4404 μετ’
956 4330 1121 4385 αὐτοῦ
1169 4330 1465 4407 ἐφάψασθαι
1506 4325 1681 4405 ἄρτων
1716 4328 1776 4383 ix
1801 4335 1901 4399 τῆς

246 4422 545 4497 τραπέζης,
604 4420 704 4475 οὐκ
775 4420 842 4489 ἦν
896 4415 1340 4493 ἀπηγορευμένον
1398 4416 1489 4471 καὶ
1544 4416 1606 4471 τὸ
1663 4415 1900 4492 στάχυας

250 4504 652 4582 λαμϐάνοντας,
713 4508 803 4563 καὶ
851 4508 1144 4583 ψώχοντας
1203 4504 1393 4559 ἐσθίειν
1446 4505 1571 4567 τοὺς
1623 4505 1890 4578 μαθητάς.

2008 3345 2091 3396 es,
2115 3332 2181 3384 ut
2204 3328 2505 3399 paululum
2529 3332 2947 3405 digrediamur,
2974 3337 3067 3394 his
3086 3341 3157 3395 ad
3181 3343 3468 3400 cautelam
3494 3351 3653 3402 utere

2006 3417 2223 3485 verbis,
2247 3423 2303 3473 et
2331 3420 2484 3490 quod
2517 3421 2734 3477 dicitur
2760 3425 3182 3495 animadverte,
3214 3430 3656 3490 castimoniam-

2009 3522 2122 3597 que
2161 3507 2354 3597 carnis
2402 3524 2660 3565 assume.
2695 3510 2755 3567 Si
2788 3529 3038 3586 namque
3085 3514 3143 3573 id
3194 3522 3332 3575 tunc
3380 3524 3656 3597 praecepit

2007 3594 2365 3667 Abimelecb,
2398 3613 2503 3652 cur
2527 3615 2657 3667 ,non
2705 3601 3179 3661 observandum?
3225 3608 3318 3664 Sic
3350 3610 3527 3667 David
3559 3594 3655 3668 ac-

2008 3684 2181 3755 cepit,
2232 3702 2530 3758 panesque
2576 3690 2847 3761 comedit,
2880 3707 2947 3747 ac
2977 3692 3244 3751 fortassis
3289 3696 3349 3752 in
3397 3699 3652 3757 Sabbato

2008 3772 2250 3831 accepit.

2081 3880 2168 3935 14.
2199 3880 2347 3937 Cum
2384 3881 2581 3954 itaque
2625 3884 2809 3939 Judaei
2853 3885 3206 3945 Salvatorem
3254 3897 3655 3965 coarguerent,

2010 3970 2166 4040 quod
2203 3969 2476 4041 discipuli
2507 3972 2638 4041 ejus
2667 3972 2726 4027 in
2756 3974 3008 4031 Sabbato
3039 3977 3233 4050 spicas
3261 3979 3542 4038 vellerent
3570 3989 3655 4039 at-

2009 4073 2124 4129 que
2146 4059 2536 4128 comederent,
2552 4063 3049 4132 opportunissime
3071 4065 3167 4122 ille
3188 4067 3494 4126 historiam
3517 4071 3655 4128 Sab-

2010 4146 2145 4201 bato
2194 4149 2418 4218 gestam
2467 4150 2964 4219 commemoravit,
2999 4157 3065 4210 ut
3108 4158 3442 4216 ostenderet
3488 4160 3655 4232 ipsis,

2011 4234 2061 4288 si
2094 4234 2292 4290 Davidi
2325 4240 2383 4291 et
2412 4237 2725 4294 comitibus
2764 4240 2893 4310 ejus
2936 4257 3281 4301 concessum
3312 4248 3423 4304 fuit
3454 4254 3520 4306 ut
3550 4268 3655 4322 pro

2010 4322 2199 4378 salute
2230 4340 2411 4395 panes
2441 4340 2509 4380 ex
2527 4343 2694 4382 sacra
2725 4344 2929 4385 mensa
2956 4331 3016 4385 in
3046 4332 3243 4389 cibum
3266 4337 3653 4409 attingerent;

2010 4428 2125 4467 non
2175 4412 2360 4468 fuisse
2389 4414 2696 4487 discipulis
2726 4418 2971 4475 vetitum
3020 4426 3087 4475 ut
3132 4422 3324 4495 spicas
3352 4426 3653 4499 vellerent,

2010 4505 2067 4557 et
2094 4500 2485 4558 confricarent
2523 4504 2591 4559 ad
2645 4507 3092 4567 comedendum.
3119 4534 3147 4561 ‹‹
3185 4522 3409 4586 Annon,
3440 4516 3654 4589 inquit,

250 4621 281 4651 «
314 4594 452 4651 Οὐδὲ
478 4601 640 4651 τοῦτο
669 4596 928 4671 ἀνέγνωτε
958 4594 987 4649 6'
1035 4593 1256 4665 ἐποίησε
1305 4588 1492 4665 Δαϐὶδ,
1552 4591 1642 4649 ὅτε
1690 4593 1894 4649 ἐπείνα-

2009 4589 2236 4663 legistis
2266 4590 2407 4662 quid
2441 4592 2642 4649 fecerit
2664 4594 2862 4664 David,
2887 4614 3021 4653 cum
3041 4601 3293 4657 esuriret
3318 4602 3445 4676 ipse
3473 4610 3532 4661 et
3554 4606 3656 4676 qui

248 4707 336 4742 σεν
373 4686 531 4747 αὐτὸς
559 4686 648 4741 καὶ
679 4685 731 4740 οἱ
766 4685 882 4758 μετ’
912 4683 1098 4753 αὐτοῦ,
1128 4683 1205 4746 ὡς
1237 4680 1485 4753 εἰσῆλθεν
1519 4681 1597 4745 εἰς
1620 4682 1712 4738 τὸν
1745 4684 1895 4739 οἷκον

243 4780 343 4831 τοῦ
374 4779 528 4844 Θεοῦ,
559 4773 648 4829 καὶ
676 4773 805 4836 τοὺς
836 4771 1032 4851 ἄρτους
1078 4778 1177 4842 τῆς
1232 4772 1542 4845 προθέσεως
1594 4768 1828 4848 ἕφαγεν;
1862 4795 1890 4825 ιι

247 4867 438 4939 Ἔχεις
471 4863 593 4934 ὶξῆς
622 4862 1043 4939 ωνεζευγμὲνην
1083 4861 1173 4917 καὶ
1199 4862 1299 4931 τὴν
1348 4860 1584 4936 ἱστορίαν
1624 4858 1747 4933 περί
1791 4867 1893 4930 τῆς

246 4953 413 5029 ξηρᾶς
446 4951 654 5027 χειρός·
687 4952 835 5014 ὅπως
867 4952 896 5006 6
926 4951 1123 5026 Σωτὴρ
1153 4952 1312 5023 ἡμῶν
1345 4947 1421 5011 εἷς
1448 4950 1549 5018 τὴν
1577 4949 1895 5025 συναγωγὴν

247 5039 508 5104 εἰσελθὼν
561 5038 667 5114 (δεῖ
721 5042 825 5115 γὰρ
871 5043 1020 5114 ἡμᾶς
1068 5036 1441 5115 παραδραμεῖν
1497 5039 1595 5107 τὴν
1658 5035 1895 5113 ῗστορίαν

246 5125 337 5185 διὰ
364 5128 429 5185 τὸ
462 5135 639 5202 μῆκος
668 5132 773 5183 τῶν
808 5127 1014 5203 λόγων,
1056 5125 1147 5183 θίνα
1196 5127 1274 5200 μὴ
1320 5126 1633 5203 προσκορής
1676 5126 1896 5200 γένηται

246 5218 283 5288 ἡ
329 5216 630 5294 ἀκρόασις)
681 5215 770 5272 ααὶ
810 5213 940 5271 ἰδών
982 5236 1104 5271 τινα
1152 5213 1352 5291 ἔχοντα
1399 5214 1563 5291 ξηρὰν
1591 5218 1773 5289 χεῖρα,
1802 5212 1894 5269 καὶ

243 5308 527 5382 γινώσκων
574 5304 659 5364 ὅτι
699 5302 915 5380 ἕτοιμοί
951 5304 1082 5362 εἰσιν
1127 5305 1185 5360 οἱ
1211 5301 1467 5363 Ἰουδαῖοι
1490 5301 1574 5367 εἰς
1600 5302 1665 5360 τὸ
1719 5322 1895 5376 κατη-

2008 4696 2142 4735 cum
2176 4696 2242 4735 eo
2274 4685 2459 4749 erant,
2485 4684 2779 4753 quomodo
2813 4684 3055 4741 intravit
3082 4687 3142 4743 in
3175 4689 3415 4748 domum
3448 4694 3568 4762 Dei,
3600 4698 3662 4750 et'

2004 4786 2185 4841 panes
2233 4769 2651 4840 propositionis
2684 4775 3028 4829 comedit?»
3060 4776 3253 4834 Habes
3301 4781 3506 4838 exinde
3553 4784 3651 4839 ad-

1997 4860 2263 4930 junctam
2313 4857 2618 4914 historiam
2650 4860 2722 4916 de
2753 4862 2916 4918 arida
2963 4880 3142 4922 manu
3177 4884 3190 4923 :
3224 4883 3338 4939 quo
3370 4875 3537 4941 pacto
3566 4872 3653 4927 vi-

2000 4946 2208 5035 delicet
2252 4945 2515 5002 Salvator
2568 4953 2787 5017 noster,
2818 4950 3120 5023 ingressus
3166 4955 3226 5010 in
3273 4974 3655 5035 synagogam,

2001 5034 2196 5122 (nobis
2227 5050 2484 5105 namque
2529 5040 2924 5106 percurrenda
2972 5041 3220 5100 historia
3266 5052 3373 5117 est,
3407 5050 3481 5105 ob
3530 5034 3655 5122 ejus

2004 5121 2418 5211 prolixitatem,
2452 5140 2525 5180 ne
2573 5141 2854 5183 nauseam
2906 5130 3097 5201 pariat
3146 5121 3568 5211 audientibus),
3600 5145 3657 5197 et

2006 5228 2141 5270 cum
2183 5209 2430 5269 vidisset
2459 5214 2775 5284 quemdam
2824 5234 3066 5277 manum
3118 5222 3343 5282 aridam
3392 5209 3655 5288 habere:

2005 5303 2324 5373 nossetque
2365 5300 2602 5361 Judasos
2634 5304 2707 5361 ad
2737 5306 3175 5369 criminandum
3224 5320 3457 5387 paratos
3501 5333 3654 5377 esse.

317 5487 363 5525 ιθ
392 5486 605 5547 Matth.
626 5501 712 5559 ιι,
735 5485 828 5545 29.
902 5485 949 5525 ⁸ο
976 5484 1155 5544 Lavit.
1190 5499 1346 5558 xxxv,
1365 5485 1433 5546 5.
1496 5483 1553 5522 ⁸ο
1582 5483 1607 5542 Ι
1636 5482 1779 5556 Reg.
1808 5497 1926 5556 xxx,
1953 5480 2010 5541 4.

320 5676 435 5753 (35)
462 5680 672 5749 Locus,
704 5679 773 5738 ut
798 5676 1048 5747 videtur,
1079 5672 1350 5738 mutilul.

2080 5668 2195 5744 (36)
2222 5666 2603 5745 Anglicanus,
2632 5665 2756 5747 ἔξῆς
2780 5671 3077 5753 τραπέζης.
