4100 6224
452 400 565 458 163
1638 400 1704 459 S.
1748 386 2271 457 ATHANASIUS.
2300 418 2377 429 --
2409 385 2671 448 DUBIA.
3752 372 3881 457 164

448 530 667 585 dixerIt
697 530 767 585 ad
799 546 934 587 eum
977 530 1147 601 cujus
1194 529 1356 585 arida
1404 546 1617 586 manus
1664 532 1789 585 erat
1820 542 1833 581 :
1860 548 1887 576 ‹‹
1915 526 2062 593 Surg

2174 580 2181 590 ἱ
2212 521 2417 593 γορεῖν,
2453 516 2595 591 λέγει
2629 514 2764 591 πρὸς
2807 516 2897 570 τὸν
2936 511 3132 591 ἔχοντα
3177 521 3275 588 τῆν
3326 525 3487 595 χεῖρα
3524 523 3628 592 τήν,
3673 525 3878 600 ξηράν.

446 621 529 691 (et
559 620 670 683 sta)
702 620 760 674 in
795 618 986 675 medio
1010 619 1109 674 ⁸¹.››
1141 620 1507 675 Resurrcctio
1538 632 1842 690 resurgere
1864 613 2049 687 jussit

2213 607 2548 674 «Ἀνάστηθι
2583 603 2657 666 είς
2688 605 2750 659 τὸ
2787 607 2967 677 μέσον.
3005 630 3032 658 ο)
3070 609 3129 663 Ἠ
3162 607 3443 672 ἀνάστασις
3471 613 3533 665 τὸ
3567 613 3874 684 ἀναστῆναι

455 728 484 760 ι
512 709 701 777 Surge
730 713 787 764 et
815 713 906 764 sta
953 708 1011 763 in
1044 708 1254 764 medio.
1281 731 1307 757 »
1340 709 1464 764 Non
1496 708 1650 780 quod
1699 708 1769 763 ad
1823 719 2062 778 pompar

2210 693 2508 750 ἐκέλευσεν
2535 719 2565 745 ‹‹
2598 695 2911 764 Ἀνάστηθι,
2941 696 3028 749 καὶ
3081 699 3233 765 στῆθι
3267 698 3341 761 είς
3387 700 3449 753 τὸ
3483 700 3667 773 μέσον.
3724 729 3751 754 η
3782 706 3873 763 Οὐ

450 796 809 853 curationem
844 798 1013 853 edere
1043 796 1212 853 vcllet
1247 814 1258 850 :
1296 801 1463 853 norat
1494 796 1708 868 quippe
1740 810 1844 867 pro
1872 799 2062 864 tempo

2206 781 2477 857 κομπώδη
2508 786 2607 853 τὴν
2643 782 2875 860 ἰατρείαν
2910 784 3281 859 ἐργαζόμενες’
3316 785 3429 843 οἶδε
3457 790 3557 865 γάρ
3592 791 3871 867 εὐκαίρως

451 886 535 941 ris
582 886 911 942 conditione
943 886 1133 941 dicere
1181 887 1357 941 etiam
1393 903 1459 941 ;‹‹
1497 886 1651 952 Vide,
1686 882 1905 940 nemini
1938 882 2062 935 dixe

2206 870 2409 949 λέγειν,
2446 898 2474 926 ιι
2506 876 2666 949 ”Ορα,
2695 870 2887 946 μηδενῖ
2914 872 3086 947 situ:
3132 899 3160 925 ››
3190 875 3316 930 ἀλΑ’
3347 877 3435 931 ὅτε
3468 879 3561 950 μὲν
3592 880 3733 935 ἐστιν
3768 881 3875 937 εὖ-

450 976 532 1030 ris
554 975 619 1030 ⁵³.
650 998 677 1024 ››
700 974 915 1030 Verum
948 974 1045 1029 ubi
1076 974 1133 1029 id
1166 978 1399 1047 tempus
1429 972 1707 1046 postulat,
1739 970 1888 1027 celat
1919 969 2062 1025 mira

2201 957 2602 1039 καιρον,κρύϐει
2623 962 2686 1017 τὸ
2704 962 3091 1039 θαυματούργη
3102 984 3194 1035 μα’
3219 964 3308 1019 ὅτε
3330 962 3387 1019 δὲ
3409 963 3493 1020 δεῖ
3512 967 3563 1023 ἐν
3591 965 3871 1044 Σαϐϐάτῳ

447 1064 681 1130 culum;
715 1076 914 1119 contra
947 1064 1047 1118 ubi
1090 1062 1344 1118 Sabbato
1376 1061 1726 1118 miraculum
1773 1060 1940 1115 edere
1988 1074 2062 1130 pa

2204 1050 2851 1127 θαυματουργῆσαι,τότε
2910 1053 3259 1129 φανερώτατα
3316 1054 3613 1132 ἐργάζεται.
3683 1062 3871 1131 Ζήτη-

442 1157 551 1219 est,
612 1157 753 1207 tunc
812 1150 1180 1222 apertissime
1235 1156 1529 1223 operatur.
1560 1150 1761 1213 Quaere
1817 1152 1874 1204 et
1930 1146 2062 1202 volvi

2200 1161 2292 1194 σον
2317 1141 2383 1195 τὰ
2414 1140 2463 1196 ὲν
2496 1145 2613 1203 τοῖς
2645 1138 3006 1215 Εὐαγγελίοις
3039 1145 3415 1218 γεγραμμένα,
3465 1146 3554 1199 καὶ
3604 1146 3865 1222 εὑρήσεις

2196 1230 2259 1283 τὸ
2290 1230 2488 1299 ἀληθὲς
2537 1233 2643 1284 τῶν
2692 1228 2889 1305 λόγων,
2940 1231 3198 1304 Ἐτήρουν
3240 1230 3293 1287 ἐν
3327 1227 3594 1307 Σαϐϐάτῳ
3648 1238 3715 1290 τὰ
3743 1244 3859 1293 τῶν

2196 1320 2779 1393 θαυματουργημάτων
2839 1316 3203 1395 ἐπιδοξότερα·
3264 1326 3383 1385 πῶς
3438 1323 3527 1377 καὶ
3559 1324 3677 1379 τίνα
3724 1326 3857 1401 τρό-

2195 1425 2333 1475 πον;
2384 1431 2412 1459 ‹‹
2466 1408 2558 1462 Ἐκ
2601 1411 2699 1461 τοῦ
2747 1406 2942 1470 αἰῶνος
2996 1407 3093 1462 οὐκ
3140 1409 3404 1481 ἠκούσθη,
3446 1410 3529 1467 δτι
3559 1410 3737 1484 ἤνοιξὲ
3766 1435 3855 1477 τις

2200 1495 2517 1572 ὀφθαλμοὺς
2545 1494 2751 1569 ττφλοῦ
2783 1496 3200 1572 γεγεννημένου.
3254 1521 3283 1549 ››
3332 1504 3501 1557 Τοῦτο
3555 1502 3618 1559 τὸ
3666 1507 3856 1577 θαῦμα

2196 1584 2295 1639 οὐκ
2316 1584 2567 1656 ἐποίησεν
2600 1585 2650 1639 ἐν
2685 1584 2838 1661 ἑτέρᾳ
2868 1586 3068 1659 ἡμέρᾳ,
3102 1585 3227 1642 ἀλλ’
3277 1587 3327 1643 ἐν
3386 1586 3673 1664 Σαϐϐάτῷ.
3729 1600 3851 1665 Πη-

2196 1671 2291 1727 λὸν
2346 1673 2447 1750 γὰρ
2495 1676 2726 1745 πνιήσας
2776 1672 2864 1729 διὰ
2910 1680 3007 1730 τοῦ
3056 1679 3251 1732 πτῦσαι
3302 1679 3501 1753 χαμαὶ,
3552 1680 3848 1758 ἐπιχρίσας

2191 1762 2319 1825 τοὺς
2352 1762 2691 1841 ὀφθαλμοὺς,
2725 1762 2962 1837 ἔπεμψεν
2995 1764 3071 1827 εἷς
3100 1767 3192 1820 τὸν
3224 1765 3476 1841 Σιλωάμ*
3525 1770 3615 1824 καὶ
3671 1769 3846 1840 ἦλθεν

2193 1851 2220 1905 6
2250 1853 2453 1929 τυφλὸς
2492 1851 2731 1927 βλέπων.
2762 1852 2827 1909 Οἱ
2862 1849 2918 1906 δὲ
2948 1853 3038 1907 τὸν
3071 1852 3273 1931 τυσλὸν
3310 1852 3516 1919 ἰδόντες
3566 1858 3844 1933 βλὲποντα

2187 1941 2286 1996 οὐκ
2314 1936 2632 2015 ἀνέϐλεψαν.
2685 1940 2941 1997 Κάκείνου
2991 1943 3085 2015 μὲν
3138 1945 3495 2019 ἠνεῴχθησαν
3542 1948 3594 2001 αἱ
3645 1948 3842 2020 αἴσθη,

2182 2030 2269 2085 ταὶ
2300 2035 2405 2085 τῶν
2440 2030 2705 2103 ὀμμάτων
2735 2031 2914 2103 κόραι,
2945 2029 3221 2086 Ἰουδαίων
3264 2031 3321 2087 δὲ
3350 2034 3449 2089 οὐκ
3495 2037 3837 2113 ἠνοίχθησαν

2185 2121 2234 2173 οἱ
2272 2118 2568 2194 ὀφθαλμοί·
2596 2118 2723 2173 ἀλλ’
2754 2118 2973 2194 ἔχοντες
3004 2120 3133 2183 τοὺς
3176 2121 3493 2199 ὀφθαλμοὺς
3546 2127 3838 2202 ἠνεῳγμὲο

2182 2230 2329 2276 νους,
2362 2208 2460 2262 οὐκ
2491 2203 2744 2279 ἔϐλεπον,
2776 2209 2863 2263 καὶ
2893 2210 3204 2285 κατέκριναν
3248 2212 3339 2266 τὸν
3389 2213 3587 2289 Κύριον
3637 2216 3837 2291 λέγον-

2182 2318 2287 2368 τες,
2349 2296 2431 2351 ὅτι
2479 2321 2506 2352 α
2544 2297 2653 2351 Οὐκ
2700 2295 2839 2352 ἔστιν
2869 2296 3025 2359 οὗτος
3058 2299 3085 2352 6
3118 2300 3399 2375 ἄνθρωπος
3434 2300 3492 2357 ἐκ
3518 2308 3615 2358 τοῦ
3671 2312 3831 2379 Θεοῦ,

2183 2386 2264 2441 ὅτι
2295 2387 2357 2440 τὸ
2394 2382 2672 2441 Σάϐϐατον
2711 2386 2768 2441 οὐ
2798 2409 2863 2457 τη
2878 2393 2977 2462 ρεῖ,
3015 2411 3041 2435 ‹‹
3069 2389 3133 2441 'u
3162 2388 3381 2459 πολλῆς
3412 2392 3592 2454 ἀνοίας
3620 2395 3631 2449 l
3666 2400 3835 2451 Ποῖον

2179 2478 2279 2553 γάρ
2312 2476 2465 2554 ἔργον
2497 2479 2721 2554 γέγονε;
2752 2478 2976 2551 Πτύσμα
3025 2479 3129 2533 ἀπὸ
3178 2479 3435 2555 χειλέων,
3485 2482 3590 2537 ἀπὸ
3629 2481 3832 2539 δακτύ-

2182 2563 2291 2620 λων
2319 2566 2485 2639 μόνον
2516 2568 2543 2621 6
2568 2566 2773 2636 πηλὸς,
2804 2568 3145 2644 περίχρισμα
3176 2567 3351 2638 λιτὸν,
3384 2570 3482 2625 οὐκ
3524 2571 3833 2647 ἐργαλείοις

2179 2654 2463 2729 ἰατρικοῖς,
2489 2656 2633 2711 ἀλλὰ
2663 2656 2808 2730 χειρὶ
2840 2657 3147 2729 θεοποιήτῳ
3177 2657 3551 2734 εἰργασμένον.
3587 2661 3654 2718 Τί
3690 2661 3833 2735 μέμυ

2178 2765 2250 2820 φῃ
2320 2744 2384 2798 τὸ
2442 2746 2720 2820 πραχθὲν;
2762 2747 2949 2821 Ἔχεις
2996 2744 3047 2799 ἂν
3099 2742 3366 2821 Σαϐϐάτῳ
3413 2749 3832 2827 θαυματοῦργη-

2181 2854 2274 2905 μα.
2308 2830 2581 2902 Ἀπῆλθεν
2627 2835 2653 2887 6
2685 2832 2907 2912 τυφλὸς,
2939 2834 3026 2889 καὶ
3076 2834 3319 2905 ἀπῆλθεν
3372 2838 3399 2891 6
3445 2837 3647 2915 τυφλὸς
3697 2839 3832 2913 βλε-

2174 2941 2310 2978 πων.
2337 2923 2431 2976 Καὶ
2461 2922 2511 2975 ἐν
2546 2917 2812 2995 Σαϐϐάτῳ
2845 2921 3039 2994 ἐποίει,
3083 2925 3172 2978 ἳνα
3220 2925 3525 2995 ἀξιόπιστος
3575 2929 3825 3003 γένηται,

2175 3009 2227 3065 ἐν
2262 3006 2528 3083 Σαϐϐάτῳ
2558 3009 2849 3069 διδάσκων.

2247 3102 2331 3156 15.
2365 3102 2519 3177 ’Ἐχω
2548 3101 2650 3171 ,καὶ
2692 3100 2832 3156 ἄλλο
2882 3102 3371 3177 θαυματοόργημα.
3416 3105 3502 3159 Ἐν
3531 3106 3823 3181 Ιεροσολό-

2176 3209 2298 3261 μοις
2355 3184 2658 3264 προϐατική
2717 3211 2800 3251 τις
2858 3192 2923 3259 ῆν
2983 3186 3365 3267 κολυμϐήθρα,
3419 3192 3623 3249 καῖνῦν
3651 3194 3819 3249 ἐστιν·

440 1240 891 1312 Evangeliorum
923 1240 1163 1311 scripta,
1187 1244 1243 1295 et
1273 1256 1365 1295 me
1395 1255 1526 1295 vere
1552 1240 1743 1295 dicere
1767 1236 2090 1309 deprehen-

440 1332 567 1386 des.
588 1330 986 1385 Observabant
1015 1330 1070 1385 in
1101 1330 1350 1385 Sabbato
1381 1329 1704 1401 insigniora
1734 1327 1890 1383 edita
1919 1326 2092 1380 mira-

440 1418 580 1475 cula
611 1435 625 1473 :
660 1418 780 1489 qui,
812 1434 1027 1489 quaeso,
1062 1422 1163 1473 aut
1206 1417 1540 1489 quomodo?
1563 1441 1589 1467 (ί
1631 1420 1677 1472 Α
1725 1415 1937 1473 saeculo
1985 1414 2086 1472 58

443 1524 559 1562 non
591 1511 679 1562 est
726 1506 1017 1574 auditum,
1040 1507 1190 1575 quod
1224 1508 1355 1578 quis
1386 1506 1676 1578 aperuerit
1722 1506 1921 1561 oculos
1953 1503 2087 1560 caeci

442 1596 563 1651 nati
587 1595 648 1650 ⁸³.
677 1616 704 1644 ››
728 1595 845 1651 Hoc
870 1593 1223 1650 miraculum
1253 1612 1367 1650 non
1401 1594 1513 1650 alio
1536 1611 1711 1665 quam
1738 1593 1971 1649 Sabbati
1994 1592 2087 1648 die

436 1683 639 1739 edidit.
670 1683 811 1738 Cum
844 1683 1000 1738 enim
1032 1700 1100 1739 ex
1129 1688 1303 1755 sputo
1334 1682 1499 1738 humi
1529 1683 1753 1753 dojecto
1784 1681 1974 1737 lutum
2005 1681 2084 1737 fe-

436 1773 633 1839 cisset,
662 1770 856 1826 linivit
907 1772 1037 1843 ejus
1085 1770 1307 1840 oculos,
1342 1770 1617 1842 misitque
1671 1770 1837 1825 illum
1887 1770 1946 1825 in
1994 1770 2082 1824 Si-

434 1861 589 1917 loam
616 1878 629 1915 :
652 1866 709 1916 et
732 1861 903 1916 rediit
924 1876 1110 1916 caecus
1133 1860 1259 1916 visu
1296 1866 1545 1931 recepto.
1565 1860 1669 1925 Qui
1698 1876 1832 1915 vero
1865 1874 2079 1915 cmcum

431 1953 736 2006 cernerent
763 1950 1077 2019 videntem,
1112 1949 1222 2021 ipsi
1274 1965 1388 2004 non
1436 1948 1731 2004 videbant.
1759 1948 1921 2003 Illius
1953 1948 2078 2019 qui-

430 2038 564 2094 dem
599 2037 909 2094 sensibiles
936 2037 1237 2093 oculorum
1269 2036 1505 2109 pupillas
1537 2042 1749 2110 aperta:
1778 2040 1942 2105 sunt;
1976 2038 2075 2092 Ju-

428 2128 688 2183 dzeorum
719 2144 853 2182 vero
906 2144 1020 2181 non
1070 2125 1252 2199 aperti
1302 2131 1439 2182 sunt
1470 2126 1656 2195 oculi;
1693 2126 1809 2181 imo
1860 2126 2074 2196 apertis

427 2216 565 2272 licet
584 2216 919 2286 oculis,non
946 2216 1242 2283 videbant,
1260 2214 1691 2286 Dominumque
1713 2215 2076 2269 damnabant

426 2304 521 2361 his
552 2305 744 2360 verbis
777 2321 789 2359 :
822 2325 849 2355 ι
880 2304 1003 2360 Non
1036 2308 1125 2358 cst
1168 2304 1262 2357 hic
1294 2303 1469 2358 homo
1517 2320 1583 2358 ex
1634 2308 1765 2369 Deo,
1793 2303 2068 2374 quoniam

425 2394 742 2448 Sabbatum
772 2410 887 2447 non
921 2393 1190 2447 observat
1213 2392 1314 2446 ³⁸.»
1336 2392 1380 2446 Ο
1411 2392 1705 2463 ingentem
1738 2391 2068 2446 vesaniam!

424 2481 571 2536 Nam
602 2480 772 2553 quale
803 2498 951 2552 opus
983 2480 1199 2535 factum
1232 2479 1360 2535 est?
1386 2484 1635 2552 Sputum
1668 2497 1737 2535 ex
1766 2480 1956 2547 labiis,
1989 2479 2073 2534 di-

424 2570 677 2641 gitisque
708 2571 990 2625 duntaxat
1030 2568 1222 2624 lutum
1258 2586 1270 2622 :
1306 2568 1554 2641 simplex
1585 2569 1800 2636 unctio,
1834 2585 1946 2624 non
1980 2568 2070 2623 in-

422 2658 770 2714 strumentis
818 2657 1082 2728 medicis,
1116 2659 1215 2713 sed
1250 2674 1423 2713 manu
1476 2676 1509 2712 a
1558 2664 1670 2713 Deo
1722 2658 1887 2712 facta.
1922 2657 2068 2721 Quid

422 2748 577 2819 quod
613 2751 807 2803 actum
841 2750 931 2802 est
960 2746 1271 2801 criminere
1291 2746 1319 2800 ‘I
1350 2746 1629 2817 Habeslin
1661 2745 1911 2801 Sabbato
1943 2761 2069 2819 ges-

418 2840 547 2891 tum
598 2833 973 2890 miraculum.
1007 2834 1165 2890 Abiit
1194 2851 1403 2901 caecus,
1437 2839 1493 2889 et
1532 2834 1675 2889 abiit
1722 2834 1848 2889 visu
1899 2850 2067 2890 rece-

417 2928 536 2997 pto.
590 2924 651 2979 Id
700 2923 759 2979 in
809 2923 1061 2978 Sabbato
1091 2922 1399 2993 (Christus)
1432 2922 1805 2994 operabatur,
1847 2928 1910 2977 ut
1952 2923 2066 2978 ﬁde

416 3013 633 3085 dignus
664 3012 999 3077 haberetur,
1033 3028 1166 3067 cum
1193 3011 1251 3065 in
1284 3012 1535 3067 Sabbato
1566 3011 1815 3067 doceret.

492 3102 579 3155 15.
602 3100 770 3156 Aliud
796 3101 1051 3157 occurrit
1081 3100 1224 3155 mihi
1250 3100 1621 3155 miraculum.
1651 3100 2064 3172 Hierosolymis

419 3194 547 3245 erat
585 3189 881 3260 probatica
919 3190 1187 3260 quaedam
1236 3189 1479 3261 piscina,
1506 3205 1635 3261 qua:
1682 3189 1855 3244 etiam
1906 3207 2064 3245 nunc

414 3278 536 3333 illic
565 3282 752 3334 exstat
775 3295 787 3333 :
811 3278 1179 3349 habebatque
1198 3279 1455 3349 quinque
1478 3279 1769 3349 porticus;
1805 3280 1905 3333 sed
1931 3280 2059 3349 jam

414 3367 717 3423 destructa
762 3372 900 3422 sunt
938 3367 1315 3437 circumjecta
1361 3367 1624 3422 aedificia.
1657 3367 1899 3422 Jacebat
1942 3367 2063 3424 illic

409 3456 767 3529 paralyticos
804 3455 1045 3526 triginta
1074 3460 1202 3510 octo
1242 3457 1365 3526 jam
1399 3456 1569 3510 annis
1618 3471 1784 3527 aeger.
1822 3456 2058 3511 Diutur-

412 3562 524 3600 nus
545 3546 701 3601 enim
728 3545 839 3599 fuit
860 3545 1123 3613 morbus,
1142 3548 1207 3598 ut
1236 3560 1303 3598 ea
1324 3544 1554 3609 saltem,
1574 3544 1816 3611 ratione,
1841 3546 2059 3614 pudore

408 3634 593 3690 Judmi
626 3634 1018 3689 afﬁcerentur.
1054 3633 1200 3688 Nam
1233 3633 1280 3688 si
1317 3632 1473 3687 brevi
1519 3632 1725 3687 fuisset
1754 3632 2056 3705 azgritudo,

410 3721 678 3778 latuisset
711 3720 1061 3778 miraculum
1088 3721 1245 3792 :jam
1269 3738 1400 3777 vero
1426 3722 1591 3775 multi
1619 3722 1756 3776 anni
1781 3727 1919 3777 sunt
1940 3721 2057 3776 veri

407 3812 594 3868 morbi
620 3816 823 3883 testes,
843 3816 905 3866 ut
935 3810 1143 3866 saltem
1178 3810 1287 3866 hoc
1318 3810 1599 3877 videntes,
1626 3810 1904 3865 viderent.
1930 3809 2055 3865 Sal-

406 3905 573 3957 vator
602 3905 799 3955 autem
832 3917 963 3956 cum
997 3900 1329 3955 advenisset
1360 3904 1416 3955 et
1446 3897 1784 3970 prtetcriret,
1812 3898 1891 3955 ait
1921 3897 2004 3954 illi
2038 3914 2051 3954 :

405 4011 433 4037 ‹‹
470 3990 565 4045 Vis
596 4005 777 4043 sanus
828 3988 1107 4043 ﬁeri557»
1152 3992 1209 4043 et
1255 3986 1501 4058 reliqua.
1536 3990 1611 4042 Ac
1663 4002 1911 4058 surgens
1959 3986 2055 4041 ille

407 4092 660 4147 quoque,
698 4076 851 4131 tollit
896 4077 1203 4149 grabatum
1259 4084 1313 4130 et
1357 4075 1643 4131 ambulat.
1678 4076 1813 4130 Erat
1858 4080 2054 4131 autem

406 4164 747 4220 Sabbatum.
772 4168 988 4221 Verum
1018 4165 1205 4219 Judaei
1237 4181 1349 4219 non
1381 4165 1656 4219 videbant
1700 4163 2051 4220 miraculum

408 4251 661 4308 Sabbato
693 4253 940 4318 editum,
974 4253 1072 4309 sed
1106 4253 1415 4325 grabatum
1448 4254 1520 4308 ab
1564 4270 1628 4309 eo
1671 4253 1906 4326 gestari.
1942 4253 2052 4309 Par

407 4341 616 4397 fuisset
638 4342 889 4414 cogitare
909 4342 1042 4397 illos
1071 4360 1083 4398 :
1108 4342 1273 4397 Tales
1299 4342 1509 4397 medici
1537 4344 1645 4397 huc
1668 4344 2048 4410 advenerunt,

402 4436 461 4486 et
492 4447 663 4486 nemo
694 4432 918 4487 sanavit
943 4448 955 4485 :
980 4445 1203 4502 pauper
1223 4431 1457 4500 jacebat
1486 4431 1683 4497 miser,
1715 4447 1817 4487 nec
1849 4432 2051 4487 aderat

402 4520 451 4575 ei
486 4519 583 4591 qui
634 4520 830 4590 ipsum
862 4519 920 4573 in
968 4518 1252 4590 piscinam
1287 4519 1579 4588 dejiceret.
1613 4519 1769 4574 Talis
1817 4526 1907 4575 est
1954 4522 2047 4579 hic

2091 3262 2133 3329 Ο
2170 3278 2323 3332 πέντε
2372 3262 2529 3339 στοὰς
2581 3278 2715 3353 εἶχε.
2765 3276 2854 3333 νῦν
2901 3280 3002 3353 γὰρ
3046 3262 3357 3355 περιῃρέθη
3386 3281 3452 3335 τὰ
3482 3282 3632 3355 πέριξ
3662 3283 3822 3338 οἷκο-

2172 3363 2487 3439 δομήματα.
2540 3365 2917 3443 Ιιαραλυτικός
2973 3364 3029 3423 δὲ
3087 3366 3257 3424 ἔκειτο
3298 3369 3385 3424 ἐπὶ
3410 3372 3698 3444 τριάκοντα
3726 3374 3819 3428 καὶ

2170 3454 2313 3509 ὀκτὼ
2373 3454 2539 3509 ἔτεσιν
2598 3456 2849 3512 ἀσθενῶν.
2910 3455 3090 3519 Πολὺς
3147 3458 3248 3533 γὰρ
3307 3460 3335 3511 6
3382 3458 3584 3534 χρόνος
3613 3460 3819 3535 γίνεται

2166 3551 2267 3613 τῆς
2297 3544 2480 3616 νόσου,
2508 3543 2618 3614 ἵνα,
2652 3544 2745 3599 κᾶν
2781 3546 2955 3607 οὕτως
2986 3544 3303 3621 βλέποντες,
3337 3544 3731 3618 δυσωπηθῶσιν
3766 3552 3823 3605 οἱ

2168 3630 2443 3689 Ἰουδαῖοι.
2477 3632 2538 3687 Εἰ
2569 3635 2669 3710 γὰρ
2702 3632 3089 3709 ὀλιγοχρόνιος
3112 3635 3177 3703 ἦν
3205 3637 3239 3705 ἡ
3271 3634 3451 3705 νόσος,
3483 3636 3735 3701 ἐλάνθανε
3756 3640 3823 3695 τὸ

2166 3721 2363 3793 θαῦμα⁶
2396 3722 2511 3775 νυνὶ
2545 3718 2610 3775 δά
2640 3719 2825 3776 πολλὰ
2850 3720 2940 3791 ἔτη
2978 3722 3319 3798 ἐμαρτύρησε
3338 3727 3404 3797 τῇ
3436 3725 3823 3798 νόσῳ,’ίνα,κάιι

2168 3810 2307 3864 οὕτω
2346 3810 2659 3884 βλέποντες,
2690 3804 3087 3883 ἀναϐλέψωσιν.
3146 3814 3202 3865 '0
3233 3809 3291 3866 δὲ
3324 3815 3517 3888 Σωτὴρ
3576 3836 3823 3891 παραγε-

2166 3900 2413 3972 νόμενος,
2444 3899 2533 3953 καὶ
2574 3899 2857 3974 παράγων,
2904 3898 3048 3975 λέγει
3097 3898 3306 3973 ἐκείνῳ·
3356 3926 3385 3953 ‹‹
3423 3902 3608 3966 Θὲλεις
3658 3904 3818 3979 ὑγιὴς

2163 3987 2403 4062 γενέσθαι
2427 4007 2440 4055 ;
2468 4010 2495 4037 ››
2527 3987 2616 4041 καὶ
2645 3989 2711 4041 τά
2749 3986 3041 4043 ἀκόλουθα.
3074 3988 3171 4043 Καὶ
3221 3989 3511 4065 ἐξεγερθεὶς
3540 3992 3811 4064 κάκεῖνος,

2164 4074 2300 4153 αἶ’ρει
2347 4077 2439 4131 τὸν
2485 4071 2811 4151 κράϐϐατον,
2860 4077 2947 4131 καὶ
2981 4084 3286 4154 περιπατεῖ.
3325 4074 3604 4137 Σάϐϐατον
3628 4079 3684 4136 δὲ
3714 4083 3808 4151 ἦν.

2162 4165 2227 4221 Οἱ
2260 4162 2317 4219 δὲ
2349 4162 2600 4219 Ἰουδαῖοι
2651 4164 2749 4219 οὐκ
2790 4161 3019 4221 ἔϐλεπον
3070 4168 3132 4221 τὸ
3162 4168 3628 4245 Θαυματούργημα
3657 4171 3721 4225 τὸ
3752 4171 3807 4227 ἂν

2163 4248 2429 4325 Σαϐϐάτῳ
2489 4253 2803 4328 γενόμενον,
2862 4252 3006 4309 ἀλλὰ
3060 4256 3153 4310 τὸν
3225 4252 3528 4330 κράϐϐατον
3609 4260 3807 4335 βαστα-

2162 4342 2401 4416 ζόμενον,
2443 4340 2558 4397 δίον
2590 4342 2773 4405 αὐτοῖς
2807 4341 3141 4419 λογίσασθαι.
3178 4346 3374 4420 Ἰατροῖ
3402 4352 3641 4403 τοιοῦτοι
3672 4369 3809 4426 παρ-

2160 4432 2426 4506 εγένοντο,
2460 4428 2636 4492 οὐδεὶς
2670 4431 3007 4507 ἐθεράπευσν
3069 4434 3235 4503 πένης
3291 4432 3464 4492 ἔκειτο
3515 4437 3543 4492 6
3592 4436 3804 4509 ἅθλιος,

2162 4518 2301 4591 μηδὲ
2326 4522 2417 4575 τὸν
2444 4520 2704 4595 ῥίπτοντα
2729 4520 2803 4583 είς
2832 4522 2929 4589 τὴν
2962 4518 3354 4597 κολυμϐήθραν
3414 4520 3583 4600 ἔχων.
3614 4532 3804 4582 Τοιοῦ-

401 4606 821 4663 miraculorum
857 4610 1132 4679 patrator,
1168 4623 1565 4677 novarumque
1597 4624 1790 4663 rerum
1823 4614 2042 4679 auctor,

2174 4610 2258 4663 ιτοᾶ
2316 4611 2343 4663 6
2391 4610 2793 4697 Θαυματοποιὸς
2858 4610 2947 4665 καὶ
3005 4611 3288 4697 καινότερα
3344 4612 3722 4689 ἐργαζόμενος,
3776 4619 3803 4671 6

399 4696 500 4766 qui
532 4700 757 4752 tantam
802 4696 917 4750 vim
967 4695 1283 4767 paralytico
1315 4695 1557 4765 dederit,
1592 4701 1656 4750 ut
1704 4712 1818 4751 non
1872 4700 2044 4756 modo

2174 4698 2423 4769 τοσαύτην
2479 4696 2705 4770 δύναμιν
2762 4699 2842 4770 τῷ
2899 4696 3253 4774 παραλυτικῷ
3312 4698 3460 4773 δοὺς,
3493 4703 3567 4765 ὡς
3596 4706 3671 4776 μή
3705 4704 3803 4775 μόο

401 4785 739 4850 surrexerit,
766 4785 867 4841 sed
900 4789 957 4839 et
986 4784 1291 4855 grabatum
1326 4784 1642 4855 portaverit
1672 4800 1866 4839 suum.
1890 4786 2049 4844 Casca

400 4890 492 4929 res
522 4877 611 4928 est
657 4871 886 4928 malitia
918 4888 931 4926 :
963 4872 1159 4945 ipsum
1196 4873 1397 4927 morbo
1445 4875 1709 4943 ereptum
1742 4873 2046 4947 damnant,

398 4962 678 5033 aiuntque
708 4961 792 5017 illi
826 4979 887 5018 :«
916 4950 1040 5017 Non
1073 4960 1209 5017 licet
1238 4961 1341 5016 tibi
1371 4960 1622 5016 Sabbato
1653 4966 1882 5033 gestare
1911 4981 2045 5038 gra-

398 5051 623 5106 batum.
653 5072 673 5099 ι
711 5050 1031 5122 Respondit
1059 5048 1155 5104 ille
1188 5067 1237 5105 τι(
1262 5048 1369 5115 Qui
1400 5065 1492 5105 me
1522 5066 1732 5105 sanum
1766 5052 1922 5121 fecit,
1948 5053 2043 5110 ille

398 5138 542 5194 mihi
573 5139 719 5194 dixit
740 5140 803 5195 ⁵⁸.
826 5159 854 5191 ε
895 5138 989 5194 Dei
1039 5155 1187 5210 opus
1217 5143 1307 5194 est
1337 5139 1487 5208 quod
1522 5141 1761 5210 jussum
1807 5146 1913 5197 est.
1948 5148 2041 5197 In-

396 5232 563 5283 sueta
593 5244 685 5283 res
714 5230 805 5283 est
836 5226 1217 5299 paralyticum
1248 5226 1490 5299 triginta
1516 5232 1572 5282 et
1592 5233 1720 5284 octo
1751 5246 2040 5289 annorum

394 5314 635 5372 sanitati
665 5315 913 5372 restitui.
949 5318 1029 5372 Ex
1058 5317 1184 5387 ejus
1227 5332 1325 5370 ore
1354 5316 1411 5371 id
1444 5315 1637 5371 audivi
1672 5333 1684 5371 :
1714 5318 1875 5375 Tolle
1906 5337 2039 5393 gra-

394 5406 598 5461 batum
629 5410 819 5460 tuum.
855 5404 914 5460 Si
946 5421 1158 5476 corpus
1188 5404 1273 5459 illi
1303 5404 1559 5461 obcdivit
1590 5409 1646 5461 et
1677 5422 1885 5464 sanum
1918 5410 2040 5466 fac-

391 5499 519 5550 tum
548 5498 654 5563 est,
678 5509 895 5566 egonec
924 5492 1008 5548 illi
1042 5494 1307 5566 ingratus
1340 5509 1457 5562 ero,
1500 5509 1604 5550 nec
1634 5495 1875 5566 gestabo
1905 5514 2037 5570 gra-

2157 4808 2243 4841 vov
2304 4788 2616 4859 ἀναστῆναι,
2672 4783 2819 4841 ἆλλὰ
2869 4787 2959 4841 καὶ
3019 4788 3275 4863 βαστάσαι
3320 4790 3411 4845 τὸν
3466 4786 3796 4866 κράϐϐατον.

2155 4874 2364 4952 Τυφλὸν
2425 4877 2458 4944 ἡ
2519 4874 2772 4951 πονηρία.
2833 4875 2931 4929 Καὶ
2987 4876 3229 4951 κρίνουσι
3288 4878 3378 4934 τὸν
3420 4879 3799 4949 σωθᾶντα,καὶ

2156 4962 2402 5039 λέγουσιν
2461 4963 2625 5035 αὐτῷ’
2673 4988 2700 5014 ‹‹
2750 4962 2861 5017 Οὐκ
2907 4961 3073 5033 ἔξεστί
3103 4986 3187 5020 σοι
3220 4968 3341 5041 ἆραι
3369 4969 3460 5023 τὸν
3489 4964 3795 5044 κράϐϐατον

2155 5050 2205 5107 ἐν
2243 5047 2527 5125 Σαϐϐάτῳ.
2574 5076 2602 5105 ››
2657 5051 3008 5127 Ἀπεκρίνατο
3051 5054 3272 5117 ἐκεῖνος’
3313 5080 3341 5108 ι(
3376 5058 3432 5111 Ὀ
3460 5060 3694 5128 ποιήσας
3727 5080 3799 5132 με

2154 5141 2301 5217 ὑγιῆ,
2361 5140 2561 5201 ἐκεῖνός
2614 5162 2705 5213 μοι
2755 5142 2921 5196 εἶπεν.
2973 5164 3004 5194 n
3034 5148 3166 5198 Θεοῦ
3194 5145 3257 5198 τὸ
3287 5142 3445 5221 ἔργον
3468 5146 3530 5201 τὸ
3559 5167 3796 5223 προστα-

2152 5229 2303 5305 χοὲν.
2338 5228 2619 5295 Ἀσόνηθές
2647 5228 2757 5284 ἐστι
2786 5230 2875 5285 καὶ
2899 5230 2962 5284 τὸ
2992 5231 3356 5307 παραλυτικὸν
3392 5231 3481 5288 διὰ
3507 5237 3796 5311 τριάκοντα

2148 5320 2238 5373 καὶ
2271 5318 2412 5374 ὀκτὼ
2444 5318 2575 5373 ἐτῶν
2608 5320 3017 5393 θεραπευθῆναι.
3053 5321 3145 5375 Ἐκ
3170 5326 3267 5375 τοῦ
3306 5322 3469 5377 αὖτοῦ
3520 5322 3793 5397 στόματος

2147 5406 2357 5477 ἥκουσα
2409 5410 2527 5461 τοῦ·
2587 5406 2847 5461 Βαστάσαι
2905 5407 2995 5462 τὸν
3057 5404 3382 5484 κράϐϐατον.
3436 5410 3501 5466 Ei’
3539 5412 3601 5467 τὸ
3634 5418 3796 5486 σῶμα

2148 5495 2416 5569 ἐπήκουσε
2470 5497 2559 5551 καὶ
2617 5496 2759 5574 ὁγιὶς
2814 5494 3047 5571 ἐγένετο,
3105 5497 3215 5575 ἰγὼ
3253 5500 3527 5576 ἀγνώμων
3574 5498 3792 5576 ἔσομαι,

459 5704 502 5740 ἰ
534 5704 670 5762 Luc.
701 5720 779 5775 vx,
810 5706 861 5762 8.
938 5704 984 5741 ⁵³
1014 5703 1220 5763 Matth.
1250 5717 1374 5775 vm,
1406 5703 1459 5761 4.
1535 5703 1580 5742 ⁸³
1608 5703 1779 5764 Joan.
1810 5724 1888 5779 IX,
1918 5707 2011 5769 32.

2174 5710 2331 5781 [διάη
2365 5710 2452 5767 16.
2528 5709 2762 5767 “Joan.
2795 5700 2961 5781 v,7.'
3016 5688 3348 5784 πᾶσαν,
3381 5714 3469 5787 ιο,
3501 5694 3590 5774 u'.
