4100 6224
265 402 380 465 [66

1512 393 1847 459 HOMILIA
1888 391 1990 454 DE
2031 389 2425 454 SEMENTE.

3565 404 3682 464 166

262 538 342 606 τῷ
380 533 459 607 μὴ
493 533 753 608 βαστάσαι
784 532 875 586 τὸν
906 523 1210 605 κράϐϐατον
1238 546 1252 599 ;
1286 525 1456 583 Πάλιν
1480 526 1530 581 οἱ
1554 524 1811 582 Ἰουδαῖοι
1834 523 1933 579 οὐκ

2048 525 2243 581 batum
2273 525 2300 579 ?
2329 525 2585 582 Rursum
2614 526 2801 583 Judaai
2854 544 3228 600 nequaquam
3267 530 3683 603 scistabantur,

269 622 493 693 ἰζήτουν
548 620 729 694 αὐτὸν,
782 619 875 675 ’ίνα
938 621 1148 692 μαθωσι
1212 622 1331 680 πῶς
1412 615 1755 691 ἰθεράπευσε,
1829 613 1919 669 καὶ

270 711 689 787 προσκυνήσωσι
743 709 836 764 τὸν
888 705 1045 763 δόντα
1086 710 1329 774 τοιαῦτα,
1359 704 1487 761 ἀλλ’
1511 704 1603 761 ’ίνα
1634 705 1779 776 αὗτῷ
1811 702 1925 758 έπι-

274 795 639 857 ϐουλεύσωσι.
700 802 896 875 Γέγονε
945 798 1162 852 κάκεῖνο
1208 796 1388 871 τρίτον
1446 796 1510 850 τὸ
1566 799 1656 849 νῦν
1683 794 1924 870 ἀναγνω-

274 889 415 946 σθέν.

346 981 433 1036 16.
493 975 760 1047 Εἰσῆλθεν
822 977 897 1039 εἷς
953 976 1054 1045 τὴν
1103 975 1442 1051 συναγωγὴν,
1475 971 1921 1047 πονηρευομένων

275 1068 583 1143 συναγωγή.
642 1064 708 1123 Τί
754 1064 857 1140 γὰρ
898 1063 1266 1139 πονηρότερον
1322 1063 1785 1139 εὐεργετουμένων
1834 1060 1924 1115 καὶ

274 1151 778 1224 ἐπιϐουλευόντων;
839 1154 927 1211 Ἐν
968 1158 1039 1228 τῇ
1073 1154 1363 1228 σάναγωγῇ
1393 1156 1500 1206 τῶν
1535 1148 1805 1205 Ἰουδαίων
1840 1150 1926 1203 ἅν-

275 1257 491 1321 θρωπος
524 1246 589 1313 ῆν
641 1248 808 1320 χεῖρα
848 1239 991 1318 ἔχων
1024 1241 1212 1318 ξηράν.
1253 1240 1439 1316 Ξηρὸς
1470 1240 1538 1311 ἦν
1568 1260 1649 1301 τις
1679 1241 1775 1307 τὴν
1806 1244 1925 1313 χεῖ-

276 1354 364 1410 ρα,
394 1333 485 1388 καὶ
517 1333 568 1388 οἱ
598 1332 861 1408 παρόντες
902 1329 1056 1407 ξηροί
1085 1332 1185 1399 τὴν
1220 1327 1482 1403 διάνοιαν,
1514 1329 1601 1385 καὶ
1634 1328 1736 1383 οὐκ
1766 1323 1925 1382 ἔϐλε-

272 1443 374 1477 πον
433 1422 522 1477 τὸν
578 1420 702 1477 τότε
755 1420 1016 1495 παρόντα’
1066 1416 1191 1475 οὐδὶ
1239 1419 1554 1474 ὑπώπτευον
1606 1418 1668 1473 τὸ
1715 1419 1926 1490 θαυμα-

274 1509 563 1587 τούργημα
586 1514 685 1565 τοῦ
716 1507 1102 1585 ἰργαζομένου.
1136 1509 1196 1566 Ὁ
1228 1504 1286 1563 δὲ
1317 1508 1536 1581 Σωτὴρ,
1578 1506 1704 1582 πρὶν
1762 1507 1927 1574 ποιῆ-

278 1618 363 1653 σαι
393 1598 457 1654 τὸ
487 1596 669 1673 ἔργον,
702 1594 791 1652 διὰ
819 1595 1000 1673 λόγων
1033 1597 1289 1673 ἐγεώργει
1318 1596 1415 1664 τὴν
1458 1593 1715 1653 διάνοιαν.
1748 1591 1927 1655 Εἰδὼς

277 1686 377 1765 γὰρ
416 1687 477 1742 τὸ
508 1688 748 1763 πονηρὸν
796 1689 896 1756 τῆς
928 1683 1186 1758 διανοίας,
1218 1685 1307 1740 καὶ
1336 1685 1399 1740 τὸ
1434 1684 1593 1762 βάθος
1620 1685 1683 1740 τὸ
1711 1684 1927 1758 πικρὸν,

280 1780 495 1850 πρῶτον
529 1774 711 1837 αὐτοῖς
738 1773 1145 1851 ηροπαρηγόρει
1165 1778 1283 1836 τοῖς
1311 1771 1518 1850 λόγοις,
1546 1774 1715 1829 καὶτὸ
1738 1775 1925 1849 ἅγριον

278 1871 377 1934 τῆς
408 1861 645 1926 διανοίας
676 1865 917 1938 ἡμεροῦν
955 1858 1353 1966 ἐϐούλετοὲοκαὶ
1384 1884 1513 1939 φησι
1544 1862 1679 1938 πρὸς
1708 1860 1925 1923 αὐτούς’
1957 1900 2006 1966 Β

283 1978 311 2006 ‹‹
343 1954 579 2025 Ἔξεστιν
612 1952 1008 2030 ἀγαθοποιῆσαι
1040 1952 1091 2008 έν
1124 1947 1408 2025 Σαϐϐάτῳ,
1458 1952 1492 2021 ἢ
1522 1958 1884 2020 κακοποιῆσαι
1911 1970 1925 2020 ;

280 2043 463 2117 ψυχὴν
488 2047 676 2115 σῶσαι,
711 2043 746 2111 ἢ
782 2041 1086 2113 ἀπολέσαι;
1120 2066 1149 2094 ››
1170 2042 1233 2097 Εἰ
1265 2041 1368 2117 γὰρ
1402 2040 1543 2096 εἶπεν
1577 2040 1758 2103 αὐτοῖς

281 2128 475 2204 ἔξεστιν
509 2131 831 2208 ἐργάσασθαι
860 2152 873 2201 ;
908 2131 1103 2194 εὐθέως
1135 2132 1193 2186 ἂν
1244 2130 1459 2206 ἔλεγον,
1518 2131 1669 2207 Παρά
1714 2132 1805 2187 τὸν
1839 2130 1927 2185 νό-

285 2243 385 2294 μον
410 2220 611 2296 λέγεις.
643 2220 773 2275 Νυνὶ
806 2218 862 2275 δὲ
892 2222 1034 2275 εἶπεν
1068 2219 1272 2290 αὐτοῖς,
1307 2219 1337 2275 ὅ
1383 2220 1471 2274 καὶ
1503 2220 1530 2273 ὀ
1560 2219 1729 2293 νόμος
1780 2215 1932 2275 ἐϐού-

285 2309 429 2365 λετο·
494 2310 521 2363 6
570 2309 673 2385 γὰρ
720 2310 843 2384 περὶ
891 2307 989 2364 τοῦ
1034 2304 1317 2363 Σαϐϐἀτου
1346 2310 1713 2383 νομοθετήσας
1761 2329 1929 2384 προσ-

286 2397 469 2468 ετίθει,
502 2396 584 2451 ὅτι
619 2396 771 2465 Πλὴν
801 2396 1017 2469 τούτου,
1051 2396 1081 2451 6'
1112 2397 1198 2452 ἐπὶ
1228 2399 1413 2473 ψυχὴν
1444 2397 1933 2468 ποιηθήσεταιΑὐ-

284 2484 409 2539 τίκα
450 2483 537 2539 ἐὰν
600 2478 866 2557 Σαϐϐάτῳ
923 2484 1058 2560 πέσῃ
1105 2486 1385 2561 ἄνθρωπος
1433 2486 1507 2548 εἷς
1543 2486 1703 2562 βάθη,
1736 2484 1930 2557 ἔξεστιν

290 2570 571 2634 Ἰουδαίοις
608 2571 928 2627 ἀνασπάσαιο
981 2572 1043 2628 οὐ
1106 2572 1268 2647 μόνον
1318 2570 1620 2649 ἄνθρωπον,
1670 2575 1813 2631 ἀλλὰ
1842 2573 1932 2630 καὶ

295 2662 421 2737 βοῦν
455 2661 543 2717 καὶ
575 2658 719 2720 ὄνον.
753 2659 911 2719 Οὕτω
940 2663 1006 2717 τὰ
1037 2660 1124 2717 ἐπὶ
1155 2661 1401 2737 σωτηρίᾳ
1441 2664 1736 2742 συνεχώρεί
1769 2666 1797 2720 6
1843 2664 1933 2719 νό-

292 2773 392 2825 μος
450 2749 710 2827 γίνεσθαι,
758 2752 848 2807 καὶ
896 2750 1180 2829 ἐτρέφοντο
1235 2749 1490 2808 Ἰουδαῖοι
1550 2752 1601 2809 ἐν
1644 2748 1932 2827 Σαϐϐάτῳ.

291 2839 572 2917 Ἠρώτησέ
626 2861 710 2903 τις
751 2844 842 2894 νῦν
892 2839 1086 2903 αὐτοὺς
1137 2840 1199 2895 οὐ
1229 2841 1291 2895 τὸ
1321 2841 1760 2917 ἀντιλεγόμενον,
1790 2842 1937 2899 ἀλλᾶ

287 2930 349 2984 τὸ
382 2926 857 3004 ὁμολογούμενον.
891 2930 1132 2999 ’Έξεστιν
1164 2930 1592 3006 ἀγαθοποιῆσαι;
1625 2929 1778 2987 Ἀλλ’
1812 2930 1936 2986 οὐδὲ

290 3016 531 3095 λέγουσι,
578 3017 700 3073 Ναί·
750 3017 813 3073 οὐ
860 3017 964 3093 γὰρ
997 3021 1130 3088 ἦσαν
1159 3020 1364 3094 ἀγαθῆς
1396 3019 1780 3094 προαιρέσεως.
1815 3045 1843 3073 ‹‹
1874 3022 1935 3078 Ὁ

289 3106 392 3183 γὰρ
450 3106 650 3181 ἀγαθὸς
700 3104 983 3183 ἄνθρωπος
1033 3106 1091 3161 ἐκ
1117 3111 1215 3162 τοῦ
1246 3109 1451 3183 ἀγαθοῦ
1506 3112 1780 3184 θησαυροῦ
1808 3129 1938 3185 προ-

292 3194 439 3273 φέρει
487 3195 549 3250 τὸ
593 3194 816 3269 ἀγαθόν.
870 3218 898 3246 ››
948 3194 1188 3272 Πονηροί
1240 3192 1296 3251 δὶ
1326 3192 1473 3259 ὄντες
1506 3194 1781 3271 Ἰουδαῖοι,
1813 3196 1934 3273 περὶ

2035 620 2099 669 ut
2118 615 2446 671 ediscerent
2475 632 2589 686 quo
2622 622 2788 688 pacto
2819 624 3106 688 curasset,
3141 623 3195 674 et
3217 620 3530 677 adorarent
3549 638 3685 680 eum

2034 703 2132 773 qui
2166 702 2307 758 talia
2336 703 2587 775 largitus
2618 713 2815 770 esset;
2848 707 2947 761 sed
3012 710 3077 761 ut
3124 707 3238 779 ipsi
3287 707 3534 764 insidias
3583 726 3685 780 pa-

2034 795 2250 847 rarent.
2308 792 2438 848 Jam
2500 792 2648 848 illud
2732 795 2972 850 tertium
3056 799 3147 852 est
3222 798 3378 869 quod
3466 796 3683 855 lectum

2035 879 2168 935 fuit.

2108 970 2192 1024 16.
2215 970 2525 1042 Ingressus
2550 974 2640 1026 est
2664 969 2721 1025 in
2749 975 3139 1044 Synagogam,
3164 990 3291 1045 quae
3335 981 3460 1032 erat
3504 977 3689 1049 Syna-

2033 1074 2185 1131 goga
2214 1058 2690 1131 malignantium.
2722 1059 2869 1123 Quid
2904 1078 3160 1133 namque
3191 1065 3449 1121 deterius
3498 1083 3677 1137 quam

2035 1148 2319 1203 beneﬁcia
2345 1148 2607 1219 accipere
2630 1153 2687 1204 et
2709 1149 2977 1205 insidiari
2998 1150 3025 1203 ?
3045 1151 3104 1205 In
3129 1155 3435 1226 Synagoga
3456 1157 3709 1212 Judaeo-.

2035 1254 2166 1292 rum
2200 1237 2372 1292 homo
2404 1242 2530 1293 erat
2555 1239 2723 1309 cujus
2750 1238 2911 1293 arida
2935 1254 3167 1295 manus.
3194 1242 3409 1297 Aridus
3440 1243 3682 1315 quidam

2036 1343 2213 1382 manu
2237 1330 2379 1394 erat,
2403 1330 2462 1381 et
2482 1326 2580 1398 qui
2605 1326 2868 1396 aderant,
2894 1328 3041 1383 aridi
3068 1334 3293 1386 mente:
3328 1348 3517 1403 neque
3545 1350 3681 1389 eum

2034 1414 2350 1469 cernebant
2378 1413 2479 1484 qui
2513 1419 2639 1469 tum
2674 1430 2930 1485 praesens
2961 1421 3120 1472 erat:
3170 1434 3359 1490 neque
3406 1420 3466 1475 in
3518 1436 3683 1477 men-

2033 1506 2151 1557 tem
2184 1502 2452 1557 veniebat
2483 1502 2834 1558 miraculum
2865 1504 2994 1575 ejus
3025 1506 3125 1577 qui
3157 1507 3297 1562 talia
3318 1515 3676 1580 operaretur.

2034 1591 2211 1648 Porro
2242 1590 2505 1646 Salvator
2540 1594 2854 1662 antequam
2902 1610 3051 1664 opus
3104 1595 3433 1669 conﬁceret,
3484 1599 3677 1655 verbis

2036 1684 2294 1736 mentem
2326 1679 2643 1737 excolebat.
2674 1682 3044 1754 Compertam
3076 1685 3233 1741 enim
3266 1685 3490 1744 habens
3514 1687 3679 1745 mali-

2036 1770 2321 1843 gnitatem
2354 1770 2559 1838 animi,
2592 1775 2649 1826 et
2678 1771 3140 1842 profunditatem
3174 1774 3443 1832 acerbam
3492 1776 3678 1850 illam,

2038 1859 2406 1915 demulcebat
2428 1860 2618 1930 primo
2640 1859 2831 1915 verbis
2856 1876 2869 1915 :
2902 1866 3193 1932 agrestem
3208 1863 3471 1920 animum
3495 1866 3679 1922 lenire

2038 1947 2334 2016 studebat,
2365 1948 2563 2019 aitque
2595 1947 2749 2004 illis:
2810 1970 2837 1999 «
2873 1948 3106 2004 Licetne
3136 1951 3388 2008 Sabbato
3439 1954 3676 2011 benefa-

2039 2054 2186 2103 cere,
2220 2054 2293 2093 an
2329 2036 2515 2093 male:
2579 2037 2837 2093 animam
2896 2035 3115 2093 salvam
3164 2038 3371 2111 facere,
3424 2058 3496 2097 an
3546 2060 3683 2115 per-

2040 2127 2174 2182 dere
2203 2127 2245 2160 ⁶⁷
2266 2125 2293 2179 ?
2326 2145 2355 2175 ››
2387 2126 2530 2181 Nam
2562 2126 2609 2181 si
2643 2125 2886 2181 dixisset
2928 2124 3065 2193 illis,
3127 2126 3359 2184 Licetne
3407 2131 3681 2203 cperari?

2042 2215 2240 2270 statim
2273 2214 2735 2286 respondissent,
2765 2213 2979 2269 Contra
3008 2212 3193 2286 legem
3217 2214 3494 2288 loqueris.
3515 2219 3682 2277 Nunc

2042 2308 2239 2361 autem
2263 2304 2317 2359 id
2344 2302 2574 2359 locutus
2594 2306 2684 2359 est
2708 2303 2860 2374 quod
2884 2301 2977 2359 lex
2996 2303 3126 2376 ipsa
3148 2302 3362 2362 voluit:
3390 2308 3490 2379 qui
3523 2310 3679 2365 enim

2041 2394 2228 2467 legem
2285 2395 2355 2450 de
2379 2393 2629 2449 Sabbato
2661 2393 2918 2461 dederat,
2970 2393 3313 2465 subjunxit:
3366 2397 3578 2454 Przeter
3621 2398 3681 2454 id

2043 2484 2199 2555 quod
2232 2500 2336 2555 pro
2367 2482 2567 2537 anima
2596 2482 2710 2537 ﬁet.
2748 2482 2877 2538 Mox
2906 2482 3062 2537 enim
3098 2482 3196 2538 ubi
3228 2483 3289 2539 in
3319 2486 3568 2542 Sabbato
3592 2504 3681 2543 ce-

2044 2571 2250 2628 ciderit
2282 2572 2454 2627 homo
2486 2572 2545 2625 in
2580 2572 2826 2638 foveam,
2860 2569 3085 2625 licitum
3143 2571 3366 2629 Judaeis
3414 2581 3503 2631 est
3547 2576 3682 2632 inde

2046 2661 2215 2717 illum
2247 2660 2587 2717 extrahere:
2623 2675 2728 2715 nec
2759 2663 2989 2715 tantum
3023 2658 3340 2732 hominem,
3375 2664 3475 2719 sed
3507 2665 3682 2721 etiam

2045 2751 2249 2805 bovem
2280 2754 2338 2805 et
2368 2748 2625 2805 asinum.
2656 2750 2842 2818 Atque
2868 2747 2949 2803 ita
2983 2764 3111 2819 quae
3142 2750 3213 2804 ad
3247 2750 3496 2807 salutem
3546 2770 3681 2825 spe-

2046 2839 2283 2894 ctabant
2310 2838 2401 2893 lex
2429 2837 2715 2909 permisit,
2781 2841 2839 2891 et
2867 2837 2969 2893 54
3016 2836 3144 2908 ipso
3194 2838 3448 2897 Sabbato
3495 2842 3685 2898 Judmi

2045 2926 2614 2990 vescebantur.Quod
2642 2924 2845 2996 siquis
2865 2932 3241 2997 percontatus
3255 2944 3353 2984 eos
3366 2929 3683 3000 fuerit,non

2046 3016 2117 3072 de
2148 3032 2262 3087 quo
2297 3013 2680 3087 disceptatur,
2710 3014 2809 3069 sed
2837 3015 2907 3069 de
2938 3031 3053 3085 quo
3083 3018 3353 3077 convenit
3382 3018 3536 3075 inter
3559 3037 3687 3077 om-

2047 3122 2189 3162 nes:
2226 3104 2454 3160 Licetne
2484 3104 2824 3160 benefacere
2847 3104 2874 3158 ?
2903 3120 3275 3177 nequaquam
3308 3111 3684 3180 respondent,

2048 3194 2274 3250 Etiam:
2311 3210 2426 3249 non
2459 3197 2599 3248 sunt
2630 3192 2846 3264 quippe
2884 3193 3050 3248 bonaa
3109 3195 3449 3252 voluntatis.
3513 3198 3683 3267 Nam,

294 3284 504 3359 ἀγαθῶν
557 3282 618 3338 οὗ
663 3283 1014 3356 συντίθενται,
1062 3284 1151 3339 καὶ
1201 3282 1324 3339 οὔτε
1354 3286 1749 3360 ἀγαθοποιῆσαι
1780 3286 1936 3359 ὠμο-

2050 3307 2077 3335 ‹‹
2112 3283 2298 3338 honus
2329 3281 2504 3337 homo
2531 3282 2601 3337 de
2622 3281 2776 3336 bono
2798 3280 3072 3336 thesauro
3099 3283 3316 3354 profert
3335 3284 3630 3341 bonum“.
3660 3266 3688 3338 ὲ)

295 3372 523 3449 λόγουν,
567 3370 691 3427 οὕτε
736 3380 1100 3444 κακοποιῆσαι
1130 3373 1297 3429 εἰπεῖν
1328 3371 1613 3443 ἠδύναντο·
1649 3373 1939 3451 ἀναίσχυν-

297 3483 389 3518 τον
452 3462 555 3539 γδιρ
608 3464 673 3531 ἦν
728 3462 790 3517 τὸ
840 3461 1011 3539 ῥῆμα·
1072 3461 1220 3517 ἀλλὰ
1269 3467 1567 3521 σιωπῶσιν.
1607 3465 1737 3522 ’Ότε
1766 3461 1823 3518 δὲ
1855 3461 1944 3519 διὰ

302 3550 588 3630 φλυαρίαν,
641 3548 830 3607 πολλὰ
886 3549 1238 3629 φλυαροῦσιψ
1300 3548 1389 3606 ὅτε
1446 3549 1534 3607 διὰ
1587 3552 1941 3628 κατηγορίαν.

306 3639 516 3716 μεγάλα
570 3638 980 3716 κραυγάζουσινο
1040 3663 1070 3692 ‹‹
1121 3641 1274 3715 Αἶρε,
1332 3640 1469 3716 αἶρε,
1527 3640 1860 3717 σταύρωσον.
1916 3665 1945 3694 ››

302 3726 475 3791 Οὗνος
533 3729 561 3782 6
609 3724 887 3802 ἅνθρωπος
944 3725 1071 3783 τάδε
1124 3726 1213 3783 καὶ
1278 3724 1405 3784 τάδε
1478 3727 1751 3801 ἐποίησεν.
1821 3732 1945 3787 ’Ότι

305 3814 387 3872 δεῖ
439 3817 862 3892 ἀγαθοποιῆσαι,
919 3817 954 3887 ἢ
1011 3819 1393 3889 κακοποιῆσαι,
1451 3819 1636 3893 ψυχὴν
1686 3821 1877 3891 σῶσαι,
1908 3818 1945 3889 ἢ

304 3904 591 3976 ἀπολέσαι,
649 3907 701 3961 0i.
764 3907 859 3979 μὲν
915 3910 1213 3961 σιωπῶσιν
1274 3907 1303 3962 6
1362 3905 1439 3973 δὲ,
1500 3906 1946 3982 συλλυπούμενος

302 3995 373 4067 τῇ
421 3991 613 4067 καρδίᾳ
658 3993 747 4049 ἐπὶ
800 3999 868 4069 τῇ
917 3996 1173 4071 πωρώσει
1200 4001 1302 4065 τῆς
1331 3993 1554 4073 καρδίας
1586 3995 1778 4068 αὐτῶν,
1832 3997 1948 4052 εἷπε

301 4086 382 4154 τῷ
412 4082 703 4159 ἀνθρώπιν’
735 4083 801 4140 Οἱ
836 4082 1130 4159 βλέποντες
1164 4082 1529 4160 βλεπέτωσαν,
1590 4085 1639 4139 οἱ
1699 4086 1946 4160 ἀνήκοοι,

306 4171 380 4234 ὡς
434 4170 723 4247 βουλονται
772 4171 1048 4249 πράττειν,
1088 4174 1486 4246 πραττέτωσαν·
1523 4175 1575 4229 οἱ
1606 4173 1948 4252 σκληροκαρ-

302 4258 410 4315 διοι
469 4259 971 4325 ἀπολιθοῦσθωσαψ
1036 4261 1390 4326 ἁπαλυνέσθω
1448 4260 1505 4317 δέ
1550 4283 1647 4317 σου
1698 4266 1734 4332 ἡ
1783 4262 1945 4333 δεξιά.

304 4351 569 4425 Ἕγειραι,
604 4350 798 4421 μηκέτι
830 4350 1131 4424 προσαίτει.
1162 4351 1233 4404 Τὸ
1264 4349 1388 4425 γὰρ,
1420 4351 1648 4425 ἒγειραι,
1699 4351 1762 4404 τὸ
1814 4363 1948 4415 καθ-

306 4435 511 4504 έζεσθαι
543 4434 765 4508 ἐδήλου·
798 4438 858 4494 Ὀ
892 4434 949 4491 δὶ
980 4437 1143 4512 ξηρὰν
1169 4434 1312 4513 ἔχων
1344 4437 1442 4506 τὴν
1476 4442 1639 4513 χεῖρα
1682 4436 1737 4491 τί
1795 4436 1950 4504 ἐκαθ-

308 4525 478 4593 έζετο,
531 4526 566 4594 ἢ
618 4524 834 4587 πάντως
895 4524 969 4588 εἷς
1020 4524 1083 4581 τὸ
1133 4530 1482 4600 προσαιτεῖν;
1524 4526 1601 4584 Οὐ
1634 4522 1833 4601 δίδωμί
1865 4547 1947 4583 σοι

2048 3371 2186 3428 Mali
2218 3386 2388 3443 porro
2420 3386 2552 3426 cum
2586 3369 2705 3425 sint
2732 3369 2940 3440 Judaei,
2973 3370 3044 3425 de
3075 3370 3245 3427 bonis
3285 3375 3528 3445 agendis
3572 3394 3687 3435 non

2051 3459 2449 3529 consentiunt,
2484 3475 2587 3515 nec
2617 3458 2878 3515 fatentur
2906 3474 3036 3514 esse
3066 3459 3571 3538 benefaciendum,
3596 3482 3694 3523 [ιο-

2054 3567 2166 3623 que
2194 3554 2445 3621 possunt
2474 3548 2768 3604 afﬁrmare
2799 3546 2952 3603 male
2980 3548 3200 3605 factum
3245 3557 3543 3621 Oportere:
3577 3557 3696 3612 im-

2054 3640 2341 3713 pudenter
2367 3636 2524 3693 enim
2555 3638 2776 3691 dictum
2810 3636 2990 3692 foret:
3029 3638 3128 3692 sed
3173 3639 3367 3695 silent.
3430 3645 3502 3698 At
3557 3660 3694 3701 cum

2056 3728 2400 3801 nugandum
2423 3731 2786 3797 est,magnas
2808 3741 2994 3796 nugas
3019 3726 3311 3783 eﬁ‘utiunt:
3337 3746 3469 3785 cum
3495 3737 3695 3790 autem

2056 3815 2512 3886 criminandum,
2546 3830 2758 3885 magno
2780 3812 3033 3869 clamore
3049 3813 3249 3872 aiunt:
3277 3839 3305 3866 «
3329 3817 3510 3889 Tolle,
3530 3820 3693 3892 tolle,

2057 3906 2331 3977 cruciﬁge
2360 3904 2422 3974 ‘9,
2446 3923 2472 3955 ι
2514 3902 2608 3959 hic
2636 3902 2814 3957 homo
2845 3901 2967 3957 haec
2997 3906 3055 3958 et
3083 3905 3373 3975 ejusmodi
3396 3915 3694 3980 perpetra-

2057 3994 2169 4049 vit:
2197 4010 2332 4049 cum
2364 3997 2556 4048 autem
2608 3989 2890 4062 quaeritur
2922 3990 3138 4046 benene
3170 4009 3243 4048 an
3301 3994 3453 4051 male
3508 3996 3699 4055 facere

2056 4083 2249 4152 liceat,
2275 4081 2533 4137 animam
2557 4078 2775 4135 salvam
2802 4080 3007 4151 facere,
3032 4096 3105 4135 an
3140 4082 3410 4154 perdere:
3441 4084 3524 4141 illi
3573 4087 3700 4159 qui-

2058 4174 2191 4228 dem
2224 4170 2430 4238 silent;
2466 4169 2746 4225 Dominus
2778 4184 2910 4224 vero
2935 4170 3106 4225 corde
3137 4187 3389 4229 moerens
3421 4175 3494 4230 ob
3527 4176 3701 4232 caeci-

2057 4265 2237 4316 tatem
2268 4257 2459 4314 cordis
2489 4264 2714 4323 earnm,
2746 4257 2827 4312 ait
2856 4257 3079 4313 homini
3108 4258 3195 4315 illi
3219 4277 3232 4315 :
3259 4262 3366 4327 Qui
3388 4264 3588 4320 vident
3610 4263 3699 4321 vi-

2060 4350 2255 4415 deant,
2282 4345 2383 4418 qui
2402 4345 2855 4416 inobsequentes
2878 4350 3039 4415 sunt,
3058 4348 3211 4418 quod
3229 4348 3467 4407 libuerit
3496 4356 3696 4425 agant:

2059 4436 2159 4510 qui
2182 4437 2314 4492 duri
2344 4439 2483 4491 sunt
2512 4434 2704 4504 corde,
2737 4433 3099 4505 lapidescant
3124 4454 3137 4505 ;
3161 4452 3364 4494 verum
3396 4440 3700 4499 mollescat

2059 4527 2295 4582 dextera
2323 4530 2444 4581 tua.
2477 4528 2681 4596 Surge,
2714 4539 2784 4579 ne
2815 4522 3071 4595 amplius
3128 4528 3460 4587 mendicato
3494 4547 3507 4587 :
3558 4546 3697 4588 nam

306 4612 588 4689 ἀργύριον,
623 4610 715 4667 ’ίνα
766 4614 842 4686 μὴ
912 4610 1209 4688 ἀναλώσῃςο
1246 4613 1420 4690 ὑγείαν
1449 4635 1536 4669 σοι
1585 4612 1808 4689 δίδωμι,
1842 4638 1936 4689 μη·

2057 4615 2210 4687 quod
2225 4612 2471 4685 jusserit
2490 4629 2624 4668 eum
2650 4627 2911 4683 surgere,
2937 4612 3222 4671 indicium
3247 4622 3336 4673 est
3365 4635 3500 4675 eum
3533 4619 3700 4692 prius

304 4698 497 4758 δέποτε
541 4699 956 4776 δαπανωμένην.
1010 4700 1166 4773 Μηδὶ
1213 4700 1300 4758 διὰ
1347 4703 1409 4758 σὸ
1459 4703 1622 4780 ξηρὰν
1673 4698 1945 4780 ἔχειντὴν

303 4797 464 4867 χεῖρα
503 4792 806 4868 προσαίτει,
852 4789 978 4847 ἀλλ’
1029 4786 1324 4847 ἀποϐαλὼν
1370 4791 1535 4863 αὐτὴν
1570 4792 1721 4870 ὑγιῆ,
1753 4791 1947 4849 λοιπὸν

301 4881 393 4935 καὶ
440 4881 581 4935 σώαν
633 4879 997 4957 ἐργασάμενος
1042 4876 1274 4936 ἔκτεινον
1319 4882 1421 4951 τὴν
1466 4881 1628 4958 χεῖρά
1676 4902 1771 4937 σου
1801 4903 1949 4938 πτω-

304 4974 415 5044 χῷ.
463 4970 730 5043 Ἕγειραι,
779 4970 869 5023 καὶ
920 4972 1076 5039 στῆθι
1125 4969 1199 5031 εἷς
1223 4971 1286 5025 τὸ
1322 4971 1504 5044 μέσον·
1541 4968 1700 5046 γενοῦ
1729 4973 1949 5046 θέατρον

302 5062 420 5118 τοῖς
475 5056 788 5131 βλέπουσιν.
847 5058 934 5114 Ἐν
984 5058 1067 5112 σοὶ
1119 5059 1148 5114 ὁ
1177 5058 1318 5135 ἀγὼν
1352 5057 1544 5114 λοιπὸν
1578 5059 1890 5135 ἀγωνίζεται
1923 5060 1952 5115 6

304 5146 430 5224 περὶ
491 5140 793 5201 Σαϐϐάτου.
837 5148 1002 5215 Στῆθι
1059 5146 1136 5208 εἰς
1178 5148 1240 5202 τὸ
1294 5148 1477 5221 μέσον,
1503 5145 1595 5202 *ίνα
1622 5147 1711 5203 καὶ
1760 5149 1812 5203 οἱ
1841 5168 1955 5223 χω-

309 5232 557 5296 λεύοντες
600 5232 693 5297 τὰς
738 5232 926 5310 ἱγνύας
964 5239 1181 5304 στῶσιν,
1234 5234 1322 5292 ἐὰν
1368 5234 1471 5311 ἄρα
1510 5237 1836 5311 ἀκούσωσιν,
1868 5236 1954 5292 ἐὰν

307 5320 409 5400 ἄρα
439 5321 617 5382 ἴδωσι.
653 5324 820 5394 Στῆθι
852 5321 926 5385 εἷς
954 5322 1017 5378 τὸ
1051 5324 1235 5398 μέσον,
1266 5326 1355 5380 καὶ
1384 5323 1630 5397 λαλήσας
1662 5325 1797 5402 πρὸς
1826 5324 1952 5389 τοὺς

374 5475 417 5513 ⁸⁷
449 5476 585 5533 Luc.
616 5493 694 5543 v1,
721 5475 776 5533 9.
852 5475 896 5511 ⁸⁸
926 5475 1138 5542 Matth,
1170 5478 1381 5547 1111,35.

1456 5478 1502 5515 ⁸ο
1526 5482 1693 5536 Joan.
1725 5494 1845 5547 xm,
1879 5478 1967 5533 15.

2058 4705 2315 4760 sedisse:
2347 4703 2443 4773 qui
2468 4706 2662 4757 autem
2681 4701 2905 4756 aridam
2930 4718 3170 4759 manum
3212 4703 3484 4779 habebat,
3519 4724 3701 4780 quare

2057 4793 2318 4859 sedebat,
2342 4791 2453 4846 nisi
2477 4795 2540 4845 ut
2563 4789 2964 4846 mendicaret?
2989 4791 3113 4846 Non
3139 4792 3211 4847 do
3233 4794 3337 4849 tibi
3389 4801 3700 4869 argentum

2059 4899 2131 4938 ne
2160 4883 2439 4938 absumas
2463 4895 2476 4935 :
2511 4879 2815 4934 sanitatem
2837 4878 2909 4933 do
2931 4878 3038 4935 tibi
3062 4897 3362 4952 nunquam
3385 4884 3701 4943 absumen-

2059 4973 2217 5028 dam.
2250 4971 2331 5026 Ne
2360 4968 2665 5025 occasioue
2696 4967 2869 5023 aridae
2902 4985 3113 5025 manus
3146 4972 3450 5030 mendica:
3499 4977 3601 5032 sed
3632 4991 3702 5033 ea

2061 5076 2206 5117 sana
2235 5058 2509 5128 salvaque
2541 5059 2795 5128 accepta,
2839 5072 3096 5129 operare,
3153 5063 3396 5118 extende
3443 5068 3503 5119 tu
3557 5080 3704 5137 pau-

2065 5148 2185 5221 peri
2218 5162 2461 5202 manum
2490 5149 2673 5200 tuam.
2706 5145 2911 5218 Surge,
2956 5151 3012 5201 et
3067 5152 3160 5204 sta
3212 5149 3272 5205 in
3330 5151 3556 5208 medio:
3619 5152 3703 5209 sis

2063 5234 2458 5310 spectaculum
2490 5232 2844 5291 videntibus.
2879 5235 2940 5291 In
2974 5240 3030 5293 te
3069 5236 3343 5312 deinceps
3401 5245 3701 5299 certamen

2065 5326 2135 5382 de
2161 5324 2413 5383 Sabbato
2436 5323 2651 5395 agitur.
2692 5323 2793 5380 Sta
2816 5324 2877 5381 in
2910 5326 3124 5395 medio,
3159 5331 3222 5384 ut
3244 5327 3343 5400 qui
3366 5328 3701 5387 claudicant

375 5643 489 5719 (37)
520 5643 749 5722 Anglic.
780 5640 870 5712 Μή
898 5639 1020 5722 γαρ,
1048 5639 1224 5722 εἶπεν.Δ
1248 5643 1427 5719 Infra,
1458 5648 1594 5718 post
1621 5643 1755 5721 νυνί,
1785 5644 1929 5718 hac,

2048 5642 2194 5700 εἶπεν
2248 5640 2525 5704 αὖτοῖς....
2560 5640 2589 5695 6
2618 5641 2724 5717 γὰρ
2776 5642 2922 5715 περὶ.
2973 5644 3186 5703 desunt
3231 5645 3293 5705 in
3341 5648 3539 5722 Angl.,
3600 5651 3704 5711 sed

307 5714 491 5778 manu
520 5714 839 5775 recéntiore
864 5714 1066 5774 addita
1093 5719 1265 5774 sunt.-

3676 6094 3999 6109 me

3676 6096 3679 6099 λ
3972 6094 3999 6109 _-

3524 6094 4100 6224 Π
