2063 3109
16 0 367 29 ﬂium”?
415 18 417 21 ,
542 20 549 22 _
643 16 648 17 γ

199 185 257 215 167

198 250 369 288 poplitibus,
379 245 553 279 consistant,
565 246 589 273 si
599 247 695 272 tamen
705 242 838 276 audiant,
856 241 880 288 si
890 241 1013 288 videant.

1076 237 1223 271 Ἰουδαίους
1234 239 1268 267 τὰ
1282 239 1423 277 εἰρημένα,
1439 239 1480 267 ὅτι
1496 238 1579 277 ἔξεστι
1593 238 1656 267 τόδε
1671 242 1784 275 ποιῆσαι
1807 240 1825 275 ἢ
1850 239 1898 276 οὕς

197 286 251 325 ἐν»ιᾲ
264 295 293 322 in
310 292 416 327 medio,
432 294 460 320 et
474 291 593 326 loquere
622 288 734 317 Judzeis
762 296 826 323 quae
853 287 917 322 jam
940 286 1020 314 diota

199 341 269 368 sunt
283 347 290 366 ε
308 338 460 365 licitumne
475 337 519 363 est
534 335 562 362 id
579 335 671 361 tacere
687 340 784 360 annon
795 331 809 358 ‘I
823 332 906 359 Tunc
921 330 961 358 ait
982 329 1017 357 ad

197 384 281 412 illum
296 391 303 410 ι
320 381 448 410 Extende
460 387 579 407 manum
591 380 684 410 tuam,
697 384 754 404 non
766 378 795 404 te
805 378 905 412 tango,
921 383 957 403 ne
971 374 1019 402 Ju-

197 429 251 458 daei
267 427 471 459 criminentur,
485 432 553 452 neve
565 422 731 458 contingere
740 420 818 448 idem
834 421 939 456 putent
954 426 1019 446 esse

197 477 284 510 atque
294 471 418 508 operari,
432 470 551 497 verbum
563 469 679 495 tantum
689 465 813 502 profero.
827 465 1018 510 Nequaquam

197 508 344 548 ait‘Deus:
360 516 401 543 Ne
416 515 536 549 loquare
552 512 581 539 in
597 511 733 539 Sabbato.
753 509 783 537 Si
808 511 906 537 autem
929 508 1017 536 verbo

198 572 271 601 opus
282 561 436 591 efﬁciatur,
449 556 633 586 admirationi
646 556 685 601 sit
695 554 743 601 qui
757 554 874 601 locutus
889 555 944 601 est.
955 553 1017 601 Ex-

196 597 282 637 tende
299 613 419 634 manum
435 606 527 631 tuam.
544 601 615 628 Vide
632 598 790 627 discrimen
808 598 894 626 facti:
913 597 1016 625 Petrus

195 655 225 682 in
240 651 377 689 Speciosa
392 651 475 686 porta
490 645 681 683 parulyticum
697 651 817 677 sanans,
847 649 1017 689 compressa

193 685 275 726 illius
290 685 408 724 dextera
425 700 512 720 manu
530 688 675 718 excitavit.
690 689 796 716 Servus
820 685 1014 721 attrectando,

193 741 339 772 extendit:
354 734 631 770 Dominusjubendo
656 732 794 760 extendit.
810 731 936 759 Extende
952 739 1014 758 ma-

194 796 266 817 num
282 784 418 814 tuam.Do
428 781 480 809 tibi
490 780 644 811 virtutem,
653 779 681 805 et
691 775 850 805 efﬁcaciam
864 774 1011 804 sanitatis.

194 829 492 866 Verbojussioneque
509 832 573 851 mea
588 823 616 850 in
632 825 658 849 te
690 820 836 866 constituo
854 827 861 848 :
885 819 1014 847 Extende

194 864 315 906 manum
327 877 420 901 tuam.
431 870 507 898 Dixit
520 868 579 901 ille,
592 868 646 894 iste
658 865 724 894 fecit
736 874 742 893 :
754 864 837 893 arida
848 872 954 892 manus
969 871 1014 891 sa-

193 920 278 951 nitati
294 918 439 948 restituta,
455 913 621 947 mentisque
636 910 805 962 .ludaaorum
822 907 1014 962 ariditasﬂmi-
1027 928 1052 962 Β

193 967 272 995 nime
281 964 383 993 sanata
392 959 446 988 fuit
460 968 467 993 ;
478 958 528 986 sed
540 955 660 992 egressi,
673 956 706 982 ut
728 953 814 981 modo
826 953 933 980 lectum
946 952 1011 988 fuit,

192 1008 394 1039 deliberabant
405 1003 475 1040 quid
488 1000 634 1030 facerent.)
640 1007 703 1027 esu.
719 997 867 1026 Deliberas
882 996 954 1032 quid
972 996 1014 1024 fa-

192 1058 294 1086 cturus
304 1052 345 1081 sis
356 1060 362 1079 :
374 1050 462 1078 adora
473 1050 505 1074 ut
525 1049 626 1078 Deum,
638 1044 728 1071 adora
737 1041 1013 1086 miraculorumrau-

193 1103 314 1131 ctorem,
331 1097 420 1125 adora
434 1091 596 1121 hominem,
612 1097 655 1122 ea,
677 1096 741 1124 quae
761 1094 851 1122 supra
878 1085 1013 1114 homines

193 1146 275 1178 sunt,
283 1130 463 1179 operantem.
474 1136 537 1164 Non
550 1132 689 1179 apposuit
696 1130 872 1179 emplastra,-
883 1138 941 1179 non
952 1137 1013 1166 per-

194 1174 359 1218 fusionibus
384 1180 562 1219 quibusdam
591 1176 745 1205 brachium
775 1174 927 1210 emollivit,
953 1182 1012 1202 non

194 1234 330 1262 sexcenta
346 1227 541 1257 remediorum
558 1230 664 1258 genere
691 1219 835 1249 adhibuit.
863 1220 895 1246 In
917 1219 1013 1246 medio

194 1279 292 1308 stabat
307 1276 365 1306 ille,
379 1281 439 1301 rem
455 1277 557 1298 omnes
572 1269 686 1303 gestam
697 1264 853 1292 videbant:
867 1271 924 1291 non
933 1263 1013 1308 enim

194 1307 269 1353 clam
281 1321 392 1350 editum
403 1324 476 1353 opus
493 1314 596 1345 fuerat,
619 1319 654 1338 ne
666 1309 734 1346 quis
745 1308 870 1356 diceret?
888 1307 1013 1356 Herbam

195 1351 534 1398 adhibuit,emplastrum
542 1354 688 1393 apposuit.
696 1354 800 1390 Surge,
811 1352 891 1380 stain
901 1351 1012 1398 medio;

790 178 823 207 S.
845 174 1108 208 ATHANASIUS.
1123 190 1161 197 —
1174 173 1309 206 DUBIA.

1843 175 1902 206 468

1074 283 1145 313 Τότε
1172 283 1247 322 λέγει
1273 285 1341 321 πρὸς
1370 284 1458 312 αὑτόν·
1491 287 1627 312 Ἔκτεινον
1650 284 1700 319 τὴν
1729 285 1811 323 χεῖρά
1839 293 1897 312 σου·

1074 328 1124 356 οὐκ
1147 329 1199 367 ἐγὼ
1223 327 1356 366 ἅπτομαι,
1375 327 1422 356 ’ίνα
1449 329 1488 366 μὴ
1513 327 1642 357 Ἰουδαῖοι
1657 331 1895 367 κατηγορήσωσιν·

1071 373 1117 400 ἳνα
1133 373 1170 410 μή
1185 373 1217 400 τὸ
1233 374 1348 411 ἅψασθαι
1363 372 1439 412 ἔργον
1455 373 1521 401 εἶναι
1536 373 1681 410 νομίσωσι,
1706 372 1783 411 λόγω
1807 372 1895 403 λαλῶ.

1073 417 1129 447 Οὐκ
1143 417 1215 445 εἶπεν
1231 418 1245 445 ὁ
1260 418 1336 453 Θεὸς,
1353 419 1399 453 Μὴ
1416 417 1495 446 λάλει
1513 418 1537 446 έν
1554 415 1698 455 Σαϐϐάτῳ.
1711 418 1769 446 Ἐὰν
1782 417 1811 446 δὲ
1823 419 1837 446 ὸ
1850 418 1896 446 λό-

1071 472 1119 500 γος
1135 460 1212 500 ἔργον
1228 462 1346 500 γένηται,
1363 462 1539 500 Θαυμαζέσθω
1554 462 1568 490 ὀ
1594 462 1729 498 λαλήσας.
1757 463 1892 491 Ἔκτεινον

1071 506 1121 541 τὴν
1146 507 1227 546 χεῖρά
1250 517 1307 534 σου,
1335 506 1422 535 Βλέπε
1445 517 1493 544 μοι
1528 506 1658 547 διαφορὰν
1684 506 1854 546 πράγματοςδ
1879 508 1894 536 ὁ

1072 550 1173 588 Πέτρος
1197 550 1223 578 ἐν
1249 551 1343 588 Ὡραίᾳ
1365 550 1439 589 πύλῃ
1461 550 1644 590 παραλυτικὸν
1669 551 1775 587 σώζων,
1799 551 1895 584 πιάσας

1071 593 1159 632 δεξιᾶς
1186 596 1280 634 χειρὸς
1310 595 1430 634 ἤγειρεν.
1458 596 1486 623 '0
1514 595 1614 627 δοῦλος
1640 598 1746 634 κρατῶν
1771 596 1893 625 ἐκτείνει·

1071 640 1085 667 ὸ
1100 638 1234 675 δεσπότης
1249 639 1369 668 κελεύων
1384 639 1504 669 ἐκτείνει,
1520 643 1659 668 Ἔκτεινον
1675 642 1724 676 τήν
1739 640 1820 679 χεῖρά
1835 652 1892 669 σου.

1070 684 1113 711 σοὶ
1128 683 1230 720 δίδωμι
1243 685 1293 719 τὴν
1308 683 1433 722 δύναμιν,
1449 684 1493 712 καὶ
1508 685 1558 719 τήν
1584 684 1718 723 ἐνέργειαν
1743 688 1793 720 τῆς
1816 686 1893 723 θερα-

1068 727 1157 759 πείας.
1183 728 1232 755 Διά
1254 730 1307 755 τῶν
1332 727 1424 766 λόγων
1447 727 1577 759 κελεύσας
1601 727 1738 764 έντίθημι.
1755 731 1892 756 Ἔκτεινον

1068 772 1117 807 τήν
1133 773 1216 810 χεῖρά
1230 783 1289 800 σου.
1305 774 1332 799 ’0
1349 773 1396 809 μὲν
1413 772 1496 809 εἶπεν,
1512 773 1526 800 ὁ
1542 771 1572 800 δὶ
1595 772 1717 808 ἐποίησε.
1740 773 1789 800 Καὶ
1804 774 1822 808 ὴ
1843 773 1891 810 μέν

1069 816 1138 855 ξηρὰ
1165 817 1228 855 χεὶρ
1256 817 1472 852 ἀποκατεστάθη·
1501 818 1533 845 τὸ
1562 815 1591 845 δὲ
1613 817 1694 854 ξηρὸν
1709 820 1760 852 τῆς
1775 815 1892 850 διανοίας

1068 863 1122 889 τῶν
1137 860 1275 890 Ἰουδαίων
1292 861 1342 889 οὐκ
1356 861 1531 899 ἐθεραπεύθη·
1547 860 1610 889 ἀλλ’
1637 860 1798 897 ἐξελθόντες,
1825 863 1894 890 κατὰ

1067 906 1098 933 τὸ
1125 905 1227 944 ἀρτίως
1249 905 1422 944 ἀνάγνωσμα,
1447 905 1641 945 διιλογίζοντο,
1662 906 1690 933 τί
1705 906 1734 933 ἂν
1751 907 1892 942 ποιήσειαν

1065 950 1220 986 τῷῚησοῦ.
1238 950 1396 988 Διαλογίζῃ,
1418 950 1445 978 τί
1467 951 1614 986 ποιήσειςς
1641 950 1829 989 προσκύνησον
1854 950 1892 983 ὡς

1067 995 1141 1032 Θεὸν,
1167 994 1356 1033 προσκύνησον
1379 995 1424 1023 τὸν
1451 995 1664 1032 θαυματοποιόν,
1703 995 1890 1034 προσκύνησον

1067 1038 1208 1077 ἄνθρωπον
1232 1039 1266 1067 τὰ
1291 1039 1358 1077 ὑπὲρ
1383 1040 1525 1077 ἄνθρωπον
1549 1039 1738 1078 ἐργασάμενον.
1763 1039 1819 1067 Οὐκ
1841 1039 1893 1077 ἐμ-

1066 1082 1217 1121 σλάστρους
1232 1084 1410 1121 προσέθηκεν,
1426 1083 1476 1112 οὐκ
1490 1081 1643 1123 έμϐροχαῖς
1657 1095 1728 1112 τισιν
1742 1084 1892 1122 ἡπάλυνεν,

1067 1127 1099 1155 οὐ
1116 1128 1199 1166 μυρία
1213 1129 1342 1168 φάρμακα
1356 1128 1463 1167 ἰατρικᾶ
1477 1129 1671 1167 προσήνεγκεν.
1692 1128 1739 1160 Ek
1763 1128 1795 1157 τὸ
1813 1128 1894 1166 μέσον

1066 1172 1100 1207 ἦν
1117 1173 1131 1200 ὁ
1147 1172 1242 1209 ἑστὼς,
1255 1173 1353 1204 πάντες
1369 1170 1484 1201 ἔϐλεπον
1497 1173 1529 1201 τὸ
1543 1172 1698 1212 γενόμενον-
1716 1173 1755 1210 μὴ
1764 1174 1816 1212 γὰρ
1826 1172 1892 1211 κρύ-

1068 1227 1129 1256 φιον
1157 1218 1189 1252 ἦν
1215 1217 1247 1245 τὸ
1274 1217 1463 1256 ἐργαζόμενον·
1487 1217 1533 1245 ἳνα
1562 1218 1600 1255 μή
1624 1227 1667 1249 τις
1682 1216 1753 1255 εἴπῃσ
1770 1218 1892 1253 Βοτάνην

1066 1263 1261 1300 προσήνεγκεν,
1276 1260 1448 1300 ἔμπλαστρον
1464 1262 1642 1299 προσέθηκεν.
1660 1263 1795 1300 Ἔγειραι,
1811 1265 1891 1297 στῆθι

1068 1306 1106 1337 εἰς
1119 1306 1151 1334 τὸ
1172 1307 1264 1343 μέσον,
1277 1305 1324 1333 ’ίνα
1337 1307 1446 1338 πάντως
1462 1307 1499 1344 μὴ
1521 1308 1735 1345 κατηγορήσωσι
1751 1310 1804 1342 τῆσ
1818 1306 1891 1342 ἀληυ

1068 1350 1151 1383 θείας·
1165 1349 1212 1378 ’ίνα
1226 1350 1443 1388 ἀσυκοφάντητον
1459 1351 1570 1390 γένηται
1579 1351 1611 1379 τὸ
1625 1354 1748 1389 πρᾶγμα.

193 1394 277 1442 iam
291 1394 444 1446 ipsam-rei
459 1403 608 1432 veritatem
624 1397 851 1446 calumniantur,
860 1399 902 1446 _u_t
916 1395 1017 1446 nullus
1030 1394 1069 1424 sit
1082 1395 1278 1446 sycophantias
1292 1395 1386 1446 locus:

230 1458 274 1486 17.
284 1441 400 1492 Egressi
411 1452 508 1479 autem
521 1446 562 1492 illi
574 1444 775 1492 deliberabant
798 1441 1014 1492 quid‘fa‘oerent

192 1504 229 1532 de
240 1486 326 1530 Iesu“:
340 1500 371 1527 ut
388 1496 475 1524 etiam
488 1493 534 1520 hic
550 1491 578 1518 in
600 1490 655 1516 hac
674 1489 738 1524 ipsa
759 1486 842 1535 hora,
860 1487 918 1513 stat
930 1486 1011 1535 quis:

192 1530 272 1583 piam
288 1544 370 1572 arida
385 1548 484 1572 manu,
502 1545 567 1564 cum
584 1542 647 1562 eam
664 1531 785 1582 pauperi
807 1538 865 1558 non
890 1530 1014 1566 porrigit

191 1576 228 1619 ad
244 1590 477 1622 eleemosynam:
495 1582 519 1608 is
545 1576 745 1622 quantumvis
762 1582 881 1622 corpore
909 1582 1010 1622 sanus,

192 1617 293 1663 aridus
308 1634 352 1659 est
367 1617 474 1657 mente.
490 1625 563 1653 Audi
579 1627 607 1650 et
622 1626 653 1650 tu
670 1622 724 1649 hac
738 1620 803 1656 ipsa
818 1619 889 1646 hora
905 1617 1013 1663 saluta-

194 1662 237 1707 ria
251 1678 312 1705 hac
327 1674 414 1702 verba
427 1681 432 1699 ι
450 1669 577 1698 Extende
589 1674 710 1694 manum
725 1666 820 1697 tuam,
843 1665 872 1690 et
895 1662 948 1707 ab
959 1662 1013 1689 hae

193 1706 240 1751 die
251 1721 346 1757 incipe
358 1719 571 1750 eleemosynam
589 1709 709 1757 pauperi
724 1716 852 1757 erogare.
862 1706 932 1757 ‘Alio
942 1706 1013 1734 item

193 1758 280 1795 modo
296 1751 323 1792 id
342 1763 563 1799 pertractemus.
582 1755 665 1783 Multi
681 1753 786 1801 incurii
802 1753 872 1779 sunt
894 1751 923 1801 id
948 1758 1013 1801 ρξε-

192 1793 296 1843 ἆιοθο,
312 1793 373 1837 tota
388 1806 433 1833 die
450 1802 574 1839 negotiis
589 1798 765 1827 incumbunt
780 1795 928 1843 humanis,
940 1793 1013 1843 fil-i—

191 1839 382 1894 penduntque
398 1850 529 1879 divinum
547 1844 746 1894 precationum
763 1840 922 1894 negotium.
940 1839 1014 1894 Huiq

192 1885 310 1938 quoque
322 1885 400 1926 dicat
414 1894 562 1923 Salvator:
579 1887 702 1938 Extende
717 1893 839 1937 manum
857 1887 960 1938 tuam,
972 1885 1014 1938 fut

193 1928 399 1982 aitrA‘postolus
413 1949 419 1968 :
433 1951 446 1964 ‹‹
459 1937 529 1966 Volo
541 1943 622 1963 orare
645 1931 778 1961 homines
789 1930 820 1958 in
842 1929 921 1980 omni
937 1928 1012 1963 loco,

193 1977 365 2018 extollentes
385 1986 502 2014 sanctas
518 1987 624 2009 manus
640 1978 672 2004 ⁶⁰.
692 1988 702 2003 ι
720 1977 860 2003 ϐαδιεῖ-ωτι
870 1977 940 2010 quia
951 1981 1012 2001 ser-

194 2017 353 2063 mornoster
365 2030 436 2058 satis
448 2025 599 2064 processit,
612 2022 766 2058 surgentes
773 2019 821 2048 55
836 2026 888 2064 nos
899 2017 955 2053 ipsi
967 2025 1013 2045 ex-

193 2077 351 2105 tendamus
367 2062 545 2104 manusmon
556 2068 650 2096 solum
660 2066 689 2093 in
700 2065 756 2099 die,
773 2064 822 2092 sed
830 2065 859 2091 et
869 2062 898 2090 in
908 2064 990 2090 nocte
1003 2071 1010 2090 :

192 2134 206 2147 «
220 2122 251 2149 In
263 2120 399 2148 noctibus
409 2115 535 2144 extollite
550 2120 653 2140 manus
670 2112 781 2138 vestras
808 2107 837 2136 in
857 2109 969 2140 sancta,
985 2108 1014 2135 et

192 2164 355 2194 benedicite
366 2161 522 2190 Dominum
534 2158 585 2185 ⁶¹.››
595 2157 628 2183 Et
639 2154 1013 2182 extendamusmanussan-

193 2213 253 2239 ctus
266 2208 358 2237 abluti
380 2198 839 2234 interinnocentes;utinvocato
860 2196 1013 2224 universo-

193 2262 258 2282 rum
276 2253 343 2287 Deo,
359 2251 422 2286 ejus
439 2247 545 2276 auxilio
564 2245 757 2287 perfruamur,
766 2240 802 2287 in
816 2240 932 2287 Christo
941 2240 1013 2287 ,ξορα

1103 1440 1146 1468 17.
1164 1438 1331 1475 Ἐξελθόντες
1361 1437 1390 1466 δὲ
1417 1438 1513 1467 ἐκεῖνον.
1542 1438 1739 1478 διελογίζοντο,
1763 1439 1790 1467 τί
1805 1440 1889 1475 ποιή-

1066 1494 1133 1511 σωσι
1147 1485 1187 1520 τῷ
1201 1485 1302 1518 Ἰησοῦ·
1319 1484 1357 1515 ὡς
1372 1483 1416 1511 καὶ
1432 1483 1542 1511 ἐνταῦθα
1555 1485 1623 1511 κατὰ
1642 1483 1724 1520 τήνδε
1737 1484 1787 1519 τήν
1804 1494 1888 1522 ωραν,

1067 1527 1160 1562 ἕστηκέ
1173 1538 1216 1559 τις
1231 1528 1312 1566 ξηρὰν
1328 1526 1400 1566 ἔχων
1415 1528 1464 1563 τήν
1479 1530 1570 1566 χεῖρα,
1587 1529 1602 1555 ὁ
1619 1529 1657 1565 μή
1675 1528 1798 1556 ἐκτείνων
1813 1539 1888 1556 πτω-

1067 1575 1111 1611 χῷ
1134 1572 1329 1609 ἐλεημοσύνην.
1355 1572 1439 1603 οὗτος
1463 1572 1510 1599 κάν
1536 1572 1642 1611 ὑγιαίνῃ
1655 1573 1686 1600 τὸ
1702 1575 1790 1609 σῶμα.
1807 1572 1890 1611 ξηρός

1069 1617 1125 1645 έστι
1151 1617 1202 1651 τὴν
1227 1616 1357 1645 διάνοιαν.
1387 1617 1521 1645 Ἄκουσον
1546 1617 1590 1644 καὶ
1606 1617 1638 1644 σὺ
1652 1617 1721 1645 κατὰ
1742 1616 1824 1653 τήνδε
1838 1617 1888 1652 τήν

1067 1661 1137 1699 ὤραν
1165 1663 1219 1689 τῶν
1247 1661 1390 1699 σωτηρίων
1414 1660 1506 1699 λόγων
1523 1660 1666 1700 λεγόντων.
1685 1663 1823 1690 Ἔκτεινον
1838 1662 1888 1696 τήν

1066 1705 1148 1744 χεῖρά
1163 1714 1221 1732 σου·
1237 1706 1282 1733 καί
1298 1705 1350 1733 ἀπὸ
1365 1707 1413 1732 τοῦ
1429 1706 1548 1744 σήμερον
1562 1705 1638 1744 ἄρξαι
1662 1709 1749 1733 ποιεῖν
1775 1705 1893 1742 ἐλεημο-

1067 1749 1148 1785 σύνην
1164 1752 1281 1788 πτωχῷ.
1297 1750 1347 1777 Καὶ
1362 1748 1456 1781 ἄλλως
1471 1749 1500 1777 δὲ
1519 1749 1584 1778 αὐτὸ
1613 1747 1753 1787 λάϐωμεν.
1784 1749 1891 1778 Πολλοί

1065 1793 1136 1825 τινές
1151 1793 1216 1821 εἰσιν
1230 1792 1343 1831 ἀμελεῖς
1358 1793 1396 1825 εἶς
1411 1794 1578 1832 προσευχὰς,
1593 1794 1639 1822 καὶ
1653 1797 1739 1822 πᾶσαν
1768 1794 1815 1832 μὶν
1839 1794 1890 1829 τήν

1067 1838 1169 1876 ἡμέραν
1198 1838 1381 1876 ἀσχολοῦνται
1405 1838 1467 1876 περὶ
1497 1837 1621 1877 ἐργασίας
1645 1838 1827 1877 ἀνθρωπίνας,
1841 1849 1891 1867 κα-

1065 1884 1228 1921 ταφρονοῦσι
1254 1881 1283 1909 δὲ
1303 1885 1354 1917 τῆς
1381 1882 1454 1914 θείας
1477 1882 1603 1921 ἐργασίας
1631 1885 1686 1911 τῶν
1717 1885 1891 1921 προσευχῶν.

1066 1927 1116 1954 Καὶ
1130 1926 1198 1963 πρὸς
1209 1928 1304 1954 τοῦτον
1319 1926 1422 1964 λεγέτω
1438 1927 1452 1954 ὁ
1468 1928 1578 1966 Σωτήρ”
1602 1929 1740 1956 Ἔκτεινον
1766 1928 1816 1963 τὴν
1831 1930 1893 1966 χεῖ-

1067 1970 1100 2010 ρά
1113 1982 1172 2006 σου,
1186 1971 1277 2002 καθὼς
1293 1970 1365 2009 λέγει
1384 1971 1397 1998 ὅ
1415 1971 1592 2004 ’Λπόστολος“
1616 1984 1630 1999 ι(
1646 1971 1786 2010 Βούλομαι
1805 1982 1891 2010 προσ-

1067 2015 1193 2054 εύχεσθαι
1220 2015 1284 2047 τοὺς
1313 2014 1421 2053 ἄνδρας,
1452 2015 1478 2044 έν
1504 2017 1584 2044 παντῖ
1617 2016 1695 2053 τόπῳ
1733 2016 1891 2055 ἐπαίροντας

1067 2060 1157 2091 ὁσίους
1180 2062 1287 2098 χεῖρας.
1312 2072 1326 2086 ››
1348 2059 1493 2096 Δύτάρκως
1508 2059 1537 2088 δὲ
1551 2062 1604 2088 τῶν
1621 2060 1712 2099 λόγων
1728 2062 1808 2098 ἡμῶν
1823 2070 1892 2099 προ-

1066 2104 1263 2142 χωρησάντων,
1294 2105 1450 2136 ἀναστάντες
1479 2105 1524 2132 καὶ
1552 2106 1635 2142 ἡμεῖς
1661 2105 1820 2143 έκτείνωμεν
1841 2106 1892 2137 τὰς

1067 2151 1173 2187 χεῖρας,
1198 2148 1243 2176 καὶ
1274 2149 1312 2186 μὴ
1339 2149 1422 2186 μόνον
1447 2148 1473 2177 έν
1496 2150 1597 2188 ἡμέρᾳ,
1614 2149 1687 2178 ἀλλᾶ
1701 2150 1745 2178 καὶ
1761 2149 1788 2178 ἐν
1803 2149 1890 2177 νυκτί·

1069 2206 1082 2219 ‹‹
1097 2196 1161 2225 Ταῖς
1175 2193 1247 2229 νυξὶν
1276 2193 1391 2231 ἐπάρατε
1417 2193 1466 2225 τὰς
1494 2196 1591 2232 χεῖρας
1617 2194 1692 2231 ὑμῶν
1718 2193 1756 2225 εἷς
1770 2194 1804 2222 τὰ
1819 2194 1892 2232 ἅγια,

1066 2238 1112 2265 καὶ
1129 2237 1267 2276 εὐλογεῖτε
1293 2238 1339 2266 τὸν
1356 2237 1466 2277 Κύριον.
1484 2250 1498 2264 n
1514 2238 1563 2266 Καὶ
1580 2236 1782 2275 διαπετάσωμεν
1798 2241 1894 2277 χεῖρας

192 2298 316 2327 Domino
333 2282 442 2327 nostro,
460 2301 509 2328 per
524 2298 610 2327 quem
630 2292 684 2316 Deo
699 2286 792 2323 gloria
820 2293 886 2312 cum
906 2284 1013 2319 Spiritu

1071 2282 1176 2317 ὁσίους,
1187 2282 1331 2320 νιψάμενοι
1348 2283 1373 2310 έν
1389 2282 1500 2320 ἀθώοις·
1513 2282 1570 2319 ἵνα,
1593 2283 1638 2311 τὸν
1653 2285 1707 2311 τῶν
1730 2282 1803 2311 ὅλων
1828 2283 1894 2311 Θεὸν

193 2345 306 2376 saneto,
321 2348 398 2368 nunc
415 2340 443 2366 et
457 2344 573 2372 semper
588 2336 615 2361 et
636 2334 664 2360 in
694 2330 800 2359 saecula
827 2328 1012 2357 saeculorum.

193 2390 293 2417 Amen.

1068 2325 1292 2363 ἐπικαλούμενοι,
1314 2329 1365 2361 τῆς
1386 2328 1449 2364 παρ’
1472 2326 1554 2354 αὖτοῦ
1580 2327 1707 2364 βοηθείας
1733 2326 1897 2355 ἀπολαύσω-

1070 2380 1128 2407 μεν,
1158 2373 1208 2405 τῆς
1237 2369 1263 2397 ἐν
1291 2370 1400 2408 Χριστῷ
1427 2371 1520 2405 Ἰησοῦ
1546 2372 1586 2406 τῷ
1601 2371 1691 2408 Κυρίῳ
1706 2372 1798 2408 ἡμῶν,
1814 2370 1849 2399 δι’
1864 2370 1897 2399 οὗ

317 2431 334 2464 ἡ
351 2428 413 2465 δόξα
429 2427 484 2463 ἅμα
498 2427 536 2460 τῷ
552 2423 621 2460 ἁγίῳ
632 2420 767 2457 Πνεύματι
781 2416 827 2445 νῦν
840 2417 884 2444 καὶ
893 2415 934 2443 ἀεὶ
948 2414 993 2443 καὶ
1009 2415 1047 2447 ei;
1061 2414 1125 2445 τοὺς
1140 2414 1239 2445 αἲῶνας
1250 2416 1305 2442 τῶν
1321 2414 1438 2442 αἰώνων.
1455 2414 1558 2451 Ἀμήν.

228 2524 251 2542 °°
266 2523 276 2551 Ι
291 2522 365 2550 Tim.
381 2528 412 2553 ιι,
424 2519 450 2546 8.
489 2518 510 2535 ⁸¹
528 2515 603 2544 Psal.
619 2520 736 2547 cxxxm,
751 2510 778 2537 2.
