4136 6218
363 360 476 420 1'15
1539 351 1604 411 S.
1650 350 2175 415 ATHANASIUS.
2203 382 2283 400 —
2309 350 2575 414 DUBIA.
3650 355 3768 418 170

357 495 491 550 Sion
526 497 809 559 montem,
839 497 897 550 et
926 493 997 549 ad
1028 491 1321 548 civitatem
1356 488 1454 543 Dei
1483 486 1749 553 viventis,
1780 488 2009 543 Jerusa-

2125 484 2413 561 έπουρανία
2441 488 2576 558 (63),
2608 486 2681 549 ὡς
2724 485 2814 541 καὶ
2873 489 2903 543 6
2944 489 3207 564 μακάριος
3268 486 3604 552 ’Δπόστολος
3633 490 3770 566 γρά-

358 583 472 638 lem
523 581 840 649 ccelestem,
881 587 938 638 et
986 580 1310 636 multorum
1360 575 1611 632 millium
1664 575 2006 649 angelorum

2125 595 2228 652 φειο
2263 600 2289 625 ‹‹
2322 574 2395 629 Οὐ
2437 575 2537 650 γὰρ
2589 573 2788 651 ἔγομεν
2822 574 2926 632 ὧδε
2959 577 3218 650 μένουσαν
3251 576 3441 653 πόλιν,
3495 576 3642 634 ἀλλὰ
3667 580 3768 649 τὴν

356 670 746 742 frequentiam
768 671 883 725 ⁸ο.»
2124 662 2432 736 μέλλουσαν
2494 662 2879 738 ἐπιζητοῦμεν,
2933 669 2999 735 ἧς
3040 667 3297 743 τεχνίτης
3352 666 3442 723 καί
3502 665 3769 744 δημιουρ,

353 769 451 844 γὸς
485 768 513 822 6
544 766 695 829 Θεός.
730 790 757 817 ››
790 765 892 825 Καὶ
922 763 1086 822 πάλιν
1119 766 1147 821 6
1178 762 1339 826 αὐτός
1370 783 1531 840 φησιν
1560 762 1691 834 (64)·
1729 785 1757 812 ‹‹
1788 760 1861 814 Οὐ
1890 760 1991 837 γὰρ
2020 758 2466 836 προσεληλύθατε
2496 759 2891 840 ψηλαφωμένῳ
2922 759 3035 840 ὄρει
3068 763 3158 820 καὶ
3186 763 3588 840 κεκαλυμμένῳ
3609 766 3771 843 πυρὶ·

355 854 502 912 ἀλλά
528 854 971 933 προσεληλύθατε
1003 856 1144 910 Σιὼν
1173 849 1311 929 ὄρει,
1341 851 1430 907 καὶ
1461 849 1621 907 πόλει
1653 853 1786 906 Θεοῦ
1818 854 2038 921 ζῶντος,
2071 847 2436 924 Ἰερουσαλὴμ
2465 849 2789 926 ἐπουρανίῳ,
2836 852 2925 907 καὶ
3006 854 3257 929 μυριάσιν
3290 854 3541 931 ἀγγέλων
3593 875 3773 926 πανη-

359 945 536 1022 γύρεμ

432 1038 484 1091 4.
519 1035 691 1091 Tales
731 1035 892 1091 fuere
923 1034 1109 1090 sancti
1142 1050 1367 1103 omnes,
1399 1036 1457 1089 et
1486 1035 1770 1104 quotquot
1800 1047 2007 1087 secun-

2191 1031 2243 1086 4.
2276 1032 2521 1083 Τοιοῦτοι
2581 1025 2639 1084 δὶ
2688 1031 2799 1103 (65)
2850 1029 2985 1100 ἦσαν
3028 1032 3221 1094 πάντες
3250 1032 3302 1087 οἱ
3333 1033 3498 1110 ἅγιοι,
3530 1031 3617 1089 καί
3650 1032 3768 1089 ὅσοι

358 1127 499 1181 dum
534 1124 782 1180 Paulum
813 1123 1173 1191 incedentes,
1204 1122 1404 1179 eodem
1445 1120 1825 1177 contendunt.
1859 1118 2009 1173 Audi

2125 1118 2255 1171 κατά
2305 1116 2397 1172 τὸν
2472 1116 2686 1173 Παῦλον
2762 1119 3119 1195 πορευόμενοι
3191 1121 3392 1191 ταύτης
3467 1122 3766 1199 ὀρέγονται.

358 1230 596 1271 rursum
627 1213 900 1269 eumdem
927 1231 985 1269 :«
1005 1212 1065 1268 Si
1096 1213 1250 1268 enim
1284 1211 1473 1283 ipsius
1507 1208 1918 1265 meminissent
1939 1208 2010 1263 de

360 1320 475 1375 qua
517 1302 803 1369 exierunt,
839 1301 1123 1357 haberent
1171 1299 1375 1371 utique
1406 1298 1768 1355 occasionem
1820 1312 2010 1352 rever-

357 1392 542 1449 tendi.
575 1391 742 1449 Nunc
773 1394 971 1446 autem
1016 1388 1313 1445 meliorem
1352 1391 1658 1460 appetunt,
1691 1386 1748 1441 id
1779 1389 1869 1441 est
1897 1402 2009 1441 caa-

361 1484 565 1538 lestem
590 1479 658 1534 ⁸¹.
684 1501 713 1530 ››
749 1478 1095 1550 llujusmodi
1125 1482 1290 1534 erant
1329 1477 1517 1533 sancti
1555 1474 1803 1549 apostoli
1834 1480 1891 1530 et
1919 1475 2009 1529 di-

360 1568 572 1642 scipuli
592 1567 846 1637 Domini,
868 1566 967 1639 qui
999 1583 1133 1622 cum
1166 1570 1335 1622 Petro
1359 1564 1632 1621 dicebant
1655 1581 1703 1620 :«
1727 1564 1872 1619 Ecce
1903 1579 2009 1619 nos

359 1658 708 1731 reliquimus
731 1656 948 1719 omnia,
973 1659 1029 1710 et
1053 1655 1238 1711 secuti
1261 1671 1469 1711 sumus
1499 1659 1556 1709 te
1575 1654 1679 1706 ⁸³.»
1706 1653 2012 1708 Mittuntur

2119 1210 2319 1260 ’Ἄκουε
2368 1206 2535 1261 πάλιν
2578 1205 2758 1261 αὐτόν’
2807 1231 2837 1259 ι(
2884 1207 2949 1262 Et
2995 1209 3098 1284 γὰρ
3144 1207 3352 1281 έκείνης
3372 1209 3765 1285 έμνημόνευον,

2118 1292 2207 1372 ἀφ’
2251 1297 2317 1363 ἧς
2367 1289 2643 1367 ἐξέϐησαν,
2694 1294 2846 1371 εἶχον
2906 1295 2965 1351 ἂν
3022 1299 3209 1374 καιρὸν
3255 1297 3595 1375 ἀνακάμψαι’
3658 1304 3766 1357 Νῦν

2120 1379 2177 1436 δὲ
2230 1383 2537 1457 κρείττονος
2592 1382 2892 1460 ὀρέγονται,
2967 1385 3241 1442 τουτέστιν
3319 1387 3659 1466 ἐπουρανίου.
3737 1414 3768 1443 ››

2116 1476 2366 1527 Τοιοῦτοι
2420 1470 2477 1527 δὲ
2518 1470 2653 1541 ἦσαν
2701 1473 2753 1527 οἱ
2806 1474 2954 1549 ἅγιοι
3017 1474 3317 1532 ἀπόστολοι
3382 1477 3472 1532 καὶ
3534 1478 3769 1551 μαθηταὶ

2116 1565 2215 1616 τοῦ
2271 1560 2492 1636 Κυρίου,
2572 1558 2766 1623 οἵτινες
2845 1564 2958 1637 (66)
3037 1566 3172 1638 μετὰ
3236 1570 3335 1621 τοῦ
3400 1567 3607 1643 Πέτρου
3659 1566 3774 1625 ἔλε-

2116 1656 2231 1726 γον⁶
2287 1674 2315 1701 ‹‹
2370 1647 2509 1706 Ἰδοὺ
2556 1652 2722 1723 ἡμεῖς
2769 1650 3052 1728 ἀφήκαμεν
3105 1654 3302 1727 πάντα,
3343 1655 3433 1710 καὶ
3463 1654 3775 1728 ἠκολουθή-

357 1748 557 1820 itaque
587 1745 845 1802 solutum
882 1761 1063 1816 supra
1093 1744 1312 1799 dictum
1358 1742 1605 1815 pullum.
1638 1747 1778 1798 Nam
1808 1740 2008 1797 Salva-

2125 1738 2284 1811 σαμέν
2318 1759 2422 1794 σοι.
2460 1762 2488 1790 ››
2531 1737 2986 1796 Ἀποστέλλονται
3018 1740 3115 1796 οὖν
3162 1741 3322 1798 λῦσαι
3370 1745 3463 1800 τὸν
3511 1766 3773 1823 προειρη-

357 1836 501 1891 toris
533 1835 717 1891 nostri
740 1834 1025 1889 adventus
1054 1837 1111 1888 et
1140 1832 1479 1888 humanitas
1511 1831 1799 1887 revocavit
1817 1846 1924 1885 nos
1946 1845 2012 1884 ex

2128 1828 2286 1901 μένον
2319 1829 2432 1900 (67)
2462 1826 2673 1885 πῶλον.
2719 1829 2782 1885 Ἡ
2827 1829 2932 1905 γὰρ
2960 1834 3058 1884 τοῦ
3093 1836 3354 1909 Σωτῆρος
3383 1835 3544 1906 ἡμῶν
3576 1855 3775 1911 παρου-

360 1941 509 1998 pago
541 1941 571 1980 e
609 1923 847 1995 regione
898 1922 1090 1993 posito
1118 1923 1189 1977 ad
1223 1920 1517 1976 cmlestem
1571 1920 1757 1991 ipsius
1807 1919 2013 1973 urbem

360 2029 675 2086 supernam
705 2010 1050 2067 Jerusalem.
1083 2010 1347 2066 Arbitror
1375 2010 1531 2073 enim
1564 2026 1669 2064 nos
1701 2010 1772 2063 ob
1808 2009 2015 2069 Adami

360 2100 875 2173 inobsequentiam
909 2098 1114 2171 pulsos
1145 2115 1274 2154 esse
1305 2115 1373 2153 ex
1405 2098 1696 2170 paradiso,
1730 2102 1787 2151 et
1817 2098 1874 2152 in
1907 2097 2014 2151 ad-

356 2206 593 2247 versum
627 2205 866 2261 pagum,
890 2186 1057 2259 quasi
1092 2187 1151 2241 in
1180 2187 1494 2255 coloniam,
1513 2187 1796 2241 deductos
1820 2202 1867 2240 ;‹‹
1896 2185 2019 2255 Eje-

360 2282 438 2338 cit
494 2280 673 2347 enim,
723 2278 938 2348 inquit,
990 2278 1141 2333 Deus
1194 2276 1403 2345 Adam,
1449 2280 1508 2331 et
1564 2275 1828 2331 habitare
1884 2275 2021 2338 fecit

359 2386 495 2427 eum
522 2385 553 2424 e
582 2366 818 2440 regione
849 2364 1107 2437 paradisi
1138 2364 1458 2435 voluptatis
1479 2365 1541 2419 ⁸³.
1568 2386 1596 2414 ››
1622 2365 1718 2419 Sic
1748 2363 1929 2435 igitur
1956 2363 2015 2418 in

361 2460 672 2515 adversum
706 2470 919 2526 pagum
967 2453 1283 2508 mittuntur
1312 2471 1343 2508 a
1374 2456 1513 2508 Jesu
1548 2452 1824 2523 discipuli
1856 2451 2013 2507 solu-

360 2547 478 2604 turi
511 2544 760 2619 pullum.
786 2544 855 2597 Et
884 2542 1036 2611 vide,
1059 2558 1278 2613 quaeso,
1303 2559 1444 2597 num
1481 2543 1624 2597 forte
1646 2541 1718 2598 ob
1752 2558 1885 2596 eum
1916 2543 2015 2612 qui

362 2638 584 2707 ejectus
637 2634 826 2689 fuerat
854 2648 885 2688 e
916 2631 1208 2703 paradiso,
1242 2635 1415 2702 atque
1445 2648 1475 2685 e
1506 2631 1742 2702 regione
1791 2630 2016 2686 consti-

361 2729 549 2789 tutus,
582 2724 889 2778 mittantur
917 2719 1190 2791 discipuli
1223 2738 1255 2775 a
1283 2720 1424 2776 Jesu
1466 2720 1526 2775 in
1571 2721 1879 2775 adversum
1912 2737 2011 2791 pa-

360 2831 501 2888 gum
523 2811 775 2870 soluturi
800 2810 1047 2883 pullum.
1076 2810 1153 2865 Ea
1174 2808 1333 2865 enim
1355 2810 1426 2866 de
1448 2826 1625 2865 causa
1649 2810 1805 2865 venit
1823 2809 2013 2865 Salva-

361 2908 474 2972 tor,
505 2900 722 2959 relictis
764 2899 1083 2971 nonaginta
1125 2915 1329 2955 novem
1382 2899 1587 2954 ovibus
1618 2916 1742 2969 quae
1775 2916 1889 2955 non
1921 2915 2013 2954 er-

364 2994 654 3053 raverunt,
687 2993 754 3044 ut
783 2988 1079 3060 profectus
1110 3004 1238 3042 eam
1287 2987 1647 3059 perquireret
1677 3003 1808 3059 que
1854 3004 2011 3043 erra-

363 3083 524 3136 verat
551 3095 565 3133 :
599 3094 717 3148 qua
746 3076 983 3131 inventa
1001 3073 1232 3131 laetatur
1251 3076 1321 3130 de
1351 3074 1500 3147 ipsa,
1527 3077 2014 3148 congaudentque

2125 1915 2211 1970 σία
2266 1915 2355 1970 καὶ
2405 1914 2783 1993 φιλαντρωπία
2830 1916 3188 1975 ἀνεκαλέσατο
3237 1923 3385 1995 ἡμᾶς
3435 1921 3495 1978 έκ
3520 1931 3621 1993 τῆς
3650 1945 3775 1981 κατ-

2126 2005 2300 2059 έναντι
2349 2007 2545 2076 κώμης
2602 2005 2677 2067 είς
2733 2007 2833 2075 τήν
2893 2007 3209 2084 ἐπουράνιον
3260 2010 3425 2065 αὐτοῦ
3468 2010 3629 2067 πόλιν
3670 2014 3768 2081 τὴν

2126 2089 2237 2147 ἅνω
2294 2091 2674 2168 Ἰερουσαλήμ.
2727 2095 2892 2168 Οἶμαι
2939 2098 3066 2173 γὰρ,
3116 2097 3199 2153 ὅτι
3229 2096 3319 2153 διὰ
3346 2101 3443 2169 τὴν
3474 2102 3768 2177 γινομένην

2124 2186 2220 2236 τοῦ
2279 2179 2456 2254 ’Δδάμ
2509 2184 2788 2258 παρακοήν
2843 2178 3211 2259 έξεϐλήθημεν
3243 2187 3353 2242 ἀπὸ
3390 2192 3505 2263 (68)
3531 2195 3633 2245 τοῦ
3662 2212 3770 2246 πα-

2128 2268 2393 2345 ραδείσου,
2445 2270 2533 2325 καὶ
2588 2271 2664 2334 είς
2706 2276 2902 2346 κώμην
2950 2275 3048 2343 τήν
3111 2278 3384 2332 κατέναντι
3453 2278 3769 2353 ἀπῳκίσθη-

2130 2379 2245 2431 μεν·
2296 2384 2322 2411 ‹‹
2383 2355 2635 2430 Ἐξέϐαλε
2689 2362 2814 2437 γάρ,
2870 2362 3056 2440 φησὶν,
3113 2366 3143 2420 6
3199 2366 3328 2429 Θεὸς
3401 2368 3492 2422 τὸν
3570 2366 3769 2443 Ἀδὰμ,

2124 2448 2212 2501 καὶ
2251 2448 2544 2521 κατῴκισεν
2602 2448 2760 2504 αὐτὸν
2810 2449 3060 2506 ἀπέναντι
3125 2456 3221 2507 τοῦ
3282 2452 3611 2529 παραδείσου
3666 2463 3767 2527 τῆς

2123 2540 2351 2615 τρυφῆς·
2406 2561 2434 2589 ››
2482 2535 2581 2592 Καὶ
2631 2534 2738 2593 ὧδε
2786 2537 2878 2593 οῦν
2928 2539 3004 2602 εἷς
3069 2542 3169 2609 τὴν
3236 2544 3516 2599 κατέναντι
3571 2546 3770 2619 κώμην

2124 2623 2628 2681 ἀποστέλλονταιοὶ
2665 2627 2901 2701 μαθηταὶ
2934 2629 3037 2684 ὑπὸ
3084 2634 3183 2685 τοῦ
3232 2632 3410 2702 Ἰησοῦ
3462 2632 3620 2688 λῦσαι
3677 2636 3769 2690 τὸν

2122 2714 2332 2770 πῶλον.
2369 2716 2470 2771 Καὶ
2501 2714 2599 2789 ὅρα
2628 2718 2841 2789 μήποτε
2880 2715 2969 2772 διὰ
2994 2718 3088 2773 τὸν
3137 2714 3472 2790 ἐκϐληθέντα
3518 2723 3771 2779 ἀπέναντι

2120 2808 2216 2859 τοῦ
2255 2801 2583 2879 παραδείσου
2625 2806 2676 2860 οἱ
2730 2806 2964 2879 μαθηταὶ
3020 2806 3465 2866 ἀποστέλλωνται
3516 2812 3591 2874 sic
3668 2814 3774 2883 τῆν’

2119 2892 2393 2948 κατέναντι
2440 2894 2630 2967 κώμην
2682 2894 2786 2950 ὑπὸ
2840 2899 2938 2951 τοῦ
2986 2896 3167 2967 Ἰησοῦ
3215 2895 3374 2954 λῦσαι
3420 2901 3513 2955 τὸν
3558 2899 3766 2960 πῶλον.

2122 2983 2220 3037 Διά
2245 2982 2347 3059 γὰρ
2375 2980 2536 3038 τοῦτο
2563 2986 2674 3057 (69)
2707 2983 2974 3056 έλήλυθεν
3005 2987 3033 3041 6
3067 2988 3285 3063 Σωτὴρ,
3332 2988 3649 3046 καταλιπὼν
3701 2993 3769 3047 τὰ

2121 3070 2437 3142 ἐνενήκοντα
2503 3071 2653 3127 έννέα
2725 3068 2992 3149 πρόϐατα,
3060 3077 3129 3131 τὰ
3208 3078 3283 3151 μή
3352 3076 3767 3153 πεπλανημένα,

367 3167 557 3239 angeli
606 3146 679 3221 de
734 3181 850 3220 uno
907 3169 1207 3236 peccatore
1256 3146 1592 3235 posuitente.
1625 3146 2009 3231 Quaerendum

2125 3160 2275 3222 ὅπως
2329 3160 2611 3232 πορευθεὶς
2674 3146 2881 3236 ζητήσῃ
2932 3162 2994 3217 τὸ
3041 3146 3479 3239 πεπλανημένον·
3525 3146 3622 3223 καὶ.
3684 3146 3770 3224 εὖ·ι

366 3272 558 3329 porro,
590 3272 663 3311 an
697 3251 803 3310 soli
837 3253 908 3307 ad
950 3251 1100 3323 pulli
1150 3253 1546 3309 ministerium
1578 3253 1744 3309 missi
1774 3253 1895 3309 sint
1924 3253 2011 3309 di-

366 3343 576 3417 scipuli
630 3342 690 3397 in
739 3341 929 3396 vicum
961 3356 1030 3395 ex
1060 3341 1302 3396 adverso
1333 3341 1615 3412 positum.
1648 3341 1778 3397 Scio
1832 3341 2010 3412 enim,

366 3438 501 3489 ante
544 3429 860 3502 apostolos,
893 3428 1218 3484 invisibiles
1269 3433 1590 3500 potestates
1639 3431 1779 3486 Jesu
1828 3430 2012 3486 inser-

365 3523 561 3579 viisse.
582 3519 872 3576 Fortassis
894 3518 1049 3573 enim
1085 3518 1246 3587 ipsas
1279 3523 1616 3590 potestates,
1640 3518 1810 3589 quasi
1841 3519 2015 3575 disci-

367 3609 538 3683 pulos
568 3624 725 3675 suos,
761 3605 919 3660 misit
952 3604 1236 3660 Dominus
1267 3622 1385 3660 una
1425 3620 1554 3660 cum
1598 3605 1783 3674 Petro,
1808 3608 1878 3661 ad
1913 3622 2013 3677 pa-

366 3716 506 3773 gum
539 3715 571 3755 e
602 3696 835 3769 regione
869 3694 1145 3765 positum,
1179 3697 1243 3748 ut
1274 3693 1500 3765 pullum
1534 3694 1842 3749 solverent.
1867 3695 2016 3750 Audi

367 3803 625 3861 namque
659 3783 800 3857 quid
854 3783 925 3838 de
972 3780 1214 3838 Domino
1263 3782 1621 3854 evangelista
1669 3783 1918 3839 dicat:«
1949 3784 2021 3838 Et

364 3893 516 3946 ecce,
549 3873 759 3946 inquit,
795 3870 985 3944 angeli
1033 3871 1330 3929 venientes
1379 3871 1796 3927 ministrabant
1825 3872 1876 3928 ei
1896 3873 1959 3927 ⁸⁸.
1986 3895 2014 3923 ››

361 3972 441 4023 De
471 3962 842 4021 humanitate
874 3966 1072 4018 autem
1104 3960 1318 4016 clamat
1355 3961 1526 4017 David
1555 3978 1566 4015 :
1602 3985 1621 4009 ι
1654 3962 1867 4017 Panem
1884 3961 2019 4033 cmli

362 4055 526 4111 dedit
554 4054 661 4119 eis,
694 4068 905 4124 panem
939 4049 1280 4122 angelorum
1315 4050 1689 4106 manducavit
1719 4051 1892 4107 homo
1914 4052 2016 4106 ".»

363 4144 545 4199 Nemo
576 4142 776 4212 itaque
805 4141 1025 4210 degens
1055 4138 1114 4193 in
1145 4144 1480 4210 corpore,et
1512 4140 1571 4194 in
1606 4140 1817 4195 hancce
1838 4140 2014 4196 vitam

364 4234 715 4305 pertractus,
743 4228 1055 4283 arbitretur
1090 4244 1152 4283 se
1184 4228 1336 4283 intra
1384 4227 1675 4284 civitatem
1706 4246 1854 4286 esse.
1892 4230 2014 4286 Non

364 4322 554 4392 potest
586 4318 802 4389 quippe
844 4315 896 4371 is
928 4316 1028 4386 qui
1078 4316 1232 4386 sapit
1260 4316 1540 4386 carnalia,
1572 4316 1632 4371 in
1664 4317 1772 4372 ista
1804 4335 2017 4391 magna

360 4410 589 4465 civitate
622 4404 884 4477 reperiri,
917 4404 1019 4460 sed
1064 4403 1406 4474 hujusmodi
1440 4404 1615 4460 homo
1647 4406 1702 4460 in
1739 4423 1886 4478 pago
1917 4409 2015 4463 ad-

2124 3250 2252 3325 ρὼν,
2287 3247 2467 3323 χαίρει
2498 3247 2581 3303 ἐπ’
2627 3249 2797 3322 αὐτῷ,
2836 3250 3192 3328 συγχαίρουσι
3226 3250 3284 3309 δὶ
3314 3254 3367 3310 οἱ
3400 3255 3620 3333 ἄγγελοι
3677 3255 3765 3314 έπῖ

2124 3338 2195 3393 ένὶ
2223 3338 2537 3413 ἁμαρτωλῷ
2571 3343 2941 3412 μετανοοῦντι.
2973 3343 3243 3413 Ζητητέον
3276 3341 3333 3399 δὶ
3365 3344 3410 3399 εί
3464 3346 3620 3418 μόνοι
3666 3350 3765 3417 τῆς

2120 3431 2220 3482 κοῦ
2266 3423 2458 3481 πώλου
2504 3423 2774 3490 διακονίας
2822 3427 2997 3484 ’ἐνεκεν
3037 3430 3411 3503 ἀπεσταλησαν
3445 3434 3494 3489 οἱ
3529 3434 3768 3507 μαθηταὶ

2123 3515 2198 3578 εἷς
2255 3516 2353 3583 τὴν
2411 3516 2688 3571 κατέναντι
2734 3517 2953 3590 κώμην.
3005 3516 3143 3576 Οἶδα
3186 3522 3316 3597 γὰρ,
3365 3521 3449 3577 ὅτι
3503 3524 3610 3600 πρὸ
3656 3530 3765 3580 τῶν

2122 3603 2443 3659 ἀποστόλων
2504 3604 2724 3681 ἀόρατοι
2788 3604 3044 3680 δυνάμεις
3087 3605 3372 3679 διηκόνουν
3423 3617 3503 3685 τῷ
3565 3614 3771 3685 Ἰησοῦ.

2123 3695 2281 3755 Ἴσως
2348 3693 2449 3769 γὰρ
2504 3694 2593 3748 καὶ
2649 3694 2811 3757 αὐτὰς
2863 3697 2958 3758 τὰς
3018 3694 3272 3771 δυνάμεις
3331 3702 3774 3775 μαθητευομένας

2124 3782 2270 3854 αὐτῷ
2303 3784 2331 3837 6
2359 3783 2558 3859 Κύριος
2589 3782 2901 3839 ἀπέστειλεν
2936 3787 3047 3859 ἅμα
3091 3792 3207 3849 τοῖς
3258 3787 3383 3864 περὶ
3423 3790 3515 3844 τὸν
3574 3791 3776 3866 Πέτρον

2126 3870 2201 3930 εἰς
2254 3872 2351 3939 τήν
2410 3872 2683 3926 κατέναντι
2735 3873 2954 3945 κώμην,
3010 3872 3168 3930 λῦσαι
3199 3878 3293 3931 τὸν
3320 3878 3531 3936 πῶλον.
3576 3880 3777 3937 ’Άκὸυε

2123 3961 2223 4036 γὰρ
2276 3963 2387 4033 (70)
2432 3964 2529 4015 τοῦ
2578 3960 2961 4037 εὐαγγελιστοῦ
3007 3964 3129 4040 περὶ
3177 3968 3276 4019 τοῦ
3328 3966 3526 4043 Κυρίου
3580 3967 3777 4044 λέγον-

2122 4065 2237 4111 τος·
2288 4073 2316 4100 ‹‹
2376 4048 2473 4103 Καὶ
2522 4046 2663 4120 ἰδοὺ,
2738 4049 2919 4127 φησὶν,
2975 4049 3199 4127 ἄγγελοι
3264 4051 3513 4119 έλθόντες
3580 4054 3773 4128 διηκό-

2124 4159 2249 4193 νουν
2298 4136 2464 4210 αὐτῷ.
2517 4161 2539 4188 ι
2590 4137 2720 4211 Περὶ
2766 4136 2823 4192 δέ
2852 4145 2951 4208 τῆς
2999 4140 3418 4212 ἀνθρωπότητος
3473 4145 3575 4220 βοᾷ
3604 4142 3772 4202 Δαϐὶδ

2127 4224 2320 4302 λέγων·
2357 4250 2383 4277 ‹‹
2417 4231 2614 4297 ’Ἄρτον
2647 4224 2879 4302 οὐρανοῦ
2910 4224 3105 4283 ἔδωκεν
3155 4229 3362 4299 αὐτοῖς,
3413 4233 3573 4309 ἄρτον
3611 4234 3774 4311 ἀγγέ-

2125 4312 2238 4370 λων
2266 4312 2456 4393 ἓφαγεν
2488 4311 2795 4391 ἄνθρωπος,
2830 4340 2858 4367 ››
2898 4314 3102 4387 Μηδεὶς
3152 4317 3242 4374 οῦν
3294 4318 3347 4374 έν
3393 4321 3606 4395 σώματι
3653 4320 3774 4378 δια-

2122 4399 2345 4480 τρίϐων,
2377 4403 2466 4459 καὶ
2517 4404 2591 4466 είς
2620 4404 2712 4459 τὸν
2749 4404 2865 4481 βίον
2896 4411 3085 4462 τοῦτον
3135 4410 3575 4484 περισπώμενος,
3625 4433 3776 4487 νομι-

362 4499 478 4553 huc
534 4498 822 4552 versatur.
882 4494 1103 4549 Sensus
1135 4493 1350 4564 quippe
1372 4493 1563 4548 carnis
1594 4494 1899 4549 inimicitia
1928 4500 2012 4551 est

2128 4494 2284 4561 ζέτω,
2329 4491 2412 4548 ὅτι
2460 4489 2611 4548 ἔνδον
2666 4492 2774 4548 ἐστὶ
2824 4492 3061 4558 πόλεως.
3106 4495 3184 4556 Οὐ
3234 4495 3448 4554 δύναται
3504 4502 3604 4578 γὰρ
3647 4503 3675 4557 6
3703 4503 3773 4557 τὰ

361 4587 418 4643 in
460 4587 668 4644 Deum.
704 4582 863 4640 Scire
910 4581 1090 4653 igitur
1138 4584 1383 4652 oportet,
1417 4598 1551 4637 sum
1603 4583 1702 4654 qui
1754 4583 1811 4638 in
1862 4600 2010 4656 pago

2117 4588 2218 4651 τῆς
2251 4583 2444 4656 σαρκὸς
2477 4586 2685 4659 φρονῶν
2716 4582 2766 4636 έν
2813 4583 2981 4658 ταύτῃ
3021 4588 3091 4658 τῇ
3145 4586 3355 4663 μεγάλῃ
3410 4586 3571 4643 πόλει
3621 4589 3775 4665 εὗρε-

427 4741 472 4776 ⁸⁰
502 4739 674 4812 Hebr.
706 4754 810 4801 xu,
845 4736 928 4812 1_8_,
959 4736 1049 4790 22.
1125 4732 1169 4770 ⁸¹
1202 4732 1373 4790 Hebr.
1407 4751 1485 4801 ιιι,
1540 4734 1625 4804 15,
1679 4735 1764 4791 16.
1841 4736 1887 4770 ⁸³
1922 4740 2007 4791 Ma

2153 4753 2273 4803 xxx,
2304 4735 2393 4790 27.
2470 4735 2515 4771 ⁸³
2546 4736 2753 4791 Genes.
2806 4752 2891 4803 In,
2939 4738 3031 4805 23,
3079 4738 3170 4793 24.
3247 4740 3294 4775 ⁸⁸
3324 4740 3531 4799 Matth.
3567 4762 3646 4812 ιχ,
3681 4747 3769 4801 11.

357 4812 402 4848 ³⁸
433 4810 584 4868 Psal.
620 4825 826 4878 Lxxvu,
853 4807 944 4862 25.

422 4966 539 5038 (63)
566 4962 927 5038 Basiliensis,
981 4959 1323 5038 έπουρανίου.
1378 4959 1604 5038 anglis.
1659 4957 2005 5038 ἐπουράνιος,

354 5029 534 5093 Ριιύιό
563 5041 715 5109 post,
749 5029 986 5106 Regius,
1015 5029 1249 5105 Seguer.
1274 5032 1449 5087 Basil.
1473 5029 1665 5108 γράφει
1700 5029 1892 5107 Λέγων·
1929 5030 2005 5088 Οὐ

361 5108 539 5249 γάῗεὶι)
572 5177 807 5249 seguer.
844 5173 1242 5249 Θόωσα-ἣδε.
1277 5193 1427 5249 φησι.
1462 5172 1636 5249 Editi,
1671 5169 1795 5249 ἔφη.

453 5239 544 5322 65)
573 5239 873 5322 AtVdeest._
899 5246 1050 5322 Μοξ,
1087 5239 1219 5322 Κεὶδῖ
1257 5239 1742 5322 ΒὸΙ”υ8,Ακατά’τ“ὸ’ν
1789 5239 2003 5322 Παῦλον

357 5313 794 5399 πολιτευόμενοι.
819 5318 968 5399 Μρχ,
994 5317 1131 5399 Ιὶθε.
1158 5313 1396 5389 Seguer.
1425 5316 1647 5399 Anglic.
1673 5316 1872 5399 'Axogs
1902 5313 2003 5390 γάρ

356 5392 518 5447 αὐτοῦ
542 5381 815 5466 λέγοντος.
843 5381 997 5454 Mei,
1021 5381 1158 5513 R55.
1179 5381 1352 5511 359m
1377 5381 1705 5460 sequimur,
1728 5381 2001 5456 ἐξέϐησαν.

356 5465 548 5513 Cmtpri
584 5481 713 5513 vero
745 5467 802 5513 et
826 5460 987 5513 editi.
1021 5457 1100 5513 έξε
1142 5457 1173 5513 λ
1203 5470 1405 5513 innocui.

355 5465 551 5520 Castori
584 5457 713 5519 vero
745 5467 802 5517 et
826 5460 987 5530 editi,
1021 5457 1405 5528 έξεϐλήθησαν.

425 5536 655 5609 (66)Ιῐρ,
699 5531 938 5609 Regius:
974 5528 1249 5609 'Seguer._
1278 5529 1701 5609 Anglic.__ljlditi
1748 5546 1903 5596 vero,
1951 5528 2003 5583 ot

354 5598 1101 5683 &7iot:&n6nol;t,_oittv¢5:
1132 5598 1635 5683 omissis:m.e_diis.

424 5679 537 5763 (67)
568 5674 970 5757 Προειρημένον
1029 5675 1196 5733 deest
1250 5674 1310 5731 in
1368 5672 1596 5730 Gobler.
1649 5676 1706 5728 et
1765 5671 1912 5729 Felc.
1947 5673 1998 5743 1,

2118 4960 2298 5050 cuius
2322 4958 2693 5050 loco'Regius
2712 4959 2919 5050 habet,
2950 4980 3054 5033 μνη
3064 4961 3406 5050 μξνευθέντα,

2187 5028 2299 5111 (63)
2329 5028 2467 5111 ’AEd
2513 5028 2787 5111 deestin
2818 5028 3253 5111 SeguerL'Gobl.
3286 5043 3344 5111 et
3392 5039 3544 5097 Felc.
3578 5041 3630 5111 1,
3657 5056 3768 5111 cu-

2110 5101 2213 5226 iu:
2243 5101 2365 5160 loco
2395 5102 2606 5175 Regius
2658 5105 2716 5159 et
2760 5101 2987 5177 Angfic.
3023 5105 3260 5180 habent,
3293 5108 3353 5164 ιιι
3375 5113 3475 5164 τοῦ
3504 5101 3765 5183 παραδεί-

2185 5245 2297 5330 (69)
2327 5244 2423 5330 fsic
2442 5244 2610 5329 ~Reg.
2643 5244 2885 5329 Seguer.
2923 5246 3167 5330 An_glic._
3192 5249 3363 5319 Editi,
3393 5249 3766 5330 ἀποστέλλογ-

2113 5334 2221 5394 ται.
2257 5317 2559 5394 Διά-τοῦτο,
2608 5317 3107 5394 omissis‘mediis
3151 5321 3301 5394 bene
3349 5317 3578 5381 multis.
3616 5325 3764 5383 Ibid.

2116 5386 2253 5471 ἷξες.
2285 5387 2387 5471 imi
2406 5385 2519 5471 ,γὰρ
2544 5384 2708 5471 (τοῦτο
2758 5384 2919 5471 έιπεδή
2932 5410 3121 5461 μησεν.
3150 5391 3327 5463 Infra,
3350 5395 3527 5453 Basil.
3559 5401 3618 5453 et
3644 5402 3766 5454 An-

2113 5457 2246 5531 glic.
2284 5457 2499 5532 (nmium:
2514 5458 2575 5512 τὸ
2606 5457 2989 5532 πλανώμενον,

2184 5532 2297 5606 (70)
2331 5530 2436 5606 Ιζάρ
2468 5531 2633 5606 deest
2662 5531 2732 5606 in
2749 5530 2981 5606 Gabler.
3006 5537 3063 5590 et
3093 5533 3243 5591 Felc.
3273 5536 3323 5591 1.
3352 5536 3500 5593 Ibid.
3528 5539 3583 5606 4,
3614 5555 3762 5598 mss.

2110 5601 2233 5685 περί
2279 5604 2377 5655 τοῦ
2409 5601 2647 5676 Κυρίου.
2696 5602 2898 5659 (lateri
2944 5621 3079 5661 cum
3125 5606 3301 5691 editis
3368 5607 3494 5685 περὶ
3539 5601 3762 5668 τούτου.

2109 5670 2334 5731 Ibidem
2364 5689 2569 5733 omnes
2600 5690 2747 5749 pene
2778 5693 2921 5736 mss.
2955 5674 3136 5754 φησιν.
3168 5649 3349 5751 Editi,
3372 5675 3498 5759 ἔφη.

2909 5717 2921 5734 ο
2956 5717 3136 5751 τεινννο
3168 5717 3349 5751 κυιοιρ
3373 5717 3498 5751 ,ΥΙΙΟ
