4136 6218
333 380 456 440 17⁸1

1417 375 1497 436 IN
1540 375 1802 452 lLLUD,
1846 374 2233 437 PROFECTI
2276 376 2354 437 IN
2403 379 2697 441 PAGUM.

3640 390 3762 453 178

333 509 520 579 θῆναι,
550 505 681 562 ἀλλ’
709 505 763 562 ἂν
794 508 961 581 κώμῃ
990 505 1068 563 ἔτι
1101 500 1366 582 διατρίϐει
1399 506 1427 561 6
1458 508 1727 567 τοιοῦτος.
1782 505 1859 562 Τὸ
1889 506 1990 580 γὰρ

2110 507 2357 576 habitat,
2391 527 2507 565 non
2548 516 2704 566 recto
2734 512 2863 567 vita:
2907 512 3199 584 instituto,
3231 530 3345 570 non
3395 522 3587 575 mente
3616 522 3762 580 duce

338 593 601 677 φρόνημα
626 603 729 667 τῆς
761 597 959 672 σαρκὸς
988 596 1161 674 ἔχθρα
1184 597 1298 670 (71)
1328 594 1405 657 εἷς
1456 593 1585 650 Θεόν
1636 593 1797 651 ἔστιν.
1849 592 2000 650 Είδέ-

335 707 423 742 ναι
478 685 572 740 οὗν
615 682 719 758 δεῖ,
771 684 854 741 ὅτι
905 686 935 741 6
984 686 1181 759 κώμην
1229 684 1393 740 οἰκῶν
1442 683 1506 738 ού
1532 682 1875 739 πολιτεύεται
1930 687 1999 757 τῇ

337 778 521 851 ψυχῇ,
574 774 637 830 οὗ
684 780 980 852 στρατηγεῖ
1033 778 1104 849 τῇ
1162 774 1373 849 γνώμῃ,
1425 771 1525 827 οὐκ
1579 770 1738 848 ἄρχει
1782 772 1999 828 ἱαυτοῦ⁶

336 866 562 927 πόλεως
604 865 707 940 γὰρ
758 863 1005 940 μεγάλης
1050 862 1165 918 ἴδια
1217 867 1404 918 ταῦτα.
1467 862 1598 920 "Ou
1648 860 1748 937 γάρ
1801 882 1887 924 τις
1945 861 1997 916 ιν

334 954 511 1030 ἀρετῇ
543 951 929 1024 πολιτεύηται,
960 952 1051 1008 καὶ
1081 950 1436 1031 σωφροσύνην
1489 953 1859 1025 στρατηγήσῃ,
1911 950 1999 1006 καί

332 1044 529 1122 σοφίαν
592 1041 979 1117 βουλεύσηται,
1027 1041 1119 1098 καὶ
1166 1040 1474 1117 εγκρατείας
1523 1039 1676 1115 ἄρξῃ,
1725 1039 1847 1095 τότε
1891 1045 2000 1095 τῶν

334 1133 506 1209 ἁγίων
565 1132 815 1205 μιμητὴς
872 1133 1173 1208 γενήσεται.
1224 1130 1287 1184 Ol
1317 1129 1423 1206 γὰρ
1453 1129 1596 1205 ἅγιοι
1632 1128 1731 1183 οὐκ
1777 1126 1994 1204 ἔχουσιν

329 1220 441 1278 ὧδε
494 1222 759 1295 μένουσαν
808 1219 997 1290 πόλιν,
1032 1218 1176 1289 ἀλλ’,
1210 1220 1284 1281 ὡς
1315 1223 1597 1295 προεῖπον,
1626 1219 1726 1287 τὴν
1758 1217 1997 1290 μέλλου-

329 1331 429 1365 σαν
485 1309 858 1379 ἐπιζητοῦσιν,
890 1311 959 1378 ἦς
988 1308 1242 1383 τεχνίτης
1272 1308 1363 1362 καὶ
1401 1305 1463 1377 δη
1476 1306 1737 1380 μιουργὸς
1769 1307 1797 1361 6
1841 1307 1993 1370 Θεός.

329 1406 538 1455 ’Ἄκουε
566 1398 672 1475 γὰρ
697 1402 799 1454 τοῦ
845 1394 1189 1453 ’Δποστόλου
1237 1394 1516 1471 λεγοντος·
1569 1396 1690 1449 Ἐπὶ
1736 1396 1837 1464 τῆς
1890 1402 1993 1472 γῆς

327 1491 780 1563 περιπατοῦντες,
836 1484 890 1541 ἂν
950 1484 1201 1561 οὐρανοῖς
1255 1485 1320 1539 τὸ
1349 1482 1659 1556 πολίτευμα
1688 1481 1926 1560 ἔχωμεν·
1966 1508 1988 1535 ι

328 1574 445 1648 καὶ,
478 1600 509 1629 ι(
542 1577 730 1650 Ἥμῶν
761 1572 819 1631 δὶ
842 1574 909 1630 τὸ
938 1572 1249 1647 πολίτευμα
1276 1572 1327 1628 ἰν
1361 1571 1573 1647 ούρανῷ
1620 1571 1932 1648 ὑπαρχέτω,
1959 1595 1988 1624 n

2114 598 2218 664 uti,
2252 615 2367 654 non
2401 600 2512 654 sibi
2543 600 2875 671 imperare:
2911 602 3031 657 haec
3064 602 3220 658 enim
3255 620 3480 677 magna:
3511 608 3759 667 civitatis

2111 695 2251 745 sunt
2297 691 2552 763 propria.
2586 692 2733 747 Nam
2784 693 2882 748 ubi
2932 694 3061 765 quis
3108 696 3169 750 in
3213 695 3427 752 virtute
3481 698 3659 771 degit,
3693 718 3761 758 ex

2110 780 2429 850 prudentiae
2461 782 2640 836 ductu
2692 781 2833 852 agit,
2884 783 3182 854 sapienter
3229 784 3503 854 consulit,
3539 791 3761 860 tempe-

2110 874 2308 923 ranter
2335 870 2605 941 imperat,
2641 875 2783 926 tunc
2814 876 3151 927 sanctorum
3186 878 3275 929 est
3303 874 3583 931 imitator.
3612 877 3760 932 San-

2109 956 2184 1012 cti
2215 958 2431 1030 quippe
2477 975 2591 1014 non
2624 958 2842 1015 habent
2885 959 2978 1015 hic
3028 966 3363 1018 manentem
3414 962 3708 1021 civitatem
3744 983 3759 1021 :

2107 1048 2230 1111 sed,
2258 1047 2341 1102 uti
2373 1064 2553 1118 supra
2572 1047 2714 1115 dixi,
2735 1049 2991 1104 futuram
3019 1050 3346 1122 requirunt,
3370 1052 3537 1122 cujus
3569 1054 3761 1125 opifex

2107 1139 2163 1189 et
2192 1136 2457 1190 conditor
2489 1140 2638 1192 Deus
2679 1140 2784 1191 est.
2822 1137 2971 1192 Audi
3019 1138 3176 1193 enim
3227 1141 3571 1209 Apostolum
3609 1160 3658 1196 :«
3695 1144 3755 1198 In

2106 1226 2261 1279 terra
2290 1223 2661 1280 ambulantes
2704 1226 3204 1282 conversationem
3238 1228 3295 1282 in
3328 1228 3489 1285 ccelis
3538 1230 3756 1287 habea-

2108 1328 2240 1367 mus
2257 1317 2431 1381 ;»et,«
2447 1314 2658 1369 Nostra
2681 1314 3043 1370 conversatio
3063 1316 3119 1369 in
3139 1315 3297 1371 ccelis
3320 1316 3396 1371 sit
3408 1318 3537 1383 33",»
3556 1320 3656 1376 58
3675 1322 3757 1376 di-

2104 1397 2258 1454 lecti.
2281 1400 2581 1472 Signiﬁcat
2602 1403 2758 1456 enim
2786 1402 3099 1473 Apostolus
3122 1402 3215 1457 his
3237 1404 3496 1476 verbis,§c
3521 1406 3579 1459 In
3602 1410 3757 1463 terra

2104 1488 2551 1553 ambulantes,»
2590 1491 2915 1561 profectum
2966 1490 3314 1562 lucrumque
3369 1493 3632 1549 futurum
3682 1496 3757 1553 iis

2103 1578 2203 1648 qui
2235 1584 2363 1649 post
2394 1577 2544 1633 hanc
2571 1579 2745 1633 vitam
2779 1580 2834 1633 in
2865 1578 3026 1635 coslis
3058 1578 3381 1644 habitaturi
3413 1587 3571 1637 sunt.

327 1665 633 1740 ἀγαπητοί.
668 1663 935 1738 Σημαίνει
965 1664 1072 1740 γὰρ
1102 1664 1132 1718 ὁ
1165 1663 1316 1739 ἅγιος
1348 1658 1689 1723 ’Δπόστολος
1722 1657 1811 1716 διὰ
1840 1665 1958 1730 τοῦ,
1989 1686 2018 1713 ‹‹
2052 1663 2173 1720 Ἑπῗ
2204 1667 2304 1740 γῆς
2332 1670 2773 1738 περιπατοῦντες,
2805 1689 2834 1717 »
2865 1668 2965 1735 τὴν
2997 1668 3283 1740 προκοπὴν
3314 1668 3413 1737 τὴν
3445 1670 3751 1745 γενησομέ-

323 1757 563 1828 νην
591 1758 712 1816 τοῖς
754 1752 889 1827 μετὰ
913 1754 984 1809 τὰ
1013 1749 1199 1818 ἂνθάδε
1228 1750 1282 1807 ἐν
1316 1751 1571 1827 οὐρανοῖς
1599 1747 1978 1814 πολιτεύεσθαι
2012 1752 2332 1824 μέλλουσιν.

394 1862 451 1917 5.
485 1860 848 1934 Πορευθέντες
882 1857 977 1914 οὖν
1010 1859 1064 1914 οἱ
1100 1858 1359 1931 μαθηταὶ,
1399 1856 1592 1913 ἔλυσαν
1637 1857 1730 1912 τὸν
1779 1855 1987 1912 πῶλοψ

2167 1863 2222 1917 5.
2257 1861 2504 1919 Profecti
2555 1863 2735 1936 igitur
2780 1862 3081 1935 discipuli,
3130 1863 3357 1935 pullum
3418 1865 3750 1937 solverunt;

326 1950 589 2022 μαθητῶν
619 1948 721 2023 γὰρ
754 1947 916 2023 ἔργον
950 1946 1061 2002 ἐστὶ
1090 1948 1154 2001 τὸ
1184 1947 1344 2002 λῦσαι
1390 1947 1483 2001 τὸν
1532 1943 1725 2000 πῶλον
1775 1949 1989 2016 τοῦτον,

320 2037 415 2092 καὶ
449 2040 716 2109 μαθητῶν
746 2029 1061 2110 δυναμένων
1093 2037 1208 2108 (73)
1238 2040 1415 2089 ποιεῖν
1446 2034 1514 2088 τὰ
1545 2034 1649 2088 ὑπὸ
1670 2037 1782 2089 -τοῦ
1841 2031 1990 2088 διδα-

323 2125 537 2181 σκάλου
596 2123 892 2199 λεγόμενα.
947 2122 1157 2179 Πολλοὶ
1217 2126 1324 2199 γὰρ
1369 2120 1649 2184 δοκοῦντες
1702 2123 1833 2176 εἶναι
1894 2126 1991 2177 τοῦ

323 2216 512 2285 Ἰησοῦ
577 2213 837 2287 μαθηταὶ,
888 2212 1000 2289 ούχ
1057 2211 1208 2275 ὅπως
1258 2211 1327 2267 τὰ
1384 2212 1474 2267 ὁπ’
1528 2210 1692 2267 αὐτοῦ
1723 2209 1991 2288 λεγόμενα

327 2307 608 2372 ποιοῦσιν,
639 2300 787 2358 ἀλλὰ
821 2303 914 2357 καὶ
947 2297 1362 2358 ἰπιῦουλεύουσι
1389 2305 1470 2372 τῷ
1529 2298 1861 2373 διδασκάλῳ,
1914 2300 1988 2362 ὡς

331 2395 362 2449 6
390 2390 717 2467 τρισάθλιος
772 2392 862 2446 καὶ
911 2393 1027 2464 (74)
1073 2386 1349 2465 προδότης
1394 2386 1623 2452 Ἰούδας.
1657 2387 1902 2459 Πηλίκος
1931 2386 1989 2443 δὲ

332 2481 480 2538 ἔστιν
537 2482 566 2536 6
619 2479 811 2542 πῶλος
861 2478 1043 2551 οὗτος,
1099 2477 1396 2555 ἀγαπητοὶ,
1428 2477 1502 2540 ὡς
1536 2478 1613 2551 μὴ
1660 2472 1753 2532 ἵνα
1798 2476 1986 2552 κύριον

326 2570 511 2648 Ιχειν,
542 2569 690 2626 ἀλλὰ
715 2568 967 2632 πολλούς
995 2571 1144 2643 (75);
1177 2567 1341 2623 Εἶπον
1372 2568 1475 2643 γὰρ
1518 2566 1655 2643 πρὸς
1703 2565 1833 2629 τοὺς
1884 2586 1987 2639 μα-

330 2662 508 2731 θητὰς
567 2660 622 2714 οἱ
664 2657 846 2735 κύριοι
895 2662 996 2714 τοῦ
1049 2656 1264 2714 πώλου⁶
1318 2655 1382 2711 Τί
1440 2654 1596 2711 λύετε
1638 2655 1730 2711 τὸν
1761 2654 1987 2724 πῶλον;

321 2748 471 2825 ’Δρα
530 2748 577 2804 εἰ
639 2750 705 2817 ἦν
757 2748 1014 2818 αἰσθητὸς
1057 2748 1085 2803 6
1138 2744 1330 2808 πῶλος
1362 2742 1540 2817 οὗτος,
1585 2744 1685 2799 οὐκ
1710 2742 1869 2819 ἤρκει
1896 2741 1990 2800 ἕνα

320 2838 518 2914 κύριον
550 2837 701 2909 αὐτῷ
744 2836 1238 2912 παρακαθέζεσθαι;
1297 2838 1384 2889 νῦν
1444 2830 1502 2889 δὶ
1565 2830 1777 2888 πολλοὶ
1825 2833 1989 2887 αὐτοῦ

321 2925 427 2982 εἲσι
487 2946 676 3003 κυριοι
723 2926 862 2981 κατὰ
904 2926 967 2981 τὸ
1018 2922 1373 3001 Εὖαγγέλιον.
1423 2922 1590 2978 Εἶπον
1640 2923 1766 2999 γὰρ,
1804 2922 1984 2999 φησὶν,

321 3017 378 3071 οὶ
406 3014 593 3092 κύριοι
662 3014 827 3070 αὐτοῦ
884 3015 1021 3089 πρὸς
1075 3011 1205 3075 τοὺς
1256 3013 1523 3085 μαθητάς·
1558 3035 1586 3063 ‹‹
1617 3011 1677 3065 Τί
1709 3010 1866 3066 λύετε
1892 3010 1983 3065 τὸν

318 3104 517 3160 πῶλον
544 3122 561 3174 ;
596 3129 626 3154 »ι
658 3106 816 3167 Ἴσως
845 3104 946 3180 γὰρ
978 3102 1160 3176 ἐροῦσι
1196 3102 1334 3173 πρὸς
1365 3100 1582 3163 αὐτούς·
1631 3099 1755 3175 Οὐχ
1804 3102 1981 3176 ὁρῖιτε,

318 3194 487 3250 πόσοι
549 3193 698 3265 αύτῷ
750 3191 1269 3269 παραχαθεζόμεθα;
1326 3194 1445 3252 πῶς
1504 3187 1788 3262 δεδεμένος
1830 3189 1982 3259 terti;

322 3288 446 3345 πῶς
509 3284 824 3358 ἐσχήκαμεν
881 3280 1042 3337 αὐτὸν
1103 3277 1360 3349 ἔκδοτονς
1427 3278 1481 3333 τί
1555 3280 1832 3334 ἀποσπᾶτε
1898 3278 1987 3358 ἀφ’

324 3374 491 3443 ἡμῶν
540 3371 642 3439 τήν
689 3369 937 3446 ὲργασίαν
982 3372 1186 3443 ἡμῶνς
1235 3368 1298 3423 Τί
1344 3366 1500 3423 λύετε
1526 3369 1626 3437 τὴν
1658 3365 1984 3443 προσδοκίαν

326 3462 529 3533 ἡμῶν;
585 3459 700 3514 Ἐτι
759 3457 918 3520 οὗτος
973 3459 1110 3530 ἡμῖν
1172 3454 1587 3529 ὑπολίλειπται,
1647 3456 1735 3512 καὶ
1788 3456 1987 3511 τούτου

329 3550 488 3621 ἡμᾶς
538 3546 843 3617 ἀποστῆσαι
888 3549 1003 3621 (76)
1038 3542 1333 3622 βούλεσθε;
1363 3545 1487 3600 Ἐὰν
1521 3542 1677 3608 οὗτος
1710 3544 1850 3619 λυθῇ
1882 3544 1987 3600 ἀπὸ

325 3640 439 3692 τῶν
492 3633 730 3708 δεσμῶν,
782 3636 949 3708 ἡμεῖς
1003 3636 1117 3690 ἀντ’
1164 3633 1329 3689 αὐτοῦ
1377 3630 1770 3707 δεσμευόμεθα.
1828 3635 1985 3712 Ἐφο-

329 3721 534 3781 6οῦντο
558 3728 846 3801 τοιγαροῦν
876 3724 931 3779 οἳ
961 3722 1242 3800 ἀλιτήριοι
1436 3720 1713 3796 δαίμονες,
1762 3722 1989 3799 ὁρῶντες

331 3814 606 3887 λυόμενον
637 3814 731 3869 τὸν
761 3814 973 3869 πῶλον
1009 3810 1359 3889 ἐταράσσοντο
1391 3810 1444 3867 εν
1481 3813 1695 3883 ἑαυταῖς
1750 3813 1803 3867 αῖ
1846 3811 1990 3868 ἀντι-

332 3904 582 3976 κείμεναι
613 3900 885 3977 δυνάμεις,
916 3900 1114 3964 αἵτινες
1164 3898 1602 3977 ᾗχμαλώτευσαν
1630 3904 1800 3975 ἡμᾶς.
1831 3898 1993 3955 Ἀλλ’

329 3994 422 4049 ὅτε
466 3990 809 4066 ὶπεδήμησεν
858 3994 887 4047 6
936 3990 1142 4068 Κύριος
1185 3994 1345 4064 ἡμῶν
1377 3992 1590 4061 Ἰησοῦς
1618 3991 1864 4061 Χριστὸς,
1895 3988 1985 4045 καὶ

330 4080 644 4157 ἒπὲγνωσαν
690 4079 855 4135 αὐτοῦ
901 4081 1004 4150 τὴν
1055 4078 1376 4152 παρουσίαν,
1426 4073 1769 4156 ἐφοϐήθησαν
1820 4077 1988 4133 ἀκού-

329 4190 520 4231 σαντες
551 4168 718 4225 αὐτοῦ
746 4170 883 4246 πρὸς
912 4168 1043 4231 τοὺς
1076 4170 1320 4242 μαθητὰς
1353 4167 1625 4244 λεγοντος·
1645 4192 1671 4219 ‹‹
1706 4165 1846 4225 Ἰδοὺ
1878 4171 1991 4239 (78)

332 4257 549 4314 δέδωκα
592 4258 719 4331 ὑμῖν
765 4257 1003 4329 ἐξουσίαν
1054 4261 1242 4312 πατεῖν
1299 4255 1479 4311 ἐπάνω
1508 4251 1681 4335 ὄφεων
1713 4257 1803 4312 καὶ
1835 4276 1992 4331 σκορ-

331 4349 500 4420 πίων,
531 4345 622 4402 καὶ
651 4346 738 4401 ἐπὶ
767 4352 940 4403 πᾶσαν
968 4347 1066 4415 τὴν
1101 4343 1329 4419 δύναμιν
1362 4348 1457 4400 τοῦ
1497 4346 1716 4421 ἐχθροῦ.
1753 4370 1779 4396 ‹‹
1831 4346 1990 4423 Ἐφο-

334 4432 584 4507 6ήθησαν
644 4433 990 4497 ἀκούσαντες
1084 4458 1114 4488 ιι
1187 4434 1546 4508 Πορευθέντες
1624 4433 1993 4507 μαθητεύσατε

335 4527 514 4581 πάντα
568 4526 637 4578 τὰ
692 4522 840 4595 ἔθνη,
892 4523 1247 4599 βαπτίζοντες
1293 4521 1489 4585 αὐτοὺς
1538 4521 1614 4585 είς
1688 4524 1752 4577 τὸ
1816 4518 1995 4596 ὄνομα

2103 1950 2524 2023 discipulorum
2543 1953 2757 2024 quippe
2774 1968 2919 2025 opus
2940 1957 3048 2019 est,
3068 1952 3228 2007 hunc
3244 1954 3466 2009 solvere
3487 1955 3746 2026 pullum;

2101 2039 2221 2094 imo
2252 2040 2675 2112 discipulorum
2707 2040 2805 2113 qui
2849 2058 2917 2096 ea
2959 2046 3234 2112 praestare
3284 2048 3529 2113 possunt
3558 2062 3686 2115 quae
3716 2064 3750 2101 a

2104 2129 2705 2200 magistrojubentur.
2737 2129 2901 2185 Multi
2945 2146 3201 2201 namque
3231 2129 3330 2202 qui
3360 2131 3629 2187 videntur
3658 2133 3746 2188 di-

2103 2217 2309 2289 scipuli
2344 2234 2472 2273 esse
2500 2218 2663 2282 Jesu,
2692 2236 2806 2273 non
2840 2219 3011 2275 modo
3037 2236 3105 2275 ea
3130 2236 3244 2274 non
3279 2219 3499 2276 faciunt
3528 2239 3654 2292 quae
3678 2223 3749 2278 ab

2103 2306 2231 2377 ipso
2254 2306 2569 2376 jubentur;
2604 2308 2705 2362 sed
2728 2308 2904 2362 etiam
2938 2307 3221 2379 magistro
3251 2308 3497 2365 insidias
3521 2316 3749 2382 parant,

2104 2398 2169 2449 ut
2198 2394 2673 2466 improbissimus
2699 2401 2755 2452 et
2786 2396 3030 2453 traditor
3056 2397 3259 2455 Judas.
3285 2401 3549 2465 Quantus
3581 2418 3752 2472 porro

2103 2487 2193 2539 est
2223 2483 2333 2539 iste
2381 2483 2604 2556 pullus,
2631 2484 2847 2554 dilecti,
2881 2485 2982 2558 qui
3017 2503 3131 2542 non
3184 2504 3369 2543 unum
3418 2490 3750 2562 dominum,

2103 2572 2204 2628 sed
2239 2571 2456 2628 multos
2506 2572 2756 2629 habeat?
2787 2574 2992 2629 Dixere
3038 2591 3293 2647 namque
3324 2577 3395 2631 ad
3429 2578 3747 2650 discipulos

2101 2661 2241 2733 pulli
2275 2661 2499 2716 domini
2532 2678 2545 2718 :
2579 2663 2768 2726 Quare
2798 2661 3024 2717 solvitis
3055 2662 3328 2733 pullum?
3361 2664 3421 2719 Si
3451 2666 3749 2723 sensibilis

2100 2749 2300 2822 pullus
2331 2754 2505 2820 esset,
2532 2767 2722 2804 annon
2757 2750 3053 2806 sufﬁceret
3077 2750 3125 2805 ei
3154 2768 3337 2807 unum
3364 2752 3621 2809 assidere
3651 2754 3749 2809 do-

2099 2837 2373 2894 minum?
2409 2840 2535 2910 jam
2584 2856 2716 2894 vero
2755 2840 2924 2911 juxta
2962 2839 3364 2911 Evangelium,
3397 2841 3568 2896 multi
3618 2844 3746 2913 ejus

2099 2927 2320 2983 domini
2370 2932 2530 2982 sunt.
2569 2928 2845 2983 Dixerunt
2875 2927 3053 2994 enim,
3087 2928 3190 2994 ait,
3222 2928 3443 2985 domini
3475 2931 3624 3001 ejus,
3656 2931 3743 2985 di-

2099 3014 2343 3088 scipulis
2393 3033 2463 3071 τι(
2501 3015 2616 3070 Cur
2668 3014 2890 3071 solvitis
2949 3014 3176 3088 pullum
3198 3016 3329 3072 3‘?»
3363 3017 3432 3071 Et
3479 3017 3745 3075 fortassis

2097 3104 2267 3160 aiunt
2313 3103 2431 3159 illis
2464 3120 2478 3160 :
2510 3104 2711 3160 Nonne
2740 3105 2948 3159 videtis
2980 3109 3123 3175 quot
3168 3105 3280 3176 ipsi
3328 3105 3745 3163 assideamus?

2098 3194 2594 3266 quemadmodum
2643 3192 2858 3266 ligatus
2917 3193 3038 3248 sit?
3090 3194 3383 3265 quomodo
3440 3199 3745 3252 teneamus

2099 3282 2264 3338 illum
2320 3281 2766 3355 mancipatum?
2791 3286 2904 3336 Cur
2950 3282 3292 3339 abstrahitis
3341 3301 3375 3339 a
3425 3286 3593 3339 nobis
3643 3302 3747 3339 no-

2097 3378 2279 3429 stram
2312 3371 2594 3443 operam?
2623 3372 2768 3437 Quid
2802 3370 3028 3427 solvitis
3061 3377 3317 3427 nostram
3363 3374 3744 3444 exspectatio-

2098 3462 2276 3516 nem?
2304 3460 2407 3516 Hic
2434 3460 2755 3516 etiamnum
2790 3461 2960 3516 nobis
2981 3465 3274 3531 superest,
3299 3465 3356 3517 et
3384 3478 3489 3518 nos
3514 3462 3609 3517 illo
3635 3463 3747 3533 pri-

2096 3566 2229 3606 vare
2258 3549 2479 3606 vultis?
2507 3550 2564 3605 Si
2614 3548 2741 3621 ipse
2787 3550 3047 3605 solvatur
3097 3566 3131 3604 a
3175 3549 3447 3616 vinculis,
3477 3568 3582 3605 nos
3615 3552 3744 3622 ejus

2096 3638 2221 3694 loco
2253 3637 2592 3694 vinciemur.
2621 3637 3013 3693 Terrebantur
3042 3638 3240 3709 itaque
3267 3636 3495 3693 scelesti
3529 3640 3743 3694 daemo-

2098 3745 2223 3797 nes,
2249 3727 2474 3799 pullum
2508 3731 2810 3782 cernentes
2834 3725 3092 3781 solutum
3121 3743 3134 3782 :
3158 3726 3663 3781 conturbabantur
3684 3728 3742 3781 in

2096 3832 2226 3872 sese
2259 3815 2600 3871 adversariae
2631 3818 2968 3885 potestates,
2989 3831 3111 3884 quae
3138 3831 3245 3869 nos
3267 3814 3325 3867 in
3347 3814 3741 3885 captivitatem

2098 3905 2465 3976 redegerant.
2483 3903 2796 3973 Atquando
2813 3902 3045 3956 advenit
3065 3901 3344 3957 Dominus
3364 3902 3743 3958 nosterJesus

2098 3993 2385 4060 Christus,
2408 3993 2653 4062 ejusque
2675 3989 3045 4060 praesentiam
3069 4004 3373 4060 agnovere,
3406 3990 3747 4045 reformida-

2098 4082 2408 4148 bant,cum
2438 4080 2739 4135 audissent
2769 4094 2900 4131 eum
2934 4077 3055 4132 haec
3081 4076 3385 4149 discipulis
3406 4077 3742 4149 loquentem

2100 4194 2127 4221 ι(
2160 4171 2303 4225 Ecce
2333 4167 2465 4223 dedi
2496 4167 2658 4221 vobis
2709 4170 3054 4237 potestatem
3100 4165 3361 4221 calcandi
3394 4183 3572 4238 supra
3619 4184 3745 4221 ser-

2100 4263 2303 4330 pentes
2354 4260 2411 4311 et
2464 4255 2825 4327 scorpiones,
2853 4258 2909 4308 et
2956 4270 3134 4325 supra
3183 4270 3415 4310 omnem
3469 4255 3743 4310 virtutem

2100 4345 2321 4401 inimici
2344 4345 2408 4399 3".
2435 4366 2464 4394 ››
2494 4344 2988 4400 Pertimescebant
3016 4342 3109 4399 bis
3140 4342 3358 4399 auditis
3391 4359 3404 4398 :
3441 4362 3463 4391 ι
3497 4344 3746 4400 Profecti

2102 4435 2301 4491 docete
2342 4450 2544 4491 omnes
2592 4441 2814 4505 gentes,
2848 4432 3208 4504 baptizantes
3255 4449 3353 4488 eos
3404 4432 3461 4487 in
3512 4434 3747 4488 nomine

2101 4523 2309 4592 Patris,
2338 4528 2397 4579 et
2439 4521 2584 4591 Filii,
2636 4526 2694 4577 et
2742 4522 2997 4592 Spiritus
3048 4521 3234 4576 sancti
3259 4521 3323 4575 ⁸⁸.
3350 4544 3376 4570 ››
3412 4520 3749 4576 Metuebant

335 4619 435 4671 τοῦ
464 4613 698 4688 Πατρδς,
727 4613 818 4667 καὶ
845 4616 944 4668 τοῦ
971 4613 1124 4684 Υῖοῦ,
1152 4611 1243 4667 καὶ
1271 4616 1369 4666 τοῦ
1398 4610 1556 4687 ἁγίου
1587 4610 1922 4684 Ῑινεύματος.
1959 4637 1988 4666 ››

2105 4630 2173 4670 ne
2214 4611 2311 4667 ille
2368 4616 2524 4667 esset
2570 4610 2671 4682 qui
2719 4610 2991 4665 tenebras
3043 4607 3409 4665 illustraret:
3442 4610 3749 4664 audierant

337 4698 723 4781 ’EQOG‘ISO’QO'IV
773 4704 851 4777 μὴ
892 4701 1047 4765 οῶός
1097 4700 1237 4757 ἐστιν
1297 4702 1325 4757 6
1370 4702 1433 4756 τὸ
1489 4700 1679 4762 σκότος
1707 4698 1992 4775 καταλάμ-

338 4812 479 4849 πωνο
536 4790 775 4862 ἤκουσαν
830 4791 933 4870 γὰρ
981 4794 1080 4847 τοῦ
1121 4791 1408 4868 προφήτου
1440 4787 1727 4862 λὲγοντος·
1763 4815 1790 4842 ι(
1826 4789 1990 4846 Γαλι-

2104 4703 2260 4759 enim
2318 4700 2663 4774 prophetam
2715 4699 3001 4754 dicentem
3050 4713 3114 4752 ει
3165 4697 3402 4753 Galilzea
3458 4699 3746 4770 gentium,

2105 4790 2357 4865 populus
2405 4790 2508 4860 qui
2556 4788 2795 4844 sedebat
2826 4787 2885 4842 in
2912 4786 3168 4843 tenebris
3213 4786 3361 4842 vidit
3402 4785 3590 4843 lucem
3626 4804 3748 4843 ma-

405 4995 474 5032 ⁶⁶⁸
502 4993 756 5067 Philipp.
789 5008 878 5060 In,
905 4991 999 5051 20.
1076 4990 1121 5027 ⁸⁸
1149 4990 1287 5048 Luc.
1317 5006 1437 5063 xu,
1469 4990 1560 5048 33.
1636 4990 1680 5028 ⁸⁷
1709 4991 1849 5049 Luc.
1880 5009 1940 5064 ιι,
1973 4993 1990 5048 1

2135 4990 2180 5028 ⁸³
2206 4988 2414 5047 Matth.
2445 5002 2643 5055 xxvm,
2678 4986 2765 5041 19.

468 5203 521 5273 ι)
551 5198 917 5267 Builiensis,
948 5194 1170 5273 ιχθρός.

548 5275 694 5330 Tm
721 5267 1219 5344 mss._1e_v6p.£vn!,

408 5336 525 5417 (73)
555 5344 824 5417 Gobl._et
872 5336 1043 5398 F’hlcf
1077 5343 1129 5409 1,
1152 5336 1365 5395 ἶλυσαν
1390 5340 1483 5395 τὸν
1510 5338 1721 5396 πῶλον·
1756 5341 1844 5396 καὶ
1890 5361 1990 5413 μα-

350 5412 523 5485 θητῶν
558 5412 866 5486 δυναμένων
883 5462 889 5486 _,

356 5480 711 5614 F'Yt)iﬂsc,
740 5482 1059 5561 τρισάθλιος
1098 5480 1210 5553 καί,
1243 5484 1461 5542 desunt
1488 5484 1547 5540 in
1574 5483 1906 5540 Gobleriau.
1939 5488 1995 5539 et

394 5575 499 5614 se.
569 5601 585 5613 .

394 5575 658 5755 ζξιὲἕέἑίο
684 5633 806 5687 tres
834 5643 982 5684 mss.
1014 5624 1127 5683 Alii
1167 5643 1301 5685 vero
1350 5644 1482 5685 cum
1530 5628 1727 5697 editis,
1761 5624 1889 5681 ἀλλ’
1917 5624 1993 5686 ὡς

360 5718 619 5762 πολλούς.

2169 5196 2281 5269 (76)
2316 5192 2677 5269 Basitiensis,
2702 5191 3036 5269 ἀποστῆναι.

2169 5197 2264 5269 (76
2316 5197 2677 5261 Basiliensis,
2716 5197 3036 5259 ἀποστῆναι.

2169 5197 2284 5339 (πί
2332 5268 2395 5339 ln
2444 5264 2714 5339 Goblret
2764 5262 2910 5339 Felc.
2946 5266 2997 5333 1,
3031 5259 3309 5339 ἀλιτήριοι
3361 5264 3543 5339 deest,
3590 5262 3747 5339 Mox,

2098 5334 2417 5465 segnem};
2452 5337 2686 5404 tanta‘ic,
2721 5335 2937 5391 rectius
2966 5352 3144 5406 quam
3175 5334 3334 5407 editi,
3367 5335 3466 5408 qui
3510 5334 3748 5399 habent,

2131 5434 2155 5465 ν
2220 5430 2423 5465 αυτοις.

2131 5434 2155 5465 ν
2190 5430 2423 5471 εαυτοις.

2172 5483 2287 5553 (78)
2322 5481 2533 5553 Regius
2565 5475 2726 5553 solus
2772 5476 2857 5553 sic
2897 5481 3081 5553 totum
3118 5477 3277 5553 hunc
3305 5477 3525 5553 locum_
3550 5475 3748 5553 habet,

2102 5547 2727 5621 ἀκούσαντεῦέιζπάγετε
2757 5547 2831 5609 είς
2858 5547 2926 5621 ,τὸ
2957 5547 3443 5621 σκότοςηίξώτερον
3475 5547 3571 5621 τὸ*
3587 5548 3739 5621 ἡτοι-

2106 5625 2381 5696 μασμένον
2406 5620 2485 5696 τῷ
2513 5611 2757 5696 διαϐόλῳ
2786 5617 3021 5696 καὶτοῖς
3044 5611 3302 5694 ἀγγέλοις
3324 5611 3508 5674 αὐτοῦ.
3534 5611 3747 5692 E96615-

2104 5686 2272 5767 θησαν
2303 5686 2643 5754 ἀκούσαντες·
2674 5686 2816 5747 Ἰδοὺ
2847 5686 3216 5764 διδωχα,’όιο.
