4100 6224
322 392 432 455 181

1382 396 1462 457 ΙΝ
1507 395 1766 471 ILLUD,
1813 395 2201 457 PROFECTI
2246 397 2325 456 IN
2371 395 2670 458 PAGUM.

3615 390 3728 455 189

321 524 374 580 ἐν
403 529 522 587 ταῖς
558 525 727 589 θείαις
773 530 1013 603 Γραφαῖς
1044 572 1059 597 ,
1115 526 1407 603 ἀγαπητοί.
1459 526 1643 602 Μέγας
1691 526 1831 582 ἐστὶν
1876 524 1954 581 οῦς

2084 528 2281 599 pullus
2314 544 2541 583 sumus.
2576 526 2886 583 Hominem
2920 524 3159 598 quippe,
3191 523 3411 579 domini
3440 524 3589 594 ejus,
3625 524 3727 594 qui

317 636 410 678 τος
442 617 470 670 6
502 613 714 683 πῶλος,
747 616 807 677 ὃς
836 618 949 691 (88)
980 618 1069 670 καὶ
1102 614 1353 692 ἀλλαχοῦ
1387 614 1599 691 λέγεται
1630 641 1657 666 ‹‹
1692 617 1806 677 υἱὸς
1837 616 1969 670 νεώ-

317 724 495 778 τερος.
530 728 558 756 ››
592 706 691 759 Καὶ
718 704 819 781 γὰρ
850 706 879 759 6
911 703 1120 775 πῶλος,
1155 700 1279 767 ὄνος
1328 704 1439 759 ἐστὶ
1490 703 1625 766 νέος.
1658 706 1845 777 Ἡμεῖς
1875 703 1964 758 οὖν

318 792 477 865 ἐσμεν
511 794 539 847 6
570 791 781 861 πῶλος,
829 793 1101 848 τουτέστιν
1134 796 1168 862 ἡ
1218 792 1595 867 ἀνθρωπότης.
1629 794 1838 846 Ὅντινυ
1884 789 1970 846 ἅν-

318 892 535 948 θρωπον
565 881 616 934 οἱ
648 880 1199 956 αἶχμαλωτεύσαντες
1226 882 1330 952 πρὸ
1357 880 1552 937 τούτου
1583 883 1761 956 κύριοι
1805 881 1966 935 αὐτοῦ

316 970 431 1043 (89)
488 966 682 1040 ἔδησαν
750 967 973 1042 δεσμοῖς
1034 968 1254 1030 ἀλύτοις
1288 1015 1301 1039 ,
1362 970 1449 1023 καὶ
1507 967 1732 1031 ἕκαστος
1794 970 1967 1024 αὐτῶν

316 1056 551 1131 δεσμοὺς
598 1057 685 1113 ἐπὶ
736 1056 951 1132 δεσμῶν
998 1057 1320 1130 κατέδησαν,
1368 1059 1455 1113 καὶ
1511 1057 1758 1137 σφοδρῶς
1805 1058 1963 1114 αὑτὸν

315 1145 688 1223 ἠσφαλίσαντο
726 1190 739 1214 ,
773 1147 847 1208 ὡς
906 1147 1085 1220 οἶμαι,
1135 1147 1216 1202 ὅτι
1267 1148 1356 1202 καὶ
1402 1148 1527 1209 τοὺς
1575 1146 1745 1209 πόδας
1799 1147 1965 1203 αὐτοῦ

313 1232 636 1304 κατέδησαν,
692 1236 767 1306 μὴ
815 1240 1228 1310 συγχωροῦντες
1279 1236 1424 1307 αύτῷ
1475 1232 1730 1307 διαϐῆναι
1782 1236 1868 1291 ἐπὶ
1898 1237 1965 1292 τὰ

317 1322 540 1397 βελτίω.
590 1321 749 1378 Ἀλλ’
799 1325 826 1377 6
878 1322 1264 1402 φιλάνθρωπος
1296 1328 1393 1379 τοῦ
1437 1330 1570 1381 Θεοῦ
1622 1326 1764 1391 Υἱὸς,
1818 1327 1844 1379 6
1877 1324 1964 1379 διὰ

308 1417 471 1467 τοῦτο
522 1410 870 1485 ἐπιδημήσας
927 1416 1070 1486 (90),
1121 1413 1333 1468 κελεύει
1382 1420 1500 1477 τοῖς
1555 1417 1819 1488 μαθηταῖς
1867 1415 1960 1469 αύ-

306 1506 426 1573 τοῦ,
460 1501 625 1556 εἰπὼν
658 1502 794 1576 πρὸς
826 1497 1043 1566 αὸτούς·
1081 1528 1107 1554 ιι
1142 1504 1498 1578 Πορευθέντες
1532 1504 1608 1566 εἰς
1638 1506 1736 1573 τὴν
1770 1506 2040 1559 κατέναντι

354 1612 428 1647 οι.
465 1616 487 1643 ι

354 1613 428 1647 οι.
465 1616 487 1643 ι

312 1613 433 1737 P.7.
470 1679 659 1736 Πολλά
717 1679 810 1735 οὖν
864 1680 1133 1758 παρέσχεν
1194 1684 1330 1754 ἡμῖν
1394 1684 1565 1758 ἀγαθὰ
1620 1684 1648 1737 6
1708 1682 1909 1755 Κύριος
1945 1730 1959 1755 ,

308 1768 599 1844 ἀγαπητοί·
662 1769 723 1824 οὐ
777 1769 879 1846 γὰρ
942 1770 1103 1843 μόνον
1162 1770 1289 1831 τοῦς
1353 1768 1585 1843 δεσμοὺς
1644 1774 1802 1845 ἡμῶν
1860 1778 1961 1840 τῆς

312 1857 579 1967 ἁμαρτίας
608 1856 820 1967 gloss»),
856 1857 1001 1915 ἀλλὰ
1047 1859 1135 1914 καὶ
1182 1859 1418 1931 ἐξουσίαν
1464 1862 1599 1934 ἡμῖν
1648 1859 1818 1916 ἔδωκε
1866 1866 1960 1915 τοῦ
1992 1902 2039 1967 Β

309 1950 494 2000 πατεῖν
534 1945 713 2001 ἐπάνω
743 1945 917 2024 ὄφεων
946 1948 1035 2001 καὶ
1068 1948 1339 2022 σκορπίων
1358 1948 1448 2002 καὶ
1479 1948 1565 2002 ἐπὶ
1595 1955 1764 2003 πᾶσαν
1811 1946 1959 2003 δύνα-

313 2056 404 2108 μιν
462 2040 561 2090 τοῦ
605 2034 808 2111 ἐχθροῦ
843 2080 856 2092 .
914 2038 1016 2093 Ἦν
1074 2038 1175 2112 γὰρ
1235 2038 1262 2091 ὁ
1323 2032 1583 2099 διάϐολος
1637 2040 1725 2092 καὶ
1783 2040 1833 2092 οἱ
1862 2060 1957 2093 κο-

309 2125 683 2200 σμοκράτορες
709 2129 808 2179 τοῦ
853 2124 1077 2187 σκότους
1111 2128 1225 2197 (91)
1254 2126 1470 2199 τούτου,
1503 2122 1758 2189 λαϐόντες
1809 2130 1955 2200 ἡμᾶς

308 2211 724 2286 αἰχμαλώτους,
754 2211 841 2267 καὶ
874 2211 1133 2284 δήσαντες
1154 2217 1302 2287 ἡμᾶς
1325 2212 1546 2287 δεσμοῖς
1579 2214 1958 2290 ἀλύτοις,προ-

306 2299 525 2356 κόπτειν
578 2301 679 2356 οὐκ
724 2300 1039 2376 ἐπέτρεπον,
1073 2300 1199 2357 οὐδὲ
1243 2304 1585 2379 συνεχώρουν
1623 2302 1856 2379 βαδίζειν
1885 2310 1954 2379 τῇ

308 2386 421 2461 ὁδῷ
449 2393 518 2461 τῇ
550 2388 749 2463 ἀγαθῇ·
780 2391 869 2444 καὶ
904 2387 1028 2444 ούδὶ
1078 2390 1250 2453 οὕτως
1299 2394 1458 2464 ἡμῶν
1502 2392 1789 2470 ἀφίσταντο
1822 2396 1954 2467 (9'2),

306 2474 457 2532 ἀλλὰ
484 2476 573 2531 καὶ
607 2475 922 2551 δεδεμένους
972 2480 1122 2551 ἡμᾶς
1167 2478 1483 2555 ἐσχηκότες,
1514 2480 1679 2535 πάλιν
1710 2482 1955 2556 περιεκά-

306 2566 493 2635 θηντο,
525 2565 673 2637 ὠμοί
698 2587 837 2629 τινες
869 2561 1019 2630 ὄντες
1070 2568 1159 2622 καὶ
1208 2567 1391 2644 ἄγριοι
1431 2567 1706 2627 δεσπόται.
1743 2556 1898 2627 Ἀλλ’
1928 2571 1956 2626 ό

308 2652 504 2729 Κύριος
529 2654 620 2708 καὶ
653 2656 849 2727 Σωτὴρ
895 2656 1054 2728 ἡμῶν
1110 2655 1317 2727 Ἰησοῦς
1366 2658 1595 2729 Χριστὸς
1646 2657 1958 2733 ἐπεδήμησε

306 2743 421 2815 (93)
450 2740 682 2818 κηρύξαι
731 2743 1114 2818 αἰχμαλώτοις
1168 2745 1375 2824 ἄφεσιν,
1419 2747 1508 2801 καὶ
1558 2747 1787 2825 τυφλοῖς
1838 2748 1958 2803 ἀνά-

306 2825 531 2904 ϐλεψιν.
590 2830 814 2904 Ἀμέλει
872 2832 1197 2889 ἀποστέλλει
1257 2835 1384 2897 τοὺς
1445 2836 1689 2908 μαθητὰς
1748 2837 1954 2910 αὐτοῦ,

304 2917 395 2974 καὶ
428 2918 621 2975 λύουσι
648 2921 740 2975 τὸν
772 2920 981 2978 πῶλον.
1016 2922 1146 2977 Εἶτα
1191 2922 1355 2984 λύσας
1399 2924 1580 2996 αὐτὸν,
1614 2925 1702 2980 καὶ
1754 2928 1954 3002 φάτνην

308 3006 594 3083 οἰκοδομεῖ
649 3009 818 3082 αὐτῷ,
878 3010 967 3065 καὶ
1024 3011 1200 3084 νομὴν
1262 3011 1556 3085 ἐτοιμάζει.
1615 3018 1783 3068 Τοῦτο
1845 3018 1958 3087 (94)

307 3096 408 3173 γὰρ
439 3099 467 3152 6
510 3100 805 3177 Προφήτης
860 3099 1199 3175 βουλόμενος
1250 3098 1438 3171 δεῖξαι,
1491 3102 1641 3179 φησί’
1681 3126 1707 3152 ‹‹
1762 3102 1954 3179 Κύριος

2086 618 2249 687 prius
2280 619 2337 671 in
2371 618 2770 687 captivitatem
2801 616 2967 670 illum
3001 615 3361 685 redegerant,
3400 612 3727 667 insolubili-

2083 706 2194 761 bus
2226 705 2476 762 vinculis
2507 705 2995 769 constrinxerant,
3029 719 3279 774 quorum
3330 700 3544 771 singuli
3600 700 3727 755 vin-

2081 795 2210 849 cula
2242 794 2492 850 vinculis
2524 795 2877 865 adjecerunt,
2911 799 3081 863 atque
3116 808 3328 863 magna
3358 789 3527 844 illum
3562 788 3728 843 solli-

2078 884 2335 939 citudine
2366 884 2779 949 observabant,
2811 883 2892 936 ita
2924 888 2986 936 ut
3015 882 3189 936 etiam
3223 879 3516 951 (arbitror)
3551 879 3726 949 pedes

2076 974 2203 1045 ejus
2236 974 2569 1044 alligarent,
2606 989 2709 1027 nec
2743 974 3005 1027 sinerent
3035 989 3166 1026 eum
3203 972 3271 1025 ad
3306 970 3546 1024 meliora
3595 986 3721 1039 pro-

2076 1062 2257 1133 gredi.
2293 1062 2402 1117 Sed
2442 1062 2619 1116 Filius
2650 1062 2749 1116 Dei
2782 1061 3085 1115 hominum
3120 1059 3583 1125 amantissimus,
3619 1058 3719 1129 qui

2073 1150 2232 1205 illius
2265 1167 2443 1205 causa
2474 1151 2877 1222 peregrinatus
2906 1155 3013 1216 est,
3046 1148 3355 1220 discipulis
3388 1147 3512 1202 suis
3570 1164 3716 1218 pre-

2073 1240 2214 1309 cipit
2244 1239 2405 1293 hisce
2438 1239 2667 1295 verbis:
2702 1262 2729 1288 ‹‹
2765 1238 3009 1294 Profecti
3065 1237 3122 1291 in
3176 1252 3385 1309 pagum
3420 1252 3449 1289 e
3482 1236 3716 1307 regione

2072 1326 2274 1393 situm,
2306 1327 2613 1382 invenietis
2648 1326 2875 1399 pullum
2911 1326 3237 1398 alligatum,
3272 1324 3566 1379 solventes
3613 1324 3714 1378 ad-

2072 1415 2264 1470 ducite
2295 1415 2435 1470 mihi
2461 1416 2523 1470 93.
2557 1435 2582 1464 η

2072 1503 2286 1574 κώμην,
2320 1503 2573 1576 εὑρήσετε
2616 1501 2804 1558 πῶλον
2852 1500 3152 1576 δεδεμένον·
3197 1500 3447 1561 λύσαντες
3498 1498 3723 1574 ἀγάγετέ

2142 1682 2197 1738 7.
2234 1682 2416 1739 Multa
2443 1684 2643 1755 itaque
2674 1684 2843 1739 nobis
2893 1684 3045 1739 bona
3089 1681 3361 1754 praestitit
3416 1680 3718 1746 Dominus,

2073 1770 2300 1826 dilecti:
2337 1789 2451 1826 non
2477 1773 2649 1828 modo
2672 1772 2889 1844 quippe
2910 1770 3325 1828 solvitvincula
3348 1772 3719 1841 peccatorum

2072 1866 2442 1928 nostrorum;
2477 1862 2579 1916 sed
2610 1863 2788 1917 etiam
2822 1865 3171 1933 potestatem
3204 1859 3371 1915 nobis
3403 1858 3563 1913 dedit
3609 1857 3721 1911 cal-

2071 1950 2240 2004 candi
2273 1966 2455 2021 supra
2486 1956 2785 2021 serpentes
2817 1956 2873 2005 et
2902 1950 3261 2022 scorpiones,
3297 1954 3350 2002 et
3382 1963 3562 2018 supra
3590 1962 3716 2001 om-

2071 2055 2201 2093 nem
2236 2039 2507 2094 virtutcm
2541 2040 2785 2094 inimici.
2818 2040 2955 2094 Erat
2978 2039 3131 2094 enim
3168 2037 3431 2092 diabolus
3462 2041 3518 2091 et
3551 2034 3717 2107 prin-

2067 2127 2225 2198 cipes
2256 2129 2460 2182 mundi
2496 2129 2870 2183 tenebrarum
2903 2128 3135 2197 harum,
3168 2128 3265 2197 qui
3298 2143 3404 2181 nos
3451 2124 3713 2195 captivos

2069 2217 2345 2281 fecerant.
2377 2216 2837 2288 colligarantque
2874 2216 3288 2272 insolubilibus
3306 2214 3576 2280 vinculis,
3606 2228 3712 2267 nec

2067 2303 2339 2359 sinebant
2369 2307 2676 2375 procedere
2705 2312 2808 2361 aut
2838 2307 2898 2360 in
2930 2306 3019 2360 via
3048 2306 3201 2361 bona
3257 2302 3545 2374 progredi.
3601 2301 3711 2357 Ne-

2066 2409 2181 2464 que
2210 2397 2406 2448 tamen
2447 2410 2480 2447 a
2509 2394 2677 2449 nobis
2711 2395 2817 2449 hoc
2866 2395 2923 2449 in
2976 2399 3128 2449 statu
3185 2393 3389 2464 positis
3437 2390 3712 2446 abscede-

2067 2482 2245 2549 bant;
2276 2497 2477 2536 verum
2503 2482 2560 2537 in
2597 2482 2845 2537 vinculis
2876 2499 2981 2538 nos
3024 2483 3354 2537 detinentes
3407 2481 3558 2536 circa
3605 2496 3713 2535 nos

2067 2571 2368 2640 sedebant,
2392 2570 2660 2627 crudeles
2682 2588 2823 2626 sane
2844 2576 2900 2626 et
2918 2572 3134 2626 efferati
3177 2571 3419 2626 domini.
3455 2570 3562 2625 Sed
3605 2574 3712 2624 Do-

2069 2662 2264 2714 minus
2297 2665 2353 2714 et
2382 2659 2649 2715 Salvator
2680 2665 2877 2715 noster
2905 2660 3077 2714 Jesus
3135 2659 3405 2714 Christus
3454 2659 3713 2729 peregri-

2069 2754 2243 2803 natus
2274 2753 2453 2803 estut
2502 2749 2841 2820 praedicaret
2895 2748 3139 2817 captivis
3182 2746 3606 2815 dimissionem,
3659 2751 3715 2801 et

2070 2839 2233 2891 caecis
2265 2838 2426 2891 visus
2458 2839 2910 2892 restitutionem.
2946 2841 3166 2891 Revera
3198 2835 3521 2905 discipulos
3576 2850 3716 2889 suos

2068 2926 2269 2994 mittit,
2296 2926 2393 2995 qui
2422 2924 2647 2996 pullum
2671 2925 2924 2979 solvunt.
2952 2925 3169 2979 Dehinc
3192 2923 3382 2978 soluto
3406 2923 3524 2989 illo,
3565 2938 3711 2994 pras-

2066 3030 2203 3084 sepe
2221 3014 2491 3075 aedificat.
2516 3020 2573 3068 et
2596 3015 2874 3083 pabulum
2897 3018 3207 3085 parat.Hoc
3235 3029 3367 3067 cum
3420 3011 3712 3083 Propheta

2065 3102 2361 3157 declarare
2387 3102 2580 3169 vellet,
2612 3103 2693 3157 ait
2717 3121 2729 3158 :
2761 3122 2781 3149 α
2804 3103 3087 3158 Dominus
3113 3102 3301 3174 pascit
3327 3118 3438 3171 me,
3473 3106 3531 3156 et
3562 3099 3707 3155 nihil

308 3186 587 3259 ποιμαίνει
653 3207 739 3259 με,
797 3187 887 3242 καὶ
946 3186 1099 3243 οὐδέν
1164 3209 1231 3261 με
1289 3189 1603 3266 ὑστερήσει,
1663 3190 1738 3253 εἰς
1786 3192 1951 3247 τόπον

2074 3190 2212 3245 mihi
2246 3192 2446 3259 deerit,
2475 3192 2534 3246 in
2566 3192 2692 3246 loco
2724 3209 2952 3262 pascua:
2982 3192 3062 3246 ibi
3094 3208 3187 3246 me
3216 3190 3537 3246 collocavit.
3598 3190 3711 3245 Su-

306 3274 511 3350 χλόης,
566 3274 677 3330 ἐκεῖ
728 3297 794 3348 με
836 3278 1259 3345 κατεσκήνωσεν.
1313 3278 1436 3334 Ἐπὶ
1485 3276 1679 3341 ὕδατος
1717 3279 1953 3335 ἀναπαύ-

306 3383 441 3425 σεως
472 3362 721 3436 ἐξέθρεψέ
775 3385 839 3435 με
883 3366 1017 3437 (95),
1067 3366 1167 3433 τὴν
1216 3367 1400 3440 ψυχήν
1455 3388 1558 3439 μου
1608 3367 1896 3443 ἐπέτρεψε*
1927 3393 1956 3421 ››

303 3451 393 3505 καὶ
418 3450 601 3507 πάλινο
641 3474 662 3503 ι
694 3452 750 3506 '0
781 3449 1147 3522 ἐξανατέλλων
1181 3453 1379 3529 χόρτον
1428 3461 1545 3518 τοῖς
1595 3460 1834 3527 κτήνεσι,
1867 3460 1955 3513 καὶ

304 3538 484 3615 χλόην
514 3543 583 3613 τῇ
634 3536 859 3612 δουλείᾳ
902 3542 1009 3596 τῶν
1061 3540 1380 3618 ἀνθρώπων.
1418 3568 1445 3593 ››
1495 3546 1824 3622 Στραφέντες
1862 3547 1953 3602 οὖν

306 3627 499 3683 λοιπὸν
545 3631 658 3698 (96)
706 3628 1147 3703 εὐαισθητότιροι
1197 3630 1509 3706 γενοίμεθα,
1555 3634 1643 3687 καὶ
1696 3634 1904 3711 ἀναγνω
1932 3670 1954 3679 -

304 3714 540 3790 ρίσωμεν
588 3717 680 3771 τὸν
728 3716 1035 3793 εὐεργέτην,
1089 3719 1179 3773 καὶ
1229 3718 1294 3774 τὰ
1344 3720 1431 3774 ὑπ’
1479 3721 1644 3776 αὐτοῦ
1694 3720 1955 3796 δεδομένα

303 3806 438 3878 ἡμῖν
492 3804 665 3879 ἀγαθὰ
710 3805 1011 3879 προθύμως
1072 3804 1385 3879 δεξώμεθα.
1435 3809 1588 3864 Οὕτω
1640 3812 1741 3886 γὰρ
1790 3811 1953 3887 εὐχα-

305 3899 607 3967 ριστοῦντες
660 3891 932 3967 δυνάμεθα
981 3894 1155 3971 λέγειν
1207 3896 1298 3951 σὺν
1346 3903 1425 3970 τῷ
1476 3894 1660 3954 Δαϐὶδ·
1700 3925 1728 3952 ‹‹
1777 3901 1952 3955 ἹΙτοί-

306 4002 480 4055 μασας
511 3981 740 4037 ἐνώπιόν
795 4000 904 4056 μου
943 3983 1209 4060 τράπεζαν
1259 3984 1549 4056 ἐξεναντίας
1587 3990 1694 4042 τῶν
1738 3985 1953 4053 θλιϐόν-

298 4091 407 4126 των
461 4091 549 4143 με.
582 4092 609 4123 ι
665 4076 921 4127 Τοιοῦτον
973 4072 1073 4149 γάρ
1123 4073 1233 4129 ἐστι
1282 4076 1365 4145 τὸ,
1400 4082 1640 4153 «Ἔγνω
1692 4079 1820 4153 βοῦς
1860 4080 1949 4133 τὸν

300 4162 663 4232 κτησάμενον,
689 4159 781 4215 καὶ
812 4160 932 4223 ύνος
958 4162 1058 4229 τήν
1091 4162 1292 4240 φάτνην
1326 4168 1421 4219 τοῦ
1470 4166 1658 4240 κυρίου
1701 4167 1885 4223 αὐτοῦ.
1923 4195 1945 4222 ι

302 4248 398 4303 Καὶ
428 4250 574 4324 τάχα
604 4246 693 4303 διὰ
720 4254 913 4304 τοῦτον
946 4251 1037 4304 τὸν
1083 4252 1270 4307 πῶλον
1308 4254 1336 4307 6
1364 4254 1571 4323 Ἰησοῦς
1614 4255 1701 4309 ἐπὶ
1747 4255 1948 4330 φάτνης

298 4337 640 4393 ἀνακλίνεται
676 4381 689 4395 .
722 4342 859 4413 Ἄρα
912 4341 1017 4413 γὰρ
1074 4338 1239 4394 τόπον
1297 4341 1397 4395 οὐκ
1451 4343 1596 4416 εἶχεν
1646 4346 1673 4396 ὁ
1727 4344 1947 4415 Ἰωσὴφ,

298 4426 436 4501 ἀνὴρ
494 4426 716 4501 εὐγενὴς
774 4426 1061 4500 ὑπάρχων,
1108 4428 1198 4481 καὶ
1256 4428 1361 4482 ἀπὸ
1416 4430 1607 4503 γένους
1662 4429 1947 4505 βασιλικοῦ

303 4510 671 4589 καταγόμεος,
730 4514 844 4575 υἱὸς
929 4509 1093 4568 Δαϐὶδ
1150 4516 1509 4591 χρηματίζων
1564 4537 1579 4587 ;
1626 4519 1721 4573 Καὶ
1778 4520 1944 4575 τόπον

2069 3295 2169 3351 per
2199 3296 2409 3351 aquam
2444 3279 2774 3335 refectionis
2804 3281 3069 3335 educavit
3097 3296 3209 3346 me,
3236 3279 3492 3334 animam
3518 3294 3708 3334 meam

2066 3369 2347 3423 convertit
2369 3370 2414 3404 9"
2440 3386 2452 3435 ;
2479 3390 2507 3417 »
2531 3374 2586 3423 et
2608 3386 2843 3424 rursum
2873 3385 2885 3424 :
2926 3391 2953 3419 ‹.
2980 3369 3087 3434 Qui
3128 3369 3399 3440 producit
3428 3368 3718 3437 jumentis

2067 3456 2288 3525 fenum,
2312 3461 2369 3513 et
2392 3456 2633 3511 herbam
2657 3458 2919 3513 servituti
2964 3457 3271 3512 hominum
3295 3458 3358 3511 95.
3386 3479 3411 3506 ι)
3445 3455 3719 3512 Conversi

2064 3546 2244 3618 igitur
2269 3546 2545 3618 deinceps
2563 3547 2961 3601 sensibiliores
2986 3547 3321 3615 reddamur,
3357 3551 3412 3600 et
3434 3560 3716 3617 agnosca-

2066 3651 2198 3690 mus
2232 3636 2683 3704 benefactorem,
2719 3640 2773 3690 et
2805 3636 2957 3691 bona
2988 3635 3201 3704 quibus
3234 3638 3304 3690 ab
3355 3635 3481 3704 ipso
3531 3634 3711 3688 dona-

2064 3740 2198 3779 mur
2227 3724 2496 3779 alacriter
2524 3726 2905 3794 accipiamus.
2939 3727 3022 3779 Ita
3052 3725 3206 3779 enim
3235 3726 3452 3794 gratias
3474 3727 3713 3792 agentes

2064 3830 2383 3884 possumus
2416 3830 2549 3867 cum
2584 3815 2794 3868 Davide
2844 3814 3076 3867 dicere:
3130 3836 3155 3860 «
3197 3811 3417 3866 Parasti
3467 3811 3526 3864 in
3572 3826 3707 3864 con-

2063 3909 2263 3973 spectu
2301 3918 2429 3956 meo
2462 3918 2727 3955 mensam
2784 3902 3065 3955 adversus
3122 3917 3220 3955 eos
3273 3902 3371 3970 qui
3426 3898 3713 3953 tribulant

2065 4006 2158 4045 me
2177 3991 2241 4042 9°.
2278 4012 2305 4039 ››
2338 3990 2478 4044 Tale
2509 3990 2725 4059 quippe
2756 3994 2846 4042 est
2873 3988 3056 4042 illud:
3094 4010 3121 4037 «
3152 3988 3428 4059 Cognovit
3452 3989 3555 4042 bos
3581 4003 3708 4057 pos-

2063 4095 2352 4134 sessorem
2379 4094 2574 4146 suum,
2600 4083 2656 4130 et
2676 4077 2879 4131 asinus
2901 4093 3155 4149 praesepe
3195 4077 3414 4131 domini
3457 4077 3549 4130 sui
3578 4076 3642 4128 97.
3674 4093 3702 4125 ιι

2063 4168 2129 4221 Et
2158 4167 2430 4221 fortassis
2461 4166 2533 4220 ob
2565 4166 2740 4220 istum
2779 4165 3004 4236 pullum
3036 4166 3320 4221 Dominus
3346 4167 3400 4219 in
3428 4165 3709 4235 praesepio

2061 4254 2398 4310 reclinatur.
2429 4257 2634 4309 Annon
2666 4254 2881 4327 Joseph
2915 4256 3102 4311 locum
3140 4256 3428 4318 habuerit,
3479 4254 3565 4306 vir
3612 4252 3709 4309 ille

2061 4343 2298 4411 nobilis,
2326 4348 2384 4398 et
2404 4359 2471 4398 ex
2498 4344 2655 4415 regia
2678 4345 2857 4415 stirpe
2879 4345 3185 4408 oriundus,
3211 4344 3305 4413 qui
3331 4342 3486 4397 filius
3528 4341 3705 4397 David

2061 4432 2545 4505 nuncupatur”?
2573 4435 2658 4487 An
2695 4433 2884 4487 locum
2920 4434 3095 4488 alium
3121 4449 3235 4487 non
3258 4431 3487 4498 habuit,
3523 4446 3702 4503 quam

2063 4522 2495 4579 diversorium?
2526 4521 2800 4577 nullusne
2833 4521 2984 4577 alius
3015 4522 3124 4576 fuit
3154 4521 3362 4575 locus?
3414 4519 3703 4574 Nimirum

300 4602 400 4656 οὐκ
431 4580 575 4678 εῖχεν
607 4602 653 4656 εἰ
688 4603 763 4675 μὴ
794 4603 857 4657 τὸ
887 4580 1211 4675 κατάλυμάνξ
1240 4580 1447 4668 ’ίᾸλλος
1477 4580 1581 4683 οὐχ
1616 4610 1833 4685 ὑπῆρχε
1861 4610 1949 4664 τό-

2074 4628 2189 4667 lere
2221 4610 2416 4665 divina
2447 4611 2539 4665 hic
2572 4611 2804 4681 negotia
2836 4614 3139 4681 geruntur.
3174 4610 3324 4663 Sane
3349 4610 3467 4677 jam
3491 4609 3702 4662 iterum

297 4710 398 4752 πος
430 4708 444 4758 ;
479 4692 546 4747 Ἦ
595 4687 851 4759 δηλονότι
900 4690 1191 4767 πράγματα
1239 4698 1355 4758 θεῖα
1404 4695 1470 4764 ἦν
1516 4696 1581 4751 τὰ
1628 4696 1949 4771 οἰκονομού-

365 4807 648 4934 ξΟΜαιιὶι.
679 4823 794 4877 ni,
825 4808 879 4862 2.
985 4809 1031 4844 °‘
1064 4809 1217 4865 Psal.
1249 4828 1385 4881 χχιι,
1419 4814 1531 4869 2-3.

294 4896 337 4949 ι,
366 4896 461 4937 zu.

365 4994 478 5064 (88)
511 4993 595 5048 Ita
619 4994 836 5069 Regius
863 4998 924 5069 et
939 4996 1176 5069 Seguer.
1220 5002 1390 5056 recte.
1433 5000 1608 5069 Editi,
1632 4999 1729 5060 ὡς.
1765 5002 1940 5057 Paulo

293 5070 436 5193 East
464 5069 599 5120 ante
626 5065 788 5137 ἡμεῖς
819 5065 1042 5139 ιοεὶιυῐῖ
1059 5066 1149 5120 καί
1186 5069 1257 5152 _in
1309 5072 1502 5137 editis,
1554 5065 1655 5127 sed
1680 5143 1690 5153 .
1716 5074 1944 5157 abestca

346 5152 496 5193 emo.
520 5140 578 5191 et
597 5137 960 5193 superﬂuum
985 5142 1091 5193 est.
1116 5140 1261 5193 Ibid.
1287 5142 1426 5193 Reiz.
1453 5148 1508 5193 et
1532 5143 1749 5193 Anglic-
1777 5142 1803 5193 ὀ
1832 5164 1943 5193 πω-

296 5137 496 5205 Regio,
520 5140 578 5191 et
597 5137 960 5208 superﬂuum
985 5142 1091 5193 est.
1116 5140 1261 5195 Ibid.
1287 5142 1426 5213 Reg.
1453 5148 1508 5197 et
1531 5143 1749 5215 Anglic.
1777 5142 1803 5195 ὀ
1832 5148 1943 5196 πῶ-

296 5204 419 5287 λος,
464 5205 565 5287 ,καὶ
624 5205 694 5287 ἂν.
750 5204 1021 5287 λέγωμεν*
1049 5209 1236 5287 μεῖς,
1295 5218 1440 5287 πόισα
1492 5215 1526 5282 ἡ
1562 5213 1940 5287 ,ἀνθρωπότης

294 5276 427 5357 ἐστὶ,
461 5277 637 5357 ὅντινα
667 5276 949 5357 ᾅνθρώπὸν
980 5276 1210 5357 ggbler.
1244 5288 1302 5338 et
1350 5276 1525 5357 Felc."
1551 5285 1604 5352 1,
1655 5276 1820 5357 (εὐοεῄ
1848 5276 1943 5342 se—

340 5297 427 5347 ru,
461 5297 637 5333 οντινα
667 5297 949 5407 ανυρθωπον
983 5297 1210 5337 uomer.
1244 5297 1302 5338 et
1350 5297 1498 5340 b'elc.
1551 5297 1604 5352 1,
1655 5302 1801 5357 quos
1848 5303 1943 5342 se—

340 5352 556 5426 uimur,
580 5356 645 5426 ut
671 5350 731 5405 in
821 5354 945 5426 ictu.
980 5351 1315 5426 Editivero,
1347 5354 1374 5409 ὀ
1404 5353 1615 5426 πῶλος,
1673 5355 1945 5411 τουτέστιν

390 5418 768 5498 ἀνθρωπότης.
791 5491 817 5498 η
832 5420 951 5475 Ἐὰν
1012 5419 1070 5475 δὲ
1100 5418 1342 5498 λέγωμεν
1383 5428 1570 5498 ἡμεῖς,
1603 5418 1757 5498 ’πᾶσα
1784 5430 1818 5497 ἡ
1854 5429 1945 5482 ἁν-

300 5491 587 5575 θρωπότης
620 5492 751 5548 ἐστί·
772 5491 965 5575 ,δκτινα
986 5499 1104 5575 etc.
1137 5491 1369 5575 Regius,
1405 5491 1523 5575 Ἐὰν
1552 5491 1809 5575 δείλ’έγω.

372 5566 482 5639 (89)
510 5564 699 5639 Κύριοι
730 5562 884 5639 αὐτοί
925 5566 1098 5639 Editi,
1129 5562 1314 5624 «6166.
1348 5562 1544 5627 minus
1600 5562 1772 5628 recte.
1831 5571 1945 5626 lbi-

298 5633 473 5716 detni
513 5633 875 5716 Basiliensis,
933 5633 1190 5716 ἐδέθησαν
1244 5640 1393 5716 ‘M‘ox,
1452 5643 1689 5716 Regius,
1748 5641 1944 5714 δεσμὸν

301 5680 427 5760 ivli"
437 5680 665 5781 ξεέιὶἷςῖξ
674 5680 908 5782 ἎΒΞιῖἒ.
933 5680 1689 5786 ῖςίἒτυεὲἆν”ὶπξ“δέἒξιοὲῗδ’π’

1638 4815 1682 4849 ⁸⁸
1713 4814 1861 4871 Psal.
1897 4832 2018 4885 cm,
2067 4818 2151 4873 14.

2058 4700 2426 4758 adversarius
2473 4701 2575 4755 60
2612 4704 2809 4755 noster
2835 4698 3125 4764 diabolus,
3160 4714 3402 4753 cernens
3435 4714 3525 4752 res
3558 4696 3705 4751 bene

2255 4817 2298 4851 '6
2350 4814 2497 4872 Psal.
2549 4832 2688 4883 xxu,
2736 4816 2788 4868 5.
2893 4816 2934 4849 97
2991 4818 3099 4869 lsa.
3152 4832 3192 4882 ι,
3243 4815 3294 4869 3.
3400 4814 3442 4847 9⁸
3492 4812 3698 4868 Matth.

2121 5004 2233 5073 (90)
2269 5001 2629 5067 Basiliensis,
2662 4998 3055 5073 ἐπιδρομήσας.

2143 5071 2235 5139 91)
2268 5075 2416 5137 Haec,
2473 5076 2569 5125 τοῦ
2602 5071 2845 5139 σκότους,
2881 5073 3094 5127 desunt
3127 5072 3185 5124 in
3217 5071 3545 5127 Basiliensi.

2143 5077 2203 5128 91
2268 5077 2416 5137 Haec,
2473 5077 2569 5125 τοῦ
2602 5077 2845 5139 σκότους,
2881 5077 3094 5127 desunt
3127 5077 3185 5124 in
3220 5077 3545 5127 Basiliensi.

2280 5145 2516 5216 Regius,
2566 5144 2725 5214 ἡμῶν
2775 5143 3078 5220 ἀφίσταντο.
3139 5143 3284 5197 Editi
3334 5159 3490 5210 vero,
3542 5144 3701 5214 ἡμῶν

2053 5214 2347 5293 eam

2123 5287 2233 5358 (93)
2296 5287 2532 5359 Regius,
2588 5282 2959 5358 ἐπιδεδήμηκε
3028 5286 3390 5355 Basiliensis,
3471 5280 3696 5357 ἐπιδρό-

2140 5377 2216 5415 σε.

2057 5379 2236 5500 μτῗέὶῗ)
2264 5430 2349 5484 lta
2381 5430 2613 5500 Regius.
2648 5428 2802 5483 Editi
2833 5445 2987 5498 vero,
3020 5427 3182 5482 οὕτω.

2146 5497 2347 5572 95⁷)Με
2379 5497 2534 5555 deest
2602 5502 2656 5554 in
2718 5501 2892 5556 Basil.
2954 5497 3011 5555 et
3066 5500 3287 5571 Anglic.
3348 5498 3495 5566 Mox,
3557 5497 3698 5567 Reg.

2054 5573 2238 5639 solus,
2261 5572 2567 5645 ἐπέστρεψε.

2124 5647 2235 5716 (96)
2270 5642 2468 5699 Λοιπόν
2498 5642 2665 5700 deest
2692 5642 2751 5698 in
2783 5642 3012 5699 Gobler.
3049 5649 3105 5698 et
3136 5642 3287 5697 Felc.
3324 5642 3372 5694 1.
