4100 6224
330 422 446 485 18$

1366 406 1469 467 DE
1512 398 1896 464 PASSIONE
1936 396 2039 457 ET
2085 391 2339 455 GRUCE
2388 387 2689 452 DOMINI.

3615 379 3730 442 £86

325 551 418 607 τὸν
465 547 595 621 ᾃδη,
650 544 741 601 τόν
803 543 996 619 ἰχθρὸν
1028 538 1431 607 καταπατήσας,
1462 534 1551 589 τὸν
1584 534 1810 621 Θάνατον
1845 525 1967 621 Δλόῆ

2102 524 2423 594 rinctosque
2470 518 2736 575 liberavit
2765 517 2966 572 dicens
3000 533 3012 571 ε
3047 513 3298 587 Surgite,
3331 512 3467 567 hinc
3498 508 3728 583 proﬁci-

330 661 447 707 σας,
479 617 605 706 ⁷τῆς
661 617 1000 710 κατεχούσης
1059 631 1207 701 ἡμᾶς
1270 623 1534 699 ἁμαρτίας
1584 621 1650 675 τὰ
1699 617 1869 710 δεσμᾶ
1899 617 1974 690 (4)

332 727 646 804 διαρρήξας,
698 706 831 784 τοὺς*
879 717 1281 791 πεπεδημένους
1355 713 1717 804 ἐλυτρώσατο,
1777 706 1971 804 λέγων’

330 791 650 893 Ἐγεὲρεσθι,
716 814 928 889 ἄγωμεν
1006 809 1267 893 ἐντεῦθεν.
1337 797 1813 876 Ἐλευθερωθὲντες
1883 791 1972 893 οἷόν

2087 629 2342 669 scamur.
2368 608 2621 665 Liberati
2655 623 2791 678 ergo
2823 623 2857 661 a
2886 605 3163 660 servitute
3182 600 3420 666 diaboli,
3461 604 3728 654 nostrum

2086 717 2478 777 agnoscamus
2502 699 2925 754 benefactorem
2948 714 2960 752 :
2986 694 3381 767 gloriﬁcamus
3398 691 3652 754 Patrem,
3676 692 3732 743 et

2085 794 2320 861 Filium,
2343 796 2399 847 et
2428 788 2711 861 Spiritum
2742 790 3014 841 sanctum
3042 803 3054 840 :
3082 799 3261 839 unam
3291 780 3571 836 Deitatem
3596 793 3732 832 con-

332 864 522 975 EX‘TﬁrC
576 864 846 963 δουλείας⁸
871 903 967 954 τοῦ
1014 892 1298 963 διαϐόλου,
1329 891 1626 966 ἐπιγνῶμεν
1656 889 1856 942 ἑαυτῶν
1884 885 1974 938 τὸν

2102 884 2376 938 iteamur.
2394 878 2488 933 Sic
2505 876 2659 933 enim
2683 876 2860 930 vitam
2886 873 3278 941 instituentes,
3298 884 3543 942 regnum
3567 864 3734 921 caelo-

338 993 644 1071 εὐεργέτην,
687 988 994 1063 δοξάσωμεν
1024 988 1114 1041 τὸν
1147 982 1375 1055 Πατέρα,
1407 978 1496 1034 καὶ
1522 978 1669 1047 Υἱόν,
1700 975 1789 1030 καὶ
1822 976 1975 1050 ἅγιον

2102 988 2218 1029 rum
2254 968 2685 1042 possidebimus
2714 965 2770 1018 in
2803 963 3029 1018 Christo
3063 962 3198 1017 Jesu
3234 958 3479 1015 Domino
3510 959 3729 1025 nostro,

2168 1062 2178 1071 .
2244 1059 2256 1071 ι
2335 1058 2347 1069 ο
2448 1061 2457 1071 ι
2489 1058 2498 1067 ο
2624 1070 2631 1071 ,
2682 1054 2691 1071 Β
2748 1069 2789 1071 γη
2826 1052 2873 1071 3,
2910 1050 3108 1071 -_A_r_l-
3140 1048 3477 1071 __---l-_.-...
3536 1051 3704 1071 ΔΜ...-

340 1048 552 1156 ἧνεῦμα
717 1048 839 1152 μέαν
872 1048 1111 1147 έεότητα
1142 1048 1605 1146 ὁμολῇγῆσωμεν.
1637 1062 1823 1127 Οὕτως
1870 1048 1975 1156 γὰρ

2102 1062 2179 1117 :ui
2205 1058 2387 1133 gloria
2410 1061 2465 1111 et
2488 1054 2799 1127 imperium
2826 1052 2885 1106 in
2907 1050 3117 1106 saacula
3138 1048 3504 1103 seculorum.
3526 1051 3729 1099 Amen.

2155 1152 2179 1156 ,Α
2220 1154 2254 1156 ,μ
2372 1148 2396 1156 ..
2467 1148 2494 1156 ..-
2538 1150 2573 1156 --
2658 1140 2667 1156 1
2749 1142 2761 1156 ι
2829 1144 2857 1154 ~
2964 1138 2993 1156 ν
3038 1139 3051 1156 ι
3099 1134 3181 1156 δ’»
3343 1134 3357 1152 π
3422 1134 3470 1156 _\
3537 1131 3729 1156 A.A_'___s

330 1131 1061 1243 πολιέυόμενόιβασιλείαν
1096 1131 1867 1237 οὐρανῶνιιιληρονομήσομεν
1888 1131 2399 1226 ’ὲν-Χριστῷἶῐησοῦ
2429 1148 2507 1215 τῷ
2538 1140 2717 1218 Κυρίῳ
2738 1142 2921 1212 ἡμῶν,
2953 1138 3000 1210 ᾧ
3027 1139 3062 1206 ὴ
3096 1134 3220 1208 δόξα
3272 1134 3359 1189 καὶ
3416 1134 3478 1188 τὸ
3536 1131 3733 1208 κράτος

334 1260 409 1323 εἷς
440 1258 565 1320 τοὺς
598 1256 795 1317 αἰῶνας
826 1258 933 1309 τῶν
993 1252 1227 1307 αἶ’ώνων.
1258 1250 1454 1321 Ἀμήν.

2092 1364 2183 1419 οὗν
2212 1365 2392 1419 deest.
2425 1361 2668 1424 Ibidem,
2702 1358 3012 1430 Regiusget
3040 1355 3279 1430 Seguer.
3312 1349 3545 1430 &1rb_tﬁ_c
3579 1344 3735 1430 δουλ.

2162 1438 2239 1521 £5)
2272 1418 2875 1521 [tegulisngoblerfet
2922 1426 3070 1484 Felc.
3114 1418 3359 1497 primus,
3393 1421 3602 1496 Πατέρα
3641 1418 3734 1473 σὺν

2091 1500 2203 1578 Υἱῷ
2223 1500 2319 1560 ’καὶ
2352 1500 2653 1579 ἇγίῷιινεύ
2663 1521 2810 1573 ματι.

402 1388 480 1512 ξά)
512 1390 597 1441 Ita
626 1399 830 1440 omnes
862 1399 1003 1437 mss.
1037 1378 1189 1435 Editi
1222 1394 1375 1443 vero,
1405 1371 1472 1427 τὰ
1516 1372 1771 1442 δέσματα,
1806 1367 1977 1424 male.

426 1459 484 1512 d.
541 1458 776 1512 Regius.
818 1451 1126 1512 διαὸὁήξας.
1176 1447 1272 1501 Καὶ
1328 1446 1469 1501 οῧτω
1526 1447 1656 1512 γοῦν
1713 1438 1801 1495 καὶ
1856 1436 1977 1499 τοὺς

336 1451 484 1515 ἰδῖἆ.
541 1458 776 1529 Regius,
818 1451 1126 1528 διαρρήξας.
1176 1451 1272 1501 Καὶ
1328 1451 1469 1501 οὕτω
1526 1451 1656 1517 γοῦν
1713 1451 1801 1495 καί
1856 1451 1982 1499 τους

335 1526 540 1590 ἄλλους
589 1526 776 1603 ἤγειρε
824 1523 1015 1601 λέγων.
1066 1528 1211 1591 Mox,
1262 1522 1320 1575 in
1363 1516 1591 1574 Gobler.
1636 1519 1692 1571 et
1747 1512 1894 1569 Felc.
1930 1513 1981 1577 1,

334 1629 3740 1680 __________________________.._.._____.______

781 1766 881 1822 6|
934 1761 1011 1820 ΙΝ
1059 1755 1455 1819 HOMILIAM
1498 1753 1600 1811 DE
1644 1747 2019 1810 PASSIONE
2062 1746 2163 1806 ET
2208 1743 2462 1804 CRUCE
2509 1740 2784 1802 DOMINI
2833 1734 3285 1799 ADMONITIO.

413 1909 442 1937 «
480 1887 832 1943 Dubitarunt
871 1882 1103 1956 jamdiu
1134 1879 1241 1935 viri
1270 1874 1653 1934 eruditissimi
1702 1872 1854 1928 sitne
1902 1866 2204 1925 Athanasii
2254 1866 2376 1921 hac
2429 1863 2691 1932 homilia,
2722 1880 2787 1918 eo
2843 1862 3093 1916 maxime
3140 1857 3410 1932 permoti,
3444 1856 3597 1929 quod
3649 1854 3744 1911 hic

339 1992 515 2035 omne
537 1945 1085 2047 juramenti'genus
1134 1968 1509 2042 prohibeatur
1540 1982 1554 2020 :
1590 1979 1722 2017 cum
1754 1966 1949 2015 tamen
2000 1956 2379 2023 Athanasius,
2413 1955 2629 2009 nodum
2676 1952 2917 2009 omnino
2948 1950 3262 2005 vctandum
3314 1946 3554 2019 putarit,
3578 1945 3746 2016 jura-

339 2034 683 2121 mento'non
715 2034 1210 2118 semelvutatur'in
1243 2053 1525 2129 Apologia
1550 2053 1621 2108 ad
1648 2048 2077 2106 Constantium.
2102 2049 2291 2117 Auget
2320 2042 2714 2114 suspicionem
2741 2040 2871 2112 styli
2905 2054 3090 2111 genus
3121 2034 3364 2104 humile,
3388 2034 3745 2090 demissum-

338 2170 475 2233 que,
508 2158 565 2209 et
593 2153 664 2208 ab
695 2150 997 2207 Athanasii
1030 2143 1266 2222 ἐνεργείᾳ
1296 2126 1782 2201 remotissimum.
1816 2138 1897 2194 Ad
1928 2137 2050 2191 hinc
2094 2132 2530 2233 explanationes
2560 2126 3289 2233 S'cripturarumpistortze
3325 2126 3748 2233 parumque‘ad

337 2212 474 2299 rem,
494 2242 875 2315 pertinentes,
907 2244 985 2307 et,
1018 2242 1084 2294 ut
1112 2212 1283 2293 nemo
1328 2251 1445 2290 non
1497 2233 1767 2299 fateatur,
1799 2231 1961 2283 tanto
1992 2227 2225 2280 doctore
2274 2221 2548 2294 indignae.
2580 2220 2651 2275 Et
2689 2234 2828 2274 sane
2874 2216 3199 2289 saepissime
3229 2212 3459 2290 φλυαρεῖ
3500 2212 3752 2284 scriptor

336 2332 466 2396 iste,
495 2301 913 2401 argumentum
947 2301 1197 2383 subinde
1227 2328 1436 2380 mutat.
1470 2322 1553 2377 Ne
1584 2319 1812 2388 multis,
1844 2315 1991 2371 nihil
2031 2313 2125 2369 hic
2174 2310 2535 2369 advertimus
2564 2307 3045 2364 Athanasianum.
3080 2308 3268 2371 Quare
3298 2303 3534 2358 animus
3564 2301 3755 2357 fuerat

338 2390 469 2476 eam
513 2390 665 2473 inter
707 2416 911 2490 spuria
957 2415 1227 2487 ablegare
1262 2430 1275 2467 :
1309 2413 1449 2484 quia
1494 2415 1693 2465 tamen
1726 2409 1784 2462 in
1816 2402 2248 2475 antiquioribus
2279 2399 2602 2466 codicibus,
2636 2402 2693 2454 et
2742 2398 2800 2451 in
2852 2393 3263 2451 Alhanasianis
3311 2390 3753 2448 collectionibus

339 2508 648 2581 reperitur,
682 2523 749 2565 eo
779 2506 1016 2563 nomine
1046 2507 1201 2561 inter
1231 2503 1410 2559 dubia
1441 2517 1569 2558 eam
1604 2512 1995 2555 recensemus.
2018 2517 2047 2545 »

1506 2790 1633 2844 ΤΟΥ
1670 2786 1759 2842 ΕΝ
1798 2784 2033 2840 ΑΓΙΟΙΣ
2074 2779 2346 2837 ΙῙΑΤΡΟΣ
2388 2778 2579 2835 ΗΜΩΝ

1702 2957 2430 3057 ΑΘΑΝΑΣΙΟΥ

1163 3158 1279 3213 ΕΙΣ
1315 3155 1403 3211 ΤΟ
1445 3155 1672 3211 [ΙΑΘΟΣ
1709 3156 1834 3207 ΤΟΥ
1873 3152 2111 3209 ΚΥΡΙοΥ
2149 3151 2271 3206 ΚΑΙ
2309 3149 2423 3204 ΕΙΣ
2463 3148 2593 3203 TON
2637 3149 2955 3203 ΣΤΑΥΡΟΝ.

1478 3449 1571 3542 S.
1626 3448 1724 3541 P.
1778 3447 1889 3541 N.
1962 3443 2641 3539 ATHANASII

1447 3640 1523 3693 IN
1563 3634 1943 3692 PASSIONEM
1980 3633 2068 3689 ET
2102 3631 2377 3690 CRUCEM
2414 3631 2671 3689 DOMINI.

428 3918 476 3971 1.
510 3938 537 3966 ‹‹
574 3914 671 3969 Καὶ
705 3911 952 3977 ἐλθόντες
984 3911 1060 3975 εἷς
1105 3910 1273 3967 τόπον
1313 3908 1608 3987 λεγόμενον
1658 3908 1931 3984 Γολγοθᾶ,

2187 3910 2239 3964 1.
2264 3932 2291 3960 ‹‹
2326 3910 2391 3965 Et
2422 3915 2708 3967 venerunt
2737 3910 2795 3965 in
2826 3908 3020 3968 locum
3060 3912 3161 3982 qui
3208 3912 3424 3969 dicitur
3455 3912 3764 3986 Golgotha,

354 4003 464 4059 ἐστι
522 4001 751 4079 Κρανίου
804 4000 972 4063 τόπος
1024 3998 1344 4076 λεγόμενος,
1398 3997 1602 4057 ἔδωκαν
1663 3997 1809 4069 αὖτῷ
1859 3996 1972 4051 οῖνο

2117 4000 2271 4070 quod
2323 4004 2412 4054 est
2449 3999 2719 4055 Calvariza
2768 3999 2977 4056 locus:
3013 4001 3416 4075 dederuntque
3465 4002 3517 4058 ei
3560 4003 3763 4060 vinum

354 4097 496 4148 πιεῖν
555 4091 689 4164 μετά
736 4089 917 4165 χολῆς
972 4088 1329 4164 μεμιγμένον.
1387 4088 1485 4143 Καὶ
1523 4089 1873 4164 γευσάμενος,
1910 4085 1970 4139 οὗ

2115 4089 2313 4143 bibere
2345 4106 2475 4143 cum
2511 4088 2642 4145 felle
2670 4090 2936 4146 mistum.
2966 4091 3033 4146 Et
3064 4107 3195 4146 cum
3230 4096 3547 4163 gustasset,
3582 4093 3769 4149 noluit

354 4178 521 4251 ἤθελε
562 4185 724 4237 πιεῖν.
790 4179 1204 4255 Σταυρώσαντες
1273 4175 1330 4231 δὲ
1392 4176 1572 4246 αὐτὸν,
1634 4174 1974 4249 ὃιεμερίσαντ

2117 4178 2333 4233 bibere.
2370 4182 2685 4250 Postquam
2735 4183 2929 4235 autem
2972 4180 3384 4236 cruciﬁxerunt
3425 4198 3582 4251 eum,
3617 4182 3767 4237 divi-

354 4270 421 4325 τὰ
469 4268 662 4343 ἱμὰτια
718 4268 904 4340 αὐτοῦ,
966 4266 1300 4343 βλάλλοντες
1353 4268 1431 4339 (6)
1475 4264 1701 4339 κλῆρον·
1738 4261 1832 4317 ’ἶνα
1861 4262 1975 4335 πλη

2119 4270 2323 4324 serunt
2352 4268 2700 4324 vestimenta
2742 4270 2892 4339 ejus,
2927 4274 3143 4325 sortem
3178 4270 3475 4326 mittentes
3509 4287 3523 4326 :
3556 4275 3621 4326 ut
3651 4271 3766 4326 im-

360 4362 508 4436 ρωθῇ
555 4358 617 4413 τὸ
671 4356 832 4434 ῥηθὶν
886 4356 988 4411 ὑπὸ
1034 4359 1132 4409 τοῦ
1183 4355 1497 4430 Προφήτου’
1533 4352 1915 4436 Διεμερίσαντο
1944 4373 1973 4405 τ

2121 4353 2377 4425 pleretur
2406 4355 2558 4426 quod
2590 4355 2811 4411 dictum
2853 4360 2942 4412 est
2991 4373 3093 4428 per
3141 4356 3485 4429 Prophetam
3512 4360 3533 4392 ⁵
3568 4377 3581 4416 :
3615 4358 3769 4415 Divi-

356 4434 550 4521 ἱμάτιά
584 4468 688 4520 μου
720 4446 956 4516 ἑαυτοῖς,
987 4442 1076 4497 καὶ
1110 4442 1197 4497 ἐπὶ
1224 4444 1316 4497 τὸν
1347 4439 1642 4514 ἳματισμόν
1678 4461 1781 4512 μου
1813 4434 1975 4495 ἔϐαλο

2121 4447 2325 4497 serunt
2353 4443 2465 4497 sibi
2493 4444 2849 4500 vestimenta
2878 4460 3028 4513 mea,
3050 4449 3109 4501 et
3130 4461 3307 4516 super
3327 4450 3542 4502 vestem
3582 4463 3769 4503 meam

358 4535 590 4610 κλῆρον.
619 4532 720 4588 Καὶ
752 4533 1054 4605 καθήμενοι
1088 4530 1311 4605 ἐτήρουν
1344 4528 1503 4585 αὐτὸν
1538 4528 1665 4587 ἐκεῖ.
1708 4552 1735 4581 ››
1786 4528 1885 4583 Καὶ
1934 4528 1975 4583 εἳ

2123 4531 2411 4586 miserunt
2440 4536 2682 4588 sortem.
2706 4532 2776 4588 Et
2808 4533 3077 4590 sedentes
3107 4534 3415 4589 servabant
3432 4550 3567 4591 eum
3590 4534 3670 4590 ibi
3691 4536 3769 4591 δ.»

361 4622 427 4679 τὰ
457 4623 581 4695 δεῆς
615 4624 713 4696 (7).

2123 4620 2188 4674 Et
2218 4620 2277 4675 in
2309 4621 2630 4693 sequentia.

431 4711 503 4766 Τὸ
554 4709 651 4783 μὶν
700 4707 1039 4785 ἀναγνωσθὶν
1093 4707 1254 4783 ῥητὸν
1289 4704 1639 4782 εὖαγγελικόν
1673 4704 1804 4761 ἐστι·
1840 4727 1975 4784 σαφη

2192 4710 2353 4774 Quod
2393 4711 2642 4782 jamiam
2694 4711 2909 4767 lectum
2954 4716 3064 4781 est,
3097 4712 3500 4786 evangelicum
3548 4718 3637 4770 est
3681 4715 3770 4770 di-

357 4801 498 4863 νείας
552 4797 611 4855 εὶ
654 4797 851 4854 τούτου
904 4796 1066 4874 χάριν
1112 4794 1278 4852 καλὸν
1311 4795 1447 4871 πρὸς
1478 4794 1606 4857 τοὺς
1639 4793 1826 4871 ἁγίους
1856 4816 1975 4850 κατο

2122 4802 2317 4866 ctum;
2352 4800 2614 4857 clarioris
2658 4806 2853 4857 autem
2903 4800 3308 4872 explicationis
3352 4820 3549 4872 causa,
3583 4821 3769 4877 operas

359 4893 568 4967 φυγεῖν,
625 4888 717 4943 καὶ
772 4886 899 4962 παρ’
948 4884 1123 4941 αὖτῶν
1168 4885 1268 4954 τὴν
1322 4884 1518 4940 τούτου
1569 4882 1809 4940 διάνοιαν
1849 4882 1975 4941 ἔκλα

2123 4889 2377 4960 pretium
2421 4888 2551 4956 erit,
2583 4890 2655 4944 ad
2690 4893 2928 4945 sanctos
2959 4891 3293 4962 confugere,
3326 4896 3500 4963 atque
3531 4894 3603 4949 ab
3653 4893 3773 4949 illis

360 4973 498 5034 ϐεἶν.
550 4977 815 5038 Ἐκεῐνους
862 4975 964 5052 γὰρ
1018 4973 1232 5049 μᾶλλον
1264 4975 1301 5044 ἢ
1333 4977 1483 5048 ἡμᾶς
1512 4979 1629 5037 τοῖς
1663 4972 1975 5052 Εὐαγγελίοι

2122 4979 2253 5049 ejus
2282 4977 2732 5049 intelligentiam
2768 4978 3040 5034 mutuari.
3078 4978 3209 5035 Illos
3240 4980 3395 5035 enim
3429 4980 3563 5053 plus
3595 4999 3773 5053 quam

361 5064 706 5129 συνίστασθαι
734 5066 1020 5141 προσήκει.
1052 5064 1151 5120 Καὶ
1175 5062 1268 5119 *ἱνα
1304 5064 1380 5137 μὴ
1412 5061 1836 5139 περιερχόμενοι
1883 5063 1975 5118 τοὺ

2123 5082 2230 5123 nos
2260 5066 2710 5137 Evangeliorum
2742 5066 2960 5139 peritos
2990 5067 3325 5124 existimare
3356 5072 3645 5127 convenit.
3672 5070 3775 5127 Ve-

362 5154 566 5217 πάντας
616 5147 1056 5229 ἔπιεραδόνωμεν
1109 5155 1190 5223 τῷ
1244 5149 1417 5229 λόγῳ,
1474 5151 1627 5227 ἀρκεῖ
1663 5152 1753 5207 καὶ
1790 5151 1952 5225 μόνος

2123 5172 2254 5211 rum
2279 5172 2349 5211 ne
2372 5155 2430 5210 in
2457 5154 2707 5227 singulis
2730 5172 2933 5212 eorum
2966 5158 3372 5230 percurrendis
3405 5157 3628 5216 diutius
3656 5158 3772 5215 im-

365 5241 702 5332 ,Δπόστολλος
761 5242 896 5332 προς
950 5242 1048 5310 τὴν
1105 5243 1265 5315 ἡμῶν
1324 5239 1704 5332 πληροφορίαν
1773 5240 1975 5317 γενέσθω

2126 5260 2443 5313 moremur,
2468 5260 2623 5299 unus
2654 5244 2799 5300 satis
2843 5250 2920 5300 sit
2947 5245 3282 5318 Apostolus,
3315 5246 3412 5318 qui
3448 5264 3554 5303 nos
3600 5249 3772 5319 plene

366 5330 717 5394 διδάσκαλος.
768 5330 964 5409 Γράφει
1019 5332 1121 5406 γὰρ
1175 5335 1293 5386 τοῖς
1354 5326 1626 5404 Ἑϐραίοις
1658 5331 1817 5394 αὐτὸς
1852 5331 1879 5386 ὀ
1915 5353 1975 5405 μο

2123 5334 2232 5389 hac
2263 5332 2321 5388 in
2356 5349 2415 5388 re
2447 5333 2695 5389 erudiat.
2725 5335 2807 5389 Ad
2842 5335 3111 5391 Hebraeos
3140 5336 3295 5390 enim
3330 5336 3532 5392 scribit
3565 5338 3772 5394 beatus

437 5487 458 5521 ⁸
486 5483 640 5541 Psal.
672 5501 787 5552 xxx,
822 5484 909 5538 19.
985 5483 1007 5519 ⁸
1037 5482 1246 5539 Matth.
1279 5498 1454 5553 xxvn,
1487 5483 1677 5539 33-36.

440 5636 517 5781 is;
546 5634 904 5708 Anglicanus
932 5637 990 5691 et
1019 5632 1171 5690 Felc.
1202 5633 1258 5700 3,
1294 5630 1575 5707 βαλόντις.

549 5708 635 5765 Ita
664 5722 869 5765 omnes
898 5704 1305 5777 manuscripti,
1335 5708 1573 5777 excepto

549 5704 869 5765 Ita’omnes
898 5704 1305 5777 manuscripti,
1335 5708 1573 5777 excepto
1604 5704 1753 5763 Felc.
1784 5706 1838 5762 3.
1873 5705 1975 5778 Reg

2113 5706 2355 5776 ibidem,
2386 5706 2475 5762 καὶ
2504 5705 2581 5771 εἷς
2609 5709 2677 5763 τὰ
2706 5708 2827 5780 ἑξῆς
2856 5708 2979 5785 περὶ
3008 5712 3107 5765 τοῖ’)
3128 5707 3354 5775 πάθους.
