4100 6224
276 389 392 448 189
1312 387 1413 448 DE
1461 385 1844 451 PASSIONE
1888 389 1910 448 Ι

2032 390 2288 452 CRUGE
2337 390 2642 452 DOMINI.
3568 393 3685 452 190

272 514 578 591 χρημάτων
612 517 728 588 (11)
775 516 960 589 μόνον,
1019 515 1164 572 ἀλλὰ
1223 519 1312 571 καὶ
1372 519 1536 594 μέχρι
1599 516 1766 595 λόγου
1832 518 1910 573 καῖ

2035 523 2136 578 sed
2171 522 2346 578 etiam
2377 523 2450 578 ad
2497 522 2694 589 verba,
2729 523 2800 578 ad
2857 520 3335 594 propositumque
3381 521 3680 594 pertingit.

272 605 641 681 προαιρέσεως
698 605 864 674 αὐτῆς
943 605 1148 684 φθάνει.
1203 604 1340 660 Οὺδὲ
1397 609 1499 681 γάρ
1561 605 1615 662 εἷ’
1673 629 1754 670 τις
1814 607 1923 662 ἐστι

272 694 438 763 πένης
507 694 834 770 χρημάτων,
892 695 1049 757 οὗτος
1103 696 1192 750 καὶ
1251 697 1638 771 προαιρέσεως.
1700 699 1921 770 ἈμέΛει

269 783 334 838 τὸ
395 785 531 858 μὲγα
588 779 754 846 ὅντως
801 784 890 838 καὶ
946 785 1089 838 θεῖον
1150 788 1446 860 μυστήριον
1506 789 1664 858 ἡμῶν
1709 787 1806 840 οὐκ
1836 785 1924 841 ἐπὶ

269 875 552 947 χρήμασιν
613 871 727 948 ἔχει
776 875 876 941 τὴν
939 872 1252 948 ὑπόσχεσιν,
1305 873 1430 930 ἀλλ’
1471 873 1556 929 ἐπὶ
1614 876 1921 951 προαιρέσει

269 960 462 1032 τελείᾳ
489 962 579 1015 καὶ
607 965 675 1034 τῇ
706 962 838 1016 κατά
867 963 994 1016 Θεὸν
1046 961 1244 1019 πίστεί.
1306 963 1506 1025 Πάντες
1564 968 1693 1038 γοῦν
1751 963 1922 1038 ἐπηγο

273 1048 596 1124 γειλάμεθα,
655 1049 739 1103 καί
817 1051 1010 1112 πάντες
1088 1049 1246 1123 ἐσμεν
1326 1050 1658 1127 ἐπαγγελίας
1741 1058 1921 1128 χρεῶ-

268 1158 406 1193 σται·
469 1137 605 1192 ὥστε
663 1139 866 1213 ἀνάγκη
927 1137 1246 1195 ἀποδιδόναι
1302 1143 1399 1210 τήν
1479 1143 1570 1213 μὲν
1631 1142 1922 1217 παρθένον,

263 1227 363 1295 τὴν
440 1227 719 1302 παρθενίαν
807 1228 1000 1282 ὁποίαν
1064 1229 1154 1283 καὶ
1232 1227 1618 1305 ἐπηγγείλατο·
1696 1231 1786 1284 τὸν
1863 1228 1920 1284 δὲ

268 1315 525 1391 ἐγκρατῆ,
573 1317 672 1385 τὴν
722 1316 1054 1392 ἐγκράτειαν·
1105 1319 1231 1379 τοὺς
1288 1315 1345 1372 δὲ
1384 1318 1435 1373 ἐν
1467 1319 1650 1393 γάμῳ,
1681 1320 1777 1387 τήν
1813 1340 1919 1373 σω-

267 1404 558 1482 φροσύνην,
618 1406 707 1460 καὶ
748 1407 846 1473 τὴν
898 1406 1035 1480 πρὸς
1087 1406 1371 1476 ἀλλήλους
1428 1407 1642 1482 ἀγάπην
1700 1409 1789 1462 καὶ
1836 1430 1918 1462 τι-

269 1496 399 1566 μήν·
432 1494 521 1548 καί
550 1492 710 1556 τέλος
744 1496 946 1556 πάντας
975 1496 1073 1564 τήν
1107 1495 1184 1557 εἷς
1227 1497 1354 1551 Θεὸν
1405 1497 1583 1550 πίστιν
1629 1497 1718 1551 καὶ
1767 1495 1923 1551 εὐλά-

265 1577 413 1637 ϐειαν
487 1581 577 1636 καὶ
655 1580 1023 1655 δικαιοσύνην,
1101 1584 1190 1639 καὶ
1249 1583 1488 1658 ἀνδρίαν·
1560 1585 1648 1639 ’ἰνα
1709 1587 1784 1659 μὴ
1845 1586 1919 1648 ὡς

261 1672 585 1746 ἀγνώμονας
661 1675 812 1745 ἡμᾶς
883 1673 945 1727 τὸ
1022 1671 1370 1750 παράδειγμα
1414 1679 1520 1729 τῶν
1577 1675 1700 1750 περὶ
1759 1677 1917 1731 Ἀνα-

256 1759 370 1815 νίαν
437 1761 546 1832 (12)
627 1761 717 1815 καὶ
801 1760 1110 1837 Σάπφειραν
1188 1758 1488 1836 καταλάϐῃ.
1557 1764 1766 1820 Τούτου
1814 1765 1916 1840 γὰρ

258 1850 421 1924 χάριν
473 1849 563 1903 καὶ
617 1849 644 1903 ὁ
689 1849 1054 1914 ἀποστολικὸς
1102 1851 1560 1928 προασφαλίζεται
1611 1851 1799 1928 λόγος·
1833 1852 1915 1907 ὅτι

269 1959 300 1991 α
330 1935 592 1995 Ἀπόδοτε
620 1945 750 1993 πᾶσι
780 1938 874 2001 τὰς
907 1937 1153 2017 ὀφειλάς,
1184 1945 1262 2011 τῷ
1289 1941 1379 1994 τὸν
1415 1941 1580 2018 φόρον
1611 1942 1700 1995 τὸν
1725 1939 1914 2018 φόρον·

258 2030 339 2098 τῷ
385 2027 486 2095 τήν
545 2029 714 2099 τιμήν
771 2029 872 2096 τὴν
927 2031 1118 2101 τιμήν.
1173 2027 1378 2099 Μηδενὶ
1431 2027 1600 2101 μηδὲν
1651 2027 1915 2106 ὀφείλετε,

261 2114 308 2170 εἰ
361 2117 439 2188 μή
486 2117 550 2170 τὸ
595 2115 880 2186 ἀλλήλους
929 2116 1163 2190 ἀγαπᾷν.
1217 2142 1244 2168 ›)
1290 2123 1458 2173 Τοῦτο
1497 2119 1790 2189 πεποίηκεν
1822 2118 1918 2174 αύ-

260 2205 354 2266 τὸς
411 2205 439 2258 ὁ
495 2209 662 2258 ταῦτα
708 2206 1010 2281 κηρύττων.
1085 2207 1286 2281 Ὠσπερ
1552 2207 1642 2262 οῦν
1698 2207 1916 2283 παῤῥη-

263 2291 499 2361 σιάζεται
556 2293 797 2370 γράφων·
863 2318 892 2346 ιι
948 2296 1047 2348 Τὸν
1108 2292 1275 2349 καλὸν
1336 2296 1520 2370 ἀγῶνα
1577 2297 1913 2370 ἠγώνισμαι·

258 2382 350 2436 τὸν
403 2379 607 2456 δρόμον
654 2380 927 2448 τετὲλεκα,
986 2385 1087 2451 τὴν
1137 2382 1316 2438 πίστιν
1367 2387 1660 2459 τετήρηκα·
1725 2383 1919 2441 λοιπὸν

258 2468 540 2524 ἀπόκειταί
592 2491 687 2542 μοι
742 2469 770 2524 ὀ
811 2477 909 2538 τῆς
958 2467 1306 2542 δικαιοσύνης
1363 2475 1644 2550 στέφανος,
1688 2473 1745 2528 ὅν
1780 2474 1914 2529 ἀπο-

261 2558 420 2615 δώσει
487 2581 581 2632 μοι
632 2560 660 2614 ὁ
711 2557 916 2622 δίκαιος
964 2563 1179 2635 κριτής.
1232 2585 1260 2612 »
1319 2563 1407 2630 Μὴ
1453 2563 1787 2636 ψευσάμενος
1815 2563 1917 2639 γὰρ

1951 1906 1998 1970 Β

2032 611 2156 665 Non
2186 611 2340 666 enim
2375 610 2644 682 quisquis
2671 610 2914 680 divitiis,
2938 610 2988 664 is
3009 609 3310 681 proposito
3334 624 3555 681 pauper
3574 615 3684 666 est.

2033 700 2196 753 Certe
2226 716 2356 754 vere
2388 715 2668 771 magnum
2721 698 2886 768 illud,
2922 697 3304 768 divinumque
3337 697 3685 768 mysterium

2033 793 2322 854 nostrum,
2357 805 2469 843 non
2502 788 2559 842 in
2593 788 2855 858 pecuniis
2887 787 3062 842 habet
3092 786 3561 857 promissionem,
3583 786 3684 842 sed

2034 876 2089 930 in
2113 877 2363 947 perfecto
2390 878 2686 948 proposito
2705 883 2760 931 et
2785 877 2895 930 fide
2929 893 3062 945 erga
3078 876 3280 931 Deum.
3307 875 3523 931 Omnes
3543 891 3686 932 sane

2036 966 2457 1036 promittimus,
2490 983 2695 1021 omnes
2745 965 2860 1020 voti
2907 966 3199 1020 debitores
3231 982 3474 1032 sumus;
3509 963 3592 1019 ita
3621 968 3687 1020 ut

2034 1069 2338 1110 necessum
2374 1055 2450 1108 sit
2499 1072 2728 1109 servare
2758 1055 3040 1125 virginem
3082 1054 3499 1125 virginitatem,
3531 1070 3686 1125 qua-

2031 1142 2142 1198 lem
2177 1144 2481 1213 promisit;
2527 1145 2949 1206 continentem,
2983 1143 3404 1197 continentiam
3432 1161 3445 1210 ;
3479 1143 3684 1214 conju-

2030 1239 2216 1302 gatos,
2251 1232 2618 1302 pudicitiam,
2643 1239 2913 1287 mutuum
2937 1247 3218 1301 amorem,
3244 1232 3681 1303 honoremque:

2030 1322 2268 1375 demum
2293 1338 2498 1376 omnes
2522 1322 2697 1376 ﬁdem
2723 1326 2779 1377 et
2801 1322 3180 1377 reverentiam
3204 1337 3340 1390 erga
3361 1319 3683 1391 Deum,ju-

2030 1410 2251 1466 stitiam
2271 1415 2327 1464 et
2352 1411 2750 1465 fortitudinem
2782 1429 2794 1478 ;
2829 1427 2900 1464 ne
2923 1427 3029 1465 nos
3053 1414 3250 1480 utpote
3272 1409 3534 1478 ingratos
3557 1424 3688 1480 per-

2029 1497 2318 1570 ﬁdosque,
2341 1500 2573 1553 Anania
2596 1505 2654 1554 et
2671 1499 2972 1570 Sapphiraa
3001 1497 3330 1569 exemplum
3355 1497 3680 1568 apprehen-

2030 1588 2148 1642 dat.
2183 1589 2370 1657 Hujus
2401 1587 2555 1642 enim
2582 1589 2661 1643 rei
2700 1588 3081 1659 praecavenda:
3105 1586 3293 1657 gratia
3321 1585 3680 1657 apostolicus

2029 1675 2296 1730 ﬁrmatur
2342 1693 2532 1730 sermo
2568 1692 2580 1730 :
2631 1699 2657 1725 «
2694 1677 2933 1730 Reddite
2979 1676 3255 1730 omnibus
3304 1674 3502 1729 debita
3535 1692 3548 1730 :
3583 1674 3681 1730 cui

2026 1764 2297 1836 vectigal,
2328 1765 2612 1836 vectigal;
2665 1767 2756 1820 cui
2802 1767 3091 1830 timorem,
3129 1765 3400 1819 timorem
3449 1763 3544 1818 cui
3573 1763 3678 1819 ho-

2029 1870 2252 1923 norem,
2289 1854 2589 1909 honorem.
2626 1854 2854 1909 Nemini
2888 1853 3210 1925 quidquam
3243 1852 3527 1922 debeatis,
3561 1852 3676 1908 nisi

2029 1947 2095 1997 ut
2123 1959 2222 1997 vos
2272 1948 2478 1998 mutuo
2528 1942 2784 2014 diligatis
2810 1944 2870 1996 ιτ.
2909 1966 2935 1990 ››
2967 1943 3085 1996 Hoc
3116 1941 3386 2012 praestitit
3422 1941 3550 2012 ipse
3579 1941 3684 2012 qui

2026 2030 2142 2085 ista
2191 2031 2540 2101 praedicavit.
2586 2034 2774 2101 Atque
2822 2031 2949 2086 ideo
2983 2031 3102 2084 haec
3152 2029 3397 2084 ﬁdenter
3433 2031 3504 2084 de
3552 2045 3684 2086 sese

2029 2120 2303 2191 praedicat
2337 2137 2348 2173 :
2390 2143 2409 2169 ιι
2449 2121 2666 2174 Bonum
2692 2125 2985 2174 certamen
3017 2121 3253 2185 certavi,
3279 2135 3518 2174 cursum
3541 2135 3680 2174 con-

2028 2209 2342 2273 summavi,
2397 2209 2568 2263 ﬁdem
2622 2209 2844 2263 servavi
2881 2208 2981 2262 :in
3031 2207 3256 2278 reliquo
3309 2208 3565 2278 reposita
3591 2211 3682 2264 est

2029 2297 2171 2352 mihi
2194 2314 2408 2351 corona
2432 2298 2702 2368 justitiae,
2737 2314 2912 2369 quem
2948 2297 3149 2351 reddet
3181 2295 3322 2350 mihi
3348 2297 3551 2366 justus
3577 2297 3678 2367 ju-

2029 2388 2133 2440 dex
2162 2388 2224 2440 ¹⁸.
2264 2408 2289 2435 ››
2321 2387 2442 2440 Non
2495 2387 2647 2440 enim
2684 2387 2935 2440 mendax
2967 2386 3024 2440 in
3058 2383 3387 2456 promissis,
3421 2385 3522 2440 sed
3554 2401 3679 2441 ser-

2027 2491 2168 2530 vans
2201 2491 2265 2529 ea
2293 2491 2416 2545 qua:
2441 2480 2552 2529 Deo
2583 2475 2880 2545 pollicitus
2911 2478 3055 2538 erat,
3091 2490 3122 2527 a
3151 2489 3288 2527 vero
3317 2477 3373 2528 et
3401 2472 3527 2544 ipse
3557 2473 3674 2529 Deo

2030 2563 2283 2618 obtinuit
2314 2579 2428 2618 non
2460 2564 2740 2619 caducam
2776 2562 3246 2634 promissionem.

260 2648 341 2727 ἐφ’
374 2649 456 2711 οἷς
489 2647 872 2724 ἐπηγγείλατο,
907 2648 1052 2704 ἀλλὰ
1081 2650 1168 2704 καὶ
1200 2653 1442 2726 τηρήσας
1459 2653 1560 2721 τήν
1591 2653 1727 2729 πρὸς
1757 2653 1848 2708 τὸν
1882 2650 2008 2707 Θεὸν
2038 2650 2352 2726 ὑπόσχεσιν,
2397 2649 2525 2725 ἔσχε
2553 2650 2641 2703 καὶ
2696 2649 2853 2711 αὐτὸς
2905 2647 3241 2703 ἀδιάπτωτον
3294 2650 3391 2717 τὴν
3443 2648 3676 2724 ἐπαγγε-

262 2737 384 2794 λίαν
416 2737 562 2812 παρὰ
584 2743 680 2792 τοῦ
712 2738 975 2809 ἀληθινοῦ
1007 2743 1162 2797 Θεοῦ.

334 2831 387 2884 4.
447 2827 651 2882 Οὐκοῦν
714 2825 803 2882 διὰ
885 2832 1046 2883 τοῦτο
1110 2830 1245 2901 ἡμῖν
1306 2825 1669 2902 συμϐουλεύει
1718 2829 1914 2905 λὲγων·

269 2941 294 2969 «
327 2917 417 2984 Μὴ
471 2913 726 2990 ψεύδεσθε
780 2916 854 2978 εἷς
906 2915 1216 2986 ἀλλήλους·
1266 2942 1294 2970 ››
1328 2919 1417 2972 καὶ
1470 2917 1655 2972 πάλιν·
1723 2941 1749 2973 ο
1805 2926 1913 2974 Πᾶν

264 3003 459 3079 ψεῦδος
483 3005 541 3060 ἐκ
569 3010 666 3060 τοῦ
700 3001 970 3078 στόματος
1004 3007 1153 3078 ὑμῶν
1185 3008 1296 3079 (14)
1351 3007 1426 3079 μὴ
1461 3006 1849 3083 ἐκπορευέσθω.
1883 3031 1912 3059 ››

266 3093 421 3149 Θέλει
473 3095 573 3169 γὰρ
626 3096 776 3166 ἡμᾶς
829 3096 1074 3167 μιμητὰς
1125 3095 1315 3148 ἑαυτοῦ
1372 3097 1612 3170 γενέσθαι
1668 3098 1911 3173 γράφων·

263 3206 292 3234 ‹‹
340 3180 636 3252 Ἀλήθειαν
693 3181 856 3258 λέγω,
901 3182 961 3236 ού
994 3181 1285 3256 ψεύδομαι.
1323 3207 1350 3234 ››
1385 3181 1602 3252 Ἐπειδή
1633 3184 1722 3238 καὶ
1756 3183 1914 3260 εύαγ-

263 3268 484 3346 γελικόν
532 3271 644 3325 ἐστι
692 3276 789 3325 τοῦ
841 3271 1050 3346 Κυρίου
1097 3271 1253 3348 ῥητὸν
1307 3271 1441 3326 εἶναι
1470 3274 1630 3344 ἡμῶν
1679 3273 1740 3327 τὸ
1789 3270 1909 3344 Nai,

2097 2833 2149 2886 4.
2179 2833 2362 2902 Atque
2393 2831 2526 2885 hinc
2557 2834 2645 2886 est
2667 2831 2821 2902 quod
2847 2830 3014 2885 nobis
3047 2831 3254 2885 suadet
3288 2846 3300 2884 :
3338 2849 3366 2879 «
3396 2828 3477 2884 Ne
3509 2844 3677 2883 men-

2025 2919 2252 2974 tiamini
2287 2921 2531 2974 invicem
2557 2920 2616 2972 ‘9.
2649 2941 2671 2969 ι
2717 2921 2785 2974 Et
2834 2936 3070 2974 rursum
3106 2936 3118 2973 :
3157 2942 3177 2967 α
3214 2917 3398 2973 Omne
3429 2917 3674 2972 menda-

2025 3007 2181 3063 cium
2231 3025 2295 3061 ex
2342 3025 2438 3062 ore
2486 3014 2679 3063 vestro
2712 3025 2824 3063 non
2878 3009 3150 3078 procedat
3168 3008 3232 3060 ²⁰.
3268 3029 3296 3055 ››
3327 3005 3467 3060 Vult
3512 3005 3670 3061 enim

2024 3113 2132 3152 nos
2161 3097 2249 3152 sui
2286 3097 2608 3151 imitatores
2639 3113 2767 3151 esse
2799 3113 2931 3151 eum
2975 3097 3056 3151 ait
3081 3113 3092 3149 :
3114 3119 3142 3144 ‹‹
3167 3095 3485 3150 Veritatem
3516 3093 3671 3165 dico,

2023 3202 2138 3240 non
2162 3185 2413 3238 mentior
2437 3187 2501 3238 9'.
2530 3210 2550 3236 ι
2580 3187 2821 3240 Maxime
2844 3201 2979 3239 cum
3001 3184 3142 3239 illud
3167 3185 3243 3239 sit
3263 3181 3666 3255 evangelicum

2022 3272 2254 3328 Domini
2288 3274 2532 3341 dictum,
2557 3279 2620 3328 ut
2641 3275 2721 3328 sit
2753 3279 3042 3340 nostrum,
3069 3274 3176 3341 Ita,
3199 3273 3316 3340 ita;
3347 3273 3494 3338 Non,
3529 3287 3669 3328 non.

259 3360 370 3426 ναὶ,
427 3359 516 3414 καὶ
563 3361 625 3414 τὸ
675 3357 769 3432 Οὔ,
821 3356 908 3418 οἷς.
967 3362 1146 3435 Μέχρι
1177 3359 1372 3415 τούτου
1399 3362 1450 3414 οἱ
1482 3361 1533 3415 ἐν
1565 3359 1783 3436 Χριστῷ
1817 3362 1910 3436 βε-

2025 3362 2336 3434 Hucusque
2368 3364 2466 3434 qui
2515 3380 2645 3418 vere
2675 3362 2887 3418 Christi
2922 3368 3062 3417 sunt
3095 3363 3328 3416 firment
3367 3375 3670 3416 sermones

259 3444 594 3504 ϐαιούτωσαν
647 3449 847 3503 ἑαυτῶν
897 3448 1024 3511 τοὺς
1074 3448 1298 3524 λύγους,
1353 3450 1441 3504 καὶ
1475 3452 1574 3522 μὴ,
1607 3449 1907 3525 περαιτέρω

260 3536 559 3612 βαίνοντες,
644 3537 718 3599 είς
797 3535 990 3612 ὅρκους
1072 3537 1513 3616 καταφεύγωμεν·
1602 3538 1741 3593 ὥστε
1815 3540 1905 3594 καὶ

259 3627 508 3703 φθαρτων
539 3628 700 3702 χάριν
729 3628 1035 3701 χρημάτων
1071 3626 1294 3701 ὀμνύναι
1324 3627 1416 3682 τὸν
1465 3629 1616 3697 Θεὸν,
1672 3627 1906 3702 μάλιστα

256 3713 496 3776 Μωσέως
526 3717 974 3789 νομοθετοῦντος·
1011 3741 1039 3768 ‹‹
1073 3715 1149 3773 Οὐ
1177 3715 1329 3791 λήψῃ
1365 3717 1428 3771 τὸ
1476 3713 1651 3790 ὄνομα
1704 3716 1903 3792 Κυρίου
1949 3795 1952 3797 _

255 3807 353 3858 τοῦ
404 3807 540 3859 Θεοῦ
579 3824 674 3858 σου
721 3802 808 3858 ἐπὶ
862 3804 1097 3876 ματαίῳ.
1133 3829 1155 3859 ι
1192 3804 1258 3859 Ei’
1285 3806 1383 3881 γὰρ
1417 3804 1563 3868 ὅλως
1597 3802 1740 3877 ἄξιος
1771 3829 1903 3882 τυγ-

256 3891 411 3968 χάνει
467 3914 549 3954 τις
610 3891 877 3965 ὀνομασαι
944 3894 1035 3947 τὸν
1094 3895 1245 3963 Θεὸν,
1303 3894 1611 3967 ἀξιόπιστός
1673 3895 1902 3950 ἐστικαὶ

255 3980 434 4057 χωρὶς
489 3979 653 4058 ὅρκου
728 3983 1097 4051 πιστευθῆναι·
1161 3984 1189 4036 ὁ
1247 3984 1351 4060 γὰρ
1408 3985 1542 4058 πρὸς
1595 3985 1657 4038 τὸ
1717 3991 1898 4057 μεῖζον

253 4069 435 4132 ἱκανὸς
484 4069 776 4145 γενόμενος
835 4069 1033 4142 πολλῷ
1066 4068 1232 4125 πλέον
1284 4071 1419 4147 πρὸς
1461 4073 1524 4126 τὸ
1556 4070 1776 4128 ἔλαττον
1811 4073 1904 4148 γέ-

250 4160 384 4214 νοιτ’
441 4159 499 4214 ἂν
561 4158 765 4220 ἱκανός.
814 4158 879 4214 Ei
924 4157 981 4213 δὲ
1039 4161 1113 4232 μή
1176 4159 1316 4214 ἐστιν
1374 4160 1684 4230 ἀξιόπιστος
1723 4163 1900 4238 χωρὶς

249 4246 416 4322 ὅρκου
483 4250 853 4318 πιστευθῆναι,
913 4247 1012 4302 ούκ
1072 4246 1213 4302 ἔστιν
1271 4247 1373 4323 ἄρα
1430 4248 1575 4322 ἄξιος
1627 4247 1751 4304 οὐδὲ
1789 4253 1900 4324 (15)

247 4335 511 4410 ὀνομάσαι
559 4337 622 4391 τὸ
671 4331 843 4408 ὄνομα
891 4335 1114 4410 Κυρίου,
1163 4336 1262 4390 οὐκ
1309 4334 1419 4390 ἔστι
1468 4337 1659 4398 πιστὸς
1718 4337 1769 4391 ἐν
1803 4336 1901 4392 λό-

247 4446 352 4500 γῳ.
411 4429 536 4487 Πῶς
593 4426 694 4500 γὰρ
740 4423 888 4485 ὅλως
936 4422 1116 4495 τούτῳ
1153 4427 1485 4499 μαρτυρήσει
1519 4425 1546 4478 ὁ
1579 4425 1707 4486 Θεὸς
1740 4425 1904 4496 ὀμνύ-

250 4533 389 4580 οντι,
424 4513 499 4585 μὴ
558 4511 746 4587 ἔχοντι
797 4510 1001 4583 πίστιν,
1053 4511 1128 4573 εἱς
1174 4513 1236 4581 ἣν
1300 4513 1327 4567 ὁ
1360 4512 1554 4587 Κύριος
1584 4509 1899 4583 ἐπιϐλέπει;

246 4602 310 4658 Ἡ
343 4599 400 4655 δὲ
430 4599 603 4677 Σοφία
632 4598 827 4654 τούτου
860 4598 1062 4675 μάρτυς
1092 4599 1228 4655 ἐστὶν
1262 4603 1296 4670 ἡ
1354 4599 1604 4678 λέγουσα·
1641 4626 1668 4654 (ι
1715 4606 1898 4678 Ἀγιον

249 4689 354 4766 γὰρ
410 4693 628 4762 Πνεῦμα
688 4692 800 4763 (16)
857 4687 1100 4745 παιδείαν
1159 4690 1399 4768 φεύξεται
1461 4688 1644 4761 δόλον,
1677 4691 1898 4747 καὶάπ-

247 4780 600 4850 αναστήσεται
659 4778 764 4833 ἀπὸ
823 4775 1101 4855 λογισμῶν
1159 4777 1446 4853 ἀσυνέτων,
1500 4779 1590 4835 καὶ
1623 4780 1684 4835 ού
1715 4800 1898 4836 κατοι-

2018 3467 2177 3518 suos,
2214 3469 2317 3506 nec
2368 3451 2520 3506 ultra
2570 3451 2862 3523 progressi
2895 3453 2964 3506 ad
3006 3453 3346 3521 juramenta
3393 3450 3668 3522 proceda-

2017 3555 2150 3594 mus
2177 3557 2189 3605 ;
2225 3544 2288 3594 ut
2318 3540 2696 3610 pecuniarum
2725 3539 3195 3611 corruptibilium
3228 3556 3427 3610 causa,
3459 3539 3576 3594 Deo
3606 3537 3667 3592 in

2022 3632 2231 3683 testem
2265 3628 2980 3700 adhibitojuremus,eum
3012 3629 3486 3699 maximejubeat
3508 3628 3666 3701 Moy-

2015 3733 2141 3772 ses:
2167 3718 2334 3774 «Non
2356 3717 2605 3789 accipies
2620 3734 2831 3772 nomen
2852 3718 3076 3773 Domini
3099 3718 3195 3773 Dei
3219 3718 3300 3771 tui
3320 3718 3539 3772 frustra
3560 3718 3662 3774 ".n

2012 3806 2159 3861 Nam
2191 3806 2240 3862 si
2294 3808 2424 3877 quis
2456 3807 2626 3878 plane
2657 3807 2872 3877 dignus
2903 3812 2990 3860 est
3022 3807 3120 3876 qui
3155 3806 3337 3860 Deum
3380 3807 3664 3874 nominet,

2009 3895 2062 3951 is
2093 3896 2266 3951 etiam
2316 3896 2460 3950 citra
2497 3897 2906 3965 juramentum
2962 3895 3071 3950 fide
3122 3895 3338 3966 dignus
3386 3898 3498 3951 est.
3554 3895 3663 3961 Qui

2010 3984 2163 4039 enim
2196 3986 2265 4038 ad
2321 3985 2546 4053 majora
2594 3983 2841 4037 idoneus
2893 3983 3084 4049 fuerit,
3117 3983 3300 4039 multo
3353 3984 3542 4054 magis
3588 3985 3662 4040 ad

2011 4073 2241 4128 minora
2292 4073 2539 4127 idoneus
2571 4072 2700 4126 erit.
2736 4071 2898 4135 Quod
2944 4072 2992 4126 si
3026 4072 3138 4127 fide
3167 4073 3384 4144 dignus
3425 4089 3540 4129 non
3573 4077 3665 4130 est

2011 4162 2590 4232 absquejuramento
2616 4177 2629 4226 ;
2666 4177 2779 4214 non
2799 4164 2887 4215 est
2919 4177 3055 4231 ergo
3078 4162 3292 4233 dignus
3323 4161 3423 4233 qui
3445 4178 3661 4219 nomen

2012 4250 2238 4304 Domini
2275 4249 2633 4319 pronuntiet,
2685 4265 2790 4303 nec
2821 4253 2908 4304 est
2937 4249 2996 4303 in
3028 4249 3220 4304 verbis
3254 4251 3378 4306 suis
3428 4251 3541 4305 ﬁde
3570 4251 3659 4306 di-

2010 4354 2183 4410 gnus.
2214 4339 2513 4403 Quomodo
2545 4339 2700 4392 enim
2726 4337 2952 4408 juranti
2983 4339 3151 4393 testis
3183 4340 3370 4394 aderit
3398 4340 3574 4407 Deus,
3607 4340 3659 4396 si

2011 4425 2186 4481 ﬁdem
2217 4443 2332 4481 non
2365 4427 2559 4495 habet,
2578 4425 2636 4480 in
2663 4443 2838 4498 quam
2862 4429 3011 4482 Deus
3047 4428 3327 4499 respicit?
3357 4429 3548 4484 Testis
3569 4432 3661 4484 est

2010 4515 2139 4584 ejus
2187 4514 2501 4585 Sapientia,
2537 4530 2663 4586 quae
2694 4515 2777 4570 ait
2809 4533 2822 4572 :
2861 4535 2888 4567 α
2915 4516 3166 4586 Spiritus
3219 4517 3374 4571 enim
3417 4524 3656 4573 sanctus

2009 4602 2330 4674 discipline
2363 4604 2598 4675 effugiet
2628 4603 2849 4671 dolum,
2873 4609 2931 4659 et
2961 4606 3184 4659 auferet
3215 4622 3276 4661 se
3307 4622 3342 4660 a
3365 4606 3662 4678 cogitatio-

2009 4691 2184 4748 nibus
2216 4709 2343 4764 quaa
2377 4697 2517 4748 sunt
2567 4694 2693 4748 sine
2742 4692 3036 4749 intellectu
3073 4711 3085 4749 :
3121 4711 3226 4749 nec
3273 4694 3558 4750 habitabit
3594 4695 3656 4751 in

2011 4797 2249 4853 corpore
2277 4782 2515 4837 subdito
2538 4781 2788 4854 peccatis
2808 4783 2875 4836 2’.
2901 4804 2928 4832 »
2951 4785 3138 4846 Quare
3163 4783 3440 4839 Dominus
3463 4790 3660 4841 noster

322 4960 365 4995 ¹“¹
396 4959 565 5031 Rom.
597 4975 720 5030 xm,
753 4959 810 5026 7,
840 4959 891 5012 8.
974 4959 1015 4994 ¹³
1046 4959 1093 5015 II
1138 4959 1288 5016 Tim.
1335 4977 1412 5026 1v,
1443 4962 1500 5028 7,
1531 4961 1586 5016 8.
1666 4961 1711 4997 ¹⁹
1739 4961 1910 5018 (101οε

2025 4979 2078 5029 [ι.
2114 4962 2168 5016 9.
2246 4961 2289 4996 ²ο
2319 4959 2530 5031 Ephes.
2567 4976 2641 5025 ιν,
2689 4959 2780 5014 29.
2858 4961 2901 4995 ²¹
2938 4960 2956 5013 1
2991 4959 3143 5015 Tim.
3174 4977 3236 5029 ιι,
3267 4963 3320 5016 7.
3398 4963 3443 4997 ²²
3475 4962 3653 5019 Exod.

246 5047 341 5101 xx,
371 5031 428 5086 7.
507 5029 552 5064 ³³
580 5029 714 5100 Sap.
748 5046 788 5096 ι,
821 5031 874 5096 4,
905 5031 960 5084 5.

256 5279 270 5300 ι
456 5213 594 5280 Reg.
631 5206 729 5262 οὐκ
777 5204 908 5283 ἄχρι
951 5208 1297 5336 ξρημάτωνζ
1330 5211 1479 5268 Felc.
1515 5213 1569 5280 3,
1629 5211 1691 5264 ού
1727 5212 1892 5286 μέχρι

256 5299 526 5336 mnuum».
573 5281 747 5336 Paulo
779 5286 932 5336 Dost.
1019 5299 1118 5336 uec.
1164 5281 1334 5336 αὕτη(
1363 5282 1572 5336 φθάνει,
1617 5282 1773 5336 οὗτος
1803 5283 1890 5336 καὶ

243 5281 526 5360 ῥημάτων.
573 5281 747 5360 Paulo
779 5281 932 5360 post,
958 5281 1118 5360 llaec,
1164 5281 1334 5360 αύτῆς
1363 5282 1572 5360 φθάνει,
1617 5281 1773 5344 οὗτος
1802 5281 1890 5336 καὶ

238 5351 630 5428 προαιρέσεως,
664 5351 878 5428 desunt
904 5353 963 5428 in
997 5353 1240 5428 F_e_lc._3.

311 5373 403 5406 ηοαι
446 5373 630 5421 εσεως,
664 5373 878 5408 αοευῐη
904 5373 963 5407 In
997 5373 1151 5408 P610.
1186 5373 1240 5409 ὅ.

311 5373 439 5500 (l2;J
457 5424 543 5500 I_ta
572 5422 788 5500 Regius
819 5429 876 5500 et
907 5423 1130 5500 Anglic.
1168 5424 1316 5500 Editi
1347 5441 1505 5500 vero,
1535 5424 1597 5478 τὸ
1623 5422 1746 5500 περὶ
1779 5425 1888 5481 Ἀν.

461 5494 816 5580 βεεξξίθίοεὶει,
918 5494 1413 5580 τοῦτοτκηρύττων.
1446 5496 1639 5580 "91:39.
1675 5494 1729 5580 ι’,
1835 5568 1846 5580 ⁸

317 5567 430 5692 (143
464 5569 550 5622 Ita
581 5567 720 5639 Reg.
753 5571 811 5623 et
830 5567 1058 5649 fAnglic.
1092 5567 1241 5622 Editi
1271 5584 1425 5632 vero,
1458 5567 1640 5695 ἡμῶν.
1675 5568 1805 5623 Mox
1820 5568 1891 5650 in

243 5641 316 5692 Fe
342 5655 390 5692 ο.
421 5639 474 5698 3.
523 5639 672 5698 ἡμᾶς
722 5639 1106 5695 deeideratur.
1159 5639 1308 5698 Mox.
1362 5643 1490 5695 Bas)
1523 5682 1535 5694 .
1569 5645 1627 5695 et
1663 5641 1887 5698 Anglic.

244 5657 390 5692 rene.
421 5657 474 5704 δ,
523 5657 558 5706 η
613 5658 672 5698 ας
722 5657 1106 5695 uesweratur.
1159 5657 1308 5711 mox,
1362 5657 1535 5695 uas”.
1569 5657 1627 5695 et
1663 5657 1887 5712 angue.

244 5708 485 5782 γενέσθαι
517 5659 717 5784 λέγων.
753 5709 927 5766 Paulo
959 5714 1090 5783 post
1119 5710 1281 5777 editi,
1314 5706 1424 5763 ἐστι
1452 5709 1515 5763 τὸ
1539 5713 1636 5763 τοῦ
1667 5710 1888 5784 Κυρίου,

2007 5210 2204 5292 6691.355
2227 5212 2398 5292 999st
2425 5209 2484 5292 in
2517 5210 2714 5292 Regio-

2075 5284 2188 5357 (1§)
2220 5277 2356 5335 Ούδὲ
2407 5282 2572 5357 deest
2602 5277 2678 5357 ‘jn
2729 5282 2899 5338 Basil.
2952 5289 3009 5338 et
3057 5283 3283 5357 Anglic.
3325 5284 3476 5354 Mox,
3509 5284 3651 5357 haec,

2004 5348 2103 5407 οὐκ
2140 5348 2251 5407 ἔστι
2284 5351 2471 5427 πιστὸς
2518 5349 2578 5427 ἐν
2613 5350 2786 5427 λόγῳ,
2819 5357 3051 5425 punctis
3101 5348 3374 5412 anvnotata
3421 5348 3651 5412 suntin

2005 5427 2145 5497 Reg.
2180 5427 2347 5497 quasi
2380 5425 2644 5480 delenda.

2073 5442 2084 5480 θ
2134 5468 2145 5479 .
2180 5442 2347 5497 quasi
2380 5442 2644 5480 aeienoa.

2073 5442 2186 5578 (ῗὸ)
2231 5498 2302 5578 in
2352 5498 2549 5578 Regio,
2585 5498 2842 5578 secunda
2887 5514 3063 5552 manu
3115 5499 3411 5578 scribitur,
3440 5495 3648 5574 σοφίας.

2003 5569 2180 5637 Infra,
2207 5569 2449 5644 _Regius
2497 5573 2549 5623 et
2594 5569 2983 5644 Anglicanus,
3033 5569 3338 5644 κατάχρεῳ,
3371 5569 3648 5644 climac-

2002 5645 2172 5715 centu
2189 5639 2264 5715 _in
2295 5639 2777 5711 antepenultima.
2812 5641 3053 5708 Ibidem,
3078 5639 3298 5715 Regius
3321 5645 3380 5698 et
3411 5640 3560 5698 Felc.
3592 5641 3647 5710 3,

2000 5709 2283 5785 ἁμαρτίας.

3955 5287 3964 5294 -

3967 5341 3974 5348 .

3973 5399 3976 5406 ι

3935 5419 3946 5426 ι..

3949 5801 3958 5808 ο

3945 5817 3960 5826 ο

3921 5833 3934 5842 ο

4023 5397 4030 5414 Ξ

4025 5481 4044 5522 ᾗ

4019 5561 4040 5584 ’ς

4019 5597 4028 5620 ι

4045 1001 4047 1126 ἓ

4045 1409 4047 1474 l

4045 1485 4047 1560 ι

4045 1661 4047 1736 ι

4044 2179 4047 2336 l

4044 2337 4047 2526 ί
