2050 3112
217 138 273 169 191
807 141 842 171 8.
863 139 1127 171 ATHANASIUS.
1146 154 1182 163 —
1197 140 1329 173 DUBIA.
1860 147 1924 177 £92

214 206 304 232 Jesus
319 204 453 232 Christus
464 206 501 232 ab
514 205 718 234 invocantibus
733 214 776 239 se,
787 205 881 242 primo
893 206 980 233 fidem
992 214 1042 242 po-

1099 205 1176 240 κήσει
1204 205 1230 233 ἄν
1260 207 1366 243 σώματι
1392 209 1538 246 καταχρέῳ
1565 209 1721 248 ἁμαρτίαις.
1752 222 1766 237 ιι
1784 211 1833 239 Διᾶ
1846 213 1932 240 τοῦτο

217 249 319 283 stulat,
344 249 419 276 sicut
440 258 513 277 caeco
538 250 579 278 ait
595 259 602 278 :
620 262 633 275 ι(
650 250 750 278 Credis
767 250 843 286 quod
869 251 923 278 hoc
939 250 1042 286 possin

1104 249 1147 277 καὶ
1163 251 1177 277 ὁ
1193 250 1292 289 Κύριος
1307 253 1387 289 ἡμῶν
1403 254 1510 288 Ἰησοῦς
1525 254 1640 292 Χριστὸς
1653 255 1717 286 τοὺς
1742 255 1931 293 ὖπικαλουμι-

218 294 271 322 tibi
291 295 383 321 facere
394 295 437 322 "‘2
449 307 461 319 ››
474 295 663 324 881unatico
675 299 772 324 autem
784 296 824 324 ait
840 304 847 323 :
863 307 877 321 ι(
892 296 921 324 Si
936 296 1042 323 credas

1103 305 1163 326 νους
1179 295 1258 323 αὐτὸν
1274 296 1362 324 πίστιν
1375 296 1484 325 ἁπαιτεῖ
1497 301 1618 336 πρῶτον,
1633 300 1670 330 ὡς
1686 299 1730 327 In!
1752 303 1801 328 τοῦ
1820 300 1934 340 τυφλοῦ

219 339 278 366 ﬂet.
296 350 310 363 υ
324 339 352 366 Id
365 342 460 366 autem
473 340 606 368 Salvator
616 340 755 376 postulat,
765 349 823 368 non
834 341 910 375 quod
921 340 1042 368 aliorum

1103 337 1200 377 λέγων·
1220 351 1234 367 α
1250 340 1396 376 Πίστεύεις,
1413 341 1455 369 ὅτι
1469 341 1587 380 δύναμαί
1608 354 1650 371 σοι
1665 345 1721 381 (47)
1741 346 1822 372 τοῦτο
1847 337 1934 380 ποιῆ-

25 2617 35 2629 γ

42 2760 58 2772 ι.

56 2788 62 2797 Α

53 2824 69 2841 ἰ

67 2852 73 2861 ι

220 385 303 419 egeat
312 383 473 411 ministerio
492 393 498 411 :
516 384 578 420 ipse
587 386 694 421 quippe
710 385 775 413 fidei
787 385 929 413 Dominus
937 387 966 413 et
977 393 1045 421 sup-

221 427 367 463 peditator
382 431 425 455 est
438 438 444 461 ;
462 429 510 456 sed
527 437 563 457 ne
582 429 713 457 videatur
728 429 861 466 personis
876 429 1044 465 gratiﬁcari,

220 474 248 499 et
263 472 339 507 quod
357 473 544 500 credentibus
557 475 763 501 annuatmeve
773 474 797 501 si
811 474 882 501 citra
894 474 978 502 {idem
994 474 1045 501 be-

221 517 326 544 neﬁcia
353 517 506 552 recipiant,
533 518 704 545 inﬁdelitate
727 517 792 553 ipsa
815 518 962 546 amittant.
979 518 1046 546 Vult

218 561 297 588 enim
322 569 411 596 quam
436 561 558 596 largitur
581 562 713 597 gratiam,
729 570 910 598 permanere,
925 566 954 591 et
977 571 1044 591 cum

220 607 315 637 sanat,
333 613 485 640 nunquam
510 606 606 633 amitti
629 607 820 635 curationem.
838 607 943 635 Cavere
954 608 1046 643 jussit

220 649 312 685 igitur
328 650 519 685 paralyticum
531 650 577 679 his
592 651 688 679 verbis
703 659 710 679 :
726 663 741 677 «
759 652 830 680 Ecce
846 660 936 680 sanus
951 653 1044 680 factus

220 701 263 726 es,
280 693 337 721 noli
353 694 479 729 amplius
492 702 619 730 peccare,
634 703 670 722 ne
680 695 733 723 tibi
750 696 820 732 quid
836 696 965 724 deterius
975 705 1043 724 con-

217 738 316 774 tingat
328 739 358 765 ’⁵.
391 750 404 762 ››
426 740 464 765 Ac
480 739 567 767 veluti
583 739 608 767 si
624 740 691 776 quis
706 740 839 769 medicus
868 741 904 768 ad
921 743 1044 778 egi-otes

218 781 380 818 ingressus,
398 784 566 812 sciscitatus
581 784 710 820 primum
726 785 824 819 fuerit,
840 794 876 813 an
892 785 982 813 velint
996 793 1044 813 cu-

217 826 295 860 rari;
314 835 348 854 ne
371 831 492 855 curante
508 836 583 862 sese,
599 828 716 865 illisque
735 829 915 864 nolentibus,
931 829 1044 859 inutilis

217 871 270 898 list
294 871 418 906 curatio,
444 873 669 901 adversantibus
693 874 811 909 asgrotis
839 874 944 902 medici
968 875 1042 908 arti;

216 914 256 942 ita
271 924 387 951 quoque
405 916 547 945 Dominus
563 925 597 945 ex
621 918 762 946 sanandis
786 921 973 954 percontatus
988 922 1043 952 est,

217 961 245 987 et
256 961 443 988 credentibus
458 962 639 996 gratiﬁcatus
649 965 703 997 est,
715 965 747 990 ut
762 971 813 998 per
823 963 909 991 fidem
919 964 1041 1000 gratiam

216 1005 348 1033 obtinere
366 1009 495 1040 possent.
512 1006 660 1034 Indicium
676 1007 754 1035 enim
771 1008 912 1044 propositi
927 1008 1042 1043 animas,

215 1049 288 1077 ﬁdes
304 1053 358 1077 est.

1100 394 1143 411 σαι
1157 393 1164 418 ;
1180 397 1194 410 ››
1210 385 1254 412 καὶ
1270 384 1313 412 ἔπὶ
1328 387 1377 413 τοῦ
1390 386 1620 423 σεληνιαζομένου
1629 387 1658 416 δέ
1668 399 1761 427 φησιν,
1776 389 1818 417 ὅτι
1834 402 1849 415 α
1866 390 1933 418 Έᾶν

1100 428 1238 466 πιστεύῃς,
1260 429 1371 467 γίνεται.
1398 442 1414 456 ››
1442 431 1563 459 ’Δπαιτεῖ
1586 431 1615 460 δὶ
1627 435 1709 461 τοῦτο
1724 434 1739 461 ὸ
1751 434 1862 472 Σωτήρ,
1878 434 1935 462 οὐκ

1099 472 1246 511 ἐπειδήπερ
1275 471 1373 512 ἔχρῃζε
1401 478 1451 509 τῆς
1476 476 1539 512 παρ’
1563 475 1659 514 ιτίρων
1676 471 1933 515 συνεργίας-αὐτὸς

1099 518 1151 555 γὰρ
1180 517 1225 545 καὶ
1252 521 1303 553 τῆς
1331 518 1446 550 πίστεως
1472 519 1568 557 Κύριος
1597 520 1643 548 καὶ
1680 521 1803 559 χορηγός
1841 521 1930 549 ἐστιν·

1099 561 1163 589 ἀλλ’
1175 560 1219 589 ’ίνα
1236 563 1273 599 μὴ
1291 563 1328 594 ὡς
1343 564 1503 601 προσώποις
1520 564 1702 602 χαριζόμενος
1714 566 1795 605 φανῇ,
1806 565 1927 594 ἀλλ’ὅτι

1097 608 1156 637 τοῖς
1179 606 1350 634 πιστεύουσιν
1376 607 1502 636 έπινεύευ
1524 609 1569 636 καὶ
1582 608 1629 636 ιίνα
1647 611 1685 646 μὴ
1701 610 1788 648 χωρὶς
1803 610 1926 642 πίστεως

1100 648 1226 685 δέξωνται
1250 650 1298 682 τὰς
1323 651 1488 689 εὐεργεσίας,
1512 652 1557 680 καὶ
1579 654 1614 690 τῇ
1639 653 1750 689 ἀπιστίᾳ
1763 653 1861 685 ταύτας
1876 654 1935 682 ἀπο

1099 694 1227 723 ολέσωσι.
1245 694 1323 723 θέλει
1339 695 1391 734 γὰρ
1406 695 1588 735 χαριζόμενος
1608 698 1772 736 παραμένειν
1797 698 1847 732 τὴν
1872 699 1932 737 χά-

1099 749 1152 777 ριν,
1179 739 1224 766 καὶ
1253 740 1407 778 θεραπεύων
1424 739 1594 769 ἀδιάπτωτον
1615 741 1746 777 εἶναιτὴν
1771 742 1931 780 θεραπείαν.

1099 784 1279 823 Ἦσφαλίζετο
1294 787 1360 822 γοῦν
1375 785 1420 813 τὸν
1437 785 1621 824 παραλυτικὸν
1637 788 1693 823 (18)
1713 786 1810 825 λέγων.
1828 798 1842 813 ι(
1858 786 1931 822 Ἴδε,

1099 828 1179 866 ύγιής
1209 829 1335 867 γέγονας,
1367 831 1466 866 μηκέτι
1491 831 1639 868 ἁμάρτανε,
1656 830 1702 858 ἵνα
1718 832 1756 868 μὴ
1772 831 1865 869 χεῖρόν
1883 831 1931 859 σοί

1097 883 1123 901 τι
1138 873 1259 912 γένηται.
1275 886 1289 899 n
1301 874 1350 901 Καὶ
1366 872 1457 913 ὣσπερ
1468 875 1498 902 ἂν
1508 885 1551 906 τις
1567 874 1657 911 [ατρὸς
1676 875 1765 903 εῐσιὼν
1781 875 1850 912 πρὸς
1860 875 1930 907 τοὺς

1098 917 1260 954 κάμνοντας,
1276 918 1433 946 πυνθάνοιτο
1457 921 1566 957 πρῶτον
1584 920 1607 947 εἰ
1624 919 1769 958 βούλοιντο
1794 920 1931 957 θεραπεύ-

1098 963 1182 998 εσθαι,
1195 961 1242 990 ἵνα
1258 963 1296 999 μὴ
1313 962 1397 990 αὐτοῦ
1411 963 1616 1002 φροντίζοντος,
1638 964 1767 992 κάκείνων
1794 965 1833 1001 μὴ
1860 965 1930 1003 βου-

1099 1007 1233 1043 λομένων,
1267 1007 1413 1046 ἀνωφελὴς
1437 1009 1454 1043 ἡ
1485 1007 1613 1046 θεραπεία
1639 1009 1761 1047 γένηται,
1791 1009 1930 1036 έναντιου-

1100 1051 1186 1088 μένων
1215 1053 1268 1078 τῶν
1297 1050 1454 1088 καμνόντων
1484 1052 1553 1089 πρὸς
1569 1053 1619 1086 τὴν
1637 1051 1686 1080 τοῦ
1701 1052 1794 1089 ἰατροῦ
1807 1053 1925 1090 τέχνην·

214 1092 286 1120 οὕτω
302 1093 346 1119 καὶ
363 1094 377 1121 ὁ
394 1094 491 1131 Κύριος
508 1096 562 1122 τῶν
579 1097 800 1133 θεραπευομένων
818 1097 989 1133 ἐπυνθάνετο,
1004 1098 1050 1126 καὶ
1064 1097 1122 1129 τοὶς
1135 1095 1307 1124 πιστεύουσιν
1322 1095 1474 1134 ἕχαρίζετο,
1487 1095 1532 1124 ἵνα
1543 1098 1578 1134 τῇ
1593 1096 1683 1125 πίστει
1698 1097 1744 1125 καὶ
1766 1097 1816 1132 τὴν
1839 1096 1924 1136 χάριν

211 1140 358 1175 κατασχεῖν
375 1137 522 1173 δυνηθῶσι.
540 1140 686 1178 Γνώρισμα
700 1140 751 1178 γὰρ
766 1144 817 1176 τῆς
831 1143 924 1179 ψυχῆς
938 1145 989 1178 τῆς
1004 1142 1187 1181 προαιρέσεως
1202 1142 1220 1176 ἡ
1237 1140 1328 1172 πίστις
1342 1140 1424 1169 ἆστίν.

249 1192 276 1219 5.
294 1192 366 1225 Quid
391 1193 490 1229 itaque
516 1194 605 1222 Deum
623 1196 726 1223 testem
751 1195 902 1229 advocant.
918 1196 968 1232 qui
990 1205 1038 1225 re-

214 1244 282 1264 vera
297 1237 383 1264 {idem
400 1246 455 1265 non
474 1238 605 1266 habent?
621 1238 748 1275 Spiritus
763 1240 792 1268 in
807 1239 933 1269 Psalmis
947 1242 1038 1269 testa-

214 1282 264 1309 tur
280 1290 286 1309 :
305 1293 315 1305 ι
334 1282 424 1318 Prope
449 1285 492 1309 est
515 1282 659 1312 Dominus
673 1284 811 1312 omnibus
835 1284 1038 1314 invocantibus

213 1334 281 1354 eum
301 1326 330 1353 in
347 1327 466 1355 veritate
477 1328 508 1362 ἐ,
524 1338 539 1353 ››
556 1336 608 1363 per
631 1336 719 1364 quam
736 1328 828 1357 solam
852 1329 930 1358 Deus
945 1332 1040 1366 polest

213 1370 351 1398 invocari.
364 1372 437 1403 Quid
454 1372 553 1408 itaque
564 1375 609 1401 est
623 1374 701 1409 quod
717 1373 746 1401 in
758 1374 850 1402 Deum
863 1374 971 1410 iurent,
988 1375 1040 1410 qui

212 1424 248 1444 ne
264 1417 293 1444 in
309 1418 406 1453 parvis
416 1418 533 1452 quidem
548 1418 636 1447 rebus
649 1419 736 1447 ﬁdem
749 1419 858 1448 habent
868 1420 883 1448 Ἰ
893 1428 960 1448 cum
971 1420 1040 1448 alio-

212 1461 263 1496 qui
275 1461 479 1496 juramentum
489 1462 618 1491 veritatis
627 1463 665 1491 sit
674 1464 769 1497 testis,
781 1472 838 1492 non
852 1464 938 1493 index
949 1473 1039 1501 uego-

213 1505 335 1533 tiorum.
352 1506 455 1534 Jurant
471 1508 548 1535 enim
569 1507 703 1536 homines
720 1517 777 1537 non
792 1517 849 1545 quo
864 1517 910 1537 res
926 1509 1039 1546 signiti-

216 1552 293 1584 cent,
309 1551 359 1577 sed
386 1559 442 1586 quo
457 1551 608 1580 veritatem
632 1552 791 1588 affirment,
804 1555 833 1581 et
849 1556 881 1581 ut
902 1562 966 1582 sese
981 1562 1039 1581 non

217 1594 335 1622 mentiri
359 1595 562 1624 testiﬁcentur.
579 1596 608 1624 Si
632 1597 730 1632 itaque
748 1598 862 1633 juranti
877 1598 954 1626 inest
968 1598 1040 1626 ﬁdes

218 1640 306 1674 atque
321 1639 438 1672 veritas,
455 1640 525 1675 quid
541 1648 615 1677 opus
626 1624 953 1677 jurarnento
1056 1624 1078 1658 α

216 1685 246 1711 et
270 1682 378 1711 veritas
398 1684 511 1718 juranti
534 1685 621 1720 adsit,
645 1693 699 1713 cur
720 1687 832 1714 tantam
856 1686 1042 1714 admittimus

217 1727 411 1763 impietatem,
432 1731 463 1756 ut
479 1729 674 1757 humanarum
700 1730 929 1767 mortaliumque
944 1739 1042 1758 rerum

216 1780 315 1805 causa,
341 1772 441 1805 Deum,
468 1774 518 1809 qui
534 1781 624 1809 supra
647 1773 781 1802 homines
795 1777 849 1808 est,
872 1777 976 1803 testem
993 1775 1041 1802 ad-

215 1817 377 1845 vocemus?
391 1817 462 1845 Nam
490 1818 514 1845 si
544 1817 626 1846 nefas
654 1820 698 1846 est
713 1820 862 1847 terrenum
887 1827 985 1855 regem
1006 1818 1042 1846 ad

217 1862 360 1890 exteriora
373 1862 533 1890 tribunalia
547 1864 651 1891 testem
667 1863 818 1898 advocare,
835 1865 935 1900 utpote
949 1863 1000 1899 qui
1016 1864 1044 1891 et

215 1907 436 1935 accusatoribus
452 1910 480 1934 et
493 1907 645 1942 judicihus
660 1907 698 1936 sit
713 1908 906 1944 praestantior,
918 1916 971 1935 cur
986 1915 1042 1935 non

217 1951 325 1979 factum
349 1953 383 1979 ad
400 1960 446 1979 res
463 1952 554 1980 factas
569 1952 757 1988 advocamus,
776 1955 926 1988 Deumque
941 1952 977 1980 ab
992 1952 1043 1980 ho-

219 1996 350 2023 minibus
362 1996 510 2031 despectui
522 1996 621 2024 haberi
633 2005 772 2026 curamus
782 1997 796 2025 ?
811 1999 905 2033 Apage
916 1997 922 2024 l
941 1997 970 2025 Id
984 2005 1044 2024 om-

220 2048 284 2067 nem
302 2043 420 2075 superat
432 2040 615 2075 iniquitatem
628 2042 849 2077 audaciamque.
868 2042 941 2075 Quid
953 2042 1043 2077 igitur

219 2084 364 2120 agendum
377 2085 390 2110 ?
407 2084 483 2111 Nihil
500 2084 578 2112 aliud
594 2093 674 2119 sane,
691 2094 779 2121 quam
795 2089 828 2113 ut
842 2086 881 2113 sit
896 2088 1041 2119 nostrum,

218 2129 270 2161 Ita,
286 2128 346 2160 ita;
372 2128 444 2162 Non,
472 2137 529 2156 non
555 2138 562 2157 :
588 2131 616 2156 et
641 2129 721 2157 nullo
742 2130 828 2158 modo
853 2130 1041 2158 mentiamur.

219 2172 293 2201 Nam
311 2173 334 2200 si
348 2173 389 2199 ita
404 2180 519 2200 veraces
530 2173 634 2207 simus,
646 2182 779 2202 veracem
795 2174 849 2202 hac
863 2174 894 2202 in
905 2182 935 2202 re
950 2174 1042 2202 Deum

220 2217 331 2245 imitari
346 2217 520 2244 videbimur.

256 2271 283 2298 6.
302 2270 413 2306 Aliquis
429 2270 562 2299 fortassis
586 2270 651 2306 erit,
667 2271 718 2307 qui
742 2271 823 2299 hisce
840 2271 1046 2300 veroslmiliter

1126 1196 1154 1224 5,
1170 1193 1200 1222 Τί
1229 1194 1319 1222 τοίνυν
1343 1194 1389 1221 τὸν
1405 1194 1470 1222 Θεὸν
1494 1193 1610 1223 καλοῦσι
1626 1194 1748 1233 μάρτυρα
1762 1194 1789 1222 οἳ
1807 1195 1845 1232 μὴ
1871 1194 1922 1223 πίο

1091 1250 1148 1268 στιν
1177 1239 1246 1267 κατὰ
1272 1238 1401 1275 ἀλήθειαν
1427 1237 1559 1278 ἕχοντεςς
1583 1239 1618 1267 Τὸ
1647 1242 1756 1276 Πνεῦμα
1785 1241 1921 1276 μαρτυρεῖ

1092 1284 1118 1312 ιν
1135 1283 1276 1321 Ψαλμοῖς⁶
1306 1295 1321 1309 α
1341 1283 1437 1322 Ἐγγὺς
1460 1283 1562 1323 Κύριος
1575 1286 1641 1312 πᾶσι
1655 1286 1714 1315 τοῖς
1730 1283 1919 1321 ίπικαλουμέ-

1092 1339 1148 1360 νοις
1171 1328 1250 1356 αὐτὸν
1275 1328 1301 1356 ἂν
1324 1327 1450 1365 ἀληθείᾳ,
1475 1340 1490 1355 η
1507 1327 1543 1356 δι’
1557 1329 1591 1364 ἧς
1621 1328 1709 1366 μόνης
1729 1328 1920 1357 ἐπικαλεῖσθαι

1094 1372 1203 1401 δύναται
1228 1372 1242 1400 ό
1264 1372 1339 1403 Θεός.
1363 1374 1444 1400 Ὥστε
1467 1372 1494 1401 τί
1518 1373 1649 1411 ὀμνύουσι
1674 1373 1738 1401 Θεὸν
1764 1373 1790 1401 οἱ
1808 1372 1879 1410 μηὸὶ
1894 1373 1920 1401 ἦν

1092 1420 1151 1449 τοῖς
1177 1419 1285 1456 μικροῖς
1313 1416 1402 1445 πίστιν
1427 1416 1556 1456 ἔχοντεςς
1581 1417 1676 1449 ἄλλως
1701 1428 1731 1445 τε
1744 1417 1789 1445 καὶ
1809 1417 1923 1456 ὁδρκος

1093 1461 1223 1498 ἀληθείας
1250 1461 1305 1490 ἐστῖ
1332 1461 1445 1500 μάρτυς,
1469 1462 1514 1490 καὶ
1534 1462 1566 1490 οὐ
1580 1464 1634 1490 τῶν
1649 1462 1801 1501 χρημάτων
1817 1473 1926 1499 σημαν-

1092 1506 1180 1538 τικός.
1210 1506 1356 1544 ὀμνύουσι
1379 1506 1429 1545 γὰρ
1456 1507 1482 1534 οἱ
1503 1505 1653 1544 ἅνθρωποι,
1679 1506 1733 1545 οὐχ
1744 1506 1791 1534 ἵνα
1804 1507 1839 1535 τὰ
1853 1507 1925 1544 πρά-

1094 1562 1186 1590 γματα
1214 1550 1384 1589 σημάνωσιν,
1412 1550 1476 1579 ἀλλ’
1492 1550 1538 1579 ἵνα
1551 1552 1601 1586 τὴν
1617 1551 1747 1587 ἀλήθειαν
1760 1552 1923 1579 πιστώσων-

1096 1607 1152 1631 ται,
1180 1595 1224 1623 καὶ
1249 1594 1290 1623 ὅτι
1319 1595 1444 1634 λέγοντες
1475 1595 1506 1623 οὗ
1519 1594 1674 1633 ψεύδονται.
1691 1596 1725 1625 Et
1741 1596 1788 1633 μὶν
1805 1596 1852 1624 οὗν
1866 1595 1924 1624 ἔστι

1095 1643 1135 1677 τῷ
1164 1640 1292 1678 ὄμνύοντι
1320 1639 1411 1672 πίστις
1439 1640 1484 1668 καὶ
1513 1639 1638 1677 ἀλήθεια,
1667 1640 1710 1672 τίς
1736 1642 1754 1676 ἡ
1771 1639 1852 1679 χρεία
1873 1643 1924 1668 τοῦ

1096 1685 1196 1725 ὅρκους
1212 1685 1243 1713 Εἰ
1259 1684 1288 1712 ὃὶ
1305 1685 1343 1721 μή
1359 1684 1430 1713 Ξστιν
1444 1684 1469 1712 έν
1486 1684 1560 1721 αὐτῷ
1582 1684 1685 1719 πίστις,
1710 1683 1755 1713 διὰ
1777 1685 1805 1713 τί
1825 1687 1924 1712 τοσοῦ-

1095 1740 1142 1758 τον
1157 1727 1317 1766 ἁσεὸοῦμιν,
1333 1728 1402 1757 ὥστε
1417 1728 1452 1757 δι’
1467 1728 1622 1767 ἀνθρώπινα
1635 1729 1680 1757 καὶ
1696 1729 1781 1765 θνητὰ
1792 1729 1839 1757 τὸν
1855 1729 1923 1767 ὖπὶρ

1097 1776 1238 1814 ἄνθρωπον
1254 1774 1319 1802 Θεὸν
1332 1774 1425 1802 καλεῖν
1444 1773 1564 1812 μάρτυρα
1578 1783 1586 1809 ;
1603 1774 1634 1803 Et
1657 1774 1707 1813 γὰρ
1731 1774 1777 1801 τὸν
1807 1774 1924 1812 βασιλέα

1097 1818 1142 1846 τὸν
1168 1817 1212 1846 ἰπὶ
1235 1821 1286 1856 γῆς
1307 1818 1345 1849 είς
1359 1818 1392 1845 τὰ
1406 1816 1457 1853 {Eun
1473 1816 1634 1855 δικαστήρια
1647 1817 1739 1846 καλεῖν
1753 1817 1875 1857 μάρτυρα
1890 1818 1924 1845 οὖ

1098 1863 1188 1900 θέμις,
1217 1862 1256 1893 ὡς
1284 1861 1425 1899 κρείττονα
1451 1861 1496 1889 καὶ
1519 1864 1574 1889 τῶν
1595 1861 1782 1901 ἃγιιαλούνιιῑων
1805 1863 1863 1900 (19)
1877 1862 1926 1890 καὶ

1097 1909 1151 1935 τῶν
1169 1905 1344 1943 δικαζόντων,
1358 1905 1385 1934 τί
1398 1906 1444 1934 τὸν
1460 1906 1591 1945 ἀγένητον
1608 1907 1646 1938 εἷς
1661 1907 1695 1935 τὰ
1708 1907 1807 1946 γενητὰ
1821 1906 1926 1935 καλοῦ-

1101 1962 1160 1989 μεν,
1174 1951 1219 1979 καὶ
1234 1951 1280 1979 τὸν
1296 1951 1360 1979 Θεὸν
1378 1950 1429 1978 ὑπὸ
1453 1950 1601 1989 ἀνθρώπων
1626 1953 1758 1988 ποιοῦμεν
1787 1961 1926 1990 καταφρο-

1097 1999 1216 2030 νεῖσθαι;
1232 1995 1337 2034 ’Ἄπαγε
1353 1995 1359 2024 i
1374 1997 1459 2023 Τοῦτο
1472 1998 1558 2023 πᾶσαν
1571 1993 1737 2035 ὑπερϐάλλει
1754 1995 1926 2034 παρανομίαν

1098 2040 1144 2068 καὶ
1168 2039 1286 2077 τόλμαν.
1305 2039 1336 2067 Τί
1361 2040 1406 2067 οὖν
1432 2038 1473 2067 δεῖ
1496 2042 1604 2076 ποιεῖν;
1621 2039 1705 2069 Οὐδὲν
1722 2040 1806 2068 πλέον
1821 2041 1838 2074 ἢ
1854 2040 1924 2068 εἶναι

1098 2085 1178 2121 ἡμῶν
1192 2084 1224 2112 τὸ
1238 2084 1301 2118 Ναὶ,
1317 2084 1371 2119 ναὶ,
1387 2084 1431 2112 καὶ
1445 2085 1476 2112 τὸ
1491 2082 1539 2119 οὕ,
1556 2083 1597 2112 οὔ·
1612 2085 1658 2112 καὶ
1673 2084 1793 2117 καθόλου
1810 2085 1847 2121 μὴ
1861 2084 1928 2122 est.

1098 2128 1200 2158 δεσθαι.
1217 2128 1312 2160 Οὕτως
1324 2128 1376 2167 γὰρ
1391 2129 1472 2165 ἡμεῖς
1578 2128 1774 2165 ἆληθνύοντιις,
1797 2128 1926 2166 δόξαιμεν

1097 2174 1142 2201 καὶ
1157 2173 1183 2201 ἐν
1198 2172 1289 2210 τούτῳ
1306 2173 1448 2210 μιμεῖσθαι
1462 2172 1508 2200 τὸν
1522 2172 1613 2209 ἀληθῆ
1630 2172 1705 2202 Θεόν.

1134 2272 1162 2300 6.
1177 2272 1256 2303 Ἴσως
1286 2269 1316 2299 δέ
1335 2280 1377 2302 τις
1401 2270 1444 2299 ἰπὶ
1467 2269 1575 2302 τούτοις
1591 2270 1711 2309 εὐλόγως
1726 2270 1864 2307 ἄιντιθήσει
1879 2270 1926 2299 λέ-

222 2315 264 2343 sic
280 2315 462 2343 contradicat
478 2323 483 2342 :
500 2314 529 2342 Si
552 2306 761 2351 jusjurandum
783 2316 903 2343 vetitum
919 2316 1042 2344 homini-

1100 2324 1166 2354 γων·
1183 2315 1215 2345 Εἰ
1232 2315 1246 2343 ὁ
1261 2315 1342 2353 ὅρκος
1371 2314 1424 2344 ἀπὸ
1436 2314 1586 2354 ἀνθρώπων
1602 2306 1765 2350 mmmam,
1781 2315 1826 2343 καὶ
1841 2314 1867 2342 έν
1883 2315 1925 2351 τῷ

222 2359 278 2388 bus
294 2362 348 2394 est,
365 2362 394 2387 et
416 2359 439 2387 si
456 2359 628 2388 abstinendo
644 2369 660 2388 a
680 2360 850 2395 juramento
872 2359 940 2396 quis
954 2360 1045 2388 Deum

221 2404 371 2438 imitatur;
389 2404 459 2439 quid
476 2405 520 2432 est
536 2404 613 2440 quod
629 2404 706 2432 Deus
722 2404 752 2432 in
768 2403 874 2433 divinis
888 2404 1047 2440 Scripturis

217 2449 318 2485 jurare
335 2449 449 2477 dicatur
459 2449 472 2476 ‘I
488 2448 561 2477 Nam
583 2449 751 2478 Abrahamo
761 2449 884 2486 juravit,
900 2451 934 2478 ut
947 2449 1048 2477 testin-

257 2540 281 2558 ¹⁴
297 2539 400 2568 Matth.
417 2548 455 2574 1x,
471 2539 516 2567 28.
554 2539 577 2557 ³⁵
590 2539 676 2568 Joan.
690 2548 718 2573 ν,
735 2539 778 2568 14.
816 2539 839 2558 ²⁶
852 2539 929 2568 Psal.
942 2547 1032 2568 chIv.

259 2630 314 2665 (17)
332 2632 391 2662 Eoi,
405 2631 433 2655 et
448 2636 524 2665 mox,
540 2625 579 2662 δέ,
596 2628 746 2665 desuntin
759 2628 913 2656 Basiliensi
928 2629 956 2656 et
971 2628 1045 2656 Pelc.

259 2632 315 2693 (17)
332 2632 391 2662 Eoi,
405 2632 433 2655 et
448 2636 524 2662 mox,
540 2632 579 2662 δὲ,
596 2632 702 2656 desunt
716 2632 746 2655 in
761 2632 913 2656 Basiliensi
928 2632 956 2656 et
971 2632 975 2655 I

224 2667 251 2694 3.
264 2664 609 2705 lugeriusdtnglicauns,
623 2664 686 2705 adp:
701 2662 795 2705 ὶτέριρ.
850 2699 857 2705 _
969 2699 975 2705 .

261 2702 316 2736 (18)
347 2701 375 2727 lu
402 2698 495 2736 Regio
506 2701 580 2736 Apost
602 2698 797 2736 παραλυτικόν,
823 2699 859 2726 ad
883 2699 1046 2735 marginem

225 2733 353 2768 additur,
370 2733 573 2771 θεραπευθέντα.

260 2772 317 2808 (19)
333 2768 451 2808 Regius,
475 2768 639 2798 καλούντων.
664 2770 738 2803 Mox,
754 2768 893 2808 ἀγένητον,
919 2770 961 2798 sic
975 2770 1045 2808 edit.

225 2805 366 2838 Comma].
377 2805 407 2835 'et
422 2814 523 2835 omnes
536 2814 606 2835 mss.
621 2808 724 2842 praeter
734 2805 822 2835 Basil.
834 2805 885 2841 qui
898 2813 965 2834 cum
975 2805 1045 2835 edit.

172 2903 282 2960 Ἢ

1103 2360 1141 2397 μὴ
1166 2360 1280 2397 ὀμνύναι
1304 2370 1348 2391 τις
1374 2362 1497 2397 μιμεῖται
1511 2359 1542 2388 τὸ
1557 2362 1645 2396 Θεῖον,
1660 2361 1720 2391 πῶς
1736 2359 1816 2391 αὐτὸς
1831 2360 1845 2387 ὀ
1861 2359 1928 2390 Θεός

1103 2403 1218 2441 ὀμνύναι
1248 2404 1355 2442 λέγεται
1383 2404 1409 2432 ἰν
1437 2406 1498 2437 ταῖς
1531 2404 1613 2436 θείαις
1641 2406 1779 2443 Γραφαῖῑςς
1808 2404 1857 2432 Καὶ
1873 2404 1927 2442 γὰρ

1102 2448 1146 2477 καθ
1176 2450 1215 2485 τῷ
1244 2446 1370 2487 Ἀϐραὰμ
1397 2447 1515 2486 ὤμοσεν,
1540 2447 1630 2488 ὣσπερ
1645 2448 1690 2477 καὶ
1704 2451 1808 2485 Μωσῆς
1824 2458 1929 2487 μαρτυ-

1102 2627 1258 2666 Parisiens,
1273 2627 1360 2666 habet
1369 2626 1636 2666 dytvv-hrov,minus
1651 2629 1738 2666 recte.
1751 2628 1839 2666 Paulo
1850 2630 1929 2666 post,

1102 2664 1250 2702 e_regione
1270 2663 1349 2702 vocis
1372 2663 1607 2702 καταφρονεῖσθαι,
1632 2663 1668 2691 ad
1685 2663 1859 2700 mairginem‘
1874 2666 1929 2693 Re—

1101 2699 1141 2736 gii
1158 2697 1274 2736 “igitur,
1288 2697 1489 2736 ypdenat,_hi
1503 2697 1648 2736 κρίνεσθαι,

1139 2733 1200 2771 (20)
1215 2733 1312 2771 Ἡμεῖς
1326 2735 1409 2763 deest
1430 2734 1461 2763 iu
1485 2733 1601 2771 Anglic.
1618 2735 1694 2770 Mox,
1718 2735 1790 2763 Fslc.
1806 2736 1834 2769 3,
1850 2733 1927 2770 δόξο-

1103 2779 1152 2806 μεν
1157 2791 1163 2797 .
