4100 6224
224 354 339 424 I93

227 492 339 559 ρεῖ,
369 483 459 541 καὶ
490 483 543 539 ἐν
575 484 801 555 Ὕμνοις
834 476 891 535 δὶ
945 480 1261 556 γέγραπταιο
1323 501 1352 530 (ι

230 576 320 631 καὶ
380 573 443 629 ού
506 568 1036 645 μεταμεληθήσεται’
1099 566 1175 622 Σὺ
1229 565 1400 643 ἱερεὺς
1452 565 1530 627 εἷς
1578 566 1670 620 τὸν
1714 565 1886 621 αίῶνα

231 666 369 721 κατά
415 663 513 731 τὴν
562 659 706 729 τάξιν
753 654 1112 733 Μελχισεδίκ.
1144 680 1173 709 η
1208 655 1355 728 Δόξει
1386 657 1494 728 (21)
1523 654 1623 731 γάρ
1655 655 1689 725 ἢ
1724 659 1888 710 ταῦτα

238 752 511 829 μάχεσθαι
538 754 653 810 τοῖς
684 747 1093 824 προλεχθεῖσιν,
1124 747 1159 814 ἢ
1194 745 1253 800 ἐκ
1275 744 1485 800 τούτων
1520 740 1886 821 ἐπιτρίϐεσθαι

230 842 359 905 τοὺς
392 838 705 917 ἀνθρώπους
730 836 806 899 είς
838 831 1057 912 ὅρκους.
1090 833 1247 891 Ἀλλ’
1277 834 1377 890 οὐκ
1405 832 1544 889 ἔστιν
1592 830 1755 889 οὕτωσ
1811 836 1885 907 μή

231 930 401 988 ταῦτά
466 949 550 991 τις
599 929 712 1001 (22)
767 926 1060 999 νομιζέτω.
1116 924 1247 985 Θεὸς
1303 924 1405 1000 γὰρ
1478 924 1595 978 κατ’
1673 920 1888 986 οὐδενὸς

236 1019 452 1095 ὀμνύει.
511 1021 635 1080 Πῶς
697 1014 823 1091 γὰρ,
884 1012 1044 1075 αὐτὸς
1100 1012 1296 1089 Κύριος
1351 1014 1441 1067 καὶ
1499 1013 1735 1083 ποιητὴς
1782 1017 1889 1067 τῶν

238 1112 488 1167 ἀπάντων
552 1108 858 1183 ὑπάρχων;
920 1103 1078 1162 Ἀλλ’
1136 1103 1185 1159 εἲ
1213 1105 1330 1179 χρή
1360 1103 1577 1174 τάληθῆ
1612 1103 1812 1179 λέγειν,
1862 1104 1892 1158 ὁ

238 1200 407 1276 λόγος
436 1197 600 1273 ὅρκος
629 1195 795 1252 αὐτοῦ
825 1192 957 1266 tm,
989 1192 1362 1271 πληροφορῶν
1404 1192 1531 1256 τοὺς
1577 1192 1893 1267 ἀκούοντας,

233 1288 324 1344 καὶ
377 1286 557 1342 πίστιν
615 1282 823 1356 ἑκάστῳ
870 1280 1151 1358 παρέχων,
1210 1281 1293 1337 ὅτι
1344 1283 1373 1337 ’ὀ
1406 1281 1774 1359 ὲπηγγείλατο
1804 1282 1895 1337 καὶ

198 1374 417 1447 ελαλεῖ,
483 1375 699 1436 πάντως
752 1370 845 1427 καῖ
900 1373 1207 1447 γενήσεται.
1258 1370 1331 1426 Οὐ
1361 1371 1464 1447 γὰρ
1495 1372 1570 1433 ὡς
1611 1373 1898 1447 ἄνθρωπος

239 1464 428 1540 ὀμνύει
459 1464 611 1535 Θεὸς,
645 1460 771 1518 ἀλλ’
802 1463 938 1534 ἡμῖν
972 1461 1000 1514 ὁ
1032 1458 1201 1535 λόγος
1231 1459 1397 1515 αὐτοῦ
1430 1460 1546 1515 ἀντὶ
1577 1459 1741 1535 ὅρκου
1761 1460 1897 1534 πρὸς

236 1554 498 1626 ἀλήθειαν
546 1551 774 1629 γίνεται.
826 1550 1162 1624 Ἀνθρώποις
1212 1546 1271 1603 δὲ
1319 1547 1505 1605 λαλῶν
1549 1548 1774 1622 ὀμνύναι
1809 1547 1898 1604 λι-

235 1663 409 1720 γεται,
466 1640 555 1698 καὶ
615 1645 778 1696 τοῦτο
838 1638 1326 1714 ἀνθρωπικώτερον
1397 1636 1711 1693 λαλούντων
1789 1641 1897 1693 τῶν

240 1732 433 1808 ἁγίων·
459 1729 552 1785 ἵνα
582 1730 671 1809 ἀφ’
702 1730 775 1784 ὧν
809 1726 961 1783 αὐτοὶ
996 1726 1243 1803 λέγοντες
1300 1728 1558 1797 ἀξιοῦσιν,
1616 1727 1720 1782 ἀπὸ
1771 1725 1898 1781 τού-

239 1842 346 1877 των
378 1820 532 1876 αύτοὶ
558 1818 889 1875 πιστεύσωσι
919 1820 997 1889 τῷ
1028 1814 1290 1871 λαλοῦντι
1320 1820 1454 1888 Θεῷ·
1507 1817 1596 1878 Ὠς
1651 1818 1753 1892 γὰρ
1811 1817 1900 1871 ἀν-
1928 1856 1977 1922 Β

253 1921 256 1922 ,
333 1910 345 1922 ρ
547 1909 560 1922 ι
629 1907 648 1922 \
681 1909 692 1922 ο
833 1902 857 1922 ν
1024 1906 1052 1922 n
1088 1900 1118 1922 β
1216 1910 1236 1921 us
1325 1904 1351 1922 II
1489 1905 1515 1922 εὶ
1536 1904 1555 1922 κ
1610 1904 1629 1922 \
1674 1911 1696 1921 ει
1724 1907 1736 1922 ε
1772 1913 1802 1922 Α
1844 1904 1866 1922 .\

243 1910 477 1987 θρώπων
509 1909 599 1964 τὸν
629 1907 792 1983 λόγον
829 1902 989 1983 ὅρκος
1024 1900 1255 1981 βεϐαιοῖ,
1291 1904 1463 1968 οὕτως
1488 1904 1696 1960 ἂλαλεῖ
1717 1907 1744 1959 ὁ
1768 1904 1896 1967 Θεὸς

245 2000 359 2063 ἀνθ’
407 1993 573 2072 ὅρκου
632 1996 933 2071 λογιζεσθω
991 1992 1079 2049 διά
1106 1995 1168 2050 τὸ
1203 1989 1417 2069 βέϐαιον
1450 1995 1539 2049 καὶ
1567 1994 1893 2067 ἀμετάθετον

242 2095 342 2159 τῆς
379 2086 587 2165 βουλῆς
618 2086 803 2143 αὐτοῦ.
838 2090 1111 2161 Μαρτυρεῖ
1141 2081 1199 2138 δὲ
1221 2088 1300 2155 τῷ
1331 2083 1612 2160 λεγομένῳ
1664 2085 1754 2139 καὶ
1801 2084 1893 2138 αύ-

245 2178 337 2239 τὸς
368 2177 396 2231 ὁ
426 2174 829 2252 γεγραμμένοςσ
854 2170 1015 2249 ὅρκος
1041 2198 1069 2225 ι(
1092 2175 1297 2247 Ὠμοσε
1318 2197 1347 2226 »
1372 2173 1475 2249 γὰρ
1503 2198 1531 2225 ‹‹
1565 2173 1788 2247 Κύριος,
1806 2172 1895 2228 καὶ

249 2267 315 2322 ού
378 2263 909 2339 μεταμεληθήσεται,
973 2286 1001 2314 ››
1062 2262 1137 2324 ὡς
1190 2266 1288 2317 τοῦ
1342 2261 1761 2336 ἀμεταμελήτου
1805 2261 1894 2317 καὶ

247 2356 464 2416 πάντως
522 2352 784 2426 ὶσομὲνου
839 2353 975 2407 κατά
1026 2352 1127 2420 τὴν
1176 2350 1502 2427 ἐπαγγελίαν
1555 2351 1719 2427 ὅρκου
1768 2372 1897 2427 τυγ-

247 2443 534 2519 χάνοντος.
591 2445 761 2495 Τοῦτο
820 2438 877 2495 δὶ
934 2439 1023 2494 καὶ
1078 2439 1238 2502 αὐτὸς
1285 2441 1314 2495 ὁ
1345 2440 1473 2502 Θεὸς
1507 2442 1558 2496 ὲν
1591 2444 1657 2514 τῇ
1690 2442 1894 2495 Γενᾶσει

254 2527 510 2603 σημαίνει
560 2527 753 2604 λέγων·
812 2552 840 2578 (ι
889 2529 1013 2583 Κατ’
1056 2528 1293 2602 ἐμαυτοῦ
1343 2527 1554 2601 ὣμοσα.
1588 2553 1610 2581 ι
1642 2533 1811 2583 Τοῦτο
1842 2526 1899 2583 δὶ

259 2618 368 2693 οὐχ
398 2618 556 2694 ὅρκος
586 2616 748 2673 ἐστίν.
804 2614 943 2674 Οὐδὲ
986 2617 1088 2693 γὰρ
1144 2616 1277 2672 κατά
1319 2638 1466 2680 τινος
1498 2614 1735 2691 ὣμοσεν,
1767 2616 1897 2687 ὅπερ

258 2705 393 2763 ἴδιόν
472 2707 611 2761 ἐστιν
686 2704 869 2781 ὅρκου·
951 2705 1094 2761 ἀλλά
1165 2707 1285 2771 καθ’
1348 2707 1559 2779 εαυτοῦ,
1616 2707 1748 2783 ὅπερ
1801 2708 1902 2776 τὴν

252 2800 349 2851 τοῦ
402 2790 568 2869 ὅρκου
650 2794 901 2849 ὑπόνοιαν
962 2794 1230 2873 ἔκφεύγει,
1285 2794 1374 2850 καὶ
1434 2796 1485 2850 ὲν
1544 2796 1591 2867 ᾧ
1647 2795 1899 2869 σημαίνει

254 2883 316 2937 τὸ
352 2878 567 2957 βέϐαιον
588 2885 687 2951 τῆς
720 2881 1067 2959 ἐπαγγελίας,
1106 2883 1195 2938 καὶ
1224 2884 1287 2937 τὸ
1316 2890 1517 2959 ’χρῆναι
1547 2885 1763 2946 πάντως
1811 2905 1903 2939 πι-

258 2978 471 3028 στεῦσαι
527 2972 618 3028 τὸν
669 2970 951 3029 ἀκούοντα.
985 2974 1164 3028 Ἔστω
1196 2969 1253 3027 δὲ
1282 2972 1370 3027 καὶ
1402 2973 1429 3027 ὁ
1463 2970 1714 3045 ὑμνῳδὸς
1768 2972 1904 3049 μάρ-

1264 346 1365 409 DE
1407 342 1791 408 PASSIONE
1835 346 1935 410 ET
1977 346 2233 409 GRUCE
2277 346 2585 412 DOMINI.

3525 364 3642 425 194

1406 479 1612 550 Ὠμοσε
1659 476 1880 552 Κύριος,

2015 484 2164 535 satur
2193 481 2420 553 Moyses
2441 483 2506 552 ’7,
2531 487 2586 539 et
2618 482 2675 539 in
2700 487 2945 559 Hymnis
2976 489 3263 555 scriptum
3294 495 3383 546 cst
3406 509 3455 546 ει
3477 494 3646 551 Jura-

1994 569 2075 623 vit
2100 570 2402 638 Dominus,
2424 577 2481 627 et
2512 590 2628 628 non
2661 575 2963 645 pmnitebit
2985 594 3117 633 eum
3145 596 3157 633 :
3182 578 3265 633 Tu
3288 594 3351 635 es
3372 584 3647 640 sacerdos

1996 658 2054 713 in
2086 663 2367 714 aeternum
2401 664 2725 718 secundum
2770 665 3034 722 ordinem
3084 666 3510 725 Melchisedech
3528 671 3594 727 ²⁸.
3619 692 3648 722 »

1995 747 2283 804 Videntur
2304 750 2459 805 enim
2491 750 2605 807 ista
2634 758 2734 807 aut
2764 771 2897 810 cum
2930 756 3333 827 superioribus
3365 774 3651 831 pugnare,

1996 841 2097 893 aut
2125 837 2341 895 isthinc
2388 839 2659 897 homines
2714 843 2785 897 ad
2810 844 3151 915 juramenta
3181 848 3504 904 assuefieri.
3538 849 3650 905 Sed

2002 943 2116 982 non
2147 926 2229 983 ita
2259 944 2321 983 se
2352 944 2444 984 res
2474 930 2649 986 habet
2682 948 2694 984 :
2730 949 2801 987 ne
2834 933 3146 1005 quisquam
3198 936 3281 992 ita
3328 936 3647 997 existimet.

2001 1014 2155 1070 Deus
2186 1014 2343 1070 enim
2390 1033 2491 1088 per
2520 1019 2813 1075 neminem
2838 1020 3021 1091 jurat.
3053 1022 3161 1086 Qui
3192 1024 3249 1080 id
3282 1025 3405 1081 ﬁeri
3438 1031 3650 1099 potest,

2002 1119 2137 1158 cum
2170 1103 2248 1158 sit
2279 1106 2558 1162 Dominus
2578 1113 2635 1162 et
2660 1110 2927 1165 conditor
2955 1111 3263 1169 omnium?
3293 1115 3405 1171 Sed
3438 1116 3487 1171 si
3520 1133 3652 1174 vere

2003 1192 2253 1257 dicatur,
2286 1195 2526 1250 verbum
2559 1201 2648 1251 est
2679 1199 3085 1267 juramentum
3132 1201 3312 1271 illius,
3345 1205 3499 1275 quod
3548 1222 3651 1262 au-

2006 1281 2233 1337 dientes
2263 1284 2537 1339 certiores
2574 1286 2731 1353 facit,
2755 1289 3031 1345 omnibus
3063 1291 3235 1346 ﬁdem
3268 1292 3553 1363 praebens,
3585 1311 3654 1352 ea

2007 1386 2132 1441 quae
2166 1370 2453 1441 promittit
2481 1376 2539 1428 et
2558 1373 2838 1445 loquitur,
2863 1393 3106 1448 prorsus
3129 1378 3322 1435 futura
3350 1397 3502 1437 esse.
3526 1382 3653 1439 Non

2007 1459 2161 1514 enim
2198 1458 2357 1515 velut
2386 1461 2561 1517 homo
2600 1464 2763 1534 jurat
2812 1470 2985 1534 Deus,
3019 1469 3119 1524 sed
3173 1469 3341 1525 nobis
3371 1470 3500 1542 ejus
3529 1487 3656 1528 ver-

2008 1549 2148 1604 bum
2178 1566 2280 1621 pro
2305 1551 2642 1621 juramento
2674 1558 2765 1609 est
2813 1555 2885 1609 ad
2928 1556 3252 1613 veritatem.
3285 1561 3427 1614 Cum
3460 1564 3657 1617 autem

2008 1635 2267 1707 loquitur
2305 1637 2669 1709 hominibus,
2696 1642 2899 1713 jurare
2939 1644 3192 1701 dicitur:
3220 1662 3335 1718 qua
3365 1647 3424 1702 in
3456 1665 3516 1705 re
3544 1649 3656 1705 hu-

2010 1741 2183 1782 mano
2217 1743 2375 1783 more
2417 1729 2742 1800 loquuntur
2786 1733 2997 1799 sancti,
3030 1738 3094 1788 ut
3140 1751 3209 1790 ex
3256 1736 3473 1808 quibus
3520 1737 3655 1811 ipsi,

2009 1815 2149 1870 dum
2172 1815 2516 1887 loquuntur,
2542 1819 2715 1874 fidem
2740 1822 3142 1892 postulant,ex
3164 1823 3372 1881 iisdem
3396 1827 3659 1898 loquenti

2010 1905 2120 1959 Deo
2151 1905 2411 1961 credant.
2447 1906 2520 1962 Ut
2548 1925 2801 1980 namque
2842 1910 3148 1967 hominum
3193 1929 3523 1971 sermonem
3558 1917 3657 1971 fir-

2006 1999 2131 2047 mat
2153 1995 2595 2064 juramentum;
2633 1998 2715 2051 ita
2752 2015 2880 2069 qum
2914 1999 3172 2071 loquitur
3204 2004 3353 2058 Deus
3383 2005 3649 2075 projura

2006 2087 2206 2139 mento
2236 2083 2511 2139 habenda
2545 2092 2702 2151 sunt,
2737 2088 2809 2141 ob
2843 2089 3178 2145 ﬁrmitatem
3216 2092 3661 2151 immutabilita-

2004 2176 2240 2241 temque
2270 2172 2500 2228 consilii
2532 2175 2681 2245 ejus.
2706 2176 2978 2231 Testatur
3016 2177 3074 2232 id
3108 2179 3263 2249 quod
3295 2180 3517 2236 dictum
3548 2187 3665 2267 est,

2005 2260 2200 2332 ipsum
2221 2260 2279 2315 in
2293 2261 2595 2333 Scriptura
2616 2264 3310 2336 tradilumjuramentum
3330 2260 3662 2326 :«Juravit»;

2006 2350 2162 2405 enim
2189 2349 2546 2418 «Dominus,
2568 2356 2625 2406 et
2654 2370 2766 2408 non
2802 2355 3106 2425 pmnitebit
3126 2358 3227 2413 ΘΔ
3258 2375 3417 2425 eum,
3442 2382 3470 2408 ››
3495 2361 3653 2432 quod

2008 2438 2287 2495 nimirum
2311 2440 2714 2511 juramentum
2756 2442 2898 2498 illud
2932 2444 3059 2501 sine
3099 2447 3437 2517 pmnitentia
3468 2449 3566 2517 sit,
3600 2454 3659 2506 et

2007 2543 2249 2599 prorsus
2273 2528 2537 2583 futurum
2555 2530 2878 2585 secundum
2906 2533 3374 2604 promissionem.
3395 2538 3508 2593 Hoc
3530 2538 3658 2611 ipse

2009 2616 2164 2672 Dcus
2197 2617 2255 2671 in
2286 2618 2494 2672 Genesi
2546 2618 2765 2673 indicat
2811 2619 2902 2674 his
2950 2622 3140 2678 verbis
3172 2640 3185 2678 :
3213 2646 3240 2673 «
3276 2624 3380 2680 Per
3412 2630 3661 2683 memet-

2010 2704 2207 2777 ipsum
2247 2704 2577 2775 juravi”.a
2629 2706 2777 2761 illud
2830 2714 3027 2764 autem
3077 2727 3450 2783 nequaquam
3491 2715 3666 2784 jura-

2012 2798 2275 2849 mentum
2307 2799 2417 2849 est.
2450 2794 2651 2865 Neque
2680 2796 2833 2851 enim
2887 2814 2991 2868 per
3032 2799 3209 2854 alium
3237 2802 3476 2871 juravit,
3502 2804 3657 2874 quod

2014 2882 2315 2953 proprium
2346 2887 2436 2938 est
2475 2884 2833 2953 juramenti;
2884 2886 2985 2941 sed
3037 2904 3139 2959 per
3186 2891 3470 2961 seipsum,
3504 2892 3660 2962 quod

2006 2972 2331 3043 juramenti
2375 2972 2771 3043 suspicionem
2802 2981 3079 3041 removet,
3110 2982 3167 3032 et
3204 2994 3320 3049 quo
3368 2979 3662 3052 signiﬁcat

260 3083 354 3124 τυς
384 3066 489 3116 τῶν
526 3060 857 3138 λεγομᾶνων,
891 3062 1319 3135 ἀναμιμνήσκων
1350 3062 1442 3116 τὸν
1474 3060 1627 3132 Θεὺν,
1678 3060 1898 3134 ψάλλων

2015 3059 2423 3134 promissionis
2471 3061 2830 3132 ﬁrmitatem,
2863 3069 2920 3120 et
2948 3064 3189 3133 indicat,
3221 3083 3356 3124 eum
3406 3069 3506 3140 qui
3556 3085 3659 3125 au-

260 3152 349 3206 καὶ
392 3150 591 3221 λέγων·
654 3176 681 3202 ‹‹
745 3154 856 3206 Ποῦ
915 3150 1018 3205 είσι
1074 3152 1141 3205 τὰ
1172 3148 1299 3221 ὲλέη
1332 3171 1427 3205 σου
1455 3152 1522 3205 τὰ
1551 3151 1773 3225 ἀρχαῖα,
1804 3149 1898 3206 Κύ-

2016 3150 2189 3206 dierit
2218 3150 2388 3221 plane
2417 3150 2648 3206 credere
2685 3153 2915 3209 debere.
2947 3154 3135 3211 Testis
3181 3157 3259 3212 sit
3300 3174 3501 3214 eorum
3531 3174 3659 3230 quas

268 3260 350 3315 ριε
380 3242 517 3315 (23),
546 3238 577 3294 ἃ
607 3238 827 3312 ὤμοσας
856 3244 937 3311 τῷ
970 3234 1135 3294 Δαϐὶδ
1167 3238 1218 3294 ἐν
1253 3243 1319 3312 τῇ
1352 3238 1580 3310 ἀληθείᾳ
1608 3258 1743 3309 acu;
1778 3264 1806 3291 ›)
1838 3239 1898 3297 Oi

2028 3239 2285 3294 diximus
2314 3238 2644 3307 Psalmista,
2677 3240 2776 3312 qui
2814 3243 2925 3297 Deo
2956 3242 3108 3299 inter
3148 3243 3511 3315 psallendum
3543 3226 3668 3302 ine-

268 3328 371 3404 γάρ
402 3328 537 3382 κατά
563 3335 661 3397 τῆς
714 3328 973 3399 ἀληθείας
1013 3326 1201 3401 ὀμνύει
1254 3326 1405 3390 Θεόςο
1456 3326 1582 3384 ἀλλ’
1611 3329 1743 3403 ἅπερ
1776 3327 1898 3399 ἀλη-

2026 3330 2270 3385 moriam
2329 3333 2556 3384 revocat
2612 3330 3035 3400 promissorum
3084 3332 3177 3389 his
3225 3334 3418 3392 verbis
3460 3352 3527 3392 ;‹‹
3564 3334 3669 3393 Ubi

269 3416 438 3472 Θεύων
480 3416 638 3472 λαλεῖ
668 3416 742 3479 ὡς
765 3415 931 3491 ὅρκος
953 3416 1062 3472 ἐστὶ
1079 3422 1198 3479 τοῖς
1224 3417 1532 3490 ἀνθρώποις
1554 3416 1691 3493 πρός
1714 3416 1893 3472 πίστιν

2025 3423 2166 3474 sunt
2194 3418 2605 3474 misericordias
2650 3424 2764 3474 tuaa
2802 3420 3074 3492 antiqua,
3114 3424 3373 3492 Domine,
3398 3442 3546 3497 quas
3568 3427 3667 3496 ju-

271 3502 409 3564 Οὗτε
440 3504 529 3560 οὖν
564 3506 690 3568 Θεὸς
721 3507 855 3560 κατὰ
882 3504 1011 3568 τοὺς
1042 3505 1359 3580 ἀνθρώπους
1383 3504 1591 3579 ὀμνύει,
1615 3506 1737 3561 οὕτε
1766 3508 1898 3579 tua.

2025 3507 2165 3563 rasti
2215 3506 2413 3562 Davidi
2460 3507 2519 3561 in
2571 3510 2811 3565 veritate
2848 3511 3109 3567 tua”?»
3141 3512 3518 3586 Nequaquam
3569 3531 3673 3587 per

267 3594 327 3650 ἐκ
357 3594 561 3649 τούτων
593 3594 665 3656 εἷς
695 3590 891 3668 ὅρκους
942 3590 1304 3666 ἒπιτρίῦεσθαι
1336 3597 1449 3669 (24)
1479 3597 1613 3670 χρή⁶
1649 3594 1793 3650 ἀλλά
1820 3616 1898 3650 το¹

2022 3598 2329 3652 veritatem
2352 3596 2518 3667 jurat
2548 3601 2697 3653 Deus
2727 3616 2739 3652 :
2767 3600 2865 3653 sed
2896 3616 3022 3671 quas
3055 3600 3151 3655 ille
3180 3603 3462 3659 veraciter
3490 3603 3681 3676 loqui-

270 3688 423 3738 ιαῦτα
480 3684 724 3759 λέγωμεν
780 3684 868 3738 καὶ
926 3683 1270 3757 πράττωμεν,
1303 3684 1377 3746 ὡς
1414 3685 1489 3758 μὴ
1516 3680 1679 3761 ὅρκου
1712 3681 1892 3739 δεῖσθα

2025 3691 2143 3753 tur,
2171 3703 2274 3758 pro
2296 3686 2635 3756 juramento
2658 3693 2797 3743 sunt
2828 3688 3162 3745 hominibus
3195 3692 3265 3745 ad
3299 3693 3496 3747 fidem.
3520 3698 3673 3748 Deus

267 3772 393 3834 τοὺς
426 3773 739 3842 ἀκούοντας,
775 3772 901 3828 ἀλλ’
930 3772 1020 3851 ἀφ’
1058 3773 1260 3829 ἑαυτῶν
1321 3770 1467 3849 ἔχειν
1524 3775 1592 3829 τὰ
1649 3773 1898 3850 λεγόμενα

2025 3776 2223 3847 itaque
2252 3792 2364 3830 non
2397 3775 2555 3830 velut
2594 3776 2863 3832 homines
2901 3778 3083 3847 jurat,
3116 3796 3305 3851 neque
3335 3780 3471 3836 hinc
3500 3782 3673 3838 nobis

264 3867 366 3931 τῆς
425 3860 683 3932 ἀληθείας
736 3864 837 3933 τὴν
898 3862 1214 3939 μαρτυρίαν.
1264 3864 1349 3917 Ἐν
1394 3861 1577 3937 τούτῳ
1607 3862 1711 3940 γὰρ
1741 3856 1898 3919 ὄντωι

2016 3866 2355 3937 juramento
2384 3866 2842 3919 assuescendum
2878 3882 2891 3921 :
2925 3867 3029 3920 sed
3060 3866 3207 3922 tales
3236 3885 3343 3923 nos
3379 3868 3673 3940 loquendo

272 3951 627 4025 μιμησόμεθα
658 3952 717 4007 τὸ
750 3958 925 4009 Θεῖον.

2026 3954 2366 4025 agendoque
2412 3951 2815 4017 exhibeamus,
2848 3958 2913 4007 ut
2954 3953 3253 4011 auditores
3301 3973 3415 4012 non
3464 3961 3676 4030 egeant

259 4040 597 4112 juramento
631 4047 864 4112 nostro;
896 4043 999 4099 sed
1030 4041 1187 4098 dicta
1213 4045 1417 4098 nostra
1442 4058 1513 4098 ex
1540 4057 1668 4099 sese
1710 4041 1971 4100 veritatis
2000 4040 2406 4098 testimonium
2453 4039 2727 4095 habeant.
2758 4039 2875 4096 Hac
2906 4042 3062 4097 enim
3091 4041 3152 4098 in
3182 4060 3244 4100 re
3274 4044 3445 4117 plane
3490 4046 3676 4103 Deum

264 4130 654 4188 imitabimur.

334 4222 390 4275 7.
426 4217 583 4275 Ἀλλ’
634 4216 771 4281 ’ίσως
818 4219 909 4275 καὶ
956 4218 1019 4274 τὸ
1066 4217 1203 4274 κατά
1249 4217 1377 4280 τοὺς
1424 4216 1702 4281 Νινευΐτας
1735 4216 1794 4273 ἂν
1829 4239 1914 4281 τις

266 4308 657 4385 ἐπερωτήσειεν
686 4310 879 4371 οὕτως’
912 4308 978 4366 El
1010 4307 1038 4362 ὀ
1073 4307 1238 4381 λόγος
1268 4303 1427 4381 ὅρκος
1460 4306 1571 4363 ἐστὶ
1620 4312 1719 4362 τοῦ
1758 4311 1915 4379 Θεοῦ,

267 4396 351 4452 ὅτι
410 4396 587 4473 λέγων
645 4396 897 4469 ἀληθεύει
955 4396 1045 4451 καὶ
1088 4396 1151 4450 ού
1199 4393 1470 4470 ψεύδεται,
1513 4399 1630 4457 πῶς
1660 4394 1895 4470 εἰρηκώς

2025 4401 2133 4462 est,
2178 4396 2331 4466 quod
2382 4395 2658 4451 veraciter
2713 4396 2988 4469 loquatur
3043 4404 3099 4455 et
3157 4418 3275 4457 non
3332 4403 3677 4472 mentiatur,

271 4507 299 4538 ‹‹
331 4492 449 4541 Ἔτι
480 4490 621 4557 τρεῖς
645 4486 869 4558 ἡμέραι,
900 4485 989 4539 καὶ
1030 4482 1208 4539 Νινευΐ
1241 4486 1349 4555 (25)
1397 4485 1895 4561 καταστραφήσεται

2028 4500 2209 4556 quare
2239 4500 2374 4540 cum
2413 4484 2657 4540 dixisset
2689 4503 2701 4540 :
2732 4507 2759 4535 ‹‹
2782 4486 2985 4542 Adhuc
3029 4493 3148 4544 tres
3198 4488 3342 4559 dies,
3374 4494 3432 4546 et
3476 4490 3682 4548 Ninive

279 4572 341 4628 ού
375 4575 710 4649 πεπλήρωκε
736 4574 827 4629 τὸν
862 4572 1023 4649 λόγον
1056 4591 1070 4642 ;
1102 4570 1241 4643 δόξει
1296 4572 1398 4649 γὰρ
1453 4570 1541 4628 καί
1588 4577 1749 4629 τοῦτο
1811 4575 1898 4646 μά-

2028 4574 2398 4629 subvertetur
2417 4574 2485 4643 3‘,
2508 4596 2536 4623 »
2563 4590 2891 4631 sermonem
2928 4594 3041 4632 non
3065 4577 3371 4650 implevit?
3395 4578 3682 4635 Videntur

271 4674 466 4740 χεσθαι
498 4662 634 4737 πρὸς
687 4662 754 4717 τά
808 4666 1019 4735 πρῶτα.
1080 4660 1233 4719 Ἀλλ’
1273 4660 1335 4716 οὗ
1383 4659 1633 4736 ψεύδεται
1686 4662 1714 4717 ὀ
1747 4662 1877 4725 Θεός

2027 4662 2185 4718 enim
2216 4662 2415 4718 isthasc
2446 4678 2706 4734 pugnare
2751 4680 2882 4719 cum
2935 4666 3414 4737 prmcedentibus.
3446 4669 3519 4723 At
3560 4684 3677 4724 non

271 4753 348 4826 μή
398 4752 645 4827 γένοιτοί
701 4748 826 4807 οὐδὲ
858 4752 886 4806 ὁ
932 4750 1095 4827 λόγος
1128 4748 1459 4827 ἀπλήρωτος
1491 4748 1697 4825 ἔμεινεν
1728 4751 1892 4806 αὐτοῦ

2029 4751 2308 4806 mentitur
2336 4750 2507 4822 Deus,
2537 4750 2724 4806 absit!
2756 4770 2942 4824 neque
2973 4755 3212 4809 verbum
3246 4756 3374 4826 ejus
3409 4772 3672 4828 unquam

269 4843 353 4915 Τῇ
410 4840 512 4918 γὰρ
571 4840 955 4919 φιλανθρωπίᾳ
1010 4842 1110 4911 τὴν
1169 4840 1335 4918 ὀργὴν
1379 4834 1651 4915 ἤμϐλυνε,
1709 4841 1799 4896 καὶ
1845 4842 1898 4912 τῇ

2022 4839 2381 4912 oompletum
2412 4856 2528 4895 non
2559 4844 2666 4896 est.
2691 4842 2808 4897 Suo
2831 4841 2988 4897 enim
3014 4858 3151 4915 erga
3178 4843 3445 4900 homines
3476 4860 3674 4902 amore

2093 4220 2149 4273 7.
2182 4223 2256 4274 At
2284 4217 2552 4273 fortassis
2580 4218 2870 4290 quispiam
2905 4221 2975 4277 de
3005 4223 3181 4279 rebus
3203 4224 3358 4295 apud
3388 4223 3677 4283 Ninivitas

2030 4308 2211 4380 gestis
2238 4306 2321 4362 ita
2362 4312 2735 4378 percontetur
2768 4326 2781 4363 :
2815 4310 2873 4364 Si
2906 4326 3098 4367 sermo
3130 4311 3230 4368 Dei
3266 4314 3675 4384 juramentum

338 5017 383 5051 ⁸⁷
412 5014 553 5071 Gen.
585 5031 723 5081 xm,
757 5015 846 5069 16.
922 5015 968 5051 ³⁸
998 5014 1151 5072 Psal.
1181 5031 1294 5084 cxx,
1327 5015 1380 5070 4.
1455 5015 1502 5050 ²⁹
1528 5017 1671 5072 Gen.
1703 5030 1840 5085 xm,
1874 5014 1898 5069 1

2036 5012 2082 5047 ³ο
2110 5010 2265 5067 Psal.
2299 5028 2564 5081 Lxxxvm,
2594 5014 2685 5067 50.
2764 5014 2807 5051 ³¹
2839 5012 2971 5071 Jon.
3005 5030 3089 5082 ιιι,
3123 5015 3176 5071 4.

2070 5178 2135 5253 ἂρ
2162 5176 2301 5260 κατὰ
2327 5184 2428 5246 τῆς
2447 5177 2745 5260 βληθείη,
2774 5179 3063 5260 habentur
3088 5182 3150 5260 in
3179 5183 3499 5260 Anglicano
3528 5187 3586 5241 et
3614 5183 3676 5260 in

2063 5252 2213 5378 tegio
2238 5252 2503 5377 getcunda
2535 5268 2736 5323 manu,
2768 5252 3301 5327 desideranturque
3342 5255 3402 5311 in
3449 5256 3677 5313 caneris

2113 5339 2172 5376 1n
2203 5339 2233 5377 e
2280 5340 2294 5376 ι
2328 5340 2396 5378 ιε.

2029 5339 2086 5378 et
2113 5339 2172 5376 111
2203 5339 2396 5378 6011.18.

2100 5394 2329 5469 (24)_Ita
2358 5393 2595 5469 Regius,
2642 5394 2816 5451 Basil.
2866 5395 3094 5469 Anglic.
3143 5401 3199 5453 et
3250 5398 3399 5454 Felc.
3432 5399 3485 5453 3.
3521 5396 3672 5454 Editi

344 5461 457 5544 (22)
487 5469 582 5552 Sic
625 5461 848 5552 .Begiu‘s
893 5467 1233 5552 et~Felc.'3.
1267 5461 1580 5552 Edidi-iero
1626 5472 1706 5552 et;
1730 5471 1898 5552 crater

2027 5461 2613 5552 V81‘O:\‘EITP§REGQ:CL.

277 5534 836 5615 manuscriptifpﬂ
891 5536 1058 5615 ταῦτά
1115 5534 1176 5614 γε
1230 5558 1334 5601 τις.
1384 5538 1606 5597 Ibidem
1665 5538 1814 5596 Felc.
1864 5539 1898 5594 3

2032 5536 2211 5615 “(25)
2244 5534 2480 5610 Regius,
2513 5536 2737 5606 Νινευή,
2785 5541 2841 5593 et
2888 5538 2972 5593 sic
3022 5538 3287 5596 inferius.
3325 5539 3456 5595 Mox
3499 5539 3671 5615 Angl.

272 5603 1063 5703 κοιᾶξὲτὲπίυτδὲἒελέἔέτξῖς,
1845 5603 1915 5703 η.
2030 5603 2175 5679 86e-

340 5183 453 5267 (2l)
485 5179 624 5249 Alii,
674 5177 820 5308 δόξῗ,
867 5182 963 5238 alii
1016 5177 1154 5266 δόξει
1185 5182 1424 5267 habent.
1478 5180 1644 5271 Mox,,
1680 5180 1920 5254 Regius,

340 5256 662 5308 nalicanus.
702 5258 774 5308 Fe
801 5271 850 5308 ο.
881 5254 936 5308 3.
972 5224 1337 5308 basiliensis.
1364 5252 1401 5308 ii
1449 5248 1509 5305 ἐκ
1553 5270 1759 5306 τουτων
1804 5249 1920 5305 ἐπι-

274 5224 453 5313 Av...’
485 5224 624 5249 .....,
675 5224 820 5308 ",Y,
867 5224 1154 5308 ...ηἰόηγί
1185 5224 1424 5267 ...τινων
1478 5224 1644 5271 .....-,,
1682 5224 1921 5293 manu:

332 5256 662 5338 nglicanus,
702 5258 774 5310 Fe
801 5271 850 5309 ο.
870 5254 936 5338 ‘3,
1017 5254 1337 5338 asiliensis,
1364 5252 1401 5321 ἢ
1449 5248 1509 5305 ἐκ
1553 5270 1759 5338 τουτων
1804 5249 1891 5305 ἐπι

272 5325 580 5404 τρίϐεσθαι,
638 5326 698 5381 in
756 5330 1336 5410 postremoOtamen,
1402 5325 1663 5406 secunda
1719 5339 1920 5408 manu,

276 5395 672 5471 ἐπιτρέπεσθαι,
707 5402 771 5471 ut
800 5396 1048 5471 habetu_r
1075 5413 1136 5471 in
1168 5397 1376 5471 editis;
1403 5396 1589 5471 dubia
1618 5394 1811 5452 lectio.
1906 5466 1917 5471 _

347 5678 463 5757 '(23)
494 5678 675 5758 Κύρῐε,
706 5678 811 5741 εει⁷
835 5678 895 5740 in
946 5681 1069 5741 solo
1114 5680 1462 5759 Anglicano.
1492 5684 1639 5754 Mox,
1669 5680 1814 5751 hac,
1845 5678 1920 5735 οὔ
