4100 6224
295 354 411 418 I97

1345 336 1446 401 DE
1492 336 1871 400 PASSIONE
1914 337 2015 398 ET
2058 334 2316 400 GRUCE
2365 332 2672 400 DOMINI.

3598 350 3713 410 198

290 489 408 541 τοῦ
468 478 775 558 ἇγσθότητα
822 472 914 531 καὶ
970 467 1199 548 ἆνοχήν.
1256 469 1414 558 ᾼὲγει
1472 471 1597 544 γάρ’
1640 493 1677 558 τ(
1713 466 1959 558 male“;

2083 469 2378 540 «adhuc,»
2414 486 2581 525 suam
2614 469 2869 526 ostendit
2902 468 3217 527 bonitatem
3254 474 3310 527 et
3342 473 3711 534 tolerantiam

292 555 527 644 νήσοοςἽ
563 567 807 638 Χετιεῖμ,
876 562 967 618 καὶ
1044 561 1119 622 εἷς
1181 556 1365 633 Κηδὰρ
1424 555 1801 626 ἀποστείλατε,
1859 556 1947 610 καὶ

2083 558 2150 612 iit
2179 558 2723 629 enimcheragrate
2772 558 2998 614 insulas
3053 560 3298 628 Chetim,
3353 567 3408 617 et
3439 563 3497 617 in
3530 565 3714 621 Cedar

296 643 458 717 ἴδετε.
486 683 515 711 ››
548 657 610 715 El
639 654 816 711 τοίνυν
854 653 929 726 μή
967 652 1334 726 μακροθυμεῖν
1375 643 1594 719 ἤθελεν,
1647 643 1771 699 οὐδὲ
1819 663 1951 719 παρ-

2060 647 2359 717 mittite,et
2378 647 2566 703 videte
2589 649 2652 701 ³⁸.
2673 670 2700 697 ››
2719 648 2841 703 Nisi
2868 649 3065 719 itaque
3089 649 3506 721 longanimiter
3545 670 3715 725 agere

296 748 523 810 αινέσεις
556 745 741 807 αὐτοῖς
775 739 973 798 ἐδίδουο
1010 737 1150 794 ὥστε
1195 734 1451 803 διελθεῖν,
1500 734 1589 789 καὶ
1638 731 1949 794 διελθόντας

2083 735 2250 804 Vellet,
2286 736 2507 791 monita
2542 753 2655 792 non
2691 737 2856 792 daret
2888 737 3025 805 illis,
3059 743 3123 793 ut
3170 741 3531 809 peragrando
3589 742 3714 797 edi-

314 842 500 913 μαθεῖν
560 834 619 889 ἐκ
663 837 769 888 τῶν
824 828 1077 886 ἐναντίων
1137 826 1233 895 τήν
1275 824 1409 900 πρὸς
1438 824 1500 878 τὸ
1530 822 1697 877 καλὸν
1731 821 1952 896 σύγκρι-

300 909 406 984 σιν.
466 922 686 997 Ἀμέλει
738 919 861 976 ὅταν
925 915 1117 991 μηκέτι
1171 913 1563 990 μακροθυμίαν,
1596 909 1721 968 ἀλλ’
1781 911 1950 985 ὀργῆν

306 1017 343 1086 ἡ
398 1016 588 1090 πρᾶξις
657 1010 879 1065 ἑκάστου
934 1003 1322 1082 προσκαλεῖται
1383 1005 1518 1077 (33),
1570 999 1763 1056 λοιπὸν
1814 998 1955 1090 ἀπο-

299 1088 543 1182 φαίνεται
615 1098 807 1175 λέγων’
891 1121 919 1149 ι(
984 1093 1221 1182 ,Οὖκέτιῗ
1269 1092 1605 1182 ἀνοίσωᾼτᾶς
1690 1088 1953 1165 ἁμαρτίας

314 1179 491 1267 ὗμῶν.
521 1213 551 1244 ››
584 1189 682 1244 Διά
712 1186 770 1242 δὶ
798 1190 894 1241 τοῦ
926 1181 1054 1254 ὦδε,
1088 1208 1116 1237 (ι
1172 1181 1371 1253 οὐκετι,
1408 1179 1704 1257 »ῥήματος
1755 1198 1957 1251 σημαι-

296 1283 551 1357 νομένου,
606 1277 837 1333 δείκνυσι
890 1279 1133 1353 φανερῶς
1184 1275 1284 1343 τήν
1334 1272 1459 1347 περὶ
1511 1276 1617 1326 τῶν
1666 1273 1954 1325 Νινευϊτῶν

300 1356 650 1443 δηλουμένην
702 1364 791 1421 διὰ
837 1370 935 1420 τοῦ
983 1367 1118 1438 (34),
1157 1389 1176 1414 α
1214 1358 1314 1434 ἔτι,
1350 1385 1377 1412 ››
1413 1360 1810 1434 μακροθυμίαν,
1868 1356 1959 1412 καὶ

293 1464 391 1516 τοῦ
422 1458 594 1534 λόγου
617 1458 718 1526 τήν
747 1455 1045 1525 ἀλήθειαν,
1079 1449 1366 1509 Ἀδύνατον
1408 1450 1512 1525 γὰρ
1569 1452 1635 1519 ἦν
1695 1449 1770 1521 μή
1817 1445 1961 1517 ἀλη-

304 1553 486 1614 θεῦσαι
514 1548 606 1602 τὸν
635 1546 763 1601 Θεὸν
798 1544 1054 1618 Λέγοντα,
1086 1540 1177 1595 καὶ
1227 1539 1389 1613 μόνον
1452 1536 1808 1612 βουλόμενον.
1867 1535 1963 1590 Διὰ

297 1641 467 1693 τυῦτο
497 1639 580 1707 τῷ
609 1629 861 1709 Ἀϐραὰμ
891 1628 1373 1707 ἐπαγγειλάμενος,
1406 1627 1504 1683 οὐκ
1534 1624 1965 1701 ἐψεύσατο,άλλὰ

304 1726 397 1782 καὶ
427 1726 517 1782 τὸν
552 1724 666 1779 υἱὸν
701 1720 1004 1799 ἐχαρίζετο·
1039 1719 1127 1775 καὶ
1158 1717 1248 1773 τὸν
1282 1717 1411 1774 λαὸν
1460 1716 1712 1793 ἐξήγαγεν
1763 1714 1824 1769 ἐκ
1862 1721 1961 1783 τῆς

312 1814 593 1891 Αἶγύπτου
651 1809 741 1867 διὰ
794 1814 891 1865 τοῦ
930 1807 1247 1887 ἱεροφάντου
1294 1806 1549 1867 Μωσέως.
1602 1804 1697 1859 Καὶ
1741 1803 1832 1858 τὸν
1870 1803 1961 1875 μὶν

303 1902 484 1959 Ἰσαὰκ
537 1899 908 1977 ἐπληροφόρει
962 1902 1032 1971 τῇ
1075 1896 1389 1971 ὑποσχέσει,
1421 1894 1510 1949 καὶ
1542 1893 1745 1967 πατὲρα
1772 1897 1959 1947 τοῦτον

298 1992 473 2047 ἐποίει
536 1995 644 2046 τῶν
702 1987 798 2044 δύο
857 1987 1022 2043 λαῶν’
1071 1990 1150 2059 τῷ
1186 1983 1244 2040 δὲ
1275 1979 1466 2039 Ἰακὼϐ
1499 1981 1959 2059 ἐπαγγειλάμενος

307 2080 546 2138 ἐδείκνυε
597 2080 690 2135 τὸν
739 2080 963 2155 Ἰωσήφ.
1017 2074 1114 2131 Καὶ
1172 2079 1252 2148 τῷ
1314 2074 1407 2146 μὲν
1440 2072 1747 2145 πιστοτάτῳ
1779 2075 1963 2126 Μωσεῖ

300 2169 485 2228 ἐδίδου
514 2174 621 2224 τῶν
654 2166 969 2244 λεγομένων
1001 2166 1104 2234 τὴν
1133 2163 1313 2219 πίστιν
1347 2161 1435 2218 διὰ
1462 2166 1571 2218 τῶν
1632 2156 1963 2235 συμϐαινόν-

296 2282 406 2315 των
437 2263 517 2330 τῷ
547 2256 749 2331 Φαραώ
1028 2251 1085 2308 δὲ
1114 2249 1287 2309 Λαϐὶδ
1315 2250 1797 2328 ἐπαγγειλάμενος,
1832 2251 1961 2305 ἁπε-

303 2332 457 2405 δῖδὸυ
488 2348 586 2416 τὴν
649 2345 939 2420 ὑπόσχεσιν
994 2341 1083 2399 διὰ
1131 2342 1517 2416 Σολομῶντος
1564 2339 1713 2417 λέγω
1762 2337 1828 2410 δὴ
1861 2341 1959 2409 τὴν

307 2442 407 2493 τοῦ
436 2440 567 2490 ναοῦ
600 2432 902 2507 οἰκοδομήν
916 2478 927 2490 .

389 2613 442 2668 8.
478 2610 575 2664 Καὶ
606 2609 657 2665 τί
693 2630 783 2682 μοι
814 2606 975 2684 χρεία
1001 2605 1269 2676 πολλῶν;
1302 2604 1468 2664 Οὐδὲν
1520 2604 1684 2679 ἐστιν,
1728 2604 1759 2659 δ
1815 2603 1964 2680 λέγει

319 2701 347 2754 ὁ
380 2700 530 2770 Θεὸς,
561 2698 650 2753 καὶ
690 2698 1020 2768 ἀπλήρωτον
1078 2701 1239 2751 τοῦτο
1285 2697 1453 2770 μένει.
1509 2695 1612 2750 Κᾶν
1664 2694 1967 2769 παραυτίκα

316 2810 399 2851 τις
433 2788 680 2864 ὀλιγωρῇ
732 2790 908 2857 ζητῶν
956 2786 1046 2842 τὸν
1100 2784 1285 2861 λόγον,
1332 2784 1477 2840 ἀλλὰ
1518 2788 1599 2856 τῲ
1647 2783 1836 2859 χρόνῳ
1865 2785 1965 2853 τήν

320 2874 581 2932 ἀπόδοσιν
635 2877 671 2946 ἡ
722 2874 1015 2950 ὑπόσχεσις
1059 2870 1197 2949 ἔχει,
1241 2873 1438 2945 καὶτῷ
1466 2872 1654 2949 χρόνῳ
1683 2872 1899 2935 πάντως
1931 2874 1965 2942 ἡ

318 2965 616 3041 ἐπαγγελία
658 2963 990 3040 πληροῦται.
1038 2960 1178 3019 Ἰδοὺ
1229 2962 1334 3037 γὰρ
1375 2961 1466 3016 καὶ
1510 2962 1577 3016 τὰ
1619 2963 1724 3037 πρὸ
1755 2960 1969 3017 πολλοῦ

321 3054 588 3131 λεχθέντα
636 3053 738 3110 ὑπὸ
788 3057 885 3108 τοῦ
931 3050 1132 3129 Κυρίου
1177 3052 1266 3106 καὶ
1313 3050 1380 3106 τὰ
1416 3050 1523 3127 πρὸ
1562 3048 1788 3107 πολλῶν
1822 3050 1970 3125 εἰρη-

322 3145 453 3217 μὲνα
484 3144 695 3218 χρόνων
725 3148 815 3197 νῦν
850 3141 901 3197 ἐν
933 3146 1050 3204 τοῖς
1081 3139 1431 3217 Εὐαγγελίοις
1477 3141 1688 3215 ὁρῶμεν
1720 3138 1969 3213 πληρού-

2063 829 2293 879 scsrent
2324 840 2419 893 ,ει
2466 824 2777 880 contrariis
2809 826 2946 880 boni
2978 828 3472 897 comparationem
3505 829 3714 885 discri-

2064 914 2507 984 menque.Certe
2529 913 2627 968 ubi
2642 914 2769 983 jam
2792 930 2903 969 non
2928 913 3172 970 ulterius
3192 916 3716 989 longanimitatem,

2065 1002 2165 1057 sed
2226 1002 2371 1056 iram
2428 1000 2794 1074 singulorum
2857 1019 3032 1074 opera
3085 1012 3419 1075 provocant,
3478 1008 3718 1064 demum

2064 1090 2413 1146 sententiam
2464 1090 2683 1161 profert
2732 1091 2828 1146 his
2858 1092 3051 1148 verbis
3084 1109 3096 1146 :
3131 1116 3159 1143 ‹‹
3196 1093 3318 1151 Non
3353 1095 3504 1151 ultra
3532 1097 3713 1155 feram

2066 1186 2301 1252 peccata
2356 1184 2568 1234 vestra.
2627 1199 2653 1231 υ
2720 1179 2825 1235 Illo
2882 1186 3074 1236 autem
3110 1183 3300 1251 verbo,
3336 1201 3451 1240 non
3484 1186 3657 1257 ultra,
3692 1212 3713 1241 ι

2068 1269 2262 1341 palam
2294 1269 2790 1341 signiﬁcat,suam
2820 1286 2957 1342 erga
2986 1270 3273 1327 Ninivitas
3303 1274 3718 1345 longanimita-

2068 1364 2208 1423 tem,
2242 1375 2396 1428 voce,
2429 1382 2457 1407 ‹‹
2493 1358 2704 1426 adhuc,
2743 1381 2768 1407 η
2800 1359 3155 1414 declaratum
3212 1376 3225 1417 :
3280 1377 3502 1419 necnon
3559 1368 3717 1421 verbi

2070 1448 2161 1503 sui
2219 1448 2538 1502 veritatem.
2599 1447 2965 1518 lmpossibile
3019 1449 3233 1521 quippe
3263 1456 3407 1520 erat,
3445 1469 3556 1508 non
3588 1471 3718 1511 vere

2072 1537 2262 1592 dicere
2283 1537 2466 1592 Deum
2493 1552 2626 1591 eum
2650 1535 2952 1608 quidpiam
2978 1538 3214 1602 diceret,
3242 1545 3342 1594 aut
3362 1540 3551 1597 solum
3577 1543 3720 1600 dum

2072 1625 2377 1697 quidpiam
2408 1624 2594 1680 vellet.
2638 1627 2824 1690 Quare
2855 1642 2987 1681 cum
3044 1628 3373 1684 Abrahamo
3430 1630 3724 1702 pollicitus

2074 1717 2249 1779 esset,
2281 1730 2652 1785 nequaquam
2687 1714 2963 1770 mentitus
2995 1720 3103 1777 est.
3137 1717 3235 1771 sed
3271 1718 3456 1773 ﬁlium
3489 1720 3726 1777 donavit

2073 1801 2182 1868 illi,
2215 1802 2615 1874 populumque
2648 1804 2845 1858 eduxit
2873 1822 2942 1858 ex
3000 1808 3236 1877 )Egypto
3296 1822 3398 1877 per
3454 1809 3722 1866 oraculo-

2074 1908 2204 1947 rum
2262 1893 2733 1947 annuntiatorem
2786 1896 3036 1964 Moysen.
3071 1898 3266 1949 Isaaco
3296 1896 3471 1951 etiam
3504 1903 3723 1956 certam

2068 1981 2517 2049 promissionem
2550 1981 2934 2044 denuntiavit,
2968 1983 3339 2055 duorumque
3370 1987 3722 2056 populorum

2070 2074 2292 2142 patrem
2351 2070 2541 2125 effecit
2603 2069 2768 2125 illum
2824 2087 2835 2124 :
2885 2072 3124 2137 Jacobo,
3198 2074 3280 2127 uti
3349 2076 3720 2146 promiserat,

2068 2161 2394 2232 Josephum
2425 2162 2688 2217 exhibuit
2721 2180 2733 2218 :
2768 2162 2950 2234 Moysi
3011 2163 3358 2220 ﬁdelissimo
3413 2167 3722 2225 verborum

2071 2267 2317 2305 suorum
2340 2250 2513 2305 ﬁdem
2537 2250 2823 2322 dedit,per
2840 2268 2906 2305 ea
2927 2268 3051 2322 quae
3078 2251 3365 2309 Pharaoni
3388 2256 3681 2329 contigere
3710 2275 3726 2315 :

2071 2338 2271 2395 Davidi
2303 2355 2436 2394 cum
2470 2339 2763 2411 pollicitus
2795 2342 3422 2412 esset,promissionem
3456 2343 3726 2419 implevit

2073 2444 2177 2502 per
2202 2428 2573 2484 Salomonem
2609 2448 2621 2484 :
2653 2429 2860 2501 loquor
2890 2436 3085 2485 autem
3119 2432 3190 2486 de
3238 2433 3440 2504 templi
3491 2442 3727 2494 extruc-

2071 2518 2248 2574 tione.

2145 2609 2198 2661 8.
2232 2607 2451 2678 Ecquid
2480 2606 2625 2662 mihi
2662 2606 2860 2662 multis
2894 2608 3084 2679 Opus?
3114 2609 3268 2663 Nihil
3331 2627 3533 2667 eorum
3592 2631 3721 2687 qua

2077 2694 2385 2767 pollicetur
2428 2696 2579 2752 Deus
2612 2697 2890 2751 infectum
2926 2703 3140 2752 manet.
3171 2698 3410 2754 Etiamsi
3445 2702 3579 2772 quis
3610 2707 3728 2759 sta-

2077 2788 2182 2839 tim
2216 2785 2412 2841 animo
2442 2786 2692 2852 deficiat,
2727 2787 2867 2840 dum
2896 2787 3024 2855 ejus
3056 2787 3298 2857 inquirit
3356 2791 3531 2846 verba
3589 2808 3603 2847 :
3667 2796 3728 2848 at

2078 2878 2339 2945 tempore
2370 2891 2475 2929 suo
2508 2875 2955 2945 promissionem
2992 2892 3082 2930 res
3115 2877 3517 2948 consequitur,
3549 2884 3726 2952 atque

2078 2963 2314 3017 tandem
2350 2962 2688 3033 pollicitatio
2716 2962 3012 3035 impletur.
3048 2965 3189 3019 Ecce
3238 2966 3395 3021 enim
3453 2984 3544 3024 res
3604 2970 3725 3041 iam

2081 3049 2221 3106 olim
2255 3068 2285 3106 a
2314 3052 2560 3106 Domino
2587 3052 2962 3107 denuntiatae
2980 3054 3343 3123 etjamdium
3378 3056 3725 3131 declaratas,

2082 3156 2238 3195 nunc
2270 3141 2327 3195 in
2360 3139 2688 3212 Evangeliis
2719 3141 3039 3212 completas
3068 3143 3356 3199 videmus.
3413 3145 3728 3218 Propheta-

325 3206 455 3305 μενα
487 3206 724 3292 ’ἷῇσαῒας
782 3231 875 3302 μὲν
950 3230 1050 3306 γὰρ
1121 3206 1520 3307 προεφήτευσεν
1572 3206 1623 3298 ἐξ
1681 3206 1969 3303 ἀπειρὸγά-

2083 3228 2165 3283 vit
2191 3229 2467 3296 Isaias,ex
2498 3229 2835 3300 nuptiarum
2855 3236 3087 3302 experte
3105 3232 3348 3289 muliere
3368 3234 3729 3294 nasciturum

327 3342 430 3394 μου
460 3320 711 3396 γυναικὸς
741 3321 1100 3395 τεχθήσεσθαι
1132 3318 1223 3373 τὸν
1276 3315 1659 3392 Ἐμμανουήλ·
1703 3316 1861 3379 αὐτὸς
1915 3314 1972 3372 δὶ

325 3409 386 3464 ἐκ
417 3408 623 3484 Μαρίας
652 3411 750 3477 τῆς
786 3405 1052 3477 Παρθένου
1082 3406 1356 3481 γεννηθεὶς
1404 3407 1493 3462 καὶ
1550 3406 1679 3469 Θεὸς
1711 3406 1970 3483 φαινόμε-

325 3518 440 3568 νος,
474 3495 717 3572 ἐπλήρου
748 3498 1031 3573 προφήτου
1058 3496 1152 3550 τὸν
1188 3495 1372 3572 λόγον.
1421 3495 1519 3551 Καὶ
1552 3496 1579 3550 ὁ
1615 3498 1708 3569 μὲν
1736 3496 1973 3571 Μιχαίας

328 3584 744 3661 προαπήγγειλε
774 3586 863 3639 καὶ
893 3585 984 3640 τὸν
1013 3583 1209 3653 τόπον,
1243 3584 1296 3639 ἐν
1329 3586 1374 3657 ᾦ
1435 3582 1626 3657 μέλλει
1668 3584 1696 3639 ό
1743 3585 1971 3659 Χριστὸς

330 3676 630 3750 γεννᾶσθαν
689 3673 845 3736 αὐτὸς
894 3670 951 3728 δὲ
993 3672 1210 3749 Κύριος,
1262 3673 1313 3727 ἐν
1365 3671 1616 3745 Βηθλεέμ
1653 3672 1740 3728 ἐπὶ
1772 3674 1974 3752 φάτνης

330 3763 696 3836 ἀνακείμενος,
729 3760 964 3817 ἐδείκνηε
990 3762 1081 3817 τὸν
1114 3763 1400 3840 πρνφήτην
1429 3760 1612 3832 ἀληθῆ
1654 3764 1787 3835 (36).
1816 3763 1914 3817 Καὶ
1947 3763 1975 3818 ὁ

334 3854 427 3925 μὲν
486 3852 756 3927 Ζαχαρίας
817 3850 1195 3927 εὐηγγεΛίζετο
1239 3854 1308 3925 τῇ
1342 3848 1704 3926 Ἰερουσαλήμ
1731 3852 1831 3919 τήν
1865 3849 1971 3905 εἷ’σ-

329 3936 454 3994 οδον
484 3945 581 3995 τοῦ
608 3947 887 4014 Σωτῆρος·
920 3939 1079 4003 αὐτὸς
1110 3936 1167 3995 δὶ
1199 3939 1227 3995 ὁ
1259 3938 1479 4015 Κύριος,
1504 3936 1857 3994 ἀποστέλλων
1888 3938 1976 3993 ἐπὶ

328 4029 421 4083 τὸτ
454 4023 571 4084 ὄνον
606 4031 715 4104 (37)
746 4030 834 4085 καὶ
866 4028 1263 4105 εἰσερχόμενος,
1297 4027 1377 4106 ἐφ’
1407 4028 1597 4083 ἑαυτοῦ
1628 4030 1727 4097 τὴν
1760 4048 1977 4105 προφη-

327 4118 472 4173 τείαν
530 4116 865 4195 ἀνεπλήρου.
930 4118 1026 4173 Καὶ
1076 4118 1246 4187 ὅλως,
1298 4114 1392 4171 *ἶνα
1427 4118 1502 4190 μή
1560 4118 1623 4173 τὸ
1652 4116 1973 4181 καθεκαστον

330 4207 586 4281 ὀνομάζω
614 4212 719 4264 τῶν
773 4207 1191 4283 γεγραμμένων,
1230 4205 1391 4268 αὐτὸς
1439 4205 1723 4279 πλήρωμα
1767 4210 1865 4261 τοῦ
1893 4205 1979 4261 νό-

334 4318 438 4370 μου
487 4295 576 4351 καὶ
632 4300 739 4351 τῶν
797 4300 1095 4371 προφητῶν
1150 4294 1389 4370 γέγονεν.
1445 4297 1519 4349 "A
1570 4294 1671 4370 γὰρ
1703 4291 1772 4348 δι’
1802 4292 1975 4349 αὐτῶν

328 4383 784 4460 προαπήγγελλε,
834 4387 1000 4438 ταῦτα
1046 4384 1232 4454 παρὼν
1289 4382 1450 4443 αὐτὸς
1480 4380 1717 4437 ἐτελείου
1747 4380 1975 4456 πληρῶν

330 4474 421 4528 καὶ
475 4470 669 4548 λέγων*
734 4496 761 4523 ι(
814 4470 985 4533 Αὐτὸς
1043 4470 1071 4525 ὀ
1129 4468 1315 4525 λαλῶν
1370 4470 1619 4544 πάρειμι.
1653 4493 1682 4523 ››
1716 4467 1853 4527 Ἰδοὺ
1885 4470 1975 4525 οὗν

2080 3318 2520 3374 Emmanuelem
2557 3336 2569 3374 :
2602 3318 2845 3389 ipseque
2876 3319 3029 3376 Deus
3077 3338 3365 3393 apparens
3422 3340 3489 3379 ex
3545 3324 3731 3383 Maria

2082 3407 2319 3478 Virgine
2373 3407 2624 3480 genitus,
2681 3408 2977 3479 prophetae
3034 3427 3363 3467 sermonem
3398 3413 3727 3486 complevit.

2085 3496 2355 3552 Michaaas
2388 3497 2582 3568 ipsum
2611 3497 2803 3553 locum
2837 3503 2969 3552 ante
3000 3499 3357 3571 designarat,
3388 3500 3445 3555 in
3478 3518 3595 3574 quo
3625 3520 3729 3561 na-

2084 3586 2339 3640 sciturus
2371 3584 2638 3641 Christus
2668 3592 2853 3653 esset;
2891 3587 3130 3658 ipseque
3161 3588 3444 3644 Dominus
3478 3591 3729 3647 Bethle-

2083 3673 2218 3729 hem
2250 3675 2306 3728 in
2341 3691 2594 3745 prassepe
2625 3675 2937 3745 repositus,
2972 3677 3309 3746 prophetam
3343 3695 3473 3733 vere
3515 3679 3731 3737 dixisse

2085 3760 2419 3818 declaravit.
2462 3763 2767 3819 Zacharias
2797 3764 3138 3835 Jerosylmae
3168 3764 3497 3836 ingressum
3530 3766 3731 3823 Salva-

2086 3851 2229 3907 toris
2260 3852 2667 3921 praenuntiavit
2698 3870 2710 3906 :
2746 3852 2869 3921 ipse
2899 3851 3184 3907 Dominus
3234 3854 3463 3909 asinum
3520 3855 3730 3926 quassi-

2084 3943 2209 3994 tum
2246 3940 2502 4009 mittens,
2536 3948 2705 4010 atque
2739 3938 2835 3993 illo
2864 3945 3059 3995 vectus
3090 3940 3446 4012 ingrediens,
3480 3943 3732 4017 pr0phs-

2084 4028 2229 4083 tiam
2260 4025 2548 4098 implevit,
2584 4029 2646 4081 In
2678 4043 2932 4095 summa,
2967 4044 3037 4083 ne
3067 4028 3301 4102 singula
3333 4047 3461 4102 quae
3516 4032 3735 4106 scripta

2086 4121 2229 4172 sunt
2250 4115 2733 4186 recenseam,ipse
2757 4115 3055 4188 plenitudo
3073 4117 3219 4190 legis
3238 4124 3294 4175 et
3315 4121 3732 4192 prophetarum

2086 4205 2324 4261 effectus
2383 4208 2493 4259 est.
2555 4204 2699 4259 Nam
2760 4222 2886 4277 quae
2939 4224 3040 4277 per
3064 4223 3161 4261 eos
3193 4210 3635 4279 praenuntiant,
3665 4226 3735 4268 ea

2088 4309 2343 4365 praesens
2372 4292 2497 4363 ipse
2528 4293 3191 4367 complebat,aiehatque
3225 4315 3237 4352 :
3278 4316 3300 4346 ι
3333 4298 3447 4371 Ego
3477 4298 3603 4371 ipse
3633 4298 3735 4371 qui

2088 4382 2315 4453 loquor,
2343 4382 2550 4438 adsum
2572 4383 2635 4437 ³³⁷.
2662 4404 2689 4431 no
2717 4384 2795 4437 En
2819 4383 3015 4455 itaque
3038 4402 3162 4456 quas
3183 4386 3323 4441 olim
3347 4388 3417 4443 de
3438 4386 3734 4445 Salvatore

2089 4471 2148 4526 in
2182 4469 2428 4526 Psalmis
2460 4471 2773 4542 praedicata
2802 4478 2963 4541 sunt,
2998 4474 3115 4529 haec
3136 4475 3264 4545 jam
3296 4476 3550 4532 militum
3580 4493 3733 4534 ausu

332 4561 423 4615 καὶ
452 4563 544 4615 νῦν
579 4562 688 4632 (38)
716 4559 781 4614 τὰ
812 4560 981 4613 πάλαι
1014 4559 1440 4637 ἀναφωνοόμενα
1469 4559 1591 4636 περὶ
1639 4564 1737 4615 τοῦ
1787 4566 1969 4631 Σωτῆ-

2090 4560 2475 4631 complentur.
2508 4561 2641 4624 Quae
2668 4561 2823 4617 enim
2860 4580 3174 4633 passurum
3209 4565 3401 4636 ipsum
3461 4582 3736 4637 prmnun-

335 4669 432 4726 ρος
463 4647 515 4703 ἐν
543 4652 660 4710 τοῖς
716 4646 995 4720 Ψαλμοῖς,
1040 4649 1160 4724 ἄρτι
1209 4647 1374 4705 πάλιν
1423 4647 1733 4725 πληροῦται
1765 4646 1852 4704 διὰ
1880 4655 1979 4719 τῆς

330 4743 440 4795 τῶν
474 4742 817 4812 στρατιωτῶν
850 4735 1087 4811 τόλμης.
1118 4740 1191 4793 'A
1220 4738 1321 4814 γὰρ
1379 4740 1726 4815 προεσήμανε
1791 4744 1977 4802 παθεῖν

331 4827 516 4895 αὐτὸν,
545 4831 710 4882 ταῦτα
766 4829 858 4881 νῦν
908 4826 960 4880 οἳ
1011 4823 1180 4899 δῆμοι
1220 4822 1495 4881 Ἰουδαίων
1528 4824 1823 4903 ἐνεργοῦσι,
1858 4825 1978 4881 δια-

336 4915 683 4991 μεριζόμενοι
740 4916 807 4970 τᾶ.
854 4914 1045 4988 ἱμάτια
1090 4919 1188 4969 τοῦ
1231 4921 1514 4991 Σωτῆρος,
1545 4915 1633 4971 ml
1666 4916 1977 4985 ποτίζοντες

332 5003 489 5059 αὐτὸν
523 4998 642 5074 ὅξος
679 5004 811 5077 μετὰ
841 5002 1038 5078 χολῆς.
1066 5028 1094 5056 ‹‹
1127 5008 1301 5058 Ταῦτα
1331 5002 1457 5079 γὰρ,
1490 5028 1519 5056 ››
1548 5004 1734 5082 φησὶν,
1787 5028 1814 5056 ‹‹
1864 5003 1975 5079 ἐγί-

402 5160 448 5195 ³⁶
477 5158 692 5215 Jerem.
728 5174 789 5224 ιι,
825 5156 911 5212 10.
986 5157 1030 5192 ⁸⁷
1063 5158 1179 5214 Isa.
1210 5173 1307 5227 nu,
1338 5158 1391 5213 6.
1467 5157 1512 5192 ³³
1542 5157 1748 5215 Matth.
1780 5175 1958 5229 xxvn,
1989 5159 2078 5216 35.

405 5308 518 5377 (33)
552 5306 895 5380 Basiliepsis
920 5310 979 5362 et
1008 5305 1233 5380 A_ngli_c.
1262 5302 1640 5380 προκαλεῖται.

405 5380 518 5447 (34)
552 5379 613 5435 In
643 5378 831 5449 editis
852 5383 909 5433 et
936 5377 1289 5449 quibusdam
1309 5377 1466 5434 ’mss.

338 5539 456 5579 non
485 5522 752 5578 habetur.
1382 5571 1386 5575 .

413 5594 506 5665 (35
558 5593 795 5665 Regius,
828 5591 1001 5649 Basil.
1031 5589 1257 5663 Anglic.
1292 5593 1514 5666 Φαραῶ.

415 5594 527 5738 (363
561 5664 712 5724 Felc.
751 5664 805 5721 3.
835 5663 935 5733 τὴν
963 5660 1299 5738 προφητείαν
1327 5659 1509 5735 ἀληθῆ

561 5659 712 5724 ΡθΠ).
751 5659 805 5721 3.
835 5663 935 5733 τὴν
963 5659 1299 5740 προφῆτείαν
1327 5659 1533 5735 ἀληθῆ.

1560 5384 1652 5452 ost
1708 5375 1985 5452 δηλουμέ-

335 5445 458 5521 νην,
490 5450 723 5523 legitur,
759 5445 847 5504 διὰ
875 5445 973 5503 toi}
1003 5446 1103 5518 ἔτι,
1135 5448 1194 5504 in
1226 5447 1365 5522 Reg.
1396 5445 1623 5523 Anglic.
1656 5455 1716 5507 et
1746 5445 1901 5508 Felci
1929 5451 1986 5521 3,

2090 4649 2296 4716 tiavit,
2362 4648 2481 4705 haec
2539 4650 2666 4719 jam
2736 4650 3069 4706 Judaeorum
3141 4652 3337 4723 populi
3404 4655 3736 4726 perficiunt,

2092 4739 2415 4795 dividentes
2445 4739 2793 4795 vestimenta
2824 4739 3160 4807 Salvatoris,
3192 4746 3248 4796 et
3279 4746 3544 4813 potantes
3600 4758 3736 4800 eum

2090 4832 2253 4884 aceto
2320 4834 2493 4898 atque
2559 4826 2709 4882 felle.
2777 4850 2798 4877 ι
2864 4830 2990 4883 Ηωο
3057 4829 3237 4895 enim,
3304 4829 3517 4902 inquit,
3588 4832 3741 4888 facta

2089 4922 2248 4984 sunt,
2297 4922 2360 4972 ut
2414 4915 2801 4988 implerentur
2856 4918 3168 4989 Scripturee
3226 4920 3271 4955 ³⁸
3328 4934 3340 4974 :
3395 4940 3425 4969 »
3483 4935 3737 4991 quarum

2088 5004 2270 5061 altera
2301 5002 2438 5058 dicit
2475 5020 2486 5057 :
2521 5025 2548 5053 «
2586 5003 2921 5059 Diviserunt
2952 5005 3066 5062 sibi
3096 5008 3445 5063 vestimenta
3475 5024 3624 5078 mea,
3683 5012 3742 5065 et

2165 5308 2279 5378 (s7)
2313 5306 2670 5378 Basilien‘sisg,
2701 5304 2786 5359 ἐπὶ
2818 5306 2916 5375 τὴν
2950 5304 3094 5365 ὄνον.
3130 5311 3373 5377 Ibidem,
3408 5309 3624 5378 Regius
3684 5313 3743 5367 ot

2096 5375 2458 5456 Felc.;_3,__l‘lt:
2510 5375 2692 5456 αὐτ-οὖ..
2756 5380 2942 5456 Editi,_
2979 5378 3059 5456 ἐφ’
3103 5381 3313 5439 ἑαυτοῦ.
3359 5375 3739 5455 Anglicanus,

2095 5449 2305 5505 ἑαυτοῦ.
2343 5450 2560 5505 [bidem
2592 5450 2741 5506 Felc.
2773 5448 3123 5521 3,ζέπλήρου.

2166 5522 2277 5594 (38)
2308 5520 2543 5595 Regius,
2576 5522 2801 5595 Agglic.
2837 5528 2893 5579 et
2920 5520 3067 5579 FeIo.
3094 5525 3148 5595 3,
3170 5520 3308 5595 Ἰδοὺ
3336 5523 3426 5578 καὶ
3455 5523 3743 5595 v6v.Editl

2096 5588 2561 5663 et'caa'teri,"180li
2594 5588 2699 5647 06v"
2716 5592 2805 5648 καὶ
2836 5597 2949 5651 νῦν.
2983 5588 3245 5666 Ιθίἀίτά,
3274 5596 3442 5653 abest
3484 5612 3519 5652 a
3559 5594 3738 5652 Basil.

3628 5742 3701 5791 ί
