2050 3112
0 0 150 2892 ί

224 118 282 148 199
817 117 851 147 8.
874 116 1033 147 ΛἸἮΔΝΑ

1091 117 1140 148 JS.
1162 133 1201 140 —
1221 117 1352 150 DUBIA.
1874 123 1936 155 300

223 191 314 219 super
341 185 453 210 vestem
484 190 579 211 meam
610 182 756 210 miserunt
782 184 891 210 sortem
908 183 946 215 a';
963 182 1033 210 alter

1091 182 1239 218 ,νετο,’ίνα
1267 182 1450 221 πληρωθῶσιν
1475 184 1502 211 αἱ
1527 185 1640 223 Γραφαί·
1672 197 1682 211 ι
1700 186 1718 221 ἠ
1742 186 1789 222 μὶν
1805 186 1934 224 λέγουσα·

221 236 292 256 vero
309 236 315 255 :
333 239 347 252 ι(
365 227 513 255 Dederunt
528 227 555 254 in
573 235 669 254 escam
689 235 783 254 meam
810 226 860 261 fel,
890 229 919 254 et
947 227 977 254 in
1006 226 1054 255 siti

224 281 292 300 mea
306 275 480 308 polaverunt
496 280 543 300 me
557 274 637 300 aceto
651 272 683 299 ³ο.
702 283 713 297 ι

261 407 288 434 9.
304 407 386 434 Multi
404 407 452 442 qui
469 405 628 442 Evangelia
644 405 758 442 legunt,
772 405 925 433 audientes
953 404 1025 433 illud
1044 412 1050 433 :

225 464 238 477 ί(
250 451 285 479 Ut
299 451 470 487 impleretur
485 451 564 486 quod
578 450 721 486 scriptum
734 452 788 485 est,
798 460 812 475 »
822 449 954 477 arbitrati
970 451 1050 486 sunt,

222 504 256 524 ea
266 504 329 531 quae
345 498 427 532 gesta
442 494 609 530 sunt,nulls
623 495 681 523 alia
695 495 731 522 de
746 502 836 522 causa
862 494 935 528 ﬁeri,
961 501 1050 530 quam

221 543 254 569 ut
279 541 437 577 Scriptura:
467 539 679 576 implerentur:
695 541 784 574 atque
805 538 909 566 exinde
923 538 1049 566 metimu-

220 588 351 621 runt,eos
367 585 418 622 qui
434 585 491 612 ista
515 585 652 619 facerent,
682 591 739 612 non
769 583 855 611 modo
883 582 1049 620 inculpatos

220 639 302 664 esse;
329 630 379 658 sed
405 630 503 666 potius
518 628 604 657 laude
619 628 733 664 dignos,
751 628 802 656 σο
816 628 892 664 quod
907 636 964 656 non
981 635 1047 664 pec-

220 676 324 709 cando,
341 675 391 703 sed
421 673 582 710 Scripturis
611 673 818 707 ministrando,
847 673 916 701 talia
945 681 1046 709 perpe-

219 722 331 748 trarent
359 727 365 747 :
397 727 492 754 neque
521 718 601 746 enim
627 726 695 746 vera
723 717 815 745 fuisse
835 717 1045 753 prophetarum

215 765 313 799 verba,
330 764 385 792 nisi
402 766 467 791 acta
482 771 537 791 sua
551 763 709 791 subsecuta
724 762 858 790 fuissent.
890 762 971 795 Quod
1001 761 1044 789 illi

216 810 341 837 maxime
370 808 481 844 opinati
510 809 580 835 sunt
607 815 641 835 ex
656 807 702 835 his
718 805 864 843 Evangelii
879 806 1042 834 secundum

1110 239 1124 253 ι(
1153 227 1344 266 Διεμιρίσαντο
1372 228 1406 255 τὰ
1431 227 1529 264 ’ἱμάτιά
1545 236 1600 266 μου
1621 230 1737 264 ἓαυτοίς,
1753 230 1796 258 καὶ
1812 231 1856 259 ἐπὶ
1885 233 1932 260 τὸν

1109 271 1255 308 ἱματισμόν
1274 283 1326 309 μου
1341 270 1439 301 ἔϐαλον
1456 273 1572 311 κλῆρον’
1595 286 1608 299 ››
1625 275 1643 309 ἡ
1664 273 1693 302 δὲ
1707 274 1798 303 πάλιν·
1817 288 1830 301 n
1848 275 1935 305 Ἔδω-

1107 326 1154 343 καν
1171 316 1209 347 εἷς
1224 317 1256 344 τὸ
1273 317 1371 354 βρῶμά
1384 328 1436 354 μου
1452 318 1508 355 (39)
1524 318 1627 356 χολήν,
1651 319 1695 346 καὶ
1711 319 1749 351 είς
1772 320 1820 354 τήν
1851 319 1931 358 δίψαν

1108 370 1162 396 μου
1177 360 1301 389 ἐπότισᾶν
1320 372 1353 398 με
1363 361 1433 397 ὅξος.
1452 374 1466 387 n

1143 407 1169 433 9.
1200 405 1316 442 Πολλοὶ,
1343 409 1401 437 τοῖς
1436 406 1612 445 Εὐαγγελίοις
1640 407 1857 447 ἐντυγχάνοντες,
1883 411 1931 438 καὶ

1106 448 1248 481 ἀκούοντες
1275 450 1317 486 τὸ,
1348 463 1362 476 ‹‹
1387 452 1445 478 Ἵνα
1468 450 1604 489 πληρωθῇ
1633 451 1663 479 τὸ
1691 453 1888 491 γεγραμμένον,
1914 467 1930 480 »

1105 493 1232 531 ἐνόμισαν
1259 495 1292 522 τὰ
1319 494 1451 533 γινόμενα
1478 494 1512 523 δι’
1542 494 1617 523 οὐδὲν
1642 495 1734 534 ἕτερον
1747 496 1878 535 γίνεσθαι,
1908 500 1929 534 ἢ

1101 537 1147 566 ’ἶνα
1175 539 1312 577 πληρωθῇ
1341 541 1374 567 τὰ
1401 541 1584 578 γεγραμμένα·
1607 541 1651 568 καὶ
1668 540 1697 569 ἐκ
1710 541 1813 570 τούτων
1829 542 1929 579 ᾠήθη-

1102 593 1148 611 σαν
1166 584 1205 620 μὴ
1221 584 1302 620 μόνον
1319 584 1453 616 ἀναιτίους
1467 585 1532 612 εἶναι
1560 584 1625 617 τοὺς
1649 586 1826 624 πράττοντας,
1852 587 1928 617 ἀλλὰ

1100 627 1145 655 καὶ
1162 627 1269 664 μᾶλλον
1284 628 1374 664 ἀξίους
1390 628 1510 664 ἐπαίνου,
1527 628 1569 657 δτι
1585 629 1639 668 οὐχ
1653 629 1690 662 ὡς
1714 631 1928 669 ἁμαρτάνοντες,

1100 671 1164 700 ἀλλ’
1189 672 1227 703 ὡς
1254 671 1440 705 διακονοῦντες
1467 676 1524 705 τοῖς
1547 675 1747 712 γεγραμμίνοις
1772 675 1924 714 ἑνιργοῦσι·

1101 717 1139 752 μὴ
1155 717 1207 755 γὰρ
1236 716 1266 744 ἂν
1291 716 1401 753 ἀληθεῖς
1424 721 1584 755 γεγινῆσθαι
1608 720 1663 746 τῶν
1686 722 1831 759 προφητῶν
1858 721 1927 753 τοὺς

1100 759 1210 799 λόγους,
1240 761 1263 788 εἰ
1295 762 1333 798 μὴ
1360 761 1464 789 τούτων
1493 762 1561 797 ἦσαν
1587 763 1615 790 αἱ
1648 763 1767 801 πράξεις.
1796 765 1926 794 Μάλιστα

1098 802 1126 832 ὃὶ
1141 806 1248 842 (40-41)
1261 807 1345 833 ταῦτα
1359 803 1494 834 ὑπέλαϐον
1516 806 1546 834 ἐκ
1560 809 1614 835 τῶν
1631 807 1668 839 εἰς
1680 809 1711 836 τὸ
1733 808 1801 837 κατᾶ
1825 809 1923 837 Ἰωάν-

215 854 358 882 Joannem
374 852 525 887 dictis,ubi
540 860 606 880 cum
622 851 792 880 Judeorum
806 853 923 879 enarrat
945 851 1033 879 incre-

223 898 230 906 I
258 899 286 906 |~.
312 900 317 906 ι
414 905 419 906 γ
471 896 546 906 Ικκξκ.
579 895 726 906 μνκκᾼμᾲιξμ
746 895 784 906 με-
802 894 840 906 _!L
859 903 864 906 .
912 896 979 906 IL...
996 897 1033 906 L_J

1095 860 1143 903 νην
1159 850 1248 906 ρηίέὦν
1268 851 1434 904 κινηθέντες,
1450 850 1522 886 ἔνθα,
1537 853 1591 879 τῶν
1615 850 1752 880 Ἰουδαίων
1775 854 1825 888 τὴν
1855 855 1921 882 ἀπι-

215 898 379 929 dulitatem,
409 905 442 924 ex
469 896 549 924 Isaia
578 895 731 932 prophetia
744 895 786 923 sic
801 894 842 923 ait
858 903 864 923 :
883 906 894 920 ι
912 896 981 923 Cum
996 897 1033 922 tot

1094 893 1166 921 στίαν
1201 892 1392 932 διηγούμενος,
1432 895 1500 923 κατὰ
1528 896 1578 930 τὴν
1608 897 1720 925 Ἡσαΐου
1748 898 1918 937 προφητείαν

213 942 297 978 signa
313 950 409 970 coram
426 942 466 969 eis
483 940 669 974 fecisset,non
686 940 927 968 credideruntzut
942 947 1037 967 sermo

212 987 294 1015 Isaias
319 986 464 1022 propheta:
490 985 671 1020 impleretur,
688 992 776 1020 quem
792 983 864 1011 dixit
880 992 887 1012 :
904 983 1036 1017 Domine,

211 1031 277 1067 quis
294 1031 417 1059 credidit
429 1030 544 1058 auditui
559 1029 679 1058 nostro?
694 1032 723 1057 et
737 1028 892 1056 brachium
915 1028 1035 1056 Domini

211 1076 258 1104 cui
272 1075 430 1103 revelatum
447 1076 491 1102 est
503 1073 548 1101 “7
564 1085 578 1099 ι»
594 1073 624 1101 Si
640 1073 718 1101 enim
734 1073 799 1100 ideo
824 1081 881 1100 non
906 1072 1036 1100 credide-

212 1122 283 1148 runt
309 1120 413 1151 Judaei,
436 1122 467 1146 ut
483 1118 564 1146 Isaias
593 1126 689 1146 sermo
713 1117 902 1153 impleretur;
917 1124 975 1144 non
991 1116 1035 1144 illi

211 1164 425 1193 incredulitatis
441 1171 501 1190 sum
516 1171 604 1190 causa
619 1164 699 1196 sunt,
708 1162 759 1189 sed
775 1161 825 1197 qui
839 1161 896 1189 ista
911 1161 1034 1196 dixerat,

210 1210 288 1237 unde
316 1209 423 1236 factum
453 1210 497 1235 est
518 1210 550 1234 ut
565 1207 625 1234 hac
641 1206 867 1242 complerentur.
883 1205 974 1238 Tolle,
990 1205 1034 1232 in-

210 1253 324 1290 quient,
340 1253 485 1289 propheta:
499 1252 632 1286 verbum,
649 1254 678 1278 et
693 1251 779 1286 plane
798 1250 928 1278 futurum
944 1251 988 1277 est
1003 1251 1036 1277 ut

209 1298 251 1325 illi
269 1297 457 1325 credant.Sed
475 1297 534 1324 haec
550 1295 757 1331 ejusmodique
771 1294 916 1322 sententia
930 1303 946 1321 a
962 1293 1034 1322 veri-

208 1345 267 1370 tate
297 1342 422 1369 multum
453 1342 569 1369 aberrat
594 1349 601 1367 :
627 1348 695 1367 nam
726 1347 820 1374 neque
848 1338 989 1374 propheta
1005 1338 1034 1365 in

208 1395 298 1415 causa
313 1386 371 1413 illis
386 1389 439 1420 est,
465 1394 559 1421 neque
584 1384 676 1412 Judaai
706 1383 792 1420 culpa
820 1382 1034 1411 incredulitatis

209 1434 279 1460 sunt
294 1431 389 1458 liberi.
406 1431 460 1458 Sed
479 1430 631 1466 propheta,
645 1428 825 1464 prospiciens
838 1436 902 1463 quas
927 1428 1032 1455 facturi

209 1478 318 1509 essent,
334 1484 368 1503 ea
384 1473 587 1511 praenuntiavit
604 1482 610 1501 :
627 1473 684 1509 Ipsi
700 1481 767 1501 vero
784 1472 899 1504 deinde,
915 1480 949 1499 ea
964 1480 1032 1508 per-

208 1522 358 1556 petrantes
374 1541 380 1552 ,
411 1519 632 1546 declaraverunt
646 1526 745 1545 verum
772 1517 864 1545 fuisse
884 1516 1031 1552 prophetae

207 1573 373 1593 sermonem
399 1573 405 1591 Σ

207 1609 418 1640 ministrarent,
437 1609 496 1635 haec
511 1610 612 1635 contra
626 1606 775 1634 Christum
791 1608 861 1633 sunt
875 1605 956 1639 susi;
979 1605 1030 1633 sed

207 1664 262 1684 sua
277 1657 498 1691 sponte,suopte
514 1652 661 1688 proposito
676 1660 709 1680 eo
726 1652 853 1679 facinora
869 1651 1029 1679 admisere:

205 1700 247 1728 ita
262 1702 295 1727 ut
310 1705 496 1733 nequaquam
512 1696 571 1724 illis
585 1697 615 1724 in
631 1704 718 1724 causa
729 1696 815 1724 fuerit
825 1695 1027 1732 propheta,sed

207 1752 263 1772 sua
277 1744 409 1779 ipsorum
425 1742 570 1775 voluntas;
582 1741 641 1768 imo
653 1740 709 1776 ipsi
726 1740 822 1776 potius
838 1739 983 1775 prophetae
999 1739 1028 1767 in

207 1797 297 1817 causa
314 1789 441 1821 fuerunt,
455 1790 486 1814 ut
499 1785 569 1814 talia
584 1785 619 1813 de
634 1785 706 1821 ipsis
722 1785 939 1819 prmnuntiaret.
956 1784 1027 1812 Nam

204 1833 355 1870 propheta:
371 1832 490 1867 quidem
508 1830 658 1866 proprium
667 1831 711 1857 est
719 1829 1028 1865 futuravidere,neque

204 1877 379 1906 hallucinari
391 1885 396 1904 :
408 1883 529 1912 operum
545 1876 642 1903 autem
659 1874 783 1910 quisque
799 1881 920 1901 suorum
930 1873 1028 1901 volun-

201 1925 291 1951 tatem
302 1930 421 1950 causam
431 1920 566 1948 habet.Et
575 1919 823 1955 quemadmodum
840 1926 902 1951 nos,
913 1926 947 1946 ea
962 1926 1027 1953 quas

202 1967 232 1994 in
247 1969 402 2001 conspectu
420 1968 489 1992 sunt
503 1964 644 1999 videntes,
669 1970 855 1999 nequaquam
886 1962 1024 1997 fallimur,

204 2018 296 2046 neque
323 2019 375 2037 nos
405 2009 461 2036 alio
478 2009 564 2036 modo
579 2008 712 2036 videmus
727 2016 815 2043 quam
833 2007 912 2041 ﬁant,
930 2015 1024 2043 neque

203 2055 259 2083 alio
271 2055 357 2082 modo
370 2055 558 2089 ﬂunt,’quam
575 2061 630 2080 nos
639 2051 806 2086 videamus;
822 2051 872 2079 sed
890 2053 922 2080 ut
936 2052 1022 2085 ﬁunt,

201 2099 347 2131 videmus,
378 2101 405 2125 et
433 2101 464 2124 ut
491 2097 626 2124 videmus
654 2096 792 2130 ﬁunt,eo
805 2104 921 2132 quoque
936 2097 1023 2125 modo

201 2143 348 2180 prophetas
383 2143 480 2170 futura
512 2143 653 2177 tanquam
682 2141 835 2176 praesentia
863 2140 1021 2169 videbant:

200 2195 413 2223 necessumque
441 2188 503 2214 erat
518 2187 551 2213 ut
566 2185 669 2212 fierent
683 2193 717 2212 ea
731 2193 794 2220 qum
809 2185 864 2221 ipsi
879 2185 1021 2220 viderent,

198 2235 227 2261 et
241 2232 382 2265 vicissim,
400 2234 432 2258 ut
447 2230 579 2257 viderent
593 2228 647 2265 ipsi
664 2237 728 2264 quae
744 2229 842 2273 futura
857 2231 965 2257 essent.
988 2230 1023 2257 Et
1038 2241 1061 2273 D

197 2284 327 2310 rursum,
357 2274 606 2311 quemadmodum
623 2280 687 2308 qua)
703 2272 795 2301 oculis
811 2273 953 2307 videmus,
970 2282 1021 2301 ne-

198 2329 278 2350 cesse
294 2329 415 2356 prorsus
430 2321 473 2346 est
487 2321 518 2346 ut
529 2317 664 2350 existant,
682 2325 750 2344 nam
770 2325 836 2353 quae
859 2319 930 2345 sunt
945 2318 1021 2346 vide-

197 2373 274 2398 mus,
291 2372 386 2400 neque
401 2364 456 2392 alio
470 2364 595 2399 possunt
610 2369 674 2390 esse
691 2361 777 2389 modo
793 2369 881 2397 quam
898 2370 951 2390 nos
979 2363 1021 2390 vi-

197 2410 331 2444 deamus;
348 2409 389 2437 sic
402 2411 429 2436 et
440 2416 504 2443 quae
517 2407 665 2443 prophetae
675 2405 1023 2442 prospiciebant,necesse

229 2509 251 2527 ⁸³
267 2507 343 2536 Psal.
359 2516 417 2540 xxi,
435 2507 477 2534 19.
515 2505 538 2528 ιο
553 2505 628 2534 Psal.
646 2513 742 2540 uvm,
757 2505 802 2533 22.
840 2505 862 2524 ⁴¹
882 2505 938 2534 lsa.
954 2514 1015 2541 ιιιι,
1030 2506 1064 2541 ις

231 2606 286 2641 (39)
303 2607 372 2638 Μου,
389 2602 604 2641 abesta_Basil.
624 2604 657 2641 et
683 2602 792 2641 Anglic.
823 2604 912 2632 Paulo
941 2605 1018 2639 post,

195 2637 473 2678 Διίείῖοαηζηολλοὶ
487 2638 537 2678 γὰρ
553 2640 611 2678 τοῖς
621 2637 814 2678 Εὐαγγιλίοις.

245 2672 340 2712 Ζο-41)
356 2672 537 2707 Basiliensis,
548 2710 555 2712 _
564 2672 668 2712 μᾶλλον
681 2672 721 2712 δέ.

245 2679 340 2712 40-41)
356 2679 537 2707 Basiliensis,
564 2679 668 2709 μᾶλλον
681 2679 721 2701 6e.

233 2679 290 2748 (42)
305 2713 359 2741 Τοῦ
371 2711 523 2749 προφήτου,
540 2710 622 2738 deest
636 2710 665 2738 in
689 2709 844 2738 Basiliensi
868 2712 897 2738 et
919 2710 1019 2746 Angli-

153 2756 290 2860 ὶωῗᾶἒ)
307 2783 381 2811 Felc.
398 2784 424 2818 3,
438 2782 529 2816 solus,
551 2778 657 2810 ἀποδεῖ.
685 2780 774 2810 Paulo
800 2784 875 2818 post,
905 2781 1018 2818 ἑαυτῶν,

1093 938 1168 976 φησί’
1196 950 1210 964 «
1233 941 1353 967 Τοσαῦτα
1377 938 1406 967 δὶ
1430 939 1513 967 αὑτοῦ
1536 943 1637 977 σημεῖα
1660 941 1842 977 πεποιηκότος
1870 942 1920 980 ἕμ-

1091 988 1206 1020 προσθεν
1222 983 1320 1018 αὐτῶν,
1338 983 1387 1011 οὐκ
1404 983 1572 1012 ἐπίστευσαν·
1589 984 1636 1012 ’ίνα
1660 985 1674 1012 ὁ
1697 984 1781 1024 λόγος
1803 986 1919 1015 Ἠσαίου

1090 1026 1138 1055 τοῦ
1165 1029 1308 1067 προφήτου
1333 1029 1389 1065 (42)
1419 1027 1568 1067 πληρωθῇ,
1595 1029 1624 1057 δν
1648 1029 1715 1057 εἶπε·
1749 1030 1840 1069 Κύριε,
1873 1032 1917 1064 τίς

1091 1070 1228 1100 ἐπίστευσε
1241 1074 1275 1109 τῇ
1291 1072 1360 1109 ἀκοῇ
1375 1073 1454 1109 ἡμῶν
1469 1082 1476 1107 ;
1492 1073 1536 1100 καὶ
1550 1073 1564 1100 ὁ
1588 1073 1710 1112 βραχίων
1735 1077 1835 1112 Κυρίου
1859 1075 1915 1104 τίνι

1089 1115 1286 1155 ἀπεκαλύφθη;
1315 1129 1326 1143 ιι
1354 1117 1386 1144 Ei
1410 1118 1474 1155 γὰρ,
1493 1117 1539 1145 ἵνα
1561 1118 1576 1145 ὁ
1601 1117 1684 1156 λόγος
1711 1119 1822 1148 Ἡσαΐου
1838 1120 1915 1156 πλη-

1090 1162 1176 1198 ρωθῇ,
1194 1161 1243 1188 οὐκ
1258 1161 1395 1189 ἐπίστευον
1411 1162 1436 1188 οἱ
1452 1160 1590 1196 Ἰουδαῖοι,
1609 1162 1660 1190 οὐκ
1675 1163 1752 1190 αὐτοῖ
1774 1167 1824 1199 τῆς
1848 1165 1915 1192 ἀπι-

1089 1205 1162 1236 στίας
1177 1204 1269 1241 αἶ’τιοι,
1299 1205 1363 1233 ἀλλ’
1384 1206 1398 1233 ὁ
1419 1208 1502 1234 ταῦτα
1527 1206 1654 1244 εἰρηκὼς,
1677 1206 1710 1235 δι’
1726 1207 1754 1235 εν
1771 1209 1815 1235 καὶ
1829 1211 1915 1237 ταῦτα

1088 1250 1278 1288 πεπλήρωται.
1313 1252 1395 1288 ’Δρον
1434 1251 1496 1289 γὰρ,
1523 1252 1649 1290 φήσουσι,
1678 1252 1723 1279 τὸν
1756 1252 1837 1291 λόγον
1863 1256 1914 1281 τοῦ

1088 1295 1242 1332 προφήτου,
1271 1295 1316 1322 καὶ
1340 1295 1448 1326 πάντως
1471 1295 1567 1323 ἐκεῖνοι
1594 1296 1790 1325 πιστεύσουσιν.
1822 1297 1914 1325 Ἀλλὰ

1088 1341 1171 1366 ταῦτα
1185 1339 1230 1366 καὶ
1246 1340 1262 1374 ἡ
1279 1339 1390 1375 τοιαύτη
1406 1338 1509 1367 διάνοια
1524 1339 1595 1367 πολὺ
1610 1344 1660 1375 τῆς
1684 1339 1812 1376 ἀληθείας
1843 1343 1913 1370 ἀπο-

1089 1382 1141 1411 δέει
1169 1385 1234 1420 (43)·
1262 1383 1323 1411 οὔτε
1346 1384 1397 1422 γὰρ
1422 1384 1435 1411 ὁ
1453 1385 1597 1423 προφήτης
1614 1383 1699 1416 αἴτιος
1713 1385 1833 1421 τούτοις,
1849 1385 1912 1415 οὔτε

1088 1429 1113 1456 οἳ
1130 1427 1255 1456 Ἰουδαῖοι
1279 1432 1329 1463 τῆς
1353 1428 1477 1459 ἀπιστίας
1501 1429 1601 1456 ἑαυτῶν
1626 1429 1740 1458 ἀναίτιοι
1755 1431 1913 1468 τυγχάνου-

1087 1482 1137 1500 σιν·
1163 1472 1226 1501 ἀλλ¹
1257 1473 1270 1500 ὁ
1297 1474 1343 1510 μὲν
1363 1474 1519 1512 προφήτης,
1542 1471 1706 1511 προϐλὲπων
1730 1475 1747 1502 ἃ
1775 1474 1910 1511 μέλλουσι

1086 1517 1220 1554 πράττειν,
1245 1516 1421 1555 ἀπήγγειλεν
1448 1517 1524 1545 αὐτοὶ
1554 1517 1582 1545 δὲ
1611 1519 1679 1555 μετὰ
1710 1521 1793 1547 ταῦτα
1821 1521 1911 1557 πράτ-

433 1572 485 1590 nec
516 1562 600 1598 quasi
635 1561 811 1598 propheticis
844 1561 1029 1589 sermonibus

1091 1572 1186 1598 εοντες,
1215 1560 1348 1589 ἐδείκνυον
1377 1564 1425 1589 τοῦ
1453 1563 1595 1601 προφήτιυ
1623 1563 1668 1590 τὸν
1694 1563 1776 1601 λόγον
1803 1556 1909 1599 ἀληθῆ-

1085 1606 1128 1633 καί
1159 1606 1212 1644 οὐχ
1240 1607 1276 1638 ὡς
1307 1605 1492 1637 διακονοῦντες
1528 1610 1588 1638 τοῖς
1625 1611 1807 1646 προφητικοῖς
1837 1610 1909 1645 (44),

1085 1650 1209 1688 ἐτόλμων
1243 1652 1311 1678 κατὰ
1346 1653 1393 1679 τοῦ
1423 1655 1565 1689 Σωτῆρος,
1594 1651 1667 1679 ἀλλὰ
1752 1653 1909 1691 προαιρέσει

1085 1695 1208 1727 θέλοντες
1235 1695 1364 1732 ἔπραττον
1393 1696 1427 1723 τὰ
1455 1695 1608 1734 πράγματα·
1639 1695 1708 1724 ὥστε
1720 1697 1766 1725 τὸν
1785 1697 1833 1734 μὶν

1083 1741 1229 1778 προφήτην
1257 1740 1294 1776 μή
1325 1738 1410 1767 αἴτιον
1440 1739 1531 1771 αὐτοῖς
1559 1744 1730 1778 γεγενῆσθαι,
1759 1740 1831 1769 ἀλλὰ
1854 1743 1907 1776 τήν

1082 1784 1238 1822 προαίρεσιν
1255 1783 1351 1812 αὐτῶν
1369 1783 1466 1815 αὐτοὺς
1480 1784 1509 1811 ὂὶ
1526 1784 1632 1821 μᾶλλον
1658 1784 1759 1816 αἰτίους
1790 1789 1907 1823 γεγενῆ-

1083 1834 1141 1860 σθαι
1159 1828 1198 1864 τῷ
1213 1829 1341 1867 προφήτῃ
1352 1830 1401 1856 τοῦ
1416 1830 1498 1856 ταῦτα
1519 1828 1597 1856 αὐτὸν
1613 1829 1674 1866 περὶ
1698 1829 1786 1857 αὐτῶν
1809 1830 1905 1859 εἰπεῖν.

1082 1875 1133 1900 Υοῦ
1151 1873 1197 1910 μὶν
1214 1873 1265 1911 γὰρ
1290 1874 1432 1911 προφήτου
1448 1871 1517 1900 ἴδιόν
1533 1872 1602 1901 ἐστιν
1627 1873 1691 1910 ὀρᾷν
1704 1874 1738 1901 τὰ
1754 1873 1904 1911 μίλλοντα,

1081 1917 1125 1944 καὶ
1155 1918 1193 1954 μὴ
1224 1916 1400 1956 σφάλλεσθαι*
1430 1919 1484 1945 τῶν
1513 1915 1541 1945 δὶ
1569 1917 1689 1955 πράξεων
1716 1916 1826 1950 ιἕκαστος
1851 1920 1903 1954 τήν

1081 1960 1150 1989 ἰδίαν
1166 1961 1320 1999 προαίρεσιν
1335 1961 1421 1989 αἰτίαν
1438 1960 1507 1999 ἔχει.
1524 1961 1572 1989 Καὶ
1593 1961 1684 2001 ὥσπερ
1709 1964 1789 2000 ἡμεῖς
1816 1964 1850 1990 τὰ
1874 1963 1903 1991 ἐν

1080 2006 1233 2045 ὀφθαλμοῖς
1250 2007 1379 2044 δρῶντες,
1394 2005 1425 2034 οὐ
1450 2005 1626 2044 σφαλλόμεθα
1652 2006 1810 2045 βλέποντες,
1840 2006 1906 2036 οὐδὲ

1079 2050 1172 2082 ἄλλως
1191 2050 1238 2087 μὶν
1257 2049 1405 2088 βλᾶπομεν,
1424 2049 1517 2082 ἄλλως
1533 2049 1562 2078 δὲ
1577 2051 1688 2090 γίνεται·
1706 2050 1769 2080 ἀλλ’
1785 2052 1821 2083 ὡς
1829 2051 1903 2090 γίνε-

1077 2105 1132 2132 ται,
1150 2094 1299 2133 βλέπομεν,
1327 2095 1372 2123 καὶ
1396 2095 1433 2126 ὡς
1464 2095 1612 2133 βλέπομεν,
1642 2095 1753 2134 γίνιται·
1770 2096 1904 2124 οὕτωκαὶ

1078 2140 1103 2167 οἱ
1118 2141 1254 2179 προφῆναι
1269 2141 1303 2167 τὰ
1320 2138 1455 2177 μέλλοντα
1470 2140 1507 2171 ὡς
1524 2139 1643 2178 παρόντα
1663 2138 1790 2168 ἔϐλεπον·
1817 2141 1862 2169 καὶ
1885 2141 1904 2169 ἃ

1077 2181 1203 2220 ἔϐλεπον,
1234 2183 1287 2212 ἔδει
1312 2184 1435 2222 γενέσθαι
1459 2185 1526 2221 (46),
1542 2184 1634 2212 καὶτὰ
1648 2184 1779 2222 γινόμενα
1793 2184 1902 2217 πάντως

1077 2228 1139 2266 ὀρᾷν
1165 2227 1229 2257 ἔδει.
1260 2229 1312 2257 Καὶ
1339 2227 1433 2262 πάλιν,
1457 2227 1546 2267 ὥσπερ
1571 2230 1652 2265 ἡμεῖς
1676 2228 1845 2267 ἃβλὲπομεν
1873 2229 1903 2258 ἐν

1078 2272 1242 2312 ὀφθαλμοῖς,
1274 2272 1376 2310 ἀνάγκη
1398 2273 1506 2304 πάντως
1531 2273 1608 2307 εἶναι,
1632 2274 1666 2300 τὰ
1686 2274 1738 2311 γὰρ
1754 2272 1818 2301 ὄντα
1834 2273 1904 2311 βλέ-

1076 2328 1174 2354 πομεν,
1203 2317 1247 2345 καί
1277 2317 1326 2345 οὐκ
1352 2316 1421 2344 ἔστιν
1444 2316 1537 2348 ἄλλως
1562 2318 1683 2355 γενέσθαι
1698 2318 1714 2352 ἢ
1729 2318 1766 2349 ὦς
1783 2318 1903 2356 ὁρῶμεν·

1077 2362 1148 2389 οὕτω
1173 2362 1218 2389 καὶ
1248 2362 1273 2390 οί
1303 2363 1452 2400 προφῆται,
1481 2361 1498 2388 ἃ
1522 2360 1705 2400 προὲϐλεπον,
1722 2360 1775 2389 ἔδει
1791 2362 1900 2394 πάντως

1076 2407 1153 2443 εἶναι,
1169 2406 1213 2434 καὶ
1230 2407 1268 2444 μὴ
1286 2405 1379 2438 ἄλλως
1396 2406 1515 2444 γίνεσθαι
1530 2407 1548 2442 ἢ
1565 2407 1602 2438 ὡς
1618 2407 1831 2445 προεωράκασιν.

1079 2505 1163 2535 Joan.
1179 2514 1229 2541 xu,
1246 2506 1293 2541 37,
1308 2506 1352 2534 38.

1073 2602 1157 2631 abest
1171 2603 1207 2631 ab
1223 2603 1335 2631 eodem.

1109 2639 1164 2677 (ei)
1181 2639 1256 2677 Felc-
1272 2639 1298 2677 3.
1315 2640 1373 2669 τοῖς
1388 2638 1553 2677 1399M?“-

1121 2674 1165 2709 45)
1180 2674 1247 2710 Μὲν,
1260 2676 1374 2710 abestis
1391 2674 1463 2702 Felc'.
1480 2675 1506 2702 3.

1120 2707 1165 2745 46)
1180 2707 1255 2748 Felc,
1270 2711 1296 2738 3.
1313 2707 1427 2748 ἔβλεπον
1443 2710 1483 2737 ἀεὶ
1498 2709 1630 2748 γενεσθαι.
1647 2708 1678 2738 In
1694 2709 1796 2738 eodem
1821 2708 1899 2738 infra

1075 2744 1100 2772 ιν
1113 2744 1183 2774 ante
1200 2746 1364 2784 ὀφθαλμοῖς,
1381 2746 1472 2775 deest.
