4100 6224
268 352 380 416 201

1308 337 1410 401 DE
1451 335 1838 400 PASSIONE
1883 334 1984 395 ET
2028 336 2281 402 ΕΒΗοΕ
2328 336 2633 401 DOMlNl.

3559 347 3676 408 202

272 483 422 542 Ἐπεὶ
456 481 502 538 ei
531 478 599 537 τὰ
626 477 966 555 γενησὸμενα
995 475 1211 549 (47-48)
1237 475 1313 547 μὴ
1344 466 1709 548 προέϐλεπον,
1742 468 1921 525 οὐκέτι

2064 489 2278 529 πνοι-δυο
2307 478 2432 530 erat
2461 479 2524 530 ut
2552 475 2776 543 ﬁerent,
2804 490 2990 547 neque
3018 475 3132 532 alio
3164 478 3335 534 modo
3359 494 3536 550 quam
3568 480 3681 552 ipsi

279 577 339 630 ἂν
370 575 504 642 ἦσαν
536 574 835 645 προφῆται.
869 565 967 623 Καὶ
998 561 1237 629 καθόλου
1269 560 1327 617 Si
1362 566 1524 616 τοῦτο
1579 557 1771 615 εἰδέναι
1823 555 1923 628 δεῖ,

276 662 358 719 ὅτι
388 663 440 717 οἱ
495 660 769 735 προφῆται
820 655 882 709 οὐ
930 654 1114 727 νόμων
1159 652 1261 707 εἰσὶ
1311 648 1652 717 διδάσκαλοι,
1701 646 1789 701 *ἕνα
1824 645 1928 735 μό-

272 773 363 808 νον
397 733 549 825 (49),
591 733 630 801 Ri
680 744 1097 821 προστάττουσι,
1160 740 1433 817 γίγνηται,
1486 737 1631 825 ἀλλὰ
1659 740 1765 825 τῶν
1798 733 1929 808 μελ-

275 823 479 897 λόντων
531 835 633 893 εἶσὶ
685 832 1158 908 προσημάντορες.
1207 829 1280 884 Οὐ
1330 828 1433 905 γὰρ
1467 823 1654 894 ἐπειδὴ
1687 823 1927 900 λέγουσι,

278 929 369 986 διὸ.
405 932 567 985 τοῦτο
614 923 703 979 καὶ
749 921 951 999 γίνεται
1000 920 1067 975 τὰ
1119 917 1399 996 γινόμενα,
1430 914 1557 971 ἀλλ’
1589 914 1671 969 ὅτι
1700 912 1929 989 γίνεσθαι

285 1016 502 1093 μέλλει,
562 1012 652 1070 διὰ
695 1016 857 1068 τοῦτο
909 1010 999 1065 καί
1047 1006 1401 1085 προλέγουσι,
1450 1004 1539 1059 καὶ
1590 1002 1795 1077 ἀνάγκη
1853 1001 1929 1093 μὴ

282 1091 565 1184 ψεύδεσθαι
620 1105 747 1165 τοὺς
793 1103 1100 1179 προφήτας,
1160 1100 1331 1174 ὁρῶσι
1397 1097 1500 1172 γὰρ
1570 1093 1808 1184 άληθῶς.
1866 1091 1931 1146 Et

279 1183 383 1275 γὰρ
435 1196 551 1251 καθ’
601 1193 853 1256 ὑπόθεσιν
910 1192 1024 1262 (50)
1078 1189 1153 1260 μὴ
1212 1183 1680 1275 προαπήγγελλον
1716 1184 1767 1236 οἱ
1795 1202 1932 1275 προ-

282 1269 467 1365 φῆται,
515 1281 662 1338 ἀλλὰ
711 1286 817 1335 τῶν
870 1276 1149 1333 Ἰουδαίων
1205 1277 1272 1344 ἧν
1318 1278 1353 1344 ἡ
1399 1272 1739 1348 προαίρεσις,

281 1358 530 1451 πράττειν
564 1376 751 1427 ταῦτα.
785 1366 885 1425 Καί
916 1366 1062 1428 ὅλως
1096 1366 1147 1419 οἱ
1193 1367 1336 1440 ἅγιοι
1390 1362 1491 1418 οὐκ
1546 1358 1933 1435 ἀναγκαπικοὶ

285 1450 390 1520 τῶν
446 1460 783 1538 γιγνομένων
842 1456 995 1511 εἷ’σίν·
1068 1452 1213 1511 ἀλλὰ
1267 1454 1367 1522 τὴν
1437 1450 1751 1527 προαίρεσιν
1825 1451 1932 1502 τῶν

283 1537 628 1631 πραττόντων
686 1542 1093 1624 προϐλέποντες
1152 1542 1495 1615 σημαίνουσι.
1578 1538 1682 1597 Καὶ
1754 1537 1933 1613 ὥσπερ

285 1629 339 1699 οἳ
367 1639 816 1708 ἀνασκευάζοντες
874 1634 1085 1709 ἔλεγον
1142 1636 1304 1708 Ἀρον
1356 1631 1445 1685 τὸν
1479 1629 1645 1704 λόγον
1674 1632 1771 1682 τοῦ
1800 1648 1936 1703 προ-

287 1736 484 1811 φήτου,
524 1729 615 1785 καὶ
667 1729 883 1787 πάντως
940 1726 1055 1797 (51)
1122 1722 1174 1777 οἱ
1225 1719 1476 1776 Ἰουδαῖοι
1534 1717 1931 1773 πιστεύσουσιν·

287 1808 460 1883 οὕτως
517 1818 681 1897 φαίην
733 1816 793 1870 ἂν
842 1814 1012 1890 κάγώ’
1067 1815 1234 1885 ’Δρον
1284 1810 1378 1872 τὰς
1416 1810 1634 1884 πράξεις
1661 1810 1769 1862 τῶν
1804 1808 1935 1861 Ἰου-
1965 1847 2014 1913 Β

286 1910 479 1981 δαίων,
532 1896 625 1963 καὶ
672 1906 887 1966 πάντως
938 1902 999 1958 οὐ
1047 1921 1388 1979 προεφήτευε
1432 1898 1491 1953 ἂν
1551 1897 1675 1973 περὶ
1703 1896 1876 1951 αὐτων
1905 1897 1934 1949 6

284 1997 506 2062 Ἡσαΐας
535 2000 777 2053 τοιαῦτα.

362 2091 449 2145 10.
482 2085 604 2141 Ἐὰν
652 2084 827 2138 τοίνυν
880 2080 909 2136 6
958 2080 1213 2149 Ἰωάννης
1257 2077 1411 2153 λέγῃ⁸
1459 2100 1481 2127 ι
1517 2074 1633 2133 Οὐκ
1661 2072 1933 2129 ἐπίστευον

289 2178 366 2240 εἷς
394 2174 553 2231 αὐτὸν
585 2174 639 2228 οἳ
666 2169 945 2237 Ἰουδαῖοι,
973 2166 1062 2223 ’ίνα
1082 2165 1357 2243 πληρωθῇ
1389 2167 1417 2220 6
1441 2164 1606 2239 λόγος
1634 2160 1881 2231 Ἠσαίου,
1908 2183 1935 2212 ››

297 2268 373 2340 μὴ
416 2269 494 2338 τῷ
541 2262 693 2338 λόγῳ
738 2264 835 2316 τοῦ
878 2259 1163 2335 προφήτου
1217 2256 1317 2326 τὴν
1344 2254 1516 2310 αἰτίαν
1552 2250 1658 2325 δῷς
1687 2259 1790 2340 τῆς
1821 2251 1941 2305 ἀπι-

294 2337 444 2415 στίας
476 2337 675 2416 αὐτῶν,
705 2345 850 2402 ἀλλὰ
877 2350 947 2419 τῇ
996 2344 1183 2421 πράξει
1238 2343 1415 2399 αὐτῶν
1474 2346 1582 2397 τῶν
1640 2337 1936 2399 Ἰουδαίων.

290 2446 365 2498 "A
396 2441 496 2517 γὰρ
531 2436 680 2494 οὗτοι
706 2440 793 2491 νῦν
824 2433 1108 2510 ἔπραττον,
1135 2436 1303 2488 ταῦτα
1346 2425 1680 2506 προέϐλεπεν
1731 2430 1759 2483 6
1810 2447 1942 2501 προ-

293 2534 471 2610 φήτης
528 2527 588 2583 ἐκ
636 2522 872 2581 πολλοῦ·
932 2522 1025 2577 καὶ
1084 2519 1203 2610 ἔδει.
1244 2525 1435 2610 τοῦτον
1503 2521 1578 2592 μή
1629 2517 1943 2610 ψεύσασθαι,

297 2608 444 2676 ἆλλὰ
496 2618 823 2693 γνωσθῆναι,
882 2612 965 2667 ὅτι
1016 2610 1083 2665 τὰ
1145 2608 1237 2665 νῦν
1290 2608 1545 2684 γινόμενα
1600 2608 1942 2683 προεώρακεν

296 2707 540 2777 ἀληθῶς.
590 2708 706 2758 Ἵνα
759 2702 863 2778 γὰρ
921 2703 950 2754 6
1000 2699 1166 2774 λόγος
1213 2697 1378 2753 αὐτοῦ
1423 2695 1635 2764 ἀληθὴς
1662 2700 1778 2757 τοῖς
1810 2693 1944 2767 μετὰ

298 2801 467 2853 ταῦτα
516 2792 680 2873 φανῇ,
740 2790 1092 2867 ήλέγχθησαν
1144 2784 1358 2843 ἄπιστοι
1405 2787 1494 2841 καὶ
1552 2784 1939 2873 κρυπτόμενοι.

296 2889 467 2943 Ἦσαν
528 2870 622 2957 μὲν
671 2882 772 2958 γὰρ
827 2884 897 2953 τῇ
949 2876 1261 2953 προαιρέσει
1323 2874 1542 2953 φαῦλοι⁹
1622 2870 1808 2940 ἐπειδή
1887 2870 1945 2926 δὲ

303 2971 570 3051 ἔκρυπτον
621 2969 795 3025 αὐτῶν
838 2969 937 3038 τήν
987 2965 1255 3035 ἀπιστίαν,
1310 2966 1338 3020 6
1378 2958 1545 3039 λόγος
1589 2960 1822 3036 ἔλεγχος
1853 2958 1946 3051 γέ-

295 3049 448 3140 γονεν
506 3061 703 3118 αὐτῶν.
758 3059 857 3114 Διὰ
910 3061 1071 3112 τοῦτο
1139 3059 1268 3132 γοῦν
1337 3053 1437 3109 οὐκ
1508 3050 1806 3120 ἐπίστευον,
1862 3049 1947 3104 ὅτι

301 3137 541 3229 ἤλεγχεν
599 3146 792 3209 αὐτοὺς
848 3148 877 3202 6
933 3142 1100 3221 λόγος
1153 3140 1607 3229 κρυπτομένους,
1670 3139 1801 3229 Καὶ-
1856 3137 1944 3193 ἰὰν

304 3217 683 3315 λέγῇκπάλιψ
751 3234 862 3289 Οὐκ
914 3217 1200 3305 ἠδύναντο.
1239 3228 1509 3285 πιστεύειν
1564 3228 1627 3315 οἱΔ
1668 3223 1945 3315 Ἰουδαῖοι,
1977 3217 2019 3283 C

304 3312 393 3385 ὅτι
417 3312 740 3403 ἠγέγραπται
797 3324 865 3378 τὰ
927 3323 1043 3377 κατ’
1095 3319 1292 3375 αὐτῶν.
1342 3320 1417 3392 μὴ
1463 3317 1527 3373 τὸ
1574 3313 1833 3370 ἀδύνατον
1879 3312 1945 3387 τῇ

306 3418 616 3495 προαιρέσει
665 3418 771 3469 τῶν
819 3414 930 3487 (52)
969 3409 1314 3487 πραττόντων
1347 3405 1474 3479 δῷς.
1507 3404 1793 3463 Ἑδόναντο
1838 3403 1949 3495 ’γὰρ

304 3492 397 3562 καὶ
434 3498 893 3580 μεταϐάλλεσθαι’
942 3497 1089 3554 ἀλλὰ
1115 3500 1178 3553 τὸ
1214 3495 1469 3553 ἀδύνατον
1515 3497 1576 3550 τὸ
1626 3496 1700 3567 μὴ
1752 3492 1951 3580 ψεύσα-

307 3578 546 3651 σθαιγτὸν
577 3593 891 3668 προφήτην.
922 3584 1143 3655 Ἔπειδὴ
1177 3589 1279 3661 γὰρ
1322 3583 1542 3655 ἀληθῶς
1588 3584 1812 3659 ἑώρακε,
1865 3578 1954 3635 διὰ

306 3687 469 3740 τοῦτο
504 3679 762 3737 ἀδύνατον
807 3679 875 3748 ἧν
921 3674 1193 3756 σφαλῆναι
1239 3672 1421 3729 αὐτόν.
1479 3672 1552 3726 Οὐ
1605 3672 1706 3747 γὰρ
1766 3668 1953 3731 ἄλλως

310 3774 570 3847 έώρακεν,
603 3770 638 3839 ἢ
672 3769 745 3831 ὡς
776 3766 983 3844 γέγονε,
1022 3766 1111 3821 καὶ
1162 3763 1423 3842 ἐφάνησαν
1475 3762 1713 3816 ἆπιστοι.
1770 3759 1953 3820 Οὕτως

308 3862 401 3917 καὶ
429 3862 492 3916 τὸ
535 3859 672 3914 κατά
706 3858 805 3927 τὴν
840 3854 1109 3927 Παρθένον
1154 3854 1515 3925 πεπλήρωται
1546 3852 1744 3923 Θαῦμα,
1777 3848 1865 3904 καὶ
1895 3849 1958 3903 τὸ

313 3951 451 4007 κατὰ
505 3949 758 4017 Ἰωάννην
814 3946 928 4020 (53)
983 3938 1156 4010 ἀπέϐη
1211 3944 1475 4016 σήμερον,
1531 3939 1621 3995 καὶ
1675 3940 1850 3993 πάντα
1892 3937 1961 3992 τὰ

316 4037 783 4116 προγεγραμμένα
836 4032 1239 4116 πεπλήρωται.⁸
1281 4027 1421 4088 Οὐδὲ
1469 4029 1571 4105 γὰρ
1620 4025 1806 4116 ἐπειδή
1865 4025 1954 4101 γέ-

314 4114 576 4207 γραπται,
626 4124 716 4181 διὰ
757 4128 917 4179 τοῦτο
964 4121 1055 4178 καὶ
1106 4114 1419 4191 ἀπέϐαινον,
1453 4116 1580 4174 ἀλλ’
1608 4116 1691 4207 ὅτι
1724 4115 1962 4207 ἐγίγνετο

316 4205 554 4288 πάντως,
588 4212 677 4269 διὰ
702 4218 864 4269 τοῦτο
892 4210 982 4267 καὶ
1014 4208 1348 4285 προελέχθη.
1381 4206 1564 4268 Οὕτως
1595 4206 1684 4260 καὶ
1725 4206 1787 4259 τὸ
1828 4205 1965 4259 κατὰ

315 4308 408 4363 τὸν
446 4306 708 4382 μερισμὸν
739 4308 832 4357 νῦν
856 4306 965 4357 τῶν
990 4299 1222 4374 ἱματίων
1250 4299 1472 4375 ξγέγονε·
1530 4295 1621 4350 καὶ
1670 4295 1743 4357 ὡς
1804 4293 1962 4369 γέγο-

319 4416 426 4466 νεν,
460 4394 637 4456 οὕτως
662 4392 752 4447 καὶ
786 4395 1125 4465 προεωρᾶτο·
1174 4387 1263 4443 καὶ
1314 4386 1390 4449 ὡς
1437 4385 1827 4460 προεσημάνθη
1875 4383 1964 4438 καὶ

319 4481 754 4560 προαπηγγέλθη
804 4481 940 4552 (54),
991 4477 1163 4539 οὕτως
1211 4476 1301 4531 καὶ
1346 4473 1704 4549 πεπλήρωται
1751 4472 1839 4527 καὶ
1867 4472 1965 4560 πέ-

2038 562 2463 633 ρτωνὶᾶὶεεθηῐ.
2497 564 2795 636 Siquidem
2843 565 2957 621 nisi
3004 566 3206 622 futura
3256 568 3681 640 praevidissent,

2039 665 2410 723 nequaquam
2454 652 2748 724 propheta:
2780 654 3049 710 fuissent.
3080 656 3149 710 Et
3186 657 3491 712 sciendum
3520 674 3683 729 pror-

2040 756 2143 795 sus
2172 744 2281 808 est,
2315 741 2630 813 prophetas
2664 760 2777 797 non
2824 742 3021 815 legum
3069 761 3199 801 esse
3239 746 3586 819 magistros;
3620 752 3688 803 ut

2039 845 2110 884 ea
2136 829 2330 886 solum
2354 847 2481 902 quaa
2512 830 2597 885 illi
2623 832 2856 902 jubent,
2879 834 3293 906 perficiantur;
3326 837 3426 891 sed
3460 836 3685 892 futuro-

2042 935 2173 974 rum
2204 937 2332 975 esse
2372 921 2879 991 praenuntiatores.
2911 922 3037 977 Non
3087 923 3241 978 enim
3274 926 3412 996 quia
3458 924 3685 992 dicunt,

2042 1024 2134 1063 res
2186 1010 2479 1078 eveniunt,
2531 1010 2633 1065 sed
2681 1011 2818 1080 quia
2863 1015 3154 1066 eventura:
3207 1019 3391 1084 erant,
3422 1014 3553 1069 ideo
3600 1012 3687 1069 illi

2044 1097 2459 1167 praenuntiant,
2486 1113 2913 1170 necessumque
2935 1105 3024 1156 est
3050 1117 3165 1155 non
3189 1102 3418 1157 mentiri
3444 1103 3689 1175 prophe-

2044 1192 2154 1253 tas,
2176 1202 2312 1241 cum
2344 1204 2476 1242 vere
2506 1204 2597 1242 res
2634 1192 2697 1242 ut
2727 1194 2867 1243 sunt
2902 1189 3156 1244 videant.
3181 1191 3239 1245 Si
3273 1208 3521 1262 namque
3552 1209 3687 1265 pro-

2045 1276 2229 1347 phetas
2262 1293 2377 1331 non
2405 1278 2914 1347 praenuntiassent,
2944 1278 3689 1337 nihilominusJudmorum

2045 1365 2251 1419 fuisset
2312 1366 2675 1437 prepositum
2740 1366 2883 1422 talia
2946 1370 3335 1439 perpetrandi.
3384 1372 3571 1440 Atque
3628 1370 3691 1425 in

2044 1470 2279 1508 summa
2302 1455 2510 1520 sancti,
2527 1472 2897 1527 nequaquam
2918 1457 3110 1512 verbis
3136 1458 3261 1513 suis
3282 1460 3690 1515 necessitatem

2046 1542 2353 1609 inducunt,
2404 1548 2469 1598 ut
2516 1561 2607 1600 res
2656 1546 2953 1614 eveniant;
3002 1550 3104 1601 sed
3156 1564 3288 1603 cum
3339 1548 3693 1619 praevideant

2046 1649 2246 1687 eorum
2280 1634 2646 1703 prepositum
2680 1634 2780 1705 qui
2823 1635 3010 1690 acturi
3055 1642 3213 1703 sunt,
3246 1637 3301 1691 id
3337 1636 3689 1708 significant.

2046 1726 2119 1775 At
2150 1721 2301 1776 sicut
2330 1722 2592 1791 objecere
2630 1722 2717 1776 illi
2748 1723 3133 1795 refragatores
3167 1744 3179 1780 :
3211 1724 3370 1781 Tolle
3398 1726 3691 1798 prophetae

2047 1812 2400 1880 sermone‘m,
2449 1816 2507 1866 et
2549 1810 2723 1882 plane
2771 1813 3011 1869 credent
3056 1813 3269 1882 Judaei;
3322 1814 3402 1869 ita
3449 1813 3693 1871 dixerim

2044 1916 2148 1971 ego
2186 1916 2198 1955 :
2232 1898 2393 1955 Tolle
2421 1900 2755 1956 Judaeorum
2787 1905 2936 1969 acta,
2968 1906 3026 1958 et
3054 1919 3423 1974 nequaquam
3454 1902 3595 1960 talia
3623 1903 3695 1959 de

2044 1989 2161 2045 illis
2194 1989 2628 2061 pr0phetaverit
2659 1991 2864 2047 Isaias.

2118 2080 2203 2134 10.
2238 2079 2297 2135 Si
2328 2080 2528 2150 itaque
2566 2080 2779 2135 dixerit
2805 2081 3063 2137 Joannes
3087 2098 3140 2136 τί(
3165 2082 3287 2137 Non
3321 2082 3695 2139 crediderunt

2045 2168 2106 2223 in
2130 2168 2297 2222 illum
2318 2167 2596 2235 Judaei,ut
2620 2168 2962 2240 impleretur
2980 2187 3169 2226 sermo
3194 2172 3382 2239 Isaias;
3409 2192 3437 2221 »
3463 2187 3535 2226 ne
3566 2188 3694 2243 pro-

2048 2257 2236 2329 phetze
2267 2256 2523 2312 sermoni
2551 2257 2806 2329 imputes
2838 2273 3040 2315 eorum
3074 2260 3563 2329 incredulitatem,
3590 2260 3693 2316 sed

2048 2348 2311 2418 ipsorum
2337 2346 2673 2402 Judaaorum
2703 2348 2965 2405 facinori.
2990 2350 3136 2404 Nam
3159 2352 3424 2421 quacjam
3459 2349 3542 2404 illi
3569 2364 3695 2420 per-

2048 2435 2375 2506 petrabant,
2410 2435 2531 2491 haec
2562 2437 2789 2505 jamdiu
2840 2439 3182 2509 praeviderat
3230 2439 3511 2510 propheta
3544 2456 3556 2495 :
3590 2454 3696 2495 ne-

2050 2540 2328 2595 cesseque
2361 2524 2470 2578 fuit
2507 2524 2673 2579 illum
2723 2543 2836 2580 non
2888 2528 3140 2593 mentiri,
3176 2533 3240 2582 ut
3286 2528 3479 2599 palam
3529 2527 3697 2594 foret,

2049 2630 2183 2669 eum
2225 2612 2324 2667 illa
2355 2629 2485 2669 vere
2518 2614 2853 2685 praevidisse
2884 2631 3011 2685 quae
3054 2618 3178 2686 jam
3230 2622 3391 2688 gesta
3436 2620 3591 2673 sunt.
3628 2615 3703 2673 Ut

2051 2719 2307 2773 namque
2333 2719 2525 2757 sermo
2548 2703 2708 2759 illius
2729 2718 2899 2758 verus
2922 2706 3074 2775 apud
3102 2710 3364 2775 posteros
3388 2704 3700 2773 videretur,

2051 2791 2399 2861 deprehensi
2432 2796 2571 2846 sunt
2601 2791 2910 2859 increduli,
2940 2793 3168 2847 etiamsi
3202 2793 3380 2848 latere
3412 2796 3701 2849 curarent.

2054 2880 2149 2934 67
2186 2880 2362 2934 Erant
2410 2880 2565 2934 enim
2614 2880 2699 2933 illi
2748 2881 3044 2952 proposito
3094 2898 3200 2936 suo
3251 2880 3536 2953 improbi;
3568 2896 3705 2937 eum

2055 2972 2247 3023 autem
2274 2984 2443 3023 suam
2465 2967 2828 3023 occultarent
2856 2969 3346 3035 incredulitatem,
3372 2986 3564 3025 sermo
3594 2969 3708 3024 iste

2057 3056 2247 3113 adfuit
2278 3056 2379 3128 qui
2400 3071 2499 3111 eos
2530 3062 2888 3128 eoargueret.
2922 3058 3133 3113 Ideone
3166 3058 3345 3129 igitur
3376 3075 3491 3113 non
3518 3057 3705 3113 credi-

2057 3146 2289 3214 derunt,
2308 3146 2457 3214 quod
2503 3161 2693 3201 sermo
2726 3146 2834 3201 iste
2874 3146 3055 3201 latere
3076 3146 3335 3202 volentes
3376 3146 3507 3203 illos
3537 3163 3707 3203 coar-

2059 3233 2285 3306 guerit?
2307 3234 2468 3297 Quod
2497 3234 2545 3289 si
2579 3251 2814 3289 rursum
2848 3235 3003 3291 dicat
3034 3236 3327 3307 quispiam
3358 3253 3371 3291 :
3399 3236 3523 3291 Non
3547 3238 3706 3308 pote-

2058 3328 2190 3378 rant
2209 3323 2395 3378 Judaei
2419 3325 2674 3389 credere,
2699 3324 2836 3394 quia
2868 3324 2989 3379 haec
3021 3327 3092 3380 de
3122 3324 3241 3379 illis
3268 3327 3486 3397 scripta
3508 3329 3707 3393 erant;

2059 3411 2619 3482 impossibilitatem,
2657 3412 2955 3484 agentium
2993 3413 3276 3469 voluntati
3308 3430 3379 3470 ne
3409 3414 3709 3469 tribueris.

2062 3506 2334 3555 Poterant
2363 3500 2520 3555 enim
2552 3505 2781 3555 mutare
2809 3503 3182 3572 sententiam,
3217 3504 3316 3557 sed
3346 3500 3713 3574 impossibile

2062 3595 2186 3645 erat
2216 3589 2449 3644 mentiri
2474 3589 2844 3661 prophetam.
2868 3590 3011 3644 Cum
3036 3591 3191 3645 enim
3225 3607 3426 3646 revera
3448 3590 3715 3647 vidisset,

2065 3677 2187 3733 fieri
2238 3677 2520 3748 nequibat
2570 3683 2638 3732 ut
2686 3677 3166 3733 hallucinaretur.
3222 3680 3346 3733 Non
3395 3679 3508 3735 alio
3557 3678 3716 3735 enim

2066 3767 2239 3822 modo
2272 3783 2392 3821 rem
2444 3766 2611 3833 vidit,
2643 3783 2820 3837 quam
2874 3784 2989 3837 quo
3038 3772 3206 3838 gesta
3256 3773 3345 3823 est
3379 3784 3392 3823 :
3427 3773 3604 3839 atque
3631 3766 3719 3821 illi

2066 3854 2351 3910 increduli
2384 3854 2734 3925 deprehensi
2775 3859 2934 3909 sunt.
2968 3856 3181 3910 Eadem
3227 3856 3450 3911 ratione
3481 3855 3626 3910 illud
3656 3855 3718 3910 in

2066 3944 2302 4015 Virgine
2331 3942 2681 3997 miraculum
2708 3942 3016 4013 impletum
3047 3949 3155 4010 est,
3182 3948 3237 3998 et
3262 3945 3417 4015 quod
3441 3962 3475 4000 a
3493 3944 3720 4001 Joanne

2070 4038 2362 4096 narratur,
2396 4032 2571 4086 hodie
2616 4030 2861 4101 contigit
2895 4048 2909 4085 :
2941 4031 3139 4087 omnia
3181 4032 3321 4088 item
3356 4048 3721 4105 quaecunque

2071 4122 2290 4191 scripta
2322 4124 2461 4174 sunt
2489 4119 2737 4191 impleta
2766 4121 2945 4176 fuere.
2980 4121 3104 4176 Non
3136 4122 3290 4177 enim
3324 4123 3450 4178 ideo
3480 4137 3721 4179 evenere

2072 4210 2203 4279 quia
2233 4208 2453 4279 scripta
2481 4212 2650 4277 sunt;
2682 4209 2784 4263 sed
2824 4208 2962 4279 quia
3001 4226 3262 4277 evenere,
3290 4212 3416 4267 ideo
3448 4227 3719 4283 praenun-

2074 4298 2218 4353 tiata
2262 4298 2511 4352 fuerant.
2543 4297 2637 4353 Sic
2673 4299 2797 4369 jam
2828 4299 2896 4353 de
2926 4299 3403 4355 vestimentorum
3438 4300 3723 4356 divisione

2076 4392 2269 4442 actum
2304 4392 2393 4441 est
2424 4403 2437 4441 :
2472 4391 2548 4455 et,
2582 4391 2755 4458 prout
2784 4392 2978 4442 actum
3011 4393 3121 4455 est,
3152 4389 3234 4444 ita
3262 4390 3573 4460 praevisum
3603 4390 3722 4445 fue-

2076 4480 2198 4531 rat:
2219 4480 2275 4530 et
2303 4482 2364 4529 ut
2389 4474 2550 4546 prius
2574 4476 2967 4548 signiﬁcatum
2992 4479 3570 4550 praanuntiatumque
3591 4478 3721 4546 fuit,

319 4592 572 4649 πρακται.
634 4570 938 4644 Γέγραπται
989 4563 1047 4621 δὲ
1099 4564 1261 4651 οὕτω·
1322 4587 1352 4617 ‹‹
1431 4563 1845 4651 Σταυρώσαντες
1911 4559 1949 4615 δ]

2078 4566 2160 4620 ita
2190 4563 2546 4635 completum
2579 4569 2928 4636 gestumque
2954 4572 3061 4622 est.
3087 4567 3381 4637 Scriptum
3414 4572 3609 4623 autem
3638 4570 3730 4623 est

320 4648 504 4726 αὗτὸν,
565 4655 935 4733 διεμερίσαντο
990 4653 1057 4709 τὰ
1134 4650 1324 4725 ἱμάτια
1404 4650 1589 4719 αὐτοῦ,
1679 4648 1949 4727 βάλλοντες

2080 4654 2162 4708 ita
2194 4670 2207 4708 :
2238 4676 2257 4701 ι
2295 4654 2613 4725 Postquam
2647 4659 2843 4710 autem
2889 4656 3297 4711 crucifixerunt
3324 4673 3482 4725 eum,
3515 4655 3727 4713 divise-

324 4749 558 4825 κλῆρον,
614 4743 706 4802 τίνα
760 4747 1032 4821 πληρωθῇ
1092 4743 1154 4796 τὸ
1210 4740 1371 4818 ῥηθὲν
1432 4738 1520 4796 διὰ
1542 4744 1638 4795 τοῦ
1667 4742 1973 4818 προφήτου·

328 4837 713 4913 Διεμερίσαντο
768 4833 836 4889 τὰ
890 4830 1084 4905 ἱμάτιά
1139 4850 1243 4904 μου
1304 4830 1535 4899 ἑαυτοῖς,
1602 4828 1691 4883 καὶ
1741 4828 1828 4883 ἐπὶ
1882 4831 1973 4884 τὸν

326 4925 623 5000 ἱματισμόν
679 4945 783 4997 μου
831 4917 1026 4977 ἔϐαλον
1075 4918 1307 4993 κλῆρον.
1360 4942 1389 4971 ››
1439 4920 1712 4980 Ματθαῖος
1757 4919 1853 4991 μὶν
1885 4917 1974 4973 οὖν

334 5016 468 5090 μετὰ
512 5017 620 5067 τῶν
665 5011 851 5067 ἄλλων
899 5007 1296 5085 εὐαγγελιστῶν
1347 5006 1716 5081 ἁπλούστερον
1762 5008 1853 5062 τὸν
1892 5028 1980 5081 με·

332 5102 527 5181 ρισμὸν
596 5098 914 5177 γεγενῆσθαί
985 5115 1144 5175 φησιο
1215 5098 1244 5152 6
1321 5094 1377 5151 δὲ
1435 5096 1691 5169 Ἰωάννης
1732 5096 1820 5151 καὶ
1877 5098 1976 5166 τήν

409 5255 623 5329 (47-48)
656 5253 895 5327 Regius,
928 5250 971 5305 ei
1014 5248 1076 5305 τὰ
1116 5249 1392 5325 γινόμενα.
1442 5249 1668 5322 Anglic.
1701 5248 1746 5303 εἷ
1791 5250 1859 5304 τὰ
1901 5268 1988 5326 γε-

674 5394 892 5477 Regius
924 5372 1414 5477 secundagmanu,
1449 5408 1621 5464 quem
1661 5393 1987 5477 sequimur.

339 5463 512 5538 Ed‘iti,
538 5465 629 5523 'iva
662 5466 738 5539 μή
763 5463 956 5539 μόνον.
989 5465 1163 5539 Mox,_
1177 5463 1559 5539 Anglicanus,
1592 5463 1948 5539 σημάντορες.

430 5480 512 5538 ιιι,
539 5480 629 5523 ἰνα
662 5480 738 5539 μη
774 5480 956 5539 μονον.
990 5480 1139 5535 mox,
1177 5480 1559 5590 angiicanus,
1592 5480 1948 5538 σημάντορες.

430 5543 518 5613 50)
551 5542 614 5596 In
645 5537 973 5623 hpc‘verba
1016 5537 1089 5593 ad
1135 5535 1265 5623 (ξαεὶ
1298 5577 1310 5589 .
1345 5539 1583 5623 notatur
1610 5536 1670 5592 in
1704 5537 1988 5609 margine,

338 5607 517 5692 λείπει
544 5631 619 5692 ει,
653 5611 788 5692 licet
813 5608 1028 5692 lacuna
1058 5607 1605 5692 nulla‘cempareat.

410 5686 523 5759 (51)
553 5676 916 5746 Basiliensis,
955 5676 1172 5740 πάντες.
1224 5676 1405 5748 Infra,
1455 5676 1535 5749 ἃν,
1568 5682 1702 5751 post
1747 5679 1990 5756 προεφή.

619 5811 888 5871 Pauor“
920 5808 1033 5869 Gn.
1076 5804 1347 5869 XXVIII.

2083 4748 2222 4798 runt
2251 4744 2594 4797 vestimenta
2628 4745 2776 4813 ejus,
2810 4749 3025 4799 sortem
3058 4745 3395 4800 mittentes:
3427 4750 3492 4800 ut
3520 4745 3729 4817 imple-

2085 4836 2246 4887 retur
2294 4832 2445 4902 quod
2498 4832 2719 4886 dictum
2781 4837 2871 4887 est
2928 4850 3028 4903 per
3088 4833 3429 4904 prophetam
3466 4852 3478 4890 :
3511 4834 3730 4891 Divise-

2086 4925 2223 4975 runt
2261 4920 2371 4975 sibi
2404 4920 2748 4975 vestimenta
2796 4937 2945 4989 mea,
2976 4926 3033 4976 et
3062 4939 3238 4993 super
3265 4928 3485 4978 vestem
3536 4938 3729 4979 meam

2090 5010 2380 5065 miserunt
2418 5013 2654 5064 sortem.
2680 5031 2707 5058 »
2743 5009 3053 5066 Matthaeus
3101 5017 3255 5067 certe
3304 5029 3436 5067 cum
3488 5010 3731 5084 reliquis

2088 5098 2459 5169 evangelistis
2515 5097 2846 5170 simplicius
2909 5100 3123 5156 factam
3181 5100 3529 5159 divisionem
3584 5100 3668 5158 ait
3714 5116 3730 5159 :

2099 5270 2235 5331 τευε,
2269 5251 2432 5331 dneest
2472 5249 2531 5303 in
2574 5251 2785 5331 ‘Regio,
2810 5252 3131 5331 Anglicano
3160 5259 3217 5309 et
3246 5254 3397 5331 _Felc.
3448 5256 3502 5311 3.
3554 5253 3736 5312 Paulo

2100 5323 2502 5409 pols_tt,“Rregius
2534 5322 2997 5409 et.Anglicanus,
3031 5322 3173 5400 λέγει
3206 5325 3323 5409 οὐκ.
3409 5396 3421 5409 ⁹
3445 5393 3459 5409 ⁸
3643 5399 3673 5409 _

2313 5393 2672 5483 basiliensis,
2707 5393 3295 5483 secundanmanu,_:rﬁ
3322 5393 3738 5483 ποῤῥηρειξῶν.

2146 5464 2913 5559 ,ςδὲὶξίειὶλξββὶειείθι,ξειςιο
2940 5469 3007 5559 Ξῖ
3032 5471 3096 5559 ,‘R
3142 5464 3313 5559 θίέίίὶξ
3342 5464 3483 5559 γέιλει
3504 5467 3739 5559 ¹Ξξίίυετ

2097 5537 2378 5677 zizzsasnte
2407 5537 2684 5607 Ἰωάννην.
2740 5540 2893 5597 Infra
2938 5541 3114 5598 Basil.
3163 5548 3220 5599 et
3267 5542 3418 5599 Felc.
3449 5542 3504 5613 3,
3534 5537 3612 5599 σύ
3636 5537 3740 5617 γὰρ

2126 5626 2309 5663 πειοη.

2173 5680 2287 5753 (54)
2316 5679 2548 5751 Regius,
2578 5680 2801 5753 Anglic.
2834 5688 2891 5741 et
2918 5683 3067 5739 Fele.
3100 5684 3154 5757 3,
3185 5680 3603 5759 προαπηγγέλη.

3418 5812 3455 5875 Ἰ
