4100 6224
468 326 587 395 203

1651 338 1714 395 S.
1764 328 2281 398 ATHANASIUS.
2310 370 2382 380 —
2416 334 2675 399 DUBIA.

3751 345 3870 407 204

469 467 728 523 Joannes
745 479 906 533 vero,
925 465 1163 520 modum
1187 464 1511 533 divisionis,
1533 481 1890 537 causamque
1920 466 2105 522 missas

2224 466 2491 535 ποιότητα
2519 474 2616 521 τοῦ
2649 475 2937 545 μερισμοῦ,
2970 470 3057 524 καὶ
3104 472 3201 539 τὴν
3262 471 3433 526 αἰτίαν
3492 478 3587 527 τοῦ
3643 496 3871 550 γεγενη-

474 558 651 613 sortis
708 556 965 613 declarat
1018 556 1109 611 his
1153 558 1346 613 verbis
1381 574 1449 613 :«
1484 556 1692 615 Milites
1748 560 1926 631 igitur
1971 575 2102 614 cum

475 647 903 703 cruciﬁxissent
929 648 1151 714 Jesum,
1185 652 1532 719 acceperunt
1569 649 1917 705 vestimenta
1956 651 2105 720 ejus,

477 742 536 793 et
565 737 823 793 fecerunt
850 740 1100 808 quatuor
1141 742 1355 808 partes,
1390 738 1703 810 unicuique
1751 738 1923 795 militi
1972 755 2108 810 par-

476 830 616 880 tem.
650 826 929 881 Tunicam
960 824 1273 895 vero,quia
1300 830 1425 880 erat
1456 826 1826 882 inconsutilis
1858 828 2110 898 desuper

476 920 742 970 contexta
797 931 899 985 per
952 917 1161 979 totum,
1202 913 1473 969 dixerunt
1527 916 1600 970 ad
1656 916 1900 971 invicem
1936 932 1948 969 :
1982 916 2107 970 Non

474 1004 813 1059 scindamus
851 1020 1002 1073 eam,
1034 1003 1135 1059 sed
1182 1005 1500 1058 sortiamur
1526 1004 1595 1059 de
1629 1004 1726 1059 illa
1756 1005 1923 1075 cuius
1952 1004 2060 1059 erit
2092 1020 2106 1058 :

473 1096 537 1148 ut
592 1092 934 1164 impleretur
988 1091 1285 1162 Scriptura
1336 1108 1349 1146 :
1400 1091 1733 1149 Diviserunt
1780 1093 1889 1148 sibi
1940 1092 2109 1148 vesti-

471 1186 669 1237 menta
701 1170 852 1249 mea,
885 1184 942 1237 et
980 1196 1157 1253 super
1182 1184 1399 1237 vestem
1446 1198 1635 1239 meam
1668 1182 1958 1238 miserunt
1987 1198 2111 1238 sor-

467 1275 588 1327 tem
612 1273 677 1326 ⁴².
704 1292 734 1321 ››

544 1361 631 1416 11.
662 1359 948 1416 Fortassis
978 1361 1105 1429 jam
1138 1358 1427 1430 quispiam
1461 1360 1570 1413 erit
1598 1360 1697 1432 qui
1753 1360 1845 1415 his
1892 1360 2112 1415 auditis

469 1451 773 1505 erubescat
814 1465 828 1505 :
872 1448 1140 1504 fortassis
1198 1448 1437 1517 quidam
1488 1448 1616 1515 erit,
1650 1448 1751 1518 qui
1802 1448 2111 1504 Dominum

476 1556 717 1595 cernens
765 1537 1029 1604 illusum,
1082 1536 1429 1606 abductum,
1458 1553 1692 1607 caesum,
1721 1539 1939 1609 pudore
1986 1537 2112 1592 afﬂ-

470 1631 660 1685 ciatur
694 1645 707 1685 :
746 1628 1010 1683 fortassis
1058 1627 1185 1697 jam
1247 1625 1461 1697 aliquis
1518 1627 1721 1682 videns
1775 1627 2116 1687 Dominum,

466 1718 822 1774 Salvatorem
856 1732 913 1771 et
944 1730 1137 1786 regem
1170 1715 1446 1781 universi,
1477 1731 1510 1770 a
1549 1714 1733 1771 Pilato
1756 1716 2110 1788 judicatum,

2217 554 2379 626 μένου
2405 555 2613 632 κλήρου
2648 555 2911 635 διηγεῖται
2946 559 3119 635 λέγων
3154 561 3346 623 οὕτως*
3380 585 3407 610 ‹‹
3437 563 3503 619 Οἱ
3561 563 3653 616 οὗν
3712 585 3873 640 στραο

2213 648 2425 715 τιῶται,
2460 646 2547 699 ὅτε
2580 646 2915 721 ἐσταύρωσαν
2949 650 3038 704 τὸν
3076 652 3307 719 Ἰησοῦν,
3356 646 3552 705 ἔλαϐον
3607 654 3676 706 τὰ
3731 653 3868 724 ἱμά-

2213 753 2302 786 τια
2333 733 2517 806 αὐτοῦ,
2550 736 2637 788 καὶ
2672 736 2927 807 ἐποίησαν
2959 740 3189 814 τέσσαρα
3252 738 3414 815 μέρη,
3465 740 3674 813 ἑκάστῳ
3706 763 3870 816 στρα-

2216 821 2383 895 τιώτῃ
2417 822 2598 898 μέρος.
2630 826 2727 878 Τὸν
2773 822 2829 879 δὲ
2895 833 3103 902 χιτῶνα
3160 826 3273 907 ἐπεῖ
3332 829 3397 896 ἦν
3458 826 3697 905 ἆρῥαφος
3758 834 3877 903 (55)

2217 908 2410 964 ἐκτῶν
2441 914 2550 966 ἅνω
2602 914 2826 991 ὑραντὸς
2883 913 3092 989 διόλου,
3154 917 3301 972 εἶπον
3357 918 3493 991 πρὸς
3562 918 3875 988 ἀλλήλους’

2218 1000 2304 1067 Μὴ
2340 1000 2613 1075 σχίσωμεν
2648 1003 2831 1069 αὐτὸν,
2864 1003 3007 1060 ἀλλά
3057 1006 3316 1082 λάχωμεν
3350 1007 3473 1082 περὶ
3500 1006 3691 1073 αύτοῦ,
3722 1009 3875 1070 τίνος

2219 1086 2384 1143 ἔσται’
2429 1088 2519 1144 ’ίνα
2565 1092 2596 1159 ἡ
2662 1095 2844 1171 Γραφὴ
2892 1094 3188 1171 πληρωθῇ
3224 1096 3604 1169 Διεμερίσαντο
3638 1099 3707 1151 τὰ
3738 1099 3874 1170 ἱμά-

2216 1176 2306 1230 τιά
2340 1199 2442 1250 μου
2490 1179 2723 1252 ἑαυτοῖς,
2773 1183 2860 1237 καί
2911 1182 2996 1237 ἐπὶ
3046 1185 3137 1239 τὸν
3200 1184 3494 1258 ἱματισμόν
3530 1207 3635 1259 μου
3668 1182 3872 1242 ἔϐαλον

2218 1265 2449 1341 κλῆρον.
2486 1293 2506 1320 ι

2293 1358 2380 1415 li.
2427 1359 2583 1420 Ἴσως
2624 1382 2705 1422 τις
2763 1361 2969 1417 τούτων
3026 1363 3235 1418 ἀκούων
3295 1363 3533 1440 ἐρυθριᾳ’
3597 1363 3727 1427 ἴσως
3787 1388 3873 1427 τις

2224 1444 2362 1519 ὀρῶν
2419 1448 2508 1502 τὸν
2570 1448 2762 1521 Κύριον
2820 1451 3166 1524 παιζόμενον,
3224 1453 3314 1508 καὶ
3362 1455 3722 1529 ἀπαγόμενον,
3782 1457 3875 1509 καὶ

2219 1535 2573 1607 τυπτόμενον,
2634 1538 2971 1614 αἰσχύνεται*
3019 1541 3151 1604 ἴσως
3183 1546 3274 1596 νῦν
3302 1563 3385 1604 τις
3445 1543 3585 1617 ὁρῶν
3631 1543 3727 1597 τὸν
3770 1544 3879 1598 Κύο

2226 1644 2326 1695 ιον,
2370 1625 2459 1678 καὶ
2517 1629 2769 1702 Σωτῆρα,
2828 1629 2915 1683 καὶ
2970 1628 3195 1704 βασιλέα
3264 1635 3361 1685 τοῦ
3425 1632 3622 1693 παντὸς
3683 1633 3873 1708 κρινόο

2226 1734 2382 1785 μενον
2414 1713 2513 1767 ὑπό
2546 1714 2805 1787 Πιλάτου,
2838 1717 2926 1771 καὶ
2972 1719 3368 1794 σταυρούμενον
3416 1720 3517 1775 ὑπὸ
3563 1718 3870 1794 Ἰουδαίων,

465 1812 523 1861 et
547 1806 879 1861 crucifixum
902 1822 934 1859 a
953 1803 1196 1871 Judaeis,
1220 1804 1439 1874 pudore
1461 1803 1769 1870 afﬁciatur,
1794 1805 2105 1877 oculosque

2222 1798 2568 1871 δυσωπεῖται,
2628 1804 2715 1857 καὶ
2774 1807 2920 1861 κάτω
2972 1807 3063 1861 τὸν
3106 1803 3388 1885 ὄφθαλμὸν
3417 1805 3553 1885 ἔχει.
3587 1807 3731 1866 Οὐδὲ
3761 1813 3871 1887 γὰρ

2258 1888 2328 1906 η.
2605 1896 2704 1906 ...ω
2763 1891 2787 1906 ..
3040 1897 3051 1906 .
3165 1896 3175 1906 .
3278 1894 3383 1906 .-μ
3482 1896 3595 1906 -...
3655 1897 3671 1906 -
3830 1900 3842 1906 -

466 1897 754 1951 demittat.
773 1894 918 1950 Nam
942 1908 1129 1963 neque
1152 1890 1238 1947 sol
1271 1890 1406 1946 tulit
1428 1891 1534 1948 hoc
1556 1894 1977 1966 spectaculum,
2001 1896 2101 1950 sed

470 1987 816 2041 obscuratus
844 1986 1000 2038 totus
1031 1986 1139 2048 est,
1175 1984 1237 2035 ut
1267 1980 1510 2037 aliorum
1544 1981 1744 2038 oculos
1776 1988 2056 2040 averteret
2087 2000 2100 2037 :

469 2091 575 2130 nec
606 2073 829 2129 curavit
854 2072 1007 2127 ultra
1026 2073 1379 2143 praeceptum
1412 2070 1785 2126 illuminandi
1808 2072 2107 2141 homines;

466 2165 569 2220 sed
603 2168 729 2218 tum
763 2160 1125 2234 praevaricari
1154 2176 1334 2215 ausus
1366 2164 1474 2225 est,
1507 2176 1639 2215 cum
1670 2162 1888 2217 videret
1913 2162 2111 2218 Domi-

465 2271 631 2324 num,
666 2252 765 2324 qui
798 2251 907 2307 sibi
940 2250 1048 2306 hoc
1080 2249 1421 2304 mandatum
1454 2249 1731 2318 dedisset,
1766 2252 1836 2307 ab
1868 2251 2114 2307 homini.

462 2346 575 2399 bus
606 2340 873 2398 cruciari.
906 2340 1015 2395 Sed
1063 2338 1111 2394 si
1143 2355 1381 2393 causam
1416 2339 1745 2395 ediscamus
1774 2357 1875 2395 cur
1907 2342 1985 2395 ita
2015 2358 2111 2396 ex-

461 2434 760 2490 cruciatus
789 2430 885 2499 sit,
916 2446 1033 2484 non
1077 2427 1230 2482 ultra
1270 2428 1707 2499 erubescemus,
1741 2431 1841 2485 sed
1875 2430 2114 2485 mirabi-

461 2540 599 2579 mur
625 2520 944 2577 bonitatem
977 2518 1518 2588 humanitatemque
1542 2517 1736 2586 illius;
1773 2518 2118 2590 glorificabi-

460 2630 597 2668 mur
620 2615 676 2666 et
702 2610 836 2682 ipsi,
863 2607 1361 2680 quemadmodum
1392 2608 1629 2672 Paulus,
1657 2608 1714 2662 in
1743 2625 1949 2665 cruce:
1977 2610 2113 2680 quia

458 2721 573 2759 non
606 2703 731 2774 ipse
752 2699 1037 2755 Dominus
1061 2700 1297 2769 propter
1327 2713 1477 2763 sese,
1502 2698 1601 2751 sed
1632 2714 1737 2752 nos
1771 2698 1827 2752 in
1861 2699 1988 2771 ipso
2018 2717 2113 2771 pa-

458 2792 771 2847 tiebamur.
808 2790 1195 2858 Permagnum
1228 2786 1447 2856 quippe
1479 2790 1601 2840 erat
1632 2786 1939 2843 hominum
1978 2806 2108 2860 pec-

457 2887 677 2948 catum,
705 2876 1165 2949 hujusmodique
1187 2874 1431 2942 malum,
1457 2879 1643 2931 totum
1667 2879 1866 2933 orbem
1899 2895 2107 2949 praeoc-

459 2973 704 3041 cuparat
731 2985 744 3023 :
779 2968 929 3038 quod
965 2982 1246 3037 magnum
1279 2963 1515 3035 quidem
1539 2966 1770 3036 jamdiu
1803 2972 1946 3037 erat,
1970 2986 2107 3039 pau-

456 3058 624 3113 latim
668 3073 805 3112 vero
858 3059 1121 3122 auctum,
1166 3070 1231 3109 ac
1280 3054 1617 3111 hominibus
1668 3056 2100 3112 intolerandum

462 3149 741 3200 evaserat.
775 3143 1079 3215 Siquidem
1114 3142 1321 3197 mortis
1350 3158 1592 3214 regnum
1624 3144 1683 3199 in
1715 3161 1917 3200 omnes
1950 3147 2105 3201 inva-

2216 1888 2339 1945 ούδὶ
2387 1890 2548 1960 ἥλιος
2599 1896 2711 1965 (56)
2753 1891 2947 1969 ἤνεγκε
2993 1897 3090 1963 τὴν
3125 1896 3245 1959 θέαν
3278 1894 3434 1967 ἰδεῖν,
3471 1896 3595 1952 ἀλλ’
3652 1897 3870 1954 ἐσκοτί-

2219 1986 2333 2049 ζετο
2392 1978 2564 2050 ὅλος,
2618 1981 2708 2035 ’ίνα
2763 1983 2851 2036 καὶ
2906 1983 3033 2045 τοὺς
3095 1984 3279 2041 ἄλλων
3341 1986 3657 2063 ὀφθαλμοὺς
3730 1991 3869 2043 ἁπο-

2219 2068 2416 2143 στρὲῴῃ
2468 2072 2603 2142 (57)’
2662 2070 2750 2125 καὶ
2810 2071 2907 2125 οὐκ
2964 2071 3265 2150 ἐφρόντιζεν
3325 2072 3400 2130 ἔτι
3454 2082 3553 2145 τῆν
3632 2076 3869 2146 ἐντολῆς

2218 2162 2315 2211 τοῦ
2372 2157 2575 2235 φαίνειν
2634 2166 2748 2221 τοῖς
2800 2162 3126 2236 ἀνθρώποις,
3188 2162 3333 2219 ἀλλά
3380 2163 3467 2219 καί
3510 2161 3869 2239 παραϐαίνειν

2222 2245 2428 2320 ἐτόλμα
2481 2248 2694 2321 λοιπὸν,
2746 2249 2887 2324 ὁρῶν
2940 2252 3031 2305 τὸν
3076 2250 3448 2324 ἐντειλάμενον
3489 2253 3634 2327 αύτῷ
3666 2258 3878 2310 Δεσπόο

2222 2359 2321 2404 την
2375 2335 2476 2391 ὑπὸ
2535 2339 2832 2411 ἀνθρώπων
2888 2341 3184 2415 πάσχοντα.
3242 2341 3395 2399 Ἀλλ’
3427 2343 3512 2398 ἐὰν
3569 2345 3669 2414 τήν
3701 2344 3880 2400 αἰτίαν

2228 2429 2509 2500 μάθωμεν,
2559 2428 2645 2481 καὶ
2692 2424 2780 2482 διὰ
2836 2429 2889 2483 τί
2945 2432 3207 2493 πέπονθεν
3251 2429 3477 2505 ἴδωμεν,
3520 2432 3701 2489 οὐκέτι
3753 2434 3886 2509 ἐρυ-

2225 2520 2485 2589 θριῶμεν,
2546 2516 2689 2571 ἀλλὰ
2745 2518 3090 2591 θαυμάζομεν
3148 2521 3245 2587 τὴν
3301 2522 3604 2597 ἀγαθότητα
3634 2525 3726 2577 καὶ
3784 2528 3888 2594 τὴν

2224 2604 2630 2682 φιλανθρωπίαν
2689 2605 2872 2659 αὐτοῦ·
2932 2608 3020 2662 καὶ
3249 2611 3639 2685 καυχησόμεθα
3675 2610 3736 2667 δὲ
3785 2615 3879 2668 καὶ

2222 2696 2408 2766 ἡμεῖς,
2464 2694 2539 2754 ὡς
2592 2694 2619 2747 6
2653 2694 2890 2762 Παῦλος,
2938 2696 2987 2751 ἂν
3020 2697 3098 2768 τῷ
3130 2703 3366 2773 σταυρῷο
3399 2698 3481 2754 ὅτι
3513 2700 3611 2755 οὐκ
3641 2701 3803 2764 αὐτὸς
3847 2705 3875 2757 6

2222 2783 2419 2858 Κύριος
2480 2780 2545 2837 δι’
2600 2784 2805 2851 ἑαυτὸν,
2856 2783 2980 2839 ἀλλ’
3037 2788 3200 2859 ἡμεῖς
3261 2786 3311 2841 ἐν
3348 2786 3534 2861 ἐκείνῳ
3565 2789 3875 2865 πάσχοντες

2217 2876 2378 2944 ἦμεν.
2408 2875 2522 2926 Τῶν
2562 2872 2653 2944 μὶν
2684 2872 2784 2947 γὰρ
2816 2876 2926 2947 (59)
2970 2875 3265 2950 ἀνθρώπιον
3312 2877 3336 2945 ἢ
3389 2878 3623 2953 ἱμαρτία
3672 2878 3866 2950 πολλή

2212 2982 2295 3023 τις
2328 2963 2415 3030 ἧν,
2448 2962 2536 3015 καὶ
2568 2968 2737 3014 πᾶσαν
2769 2962 2866 3030 τὴν
2901 2962 3223 3035 οἰκουμένην
3248 2966 3673 3043 προκατειλήφει
3707 2974 3871 3023 τοῦτο

2212 3052 2274 3105 τὸ
2305 3049 2492 3116 κακὰν,
2557 3050 2691 3125 μέγα
2752 3050 2843 3121 μὶν
2904 3053 3015 3123 (60)
3071 3052 3343 3127 τυγχάνον
3384 3055 3473 3107 καὶ
3507 3056 3612 3130 πρὸ
3640 3056 3867 3127 τούτου,

2213 3140 2327 3195 κατ’
2384 3137 2572 3213 ὀλίγον
2625 3135 2681 3191 δὶ
2736 3137 2822 3192 καὶ
2854 3138 3236 3213 αὐξανόμενον,
3267 3142 3355 3196 καὶ
3384 3143 3656 3220 ἀφόρητον
3715 3148 3872 3221 γινό-

462 3232 667 3288 luerat.
695 3232 975 3287 Dominus
1006 3236 1198 3286 autem
1225 3234 1422 3286 noster
1451 3232 1801 3288 immortalis
1832 3239 1887 3289 et
1918 3234 2104 3290 incor-

2222 3250 2379 3303 μενον
2440 3233 2559 3289 τοῖς
2615 3227 2942 3301 ἀνθρώποις.
3006 3229 3107 3285 Καὶ
3164 3230 3264 3306 γὰρ
3316 3232 3405 3285 καὶ
3430 3206 3465 3285 .6
3491 3206 3741 3295 ,Θάνατος
3785 3234 3873 3288 ἐπὶ

460 3320 762 3394 ruptibilis
793 3325 881 3377 est
912 3337 925 3375 :
962 3323 1135 3390 atque
1181 3323 1245 3374 ut
1286 3319 1634 3375 immortalis
1666 3325 1722 3375 et
1752 3321 2108 3394 incorrupti-

464 3410 621 3479 bilis,
652 3411 733 3465 ita
764 3410 951 3464 bonus
993 3410 1425 3479 humanusque.
1460 3408 1599 3463 Boni
1642 3426 1894 3481 namque
1924 3412 2108 3469 Patris

462 3501 683 3556 bonum
716 3497 971 3554 Verbum
1007 3496 1233 3552 exsistit
1266 3514 1278 3551 :
1316 3513 1495 3567 quare
1533 3514 1645 3553 non
1680 3497 1816 3553 tulit
1848 3505 1915 3555 ut
1942 3501 2106 3572 opifi-

464 3589 619 3646 cium
659 3605 838 3646 suum
888 3586 1145 3658 periret:
1182 3601 1371 3657 neque
1421 3586 1723 3653 sustinuit,
1753 3591 1819 3643 ut
1864 3605 2105 3661 operum

464 3695 707 3735 suorum
739 3676 882 3733 alter
913 3678 1069 3731 esset
1099 3674 1376 3730 Dominus
1401 3690 1413 3728 :
1442 3676 1541 3731 sed
1576 3675 2001 3735 intolerandam
2030 3679 2109 3736 vi-

459 3768 604 3825 dens
629 3766 938 3832 malitiam,
965 3762 1329 3836 mortaleque
1360 3780 1548 3835 genus
1576 3782 1689 3820 non
1714 3766 1905 3823 valere
1936 3768 2107 3824 morti

458 3858 763 3925 obsistere,
799 3870 989 3927 neque
1035 3871 1206 3927 posse
1246 3870 1473 3924 paanam
1526 3871 1768 3910 suorum
1819 3856 2107 3914 malorum

457 3947 814 4018 persolvere:
840 3962 974 4001 nam
1000 3942 1237 3999 malitiae
1258 3960 1530 3999 excessus
1553 3960 1725 4000 omne
1749 3945 2105 4018 supplicium

458 4036 807 4105 superabat;
837 4034 1038 4088 videns
1059 4032 1197 4087 item
1220 4032 1410 4088 Patris
1432 4032 1521 4087 sui
1544 4033 1886 4103 bonitatem,
1909 4052 2106 4093 suam-

459 4138 573 4193 que
616 4121 934 4193 potentiam
974 4122 1075 4176 08
1125 4126 1181 4175 et
1226 4122 1497 4177 virtutem
1534 4140 1546 4177 :
1578 4145 1597 4171 σε
1635 4122 1901 4179 Christus
1948 4126 2105 4181 enim

462 4212 557 4267 Dei
590 4211 774 4265 virtus
803 4214 861 4265 et
892 4209 985 4263 Dei
1021 4209 1305 4280 sapientia
1326 4210 1405 4277 ‘3;
1435 4233 1462 4259 »
1493 4217 1823 4267 commotus
1858 4214 1966 4268 fuit
1996 4232 2104 4271 suo

455 4315 595 4371 erga
625 4299 893 4354 homines
926 4313 1142 4362 amore,
1177 4297 1605 4369 miseratusque
1640 4306 1899 4356 nostram
1938 4303 2107 4357 infir-

456 4389 740 4455 mitatem,
775 4387 1041 4442 eamdem
1089 4385 1300 4440 induit.
1344 4387 1472 4457 Ipse
1523 4388 1699 4456 enim,
1735 4395 1799 4445 ut
1846 4391 1926 4445 ait
1973 4409 2105 4463 pro-

452 4478 651 4550 pheta,
686 4475 1058 4531 inﬁrmitates
1100 4479 1330 4530 nostras
1362 4474 1514 4543 tulit,
1547 4482 1603 4531 et
1642 4479 1877 4535 morbos
1907 4487 2103 4553 gesta-

2218 3320 2416 3380 πάντας
2447 3318 2536 3371 καὶ
2566 3316 2700 3370 κατά
2729 3315 2941 3371 πάντων
2987 3315 3143 3394 ἴσχυε
3177 3319 3478 3392 βασιλεύειν
3529 3324 3661 3394 (61).
3713 3324 3774 3376 Ὀ
3818 3321 3877 3378 δὶ

2219 3406 2415 3483 Κύριος
2447 3407 2605 3477 ἡμῶν
2639 3405 2903 3469 ἀθάνατος
2933 3407 3022 3460 καὶ
3053 3406 3318 3484 ἄφθαρτός
3351 3408 3485 3463 ἐστι’
3545 3409 3635 3464 καὶ
3686 3409 3873 3487 ὣσπερ

2222 3494 2480 3559 ἀθάνατος
2537 3493 2626 3549 καὶ
2686 3493 2956 3571 ἄφθαρτος
3016 3495 3191 3559 οὕτως
3247 3498 3441 3573 ἀγαθὸς
3520 3498 3607 3553 καὶ
3676 3499 3873 3577 φιλάν-

2222 3596 2459 3657 θρωπος.
2546 3584 2775 3659 ’Δγαθοῦ
2858 3584 2960 3658 γὰρ
3048 3585 3258 3662 Πατρὸς
3344 3587 3541 3663 ἀγαθὸς
3612 3588 3641 3641 6
3693 3589 3874 3665 Λόγος

2223 3673 2475 3751 ὑπάρχει·
2552 3669 2636 3727 διὸ
2713 3671 2775 3727 ού
2842 3670 3089 3749 παρεῖδεν
3167 3672 3458 3730 ἀπολέσθαι
3521 3677 3584 3732 τὸ
3641 3678 3875 3753 γενόμε-

2217 3784 2305 3818 νον
2392 3764 2526 3836 (62),
2606 3758 2720 3817 οὐδ’
2808 3761 3061 3835 ὑπέμεινε
3133 3766 3240 3818 τῶν
3308 3763 3473 3819 αὐτοῦ
3532 3770 3869 3839 ποιημάτων

2219 3852 2388 3908 ἄλλον
2443 3850 2685 3927 γενέσθαι
2745 3850 2959 3925 Κύριον·
2994 3849 3117 3905 ἀλλ’
3148 3852 3288 3926 ὁρῶν
3320 3853 3381 3907 τὸ
3415 3854 3508 3927 μὲν
3538 3861 3641 3923 τῆς
3670 3857 3869 3919 κακίας

2217 3941 2513 4020 ἀφόρητον,
2542 3940 2631 3995 καὶ
2660 3941 2749 3993 τὸν
2798 3938 2993 4010 Ονητὸν
3020 3941 3173 4017 γένος
3205 3941 3312 4017 οὐχ
3341 3942 3521 3996 ἱκανὸν
3552 3942 3869 4016 ἀντιστῆναι

2215 4033 2351 4107 πρὸς
2381 4031 2471 4085 τὸν
2504 4028 2753 4098 Θάνατον,
2788 4026 2912 4083 οὐδὲ
2939 4030 3037 4097 τὴν
3066 4030 3335 4106 τιμωρίαν
3364 4035 3470 4087 τῶν
3502 4038 3682 4087 κακῶν
3711 4032 3873 4090 δυναο

2216 4122 2304 4175 τὸν
2358 4116 2670 4174 ἀποδοῦναι’
2736 4118 2973 4193 ὑπερῆρε
3026 4120 3129 4195 γάρ
3186 4125 3356 4174 πᾶσαν
3401 4122 3671 4197 τιμωρίαν
3702 4125 3735 4193 ἠ
3772 4132 3873 4194 τῆς

2214 4208 2404 4271 κακίας
2465 4201 2763 4280 ὑπερϐολή
2825 4208 2966 4281 ὁρῶν
3016 4204 3072 4261 δὲ
3118 4208 3205 4261 καὶ
3233 4209 3333 4278 τὴν
3360 4212 3458 4264 τοῦ
3494 4212 3701 4285 [Ἰατρὸς
3734 4215 3875 4288 ἀγαο

2218 4298 2437 4368 θότητα,
2471 4298 2608 4371 ὁρῶν
2642 4296 2729 4350 καὶ
2759 4296 2857 4363 τήν
2890 4296 3081 4350 ἑαυτοῦ
3113 4296 3405 4367 ἱκανότητα
3433 4300 3521 4353 καί
3562 4303 3676 4373 (63)
3708 4298 3876 4357 θένα-

2219 4406 2329 4462 μινο
2370 4385 2657 4459 «Χριστὸς
2689 4386 2791 4459 γαρ
2824 4389 2957 4439 Θεοῦ
2990 4383 3218 4460 δύναμις
3266 4388 3353 4441 καὶ
3407 4393 3540 4444 Θεοῦ
3593 4391 3781 4468 σοφία·
3848 4418 3874 4443 υ

2212 4476 2490 4545 κεκίνηται
2543 4478 2612 4548 τῇ
2672 4473 3074 4551 φιλανθρωπίᾳ,
3140 4475 3229 4529 καὶ
3286 4476 3554 4553 οἰκτείρας
3578 4480 3678 4546 τὴν
3712 4481 3871 4537 ἄιε-θὲ-

453 4566 532 4621 vit
553 4568 619 4619 “.
638 4565 949 4621 Miseratus
976 4562 1114 4618 item
1147 4568 1407 4619 nostram
1436 4565 1877 4636 mortalitatem,
1900 4571 2101 4626 eadem

2218 4588 2349 4621 νειαν
2384 4566 2566 4637 ἡμῶν,
2599 4561 2880 4616 ἐνεδύσατο
2908 4563 3131 4633 ταύτην.
3168 4563 3338 4626 Αὐτὸς
3368 4565 3492 4641 γὰρ,
3523 4567 3597 4629 ὡς
3635 4569 3665 4620 ὁ
3726 4590 3871 4638 προ-

452 4655 706 4711 amictus
736 4658 843 4710 est.
865 4654 958 4708 Ait
989 4651 1146 4708 enim
1178 4651 1396 4709 Paulus
1425 4670 1487 4708 :«
1522 4652 1861 4711 Humiliavit
1892 4664 2101 4714 semet-

2211 4659 2387 4734 φήτης
2438 4652 2591 4731 φησὶ,
2641 4652 2733 4712 τὰς
2764 4651 3031 4714 ἀσθενείας
3064 4653 3223 4724 ἡμῶν
3258 4656 3375 4729 ἦρε,
3410 4654 3498 4708 καὶ
3536 4655 3630 4717 τὰς
3662 4656 3867 4720 νόσους

523 4808 567 4841 ⁴²
594 4807 765 4864 Joan.
797 4822 913 4874 xxx,
943 4806 1034 4872 23,
1066 4805 1154 4860 24.
1232 4805 1326 4859 ⁸⁸1
1360 4806 1484 4862 Cor.
1522 4823 1560 4875 ι,
1591 4805 1680 4861 24.
1759 4808 1804 4842 ⁴⁴
1838 4808 1949 4864 Isa.
1984 4827 2100 4881 Lm,
2136 4812 2188 4865 4.

518 4960 629 5029 (55)
654 4960 962 5033 ﬁegiuset
998 4956 1381 5033 Anglicanus,
1413 4953 1635 5033 ἄραφος.
1669 4958 1817 5030 Mox,
1853 4960 2088 5033 Regius,

446 5028 615 5086 εἶπαν.
650 5028 800 5094 Mei,
834 5028 1013 5097 αὐτόν,
1042 5032 1203 5085 abest
1230 5030 1302 5099 ab
1336 5028 1675 5099 Anglicano.

516 5104 623 5173 (56)
655 5102 825 5158 Basil.
859 5108 915 5157 et
943 5101 1164 5172 Anglic.
1194 5097 1329 5153 Οὐδὲ
1353 5097 1453 5174 γὰρ
1486 5102 1513 5155 6
1540 5099 1728 5174 ἥλιος,

512 5176 626 5245 (57)
657 5176 761 5245 Sic
784 5174 1020 5245 Regius,
1049 5178 1222 5245 atque
1253 5174 1334 5227 ita
1367 5173 1503 5245 legit
1534 5173 1817 5229 Nannius.
1846 5174 1999 5229 Editi
2031 5178 2087 5231 et

439 5241 560 5311 alii,
593 5241 717 5305 τοὺς
748 5241 954 5319 ἀλλους
990 5242 1110 5319 όιρθΣ

531 5309 623 5388 58)
656 5316 778 5383 Καί,
812 5316 974 5388 deest
1002 5309 1061 5368 in
1095 5314 1241 5388 lj‘elc.
1270 5314 1323 5368 3.
1358 5314 1500 5368 Ibid.
1527 5309 1604 5388 δέ,
1640 5315 1806 5370 abest
1837 5333 1869 5370 a
1903 5315 2079 5371 Basil.

531 5326 623 5388 58)
656 5326 778 5383 Kal,
812 5326 974 5371 deest
1002 5332 1061 5368 1n
1095 5326 1241 5368 r‘elo.
1270 5326 1323 5368 3.
1358 5326 1500 5368 ιῡισ.
1527 5326 1604 5380 σε,
1640 5326 1806 5370 abest
1837 5333 1869 5370 a
1904 5326 2079 5371 Basil.

508 5326 621 5459 l59)
646 5391 761 5440 Τῶν
795 5386 888 5460 μεν
916 5386 1035 5460 γάρ.
1085 5387 1205 5460 Haec
1237 5390 1300 5460 _et
1352 5386 1637 5460 sequentia
1685 5390 1938 5460 quaedam
1990 5403 2080 5443 re-

433 5457 732 5530 periuntur
787 5457 1176 5513 adhu‘c'semel
1211 5457 1283 5530 in
1340 5458 1657 5525 Basiliensi,
1704 5459 1999 5530 Anglicano
2028 5463 2080 5514 et

435 5526 589 5586 Latt.
622 5533 781 5586 editi.
817 5535 878 5588 ut
919 5538 972 5584 et
1019 5531 1077 5583 in
1126 5526 1306 5581 codice
1334 5543 1374 5581 ιι
1404 5536 1587 5582 nostro
1633 5528 1731 5582 sub
1781 5531 1965 5596 titulo,
1999 5534 2077 5586 De

436 5604 730 5674 passione.
762 5604 1158 5674 Fragmentum
1206 5599 1378 5674 igitur
1408 5600 1717 5674 repetitum,
1764 5617 1862 5671 per
1908 5603 2074 5657 Basi-

433 5670 662 5733 iiemem
690 5671 991 5732 secundum
1030 5675 1080 5729 et
1121 5670 1487 5743 Anglicanam
1514 5670 1832 5742 secundum,
1862 5674 2077 5747 signari

2201 4961 2469 5031 intellige.
2508 4959 2634 5013 Haec
2668 4956 2921 5012 Felckm.
2947 4958 3163 5028 quibus
3194 4959 3529 5027 ad'icimus,
3558 4958 3666 5017 hoc
3701 4964 3785 5019 ira
3839 4996 3865 5009 ο

2201 5038 2459 5085 mentum
2493 5030 2692 5085 haberi
2744 5030 2800 5083 in
2851 5029 3107 5085 editione
3139 4976 3442 5085 Basiliensi
3497 5035 3631 5085 anni
3692 4982 3862 5085 ὦῶ-

2199 5029 2711 5106 menturnhaberi
2744 5030 2819 5106 in‘
2851 5029 3107 5106 editione
3139 5029 3442 5106 Basiliensi
3497 5035 3631 5088 anni
3691 5029 3863 5106 1556,

2198 5119 2327 5175 pag.
2382 5104 2506 5171 579,
2556 5108 2612 5158 et
2664 5100 2750 5156 sic
2807 5099 3069 5156 inchoari
3120 5119 3133 5157 :
3186 5104 3481 5160 Hominum
3528 5114 3672 5160 certe
3714 5099 3864 5178 pec;

2195 5180 2377 5318 εαὲἕό)
2408 5244 2541 5318 μέν,
2574 5244 2734 5318 deest
2762 5240 2819 5295 in
2853 5241 3163 5318 Basiliensi
3202 5250 3264 5318 et
3288 5245 3629 5318 Anglicano.

2264 5247 2356 5315 (60
2408 5245 2539 5312 Mév,
2574 5245 2734 5298 deest
2762 5245 2819 5295 in
2853 5245 3163 5299 Basiliensi
3202 5250 3261 5301 et
3288 5245 3629 5318 Anglicano.

2406 5315 2643 5387 Regius,
2688 5310 2843 5386 ἴσχυε
2889 5312 3215 5385 βασιλεύων.
3248 5317 3401 5374 Felc.
3432 5319 3486 5390 2,
3521 5314 3711 5393 ἴσχυσε
3746 5317 3859 5392 βαρ

2188 5384 2619 5537 ἶιῖἕὲῗῖὶθείυᾳ
2649 5456 2907 5537 secanda
2936 5472 3140 5537 me“,
3167 5456 3230 5512 τὸ
3267 5455 3421 5534 γένπ
3463 5461 3646 5531 ἡμῶ”’
3681 5464 3845 5537 um"

2187 5527 2338 5585 Felc.
2355 5527 2425 5600 '2,
2456 5527 2562 5583 τῶν
2596 5527 2800 5600 ἑαυτοῦ,
2816 5547 2946 5600 ποιη
2960 5527 3166 5600 μάτων.

2215 5602 2364 5727 ό(63)
2394 5598 2620 5674 Anglic.
2660 5602 2715 5668 2,
2748 5598 2845 5667 τὴν
2892 5598 2973 5676 ἐφ’
3020 5599 3226 5673 ἑκάστῳ
3279 5599 3504 5677 δύναμιν
3563 5605 3654 5659 καί
3710 5607 3843 5663 ἱκα-

2180 5690 2207 5725 ν
2244 5691 2401 5747 τητα.
