4100 6224
284 336 403 398 205

1324 331 1425 395 DE
1468 332 1849 395 PASSIONE
1894 326 1996 395 ET
2037 330 2293 395 GRUGE
2335 332 2640 395 DOMlNl.

3565 336 3684 397 206

289 464 547 524 ἐϐάστασε
595 468 730 539 (64).
764 464 864 520 Καὶ
915 462 1140 535 ἐλεήσας
1190 463 1251 517 τὸ
1299 464 1490 535 Θνητὸν
1540 466 1723 538 ἡμῶν,
1780 485 1932 539 περι-

2074 483 2241 538 psum
2268 482 2453 537 usque
2480 466 2549 521 ad
2578 468 2851 533 mortem,
2875 468 3124 520 mortem
3147 466 3340 519 autem
3372 466 3566 522 crucis
3585 467 3689 522 “.»

290 552 515 612 εὸάλετο
572 559 754 610 τοῦτο.
810 554 965 629 Λέγει
1015 554 1115 628 γὰρ
1159 554 1186 606 6
1220 551 1455 614 Παῦλος·
1493 578 1520 607 ‹‹
1556 552 1937 608 Ἐταπείνωσεν

291 646 474 701 ἑαυτὸν
542 643 707 720 μέχρι
766 641 1013 709 θανάτου,
1047 640 1270 695 Θανάτου
1329 639 1386 696 δὲ
1444 647 1692 711 σταυροῦ.
1730 667 1756 692 n
1791 639 1937 696 Ἰδὼν

293 732 350 790 δὶ
377 735 467 789 καὶ
526 734 588 788 τὸ
648 732 783 807 πρὸς
829 734 926 800 τὴν
988 728 1244 785 ἀπόδοσιν
1304 733 1463 804 ἡμῶν
1520 738 1620 800 τῆς
1676 730 1941 805 τιμωρίας

291 822 570 893 ἀδύνατον,
628 818 903 891 ἀνεδίξατο
960 820 1158 889 ταύτην
1218 820 1397 882 αὐτός·
1454 845 1481 872 ‹‹
1540 822 1767 896 Χριστὸς
1838 820 1939 895 γὰρ

291 914 510 987 γεγονεν
544 911 675 985 ὑπὲρ
707 912 866 983 ἡμῶν
894 910 1116 983 κατάρα.
1153 933 1179 959 ›)
1207 908 1302 963 Καὶ
1334 909 1476 963 οὕτω
1509 906 1573 978 δὴ
1607 909 1672 962 τὰ
1729 909 1941 983 ἀνθρώ-

292 1023 423 1055 πινα
451 995 884 1077 περιϐαλόμενος
939 998 1027 1053 καὶ
1088 996 1510 1076 ἀμνριεσάμενος,
1538 996 1607 1053 δι’
1640 999 1830 1051 ἑαυτοῦ
1877 997 1942 1051 τά

294 1093 455 1163 ἡμῶν
531 1091 841 1165 προσήγαγε
910 1093 989 1159 τῷ
1058 1088 1249 1163 Πατρὶ,
1303 1086 1413 1157 Ἵνα,
1467 1088 1541 1148 ὡς
1617 1090 1729 1161 (65)
1786 1086 1941 1147 αὐτὸς

294 1180 545 1255 πάσχων,
580 1173 794 1247 ἀϐλαϐῆ
853 1178 941 1232 τὸν
996 1176 1277 1251 ἄνθρωπον
1323 1177 1603 1251 πάσχοντα
1658 1198 1942 1231 κατασκευ-

298 1272 418 1343 άσῃ,
468 1270 559 1323 καὶ
624 1268 791 1342 μικρᾶ
852 1265 1107 1342 μεγάλοις
1163 1265 1707 1336 ἀντικαταλλάξηται.
1770 1273 1939 1320 Κατα-

298 1354 499 1428 ϐἐϐηκε
556 1358 682 1431 γὰρ,
710 1354 801 1409 ’ἶνα
856 1358 1015 1429 ἡμῶν
1062 1356 1159 1423 τὴν
1218 1353 1407 1409 ἄνοδον
1434 1356 1817 1429 κατασκευάσῃ·
1852 1355 1940 1408 καὶ

295 1446 612 1522 πεπείραται
672 1444 955 1521 γενέσεως,
982 1442 1075 1499 ’ίνα
1130 1448 1293 1517 ἡμεῖς
1340 1443 1409 1499 δι’
1440 1445 1603 1499 αὐτοῦ
1659 1446 1736 1517 τῷ
1784 1445 1940 1519 ἀγεν-

295 1538 445 1608 νήτῳ
695 1532 1056 1609 φιλιάσωμεν.
1119 1535 1407 1603 Ἢσθὲνησε
1473 1531 1540 1587 δι’
1608 1537 1777 1606 ἡμᾶς,
1852 1532 1945 1587 ’ίνα

298 1627 459 1697 ἡμεῖς
518 1624 819 1699 ἐγερθῶμεν
892 1622 942 1677 ἂν
1004 1620 1252 1696 δυνάμει,
1307 1624 1395 1678 καὶ
1470 1622 1728 1696 εἴπωμεν,
1784 1623 1859 1685 ὡς
1914 1624 1942 1677 6

300 1711 534 1774 Παῦλος·
571 1736 600 1765 ‹‹
635 1712 810 1766 Πάντα
842 1711 1018 1787 ἰσχύω
1060 1711 1111 1766 ἐν
1145 1717 1221 1783 τῷ
1254 1710 1631 1784 ἐνδυναμοῦντί
1668 1734 1734 1785 με
1764 1709 1942 1782 Ἰησοῦ

296 1806 529 1876 Χριστῷ,
587 1824 614 1851 ››
663 1795 865 1855 ’Έλαϐε
923 1804 1081 1873 σῶμα
1138 1800 1393 1877 φθαρτὸν,
1444 1798 1535 1855 ’ίνα
1592 1801 1655 1856 τὸ
1715 1800 2024 1909 φθαρτὸνΒ

300 1888 314 1909 Ἰ
358 1886 410 1909 δ’
638 1888 691 1909 ,,‘
804 1886 1103 1909 ’,A,,_,I,,-
1144 1886 1157 1909 Ῑ
1206 1884 1353 1909 κδ’..
1517 1888 1529 1903 ‘
1597 1889 1623 1909 n
1739 1888 1752 1909 ἵ
1855 1885 1878 1909 τί
1924 1907 1944 1909 γ.

297 1886 575 1958 ἐνδύσηται
632 1888 731 1956 τὴν
793 1886 1103 1963 ἀφθαρσίανσ
1140 1884 1421 1942 ἐνεδύσατο
1477 1888 1539 1941 τὸ
1597 1888 1810 1957 Θνητὸν,
1855 1885 1947 1940 ’ίνα

299 1979 362 2031 τὸ
395 1975 587 2046 θνητὸν
618 1972 903 2045 ἐνδύσηται
960 1976 1059 2044 τήν
1109 1975 1416 2039 ἀθανασίαν.
1450 1978 1547 2030 Καὶ
1576 1975 1733 2038 τέλος
1790 1976 1949 2052 γέγο-

298 2088 383 2121 νεν
418 2064 700 2141 ἄνθρωπος
731 2065 818 2119 καὶ
849 2064 1127 2133 ἀπέθανεν,
1154 2063 1246 2118 ’ίνα
1301 2066 1485 2138 ἡμεῖς,
1521 2067 1571 2119 οἱ
1614 2066 1688 2127 ὼς
1745 2064 1953 2141 ἅνθρω-

304 2177 398 2210 ποι
456 2154 909 2224 ἀποθνήσκοντες,
970 2159 1397 2227 θεοποιηθῶμεν,
1455 2154 1544 2209 καὶ
1606 2155 1799 2227 μηκέτι
1856 2155 1948 2209 τὸν

306 2246 524 2309 θάνατον
584 2242 800 2320 ἔχωμεν
873 2242 1247 2318 βασιλεύοντα.
1303 2245 1535 2307 Θάνατος
1610 2248 1710 2321 γάρ
1792 2247 1948 2317 ἡμῶν

305 2334 367 2387 οὐ
400 2336 511 2407 (67)
543 2331 1045 2406 κατακυριεύει,καὶ
1096 2332 1123 2385 6
1168 2331 1528 2395 άποστολικὸς
1589 2332 1646 2389 δὲ
1697 2334 1949 2409 κηρύττει

308 2420 499 2495 λόγος·
534 2419 623 2475 διὰ
668 2424 827 2474 τοῦτο
856 2418 946 2473 καὶ
977 2425 1318 2495 σταυροῦται,
1344 2420 1435 2475 ’ίνα
1462 2424 1561 2491 τήν
1590 2425 1820 2498 κατάραν
1871 2423 1951 2496 ἐξ·

306 2511 566 2587 αγοράσῃ,
581 2510 669 2565 καὶ
701 2512 864 2583 ἡμεῖς
892 2512 991 2580 τὴν
1024 2509 1273 2587 εὐλογίαν
1304 2512 1953 2587 κλησονομήσωμεν.1]ά-

305 2620 455 2675 σχων
472 2601 573 2675 γὰρ
590 2600 768 2672 αὐτὸς,
783 2594 1082 2654 ἐϐλάπτετο
1109 2601 1200 2673 μὲν
1226 2598 1339 2656 οὐδ’
1356 2602 1524 2675 ὅλως,
1540 2604 1821 2679 ἐχαρίζετο

308 2686 363 2743 δὲ
397 2686 632 2761 μᾶλλον⁸
668 2688 758 2742 καὶ
792 2688 1173 2759 ἀποθνήσκων,
1204 2690 1302 2745 οὐκ
1358 2688 1512 2764 ἔμενε
1565 2690 1775 2769 νεκρὰς,
1806 2692 1953 2750 ἀλλὰ

309 2777 521 2851 μᾶλλον
553 2778 643 2833 καὶ
672 2776 798 2839 τοὺς
849 2777 1071 2851 νεκροὺς
1120 2778 1423 2848 ἐζωοποίει·
1456 2782 1545 2836 καὶ
1592 2782 1952 2860 σφαγιαζόμε-

307 2888 398 2928 νος
432 2864 489 2920 δὲ
515 2866 614 2922 οὐκ
644 2863 885 2921 ἁπόλυτο
916 2869 1051 2939 (69),
1083 2867 1229 2923 ἀλλὰ
1254 2872 1333 2941 τῷ
1360 2868 1547 2942 αἵματι
1595 2874 1692 2942 τῆς
1739 2879 1951 2950 σφαγῆς

313 2956 511 3017 πάντας
542 2954 730 3017 ἁπλῶς
761 2954 1077 3031 ἐλυτροῢτο,
1107 2957 1196 3011 καὶ
1227 2958 1385 3019 αὐτὸς
1416 2957 1599 3032 ἔμενεν
1632 2963 1861 3032 ἀπαθής.

382 3047 471 3101 42.
502 3050 623 3106 Πῶς
685 3041 742 3098 δὲ
793 3048 956 3099 τοῦτο
980 3044 1220 3121 γέγονεν,
1253 3044 1306 3101 εἷ’
1325 3068 1408 3109 τις
1455 3045 1654 3125 ἔροιτο,
1687 3050 1951 3109 ἀκουέτω.

312 3133 416 3188 Δύο
499 3132 829 3210 πραγμάτων
904 3132 955 3188 ἐν
1038 3134 1216 3208 τούτῳ
1274 3137 1387 3208 (70)
1441 3138 1632 3211 γέγονε
1707 3137 1952 3202 σύνοδος⁶

2050 555 2195 610 Cum
2225 556 2447 611 videret
2478 556 2617 610 item
2651 571 2757 610 nos
2790 570 2905 609 non
2930 553 3003 609 ad
3033 551 3385 608 solutionem
3417 553 3689 626 supplicii

2052 645 2340 709 sufficere,
2374 643 2816 715 suscepitillam
2869 660 2882 698 ε
2936 665 2963 691 ‹‹
3008 642 3275 697 Christus
3314 642 3471 697 enim
3503 642 3692 699 factus

2051 738 2141 788 est
2168 750 2270 805 pro
2302 735 2471 789 nobis
2500 732 2875 788 maledictum
2908 732 2974 790 ‘5.
3007 754 3035 781 »
3066 734 3255 802 Atque
3301 731 3385 785 sic
3416 731 3691 787 humanis

2052 823 2531 879 circumamictus
2578 822 2962 892 indutusque,
3016 837 3118 892 per
3148 837 3276 876 sese
3317 838 3441 891 quas
3490 824 3694 876 nostra

2053 918 2221 968 erant
2243 912 2397 967 Patri
2428 911 2672 979 obtulit;
2707 915 2772 965 ut
2800 910 2966 982 quasi
3000 910 3127 981 ipse
3155 915 3473 981 pateretur,
3497 910 3693 965 homi-

2053 1018 2186 1056 nem
2219 1004 2537 1073 patientem
2570 999 2821 1056 illcesum
2853 999 3138 1064 redderet,
3168 1004 3227 1054 et
3256 1017 3431 1071 parva
3462 998 3692 1070 magnis

2052 1094 2459 1145 commutaret.
2497 1088 2803 1145 Descendit
2841 1086 3019 1153 enim,
3053 1090 3118 1141 ut
3165 1088 3332 1141 nobis
3380 1103 3692 1142 ascensum

2052 1183 2404 1249 praepararet
2437 1194 2449 1232 :
2502 1177 2867 1233 nativitatem
2899 1178 3170 1246 expertus
3218 1180 3325 1241 est,
3370 1181 3431 1229 ut
3465 1192 3570 1231 nos
3590 1191 3695 1247 per

2053 1283 2187 1323 eum
2238 1267 2494 1338 ingenito
2535 1266 2707 1322 amici
2752 1280 3019 1321 essemus
3050 1280 3063 1317 :
3099 1264 3429 1319 inﬁrmatus
3460 1269 3696 1335 propter

2054 1374 2160 1412 nos
2190 1361 2297 1427 est,
2330 1360 2395 1411 ut
2424 1374 2530 1411 nos
2572 1356 2960 1411 excitaremur
3008 1354 3069 1408 in
3117 1354 3347 1419 virtute,
3383 1359 3440 1407 et
3468 1354 3693 1409 dicere-

2056 1463 2209 1502 mus.
2239 1446 2738 1517 quemadmodum
2770 1444 2989 1500 Paulus
3023 1460 3037 1498 :
3072 1466 3100 1493 «
3134 1442 3343 1497 Omnia
3374 1458 3617 1514 possum
3635 1443 3696 1498 in

2054 1550 2120 1589 eo
2153 1534 2252 1604 qui
2287 1551 2381 1588 me
2432 1534 2719 1589 confortat
2770 1533 2911 1588 Jesu
2968 1531 3200 1587 Christo
3243 1532 3308 1584 ‘7.
3351 1553 3378 1579 »
3433 1529 3700 1601 Sumpsit

2056 1640 2269 1695 corpus
2297 1621 2691 1694 corruptibile,
2710 1626 2777 1677 ut
2804 1619 3182 1693 corruptibile
3211 1619 3479 1673 indueret
3508 1619 3699 1673 incor-

2056 1713 2390 1783 ruptionem
2427 1728 2440 1767 :
2489 1711 2684 1766 induit
2732 1710 2993 1777 mortale,
3026 1713 3093 1764 ut
3141 1708 3383 1764 mortale
3429 1708 3701 1763 indueret

2054 1801 2580 1856 immortalitatem.
2610 1803 2857 1854 Demum
2890 1798 3077 1853 factus
3121 1801 3210 1853 est
3251 1796 3426 1852 homo
3456 1801 3513 1851 et
3542 1812 3699 1851 mor-

2060 1894 2196 1944 tuus
2229 1894 2337 1956 est,
2371 1894 2437 1945 ut
2466 1906 2593 1957 nos,
2619 1887 2718 1959 qui
2750 1891 2949 1959 utpote
2979 1887 3248 1942 homines
3280 1886 3699 1951 moriebamur,

2059 1979 2675 2050 deiﬁcaremur,neque
2697 1977 2902 2033 mortis
2932 1992 3177 2049 regnum
3211 1976 3362 2030 ultra
3382 1976 3700 2030 sustinere-

2058 2085 2211 2123 mus.
2246 2068 2402 2123 Mors
2431 2068 2587 2123 enim
2618 2066 2789 2122 nobis
2818 2083 2934 2121 non
2966 2066 3395 2132 dominatur,ut
3424 2063 3703 2135 apostoli-

2061 2174 2165 2213 cus
2196 2173 2388 2212 sermo
2421 2156 2717 2229 praadicat,
2762 2155 3071 2225 PrOpterea
3119 2155 3433 2210 cruciﬁxus
3480 2159 3587 2221 est,
3637 2156 3703 2208 ut

2062 2245 2441 2301 maledictum
2462 2244 2791 2311 redimeret,
2817 2248 2875 2299 et
2905 2261 3012 2299 nos
3042 2244 3502 2299 benedictionem
3522 2243 3702 2298 hisre-

2062 2336 2239 2391 ditate
2274 2335 2691 2407 acciperemus.
2740 2336 2870 2406 Ipse
2901 2349 3158 2404 namque
3202 2350 3335 2387 cum
3386 2336 3701 2403 pateretur,

2060 2424 2417 2480 nullatemus
2445 2424 2804 2491 lmdebatur;
2836 2424 2955 2479 imo
2986 2424 3184 2495 potius
3223 2423 3377 2477 dona
3418 2421 3702 2493 largieba-

2060 2519 2157 2569 tur
2189 2531 2201 2569 :
2236 2520 2295 2571 et
2314 2515 2587 2582 moriens,
2614 2518 2883 2568 mortuus
2915 2528 3029 2566 non
3064 2511 3477 2579 remansit,sed
3509 2510 3702 2582 potius

2063 2607 2325 2660 mortuos
2351 2604 2713 2659 vivificabat:
2743 2618 2845 2657 nec
2875 2600 3213 2655 immolatus
3246 2600 3436 2671 periit,
3458 2600 3557 2655 sed
3590 2600 3700 2654 im-

2061 2692 2395 2749 molationis
2425 2709 2545 2747 suae
2576 2690 2862 2763 sanguine
2892 2705 3096 2745 omnes
3128 2706 3371 2761 prorsus
3412 2687 3700 2753 liberavit,

2062 2782 2305 2855 ipseque
2339 2781 2556 2838 mansit
2586 2778 2954 2851 impatibilis.

2138 3052 2223 3107 12.
2257 3048 2556 3115 Quomodo
2578 3050 2773 3102 autem
2792 3045 2849 3100 id
2874 3045 3092 3100 factum
3118 3043 3196 3099 sit
3218 3044 3266 3099 si
3300 3043 3432 3115 quis
3461 3046 3704 3115 quaerat,

2067 3141 2553 3198 audiat.Duarum
2577 3136 2639 3191 in
2662 3152 2728 3190 eo
2751 3150 2945 3190 rerum
2967 3150 3287 3189 concursus
3311 3133 3421 3187 fuit
3447 3152 3459 3201 ;
3484 3150 3706 3200 rerum,

311 3224 646 3299 πραγμάτων
675 3219 731 3276 δὲ
771 3221 917 3297 λέγω
950 3222 1050 3277 οὐκ
1080 3222 1232 3292 ἴσων,
1264 3222 1409 3279 ἀλλὰ
1448 3226 1537 3280 καὶ
1594 3229 1729 3282 κατά
1785 3228 1956 3283 πάντα

2074 3232 2333 3302 inquam,
2367 3243 2481 3281 non
2512 3224 2848 3297 aequalium,
2872 3223 2973 3278 sed
3005 3238 3134 3293 quae
3163 3220 3323 3276 nullo
3357 3223 3528 3277 modo
3554 3237 3708 3277 com-

313 3310 589 3385 σύγκρισιν
650 3309 749 3364 οὐκ
797 3309 1052 3384 ἐχόντων.
1117 3313 1319 3383 Θνητὸν
1376 3315 1477 3389 γὰρ
1534 3315 1780 3389 ἀθανάτῳ
1838 3338 1955 3371 συν-

312 3397 590 3467 επλέκετο,
650 3398 739 3452 καὶ
797 3400 1029 3475 φθαρτὸν
1086 3404 1246 3473 σῶμα
1319 3401 1574 3479 ἀφθάρτῳ
1633 3403 1786 3477 λόγῳ
1842 3406 1955 3478 (71)

310 3485 681 3557 συνεληλύθει.
743 3487 841 3542 Καὶ
898 3488 960 3542 τὸ
1046 3488 1140 3561 μὲν
1202 3490 1394 3560 θνητὸν
1454 3492 1553 3547 οὐκ
1608 3488 1842 3548 ἔϐλαπτε
1894 3494 1955 3548 τὸ

309 3575 590 3630 ἀθάνατονο
626 3575 821 3637 ἀπαθὲς
850 3576 949 3651 γὰρ
998 3579 1085 3644 ἦν·
1121 3576 1245 3632 ἀλλ’
1278 3573 1433 3651 ἔμενε
1493 3579 1703 3652 μᾶλλον
1758 3582 1954 3644 ἀπαθὲς

307 3664 397 3720 καὶ
428 3664 558 3719 αὐτὸ
608 3669 676 3738 τῇ
733 3669 829 3720 τοῦ
898 3664 1124 3728 θανάτου
1184 3666 1511 3743 ἐπικρατείᾳ·
1570 3671 1635 3725 τὰ
1675 3672 1775 3747 γὰρ
1835 3692 1964 3747 κρα,

307 3758 503 3808 τοῦντα
561 3757 666 3807 τῶν
725 3756 1106 3829 κρατουμένων
1167 3754 1246 3809 ἀεὶ
1319 3757 1477 3833 βύρια
1532 3760 1808 3836 τυγχάνει.
1864 3764 1959 3817 Διᾶ

312 3847 439 3919 γοῦν
473 3841 632 3896 αὐτὸν
692 3843 783 3896 τὸν
840 3843 1063 3898 συνόντα
1098 3845 1355 3907 ἀθάνατον
1390 3847 1585 3923 Λόγον,
1618 3852 1705 3903 καὶ
1739 3852 1765 3904 6
1800 3852 1958 3914 θάνα-

314 3952 406 3991 τος
467 3930 808 4008 ἐξηφανίζετο
865 3935 977 4005 (72)
1034 3932 1353 4009 παραδόξως
1409 3936 1461 3991 ἐν
1517 3937 1682 4011 αὐτῷ,
1733 3940 1807 4001 ὡς
1857 3941 1961 3994 ἀπὸ

318 4021 486 4094 πυρὸς
555 4020 861 4097 ἀφανίζεται
917 4020 1164 4096 καλάμη.
1218 4026 1273 4078 '0
1338 4022 1395 4079 δὲ
1442 4026 1637 4102 Λόγος,
1698 4029 1965 4104 ἄφθαρτος

322 4106 420 4180 ὢν,
452 4107 656 4186 ὠφελεῖ
689 4108 899 4184 μᾶλλον
930 4112 992 4165 τὸ
1024 4112 1255 4190 φθαρτὸν
1316 4115 1486 4169 συνὼν
1546 4115 1711 4188 αὐτῷ·
1768 4118 1830 4172 τὸ
1862 4118 1965 4191 γὰρ

323 4197 512 4261 σκότος
547 4198 649 4252 ὑπὸ
682 4203 779 4253 τοῦ
828 4201 1005 4277 φωτὸς
1052 4202 1458 4278 καταυγάζεται,
1490 4206 1578 4259 καὶ
1628 4206 1689 4260 τὸ
1747 4205 1966 4261 ἔλαττον

326 4286 428 4341 ὑπὸ
458 4290 554 4341 τοῦ
584 4287 887 4361 κρείττονος
922 4288 1247 4364 εὐλογεῖται.
1282 4293 1378 4346 Διὰ
1424 4297 1586 4347 τοῦτο
1627 4296 1715 4349 καὶ
1745 4300 1835 4349 νῦν
1870 4295 1973 4349 ὑπὸ

319 4380 427 4429 τῶν
491 4372 704 4447 δημίων
755 4374 1144 4446 ἐκδιδύσκεται,
1193 4379 1284 4441 οὓς
1340 4381 1504 4453 ἡμεῖς
1560 4382 1610 4435 ἐν
1665 4388 1744 4454 τῷ
1800 4381 1975 4455 ’Δδὰμ

325 4460 706 4535 ἐνεδυσάμεθα,
757 4461 1107 4539 δερματίνους
1154 4472 1413 4541 χιτῶνας,
1466 4468 1557 4524 ’ίνα
1595 4470 1711 4526 ἀντὶ
1766 4471 1971 4527 τούτων

2072 3317 2261 3391 parari
2295 3318 2547 3388 possent.
2582 3312 2821 3369 Mortale
2854 3311 3069 3384 quippe
3115 3309 3431 3365 immortali
3465 3309 3708 3382 compli-

2068 3410 2329 3471 cabatur,
2352 3410 2408 3460 et
2428 3402 2802 3474 corruptibtle
2822 3418 3033 3473 corpus
3055 3399 3503 3470 incorruptubili
3528 3400 3707 3456 Verbo

2066 3497 2323 3553 cohaesit.
2352 3495 2550 3564 Neque
2579 3497 2772 3547 tamen
2804 3490 2885 3556 id,
2919 3490 3073 3562 quod
3103 3488 3349 3544 mortale
3379 3493 3523 3554 erat,
3556 3488 3709 3543 lmsit

2064 3586 2208 3641 illud
2241 3585 2395 3657 quod
2427 3580 2757 3637 immortale
2790 3596 2803 3634 :
2847 3576 3207 3649 impassibile
3280 3577 3496 3648 quippe
3526 3582 3654 3632 erat
3684 3592 3699 3631 :

2066 3680 2368 3747 morteque
2396 3672 2572 3737 victa,
2602 3668 2790 3741 magis
2815 3667 3177 3738 impassibile
3206 3666 3487 3721 remansit
3519 3684 3531 3721 :
3566 3682 3702 3721 nam

2069 3784 2137 3825 ea
2164 3782 2294 3835 quae
2324 3762 2584 3823 vincunt,
2614 3758 2783 3813 victis
2815 3773 3046 3827 semper
3075 3755 3473 3809 dominantur.
3507 3760 3703 3825 Itaque

2071 3858 2143 3912 ob
2183 3853 2563 3923 eonjunctum
2614 3844 2934 3901 immortale
2974 3844 3255 3906 Verbum,
3288 3859 3447 3896 mors
3479 3843 3537 3896 in
3586 3843 3712 3912 ipso

2072 3940 2407 4002 admirabili
2457 3937 2712 4008 quodam
2760 3934 2952 4000 modo,
3007 3932 3176 4003 quasi
3224 3931 3443 4001 stipula
3490 3948 3523 3986 a
3570 3932 3716 3987 facie

2073 4032 2228 4106 ignis
2260 4026 2660 4085 evanescebat.
2712 4022 2967 4076 Verbum
3001 4037 3171 4093 porro
3202 4037 3335 4074 cum
3366 4018 3719 4091 incorrupti-

2079 4120 2192 4176 bile
2223 4120 2399 4185 esset,
2432 4130 2540 4169 sua
2578 4110 2986 4181 conjunctione
3033 4110 3088 4164 id
3138 4110 3292 4180 quod
3344 4107 3721 4181 corruptibile

2079 4212 2203 4265 erat
2221 4204 2534 4276 adjuvabat
2554 4218 2566 4257 :
2585 4202 2830 4256 tenebris
2854 4199 3010 4255 enim
3034 4216 3068 4253 a
3087 4197 3721 4269 lumineillustrantur,

2082 4304 2141 4354 et
2170 4295 2321 4367 quod
2361 4292 2555 4347 minus
2586 4294 2695 4355 est,
2727 4306 2761 4344 a
2792 4289 3010 4359 majore
3055 4287 3433 4342 benedicitur.
3468 4289 3727 4357 Quapro-

2086 4391 2215 4458 pter
2226 4385 2352 4455 jam
2377 4398 2410 4436 a
2434 4377 2808 4435 carnificibus
2829 4376 3060 4432 exuitur
3080 4376 3350 4448 pelliceas
3373 4380 3583 4445 vestes,
3598 4375 3727 4446 qui-

2091 4475 2201 4529 bus
2233 4472 2292 4527 in
2326 4471 2541 4525 Adamo
2574 4466 2763 4522 induti
2794 4482 3023 4533 sumus,
3060 4471 3125 4520 ut
3153 4482 3353 4520 earum
3402 4464 3526 4520 loco
3566 4463 3730 4518 Chri-

324 4551 416 4604 τὸν
449 4549 678 4625 Χριστόν
712 4548 1022 4616 ἐνδύσασθαι
1056 4550 1394 4629 δυνηθῶμεν.
1430 4558 1526 4612 Διὰ
1555 4564 1715 4615 τοῦτο
1773 4560 1862 4614 καὶ
1912 4562 1957 4614 τε

2088 4567 2248 4619 stum
2300 4560 2541 4614 induere
2589 4555 2907 4629 possimus.
2964 4554 3177 4609 Eadem
3227 4554 3365 4608 item
3406 4554 3478 4608 de
3534 4568 3731 4621 causa,

326 4638 523 4712 ἱμάτια
555 4639 860 4714 μερίζεσθαι
890 4642 1170 4715 ὑπομένει,
1198 4642 1290 4699 ’ίνα
1320 4648 1483 4719 ἡμεῖς
1512 4649 1602 4703 τὸν
1664 4648 1723 4703 ἐκ
1771 4651 1976 4725 Πατρὸς

330 4728 622 4804 ἀμέριστον
654 4727 871 4804 ἔχωμεν
904 4730 1098 4807 Λόγον·
1133 4759 1161 4787 α
1198 4736 1333 4811 Ἐγὼ
1381 4736 1479 4812 γὰρ
1526 4737 1615 4792 καὶ
1647 4737 1675 4790 6
1708 4742 1914 4813 Πατὴρ,
1947 4764 1977 4794 ››

2090 4651 2435 4708 vestimenta
2451 4664 2559 4703 sua
2583 4645 2761 4701 ἀινίἀὶ
2786 4643 3098 4716 patitur,ut
3120 4659 3227 4697 nos
3252 4643 3498 4698 Verbum
3522 4640 3735 4697 indivi-

2092 4741 2261 4798 sibile
2292 4755 2360 4795 ex
2392 4738 2559 4793 Patre
2589 4734 2909 4808 procedens
2939 4732 3265 4789 habeamus
3299 4747 3311 4786 :
3348 4748 3509 4798 nam,
3542 4730 3736 4801 «Ego;

404 4900 451 4934 “
481 4899 732 4974 Philipp,
766 4919 827 4972 ιι,
859 4905 913 4958 8.
990 4906 1035 4940 ⁴⁶
1063 4906 1249 4963 Galat.
1286 4925 1367 4979 III,
1401 4910 1486 4966 13.
1522 4911 1566 4945 ⁴⁷
1595 4911 1851 4985 Philipp.
1886 4930 1962 4982 1v,
1996 4914 2084 4969 13.

436 5154 507 5208 65

348 5438 578 5511 Anglic.
612 5441 669 5509 2,
700 5438 1090 5511 ἀναλλάξηται.

423 5511 785 5604 $291135”:
817 5523 870 5604 ει
900 5515 1128 5604 anelis
1166 5518 1215 5604 1.’
1243 5520 1307 5604 2;
1328 5522 1563 5604 γεγήεεν·

426 5583 541 5658 (67)
575 5583 719 5658 ξειο.
750 5583 1117 5658 2ηήμῶν⁷καί
1149 5583 1312 5643 αύτοῦ
1341 5583 1591 5651 ὀὐ.’Μόχ
1622 5595 1680 5651 in
1712 5596 1916 5652 eodem
1951 5599 2008 5651 et

359 5652 422 5708 in
455 5652 771 5726 Anglicano
792 5652 967 5731 ⁷2,“’ὃὲ,
1001 5659 1183 5717 ἀθεεὶ.

414 5084 530 5226 ἕω)
562 5084 645 5138 Ita
678 5086 935 5142 maxima
964 5104 1099 5159 pars
1130 5108 1273 5150 mss.
1308 5094 1460 5149 Editi
1506 5111 1662 5165 vero,
1714 5090 1994 5165 ἐϐάσταζε.

436 5154 507 5208 65
556 5156 618 5210 In
651 5156 803 5211 Felc.
836 5161 892 5226 2,
925 5164 981 5213 et
1009 5163 1232 5226 Anglic.
1267 5166 1320 5226 2,
1352 5164 1449 5226 ὡς.
1483 5167 1670 5222 deest.
1722 5169 1870 5226 Mox.
1904 5167 1993 5222 ἄν-

556 5156 618 5210 In
651 5156 803 5234 Felc.
836 5156 1320 5234 2,_et_Anglic.r2,
1352 5164 1449 5233 ὡς,
1483 5156 1670 5222 deest.
1722 5169 1870 5234 Mox,
1904 5156 1993 5222 ἄν·

346 5227 783 5312 θρωίτονῂεὺείζεὶ
812 5245 853 5312 θ’
876 5230 1049 5312 Basil.
1083 5227 1132 5312 ιζ
1170 5227 1770 5312 Ιὺίἀὸῐηξπάσχοντα,
1837 5227 2000 5312 abest

346 5298 677 5381 ab’Anglic.
709 5300 1059 5381 2.._I.bidem_,
1092 5303 1257 5381 ΙῨΘΙο.Δ
1274 5308 1329 5381 2_,
1362 5298 1729 5381 κατασκευάσῃ
1761 5298 1857 5363 ’καὶ
1906 5331 2000 5365 πε-

349 5365 644 5452 πείρατᾶιᾷ
675 5365 1188 5452 Πξυιὶίειρωίεεὶε,
1232 5365 1795 5452 δι”ὁμοιοτέλευλέον.
1848 5382 1998 5451 Mox,

2200 5096 2290 5165 68)
2321 5087 2487 5165 Οὐδὲν
2520 5087 3064 5165 ἐχαρίζετο..ᾓθείυι
3093 5091 3150 5165 εὶ
3178 5086 3351 5165 Basil.
3389 5089 3438 5165 l_.

2200 5097 2290 5165 68)
2321 5097 2487 5149 Οὐδὲν
2520 5097 2819 5214 ἐχαρίζετο.
2849 5097 3064 5160 Regius
3093 5097 3150 5143 et
3178 5097 3351 5168 basu.
3389 5097 3438 5141 1.

2178 5097 2291 5237 i69)
2325 5162 2566 5237 ‘Anglic.
2627 5206 2676 5237 _,
2704 5156 3017 5237 ⁸ἆιπόλλυςτο
3043 5159 3353 5237 L~Regius,
3383 5150 3745 5237 _&1rd>)._)\0tro.

2179 5175 2291 5237 (69)
2342 5175 2566 5287 Anglic.
2622 5175 2676 5229 Ζ,
2738 5175 3056 5214 αποΛΛυτο.
3116 5175 3353 5283 ηθίιυε,
3404 5175 3745 5213 απωΛΛοιτο.

2110 5236 2279 5297 Editi.
2314 5233 2435 5288 ἀπώ
2480 5252 2593 5287 υτο.
2627 5232 2782 5287 Infra
2819 5230 2989 5287 Basil.
3042 5233 3163 5290 Πῶς
3247 5230 3273 5283 ὲ
3318 5232 3489 5301 τοῦτο,
3518 5226 3752 5301 γένοιτρ.

2181 5296 2293 5377 (70)
2325 5307 2561 5377 Regius,
2587 5302 2814 5374 Anglic.
2841 5303 3135 5377 secundus
3165 5309 3219 5357 et
3241 5301 3389 5356 Felc.
3413 5296 3753 5377 ἓ,ἐν’ταύτῷ.

2111 5371 2285 5466 Editi,
2321 5371 2602 5466 ἐνιξούτιρ.
2642 5371 2883 5461 ibidem,
2918 5372 3275 5445 Anglicanus
3321 5379 3377 5429 et
3418 5371 3753 5429 Felckman.

2111 5452 2168 5522 2,
2198 5443 2490 5524 γεγονέναι,
2511 5443 2754 5524 σύνοδον.

2198 5470 2261 5524 γε
2300 5469 2475 5503 ονεναι
2511 5469 2754 5500 συνοοον.

2184 5469 2298 5593 (74)
2330 5520 2683 5593 Anglicanus
2713 5522 2766 5593 2,
2807 5514 3050 5593 ἀθανάτω
3082 5512 3232 5593 λόγῳ
3263 5532 3373 5593 συν.

2186 5583 2650 5665 (72')_Aglicanus
2688 5583 2875 5665 _2._et
2936 5588 3087 5665 Fglc.
3140 5583 3215 5658 2,
3250 5585 3555 5663 ἠφανίζετο.
3611 5583 3761 5657 Mox,

2114 5658 2454 5741 παραδόξιιῖς,
2487 5663 2650 5720 deest
2684 5662 2743 5717 in
2778 5659 2933 5717 Felc.
2965 5658 3020 5714 3.
