4372 6214
553 338 670 408 ao’i

550 481 768 555 inquit,
800 484 972 538 Pater
1017 499 1200 538 unum
1249 500 1458 541 sumus
1505 486 1569 539 ⁴⁸.
1620 506 1651 535 ››
1696 486 2087 550 Quamobrem
2134 482 2174 535 ii

2312 500 2383 555 φη
2393 480 2496 551 civ,
2532 505 2557 530 ι(

549 578 771 627 vestem
806 577 1021 628 sortem
1049 572 1309 637 mittunt,
1342 574 1497 644 quod
1544 573 1645 629 ille
1694 574 1983 645 patienter
2012 568 2195 641 negli-

552 659 659 730 git,
694 665 758 714 ut
787 677 913 717 sors
944 666 1000 717 et
1029 661 1330 716 haerediias
1362 667 1563 717 nostra
1595 662 1671 717 sit
1702 662 1991 731 Christus,
2025 664 2089 714 ut
2115 658 2197 713 ait

554 747 867 805 Psalmista
898 766 910 804 :
945 772 973 799 «
1000 751 1276 806 Dominus
1300 768 1435 822 pars
1466 751 1824 807 hereditatis
1855 766 1995 804 meae
2026 754 2082 803 et
2105 764 2196 802 ca-

550 835 680 892 licis
710 837 823 893 mei
848 839 911 895 ⁸³.
940 860 962 887 ιν
985 840 1173 904 Quare
1204 856 1317 894 non
1351 839 1490 895 alibi
1520 839 1763 912 patitur,
1788 856 1901 894 non
1935 835 2193 893 alioloco

549 927 703 982 cruci
736 927 1035 999 affligitur,
1071 944 1250 1001 quam
1282 928 1341 983 in
1377 930 1648 985 Calvariaa
1694 928 1841 997 loco,
1876 943 2051 999 quem
2080 929 2191 980 He-

543 1014 831 1071 braeorum
851 1015 1117 1089 magistri
1134 1017 1302 1072 aiunt
1324 1017 1502 1074 fuisse
1530 1018 1741 1073 Adami
1774 1015 2149 1089 sepulchrum
2174 1030 2188 1078 ;

540 1103 620 1160 ibi
668 1121 926 1176 namque
972 1104 1142 1161 illum
1186 1110 1320 1177 post
1367 1107 1836 1162 maledictionem
1890 1102 2187 1177 sepultum

536 1192 719 1249 fuisse
750 1198 1109 1250 asseverant.
1149 1196 1309 1262 Quod
1343 1196 1391 1251 si
1422 1196 1505 1251 ita
1525 1213 1587 1252 se
1618 1213 1711 1251 res
1758 1196 1951 1261 habet,
1984 1192 2186 1262 miror,

538 1284 668 1352 ejus
697 1281 811 1339 locl
852 1285 1290 1355 proprietatem.
1347 1285 1616 1357 Oportuit
1663 1284 1819 1339 enim
1864 1282 2184 1350 Christum,

539 1387 673 1426 cum
706 1372 960 1443 primum
991 1372 1279 1427 Adamum
1333 1390 1609 1428 renovare
1638 1373 1832 1442 vellet,
1862 1373 1921 1426 in
1950 1388 2015 1426 eo
2066 1370 2184 1441 pati

535 1459 683 1530 loco,
717 1466 783 1517 ut
811 1463 939 1532 ejus
970 1462 1184 1517 abolito
1215 1468 1474 1534 peccato,
1508 1463 1579 1517 ab
1610 1462 1882 1517 universo
1912 1460 2057 1514 illud
2086 1460 2185 1514 ho-

536 1550 765 1605 minum
799 1566 1013 1622 genere
1046 1551 1336 1619 auferret;
1362 1556 1418 1607 et
1446 1568 1579 1606 cum
1612 1550 1932 1605 audivisset
1962 1549 2135 1603 Adam
2166 1565 2179 1603 :

533 1660 563 1688 ‹‹
596 1639 773 1694 Terra
803 1656 883 1709 es,
918 1643 976 1695 et
1022 1639 1079 1693 in
1121 1645 1337 1695 terram
1384 1640 1689 1697 reverteris
1735 1640 1800 1706 5°,
1834 1661 1863 1689 »
1900 1639 2031 1694 ideo
2060 1636 2180 1692 illic

532 1727 631 1783 ϐυ
684 1732 1081 1800 reponeretur,
1137 1733 1199 1783 ut
1241 1729 1461 1786 ibidem
1512 1731 1802 1785 Adamum
1852 1726 2175 1793 inveniens,

1753 340 1816 409 s.
1864 334 2383 409 ATHANASIUS.
2420 377 2497 392 --
2528 338 2790 409 DUBIA.

3840 341 3955 411 209

2589 479 2643 534 ἓν
2677 481 2853 554 ἐσμεν.
2891 506 2918 532 ››
2950 481 3047 535 Διὰ
3075 484 3235 534 τοῦτο
3289 479 3378 533 καὶ
3438 478 3807 554 λαγχάνουσιν
3867 481 3951 536 ἐπὶ

2304 569 2394 623 τὸν
2427 574 2652 644 χιτῶνα,
2686 571 2774 625 καὶ
2801 576 2961 625 τοῦτο
2990 572 3218 645 πάσχων
3251 573 3463 644 παρορᾷ
3492 571 3625 640 (73),
3646 566 3737 623 ’ἶνα
3795 572 3951 641 ἡμῶν

2303 655 2508 733 κλῆρος
2553 661 2580 713 6
2624 661 2849 729 Χριστὸς
2906 661 3149 735 γένηται,
3189 660 3365 720 καθὼς
3425 657 3513 711 καὶ
3565 658 3594 711 6
3641 658 3949 731 ψαλμῳδός

2304 758 2454 823 φησι·
2492 774 2518 798 u
2554 749 2748 823 Κύριος
2784 749 2935 823 μερὶς
2966 750 3065 817 τῆς
3113 746 3488 821 κληρονομίας
3544 768 3650 818 μου
3710 748 3800 803 καὶ
3854 750 3947 803 τοῦ

2302 836 2568 910 ποτηρίου
2604 860 2728 910 μου.
2765 862 2793 888 ››
2825 839 2975 892 Ὅθεν
3010 835 3135 892 οὐδὲ
3163 834 3417 912 ἀλλαχοῦ
3444 838 3667 912 πάσχει,
3701 835 3824 892 οὐδὲ
3872 839 3947 900 εἰς

2302 922 2473 979 ἄλλον
2505 926 2671 979 τόπον
2706 930 3048 998 σταυροῦται,
3077 926 3112 994 ἢ
3146 924 3223 987 είς
3251 925 3344 979 τὸν
3396 924 3625 999 Κρανίου
3667 926 3856 999 τόπον,
3890 929 3944 983 ’ὸν

2301 1010 2562 1088 Ἐϐραίων
2596 1018 2647 1070 οἱ
2680 1013 2995 1070 διδάσκαλοί
3026 1036 3151 1093 φασι
3197 1019 3296 1070 τοῦ
3344 1012 3524 1087 Ἀδάμ
3574 1015 3707 1069 εἶναι
3755 1016 3944 1095 τάφον.

2302 1105 2445 1158 Ἐκεῖ
2499 1105 2602 1180 γὰρ
2661 1105 2818 1159 αὐτὸν
2882 1104 3016 1176 μετά
3072 1105 3172 1173 τὴν
3222 1103 3454 1179 κατάραν
3481 1106 3734 1181 τεθάφθαι
3768 1102 3948 1161 διαϐε-

2299 1187 2595 1251 ϐαιοῦνται.
2627 1195 2799 1269 ’Όπερ
2833 1193 2876 1247 εἰ
2911 1193 3081 1256 οὕτως
3128 1191 3267 1269 ἔχει,
3312 1193 3573 1265 θαυμάζω
3624 1198 3721 1249 τοῦ
3776 1195 3948 1250 τόπου

2296 1283 2393 1349 τὴν
2427 1282 2735 1352 οἰκειότητα
2766 1286 2897 1356 (74).
2930 1280 3073 1337 Ἔδει
3106 1282 3209 1359 γάρ
3250 1283 3340 1336 τὸν
3396 1280 3614 1357 Κύριον,
3650 1286 3950 1340 ἀνανεῶσαι

2296 1369 2523 1433 θέλοντα
2552 1372 2642 1425 τὸν
2675 1376 2887 1446 πρῶτον
2922 1368 3118 1443 ’Δδαμ,
3140 1371 3191 1424 ἐν
3227 1370 3414 1442 ἐκείνῳ
3442 1375 3521 1443 τῷ
3552 1371 3705 1444 τόπῳ
3733 1379 3949 1441 παθεῖν,

2287 1457 2394 1530 ἵνα,
2428 1458 2631 1513 ἐκείνου
2690 1458 2833 1513 λύων
2892 1461 2990 1528 την
3048 1459 3334 1534 ἁμαρτίαν,
3370 1459 3475 1513 ἀπὸ
3531 1462 3729 1521 παντὸς
3776 1462 3945 1529 αύτήν

2292 1548 2393 1622 ἄρῃ
2442 1552 2538 1602 τοῦ
2595 1546 2807 1623 γένους·
2856 1547 2945 1601 καὶ
2996 1546 3183 1616 ἐπειδὴ
3236 1545 3465 1616 ἤκουσεν
3496 1549 3524 1602 6
3576 1547 3771 1622 Ἀδάμ’
3810 1576 3831 1600 ε
3870 1553 3945 1619 Γῆ

2290 1637 2357 1703 εἱ,
2390 1636 2477 1690 καὶ
2510 1636 2583 1698 εἷς
2618 1643 2720 1711 γῆν
2750 1635 3040 1710 ἀπελεύσῃ,
3076 1660 3103 1687 η
3136 1634 3224 1691 διὰ
3270 1641 3432 1692 τοῦτο
3480 1637 3645 1693 πάλιν
3699 1636 3810 1693 ἐκεῖ
3853 1641 3945 1695 τὲ-

2288 1736 2478 1798 θειται,
2505 1724 2597 1780 ’ίνα
2624 1726 2715 1779 τὸν
2740 1723 2920 1798 Ἀδάμ
2950 1726 3117 1800 εὑρὼν
3152 1725 3281 1796 ἐκεῖ,
3317 1724 3453 1801 λύσῃ
3510 1728 3603 1799 μὲν
3634 1729 3735 1796 τὴν
3782 1731 3946 1784 κατά-

530 1816 907 1872 maledictum
942 1817 1212 1885 solveret,
1244 1822 1303 1874 et
1332 1817 1460 1874 loco
1493 1818 1653 1873 illius
1685 1836 1698 1873 :
1737 1840 1766 1868 «
1796 1819 1976 1874 Terra
2006 1832 2087 1885 es,
2121 1820 2174 1871 et

2289 1832 2404 1887 ραν,
2439 1813 2553 1869 ἀντὶ
2613 1812 2670 1868 δὲ
2725 1818 2839 1867 τοῦ·
2876 1838 2903 1865 ι(
2938 1820 3013 1884 Γῆ
3065 1814 3133 1882 εἶ,
3165 1814 3255 1867 καὶ
3304 1813 3379 1875 είς
3427 1821 3531 1889 γῆν
3579 1813 3875 1890 ἀπελεύσῃ,
3910 1839 3942 1869 »

530 1906 590 1961 in
623 1914 832 1962 terram
863 1905 1209 1974 reverteris;
1261 1928 1290 1957 »
1339 1907 1464 1977 jam
1517 1907 1780 1963 diceret:
1835 1907 2172 1977 «Exsurge,

530 1996 631 2067 qui
664 1995 907 2065 dormis,
940 1999 997 2051 et
1025 1998 1275 2051 excitare
1305 2012 1374 2051 ex
1420 1996 1688 2065 mortuis,
1724 2000 1781 2052 et
1818 1993 2178 2050 illuminabit

528 2087 589 2140 te
615 2084 881 2140 Christus
941 2100 954 2139 :
999 2106 1028 2133 »
1082 2088 1140 2139 et
1187 2101 1423 2140 rursum
1477 2101 1490 2139 :
1544 2086 1749 2157 Surge,
1796 2088 1855 2139 et
1890 2083 2043 2149 veni,
2084 2097 2175 2138 se-

532 2190 710 2244 quere
741 2190 833 2228 me
857 2191 872 2242 ;
908 2195 939 2223 ››
969 2177 1033 2227 ut
1053 2190 1169 2228 non
1194 2174 1439 2229 ulterius
1468 2174 1528 2229 in
1561 2179 1715 2230 terra
1744 2172 2173 2245 reponaris,sed

529 2261 589 2317 in
642 2262 817 2319 caelos
873 2262 1176 2328 ascendas,
1222 2262 1467 2319 Necesse
1520 2263 1737 2335 quippe
1785 2266 1893 2333 est,
1927 2261 2175 2317 excitato

527 2350 1086 2418 Salvatore,excitari
1117 2367 1249 2407 cum
1284 2350 1382 2407 illo
1416 2352 1698 2407 Adamum
1735 2366 2054 2421 omnesque
2083 2367 2177 2405 ex-

524 2441 747 2496 Adamo
801 2440 1103 2496 oriundos.
1152 2445 1344 2512 Atque
1384 2445 1468 2507 ut,
1518 2446 1748 2496 mortuo
1791 2441 2035 2504 Adamo,
2067 2455 2173 2494 nos

524 2545 754 2599 quoque
784 2546 886 2601 per
916 2546 1050 2585 eum
1084 2529 1299 2584 mortui
1351 2530 1777 2597 manebamus;
1810 2529 1895 2583 ita
1923 2529 2173 2583 excitato

522 2634 760 2690 corpore
790 2618 1113 2681 Dominico,
1149 2634 1383 2673 necesse
1416 2621 1650 2674 demum
1686 2623 1774 2673 est
1805 2635 2004 2674 omnes
2035 2633 2169 2672 cum

522 2706 621 2761 illo
654 2724 973 2779 resurgere.
1009 2707 1138 2761 Haec
1171 2706 1335 2762 Pauli
1360 2707 1649 2762 sententia
1682 2711 1769 2762 est
1805 2723 1816 2761 :
1850 2707 1971 2761 hsce
2012 2706 2168 2761 enim

520 2796 724 2851 scribit
754 2797 825 2851 ad
858 2796 1227 2853 Corinthios:
1254 2819 1281 2846 «
1305 2796 1449 2852 Nam
1484 2797 1636 2852 sicut
1658 2797 1715 2850 in
1747 2796 1931 2851 Adam
1962 2813 2167 2851 omnes

517 2885 870 2953 moriuntur,
922 2887 1002 2941 ita
1048 2889 1107 2941 et
1162 2884 1221 2939 in
1270 2886 1500 2942 Christo
1538 2903 1739 2943 omnes
1784 2886 2164 2941 vivificabun-

517 2978 615 3030 tur
643 2975 710 3028 δί.
747 2998 769 3026 a

592 3064 679 3118 13.
712 3065 834 3128 Quo
866 3066 1061 3118 autem
1098 3064 1269 3119 modo
1314 3062 1481 3118 illum
1535 3063 1595 3117 in
1649 3078 1878 3119 crucem
1915 3062 2161 3133 egerint,

523 3166 709 3221 operae
741 3151 991 3222 pretium
1032 3152 1141 3207 erit
1184 3157 1249 3206 ut
1290 3167 1356 3207 ex
1408 3151 1480 3206 iis
1512 3168 1638 3222 quae
1666 3151 1883 3221 scripta
1911 3155 2051 3205 sunt
2080 3151 2159 3205 vi-

522 3239 791 3306 deamus,
825 3255 1009 3311 neque
1040 3241 1194 3294 enim
1230 3256 1297 3295 ea
1324 3240 1492 3295 nobis
1522 3239 1757 3295 inutilia
1786 3240 2033 3294 fuerint:
2063 3256 2160 3295 ne-
2194 3217 2238 3281 ο

520 3344 634 3398 que
656 3326 910 3399 simplici
932 3329 1101 3384 modo
1134 3329 1192 3383 in
1216 3328 1544 3399 Evangeliis
1567 3328 1848 3398 scriptum
1875 3333 1979 3383 est.
2004 3333 2165 3385 Post-

521 3432 699 3487 quam
744 3416 1046 3487 judicatus
1105 3422 1260 3471 esset
1303 3417 1946 3485 llominus;judicatus
1995 3420 2163 3490 quip-

517 3521 590 3577 pe
621 3509 728 3574 est,
761 3509 817 3560 et
845 3510 977 3560 ante
1020 3505 1327 3576 praesidem
1368 3505 1545 3559 stetit.
1589 3505 1671 3559 Ne
1718 3505 1852 3576 quis
1882 3522 2009 3560 eam
2041 3523 2162 3562 rem

518 3609 647 3649 esse
676 3594 881 3665 pudori
914 3594 1231 3649 arbitretur
1284 3610 1296 3647 :
1348 3596 1614 3648 nostrum
1650 3593 1862 3665 quippe
1899 3610 2074 3650 causa
2103 3596 2161 3650 id

516 3680 616 3737 ille
645 3698 857 3754 passus
878 3686 985 3749 est,
1012 3686 1077 3735 ut
1100 3696 1171 3735 ne
1199 3681 1248 3735 si
1271 3697 1420 3753 quas
1453 3680 1548 3737 ille
1572 3680 1816 3737 insidias
1847 3699 2058 3753 passus
2085 3684 2163 3739 sit

513 3769 749 3827 silentio
798 3770 1263 3843 przetermissum
1329 3775 1503 3840 esset,
1564 3770 1770 3826 lateret
1825 3771 2161 3828 Judaaorum

515 3858 903 3931 conspiratio:
940 3860 1038 3915 sed
1074 3863 1138 3915 ut
1168 3874 1233 3914 ex
1262 3859 1483 3931 judicio
1507 3859 1816 3915 manifesta
1845 3860 1990 3916 foret
2022 3861 2163 3917 insi-

515 3947 805 4002 diantium
839 3947 1158 4014 calumnia,
1188 3948 1246 4003 Si
1291 3948 1446 4003 enim
1472 3948 1776 4020 judicatus
1808 3967 1921 4004 non
1956 3950 2165 4007 fuisset

516 4035 803 4099 Salvator,
822 4038 934 4091 sub
965 4037 1147 4091 dubia
1174 4037 1515 4109 incertaque
1533 4038 1870 4110 suspicione
1890 4038 2164 4096 latuisset

515 4124 851 4179 Judaaorum
883 4125 1164 4180 adVersus
1185 4141 1316 4181 eum
1350 4126 1596 4194 invidia;
1630 4143 1760 4183 cum
1784 4132 1978 4184 autem
2000 4129 2163 4200 judi-

518 4215 684 4267 catus
715 4211 810 4279 sit,
843 4212 898 4267 id
950 4212 1173 4267 nemini
1212 4213 1391 4269 latere
1422 4217 1629 4286 potest.
1678 4216 1745 4271 Et
1794 4217 2032 4288 quidem
2064 4218 2161 4273 Pi—

516 4300 673 4355 latus
730 4298 854 4371 ipse
914 4300 1227 4357 Salvatoris
1279 4302 1673 4359 innocentiam
1732 4305 2163 4379 puritatemque

514 4392 767 4443 testatus
788 4393 894 4457 est,
918 4388 1372 4461 Judaaorumque
1391 4391 1638 4447 insidias
1674 4395 1920 4464 aperuit.
1957 4418 1983 4446 ‹‹
2009 4396 2162 4451 Scie-

514 4475 617 4531 bat
647 4475 1130 4548 enim,»inquit,«
1147 4478 1301 4549 quod
1337 4494 1439 4549 per
1469 4479 1746 4535 invidiam
1782 4483 2162 4540 tradidissent

2290 1902 2483 1959 λοιπὸν
2526 1900 2667 1977 εἷ’πῃ’
2705 1928 2731 1954 ‹‹
2766 1908 3006 1979 ’Έγειραι
3038 1905 3170 1976 (75),
3203 1904 3230 1957 6
3276 1900 3572 1974 καθεύδων,
3604 1903 3693 1958 καὶ
3743 1905 3943 1961 ἀνάστα

2288 1992 2347 2047 ἐκ
2398 1996 2507 2047 τῶν
2563 1997 2786 2067 νεκρῶν,
2818 1994 2906 2047 καὶ
2968 1992 3246 2070 ἐπιφαύσει
3294 2013 3379 2047 σοι
3438 1994 3466 2047 ὁ
3498 1993 3747 2069 Χριστός·
3786 2018 3815 2045 υ
3844 1995 3940 2050 καὶ

2285 2081 2473 2136 πάλιν·
2506 2082 2815 2150 «Ἀνάστα,
2874 2082 2963 2136 καὶ
3025 2078 3204 2156 δεῦρο,
3263 2080 3551 2146 ἀκολούθει
3611 2104 3727 2155 μοι,
3778 2107 3808 2135 η
3846 2083 3943 2139 είνα

2291 2168 2483 2240 μηκέτι
2544 2171 2700 2241 τεθῇς
2762 2168 2848 2223 ἐπὶ
2906 2176 3030 2244 γῆς,
3083 2167 3210 2225 ἀλλ’
3263 2168 3314 2223 ἐν
3375 2169 3628 2245 οὐρανοῖς
3685 2170 3939 2246 ἀνέλθῃς.

2286 2258 2519 2334 Ἀνάγκη
2576 2259 2699 2333 γὰρ,
2759 2256 3101 2333 ἐγειρομένου
3180 2262 3277 2313 τοῦ
3356 2265 3638 2332 Σωτῆρος,
3697 2262 3936 2336 συνεγεί-

2286 2347 2465 2420 ρεσθαι
2513 2346 2692 2418 τούτῳ
2738 2346 2828 2400 καὶ
2885 2347 2977 2401 τὸν
3010 2344 3204 2419 Ἀδὰμ,
3239 2347 3327 2401 καὶ
3359 2348 3561 2410 πάντας
3588 2348 3713 2410 τοὺς
3748 2348 3809 2404 ἐκ
3836 2348 3939 2405 τοῦ

2284 2434 2463 2507 Ἀδὰμ
2519 2437 2843 2510 γενομὲνους
2911 2438 3041 2509 (76).
3093 2434 3191 2489 Καὶ
3248 2434 3450 2513 ὥσπερ,
3500 2436 3941 2507 ἀποθνήσκοντος

2280 2528 2376 2579 τοῦ
2437 2522 2631 2597 Ἀδὰμ,
2664 2524 2924 2597 ἐμένομεν
2958 2525 3046 2579 καὶ
3096 2526 3258 2596 ἡμεῖς
3306 2522 3375 2580 δι’
3404 2525 3559 2581 αὐτὸν
3604 2526 3802 2602 νεκροὶ,
3838 2528 3937 2581 οὗ-

2280 2634 2386 2675 τως
2418 2614 2765 2689 ἐγειρομένου
2809 2618 2905 2667 τοῦ
2951 2618 3211 2689 κυριακοῠ
3252 2616 3527 2686 σώματος,
3560 2616 3760 2690 ἀνάγκη
3813 2615 3936 2671 λοι-

2281 2703 2379 2756 πὸν
2409 2704 2606 2763 πάντας
2663 2702 3047 2778 συνεγείρεσθαι
3081 2703 3225 2775 αὐτῷ
3257 2706 3391 2776 (77).
3424 2702 3570 2773 Αὕτη
3629 2708 3725 2758 τοῦ
3778 2706 3933 2759 Παύσ-

2283 2790 2383 2845 λου
2416 2794 2449 2861 ἡ
2502 2789 2708 2845 διάνοια
2759 2790 3030 2866 τυγχάνειν
3086 2792 3279 2870 γράφεί
3329 2794 3430 2867 γὰρ
3478 2793 3784 2869 Κορινθίοις
3833 2794 3933 2849 λέ-

2278 2901 2414 2955 γων·
2449 2906 2477 2934 ‹‹
2510 2888 2709 2957 ’Ὠσπερ
2743 2882 2844 2957 γὰρ
2877 2881 2927 2935 ἐν
2957 2881 3036 2953 τῴ
3081 2879 3252 2957 ’ᾼὸὰμ
3306 2883 3497 2944 πάντες
3550 2883 3933 2953 ἀποθνήσκου-

2277 2992 2379 3038 σιν,
2395 2970 2566 3032 οὕτως
2588 2969 2639 3025 ἐν
2661 2972 2739 3043 τῷ
2762 2974 2975 3044 Χριστῷ
2997 2970 3187 3033 πάντες
3211 2972 3719 3042 ζωοποιηθήσονται
3739 2974 3875 3047 (78),
3898 2999 3922 3024 ο

2349 3062 2433 3116 13.
2467 3064 2589 3122 Πῶς
2636 3056 2694 3113 δὲ
2742 3058 2960 3133 ἄγουσιν
3010 3059 3166 3114 αὑτὸν
3229 3058 3315 3114 ἐπὶ
3346 3060 3436 3114 τὸν
3471 3061 3719 3135 σταυρὸν,
3751 3061 3927 3137 ἀναγ-

2278 3154 2429 3203 καῖον
2487 3148 2618 3203 ἰδεῖν
2676 3150 2743 3203 τὰ
2807 3153 3181 3224 γεγραμμένα·
3237 3148 3453 3212 πάντως
3509 3152 3624 3222 (79)
3676 3150 3777 3225 γὰρ
3832 3152 3926 3206 καὶ

2276 3242 2441 3293 ταῦτα
2472 3237 2571 3291 οὐκ
2600 3235 2878 3315 ἀνωφελῆ,
2920 3236 3045 3292 οὐδὲ
3084 3239 3273 3300 άπλῶς
3317 3237 3368 3293 ἐν
3401 3243 3519 3300 τοῖς
3567 3237 3930 3315 Εὐαγγελίοις

2274 3324 2593 3402 γέγραπται.
2652 3326 2797 3380 Μετά
2846 3327 2909 3381 τὸ
2960 3328 3208 3402 κριθῆναι
3294 3326 3384 3381 τὸν
3470 3326 3681 3401 Κύριον⁶
3734 3327 3924 3405 ἐκρίθη

2274 3414 2398 3489 γὰρ,
2426 3414 2514 3469 καὶ
2546 3410 2846 3490 ἔμπροσθεν
2876 3414 3068 3485 ἐστάθη
3104 3420 3201 3470 τοῦ
3232 3416 3526 3491 ἡγεμόνος.
3560 3418 3659 3471 Καὶ
3713 3420 3784 3491 μή
3846 3440 3934 3481 τις

2273 3502 2612 3578 αῖσχυνέσθω
2672 3508 2838 3558 ταῦτα
2868 3505 3001 3577 (80)*
3039 3504 3291 3577 ὑπέμεινε
3346 3505 3447 3580 γὰρ
3498 3506 3588 3560 καὶ
3638 3510 3795 3561 τοῦτο
3860 3504 3933 3562 δι’

2273 3594 2444 3664 ἡμᾶς,
2499 3591 2591 3646 ’ἱνα
2653 3594 2753 3665 μὴ,
2808 3593 2943 3647 κατὰ
2995 3592 3059 3647 τὸ
3118 3595 3476 3666 σιωπώμενον
3533 3592 3935 3669 ἐνεδρευθέντος

2273 3684 2385 3754 (81)
2441 3681 2625 3752 αὐτοῦ,
2678 3684 2982 3756 κρύπτηται
3039 3687 3145 3737 τῶν
3206 3680 3483 3739 Ἰουδαίων
3538 3685 3573 3753 ἡ
3633 3680 3930 3757 ἐπιϐουλή’

2274 3768 2401 3825 ἀλλ’
2452 3767 2542 3825 τίνα
2598 3772 2688 3825 καὶ
2736 3770 2795 3826 ἐκ
2842 3770 3072 3847 κρίσεως
3114 3773 3311 3850 φανερὰ
3339 3778 3444 3827 τῶν
3507 3769 3931 3831 ἐπιϐουλευσάν-

2272 3879 2379 3913 των
2428 3861 2462 3929 ἠ
2524 3860 2851 3938 συκοφαντία
2907 3859 3149 3936 γένηται.
3184 3862 3272 3931 Μή
3329 3860 3605 3937 κριθέντος
3661 3863 3761 3941 γὰρ
3819 3868 3922 3919 τοῦ

2275 3954 2557 4025 Σωτῆρος,
2592 3947 2796 4020 ἄδηλος
2830 3950 3105 4005 ὑπενοεῖτο
3136 3952 3248 4026 (82)
3278 3955 3385 4007 τῶν
3433 3950 3707 4008 Ἰουδαίων
3743 3955 3770 4008 6
3807 3956 3928 4008 κατ’

2272 4037 2436 4093 αὐτοῦ
2467 4038 2679 4115 φθόνοςο
2712 4038 2987 4115 κριθέντος
3018 4037 3075 4094 δὲ
3117 4038 3306 4113 αὐτοῦ,
3339 4040 3530 4097 λοιπὸν
3582 4039 3773 4097 οὖδινα
3822 4040 3922 4098 λαο

2273 4132 2381 4191 θεῖν
2415 4126 2589 4189 οὕτως
2642 4124 2912 4198 ἠδυνήθη.
2947 4128 3045 4182 Καὶ
3078 4127 3318 4191 Πιλᾶτος
3346 4128 3441 4203 μὲν
3475 4129 3657 4201 αὐτὸς,
3686 4136 3765 4203 τῷ
3826 4132 3923 4205 μὶν

2275 4222 2491 4292 Σωτῆρι
2544 4214 2831 4293 ἐμαρτύρει
2886 4216 2948 4271 τὸ
2998 4216 3233 4273 ἀναίτιον
3284 4218 3373 4273 καὶ
3420 4219 3676 4295 καθαρόνο
3707 4225 3813 4275 τῶν
3867 4220 3927 4277 δὶ

2272 4304 2548 4363 Ἰουδαίων
2570 4307 2666 4375 τήν
2711 4301 3014 4375 ἐπιϐουλὴν
3048 4306 3255 4383 ἐξῆγεν.
3287 4332 3315 4359 ‹‹
3347 4304 3498 4377 ᾜδει
3530 4310 3697 4384 γᾶρρ)
3735 4311 3928 4389 φησὶν,

2270 4419 2298 4447 ‹‹
2331 4394 2413 4449 ὅτι
2445 4393 2533 4449 διὰ
2564 4394 2756 4471 φθόνον
2789 4392 3105 4471 παρέδωκαν
3137 4394 3360 4453 αὐτόν.»
3386 4396 3573 4453 Οὐκᾶν
3604 4395 3662 4452 δὶ
3692 4401 3801 4471 (83)
3828 4404 3929 4454 Πι-

2268 4480 2431 4546 λᾶτος
2489 4481 2629 4559 ἔγνω
2674 4483 2763 4538 τὸν
2817 4483 3012 4561 φθόνον
3057 4490 3164 4539 τῶν
3198 4483 3498 4559 Ἰουδαίων,
3532 4483 3582 4540 εἷ
3614 4487 3690 4559 μή
3723 4486 3924 4559 ἐστάθη

519 4563 690 4619 illum
724 4564 791 4619 ⁷³.
820 4587 847 4615 ››
876 4563 991 4620 Nec
1023 4565 1388 4635 cognovisset
1420 4566 1636 4621 Pilatus
1664 4568 1997 4626 Judaeorum
2021 4572 2166 4627 invi-

2283 4574 2590 4646 κρινόμενος
2647 4574 2674 4628 6
2726 4575 2944 4649 Σωτήρ.
2981 4572 3135 4649 Μέγα
3192 4580 3420 4650 πρᾶγμα
3476 4574 3563 4630 καὶ
3619 4575 3925 4650 παράδοξον

516 4654 697 4725 diam,
747 4652 859 4709 nisi
908 4653 1173 4711 Salvator
1218 4656 1289 4710 ad
1341 4656 1634 4727 judicium
1684 4658 1958 4715 stetisset.
2016 4661 2155 4717 Rem

516 4758 791 4814 magnam
841 4743 1287 4817 mirabilemque
1319 4745 1583 4802 Salvator
1614 4745 1901 4817 praestitit,
1934 4749 2034 4820 qui
2066 4754 2156 4806 ta-

2271 4661 2492 4733 ἀληθῶς
2525 4660 2818 4732 πεποίηκεν
2866 4663 2892 4715 ὁ
2929 4665 3145 4737 Σωτήρο
3180 4668 3398 4718 σιωπῶν
3446 4663 3683 4739 ἐνήργει,
3717 4665 3807 4719 καὶ
3846 4668 3927 4738 μὴ

2277 4748 2723 4827 ἀπολογούμενος
2772 4750 2944 4805 ἐποίει
2999 4752 3088 4806 τὸν
3147 4747 3400 4821 δικαστὴν
3460 4750 3752 4829 ὁμολογεῖν
3825 4757 3934 4824 τήν

586 4915 627 4950 ⁴⁸
656 4914 825 4970 Joan.
854 4931 911 4984 κ,
942 4915 1031 4971 30:
1109 4917 1154 4952 ιθ
1182 4917 1334 4973 Psal.
1368 4934 1458 4989 xv,
1486 4920 1541 4973 5.
1619 4920 1663 4955 ⁵ο
1692 4920 1899 4976 Genes.
1935 4936 2018 4992 nl,
2051 4920 2136 4976 19.

2285 4924 2309 4978 Ι
2339 4923 2466 4979 Cor.
2500 4939 2593 4993 xv,
2623 4925 2713 4977 22.
2792 4923 2995 4994 Matth,
3028 4940 3199 4979 xxvn.
3237 4925 3324 4982 18.

728 5092 952 5173 ᾼιιβΙίιζ
984 5094 1039 5161 2,
1072 5099 1131 5173 et
1150 5095 1298 5173 Felc.
1328 5100 1383 5165 2,
1410 5101 1677 5173 περιορᾷ.

611 5164 703 5235 74)
738 5165 886 5220 Felc.
917 5166 973 5219 2.
1005 5168 1103 5218 τοῦ
1133 5165 1336 5229 πάθους
1366 5168 1464 5236 τὴν
1496 5164 1606 5225 οἷκξ

611 5167 703 5235 74)
738 5167 886 5220 Felc.
917 5167 973 5219 2.
1005 5168 1103 5218 τοῦ
1133 5167 1336 5229 πάθους
1366 5168 1464 5236 τὴν
1496 5167 1606 5225 οἰκ.

577 5167 689 5307 (75)
720 5236 813 5316 Sic
843 5253 1050 5316 omnes
1082 5238 1385 5316 fere.mss.
1411 5240 1571 5316 _Editi
1617 5255 1777 5316 vero,
1826 5238 2021 5316 ἔγειρε.
2056 5243 2156 5299 In-

512 5305 620 5374 fra,
665 5305 783 5381 poi,
840 5313 971 5380 post
1026 5306 1334 5381 ἀκολούθει,
1395 5313 1557 5368 deest
1612 5312 1671 5367 in
1705 5305 1981 5369 omnibus
2011 5330 2155 5371 mss.

511 5380 897 5453 preterﬁes-

603 5450 693 5519 76)
723 5449 875 5530 F610;
901 5451 957 5505 2.
989 5450 1334 5533 γενομὲνους,
1380 5450 1672 5559 ἐμένομεν.

603 5521 693 5559 ’77)
728 5518 881 5559 Aria-on
934 5522 1094 5559 (‘nnnf
1127 5540 1183 5559 ιη
1221 5524 1350 5559 ποια

600 5517 693 5593 77)
722 5517 902 5593 Αὐτῷ,
934 5517 1099 5578 deest
1125 5517 1185 5577 in
1221 5517 1370 5580 F'elc.
1404 5517 1459 5580 ‘2.

600 5591 692 5664 78)
720 5591 1256 5665 Ζωοποιηθήσονται.
1292 5600 1353 5651 In
1387 5596 1497 5653 hoc
1518 5596 1760 5653 verbum
1792 5597 2011 5655 desinit
2040 5599 2154 5655 fra-

509 5666 841 5742 amentum.

2342 5102 2456 5177 (79)
2488 5102 2581 5177 Sic
2613 5099 2852 5177 Regius.
2886 5106 2942 5159 et
2970 5102 3197 5177 Anglic.
3231 5102 3381 5177 Editi
3414 5122 3567 5170 vero,
3598 5103 3793 5165 πάντα.

2485 5173 3166 5256 βεεξυεῖεοιυσᾷκαὶξμή
3199 5176 3732 5256 τιςᾼιάναγινῴσκων⁸
3767 5174 3927 5256 αἰσχ.

2359 5246 2451 5316 81)
2481 5246 2573 5299 8ἱο
2599 5245 2820 5326 ‘Regius
2852 5251 2908 5302 et
2936 5245 3114 5303 Basil'.
3143 5265 3157 5317 ;
3190 5246 3329 5304 editi
3359 5245 3493 5306 vero
3524 5245 3929 5326 ἰνεδρεύοντοῖ,

2268 5316 2466 5371 minus
2498 5319 2671 5371 recte.

2338 5389 2445 5471 (82)
2472 5387 2813 5475 βαείιίβηεὶε
2834 5392 2891 5449 et
2909 5387 3137 5473 ﬁnglic.
3164 5385 3558 5476 lmvosito..Ad
3590 5393 3929 5521 marginem

2338 5461 2443 5521 LSll,
2476 5453 2684 5521 ἄδηλος
2714 5457 2772 5511 ἂν
2802 5457 2867 5521 ἥν
2897 5479 3004 5514 των
3042 5458 3204 5520 Ἰουδ.
3239 5463 3417 5521 Infra.
3451 5479 3512 5521 In
3544 5463 3693 5521 Felc.
3766 5507 3780 5521 .
3814 5464 3925 5521 μέν

2267 5453 2443 5539 Basil,
2476 5453 2684 5539 ἄδηλος
2714 5457 2772 5539 ἂν
2802 5457 2867 5529 ἦν
2897 5453 3204 5520 τῶν”Ἰουδ.
3239 5463 3417 5536 Infra,
3451 5463 3512 5521 in
3544 5463 3693 5521 Felc.
3720 5453 3780 5534 8,
3814 5464 3925 5539 μέν

2267 5534 2585 5603 utrumque
2613 5532 2796 5603 deest.

2333 5603 2446 5679 (83)
2477 5600 2562 5669 At,
2593 5602 2759 5659 deest
2786 5601 2847 5659 in
2879 5602 3083 5677 Regio,
3109 5605 3337 5680 Anglic.
3371 5610 3430 5666 et
3460 5606 3610 5668 F'elc.
3631 5609 3687 5666 2.
