4372 6214
468 403 589 466 209

1521 398 1622 458 DE
1664 396 2048 457 PASSIONE
2095 398 2192 457 ΕΤ
2237 396 2491 457 CRUCB
2536 398 2840 458 DOMINI.

3766 404 3886 464 210

468 534 765 602 συαευήν,
794 531 885 587 καὶ
935 528 1017 586 ὅτι
1071 526 1283 603 μᾶλλον
1335 532 1450 591 τοῖς
1503 522 1763 604 ὄχλοιςῆ
1806 531 1882 598 τῷ
1930 524 2117 598 δικαίῳ

2240 530 2443 597 cendo,
2480 545 2583 585 nec
2615 530 3039 601 respondendo,
3085 545 3151 585 eo
3175 530 3435 599 judicem
3480 534 3783 605 compulit,
3816 537 3887 592 ut

465 625 775 680 πέπεισται.
810 618 1296 694 ’Δπολογουμένου
1331 618 1422 690 μὲν
1451 620 1570 687 (84)
1600 618 1795 691 γὰρ,ἦν
1827 617 2125 684 ὑπονοῆσαι

470 712 680 769 δειλίαν
710 714 808 766 τοῦ
857 708 1105 764 θανάτου·
1160 712 1476 768 σιωπῶντος
1528 704 1603 773 δὲ,
1657 706 1717 759 τὸ
1768 704 1987 779 στερρὸν
2037 705 2126 757 καὶ

464 805 567 872 τὴν
602 798 844 875 ἀνδρείαν
875 800 1165 871 θαυμάσαι.
1218 797 1315 849 Καὶ
1365 797 1426 850 τὸ
1482 796 1653 855 cura):
1706 791 1764 847 δὲ
1812 794 1901 846 τὸν
1956 791 2125 847 Πιλᾶ-

466 913 562 947 τον
612 886 1024 963 ἀπολογεῖσθαι,
1076 884 1227 940 οὐδὲν
1279 889 1343 953 ἦν
1389 882 1595 959 ἕτερον,
1713 887 1989 936 πιστεῦσαι
2032 881 2121 934 τὸν

470 974 787 1053 κρινόμενον
845 977 977 1031 εἶναι
1030 974 1178 1030 Θεόν.
1215 972 1460 1045 Ἀμέλει,
1511 970 1829 1045 κρινόμενος
1881 970 1983 1024 ὑπὸ
2023 976 2126 1023 Πι-

476 1069 665 1135 λάτου,
727 1066 1064 1141 ἐχρημάτιζε
1111 1062 1179 1138 τῇ
1238 1062 1435 1117 τούτου
1489 1060 1723 1135 γυναικί
1772 1057 1862 1112 ’ίνα
1907 1063 1975 1131 τῇ
2030 1058 2122 1131 μὲν

470 1161 653 1228 σιωπῇ
701 1159 800 1223 τήν
851 1152 1071 1229 ἀνδρίαν
1122 1154 1234 1225 (85)
1265 1148 1614 1225 καταπλαγὶγ
1662 1154 1741 1220 τῷ
1792 1146 1849 1203 δὶς
1895 1168 2125 1222 χρημα-

466 1250 649 1319 τισμῷ
675 1244 936 1320 γινώσκη,
968 1241 1052 1296 ὅτι
1102 1240 1201 1295 οὐκ
1232 1242 1538 1315 ἄνθρωπον,
1570 1236 1715 1293 ἀλλά
1757 1236 1884 1292 Θεὸν
1934 1236 2121 1311 κρίνει.

468 1329 749 1411 Ἐφοϐήθη
789 1330 879 1386 οὖν
932 1332 962 1385 ὁ
1011 1329 1211 1406 κρίνων
1261 1330 1351 1383 τὸν
1404 1328 1749 1404 κρινόμενον,
1783 1326 1872 1380 καὶ
1909 1323 2121 1396 μᾶλλον

468 1423 629 1484 αὐτὸς
689 1419 926 1497 ἐκρίνετο
982 1424 1060 1491 τῷ
1116 1413 1271 1497 φόϐῳ
1330 1422 1426 1471 τοῦ
1482 1417 1804 1491 κρινομένου
1842 1416 1877 1483 ἣ
1922 1414 2119 1489 κρίνων

466 1511 631 1572 αὐτὸς
675 1507 1016 1579 κατέπληττε
1056 1507 1147 1562 τὸν
1197 1507 1390 1580 Κύριον
1419 1550 1430 1563 .
1486 1507 1578 1560 Διὸ
1620 1505 1709 1559 καὶ
1760 1502 1977 1577 ἐνίψατο
2025 1504 2121 1564 τὰς

466 1606 658 1676 χεῖρας
689 1598 885 1672 λέγων’
923 1621 951 1649 ‹‹
984 1597 1191 1658 Ἀθῶός
1250 1596 1367 1668 είμι
1426 1596 1530 1649 ἀπὸ
1577 1598 1673 1648 τοῦ
1723 1593 1955 1666 α’ίματος
2001 1592 2123 1647 τού-

462 1710 579 1745 του·
612 1712 641 1740 ››
675 1687 721 1743 εἰ
761 1686 851 1742 καὶ
901 1685 1146 1760 ὕστερον,
1178 1685 1422 1755 κινηθεὶς
1474 1688 1581 1753 (86)
1610 1688 1677 1757 τῇ
1708 1687 1814 1737 τῶν
1846 1678 2118 1739 Ἰουδαίων

467 1777 625 1857 φιλίᾳ
671 1773 1001 1852 συνέδραμεν
1051 1774 1239 1837 αὐτοῖς
1290 1769 1735 1828 ἐπιϐουλεύουσιν
1782 1791 1794 1803 ·
1849 1769 1986 1825 ὥστε
2031 1769 2120 1824 καὶ

465 1867 543 1929 εἷς
601 1866 826 1939 σταυρὸν
884 1863 1043 1919 αὐτὸν
1096 1860 1464 1939 παραδοῦναι.
1527 1857 1888 1936 Παραδίδοται
1940 1858 2116 1914 τοίνυν

465 1956 494 2011 ὁ
548 1955 778 2030 Σωτὴρ,
835 1952 925 2008 καὶ
982 1950 1324 2026 παραδοθεὶς,
1379 1950 1440 2004 οὐ
1501 1948 1800 2019 κατέπτηξε
1856 1949 1968 2021 (87)
2022 1947 2114 2000 τὸν

468 2045 717 2117 Θάνατον,
770 2039 917 2098 ἀλλά
960 2041 1050 2096 καί
1105 2038 1317 2114 μᾶλλον
1370 2037 1671 2093 ἀπεδύσατο
1739 2036 1876 2113 πρὸς
1931 2034 2114 2106 αὐτὸν,

464 2134 554 2189 καὶ
605 2130 797 2188 ἐδίωκε
836 2130 1103 2209 φεύγοντα
1147 2130 1239 2183 τὸν
1292 2124 1436 2206 ὅφιν.
1472 2128 1543 2181 Οὐ
1593 2128 1696 2201 γὰρ
1747 2126 1821 2187 ὡς
1874 2124 2119 2195 ἀποθνή-

463 2243 606 2277 σκων
663 2222 730 2291 ἦν
773 2222 802 2277 ὁ
836 2219 1068 2293 Κύριος,
1122 2216 1248 2275 ἀλλ’
1290 2218 1365 2279 ὡς
1413 2217 1502 2272 τὸν
1557 2218 1779 2280 θάνατον
1828 2214 1903 2277 εἲς
1948 2218 2111 2269 τοῦτο

465 2307 701 2368 διώκων.

540 2581 627 2634 14.
672 2577 838 2631 Ἔνθα
886 2572 952 2645 δὴ
1000 2575 1028 2630 ὁ
1078 2571 1325 2635 δείλαιος
1376 2567 1676 2641 διάϐολος,
1729 2572 2007 2643 θεωρήσας
2054 2571 2120 2626 τὸ

468 2667 608 2722 κατὰ
654 2664 887 2720 Πιλᾶτον
1102 2667 1302 2735 θαῦμα,
1348 2660 1433 2717 ὅτι
1485 2659 1697 2734 μᾶλλον
1743 2661 1771 2715 ὁ
1800 2660 1995 2736 κρίνων
2028 2662 2062 2729 ἢ
2091 2662 2119 2714 ὁ

472 2753 796 2831 κρινόμενος
837 2751 1162 2821 κατέπτηξεν
1192 2770 1204 2783 ⁸
1258 2750 1397 2824 ὀρῶν
1453 2748 1511 2804 δὶ
1556 2750 1645 2804 καὶ
1685 2750 1784 2817 τὴν
1835 2749 1968 2823 μετά
2022 2770 2119 2804 πε-

471 2845 781 2912 ποιθήσεως
853 2840 1017 2896 αὐτοῦ
1088 2844 1178 2893 νῦν
1252 2836 1511 2893 ἀπόδυσιν
1549 2885 1563 2910 ,
1621 2837 1792 2892 πάντα
1846 2837 2117 2914 πειράζειν

469 2928 788 2999 ἐσπούδαζε,
844 2928 1181 3006 βουλόμενος
1234 2932 1458 3003 γνῶσαι,
1490 2928 1519 2981 ’ὸ
1547 2926 1809 3003 πρότερον
1860 2927 1959 2982 οὐκ
1986 2926 2119 2997 ἠδυ-

464 3023 629 3092 νήθη,
680 3021 954 3095 πειράζων
1002 3017 1160 3072 αὐτὸν
1197 3016 1248 3071 έν
1292 3022 1370 3090 τῷ
1412 3012 1549 3092 ὄρει,
1605 3018 1817 3088 μαθεῖν,
1867 3016 1913 3071 εἰ
1961 3016 2118 3078 οὗτός

460 3110 601 3165 ἐστιν
631 3109 658 3164 ὁ
706 3107 833 3170 rte;
886 3111 982 3161 τοῦ
1026 3110 1181 3162 Θεοῦ.
1241 3105 1372 3159 Τὸτε
1424 3105 1833 3181 καταισχυνθεὶς
1867 3149 1881 3173 ,
1938 3105 2116 3181 ἐτήρει

460 3200 553 3255 τὸν
603 3199 703 3252 τοῦ
751 3197 978 3251 θανάτου
1026 3194 1235 3272 καιρόν’
1286 3194 1551 3267 νομίζων,
1602 3194 1685 3248 ὅτι
1729 3194 1779 3248 έν
1827 3196 1872 3266 ᾧ
1918 3195 2119 3255 πάντας

2238 619 2728 689 conspirationem
2781 617 3049 690 declaret,
3097 623 3154 673 et
3191 619 3472 675 fateretur
3518 638 3645 677 sese
3692 626 3883 683 turbis

2238 707 2430 778 magis
2461 724 2639 777 quam
2687 708 2929 776 justitiaa
2981 709 3435 779 obtemperasse.
3470 710 3576 772 Qui
3616 712 3665 766 si
3698 712 3879 769 Pilato

2238 797 2927 867 respondisset,suscipio
2951 796 3310 852 fuissetcum
3338 800 3646 855 formidine
3674 803 3879 859 mortis

2236 885 2487 955 corripi;
2521 902 2654 941 cum
2704 887 2953 941 tacuerit
2990 892 3206 954 autem,
3243 888 3607 944 admirabilis
3638 907 3879 961 prorsus

2235 974 2364 1043 ejus
2395 974 2727 1029 constantia
2775 979 2832 1028 et
2880 975 3182 1030 fortitudo.
3216 976 3372 1039 Quod
3408 982 3601 1033 autem
3633 978 3713 1033 ita
3743 996 3877 1034 eum

2236 1062 2456 1118 Pilatus
2489 1064 2842 1127 defenderet,
2877 1062 3021 1118 nihil
3070 1063 3229 1119 aliud
3259 1064 3315 1119 id
3362 1071 3485 1121 erat
3514 1084 3690 1138 quam
3720 1070 3877 1140 quod

2234 1153 2495 1208 crederet
2537 1170 2672 1208 eum
2704 1153 2803 1225 qui
2838 1153 2894 1207 in
2920 1152 3145 1224 judicio
3190 1155 3383 1209 stabat
3413 1172 3540 1211 esse
3569 1157 3775 1213 Deum.
3809 1160 3880 1213 Et

2234 1258 2375 1297 sane
2405 1258 2538 1297 cum
2564 1260 2597 1297 a
2616 1241 2804 1297 Pilato
2824 1243 3209 1313 judicaretur,
3232 1244 3361 1314 ejus
3384 1244 3547 1300 uxori
3577 1247 3876 1302 oraculum

2232 1331 2417 1386 edidit
2449 1332 2461 1387 ι
2499 1336 2563 1386 ut
2594 1331 2829 1387 silentio
2861 1331 3120 1402 quidem,
3154 1333 3282 1402 ejus
3322 1333 3720 1390 fortitudinem
3751 1341 3876 1391 stu-

2233 1424 2433 1491 peret;
2467 1420 2701 1477 oraculo
2725 1424 2919 1476 autem
2942 1426 3304 1491 agnosceret,
3330 1437 3391 1478 se
3416 1440 3530 1477 non
3554 1423 3875 1493 hominem,

2233 1510 2333 1565 sed
2370 1514 2545 1565 Deum
2572 1510 2859 1581 judicare.
2894 1509 3115 1564 Timuit
3144 1510 3323 1580 igitur
3344 1511 3525 1580 judex
3555 1513 3876 1575 reum,imo

2233 1601 2419 1669 magis
2450 1600 2575 1670 ipse
2598 1598 2849 1669 judicati
2880 1602 3099 1654 terrore
3130 1599 3522 1670 indicabatur,
3542 1617 3718 1671 quam
3752 1601 3876 1674 ipse

2224 1688 2502 1759 judicans
2539 1687 2847 1743 Dominum
2890 1692 3258 1759 perterreret.
3312 1690 3500 1754 Quare
3532 1706 3743 1745 manus
3774 1692 3873 1745 ab-

2232 1776 2363 1844 luit,
2398 1777 2597 1849 aitque
2633 1794 2645 1832 :
2679 1799 2706 1825 ‹‹
2747 1778 3030 1831 Innocens
3060 1792 3165 1847 ego
3201 1794 3329 1833 sum
3380 1778 3453 1832 ab
3498 1778 3605 1833 hoc
3637 1779 3871 1851 sangui-

2231 1883 2303 1921 ne
2332 1868 2378 1904 ⁸³
2408 1888 2436 1916 ››
2472 1882 2484 1922 :
2520 1865 2629 1921 etsi
2674 1869 2877 1936 postea
2922 1865 3259 1921 Judaeorum
3317 1866 3503 1938 gratia
3550 1874 3872 1938 permotus,

2228 1955 2341 2028 ipsi
2372 1972 2500 2011 sese
2530 1954 2953 2010 insidiantibus
3004 1955 3258 2026 adjecit;
3291 1956 3372 2010 ita
3422 1962 3489 2011 ut
3531 1957 3601 2011 ad
3642 1974 3873 2012 crucem

2227 2044 2397 2100 illum
2428 2044 2705 2100 traderet.
2737 2044 3015 2100 Traditur
3054 2060 3190 2117 ergo
3238 2044 3519 2112 Salvator,
3553 2051 3727 2117 atque
3758 2052 3874 2101 tra-

2228 2134 2388 2190 ditus
2437 2137 2684 2190 mortem
2731 2149 2847 2188 non
2898 2132 3278 2206 perhorruit;
3323 2134 3439 2188 imo
3499 2135 3693 2206 potius
3749 2152 3876 2191 sese

2230 2222 2473 2279 nudavit
2501 2240 2635 2278 cum
2668 2222 2769 2278 illa
2815 2238 3254 2293 congressurus,
3290 2240 3353 2278 ac
3397 2223 3713 2296 fugientem
3747 2241 3874 2296 per-

2228 2316 2465 2368 secutus
2513 2315 2603 2368 est
2652 2316 3000 2384 serpentem.
3054 2312 3178 2366 Non
3228 2312 3380 2367 enim
3416 2313 3584 2385 quasi
3617 2313 3875 2370 moriens

2228 2418 2356 2457 sese
2385 2400 2594 2457 habuit
2640 2400 2961 2467 Dominus;
2994 2400 3112 2455 imo
3162 2402 3357 2473 potius
3412 2402 3575 2473 quasi
3627 2406 3874 2459 mortem

2229 2493 2301 2548 ad
2330 2491 2587 2564 idipsum
2619 2505 2998 2563 persequens.

2299 2581 2387 2635 14.
2421 2580 2597 2635 Porro
2630 2579 2722 2635 hic
2751 2578 2952 2635 infelix
2982 2580 3272 2647 diabolus,
3308 2588 3614 2653 conspecto
3663 2583 3771 2640 hoc
3813 2583 3871 2639 in

2228 2667 2412 2725 Pilato
2441 2666 2745 2737 miraculo,
2767 2668 2921 2739 quod
2944 2665 3069 2738 ipse
3097 2668 3283 2723 Judex
3317 2669 3445 2738 plus
3471 2678 3874 2741 expavesceret

2229 2774 2407 2831 quam
2431 2758 2753 2828 judicatus,
2788 2756 3311 2827 animadversaque
3353 2758 3583 2811 Domini
3636 2759 3693 2812 in
3745 2774 3875 2813 sese

2227 2847 2491 2901 exuendo
2543 2846 2777 2913 fiducia,
2820 2843 2967 2898 nihil
3016 2861 3131 2898 non
3183 2850 3468 2899 tentatum
3521 2845 3775 2916 reliquit,
3810 2850 3876 2901 ut

2228 2939 2427 2989 nosset
2458 2934 2514 2988 id
2548 2934 2705 3004 quod
2729 2933 2891 3005 prius
2913 2949 3085 2987 nosse
3110 2950 3222 2988 non
3259 2935 3463 3005 potuit,
3490 2935 3587 2989 ubi
3622 2934 3787 2990 illum
3815 2935 3874 2989 in

2231 3027 2427 3078 monte
2467 3022 2729 3089 tentavit,
2763 3026 2828 3076 ut
2874 3021 3179 3086 edisceret,
3229 3040 3300 3076 an
3353 3022 3447 3077 hic
3497 3032 3647 3078 esset
3694 3023 3875 3079 Filius

2229 3111 2350 3168 Dei.
2384 3113 2549 3166 Tunc
2580 3111 2946 3183 pudefactus,
2981 3111 3188 3166 mortis
3236 3116 3468 3183 tempus
3506 3112 3871 3180 observabat,

2232 3206 2397 3257 ratus
2428 3217 2490 3255 se
2520 3200 2578 3255 in
2603 3216 2720 3271 qua
2749 3217 2809 3254 re
2839 3199 2951 3255 sibi
2973 3216 3176 3254 omnes
3195 3200 3523 3271 subegerat,
3551 3205 3735 3255 morte
3759 3200 3872 3255 sci-

474 3283 965 3357 ηταδεδουλώκει,
1006 3282 1255 3339 δύνασθαι
1298 3284 1388 3337 καὶ
1437 3283 1488 3338 ἐν
1547 3288 1626 3355 τῷ
1669 3284 1876 3355 θανάτῳ
1924 3287 2115 3338 τοῦτον

2228 3290 2383 3360 licet,
2417 3290 2475 3343 in
2506 3289 2709 3343 eadem
2741 3304 2800 3343 se
2839 3303 3011 3359 posse
3054 3288 3212 3341 hunc
3242 3287 3413 3342 etiam
3448 3292 3688 3357 tentare,
3719 3288 3870 3342 Scri-

467 3375 740 3451 πειράσαι.
792 3376 1094 3450 Γέγραπται
1141 3372 1242 3448 γὰρ
1292 3372 1437 3446 παρὰ
1481 3376 1559 3443 τῷ
1606 3377 1806 3443 Λουκᾷ,
1852 3370 1933 3426 ὅτι
1984 3393 2113 3425 συν-

466 3463 690 3526 τελέσας
738 3462 911 3518 πάντα
956 3462 1254 3537 πειρασμὸν
1289 3462 1317 3514 ὁ
1348 3456 1630 3528 διάϐολος,
1663 3460 1864 3532 ἀπέστη
1900 3462 1991 3515 ἀπ’
2018 3460 2111 3515 αὐ-

467 3559 565 3609 τοῦ
606 3551 735 3630 ἄχρι
781 3557 991 3628 καιροῦ.
1025 3550 1198 3613 Οὗτος
1242 3548 1299 3605 δέ
1348 3550 1485 3605 ἐστιν
1534 3549 1735 3612 ἐκεῖνος
1767 3552 1793 3604 ὁ
1823 3553 2031 3626 καιρὸς,
2061 3551 2112 3605 έν

474 3642 520 3716 ᾧ
568 3643 659 3697 καὶ
702 3641 861 3705 αὐτὸς
913 3642 941 3696 ὀ
988 3640 1258 3713 πολέμιος
1311 3639 1593 3715 ἐγίνωσκεν
1643 3640 1827 3693 ἑαυτὸν
1876 3660 2114 3693 καταπα-

466 3732 792 3803 τηθήσεσθαι
842 3729 946 3785 ὑπὸ
999 3729 1211 3784 πάντων
1252 3774 1268 3799 ,
1329 3729 1377 3782 εἷ’
1421 3728 1509 3783 καὶ
1566 3727 1759 3783 τούτου
1819 3726 2063 3783 διαπέσοι
2098 3746 2111 3760 ⁸

473 3821 635 3895 μόνον
668 3821 772 3897 γὰρ
800 3823 963 3875 τοῦτο
1003 3818 1150 3891 αὐτῷ
1187 3814 1563 3893 περιελείπετο
1611 3817 1803 3872 λοιπὸν
1834 3819 1896 3872 τὸ
1928 3817 2114 3893 ἆθλον,

467 3908 683 3965 πάντων
717 3907 1079 3984 γυμνωθέντι.
1112 3908 1205 3962 Διὸ
1252 3907 1341 3961 καὶ
1390 3904 1560 3961 πάντα
1609 3912 1756 3961 ποιεῖ
1780 3911 1876 3960 τοῦ
1929 3911 2114 3979 μαθεῖν

461 3997 664 4072 ἕνεκεν,
725 3999 770 4053 εἰ
829 3994 987 4054 οὗτός
1044 3998 1183 4053 ἐστιν
1227 3997 1254 4051 ὀ
1304 3998 1520 4072 Σωτήρ
1563 3997 1652 4051 καὶ
1706 4001 1867 4052 τοῦτο
1922 3997 2117 4060 ἐποίει,

459 4088 593 4161 ἵνα,
651 4090 740 4143 εὰν
801 4088 974 4151 ὖντως
1032 4086 1155 4160 περὶ
1215 4085 1379 4141 αὐτοῦ
1436 4086 1598 4160 μάθῃ,
1662 4084 1802 4159 μηδὲ
1857 4085 2117 4163 τολμήσῃ

465 4176 806 4255 προσελθεῖν,
865 4175 1026 4238 εἰδὼς
1086 4178 1188 4245 τήν
1246 4174 1538 4251 ἀπρόσιτον
1597 4176 1687 4229 καὶ
1748 4174 1889 4239 θείαν
1953 4177 2117 4232 αὐτοῦ

467 4267 717 4342 δύναμιν.
749 4269 809 4325 Ὀ
868 4266 928 4322 δὲ
982 4265 1196 4341 Κύριος.
1258 4267 1474 4339 θεωρῶν
1527 4265 1690 4320 αὐτοῦ
1740 4269 1838 4335 τήν
1878 4289 2115 4343 πανουρ-

469 4358 617 4434 γίαν,
673 4352 756 4411 ὅτι
789 4356 850 4410 οὗ
906 4359 1044 4428 τιμῇ
1101 4358 1169 4427 τῇ
1217 4354 1354 4428 πρὸς
1412 4352 1593 4421 αὐτὸν,
1656 4353 1797 4408 ἀλλά
1852 4362 1949 4423 τῆς
2008 4361 2116 4410 τῶν

467 4447 769 4522 ἀνθρώπων
812 4442 975 4520 χάριν
1028 4440 1281 4503 δουλείας
1331 4440 1553 4516 ἐθήρευε
1594 4441 1889 4509 τοῦτο,’ίνα
1917 4465 2114 4519 τυραν-

466 4534 594 4608 νεύῃ
645 4534 781 4589 κατὰ
836 4533 1073 4602 πάντων,
1133 4530 1437 4605 ὑπέκρυπτε
1481 4530 1581 4598 τήν
1632 4530 1821 4585 ἑαυτοῦ
1861 4532 2109 4605 θεότητα,

2222 3384 2387 3452 ptum
2411 3378 2628 3449 quippe
2660 3381 2749 3432 est
2778 3376 2931 3447 apud
2954 3377 3194 3442 Lucam,
3219 3376 3517 3431 diabolum
3550 3393 3681 3431 curn
3715 3392 3869 3432 com-

2225 3468 2706 3543 plcssetpmnem
2736 3466 3139 3532 tentationem,
3167 3466 3238 3519 ab
3268 3482 3333 3520 eo
3364 3466 3434 3520 ad
3468 3470 3704 3536 tempus
3737 3466 3867 3521 abs-

2224 3558 2470 3613 cessisse
2502 3557 2564 3611 “.
2598 3556 2715 3611 Hoc
2745 3560 2940 3610 autem
2992 3555 3187 3626 ipsum
3234 3559 3469 3624 tempus
3507 3557 3603 3609 70
3635 3560 3724 3610 est
3753 3572 3865 3625 quo

2222 3663 2351 3704 sese
2381 3644 2751 3702 adversarius
2805 3648 2976 3699 norat
3004 3644 3076 3699 ab
3108 3644 3383 3699 omnibus
3405 3643 3869 3699 conculcandum

2223 3752 2374 3801 esse,
2407 3734 2608 3806 sijam
2660 3733 2951 3788 excideret
2993 3750 3006 3786 :
3057 3732 3285 3786 nullum
3340 3732 3495 3786 enim
3551 3732 3633 3786 illi
3684 3731 3867 3802 aliud,

2224 3825 2500 3881 omnibus
2531 3823 2827 3891 destituto,
2860 3824 3165 3892 supererat
3193 3822 3701 3883 certamen.Quare
3726 3820 3871 3876 nihil

2226 3933 2342 3972 non
2392 3913 2621 3985 agebat,
2653 3916 2718 3966 ut
2761 3910 3047 3966 edisceret
3102 3927 3175 3964 an
3220 3909 3315 3962 hic
3362 3908 3620 3963 Salvator
3666 3912 3868 3963 esset:

2226 4004 2382 4076 quod
2410 4003 2540 4057 ideo
2571 3998 2668 4054 ille
2716 3999 2945 4071 agebat,
2980 4002 3046 4053 ut
3092 3997 3142 4052 si
3189 4013 3386 4052 revera
3424 3998 3709 4053 edisceret
3738 3999 3868 4069 quis

2226 4096 2401 4159 esset,
2445 4089 2717 4145 accedere
2779 4103 2895 4141 non
2972 4085 3234 4151 auderet,
3295 4102 3514 4156 gnarus
3564 4085 3871 4142 inaccessa:

2225 4181 2387 4236 illius
2418 4196 2483 4233 ac
2513 4175 2717 4232 divina)
2750 4174 3076 4247 potestatis.
3110 4173 3394 4230 Dominus
3439 4178 3632 4229 autem
3664 4176 3873 4234 videns

2225 4271 2353 4340 ejus
2378 4265 2692 4331 vafritiem,
2716 4265 3029 4336 sciensque
3060 4263 3224 4318 illum
3257 4281 3370 4318 non
3404 4263 3641 4319 honoris
3672 4282 3869 4334 causa,

2226 4360 2325 4415 sed
2356 4361 2424 4412 ut
2468 4353 2736 4410 homines
2767 4354 2824 4407 in
2874 4352 3151 4409 servitute
3183 4352 3456 4407 retineret
3486 4352 3633 4407 illud
3675 4353 3872 4409 obser-

2222 4465 2376 4511 vare,
2412 4446 2617 4517 quoin
2659 4458 2863 4498 omnes
2920 4443 3290 4514 tyrannidem
3342 4448 3650 4510 exerceret,
3703 4461 3873 4500 suam

2221 4532 2416 4610 ipsius
2448 4535 2723 4590 deitatem
2772 4531 3103 4596 occultavit,
3143 4536 3198 4585 et
3248 4530 3420 4585 homo
3467 4546 3595 4586 sese
3640 4532 3871 4603 gessit:

468 4623 558 4678 καὶ
630 4622 706 4683 ὡς
776 4620 1060 4697 ἄνθρωπος
1120 4616 1498 4674 ἐπολιτεύετο·
1568 4616 1679 4685 ἵνα,
1738 4620 1811 4681 ὡς
1869 4626 1985 4694 Θεῷ
2038 4623 2112 4695 μὴ

2228 4644 2299 4682 ne
2344 4624 2443 4680 i'lle
2491 4640 2552 4679 se
2604 4626 2669 4677 ut
2717 4621 2901 4676 Deum
2952 4620 3235 4691 attingere
3297 4635 3409 4673 non
3454 4636 3656 4689 ausus,
3691 4621 3879 4676 abiret

470 4709 809 4787 προσελθὼν,
858 4709 1072 4779 ἀπαθὴς
1119 4706 1345 4782 ἀπέλθῃ,
1388 4704 1513 4763 ἀλλ’
1564 4707 1639 4770 ὡς
1685 4709 1969 4785 ἀνθρώπου
2026 4733 2119 4767 κα-

465 4802 832 4880 ταφρονήσας,
890 4797 1206 4873 προσέλθῃ,
1265 4796 1354 4851 καὶ
1414 4795 1606 4852 λοιπὸν
1663 4798 1764 4853 ὑπὸ
1824 4800 2117 4876 ἀνθρώπων

468 4891 691 4967 ἄρξηται
740 4888 1183 4958 καταπαίζεσθαι.
1239 4886 1337 4941 Καὶ
1388 4880 1568 4962 ὥσπερ
1618 4884 1677 4941 ἄν
1727 4910 1832 4960 τις,
1882 4890 1971 4944 τὸν
2032 4892 2116 4945 ἀν-

468 4978 695 5035 τίπαλον
770 4979 935 5034 αὐτοῦ
1020 4982 1236 5053 θεωρῶν
1313 4978 1761 5046 καταπτήσσοντα
1796 5024 1809 5049 ,
1864 4981 1952 5033 καὶ
2030 4979 2118 5036 διὸ⁴

466 5073 628 5124 τοῦτο
673 5066 1042 5145 ἀποφεύγοντα
1090 5064 1283 5121 λοιπὸν
1319 5109 1333 5135 ,
1393 5064 1663 5121 ἀσθένειαν
1714 5068 2116 5143 σχηματίζοιτο

546 5212 593 5248 ⁸³
623 5211 832 5268 Matth.
863 5227 1041 5278 xxvn,
1069 5210 1159 5264 24.
1234 5210 1280 5243 ⁵⁵
1311 5209 1451 5265 Luc.
1480 5226 1557 5279 iv,
1589 5212 1677 5266 13.

564 5361 651 5432 84)
684 5359 817 5432 Μὲν,
847 5359 1115 5432 ευθειλειᾳ
1143 5359 1485 5432 Anglicano.

564 5362 634 5417 84
684 5362 817 5432 Μὲν,
847 5362 1015 5417 abest
1043 5362 1115 5415 ab
1143 5362 1485 5432 Anglicano.

539 5362 653 5506 E85;
684 5433 923 5507 Regius,
953 5427 1193 5507 ἀνδρίαν,
1227 5432 1709 5507 δᾶμῇεηοινοοθιῃ
1740 5433 1968 5507 variant
2004 5436 2121 5492 fere

468 5498 703 5578 semper
731 5498 960 5562 codices
988 5521 1002 5573 ;
1031 5498 1269 5576 aliique,
1299 5498 1570 5577 ἀνδρείαν,
1612 5503 1709 5559 alii
1742 5502 1983 5578 ἀνδρίαν,
2018 5507 2118 5563 ha-

471 5578 655 5718 δθῶῒδ)
687 5646 862 5718 Basil,
893 5645 1009 5703 alia
1040 5662 1248 5718 manu,
1263 5642 1534 5718 νικηθείς.

561 5650 655 5712 86)
687 5650 862 5718 Basil,
893 5650 1009 5703 alia
1040 5662 1240 5713 manu,
1271 5650 1534 5715 νικηθείς.

538 5650 659 5793 ί87)
689 5718 776 5776 Ita
801 5718 1018 5792 Regius
1037 5722 1095 5777 et
1123 5716 1487 5778 Basiliensis.
1518 5716 1743 5792 Anglic.
1776 5736 1930 5794 vero,
1964 5720 2120 5776 κατέ-

2226 4715 2481 4771 ἰιιίθευεε
2515 4712 2615 4768 sed
2647 4715 2848 4766 contra
2889 4725 3020 4764 cum
3051 4708 3288 4763 homine
3320 4723 3491 4778 quem
3527 4708 3878 4779 despiceret,

2228 4819 2601 4877 congressus,
2628 4801 2698 4855 ab
2722 4798 3061 4854 hominibus
3087 4798 3360 4868 deinceps
3390 4796 3877 4867 inciperetilludi.

2225 4895 2295 4950 Et
2328 4890 2827 4965 quemadmodum
2883 4888 2930 4942 si
2992 4886 3124 4957 quis
3175 4901 3418 4939 cernens
3478 4885 3877 4942 adversarium

2229 4999 2402 5040 suum
2449 4978 2820 5053 perterritum
2873 4976 3173 5047 aufugero,
3220 4974 3428 5029 exinde
3474 4974 3879 5031 inﬁrmitatem

2228 5068 2612 5132 simulaverit,
2638 5083 2754 5140 qua
2783 5082 2917 5120 eum
2952 5066 3023 5119 ad
3058 5080 3315 5136 pugnam
3349 5063 3685 5135 pertrahat:
3720 5067 3884 5120 tum-

2230 5382 2453 5432 πτησσε.
2488 5362 2564 5417 Ed
2575 5360 2638 5415 iti
2670 5356 3029 5432 κατέπλησσε.

2298 5426 2410 5503 (88)
2474 5433 2709 5505 Regius,
2754 5430 2867 5505 ,τὸ
2895 5428 3031 5505 κατά
3098 5426 3332 5505 Πιλᾶτον
3387 5430 3492 5505 (δι’
3514 5426 3619 5505 sic‘
3654 5440 3886 5505 semper

2232 5493 2467 5564 Πιλᾶτος
2498 5493 2675 5560 habet
2697 5493 2799 5558 hic
2838 5504 3014 5558 codex
3045 5504 3177 5555 cum
3232 5493 3883 5571 circu'mﬂexol-fevcps-

2232 5599 2321 5632 νον
2356 5580 2556 5649 θαῦμα.
2592 5577 2743 5649 Mox,
2773 5577 3017 5649 ilegius,
3052 5572 3219 5629 Basil.
3263 5572 3486 5644 Anglic.
3535 5568 3883 5638 κατέπτηξεν.

2231 5650 2381 5707 Editi
2411 5643 2566 5719 vero,
2598 5643 2955 5717 κατέπληξεν.

4192 2214 4193 2233 ι

4192 2266 4193 2291 ι

4192 2344 4193 2397 l

4191 2640 4193 2671 1

4192 2756 4193 2773 ι

4192 2790 4193 2815 ι

4192 2826 4193 2867 l
