4372 6214
474 341 591 402 211

1666 343 1729 402 S.
1778 339 2304 401 ATHANASIUS.
2332 373 2412 385 —
2441 341 2706 404 DUBlA.

3780 338 3901 399 212

478 490 595 546 que
624 473 726 529 ille
756 473 858 545 qui
889 474 1038 546 fugit
1056 474 1124 529 ad
1152 475 1490 530 simulatam
1522 473 1843 546 respiciens
1874 474 2121 529 infirmi-

2246 472 2372 547 πρὸς
2415 474 2514 543 τὴν
2573 475 2778 529 ἐκεινου
2822 472 3179 548 πρύσκλησιν·
3236 475 3349 527 εἶτα
3406 472 3603 533 ἐκεῖνος
3669 472 3696 525 ὀ
3748 470 3883 549 φεύ-

476 568 687 629 tatem,
710 579 845 618 cum
878 563 1225 618 conﬁdentia
1255 564 1588 631 accesserit,
1609 569 1668 619 et
1687 580 2011 636 generosus
2032 563 2128 619 ille

483 651 706 707 athleta
736 652 836 723 qui
868 652 1205 707 infirmitate
1234 652 1335 707 illa
1381 659 1743 723 provocarat,
1777 671 1885 709 sua
1915 654 2129 708 virtute

488 742 885 812 superaverit;
920 742 1000 796 ita
1043 746 1102 795 et
1150 741 1453 809 Dominus,
1500 740 1760 797 humana
1808 758 2129 813 provocans

487 832 851 898 infirmitate,
870 848 978 886 sua
997 832 1206 886 virtute
1235 832 1387 887 vires
1418 832 1643 888 homini
1671 834 1898 887 addidit
1928 839 2132 887 contra

490 920 814 975 inimicum.
849 922 1036 985 Quare
1082 920 1424 976 imminente
1481 926 1689 988 morte,
1723 922 1896 993 coepit
1929 938 2132 992 pavere

491 1015 549 1066 et
576 1009 784 1065 anxius
814 1026 964 1077 esse,
998 1010 1359 1081 rogabatque
1390 1014 1454 1065 ut
1506 1011 1785 1066 transiret
1835 1010 1983 1067 calix
2012 1011 2130 1081 ille,

490 1103 664 1169 atque
688 1097 980 1153 clamabat
1013 1115 1026 1153 :
1068 1122 1087 1147 α
1122 1099 1374 1169 Spiritus
1407 1099 1646 1170 quidem
1686 1105 1993 1171 promptus
2023 1105 2132 1171 est,

490 1203 623 1243 caro
654 1191 854 1243 autem
886 1187 1121 1241 infirma
1149 1188 1232 1255 ως
1280 1210 1306 1235 ››
1341 1194 1404 1242 ut
1433 1188 1803 1244 adversarius
1835 1195 2032 1245 noster
2060 1190 2133 1245 ad

489 1278 690 1348 ipsum
722 1284 785 1331 ut
815 1276 1114 1331 hominem
1146 1278 1448 1348 accedens,
1483 1277 1740 1332 divinam
1780 1279 2137 1350 experiretur

490 1366 792 1421 virtutem.

568 1562 652 1616 15.
684 1562 786 1617 His
834 1562 1016 1635 igitur
1070 1564 1362 1620 adductus
1413 1563 1595 1620 miser
1630 1564 1749 1631 ille,
1782 1564 1995 1622 illusus
2028 1572 2136 1636 est,

494 1655 670 1724 atque
709 1652 781 1707 ad
813 1651 1126 1707 Dominum
1150 1654 1415 1709 accessit.
1448 1653 1593 1709 Hinc
1643 1660 1956 1726 conspecta
2011 1658 2139 1728 ejus

493 1740 855 1809 fortitudine,
888 1741 1191 1797 exhorruit
1239 1760 1252 1798 :
1299 1742 1424 1799 visa
1455 1744 1665 1801 deinde
1710 1747 1971 1818 corporis
2010 1747 2139 1819 ejus

2236 581 2387 634 γων,
2443 563 2576 638 πρὸς
2631 566 2729 633 τὴν
2791 568 3252 640 σχηματισθεῖσαν
3310 561 3577 625 ἀσθένειαν
3640 558 3881 616 ἀποϐλέ-

2236 670 2375 719 πων,
2426 652 2697 727 θαρρήσας
2745 652 3061 727 προσέλθοι,
3105 652 3193 706 xui
3226 653 3253 705 6
3282 657 3524 727 γενναῖος
3576 650 3884 719 παλαιστὴς

2237 743 2305 811 τῇ
2365 740 2601 813 ἀσθενείᾳ
2658 741 3163 817 προσκαλεσάμενος
3197 785 3211 810 ,
3269 745 3337 814 τῇ
3397 742 3585 795 ἑαυτοῦ
3662 737 3886 811 δυνάμει

2239 830 2447 897 νικήσει
2478 833 2608 904 (89)·
2654 832 2796 886 οὕτω
2843 832 2932 885 καὶ
2966 833 2993 885 6
3043 831 3237 905 Κύριος
3286 828 3599 905 ἀνθρωπίνῃ
3645 828 3890 899 ἀσθενείᾳ

2242 922 2778 995 προσκαλεσάμενος,
2826 928 2894 997 τῇ
2958 924 3148 978 ἑαυτοῦ
3208 920 3431 994 δυνάμει
3490 920 3739 996 ένίσχυσε
3793 922 3889 974 τὸν

2242 1008 2523 1085 ἄνθρωπον
2580 1013 2715 1067 κατᾶ
2769 1019 2865 1069 τοῦ
2924 1014 3146 1089 ἐχθροῦ.
3209 1013 3305 1066 Διὰ
3359 1016 3521 1066 τοῦτο
3594 1012 3735 1084 παρά
3792 1012 3890 1064 τὸν

2242 1100 2427 1174 καιρὸν
2459 1106 2556 1156 τοῦ
2588 1101 2813 1157 θανάτου
2838 1106 2951 1173 (90)
2999 1100 3087 1156 xui
3136 1099 3423 1173 ἀδημονεῖ,
3455 1100 3543 1154 καὶ
3584 1099 3893 1174 περίλυπος

2242 1186 2443 1263 ἤρξατο
2474 1190 2734 1264 γίνεσθαι·
2787 1191 2877 1246 καὶ
2926 1189 3101 1246 έδέετο
3152 1191 3437 1265 παρελθεῖν
3482 1188 3653 1243 έκεῖνο
3698 1188 3762 1242 τὸ
3793 1210 3894 1241 που

2242 1280 2458 1352 τήριον,
2506 1279 2595 1333 καὶ
2645 1275 2790 1334 ἐϐόα·
2827 1305 2855 1332 ‹‹
2887 1280 2956 1334 Τὸ
3008 1281 3100 1353 μὲν
3156 1283 3369 1350 πνεῦμα
3415 1277 3719 1353 πρόθυμον,
3766 1279 3801 1344 ἣ
3832 1276 3894 1331 δὲ

2247 1367 2374 1439 σὰρξ
2433 1369 2545 1440 (91)
2606 1369 2850 1438 ἀσθενής·
2914 1392 2943 1420 ››
2998 1366 3089 1423 ’ίνα
3146 1369 3175 1422 6
3231 1364 3500 1427 ἀντίδικος
3558 1368 3757 1438 ἡμῶν,
3815 1366 3896 1427 ὡς

2248 1455 2518 1531 ἀνθρώπῳ
2537 1455 2874 1532 προσελθὼν,
2905 1460 3135 1533 πειραθῇ
3165 1456 3310 1518 θείας
3342 1453 3641 1529 δυνάμεως.

2322 1564 2405 1619 15.
2444 1562 2667 1625 Τούτοις
2716 1568 2850 1639 γοῦν
2906 1562 3163 1639 ὑπαχθεὶς
3198 1563 3225 1617 6
3258 1560 3469 1634 ἅθλιος,
3521 1561 3756 1639 έπαίχθη
3804 1562 3902 1617 καὶ

2248 1651 2529 1726 προσῆλθε
2557 1656 2636 1723 τῷ
2674 1652 2875 1727 Κυρίῳ,
2908 1653 3064 1722 Εἶτα,
3095 1654 3313 1728 θεωρῶν
3360 1652 3459 1721 τὴν
3512 1649 3754 1727 ἀνδρείαν
3807 1653 3903 1705 αύ-

2248 1744 2366 1809 τοῦ,
2409 1741 2763 1811 κατέπτησσε·
2818 1747 3034 1817 θεωρῶν
3097 1738 3153 1795 δὲ
3209 1740 3298 1795 καὶ
3355 1742 3451 1808 τὴν
3510 1742 3899 1813 τοῦσώματος

494 1829 857 1899 inﬁrmitate,
889 1832 1198 1887 audaciam
1221 1834 1576 1905 resumpsit:
1603 1851 1667 1889 ac
1698 1836 1910 1893 deinde
1938 1838 2131 1895 videre

2249 1830 2544 1901 ἀσθένειαν,
2575 1828 2738 1885 πάλιν
2781 1828 3007 1903 ἐτόλμα·
3040 1831 3129 1884 καὶ
3164 1829 3353 1884 Λοιπὸν
3400 1832 3463 1898 ἦν
3494 1827 3626 1883 ἰδεῖν
3673 1830 3762 1884 τὸν
3797 1830 3900 1901 μὲν

495 1922 623 1975 erat
646 1919 948 1974 diabolum
981 1920 1217 1991 quidem
1247 1936 1380 1976 cum
1411 1926 1531 1978 toto
1563 1940 1670 1979 suo
1700 1927 1978 1994 exercitu,
2003 1945 2137 1988 cum

494 2008 943 2082 principatibus,
985 2026 1118 2065 cum
1170 2011 1559 2081 potestatibus
1588 2014 1714 2069 suis
1742 2014 1981 2088 fugere;
2026 2023 2136 2076 Do-

492 2099 723 2153 minum
755 2113 909 2168 vero,
941 2098 1220 2154 humanis
1255 2100 1437 2156 armis
1484 2102 1833 2160 diabolicam
1880 2110 2136 2167 turmam

491 2188 743 2259 insequi.
778 2187 903 2243 Non
935 2188 1121 2243 multo
1176 2188 1391 2261 quippe
1438 2190 1574 2247 hinc
1612 2195 1893 2265 temporis
1924 2199 2135 2269 spatio,

486 2276 799 2332 inimicum
849 2276 1124 2332 omnibus
1155 2277 1449 2349 spoliavit,
1497 2284 1731 2352 quando
1763 2285 2001 2341 demum
2037 2304 2140 2359 pu-

487 2366 628 2421 dore
677 2367 918 2421 aﬂ‘ectus
951 2382 1055 2438 per
1101 2383 1229 2422 sese
1260 2368 1457 2422 omnia
1489 2370 1666 2424 movit
1705 2377 1907 2428 contra
1943 2376 2133 2431 Domi-

485 2471 633 2510 num
660 2471 675 2522 ;
706 2454 941 2511 Judaeos
969 2453 1192 2510 scilicet
1221 2459 1287 2511 ut
1309 2458 1802 2528 conspirationem
1824 2466 2137 2532 struerent,

487 2544 741 2601 Pilatum
795 2546 860 2598 ut
907 2545 1229 2615 damnaret,
1265 2544 1482 2602 milites
1532 2551 1596 2602 ut
1642 2548 1754 2620 ipsi
1810 2549 2138 2622 illuderent,

487 2634 732 2707 ignarus
766 2648 828 2688 se
857 2650 923 2689 ea
955 2633 1155 2689 omnia
1212 2636 1521 2691 adversum
1572 2652 1701 2692 sese
1747 2639 1960 2695 moliri.
1993 2641 2139 2699 Nam

490 2741 641 2782 caeca
671 2740 764 2779 res
793 2727 881 2780 est
911 2722 1154 2791 malitia,
1203 2728 1259 2779 et
1310 2724 1638 2796 improvida
1677 2743 1769 2783 res
1800 2733 1888 2784 est
1920 2730 2138 2803 impro-

490 2816 665 2886 bitas,
698 2818 763 2870 ut
795 2830 919 2885 qua:
969 2829 1084 2868 non
1138 2814 1488 2886 intelligeret
1538 2832 1600 2870 se
1649 2833 1787 2873 suas
1835 2825 2033 2877 contra
2076 2838 2137 2879 se

490 2921 705 2961 manus
722 2920 946 2959 acuere.
969 2903 1472 2969 Quemadmodum
1497 2904 1651 2961 enim
1677 2906 1723 2962 si
1750 2909 1881 2979 quis
1906 2926 2138 2982 serpen-

490 2998 610 3050 tem
661 3009 839 3048 manu
890 3009 998 3047 sua
1049 2991 1517 3063 apprehenderit,
1573 3000 1630 3049 et
1674 2996 1924 3053 voluerit
1970 3000 2137 3056 alteri

491 3081 1057 3155 projicere,ipseque
1089 3080 1426 3136 mordeatur
1466 3099 1479 3137 :
1515 3087 1616 3138 aut
1646 3083 1778 3156 igne
1801 3103 1981 3143 manu
2014 3106 2137 3146 cor-

492 3176 655 3243 repto
675 3170 813 3225 velit
832 3168 1070 3225 inimico
1098 3170 1673 3243 nocere,ignoretque
1696 3190 1823 3230 sese
1843 3178 2131 3249 comburi;

492 3261 577 3317 ita
606 3259 832 3315 malitia
862 3260 1143 3314 adversus
1172 3272 1272 3313 eos
1303 3258 1565 3325 dimicat,
1597 3261 1697 3331 qui
1728 3261 1829 3318 illa
1860 3268 2131 3336 utuntur,

492 3346 954 3421 magisqueillos
986 3346 1377 3418 lteditquibus
1402 3347 1574 3419 inest,
1607 3365 1781 3421 quam
1815 3368 1914 3408 eos
1945 3355 2142 3411 adver-

495 3456 629 3495 sum
665 3454 809 3508 quos
839 3452 965 3492 eam
1000 3435 1349 3491 immittunt.
1390 3436 1485 3493 Sic
1515 3437 1737 3495 Pharao
1771 3456 1973 3512 capere
2000 3444 2141 3501 dum

494 3526 688 3595 vellet,
723 3530 928 3598 captus
961 3528 1069 3592 cst,
1100 3528 1156 3580 et
1189 3539 1431 3581 exorsus
1462 3529 1756 3599 persequi,
1790 3534 2140 3601 persecutio-

497 3635 633 3676 nem
681 3634 896 3690 passus
941 3621 1049 3686 est,
1100 3620 1158 3672 et
1210 3616 1353 3671 dum
1402 3632 1601 3673 necem
1652 3617 1784 3676 altis
1818 3621 2140 3695 moliretur,

498 3709 846 3766 submersus
872 3713 981 3762 est.
1016 3706 1103 3760 Ita
1131 3709 1188 3761 et
1219 3704 1477 3774 Goliatze,
1510 3707 1726 3779 quibus
1757 3710 2139 3782 gloriabatur,

496 3798 569 3855 iis
602 3798 985 3852 detruncatus
1026 3798 1133 3863 est,
1167 3796 1225 3848 et
1273 3793 1526 3866 spoliare
1571 3813 1807 3869 parans,
1857 3800 2144 3871 spoliatus

496 3892 605 3943 est.
640 3886 903 3958 ldipsum
948 3883 1163 3938 misero
1193 3884 1385 3940 evenit
1432 3885 1664 3956 dabolo,
1700 3888 1800 3959 qui
1832 3889 1974 3944 dum
2016 3894 2140 3946 ten-

496 3981 619 4034 tare
646 3975 838 4041 vellet,
872 3974 931 4027 in
965 3973 1184 4029 malum
1217 3972 1425 4030 incidit
1470 3992 1484 4030 :
1533 3976 1675 4032 dum
1722 3977 1941 4034 milites
1980 3996 2139 4035 com-

498 4079 729 4120 movere
758 4060 1211 4133 cuperet,magis
1235 4061 1359 4131 ipse
1387 4061 1447 4116 in
1478 4064 1856 4121 carnificibus
1877 4082 2141 4122 commo-

496 4157 614 4219 tus,
641 4150 839 4207 omnia
860 4153 1063 4205 contra
1085 4163 1215 4204 sese
1237 4149 1461 4221 agebat.
1486 4150 1631 4207 Nam
1656 4153 1832 4209 etiam
1856 4158 1981 4210 tum
2005 4173 2138 4212 cum

496 4240 847 4315 spolaretur,
880 4237 1094 4293 latebat
1143 4238 1482 4293 hominibus
1511 4240 1714 4296 victori
1744 4260 1757 4309 ;
1807 4260 1982 4315 quam
2016 4244 2140 4316 ipse

494 4329 719 4396 infelix,
749 4328 970 4384 invitus
1001 4326 1152 4394 licet,
1180 4326 1238 4382 in
1273 4327 1461 4383 lucem
1492 4329 1736 4400 protulit
1768 4348 1780 4387 :
1816 4348 1949 4389 cum
1983 4335 2138 4390 enim

495 4422 802 4478 exueretur
834 4416 1138 4483 Dominus,
1161 4417 1606 4489 trophaaumque
1640 4419 1916 4477 adversus
1946 4423 2143 4478 diabo-

494 4511 617 4566 lum
646 4506 1019 4563 invisibiliter
1038 4506 1401 4579 exigeretur;
1434 4511 1499 4561 ut
1519 4507 1710 4579 palam
1743 4509 1799 4564 id
1836 4511 2141 4577 fieret,sta-

2248 1915 2506 1974 διάϐολον
2540 1918 2630 1973 σὺν
2664 1914 2766 1993 ὅλῃ
2805 1918 2873 1993 τῇ
2921 1923 3142 1993 στρατιᾷ
3172 1918 3357 1991 αὐτοῦ,
3386 1917 3476 1972 καὶ
3517 1923 3635 1980 ταῖς
3668 1918 3897 1994 ἀρχαῖς,

2243 2009 2333 2063 καὶ
2389 2014 2506 2070 ταῖς
2567 2006 2829 2078 ἐξουσίαις
2885 2007 3049 2062 αὐτοῦ
3104 2007 3385 2085 φεύγοντα·
3443 2006 3534 2061 τὸν
3593 2004 3649 2060 δὲ
3696 2007 3896 2082 Κύριον

2246 2096 2596 2172 ἀνθρωπίνοις
2659 2095 2853 2157 ὅπλοις
2929 2094 3195 2151 διώκοντα
3248 2097 3348 2163 τήν
3406 2090 3724 2165 διαϐολικὴν
3788 2098 3893 2173 φά-

2247 2185 2443 2261 λαγγα.
2478 2184 2555 2242 Οὐ
2583 2188 2683 2261 γάρ
2714 2183 2861 2240 πολὺ
2892 2186 3080 2261 γέγονε
3110 2186 3171 2239 τὸ
3223 2182 3516 2257 διάστημα,
3547 2185 3638 2239 καὶ
3677 2186 3895 2239 πάντων

2248 2274 2534 2330 έσκύλευσε
2582 2276 2673 2329 τὸν
2720 2273 2939 2349 ἐχθρόν·
2992 2273 3080 2329 ὅτε
3123 2273 3533 2349 καταισχυνθεὶς
3581 2271 3774 2328 λοιπὸν
3821 2272 3895 2328 δι’

2247 2365 2436 2419 ἑαυτοῦ
2493 2362 2649 2419 ἐκίνει
2712 2364 2880 2418 πάντα
2934 2363 3069 2418 κατὰ
3139 2368 3235 2417 τοῦ
3295 2363 3494 2438 Κυρίου
3529 2382 3541 2393 ·
3596 2360 3894 2425 Ἰουδαίους

2252 2454 2368 2528 μὶν,
2413 2452 2505 2508 ’ίνα
2552 2454 3002 2521 συσκιυάσωνται,
3048 2451 3283 2508 Πιλᾶτον
3335 2450 3393 2507 δὲ
3440 2451 3529 2507 ’ίνα
3577 2454 3891 2528 κατακρίνῃ·

2245 2541 2369 2605 τοὺς
2424 2540 2480 2597 δὲ
2532 2543 2882 2617 στρατιώτας,
2925 2540 3019 2597 ’ίνα
3068 2541 3301 2611 παίζωσι
3350 2542 3467 2597 κατ’
3514 2541 3696 2595 αὐτοῦ·
3746 2541 3895 2597 ἀλλὰ

2246 2632 2335 2686 καὶ
2387 2636 2547 2687 τοῦτο
2601 2630 2787 2706 ἠγνόει
2840 2632 2959 2686 καθ’
3008 2630 3197 2686 ἑαυτοῦ
3248 2635 3440 2685 ποιῶν·
3475 2630 3676 2708 τυφλὸν
3723 2631 3823 2708 γὰρ
3852 2635 3888 2701 ἡ

2244 2720 2426 2792 κακία,
2470 2720 2558 2775 καὶ
2608 2720 2941 2795 ἀπροόρατον
2992 2723 3027 2790 ἠ
3082 2719 3333 2796 πονηρία·
3385 2722 3503 2774 καθ’
3553 2721 3745 2789 ἑαυτῆς
3795 2722 3894 2784 τὰς

2248 2814 2437 2885 χεῖρας
2487 2810 2731 2865 ἀκονῶσα
2778 2810 2988 2884 ἠγνόει.
3034 2810 3157 2863 Οἷον
3218 2810 3321 2884 γὰρ
3372 2808 3425 2863 εἷ’
3462 2830 3545 2871 τις
3593 2805 3768 2885 ὄφεως
3818 2814 3889 2883 τῇ

2246 2899 2393 2975 χειρὶ
2428 2894 2768 2970 ἐπιλάϐοιτο,
2807 2898 2894 2953 xui
2927 2898 3098 2953 θέλων
3130 2898 3219 2953 καὶ
3260 2897 3426 2972 ἑτέρῳ
3468 2898 3641 2974 ῥῖψαι,
3674 2900 3891 2955 πάντως

2246 2987 2403 3051 αὐτὸς
2439 2986 2667 3064 ὲδάχθη·
2700 2989 2735 3057 ἢ
2767 2988 2857 3042 καὶ
2887 2992 2993 3063 πῦρ
3021 2986 3091 3062 τῇ
3140 2984 3285 3063 χειρῖ
3315 2992 3547 3060 κρατῶν,
3580 2988 3669 3040 xui
3717 2986 3894 3042 θέλων

2243 3078 2333 3133 τὸν
2368 3077 2560 3153 ἐχθρὸν
2595 3075 2871 3147 ἀδικῆσαι,
2900 3076 2999 3131 ούκ
3028 3074 3191 3147 οἶδεν,
3225 3077 3306 3131 ὅτι
3340 3077 3553 3137 πάντως
3602 3075 3761 3138 αὐτὸς
3791 3098 3893 3129 κα-

2245 3167 2536 3221 τακαίεται·
2589 3166 2762 3228 οὕτως
2811 3168 2845 3235 ἡ
2894 3166 3055 3221 κακία
3094 3166 3229 3220 κατὰ
3271 3169 3377 3219 τῶν
3417 3166 3722 3240 χρωμένων
3751 3164 3891 3238 αὐτῇ

2250 3255 2633 3329 στρατεύεται,
2692 3254 2781 3309 xui
2861 3254 3072 3329 μᾶλλον
3142 3252 3315 3309 ἀδικεῖ
3367 3254 3494 3316 τοὺς
3561 3256 3894 3329 κατέχοντας

2249 3346 2283 3414 ἣ
2311 3345 2445 3421 πρὸς
2490 3344 2578 3406 οὖς
2627 3344 2685 3399 ἃν
2728 3343 2892 3414 αὐτὴν
2925 3341 3242 3399 ἀποστεῖλαι
3276 3342 3503 3398 θέλωσιν
3537 3347 3668 3415 (92).
3712 3343 3901 3405 Οὕτως

2252 3435 2279 3489 6
2312 3436 2535 3509 Φαραὼ,
2566 3432 2739 3489 θέλων
2770 3429 3113 3506 καταλαϐεῖν,
3154 3433 3494 3511 κατελήφθη·
3541 3432 3630 3487 xui
3661 3432 3899 3507 ἀρξάμε-

2250 3545 2338 3587 νος
2393 3521 2628 3594 διώκειν,
2686 3521 3063 3599 κατεδιώχθη·
3123 3523 3211 3577 καὶ
3270 3523 3580 3577 ἀποκτεῖναι
3640 3520 3900 3593 θελήσας,

2251 3614 2660 3684 κατεποντίσθη.
2722 3614 2905 3676 Οὕτως
2966 3614 2993 3667 6
3052 3611 3275 3681 Γολιᾶθ,
3334 3611 3384 3666 έν
3438 3632 3518 3672 ou:
3557 3610 3810 3684 ἐπήρετο,
3844 3611 3900 3665 ἐν

2250 3702 2463 3765 τούτοις
2494 3704 2804 3777 ἀπετμήθη,
2856 3703 2945 3757 καὶ
3000 3700 3286 3756 σκυλεῦσαι
3334 3700 3524 3773 θέλων,
3572 3698 3900 3770 ἐσκυλεύθη.

2250 3796 2447 3847 Τοῦτον
2495 3793 2585 3847 τὸν
2633 3792 2835 3867 τρόπον
2885 3790 3115 3845 πέπονθε
3156 3789 3245 3844 xui
3296 3790 3323 3843 6
3370 3787 3556 3851 ἄθλιος
3612 3783 3895 3850 διάϐολος·

2250 3881 2500 3958 πειράσαι
2531 3884 2634 3957 γὰρ
2667 3879 2862 3948 θέλων,
2894 3880 3205 3952 ἒπειράσθη,
3238 3878 3327 3933 xui
3377 3884 3537 3933 κινῶν
3571 3878 3698 3939 τοὺς
3729 3898 3902 3951 στρα-

2248 3972 2471 4040 τιώτας,
2509 3969 2719 4043 μᾶλλον
2755 3967 2811 4024 δὶ
2844 3968 2999 4031 αὐτὸς
3034 3967 3084 4022 ἰν
3115 3974 3232 4030 τοῖς
3280 3965 3506 4041 δημίοις
3554 3966 3898 4040 κινούμενος,

2251 4066 2366 4124 καθ’
2396 4060 2586 4115 ἑαυτοῦ
2616 4058 2786 4114 πάντα
2818 4056 3053 4134 ἐνήργει.
3087 4058 3243 4131 Ἀρτι
3284 4058 3385 4133 γὰρ
3435 4057 3774 4123 ἐσκυΛεύετο,
3804 4057 3897 4110 xui

2251 4149 2455 4227 ἀφανὴς
2484 4152 2547 4217 ἦν
2580 4152 2694 4209 τοῖς
2717 4151 2826 4220 (93)
2851 4148 3156 4219 ἀνθρώποις
3178 4146 3212 4215 ἠ
3240 4144 3385 4215 νίκη·
3412 4144 3537 4201 ἀλλ’
3568 4145 3643 4200 εἰς
3667 4145 3895 4223 φανερὸν

2251 4238 2415 4307 αὐτὴν
2444 4236 2656 4314 ἤνεγκε,
2705 4239 2795 4292 xui
2843 4238 2985 4292 άκων
3019 4237 3046 4291 6
3078 4234 3284 4296 ἄθλιος·
3336 4235 3410 4296 ὡς
3440 4235 3540 4311 γὰρ
3591 4232 3897 4289 ἀπεδύσατο

2251 4329 2278 4383 ὀ
2311 4328 2531 4403 Κύριος,
2563 4327 2652 4382 xui
2684 4328 2872 4404 γέγονε
2923 4326 2985 4380 τὸ
3030 4323 3307 4401 γενόμενον
3359 4322 3603 4400 ἀοράτως
3636 4324 3769 4378 κατὰ
3797 4328 3898 4377 τοῦ

2251 4413 2513 4472 διαϐόλου
2556 4416 2838 4492 τρόπαιον,
2866 4412 2959 4469 ⁸ίνα
3004 4415 3092 4469 xui
3140 4419 3300 4469 τοῦτο
3368 4413 3593 4492 φανερὸν
3644 4414 3893 4487 γένηται,

2251 4507 2445 4568 εὐθέως
2495 4508 2607 4580 (94)
2643 4508 2734 4579 μὶν
2797 4502 3041 4559 ἐνέδυσαν
3103 4504 3283 4575 αὐτὸν,
3346 4504 3422 4565 ὡς
3483 4504 3577 4575 μὲν
3638 4502 3897 4573 Ἰωάννης

496 4599 601 4656 tim
633 4598 955 4654 induerunt
983 4596 1151 4663 illud,
1184 4598 1250 4651 ut
1292 4596 1549 4652 Joannes
1599 4597 1700 4665 ait,
1746 4614 2043 4671 purpura;
2079 4606 2137 4656 ut

2250 4594 2416 4671 λέγει,
2450 4594 2748 4672 πορφύραν,
2780 4594 2855 4656 ὡς
2905 4592 2962 4647 δὲ
3009 4595 3286 4655 Ματθαῖος
3333 4593 3423 4647 xui
3464 4591 3707 4665 Μάρκος,
3747 4590 3894 4667 χλα-

497 4688 803 4744 Matthaaus
829 4691 886 4742 et
906 4683 1472 4756 Marcus,chlamyde
1494 4686 1782 4757 coccinea,
1807 4690 1981 4759 capiti
2013 4690 2142 4761 ejus

498 4793 774 4835 coronam
806 4791 874 4831 ex
905 4775 1093 4847 spinis
1115 4774 1544 4846 imposuerunt,
1569 4775 1916 4832 arundinem
1942 4777 1999 4831 in
2025 4795 2144 4834 ma-

499 4884 641 4923 num
672 4864 1063 4929 tradiderunt,
1094 4867 1151 4919 et
1189 4878 1321 4918 cum
1373 4862 1456 4919 ita
1504 4864 1910 4937 producerent,
1951 4882 2140 4940 genua

497 4956 809 5013 ﬂectebant
846 4957 980 5010 ante
1008 4951 1198 5009 illum.

565 5064 651 5119 16.
705 5059 1057 5119 Miraculum
1104 5076 1319 5116 novum
1371 5064 1428 5116 et
1472 5061 1814 5119 incredibile
1873 5080 2135 5137 magnae-

486 5221 507 5290 :
558 5217 602 5253 ⁸⁸
631 5216 836 5274 Matth.
868 5231 1023 5284 xxvr,
1054 5215 1142 5271 41.

704 5372 788 5444 Τῇ
822 5368 1012 5423 ἓαυτοῦ
1061 5364 1279 5440 δυνάμει
1331 5366 1601 5444 ἆνίσχυσε,
1649 5369 1800 5425 Felc.
1832 5371 1866 5425 3
1897 5370 2135 5426 omissis

493 5444 935 5587 milillil‘fltegius
953 5520 1012 5587 et
1040 5510 1184 5567 Felc.
1210 5512 1419 5587 3,__1'tup_'
1449 5510 1583 5564 αὐτὰ
1610 5515 1705 5564 τοῖ’)
1726 5512 1971 5566 θανάτου.
2006 5513 2136 5569 Mox

500 5580 729 5645 codices
761 5580 882 5655 alii,
913 5580 1179 5655 ἀδημονεῖ
1207 5584 1327 5651 alii,
1357 5580 1675 5655 ἀδημονεῖν.

570 5604 729 5643 uices
761 5604 882 5655 alu,
913 5604 1013 5653 αοη
1067 5604 1176 5637 ονει
1207 5604 1327 5651 alii,
1357 5604 1599 5655 αοημονε

570 5660 682 5732 (91)
714 5660 779 5713 In
810 5673 946 5714 voce
976 5604 1121 5729 σάρξ,
1155 5656 1349 5711 deﬁcit
1375 5656 1523 5711 Felc.
1546 5657 1599 5710 3.

2255 4683 2395 4759 μύδα
2446 4684 2742 4754 κοκκίνην,
2790 4683 2879 4738 καὶ
2928 4684 3181 4760 στέφανον
3234 4681 3281 4754 ἐξ
3340 4680 3581 4744 ἀκανθῶδ
3644 4681 3730 4735 ἐπὶ
3787 4682 3885 4747 τὴν

2249 4774 2489 4853 κειραλὴν
2539 4773 2723 4844 αὐτοῦ,
2775 4772 2862 4827 xui
2912 4770 3160 4845 κάλαμον
3202 4771 3289 4825 ἐπὶ
3343 4776 3504 4846 χεῖρα
3534 4767 3765 4825 ἐδίδουν·
3797 4771 3888 4825 καὶ

2250 4864 2393 4920 οὕτω
2424 4864 2781 4940 προσάγοντες
2808 4863 2944 4935 (95),
2978 4860 3329 4937 έγονυπέτουν
3359 4859 3524 4933 αὐτῷ.

2322 5065 2409 5119 16.
2443 5064 2631 5133 θαῦμα
2676 5058 2857 5114 καινὸν
2907 5056 2995 5112 καὶ
3045 5053 3365 5133 παράδοξον,
3412 5057 3503 5110 καὶ
3550 5054 3704 5124 νίκης
3753 5054 3892 5127 ἀλη-

2319 5370 2427 5441 (92)
2460 5368 2709 5441 Αηεξιίιι.Δ
2733 5371 2791 5423 et
2821 5365 2994 5441 B_as_il_.
3032 5365 3290 5441 secunda
3312 5382 3535 5441 _manu,
3564 5362 3889 5434 θελήσωσιν.

2315 5435 2423 5512 (93)
2458 5435 2809 5511 ῐῐᾶἮθείυε.
2841 5438 3188 5512 Editivero,
3210 5436 3277 5505 ἦν
3308 5435 3360 5490 ἰν
3390 5441 3530 5497 τοῖς.

2339 5512 2429 5579 94)
2463 5520 2503 5564 Α
2516 5508 2842 5582 nglicanus,
2864 5508 3093 5582 ,Εὐθέως
3125 5509 3249 5582 γάρ.

2336 5585 2422 5652 95)
2454 5578 2688 5657 Begius,
2738 5579 3083 5657 προάγοντες.
3138 5578 3265 5639 mox
3316 5580 3471 5636 idem
3521 5595 3657 5635 cum
3715 5578 3888 5651 Angl.

2242 5651 2596 5731 έγονυπέτοῦν
2630 5651 2808 5710 αὐτόν.
