4372 6214
447 392 563 454 213
1487 395 1588 455 DE
1634 394 2018 455 PASSIONE
2064 395 2161 455 ET
2206 394 2459 455 CRUCE
2504 392 2809 455 DOMlNI.
3741 393 3856 451 214

449 529 557 589 θῶς
606 522 849 599 μεγάλης
895 523 1218 600 γνώρισμαί
1270 524 1327 579 δν
1373 523 1476 601 γὰρ
1517 525 1592 587 ὡς
1636 522 1917 601 ἄνθρωπον
1949 522 2091 602 ἔκρι-
2124 529 2175 596 Α

2124 529 2176 596 Α
2207 542 2319 599 que
2350 525 2598 581 victoriae
2647 524 2815 597 plane
2865 522 3317 594 argumentum!
3353 538 3527 593 quem
3573 524 3726 578 enim
3778 529 3844 581 ut

445 635 554 683 ναν,
602 618 792 668 τοῦτον
839 614 1246 683 ἀποθνήσκοντα
1295 613 1485 669 λοιπὸν
1535 616 1608 676 ὡς
1659 614 1785 670 Θεὸν
1826 613 2091 689 προσεκύ-

2201 615 2498 671 hominem
2553 616 3100 682 condemnaverant,
3135 613 3291 667 hunc
3340 612 3545 668 exinde
3590 612 3840 668 morien-

444 722 588 757 νουν·
619 702 709 757 καὶ
740 698 797 756 ὅν
824 700 1128 773 ἐξουθὲνουν
1162 703 1234 764 ὡς
1284 702 1499 772 εὐτελῆ,
1543 708 1733 758 τοῦτον
1777 702 2087 777 ὁμολόγουν

2200 709 2316 759 tem
2350 710 2415 760 ut
2451 710 2628 760 Deum
2659 704 2978 760 adorabunt
3010 720 3023 771 ;
3057 708 3113 758 et
3144 717 3318 773 quem
3352 700 3836 772 aspernabantur,

449 788 694 865 βασιλέα·
745 790 833 844 καὶ
883 790 971 867 ἀφ’
1023 790 1084 843 οὗ
1133 791 1199 844 τὰ
1236 790 1475 865 τυχόντα
1506 790 1693 863 ἱμάτια
1724 794 1880 865 ἦραν,
1911 789 2090 861 τούτῳ

2200 794 2367 865 quasi
2399 794 2620 849 nullius
2664 794 2831 866 pretii
2883 791 3205 861 hominem,
3254 790 3408 845 hunc
3457 790 3669 861 Regem
3703 805 3838 845 con-

442 878 721 956 πορφύραν
783 878 1136 952 περιετίθουν·
1192 880 1282 932 καὶ
1342 877 1399 932 ὅν
1461 879 1559 932 οὐκ
1613 878 1812 940 εἰδότες
1844 874 2087 952 ὕϐριζον,

2200 883 2517 938 {itebantur
2541 900 2554 949 ;
2588 900 2621 937 a
2652 899 2765 953 quo
2792 880 2927 936 vilia
2951 880 3315 936 abstulerant
3341 881 3430 934 71
3469 879 3834 950 vestimenta,

440 966 632 1023 τοῦτον
683 969 970 1043 προφήτην
1019 967 1107 1021 καὶ
1159 964 1374 1028 ἄκοντες
1424 967 1854 1043 προσηγόρευον·
1908 966 1994 1021 καὶ
2028 965 2084 1020 δν

2197 988 2331 1027 eum
2392 989 2653 1043 purpura
2708 970 3197 1037 circumdabant;
3254 985 3426 1040 quem
3461 967 3655 1040 ignari
3701 984 3833 1023 con-

442 1051 662 1125 ἔπαιζον
704 1054 1014 1128 τύπτοντες,
1082 1055 1260 1129 τούτῳ
1306 1058 1371 1109 τα
1428 1059 1721 1131 νικητήρια
1778 1053 2085 1119 ἀπεδίδουν,

2196 1061 2457 1117 tumeliis
2517 1061 2869 1127 efficiebant,
2935 1075 3066 1114 eum
3146 1058 3491 1130 pr0phetam
3559 1056 3694 1113 licet
3752 1058 3836 1113 in-

439 1146 538 1213 τήν
566 1144 822 1215 κοκκίνην
856 1142 1137 1220 χλαμύδα,
1172 1146 1259 1200 καὶ
1292 1146 1381 1199 τὸν
1418 1144 1467 1215 ἐξ
1519 1146 1760 1207 ἀκανθῶν
1811 1144 2083 1222 στέφανον,

2194 1150 2298 1204 viti
2352 1148 2726 1221 appellabant
2778 1167 2790 1204 :
2840 1164 3014 1219 quem
3066 1164 3198 1202 cum
3230 1146 3485 1202 ludibrio
3519 1146 3830 1215 caedebant,

440 1236 528 1289 καὶ
576 1235 666 1289 τὸν
706 1233 973 1306 κάλαμον.
1028 1234 1091 1288 Εἰ
1140 1236 1243 1308 γὰρ
1283 1234 1371 1289 καὶ
1422 1234 1497 1295 ὡς
1530 1230 1834 1308 ὑϐρίζοντες
1867 1232 2082 1287 ἐποίουν

2195 1240 2245 1295 ei
2298 1239 2552 1294 victorias
2614 1238 2830 1293 indicia
2887 1237 3215 1303 tradebant,
3247 1235 3612 1309 chlamydem
3644 1236 3833 1292 cocci-

437 1328 623 1391 ταῦτα,
673 1321 800 1378 ἀλλ’
848 1324 1102 1399 ἠγνόουν,
1137 1323 1219 1378 ὅτι
1246 1325 1335 1378 καὶ
1366 1321 1581 1384 ἄκοντες
1616 1321 1966 1377 ἐσκυλεύοντο
2000 1321 2086 1375 ὑπ’

2195 1345 2384 1399 neam,
2444 1344 2716 1383 coronam
2778 1327 2846 1382 de
2904 1325 3111 1398 spinis,
3171 1329 3228 1381 et
3282 1325 3831 1381 arundinem.Nam

436 1411 601 1467 αὐτοῦ
646 1414 779 1483 (96).
832 1409 1053 1480 Ἐπειδή
1101 1410 1200 1487 γὰρ
1247 1416 1314 1484 τῇ
1365 1412 1601 1485 ἁμαρτίᾳ
1646 1411 2082 1489 πεφονοκτόνητο

2192 1416 2327 1473 licet
2354 1434 2422 1473 ea
2450 1432 2553 1489 per
2582 1414 2993 1471 contumeliam
3046 1418 3283 1485 agerent
3334 1431 3345 1468 :
3397 1418 3455 1468 at
3484 1413 3834 1484 ignorabant

435 1502 470 1570 ἡ
524 1507 593 1577 γῆ
645 1499 747 1555 ύπὸ
796 1504 893 1555 τοῦ
946 1496 1229 1569 διαϐόλου,
1283 1522 1372 1555 και
1402 1498 1592 1555 πλεῖον
1624 1498 1828 1555 ὑδάτων
1860 1498 2079 1573 α’ίμασιν

2191 1522 2254 1561 se
2309 1506 2484 1561 etiam
2543 1505 2756 1560 invitos
2816 1505 2885 1558 ab
2946 1503 3072 1575 ipso
3128 1502 3399 1574 spoliari.
3475 1504 3615 1558 Cum
3674 1501 3832 1557 enim

432 1591 501 1659 ἦν
562 1584 901 1665 βεϐαμμένη,
953 1588 1004 1660 ἐξ
1049 1591 1226 1666 ἀρχῆς
1284 1592 1376 1662 μὲν
1422 1590 1631 1665 χάνασα
1679 1589 1767 1645 καὶ
1817 1587 2077 1663 δεξαμένη

2192 1598 2426 1667 peccato
2472 1598 2627 1650 terra
2686 1610 2719 1648 a
2774 1591 3004 1647 diabolo
3062 1596 3383 1659 cruentata,
3434 1595 3489 1646 et
3546 1590 3830 1662 sanguine

430 1683 529 1735 τοῦ
560 1676 771 1733 δικαίου
801 1674 971 1735 Ἀϐελ
1002 1680 1065 1733 τὸ
1098 1680 1251 1753 αἷμα,
1286 1679 1503 1754 ὕστερον
1546 1678 1602 1733 δὲ
1653 1678 1845 1734 λοιπὸν
1877 1679 2080 1751 αἳματα

2189 1683 2503 1755 plusquam
2563 1683 2732 1754 aquis
2787 1682 3014 1737 imbuta
3069 1684 3259 1748 esset,
3319 1681 3473 1752 quod
3533 1680 3603 1734 ab
3664 1679 3829 1734 initio

433 1768 514 1847 ἐφ’
572 1767 763 1842 α’ίμασι
827 1766 1127 1844 μισγόντων
1183 1773 1290 1823 τῶν
1351 1770 1670 1840 ἀνθρώπων,
1726 1767 1863 1823 κατὰ
1906 1768 1968 1823 τὸ
1996 1788 2080 1843 γε-

2189 1772 2533 1845 sanguinem
2576 1771 2771 1827 Abelis
2802 1770 2966 1826 hiatu
3015 1787 3120 1825 suo
3170 1769 3503 1841 recepisset,
3548 1785 3612 1823 ac
3662 1769 3828 1823 dein—

431 1859 771 1935 γραμμένοψ
807 1882 835 1910 ‹‹
868 1858 1005 1934 Ἀρά
1034 1857 1120 1913 καὶ
1162 1855 1376 1931 ψεῦδος,
1407 1858 1494 1911 καῖ
1544 1856 1749 1926 κλοπὴ,
1798 1857 1887 1912 καὶ
1950 1878 2079 1930 μοι·
2111 1906 2156 1935 Π

2111 1906 2156 1935 η
2188 1878 2324 1933 ceps
2371 1862 2639 1917 homines
2680 1860 3026 1933 sanguinem
3074 1858 3349 1929 sanguini
3399 1858 3678 1913 adderent
3727 1857 3829 1911 ad-

446 1906 456 1934 Ι
507 1906 743 1931 "r'r'""
812 1906 835 1910 Π
887 1906 930 1913 ”
976 1906 1005 1911 ﬂ
1035 1906 1120 1913 "w'
1169 1906 1376 1931 Ῐ”’⁷’⁷²
1410 1906 1494 1911 ””””
1547 1906 1749 1926 ”’““”Ἰ²
1800 1906 1887 1912 ⁷““““
1977 1906 2042 1911 ’⁷⁷

430 1906 559 2025 χέία
615 1949 839 2024 κέχυται
899 1906 985 2001 ἐπὶ
1043 1954 1142 2016 τῆς
1201 1954 1324 2022 γῆς,
1373 1947 1461 2001 καὶ
1515 1945 1716 2019 α’ίματα
1762 1946 1843 2023 ἐφ’
1890 1906 2079 2019 αἵμασι
2111 1906 2156 1971 Β

2189 1906 2324 1933 ee,"
2371 1906 2637 1917 mm...“
2680 1906 3026 1933 ,ωηο-.-.η-
3074 1906 3349 1929 _....D_----
3400 1906 3676 1913 _-_-_---_
3729 1906 3794 1911 --

2111 1906 2158 1971 B
2192 1950 2643 2023 miscerentque,
2694 1953 2758 2005 ut
2805 1948 3091 2020 scriptum
3143 1951 3232 2003 est
3267 1965 3278 2002 :
3314 1969 3343 1996 «
3376 1945 3743 2001 Maledictum
3778 1949 3834 1999 et

437 2037 712 2113 μία-γουσι.
775 2060 797 2090 ι
848 2035 943 2091 Καὶ
994 2037 1058 2106 ἦν
1110 2034 1198 2091 διὰ
1236 2041 1395 2091 τοῦτο
1427 2036 1515 2091 καὶ
1547 2036 1897 2111 κατηραμένη
1921 2038 1955 2105 ἡ
1985 2043 2078 2113 γῆ,

2191 2041 2560 2097 mendacium
2610 2044 2666 2096 et
2713 2040 2955 2108 furtum,
2997 2042 3054 2093 et
3099 2036 3449 2093 adulterium
3483 2037 3667 2091 effusa
3697 2038 3837 2091 sunt

433 2125 691 2201 λέγοντος
740 2129 837 2179 τοῦ
884 2129 1037 2180 Θεοῦ·
1096 2148 1118 2175 ι
1177 2124 1277 2181 Καὶ
1326 2130 1417 2178 νῦν
1469 2124 1855 2200 ἐπικατάρατος
1901 2127 1935 2194 ἡ
1984 2132 2077 2201 γῆ,

2193 2149 2370 2204 super
2388 2134 2692 2201 terram,et
2711 2128 3057 2201 sanguinem
3092 2127 3361 2199 sanguini
3386 2125 3711 2181 admiscent
3734 2125 3794 2179 ⁵⁸.
3808 2148 3834 2175 ››

430 2217 466 2283 ἢ
502 2210 661 2290 ἔχανε
683 2214 745 2269 τὸ
778 2213 954 2286 στόμα
983 2212 1149 2282 αὐτῆς
1201 2211 1441 2286 δέξασθαι
1486 2215 1547 2267 τὸ
1589 2215 1724 2285 αἷμα
1766 2208 1934 2270 ’Ἅϐελ
1982 2218 2079 2267 τοῦ

2191 2222 2440 2293 Eratque
2471 2236 2537 2274 ea
2567 2220 2638 2274 de
2668 2235 2845 2273 causa
2893 2216 3206 2273 maledicta
3234 2219 3412 2279 terra,
3446 2215 3670 2269 dicente
3703 2219 3831 2270 Deo:

433 2300 672 2378 ἀδελφοῦ
720 2322 837 2359 σου.
888 2328 915 2355 ››
964 2303 1065 2356 Ἦν
1123 2298 1180 2357 δὲ
1227 2302 1316 2356 καὶ
1355 2303 1617 2379 πρότερον
1650 2300 1739 2357 διὰ
1762 2304 1863 2373 τὴν
1906 2302 2080 2377 παρά·
2136 2342 2139 2345 ν

2136 2342 2139 2345 ν
2196 2330 2222 2363 ι
2245 2311 2314 2365 Et
2362 2324 2537 2379 nunc,
2570 2307 2879 2363 maledicta
2909 2310 3081 2372 terra,
3113 2322 3239 2377 quae
3272 2303 3501 2376 aperuit
3541 2319 3605 2359 os
3635 2319 3834 2368 suum,

433 2386 585 2446 ϐασιν
642 2395 740 2445 τοῦ
789 2388 972 2463 Ἀδὰμ
1016 2390 1453 2467 καταρασάμενος
1497 2392 1663 2460 αὐτὴν
1729 2393 1757 2446 6
1806 2392 2079 2462 Δεσπότης

2190 2403 2256 2454 ut
2283 2399 2569 2469 exciperet
2598 2395 2946 2469 sanguinem
2980 2394 3177 2451 Abelis
3228 2394 3423 2448 fratris
3454 2393 3538 2448 tui
3569 2393 3632 2447 ⁵⁷.
3670 2415 3696 2440 ››
3729 2392 3834 2448 Cui

436 2478 640 2555 λέγων’
679 2503 700 2531 ι
732 2478 1152 2552 Ἐπικατάρατος
1184 2482 1219 2548 ἡ
1248 2487 1317 2556 γῆ
1351 2478 1402 2533 ἐν
1429 2485 1547 2542 τοῖς
1597 2475 1777 2555 ἔργοις
1825 2502 1942 2538 σου.
1992 2482 2078 2537 Ἐν

2182 2489 2307 2558 jam
2360 2491 2533 2542 antea
2581 2486 2864 2541 Dominus
2912 2485 2984 2539 ob
3028 2482 3564 2556 praavaricationem
3627 2480 3834 2537 Adami

433 2566 635 2629 λύπαις
677 2571 825 2643 φαγῇ
869 2568 1034 2636 αὐτὴν
1088 2566 1139 2622 ἐν
1189 2566 1380 2630 πάσαις
1410 2573 1528 2631 ταῖς
1555 2569 1787 2645 ἡμέραις
1820 2572 1933 2641 (97)
1980 2576 2081 2638 τῆς

2191 2576 2587 2647 maledixerat,
2621 2575 2714 2630 his
2745 2572 2935 2630 verbis
2969 2591 2981 2627 ς
3018 2595 3045 2621 ‹‹
3078 2570 3380 2628 Maledicta
3412 2575 3566 2625 terra
3593 2570 3650 2624 in
3696 2587 3835 2642 ope-

436 2659 581 2725 ζωῆς
636 2677 752 2714 σου.
803 2681 831 2709 ››
883 2656 982 2711 Καὶ
1031 2654 1180 2718 ὅλως
1207 2659 1271 2727 ἦν
1291 2656 1534 2731 αἱμάτων
1566 2657 1738 2712 πάντα
1773 2657 1959 2731 μεστὰ,
1992 2660 2081 2713 καὶ

2192 2666 2353 2721 ribus
2385 2664 2506 2720 tuis
2538 2682 2551 2719 :
2586 2664 2644 2718 in
2692 2661 2970 2717 aerumnis
3024 2661 3293 2715 comedes
3346 2658 3506 2713 illam
3563 2658 3835 2713 omnibus

434 2744 656 2800 ἄκανθαι
734 2749 1013 2821 πανταχοῦ
1076 2744 1301 2824 ἐφύοντο
1373 2744 1461 2802 διὰ
1509 2747 1609 2816 τὴν
1669 2744 1921 2822 κατάραν.
1983 2747 2081 2801 Καὶ

2192 2755 2399 2810 diebus
2431 2754 2557 2808 vitae
2588 2758 2701 2808 tua:
2730 2751 2793 2805 ⁸⁸.
2831 2773 2859 2800 η
2888 2751 3249 2820 Prorsusque
3280 2752 3444 2803 erant
3472 2747 3670 2801 omnia
3700 2764 3833 2801 san-

430 2835 638 2890 τούτων
689 2833 833 2910 ἔχων
881 2835 943 2889 τὸ
987 2835 1373 2913 χειρόγραφον,
1423 2834 1654 2910 ἐπήρετο
1684 2834 1818 2891 κατά
1866 2837 2079 2890 πάντων

2192 2845 2367 2917 guine
2398 2842 2588 2915 plena,
2620 2846 2677 2898 et
2702 2844 2938 2913 propter
2966 2838 3343 2893 maledictum
3376 2836 3636 2907 undique
3657 2836 3836 2907 spinis

439 2925 467 2979 6
526 2923 746 3000 ἐχθρὸς,
805 2924 894 2978 καὶ
955 2922 1292 2999 ἐτυράννευεν
1352 2925 1426 2985 ὡς
1474 2924 1825 3001 ὑποχειρίους
1878 2924 2082 2986 πάντπς

2193 2933 2619 2989 exoriebantur.
2662 2932 2728 2986 Et
2759 2931 2865 2984 hoc
2896 2927 3350 2999 chirographum
3406 2930 3611 2980 nactus
3643 2923 3837 2979 inimi-

438 3011 603 3089 ἔχων.
651 3012 854 3067 Τούτου
902 3010 1079 3067 ἕνεκεν
1130 3010 1425 3075 σκυλεύσας
1476 3012 1633 3069 αὐτὸν
1677 3012 1921 3070 ἁπάντων
1973 3015 2085 3086 (98)

2194 3039 2296 3077 eus
2340 3025 2558 3091 noster,
2611 3020 2667 3075 in
2720 3033 2925 3074 omnes
2955 3016 3301 3088 insurgebat
3334 3015 3389 3068 in
3416 3030 3736 3083 omnesque
3775 3016 3840 3068 ut

436 3104 465 3157 6
496 3102 714 3178 Κύριος,
766 3102 958 3157 λοιπὸν
1008 3102 1347 3177 ἀπαγόμενος
1396 3103 1471 3164 εἷς
1518 3104 1609 3157 τὸν
1653 3102 1895 3174 θάνατον,
1927 3122 2085 3176 περι-

2195 3112 2307 3167 sibi
2341 3109 2610 3166 subditos
2634 3106 3003 3180 tyrannidem
3029 3105 3349 3160 exercebat.
3392 3103 3519 3157 [deo
3552 3102 3838 3157 Dominus

436 3190 608 3246 ἑκειτο
665 3188 851 3246 ταῦτα*
903 3188 996 3245 ’ίνα
1054 3188 1198 3264 δείξῃ
1243 3195 1340 3245 τοῦ
1387 3190 1614 3246 θανάτου
1643 3193 1705 3246 τὸ
1734 3190 2083 3267 κατόρθωμα,

2196 3218 2327 3257 cum
2359 3216 2491 3255 eum
2525 3197 2802 3253 omnibus
2835 3194 3168 3268 spoliasset,
3215 3195 3453 3249 demum
3489 3193 3556 3246 ad
3592 3196 3837 3247 mortem

433 3278 516 3335 ὅτι
549 3279 656 3355 οὐχ
690 3280 897 3352 ἁπλῶς,
932 3277 1057 3335 ἀλλ’
1090 3280 1221 3356 ὁπὶρ
1250 3287 1349 3349 τῆς
1380 3279 1652 3356 σωτηρίας
1683 3283 1842 3353 ἡμῶν
1874 3285 2077 3357 γὲγονε.
2114 3277 2156 3343 C

2114 3277 2156 3343 C
2196 3290 2505 3358 abductus,
2534 3286 2607 3342 iis
2638 3286 3012 3353 induebatur,
3046 3287 3109 3337 ut
3140 3280 3329 3354 palam
3368 3282 3596 3346 faceret,
3635 3279 3838 3335 mortis

432 3369 533 3424 Καὶ
587 3369 655 3423 τὰ
708 3368 803 3441 μὶν
856 3366 1059 3441 α’ίματα
1108 3368 1158 3424 ἐν
1190 3372 1257 3443 τῇ
1288 3370 1514 3444 κοκκίνῃ
1538 3369 1788 3445 χλαμύδι
1819 3371 1955 3446 εἶχε,
1985 3371 2083 3431 τὰς

2189 3377 2511 3443 victoriam,
2546 3392 2660 3431 non
2694 3374 2923 3439 timere,
2957 3372 3055 3427 sed
3091 3388 3195 3443 pro
3238 3369 3425 3425 salute
3474 3372 3673 3424 nostra
3706 3386 3838 3441 par-

433 3455 492 3511 δὲ
520 3456 746 3518 ἀκάνθας
780 3456 830 3511 ἐν
860 3462 939 3530 τῷ
969 3456 1234 3535 στεφάνῳ,
1282 3460 1345 3513 τὸ
1396 3456 1454 3514 δὲ
1496 3460 1861 3538 χειρόγραφον
1923 3459 1973 3513 ἐν
2005 3463 2083 3531 τῷ

2190 3474 2310 3523 tam
2344 3481 2491 3521 esse.
2525 3465 2914 3534 Gestabatque
2964 3461 3021 3516 in
3056 3459 3364 3532 chlamyde
3396 3459 3665 3514 coccinea
3696 3475 3834 3513 san-

430 3545 686 3619 καλάμῳ,
712 3545 833 3619 ἰνῷ
862 3547 954 3601 καὶ
999 3545 1169 3601 πάλαι
1220 3547 1553 3627 κατέγραφεν
1604 3552 1761 3621 ἡμῶν
1813 3551 1840 3604 6
1896 3544 2081 3603 διάϐο-

2193 3558 2454 3630 guinem,
2488 3555 2690 3628 spinas
2722 3553 2776 3608 in
2810 3569 3041 3617 corona,
3075 3551 3528 3623 chirographum
3586 3566 3718 3605 vero
3774 3549 3835 3603 in

434 3634 556 3697 λος·
590 3633 682 3690 ⁶ίνα
712 3636 802 3689 σὺν
834 3640 911 3708 τῷ
942 3636 1154 3709 θανάτῳ
1198 3638 1285 3690 καὶ
1336 3642 1500 3692 ταῦτα
1542 3637 1734 3693 λοιπὸν
1781 3637 2082 3711 ἐξαφανίσῃ,

2192 3647 2499 3715 arundine,
2531 3645 2591 3699 in
2623 3660 2738 3715 quo
2762 3642 2888 3713 jam
2939 3640 3078 3697 olim
3128 3640 3443 3711 scripserat
3489 3643 3687 3694 contra
3733 3655 3837 3693 nos

435 3725 524 3780 καὶ
578 3725 677 3793 τὴν
732 3723 904 3780 κτίσιν
967 3724 1072 3779 ἀπὸ
1127 3725 1333 3780 τούτων
1384 3732 1609 3803 καθάρῃ·
1671 3727 1759 3781 καὶ
1817 3727 1933 3781 ἀντὶ
1988 3727 2081 3799 μὲν

2195 3734 2501 3803 diabolus,
2547 3738 2612 3787 ut
2652 3749 2768 3787 una
2817 3747 2951 3785 cum
3001 3734 3207 3795 morte,
3241 3729 3359 3783 haec
3391 3727 3564 3782 etiam
3601 3729 3837 3781 demum

435 3819 542 3869 τῶν
580 3813 823 3869 ἀκανθῶν
875 3815 939 3868 τὸ
987 3813 1145 3885 ξύλον
1194 3822 1293 3884 τῆς
1327 3821 1471 3885 ζωῆς
1503 3816 1816 3892 χαρίσηται·
1882 3815 1996 3870 ἀντὶ
2029 3813 2087 3870 δὲ

2195 3823 2490 3892 aboleret;
2540 3825 2952 3889 creaturasque
3017 3818 3090 3874 iis
3142 3821 3523 3889 perpurgaret
3572 3833 3581 3870 :
3633 3820 3690 3871 et
3738 3833 3840 3886 pro

437 3908 544 3957 τῶν
599 3910 699 3973 τῆς
749 3902 1012 3979 ἁμαρτίας
1063 3903 1306 3977 αἱμάτων
1355 3910 1433 3977 τῷ
1481 3904 1605 3979 ἰδίῳ
1635 3904 1821 3980 αἵματι
1852 3907 1950 3975 τήν
1983 3912 2083 3982 γῆν

2195 3912 2382 3986 spinis
2416 3911 2655 3983 quidem
2677 3908 2904 3980 lignum
2935 3906 3062 3961 vita:
3093 3904 3403 3976 largiretur
3437 3921 3448 3958 :
3485 3920 3586 3975 pro
3619 3903 3839 3975 peccati

438 3991 682 4054 καὶτοὺς
715 3991 915 4054 πάντας
947 3992 1223 4068 καθαρίσῃσ
1274 3994 1362 4048 καὶ
1396 3995 1511 4049 ἀντὶ
1551 4002 1649 4064 τῆς
1698 3996 1931 4071 κατάρας
1986 4014 2087 4067 μα-

2195 4001 2503 4073 sanguine,
2548 4000 2781 4071 preprio
2833 3994 3119 4066 sanguine
3167 3998 3381 4048 terram
3429 3998 3484 4047 et
3536 3993 3840 4047 universos

436 4081 632 4156 καρίσῃ
681 4080 878 4136 λοιπὸν
922 4083 1047 4144 τοὺς
1098 4081 1148 4136 ἐν
1200 4086 1267 4157 τῇ
1307 4087 1403 4158 γῇ,
1439 4082 1636 4159 λέγων⁶
1673 4108 1700 4136 ‹‹
1733 4084 2001 4162 Μακάριοι
2035 4085 2087 4138 οἱ

2197 4091 2543 4147 emundaret
2575 4104 2587 4142 :
2622 4103 2725 4159 pro
2770 4084 3101 4153 maledicto,
3134 4099 3337 4138 omnes
3386 4083 3622 4137 domum
3674 4086 3840 4136 terrae

436 4177 648 4247 πραεῖς,
706 4171 787 4225 ὅτι
846 4171 999 4226 αὐτοὶ
1055 4169 1541 4244 κληρονομήσουσι
1596 4175 1694 4241 τὴν
1743 4182 1862 4249 γῆν.
1921 4200 1940 4225 ιι
1992 4173 2089 4228 Διά

2196 4180 2419 4236 incolas
2449 4179 2651 4234 beatos
2710 4175 2947 4242 diceret;
2992 4173 3084 4228 his
3124 4172 3311 4227 verbis
3342 4189 3361 4225 :
3395 4196 3421 4221 ‹‹
3458 4171 3611 4226 Beati
3644 4172 3838 4236 mites,

434 4280 595 4315 τουτο
643 4261 768 4335 γὰρ,
816 4260 881 4313 τὰ
927 4262 1087 4331 ἡμῶν
1138 4258 1343 4333 ατίματα
1396 4261 1682 4335 βαστάσας,
1732 4264 1793 4317 τὸ
1832 4261 1976 4318 ’ίδιον
2010 4264 2087 4329 εἰς

2196 4269 2471 4340 quoniam
2504 4266 2616 4338 ipsi
2652 4264 3035 4337 possidebunt
3057 4267 3269 4317 terram
3306 4262 3367 4315 5°.
3398 4285 3421 4309 ››
3442 4261 3660 4316 Idcirco
3684 4261 3837 4315 enim

436 4347 603 4417 αύτήν
655 4348 981 4420 ἑξεκὲνωσεν,
1016 4350 1126 4425 id?’
1186 4347 1247 4401 οὗ
1305 4350 1394 4403 καὶ
1450 4350 1563 4404 ἀντὶ
1594 4350 1835 4405 ἀκανθῶν
1892 4353 2083 4427 ἀγαθὰ,

2196 4362 2464 4414 nostrum
2513 4356 2701 4411 ferens
2743 4353 3108 4425 sanguinem,
3142 4349 3443 4422 proprium
3493 4349 3838 4420 sanguinem

436 4435 527 4490 καὶ
587 4437 701 4505 ζωὴ
756 4435 985 4514 πέφυκεν
1033 4436 1109 4498 εἷς
1163 4436 1327 4506 αὐτήν
1376 4440 1510 4511 (99)·
1563 4438 1637 4499 εἷς
1669 4440 1729 4507 ἣν
1760 4436 2087 4496 ἀποϐλέπων

2196 4463 2373 4518 super
2402 4461 2527 4500 eam
2561 4442 2803 4510 effudit;
2856 4457 2923 4496 ex
2956 4457 3070 4511 quo
3120 4440 3334 4494 factum
3368 4443 3457 4494 est
3489 4443 3551 4493 ut
3584 4454 3683 4510 pro
3717 4437 3839 4509 spi-

441 4524 469 4578 6
520 4524 676 4598 ἅγιος
727 4520 891 4577 Δαϐἰδ
942 4543 1095 4601 timor
1148 4547 1175 4575 «
1232 4523 1476 4580 Πιστεύω
1514 4531 1610 4581 τοῦ
1642 4524 1772 4582 ἰδεῖν
1800 4530 1866 4583 τὰ
1916 4529 2087 4605 ἀγαθὰ

2197 4537 2312 4605 nis,
2344 4536 2496 4590 bona
2527 4532 2709 4588 multa
2740 4536 2797 4587 et
2827 4531 2943 4586 vita
2975 4531 3034 4584 in
3066 4529 3164 4584 illa
3191 4532 3485 4600 germarct
3515 4545 3527 4583 :
3569 4527 3628 4581 in
3661 4542 3834 4599 quam

442 4611 647 4687 Κυρίου
677 4611 727 4667 ἰν
761 4615 833 4687 γῇ
869 4613 1106 4683 ζώντων.
2117 4651 2166 4714 D

2117 4651 2166 4714 Ι)
2196 4624 2377 4682 David
2411 4622 2732 4695 respiciens
2762 4620 2842 4674 ait
2875 4635 2888 4674 :
2923 4641 2949 4668 ‹‹
2984 4617 3167 4673 Credo
3199 4617 3393 4671 videre
3427 4617 3578 4672 bona
3612 4613 3839 4670 Domini

2198 4715 2259 4770 in
2290 4718 2443 4769 terra
2471 4710 2788 4767 viventium
2818 4709 2881 4765 6°.
2920 4729 2946 4757 »

516 4812 601 4865 17.
637 4808 733 4864 Καὶ
765 4804 953 4874 ἄλλως
987 4807 1043 4866 δὲ
1070 4811 1161 4866 τὸν
1211 4812 1467 4890 στέφανον
1507 4817 1616 4867 τῶν
1666 4813 1906 4870 ἀκανθῶν
1957 4816 2086 4894 ἐφό-

2270 4822 2352 4876 17.
2391 4819 2518 4875 Alia
2563 4834 2798 4890 quoque
2851 4814 3074 4871 ratione
3120 4828 3393 4869 coronam
3445 4810 3709 4882 spineam
3741 4827 3837 4882 ge-

440 4917 542 4974 ρει,
593 4897 686 4953 τίνα
732 4899 826 4962 τὰς
884 4901 1148 4977 μερίμνας
1208 4904 1369 4974 ἡμῶν
1444 4902 1727 4981 ἐξαφανίσῃ
1781 4910 1878 4960 τοῦ
1940 4906 2082 4981 βίου,

2194 4911 2410 4977 stabat,
2444 4914 2508 4964 ut
2534 4905 2965 4965 sollicitudines
2998 4905 3056 4958 in
3089 4903 3196 4958 hac
3230 4901 3346 4957 vita
3376 4906 3608 4957 nostras
3639 4902 3832 4956 aufer-

439 4985 727 5064 Ἐπὲῤῥῖψε
756 4989 857 5063 γάρ
890 4991 918 5044 6
948 4988 1139 5053 ἅθλιος
1169 4990 1258 5046 καὶ
1309 4992 1450 5048 ἄκων
1502 4993 1596 5055 τὰς
1632 4994 1890 5067 μερίμνας
1923 4997 2083 5068 ἡμῶν

2194 5004 2299 5057 ret.
2334 4999 2538 5069 Injecit
2567 4996 2724 5053 enim
2757 4994 2957 5050 infelix
2986 4992 3105 5059 ille,
3154 4992 3290 5049 licet
3330 4991 3571 5060 invitus,
3605 5001 3836 5047 nostras

435 5074 521 5131 ἰπ’
547 5074 706 5132 αὐτὸν
739 5077 839 5133 οὐκ
866 5075 1043 5152 εἰδὼς,
1077 5078 1182 5152 ὅτι,
1215 5080 1409 5144 ταύτας
1454 5082 1731 5157 βαστάζων
1782 5083 1809 5137 6
1857 5084 2079 5162 Κύριος,

2193 5088 2253 5143 in
2305 5087 2472 5142 illum
2522 5083 2969 5152 sollicitudines,
3016 5082 3314 5154 ignorans,
3360 5080 3663 5137 Dominum
3705 5078 3835 5135 illas

504 5286 549 5322 ⁵⁵
578 5285 709 5344 Ose.
746 5301 821 5356 Iv,
853 5286 909 5344 2.
985 5286 1028 5323 ⁸⁷
1059 5287 1269 5346 Genes.
1302 5304 1378 5360 ιν,
1412 5290 1498 5346 11.
1575 5290 1619 5327 ⁸⁸
1650 5291 1858 5350 Genes.
1890 5310 1975 5365 ιιι,
2009 5294 2189 5350 17-19.

1604 5290 1619 5326 ³
1650 5291 1858 5350 Genes.
1890 5310 1975 5365 ιιι,
2009 5294 2189 5350 17-19.
2266 5295 2311 5330 ⁶⁹
2340 5292 2544 5350 Matth.
2577 5310 2632 5359 ν,
2660 5292 2717 5348 4.
2800 5290 2845 5325 ⁶⁰
2876 5288 3026 5346 Psal.
3059 5305 3212 5357 xxvr,
3246 5289 3330 5344 13.

506 5501 619 5573 (96)
648 5501 887 5579 βοείου,
922 5498 1274 5557 ἐσκυλιύοντο
1306 5500 1535 5575 τούτων,
1571 5510 1628 5562 et
1660 5509 1920 5565 secunda
1970 5526 2086 5565 ma-

2265 5507 2379 5579 (99)
2412 5511 2496 5562 Ita
2528 5522 2732 5579 omnes
2763 5503 3252 5579 manuscripti__et
3298 5498 3833 5579 edit.mgom_melin.

441 5565 542 5639 nu‘,
568 5565 767 5644 τούτῷ.
872 5565 882 5570 ⁷
1297 5643 1302 5644 ί
1522 5565 1534 5575 ’

2194 5565 2505 5635 Εᾶἰῒ.’νϐῐ“ο
2550 5578 2734 5634 Paris.
2802 5576 2875 5637 εἷς
2919 5565 3084 5644 αὑτήν
3156 5575 3306 5630 Mox.
3353 5565 3539 5641 Δαϐὶδ,
3592 5573 3755 5644 abest
3804 5587 3838 5626 a

534 5645 625 5727 Ἦ)
657 5641 876 5727 ᾓόεξυε
905 5645 1215 5727 οιβιιείὶυε
1250 5643 1418 5727 αὖτῆν
1451 5644 1622 5711 πάσας
1650 5649 1743 5712 τὰς
1776 5650 2009 5727 ἡμέρας.
2193 5652 2260 5727 lit

2193 5651 2372 5727 Regio
2429 5656 2484 5727 et
2540 5650 2904 5727 Anglicano._
2941 5641 3081 5727 Moic
3127 5647 3185 5701 in
3235 5650 3574 5727 postremo,_
3607 5641 3832 5727 Κυρίου,

534 5714 625 5790 98)
657 5714 895 5791 Regius,
926 5714 1221 5773 αὐτὸῖάπὸ
1250 5714 1477 5776 τούτων.
1800 5714 1832 5723 ”
1893 5714 1903 5727 ’
2192 5724 2260 5780 de

2192 5714 2357 5780 deé'st
2382 5747 2397 5794 ;
2428 5726 2485 5779 et
2513 5714 2687 5794 paulo
2728 5727 2861 5795 post
2890 5720 2948 5777 in
2980 5720 3203 5785 eodem,
3234 5714 3341 5771 τῶν
3376 5716 3614 5778 ἀκανθῶν
3649 5714 3831 5782 deest,
