2068 3109
179 168 238 198 215
770 170 801 200 S.
825 168 1017 199 ATHANASl

1070 169 1088 198 ἱ.
1100 185 1139 190 -
1155 168 1291 200 DUBlA.
1825 167 1886 198 216

180 236 411 271 gestantemmos
427 234 457 262 in
472 235 552 264 illius
562 235 736 271 perniciem,
753 235 1003 264 sollicitudinibus
1016 266 1017 269 η

1070 234 1121 265 τοὺς
1144 233 1247 266 πάντας
1271 233 1441 272 ἀμερίμνους
1466 234 1524 262 κατ’
1548 233 1650 262 ἑκείνου
1665 234 1704 270 (1)
1719 233 1886 262 κατασκευά-

181 287 289 307 vacuos
305 279 508 313 redditurum;
524 280 566 308 ita
578 282 610 307 ut
619 280 698 308 verbi
709 282 872 308 sementem
882 289 897 308 a
909 280 1003 316 spinis

181 326 388 360 perpurgatam
405 324 583 359 habeamus;
601 325 629 352 in
646 325 777 353 oratione
791 333 856 353 vero
873 326 1002 353 mentem

182 369 261 396 curis
278 369 399 395 minime
415 369 603 396 abstractam.
616 370 679 405 Ipse
696 370 773 397 enim
791 378 842 405 pro
857 369 941 397 nobis
957 369 1004 397 do-

182 413 238 440 luit
254 413 459 448 sollicitusque
471 413 535 447 fuit,
548 415 580 441 ut
595 422 649 442 nos
662 414 811 442 doloribus
824 422 1003 448 vaearemus,

184 458 309 493 ideoque
327 466 444 485 rursum
461 458 636 486 arundinem
653 467 687 486 ex
712 459 754 487 eis
778 459 890 495 accepit
904 458 1005 486 Domi-

184 511 250 537 nus,
268 502 388 537 ipseque
404 502 539 530 diabolus
553 511 618 531 eam
634 503 757 531 Domino
773 503 903 538 tradidit,
920 503 1005 539 igna-

184 555 235 574 rus
251 554 314 574 sese
330 549 430 573 contra
456 555 488 574 se
511 546 642 582 gladium
663 555 778 575 acuere.
803 547 913 575 Dicitur
927 547 1006 575 enim

186 591 309 623 arundo,
335 591 521 626 serpentibus
551 591 718 619 occidendis
751 594 828 628 apta,
852 591 1007 628 frangique

183 634 251 662 illos
266 635 409 662 arundine
424 635 522 669 potius
537 643 626 671 quam
641 635 836 664 instrumento
852 636 917 664 alio.
934 636 1007 664 Cum

184 679 275 715 igitur
289 679 350 714 ipse
374 680 517 707 Dominus
531 680 670 715 Sabaoth,
688 682 720 707 ut
734 681 776 709 ait
789 680 890 713 Isaias,
907 688 1008 716 perse-

185 727 322 760 queretur
338 724 496 759 fugientem
507 724 673 758 draconem,
685 728 1007 761 serpentem,magnum

185 769 332 796 diabolum
351 777 357 795 :
375 769 438 796 ideo
456 769 533 804 quod
548 768 591 796 illi
606 769 722 797 exitiale
741 772 803 797 erat
817 770 853 798 ab
869 769 911 798 eis
926 778 1007 798 acce-

186 814 228 847 pit
240 814 398 847 Dominus;
419 817 451 841 ut
474 813 665 850 propriissibi
686 814 774 842 rebus
785 814 934 843 debilitate
943 815 1008 843 dia-

187 858 264 890 bolo,
278 858 364 885 rebus
384 857 497 885 Domini
512 858 646 886 homines
657 859 790 887 fortiores
804 859 1007 888 redderentur.

187 903 276 934 Quale
292 902 380 930 David
397 903 426 929 in
444 901 558 953 Goliath
574 902 754 955 designavit,
764 903 815 939 qui
830 906 947 940 accepto
956 903 1009 932 ini-
1024 922 1048 955 B

189 948 257 975 mici
273 948 379 983 gladio,
397 955 429 974 eo
453 947 517 984 ipso
537 950 625 983 caput
643 948 755 976 inimici
771 949 902 985 proscidit
915 949 946 976 ⁶¹.
963 949 1010 977 Id-

190 993 287 1028 ipsum
310 993 373 1027 jam
399 992 530 1020 Salvator
553 992 698 1028 praestitit,
726 995 846 1030 accepta
877 993 913 1021 ab
938 993 1012 1029 ipsis

191 1037 344 1070 arundine,
363 1039 395 1064 ut
411 1045 468 1064 non
483 1037 569 1065 modo
585 1046 638 1065 nos
656 1046 673 1065 a
687 1038 833 1074 serpentis
847 1037 963 1066 fallacis
977 1038 1011 1066 li-

190 1082 322 1109 beraret:
340 1082 389 1108 sed
403 1082 490 1109 etiam
507 1081 605 1118 ipsum
622 1084 788 1118 serpentem
804 1082 948 1110 arundine
964 1091 1011 1111 oc-

190 1126 308 1158 cideret,
326 1128 534 1161 mortuumque
557 1126 716 1155 exhiberet.
742 1127 784 1154 Ita
798 1127 890 1163 igitur
904 1126 1012 1155 illusus

190 1170 330 1198 scelestus
346 1170 402 1203 ille,
420 1170 522 1198 videns
537 1179 568 1198 se
582 1170 618 1198 ab
633 1170 670 1199 iis
685 1171 829 1199 excidisse
844 1172 1011 1207 rebus,qui-

190 1216 245 1243 bus
261 1215 413 1242 adversum
427 1223 480 1243 nos
497 1215 545 1243 12
557 1215 733 1243 efferebatur
749 1224 755 1243 :
772 1216 933 1252 vidensque
948 1224 980 1244 se
996 1224 1014 1244 a

189 1262 267 1287 terra
282 1259 480 1295 exturbatum,
497 1261 663 1296 terramque
678 1269 695 1288 a
710 1260 852 1296 sanguine
867 1263 896 1288 et
918 1260 1012 1297 spinis

191 1303 343 1332 emundari
362 1313 367 1331 :
384 1312 506 1339 seseque
521 1304 623 1332 videns
635 1304 771 1333 amisisse
785 1305 1013 1341 chirographum

192 1351 221 1377 et
235 1349 393 1383 calamum,
409 1349 437 1375 in
454 1356 511 1384 quo
526 1349 681 1377 adversum
698 1357 752 1377 nos
766 1349 934 1386 scripserat,
950 1358 1013 1377 rur-

193 1401 259 1422 sum
274 1402 330 1420 non
348 1393 482 1420 audenda
495 1393 594 1427 audet,
611 1401 700 1429 seque
714 1393 813 1429 ipsum
829 1394 923 1430 magis
937 1403 972 1422 ea
985 1402 1017 1422 re

196 1437 406 1474 percutit.Cum
424 1437 501 1464 enim
518 1437 680 1466 audivisset
695 1438 847 1474 improbus
863 1438 911 1466 ille
924 1439 1017 1466 Domi-

196 1491 267 1511 num
283 1483 427 1509 dicentem
445 1490 451 1508 :
470 1493 484 1506 «
499 1481 624 1518 Spiritus
639 1484 795 1518 promptus
814 1485 868 1518 est,
882 1491 949 1511 caro
965 1492 1017 1511 au-

196 1529 256 1554 tem
273 1527 391 1553 inﬁrma
401 1527 451 1560 ‘2,»
466 1528 548 1554 ratus
559 1526 687 1554 Verbum
696 1535 754 1554 una
769 1535 837 1555 cum
848 1530 967 1564 corpore
976 1527 1018 1555 in-

196 1571 318 1605 ﬁrmari,
331 1578 383 1597 nec
398 1579 514 1606 corpus,
529 1570 616 1598 Verbi
631 1570 737 1599 virtute
751 1571 1018 1606 corroborari,rur-

1058 287 1108 306 σει·
1127 277 1196 306 ὥστε
1220 279 1266 306 τὸν
1294 279 1341 316 μὶν
1364 277 1464 317 σπόρον
1488 281 1537 306 τοῦ
1553 278 1638 317 λόγου
1654 278 1793 316 ἐλεύθερον
1809 277 1885 316 ἔχειν

1057 322 1110 351 ἀπὸ
1132 325 1187 351 τῶν
1209 323 1342 359 ἀκανθῶν,
1368 323 1394 351 ἐν
1419 322 1448 351 δὲ
1478 326 1538 355 ταῖς
1563 323 1657 361 εὐχαῖς
1678 323 1709 350 τὸ
1733 323 1886 360 ἀπερίσπα-

1058 378 1128 395 στον.
1157 367 1245 399 Αὐτὸς
1269 368 1321 406 γὰρ
1345 368 1407 406 περὶ
1431 368 1510 405 ήμῶν
1538 366 1659 395 ὠδυνᾶτο
1679 367 1724 395 καὶ
1740 367 1886 405 ἒμιρίμνα,

1055 411 1101 440 ’ίνα
1113 413 1197 449 ἡμεῖς
1213 411 1346 440 ἀνώδυνοι
1360 412 1511 451 γενώμεθα.
1535 412 1584 441 Διὰ
1594 414 1675 440 τοῦτο
1691 411 1721 440 δὶ
1741 411 1823 440 πάλιν
1839 412 1886 440 καὶ

1058 457 1103 484 τὸν
1117 456 1240 493 κάλαμον
1253 454 1391 494 ἰλάμϐανε
1406 458 1469 495 παρ’
1485 457 1571 485 αὐτῶν
1593 457 1607 485 ὁ
1632 456 1743 495 Κύριος,
1766 457 1811 484 καὶ
1835 457 1887 484 αὐ-

1058 502 1104 532 τὸς
1129 502 1143 529 ὁ
1165 499 1295 533 διάϐολος
1309 500 1433 529 ιπεδίδου
1448 504 1543 530 τοῦτον
1556 504 1596 538 τῷ
1610 501 1711 538 Κυρίῳ,
1728 501 1776 529 οὐκ
1792 500 1887 537 εἰδὼς,

1060 545 1102 573 ὅτι
1123 547 1183 574 καθ’
1211 546 1305 574 ἑαυτοῦ
1331 547 1363 575 τὸ
1392 546 1467 586 ξίφος
1496 546 1589 582 ἂκονᾷ.
1616 546 1726 585 Λέγεται
1742 547 1791 584 γὰρ
1808 547 1889 574 ὁκά-

1061 591 1150 628 λαμος
1166 591 1331 629 ἀναιρπικὸς
1345 591 1481 619 εἶναιτῶν
1504 591 1601 630 ὄφεων,
1626 592 1672 619 καὶ
1697 590 1789 628 τούτῳ
1814 590 1889 628 μᾶλ-

1061 633 1110 663 λον
1134 635 1152 670 ἢ
1178 634 1261 674 ἑτέρῳ
1278 635 1491 674 καταράσσεσθαι
1504 635 1613 667 αὐτούς.
1630 636 1705 663 Ἐπεὶ
1719 636 1809 663 τοίνυν
1836 636 1888 663 αὗ-

1060 680 1107 711 τὸς
1123 679 1247 717 ὁΚύριος
1264 677 1391 715 Σαϐαὼθ,
1415 680 1452 712 ὡς
1470 679 1581 711 Ἡσαΐας
1606 679 1691 718 λέγει,
1719 678 1815 707 ἐδίωκε
1842 680 1890 708 τὸν

1062 723 1193 763 φεύγοντα
1221 723 1364 762 δράκοντα,
1387 725 1433 752 τὸν
1453 722 1525 764 ὅφιν,
1553 724 1599 752 τὸν
1631 725 1713 762 μέγαν
1746 721 1888 752 διάϐολον·

1060 767 1159 796 τούτου
1186 767 1275 796 ἕνεκεν
1303 768 1385 796 αὐτοῦ
1412 769 1443 796 τὸ
1471 769 1639 807 ἀναιρετικὸν
1663 766 1799 805 ἐλάμϐανε
1826 772 1891 806 παρ’

1062 811 1141 840 αὐτὸν
1162 813 1177 840 ό
1201 812 1311 851 Κύριος,
1333 811 1389 849 ἵνα,
1412 816 1470 844 τοῖς
1486 812 1568 845 ἰδίοις
1584 813 1810 849 ἐξασθενήσαντος
1839 815 1890 840 τοῦ

1063 854 1205 893 διαϐόλου,
1225 861 1283 888 τοῖς
1305 860 1355 885 τοῦ
1377 857 1476 894 Κυρίου
1492 856 1716 893 ἐνδυναμωθῶσιν
1745 858 1772 885 οἱ
1782 856 1891 896 ἅνθρω-

1062 911 1120 930 ποι,
1150 902 1214 929 Οῒον
1244 900 1272 929 δὲ
1294 912 1320 929 τι
1342 901 1489 936 πεποίηκεν
1512 902 1527 929 ὁ
1543 898 1626 929 Δαϐὶδ
1655 901 1699 928 ἐπὶ
1713 903 1762 928 τοῦ
1777 900 1891 937 Γολιὰθ,

1067 943 1158 973 λαϐὼν
1183 948 1231 974 τοῦ
1260 946 1361 984 ἐχθροῦ
1381 947 1413 974 τὸ
1429 946 1516 985 ξίφος,
1531 946 1576 973 καὶ
1591 945 1617 973 ἐν
1635 945 1708 982 αὐτῷ
1728 946 1778 981 τὴν
1806 956 1892 984 κεφα-

1066 988 1118 1025 λὴν
1140 992 1189 1018 τοῦ
1212 991 1313 1029 ἐχθροῦ
1336 991 1437 1027 τεμών,
1463 991 1550 1019 Τοῦτο
1565 993 1611 1018 νῦν
1627 990 1702 1018 καὶὸ
1718 990 1816 1027 Σωτήρ
1842 1000 1894 1018 πε-

1065 1034 1174 1070 ποίηκε,
1199 1032 1290 1063 λαϐὼν
1313 1034 1358 1062 τὸν
1384 1034 1509 1071 κάλαμον
1524 1036 1588 1072 παρ’
1604 1033 1755 1070 αὐτῶν,¹ίνα
1781 1035 1819 1071 μὴ
1837 1034 1896 1071 μό·-

1064 1089 1110 1107 νον
1139 1081 1214 1116 ἡμᾶς
1238 1079 1406 1117 ἐλευθερώσῃ
1433 1079 1487 1107 ἀπὸ
1514 1083 1565 1115 τῆς
1591 1078 1697 1115 ἀπάτης
1717 1081 1766 1107 τοῦ
1790 1076 1892 1118 ὄφεως,

1066 1123 1139 1152 ἀλλὰ
1161 1124 1206 1152 καὶ
1230 1123 1309 1152 αὐτὸν
1323 1124 1369 1152 τὸν
1386 1122 1447 1163 ὅφιν
1463 1124 1546 1161 ἀνέλῃ
1559 1126 1599 1161 τῷ
1611 1123 1740 1161 καλάμῳ,
1756 1124 1801 1151 καὶ
1817 1122 1892 1159 δείξη

1065 1168 1168 1207 νεκρόν.
1196 1168 1274 1196 Οὕτω
1298 1167 1328 1196 δὲ
1355 1167 1401 1197 οὖν
1430 1168 1559 1207 παιχθεὶς
1588 1169 1602 1196 ὁ
1632 1167 1738 1203 ἅθλιος,
1767 1167 1812 1196 καὶ
1826 1167 1894 1196 ἰδὼν

1066 1214 1159 1241 ἑαυτὸν
1184 1212 1329 1241 ἐκπεσόντα
1351 1213 1468 1249 τούτων,
1493 1213 1519 1242 ἐν
1535 1214 1578 1245 οἷς
1591 1213 1708 1252 ἐπῄρετο
1724 1214 1784 1241 καθ’
1799 1213 1892 1250 ἡμῶν·

1067 1256 1132 1286 ἰδὼν
1161 1256 1191 1285 δὲ
1216 1257 1295 1285 αὐτὸν
1324 1255 1492 1292 ὲκϐληθίντα
1520 1256 1553 1286 ἓκ
1575 1259 1614 1295 (2)
1625 1261 1675 1293 τῆς
1689 1259 1754 1295 γῆς,
1781 1258 1827 1285 καὶ
1842 1257 1895 1292 τὴν

1067 1305 1119 1339 γῆν
1144 1302 1361 1340 καθαριζομὲνην
1382 1302 1436 1330 ἀπὸ
1460 1304 1515 1330 τῶν
1540 1303 1664 1339 αἱμάτων
1679 1302 1724 1330 καὶ
1743 1304 1798 1330 τῶν
1811 1301 1896 1329 ἀκαν-

1068 1347 1134 1382 θῶν,
1148 1346 1193 1374 καὶ
1208 1346 1272 1375 ἰδὼν
1289 1347 1382 1375 ἑαυτὸν
1398 1346 1567 1375 ἀπολέσαντα
1584 1347 1616 1375 τὸ
1640 1346 1824 1386 χειρόγραφον
1848 1346 1897 1374 καὶ

1068 1391 1114 1418 τὸν
1140 1390 1275 1427 κάλαμον,
1304 1390 1331 1419 ἐν
1359 1391 1382 1428 ᾧ
1403 1391 1565 1430 κατέγραφεν
1590 1392 1681 1428 ἡμῶν,
1705 1390 1798 1427 τολμᾲ
1812 1390 1897 1418 πάλιν

1071 1435 1225 1472 ἁτόλμητα,
1259 1435 1355 1464 πλεῖον
1390 1435 1484 1463 ἑαυτὸν
1510 1435 1555 1463 καὶ
1582 1435 1608 1463 ἐν
1632 1435 1722 1473 τούτῳ
1750 1435 1895 1471 πλήττων.

1071 1480 1202 1511 Ἀκούσας
1224 1480 1275 1519 γὰρ
1301 1481 1316 1508 ὁ
1343 1481 1464 1518 πονηρὸς
1487 1480 1615 1519 λὲγοντος
1629 1482 1677 1508 τοῦ
1693 1480 1805 1517 Κυρίου·
1820 1491 1834 1506 ιι
1860 1479 1898 1508 Τό

1071 1527 1178 1562 πνεῦμα
1192 1524 1342 1564 πρόθυμον,
1358 1526 1376 1560 ἠ
1393 1524 1423 1553 δὶ
1437 1524 1501 1563 σὰρξ
1517 1525 1642 1562 ἀσθενὴς,
1657 1537 1671 1552 »
1699 1524 1824 1562 νομίσας,
1854 1524 1897 1552 δτι

1074 1570 1088 1597 ὁ
1110 1569 1197 1608 Λόγος
1220 1569 1373 1605 συνησθένει
1396 1571 1436 1605 τῷ
1460 1569 1578 1606 σώματι,
1602 1569 1647 1597 καὶ
1674 1569 1705 1597 οὖ
1733 1568 1839 1606 μᾶλλον
1863 1568 1900 1606 τῇ

197 1623 263 1643 sum
279 1615 389 1642 nefaria
406 1615 585 1650 aggreditur,
601 1614 812 1652 carniﬁcesque
834 1618 936 1645 contra
957 1616 1017 1644 Sal-

1073 1613 1185 1650 δυνάμει
1206 1615 1255 1641 τοῦ
1278 1613 1367 1652 Λόγου
1388 1613 1548 1652 συνισχύετο
1564 1615 1604 1651 (3)
1617 1613 1663 1642 καὶ
1676 1614 1709 1641 τὸ
1723 1615 1814 1651 σῶμα,
1843 1612 1899 1641 πά-

196 1662 325 1687 vatorern
344 1659 509 1694 concitavit,
532 1658 596 1695 ipse
623 1667 691 1688 vero
714 1659 809 1696 spinis
837 1660 971 1694 adhaesit,
987 1661 1018 1688 in

198 1704 290 1739 iisque
306 1704 464 1737 volutatus,
481 1711 543 1731 rem
558 1711 664 1739 passus
688 1706 734 1732 est
754 1704 811 1732 sibi
830 1705 1018 1735 contrariam.

198 1749 274 1777 Dum
289 1748 354 1775 illas
371 1748 448 1775 enim
464 1749 575 1775 teneret
588 1748 688 1776 amisit
706 1748 797 1784 ipsas,
814 1757 889 1785 quas
899 1750 1022 1785 putabat

200 1793 325 1821 amissas
342 1801 490 1820 resumere
513 1800 544 1821 se
559 1793 679 1820 tandem
694 1800 781 1829 posse
796 1801 803 1822 :
820 1795 851 1821 at
864 1802 922 1821 non
938 1794 1022 1830 prius

200 1838 267 1866 illas
283 1838 409 1873 recipere
425 1837 526 1871 valuit,
537 1845 624 1873 quam
640 1837 772 1865 Salvator
787 1837 1021 1867 maledictionem

203 1886 334 1911 nostram
362 1883 391 1909 in
418 1882 489 1917 ipsis
513 1882 600 1910 sitam
616 1881 768 1910 elevasset.
789 1882 1023 1911 Maledictionsm

203 1928 309 1964 quippe
320 1927 399 1955 illam
413 1935 478 1955 cum
494 1929 638 1962 gestasset
652 1927 793 1956 Dominus
805 1935 813 1962 ;
829 1929 894 1955 tum
905 1928 1024 1956 demum

205 1972 316 2007 recepit
343 1972 390 1999 ille
414 1972 515 2006 spinas
536 1974 564 2000 et
585 1971 770 2009 chlamydem
790 1981 797 2000 :
827 1980 891 2008 quas
912 1972 1023 2000 nullam

204 2019 265 2044 tum
284 2017 422 2043 adversus
436 2024 487 2043 nos
504 2016 561 2044 vim
577 2016 728 2052 haberent,
737 2017 788 2045 sed
804 2017 901 2053 potius
916 2017 1025 2053 impro-

204 2061 325 2087 bitatem
342 2069 440 2087 eorum
458 2063 622 2096 arguerent.
638 2061 705 2089 Jam
719 2061 798 2089 enim
813 2061 877 2098 ipse
892 2061 1027 2090 diabolus

206 2105 234 2132 in
251 2104 354 2140 spinis,
372 2104 456 2139 quasi
481 2104 511 2132 in
537 2104 667 2133 stimulis
690 2108 791 2133 contra
811 2105 953 2135 calcitrat.
969 2107 1027 2142 Ipsi

206 2157 320 2184 quoque
345 2149 379 2175 (lc
405 2148 540 2177 coccinea
563 2148 717 2186 chlamyde
733 2150 840 2178 dicitur
857 2159 864 2178 :
884 2151 1027 2184 Quemad-

207 2194 326 2220 modum
340 2192 549 2221 vestimentum
564 2194 711 2230 sanguine
732 2202 925 2231 conspersum
941 2203 1028 2223 mun-

207 2238 276 2264 dum
291 2245 349 2265 non
367 2239 411 2264 est
425 2246 430 2270 ;
448 2237 490 2265 ita
505 2245 600 2273 neque
613 2240 646 2266 tu
662 2239 792 2267 mundus
806 2238 874 2274 eris,
886 2239 958 2275 quia
971 2242 1028 2267 ter-

1073 1658 1116 1687 λιν
1145 1657 1279 1696 ἐπιχειρεῖ
1303 1658 1458 1696 παράνομα·
1486 1658 1532 1685 καὶ
1556 1657 1619 1690 τοὺς
1637 1658 1684 1695 μὶν
1700 1657 1817 1695 δημίους
1831 1668 1901 1696 παρ-

1074 1703 1160 1739 οξύνει
1183 1704 1250 1731 κατὰ
1272 1705 1321 1731 τοῦ
1346 1707 1486 1741 Σωτῆρος,
1510 1702 1591 1735 αὐτὸς
1608 1702 1637 1731 δὲ
1650 1705 1704 1731 τῶν
1720 1704 1842 1731 ἀκανθῶν
1859 1702 1899 1731 εἷ’-

1074 1758 1151 1787 χετο,
1164 1747 1209 1775 καὶ
1223 1748 1286 1786 περὶ
1298 1747 1379 1779 αὐτὰς
1395 1747 1530 1782 ἒκυλίετο,
1545 1751 1659 1786 πρᾶγμα
1683 1748 1796 1787 πάσχων
1822 1747 1900 1776 ἐναν-

1074 1792 1143 1821 τίον,
1159 1795 1252 1830 ’Έχων
1266 1792 1317 1831 γὰρ
1332 1792 1413 1824 αὐτὰς
1427 1791 1562 1829 ἀπώλεσε,
1586 1792 1631 1820 καὶ
1654 1792 1732 1829 ᾠήθη
1759 1793 1797 1829 μὴ
1823 1791 1899 1831 ἔχων

1077 1836 1203 1869 δύνασθαι
1233 1834 1326 1865 λαϐεῖν
1345 1836 1439 1869 αὐτάς*
1463 1836 1525 1869 ἁλθ’
1544 1837 1575 1865 οὐ
1590 1837 1721 1876 πρότνρον
1739 1836 1863 1876 εἶ’ληφεν,
1880 1837 1904 1865 εἰ

1080 1882 1117 1918 μὴ
1149 1882 1198 1916 τήν
1236 1882 1296 1913 καθ’
1333 1882 1414 1919 ἡμῶν
1451 1881 1477 1909 ἐν
1511 1880 1604 1913 αὐταῖς
1629 1882 1759 1918 κειμίνην
1785 1881 1905 1920 κατάραν

1078 1925 1216 1964 ἆκούφισεν
1241 1926 1256 1953 ὁ
1281 1927 1390 1964 Σωτήρ.
1412 1925 1599 1958 Βαστάσαντος
1623 1927 1661 1963 (li)
1675 1927 1726 1964 γὰρ
1741 1928 1789 1954 τοῦ
1805 1926 1907 1965 Κυρίου

1078 1970 1189 2005 ταύτην,
1221 1969 1302 1997 πάλιν
1325 1967 1407 1998 ἔλαϐε
1429 1970 1478 2002 τὰς
1496 1970 1611 2002 ἀκάνθας
1636 1971 1681 1998 καὶ
1695 1971 1744 2005 τήν
1760 1970 1905 2009 χλαμύδα·

1080 2015 1130 2043 οὐκ
1144 2013 1183 2043 ἔτι
1213 2015 1260 2051 μὶν
1287 2014 1417 2052 ἰσχύοντα
1438 2016 1499 2047 καθ’
1513 2016 1605 2052 ἡμῶν,
1622 2014 1729 2043 ἐκείνων
1745 2014 1774 2043 δὲ
1787 2016 1838 2050 τήν
1854 2026 1908 2044 πο-

1080 2060 1175 2097 νηρίαν
1199 2059 1362 2098 ἐλέγχοντα.
1388 2061 1441 2086 Νῦν
1469 2059 1515 2096 μὶν
1537 2059 1587 2098 γὰρ
1607 2059 1688 2091 αὐτὸς
1703 2060 1718 2088 ὁ
1733 2057 1863 2091 διάϐολος
1880 2059 1907 2088 ἐν

1084 2104 1131 2141 μὶν
1154 2107 1213 2135 ταῖς
1234 2103 1358 2134 ἀκάνθαις
1381 2103 1418 2135 ὡς
1444 2103 1470 2131 ἐν
1485 2104 1606 2142 κέντροις
1627 2103 1683 2132 ἰστῖ
1699 2104 1832 2139 λακτίζων
1847 2105 1909 2136 καθ’

1082 2149 1173 2184 ἡμῶν.
1203 2148 1314 2186 Λέγεται
1335 2147 1365 2176 δὲ
1379 2148 1453 2184 αὖτῷ
1466 2148 1528 2186 περὶ
1542 2150 1592 2183 τῆς
1606 2148 1733 2184 κοκκίνης
1750 2147 1907 2186 χλαμύδος·

1084 2193 1112 2221 ὅν
1128 2193 1227 2230 τρόπον
1244 2193 1352 2230 ἱμάτιον
1369 2192 1396 2220 ἐν
1419 2192 1514 2229 α’ίματι
1539 2192 1709 2231 πεφυρμένον
1724 2193 1773 2220 οὐκ
1787 2191 1844 2220 ἔστι
1859 2203 1909 2220 κα-

1085 2238 1178 2276 θαρὸν,
1194 2237 1279 2269 οὕτως
1296 2236 1359 2265 οὐδὲ
1373 2236 1404 2264 σὺ
1420 2236 1466 2274 ἔσῃ
1480 2237 1605 2274 καθαρὸς,
1622 2235 1691 2265 διότι
1707 2237 1757 2272 τὴν
1776 2240 1828 2275 γῆν
1857 2247 1911 2274 μου

208 2291 270 2310 ram
288 2290 380 2309 meam
393 2281 554 2317 perdidisti,
564 2282 766 2319 populumque
779 2291 876 2312 meum
885 2284 1017 2312 occidisti

1085 2281 1239 2317 ἀπώλεσας,
1254 2281 1298 2309 καὶ
1309 2282 1355 2309 τὸν
1372 2280 1437 2309 λαὸν
1456 2292 1509 2319 μου
1526 2282 1695 2313 ἀπέκτεινας.

249 2336 289 2362 18.
306 2336 500 2367 Quamobrem
512 2335 576 2370 jam
592 2335 744 2363 carnifices
764 2335 913 2364 concitans
929 2336 960 2363 in
974 2336 1033 2364 Sal-

209 2383 350 2413 vatorem,
368 2380 529 2408 culcitravit
543 2379 573 2408 in
588 2380 683 2416 spinis
698 2380 783 2416 quasi
797 2380 827 2408 in
842 2380 1033 2417 stimulis,po—

210 2425 269 2452 tius
286 2425 347 2460 ipse
371 2432 538 2460 percussus,
555 2432 645 2461 quam
672 2426 844 2461 percuteret.
860 2425 938 2457 Quos
953 2425 1032 2453 enim

1124 2336 1166 2363 18,
1193 2335 1243 2362 Διά
1263 2337 1343 2362 τοῦτο
1367 2335 1412 2361 καὶ
1434 2336 1490 2370 νῦν,
1512 2337 1593 2362 κινῶν
1608 2334 1673 2366 τοὺς
1697 2333 1815 2371 δημίους
1842 2335 1912 2363 κατᾶ

1085 2381 1135 2407 τοῦ
1157 2382 1297 2417 Σωτῆρος,
1319 2378 1456 2413 ἐλάκτιζον
1488 2378 1526 2410 ὡς
1546 2378 1573 2406 ἐν
1596 2379 1716 2417 κέντροις
1744 2382 1804 2410 ταῖς
1830 2379 1912 2407 ἀκάν-

1087 2429 1159 2458 θαις,
1186 2423 1231 2450 καὶ
1255 2422 1361 2459 μᾶλλον
1384 2422 1533 2458 ἐπλήττετο
1556 2423 1574 2458 ἢ
1601 2422 1745 2459 ἴπληττεν.
1780 2423 1832 2455 οὕς
1858 2425 1910 2462 γὰρ

210 2469 272 2505 ipse
284 2469 438 2496 commovit
452 2469 481 2497 in
491 2468 774 2504 Salvatorem,iidem
785 2469 924 2498 adversus
934 2469 1017 2505 ipsum

1088 2467 1167 2496 ἐκίνει
1191 2468 1259 2495 κατὰ
1281 2469 1329 2495 τοῦ
1353 2470 1495 2505 Σωτῆρος,
1519 2466 1593 2495 οὗτοι
1622 2469 1680 2496 κατ’
1706 2467 1788 2496 αὐτοῦ
1817 2468 1908 2496 ὡπλί-

211 2522 291 2542 arma
307 2514 474 2542 sumebant.
487 2515 613 2550 Accepta
627 2514 736 2550 quippe
751 2523 768 2542 a
782 2513 930 2543 Salvatore
944 2522 1033 2542 arun-

1090 2515 1176 2547 ζοντο.
1202 2509 1392 2549 Λαμϐάνοντις
1418 2511 1468 2550 γὰρ
1496 2512 1542 2540 τὸν
1565 2511 1689 2550 κάλαμον
1711 2513 1784 2550 παρὰ
1797 2515 1847 2540 τοῦ
1862 2514 1917 2542 Κυ-

211 2558 289 2592 dine,
306 2558 360 2585 rati
386 2567 416 2585 se
441 2557 525 2586 illum
548 2559 708 2594 percutere,
730 2558 930 2593 csacutiebant,
947 2560 1016 2594 atqu

1089 2557 1159 2595 ρίου,
1175 2556 1220 2585 καὶ
1234 2556 1389 2594 νομίζοντες
1410 2556 1489 2585 αὐτὸν
1513 2556 1634 2593 τύπτειν,
1659 2557 1843 2597 ἰτύφλωττον,
1868 2557 1916 2586 τὸν

246 2645 268 2663 ⁶¹
286 2646 296 2672 Ι
314 2645 382 2680 Reg.
399 2653 468 2678 xvn,
483 2643 528 2672 51.
566 2644 589 2662 ⁶²
603 2644 708 2674 Matth.
724 2653 782 2681 xxi,
800 2645 843 2674 11.

251 2731 289 2765 (1)
319 2730 380 2756 Κατ’
398 2728 516 2766 ἐκείνιςιο,⁸
528 2730 609 2758 deest
623 2729 652 2758 in
667 2730 781 2766 Anglic.
802 2730 886 2766 cujus
902 2729 964 2758 loco
980 2730 1037 2758 Re-

214 2764 393 2802 giushnbct,
411 2765 468 2802 κατ’
489 2764 581 2793 αὐτοῦ.
611 2764 731 2799 ibidem,
754 2764 861 2802 Regius
882 2765 974 2799 solus,
991 2776 1038 2792 κα-

214 2801 379 2829 τασκευάσει.
408 2801 480 2829 Editi
498 2810 565 2829 vero
585 2804 614 2830 et
629 2801 723 2830 cmteri
749 2802 942 2838 manuscripti
961 2811 1038 2828 κατα-

217 2838 339 2873 σκευάσῃ.

1128 2731 1166 2766 (2)
1182 2730 1247 2766 Ἐκ,
1254 2730 1337 2758 deest
1351 2729 1381 2757 in
1398 2729 1497 2766 Regio.

1181 2765 1289 2807 Begius
1303 2768 1332 2793 et
1346 2764 1535 2807 Anglicanus,
1543 2764 1699 2807 Λσυνισχύιι.

1128 2773 1167 2800 (δ)
1182 2773 1289 2807 negius
1303 2773 1332 2793 et
1346 2773 1535 2807 anglicanu's,
1551 2774 1608 2791 συνι
1649 2774 1699 2793 ou.

1127 2802 1167 2837 (4)
1182 2802 1306 2834 Quidam
1321 2803 1523 2838 manuscripti,
1541 2773 1728 2838 βαστέἔᾶντος.
