4136 6218
297 361 421 423 21⁵1

1356 357 1461 418 DE
1503 355 1897 419 PASSIONE
1941 358 2040 418 ET
2082 357 2345 421 CRUCE
2388 359 2693 422 DOMINI.

293 492 595 561 κινήσαντα
652 486 846 550 αὐτους
903 482 1161 544 διάϐολον
1217 484 1507 548 κόπτοντες
1539 485 1590 541 ἐν
1621 488 1741 547 ταῖς
1798 484 1959 542 ἀκάν-

2085 487 2274 559 ipsum
2316 505 2378 545 se
2425 490 2818 546 concitantem
2854 488 3161 545 diabolum
3195 488 3254 544 in
3312 487 3504 560 spinis
3545 490 3732 548 caade-

300 579 575 645 θαις.Καὶ
632 577 815 654 ὥσπερ
870 577 938 633 τὰ
994 572 1147 646 ἔθνη,
1204 571 1470 631 ἀναϐάντα
1523 574 1659 630 κατὰ
1713 581 1814 644 τῆς
1872 576 1971 633 Ἱε-

301 668 623 745 ρουσαλὴμ,
655 664 884 723 ἔκοπτον
914 663 1203 736 ἀλλήλους
1237 664 1289 720 ἐν
1317 664 1387 739 τῇ
1436 661 1652 720 κοιλάδι
1686 664 1969 741 Ἰωσαφὰτ,

299 758 399 815 καὶ
430 759 509 819 ὡς
537 757 590 811 οἱ
638 754 930 817 διώκοντες
954 755 1048 809 τὸν
1097 753 1338 831 Ἰσραὴλ,
1373 751 1621 818 ἐλθόντες
1672 754 1821 827 παρὰ
1873 752 1969 814 τὰς

300 844 508 923 ὄχθας,
539 843 817 915 ἀλλήλοις
871 841 1286 912 συνεπλέκοντο,
1345 842 1435 897 καὶ
1495 840 1786 912 ἀλλήλους
1842 862 1970 896 κατ-

301 930 645 1009 ελάμϐανον·
679 933 853 995 οὕτως
880 932 972 988 καὶ
1019 936 1108 986 νῦν
1152 933 1204 986 ol
1261 929 1547 994 διώκοντες
1605 931 1697 985 τὸν
1750 930 1970 1006 Κύριον,

302 1025 599 1094 ἀλλήλους
628 1020 854 1078 ἔκοπτον
886 1021 1228 1098 ἀγνοοῦντες,
1267 1018 1600 1097 βλάπτοντες
1650 1020 1743 1092 μὶν
1812 1018 1967 1074 αὐτὸν

301 1118 383 1186 (5)
413 1109 595 1183 οὐδὲν,
627 1111 848 1174 ἑαυτοὺς
881 1108 940 1166 δὲ
973 1109 1186 1184 μᾶλλον
1248 1107 1579 1171 ἀδικοῦντες.
1612 1112 1816 1183 Ὥσπερ
1866 1108 1969 1184 γὰρ

304 1201 395 1258 ἐὰν
429 1200 632 1277 πέτραν
689 1204 757 1273 τῇ
816 1200 967 1276 χειρὶ
1022 1198 1238 1254 κόπτειν
1269 1196 1419 1263 θέλοι
1447 1219 1553 1266 τις,
1586 1198 1682 1266 τὴν
1712 1196 1822 1270 ’μὲν
1882 1197 1974 1252 πὲο

305 1310 440 1364 τραν
474 1288 538 1345 ού
566 1289 777 1362 τέμνει,
804 1293 904 1358 τήν
935 1286 995 1344 δὲ
1024 1292 1184 1364 χεῖρα
1224 1286 1595 1364 τραυματίζει·
1627 1290 1819 1341 τοῦτον
1876 1285 1968 1341 τὸν

303 1379 512 1450 τρόπον
544 1379 634 1433 καὶ
662 1379 714 1432 οἱ
744 1378 880 1432 κατὰ
907 1381 1006 1432 τοῖ’)
1066 1378 1265 1452 Κυρίου
1320 1375 1672 1453 πράττοντες,
1704 1374 1781 1438 ὡς
1837 1375 1973 1429 κατά

306 1468 584 1547 ἀφθάρτου
614 1465 954 1541 τολμῶντες,
987 1463 1379 1545 διεφθείροντο,
1410 1467 1500 1519 καὶ
1532 1466 1607 1528 ὡς
1656 1464 1795 1520 κατᾶ
1841 1466 1973 1547 ἆθατ

307 1543 475 1613 νᾶτου
515 1556 943 1633 ἐπιχειροῦντες,
993 1543 1146 1610 αὐτοὶ
1206 1553 1419 1627 μᾶλλον
1479 1553 1838 1624 ἀπέθνησκον.
1870 1543 1973 1608 Καὶ

304 1645 369 1702 τό
398 1667 465 1720 γε
493 1644 795 1722 χείριστον,
827 1643 909 1700 ὅτι
940 1641 1032 1699 διὰ
1059 1648 1164 1699 τῶν
1193 1642 1358 1698 αὐτοῦ
1396 1641 1578 1717 μελῶν
1611 1641 1844 1719 ἔπασχεν

307 1737 340 1791 ὃ
375 1735 616 1809 μάλιστα
643 1733 833 1810 γέγονε
861 1738 942 1805 τῷ
971 1733 1264 1810 πανούργῳ
1313 1732 1453 1807 πρὸς
1498 1730 1709 1787 τελείαν
1770 1731 1971 1806 αἰσχύ-

2080 577 2242 632 bant.
2274 579 2354 633 Ac
2374 578 2552 634 veluti
2576 581 2779 651 gentes
2803 593 2929 649 quae
2952 581 3155 632 contra
3173 574 3502 632 Jerusalem
3530 592 3736 634 ascen-

2081 666 2312 734 derant,
2346 683 2409 722 se
2468 676 2673 723 mutuo
2726 666 3028 722 caedebant
3057 665 3117 721 in
3164 664 3314 721 valle
3342 665 3646 737 Josapbat,
3678 669 3738 722 et

2081 755 2181 827 qui
2243 757 2750 827 persequebantur
2794 756 3093 822 Israelem,
3134 755 3206 810 ad
3256 771 3390 810 oras
3420 753 3736 827 progressi.

2080 846 2139 900 in
2166 861 2228 900 se
2258 849 2463 902 mutuo
2517 844 2706 917 ignari
2750 842 3297 916 congrediebantur,
3360 858 3488 899 sese
3534 847 3736 900 mutuo

2080 933 2420 1004 capiebant;
2445 934 2530 990 sic
2554 936 2679 1005 jam
2712 933 2811 1005 qui
2840 931 3155 989 Dominum
3204 932 3736 1004 persequebantur,

2081 1038 2143 1077 se
2174 1023 2357 1093 ignari
2390 1023 2711 1091 cadebant,
2746 1020 2894 1078 nihil
2924 1021 3144 1093 ipsum,
3206 1020 3309 1076 sed
3366 1036 3496 1077 sese
3538 1020 3737 1093 potius

2082 1111 2379 1168 laedentes.
2420 1111 2925 1175 Quemadmodum
2955 1109 3110 1167 enim
3162 1109 3211 1166 si
3240 1109 3371 1181 quis
3419 1125 3601 1166 manu
3632 1125 3734 1183 pc-

2081 1196 2233 1256 tram
2265 1205 2565 1273 percutere
2593 1200 2752 1268 velit,
2779 1204 3005 1273 petram
3052 1199 3290 1271 quidem
3335 1215 3452 1255 non
3496 1197 3733 1270 scindit,

2083 1290 2184 1346 sed
2219 1306 2461 1346 manum
2502 1292 2790 1359 vulnerat,
2823 1290 3027 1346 eodem
3053 1288 3227 1344 modo
3277 1288 3379 1359 qui
3408 1292 3613 1346 contra
3634 1291 3741 1349 Do-

2086 1378 2313 1433 minum
2366 1379 2635 1451 agebant,
2716 1382 2917 1449 utpote
2982 1381 3184 1433 contra
3230 1376 3733 1449 incorruptibilem

2086 1467 2235 1536 ausi,
2270 1468 2328 1522 in
2388 1468 2707 1540 perniciem
2738 1468 2904 1524 ibant
2933 1483 2948 1523 :
2982 1471 3039 1523 et
3070 1466 3170 1539 qui
3201 1471 3407 1525 contra
3433 1466 3738 1527 immorta-

2086 1556 2201 1613 lcm
2225 1561 2448 1614 certare
2470 1559 2785 1629 audebant,
2810 1562 3057 1614 mortem
3092 1558 3205 1630 ipsi
3236 1558 3349 1614 sibi
3380 1557 3735 1616 conscivere.

2087 1646 2368 1717 Quodque
2401 1647 2723 1718 pessimum
2755 1652 2899 1715 erat,
2934 1664 2968 1703 a
3015 1646 3141 1702 suis
3169 1648 3294 1720 ipse
3327 1648 3607 1705 membris
3635 1648 3737 1704 la-

2088 1735 2373 1792 debatur:
2425 1737 2579 1808 quod
2642 1736 3047 1791 versutissimo
3102 1734 3186 1790 illi
3246 1753 3479 1791 summo
3527 1738 3737 1808 pudori

304 1847 435 1895 νην.
467 1822 651 1885 Ὅλως
715 1823 808 1895 μὶν
866 1823 970 1899 γὰρ
1031 1823 1134 1877 ὑπὸ
1188 1827 1288 1877 τοῦ
1339 1821 1537 1895 Κυρίου
1567 1820 1971 1894 πΛηττόμενος,

2089 1823 2215 1879 fuit.
2276 1824 2421 1880 Nam
2478 1825 2595 1881 sia
2652 1825 2898 1881 Domino
2950 1824 3306 1896 vapulasset,
3365 1829 3593 1897 poterat
3647 1825 3737 1883 vel

305 1912 548 1985 ἠδύνατο
596 1919 924 1989 καυχᾶσθαι*
961 1911 1050 1967 ὅτε
1108 1909 1165 1967 δὶ
1225 1913 1309 1990 ὑφ’
1357 1912 1430 1966 ὧν
1489 1909 1829 1980 ἐδουλεύετο,
1864 1910 1965 1965 ὑπὸ

303 2002 518 2059 τούτων
578 2001 860 2072 κόπτεται,
903 2006 1065 2057 τοῦτο
1122 2008 1295 2056 πᾶσαν
1353 2000 1622 2076 αἰσχύνην
1684 2001 1971 2076 ὑπερῆρενο

312 2091 476 2150 Ἀλλ’
509 2091 610 2147 οὐκ
650 2091 866 2147 ἐκείνων
896 2094 931 2161 ἡ
964 2090 1158 2167 πληγὴ
1188 2091 1281 2146 τὸν
1314 2085 1434 2168 ὅφιν
1493 2091 1717 2166 ἀναιρεῖ·
1754 2088 1816 2144 ού
1870 2090 1970 2165 γὰρ

313 2187 576 2238 τοσοῦτον
625 2178 893 2251 ἠδύναντο
942 2179 1221 2257 ἅνθρωποι
1274 2179 1364 2235 καὶ
1414 2176 1608 2253 δήμιοι
1645 2174 1815 2240 ὄντες
1846 2174 1972 2232 ἀλλ’

310 2271 504 2328 ὲλύπει
562 2270 662 2344 μὶν
717 2268 877 2325 αὐτὸν
933 2272 970 2339 ἦ
1031 2264 1188 2345 ὕϐρις
1247 2271 1283 2338 ἡ
1338 2267 1486 2343 παρὰ
1537 2271 1647 2323 τῶν
1697 2264 1971 2325 Ἰουδαίων

312 2360 461 2433 αὐτῷ
490 2360 758 2435 γινομένη
788 2361 889 2432 (7)*
923 2358 1281 2434 ἐτραυμάτιζε
1332 2354 1391 2413 δε
1434 2358 1542 2432 οὐχ
1572 2358 1607 2426 ἡ
1642 2355 1789 2433 παρὰ
1842 2354 1969 2411 τού-

316 2472 425 2506 των
487 2450 753 2526 γινομένη
814 2446 1030 2524 πληγὴ,
1085 2446 1210 2503 ἀλλ’
1269 2448 1297 2502 ὁ
1352 2444 1552 2520 Κύριος
1606 2447 1681 2519 (8)
1742 2445 1771 2500 6
1823 2444 1970 2499 ἀντι-

314 2539 532 2615 κρούων
558 2543 630 2613 τῇ
659 2537 865 2593 τούτων
925 2536 1145 2611 πληγῇ,
1174 2534 1263 2591 καὶ
1293 2538 1329 2606 ἡ
1378 2535 1439 2591 ἐκ
1491 2542 1591 2606 τῆς
1643 2533 1832 2611 χειρὸς
1874 2537 1971 2588 τοῦ

318 2630 584 2702 Σωτῆρος
657 2625 923 2702 γενομένη
999 2622 1226 2697 δύναμις
1295 2629 1375 2696 τῷ
1440 2622 1700 2698 καλάμῳ.
1762 2622 1864 2681 Καὶ
1918 2621 1970 2676 ἐν

304 2718 490 2789 τούτῳ
520 2718 626 2792 γὰρ
659 2718 688 2771 6
719 2715 914 2791 Κύριος
969 2715 1475 2790 σχημπισάμενος,
1505 2713 1596 2769 καὶ
1652 2712 1721 2769 τὰ
1772 2713 1974 2789 ἀνθρώ-

308 2828 438 2863 πινα
470 2801 952 2881 προϐαλλόμενος,
984 2800 1201 2880 ἐδέχετο
1224 2804 1317 2859 τὸν
1366 2799 1488 2881 ὅφιν
1546 2802 1599 2857 ἐν
1643 2806 1763 2864 ταῖς
1810 2800 1973 2856 ἀκάν-

306 2908 450 2967 θαις,
484 2895 579 2950 καὶ
607 2894 682 2957 ὡς
714 2896 998 2968 ἄνθρωπος
1019 2892 1380 2965 τυπτόμενος,
1413 2894 1715 2969 συνεχώρει
1754 2890 1973 2947 τύπτειν

305 2985 398 3040 τὸν
435 2979 561 3055 ὅφιν
618 2989 734 3045 τοῖς
779 2980 1025 3056 δημίοις
1054 2980 1147 3036 ’ἶνα
1174 2983 1204 3037 6
1235 2983 1367 3037 ποτὲ
1423 2982 1847 3057 καυχησάμεθος
1905 2979 1973 3034 εἶ-

304 3095 391 3128 ναι
421 3074 582 3144 Θεὸς,
612 3074 702 3127 καὶ
729 3070 1144 3147 καυχησάμενος
1177 3073 1251 3134 ὡς
1280 3070 1371 3127 τὸν
1432 3071 1627 3147 Κύριον
1689 3070 1969 3147 πειράσας,

310 3163 415 3219 δπὸ
464 3159 682 3235 δημίων
740 3159 1099 3234 τυπτόμενος,
1128 3158 1340 3217 τελείαν
1392 3160 1492 3230 τὴν
1543 3159 1814 3234 αἰσχύνην
1868 3158 1969 3215 ἀπ-

308 3251 616 3327 ενέγκηται.

384 3377 469 3434 19.
504 3369 793 3430 ’Δπὲϐαινε
823 3371 881 3431 δὲ
936 3372 1086 3447 αύτῷ
1140 3377 1307 3429 ταῦτο
1358 3373 1449 3428 καὶ
1508 3374 1658 3449 παρὰ
1721 3373 1958 3448 γνώμην

308 3465 382 3521 ὧν
470 3460 749 3522 ἐϐούλετο.
810 3467 1077 3541 Ἐνεργῶν
1154 3462 1255 3540 γὰρ
1333 3463 1386 3518 ἐν
1459 3468 1577 3525 τοῖς
1658 3458 1955 3518 καταϐοῶσ

306 3558 409 3608 τοῦ
464 3560 750 3629 Σωτῆρος,
800 3553 989 3629 ἠγνόει
1045 3553 1146 3621 τήν
1205 3553 1416 3621 σιωπὴν
1470 3554 1795 3628 ἀντεισάγων
1852 3563 1973 3616 καθ.

308 3644 504 3699 ἑαυτοῦ
539 3662 552 3675 ·
629 3642 942 3717 παροξύνων
1020 3640 1295 3713 Πιλᾶτον,
1384 3639 1483 3696 ούκ
1572 3638 1692 3716 ᾔδει
1798 3648 1979 3696 κατα-’

307 3734 585 3801 ηευάζων
613 3731 730 3786 ἀντὶ
762 3729 969 3793 δειλίας
1023 3733 1123 3801 τήν
1180 3726 1431 3810 ἀφοϐίαν⁸
1463 3735 1630 3785 κινῶν
1683 3730 1973 3786 τύπτεσθαι

308 3822 399 3876 τὸν
486 3820 685 3897 Κύριον
716 3867 731 3893 ,
798 3820 1069 3876 ἐπλανᾶτο
1158 3817 1512 3893 δεικνυμὲνης
1599 3819 1973 3891 ἀνεξικακίας.

310 3912 410 3967 Καὶ
487 3908 647 3971 τέλος
731 3909 1077 3985 ἐμπαροινῶν
1162 3909 1298 3963 κατᾶ
1374 3913 1473 3963 τοῦ
1540 3915 1827 3985 Σωτῆρος,
1876 3907 1981 3964 οὐκ

309 3995 539 4056 ἔϐλεπεν
591 3999 786 4075 ἀρετὴν
831 3998 969 4053 κατᾶ
1021 3996 1211 4061 κακίας
1270 3996 1642 4067 καθοπλίζων·
1671 3997 1816 4073 πάσῃ
1873 3999 1975 4073 γὰρ

309 4091 473 4160 κακίᾳ
518 4088 608 4143 καὶ
658 4088 899 4163 πονηρίᾳ
928 4087 1109 4164 χαίρει
1141 4090 1169 4143 ὁ
1202 4086 1423 4163 ἐχθρός·
1457 4087 1547 4142 καὶ
1595 4085 1647 4141 εἶ’
1698 4108 1751 4142 τι
1809 4086 1973 4143 κακόν

312 4178 445 4245 ἐστι,
478 4181 641 4232 τοῦτο
669 4171 984 4231 διαϐολικόν
1017 4175 1157 4232 ἐστιν
1207 4175 1399 4232 ὅπλον·
1435 4177 1471 4245 ἢ
1503 4175 1607 4251 γὰρ
1651 4172 1828 4247 δειλίᾳ
1878 4188 1975 4240 θα-

312 4266 498 4332 νὲτου,
532 4267 567 4334 ἢ
601 4264 691 4319 διὰ
736 4266 799 4320 τὸ
845 4266 1147 4338 ἀμυνασθαι
1205 4264 1444 4334 πάντως,
1478 4264 1798 4341 ἁμαρτάνειν
1858 4265 1975 4319 πεί-

315 4357 416 4411 θει.
448 4356 605 4409 ’Ὀθεν
642 4355 671 4409 6
717 4353 913 4430 Κύριος
965 4354 1220 4427 ὑπέμεινε
1267 4351 1579 4409 πάνταοῖνα
1636 4352 1688 4409 ἐν
1755 4354 1849 4427 μὲν
1907 4352 1977 4427 τῇ

312 4442 489 4515 δειλίᾳ
546 4444 651 4511 τήν
706 4440 1073 4517 ἁνδρείαν,τῇ
1134 4440 1191 4498 δὶ
1259 4439 1409 4515 ὕϐρει
1467 4442 1568 4511 τῆν
1614 4441 1971 4513 ἀνεξικακίαν,

310 4539 385 4606 τῷ
416 4531 475 4589 δὲ
507 4536 670 4605 θυμῷ
712 4533 815 4601 τήν
867 4530 1167 4607 πραότητα,
1200 4531 1289 4587 καὶ
1337 4530 1424 4587 ἐπὶ
1476 4537 1636 4586 πᾶσιν
1667 4534 1747 4605 (9)
1780 4532 1976 4608 ἀρετὴν

2086 1913 2519 1984 quodammodo
2569 1913 2836 1986 gloriari:
2872 1930 3005 1969 cum
3064 1917 3258 1969 autem
3285 1915 3357 1970 ab
3389 1915 3461 1971 iis
3495 1931 3645 1987 quos
3675 1915 3738 1972 in

2083 2001 2420 2059 servitutem
2467 2004 2790 2075 redegerat,
2834 2002 3213 2074 percutiatur,
3254 2003 3365 2061 hoc
3419 2020 3594 2060 omne
3632 2005 3733 2061 de-

2034 2140 2037 2143 γ
2083 2092 2263 2147 decus
2292 2093 2670 2149 transcendit.
2721 2094 2987 2148 Attamen
3028 2109 3144 2149 non
3194 2109 3397 2149 eorum
3458 2093 3575 2149 ictu
3613 2110 3737 2151 ser-

2082 2196 2228 2252 pens
2254 2181 2539 2237 occiditur
2560 2199 2574 2238 :
2598 2197 2787 2253 neque
2807 2185 3037 2237 tantum
3071 2185 3309 2253 potuere
3341 2181 3427 2237 illi
3458 2182 3733 2240 homines

2082 2270 2522 2343 carniﬁcesque.
2560 2272 2668 2327 Sed
2712 2271 2977 2327 mceroris
3006 2275 3133 2327 erat
3174 2271 3532 2328 contumelia
3564 2288 3599 2329 a
3626 2271 3734 2329 Ju-

2082 2356 2220 2413 daeis
2242 2356 2355 2413 sibi
2384 2357 2546 2415 illata
2571 2374 2584 2414 :
2608 2358 2931 2415 vulneravit
2962 2363 3157 2416 tamen
3188 2359 3358 2416 illum
3381 2377 3497 2417 non
3526 2375 3732 2419 eorum

2081 2447 2418 2519 percussio;
2443 2448 2541 2504 sed
2558 2448 2873 2505 Dominum
2901 2449 3001 2521 qui
3034 2448 3270 2505 illorum
3294 2450 3733 2522 percussionem

2082 2535 2483 2608 propulsabat,
2517 2552 2743 2594 necnon
2766 2554 2831 2594 ea
2861 2538 3046 2594 virtus
3067 2554 3197 2611 quas
3228 2554 3297 2594 ex
3318 2555 3495 2595 manu
3529 2539 3732 2598 Salva-

2082 2626 2228 2681 toris
2254 2625 2313 2681 in
2345 2626 2699 2683 arundinem
2730 2626 3067 2699 permeavit.
3100 2627 3245 2683 Nam
3268 2627 3327 2682 in
3358 2627 3468 2684 hoc
3499 2645 3735 2702 quoque

2082 2712 2345 2770 humana
2375 2716 2688 2787 praeferens
2723 2715 3001 2772 Dominus
3049 2714 3466 2788 objiciensque,
3498 2732 3735 2789 serpen-

2081 2805 2201 2858 tem
2232 2802 2293 2858 in
2342 2804 2533 2876 spinis
2559 2804 2804 2877 excepit,
2837 2808 2894 2861 et
2945 2804 3114 2876 quasi
3173 2804 3346 2860 homo
3370 2805 3729 2874 verberatus,

2083 2898 2417 2964 serpentem
2474 2893 2764 2950 concessit
2818 2910 2853 2948 a
2881 2892 3255 2949 carniﬁcibus
3304 2892 3634 2950 verberari:
3668 2898 3736 2950 ut

2081 2981 2276 3053 quise
2323 2981 2461 3038 olim
2521 2987 2700 3038 Deum
2724 2997 2853 3040 esse
2874 2982 3260 3054 gloriabatur,
3303 2985 3361 3038 et
3404 2999 3530 3039 sese
3551 2983 3734 3055 jacti-
3784 3050 3789 3055 ἱ

2082 3071 2247 3127 tabat
2275 3072 2433 3144 quod
2482 3072 2800 3129 Dominum
2828 3076 3137 3143 tentasset,
3168 3090 3204 3129 α
3224 3072 3597 3129 carnificibus
3628 3090 3728 3132 va-

2083 3159 2296 3233 pulans
2325 3178 2629 3218 summum
2658 3161 2793 3218 inde
2821 3163 3074 3219 dedecus
3101 3162 3375 3219 auferret.

2163 3375 2249 3430 19.
2280 3376 2411 3433 Haec
2440 3392 2612 3449 porro
2660 3377 2774 3451 ipsi
2807 3382 3017 3450 printer
3061 3377 3412 3434 sententiam
3443 3382 3500 3435 et
3535 3378 3737 3435 volun-

2090 3467 2268 3521 tatem
2293 3465 2571 3539 obtigere.
2595 3467 2740 3523 Nam
2788 3467 2930 3523 dum
2962 3467 3197 3523 turbam
3227 3471 3485 3523 moveret
3517 3469 3589 3523 ad
3621 3467 3740 3525 cla-

2091 3554 2376 3609 mandum
2424 3558 2629 3610 contra
2671 3554 3052 3623 Salvatorem,
3092 3556 3403 3628 ignorabat
3445 3571 3507 3611 se
3566 3555 3741 3612 silen-

2091 3640 2240 3697 tium
2301 3641 2414 3698 sibi
2466 3643 2703 3699 noxium
2738 3644 3219 3700 inducerezdum
3264 3645 3516 3701 Pilatum
3548 3645 3739 3701 conci-

2087 3734 2258 3795 taret,
2319 3732 2617 3787 nesciebat
2666 3749 2729 3787 se
2800 3749 2903 3804 pro
2967 3732 3276 3787 formidine
3346 3733 3739 3790 constantiam

2089 3818 2389 3891 animique
2454 3821 2793 3876 ﬁrmitatem
2850 3820 3118 3877 efﬁcere:
3170 3821 3312 3876 dum
3362 3820 3633 3877 incitaret
3662 3822 3736 3877 ad

2084 3908 2512 3964 verberandum
2535 3908 2913 3976 Salvatorem,
2947 3908 3202 3964 multum
3233 3925 3268 3965 a
3296 3925 3475 3981 scopo
3506 3909 3739 3966 aberra-

2085 3996 2207 4064 bat,
2239 4013 2374 4054 cum
2404 3997 2541 4053 hinc
2571 3998 2698 4069 ejus
2744 3995 3050 4052 clementia
3078 3996 3508 4070 tolerantiaque
3538 3998 3735 4072 palam

2089 4088 2187 4141 78
2220 4087 2401 4141 ﬁeret.
2440 4088 2682 4142 Demum
2706 4086 2847 4142 dum
2872 4084 2931 4141 in
2964 4085 3324 4143 Salvatorem
3355 4086 3739 4144 debaccbare-

2086 4180 2204 4241 tur,
2243 4192 2359 4230 non
2390 4175 2749 4244 advertebat,
2779 4175 3056 4231 virtutem
3089 4192 3152 4232 se
3173 4176 3738 4249 contraimprobita-

2082 4266 2201 4318 tem
2226 4264 2407 4319 armis
2438 4263 2761 4320 instruere:
2785 4263 3064 4321 inimicus
3092 4280 3348 4338 namque
3401 4265 3563 4322 omni
3594 4281 3740 4341 gau-

2083 4354 2181 4409 det
2212 4353 2437 4409 malitia
2466 4360 2523 4410 et
2554 4353 3020 4427 improbitate.Si
3047 4354 3186 4426 quid
3212 4354 3368 4412 enim
3394 4354 3615 4411 malum
3649 4371 3738 4411 re-

2083 4442 2365 4514 periatur,
2400 4442 2548 4498 illud
2579 4443 2935 4500 diabolicum
2965 4450 3051 4500 est
3075 4443 3257 4499 telum
3284 4462 3296 4501 :
3321 4460 3459 4499 nam
3491 4448 3592 4501 aut
3629 4445 3743 4501 for-

2086 4531 2308 4588 midins
2348 4532 2575 4598 mortis,
2633 4537 2737 4589 aut
2788 4532 3148 4589 defensionis
3201 4548 3379 4589 causa
3436 4537 3741 4605 peccatum

309 4600 445 4676 κατὰ
470 4600 589 4689 eis
604 4600 797 4682 κακίας
830 4600 1162 4675 ἀντικεῖσθαι
1208 4616 1413 4694 διδάξῃ.
1445 4619 1544 4674 Καὶ
1596 4600 1827 4695 πρῶτον.
1873 4620 1968 4693 μὶν

2086 4623 2312 4677 suadet.
2348 4622 2538 4687 Quare
2558 4621 2846 4679 Dominus
2875 4621 3076 4677 omnia
3101 4622 3422 4690 sustinuit;
3456 4626 3521 4677 ut
3546 4620 3607 4677 in
3630 4622 3741 4678 for-

310 4708 557 4766 ξδῖξασκε
585 4710 666 4783 τῷ
715 4708 972 4765 τύπτοντι
1019 4710 1098 4773 εἷς
1148 4710 1248 4778 τὴν
1308 4708 1536 4785 σιαγόνα
1590 4709 1834 4786 στρέφειν
1883 4708 1973 4763 καὶ

310 4802 407 4868 τήν
443 4798 648 4869 ἄλληνο
678 4798 789 4853 καί’
824 4822 854 4850 ‹‹
889 4799 977 4867 Μὴ
1010 4793 1264 4876 φοϐεῖσθε
1296 4798 1401 4853 ἀπὸ
1449 4802 1559 4852 τῶν
1619 4797 1973 4853 ἁποκτεινόν·

311 4909 418 4943 των
447 4889 510 4943 τὸ
544 4892 724 4961 σῶμω
765 4912 792 4938 ››
821 4885 931 4942 καίο
966 4912 995 4940 ‹‹
1030 4888 1166 4943 Ἀπὸ
1193 4892 1291 4943 τοῦ
1336 4884 1588 4961 α’ίροντος
1634 4887 1701 4941 τὰ
1768 4886 1835 4941 σὰ
1895 4887 1970 4960 μὴ

315 4979 547 5033 ἀπαίτει·
584 5001 614 5028 π
644 4976 753 5032 καί·
786 5001 817 5029 ‹‹
870 4975 1160 5054 Εὐλογεῖτε
1214 4976 1342 5039 τοὺς
1400 4974 1720 5039 διώκοντας.
1772 4999 1802 5029 ››
1859 4979 1976 5032 Ἵνα

317 5063 373 5122 δὲ
406 5069 484 5141 μὴ
519 5063 782 5130 ἀδύνατος
820 5068 857 5137 ἡ
890 5065 1086 5138 ἐντολή
1113 5068 1351 5143 νομισθῇ
1381 5066 1528 5143 παρὰ
1569 5086 1700 5141 τισι,
1734 5062 1825 5121 διὰ
1847 5063 1972 5122 τοῦ-

386 5334 465 5405 (5)
494 5328 691 5406 ᾼῦτόν,
717 5332 880 5406 deest
900 5333 959 5389 in
981 5332 1208 5406 Anglic.

386 5398 465 5475 (6)
496 5398 742 5478 Regius,
774 5399 884 5478 Δδιὰ
911 5407 1017 5458 τῶν
1070 5398 1240 5478 ᾆύτοξ
1288 5399 1468 5477 μελῶν
1520 5398 1781 5478 ἔπασχον.
1815 5403 1968 5461 Editi

319 5472 466 5545 vero,
497 5472 737 5530 διᾶἷτῶν
770 5474 965 5530 ἑαυτοῦ
1001 5474 1181 5549 μελῶν
1213 5472 1469 5549 ἔπασχεν.

366 5542 463 5633 ‘(7_)
512 5549 734 5621 Regius
779 5542 1040 5606 secunda
1084 5565 1286 5615 manu,
1350 5542 1394 5619 ἦ
1443 5545 1590 5622 παρᾶ
1643 5548 1751 5601 τῶν
1814 5542 1966 5601 ἰδίων

326 5638 467 5763 αυῖἓ)
482 5639 818 5763 fantasia
847 5704 1028 5762 quem
1050 5691 1376 5764 sequimur.
1405 5691 1559 5749 Editi
1591 5690 1787 5759 veram
1820 5688 1964 5764 παρὰ

2082 4710 2303 4766 midine
2364 4711 2769 4767 fortitudinem
2796 4729 2809 4779 ;
2843 4711 2902 4766 in
2933 4709 3292 4767 contumelia
3324 4709 3737 4781 tolerantiam;

2081 4798 2142 4854 in
2165 4800 2251 4854 ira
2304 4800 2819 4855 mansuetudinem
2846 4816 2859 4867 ;
2886 4800 3125 4854 demum
3158 4798 3216 4853 in
3254 4799 3529 4855 omnibus
3558 4798 3742 4855 virtu-

2082 4891 2201 4944 tem
2234 4888 2374 4943 vitio
2397 4890 2805 4959 opponendam
2839 4888 3178 4943 doceret.Ac
3209 4887 3463 4959 primum
3498 4889 3739 4959 quidem

2087 4978 2366 5034 docuerat
2423 4977 2771 5049 percutienti
2832 4976 3135 5032 maxillam
3195 4977 3553 5032 offerendam
3609 4993 3740 5035 esse

2085 5066 2262 5124 aliam
2296 5070 2408 5135 :et,
2454 5087 2481 5120 α
2511 5066 2594 5123 Ns
2645 5066 2847 5123 timete
2903 5066 2977 5123 ab
3012 5064 3099 5123 iis
3156 5066 3257 5139 qui
3294 5066 3569 5124 occidunt
3621 5083 3741 5124 oor-

2080 5330 2287 5410 τούτων
2345 5328 2719 5410 πληγὴ-ἀλλ’
2764 5332 2801 5402 ἡ
2833 5328 2894 5386 ἐκ
2918 5334 3016 5387 τοῦ
3049 5337 3335 5410 Σωτῆρος.
3369 5332 3548 5410 Paulo
3577 5339 3733 5410 post,

2082 5405 2386 5496 Regius‘st
2411 5378 2770 5496 A‘ng'licanu’s
2789 5378 2947 5496 lquosl
2975 5378 3308 5479 sequiuiiir:
3338 5405 3436 5461 Καὶ
3468 5403 3519 5461 ἐν
3549 5378 3733 5480 τϐύτιιῖ
3840 5422 3845 5425 ·

2077 5476 2201 5551 γάρῖ
2237 5478 2406 5544 Editi,
2441 5476 2538 5531 Καὶ
2571 5477 2622 5551 ἐν
2648 5476 2827 5551 τούτῴ

2151 5475 2201 5550 ρῖ
2237 5478 2406 5544 Editi,
2441 5475 2538 5531 Kal
2571 5477 2622 5532 ἐν
2648 5475 2834 5549 τούτῷ
2857 5475 2966 5532 καί.
3060 5475 3081 5479 ’
3292 5475 3299 5478 ⁷
3701 5475 3712 5480 -

2151 5551 2223 5621 (9)
2254 5550 2494 5623 Regius,
2525 5549 2627 5623 Καὶ,
2681 5548 2768 5605 ἐπὶ
2816 5554 3002 5623 πᾷσιῖι
3028 5550 3202 5623 Εάίῐί,
3259 5550 3349 5606 καὶ
3406 5548 3493 5605 ἐπι
3532 5551 3728 5607 πᾶσαν.

2079 5617 2230 5692 Nux,
2253 5617 2492 5694 Regius,
2525 5620 2786 5698 πρότερον
2824 5620 2918 5694 μὶν
2951 5617 3117 5677 ἐδιδ-.

3990 1498 3993 1505 ν

4004 1750 4007 1757 ι

3986 1770 4003 1777 Α

4006 1186 4061 1239 ἐξ

4038 1240 4061 1285 ἃ

4006 1506 4027 1533 θ
4044 1510 4061 1543 ἔ

4006 1616 4061 1701 .21

3988 1712 4061 1797 ,τε

4004 1796 4061 1861 θ]
