4136 6218
292 389 410 451 221
1345 388 1448 447 DE
1489 387 1875 449 PASSIONE
1920 389 2018 449 ET
2063 390 2265 451 CRUC
2362 392 2667 454 DOMINI.
3591 388 3709 448 329

290 527 534 600 θρωπων
592 523 925 591 ἀποθνήσκει
983 519 1205 575 θάνατον
1268 519 1295 573 ὀ
1356 520 1571 593 Κύριος.
1620 521 1832 576 Τούτων
1886 518 1932 575 δὲ

2057 528 2202 591 erat,
2233 530 2299 583 ut
2327 525 2787 599 chirographum
2818 526 3023 580 contra
3054 539 3160 579 nos
3208 520 3517 593 scriptum,
3550 522 3704 592 quod

294 614 475 674 οὕτως
533 611 857 688 γενομένων,
919 608 1138 686 ἔρχεται
1194 606 1437 664 σπεύδων
1499 609 1584 663 ἐπὶ
1633 612 1722 664 τὸν
1760 610 1949 680 τόπον,

293 699 425 756 ἔνθα
482 702 570 754 καὶ
628 694 931 753 ἀναϐαίνειν
984 700 1114 753 αὐτὸ
1160 698 1248 753 ἐπὶ
1295 700 1385 753 τὸν
1434 700 1658 771 σταυρὸν
1707 697 1833 771 ἔδει,
1860 697 1953 754 ’ίνα

291 792 359 845 τὸ
390 791 511 844 καθ’
539 792 698 861 ἡμῶν
731 788 1119 866 χειρόγραφον,
1151 787 1281 863 ὅπερ
1312 786 1418 841 ἀπὸ
1446 792 1553 842 τῶν
1588 787 1797 862 ἐχθρῶν
1829 790 1950 863 ἦρε,

294 878 640 955 προσηλώσῃ
684 883 761 949 τῷ
809 882 1044 951 σταυρῷ,
1092 875 1181 931 καί
1238 874 1674 949 ἀπεκδυσάμενος
1722 882 1816 939 τὰς
1856 879 1949 952 ἀρ-

293 971 404 1045 χάς
436 968 527 1023 καὶ
578 968 671 1030 τὰς
724 966 984 1038 ἐξουσίας,
1018 965 1068 1020 ἐν
1120 964 1397 1042 παρρησίᾳ
1450 964 1768 1041 δειγματίσῃ
1822 966 1946 1019 τού-

289 1079 423 1119 τους
456 1056 510 1111 ὲν
538 1060 617 1127 τῷ
647 1056 793 1127 ξύλῳ
824 1049 1169 1128 θριαμϐεύων
1198 1056 1313 1109 κατ’
1344 1054 1543 1123 αὐτῶν,
1575 1054 1662 1108 καὶ
1696 1052 1947 1109 δεικνύων

298 1147 392 1201 τὸν
426 1144 791 1201 ἰκσπασθέντα
821 1144 881 1198 ἐκ
924 1149 1022 1198 τοῦ
1073 1143 1293 1205 λέοντος
1338 1142 1642 1219 ἄνθρωπον,
1692 1144 1780 1197 καὶ
1832 1144 1948 1199 λοι-

298 1237 401 1289 πὸν
460 1239 539 1306 τῷ
597 1231 721 1305 ἰδίῳ
758 1231 947 1307 α’ίματι
980 1232 1176 1309 ῥαίνων
1223 1231 1311 1287 καὶ
1366 1233 1669 1307 καθαρίζων
1700 1234 1799 1301 τήν
1848 1240 1948 1309 γῆν

303 1323 620 1399 ἀρέσκηται.
649 1320 882 1376 Μέλλων
931 1320 988 1376 δὲ
1027 1326 1189 1376 τοῦτο
1218 1327 1414 1393 ποιεῖν,
1450 1319 1729 1391 ἐξεδύσατο
1753 1323 1819 1375 τὰ
1846 1324 1949 1395 ἱμά

290 1434 402 1469 τια.
430 1410 579 1467 Ἔδει
611 1411 712 1485 γάρ
743 1411 924 1479 αὐτὸν,
977 1410 1258 1485 εἰσάγοντα
1306 1411 1392 1464 τὸν
1426 1411 1705 1482 ἄνθρωπον
1755 1413 1831 1472 είς
1858 1412 1948 1465 τὸν

290 1496 642 1574 παράδεισον,
696 1494 1090 1552 ἀπεκδύσασθαι
1137 1496 1263 1559 τοὺς
1314 1502 1579 1573 χιτῶνας,
1622 1499 1713 1561 οὓς
1756 1494 1944 1554 ἔλαϐεν

292 1588 323 1643 6
356 1585 535 1661 Ἀδὰμ.
580 1581 989 1659 ἐκϐαλλόμενος
1040 1584 1100 1641 ἐκ
1143 1590 1240 1641 τοῦ
1289 1584 1636 1658 παραδείσου.
1681 1590 1804 1643 ’Ότε
1846 1588 1945 1664 γὰρ

2064 614 2135 670 ab
2164 614 2419 672 inimicis
2451 617 2771 672 abstulerat
2801 615 3065 686 afﬁgeret
3094 611 3276 677 cruci,
3318 614 3492 682 atque
3521 610 3708 665 exutis

2064 702 2492 776 principatibus
2521 711 2577 760 et
2606 704 3016 777 potestatibus,
3048 718 3184 757 cum
3232 699 3452 755 ﬁducia
3482 697 3615 753 illos
3648 697 3707 753 in

2065 808 2233 847 cruce
2266 795 2613 861 traduceret,
2647 795 2718 849 de
2748 791 2865 847 illis
2884 791 3293 863 triumpharet,
3345 787 3705 845 ostenderet-

2061 896 2172 950 quc
2202 888 2467 953 ereptum
2498 899 2567 938 ex
2595 881 2761 937 leone
2814 880 3114 935 hominem
3149 894 3162 931 :
3198 894 3263 933 ac
3295 877 3535 931 demum
3568 892 3705 946 pro-

2059 969 2185 1040 prio
2215 971 2501 1042 sanguine
2531 975 2745 1026 terram
2775 972 3127 1041 aspergeret,
3159 965 3709 1036 emundaret,atque

2063 1060 2100 1112 7
2113 1063 2160 1114 4
2190 1060 2548 1131 expiaret..ld
2570 1076 2705 1115 cum
2740 1061 3001 1115 facturus
3022 1060 3176 1112 esset
3202 1055 3361 1111 exuit
3389 1053 3705 1109 vestimen-

2060 1151 2137 1203 ta.
2177 1149 2420 1204 Decebat
2449 1150 2606 1206 enim
2637 1165 2796 1220 eum,
2826 1164 2960 1204 cum
2985 1146 3283 1202 hominem
3312 1143 3707 1199 introduceret

2059 1236 2116 1291 in
2151 1238 2512 1308 paradisum,
2545 1238 2775 1294 tunicas
2805 1251 3032 1302 exuere,
3068 1251 3216 1306 quas
3256 1231 3479 1303 accepit
3517 1233 3703 1287 Adam

2059 1341 2191 1380 cum
2224 1342 2292 1381 ex
2321 1327 2591 1399 paradiso
2622 1328 3047 1383 exturbaretur.
3081 1324 3226 1379 Cum
3264 1320 3421 1376 enim
3443 1320 3540 1377 ille
3570 1336 3703 1392 pec-

2059 1420 2270 1485 casset,
2303 1433 2370 1472 ac
2400 1417 2635 1473 demum
2685 1416 3005 1472 moriturus
3054 1416 3229 1481 esset,
3283 1409 3507 1483 accepit
3538 1408 3703 1482 pelli-

2059 1520 2190 1560 ceas
2221 1509 2434 1577 vestes,
2464 1522 2534 1563 ex
2562 1506 2811 1563 mortuis
2840 1503 3198 1561 animalibus
3227 1502 3432 1570 factas,
3465 1499 3702 1573 symbo-

2059 1591 2182 1648 lum
2215 1595 2419 1651 mortis
2450 1597 2522 1652 ob
2554 1599 2855 1667 peccatum
2886 1593 3001 1650 sibi
3033 1592 3310 1647 inductas.

291 1678 528 1749 ἥμαρτε,
563 1675 651 1731 καὶ
684 1675 877 1731 λοιπὸν
905 1672 1149 1749 ἤμελλεν
1180 1675 1562 1746 ἀποθνήσκειν,
1591 1671 1755 1731 ἓλαϐε
1786 1675 2140 1751 δερματίνους
2170 1687 2432 1757 χιτῶνας,
2464 1683 2522 1737 ἐκ
2567 1681 2766 1758 νεκρῶν
2822 1683 2974 1751 ζώων
3024 1680 3371 1756 γενομένους,
3417 1671 3700 1750 σύμϐολον

292 1760 454 1827 ὄντας
486 1773 586 1835 τῆς
618 1762 706 1819 διὰ
734 1766 835 1834 τὴν
868 1764 1131 1840 ἁμαρτίαν
1159 1766 1471 1841 νεκρώσεως
1501 1765 1647 1838 αὐτῷ
1676 1767 2133 1842 προσγενομένης.

362 1857 457 1911 21.
489 1853 643 1911 Ἀλλ’
670 1854 699 1907 6
730 1852 982 1928 Κύριος,ὁ
1012 1853 1181 1907 πάντα
1200 1853 1268 1907 τὰ
1295 1855 1458 1925 ἡμῶν
1487 1851 1556 1908 δι’
1588 1856 1737 1927 ἡμᾶς
1758 1852 1932 1909 ἀναδε-

2125 1859 2214 1915 24.
2248 1862 2358 1917 Sed
2390 1862 2694 1928 Dominus,
2726 1860 2827 1932 qui
2859 1863 3092 1932 propter
3135 1874 3241 1914 nos
3271 1855 3471 1913 omnia
3502 1858 3705 1911 nostra

288 1945 548 2015 ξάμενος,
596 1939 878 1997 ἐνεδύσατο
925 1947 1111 2013 ταῦτα,
1146 1941 1239 1997 ’ίνα
1283 1942 1372 1997 καὶ
1423 1940 1812 2014 ἀπεκδύσηται,
1852 1944 1942 1999 καὶ

284 2033 406 2088 ἀντί
436 2032 646 2088 τούτων
678 2032 827 2104 ἠμάς
854 2029 1045 2105 ἐνδύσῃ
1074 2032 1170 2100 τὴν
1204 2032 1346 2100 ζωὴν
1372 2031 1462 2085 καὶ
1492 2033 1589 2100 τὴν
1624 2032 1938 2109 ἀφθαρσίαν·

284 2120 573 2178 ἐνεδύσατο
608 2118 664 2175 δὲ
698 2121 833 2194 μετά
861 2119 1070 2175 τούτων
1101 2121 1191 2176 καὶ
1222 2125 1433 2195 χιτῶνα
1480 2120 1718 2198 ἄρῥαφον
1746 2121 1807 2176 ἐκ
1831 2127 1938 2176 τῶν

282 2213 493 2267 ἄνωθεν
526 2210 760 2288 ὕφαντὸν
808 2208 878 2265 δι’
927 2208 1062 2265 ὅλου
1109 2209 1420 2286 γενόμενον·
1448 2208 1542 2265 ἵνα
1581 2210 1677 2265 κᾶν
1719 2210 1778 2265 ἐκ
1823 2210 1942 2266 τού-

284 2321 394 2355 των
429 2303 544 2374 (17)
601 2304 881 2354 πιστεῦσαι
938 2297 1235 2369 δυνηθῶσιν
1297 2301 1349 2354 οἱ
1399 2297 1676 2371 Ἰουδαῖοι,
1706 2299 1789 2362 τίς
1827 2300 1941 2355 ἐστι

282 2393 375 2446 καὶ
404 2391 571 2446 πόθεν
606 2393 634 2445 6
666 2389 1027 2463 ἐνδυσάμενος
1053 2394 1236 2445 ταῦτα’
1272 2389 1353 2445 ὅτι
1386 2391 1484 2445 οὐκ
1514 2390 1619 2445 ἀπὸ
1649 2398 1771 2466 γῆς,
1814 2390 1937 2447 ἀλλ’

282 2481 490 2544 ἄνωθεν
526 2479 827 2555 ἐρχόμενος
874 2480 941 2549 ἦν
976 2480 1002 2534 6
1050 2477 1244 2553 Λόγος,
1285 2478 1374 2532 καὶ
1424 2477 1505 2533 ὅτι
1553 2478 1614 2533 οὐ
1662 2480 1937 2555 μεριστὸς,

283 2568 414 2623 ἀλλ’
448 2568 737 2641 ἀμέριστός
768 2568 911 2623 ἐστιν
964 2570 991 2622 6
1025 2566 1199 2643 Λόγος
1238 2568 1266 2621 6
1294 2571 1393 2623 τοῦ
1424 2567 1654 2644 Πατρὸς,
1688 2569 1797 2641 κσὶ,
1831 2568 1936 2637 ὅτι,

278 2658 582 2732 γενόμενος
636 2656 944 2733 ἅνθρωπος,
987 2657 1085 2711 οὐκ
1123 2655 1459 2733 ἐρῥαμμένον
1494 2656 1608 2732 εἶχε
1663 2656 1725 2712 τὸ
1781 2662 1940 2730 σῶμα

278 2747 337 2817 ἐξ
398 2744 591 2821 ἀνδρὸς
636 2752 726 2800 καί
782 2745 1054 2822 γυναικὸς,
1111 2745 1239 2802 ἀλλ’
1290 2746 1351 2801 ἐκ
1404 2748 1678 2821 Παρθένου
1740 2746 1934 2821 μόνης,

280 2836 594 2913 ὑφασμένον
636 2840 706 2909 τῇ
752 2841 850 2890 τοῦ
900 2835 1208 2908 Πνεύματος
1239 2837 1429 2911 τέχνῃ.
1460 2838 1610 2899 Ὃθεν
1645 2836 1696 2891 οἱ
1743 2834 1937 2909 δήμιοι

273 2927 345 2978 τά
381 2927 482 2998 μὲν
518 2922 669 2979 ἄλλα
714 2922 1116 2999 διαμερίζονται
1165 2925 1377 2998 ἱμάτια,
1416 2925 1640 3001 μεριστά
1690 2927 1793 3001 γὰρ
1846 2929 1937 2995 ἦν,

272 3015 363 3068 καὶ
398 3015 480 3076 εἷς
513 3014 749 3089 τέσσαρα
780 3011 1201 3089 διαμερίζονται’
1235 3014 1445 3089 καὶγὰρ
1471 3015 1603 3091 ὑπὲρ
1632 3021 1733 3084 τῆς
1768 3016 1938 3089 ἆμαρ-

272 3104 395 3165 τίας
458 3105 575 3176 (18)
629 3110 730 3171 τῆς
776 3107 1139 3178 τετραμεροῦς
1201 3102 1527 3175 οἰκουμένης
1578 3104 1715 3158 κατά
1743 3104 1936 3158 ἀνατο-

2052 1950 2331 2021 suscepit,
2363 1950 2464 2006 illa
2494 1950 2703 2017 induit,
2739 1953 2803 2004 ut
2831 1952 2963 2021 post
2992 1949 3246 2016 exueret,
3289 1952 3346 2001 ct
3376 1944 3584 2001 horum
3616 1943 3701 1999 lo-

2052 2053 2116 2093 co
2149 2038 2548 2095 nonindueret
2570 2039 2688 2093 vita
2712 2041 2770 2093 et
2792 2036 3226 2107 incorruptione
3259 2052 3271 2091 :
3305 2031 3495 2089 induit
3526 2031 3703 2086 etiam

2052 2142 2183 2182 cum
2216 2127 2308 2183 his
2356 2132 2571 2183 vestem
2610 2124 3023 2182 inconsutilem
3072 2124 3326 2195 desuper
3377 2125 3704 2178 contextam

2051 2231 2152 2286 per
2182 2219 2368 2272 totum
2394 2234 2407 2272 :
2444 2218 2732 2273 utsaltem
2755 2232 2822 2270 ex
2849 2214 2984 2270 istis
3001 2210 3444 2285 possentJudaai
3472 2211 3706 2266 credere

2050 2304 2183 2374 quis
2211 2309 2268 2360 et
2298 2306 2451 2362 unde
2480 2309 2636 2361 esset
2665 2304 2765 2377 qui
2797 2304 2917 2359 haec
2937 2302 3208 2358 indueret
3236 2319 3248 2357 :
3282 2318 3398 2358 non
3443 2317 3513 2356 ex
3543 2304 3697 2355 terra

2048 2392 2399 2463 scilicet,sed
2428 2395 2682 2465 desuper
2713 2392 3017 2449 advenisse
3055 2390 3521 2462 Verbum,neque
3543 2387 3694 2443 divi-

2049 2481 2218 2537 sibila
2246 2482 2350 2538 sed
2380 2482 2669 2539 invisibile
2700 2481 2888 2538 Patris
2910 2480 3164 2536 Verbum
3196 2495 3345 2545 esse,
3379 2479 3698 2551 ipsumque

2048 2570 2267 2626 factum
2296 2571 2613 2637 hominem,
2651 2589 2763 2627 non
2796 2574 3108 2627 consutum
3140 2584 3354 2639 corpus
3383 2584 3453 2623 ex
3479 2567 3600 2623 viro
3631 2571 3689 2623 et

2048 2658 2292 2715 muliere
2324 2658 2732 2726 habuisse,sed
2761 2677 2829 2715 ex
2857 2658 2983 2715 sola
3010 2657 3251 2729 Virgine
3280 2661 3401 2713 arte
3432 2656 3685 2727 Spiritus

2047 2748 2573 2805 contextum.Unde
2593 2747 2807 2805 milites
2835 2747 2951 2804 alia
2968 2746 3211 2819 quidem
3231 2745 3579 2801 vestimenta
3599 2745 3686 2799 di-

2046 2837 2407 2909 vidunt,quzs
2434 2837 2751 2894 divisibilia
2777 2841 3027 2905 erant,et
3054 2835 3115 2892 in
3141 2845 3393 2907 quatuor
3417 2833 3687 2889 dividunt

2047 2930 2244 2998 partes
2275 2942 2289 2981 :
2324 2926 2465 2997 quia
2492 2942 2596 2997 pro
2617 2929 2849 2998 peccato
2871 2924 3030 2980 orbis
3054 2924 3114 2978 in
3144 2926 3398 2995 quatuor
3420 2921 3689 2976 dividunt

2047 3014 2219 3071 divisi
2248 3015 2307 3069 in
2340 3014 2621 3069 orientem
2652 3013 2893 3080 scilicet,
2926 3013 3309 3077 occidentem,
3354 3009 3685 3082 aquilonem

2046 3109 2103 3162 et
2133 3103 2459 3174 meridiem,
2493 3102 2596 3159 illa
2622 3104 2890 3176 gestabat
2920 3121 2933 3159 :
2967 3101 3185 3174 quibus
3215 3100 3489 3156 indutum
3513 3098 3685 3155 illum

274 3190 406 3259 λίψ,
442 3190 535 3244 καὶ
597 3187 772 3259 δῦσιν,
822 3190 911 3244 καὶ
965 3187 1179 3266 ἄρκτον,
1209 3190 1300 3245 καὶ
1359 3185 1723 3267 μεσημϐρίαν,
1753 3190 1931 3269 ἐφόρει

2045 3193 2418 3265 conspicatus
2446 3193 2725 3263 Joannes,
2777 3192 2901 3247 ait:
2942 3211 2963 3240 ι
3015 3191 3157 3247 Ecce
3203 3190 3405 3262 Agnus
3454 3187 3553 3243 Dei
3584 3187 3686 3259 qui

271 3284 464 3333 τιῦτα·
516 3280 653 3353 ἅπερ
705 3280 983 3352 θεωρήσας
1016 3279 1043 3332 6
1078 3280 1335 3349 Ἰωάννης
1385 3276 1734 3353 ἐνδεδυμένον
1773 3279 1928 3335 αὐτὸν

274 3364 482 3443 ἔλεγεν·
522 3391 553 3415 ‹‹
614 3365 714 3422 Ἰδὲ
761 3366 789 3421 ὁ
822 3367 991 3440 ἀμνὸς
1038 3371 1133 3422 τοῦ
1178 3372 1330 3436 Θεοῦ,
1366 3368 1393 3421 ὁ
1425 3366 1592 3445 αἶ’ρων
1622 3369 1720 3437 τὴν
1754 3370 1933 3445 ἀμαρ-

272 3456 395 3511 τίαν
430 3459 531 3511 τοῦ
579 3455 809 3528 κόσμου.
849 3481 876 3507 ››
906 3458 1003 3510 Τὸν
1054 3462 1264 3532 χιτῶνα
1306 3457 1419 3531 (19)
1475 3456 1636 3529 μόνον
1673 3456 1772 3512 οὐκ
1798 3456 1931 3527 ἠδυ-

276 3548 528 3615 νήθησαν
566 3544 753 3619 σχίσαι
785 3540 941 3622 φόϐῳ
969 3550 1070 3600 τοῦ
1102 3543 1172 3603 δι’
1200 3545 1365 3601 αὐτοῦ
1394 3547 1801 3621 γνωριζομένου
1832 3568 1929 3616 ση-

279 3632 599 3703 tufam-Kal
648 3638 808 3686 τοῦτο
861 3633 965 3707 γὰρ
995 3633 1095 3687 οὐκ
1139 3633 1336 3703 αὐτῶν,
1369 3632 1514 3688 ἀλλά
1540 3638 1637 3688 τοῦ
1664 3634 1933 3708 κρεμαμέ-

274 3743 369 3775 νου
425 3727 690 3795 Σωτῆρος
718 3721 781 3776 τὸ
829 3718 1009 3795 ἔργον.
1060 3722 1155 3777 Καὶ
1211 3725 1313 3799 γὰρ
1342 3722 1703 3798 κρεμάμενος,
1736 3724 1812 3786 ὡς
1845 3725 1931 3778 ἄν·

275 3812 524 3885 θρωπος,
557 3810 651 3872 τὰς
687 3810 781 3882 μὶν
838 3810 1008 3886 ἀρχὰς
1059 3808 1268 3880 ἐδίωκε,
1300 3812 1389 3866 τὸν
1426 3809 1483 3866 δὲ
1515 3808 1770 3868 διάϐολον
1802 3834 1928 3868 κατ-

275 3895 557 3971 ελάμϐανε
592 3946 603 3969 ,
635 3901 763 3961 τοὺς
796 3896 853 3953 δὲ
903 3898 1137 3973 δημίους
1196 3896 1380 3979 ἐφόϐει
1417 3944 1430 3969 ,
1463 3904 1536 3974 μή
1572 3902 1777 3978 σχίζειν
1833 3904 1924 3958 τὸν

273 3993 507 4065 χιτῶνα·
538 3987 656 4057 ἶνα,
712 3988 906 4044 τούτου
960 3990 1234 4063 μένοντος,
1270 3989 1401 4065 μένῃ
1430 3992 1519 4045 καὶ
1551 3991 1578 4046 ὀ
1608 3992 1742 4048 κατὰ
1792 3994 1927 4050 Ἰου-

273 4076 439 4132 δαίων
472 4075 737 4153 ἔλεγχος,
770 4078 797 4132 ό
830 4080 944 4151 μετ’
976 4079 1040 4133 οὐ
1086 4078 1234 4134 πολὺ
1272 4080 1588 4156 γενόμενος,
1620 4080 1702 4136 ὅτι
1731 4083 1793 4137 τὸ
1828 4083 1922 4155 μὲν

273 4168 666 4239 καταπέτασμα
720 4167 973 4243 ἐσχίσθη,
1004 4170 1034 4223 6
1066 4165 1124 4222 δὶ
1169 4170 1340 4244 γιτὼν
1372 4174 1468 4224 τοῦ
1511 4176 1768 4245 Σωτῆρος
1801 4170 1925 4226 οὐδὲ

274 4256 377 4310 ὑπὸ
409 4254 630 4327 δημίων
664 4254 917 4332 διηρέθη,
965 4256 1087 4312 ἁλλ’
1119 4255 1323 4331 ἔμεινεν
1379 4258 1685 4334 ὁλόκληρος
1720 4302 1732 4317 .
1766 4260 1924 4316 Μένει

268 4346 367 4420 γὰρ
399 4347 461 4400 τὸ
496 4344 835 4421 Εὐαγγέλιον
868 4344 956 4401 διὰ
985 4347 1182 4409 παντὸς
1212 4347 1545 4424 ὀλόκληρον,
1598 4352 1703 4403 τῶν
1758 4355 1921 4404 σκιῶν

277 4431 678 4509 διαιρουμένων
717 4479 730 4491 .
793 4433 945 4504 Πλὴν
1006 4436 1088 4490 ὅτι
1147 4434 1557 4511 ἀποδυσάμενος
1612 4438 1680 4492 τὰ
1734 4437 1924 4511 ἱμάτια

273 4521 496 4580 ἔσπευδε
526 4524 667 4598 πρὸς
714 4525 806 4579 τὸν
856 4524 1104 4596 θάνατον,
1150 4525 1274 4582 τότε
1324 4530 1435 4601 (20)
1466 4525 1627 4582 πάλιν
1675 4530 1703 4583 6
1736 4524 1922 4583 διάϐο-

274 4614 390 4685 λος,
438 4612 574 4669 ἰδὼν
616 4615 717 4682 τὴν
768 4614 1070 4689 προθυμίαν
1129 4620 1225 4671 τοῦ
1277 4622 1554 4692 Σωτῆρος,
1605 4616 1692 4671 καὶ
1734 4616 1917 4672 ἑαυτὸν

272 4700 324 4772 ἐξ
378 4704 615 4777 ούρανοῦ
673 4703 925 4773 πεσόντα,
982 4703 1073 4759 καὶ
1126 4712 1224 4775 τῆς
1279 4712 1383 4781 γῆς
1438 4700 1791 4779 ἐκϐληθέντα,
1826 4706 1924 4761 οὐκ

274 4794 416 4867 εἶχεν
450 4794 481 4846 δ’
512 4814 563 4846 τι
623 4792 831 4867 πράξει·
891 4792 1063 4848 πάντα
1091 4794 1192 4871 γὰρ
1239 4795 1307 4864 ἦν
1365 4794 1510 4865 αὐτῷ
1556 4790 1789 4869 θορύϐου
1832 4797 1920 4851 καὶ

273 4882 497 4950 ἀπορίας
532 4881 721 4954 μεστά.
758 4881 856 4938 Καὶ
906 4881 1082 4955 μένειν
1136 4882 1230 4956 μὲν
1282 4884 1380 4938 οὐκ
1409 4881 1665 4957 ῆδύνατο,
1707 4884 1915 4963 φεύγειν

274 4967 330 5023 δὲ
358 4969 522 5025 πάλιν
558 4964 833 5047 ἐφοϐεῖτο.
867 4970 1019 5040 Πλὴν
1044 4970 1127 5027 ὅτι
1161 4971 1501 5046 ἐνθυμηθεὶς,
1525 4970 1609 5028 ὅτι
1637 4970 1763 5035 τοὺς
1790 4975 1918 5028 ἀπο-

274 5059 631 5132 θνήσκοντας,
691 5058 778 5114 ἐπὶ
828 5066 925 5130 τῆς
983 5067 1083 5137 γῆς
1144 5063 1499 5133 ἀποθνήσκειν
1560 5060 1642 5118 δεῖ
1694 5062 1829 5117 κατὰ
1855 5064 1918 5118 τὸ

272 5151 671 5224 γεγραμμένον⁶
707 5173 738 5200 ‹‹
785 5154 860 5219 Γῆ
895 5170 961 5220 ει,
990 5150 1080 5204 καὶ
1114 5149 1187 5212 είς
1218 5156 1322 5229 γῆν
1357 5150 1644 5226 ἀπελεύσῃ·
1678 5175 1707 5205 »
1750 5148 1919 5229 φοϐη-

274 5235 381 5298 θεὶς
413 5236 498 5292 ἐπὶ
529 5246 635 5313 γῆς
688 5242 889 5312 μεῖναι,
936 5241 1012 5313 μὴ
1064 5238 1175 5294 ἐκεῖ
1220 5239 1566 5319 καταληφθῇ,
1614 5239 1812 5297 λοιπὸν
1844 5240 1918 5304 εἷς

341 5398 385 5432 ⁸⁸
412 5402 577 5455 Joan.
610 5418 651 5471 ι,
681 5401 775 5456 29.
881 5400 926 5435 ⁶⁹
954 5399 1163 5459 Genes.
1194 5418 1280 5474 ιιι,
1313 5403 1400 5459 19.

347 5566 447 5641 (Γῇ
479 5568 716 5641 Regius,
749 5567 810 5641 ἐκ
847 5567 1065 5626 τούτου.

349 5636 456 5723 (1.3)
500 5636 728 5723 Αιῖειίίέ-
784 5640 997 5723 uicisse
1050 5641 1267 5723 ’ἐπειδὴ
1332 5663 1434 5723 γαρ
1486 5643 1618 5723 ὖξτὲρ
1663 5644 1907 5723 ,τῆςίάιν

280 5708 473 5766 multis
502 5708 762 5770 omissis.
793 5708 1014 5787 Regius
1067 5708 1305 5789 ibidem,
1344 5708 1741 5792 ”Επειδὴ’γάρ,’
1765 5708 1904 5773 item

2043 3281 2197 3338 tollit
2224 3286 2531 3354 peccatum
2561 3281 2767 3338 mundi
2798 3280 2900 3335 ⁸⁸.»
2921 3280 3116 3337 Solam
3136 3278 3399 3335 tunicam
3422 3277 3689 3333 scindere

2043 3387 2159 3428 non
2192 3375 2531 3443 potuerunt,
2559 3377 2776 3427 terrore
2805 3370 2957 3443 signi
2988 3386 3091 3443 per
3123 3384 3251 3425 eam
3282 3366 3689 3423 exhibiti.Erat

2042 3477 2157 3532 que
2183 3461 2329 3517 illud
2347 3478 2464 3519 non
2494 3460 2887 3533 ipsorum,sed
2908 3457 3508 3532 suspensiSalvatoris
3538 3473 3686 3526 opus

2041 3549 2188 3605 Nam
2221 3566 2568 3622 suspensus,
2597 3554 2662 3604 ut
2691 3547 3261 3619 homo,principatus
3292 3546 3683 3618 persequeba-

2040 3644 2157 3707 tur,
2189 3641 2486 3698 diabolum
2531 3640 3077 3713 comprehendebat,
3124 3637 3432 3695 carniﬁces
3462 3642 3682 3708 perter-

2039 3733 2224 3800 rebat,
2257 3747 2329 3787 ne
2358 3730 2692 3787 scinderent
2719 3730 3013 3785 tunicam:
3048 3733 3111 3784 ut
3132 3730 3404 3783 manente
3424 3724 3649 3792 illa,ma
3668 3756 3681 3767 -

2039 3824 2202 3876 neret
2230 3820 2559 3876 Judaiorum
2609 3818 2911 3883 convictio,
2972 3833 3099 3889 quae
3152 3833 3269 3871 non
3318 3815 3503 3870 multo
3556 3817 3684 3884 post

2038 3910 2271 3978 accidit,
2303 3925 2431 3965 cum
2465 3908 2647 3964 scisso
2676 3905 2823 3976 velo,
2872 3904 3071 3961 tunica
3124 3902 3441 3960 Salvatoris
3494 3902 3679 3957 divisa

2039 4015 2151 4054 non
2183 4001 2272 4053 est
2302 4015 2335 4053 a
2364 3995 2734 4053 carniﬁcibus
2760 4012 2775 4063 ;
2806 3994 2906 4050 sed
2929 3994 3155 4066 integra
3184 3991 3529 4065 permansit.
3561 3996 3673 4044 Ma-

2037 4091 2135 4143 net
2186 4087 2343 4143 enim
2393 4083 2769 4157 Evangelium
2834 4099 3065 4155 semper
3112 4082 3427 4155 integrum,
3475 4080 3677 4136 divisis

2037 4176 2282 4232 umbris.
2318 4176 2601 4231 Caeterum
2634 4190 2768 4229 cum
2818 4176 3027 4229 exutus
3073 4170 3438 4227 vestimentis
3464 4186 3678 4243 prepa-

2033 4268 2186 4320 raret
2205 4265 2276 4318 ad
2303 4266 2573 4332 mortem,
2605 4277 2839 4318 rursum
2874 4259 3166 4327 diabolus,
3188 4260 3397 4318 videns
3424 4258 3677 4314 Salvato-

2034 4354 2116 4410 ris
2145 4353 2528 4420 alacritatem,
2557 4367 2736 4424 seque
2764 4368 2833 4407 ex
2854 4349 2996 4406 coelo
3027 4350 3355 4423 delapsum,
3407 4364 3475 4405 ex
3496 4351 3676 4403 terra-

2033 4459 2147 4515 que
2172 4443 2543 4499 exturbatum
2578 4457 2591 4496 :
2623 4441 2761 4511 quid
2792 4443 2990 4513 ageret
3020 4457 3136 4496 non
3186 4438 3393 4495 habuit
3425 4454 3439 4493 :
3478 4438 3677 4493 omnia

2033 4533 2253 4605 quippe
2283 4532 2397 4604 ipsi
2430 4534 2595 4587 erant
2622 4528 2880 4586 tumultu
2913 4532 2971 4585 et
3000 4528 3285 4584 anxietate
3330 4526 3526 4601 plena,
3558 4527 3675 4580 Ma-

2032 4638 2168 4677 nere
2201 4637 2316 4677 non
2346 4618 2797 4693 poterat,fugere
2822 4617 3268 4673 exhorrescebat
3299 4634 3311 4671 :
3348 4630 3571 4671 memor
3590 4620 3676 4669 ta-

2034 4726 2165 4764 men
2198 4726 2296 4765 eos
2327 4709 2426 4780 qui
2460 4711 2843 4774 morerentur,
2892 4706 2950 4761 in
2996 4710 3151 4763 terra
3194 4704 3339 4760 mori
3389 4709 3677 4776 oportere,

2030 4799 2530 4871 quemadmodum
2562 4795 2843 4868 scriptum
2875 4800 3006 4851 est:
3047 4819 3066 4843 ι
3132 4796 3308 4849 Terra
3364 4810 3450 4859 es,
3502 4797 3558 4847 et
3616 4794 3674 4847 in

2029 4891 2245 4943 terram
2278 4885 2581 4943 reverteris
2609 4886 2673 4955 ⁸⁸,
2709 4909 2729 4936 ι
2767 4901 2881 4939 non
2916 4901 3096 4941 ausus
3143 4883 3202 4938 in
3258 4888 3411 4938 terra
3441 4898 3679 4937 manere

2029 4994 2101 5033 ne
2132 4975 2210 5031 ibi
2244 4973 3101 5046 comprehenderetur,demum
3126 4990 3227 5045 per
3247 4987 3439 5028 aerem
3468 4971 3678 5026 volita-

2026 5066 2145 5134 vit;
2178 5069 2243 5121 ut
2272 5065 2478 5120 saltem
2509 5062 2607 5133 ita,
2645 5060 2943 5117 Dominico
2965 5077 3206 5133 corpore
3236 5061 3295 5115 in
3328 5064 3487 5116 terra
3516 5060 3672 5133 posi-

2028 5158 2109 5225 to,
2144 5153 2389 5210 liberum
2423 5151 2535 5207 sibi
2566 5166 2757 5207 aerem
2790 5149 3086 5205 retineret.
3118 5151 3225 5206 Sed
3259 5150 3537 5206 Dominus
3569 5152 3675 5204 hac

2028 5243 2086 5300 in
2138 5260 2199 5299 re
2249 5242 2507 5298 humano
2557 5238 2754 5313 generi
2802 5244 3068 5295 amanter
3115 5240 3427 5297 consulens
3460 5256 3574 5295 non
3609 5239 3669 5293 in

2017 5574 2215 5632 habet.

2089 5647 2198 5720 (19)
2233 5646 2466 5720 Regius,
2496 5643 2591 5698 Τὸν
2639 5638 2954 5720 δξμχιτῶνα.

2113 5648 2180 5703 19
2233 5648 2466 5720 Regius,
2496 5648 2591 5698 Τὸν
2639 5648 2697 5697 δὲ
2724 5648 2954 5718 χιτῶνα.

2088 5648 2201 5792 ίεοί
2231 5718 2447 5792 Regius
2476 5720 2532 5775 et
2550 5714 2778 5788 Anglic,
2811 5712 2921 5773 ὅτε.
2957 5716 3109 5775 Editi
3138 5729 3295 5787 vero,
3322 5708 3447 5768 τότε
3474 5704 3668 5763 πάλιν.
