2068 3109
207 172 267 205 ,23
809 174 845 205 S.
864 174 1033 205 ΑΤΗΑΝΑι

1090 173 1127 205 ’5.
1142 189 1182 198 -
1195 174 1329 206 DUBIA.
1853 173 1915 206 224

205 241 285 269 terra
299 241 434 268 mortuus
448 242 503 274 est,
519 240 569 268 sed
586 248 638 276 per
661 247 778 268 crucem
801 239 832 268 in
848 248 945 268 aerem
960 248 1029 268 con-

1090 237 1132 267 τᾶν
1149 238 1214 276 ἀιρα
1230 239 1353 268 δπέτατο·
1369 239 1441 278 τάχα
1464 239 1514 268 κᾶν
1537 239 1634 273 οὕτως,
1650 241 1699 267 to?)
1713 241 1843 278 κυριακοῦ
1859 237 1914 277 (21)

204 284 374 318 scendit,ibi
389 292 505 320 quoque
515 287 682 321 serpentem
693 292 891 321 persequens;
904 286 936 313 ut
946 284 1033 312 etiam

204 329 272 357 inde
288 329 446 365 principem
464 329 618 365 potestatis
633 329 708 357 aeris
724 330 935 363 deturbaret,et
948 329 1033 365 spiri-

203 373 294 402 tualia
309 373 444 409 nequities
457 373 594 409 dejiceret
606 374 676 410 7°,ac
690 382 726 402 ne
737 373 778 402 sic
791 373 913 410 quidem
924 375 1033 401 terram

205 418 317 454 absque
335 418 463 445 remedio
476 417 603 453 reliquit.
620 420 693 446 Nam
709 418 739 446 in
755 426 841 446 cruce
857 426 1034 454 suspensus,

205 471 302 492 aerem
314 463 448 498 purgavit
458 470 601 490 manuum
613 463 791 499 expsnsione
801 471 807 490 :
817 465 925 491 terram
934 465 1033 491 autem

204 507 338 541 redemit,
364 507 508 543 sanguine
532 509 561 535 et
586 515 662 544 aqua
687 507 787 536 lateris
812 507 858 535 sui
887 507 1033 535 abluendo

204 551 313 589 ipsam.
1024 556 1026 559 '

1090 284 1218 320 σώματος
1243 284 1286 312 ἐπὶ
1308 288 1360 322 γῆς
1384 285 1517 321 τιθέντος,
1545 284 1686 323 ἐλεύθερον
1711 282 1762 322 ἴχῃ
1775 285 1821 312 τὸν
1838 284 1914 323 ἀέρα.

1089 327 1167 356 Ἀλλ’
1183 329 1196 356 ὁ
1212 329 1323 366 Κύριος,
1337 329 1383 357 καὶ
1398 329 1423 357 ἐν
1440 329 1530 366 τούτῳ
1546 328 1847 369 φιλανθρωπευόμενος,
1865 329 1916 357 οὐκ

1089 372 1127 404 εἷς
1148 376 1200 410 γῆν
1225 372 1364 410 ἀπέθανεν,
1381 373 1443 401 ἀλλ’
1467 374 1506 405 εις
1529 374 1575 401 τὸν
1604 373 1668 411 ἀὲρα
1691 371 1771 409 ἀνέϐη
1798 372 1843 401 διὰ
1865 376 1914 401 τοῦ

1089 419 1215 454 σταυροῦ,
1239 417 1346 445 διώκων
1369 418 1447 446 κάκεῖ
1469 418 1513 446 τὸν
1539 416 1620 457 ὅφιν
1641 417 1688 445 ’ίνα
1711 418 1833 446 κάκεῖθεν
1866 418 1914 446 τὸν

1089 461 1211 499 ἄρχοντα
1231 465 1282 497 τῆς
1307 461 1427 498 ἐξουσίας
1449 464 1500 490 τοῦ
1526 462 1604 499 ἀίρος
1628 461 1767 499 ἆποδιώξῃ
1783 485 1790 497 ,
1814 463 1859 490 καὶ
1880 463 1915 490 τὰ

1088 507 1258 543 πνευματικὰ
1279 510 1331 542 τῆς
1349 507 1482 545 πονηρίας
1507 504 1659 544 καταϐάλῃ,
1685 507 1735 535 οὐκ
1756 507 1832 546 ἀφεὶς
1852 506 1915 535 οὐδὶ

1090 550 1162 578 οὕτω
1176 550 1226 585 τὴν
1251 554 1303 589 γῆν
1327 551 1519 589 ἀθεράπευτον.
1535 551 1587 579 Καὶ
1611 551 1664 589 γὰρ
1688 551 1856 589 κρεμάμενος
1872 551 1917 579 ἒπὶ

203 597 252 624 τοῦ
265 597 391 633 σταυροῦ,
407 595 453 622 τὸν
471 595 518 631 μὶν
534 595 600 633 ἀέρα
615 594 758 633 ἄκαθάριζε
772 597 807 632 τῇ
824 594 928 624 ἰκτάσει
943 596 997 624 τῶν
1011 596 1121 633 χειρῶν,
1137 595 1186 629 τήν
1201 593 1230 623 δὲ
1240 599 1290 634 γῆν
1305 595 1465 633 ιλυτροῦτο,
1480 598 1519 632 τῷ
1531 594 1625 633 ατίματι
1649 598 1693 623 καί
1719 598 1759 632 τῷ
1774 595 1850 624 ὕδατι
1865 599 1919 630 τῆς

204 639 323 677 πλευρᾶς
338 639 503 667 ἀποπλύνων
520 639 617 675 αὐτήν.

239 685 361 716 22.0uid
372 685 460 720 igitur
472 685 590 713 inimico
599 684 668 713 talia
679 685 800 720 patienti
808 685 938 714 restabat
944 693 1033 721 agen-

205 729 276 757 dum
286 729 301 757 Ἰ
316 730 356 757 Ex
370 729 443 757 coelo
458 729 618 764 deciderat,
633 737 668 758 ex
693 732 772 758 terra
796 730 983 762 deturbatus,
997 738 1032 758 ex

204 782 271 802 aere
285 774 426 810 depulsus
442 776 504 802 erat
520 782 527 803 :
544 775 580 802 ad
595 774 657 803 hac
671 783 808 803 summus
822 775 918 811 pudor
931 774 1032 803 aderat

205 819 282 855 quod
299 819 393 847 multa
409 819 568 855 pollicitus,
582 819 655 847 nihil
673 819 901 848 efﬁceret.0mui
916 828 984 856 ergo
997 827 1032 848 ex

204 864 286 900 parte
293 866 447 899 superatus
453 872 496 895 ,ac
504 863 635 900 undique
641 863 755 892 consilii
762 864 963 900 inops,statuit
974 864 1031 892 sal-

204 910 263 936 tem
273 908 419 936 infernum
429 908 483 936 sibi
493 916 608 937 servare
616 917 623 937 :
632 908 762 937 biceuim
770 908 850 937 solus
861 909 918 945 ipsi
929 917 1031 945 super-

1122 685 1168 712 22.
1183 683 1214 711 Τί
1232 683 1329 712 λοιπὸν
1354 683 1409 712 ἔδει
1432 687 1520 712 ποιεῖν
1545 684 1665 712 παθόντα
1689 687 1773 712 ταῦτα
1795 684 1841 712 τὸν
1865 683 1916 723 ἔχ-

1088 727 1150 766 θρόν
1168 738 1175 764 ;
1192 729 1234 765 Ἐξ
1250 728 1367 767 ούρανοῦ
1383 729 1544 766 ἐπεπτώκει,
1561 729 1613 757 ἀπὸ
1629 732 1682 767 γῆς
1701 726 1833 765 ἰξεῦΛήθη
1846 730 1916 766 (22),

1086 774 1135 800 τοῦ
1150 772 1229 809 ἀέρος
1245 772 1379 812 ἐδιώχθη·
1394 774 1438 801 καὶ
1454 773 1523 812 πρὸς
1538 773 1646 805 τούτοις
1661 773 1795 812 ᾐσχύνετο
1810 773 1916 812 μεγάλα

1087 816 1332 855 ἐπαγγειλάμενος,
1348 818 1392 846 καὶ
1419 817 1505 855 μηδὲν
1524 818 1650 856 ἐνεργῶν.
1674 817 1845 856 Πανταχόθεν
1867 817 1914 846 οὖν

1088 862 1229 899 ἡττηθεὶς,
1254 862 1298 890 καὶ
1321 864 1378 900 (23)
1399 861 1569 901 πανταχόθεν
1594 863 1752 901 ἀπορηθεὶς,
1775 861 1844 901 ἔγνω
1865 863 1915 891 κᾶν

1088 905 1133 933 τὸν
1151 903 1219 941 ᾅδην
1235 905 1361 945 φυλάξαι·
1375 908 1457 934 τοῦτο
1470 907 1522 945 γὰρ
1533 905 1571 934 ἔτι
1586 907 1617 933 τὸ
1632 906 1735 944 χωρίον
1752 905 1915 934 ὑπελείπετο

205 955 267 981 erat
275 953 462 985 locus.0uare
470 953 794 981 metuensneDominus
801 961 835 982 eo
842 954 1033 987 descendens,

1090 949 1188 986 τούτῳ.
1204 950 1251 978 Διὸ
1261 951 1306 978 καὶ
1317 948 1496 989 φοϐούμενος,
1510 951 1548 988 μὴ
1559 950 1615 979 ἐκεῖ
1624 950 1761 979 κατελθὼν
1775 951 1789 978 ὁ
1802 950 1913 988 Κύριος,

204 997 272 1025 inde
286 998 374 1025 etiam
391 1006 421 1026 se
437 997 768 1034 expelleret,omnesque
785 998 841 1026 sibi
857 998 1031 1027 subditosli-

205 1042 330 1076 beraret,
346 1044 447 1071 omnia
464 1042 699 1077 miscuit,omuia
711 1043 878 1078 commovit,
889 1051 991 1071 omnes
1001 1043 1031 1071 in

205 1086 349 1115 auxilium
358 1087 600 1120 vocavit,Judaaos
608 1088 715 1116 iterum
727 1087 882 1116 concitavit
892 1089 925 1116 ut
934 1087 1031 1116 Domi-

205 1140 276 1160 num
288 1132 403 1168 probris
410 1135 438 1160 et
448 1132 634 1161 contumeliis
645 1131 1030 1168 afﬁcerent,irriderentque:

205 1183 239 1205 se
249 1177 368 1204 demum
376 1176 518 1213 quidquid
530 1176 585 1205 sibi
598 1176 720 1205 telorum
731 1176 926 1213 supererat,id
936 1176 1032 1204 immi-

204 1220 244 1249 sit
256 1221 285 1248 in
302 1221 590 1255 Dominum,tentans
602 1221 627 1249 si
638 1229 696 1257 quo
708 1222 794 1249 modo
805 1221 889 1249 illum
904 1221 1031 1257 peccatis

208 1265 379 1298 obnoxium,
419 1265 473 1293 hac
495 1265 598 1293 saltem
622 1266 735 1294 ratione
760 1268 922 1299 superaret.
937 1265 1031 1294 Judaei

208 1310 255 1339 τε
273 1310 363 1344 igitur
384 1310 538 1338 Dominum
558 1310 720 1338 lrridebant
743 1310 873 1338 dicentes
890 1318 897 1339 :
914 1321 929 1336 «
945 1310 972 1338 Si
991 1310 1032 1338 Fi-

207 1353 265 1382 lius
278 1354 328 1382 Dei
344 1362 386 1388 es,
402 1355 546 1383 descende
557 1355 592 1383 de
607 1363 693 1383 cruce
706 1355 741 1383 '".
758 1366 772 1381 ν
788 1357 825 1382 At
838 1355 1030 1391 Salvator,qui

206 1406 307 1426 revera
325 1398 414 1426 Filius
432 1399 481 1426 Dei
496 1401 569 1434 erat,
586 1407 643 1427 non
670 1399 808 1436 fugiendo
824 1401 958 1434 mortem,
980 1400 1031 1428 sed

206 1444 412 1478 exspectando,
430 1446 516 1479 atque
531 1443 571 1472 ita
587 1443 726 1472 calcando
741 1444 848 1480 ipsam,
872 1443 965 1472 voluit
988 1444 1031 1471 di-

207 1488 318 1523 gnosci,
335 1496 365 1515 se
382 1487 487 1516 Filium
503 1495 567 1516 esse
583 1488 644 1522 Dei,
660 1490 745 1523 atque
759 1496 859 1516 veram
874 1488 1032 1521 vitam,Po-

187 1534 282 1559 "terat
296 1532 374 1559 enim
391 1540 425 1560 ex
440 1540 525 1560 cruce
539 1533 726 1567 descendere,
743 1533 791 1568 qui
807 1532 881 1561 alios
904 1533 1032 1561 suscita-

208 1578 253 1604 τοι
267 1579 418 1610 mortuos;
435 1578 486 1604 sed
511 1577 662 1605 descensio
686 1577 737 1604 illa
761 1577 864 1605 mortis
888 1577 958 1614 fuga
971 1577 1034 1605 visa

208 1621 285 1648 esset
300 1629 306 1648 :
322 1623 422 1648 contra
438 1621 462 1648 si
479 1621 509 1649 in
524 1629 610 1649 cruce
625 1621 897 1658 permaneret,nibil
911 1621 942 1650 id
952 1622 1032 1650 aliud

207 1664 368 1699 indicabat,
385 1674 486 1701 quam.
502 1674 570 1694 eum
585 1666 635 1701 qui
650 1668 835 1702 permaneret
849 1674 914 1695 esse
928 1666 1032 1701 vitam,

208 1709 403 1742 Quamobrem
420 1710 512 1738 multa
526 1709 641 1738 diabolo
656 1718 728 1738 cura
744 1710 809 1745 fuit,
832 1712 866 1738 ut
892 1710 1033 1739 Dominus

207 1754 288 1782 hisce
303 1754 469 1791 opprobriis
486 1754 661 1790 afﬁceretur,
677 1754 852 1791 volebatque
866 1754 965 1791 ipsum
982 1755 1033 1783 de-

208 1799 346 1827 scendere
362 1800 397 1827 de
413 1807 508 1833 cruce,
524 1807 620 1835 neque
645 1799 722 1827 inter
745 1801 879 1827 mortuos
901 1800 1011 1828 versari
1026 1812 1034 1833 ;

208 1845 241 1870 ut
255 1843 296 1871 sic
314 1843 423 1872 illaasus
440 1844 543 1877 abiret,
559 1845 803 1879 mortuorumque
818 1844 983 1872 dominium
992 1852 1034 1872 re-

207 1887 470 1916 tineret.Metuebat
485 1888 878 1924 enim,ne,quemadmodum
890 1888 1033 1925 scriptum

209 1934 264 1966 est,
280 1934 441 1961 ascendens
457 1934 487 1961 in
501 1933 598 1962 crucis
613 1933 751 1965 sublime.
775 1933 921 1969 captivam
947 1933 1035 1962 duce-

209 1979 253 2005 ret
267 1978 475 2014 csptivitatem,
492 1979 521 2007 et
544 1978 689 2015 acciperet
716 1978 792 2006 dona
816 1977 987 2006 hominibus
1000 1978 1034 2013 ⁷²,

210 2021 383 2057 Suspicatus
398 2022 475 2050 enim
492 2024 548 2056 est,
564 2031 600 2051 ne
614 2022 663 2050 hic
679 2024 757 2051 esset
770 2023 805 2051 de
818 2030 875 2059 quo
890 2022 953 2052 hinc
963 2022 1036 2051 scri-

210 2067 261 2102 pta
276 2068 367 2093 erant.
383 2066 464 2094 Unde
487 2066 653 2103 versipellis
668 2066 717 2095 ille
732 2075 851 2095 rursum
874 2067 1036 2096 Pbarisaeos

213 2110 382 2144 commovit,
395 2119 428 2138 ac
444 2111 563 2139 demum
580 2119 613 2139 eo
638 2119 731 2147 usque
748 2112 869 2140 deduxit
882 2111 994 2145 illos.ut
1005 2120 1037 2140 se

214 2154 377 2182 credituros
393 2154 609 2190 pollicerenlur,
635 2155 659 2183 si
674 2155 770 2184 solum
798 2156 986 2185 descenderet
1001 2157 1036 2184 de

211 2206 308 2227 cruce.
325 2199 429 2227 Omnia
445 2208 530 2235 porro
554 2200 698 2235 movebat,
714 2200 814 2228 omnia
829 2203 932 2237 prater
945 2201 1037 2229 animi

213 2243 358 2272 sententia
373 2243 571 2279 promittebat,
597 2245 683 2273 modo
699 2245 729 2272 id
752 2245 889 2279 efﬁceret,
913 2254 950 2274 ne
975 2253 1037 2274 mo-

210 2290 334 2324 reretur,
351 2297 419 2316 neve
435 2288 623 2317 descenderet
637 2288 667 2316 in
683 2288 848 2317 infernum.
865 2289 967 2318 Denuo
982 2289 1037 2326 igi-

209 2335 258 2361 tur
272 2333 425 2361 Pbarisaeis
441 2335 543 2362 auctor
557 2333 612 2361 fuit
627 2335 659 2361 ut
677 2333 809 2362 dicerent
824 2342 832 2362 :
848 2345 864 2360 «
879 2333 960 2362 Alios
974 2334 1033 2363 sal-

1090 2330 1173 2359 πάλιν
1203 2330 1292 2368 λέγειν
1320 2331 1384 2362 τοὺς
1411 2330 1588 2369 Φαρισαίους·

208 2386 260 2406 vos
282 2378 359 2411 fecit,
385 2378 515 2414 seipsum
537 2386 595 2406 non
620 2379 716 2414 potest
740 2378 853 2407 salvum
877 2379 982 2407 facere.
1008 2379 1037 2406 Si

209 2421 266 2450 Rex
277 2421 363 2449 lsrael
378 2424 431 2457 est,
449 2421 606 2449 descendat
621 2430 698 2449 nunc
724 2422 759 2449 de
775 2430 872 2456 cruce,
894 2424 923 2450 et
937 2422 1037 2450 crede-

211 2474 277 2494 mus
293 2466 319 2493 ei
329 2467 377 2493 ⁷³.»
388 2466 506 2494 Minime
514 2467 611 2494 autem
623 2466 740 2494 credere
750 2466 866 2494 volebat
875 2465 1039 2495 l’bsrisaaos

209 2511 348 2547 magister
362 2510 410 2538 ille
427 2510 587 2547 impietatis
612 2511 720 2545 draco;
744 2510 793 2539 sed
811 2511 931 2548 optabat
944 2511 1038 2540 Domi-

245 2584 267 2602 το
282 2582 387 2619 Ephes.
402 2590 441 2617 vx,
459 2582 502 2609 12.
539 2581 561 2601 τί
578 2581 683 2610 Matth.
699 2590 786 2616 xxvu,
802 2582 847 2611 49.

245 2659 301 2695 (21)
316 2658 429 2696 Anglic.
449 2659 547 2696 μεῖναι,
567 2656 605 2696 μὴ
621 2655 708 2696 οὕτως
722 2655 771 2696 τοῦ
787 2659 1036 2696 κυριακοῦηοιιιίβσ

209 2691 253 2723 sis
264 2691 475 2732 m'ultis',_l\loi,_
490 2691 544 2732 ἵνα
560 2691 626 2732 ante
650 2693 723 2732 τάχα
737 2693 785 2721 κᾶν
814 2691 912 2729 οὕτως,
922 2691 1037 2732 legitur

211 2731 240 2759 in
256 2731 354 2764 editis,
371 2730 457 2766 deest_
469 2729 616 2766 igﬂegio,
633 2729 731 2765 probe.

247 2768 304 2803 (22)
319 2761 436 2829 ReFius,
450 2761 616 2807 ὲκξέολῆτοξ

247 2803 304 2829 (23)
319 2805 357 2829 Kc:
371 2824 378 2829 .
393 2802 475 2829 deest
488 2809 519 2829 in
532 2800 616 2829 Anuli

258 2803 304 2838 23)
319 2800 475 2838 Καῇγᾱοοει
488 2800 519 2829 in
532 2800 704 2838 Anglicano.

258 2805 293 2831 23
319 2805 378 2837 Καί,
393 2805 475 2830 deest
488 2805 519 2829 in
532 2805 704 2838 Anglicano.
760 2841 762 2843 η
911 2837 916 2846 1

245 2805 304 2875 iui
317 2839 360 2868 Ita
375 2837 444 2874 Reg.
460 2838 490 2866 et
503 2836 588 2874 Angl.
604 2836 738 2874 Ed.vero,
754 2835 779 2865 εἰ
791 2837 870 2875 τάχα
883 2837 943 2867 κᾶν.
960 2837 1038 2873 Mox,

1088 993 1186 1022 ἐκεῖθεν
1203 994 1282 1023 αὐτὸν
1306 994 1431 1033 ἆκδιώξῃ,
1456 995 1502 1023 καὶ
1522 994 1624 1027 πάντας
1647 997 1711 1027 τοὺς
1736 994 1914 1033 ὑποχειρίους

1086 1038 1264 1077 ἐλευθερώσῃ,
1293 1040 1381 1067 πάντα
1408 1039 1490 1067 ἐκύκα
1515 1039 1560 1068 καὶ
1590 1039 1731 1074 συνεκίνει,
1759 1040 1858 1068 πάνται
1873 1040 1913 1071 είς

1087 1083 1214 1121 βοήθειαν
1230 1083 1331 1119 καλῶν,
1353 1084 1399 1112 καὶ
1419 1085 1558 1122 παρώξυνε
1580 1084 1664 1112 πάλιν
1683 1083 1747 1116 τοὺς
1762 1082 1913 1116 Ἰουδαίους

1085 1126 1224 1163 ὀνειδίζειν
1237 1128 1282 1155 τὸν
1299 1128 1407 1167 Κύριον,
1423 1128 1468 1156 καὶ
1484 1126 1601 1167 ὑϐρίζειν
1613 1129 1659 1157 καὶ
1669 1128 1753 1166 γελᾷν
1765 1127 1840 1160 ὅλως
1852 1131 1912 1156 κατ’

1085 1171 1177 1199 αὐτοῦ·
1192 1172 1238 1200 καὶ
1253 1171 1327 1204 ὅλως
1343 1171 1370 1200 εἴ
1386 1183 1413 1201 τι
1436 1172 1624 1211 περιελείπετο
1647 1172 1802 1204 πανοπλίας
1825 1172 1912 1209 αύτῷ,

1083 1218 1165 1245 τοῦτο
1180 1216 1254 1256 ἠφίει
1277 1217 1346 1245 κατᾶ
1369 1219 1418 1246 τοῦ
1442 1217 1554 1256 Κυρίου·
1576 1218 1649 1256 τάχα
1671 1218 1720 1246 κᾶν
1821 1217 1911 1249 οὕτως

1086 1261 1164 1289 αὐτὸν
1182 1261 1357 1300 ὗπερεύθυνον
1371 1262 1491 1301 ἁμαρτίᾳ
1513 1260 1578 1290 ὅντα
1591 1263 1723 1300 κρατήσῃ.
1738 1263 1774 1290 οι
1795 1262 1842 1299 μὶν
1856 1261 1911 1300 γὰρ

1085 1304 1215 1334 Ἰουδαῖοι
1241 1305 1390 1344 ἐχλεύαζον
1413 1306 1459 1334 τὸν
1483 1305 1582 1345 Κύριον
1606 1306 1743 1344 λίγοντες·
1760 1318 1774 1332 «
1792 1306 1823 1335 Et
1848 1306 1910 1337 Υἳὸς

1086 1350 1110 1377 εἴ
1123 1353 1171 1378 τοῦ
1186 1353 1264 1385 Θεοῦ,
1291 1348 1424 1386 κατάϐηθι
1449 1351 1502 1379 ἀπὸ
1527 1353 1577 1379 τοῦ
1601 1353 1727 1389 σταυροῦ·
1745 1363 1760 1377 ››
1775 1351 1790 1379 ὁ
1805 1349 1834 1378 δὶ
1850 1354 1912 1378 Σω-

1085 1394 1148 1431 τὴρ,
1165 1394 1179 1422 ὀ
1192 1397 1233 1431 τῷ
1246 1392 1303 1423 ὄντι
1326 1397 1375 1423 τοῦ
1397 1398 1465 1423 Θεοῦ
1488 1396 1562 1431 mg,
1588 1395 1637 1423 οὐκ
1659 1396 1713 1423 ἀπὸ
1735 1398 1785 1423 τοῦ
1804 1395 1913 1434 φεύγειν

1085 1439 1131 1467 τὸν
1147 1440 1272 1473 θάνατον,
1288 1439 1350 1468 ἀλλ’
1366 1439 1419 1468 ἀπὸ
1441 1443 1492 1468 τοῦ
1519 1439 1605 1477 μὲνειν
1630 1440 1720 1474 αὐτὸν,
1737 1440 1781 1468 καὶ
1799 1440 1913 1477 μένοντα

1087 1485 1205 1519 πατῆσαι
1220 1485 1266 1512 τὸν
1283 1485 1407 1518 θάνατον,
1422 1483 1505 1519 ἤθελε
1518 1486 1670 1523 γνωσθῆναι
1686 1485 1748 1516 ι”ιὸς
1762 1487 1830 1513 Θεοῦ
1843 1486 1912 1522 (2τι).

1086 1529 1131 1557 καὶ
1161 1528 1202 1556 ὅτι
1232 1529 1313 1561 αὐτός
1342 1529 1411 1557 ἐστιν
1427 1530 1445 1564 ἡ
1464 1530 1532 1565 ζωή.
1563 1528 1695 1558 Ἡδύνατο
1722 1530 1769 1567 μὶν
1791 1529 1842 1568 γὰρ
1866 1529 1913 1557 καὶ

1086 1570 1235 1608 καταϐῆναι
1250 1573 1303 1601 ἀπὸ
1326 1573 1375 1601 τοῦ
1398 1576 1527 1611 σταυροῦ,
1543 1575 1557 1601 δ
1572 1574 1617 1602 καὶ
1632 1574 1698 1606 τοὺς
1720 1573 1823 1605 ἄλλους
1840 1573 1915 1612 ἐγεί-

1089 1628 1137 1656 ρας
1160 1617 1284 1656 νεκρούς·
1309 1617 1373 1646 ἀλλ’
1396 1619 1414 1653 ἡ
1438 1616 1584 1650 κατάϐασις
1609 1619 1697 1658 φυγὴν
1724 1617 1842 1647 ἐδείκνυε
1863 1620 1916 1646 τοῦ
1964 1628 1969 1632 ‘

1089 1661 1213 1690 θανάτου·
1241 1662 1272 1690 τὸ
1303 1661 1332 1690 δὶ
1355 1665 1511 1700 περιμεῖναι
1539 1662 1616 1691 οὐδὲν
1639 1661 1731 1701 ἕτερον
1760 1663 1915 1701 ιγνώριζεν,

1087 1707 1105 1740 ἣ
1127 1706 1173 1734 τὸν
1198 1707 1380 1745 περιμένοντα
1403 1708 1468 1734 εἶναι
1495 1708 1585 1743 ζωήν,
1615 1708 1664 1735 Διὰ
1688 1709 1769 1735 τοῦτο
1793 1707 1844 1745 γὰρ
1868 1708 1915 1735 καὶ

1089 1748 1149 1777 λίαν
1165 1749 1267 1787 ἔμελλε
1288 1753 1329 1787 τῷ
1353 1749 1476 1788 διαϐόΛῳ
1500 1750 1674 1786 ὀνειδίζεσθαι
1698 1752 1744 1779 τὸν
1760 1752 1860 1789 Κύριον
1888 1751 1915 1779 ἐν

1087 1794 1208 1832 τούτοις,
1226 1795 1272 1823 καὶ
1286 1794 1384 1830 ἤθελεν
1403 1796 1484 1824 αὐτὸν
1508 1796 1561 1824 ἀπὸ
1585 1799 1633 1824 τοῦ
1657 1795 1773 1835 σταυροῦ
1793 1794 1914 1831 καταϐῆ-

1088 1849 1131 1867 ναι
1144 1840 1189 1867 καὶ
1215 1840 1252 1876 μή
1278 1840 1399 1878 γενέσθαι
1423 1840 1449 1868 ἐν
1473 1840 1649 1879 νεκροῖς,’ίνα
1667 1840 1715 1869 κᾶν
1743 1841 1829 1872 οὕτως
1845 1841 1916 1868 ἀπα-

1090 1884 1140 1919 θὴς
1167 1883 1284 1922 ἀπέλθῃ,
1312 1884 1357 1913 καὶ
1384 1886 1438 1912 τῶν
1467 1887 1569 1924 νεκρῶν
1596 1885 1741 1923 κυριεύσῃ.
1772 1883 1917 1925 Ἐφοῦεῑτο

1089 1929 1141 1967 γὰρ
1158 1929 1196 1966 μὴ
1211 1929 1279 1957 κατὰ
1301 1929 1333 1957 τὸ
1357 1929 1558 1967 γεγραμμένον,
1583 1927 1683 1961 ἀναϐἆς
1709 1930 1748 1961 εἱς
1774 1930 1841 1967 ὕψος
1866 1932 1918 1957 τοῦ

1091 1975 1217 2011 σταυροῦ,
1244 1973 1460 2012 αἰχμαλωτεύσῃ
1483 1975 1533 2009 τήν
1556 1974 1762 2013 αἰχμαλωσίαν,
1777 1974 1822 2002 καὶ
1845 1972 1919 2012 λάϐῃ

1092 2016 1199 2055 δόματα
1216 2018 1242 2046 ἐν
1264 2018 1430 2057 ἀνθρώποις.
1447 2019 1619 2047 Ὑπώπτευσε
1640 2020 1692 2057 γὰρ
1710 2020 1748 2056 μὴ
1765 2018 1844 2050 οὗτός
1859 2019 1919 2046 ἔστι

1091 2065 1155 2100 περῖ
1176 2061 1207 2090 οὗ
1230 2062 1381 2101 γεγραπται
1402 2065 1505 2093 ταῦτα.
1529 2065 1610 2096 ’Ὅθεν
1632 2062 1715 2091 πάλιν
1751 2063 1829 2091 ἐκίνει
1847 2063 1918 2096 τοὺς

1092 2107 1257 2146 Φαρισαίους
1281 2108 1295 2135 ὀ
1319 2110 1482 2146 πανοῦργος,
1501 2109 1546 2136 καὶ
1572 2108 1668 2137 λοιπὸν
1696 2108 1764 2136 κατὰ
1788 2109 1917 2146 περισσὸν

1093 2151 1178 2181 ἰποίει
1208 2154 1264 2190 (26)
1287 2152 1384 2184 αὐτοὺς
1407 2152 1621 2192 ἄπαγγὲλλεσθαι
1651 2152 1696 2180 καὶ
1720 2153 1867 2189 πιστεύειν,
1893 2153 1920 2180 εἱ

1091 2195 1225 2233 καταϐαίη
1254 2197 1336 2234 μόνον
1359 2198 1412 2226 ἀπὸ
1436 2200 1484 2225 τοῦ
1507 2200 1633 2236 σταυροῦ.
1658 2198 1748 2225 Πάντα
1771 2196 1800 2225 δὲ
1825 2197 1920 2234 ἒκίνει,

1091 2242 1136 2270 καὶ
1151 2242 1224 2280 παρὰ
1246 2243 1362 2280 γνώμην
1389 2241 1589 2281 ἐπηγγέλλετο,
1615 2241 1698 2279 μίίνον
1720 2241 1767 2270 ἵνα
1784 2242 1821 2279 μή
1838 2242 1920 2280 γενη-

1092 2296 1135 2314 ται
1159 2286 1263 2324 νεκρὸς,
1287 2286 1333 2315 καὶ
1357 2286 1473 2324 κατέλθῃ
1497 2286 1536 2318 εἷς
1551 2286 1597 2315 τὸν
1622 2284 1702 2322 ᾅδην.
1730 2286 1833 2314 Ἐποίει
1850 2288 1920 2325 γοῦν

1621 2343 1632 2356 ι
1659 2329 1782 2362 ’Ἄλλους
1806 2330 1921 2366 ἔσωσεν,

1092 2375 1186 2403 ἑαυτὸν
1212 2375 1243 2403 οὗ
1269 2373 1376 2403 δύναται
1400 2377 1500 2404 σῶσαι.
1524 2375 1555 2404 Ei
1572 2374 1701 2414 βασιλεὺς
1724 2375 1835 2413 Ἰσραήλ
1850 2376 1922 2411 ἐστι,

1092 2418 1236 2448 καταϐάτω
1263 2421 1309 2447 νῦν
1338 2419 1391 2447 ἀπὸ
1416 2422 1465 2447 τοῦ
1494 2423 1609 2459 σταυροῦ
1629 2442 1637 2456 ,
1665 2419 1710 2448 καί
1739 2419 1921 2456 πιστεύσομεν

1093 2464 1177 2501 αὐτῷ.
1195 2476 1209 2491 υ
1224 2463 1263 2494 Οὖ
1277 2464 1411 2492 πιστεύειν
1428 2463 1457 2493 δὶ
1473 2464 1555 2499 ἤθελε
1575 2465 1638 2496 τοὺς
1659 2464 1824 2503 Φαρισαίους
1839 2465 1853 2492 ὁ
1867 2468 1922 2500 τῆς

1094 2508 1219 2541 ἀπιστίας
1248 2507 1411 2541 διδάσκαλος
1437 2507 1542 2547 δρακων
1559 2519 1567 2526 ⁸
1598 2508 1671 2538 ἀλλὰ
1698 2508 1806 2548 φεύγειν
1834 2508 1922 2544 ἤθελε

898 2582 921 2600 ⁷³
937 2582 1012 2612 Psal.
1026 2590 1113 2619 um,
1131 2582 1176 2617 19,
1213 2581 1237 2600 ⁷³
1252 2580 1356 2610 Matth.
1371 2589 1461 2616 xxvu,
1476 2581 1521 2611 42.

1091 2655 1272 2700 ξνταηροεε
1288 2655 1408 2700 ἁμαρτίᾳ
1435 2657 1518 2700 deest
1543 2658 1574 2687 in
1603 2658 1722 2689 iisdem.
1744 2660 1817 2689 Ibid.
1847 2660 1922 2698 Reg.

1092 2692 1237 2732 ἁμαρτίας.
1254 2692 1516 2732 ξιείμάμαρτίαις.

1129 2729 1183 2767 (25)
1199 2730 1243 2758 Ita
1257 2729 1377 2766 Regius,
1393 2729 1523 2758 secunda
1537 2738 1636 2759 manu.
1654 2731 1686 2759 In
1715 2731 1813 2766 editis,
1837 2733 1920 2767 θεοῦ,

1092 2766 1185 2795 deest.

1128 2803 1187 2839 (26(
1202 2801 1322 2838 Regius,
1337 2799 1424 2829 ὶποίει
1439 2801 1503 2840 γάρ.
