4136 6218
532 8 565 39 ῖ,
608 14 611 17 ι

288 350 409 419 228

1338 350 1440 419 ne
1480 344 1859 418 PASSIONE
1907 355 2005 415 er
2046 346 2302 415 cauca
2345 341 2653 416 comm.
2694 438 2699 447 ι

3585 356 3704 423 226

282 493 382 547 τὸν
416 490 611 564 Κύριον
640 490 731 545 τὸν
766 486 1193 564 θάνατονηοῦδέ
1249 491 1432 562 μαθεῖν
1481 485 1695 558 ἤθελεν,
1746 486 1794 543 εἰ
1843 483 1936 541 δύ-

2062 503 2194 541 num
2226 487 2405 541 vitare
2441 493 2706 543 mortem.
2758 489 2954 560 Neque
3013 488 3238 547 volebat
3294 491 3568 560 ediscere,
3628 512 3703 551 an

284 601 440 635 ναται
490 562 674 635 ἐαυτὸν
718 584 909 633 σῶσαι·
962 562 1090 634 ἀλλ’
1132 577 1225 634 ’ἱνα
1274 580 1351 652 μὴ
1391 583 1508 640 τοῖς
1540 575 1739 640 ἄλλοις
1765 597 1943 645 σωτη.

289 669 385 743 ρία
437 668 678 743 γένηται.
735 668 801 722 Εἰ
858 668 963 744 γὰρ
1017 666 1162 731 ὅλως
1199 667 1526 743 ἐγίγνωσκεν
1704 666 1947 721 σώσαντα

286 757 454 811 αὐτὸν
496 756 624 818 τοὺς
672 755 902 827 ἄλλους,
953 756 1054 812 οὐκ
1101 757 1168 826 ἧν
1209 751 1542 834 ἀμφίϐολον,
1571 756 1663 810 τὸν
1695 760 1811 817 τοῖς
1843 753 1946 811 ἅλ-

287 846 415 908 λοις
477 842 752 902 δεδωκότα
807 844 1104 920 σωτηρίαν,
1163 846 1322 901 αὐτὸν
1379 845 1510 901 είναι
1571 851 1806 922 Σωτῆρα
1851 844 1942 899 καὶ

292 938 444 1006 ζωήν
454 977 468 991 .

360 1044 451 1098 23.
486 1041 689 1096 Ούκοῦν
741 1037 829 1096 διὰ
872 1045 1035 1096 τοῦτο
1073 1039 1228 1096 αὐτὸν
1262 1038 1562 1112 ὠνείδιζον,
1586 1036 1680 1095 ’ίνα
1715 1041 1790 1113 μὴ
1823 1044 1943 1102 τοῖς

285 1129 488 1191 ἄλλοις
536 1129 779 1201 σωτηρία
825 1128 1070 1206 γένηταί.
1119 1128 1272 1199 ’ᾟδει
1317 1130 1422 1207 γὰρ
1454 1130 1483 1184 6
1514 1128 1825 1205 περίεργος,
1857 1127 1940 1183 ὅτι

284 1219 391 1274 οὐκ
435 1219 766 1289 ἀποθνήσκει
815 1219 844 1272 6
886 1217 1106 1291 Κύριος,
1145 1216 1272 1273 ἀλλ’
1303 1217 1547 1274 ὁτούτου
1578 1217 1800 1279 θάνατος
1834 1239 1945 1272 σω-

282 1308 452 1383 τηρία
497 1308 589 1363 καὶ
642 1309 755 1377 ζιυὴ
786 1313 904 1370 τοῖς
937 1313 1067 1362 πᾶσι
1099 1309 1396 1384 γενήσεται.
1432 1307 1529 1363 Διᾶ
1554 1311 1716 1363 τοῦτο
1746 1304 1939 1377 ἤθελεν

280 1398 444 1452 αὐτὸν
497 1393 799 1466 καταϐῆναι
845 1397 954 1451 ἀπὸ
997 1401 1091 1451 τοῦ
1139 1402 1391 1473 σταυροῦ,
1446 1398 1537 1452 καὶ
1596 1395 1769 1452 ἐποίει
1812 1396 1940 1458 τοὺς

286 1485 623 1561 Φαρισαίους
691 1483 1120 1562 ἐπαγγέλλεσθαι
1180 1486 1471 1541 πιστεύειν·
1530 1488 1674 1562 τάχα
1724 1484 1819 1541 κᾶν
1871 1489 1940 1560 τῇ

286 1573 588 1651 ἐπαγγελίᾳ
639 1582 741 1645 τῆς
799 1576 1031 1637 πίστεως
1080 1574 1445 1652 περιγένηται,
1508 1573 1581 1630 ὧν
1640 1574 1856 1645 ἤθελεν.
1887 1580 1941 1628 '0

287 1663 349 1720 δὶ
403 1665 635 1741 Κύριος,
685 1665 714 1719 6
755 1669 835 1738 τῷ
878 1660 996 1719 ὄντι
1036 1665 1254 1740 Σωτὴρ,
1290 1665 1318 1719 ὁ
1353 1666 1429 1738 μὴ
1460 1665 1523 1719 τὸ
1552 1665 1763 1735 ἑαυτοῦ,
1796 1662 1942 1721 ἀλλὰ

284 1757 355 1812 τᾶ
381 1758 545 1829 ἡμῶν
582 1759 781 1826 ζητῶν,
817 1754 917 1810 οὐκ
947 1754 1053 1810 ἀπὸ
1080 1758 1177 1809 τοῦ
1224 1755 1410 1810 ἑαυτὸν
1457 1758 1646 1826 σῶσαι,
1680 1753 1805 1811 ἀλλ’
1832 1753 1938 1810 ἀπὸ

2058 580 2254 646 posset
2283 574 2410 646 ipse
2460 592 2589 631 sese
2622 578 2844 633 salvum
2906 579 3130 647 facere;
3177 580 3274 635 sed
3310 582 3606 638 metuebat
3633 600 3706 640 ne

2055 663 2187 720 aliis
2217 664 2379 720 salus
2409 665 2759 723 efficeretur.
2818 666 2966 723 Nam
2999 668 3049 724 si
3102 669 3282 724 semel
3312 670 3707 741 cognovisset,

2055 753 2202 809 alios
2230 756 2425 826 ipsum
2459 771 2630 826 posse
2660 755 2849 811 salvos
2884 756 3088 825 facere,
3117 758 3261 814 nihil
3290 759 3538 815 dubium
3560 766 3705 829 erat,

2055 858 2189 898 eum
2216 842 2317 915 qui
2347 842 2477 900 aliis
2526 843 2775 900 salutem
2811 845 3153 919 impertiret,
3188 863 3317 904 esse
3346 848 3705 906 Salvatorem

2055 935 2231 1003 atque
2269 932 2469 989 vitam.

2122 1039 2213 1095 23.
2246 1040 2324 1095 Ea
2344 1040 2525 1113 igitur
2540 1041 2610 1097 de
2639 1057 2818 1098 causa
2844 1042 3323 1100 conviciabantur
3343 1044 3527 1115 illi,ne
3551 1046 3709 1114 aliis,

2054 1126 2217 1184 salus
2248 1129 2428 1184 fieret.
2455 1129 2701 1186 Noverat
2753 1132 2908 1186 enim
2967 1131 3064 1188 ille
3095 1138 3387 1205 versutus,
3415 1152 3528 1191 non
3561 1136 3708 1192 mori

2054 1217 2294 1287 quidem
2330 1219 2638 1275 Dominum
2667 1245 2682 1287 ;
2712 1220 2813 1275 sed
2844 1222 2972 1292 ejus
3007 1227 3277 1291 mortem,
3310 1223 3489 1280 vitam
3548 1226 3705 1280 salu-

2054 1308 2288 1376 temque
2338 1308 2612 1364 omnibus
2670 1309 2809 1365 fore.
2844 1312 3232 1376 Quamobrem
3264 1312 3495 1370 volebat
3536 1314 3703 1371 illum

2051 1411 2119 1449 ex
2148 1410 2318 1451 cruce
2349 1397 2721 1469 descendere,
2764 1415 2947 1471 eoque
3006 1401 3245 1458 deduxit
3283 1403 3603 1459 Pharisaaos
3636 1410 3702 1459 ut

2051 1499 2113 1538 se
2135 1484 2455 1540 credituros
2485 1485 2991 1558 pollicerentur;ut
3020 1505 3086 1545 ea
3118 1492 3326 1547 saltem
3349 1492 3697 1564 promissio-

2051 1587 2123 1625 ne
2156 1588 2283 1644 quae
2312 1573 2541 1630 volebat
2570 1582 3037 1648 consequeretur.
3073 1578 3357 1637 Dominus
3389 1586 3584 1637 autem
3614 1595 3703 1637 re-

2048 1677 2183 1716 vera
2204 1661 2487 1731 Salvator,
2520 1664 2618 1735 qui
2651 1681 2764 1720 non
2797 1683 2926 1733 sua,
2976 1669 3078 1723 sed
3125 1674 3325 1725 nostra
3367 1675 3652 1743 quaereret
3686 1687 3700 1738 ;

2049 1764 2166 1804 non
2197 1764 2265 1805 ex
2296 1766 2362 1806 eo
2386 1752 2541 1823 quod
2565 1769 2692 1810 sese
2712 1754 2937 1810 salvum
2971 1756 3311 1828 faceret,sed
3341 1777 3411 1817 ex
3448 1777 3513 1816 eo
3542 1759 3698 1831 quod

282 1850 385 1900 τοῦ
417 1844 795 1918 λυτρώσασθαι
825 1845 927 1914 τὴν
949 1842 1119 1899 κτίσιν
1175 1841 1340 1913 ἤθελε
1364 1846 1669 1918 γνωσθῆναι
1718 1845 1936 1919 Σωτήρ.

2062 1842 2343 1896 :reaturas
2366 1841 2696 1909 redimeret,
2729 1842 2957 1900 volebat
2995 1847 3258 1905 Salvator
3286 1850 3546 1921 agnosci.
3572 1849 3699 1904 Non

285 1931 428 1988 Οῦδὶ
474 1934 577 2010 γὰρ
628 1932 813 2009 ἰατρὸς
860 1932 920 1988 ἐκ
965 1936 1062 1988 τοῦ
1100 1931 1258 1988 αὐτὸν
1293 1930 1549 2007 ὑγιαίνειν
1578 1933 1943 2007 γνωσθήσεται

287 2022 497 2098 ἰατρὸς,
548 2020 597 2076 εί
648 2022 726 2095 μὴ
771 2021 862 2076 καὶ
908 2026 1027 2084 τοῖς
1081 2025 1327 2076 νοσοῦσιν
1375 2017 1670 2092 ἐνδείξηται
1717 2021 1816 2090 τήν
1855 2020 1943 2078 τέ-

283 2130 454 2187 χνην⁶
514 2109 607 2165 καὶ
656 2111 686 2164 6
732 2108 900 2180 ἥλιος
945 2110 1046 2165 οὐκ
1084 2109 1171 2165 ἐὰν
1200 2109 1276 2172 είς
1307 2109 1494 2166 ὶαυτὸν
1527 2108 1792 2185 συστελλῃ
1845 2111 1941 2173 τὰς

284 2200 533 2270 ἀκτῖνας,
590 2201 963 2274 γνωσθήσεται
1011 2203 1150 2278 φῶς,
1204 2198 1249 2254 εἷ
1302 2201 1378 2273 μή
1423 2199 1514 2255 καὶ
1552 2202 1621 2274 τῇ
1654 2198 1942 2276 οἰκουμένῃ

280 2289 484 2351 ταύτας
543 2288 849 2365 ἓπεκτείνῂ,
907 2289 995 2345 καὶ
1040 2290 1105 2346 τὸ
1145 2290 1335 2353 σκότος
1391 2288 1443 2346 ἒν
1528 2290 1722 2354 αῦτπῖς
1778 2312 1944 2346 κατα-

285 2377 505 2453 λάμψῃ.
556 2379 744 2442 Οὕτως
788 2378 880 2434 καὶ
929 2380 957 2433 6
1005 2379 1203 2457 Κύριος
1255 2378 1363 2457 οὐχ
1405 2380 1588 2435 ἑαυτὸν
1610 2377 1797 2451 ἓσωζε’
1833 2402 1940 2436 σω-

282 2468 482 2543 τηρίας
510 2469 615 2542 γὰρ
646 2466 836 2543 χρείαν
867 2465 967 2521 οὐκ
1003 2466 1171 2543 εἶχεν,
1220 2467 1380 2531 αὐτὸς
1432 2467 1506 2524 ὥν
1550 2470 1765 2545 Σωτήρ·
1813 2467 1940 2525 ἀλλ’

287 2558 393 2611 ἀπὸ
423 2563 526 2625 τῆς
556 2560 665 2611 τῶν
694 2555 881 2612 ἄλλων
914 2556 1215 2633 εὐεργεσίας
1247 2554 1414 2627 ἤθελε
1452 2560 1760 2634 γνωσθῆναι
1809 2564 1937 2614 πᾶσι

288 2647 511 2719 Σωτήρ.
577 2644 730 2701 Ἀλλ’
788 2643 914 2699 οὐδὲ
977 2640 1311 2701 καταϐαίνων
1367 2646 1473 2702 ἀπὸ
1537 2652 1632 2702 τοῦ
1709 2652 1940 2725 σταῦρου

286 2732 456 2803 ἤθελε
484 2736 784 2809 γνωσθῆναι
817 2736 941 2796 Υἱὸς
974 2739 1129 2806 Θεοῦ,
1162 2734 1287 2791 ἀλλ’
1321 2735 1428 2791 ἀπὸ
1465 2742 1561 2792 τοῦ
1617 2736 1789 2808 μένειν
1846 2737 1942 2792 αὖ·

284 2824 401 2878 τόν.
465 2822 701 2877 Πλείονα
747 2824 849 2899 γὰρ
902 2822 1113 2898 μᾶλλον
1166 2826 1194 2880 6
1245 2825 1464 2888 θάνατος
1496 2824 1648 2881 ὁτοῦ
1680 2833 1942 2903 Σωτῆρος

285 2913 469 2968 πίστιν
527 2911 618 2966 καὶ
671 2912 945 2988 σωτηρίαν
993 2918 1108 2976 τοῖς
1151 2915 1478 2990 ἀνθρώποις,
1526 2916 1672 2994 φέρει
1702 2916 1738 2986 ἢ
1770 2918 1805 2986 ἦ
1836 2916 1942 2972 ἀπὸ

288 3006 390 3057 τοῦ
445 3005 678 3076 σταυροῦ
726 2996 1039 3064 κατάϐασις,
1084 3002 1314 3076 Ἀμελει
1380 3006 1720 3081 κρεμαμένου
1779 3005 1943 3061 αὐτοῦ

290 3089 379 3146 ἓπί
412 3095 512 3146 τοῦ
566 3095 797 3164 σταυροῦ
845 3086 922 3146 ἔτι
956 3093 1090 3166 (28),
1121 3093 1188 3148 τὰ
1222 3093 1317 3166 μὲν
1353 3096 1610 3167 μνήματα
1637 3093 1943 3171 ἠνοίγοντο,

287 3179 379 3235 καὶ
432 3180 489 3234 οἱ
541 3178 593 3233 ἐν
637 3178 821 3242 αὐτοῖς
866 3178 1107 3254 κείμενοι
1140 3180 1427 3251 ἐσώζοντο⁸
1462 3183 1489 3236 6
1521 3180 1578 3238 δὶ
1606 3183 1945 3259 κρεμάμενος

188 3284 193 3289 '
289 3266 501 3343 λῃστὴς
564 3266 833 3323 ἐπίστευεν
895 3269 972 3331 είς
1030 3270 1207 3326 αὐτόν·
1256 3268 1348 3326 ’ίνα
1398 3267 1558 3346 δείξῃ.
1608 3272 1690 3328 ὅτι
1720 3277 1799 3346 τῷ
1831 3268 1945 3329 ὄντι

294 3360 494 3432 Σωτήρ
548 3357 681 3412 ἐστι’
739 3359 829 3412 καὶ
876 3357 1184 3429 ἀποθανὼν,
1232 3363 1301 3433 τῇ
1359 3358 1534 3415 πίστει
1588 3367 1944 3441 καρποφορεῖ.

284 3445 413 3502 Ἐπὶ
444 3444 663 3508 τούτοις
694 3444 936 3516 ἐξίστατο
968 3444 1161 3503 λοιπὸν
1190 3446 1417 3519 ἀληθῶς
1467 3449 1495 3503 6
1546 3444 1825 3521 διάϐολος,
1857 3452 1947 3507 καὶ

286 3541 435 3589 πᾶσα
488 3538 684 3589 τοῦτον
739 3533 966 3598 εἰκότως
1023 3539 1135 3611 (29)
1194 3537 1397 3613 ἀπορία
1458 3543 1728 3616 κατεῖ-χενο
1805 3541 1949 3614 ἑώρα

282 3625 389 3699 γεὶρ
426 3622 587 3678 αὑτὸν
620 3621 983 3695 ἀπολέσαντα,
1014 3624 1103 3679 καὶ
1134 3625 1228 3680 τὸν
1263 3625 1464 3700 λῃστὴν
1505 3625 1557 3681 ἐν
1584 3628 1664 3701 τῷ
1713 3633 1947 3703 σταυρῷ,

280 3714 373 3767 καὶ
407 3711 468 3767 δν
519 3710 699 3767 ἔπεισε
744 3713 916 3768 πάλαι
966 3711 1264 3788 λῃστεύειν,
1316 3716 1463 3793 ἑώρα
1509 3721 1699 3773 τοῦτον
1726 3717 1946 3774 πιστεύ-

287 3819 474 3857 σαντα·
527 3800 617 3856 καὶ
679 3800 736 3855 δν
795 3802 1076 3878 παρώξυνε
1134 3804 1503 3883 βλασφημεῖν,
1556 3810 1746 3862 τοῦτον
1807 3808 1950 3883 ἑώρα

288 3895 703 3967 προσκυνοῦντα
745 3892 835 3945 τὸν
884 3892 1104 3968 Κύριον,
1153 3892 1246 3948 καὶ
1294 3893 1697 3966 ἐπιπλήττοντα
1752 3896 1951 3970 καὶτῷ

288 3977 455 4052 ἄλλῳ
511 3978 710 4053 λῃστῇ,
773 3978 985 4053 μᾶλλον
1046 3978 1104 4037 δὲ
1149 3986 1229 4055 τῷ
1277 3981 1329 4038 ἐν
1370 3987 1449 4055 τῷ
1478 3982 1651 4059 λῃστῇ
1685 3981 1947 4059 διαϐόλῳ.

289 4066 595 4143 Ἐτρύχετο
626 4065 685 4123 δὶ
725 4068 916 4143 πάλιν,
948 4067 1035 4125 δτι
1066 4069 1125 4125 ὅν
1157 4070 1233 4134 ὡς
1263 4068 1468 4147 λῃστὴν
1498 4072 1793 4145 ἀπέκτεινε,
1823 4078 1951 4129 τοῦ-

289 4176 383 4211 τον
415 4155 584 4212 πάλιν
619 4157 1056 4236 μεταφερόμενον
1086 4158 1231 4237 δώρα
1262 4159 1314 4216 ἐν
1341 4182 1422 4234 τῳ
1452 4159 1782 4238 παραδείσῳ.

361 4248 454 4303 24.
506 4246 685 4322 Ὁρῶν
736 4244 794 4301 δὲ
840 4246 931 4302 καὶ
978 4253 1153 4304 πᾶσαν
1188 4249 1351 4305 αὐτοῦ
1378 4250 1478 4321 τὴν
1509 4251 1814 4309 πανοπλίαν
1869 4251 1950 4329 ῥι-

292 4340 504 4412 Ῡεῖσαν,
534 4335 622 4390 καὶ
656 4335 739 4390 ’ὁτι
773 4335 873 4391 οῦκ
899 4339 964 4406 ἦν
999 4336 1336 4411 ἀμυντήριον
1383 4341 1625 4417 πεμφθὲν
1670 4340 1796 4417 παρ’
1852 4339 1952 4397 αὖ·

292 4428 412 4493 τοῦ,
462 4424 496 4479 ὅ
550 4425 628 4497 μὴ
682 4424 961 4500 ἠκύρωσεν
1013 4426 1041 4480 6
1090 4426 1309 4502 Κύριος,
1358 4433 1494 4483 κατὰ
1540 4428 1601 4483 τὸ
1632 4428 1950 4505 γεγραμμέ-

295 4530 408 4566 νον·
447 4537 468 4564 ε
525 4516 638 4566 Τοῦ
694 4514 895 4590 ἐχθροῦ
954 4512 1199 4585 ἐξὲλιπον
1249 4515 1304 4571 αἱ
1357 4513 1619 4594 ῥομφαῖαι
1662 4517 1737 4580 είς
1768 4515 1951 4588 τέλος,

2053 1928 2212 1983 enim
2245 1929 2528 1999 medicus,
2557 1933 2709 2003 quod
2730 1950 2911 1989 sanus
2940 1935 3066 2007 ipse
3098 1936 3195 2004 sit,
3219 1938 3485 1996 medicus
3526 1956 3706 2013 agno-

2052 2021 2285 2085 scetur;
2319 2018 2431 2075 nisi
2464 2019 2616 2076 circa
2670 2027 2915 2094 aegrotos
2946 2040 3114 2080 suam
3175 2025 3446 2083 exhibeat
3474 2035 3656 2086 artem
3685 2051 3698 2102 ;

2053 2109 2111 2161 et
2141 2105 2228 2161 sol
2252 2123 2366 2163 non
2398 2108 2447 2163 si
2477 2108 2535 2163 in
2588 2126 2651 2165 se
2694 2110 2890 2167 radios
2946 2113 3271 2181 contrahat,
3318 2132 3421 2187 pro
3479 2118 3702 2177 lumine

2056 2200 2491 2267 agnosceretur,
2526 2198 2639 2253 nisi
2663 2214 2765 2271 per
2793 2200 2991 2257 orbem
3033 2201 3167 2258 illos
3198 2203 3704 2282 diifundatﬁisque

2054 2285 2326 2341 tenebras
2382 2285 2659 2345 illustret.
2720 2288 2804 2344 Ita
2825 2306 3055 2362 quoque
3111 2291 3395 2351 Dominus
3425 2312 3537 2352 non
3574 2315 3702 2355 sese

2056 2372 2285 2429 salvum
2315 2374 2481 2432 fecit:
2513 2393 2650 2433 nam
2683 2377 2871 2434 salute
2933 2396 3048 2435 non
3079 2381 3284 2454 egebat
3314 2383 3413 2455 qui
3441 2384 3705 2444 Salvator

2054 2463 2338 2519 essetzeed
2370 2480 2473 2536 per
2502 2466 2785 2523 beneficia
2815 2466 2945 2524 aliis
2970 2468 3182 2525 collata
3209 2470 3439 2528 volebat
3467 2475 3539 2532 ab
3580 2494 3704 2533 om-

2055 2552 2234 2609 nibus
2263 2553 2530 2611 Salvator
2557 2557 2815 2628 agnosci.
2864 2559 2969 2612 Sed
3006 2574 3109 2613 nec
3166 2575 3232 2614 ex
3262 2577 3431 2616 cruce
3462 2564 3707 2620 descen-

2055 2642 2269 2711 dendo,
2300 2643 2485 2699 voluit
2518 2645 2679 2700 nosci
2741 2644 2918 2701 Filius
2950 2646 3178 2717 Dei,sed
3202 2646 3262 2703 in
3293 2666 3361 2705 ea
3391 2656 3703 2710 manendo.

2055 2730 2332 2802 Majorem
2389 2732 2544 2788 enim
2580 2734 2753 2789 {idem
2788 2733 3165 2807 salutemque
3196 2752 3356 2793 more
3385 2738 3704 2797 Salvatoris

2055 2820 2223 2875 aiiert
2268 2820 2632 2889 hominibus,
2692 2839 2870 2894 quam
2934 2825 3229 2881 attulisset
3284 2827 3603 2884 descensus
3636 2833 3704 2886 de

2056 2926 2248 2965 cruce.
2281 2910 2445 2966 Certe
2468 2912 2758 2983 pendente
2785 2912 2979 2968 adhuc
3012 2913 3070 2967 in
3104 2930 3275 2970 cruce
3311 2917 3704 2985 Domino,mo-

2055 3003 2340 3054 numenta
2371 3000 3019 3073 aperiebantar,quique
3051 3002 3109 3057 in
3143 3003 3214 3059 iis
3238 3004 3512 3075 jacebant
3562 3007 3708 3063 salvi

2056 3086 2629 3145 efﬁciebanturzlatro
2661 3094 2857 3146 autem
2890 3108 3217 3163 suspensus
3256 3093 3314 3149 in
3361 3094 3553 3167 ipsum
3581 3113 3711 3153 cre—

2057 3174 2241 3243 didit;
2270 3180 2335 3231 ut
2354 3176 2549 3249 palam
2582 3179 2794 3235 faceret
2824 3196 2887 3236 se
2908 3196 3103 3237 revera
3142 3182 3498 3239 Salvatorem
3539 3203 3666 3242 esse
3692 3206 3704 3244 :

2058 3268 2232 3335 atque
2260 3266 2517 3322 moriens
2546 3267 2680 3323 fidei
2712 3268 2968 3325 fructum
2993 3270 3444 3343 multiplicabat.
3478 3276 3560 3329 Ad
3589 3274 3707 3331 haec

2057 3370 2199 3409 sane
2227 3355 2531 3428 obstupuit
2561 3358 2854 3428 diabolus,
2887 3376 3242 3434 summaque
3272 3362 3575 3431 anxietate,
3606 3382 3709 3421 nec

2058 3442 2374 3515 immerito,
2407 3450 2708 3518 correptus
2742 3447 2870 3518 fuit,
2906 3449 3045 3504 dum
3080 3454 3342 3507 cerneret
3374 3467 3436 3507 se
3467 3452 3523 3506 in
3579 3470 3705 3523 per-

2057 3530 2270 3588 niciem
2304 3532 2697 3603 ire,latronem
2721 3553 2853 3593 vero
2876 3538 2936 3593 in
2987 3554 3179 3610 cruce,
3207 3540 3299 3595 cui
3321 3539 3460 3596 olim
3484 3541 3702 3597 furtum

2058 3626 2345 3692 suaserat,
2378 3624 2610 3680 credere
2652 3642 2665 3679 :
2702 3642 2991 3697 quemque
3050 3628 3122 3683 ad
3178 3628 3707 3699 blasphemandum

2059 3709 2395 3775 concitarat,
2428 3712 2591 3783 ;vidit
2648 3713 2889 3770 adorare
2947 3715 3287 3783 Dominum,
3346 3716 3713 3790 alterumque

2059 3796 2348 3855 latronem
2375 3800 2698 3873 increpare,
2733 3803 2851 3858 imo
2904 3806 3105 3875 potius
3138 3806 3195 3860 in
3230 3804 3455 3861 latrone
3514 3808 3711 3863 diabo-

2060 3885 2204 3944 lum.
2264 3889 2737 3946 Excruciabatur
2793 3891 3030 3958 iterum,
3091 3894 3245 3963 quod
3305 3909 3502 3965 quem,
3538 3902 3602 3951 ut
3631 3900 3686 3951 la

2060 3980 2287 4033 tronem
2320 3978 2633 4051 occiderat,
2692 3979 2965 4036 eumdem
3034 3980 3256 4037 videret
3281 3982 3340 4037 in
3362 3984 3702 4057 paradisum

2060 4066 2385 4123 transferri.

2131 4243 2221 4299 24.
2256 4242 2475 4299 Videns
2507 4248 2699 4301 autem
2732 4245 2932 4302 omnia
2954 4263 3062 4303 sua
3095 4264 3261 4306 arma
3291 4250 3539 4323 dejecta,
3599 4254 3723 4311 nul-

2064 4332 2311 4406 lumque
2342 4351 2376 4390 a
2404 4351 2467 4391 se
2502 4336 2837 4392 immissum
2871 4338 3055 4395 fuisse
3084 4338 3182 4396 teli
3205 4345 3577 4417 genus,quod
3604 4363 3718 4402 non

2067 4424 2164 4478 76
2195 4428 2349 4479 esset
2385 4442 2420 4480 a
2476 4424 2725 4482 Domino
2780 4428 3171 4498 confractum,
3215 4433 3716 4503 quemadmodum

2063 4514 2348 4586 scriptum
2388 4519 2494 4571 est:
2524 4514 2779 4571 «Inimici
2813 4517 3150 4575 defecerunt
3177 4520 3413 4579 framea
3435 4522 3493 4580 in
3518 4525 3719 4591 finem,

295 4601 383 4653 καὶ
436 4599 633 4663 πόλεις
689 4600 966 4670 καθεῖλες,
1020 4626 1048 4653 n
1099 4600 1189 4658 διὰ
1235 4608 1397 4660 τοῦτο
1448 4604 1769 4682 ἐταράσσετο
1814 4608 1946 4681 (30),

2062 4611 2115 4661 et
2144 4602 2410 4659 civitates
2443 4604 2788 4661 destruxisti
2814 4605 2861 4640 7‘
2884 4628 2912 4655 »
2939 4606 3069 4663 ideo
3102 4612 3490 4670 conturbatus
3536 4620 3593 4669 et
3622 4632 3723 4670 an-

294 4687 383 4742 ui
437 4688 686 4762 ἀπορῶν,
755 4690 1050 4767 πεπείρακε
1107 4691 1302 4748 λοιπὸν
1363 4691 1551 4750 δοῦναι
1608 4699 1688 4767 τῷ
1738 4702 1959 4770 Σωτῆρι

298 4783 440 4832 πιεῖν
494 4777 616 4848 ὄξος
676 4781 812 4852 μετά
855 4779 1055 4856 χολῆς·
1100 4780 1250 4838 ἀλλᾶ
1292 4783 1383 4838 καὶ
1423 4788 1584 4840 τοῦτο
1618 4791 1735 4849 καθ’
1767 4784 1959 4840 ἑαυτοῦ

302 4867 708 4937 κατασκευάζων
771 4869 982 4944 ἠγνόει.
1034 4871 1105 4925 Τὸ
1150 4871 1250 4948 γὰρ
1294 4874 1487 4948 πικρὸν
1516 4879 1616 4944 τῆς
1648 4873 1842 4950 ὀργῆς,
1898 4874 1961 4929 τὸ

306 4951 391 5010 διὰ
434 4958 536 5025 τήν
589 4952 891 5032 παράϐασιν
937 4962 1036 5014 τοῦ
1082 4959 1253 5034 νόμου
1296 4960 1607 5039 γενόμενον,
1654 4961 1778 5034 ἒνῷ
1827 4964 1961 5018 πάν-

305 5062 394 5107 τας
452 5053 730 5123 κατεῖχεν,
779 5046 1038 5105 ἀπεδίδου
1083 5056 1164 5124 τῷ
1217 5058 1459 5129 Σωτῆρι’
1510 5054 1598 5109 καὶ
1668 5048 1963 5127 λαμϐάνων

306 5131 506 5195 ικεῖνος
539 5134 802 5206 ἀνήλισκε
829 5137 919 5191 καὶ
950 5137 1211 5212 ἐξεκένου,
1239 5136 1332 5197 ’ίνα
1362 5142 1475 5198 ἀντὶ
1520 5143 1615 5218 μὶν
1662 5146 1759 5197 τοῦ
1807 5136 1964 5214 ὄξους

370 5286 419 5324 ⁷⁸
447 5289 604 5347 Psal.
637 5306 715 5357 rx,
744 5291 800 5347 7.

372 5454 487 5536 (εἴ)
518 5461 757 5536 Resina.

310 5530 422 5620 alii,
440 5530 767 5620 ἰγίνωὶ-κον.
789 5607 806 5620 .
827 5530 989 5594 Infra
1016 5530 1077 5620 in
1127 5542 1477 5620 Regiqpost
1505 5541 1802 5620 σωτηρίαν,
1860 5561 1957 5603 εο-

312 5606 499 5691 cunda
515 5623 723 5691 meum
735 5607 809 5665 ad
834 5610 1166 5691 marginem
1197 5606 1455 5691 additur,
1486 5615 1577 5673 καὶ
1610 5606 1778 5689 (dictv.

378 5675 486 5751 (28)
515 5675 658 5754 Ἑτι,
686 5679 855 5739 deest
890 5681 953 5740 in
972 5675 1325 5758 'Angliceno.

856 5460 1069 5535 ἰνωσκε,
1130 5468 1390 5529 secunda
1419 5487 1622 5530 manu.
1685 5468 1841 5529 Edili
1908 5475 1968 5530 et

2066 4693 2219 4763 xius,
2254 4692 2611 4749 Salvatorem
2668 4694 2906 4749 demum
2966 4698 3211 4754 tentavit
3240 4704 3439 4771 potare
3502 4702 3629 4759 felle
3673 4710 3730 4759 et

2070 4786 2269 4838 aceto:
2305 4782 2406 4837 sed
2437 4781 2749 4853 ignorabat
2780 4782 3040 4856 idipsum
3073 4786 3133 4841 in
3194 4803 3321 4845 sese
3350 4789 3563 4847 moliri.
3626 4792 3726 4847 Irae

2072 4871 2288 4944 quippe
2314 4870 2692 4926 acerbitatem
2722 4887 2789 4926 ex
2822 4875 3294 4946 transgressione
3343 4878 3490 4951 legis
3552 4881 3729 4935 obor-

2073 4965 2214 5028 tam,
2247 4959 2305 5014 in
2340 4976 2457 5032 qua
2490 4959 2787 5015 detinebat
2825 4962 3153 5034 universos,
3212 4966 3496 5023 Salvatori
3555 4970 3731 5024 tradi-

2073 5051 2160 5106 dit
2193 5067 2205 5106 :
2238 5066 2415 5122 quam
2451 5047 2550 5104 ille
2610 5054 2907 5121 acceptam
2948 5054 3279 5126 assumpsit
3307 5061 3363 5111 et
3410 5060 3729 5131 evacuavit,

2074 5144 2141 5198 ut
2169 5155 2273 5214 pro
2309 5142 2498 5207 aceto,
2532 5137 2687 5209 quod
2738 5137 2976 5195 miscuit
3005 5142 3299 5213 sapientia
3325 5143 3527 5203 vinum
3560 5148 3732 5205 nobis

2148 5465 2261 5546 (29)
2289 5458 2754 5546 Ei_a619_c_,_deest
2781 5464 2840 5546 in
2869 5464 3096 5546 _Angli_c.
3138 5464 3291 5546 Mos,
3319 5468 3552 5544 Regius,
3588 5469 3732 5546 ἑώρα

2068 5535 2165 5616 γὰ’
2204 5535 2415 5595 ἔαυτόν.
2447 5538 2599 5594 Editi
2629 5554 2784 5605 vero,
2818 5535 2995 5614 δώρί
3029 5540 3093 5615 ἂρ
3123 5535 3306 5598 αὐτόν.

2138 5559 2250 5669 ῗ30)
2278 5609 2652 5669 Anglicanus.
2686 5605 2775 5664 διὰ
2801 5613 2963 5667 τοῦτο
2989 5559 3054 5669 6t
3085 5610 3231 5669 ἑτάρ.

2160 5612 2250 5685 30)
2278 5609 2652 5684 Anglicanus,
2686 5605 2775 5664 διὰ
2801 5605 2963 5667 τοῦτο
2996 5605 3231 5686 8ὶ’ἑτάρ.
