2068 3109
207 166 267 198 22⁸1
799 165 832 195 S.
854 162 1114 194 ATHANASIUS.
1129 179 1167 184 —
1182 162 1313 194 DUBIA.
1851 163 1910 194 238

207 231 369 269 potandum
384 230 485 258 daret:
516 237 568 266 pro
583 229 659 265 felle,
675 229 790 266 eloquia
820 229 907 257 melle
919 231 948 257 et
962 229 1027 256 favo

1088 227 1114 254 ὅν
1130 227 1252 265 ἐκέρασεν
1277 228 1349 255 οἶνον
1373 228 1390 262 ἡ
1417 227 1497 267 σοφία
1519 228 1617 265 ποτίσῃ
1641 229 1724 264 ἡμᾶς·
1741 228 1800 256 ἀντὶ
1816 227 1845 256 δὶ
1859 232 1910 264 τῆς

208 276 340 305 dulciora
356 275 441 303 nobis
457 274 635 310 impertiret:
652 276 680 302 et
694 281 746 310 pro
761 282 795 302 eo
823 273 900 310 quod
931 276 1031 301 nostra

205 322 364 358 gustasset,
376 319 460 347 nobis
476 318 602 347 diceret:
624 330 638 344 «
653 319 773 346 Gustata
791 320 820 346 et
833 318 937 352 videte,
958 326 1030 353 quo-

205 366 285 394 niam
301 364 399 393 suavis
414 366 458 391 est
473 363 616 391 Dominus
630 364 680 392 75.»
697 363 732 391 Ut
743 366 841 391 autem
856 370 889 391 eo
914 362 1029 396 excidit,

205 412 292 446 atque
306 408 448 444 spoliatus
463 410 517 441 est,
532 407 704 444 pudefactus
720 408 848 443 demum,
874 407 978 436 incidit
1000 407 1030 434 in

206 454 335 490 aliquam
351 452 559 488 suspicionem,
575 452 645 479 dum
661 451 732 480 talia
746 454 888 486 cerneret,
905 460 937 479 se
952 451 1030 480 scili-

207 501 321 532 cet,non
334 499 435 525 contra
447 496 663 531 hominem,sed
676 500 776 524 contra
785 499 874 524 Deum
889 503 1029 532 pugnare.

205 543 331 571 Videbat
344 542 422 570 enim
446 542 555 577 quibus
570 541 600 569 in
615 541 703 570 rebus
718 549 822 569 omnes
837 548 939 577 capere
967 542 1030 567 ten-

205 589 290 623 taret,
307 587 336 615 in
351 587 456 614 iisdem
477 594 507 614 se
532 587 643 623 pudore
657 586 745 620 afﬁci,
781 586 932 622 magisque
959 583 1030 617 labi,

206 641 295 669 quam
312 632 435 667 dejicere
452 631 533 659 alios:
555 631 732 667 demumque
747 631 881 660 secedere
898 629 1030 662 tentavit,

206 685 240 706 ac
255 676 393 713 fugiendo
408 678 489 712 terga
504 676 582 704 dare.
596 678 669 704 Dum
679 676 757 704 enim
772 683 839 703 eum
853 681 1030 710 suspensum

206 723 337 750 cerneret
351 723 474 748 mortem
498 720 690 748 nihilominus
707 719 853 756 persequi,
869 719 967 747 timuit
995 726 1032 746 ne

206 767 254 794 hic
269 768 348 794 esset
363 766 398 793 de
413 773 470 800 quo
500 764 643 801 scriptum
658 767 718 793 est:
730 763 910 792 Exaltabitur
934 761 1031 790 Domi-

208 819 275 844 nus,
292 813 325 838 ut
340 810 514 838 misereatur
528 809 632 837 nostri.
646 809 713 841 Quae
730 817 819 837 causa
834 809 906 841 erat,
923 808 954 835 ut
968 814 1031 834 om-

207 856 256 884 nia
271 855 436 891 relinquere
450 857 479 882 et
503 855 602 890 fugere
616 854 741 890 pararet,
756 852 892 880 invidens
906 851 942 880 iis
958 859 1032 887 quos

207 900 366 928 miseratus
398 899 446 926 ille
461 900 549 927 esset.
579 898 635 926 Sed
651 897 793 926 Dominus
807 904 874 925 vere
889 895 1030 929 Salvator,

1085 271 1176 309 χολῆς
1191 273 1224 299 τὰ
1237 272 1389 310 γλυκύτερα
1413 272 1479 310 ὑπὲρ
1505 272 1568 309 μέλι
1592 273 1636 300 καὶ
1651 272 1746 310 κηρίον
1761 273 1841 311 λόγια
1856 283 1911 310 χα-

1086 315 1193 354 ρίσηται
1217 317 1296 353 ἡμῖν·
1322 317 1367 344 καὶ
1388 317 1446 344 ἀνθ’
1472 318 1508 344 ὧν
1534 316 1614 348 αὐτὸς
1630 317 1755 355 ἐγεύσατο
1769 317 1803 344 τὰ
1817 319 1909 353 ἡμῶν,

1085 360 1147 397 εἴπῃ
1167 360 1212 388 καὶ
1236 362 1315 397 ἡμῖν’
1342 373 1355 387 ‹‹
1383 361 1523 396 Γεύσαπῦε,
1544 362 1589 389 καὶ
1606 360 1684 396 ἶἓετιε,
1701 361 1743 389 ὅτι
1757 361 1879 399 χρηστὸς
1894 361 1908 388 ὁ

1085 404 1194 442 Κύριος.
1223 418 1237 432 ››
1267 405 1312 436 Ὦς
1334 404 1362 432 δὲ
1386 404 1431 433 καὶ
1455 405 1552 433 τούτου
1569 405 1673 442 ἐξέπεσε
1688 405 1733 433 καὶ
1750 405 1909 440 ἐσκυλιύθη,

1083 449 1289 487 καταισχυνθεὶς
1306 448 1412 484 λοιπὸν,
1428 450 1530 487 ὑποψία
1556 450 1635 477 αὐτόν
1661 460 1703 481 τις
1729 450 1813 488 εἶχεν,
1838 450 1909 488 ὁρῶν

1084 495 1118 521 τὰ
1131 494 1293 529 τηλικαῦτα,
1307 494 1348 522 δτι
1364 494 1395 522 οὐ
1411 495 1479 532 πρὸς
1496 493 1648 533 ἄνθρωπον,
1665 494 1738 522 ἀλλὰ
1759 494 1828 532 πρὸς
1843 498 1907 522 Θεον

1085 539 1275 577 ἇντιμᾶχεται.
1305 539 1396 577 Ἑώρα
1424 539 1476 577 γὰρ
1505 539 1531 567 ἐν
1561 539 1598 570 εἷς
1628 539 1690 570 τοὺς
1719 539 1819 570 πάντας
1845 539 1910 575 ἐθή-

1086 593 1170 621 ρευεν,
1197 583 1224 611 ἐν
1245 583 1353 615 τούτοις
1378 584 1470 611 ἐαυτὸν
1486 583 1748 622 καταισχυνόμενον,
1770 585 1813 611 καὶ
1842 583 1912 621 μᾶλ-

1085 626 1133 655 λον
1158 628 1302 665 πίπτοντα,
1326 629 1344 663 ἢ
1369 626 1587 656 καταϐάλλοντα·
1611 628 1654 656 καὶ
1671 627 1766 656 λοιπὸν
1783 628 1912 667 ἐπειρᾶτο

1085 675 1272 710 παραχωρεῖν,
1300 672 1345 701 καὶ
1370 675 1442 701 νῶτα
1469 671 1570 700 διδόναι
1585 672 1620 710 τῇ
1632 675 1716 712 φυγῇ.
1744 673 1828 710 Ὁρῶν
1857 673 1911 711 γὰρ

1085 716 1164 744 αὐτὸν
1189 717 1372 755 κρεμάμινον,
1397 717 1443 745 καὶ
1471 716 1604 745 διώκοντα
1631 718 1676 744 τὸν
1694 718 1818 752 θάνατον,
1847 717 1912 756 ἐφο-

1086 759 1158 797 ϐήθη
1186 762 1223 799 μὴ
1247 762 1326 793 οὗτός
1349 762 1415 798 ἐστι,
1430 762 1493 800 περὶ
1509 761 1540 790 οὗ
1567 761 1727 800 γέγραπται-
1757 763 1911 799 Ὺψωθήσε-

1084 816 1128 833 ται
1145 806 1241 844 Κύριος
1265 809 1314 835 τοῦ
1338 805 1459 841 ἐλεῆσαι,
1476 807 1562 843 ἡμᾶς.
1579 806 1629 835 Καὶ
1645 806 1689 834 διὰ
1702 808 1782 834 τοῦτο
1801 806 1911 843 μᾶλλον

1085 849 1174 886 ἐζήτει
1198 850 1285 879 πάντα
1308 851 1478 886 καταλιπεῖν,
1503 851 1549 878 καὶ
1576 854 1681 890 φυγιῖν,
1714 851 1818 890 φθονῶν
1850 853 1910 882 τοῖς

1086 893 1317 932 ἐΛεηθησομὲνοις
1345 896 1408 933 παρ’
1437 895 1530 923 αὐτοῦ·
1560 894 1635 924 Ἀλλ’
1664 896 1678 923 ὁ
1709 895 1819 934 Κύριον,
1840 896 1911 932 6τῷ

207 945 309 973 nolens
323 952 389 972 eum
406 944 528 971 illaesum
545 943 636 977 ahiro,
652 950 705 970 nec
729 941 931 978 imperfectum
957 948 1031 976 opus

1088 927 1150 967 ἕντι.
1171 927 1281 977 έωτήρ,
1311 940 1341 967 ού
1367 927 1454 972 θέλων
1479 940 1559 967 αὐτὸν
1581 939 1708 972 ἀπελθεῖν
1734 927 1823 975 ἀπαθῆ
1848 927 1912 967 ούδὶ

207 990 350 1023 deserere,
362 996 456 1024 neque
471 997 532 1022 eos,
548 988 598 1023 qui
613 987 642 1014 in
663 986 775 1015 inferno
791 988 885 1020 erant,
911 984 1031 1013 inimico

207 1034 356 1063 dedititios
370 1034 546 1069 relinquere,
563 1041 670 1070 magno
686 1031 872 1068 mirabilique
890 1032 1031 1067 stratege-

207 1083 285 1108 mate
300 1088 373 1108 usus
387 1082 441 1107 est.
458 1080 528 1106 Cum
545 1078 623 1106 enim
639 1078 780 1106 audacem
795 1075 888 1111 ,illum
918 1074 1031 1111 percul-

207 1132 284 1158 sum,
299 1125 471 1152 trementem
488 1125 516 1150 et
532 1122 738 1150 formidantem
753 1121 896 1154 cerneret,
912 1126 1031 1146 rursum

208 1177 240 1197 so
254 1168 388 1197 decidere
404 1167 535 1202 simulat,
550 1169 584 1194 ut
597 1166 783 1194 accedentem
799 1163 1030 1197 inimicum,om-

207 1213 277 1242 nino
294 1212 546 1247 subigeret.i)raco
556 1210 634 1238 enim
651 1209 768 1237 nolebat
778 1208 852 1236 mori
862 1207 1031 1241 Dominum,

210 1260 262 1286 aut
277 1257 403 1293 pendere
419 1257 446 1283 in
464 1256 554 1291 ligno,
571 1255 621 1282 sed
636 1254 755 1290 optabat
781 1255 814 1281 ut
829 1252 970 1280 Dominus
985 1252 1032 1279 de-

208 1303 360 1330 scenderet
375 1301 410 1328 de
428 1308 523 1332 cruce,
549 1302 578 1327 et
593 1307 650 1327 non
665 1300 827 1326 moreretur
842 1306 849 1331 ;
863 1299 914 1324 aut
932 1296 957 1323 si
974 1304 1030 1323 non

210 1346 422 1378 descendisset,
439 1349 470 1372 ut
486 1346 617 1371 maneret
632 1344 662 1371 in
678 1351 763 1371 cruce
779 1341 962 1378 quidem,scd
973 1347 1032 1368 nOn

209 1394 380 1419 moreretur.
399 1389 540 1416 Metuebat
554 1389 643 1422 enim,
659 1395 694 1415 ne
706 1388 733 1415 id
749 1387 830 1414 ﬁeret
856 1386 933 1422 quod
963 1384 1033 1412 scri-

209 1437 293 1471 ptum
308 1437 369 1462 est:
384 1446 397 1459 ι(
413 1434 540 1470 Spiritus
557 1432 670 1460 Domini
685 1440 774 1468 super
807 1439 863 1464 me,
879 1432 925 1466 ;eo
953 1429 1031 1465 quod

211 1479 327 1507 unxerit
343 1487 399 1512 me,
415 1477 612 1513 evangelizare
627 1475 807 1513 pauperibus
823 1475 904 1502 misit
919 1482 976 1507 me,
1005 1474 1033 1501 et

209 1524 367 1559 pradicare
383 1522 504 1558 captivis
520 1521 734 1555 remissionem,
751 1523 780 1548 et
796 1520 880 1548 caecis
895 1519 976 1547 visus
986 1525 1033 1546 rec

209 1567 392 1596 stitutionem
404 1568 436 1593 ⁷³.
455 1578 467 1590 ›ι
485 1566 678 1598 Quamobrem
698 1566 896 1598 metuebat,ne
908 1563 955 1590 hic
985 1562 1033 1589 ille

1087 983 1179 1015 ἀτελὲς
1203 985 1234 1011 τὸ
1263 982 1342 1022 ἔργον
1369 984 1541 1021 καταλεῖψαι,
1571 983 1634 1012 οὐδὲ
1660 984 1723 1016 τοὺς
1746 984 1773 1012 ἐν
1797 985 1837 1021 τῷ
1860 982 1912 1021 ᾅδῃ

1087 1027 1212 1060 ἐκδότους
1237 1028 1344 1068 ἀφεῖναι
1367 1031 1406 1065 τῷ
1429 1029 1533 1067 ἐχθρῷ,
1562 1028 1746 1067 ἐστρατήγησε
1776 1029 1842 1067 μέγα
1865 1028 1911 1057 καὶ

1086 1073 1237 1110 θαυμαστὸν
1282 1072 1371 1111 ἔργον·
1416 1074 1503 1110 Ὁρῶν
1541 1072 1591 1112 γὰρ
1632 1073 1711 1101 αὐτὸν
1755 1074 1911 1109 καταπτήσ-

1087 1128 1166 1145 σον-α
1192 1118 1259 1155 (31),
1281 1118 1326 1145 καὶ
1348 1119 1495 1156 τρέμοντα,
1518 1118 1563 1145 καὶ
1580 1116 1724 1146 διελιῶντα
1738 1118 1783 1146 τὸν
1800 1117 1911 1156 Θρασὺν,

1086 1161 1168 1190 πάλιν
1198 1162 1236 1193 ὡς
1262 1162 1422 1190 ὑποπίπτων
1445 1162 1712 1200 σχηματίζεται,“ίνα
1726 1162 1912 1202 προσελθόντα

1085 1207 1131 1234 τὸν
1161 1206 1257 1245 ἐχθρὸν
1284 1206 1376 1234 τέλεον
1402 1207 1580 1245 χειρώσηται.
1605 1210 1632 1235 Ὁ
1656 1208 1702 1244 μὶν
1727 1207 1777 1246 γὰρ
1804 1206 1910 1245 δράκων

1087 1251 1136 1279 οὐκ
1165 1250 1261 1286 ἤθελεν
1284 1251 1462 1287 ἀποθνήσκειν
1487 1253 1531 1280 τὸν
1559 1252 1668 1290 Κύριον,
1695 1251 1757 1280 οὐδὲ
1771 1253 1910 1290 κρεμάμε-

1086 1307 1132 1323 νον
1164 1296 1207 1324 ἐπὶ
1229 1296 1308 1331 ξύλον
1334 1298 1403 1333 (32)·
1430 1297 1474 1324 καὶ
1497 1296 1581 1332 ἤθελε
1611 1298 1658 1334 μὲν
1682 1295 1832 1332 καταϐῆναι
1861 1298 1909 1325 τὸν

1087 1340 1183 1377 Κύριον
1209 1341 1261 1368 ἀπὸ
1275 1343 1324 1368 τοῦ
1341 1344 1456 1379 σταυροῦ
1471 1341 1515 1368 καὶ
1534 1341 1572 1378 μὴ
1589 1342 1743 1369 ἀποθανεῖν·
1775 1342 1797 1369 εἰ
1814 1340 1843 1369 δὲ
1869 1342 1908 1378 μή

1085 1382 1235 1422 κατέϐαινε,
1263 1384 1311 1413 κᾶν
1337 1385 1425 1422 μένειν
1452 1385 1532 1413 αὐτὸν
1558 1385 1652 1417 ἁπλῶς
1675 1386 1718 1414 ἐπὶ
1742 1388 1791 1414 τοῦ
1814 1385 1910 1423 ξύλου⁹

1086 1429 1131 1457 καὶ
1160 1429 1240 1466 μόνον
1268 1430 1305 1467 μὴ
1330 1430 1483 1458 ἀποθανεῖν.
1509 1427 1650 1469 Ἐφοςεῖτο
1672 1431 1723 1469 γὰρ
1749 1431 1787 1467 μή
1810 1430 1842 1458 τὸ
1867 1441 1912 1469 γε-

1087 1474 1244 1512 γραμμένον
1267 1473 1387 1512 γίνηται·
1416 1486 1426 1499 ι
1452 1476 1562 1511 Πνεῦμα
1587 1474 1686 1512 Κυρίου
1723 1475 1764 1502 ἐπ⁸
1794 1474 1853 1511 ἐμὲ,
1879 1473 1911 1502 οὗ

1088 1518 1185 1546 ι’ίνεκεν
1202 1517 1294 1557 ἔχρισὲ
1312 1529 1354 1555 με,
1370 1517 1590 1556 εὐαγγελίσασθαι
1613 1522 1738 1557 πτωχοῖς
1760 1518 1912 1547 ἀπέσταλκέ

1090 1573 1133 1599 με,
1159 1563 1204 1590 καὶ
1227 1563 1341 1599 κηρῦξαι
1365 1562 1558 1600 αἰχμαλώτοις
1582 1562 1685 1602 ἄφεσιν,
1709 1563 1825 1600 τυφλοῖς
1850 1562 1913 1591 ἀνά-

210 1614 287 1640 esset
315 1613 422 1638 unctus
436 1614 464 1638 et
480 1611 637 1645 missus,ae
652 1618 687 1637 ne
702 1609 823 1637 demum
838 1608 976 1636 omnibus
1002 1606 1032 1634 1i-

1091 1605 1198 1644 ϐλεψιν.
1224 1619 1239 1633 ››
1263 1607 1312 1635 Καὶ
1337 1605 1381 1634 διὰ
1399 1609 1479 1634 τοῦτο
1502 1605 1637 1646 ἐφοϐήθη,
1655 1608 1692 1644 μή
1710 1606 1787 1639 οὗτός
1811 1607 1882 1636 ἐστιν
1899 1608 1914 1635 ὁ

210 1656 307 1685 bertas
323 1656 405 1683 foret.

246 1744 291 1771 25.
308 1743 449 1770 Omnibus
467 1743 564 1778 itaque
581 1741 848 1777 nudatus,optabet
859 1740 963 1768 inferni
980 1739 1036 1767 sal-

208 1790 266 1816 tem
296 1787 451 1823 imperium
470 1790 578 1814 tenere.
604 1785 668 1813 Alia
691 1785 840 1821 siquidem
855 1785 881 1812 ei
910 1784 1034 1812 formido

208 1835 355 1866 erat,num
370 1833 394 1859 is
410 1834 488 1859 esset
513 1831 562 1866 qui
577 1830 712 1858 tenebras
740 1829 910 1861 illustraret.
926 1829 961 1856 de
976 1837 1034 1864 quo

209 1877 351 1913 scriptum
368 1878 430 1904 est:
446 1887 458 1899 α
476 1873 596 1902 Galilaa
610 1874 751 1910 gentium,
769 1872 895 1908 populus
905 1871 954 1908 qui
971 1880 1032 1899 em-

211 1922 331 1950 hulabat
346 1921 375 1948 in
393 1918 608 1953 tenebris,vidit
622 1919 716 1946 lucem
729 1925 866 1953 magnam
879 1917 930 1944 7".»
949 1916 1034 1943 lllum

211 1966 288 1994 enim
306 1966 440 1993 audierat
467 1964 507 1991 ita
534 1963 716 1999 loquentem:
747 1961 805 1997 Ego
826 1968 891 1988 sum
907 1959 957 1987 lux
969 1960 1001 1986 τυ.
1018 1970 1032 1985 »

211 2011 290 2039 Unde
306 2010 454 2037 metuebat
478 2017 513 2035 ne
530 2010 702 2042 moreretur,
720 2008 747 2034 et
762 2005 825 2042 ipse
840 2013 874 2033 ex
897 2004 1034 2033 omnibus

209 2052 568 2082 exturbareturDominus
584 2059 670 2087 porro
689 2059 755 2079 cum
770 2050 854 2078 illum
870 2049 969 2086 fugam
983 2057 1034 2085 pa-

208 2106 273 2126 rare
289 2099 429 2130 cerneret,
443 2105 478 2124 ne
494 2095 905 2130 elabereturinimious,voces
925 2093 1035 2122 emittit

207 2143 366 2175 humanas,
394 2149 537 2176 vocesque
566 2139 758 2175 inﬁrmitatis,
774 2140 879 2168 aiens:
896 2150 910 2164 «
940 2138 1034 2173 Elohi,

208 2186 301 2220 Elohi,
327 2187 403 2214 lema
433 2184 637 2218 sabachthsni,
651 2184 680 2212 id
696 2186 741 2212 est
755 2186 831 2212 Deus
846 2192 941 2216 meus,
957 2183 1035 2211 Deus

211 2239 305 2263 meus,
323 2234 355 2258 ut
369 2231 436 2266 quid
454 2238 500 2257 me
517 2228 730 2265 dereliquisti'"
740 2228 771 2256 τ»
787 2228 868 2261 Quod
882 2227 947 2256 ideo
957 2228 1034 2263 fecit,

211 2278 244 2303 ut
259 2275 404 2307 diabolus,
420 2283 506 2309 quem
536 2274 572 2301 ut
587 2273 679 2301 Deum
710 2272 926 2305 reformidarat,
955 2272 1035 2300 hunc

211 2322 293 2348 ratus
305 2319 368 2354 jam
385 2318 534 2346 hominem
550 2325 614 2345 esse
634 2316 901 2352 inﬁrmum,fugam
917 2316 1034 2343 cohibe-

211 2367 265 2392 ret.
283 2364 334 2392 His
350 2364 495 2391 adductus
510 2361 630 2390 vocibus
647 2360 893 2389 sceleratissimus
908 2359 968 2394 ille,
998 2360 1035 2388 ad

212 2417 280 2437 eum
296 2409 390 2436 denuo
407 2410 438 2435 ut
455 2406 602 2435 hominem
619 2406 760 2434 accedens
785 2404 952 2433 confractus
980 2406 1035 2432 est.

211 2453 321 2482 Judueis
337 2453 413 2480 enim
431 2455 531 2479 auctor
546 2451 684 2486 fuerat,ut
697 2450 732 2478 ad
749 2457 848 2477 necem
859 2456 926 2476 eum
934 2451 1035 2484 postu-

213 2497 327 2526 larent:
346 2505 450 2532 resque
468 2496 507 2523 illi
525 2497 629 2532 praeter
643 2502 724 2530 spem
743 2493 919 2522 acciditnon
935 2493 965 2520 in
981 2493 1038 2521 alia

215 2543 323 2578 quippe
339 2544 420 2577 parte
437 2549 525 2577 quam
555 2541 584 2568 in
608 2539 696 2568 latere
711 2539 865 2566 confossus
880 2540 935 2572 est,
960 2538 1038 2566 unde

214 2586 336 2623 sanguis
350 2588 377 2614 et
393 2594 468 2621 aqua
494 2584 641 2617 manavit;
663 2586 695 2611 ut
710 2582 848 2619 quoniam
879 2583 960 2618 prius
988 2591 1040 2619 per

213 2631 366 2659 mulierem
382 2639 415 2657 ex
431 2630 520 2657 latere
537 2630 705 2663 formatam,
720 2629 840 2655 venerat
854 2627 1040 2664 deceptio;ita

212 2685 264 2714 per
279 2676 357 2704 latus
372 2676 492 2704 secundi
512 2674 616 2702 Adami
634 2673 796 2708 redemptio
814 2675 843 2700 et
870 2673 1038 2701 emundatio

1090 1651 1213 1689 χρισθεὶς
1238 1652 1283 1679 καὶ
1307 1650 1480 1688 ἀποσταλεὶς,
1502 1652 1547 1679 καὶ
1577 1651 1674 1680 λοιπὸν
1702 1655 1755 1680 τῶν
1787 1653 1914 1680 ἁπάντων

1089 1695 1226 1734 ἐλευθερία
1239 1695 1358 1735 γένηται.

1124 1742 1170 1769 25.
1186 1741 1340 1778 Γυμνωθείς
1355 1740 1400 1768 οὖν
1418 1742 1470 1769 ἀπὸ
1484 1744 1532 1769 τοῦ
1549 1742 1657 1776 παντὸς,
1674 1740 1776 1780 ηὔχετο
1800 1741 1847 1769 κᾶν
1862 1744 1913 1770 τοῦ

1089 1784 1155 1820 ᾃδου
1170 1788 1285 1823 κρατεῖν.
1303 1784 1387 1813 Πάλιν
1403 1786 1453 1825 γὰρ
1475 1783 1610 1825 ἐφοϐεῖτο,
1638 1786 1675 1822 μὴ
1701 1785 1780 1817 οὗτός
1810 1785 1881 1813 ἐστιν
1897 1786 1912 1814 ὁ

1088 1830 1133 1856 καὶ
1161 1829 1192 1856 τὸ
1221 1829 1315 1860 σκότος
1347 1829 1546 1867 καταλάμπων,
1583 1829 1644 1868 περὶ
1685 1829 1716 1857 οὗ
1749 1830 1911 1868 γέγραπται-

1091 1885 1105 1899 ‹‹
1121 1872 1253 1901 Γαλιλαία
1266 1876 1320 1901 τῶν
1337 1874 1427 1910 ἐθνῶν,
1443 1875 1456 1902 ὁ
1487 1874 1552 1906 λαὸς
1577 1875 1590 1902 ὁ
1618 1875 1771 1911 καθήμενος
1796 1875 1821 1902 ἐν
1848 1875 1911 1902 σκό-

1087 1928 1139 1951 τει,
1169 1920 1225 1956 φῶς
1250 1917 1303 1946 εἶδε
1329 1919 1408 1956 μέγα.
1432 1929 1447 1946 »
1475 1919 1523 1946 Καὶ
1551 1919 1602 1957 γὰρ
1630 1919 1674 1946 καὶ
1709 1919 1806 1953 ἤκουεν
1829 1919 1913 1947 αὐτοῦ

1089 1961 1228 2000 λὲγοντος·
1258 1975 1273 1989 ‹‹
1298 1963 1370 2000 Ἐγώ
1394 1963 1451 2000 εἰμι
1476 1964 1507 1991 τὸ
1529 1966 1597 2002 φῶς,
1630 1975 1644 1989 ››
1659 1964 1734 1991 Ὅθεν
1752 1962 1855 1991 ἐδειλία
1871 1965 1912 2001 μὴ

1088 2006 1222 2044 ἀποθάνῃ,
1250 2007 1295 2034 καὶ
1321 2008 1427 2035 πάντων
1454 2006 1587 2043 ἐκϐληθῆ.
1611 2011 1638 2035 ‘0
1662 2007 1691 2035 δὶ
1716 2008 1824 2046 Κύριος,
1840 2009 1913 2045 ὁρῶν

1089 2051 1168 2079 αὐτὸν
1198 2050 1340 2091 φεύγοντα,
1367 2051 1413 2079 ἵνα
1439 2053 1476 2089 μὴ
1511 2055 1592 2080 τοῦτο
1613 2052 1724 2090 γένηται
1750 2053 1796 2080 καὶ
1825 2054 1915 2092 φυγὰς

1089 2095 1192 2133 ἆπξλθῃ
1214 2096 1228 2122 ὸ
1255 2095 1364 2133 ἐχθρὸς,
1389 2097 1480 2134 φωνὰς
1508 2096 1617 2135 ἀφίησιν
1649 2096 1830 2135 ἀνθρωπίνας,
1868 2096 1916 2124 καὶ

1089 2140 1178 2179 φωνὰς
1193 2138 1326 2172 ἀσθενείας
1343 2140 1440 2178 λέγων·
1470 2152 1484 2166 ››
1512 2140 1606 2176 Ἐλωῗ,
1623 2140 1717 2177 Ἐλωῒ,
1735 2140 1812 2177 λημὰ
1828 2138 1917 2168 σαϐα-

1089 2185 1179 2223 χθανί’
1210 2196 1223 2211 ιι
1247 2184 1380 2221 τουτέστι,
1404 2198 1419 2211 ‹‹
1445 2184 1492 2213 Θεέ
1522 2196 1585 2222 μου,
1611 2186 1659 2213 Θεέ
1680 2196 1743 2222 μου²
1760 2185 1801 2212 ἱνᾶ
1828 2185 1855 2213 τί
1880 2196 1917 2222 με

1089 2228 1281 2267 ἐγκατέλιπες;
1308 2241 1322 2254 ››
1337 2228 1386 2256 Καὶ
1400 2228 1481 2256 τοῦτο
1497 2229 1592 2263 ἐποίει,
1613 2228 1659 2256 ἵνα
1683 2229 1697 2256 ὁ
1719 2226 1859 2264 διάϐολος,
1883 2230 1914 2257 δν

1089 2272 1245 2310 κατεπλάγη
1271 2273 1347 2306 Θεὸν,
1370 2275 1467 2300 τοῦτον
1492 2273 1529 2304 ὡς
1553 2274 1692 2311 ἄνθρωπον
1713 2274 1809 2309 ἀσθενῆ
1839 2274 1918 2311 νομί-

1089 2327 1148 2351 σας,
1179 2317 1216 2353 μὴ
1241 2316 1325 2355 φυγὰς
1350 2316 1473 2345 ἀπέλθοι.
1498 2317 1611 2349 Ταύταις
1635 2320 1700 2355 γοῦν
1726 2320 1785 2348 ταῖς
1812 2319 1918 2355 φωναῖς

1090 2360 1222 2397 ὑπαχθεὶς
1250 2361 1263 2387 ὁ
1294 2361 1444 2398 πάγκακος,
1466 2360 1550 2388 πάλιν
1563 2362 1601 2393 ὡς
1627 2362 1762 2399 ἀνθρώπῳ
1777 2361 1920 2399 προσῆλθε

1090 2404 1134 2432 καὶ
1174 2404 1335 2443 κατερῥάγη.
1380 2407 1490 2432 "Emme
1516 2405 1566 2443 γὰρ
1599 2405 1663 2437 τοὺς
1694 2405 1841 2437 Ἰουδαίους
1877 2406 1920 2438 εἰς

1090 2449 1195 2488 σφαγὴν
1212 2448 1290 2476 αὐτὸν
1316 2448 1485 2484 αἰτήσασθαι,
1508 2449 1553 2476 καὶ
1568 2449 1678 2488 γέγονεν
1704 2450 1770 2488 ὅπερ
1786 2450 1817 2478 ού
1832 2461 1920 2488 προσ-

1091 2491 1230 2529 εδόκησενυ
1257 2492 1356 2531 ἐσφάγη
1383 2493 1434 2531 γὰρ
1459 2493 1508 2520 οὐκ
1531 2493 1570 2525 εἷς
1592 2493 1662 2522 ἄλλο
1681 2495 1773 2533 μέρος,
1790 2494 1853 2523 ἀλλ’
1879 2495 1921 2527 εἷς

1091 2540 1141 2574 τήν
1165 2538 1293 2575 πλευρὰν,
1317 2538 1361 2577 ἀφ’
1385 2539 1417 2572 ἧς
1431 2536 1554 2576 ἓῤῥευσεν
1581 2537 1654 2577 ὕδωρ
1688 2539 1732 2567 καὶ
1758 2539 1836 2576 αἷμα·
1861 2539 1920 2576 ἵνα,

1093 2582 1186 2618 ἐπειδὴ
1211 2582 1342 2621 πρότερον
1368 2581 1413 2610 διὰ
1435 2584 1485 2618 τῆς
1508 2582 1538 2611 ἐκ
1552 2583 1672 2622 πλευρᾶς
1687 2583 1855 2620 πλασθείσης
1869 2596 1921 2623 γυ-

1092 2628 1185 2659 ναικὸς
1194 2627 1277 2663 ἦλθεν
1295 2628 1395 2663 ἀπάτη,
1413 2627 1499 2660 οὕτως
1516 2627 1560 2656 διὰ
1573 2632 1623 2663 τῆς
1649 2628 1768 2667 πλευρᾶς
1795 2631 1843 2657 τοῦ
1859 2628 1922 2657 δευε

1093 2674 1172 2711 τέρου
1197 2670 1285 2709 ’Δδὰμ
1319 2671 1418 2710 λύτρον
1448 2672 1494 2700 καὶ
1527 2672 1670 2710 καθάρσιον
1695 2676 1746 2708 τῆς
1783 2674 1920 2712 προτέρας

249 2749 271 2767 ⁷³
287 2747 362 2776 Psal.
380 2755 478 2781 χχχιιι,
494 2747 520 2774 9.
558 2745 580 2763 ¹¹⁶
618 2745 674 2773 Isa.
692 2753 747 2778 Lm,
764 2744 790 2772 i.
805 2745 826 2765 '1'
843 2744 899 2773 Isa.
912 2753 951 2780 xx,
966 2745 993 2779 4,
1008 2745 1032 2774 2.

1095 2745 1181 2774 Joan.
1219 2751 1282 2777 vm.
1322 2745 1399 2773 12."
1435 2747 1522 2773 Marc.
1538 2754 1585 2781 xv,
1623 2745 1668 2773 34.

250 2826 307 2863 (31)
325 2824 430 2860 Regius
446 2825 474 2851 et
487 2821 897 2859 Αοειίοοουο,κο;ταπτήξανταο

1131 2821 1188 2858 (32)
1203 2821 1312 2858 Regius
1326 2823 1355 2850 et
1369 2821 1558 2858 Anglicanus,
1574 2820 1618 2849 ἐπι
1633 2819 1726 2857 ξύλου-
