4136 6218
286 348 409 413 229

1337 346 1439 410 DE
1485 348 1866 413 PASSIONE
1910 348 2010 413 ET
2053 349 2307 413 CRUCE
2356 344 2658 411 DOMINl.

3492 404 3497 409 .
3579 355 3700 414 230

288 485 535 559 ·,’ένηται”
568 480 768 556 λύτρον
832 481 926 554 μὲν
985 474 1072 535 διὰ
1120 485 1218 536 τοῦ
1264 480 1518 556 αἳματος,
1546 485 1832 561 καθάρσιον
1884 484 1939 539 δέ

2077 486 2265 540 ιι-ἰοιιίε
2288 486 2631 541 efﬁceretur:
2658 483 2984 555 redemptio
3002 498 3103 554 per
3119 484 3702 555 sanguinem,emun-

290 571 383 627 διὰ
410 576 509 626 τοῦ
540 568 756 633 ὕδατος.
788 575 957 625 Τοῦτο
1016 567 1073 624 δέ
1124 570 1186 625 ού
1236 572 1370 626 κατὰ
1418 573 1647 647 γνώμην
1695 569 1949 628 ἀπέϐαινε

2077 574 2215 630 latio
2233 591 2335 646 per
2349 591 2585 646 aquam.
2610 574 2727 629 Hoc
2747 579 2941 629 autem
2966 587 3339 645 nequaquam
3361 590 3431 630 ex
3455 580 3703 632 ‘senten-

289 665 374 733 τῷ
422 654 690 731 διαϐόλῳ·
722 658 811 713 καὶ
861 660 965 735 γὰρ
1014 659 1073 714 ’ὸν
1118 654 1365 737 έφοϐεἷτο
1411 662 1653 737 γενέσθαι
1704 661 1946 733 θάνατον,

292 751 632 822 τοῦτον
679 748 935 812 ἀπέθανεν
986 748 1014 803 6
1068 747 1285 823 Κύριος,
1317 749 1562 812 κάκεῖνος
1610 748 1945 806 ἰσκύλευται·

294 841 390 893 καὶ
437 838 666 910 νομίσας
713 842 929 910 κρατεῖν
975 838 1067 892 τὸν
1111 839 1339 913 Χριστὸν
1387 838 1440 893 ἰν
1484 843 1565 912 τῷ
1599 841 1832 913 θανάτῳ,
1855 840 1950 896 αὖ·

294 928 394 990 τὸς
448 924 659 1000 μάλλον
708 923 931 1001 ἐδείχθη
974 927 1183 1002 νεκρός’
1233 928 1321 983 καὶ
1380 931 1801 1005 καυχησάμενος
1859 930 1949 985 ἄν·

296 1018 520 1090 θρωπον
576 1012 886 1091 ἐνεδρεύειν,
942 1015 1213 1086 πεποίηκε
1265 1018 1564 1093 γνωσθῆναι
1623 1018 1771 1076 Θεόν.
1805 1021 1954 1092 Ἀμα

296 1108 401 1182 γὰρ
447 1106 729 1173 ἀπέθανεν,
779 1106 816 1173 ἡ
868 1104 963 1177 μὲν
1006 1104 1180 1168 κτίσις
1256 1105 1480 1177 ἀνήλιος
1528 1107 1739 1183 γέγονε,
1784 1109 1847 1164 τὸ
1896 1106 1955 1163 δὲ

296 1193 688 1266 καταπέτασμα
740 1198 836 1248 τοῦ
879 1198 1011 1248 ναοῦ
1060 1194 1279 1271 ἐρράγη,
1311 1198 1347 1265 ἡ
1397 1203 1469 1272 γῆ
1503 1195 1740 1268 ἐσείσθη,
1778 1199 1867 1253 καὶ
1899 1199 1953 1252 αἱ

295 1286 495 1360 πέτραι
554 1282 906 1358 ἐσχίσθησαν,
940 1284 993 1337 οἱ
1048 1288 1393 1358 στρατιῶται,
1444 1284 1536 1339 σὺν
1594 1291 1710 1348 τοῖς
1768 1283 1956 1340 πυλω-

297 1379 419 1448 ροῖς
477 1376 576 1426 τοῦ
624 1367 757 1441 ᾅδου
803 1370 1153 1443 κατέπτηξαν.
1188 1374 1307 1451 Ἀφ’
1353 1374 1427 1429 ὧν
1477 1374 1544 1444 ἦν
1594 1372 1726 1430 ἰδεῖν
1760 1376 1953 1449 μηκέτι

297 1464 610 1536 ἄνθρωπον,
644 1458 790 1515 ἀλλὰ
831 1461 962 1515 Θεὸν
1013 1460 1235 1532 ἀληθῶς
1284 1462 1335 1516 ἰν
1388 1464 1625 1537 σώματι,
1657 1465 1731 1526 ὡς
1767 1464 1857 1519 καὶ
1902 1465 1956 1519 οἱ

300 1555 634 1626 θεωροῦντες
665 1545 869 1625 ἔλεγον*
906 1574 928 1600 ι
965 1549 1217 1621 Ἀληθῶς
1248 1551 1409 1614 οὗτός
1438 1551 1548 1608 ἐστι
1580 1557 1715 1609 Θεοῦ
1746 1554 1892 1616 Υἱός.
1928 1578 1950 1605 ν

302 1641 407 1698 Καὶ
439 1640 544 1715 γὰρ
576 1637 762 1694 πολλὰ
808 1644 1052 1712 μνημεῖα
1096 1639 1479 1716 ἠνεῴχθησαν,
1511 1643 1601 1698 καὶ
1645 1643 1954 1720 ἠγέρθησαν

300 1729 513 1785 τούτων
545 1730 601 1783 οἱ
628 1727 829 1804 νεκροί.

371 1910 468 1965 26.
512 1905 734 1985 Τυφλὸν
785 1904 1009 1977 ἀληθῶς
1050 1910 1085 1977 ἡ
1134 1908 1313 1963 κακία*
1372 1908 1603 1981 νομίσας
1670 1909 1772 1987 γὰρ
1821 1910 1957 1966 ἀπο-

300 1998 528 2052 κτείνειν
588 1994 697 2066 ἓνα,
754 2002 863 2051 τῶν
929 1996 1144 2052 πάντων
1213 1997 1513 2074 ἐπέρηται·
1572 2000 1660 2054 καὶ
1731 2000 1958 2072 νομίσας

297 2087 372 2149 εἷς
419 2082 559 2156 ᾅδην
618 2088 962 2163 καταφέρειν,
1007 2080 1335 2157 έκϐέϐληται
1379 2092 1478 2142 τοῦ
1534 2083 1686 2158 ᾅδου.
1723 2089 1817 2143 Καὶ
1863 2091 1961 2144 ἀπ-

294 2174 524 2251 εδείχθη
582 2181 766 2246 πᾶσιν,
800 2174 885 2229 ὅτι
940 2174 1041 2230 οὐκ
1097 2175 1335 2247 ἀσθενείᾳ
1388 2175 1598 2254 φύσεως
1644 2177 1898 2249 τέθνηκεν
1931 2180 1959 2234 6

296 2262 699 2339 Σωτήρ,ἆλλά
742 2265 833 2318 τὸν
876 2264 1100 2319 Θάνατον
1153 2264 1229 2326 εἷς
1278 2264 1546 2343 ἀναίρεσιν
1589 2265 1823 2338 ἐδίωξεν,
1870 2265 1962 2322 ἵνα

295 2354 621 2429 καταργήσῃ
647 2357 865 2425 τοῦτον,
895 2356 985 2407 καὶ
1017 2352 1307 2427 ἀπαλλάξῃ
1352 2353 1604 2428 τούτους,
1638 2356 1754 2411 ὅσοι
1806 2351 1961 2434 φόϐῳ

299 2442 538 2498 θανάτου
598 2442 688 2496 διὰ
740 2442 943 2505 παντὸς
997 2446 1093 2496 τοῦ
1126 2446 1221 2516 ζῇν
1273 2441 1457 2519 ἔνοχοι
1506 2447 1639 2514 ἦσαν
1686 2443 1959 2509 δουλείας.

299 2532 367 2586 0"
658 2536 683 2546 ς
746 2528 774 2585 δ
802 2530 826 2585 ἐ
1056 2531 1070 2549 ε
1145 2537 1156 2549 1
1241 2531 1255 2552 9
1275 2530 1329 2587 δυ
1455 2531 1479 2553 ν
1720 2539 1746 2549 ~
1815 2529 1835 2553 υ

350 2556 376 2587 .›
410 2553 484 2586 πο
532 2554 561 2585 ο
588 2552 716 2607 γουν
785 2555 797 2583 ι
830 2552 953 2602 om,
984 2552 1071 2585 και
1099 2553 1193 2593 τας
1224 2554 1268 2586 ω
1313 2554 1421 2596 ινας
1454 2532 1611 2590 ελυσε
1655 2555 1751 2589 του
1809 2532 1961 2607 ᾳδου,

301 2622 396 2676 καὶ
462 2619 593 2682 τοὺς
656 2622 750 2692 μὶν
804 2618 1008 2683 ἄλλους
1064 2618 1253 2697 ἤγειρε
1312 2621 1506 2698 λέγων·
1564 2648 1585 2675 ι
1641 2622 1963 2701 Ἐγείρεσθε,

304 2712 531 2785 ἄγωμεν
592 2708 853 2764 έντεῦθεν·
918 2734 944 2760 ››
1003 2708 1160 2773 αὐτὸς
1225 2707 1283 2765 δὶ
1357 2710 1601 2784 ἐξανέστη
1674 2714 1762 2768 καὶ
1836 2734 1964 2768 κατ-

300 2800 470 2869 ἐζησε
674 2802 772 2852 τοῦ
830 2796 1082 2869 θανάτου,
1118 2796 1329 2874 χλεύην
1387 2800 1551 2856 αὐτοῦ
1606 2803 1705 2871 τήν
1756 2802 1967 2876 τόλμαν

300 2888 684 2964 ἡγησάμενος
745 2887 821 2941 ὡς
881 2887 971 2940 καὶ
1024 2886 1074 2941 έν
1135 2887 1329 2959 ὕμνοις
1385 2895 1841 2968 προανεφωνεῖτο.
1875 2889 1966 2945 λέ·

296 2996 501 3053 γοντος
553 2979 650 3029 τοῦ
709 2975 1038 3048 Πνεύματοςο
1091 3000 1119 3028 ‹‹
1180 2978 1235 3030 Ὃ
1292 2982 1559 3033 κατοικῶν
1612 2979 1662 3034 ἐν
1714 2980 1967 3054 οὐρανοῖς

296 3062 656 3140 έιγελαῖσεται
704 3062 922 3133 αὐτοὺς,
971 3066 1060 3119 καὶ
1124 3066 1153 3120 6
1203 3065 1401 3141 Κύριος
1468 3067 1823 3144 έκμυκτηριεῖ
1873 3068 1966 3123 αύ-

294 3155 456 3214 τούς.
491 3178 519 3204 η
554 3150 893 3221 Χλευάζεται
940 3152 1042 3230 γὰρ
1093 3151 1314 3224 ἀληθῶς
1365 3155 1508 3210 οὕτω
1552 3158 1826 3233 παιχθεῖς,
1875 3156 1965 3212 καὶ

1987 1863 2035 1928 Β

2057 664 2139 720 tia
2165 663 2391 718 diabolo
2421 662 2649 734 obtigit,
2683 679 2818 718 cum
2847 678 2915 717 ea
2944 666 3152 730 morte,
3205 677 3322 734 qua
3379 665 3700 731 metuebat,

2060 752 2271 808 obierit
2299 751 2607 818 Dominus,
2639 754 2815 825 atque
2856 750 2955 807 ille
3007 750 3283 808 omnibus
3341 753 3701 826 exspoliatus

2061 845 2181 897 est:
2216 844 2491 912 ratusque
2520 857 2582 897 se
2613 841 2906 897 Christum
2942 840 2999 896 in
3058 845 3244 897 morte
3301 846 3518 913 tenere,
3578 843 3705 916 ipse

2061 930 2258 1003 potius
2284 935 2551 987 mortuus
2577 947 2705 987 esse
2735 930 3134 1002 deprehensus
3177 933 3300 986 est:
3360 935 3535 1002 atque
3581 933 3706 1004 glo—

2061 1020 2246 1076 riatus
2278 1021 2432 1091 quod
2464 1020 2687 1075 homini
2720 1020 3033 1075 insidiatus
3063 1025 3238 1088 esset,
3269 1020 3326 1075 id
3384 1021 3595 1089 eﬂ‘ecit,
3645 1028 3711 1077 ut

2066 1114 2214 1165 Deus
2247 1114 2679 1181 agnosceretur.
2708 1110 2855 1165 Nam
2887 1110 3085 1164 statim
3118 1114 3289 1181 atque
3308 1115 3575 1167 mortuus
3599 1117 3706 1183 est,

2064 1214 2259 1253 rerum
2293 1202 2503 1253 natura
2545 1197 2665 1254 sole
2722 1198 3007 1254 destituta
3064 1198 3196 1267 fuit,
3254 1197 3449 1254 velum
3507 1200 3710 1272 templi

2066 1287 2318 1342 scissum
2348 1291 2455 1357 est,
2488 1291 2645 1342 terra
2674 1287 2917 1342 tremuit
2947 1291 3003 1342 et
3059 1293 3235 1359 petras
3293 1287 3489 1344 scisse
3547 1294 3708 1359 sunt,

2069 1377 2107 1430 7
2123 1378 2161 1431 7
2198 1374 2435 1447 milites,
2467 1392 2599 1431 cum
2630 1375 2842 1432 inferni
2885 1376 3243 1446 janitoribus
3301 1380 3522 1433 terrore
3579 1396 3710 1451 per-

2067 1464 2213 1520 culsi
2247 1469 2406 1519 sunt.
2443 1465 2520 1520 Ex
2551 1464 2767 1537 quibus
2798 1464 2994 1519 videre
3026 1469 3151 1520 erat
3180 1480 3295 1520 non
3336 1465 3491 1521 ultra
3520 1467 3708 1522 homi-

2066 1569 2224 1622 nem,
2257 1554 2358 1609 sed
2384 1569 2517 1609 vere
2548 1554 2732 1609 Deum
2765 1554 2823 1608 in
2881 1569 3141 1624 corpore,
3203 1560 3267 1609 ut
3312 1554 3546 1610 aiebant
3600 1556 3713 1628 ipsi

2066 1648 2426 1715 spectatores
2448 1660 2467 1698 :
2504 1664 2531 1697 ιι
2558 1643 2703 1699 Vere
2735 1642 2826 1698 hic
2871 1648 2960 1698 est
3019 1642 3195 1698 Filius
3258 1644 3355 1699 Dei
3384 1645 3447 1699 ⁸⁸.
3481 1668 3509 1694 ››
3565 1646 3712 1701 Nam

2067 1731 2259 1788 multa
2288 1737 2669 1789 monumenta
2725 1737 2927 1804 aperta
2982 1736 3142 1801 sunt,
3201 1736 3260 1788 et
3316 1734 3415 1805 qui
3474 1735 3533 1789 in
3590 1736 3711 1792 illis

2067 1822 2285 1877 mortui
2305 1822 2581 1893 jacebant
2609 1836 2996 1876 resurrexere.

2135 1912 2226 1966 26.
2256 1911 2401 1966 Vere
2449 1926 2598 1965 caeca
2657 1926 2749 1965 res
2807 1917 2897 1965 est
2956 1908 3198 1977 malitia,
3257 1910 3398 1965 dum
3449 1920 3711 1985 speraret

2068 2000 2224 2056 enim
2257 2016 2319 2055 se
2349 2016 2534 2054 unum
2568 1999 2924 2067 occisurum,
2956 1998 3232 2054 omnibus
3265 1999 3528 2070 privatus
3586 2008 3706 2057 est:

2068 2093 2348 2160 ratusque
2379 2104 2441 2143 se
2471 2087 2639 2143 illum
2672 2087 2743 2142 ad
2776 2088 3005 2142 interna
3036 2087 3424 2156 deiecturum,
3457 2090 3582 2161 ipse
3636 2091 3709 2144 ab

2069 2178 2297 2233 inferno
2320 2178 2527 2249 pulsus
2550 2178 2852 2246 est.Atque
2875 2175 3021 2231 nulli
3060 2193 3174 2232 non
3198 2176 3391 2249 palam
3433 2178 3560 2243 fuit,
3595 2196 3709 2234 non

2070 2266 2409 2323 infirmitate
2436 2266 2630 2322 carnis
2659 2264 2874 2321 obiisse
2903 2265 3275 2326 Salvatorem.
3308 2267 3410 2322 sed
3467 2272 3711 2322 mortem

2072 2355 2144 2411 ad
2175 2371 2374 2410 necem
2408 2358 2781 2427 persecutum
2812 2368 2964 2420 esse,
2996 2357 3079 2424 ut,
3112 2354 3329 2410 abolita
3356 2354 3476 2426 illa,
3501 2356 3712 2411 libera-

2072 2449 2161 2500 ret
2188 2460 2393 2499 omnes
2423 2447 2711 2515 quotquot
2740 2446 2900 2497 metu
2931 2443 3137 2498 mortis
3167 2460 3269 2514 per
3295 2448 3477 2499 totam
3534 2445 3713 2500 vitam

2073 2533 2306 2589 obnoxii
2342 2538 2510 2588 erant
2552 2531 2843 2588 servituti.
2901 2535 3027 2587 Non
3086 2532 3187 2588 diu
3241 2534 3437 2604 itaque
3495 2545 3713 2605 postea,

2073 2622 2304 2679 dolores
2345 2621 2516 2678 solvit
2556 2620 2771 2676 inferni
2828 2625 2885 2676 et
2940 2620 3086 2676 alios
3143 2622 3416 2678 excitavit
3468 2624 3713 2680 dicens:

2074 2735 2103 2763 ‹‹
2136 2711 2387 2784 Surgite.
2421 2711 2556 2766 hinc
2603 2711 2883 2766 abeamus
2909 2710 2974 2764 θί.
3009 2733 3036 2760 ››
3088 2710 3217 2779 Ipse
3273 2714 3469 2766 autem
3530 2729 3718 2767 resur-

2074 2801 2239 2871 rexit,
2269 2805 2327 2856 et
2356 2800 2425 2855 ad
2459 2800 2636 2854 vitam
2668 2798 2841 2854 rediit
2889 2814 2958 2854 ex
2991 2804 3195 2864 morte,
3227 2798 3505 2871 illiusque
3537 2803 3716 2855 auda-

2074 2890 2225 2946 ciam
2258 2888 2512 2944 ludibrio
2542 2887 2773 2943 habuit:
2809 2891 2873 2943 ut
2900 2887 2959 2942 in
2995 2887 3227 2959 hymnis
3259 2890 3714 2958 praenuntiatum

2075 2978 2203 3044 fuit,
2237 2975 2455 3048 Spiritu
2487 2976 2748 3031 dicente:
2783 2996 2812 3025 ‹‹
2844 2975 2952 3039 Qui
2998 2975 3220 3031 habitat
3249 2976 3308 3031 in
3365 2976 3527 3032 ccelis
3586 2978 3717 3031 irri-

2075 3065 2234 3121 debit
2263 3082 2382 3131 eos,
2414 3070 2473 3121 et
2501 3064 2784 3120 Dominus
2815 3064 3205 3119 subsannabit
3260 3081 3359 3121 eos
3389 3066 3458 3120 ⁸².
3486 3089 3513 3116 ››
3573 3066 3720 3123 Vere

2075 3154 2289 3228 quippe
2318 3154 2614 3222 irridetur,
2646 3152 3000 3209 italudibrio
3022 3153 3281 3220 habitus,
3319 3155 3609 3227 rebusque
3635 3154 3717 3210 illi

298 3244 455 3317 παρὰ
510 3243 740 3317 γνώμην
796 3240 945 3314 αύτῷ
1024 3247 1132 3297 τῶν
1202 3242 1539 3319 πραγμάτων
1620 3241 1959 3304 ἀποϐάντων.

2077 3248 2284 3317 praeter
2311 3243 2491 3299 animi
2523 3241 2873 3299 sententiam
2898 3242 3319 3298 accidentibus.
3341 3243 3532 3299 Instar
3562 3245 3718 3299 enim

302 3332 478 3400 Δίκην
510 3331 617 3406 γὰρ
648 3334 745 3385 τοῦ
779 3330 1015 3408 ζωϋφίου
1073 3332 1170 3387 τοῦ
1220 3334 1562 3407 καλουμένου
1594 3338 1703 3409 (35)
1737 3337 1967 3415 σφηκὸς,

300 3416 768 3497 προσϐάλλοντος
799 3419 990 3495 πέτρᾳ,
1019 3420 1109 3476 καί
1138 3426 1206 3496 τῇ
1238 3419 1526 3499 προσϐολῇ
1576 3426 1650 3498 μή
1697 3424 1970 3500 βλάπτον-

304 3531 431 3576 τος,
461 3507 613 3563 ἀλλὰ
641 3509 729 3564 καὶ
761 3511 823 3564 τὸ
852 3508 1068 3584 κέντρον
1120 3510 1333 3584 μᾶλλον
1392 3512 1791 3570 ἀπολλύοντοςο
1825 3513 1969 3570 οὕτω

304 3600 399 3654 καὶ
438 3600 466 3652 6
497 3598 726 3661 θάνατος
756 3597 963 3677 ἐσφάλη
998 3599 1142 3655 πολὺ
1172 3604 1307 3671 (36),
1338 3598 1669 3677 προσϐαλὼν
1713 3607 1782 3678 τῇ
1836 3603 1969 3679 ζωῇ,

306 3688 438 3758 ἥτις
486 3686 631 3742 ἐστὶν
668 3688 970 3761 ὃΧριστός·
1012 3688 1075 3743 οὐ
1118 3689 1219 3764 γὰρ
1267 3687 1515 3762 ἠδυνήθη
1565 3695 1826 3767 κρατῆσαι
1877 3692 1971 3747 αύ-

302 3779 397 3833 τὸν
445 3775 532 3850 τῷ
579 3777 814 3849 Θανάτῳ,
844 3775 992 3831 ἀλλὰ
1043 3776 1258 3849 μᾶλλον
1306 3778 1397 3833 καὶ
1435 3780 1499 3834 τὸ
1546 3779 1768 3855 κέντρον
1821 3782 1970 3836 ἀπώ-

306 3867 489 3923 λεσεν·
528 3864 669 3921 ὥστε
698 3866 787 3919 καὶ
820 3866 913 3927 οὒς
944 3867 1207 3943 πρότερον
1252 3864 1435 3946 ἐφόϐει
1474 3870 1536 3923 τὸ
1584 3870 1804 3943 κέντρον
1839 3872 1970 3944 (37),

308 3961 399 4010 νῦν
459 3955 632 4010 αὐτοῦ
702 3960 1149 4029 κατακερτομεῖν,
1196 3956 1286 4011 καὶ
1347 3955 1548 4034 λέγειν’
1601 3982 1631 4010 ‹‹
1686 3963 1797 4015 Ποῦ
1854 3981 1971 4030 σου,

302 4046 524 4113 θάνατε,
556 4045 619 4099 τὸ
672 4046 928 4118 κέντρονς
963 4049 1070 4099 ποῦ
1126 4066 1242 4116 σου,
1284 4043 1411 4119 ᾃδη,
1459 4047 1524 4102 τὸ
1580 4052 1771 4117 νῖκος;
1805 4072 1833 4101 ››
1883 4049 1972 4103 καὶ

305 4134 497 4189 πάλιν·
561 4157 590 4186 ι(
649 4131 912 4190 Κατέπιεν
971 4134 999 4188 6
1051 4133 1275 4198 θάνατος
1334 4135 1582 4211 ἰσχύσας·
1646 4161 1675 4189 ››
1731 4136 1821 4192 καὶ
1869 4138 1970 4192 πά-

308 4221 423 4277 λιν·
454 4247 484 4274 α(
522 4221 774 4301 Ἀφεῖλεν
829 4222 859 4277 6
918 4223 1046 4285 Θεὸς
1117 4228 1221 4277 πᾶν
1298 4220 1526 4300 δάκρυον
1595 4226 1701 4280 ἀπὸ
1774 4226 1974 4289 παντὸς

312 4312 644 4387 προσώπου.
683 4334 711 4363 ››

386 4404 479 4457 27,
517 4399 651 4454 Εἶτα
708 4393 997 4467 Minoa,
1040 4400 1068 4454 6
1112 4399 1301 4463 ἄθλιος
1349 4401 1454 4456 ἀπὸ
1502 4406 1601 4456 τοῦ
1645 4398 1804 4472 ᾅδου,
1849 4403 1977 4457 καθ-

316 4493 527 4563 ήμενος
554 4488 705 4563 παρὰ
731 4488 826 4550 τὰς
856 4485 1053 4556 πύλας,
1088 4496 1282 4562 θεωρεῖ
1339 4489 1696 4565 έξαγομένους
1752 4491 1976 4562 πάντας,

316 4579 450 4640 τοῦς
499 4575 935 4666 πεπεδημένους,
992 4581 1061 4651 τῇ
1122 4582 1218 4633 τοῦ
1278 4585 1540 4666 Σωτῆρος
1589 4576 1829 4653 ἀνδρείᾳ,
1887 4579 1975 4635 καὶ
2007 4602 2053 4666 D

316 4667 451 4728 τοὺς
511 4668 608 4739 μὲν
668 4665 889 4741 νεκροὺς
947 4666 1273 4735 ἀναζῶντας·
1307 4666 1435 4730 τοὺς
1474 4664 1532 4722 δέ
1580 4668 1976 4743 αὶχμαλώτους

2077 3333 2388 3404 cujusdam
2419 3330 2779 3397 animalculi,
2813 3330 2906 3386 cui
2937 3347 3149 3387 nomen
3179 3348 3374 3404 vespa,
3406 3335 3559 3404 quod
3585 3351 3718 3389 cum

2079 3426 2241 3494 petra
2270 3436 2671 3494 congressum,
2704 3419 2970 3491 nihilque
2998 3419 3098 3477 illa
3126 3420 3350 3492 impetu
3397 3439 3504 3479 suo
3566 3423 3720 3488 laesa,

2081 3510 2301 3566 amittit
2329 3510 2524 3582 ipsum
2558 3508 2752 3581 potius
2779 3509 3049 3566 aculeum
3080 3527 3094 3577 ;
3127 3510 3211 3566 ita
3254 3514 3311 3567 et
3369 3526 3526 3567 mors
3584 3529 3720 3566 con-

2080 3597 2351 3669 grediens
2379 3613 2511 3651 cum
2542 3596 2682 3661 vita,
2717 3613 2841 3667 quas
2874 3601 2964 3652 est
2996 3596 3290 3663 Christus,
3320 3597 3567 3653 multum
3605 3600 3714 3653 fru-

2082 3690 2266 3743 strata
2295 3690 2414 3741 est:
2443 3702 2559 3741 non
2591 3683 2746 3740 enim
2781 3685 2974 3756 potuit
3031 3701 3165 3740 eum
3210 3689 3395 3740 morte
3444 3687 3721 3757 detinere,

2082 3775 2181 3831 sed
2217 3775 2414 3846 potius
2444 3773 2714 3829 aculeum
2748 3773 3039 3845 perdidit;
3071 3774 3153 3828 ita
3184 3777 3249 3828 ut
3278 3773 3378 3844 qui
3409 3773 3548 3829 olim
3584 3792 3723 3829 acu-

2080 3865 2239 3921 leum
2272 3863 2754 3929 reformidabant,
2781 3862 2907 3932 jam
2944 3860 3228 3916 irrideant
3256 3860 3421 3917 illum
3448 3863 3725 3921 dicendo:

2084 3975 2113 4005 «
2145 3952 2253 4010 Ubi
2283 3955 2392 4019 est,
2423 3967 2601 4017 mors,
2635 3947 2874 4005 aculeus
2902 3952 3042 4004 tuus
3062 3949 3090 4003 ?
3129 3949 3249 4013 ubi,
3277 3949 3523 4017 inferne,
3552 3950 3733 4006 victo-

2082 4043 2170 4098 ria
2198 4047 2301 4097 tua
2328 4040 2421 4094 83?
2449 4062 2477 4090 »
2508 4039 2577 4094 Et
2607 4054 2875 4093 rursum:
2918 4058 2944 4091 ε
2974 4037 3293 4110 Deglutivit
3321 4054 3480 4095 mors
3510 4044 3566 4095 et
3596 4057 3735 4111 prae-

2082 4130 2266 4185 valuit
2294 4129 2377 4184 8‘z
2410 4146 2437 4180 ι
2490 4128 2856 4198 iterumque:
2918 4126 3242 4183 «Abstulit
3298 4128 3451 4184 Deus
3502 4145 3735 4186 omnem

2081 4220 2400 4292 lacrymam
2431 4218 2503 4273 ab
2536 4216 2695 4272 omni
2725 4215 2890 4271 vultu
2922 4216 2988 4271 ⁸⁵.
3024 4238 3053 4265 »

2155 4399 2246 4451 27.
2280 4396 2503 4452 Dehinc
2535 4395 2880 4452 exturbatus
2908 4411 2979 4451 ex
3010 4394 3239 4451 inferno
3270 4395 3470 4463 miser,
3531 4398 3740 4455 sedens

2087 4488 2157 4543 ad
2188 4486 2361 4555 ostia,
2391 4485 2618 4541 vinctos
2650 4500 2857 4540 omnes
2904 4485 3206 4556 conspexit
3260 4483 3571 4540 Salvatoris
3622 4487 3738 4541 for-

2090 4576 2342 4632 titudine
2371 4575 2563 4641 educi,
2598 4578 2859 4629 mortuos
2896 4589 3221 4645 resurgere,
3239 4574 3499 4646 captivos
3520 4575 3735 4629 dimitti

2085 4667 2335 4722 liberos:
2371 4668 2605 4721 sanctos
2637 4663 2739 4734 qui
2775 4678 2911 4718 cum
2944 4662 3277 4718 Abrahamo
3309 4667 3477 4718 erant
3506 4665 3734 4719 obviam

322 4755 674 4833 ἀφιεμένους,
704 4753 952 4816 καὶτοὺς
984 4755 1079 4828 μὲν
1126 4755 1311 4830 ἁγίους
1358 4761 1815 4831 προαπαντῶντας
1860 4756 1963 4812 τοῦ

2092 4756 2307 4822 venire,
2340 4769 2662 4824 omnesque
2706 4756 2981 4824 tympana
3038 4750 3295 4823 pulsare,
3354 4754 3738 4822 quemadmo-

324 4846 455 4921 περί
530 4845 622 4899 τὸν
680 4838 949 4917 Ἀϐρααμ,
1034 4844 1123 4899 καὶ
1209 4845 1676 4921 ἀνακρουομένους
1758 4846 1981 4916 πάντας,

327 4934 473 4989 κατὰ
512 4935 576 4988 τὸ
622 4933 1020 5008 γεγραμμένον·
1059 4956 1087 4984 ι(
1137 4934 1483 5012 Προέφθασαδ
1540 4933 1804 5012 ἄρχοντες
1858 4934 1984 5010 ἐχό-

334 5043 476 5093 μενα
501 5021 823 5096 ψαλλόντων
872 5020 922 5076 ἐν
976 5023 1126 5095 μέσῳ
1162 5020 1415 5080 νεανίδων
1460 5029 1919 5100 τυμπανιπριῶν.
1956 5048 1985 5075 ››

2094 4846 2231 4899 dum
2266 4843 2550 4915 scriptum
2582 4846 2705 4896 est:
2742 4862 2770 4889 «
2804 4844 3214 4895 Praevenerunt
3258 4839 3550 4911 principes
3611 4859 3743 4897 con-

2088 4932 2276 5004 juncti
2311 4928 2699 5003 psallentibus
2731 4928 2790 4982 in
2822 4927 3016 4983 medio
3039 4926 3494 4997 juvencularum
3512 4933 3741 5000 tympa-

2096 5022 2437 5076 nistriarum
2469 5019 2551 5073 as:
2586 5042 2613 5066 υ
2647 5017 2911 5072 Gaudere
2942 5033 3146 5071 omnes
3176 5016 3277 5088 qui
3308 5016 3579 5073 libertate
3636 5021 3743 5073 do-

330 5111 467 5172 τοῦς
521 5109 1009 5186 έλευθερουμένους
1065 5109 1359 5186 χαίροντας
1406 5111 1495 5167 καὶ
1528 5111 1808 5187 λέγοντας·
1838 5136 1866 5165 ‹‹
1899 5114 1963 5167 'E'

2096 5111 2216 5166 nati
2250 5109 2498 5175 fuerant,
2531 5122 2598 5162 ac
2629 5106 2859 5161 dicere:
2893 5127 2921 5155 «
2955 5106 3017 5160 In
3049 5106 3437 5161 convertenda
3458 5108 3745 5162 Dominus

405 5238 457 5274 ‘°
488 5238 689 5312 Matth.
722 5255 902 5312 xxvii,
929 5238 1021 5294 54.
1095 5239 1140 5278 ⁸⁸
1176 5237 1381 5296 Matth.
1412 5256 1564 5312 xxvz,
1595 5240 1685 5300 46.
1761 5239 1809 5277 ⁸²
1839 5239 1963 5298 Psal

2077 5281 2089 5306 ,
2117 5238 2170 5308 4,
2245 5234 2291 5272 ⁸³
2322 5236 2346 5290 1
2375 5236 2501 5289 Cor.
2531 5248 2625 5301 xv,
2653 5230 2747 5288 55.
2823 5231 2871 5265 ⁸⁸
2900 5230 3011 5287 Isa.
3044 5247 3176 5298 xxv,
3207 5232 3264 5287 8.
3340 5232 3385 5267 ⁸⁸
3415 5235 3594 5305 Apoc.
3642 5248 3745 5305 vn,

335 5311 384 5347 "
418 5310 577 5366 Psal.
610 5327 779 5381 exvn,
810 5311 902 5365 26.

412 5453 533 5595 (33g
559 5456 780 5519 Τοῦτον,
811 5452 977 5509 deest
1007 5453 1067 5510 in
1100 5453 1301 5527 Regio.

412 5525 513 5594 (35
562 5526 708 5582 Edit.
741 5525 1023 5582 Commel.
1055 5529 1115 5582 at
1142 5543 1301 5584 mani

412 5525 533 5595 (35)
562 5526 708 5582 Edit.
741 5525 1023 5582 Commel.
1055 5529 1115 5582 at
1142 5525 1379 5584 manune

342 5595 534 5671 έζησξ,
555 5596 1089 5671 preter-Anglican.
1116 5599 1218 5671 qui
1243 5614 1379 5671 cum

340 5660 631 5739 nataui».
662 5660 907 5727 Ibidem"
934 5668 997 5727 in
1027 5660 1252 5744 Anglic.
1282 5669 1381 5726 τοῦ
1406 5667 1658 5746 θανάτου,
1688 5672 1871 5729 deest.

562 5526 708 5582 Edit.
741 5525 1023 5599 Commel.
1055 5529 1115 5582 at
1142 5524 1532 5599 m'anuscripti
1577 5541 1809 5599 omnes,
1865 5543 1996 5599 κατ-

1489 5599 1553 5668 it.
1582 5598 1765 5655 Paris.
1797 5598 1995 5668 habet,

2310 5445 2427 5524 Τοῦ
2455 5442 3020 5524 καλρυμένουηᾱθίξξῐ
3050 5444 3109 5501 in
3142 5444 3479 5520 Anglicano.

2198 5515 2287 5588 36)
2318 5515 2490 5590 Πολύ,
2526 5515 2690 5575 abest
2721 5519 2792 5573 ab
2821 5517 3162 5591 Anglicano.

2198 5525 2287 5588 36)
2318 5525 2490 5590 Πολύ,
2526 5525 2690 5575 abest
2721 5525 2792 5573 ab
2821 5525 2920 5590 An;

2178 5525 2292 5665 $37)
2321 5591 2561 5664 Regius,
2589 5594 2668 5661 τῷ
2694 5590 2920 5663 κέντρῳ.
