4372 6214
555 348 668 411 331

1757 339 1823 401 S.
1866 337 2383 402 ATHANASIUS.
2418 369 2495 385 -
2532 337 2793 401 DUBIA.

3861 336 3989 404 232

558 475 959 548 captivitatem
1015 473 1177 542 Sion,
1238 473 1374 529 facti
1431 489 1639 529 sumus
1697 471 1851 528 sicut
1908 472 2209 529 consolati.

2327 472 2407 541 τῷ
2437 468 2751 545 ἐπιπρὲψαι
2784 469 2977 546 Κόριον
3008 472 3107 540 τὴν
3151 471 3534 547 αἰχμαλωσίαν
3588 474 3755 541 Σιὼν,
3786 472 3986 549 δγενή-

557 567 725 624 Tunc
755 563 1046 637 repletum
1077 568 1168 619 est
1197 562 1412 635 gaudio
1443 579 1509 618 os
1569 566 1836 617 nostrum
1892 567 1950 618 et
2007 561 2211 634 lingua

563 660 768 712 nostra
822 652 1207 709 exsultatione
1236 652 1299 704 ⁸⁷.
1339 674 1365 700 ››
1424 650 1537 718 Ipsi
1594 667 1823 723 quoque
1881 650 2093 723 angeli,
2155 654 2211 705 et

562 744 755 801 omnis
784 740 1071 798 exercitus
1102 740 1468 812 angelorum,
1501 741 1751 810 hymnos
1780 740 2089 807 canebant,
2144 754 2210 793 ac

561 833 866 890 dicebant:
902 854 929 880 ‹‹
964 829 1158 885 Gloria
1187 829 1246 884 in
1278 828 1523 883 excelsis
1546 830 1684 894 Deo,
1709 833 1767 884 et
1788 828 1847 882 in
1872 833 2029 883 terra
2078 844 2209 899 pax,

561 923 622 978 in
653 919 993 977 hominibus
1037 919 1190 974 bona
1245 917 1515 973 voluntas
1547 916 1591 951 ⁸⁸
1617 933 1629 971 :
1658 938 1678 967 ι
1741 917 2211 987 occurebantque

562 1007 881 1081 redemptis
904 1005 1240 1079 juvenculis
1271 1005 1603 1062 animabus.
1640 1006 1790 1060 Tum
1823 1006 2029 1061 animae
2070 1021 2211 1061 con-

561 1100 878 1157 currebant
914 1114 1049 1152 cum
1099 1095 1345 1168 angelis,
1400 1095 1909 1166 ascendebantque
1965 1092 2209 1166 patriar-

562 1189 703 1259 cha,
736 1187 937 1244 omnia
966 1186 1226 1256 undique
1261 1201 1377 1240 una
1410 1184 1807 1254 personabant
1838 1200 1969 1239 cum
2012 1181 2212 1236 laetitia

560 1283 618 1336 et
647 1276 916 1350 psalmis,
948 1277 1019 1330 ob
1051 1279 1408 1346 reportatam
1441 1275 1512 1328 de
1542 1278 1728 1328 morte
1753 1273 2077 1327 victoriam.
2129 1273 2207 1325 Ac

563 1365 1057 1440 quemadmodum
1091 1364 1316 1428 Davidi,
1348 1379 1480 1417 cum
1515 1368 1840 1433 prostratus
1865 1361 2082 1431 jaceret
2106 1360 2212 1415 Go-

562 1456 729 1523 liath,
762 1453 1142 1511 occurrebant
1173 1451 1502 1523 puellarum
1531 1450 1690 1506 chori
1724 1467 1855 1506 cum
1893 1450 2211 1522 tympanis,

563 1545 949 1615 aiebantque:
986 1565 1012 1591 ‹‹
1050 1542 1340 1597 Percussit
1370 1540 1550 1595 David
1584 1540 1642 1593 in
1688 1540 1889 1594 decem
1949 1538 2210 1593 millibus

560 1636 684 1691 suis
713 1633 795 1702 ης
830 1654 860 1682 ι)
890 1632 974 1686 ita
1004 1629 1197 1686 simile
1228 1629 1369 1702 quid
1402 1629 1619 1684 factum
1652 1633 1742 1684 est
1772 1628 1831 1681 in
1863 1633 2049 1683 morte
2086 1627 2209 1682 Sal-

556 1723 792 1780 vatoris.
827 1721 1190 1792 Resurgente
1218 1734 1477 1789 namque
1510 1717 1633 1785 illo,
1694 1732 1898 1773 omnes
1946 1733 2210 1773 occurre-

2320 570 2492 632 θημεν
2543 559 2671 613 ὡσεὶ
2715 562 2825 632 (38)
2860 560 3356 636 παρακεκλημένοι.
3394 562 3524 617 Τότε
3573 561 3821 632 ἐπλήσθη
3869 582 3982 637 χα-

2321 654 2414 724 ρᾶς
2456 649 2518 703 τὸ
2572 648 2749 721 στόμα
2798 651 2957 722 ἡμῶν
3010 652 3099 704 καὶ
3142 653 3175 719 ἡ
3223 650 3443 725 γλῶσσα
3491 654 3651 724 ἡμῶν
3707 650 3983 725 ἆγαλλιάο

2321 758 2473 799 σεως.
2510 761 2537 788 n
2568 737 2673 793 Καὶ
2724 738 2953 813 ἄγγελοι
3005 741 3126 815 γάρ,
3168 740 3259 795 καὶ
3310 747 3453 795 πᾶσα
3499 743 3534 809 ἡ
3595 741 3818 814 στρατιὰ
3861 745 3977 794 τῶν

2318 825 2564 902 ἆγγὲλων
2618 827 2911 900 ὑμνοῦντες
2967 829 3102 897 ἦσαν
3155 833 3268 903 (39)
3314 829 3403 884 καὶ
3458 828 3726 906 λέγοντες,
3761 854 3789 879 ι‹
3837 830 3982 899 Δόξα

2322 914 2373 969 ἂν
2421 914 2663 988 ὑψίστοις
2714 920 2848 988 Θεῷ,
2881 916 2970 971 καὶ
3023 916 3109 971 ἐπὶ
3160 925 3263 991 γῆς
3306 918 3518 991 εἰρήνη,
3553 917 3603 973 ἂν
3663 919 3983 990 ἀνθρώποις

2322 1002 2557 1060 εὐδοκία·
2610 1029 2639 1057 ››
2684 1007 2773 1060 καὶ
2839 1007 3089 1077 ἀπήντων
3145 1013 3262 1069 ταῖς
3324 1007 3717 1084 λυτρουμέναις
3774 1009 3981 1062 νεάνισι

2320 1097 2542 1169 ψυχαῖς.
2576 1094 2674 1149 Καὶ
2724 1096 2778 1150 αἱ
2825 1095 2997 1171 ψυχαὶ
3047 1097 3432 1172 συντρέχουσαι
3484 1100 3597 1169 (40)
3637 1102 3750 1158 τοῖς
3806 1097 3981 1171 ἆγγέ-

2323 1182 2463 1255 λοις,
2496 1184 2585 1238 καὶ
2634 1185 2685 1239 οἱ
2715 1187 3051 1260 πατριάρχαι
3100 1187 3430 1261 άνήρχοντο,
3462 1186 3549 1241 καὶ
3607 1185 3776 1241 πάντα
3832 1207 3981 1240 παν-

2318 1274 2548 1348 ταχόθεν
2601 1276 2826 1349 συνήχει
2887 1277 2999 1347 μετ’
3058 1275 3390 1352 εὐφροσύνης
3444 1276 3532 1330 καὶ
3590 1273 3851 1349 ψαλμῶν,
3886 1276 3983 1329 ἐπὶ

2319 1367 2386 1436 τῇ
2421 1366 2687 1438 γενομένῃ
2726 1365 2862 1418 κατά
2909 1367 3005 1417 τοῦ
3050 1366 3280 1419 θανάτου
3327 1365 3465 1439 νίκῃ.
3503 1364 3599 1419 Καὶ
3652 1364 3831 1440 ὥσπερ
3886 1365 3982 1419 ἐπὶ

2318 1456 2415 1506 τοῦ
2460 1448 2645 1522 Δαϐὶδ,
2702 1453 3049 1515 πεπτωκότος
3103 1452 3201 1508 τοῦ
3260 1455 3478 1522 Γολιάθ,
3530 1455 3585 1508 αἱ
3646 1454 3981 1530 χορεύουσαι

2327 1542 2459 1614 μετὰ
2529 1543 2821 1615 τυμπάνων
2894 1542 3149 1613 ἀπήντων
3227 1542 3314 1597 οιαὶ
3384 1541 3591 1618 ἔλεγον
3634 1568 3663 1594 ‹‹
3716 1543 3985 1613 Ἐπάταξε

2323 1626 2487 1685 Δαϐἱδ
2535 1630 2587 1685 ἐν
2641 1632 2890 1705 μυριάσιν
2943 1630 3129 1700 αὐτοῦ,
3168 1655 3196 1682 ››
3244 1632 3491 1687 τοιοῦτόν
3539 1653 3591 1685 τι
3650 1631 3842 1707 γέγονε
3883 1632 3981 1686 καὶ

2323 1718 2409 1774 ἐπὶ
2452 1724 2549 1774 τοῦ
2595 1719 2821 1783 Θανάτου
2862 1725 2959 1774 τοῦ
3010 1727 3290 1795 Σωτῆρος.
3326 1720 3675 1783 ’Δναστάντος
3722 1722 3826 1796 γάρ
3880 1720 3982 1775 αὖ-

559 1814 703 1869 bant
732 1828 867 1867 cum
897 1810 1113 1876 choris,
1145 1809 1382 1880 hymnis
1409 1814 1464 1864 et
1491 1806 1807 1879 tympanis,
1863 1811 2067 1861 mutuo
2123 1806 2209 1861 di-

674 1906 685 1917 .
1162 1897 1513 1917 Μώμῳ---
1574 1895 1813 1917 τη-,,,-,
1888 1893 2204 1917 ε,,ι,ι,,,,,,

2320 1812 2438 1880 τοῦ,
2484 1810 2679 1870 πάντες
2735 1811 3098 1885 προαπήντων
3177 1811 3309 1882 μετᾶ
3366 1814 3573 1885 χορῶν,
3635 1810 3723 1865 καὶ
3791 1808 3979 1883 ᾠδῶν,

2390 1898 2403 1915 \
2626 1899 2634 1914 ν
2820 1896 2873 1917 \I
3158 1896 3242 1917 (\\
3278 1896 3322 1917 οἵ
3588 1906 3600 1917 Α
3645 1903 3671 1913 ~
3814 1900 3830 1917 9
3915 1898 3935 1917 κ

561 1906 798 1959 centes:
834 1920 863 1950 ‹‹
892 1898 1121 1966 Venite,
1152 1897 1516 1953 exsultemus
1574 1895 1840 1965 Domino,
1881 1893 2207 1966 jubilemus

560 1990 677 2047 Deo
696 1988 878 2045 Jacob
902 1988 965 2043 ⁸ο.
992 2009 1022 2039 ››
1041 1987 1154 2042 Alii
1175 1986 1419 2042 choreas
1442 1986 1709 2058 agebant,
1744 1984 1866 2040 haec
1909 1984 2167 2040 dicentes
2191 2001 2204 2041 :

564 2101 593 2131 ιι
624 2076 903 2135 Ascendit
931 2076 992 2131 in
1023 2074 1231 2144 altum,
1264 2074 1549 2147 captivam
1582 2074 1747 2129 duxit
1789 2073 2206 2144 captivitatem,

564 2168 723 2224 dedit
752 2166 907 2223 dona
935 2164 1277 2221 hominibus
1309 2165 1371 2220 οι.
1404 2186 1432 2215 ››
1467 2163 1579 2218 Alii
1602 2163 1844 2234 quidam
1868 2162 1939 2217 ad
1983 2167 2207 2233 specta-

564 2257 768 2313 culum
798 2272 1003 2312 omnes
1030 2255 1336 2322 vocabant,
1358 2253 1451 2309 his
1472 2253 1682 2308 verbis.
1717 2275 1745 2303 «
1775 2251 2031 2308 Jubilate
2090 2252 2207 2308 Deo

573 2347 767 2403 omnis
798 2350 970 2414 terra,
1005 2342 1234 2416 psallite
1263 2343 1485 2397 nomini
1520 2342 1645 2411 ejus
1677 2342 1722 2376 ⁸³
1749 2358 1761 2397 :
1798 2364 1826 2391 ››
1859 2358 1924 2395 ac
1948 2358 2203 2397 rursum:

567 2458 596 2486 ‹‹
630 2435 834 2491 Venite
864 2439 921 2490 et
948 2435 1135 2489 videte
1165 2447 1339 2503 opera
1370 2431 1621 2497 Domini,
1656 2429 1929 2485 terribilis
1960 2430 2019 2484 in
2079 2446 2211 2484 con-

567 2525 718 2580 siliis
748 2540 925 2595 super
955 2522 1109 2577 ﬁlios
1144 2520 1449 2576 hominum
1477 2537 1491 2576 :
1524 2520 1792 2574 auferens
1843 2518 1995 2573 bella
2024 2533 2210 2588 usque

564 2613 637 2669 ad
670 2617 996 2668 extremum
1026 2615 1193 2664 terrae
1213 2610 1277 2663 9'.
1311 2631 1339 2659 ››
1371 2609 1495 2663 Νοη
1527 2608 1684 2663 enim
1718 2607 1872 2662 ultra
1893 2606 2211 2662 inimicitia:

552 2708 620 2769 et
645 2701 863 2757 bellum
891 2725 906 2768 ;
938 2700 1038 2755 sed
1073 2699 1271 2753 omnia
1306 2698 1366 2752 in
1413 2713 1555 2768 pace
1607 2700 1795 2763 erant,
1855 2696 2021 2751 hoste
2080 2711 2210 2767 pro-

568 2796 751 2846 strato
784 2795 959 2862 atque
992 2793 1242 2855 mortuo,
1277 2803 1342 2841 ac
1369 2803 1434 2841 eo
1485 2786 1584 2856 qui
1644 2785 1783 2839 olim
1842 2784 2210 2856 tyrannidem

563 2879 867 2936 exercebat
897 2877 1171 2932 manibus
1229 2876 1597 2946 pedibusque
1654 2873 1851 2945 ligato.
1914 2872 2021 2926 Alii
2080 2890 2210 2927 rur-

561 2985 694 3024 sum
725 2967 940 3038 quibus
970 2972 1110 3021 nota
1135 2971 1261 3019 erat
1292 2962 1508 3019 diaboli
1536 2964 1800 3030 audacia,
1834 2978 2057 3017 necnon
2118 2961 2213 3017 in-

561 3061 765 3128 gentes
795 3055 1044 3119 insidiae,
1071 3055 1316 3124 jamque
1346 3052 1541 3123 ipsum
1565 3057 1866 3107 cernentes
1890 3057 2209 3119 mortuum,

565 3145 662 3199 78
695 3160 829 3199 cum
862 3142 1247 3198 admiratione
1277 3140 1546 3196 dicebant
1575 3158 1587 3195 :
1620 3140 1679 3209 ζα
1710 3140 2010 3206 Quomodo
2064 3140 2213 3195 ceci-

562 3232 652 3289 dit
681 3248 751 3287 ex
778 3229 942 3299 ccelo,
976 3229 1225 3297 Lucifer,
1257 3229 1358 3300 qui
1412 3244 1582 3283 mane
1631 3228 1931 3283 oriebatur
1954 3229 2000 3263 ⁹⁴
2021 3227 2049 3281 ?
2078 3250 2105 3278 »
2157 3232 2209 3283 et

2325 3234 2557 3307 ὁρῶντες
2615 3232 2823 3306 νεκρὸν,
2883 3232 3246 3303 Θαυμάζοντες
3308 3228 3534 3306 ἔλεγονο
3602 3256 3629 3281 ‹‹

568 3343 598 3372 ι(
622 3319 925 3385 Quomodo
948 3319 1235 3373 contritus
1258 3318 1709 3388 confractusque
1730 3321 1819 3372 est
1848 3317 2039 3372 omnis
2062 3316 2207 3371 mal-

563 3410 695 3466 leus
727 3407 1009 3464 universae
1040 3411 1207 3462 terrm
1236 3407 1280 3440 °‘
1308 3406 1335 3459 ‘I
1370 3428 1397 3455 ››
1428 3422 1562 3461 cum
1604 3406 1991 3461 admiratione
2043 3422 2207 3461 nam-

568 3516 705 3572 que,
736 3513 950 3569 magno
979 3500 1148 3552 erant
1178 3511 1383 3550 omnes
1431 3500 1669 3565 stupore
1715 3494 1985 3566 correpti.
2035 3495 2208 3549 Mira-

566 3589 787 3644 bantur
815 3585 971 3641 enim
1006 3600 1289 3657 magnum
1321 3587 1625 3638 cernentes
1655 3586 1993 3654 tyrannum,
2046 3584 2210 3638 dere-

561 3680 734 3750 pente
766 3678 1123 3747 prostratum
1188 3676 1640 3742 mortuumque:
1715 3672 2035 3742 stupebant
2078 3687 2209 3727 vero

557 3765 762 3838 lapsus
792 3780 1034 3820 causam
1057 3762 1418 3835 ignorantes,
1443 3759 1694 3815 maxime
1710 3760 1851 3831 quia
1873 3777 1985 3815 non
2014 3760 2209 3816 crede-

558 3855 704 3912 bant
726 3855 785 3910 in
808 3858 994 3911 morte
1018 3857 1265 3907 mortem
1290 3850 1531 3919 aboleri,
1556 3866 1661 3905 nec
1683 3854 1915 3904 tantum
1952 3850 2009 3904 in
2042 3865 2211 3905 cruce

563 3948 891 4016 serpentem
918 3941 1226 4013 confringi.
1252 3939 1414 3995 Unde
1437 3955 1671 3995 rursum
1726 3939 2095 3994 mirabantur
2123 3939 2209 3993 di-

562 4038 757 4087 centes
782 4048 795 4087 :
828 4054 855 4081 ‹‹
880 4030 1182 4094 Quomodo
1212 4033 1383 4100 capta
1412 4034 1501 4085 est
1531 4028 1786 4101 Babylon
1812 4028 1881 4063 ⁰⁶⁶
1906 4032 1931 4081 .9
1962 4029 2047 4084 Ad
2087 4028 2211 4086 hac

570 4119 726 4175 enim
750 4119 871 4189 jam
899 4118 1177 4174 videbant
1202 4117 1591 4189 exspoliatum
1618 4117 1940 4175 infernum.

639 4316 731 4370 28.
767 4314 894 4370 Haec
927 4314 1066 4370 dum
1097 4316 1377 4382 cerneret,
1410 4312 1530 4368 haec
1560 4314 1699 4369 dum
1748 4314 1980 4370 audiret
2035 4314 2213 4371 miser

564 4404 692 4490 ille,
729 4406 936 4474 furere,
970 4401 1311 4470 excruciari,
1341 4401 1671 4474 lacrymari.
1704 4402 1856 4457 Dum
1887 4402 2102 4474 quippe
2148 4419 2213 4459 se

562 4494 918 4566 expoliatum
950 4493 1192 4560 videret,
1224 4507 1351 4547 sese
1383 4490 1582 4546 dolore
1610 4491 1978 4559 macerabat;
2012 4496 2215 4547 contra

2318 1898 2407 1952 καὶ
2452 1899 2771 1969 τυμπάνων,
2820 1896 3069 1972 λέγοντες
3147 1896 3441 1968 ἀλλήλοις·
3497 1924 3519 1950 ι
3576 1903 3755 1969 Δεῦτε,
3804 1898 3977 1975 ἄγαλ-

2320 1984 2637 2058 λιασώμεθα
2682 1991 2762 2058 τῷ
2812 1986 3015 2061 Κυρίῳ,
3049 1984 3406 2060 ἇλαλάξωμιν
3440 1990 3658 2062 (41)τῷ
3704 1992 3819 2059 Θιῷ
3870 1989 3981 2043 Ὶαο

2318 2070 2456 2133 κώϐ.
2492 2100 2513 2126 ιι
2548 2073 2747 2129 ’Ἄλλοι
2808 2072 2865 2130 δὲ
2922 2074 3203 2151 ἐχόρευον,
3258 2074 3530 2152 λέγοντες*
3567 2101 3594 2128 ‹‹
3647 2071 3843 2146 ’Δνέὄη
3900 2076 3983 2139 εἷς

2319 2164 2475 2236 ὕψος,
2513 2162 2943 2238 ᾐχμαλώτευσεν
2994 2162 3407 2240 αἰχμαλωσίαν,
3440 2162 3607 2221 ἔδωκε
3660 2162 3874 2238 δόματα
3923 2164 3979 2221 ἐν

2318 2253 2643 2328 ἀνθρώποις.
2709 2278 2730 2304 ιι
2791 2251 2931 2319 ’Ήδη
2987 2250 3045 2308 δὲ
3100 2274 3237 2315 τινες
3306 2253 3397 2309 καὶ
3464 2253 3665 2316 πάντας
3721 2254 3799 2316 εἷς
3849 2256 3977 2318 θὲαν

2318 2340 2750 2418 προσεκαλοῦντο
2784 2339 3054 2417 λίγοντες·
3089 2366 3117 2393 ‹‹
3149 2341 3487 2413 Ἀλαλάξατε
3537 2348 3616 2415 τῷ
3665 2341 3783 2415 Θεῷ
3827 2350 3980 2399 πᾶσα

2318 2434 2352 2501 ἡ
2398 2438 2493 2506 γῆ,
2544 2430 2751 2505 ψάλατε
2800 2429 2867 2499 δὴ
2912 2436 2989 2503 τῷ
3039 2431 3265 2503 ὀνόματι
3318 2432 3508 2486 αὐτοῦ’
3563 2457 3590 2482 ››
3632 2433 3720 2486 καὶ
3780 2432 3975 2503 πάλιν,

2323 2543 2349 2571 ‹‹
2382 2524 2560 2589 Δεῦτε,
2593 2520 2682 2574 καὶ
2716 2516 2855 2574 ἴδετε
2908 2519 2974 2573 τὰ
3022 2516 3154 2593 ἔργα
3197 2524 3294 2573 τοῦ
3344 2521 3561 2596 Κυρίου·
3596 2516 3829 2598 φοϐερὸς
3857 2524 3977 2595 (42)

2321 2607 2371 2663 ἐν
2406 2608 2630 2683 βουλαῖς
2691 2608 2824 2683 ὑπὲρ
2876 2606 3004 2670 τοὺς
3063 2607 3213 2670 υἱοὺς
3269 2612 3377 2663 τῶν
3439 2608 3765 2683 ἀνθρώπων,
3813 2610 3978 2664 ἀντα-

2317 2702 2515 2772 ναιρῶν
2571 2695 2853 2769 πολέμους
2900 2694 3005 2759 ἓως
3051 2696 3285 2771 ἐσχάτου
3331 2705 3431 2767 τῆς
3479 2704 3604 2773 γῆς.
3659 2723 3686 2748 ››
3730 2698 3843 2755 Οὐκ
3896 2697 3979 2753 ἔτι

2320 2788 2423 2861 γὰρ
2474 2782 2647 2861 ἔχθρα
2692 2786 2779 2839 καὶ
2828 2785 3095 2859 πόλεμος,
3139 2785 3283 2841 ἀλλὰ
3326 2787 3498 2841 πάντα
3545 2786 3831 2862 εἷ’ρηνεύει,
3862 2809 3979 2842 κει-

2326 2875 2489 2949 μένου
2546 2879 2643 2930 τοῦ
2701 2874 2971 2949 πολεμίου
3027 2880 3243 2951 νεκροῦ,
3300 2877 3388 2930 καὶ
3438 2880 3535 2931 τοῦ
3593 2896 3725 2931 ποτε
3779 2897 3981 2953 τυρανο

2319 2964 2570 3026 νεύοντος
2616 2961 2903 3037 δεδεμένου
2944 2965 3039 3026 τὰς
3085 2970 3275 3040 χεῖρας
3324 2964 3413 3019 καὶ
3467 2964 3594 3027 τοὺς
3622 2962 3812 3026 πόδας.
3844 2966 3983 3022 ’Ἅλ-

2323 3053 2413 3109 λοι
2445 3051 2501 3109 δὲ
2530 3052 2717 3122 πάλιν,
2751 3054 3148 3129 γιγνώσκοντες
3175 3058 3270 3107 τοῦ
3302 3049 3564 3109 διαϐόλου
3621 3056 3721 3124 τὴν
3779 3055 3982 3131 θρασυ-

2319 3164 2478 3213 τητα,
2536 3142 2625 3197 καὶ
2681 3141 2807 3204 τοὺς
2870 3141 3143 3218 μεγάλους
3220 3140 3446 3218 λόχους,
3504 3143 3594 3197 καὶ
3667 3148 3756 3196 νῦν
3814 3145 3980 3200 αὐτὸν

3689 3236 3809 3293 Πῶς
3887 3232 3980 3305 ἑξ-

2319 3322 2501 3375 ἐπεσεν
2554 3320 2613 3375 ἐκ
2654 3324 2755 3374 τοῦ
2804 3319 3031 3395 οὐρανοῦ
3083 3320 3111 3373 ὁ
3161 3319 3440 3397 ἑωσφόρος
3488 3320 3516 3374 ὁ
3549 3322 3693 3394 πρωὶ
3746 3320 3976 3377 ἀνατελ-

2320 3409 2531 3479 λων;››
2564 3410 2682 3481 Καὶ,
2716 3433 2743 3462 ‹‹
2792 3414 2913 3470 Πῶς
2964 3405 3245 3484 συνετρίϐη
3297 3410 3385 3463 καὶ
3435 3408 3763 3481 συνεθλάσθη
3827 3417 3979 3465 πᾶσα

2318 3500 2353 3568 ἡ
2400 3502 2574 3577 σφῦρα
2618 3499 2795 3567 πάσης
2833 3504 2934 3567 τῆς
2983 3505 3127 3573 γῆς;
3165 3522 3193 3548 ››
3230 3499 3364 3570 μετὰ
3412 3499 3512 3574 γὰρ
3542 3503 3638 3553 τοῦ
3694 3499 3975 3572 θαύματος

2317 3587 2407 3641 καὶ
2464 3586 2665 3658 ἀπορία
2720 3587 2920 3648 πάντας
2976 3592 3246 3660 κατεῖχεν.
3305 3585 3636 3659 Ἐθαύμαζον
3698 3588 3791 3659 μὲν
3867 3591 3976 3663 γὰρ

2317 3676 2409 3731 τὸν
2473 3675 2639 3751 μέγαν
2686 3674 2936 3751 τύραννον
2983 3676 3216 3750 ὁρῶντες
3272 3675 3470 3730 οὑτωσὶ
3538 3674 3789 3753 ἐξαίφνης
3858 3677 3976 3731 κεί-

2324 3786 2480 3840 μενον
2538 3763 2748 3840 νεκρόν·
2807 3764 3050 3837 ἠπόρουν
3107 3762 3165 3818 δὲ
3210 3765 3311 3833 τὴν
3343 3764 3517 3819 αἰτίαν
3546 3772 3647 3834 τῆς
3686 3766 3977 3839 πτώσεως,

2320 3855 2407 3909 καὶ
2444 3853 2679 3928 μάλιστα
2734 3853 2817 3909 ὅτι
2878 3852 2976 3908 οὐκ
3026 3852 3307 3908 ἐπίστευον
3350 3853 3402 3907 ἐν
3450 3854 3661 3926 θανάτῳ
3689 3854 3779 3908 τὸν
3814 3854 3978 3917 θάνα-

2318 3964 2408 3998 τον
2464 3944 2846 4019 καταργεῖσθαι
2906 3939 3030 3997 οὐδὲ
3088 3941 3139 3996 ἐν
3214 3946 3427 4018 σταυρῷ
3486 3940 3578 3995 τὸν
3644 3940 3979 4011 τηλικοῦτον

2319 4030 2440 4110 ὅφιν
2526 4030 2965 4106 καταράσσεσθαι.
3039 4031 3195 4083 Ὅθεν
3272 4028 3439 4085 πάλιν
3502 4029 3799 4102 ἐθαύμαζον
3883 4031 3980 4085 καὶ

2320 4118 2532 4195 ἔλεγον
2593 4144 2615 4175 ι
2672 4124 2796 4182 Πῶς
2849 4117 3064 4174 ἑάλωκε
3122 4113 3423 4187 Βαϐυλών;
3456 4141 3485 4171 »
3546 4114 3815 4176 Ἕϐλεπον
3870 4119 3981 4196 γὰρ

2322 4210 2515 4265 λοιπὸν
2551 4206 2639 4263 καί
2670 4209 2760 4263 τὸν
2793 4205 2932 4279 ᾇδην
2963 4206 3341 4271 σκυλευθέντα.

2387 4319 2477 4372 28.
2509 4319 2683 4369 Ταῦτα
2729 4312 2787 4369 δὲ
2834 4316 2975 4390 ὁρῶν
3028 4314 3056 4367 ὁ
3109 4313 3299 4376 ἄθλιος
3349 4316 3437 4369 καὶ
3486 4313 3689 4370 τούτων
3740 4314 3984 4386 ἁκούων,

2320 4404 2566 4478 ἐμαίνετο
2620 4402 2811 4458 λοιπὸν
2863 4403 2953 4458 καὶ
3012 4402 3294 4479 ὶτρύχετο,
3340 4400 3690 4478 ὀδυρόμενος.
3726 4404 3823 4459 Καὶ
3872 4406 3981 4480 γὰρ

2322 4494 2462 4568 ὁρῶν
2505 4492 2690 4547 ἑαυτὸν
2740 4489 3132 4565 σκυλευόμενον
3178 4490 3501 4547 κατέκοπτεν
3552 4492 3760 4548 ἑαυτόν.
3804 4493 3982 4567 Ὁρῶν

564 4598 808 4639 cernens
841 4583 984 4638 alios
1016 4598 1050 4637 a
1079 4597 1141 4637 se
1173 4579 1313 4636 olim
1347 4578 1406 4633 in
1456 4578 1619 4633 luctu
1679 4577 2071 4651 lacrymisque
2113 4581 2209 4636 de-

2326 4581 2383 4638 δὶ
2432 4582 2519 4637 καὶ
2568 4581 2698 4644 τούς
2747 4601 2881 4636 ποτε
2924 4579 3215 4643 κλαίοντας
3267 4581 3354 4635 ὑπ’
3386 4580 3568 4653 αὐτὸν,
3599 4585 3690 4635 νῦν
3738 4580 3984 4654 ψάλλον·

564 4670 927 4743 tentos,jam
960 4672 1019 4725 in
1053 4670 1303 4725 Domino
1332 4666 1601 4738 psallere,
1648 4684 1711 4722 se
1767 4667 1895 4739 ipse
1955 4668 2211 4724 disrum-

563 4762 780 4835 pebat:
815 4761 1014 4815 videns
1043 4776 1106 4816 se
1133 4757 1388 4825 irrideri,
1422 4772 1489 4813 ac
1517 4755 1769 4812 ludibrio
1800 4756 2019 4812 habere
2065 4756 2211 4812 acri-

562 4856 655 4907 ter
685 4865 813 4906 sese
846 4849 1232 4922 discerpebat,
1266 4864 1332 4903 ac
1363 4845 1593 4903 consilii
1614 4846 1816 4921 inops,
1847 4843 2040 4900 solum
2072 4847 2211 4902 den-

565 4940 729 4995 tibus
761 4938 1068 5008 stridebat,
1099 4940 1167 4992 ut
1190 4940 1441 4993 testatur
1478 4935 1579 5007 qui
1637 4933 1806 4989 illum
1864 4932 2214 5006 respiciebat

572 5027 905 5095 Psalmista,
943 5027 1035 5083 his
1063 5027 1296 5083 verbis:
1338 5048 1357 5075 ι
1394 5023 1741 5081 Observabit
1797 5027 2068 5096 peccator
2108 5026 2211 5096 ju-

2318 4691 2416 4731 τας
2465 4670 2515 4723 ἐν
2578 4669 2783 4745 Κυρίῳ,
2820 4666 3129 4745 διέῥρησσεν
3184 4668 3394 4723 ἑαυτόν·
3446 4671 3587 4743 ὁρῶν
3637 4667 3694 4724 δὶ
3742 4668 3831 4723 καὶ
3876 4669 3983 4737 τήν

2320 4757 2528 4834 χλεύην
2585 4760 2684 4827 τὴν
2749 4759 2864 4812 κατ’
2914 4758 3098 4831 αὐτοῦ,
3150 4757 3447 4833 ἐσπάραττε
3513 4756 3698 4819 δεινῶς
3765 4758 3981 4827 ἑαυτὸν,

2318 4847 2409 4903 καὶ
2439 4847 2657 4922 ἀπορῶν
2693 4850 2801 4919 (43)
2832 4846 2862 4901 6'
2888 4868 2942 4902 τι
2971 4847 3181 4923 πράξει,
3219 4847 3382 4920 μόνον
3426 4846 3599 4922 ἕτριζε
3642 4847 3767 4909 τοὺς
3817 4842 3985 4901 ὀδόν-

2319 4956 2434 5006 τας,
2467 4936 2543 4999 ὡς
2586 4937 2613 4990 ὁ
2658 4940 2849 4991 τοῦτον
2908 4936 3167 5011 ἕωρακὼς
3215 4934 3532 5009 Ψαλμῳδὸς
3584 4940 3846 5013 μαρτυρεῖ
3890 4935 3985 4991 λέ-

2321 5041 2456 5101 γων’
2518 5048 2546 5079 ι(
2609 5026 3060 5103 Παρατηρήσεται
3121 5026 3149 5080 ὁ
3212 5024 3539 5099 ἁμαρτωλὸς
3595 5026 3684 5079 τὸν
3746 5021 3985 5095 δίκαιον,

636 5201 681 5238 ⁸⁷
705 5200 862 5256 Psal.
892 5215 1055 5266 cxxv,
1090 5200 1141 5272 1,
1172 5200 1231 5272 2.,
1258 5270 1269 5272 _
1308 5197 1354 5233 ⁸⁸
1383 5197 1521 5272 Luc.
1603 5211 1666 5264 ιι,
1701 5194 1811 5272 14.Δ
1862 5195 1963 5272 “ul
1994 5196 2130 5272 Reg.
2160 5213 2209 5252 xl

2341 5198 2395 5272 ἶ.
2476 5196 2707 5272 ἾΡβοΙ.
2736 5214 2882 5268 xcw,
2907 5199 2963 5272 4.
2991 5271 2998 5272 ί
3038 5199 3081 5235 ’ί
3116 5197 3266 5257 Psal.
3296 5214 3465 5267 uvn,
3490 5199 3575 5254 19.
3608 5196 3824 5255 "Psal.
3851 5214 3986 5272 xxv,

568 5274 621 5330 1.
699 5274 742 5309 ⁸³
775 5272 928 5328 Psal.
958 5287 1084 5341 XLV,
1118 5271 1175 5340 9,
1215 5270 1301 5324 10.
1379 5269 1425 5304 ³⁸
1454 5269 1565 5323 Isa.
1599 5283 1715 5337 xlv,
1750 5267 1836 5321 12.
1914 5267 1959 5302 ⁵⁸
1986 5267 2195 5325 Jerem.

2320 5268 2400 5326 23.
2480 5270 2549 5306 ⁹⁸¹
2576 5269 2795 5327 Jerem.
2822 5267 2911 5343 ιι,
2942 5271 3032 5327 23.

639 5452 755 5530 (ἓξ)
786 5447 1162 5530 ἓβεῖυενῶςε
1201 5520 1212 5530 .
1293 5519 1328 5530 ..
1415 5515 1428 5530 .

666 5519 757 5590 39⁷)
786 5519 976 5589 Ἦςῖαν,
1010 5524 1174 5579 deest
1201 5520 1259 5575 in
1292 5519 1489 5590 Regio.

666 5526 736 5579 39
786 5526 976 5589 Ἦσαν,
1010 5526 1174 5579 deest
1201 5526 1259 5575 in
1292 5526 1489 5590 Regio.

665 5526 757 5667 4οί
786 5594 1021 5666 Regius,
1057 5592 1566 5667 secundamanua
1583 5584 1924 5666 συνέτρεχον.

672 5658 764 5738 41)
793 5658 1176 5740 Anglicanus,
1208 5658 1623 5736 ἀλαλαξώμεθα.

2402 5448 2513 5525 (4.2)
2546 5451 2631 5525 Ita
2663 5450 2879 5525 Regius
2906 5457 2965 5509 et
3012 5450 3393 5523 Anglicanus.
3452 5451 3603 5509 Editi
3660 5469 3792 5509 vero
3849 5455 3993 5523 post

2334 5518 2554 5592 Κυρίου,
2585 5518 2824 5592 habent,
2856 5527 2951 5577 τοῦ
2980 5518 3134 5592 Θεοῦ.

2425 5593 2518 5664 43)
2547 5594 2721 5652 Basil.
2755 5590 2838 5650 δτι
2870 5590 3085 5673 πράξαι·
3115 5593 3299 5668 ἔτρυζε
3318 5592 3449 5656 τοὺς
3477 5590 3561 5651 ὀδ.

4236 2090 4237 2127 ι

4236 2274 4237 2319 l

4235 2360 4237 2411 ί

4236 2502 4237 2555 l
