  <div class='ocr_page' id='page_1' title='image "/cluster/home/n/w/nwhite01/storage/ocr_20150623/28/hvd.32044052794351/122.png"; bbox 0 0 4372 6214; ppageno 0'>
   <div class='ocr_carea' id='block_1_1' title="bbox 390 328 504 388">
    <p class='ocr_par' dir='ltr' id='par_1_1' title="bbox 390 328 504 388">
     <span class='ocr_line' id='line_1_1' title="bbox 390 328 504 388; baseline 0 0"><span class='ocrx_word' id='word_1_1' title='bbox 390 328 504 388; x_wconf 78' lang='lat'>233</span> 
     </span>
    </p>
   </div>
   <div class='ocr_carea' id='block_1_2' title="bbox 1444 320 2760 386">
    <p class='ocr_par' dir='ltr' id='par_1_2' title="bbox 1444 320 2760 386">
     <span class='ocr_line' id='line_1_2' title="bbox 1444 320 2760 386; baseline -0.002 0"><span class='ocrx_word' id='word_1_2' title='bbox 1444 322 1546 386; x_wconf 87' lang='lat' dir='ltr'>DE</span> <span class='ocrx_word' id='word_1_3' title='bbox 1591 323 1971 385; x_wconf 84' lang='lat' dir='ltr'>PASSIONE</span> <span class='ocrx_word' id='word_1_4' title='bbox 2016 320 2115 383; x_wconf 86' lang='lat' dir='ltr'><strong>ET</strong></span> <span class='ocrx_word' id='word_1_5' title='bbox 2158 320 2411 385; x_wconf 76' lang='lat' dir='ltr'>CRUCE</span> <span class='ocrx_word' id='word_1_6' title='bbox 2455 323 2760 386; x_wconf 83' lang='lat' dir='ltr'>DOMINI.</span> 
     </span>
    </p>
   </div>
   <div class='ocr_carea' id='block_1_3' title="bbox 3681 332 3799 391">
    <p class='ocr_par' dir='ltr' id='par_1_3' title="bbox 3681 332 3799 391">
     <span class='ocr_line' id='line_1_3' title="bbox 3681 332 3799 391; baseline -0.008 0"><span class='ocrx_word' id='word_1_7' title='bbox 3681 332 3799 391; x_wconf 79' lang='grc'>234</span> 
     </span>
    </p>
   </div>
   <div class='ocr_carea' id='block_1_4' title="bbox 387 452 2064 533">
    <p class='ocr_par' dir='ltr' id='par_1_4' title="bbox 387 452 2039 533">
     <span class='ocr_line' id='line_1_4' title="bbox 387 452 2039 533; baseline -0.004 -20"><span class='ocrx_word' id='word_1_8' title='bbox 387 458 475 514; x_wconf 79' lang='grc' dir='ltr'>καὶ</span> <span class='ocrx_word' id='word_1_9' title='bbox 514 456 693 533; x_wconf 81' lang='grc' dir='ltr'>βρύξει</span> <span class='ocrx_word' id='word_1_10' title='bbox 726 456 809 511; x_wconf 74' lang='grc' dir='ltr'>ἐπ’</span> <span class='ocrx_word' id='word_1_11' title='bbox 838 454 996 510; x_wconf 82' lang='grc' dir='ltr'>αὐτὸν</span> <span class='ocrx_word' id='word_1_12' title='bbox 1046 454 1173 517; x_wconf 79' lang='grc' dir='ltr'>τοὺς</span> <span class='ocrx_word' id='word_1_13' title='bbox 1223 452 1447 516; x_wconf 79' lang='grc' dir='ltr'>ὀδόντας</span> <span class='ocrx_word' id='word_1_14' title='bbox 1496 456 1681 511; x_wconf 78' lang='lat'><strong>016106.</strong></span> <span class='ocrx_word' id='word_1_15' title='bbox 1728 461 1782 509; x_wconf 78' lang='grc' dir='ltr'>Ὀ</span> <span class='ocrx_word' id='word_1_16' title='bbox 1831 452 1887 508; x_wconf 71' lang='grc' dir='ltr'>δὲ</span> <span class='ocrx_word' id='word_1_17' title='bbox 1937 452 2039 510; x_wconf 89' lang='grc' dir='ltr'>Κύ-</span> 
     </span>
    </p>
   </div>
   <div class='ocr_carea' id='block_1_5' title="bbox 2171 452 3803 533">
    <p class='ocr_par' dir='ltr' id='par_1_5' title="bbox 2171 456 3803 528">
     <span class='ocr_line' id='line_1_5' title="bbox 2171 456 3803 528; baseline 0.004 -19"><span class='ocrx_word' id='word_1_18' title='bbox 2171 458 2334 524; x_wconf 76' lang='lat' dir='ltr'>stum,</span> <span class='ocrx_word' id='word_1_19' title='bbox 2369 460 2426 511; x_wconf 89' lang='lat' dir='ltr'>et</span> <span class='ocrx_word' id='word_1_20' title='bbox 2455 456 2726 511; x_wconf 76' lang='lat' dir='ltr'>stridebit</span> <span class='ocrx_word' id='word_1_21' title='bbox 2755 473 2933 528; x_wconf 98' lang='lat' dir='ltr'>super</span> <span class='ocrx_word' id='word_1_22' title='bbox 2962 473 3095 512; x_wconf 92' lang='lat' dir='ltr'>eum</span> <span class='ocrx_word' id='word_1_23' title='bbox 3127 458 3402 514; x_wconf 82' lang='lat' dir='ltr'>dentibus</span> <span class='ocrx_word' id='word_1_24' title='bbox 3433 459 3578 515; x_wconf 86' lang='lat' dir='ltr'>suis.</span> <span class='ocrx_word' id='word_1_25' title='bbox 3603 461 3803 515; x_wconf 87' lang='lat' dir='ltr'>Domi-</span> 
     </span>
    </p>
   </div>
   <div class='ocr_carea' id='block_1_6' title="bbox 391 543 2043 620">
    <p class='ocr_par' dir='ltr' id='par_1_6' title="bbox 391 543 2043 620">
     <span class='ocr_line' id='line_1_6' title="bbox 391 543 2043 620; baseline -0.003 -20"><span class='ocrx_word' id='word_1_26' title='bbox 391 567 504 620; x_wconf 92' lang='grc' dir='ltr'>ριος</span> <span class='ocrx_word' id='word_1_27' title='bbox 554 545 903 620; x_wconf 73' lang='grc' dir='ltr'>ἐκγελάσεται</span> <span class='ocrx_word' id='word_1_28' title='bbox 951 543 1133 600; x_wconf 83' lang='grc' dir='ltr'>αὐτόν’</span> <span class='ocrx_word' id='word_1_29' title='bbox 1199 568 1226 594; x_wconf 85' lang='grc'><strong>››</strong></span> <span class='ocrx_word' id='word_1_30' title='bbox 1283 543 1373 598; x_wconf 83' lang='grc' dir='ltr'>καὶ</span> <span class='ocrx_word' id='word_1_31' title='bbox 1430 543 1612 598; x_wconf 71' lang='grc' dir='ltr'>πάλινο</span> <span class='ocrx_word' id='word_1_32' title='bbox 1680 568 1700 593; x_wconf 74' lang='grc' dir='ltr'>ι</span> <span class='ocrx_word' id='word_1_33' title='bbox 1759 548 2043 617; x_wconf 75' lang='grc' dir='ltr'>’Δμαρτω-</span> 
     </span>
    </p>
   </div>
   <div class='ocr_carea' id='block_1_7' title="bbox 392 629 2046 709">
    <p class='ocr_par' dir='ltr' id='par_1_7' title="bbox 392 629 2046 709">
     <span class='ocr_line' id='line_1_7' title="bbox 392 629 2046 709; baseline -0.005 -19"><span class='ocrx_word' id='word_1_34' title='bbox 392 635 487 698; x_wconf 88' lang='grc' dir='ltr'>λὸς</span> <span class='ocrx_word' id='word_1_35' title='bbox 538 630 749 709; x_wconf 72' lang='grc' dir='ltr'>ὄψεται,</span> <span class='ocrx_word' id='word_1_36' title='bbox 800 633 891 687; x_wconf 84' lang='grc' dir='ltr'>καὶ</span> <span class='ocrx_word' id='word_1_37' title='bbox 951 632 1352 709; x_wconf 76' lang='grc' dir='ltr'>ὀργισθήσεται·</span> <span class='ocrx_word' id='word_1_38' title='bbox 1410 630 1535 693; x_wconf 74' lang='grc' dir='ltr'>τοὺς</span> <span class='ocrx_word' id='word_1_39' title='bbox 1599 629 1818 692; x_wconf 77' lang='grc' dir='ltr'>ὀδόντας</span> <span class='ocrx_word' id='word_1_40' title='bbox 1880 630 2046 683; x_wconf 80' lang='grc' dir='ltr'>αὐτοῦ</span> 
     </span>
    </p>
   </div>
   <div class='ocr_carea' id='block_1_8' title="bbox 398 717 2045 801">
    <p class='ocr_par' dir='ltr' id='par_1_8' title="bbox 398 717 2045 801">
     <span class='ocr_line' id='line_1_8' title="bbox 398 717 2045 801; baseline -0.004 -23"><span class='ocrx_word' id='word_1_41' title='bbox 398 723 577 801; x_wconf 78' lang='grc' dir='ltr'>βρύξιι</span> <span class='ocrx_word' id='word_1_42' title='bbox 616 722 705 777; x_wconf 76' lang='grc' dir='ltr'>καὶ</span> <span class='ocrx_word' id='word_1_43' title='bbox 750 723 1065 792; x_wconf 81' lang='grc' dir='ltr'>τακήσεται.</span> <span class='ocrx_word' id='word_1_44' title='bbox 1116 744 1145 772; x_wconf 84' lang='grc'><strong>››</strong></span> <span class='ocrx_word' id='word_1_45' title='bbox 1187 725 1399 795; x_wconf 81' lang='grc' dir='ltr'>Ἒτριζε</span> <span class='ocrx_word' id='word_1_46' title='bbox 1458 717 1515 773; x_wconf 73' lang='grc' dir='ltr'>δὲ</span> <span class='ocrx_word' id='word_1_47' title='bbox 1581 718 2045 791; x_wconf 79' lang='grc' dir='ltr'>μεταμελόμενος,</span> 
     </span>
    </p>
   </div>
   <div class='ocr_carea' id='block_1_9' title="bbox 396 807 2047 885">
    <p class='ocr_par' dir='ltr' id='par_1_9' title="bbox 396 807 2047 885">
     <span class='ocr_line' id='line_1_9' title="bbox 396 807 2047 885; baseline -0.004 -17"><span class='ocrx_word' id='word_1_48' title='bbox 396 813 478 868; x_wconf 82' lang='lat'><strong>6&#39;11</strong></span> <span class='ocrx_word' id='word_1_49' title='bbox 510 812 607 867; x_wconf 74' lang='grc' dir='ltr'>κᾶν</span> <span class='ocrx_word' id='word_1_50' title='bbox 642 810 787 873; x_wconf 76' lang='grc' dir='ltr'>ὅλως</span> <span class='ocrx_word' id='word_1_51' title='bbox 819 810 1129 883; x_wconf 81' lang='grc' dir='ltr'>τετόλμηκε</span> <span class='ocrx_word' id='word_1_52' title='bbox 1162 811 1297 863; x_wconf 87' lang='grc' dir='ltr'>κατά</span> <span class='ocrx_word' id='word_1_53' title='bbox 1334 813 1429 863; x_wconf 89' lang='grc' dir='ltr'>τοῦ</span> <span class='ocrx_word' id='word_1_54' title='bbox 1481 812 1759 885; x_wconf 72' lang='grc' dir='ltr'>Σωτῆρος·</span> <span class='ocrx_word' id='word_1_55' title='bbox 1808 811 1919 881; x_wconf 82' lang='grc'>(44)</span> <span class='ocrx_word' id='word_1_56' title='bbox 1975 807 2047 861; x_wconf 78' lang='grc' dir='ltr'>εί-</span> 
     </span>
    </p>
   </div>
   <div class='ocr_carea' id='block_1_10' title="bbox 398 895 2049 976">
    <p class='ocr_par' dir='ltr' id='par_1_10' title="bbox 398 895 2049 976">
     <span class='ocr_line' id='line_1_10' title="bbox 398 895 2049 976; baseline -0.004 -20"><span class='ocrx_word' id='word_1_57' title='bbox 398 901 506 964; x_wconf 88' lang='grc' dir='ltr'>δὼς</span> <span class='ocrx_word' id='word_1_58' title='bbox 558 902 743 956; x_wconf 74' lang='grc' dir='ltr'>ἑαυτὸν</span> <span class='ocrx_word' id='word_1_59' title='bbox 775 901 882 976; x_wconf 87' lang='grc' dir='ltr'>πρὸ</span> <span class='ocrx_word' id='word_1_60' title='bbox 910 899 1109 954; x_wconf 84' lang='grc' dir='ltr'>τούτου</span> <span class='ocrx_word' id='word_1_61' title='bbox 1138 898 1435 971; x_wconf 77' lang='grc' dir='ltr'>τολμῶντα</span> <span class='ocrx_word' id='word_1_62' title='bbox 1463 899 1599 952; x_wconf 86' lang='grc' dir='ltr'>κατά</span> <span class='ocrx_word' id='word_1_63' title='bbox 1644 903 1751 951; x_wconf 81' lang='grc' dir='ltr'>τῶν</span> <span class='ocrx_word' id='word_1_64' title='bbox 1805 895 2049 965; x_wconf 86' lang='grc' dir='ltr'>δικαίων,</span> 
     </span>
    </p>
   </div>
   <div class='ocr_carea' id='block_1_11' title="bbox 398 980 2050 1063">
    <p class='ocr_par' dir='ltr' id='par_1_11' title="bbox 398 980 2050 1063">
     <span class='ocr_line' id='line_1_11' title="bbox 398 980 2050 1063; baseline -0.005 -18"><span class='ocrx_word' id='word_1_65' title='bbox 398 991 487 1045; x_wconf 86' lang='grc' dir='ltr'>καὶ</span> <span class='ocrx_word' id='word_1_66' title='bbox 542 987 708 1063; x_wconf 76' lang='grc' dir='ltr'>μηδὲν</span> <span class='ocrx_word' id='word_1_67' title='bbox 769 988 1015 1043; x_wconf 85' lang='grc' dir='ltr'>τοιοῦτον</span> <span class='ocrx_word' id='word_1_68' title='bbox 1065 986 1391 1044; x_wconf 75' lang='grc' dir='ltr'>πεπονθότα.</span> <span class='ocrx_word' id='word_1_69' title='bbox 1444 987 1541 1040; x_wconf 83' lang='grc' dir='ltr'>Καὶ</span> <span class='ocrx_word' id='word_1_70' title='bbox 1589 988 1692 1061; x_wconf 83' lang='grc' dir='ltr'>γὰρ</span> <span class='ocrx_word' id='word_1_71' title='bbox 1726 980 2050 1040; x_wconf 80' lang='grc' dir='ltr'>ἐπιϐουλεύ-</span> 
     </span>
    </p>
   </div>
   <div class='ocr_carea' id='block_1_12' title="bbox 401 1068 2051 1151">
    <p class='ocr_par' dir='ltr' id='par_1_12' title="bbox 401 1068 2051 1151">
     <span class='ocr_line' id='line_1_12' title="bbox 401 1068 2051 1151; baseline -0.005 -17"><span class='ocrx_word' id='word_1_72' title='bbox 401 1101 494 1141; x_wconf 92' lang='grc' dir='ltr'>σας</span> <span class='ocrx_word' id='word_1_73' title='bbox 542 1083 621 1151; x_wconf 83' lang='grc' dir='ltr'>τῷ</span> <span class='ocrx_word' id='word_1_74' title='bbox 668 1073 858 1149; x_wconf 72' lang='grc' dir='ltr'>Ἅϐελ,</span> <span class='ocrx_word' id='word_1_75' title='bbox 909 1078 999 1131; x_wconf 76' lang='grc' dir='ltr'>καὶ</span> <span class='ocrx_word' id='word_1_76' title='bbox 1046 1076 1172 1137; x_wconf 79' lang='grc' dir='ltr'>τοὺς</span> <span class='ocrx_word' id='word_1_77' title='bbox 1205 1074 1546 1150; x_wconf 80' lang='grc' dir='ltr'>πατριάρχας</span> <span class='ocrx_word' id='word_1_78' title='bbox 1580 1073 1799 1147; x_wconf 83' lang='grc' dir='ltr'>θλίψας,</span> <span class='ocrx_word' id='word_1_79' title='bbox 1830 1068 2051 1127; x_wconf 87' lang='grc' dir='ltr'>ἐπιϐου-</span> 
     </span>
    </p>
   </div>
   <div class='ocr_carea' id='block_1_13' title="bbox 403 1157 2052 1239">
    <p class='ocr_par' dir='ltr' id='par_1_13' title="bbox 403 1157 2052 1239">
     <span class='ocr_line' id='line_1_13' title="bbox 403 1157 2052 1239; baseline -0.005 -16"><span class='ocrx_word' id='word_1_80' title='bbox 403 1166 597 1230; x_wconf 85' lang='grc' dir='ltr'>λεύσας</span> <span class='ocrx_word' id='word_1_81' title='bbox 645 1165 702 1221; x_wconf 75' lang='grc' dir='ltr'>δὲ</span> <span class='ocrx_word' id='word_1_82' title='bbox 746 1166 835 1221; x_wconf 85' lang='grc' dir='ltr'>καὶ</span> <span class='ocrx_word' id='word_1_83' title='bbox 883 1170 963 1238; x_wconf 82' lang='grc' dir='ltr'>τῷ</span> <span class='ocrx_word' id='word_1_84' title='bbox 1009 1163 1223 1236; x_wconf 70' lang='grc' dir='ltr'>Ἠσαίᾳ,</span> <span class='ocrx_word' id='word_1_85' title='bbox 1272 1163 1362 1218; x_wconf 84' lang='grc' dir='ltr'>καί</span> <span class='ocrx_word' id='word_1_86' title='bbox 1408 1166 1499 1218; x_wconf 88' lang='grc' dir='ltr'>τὸν</span> <span class='ocrx_word' id='word_1_87' title='bbox 1539 1163 1796 1239; x_wconf 85' lang='grc' dir='ltr'>Ἰερεμίαν</span> <span class='ocrx_word' id='word_1_88' title='bbox 1832 1157 2052 1237; x_wconf 84' lang='grc' dir='ltr'>ὑϐρίσας</span> 
     </span>
    </p>
   </div>
   <div class='ocr_carea' id='block_1_14' title="bbox 401 1245 2050 1330">
    <p class='ocr_par' dir='ltr' id='par_1_14' title="bbox 401 1245 2050 1330">
     <span class='ocr_line' id='line_1_14' title="bbox 401 1245 2050 1330; baseline -0.007 -17"><span class='ocrx_word' id='word_1_89' title='bbox 401 1258 490 1313; x_wconf 86' lang='grc' dir='ltr'>καὶ</span> <span class='ocrx_word' id='word_1_90' title='bbox 532 1257 624 1311; x_wconf 88' lang='grc' dir='ltr'>τὸν</span> <span class='ocrx_word' id='word_1_91' title='bbox 680 1251 803 1312; x_wconf 86' lang='grc' dir='ltr'>Ἰὼϐ</span> <span class='ocrx_word' id='word_1_92' title='bbox 853 1254 1133 1330; x_wconf 80' lang='grc' dir='ltr'>πειράσας·</span> <span class='ocrx_word' id='word_1_93' title='bbox 1184 1252 1347 1307; x_wconf 80' lang='grc' dir='ltr'>πάλιν</span> <span class='ocrx_word' id='word_1_94' title='bbox 1400 1250 1556 1327; x_wconf 64' lang='grc' dir='ltr'>ἴσχυε</span> <span class='ocrx_word' id='word_1_95' title='bbox 1587 1255 1722 1326; x_wconf 87' lang='grc'>(45),</span> <span class='ocrx_word' id='word_1_96' title='bbox 1751 1252 1839 1306; x_wconf 86' lang='grc' dir='ltr'>καὶ</span> <span class='ocrx_word' id='word_1_97' title='bbox 1870 1245 2050 1305; x_wconf 85' lang='grc' dir='ltr'>ἐϐασί-</span> 
     </span>
    </p>
   </div>
   <div class='ocr_carea' id='block_1_15' title="bbox 407 1337 2054 1417">
    <p class='ocr_par' dir='ltr' id='par_1_15' title="bbox 407 1337 2054 1417">
     <span class='ocr_line' id='line_1_15' title="bbox 407 1337 2054 1417; baseline -0.005 -16"><span class='ocrx_word' id='word_1_98' title='bbox 407 1346 560 1402; x_wconf 88' lang='grc' dir='ltr'>λευεν</span> <span class='ocrx_word' id='word_1_99' title='bbox 616 1346 643 1399; x_wconf 91' lang='lat'>6</span> <span class='ocrx_word' id='word_1_100' title='bbox 694 1343 917 1409; x_wconf 80' lang='grc' dir='ltr'>θάνατος</span> <span class='ocrx_word' id='word_1_101' title='bbox 970 1344 1075 1399; x_wconf 84' lang='grc' dir='ltr'>ἀπὸ</span> <span class='ocrx_word' id='word_1_102' title='bbox 1124 1340 1305 1415; x_wconf 74' lang='grc' dir='ltr'>Ἀδὰμ</span> <span class='ocrx_word' id='word_1_103' title='bbox 1328 1342 1776 1417; x_wconf 84' lang='grc' dir='ltr'>μέχριΜωσέως.</span> <span class='ocrx_word' id='word_1_104' title='bbox 1809 1342 1963 1415; x_wconf 79' lang='grc' dir='ltr'>Ἀρτι</span> <span class='ocrx_word' id='word_1_105' title='bbox 1996 1337 2054 1394; x_wconf 77' lang='grc' dir='ltr'>δὲ</span> 
     </span>
    </p>
   </div>
   <div class='ocr_carea' id='block_1_16' title="bbox 397 1428 2053 1508">
    <p class='ocr_par' dir='ltr' id='par_1_16' title="bbox 397 1428 2053 1508">
     <span class='ocr_line' id='line_1_16' title="bbox 397 1428 2053 1508; baseline -0.005 -17"><span class='ocrx_word' id='word_1_106' title='bbox 397 1434 685 1508; x_wconf 83' lang='grc' dir='ltr'>τολμήσας</span> <span class='ocrx_word' id='word_1_107' title='bbox 734 1436 871 1489; x_wconf 80' lang='grc' dir='ltr'>κατὰ</span> <span class='ocrx_word' id='word_1_108' title='bbox 915 1437 1013 1488; x_wconf 91' lang='grc' dir='ltr'>τοῦ</span> <span class='ocrx_word' id='word_1_109' title='bbox 1064 1432 1280 1507; x_wconf 77' lang='grc' dir='ltr'>Κυρίου,</span> <span class='ocrx_word' id='word_1_110' title='bbox 1334 1436 1526 1505; x_wconf 83' lang='grc' dir='ltr'>θεωρεῖ</span> <span class='ocrx_word' id='word_1_111' title='bbox 1574 1430 1758 1484; x_wconf 73' lang='grc' dir='ltr'>ἑαυτὸν</span> <span class='ocrx_word' id='word_1_112' title='bbox 1825 1428 2053 1503; x_wconf 84' lang='grc' dir='ltr'>γενόμε-</span> 
     </span>
    </p>
   </div>
   <div class='ocr_carea' id='block_1_17' title="bbox 398 1516 2052 1595">
    <p class='ocr_par' dir='ltr' id='par_1_17' title="bbox 398 1516 2052 1595">
     <span class='ocr_line' id='line_1_17' title="bbox 398 1516 2052 1595; baseline -0.005 -16"><span class='ocrx_word' id='word_1_113' title='bbox 398 1546 489 1580; x_wconf 88' lang='grc' dir='ltr'>νον</span> <span class='ocrx_word' id='word_1_114' title='bbox 523 1527 690 1595; x_wconf 84' lang='grc' dir='ltr'>Ἶρον,</span> <span class='ocrx_word' id='word_1_115' title='bbox 738 1522 829 1577; x_wconf 84' lang='grc' dir='ltr'>καὶ</span> <span class='ocrx_word' id='word_1_116' title='bbox 880 1516 1214 1589; x_wconf 80' lang='grc' dir='ltr'>ἐκϐληθέντα</span> <span class='ocrx_word' id='word_1_117' title='bbox 1262 1524 1359 1574; x_wconf 90' lang='grc' dir='ltr'>τοῦ</span> <span class='ocrx_word' id='word_1_118' title='bbox 1407 1520 1628 1586; x_wconf 89' lang='grc' dir='ltr'>παντὸς,</span> <span class='ocrx_word' id='word_1_119' title='bbox 1660 1518 1747 1572; x_wconf 84' lang='grc' dir='ltr'>καὶ</span> <span class='ocrx_word' id='word_1_120' title='bbox 1781 1518 1884 1571; x_wconf 83' lang='grc' dir='ltr'>ὑπὸ</span> <span class='ocrx_word' id='word_1_121' title='bbox 1914 1518 2052 1571; x_wconf 80' lang='grc' dir='ltr'>πάν-</span> 
     </span>
    </p>
   </div>
   <div class='ocr_carea' id='block_1_18' title="bbox 399 1607 2055 1685">
    <p class='ocr_par' dir='ltr' id='par_1_18' title="bbox 399 1607 2055 1685">
     <span class='ocr_line' id='line_1_18' title="bbox 399 1607 2055 1685; baseline -0.005 -16"><span class='ocrx_word' id='word_1_122' title='bbox 399 1636 506 1669; x_wconf 89' lang='grc' dir='ltr'>των</span> <span class='ocrx_word' id='word_1_123' title='bbox 553 1611 1053 1684; x_wconf 75' lang='grc' dir='ltr'>καταπατούμενον.</span> <span class='ocrx_word' id='word_1_124' title='bbox 1105 1611 1302 1685; x_wconf 83' lang='grc' dir='ltr'>Ἔργον</span> <span class='ocrx_word' id='word_1_125' title='bbox 1353 1609 1454 1684; x_wconf 80' lang='grc' dir='ltr'>γὰρ</span> <span class='ocrx_word' id='word_1_126' title='bbox 1502 1612 1599 1662; x_wconf 88' lang='grc' dir='ltr'>τοῦ</span> <span class='ocrx_word' id='word_1_127' title='bbox 1657 1613 1919 1680; x_wconf 80' lang='grc' dir='ltr'>Σωτῆρος</span> <span class='ocrx_word' id='word_1_128' title='bbox 1965 1607 2055 1682; x_wconf 86' lang='grc' dir='ltr'>γέ-</span> 
     </span>
    </p>
   </div>
   <div class='ocr_carea' id='block_1_19' title="bbox 401 1695 2054 1779">
    <p class='ocr_par' dir='ltr' id='par_1_19' title="bbox 401 1695 2054 1779">
     <span class='ocr_line' id='line_1_19' title="bbox 401 1695 2054 1779; baseline -0.005 -22"><span class='ocrx_word' id='word_1_129' title='bbox 401 1723 524 1779; x_wconf 86' lang='grc' dir='ltr'>γονε</span> <span class='ocrx_word' id='word_1_130' title='bbox 576 1703 652 1776; x_wconf 74' lang='grc' dir='ltr'>μὴ</span> <span class='ocrx_word' id='word_1_131' title='bbox 708 1700 867 1774; x_wconf 90' lang='grc' dir='ltr'>μόνον</span> <span class='ocrx_word' id='word_1_132' title='bbox 920 1701 1035 1771; x_wconf 83' lang='grc'>(46)</span> <span class='ocrx_word' id='word_1_133' title='bbox 1084 1698 1250 1753; x_wconf 81' lang='grc' dir='ltr'>αὐτοῦ</span> <span class='ocrx_word' id='word_1_134' title='bbox 1297 1702 1395 1752; x_wconf 89' lang='grc' dir='ltr'>τοῦ</span> <span class='ocrx_word' id='word_1_135' title='bbox 1446 1696 1673 1751; x_wconf 82' lang='grc' dir='ltr'>θανάτου</span> <span class='ocrx_word' id='word_1_136' title='bbox 1710 1695 2054 1768; x_wconf 81' lang='grc' dir='ltr'>καταπαῖξαι,</span> 
     </span>
    </p>
   </div>
   <div class='ocr_carea' id='block_1_20' title="bbox 406 1783 2132 1886">
    <p class='ocr_par' dir='ltr' id='par_1_20' title="bbox 406 1783 2132 1886">
     <span class='ocr_line' id='line_1_20' title="bbox 406 1783 2132 1886; baseline -0.005 -40"><span class='ocrx_word' id='word_1_137' title='bbox 406 1789 552 1846; x_wconf 83' lang='grc' dir='ltr'>ἀλλά</span> <span class='ocrx_word' id='word_1_138' title='bbox 595 1790 684 1845; x_wconf 80' lang='grc' dir='ltr'>καὶ</span> <span class='ocrx_word' id='word_1_139' title='bbox 732 1792 883 1862; x_wconf 74' lang='grc' dir='ltr'>ἡμᾶς</span> <span class='ocrx_word' id='word_1_140' title='bbox 927 1790 1009 1844; x_wconf 63' lang='grc' dir='ltr'>ἔπ’</span> <span class='ocrx_word' id='word_1_141' title='bbox 1054 1787 1219 1842; x_wconf 83' lang='grc' dir='ltr'>αὐτοῦ</span> <span class='ocrx_word' id='word_1_142' title='bbox 1282 1786 1564 1886; x_wconf 64' lang='grc' dir='ltr'>ἐπιθεῖναι·</span> <span class='ocrx_word' id='word_1_143' title='bbox 1617 1783 1710 1839; x_wconf 74' lang='grc' dir='ltr'>’ίνα</span> <span class='ocrx_word' id='word_1_144' title='bbox 1756 1784 2050 1886; x_wconf 44' lang='grc' dir='ltr'>μή“μόνον</span> <span class='ocrx_word' id='word_1_145' title='bbox 2084 1821 2132 1886; x_wconf 82' lang='grc' dir='ltr'>Β</span> 
     </span>
    </p>
   </div>
   <div class='ocr_carea' id='block_1_21' title="bbox 404 1870 2053 1955">
    <p class='ocr_par' dir='ltr' id='par_1_21' title="bbox 404 1870 2053 1955">
     <span class='ocr_line' id='line_1_21' title="bbox 404 1870 2053 1955; baseline -0.006 -20"><span class='ocrx_word' id='word_1_146' title='bbox 404 1884 554 1955; x_wconf 78' lang='grc' dir='ltr'>ἡμᾶς</span> <span class='ocrx_word' id='word_1_147' title='bbox 600 1886 702 1948; x_wconf 83' lang='grc' dir='ltr'>τῆς</span> <span class='ocrx_word' id='word_1_148' title='bbox 750 1876 1001 1939; x_wconf 77' lang='grc' dir='ltr'>δουλείας</span> <span class='ocrx_word' id='word_1_149' title='bbox 1036 1875 1390 1948; x_wconf 78' lang='grc' dir='ltr'>ἐλευθερώσῃ,</span> <span class='ocrx_word' id='word_1_150' title='bbox 1424 1871 1569 1929; x_wconf 79' lang='grc' dir='ltr'>ἀλλὰ</span> <span class='ocrx_word' id='word_1_151' title='bbox 1598 1875 1687 1927; x_wconf 87' lang='grc' dir='ltr'>καὶ</span> <span class='ocrx_word' id='word_1_152' title='bbox 1716 1874 1808 1927; x_wconf 87' lang='grc' dir='ltr'>τὸν</span> <span class='ocrx_word' id='word_1_153' title='bbox 1843 1870 2053 1926; x_wconf 84' lang='grc' dir='ltr'>δουλώ-</span> 
     </span>
    </p>
   </div>
   <div class='ocr_carea' id='block_1_22' title="bbox 408 1961 2051 2042">
    <p class='ocr_par' dir='ltr' id='par_1_22' title="bbox 408 1961 2051 2042">
     <span class='ocr_line' id='line_1_22' title="bbox 408 1961 2051 2042; baseline -0.005 -18"><span class='ocrx_word' id='word_1_154' title='bbox 408 1990 568 2024; x_wconf 89' lang='grc' dir='ltr'>σαντα</span> <span class='ocrx_word' id='word_1_155' title='bbox 615 1971 761 2040; x_wconf 76' lang='grc' dir='ltr'>ἡμᾶς</span> <span class='ocrx_word' id='word_1_156' title='bbox 808 1967 1138 2042; x_wconf 75' lang='grc' dir='ltr'>καταργήσῃ’</span> <span class='ocrx_word' id='word_1_157' title='bbox 1197 1966 1409 2038; x_wconf 74' lang='grc' dir='ltr'>μήποτε</span> <span class='ocrx_word' id='word_1_158' title='bbox 1456 1961 1620 2018; x_wconf 81' lang='grc' dir='ltr'>πάλιν</span> <span class='ocrx_word' id='word_1_159' title='bbox 1658 1961 1885 2037; x_wconf 82' lang='grc' dir='ltr'>ἰσχύσας</span> <span class='ocrx_word' id='word_1_160' title='bbox 1916 1962 2051 2016; x_wconf 88' lang='grc' dir='ltr'>ἀπα-</span> 
     </span>
    </p>
   </div>
   <div class='ocr_carea' id='block_1_23' title="bbox 405 2049 2052 2130">
    <p class='ocr_par' dir='ltr' id='par_1_23' title="bbox 405 2049 2052 2130">
     <span class='ocr_line' id='line_1_23' title="bbox 405 2049 2052 2130; baseline -0.006 -17"><span class='ocrx_word' id='word_1_161' title='bbox 405 2060 545 2130; x_wconf 77' lang='grc' dir='ltr'>τήσῃ</span> <span class='ocrx_word' id='word_1_162' title='bbox 590 2060 761 2128; x_wconf 76' lang='grc' dir='ltr'>ἡμᾶς,</span> <span class='ocrx_word' id='word_1_163' title='bbox 810 2055 899 2109; x_wconf 87' lang='grc' dir='ltr'>καὶ</span> <span class='ocrx_word' id='word_1_164' title='bbox 951 2054 1025 2115; x_wconf 84' lang='grc' dir='ltr'>εἷς</span> <span class='ocrx_word' id='word_1_165' title='bbox 1060 2053 1222 2129; x_wconf 84' lang='grc' dir='ltr'>ἀργὸν</span> <span class='ocrx_word' id='word_1_166' title='bbox 1251 2052 1415 2106; x_wconf 85' lang='grc' dir='ltr'>αὐτοῦ</span> <span class='ocrx_word' id='word_1_167' title='bbox 1446 2052 1506 2105; x_wconf 88' lang='grc' dir='ltr'>τὸ</span> <span class='ocrx_word' id='word_1_168' title='bbox 1537 2049 1864 2124; x_wconf 87' lang='grc' dir='ltr'>κατόρθωμα</span> <span class='ocrx_word' id='word_1_169' title='bbox 1893 2051 2052 2125; x_wconf 85' lang='grc' dir='ltr'>γένη-</span> 
     </span>
    </p>
   </div>
   <div class='ocr_carea' id='block_1_24' title="bbox 404 2139 2053 2214">
    <p class='ocr_par' dir='ltr' id='par_1_24' title="bbox 404 2139 2053 2214">
     <span class='ocr_line' id='line_1_24' title="bbox 404 2139 2053 2214; baseline -0.007 -11"><span class='ocrx_word' id='word_1_170' title='bbox 404 2169 511 2203; x_wconf 89' lang='grc' dir='ltr'>ται.</span> <span class='ocrx_word' id='word_1_171' title='bbox 573 2147 729 2204; x_wconf 79' lang='grc' dir='ltr'>’Όθεν</span> <span class='ocrx_word' id='word_1_172' title='bbox 789 2144 971 2214; x_wconf 77' lang='grc' dir='ltr'>αὐτὸς,</span> <span class='ocrx_word' id='word_1_173' title='bbox 1020 2139 1346 2211; x_wconf 81' lang='grc' dir='ltr'>καταπαίξας</span> <span class='ocrx_word' id='word_1_174' title='bbox 1399 2144 1498 2195; x_wconf 85' lang='grc' dir='ltr'>τοῦ</span> <span class='ocrx_word' id='word_1_175' title='bbox 1550 2140 1799 2208; x_wconf 78' lang='grc' dir='ltr'>θανάτου,</span> <span class='ocrx_word' id='word_1_176' title='bbox 1860 2139 2053 2193; x_wconf 74' lang='grc' dir='ltr'>λοιπὸν</span> 
     </span>
    </p>
   </div>
   <div class='ocr_carea' id='block_1_25' title="bbox 408 2224 2051 2304">
    <p class='ocr_par' dir='ltr' id='par_1_25' title="bbox 408 2224 2051 2304">
     <span class='ocr_line' id='line_1_25' title="bbox 408 2224 2051 2304; baseline -0.005 -14"><span class='ocrx_word' id='word_1_177' title='bbox 408 2232 624 2290; x_wconf 72' lang='grc' dir='ltr'>ἔκδοτον</span> <span class='ocrx_word' id='word_1_178' title='bbox 671 2235 759 2287; x_wconf 84' lang='grc' dir='ltr'>καὶ</span> <span class='ocrx_word' id='word_1_179' title='bbox 810 2235 946 2304; x_wconf 79' lang='grc' dir='ltr'>ἡμῖν</span> <span class='ocrx_word' id='word_1_180' title='bbox 992 2231 1149 2285; x_wconf 84' lang='grc' dir='ltr'>αὐτὸν</span> <span class='ocrx_word' id='word_1_181' title='bbox 1202 2230 1277 2291; x_wconf 86' lang='grc' dir='ltr'>εἷς</span> <span class='ocrx_word' id='word_1_182' title='bbox 1320 2230 1382 2283; x_wconf 86' lang='grc' dir='ltr'>τὸ</span> <span class='ocrx_word' id='word_1_183' title='bbox 1431 2229 1705 2282; x_wconf 78' lang='grc' dir='ltr'>πατεῖσθαι</span> <span class='ocrx_word' id='word_1_184' title='bbox 1741 2224 1929 2281; x_wconf 85' lang='grc' dir='ltr'>δίδωσι</span> <span class='ocrx_word' id='word_1_185' title='bbox 1960 2227 2051 2282; x_wconf 85' lang='grc' dir='ltr'>λέ-</span> 
     </span>
    </p>
   </div>
   <div class='ocr_carea' id='block_1_26' title="bbox 404 2314 2053 2399">
    <p class='ocr_par' dir='ltr' id='par_1_26' title="bbox 404 2314 2053 2399">
     <span class='ocr_line' id='line_1_26' title="bbox 404 2314 2053 2399; baseline -0.005 -21"><span class='ocrx_word' id='word_1_186' title='bbox 404 2344 538 2399; x_wconf 74' lang='grc' dir='ltr'>γων’</span> <span class='ocrx_word' id='word_1_187' title='bbox 600 2347 628 2375; x_wconf 73' lang='grc' dir='ltr'>ι(</span> <span class='ocrx_word' id='word_1_188' title='bbox 686 2320 826 2377; x_wconf 80' lang='grc' dir='ltr'>Ἰδοὺ</span> <span class='ocrx_word' id='word_1_189' title='bbox 891 2318 1102 2375; x_wconf 80' lang='grc' dir='ltr'>δέδωκα</span> <span class='ocrx_word' id='word_1_190' title='bbox 1161 2319 1284 2391; x_wconf 83' lang='grc' dir='ltr'>ὑμῖν</span> <span class='ocrx_word' id='word_1_191' title='bbox 1337 2317 1571 2387; x_wconf 78' lang='grc' dir='ltr'>ἐξουσίαν</span> <span class='ocrx_word' id='word_1_192' title='bbox 1634 2322 1818 2371; x_wconf 83' lang='grc' dir='ltr'>πατεῖν</span> <span class='ocrx_word' id='word_1_193' title='bbox 1880 2314 2053 2370; x_wconf 72' lang='grc' dir='ltr'>ἐπάνω</span> 
     </span>
    </p>
   </div>
   <div class='ocr_carea' id='block_1_27' title="bbox 408 2402 2056 2489">
    <p class='ocr_par' dir='ltr' id='par_1_27' title="bbox 408 2402 2056 2489">
     <span class='ocr_line' id='line_1_27' title="bbox 408 2402 2056 2489; baseline -0.005 -23"><span class='ocrx_word' id='word_1_194' title='bbox 408 2408 582 2489; x_wconf 69' lang='grc' dir='ltr'>ὄφεων</span> <span class='ocrx_word' id='word_1_195' title='bbox 642 2410 734 2464; x_wconf 83' lang='grc' dir='ltr'>καὶ</span> <span class='ocrx_word' id='word_1_196' title='bbox 802 2406 1098 2480; x_wconf 74' lang='grc' dir='ltr'>σκορπίων,</span> <span class='ocrx_word' id='word_1_197' title='bbox 1150 2405 1240 2460; x_wconf 88' lang='grc' dir='ltr'>καὶ</span> <span class='ocrx_word' id='word_1_198' title='bbox 1296 2404 1382 2459; x_wconf 80' lang='grc' dir='ltr'>ἔ,πῖ</span> <span class='ocrx_word' id='word_1_199' title='bbox 1441 2410 1610 2459; x_wconf 78' lang='grc' dir='ltr'>πᾶσαν</span> <span class='ocrx_word' id='word_1_200' title='bbox 1670 2406 1768 2474; x_wconf 72' lang='grc' dir='ltr'>τὴν</span> <span class='ocrx_word' id='word_1_201' title='bbox 1830 2402 2056 2477; x_wconf 83' lang='grc' dir='ltr'>δύναμιν</span> 
     </span>
    </p>
   </div>
   <div class='ocr_carea' id='block_1_28' title="bbox 407 2492 2055 2574">
    <p class='ocr_par' dir='ltr' id='par_1_28' title="bbox 407 2492 2055 2574">
     <span class='ocr_line' id='line_1_28' title="bbox 407 2492 2055 2574; baseline -0.005 -19"><span class='ocrx_word' id='word_1_202' title='bbox 407 2498 503 2555; x_wconf 81' lang='grc' dir='ltr'>τοῦ</span> <span class='ocrx_word' id='word_1_203' title='bbox 555 2497 775 2574; x_wconf 80' lang='grc' dir='ltr'>ἐχθροῦ·</span> <span class='ocrx_word' id='word_1_204' title='bbox 832 2521 860 2550; x_wconf 90' lang='grc'><strong>››</strong></span> <span class='ocrx_word' id='word_1_205' title='bbox 911 2495 1001 2551; x_wconf 82' lang='grc' dir='ltr'>καὶ</span> <span class='ocrx_word' id='word_1_206' title='bbox 1032 2494 1217 2549; x_wconf 73' lang='grc' dir='ltr'>πάλιψ</span> <span class='ocrx_word' id='word_1_207' title='bbox 1253 2519 1280 2545; x_wconf 87' lang='grc'>‹‹</span> <span class='ocrx_word' id='word_1_208' title='bbox 1336 2496 1710 2563; x_wconf 83' lang='grc' dir='ltr'>Καταπατήσει</span> <span class='ocrx_word' id='word_1_209' title='bbox 1744 2492 1937 2548; x_wconf 84' lang='grc' dir='ltr'>λέοντα</span> <span class='ocrx_word' id='word_1_210' title='bbox 1965 2492 2055 2547; x_wconf 85' lang='grc' dir='ltr'>καὶ</span> 
     </span>
    </p>
   </div>
   <div class='ocr_carea' id='block_1_29' title="bbox 411 2580 2054 2665">
    <p class='ocr_par' dir='ltr' id='par_1_29' title="bbox 411 2580 2054 2665">
     <span class='ocr_line' id='line_1_29' title="bbox 411 2580 2054 2665; baseline -0.005 -22"><span class='ocrx_word' id='word_1_211' title='bbox 411 2587 699 2665; x_wconf 81' lang='grc' dir='ltr'>δράκοντα.</span> <span class='ocrx_word' id='word_1_212' title='bbox 758 2611 776 2637; x_wconf 72' lang='grc' dir='ltr'>ι</span> <span class='ocrx_word' id='word_1_213' title='bbox 831 2584 1007 2640; x_wconf 80' lang='grc' dir='ltr'>Πάλαι</span> <span class='ocrx_word' id='word_1_214' title='bbox 1062 2584 1156 2656; x_wconf 76' lang='grc' dir='ltr'>μὲν</span> <span class='ocrx_word' id='word_1_215' title='bbox 1207 2583 1307 2659; x_wconf 73' lang='grc' dir='ltr'>γὰρ</span> <span class='ocrx_word' id='word_1_216' title='bbox 1380 2583 1407 2637; x_wconf 98' lang='lat'>6</span> <span class='ocrx_word' id='word_1_217' title='bbox 1475 2580 1598 2659; x_wconf 76' lang='grc' dir='ltr'>ὅφις</span> <span class='ocrx_word' id='word_1_218' title='bbox 1654 2583 1901 2653; x_wconf 74' lang='grc' dir='ltr'>ἠπάτησε</span> <span class='ocrx_word' id='word_1_219' title='bbox 1955 2583 2054 2650; x_wconf 78' lang='grc' dir='ltr'>τὴν</span> 
     </span>
    </p>
   </div>
   <div class='ocr_carea' id='block_1_30' title="bbox 406 2668 2057 2751">
    <p class='ocr_par' dir='ltr' id='par_1_30' title="bbox 406 2668 2057 2751">
     <span class='ocr_line' id='line_1_30' title="bbox 406 2668 2057 2751; baseline -0.004 -18"><span class='ocrx_word' id='word_1_220' title='bbox 406 2675 570 2748; x_wconf 76' lang='grc' dir='ltr'>Εὕαν,</span> <span class='ocrx_word' id='word_1_221' title='bbox 629 2677 718 2731; x_wconf 84' lang='grc' dir='ltr'>καὶ</span> <span class='ocrx_word' id='word_1_222' title='bbox 766 2680 845 2747; x_wconf 83' lang='grc' dir='ltr'>τῷ</span> <span class='ocrx_word' id='word_1_223' title='bbox 894 2673 1075 2751; x_wconf 81' lang='grc' dir='ltr'>φθόνῳ</span> <span class='ocrx_word' id='word_1_224' title='bbox 1121 2671 1314 2726; x_wconf 90' lang='grc' dir='ltr'>τούτου</span> <span class='ocrx_word' id='word_1_225' title='bbox 1363 2672 1390 2727; x_wconf 91' lang='grc' dir='ltr'>ὁ</span> <span class='ocrx_word' id='word_1_226' title='bbox 1434 2672 1653 2734; x_wconf 79' lang='grc' dir='ltr'>θάνατος</span> <span class='ocrx_word' id='word_1_227' title='bbox 1711 2668 1955 2740; x_wconf 69' lang='grc' dir='ltr'>εἶσῆλθεν</span> <span class='ocrx_word' id='word_1_228' title='bbox 1980 2670 2057 2734; x_wconf 82' lang='grc' dir='ltr'>είς</span> 
     </span>
    </p>
   </div>
   <div class='ocr_carea' id='block_1_31' title="bbox 408 2759 2055 2838">
    <p class='ocr_par' dir='ltr' id='par_1_31' title="bbox 408 2759 2055 2838">
     <span class='ocr_line' id='line_1_31' title="bbox 408 2759 2055 2838; baseline -0.005 -17"><span class='ocrx_word' id='word_1_229' title='bbox 408 2767 500 2821; x_wconf 86' lang='grc' dir='ltr'>τὸν</span> <span class='ocrx_word' id='word_1_230' title='bbox 560 2766 788 2838; x_wconf 66' lang='grc' dir='ltr'>κόσμον*</span> <span class='ocrx_word' id='word_1_231' title='bbox 849 2764 970 2838; x_wconf 78' lang='grc' dir='ltr'>ἄρτι</span> <span class='ocrx_word' id='word_1_232' title='bbox 1016 2759 1073 2816; x_wconf 82' lang='grc' dir='ltr'>δὶ</span> <span class='ocrx_word' id='word_1_233' title='bbox 1121 2766 1389 2833; x_wconf 85' lang='grc' dir='ltr'>πατεῖται,</span> <span class='ocrx_word' id='word_1_234' title='bbox 1447 2760 1536 2815; x_wconf 83' lang='grc' dir='ltr'>καὶ</span> <span class='ocrx_word' id='word_1_235' title='bbox 1595 2759 1767 2824; x_wconf 69' lang='grc' dir='ltr'>θέλων</span> <span class='ocrx_word' id='word_1_236' title='bbox 1828 2760 2055 2830; x_wconf 78' lang='grc' dir='ltr'>ἀπατᾷν,</span> 
     </span>
    </p>
   </div>
   <div class='ocr_carea' id='block_1_32' title="bbox 415 2846 2057 2928">
    <p class='ocr_par' dir='ltr' id='par_1_32' title="bbox 415 2846 2057 2928">
     <span class='ocr_line' id='line_1_32' title="bbox 415 2846 2057 2928; baseline -0.005 -18"><span class='ocrx_word' id='word_1_237' title='bbox 415 2854 620 2910; x_wconf 70' lang='grc' dir='ltr'>ἀκούεν</span> <span class='ocrx_word' id='word_1_238' title='bbox 675 2878 702 2905; x_wconf 91' lang='grc'>‹‹</span> <span class='ocrx_word' id='word_1_239' title='bbox 752 2856 954 2928; x_wconf 82' lang='grc' dir='ltr'>Ὕπαγε</span> <span class='ocrx_word' id='word_1_240' title='bbox 1004 2849 1180 2905; x_wconf 81' lang='grc' dir='ltr'>ὀπίσω</span> <span class='ocrx_word' id='word_1_241' title='bbox 1233 2870 1359 2922; x_wconf 85' lang='grc' dir='ltr'>μου,</span> <span class='ocrx_word' id='word_1_242' title='bbox 1413 2855 1621 2903; x_wconf 87' lang='grc' dir='ltr'>Σατανᾶ</span> <span class='ocrx_word' id='word_1_243' title='bbox 1674 2848 1831 2902; x_wconf 82' lang='grc' dir='ltr'>»Καὶ</span> <span class='ocrx_word' id='word_1_244' title='bbox 1888 2846 2057 2903; x_wconf 79' lang='grc' dir='ltr'>πάλαι</span> 
     </span>
    </p>
   </div>
   <div class='ocr_carea' id='block_1_33' title="bbox 415 2932 2057 3019">
    <p class='ocr_par' dir='ltr' id='par_1_33' title="bbox 415 2932 2057 3019">
     <span class='ocr_line' id='line_1_33' title="bbox 415 2932 2057 3019; baseline -0.005 -20"><span class='ocrx_word' id='word_1_245' title='bbox 415 2945 508 3019; x_wconf 78' lang='grc' dir='ltr'>μὶν</span> <span class='ocrx_word' id='word_1_246' title='bbox 543 2945 571 2999; x_wconf 98' lang='lat'>6</span> <span class='ocrx_word' id='word_1_247' title='bbox 603 2939 873 3003; x_wconf 81' lang='grc' dir='ltr'>ἀντίδικος</span> <span class='ocrx_word' id='word_1_248' title='bbox 903 2943 1062 3013; x_wconf 72' lang='grc' dir='ltr'>ἡμῶν</span> <span class='ocrx_word' id='word_1_249' title='bbox 1095 2932 1358 3000; x_wconf 77' lang='grc' dir='ltr'>διάϐολος</span> <span class='ocrx_word' id='word_1_250' title='bbox 1408 2937 1484 2999; x_wconf 83' lang='grc' dir='ltr'>ὡς</span> <span class='ocrx_word' id='word_1_251' title='bbox 1533 2937 1670 2992; x_wconf 83' lang='grc' dir='ltr'>λέων</span> <span class='ocrx_word' id='word_1_252' title='bbox 1719 2938 2057 3012; x_wconf 77' lang='grc' dir='ltr'>περιεπάται,</span> 
     </span>
    </p>
   </div>
   <div class='ocr_carea' id='block_1_34' title="bbox 415 3022 2062 3107">
    <p class='ocr_par' dir='ltr' id='par_1_34' title="bbox 415 3022 2062 3107">
     <span class='ocr_line' id='line_1_34' title="bbox 415 3022 2062 3107; baseline -0.005 -20"><span class='ocrx_word' id='word_1_253' title='bbox 415 3031 585 3107; x_wconf 77' lang='grc' dir='ltr'>διψῶν</span> <span class='ocrx_word' id='word_1_254' title='bbox 643 3033 743 3101; x_wconf 79' lang='grc' dir='ltr'>τὴν</span> <span class='ocrx_word' id='word_1_255' title='bbox 803 3031 1085 3104; x_wconf 78' lang='grc' dir='ltr'>ἡμετήραν</span> <span class='ocrx_word' id='word_1_256' title='bbox 1144 3029 1351 3103; x_wconf 78' lang='grc' dir='ltr'>ψυχήν·</span> <span class='ocrx_word' id='word_1_257' title='bbox 1406 3024 1525 3100; x_wconf 79' lang='grc' dir='ltr'>ἄρτι</span> <span class='ocrx_word' id='word_1_258' title='bbox 1560 3022 1618 3081; x_wconf 74' lang='grc' dir='ltr'>δὲ</span> <span class='ocrx_word' id='word_1_259' title='bbox 1680 3031 2062 3081; x_wconf 77' lang='grc' dir='ltr'>καταπατεῖται</span> 
     </span>
    </p>
   </div>
   <div class='ocr_carea' id='block_1_35' title="bbox 411 3114 2060 3195">
    <p class='ocr_par' dir='ltr' id='par_1_35' title="bbox 411 3114 2060 3195">
     <span class='ocr_line' id='line_1_35' title="bbox 411 3114 2060 3195; baseline -0.005 -18"><span class='ocrx_word' id='word_1_260' title='bbox 411 3122 503 3177; x_wconf 78' lang='grc' dir='ltr'>σὺν</span> <span class='ocrx_word' id='word_1_261' title='bbox 546 3120 626 3194; x_wconf 79' lang='grc' dir='ltr'>τῷ</span> <span class='ocrx_word' id='word_1_262' title='bbox 674 3118 947 3195; x_wconf 76' lang='grc' dir='ltr'>δράκοντι,</span> <span class='ocrx_word' id='word_1_263' title='bbox 996 3118 1086 3172; x_wconf 84' lang='grc' dir='ltr'>καὶ</span> <span class='ocrx_word' id='word_1_264' title='bbox 1120 3115 1313 3171; x_wconf 85' lang='grc' dir='ltr'>λοιπὸν</span> <span class='ocrx_word' id='word_1_265' title='bbox 1347 3116 1375 3170; x_wconf 90' lang='lat'>6</span> <span class='ocrx_word' id='word_1_266' title='bbox 1409 3116 1538 3177; x_wconf 77' lang='grc' dir='ltr'>Θεὸς</span> <span class='ocrx_word' id='word_1_267' title='bbox 1574 3114 1625 3170; x_wconf 82' lang='grc' dir='ltr'>ἐν</span> <span class='ocrx_word' id='word_1_268' title='bbox 1657 3114 1814 3189; x_wconf 82' lang='grc' dir='ltr'>τάχει</span> <span class='ocrx_word' id='word_1_269' title='bbox 1847 3114 2060 3187; x_wconf 84' lang='grc' dir='ltr'>συντρί-</span> 
     </span>
    </p>
   </div>
   <div class='ocr_carea' id='block_1_36' title="bbox 415 3186 2136 3286">
    <p class='ocr_par' dir='ltr' id='par_1_36' title="bbox 415 3186 2136 3286">
     <span class='ocr_line' id='line_1_36' title="bbox 415 3186 2136 3286; baseline -0.006 -20"><span class='ocrx_word' id='word_1_270' title='bbox 415 3214 503 3286; x_wconf 79' lang='grc' dir='ltr'>ψει</span> <span class='ocrx_word' id='word_1_271' title='bbox 550 3211 643 3265; x_wconf 84' lang='grc' dir='ltr'>τὸν</span> <span class='ocrx_word' id='word_1_272' title='bbox 675 3214 912 3264; x_wconf 80' lang='grc' dir='ltr'>Σατανᾶν</span> <span class='ocrx_word' id='word_1_273' title='bbox 948 3207 1050 3261; x_wconf 83' lang='grc' dir='ltr'>ὑπὸ</span> <span class='ocrx_word' id='word_1_274' title='bbox 1079 3205 1205 3267; x_wconf 85' lang='grc' dir='ltr'>τοὺς</span> <span class='ocrx_word' id='word_1_275' title='bbox 1235 3202 1404 3266; x_wconf 83' lang='grc' dir='ltr'>πόδας</span> <span class='ocrx_word' id='word_1_276' title='bbox 1431 3206 1615 3277; x_wconf 77' lang='grc' dir='ltr'>ἡμῶν.</span> <span class='ocrx_word' id='word_1_277' title='bbox 1659 3204 1758 3258; x_wconf 79' lang='grc' dir='ltr'>Καὶ</span> <span class='ocrx_word' id='word_1_278' title='bbox 1808 3201 2064 3257; x_wconf 82' lang='grc' dir='ltr'>τοσοῦτον</span> <span class='ocrx_word' id='word_1_279' title='bbox 2093 3186 2136 3253; x_wconf 78' lang='lat' dir='ltr'>C</span> 
     </span>
    </p>
   </div>
   <div class='ocr_carea' id='block_1_37' title="bbox 417 3291 2061 3374">
    <p class='ocr_par' dir='ltr' id='par_1_37' title="bbox 417 3291 2061 3374">
     <span class='ocr_line' id='line_1_37' title="bbox 417 3291 2061 3374; baseline -0.005 -20"><span class='ocrx_word' id='word_1_280' title='bbox 417 3303 832 3374; x_wconf 73' lang='grc' dir='ltr'>καταφρονεῖται</span> <span class='ocrx_word' id='word_1_281' title='bbox 890 3295 978 3351; x_wconf 83' lang='grc' dir='ltr'>καὶ</span> <span class='ocrx_word' id='word_1_282' title='bbox 1036 3295 1302 3365; x_wconf 78' lang='grc' dir='ltr'>παίζεται,</span> <span class='ocrx_word' id='word_1_283' title='bbox 1363 3294 1436 3355; x_wconf 87' lang='grc' dir='ltr'>ὡς</span> <span class='ocrx_word' id='word_1_284' title='bbox 1492 3293 1581 3348; x_wconf 81' lang='grc' dir='ltr'>καὶ</span> <span class='ocrx_word' id='word_1_285' title='bbox 1648 3291 1734 3346; x_wconf 83' lang='grc' dir='ltr'>ἐπὶ</span> <span class='ocrx_word' id='word_1_286' title='bbox 1809 3291 2061 3367; x_wconf 83' lang='grc' dir='ltr'>τρώγλην</span> 
     </span>
    </p>
   </div>
   <div class='ocr_carea' id='block_1_38' title="bbox 420 3375 2061 3460">
    <p class='ocr_par' dir='ltr' id='par_1_38' title="bbox 420 3375 2061 3460">
     <span class='ocr_line' id='line_1_38' title="bbox 420 3375 2061 3460; baseline -0.003 -17"><span class='ocrx_word' id='word_1_287' title='bbox 420 3385 680 3460; x_wconf 76' lang='grc' dir='ltr'>ἀσπίδων,</span> <span class='ocrx_word' id='word_1_288' title='bbox 742 3380 1082 3441; x_wconf 82' lang='grc' dir='ltr'>ἐκϐάλλοντά</span> <span class='ocrx_word' id='word_1_289' title='bbox 1113 3404 1231 3437; x_wconf 89' lang='grc' dir='ltr'>τινα</span> <span class='ocrx_word' id='word_1_290' title='bbox 1259 3384 1358 3452; x_wconf 84' lang='grc' dir='ltr'>τήν</span> <span class='ocrx_word' id='word_1_291' title='bbox 1390 3388 1572 3459; x_wconf 88' lang='grc' dir='ltr'>χεῖρα,</span> <span class='ocrx_word' id='word_1_292' title='bbox 1628 3382 1704 3453; x_wconf 80' lang='grc' dir='ltr'>μὴ</span> <span class='ocrx_word' id='word_1_293' title='bbox 1758 3375 2061 3459; x_wconf 82' lang='grc' dir='ltr'>φοϐεῖσθαι.</span> 
     </span>
    </p>
   </div>
   <div class='ocr_carea' id='block_1_39' title="bbox 414 3466 2063 3552">
    <p class='ocr_par' dir='ltr' id='par_1_39' title="bbox 414 3466 2063 3552">
     <span class='ocr_line' id='line_1_39' title="bbox 414 3466 2063 3552; baseline -0.005 -20"><span class='ocrx_word' id='word_1_294' title='bbox 414 3482 591 3532; x_wconf 88' lang='grc' dir='ltr'>Ταῦτα</span> <span class='ocrx_word' id='word_1_295' title='bbox 640 3476 744 3552; x_wconf 79' lang='grc' dir='ltr'>γὰρ</span> <span class='ocrx_word' id='word_1_296' title='bbox 800 3470 1013 3535; x_wconf 76' lang='grc' dir='ltr'>Ἠσαίας</span> <span class='ocrx_word' id='word_1_297' title='bbox 1070 3473 1458 3548; x_wconf 61' lang='grc' dir='ltr'>προεφήτευσε</span> <span class='ocrx_word' id='word_1_298' title='bbox 1518 3470 1606 3525; x_wconf 83' lang='grc' dir='ltr'>καὶ</span> <span class='ocrx_word' id='word_1_299' title='bbox 1657 3466 1796 3525; x_wconf 76' lang='grc' dir='ltr'>ἔστιν</span> <span class='ocrx_word' id='word_1_300' title='bbox 1838 3471 1864 3525; x_wconf 90' lang='lat'>6</span> <span class='ocrx_word' id='word_1_301' title='bbox 1896 3467 2063 3545; x_wconf 83' lang='grc' dir='ltr'>λόγος</span> 
     </span>
    </p>
   </div>
   <div class='ocr_carea' id='block_1_40' title="bbox 414 3564 651 3636">
    <p class='ocr_par' dir='ltr' id='par_1_40' title="bbox 414 3564 651 3636">
     <span class='ocr_line' id='line_1_40' title="bbox 414 3564 651 3636; baseline -0.004 -15"><span class='ocrx_word' id='word_1_302' title='bbox 414 3564 651 3636; x_wconf 77' lang='grc' dir='ltr'>ἀληθής.</span> 
     </span>
    </p>
   </div>
   <div class='ocr_carea' id='block_1_41' title="bbox 485 3646 2063 3726">
    <p class='ocr_par' dir='ltr' id='par_1_41' title="bbox 485 3646 2063 3726">
     <span class='ocr_line' id='line_1_41' title="bbox 485 3646 2063 3726; baseline -0.006 -18"><span class='ocrx_word' id='word_1_303' title='bbox 485 3655 574 3710; x_wconf 84' lang='lat'>29.</span> <span class='ocrx_word' id='word_1_304' title='bbox 631 3647 827 3706; x_wconf 80' lang='grc' dir='ltr'>Παιδία</span> <span class='ocrx_word' id='word_1_305' title='bbox 877 3654 1005 3726; x_wconf 84' lang='grc' dir='ltr'>γοῦν</span> <span class='ocrx_word' id='word_1_306' title='bbox 1048 3650 1146 3717; x_wconf 70' lang='grc' dir='ltr'>τὴν</span> <span class='ocrx_word' id='word_1_307' title='bbox 1196 3647 1365 3702; x_wconf 82' lang='grc' dir='ltr'>πάλαι</span> <span class='ocrx_word' id='word_1_308' title='bbox 1410 3646 1499 3701; x_wconf 81' lang='grc' dir='ltr'>καὶ</span> <span class='ocrx_word' id='word_1_309' title='bbox 1557 3646 1815 3721; x_wconf 85' lang='grc' dir='ltr'>γέροντας</span> <span class='ocrx_word' id='word_1_310' title='bbox 1846 3646 2063 3700; x_wconf 80' lang='grc' dir='ltr'>ἀπατῶ-</span> 
     </span>
    </p>
   </div>
   <div class='ocr_carea' id='block_1_42' title="bbox 417 3733 2065 3815">
    <p class='ocr_par' dir='ltr' id='par_1_42' title="bbox 417 3733 2065 3815">
     <span class='ocr_line' id='line_1_42' title="bbox 417 3733 2065 3815; baseline -0.006 -18"><span class='ocrx_word' id='word_1_311' title='bbox 417 3764 508 3798; x_wconf 89' lang='grc' dir='ltr'>σαν</span> <span class='ocrx_word' id='word_1_312' title='bbox 542 3739 747 3811; x_wconf 70' lang='grc' dir='ltr'>ἡδονήν</span> <span class='ocrx_word' id='word_1_313' title='bbox 782 3738 901 3815; x_wconf 79' lang='grc' dir='ltr'>ἄρτι</span> <span class='ocrx_word' id='word_1_314' title='bbox 932 3737 1280 3814; x_wconf 67' lang='grc' dir='ltr'>χλευοὶζουσι⁸</span> <span class='ocrx_word' id='word_1_315' title='bbox 1315 3735 1403 3790; x_wconf 80' lang='grc' dir='ltr'>καὶ</span> <span class='ocrx_word' id='word_1_316' title='bbox 1440 3738 1608 3809; x_wconf 78' lang='grc' dir='ltr'>μήπω</span> <span class='ocrx_word' id='word_1_317' title='bbox 1639 3734 1886 3809; x_wconf 85' lang='grc' dir='ltr'>νομίμης</span> <span class='ocrx_word' id='word_1_318' title='bbox 1938 3733 2065 3803; x_wconf 78' lang='grc' dir='ltr'>ἡλι-</span> 
     </span>
    </p>
   </div>
   <div class='ocr_carea' id='block_1_43' title="bbox 417 3821 2065 3899">
    <p class='ocr_par' dir='ltr' id='par_1_43' title="bbox 417 3821 2065 3899">
     <span class='ocr_line' id='line_1_43' title="bbox 417 3821 2065 3899; baseline -0.007 -14"><span class='ocrx_word' id='word_1_319' title='bbox 417 3830 537 3891; x_wconf 85' lang='grc' dir='ltr'>κίας</span> <span class='ocrx_word' id='word_1_320' title='bbox 595 3823 896 3888; x_wconf 82' lang='grc' dir='ltr'>ἐπιϐάντες·</span> <span class='ocrx_word' id='word_1_321' title='bbox 955 3828 1057 3895; x_wconf 83' lang='grc' dir='ltr'>τὴν</span> <span class='ocrx_word' id='word_1_322' title='bbox 1128 3825 1260 3899; x_wconf 68' lang='grc' dir='ltr'>ὑπὲρ</span> <span class='ocrx_word' id='word_1_323' title='bbox 1328 3825 1420 3877; x_wconf 87' lang='grc' dir='ltr'>τὸν</span> <span class='ocrx_word' id='word_1_324' title='bbox 1485 3821 1651 3896; x_wconf 86' lang='grc' dir='ltr'>νόμον</span> <span class='ocrx_word' id='word_1_325' title='bbox 1705 3822 2065 3897; x_wconf 81' lang='grc' dir='ltr'>περιζώννυν-</span> 
     </span>
    </p>
   </div>
   <div class='ocr_carea' id='block_1_44' title="bbox 417 3911 2068 3992">
    <p class='ocr_par' dir='ltr' id='par_1_44' title="bbox 417 3911 2068 3992">
     <span class='ocr_line' id='line_1_44' title="bbox 417 3911 2068 3992; baseline -0.006 -19"><span class='ocrx_word' id='word_1_326' title='bbox 417 3939 504 3973; x_wconf 86' lang='grc' dir='ltr'>ται</span> <span class='ocrx_word' id='word_1_327' title='bbox 562 3921 675 3992; x_wconf 87' lang='grc'>(47)</span> <span class='ocrx_word' id='word_1_328' title='bbox 732 3914 1104 3992; x_wconf 76' lang='grc' dir='ltr'>σωφροσὺνην*</span> <span class='ocrx_word' id='word_1_329' title='bbox 1163 3913 1252 3968; x_wconf 86' lang='grc' dir='ltr'>καὶ</span> <span class='ocrx_word' id='word_1_330' title='bbox 1334 3911 1588 3987; x_wconf 85' lang='grc' dir='ltr'>παρθένοι</span> <span class='ocrx_word' id='word_1_331' title='bbox 1668 3912 1935 3983; x_wconf 84' lang='grc' dir='ltr'>μένοντες,</span> <span class='ocrx_word' id='word_1_332' title='bbox 1988 3913 2068 3981; x_wconf 80' lang='grc' dir='ltr'>τῷ</span> 
     </span>
    </p>
   </div>
   <div class='ocr_carea' id='block_1_45' title="bbox 424 3999 2066 4081">
    <p class='ocr_par' dir='ltr' id='par_1_45' title="bbox 424 3999 2066 4081">
     <span class='ocr_line' id='line_1_45' title="bbox 424 3999 2066 4081; baseline -0.005 -20"><span class='ocrx_word' id='word_1_333' title='bbox 424 4005 576 4080; x_wconf 85' lang='grc' dir='ltr'>λόγῳ</span> <span class='ocrx_word' id='word_1_334' title='bbox 624 4010 851 4061; x_wconf 76' lang='grc' dir='ltr'>πατοῦσι</span> <span class='ocrx_word' id='word_1_335' title='bbox 898 4011 996 4073; x_wconf 84' lang='grc' dir='ltr'>τῆς</span> <span class='ocrx_word' id='word_1_336' title='bbox 1049 4000 1322 4081; x_wconf 79' lang='grc' dir='ltr'>ὀφιώδους</span> <span class='ocrx_word' id='word_1_337' title='bbox 1370 3999 1573 4070; x_wconf 70' lang='grc' dir='ltr'>ἡδονῆς</span> <span class='ocrx_word' id='word_1_338' title='bbox 1603 4001 1697 4061; x_wconf 76' lang='grc' dir='ltr'>τὰς</span> <span class='ocrx_word' id='word_1_339' title='bbox 1729 3999 1953 4070; x_wconf 83' lang='grc' dir='ltr'>ἀπάτας,</span> <span class='ocrx_word' id='word_1_340' title='bbox 1992 4000 2066 4071; x_wconf 79' lang='grc' dir='ltr'>μή</span> 
     </span>
    </p>
   </div>
   <div class='ocr_carea' id='block_1_46' title="bbox 424 4085 2065 4171">
    <p class='ocr_par' dir='ltr' id='par_1_46' title="bbox 424 4085 2065 4171">
     <span class='ocr_line' id='line_1_46' title="bbox 424 4085 2065 4171; baseline -0.006 -20"><span class='ocrx_word' id='word_1_341' title='bbox 424 4090 757 4171; x_wconf 88' lang='grc' dir='ltr'>φοϐούμενοι</span> <span class='ocrx_word' id='word_1_342' title='bbox 811 4093 1010 4163; x_wconf 80' lang='grc' dir='ltr'>ταύτης</span> <span class='ocrx_word' id='word_1_343' title='bbox 1067 4093 1136 4147; x_wconf 80' lang='grc' dir='ltr'>τὰ</span> <span class='ocrx_word' id='word_1_344' title='bbox 1194 4090 1542 4166; x_wconf 79' lang='grc' dir='ltr'>θανατηφόρα</span> <span class='ocrx_word' id='word_1_345' title='bbox 1599 4086 1874 4163; x_wconf 76' lang='grc' dir='ltr'>δήγματα.</span> <span class='ocrx_word' id='word_1_346' title='bbox 1924 4085 2065 4157; x_wconf 83' lang='grc' dir='ltr'>Ἤδη</span> 
     </span>
    </p>
   </div>
   <div class='ocr_carea' id='block_1_47' title="bbox 426 4172 2073 4255">
    <p class='ocr_par' dir='ltr' id='par_1_47' title="bbox 426 4172 2073 4255">
     <span class='ocr_line' id='line_1_47' title="bbox 426 4172 2073 4255; baseline -0.007 -14"><span class='ocrx_word' id='word_1_347' title='bbox 426 4183 483 4241; x_wconf 78' lang='grc' dir='ltr'>δέ</span> <span class='ocrx_word' id='word_1_348' title='bbox 509 4205 650 4245; x_wconf 81' lang='grc' dir='ltr'>τινες</span> <span class='ocrx_word' id='word_1_349' title='bbox 698 4182 787 4237; x_wconf 79' lang='grc' dir='ltr'>καὶ</span> <span class='ocrx_word' id='word_1_350' title='bbox 837 4181 965 4236; x_wconf 79' lang='grc' dir='ltr'>αὐτὸ</span> <span class='ocrx_word' id='word_1_351' title='bbox 1005 4181 1068 4235; x_wconf 86' lang='grc' dir='ltr'>τὸ</span> <span class='ocrx_word' id='word_1_352' title='bbox 1097 4179 1310 4255; x_wconf 75' lang='grc' dir='ltr'>κέντρον</span> <span class='ocrx_word' id='word_1_353' title='bbox 1337 4183 1434 4233; x_wconf 91' lang='lat'>106</span> <span class='ocrx_word' id='word_1_354' title='bbox 1467 4172 1730 4232; x_wconf 87' lang='grc' dir='ltr'>διαϐόλου</span> <span class='ocrx_word' id='word_1_355' title='bbox 1762 4181 2073 4243; x_wconf 74' lang='grc' dir='ltr'>πατοῦντες,</span> 
     </span>
    </p>
   </div>
   <div class='ocr_carea' id='block_1_48' title="bbox 426 4264 2075 4334">
    <p class='ocr_par' dir='ltr' id='par_1_48' title="bbox 426 4264 2075 4334">
     <span class='ocr_line' id='line_1_48' title="bbox 426 4264 2075 4334; baseline -0.007 -5"><span class='ocrx_word' id='word_1_356' title='bbox 426 4274 527 4330; x_wconf 83' lang='grc' dir='ltr'>οὐκ</span> <span class='ocrx_word' id='word_1_357' title='bbox 575 4272 874 4327; x_wconf 85' lang='grc' dir='ltr'>ἐδειλίασαν</span> <span class='ocrx_word' id='word_1_358' title='bbox 916 4272 1007 4325; x_wconf 89' lang='grc' dir='ltr'>τὸν</span> <span class='ocrx_word' id='word_1_359' title='bbox 1061 4271 1304 4333; x_wconf 76' lang='grc' dir='ltr'>θάνατον’</span> <span class='ocrx_word' id='word_1_360' title='bbox 1356 4266 1503 4322; x_wconf 79' lang='grc' dir='ltr'>ἀλλὰ</span> <span class='ocrx_word' id='word_1_361' title='bbox 1543 4268 1633 4320; x_wconf 86' lang='grc' dir='ltr'>καὶ</span> <span class='ocrx_word' id='word_1_362' title='bbox 1664 4267 1762 4334; x_wconf 76' lang='grc' dir='ltr'>τὴν</span> <span class='ocrx_word' id='word_1_363' title='bbox 1800 4266 1943 4333; x_wconf 77' lang='grc' dir='ltr'>ζωὴν</span> <span class='ocrx_word' id='word_1_364' title='bbox 1976 4264 2075 4318; x_wconf 87' lang='grc' dir='ltr'>αύ-</span> 
     </span>
    </p>
   </div>
   <div class='ocr_carea' id='block_1_49' title="bbox 424 4349 2077 4432">
    <p class='ocr_par' dir='ltr' id='par_1_49' title="bbox 424 4349 2077 4432">
     <span class='ocr_line' id='line_1_49' title="bbox 424 4349 2077 4432; baseline -0.008 -15"><span class='ocrx_word' id='word_1_365' title='bbox 424 4367 533 4417; x_wconf 81' lang='grc' dir='ltr'>τῶν</span> <span class='ocrx_word' id='word_1_366' title='bbox 593 4358 837 4432; x_wconf 70' lang='grc' dir='ltr'>ἤλλαξαν</span> <span class='ocrx_word' id='word_1_367' title='bbox 898 4362 977 4428; x_wconf 82' lang='grc' dir='ltr'>τῷ</span> <span class='ocrx_word' id='word_1_368' title='bbox 1044 4358 1255 4427; x_wconf 85' lang='grc' dir='ltr'>θανάτῳ</span> <span class='ocrx_word' id='word_1_369' title='bbox 1316 4354 1583 4429; x_wconf 76' lang='grc' dir='ltr'>μάρτυρες</span> <span class='ocrx_word' id='word_1_370' title='bbox 1640 4352 1927 4428; x_wconf 87' lang='grc' dir='ltr'>γενόμενοι</span> <span class='ocrx_word' id='word_1_371' title='bbox 1981 4349 2077 4405; x_wconf 82' lang='grc' dir='ltr'>τοῦ</span> 
     </span>
    </p>
   </div>
   <div class='ocr_carea' id='block_1_50' title="bbox 428 4438 2081 4524">
    <p class='ocr_par' dir='ltr' id='par_1_50' title="bbox 428 4438 2081 4524">
     <span class='ocr_line' id='line_1_50' title="bbox 428 4438 2081 4524; baseline -0.007 -20"><span class='ocrx_word' id='word_1_372' title='bbox 428 4444 730 4524; x_wconf 70' lang='grc' dir='ltr'>Λόγουοδιὰ</span> <span class='ocrx_word' id='word_1_373' title='bbox 757 4451 919 4501; x_wconf 72' lang='grc' dir='ltr'>τιῦτο</span> <span class='ocrx_word' id='word_1_374' title='bbox 948 4444 1050 4519; x_wconf 70' lang='grc' dir='ltr'>γὰρ</span> <span class='ocrx_word' id='word_1_375' title='bbox 1082 4442 1341 4497; x_wconf 86' lang='grc' dir='ltr'>ἀπάθανεν</span> <span class='ocrx_word' id='word_1_376' title='bbox 1376 4443 1404 4496; x_wconf 89' lang='lat'>6</span> <span class='ocrx_word' id='word_1_377' title='bbox 1436 4440 1654 4514; x_wconf 81' lang='grc' dir='ltr'>Κύριος.</span> <span class='ocrx_word' id='word_1_378' title='bbox 1689 4438 1900 4495; x_wconf 76' lang='grc' dir='ltr'>Πολλοὶ</span> <span class='ocrx_word' id='word_1_379' title='bbox 1933 4438 1989 4495; x_wconf 75' lang='grc' dir='ltr'>δὲ</span> <span class='ocrx_word' id='word_1_380' title='bbox 2015 4441 2081 4494; x_wconf 72' lang='grc' dir='ltr'>τὰ</span> 
     </span>
    </p>
   </div>
   <div class='ocr_carea' id='block_1_51' title="bbox 2156 544 3807 604">
    <p class='ocr_par' dir='ltr' id='par_1_51' title="bbox 2156 544 3807 604">
     <span class='ocr_line' id='line_1_51' title="bbox 2156 544 3807 604; baseline 0.003 -6"><span class='ocrx_word' id='word_1_381' title='bbox 2156 560 2267 598; x_wconf 90' lang='lat' dir='ltr'>nus</span> <span class='ocrx_word' id='word_1_382' title='bbox 2290 549 2485 599; x_wconf 89' lang='lat' dir='ltr'>autem</span> <span class='ocrx_word' id='word_1_383' title='bbox 2519 544 2788 599; x_wconf 85' lang='lat' dir='ltr'>irridebit</span> <span class='ocrx_word' id='word_1_384' title='bbox 2817 561 2951 600; x_wconf 88' lang='lat' dir='ltr'>eum</span> <span class='ocrx_word' id='word_1_385' title='bbox 2979 546 3040 600; x_wconf 72' lang='grc'>⁷⁸.</span> <span class='ocrx_word' id='word_1_386' title='bbox 3078 568 3107 594; x_wconf 87' lang='grc'><strong>››</strong></span> <span class='ocrx_word' id='word_1_387' title='bbox 3143 553 3215 601; x_wconf 82' lang='lat' dir='ltr'>Ac</span> <span class='ocrx_word' id='word_1_388' title='bbox 3264 562 3540 602; x_wconf 82' lang='lat' dir='ltr'>rursum:</span> <span class='ocrx_word' id='word_1_389' title='bbox 3575 570 3602 596; x_wconf 92' lang='grc'>‹‹</span> <span class='ocrx_word' id='word_1_390' title='bbox 3661 552 3807 604; x_wconf 91' lang='lat' dir='ltr'>Pec-</span> 
     </span>
    </p>
   </div>
   <div class='ocr_carea' id='block_1_52' title="bbox 2156 633 3808 701">
    <p class='ocr_par' dir='ltr' id='par_1_52' title="bbox 2156 633 3808 701">
     <span class='ocr_line' id='line_1_52' title="bbox 2156 633 3808 701; baseline 0.004 -15"><span class='ocrx_word' id='word_1_391' title='bbox 2156 641 2315 687; x_wconf 89' lang='lat' dir='ltr'>calor</span> <span class='ocrx_word' id='word_1_392' title='bbox 2372 633 2612 701; x_wconf 88' lang='lat' dir='ltr'>videbit,</span> <span class='ocrx_word' id='word_1_393' title='bbox 2645 638 2701 688; x_wconf 87' lang='lat' dir='ltr'>et</span> <span class='ocrx_word' id='word_1_394' title='bbox 2732 633 3051 689; x_wconf 73' lang='lat' dir='ltr'>irascetur:</span> <span class='ocrx_word' id='word_1_395' title='bbox 3113 634 3388 691; x_wconf 85' lang='lat' dir='ltr'>dentibus</span> <span class='ocrx_word' id='word_1_396' title='bbox 3430 635 3555 691; x_wconf 90' lang='lat' dir='ltr'>suis</span> <span class='ocrx_word' id='word_1_397' title='bbox 3601 636 3808 692; x_wconf 85' lang='lat' dir='ltr'>fremet</span> 
     </span>
    </p>
   </div>
   <div class='ocr_carea' id='block_1_53' title="bbox 2157 722 3809 795">
    <p class='ocr_par' dir='ltr' id='par_1_53' title="bbox 2157 722 3809 795">
     <span class='ocr_line' id='line_1_53' title="bbox 2157 722 3809 795; baseline 0.002 -19"><span class='ocrx_word' id='word_1_398' title='bbox 2157 727 2214 777; x_wconf 91' lang='lat' dir='ltr'>et</span> <span class='ocrx_word' id='word_1_399' title='bbox 2245 722 2503 777; x_wconf 82' lang='lat' dir='ltr'>tabescet</span> <span class='ocrx_word' id='word_1_400' title='bbox 2533 723 2595 777; x_wconf 71' lang='lat'>9&quot;.</span> <span class='ocrx_word' id='word_1_401' title='bbox 2631 744 2657 771; x_wconf 89' lang='grc'>››</span> <span class='ocrx_word' id='word_1_402' title='bbox 2688 723 2984 779; x_wconf 87' lang='lat' dir='ltr'>Stridebat</span> <span class='ocrx_word' id='word_1_403' title='bbox 3011 740 3165 793; x_wconf 91' lang='lat' dir='ltr'>vero,</span> <span class='ocrx_word' id='word_1_404' title='bbox 3226 724 3382 795; x_wconf 91' lang='lat' dir='ltr'>quod</span> <span class='ocrx_word' id='word_1_405' title='bbox 3461 723 3681 779; x_wconf 81' lang='lat' dir='ltr'>doleret</span> <span class='ocrx_word' id='word_1_406' title='bbox 3744 741 3809 780; x_wconf 88' lang='lat' dir='ltr'>se</span> 
     </span>
    </p>
   </div>
   <div class='ocr_carea' id='block_1_54' title="bbox 2161 810 3809 885">
    <p class='ocr_par' dir='ltr' id='par_1_54' title="bbox 2161 810 3809 885">
     <span class='ocr_line' id='line_1_54' title="bbox 2161 810 3809 885; baseline 0.001 -19"><span class='ocrx_word' id='word_1_407' title='bbox 2161 827 2421 881; x_wconf 82' lang='lat' dir='ltr'>unquam</span> <span class='ocrx_word' id='word_1_408' title='bbox 2454 828 2586 866; x_wconf 88' lang='lat' dir='ltr'>cum</span> <span class='ocrx_word' id='word_1_409' title='bbox 2618 810 2912 867; x_wconf 90' lang='lat' dir='ltr'>Salvatore</span> <span class='ocrx_word' id='word_1_410' title='bbox 2941 813 3217 885; x_wconf 85' lang='lat' dir='ltr'>congredi</span> <span class='ocrx_word' id='word_1_411' title='bbox 3249 830 3460 868; x_wconf 86' lang='lat' dir='ltr'>ausum</span> <span class='ocrx_word' id='word_1_412' title='bbox 3490 829 3638 880; x_wconf 89' lang='lat' dir='ltr'>esse;</span> <span class='ocrx_word' id='word_1_413' title='bbox 3658 812 3809 868; x_wconf 79' lang='lat' dir='ltr'>scie-</span> 
     </span>
    </p>
   </div>
   <div class='ocr_carea' id='block_1_55' title="bbox 2159 899 3806 973">
    <p class='ocr_par' dir='ltr' id='par_1_55' title="bbox 2159 899 3806 973">
     <span class='ocr_line' id='line_1_55' title="bbox 2159 899 3806 973; baseline 0 -18"><span class='ocrx_word' id='word_1_414' title='bbox 2159 899 2259 955; x_wconf 88' lang='lat' dir='ltr'>bat</span> <span class='ocrx_word' id='word_1_415' title='bbox 2289 904 2484 955; x_wconf 86' lang='lat' dir='ltr'>autem</span> <span class='ocrx_word' id='word_1_416' title='bbox 2542 917 2604 955; x_wconf 88' lang='lat' dir='ltr'>se</span> <span class='ocrx_word' id='word_1_417' title='bbox 2653 904 2824 955; x_wconf 84' lang='lat' dir='ltr'>antea</span> <span class='ocrx_word' id='word_1_418' title='bbox 2847 902 3048 971; x_wconf 91' lang='lat' dir='ltr'>justus</span> <span class='ocrx_word' id='word_1_419' title='bbox 3078 902 3314 973; x_wconf 84' lang='lat' dir='ltr'>aggredi</span> <span class='ocrx_word' id='word_1_420' title='bbox 3347 918 3580 967; x_wconf 83' lang='lat' dir='ltr'>ausum,</span> <span class='ocrx_word' id='word_1_421' title='bbox 3658 899 3806 956; x_wconf 84' lang='lat' dir='ltr'>nihil</span> 
     </span>
    </p>
   </div>
   <div class='ocr_carea' id='block_1_56' title="bbox 2159 988 3807 1061">
    <p class='ocr_par' dir='ltr' id='par_1_56' title="bbox 2159 988 3807 1061">
     <span class='ocr_line' id='line_1_56' title="bbox 2159 988 3807 1061; baseline 0.002 -19"><span class='ocrx_word' id='word_1_422' title='bbox 2159 988 2449 1057; x_wconf 83' lang='lat' dir='ltr'>ejusmodi</span> <span class='ocrx_word' id='word_1_423' title='bbox 2484 1005 2724 1061; x_wconf 89' lang='lat' dir='ltr'>passum</span> <span class='ocrx_word' id='word_1_424' title='bbox 2747 989 2948 1045; x_wconf 83' lang='lat' dir='ltr'>fuisse.</span> <span class='ocrx_word' id='word_1_425' title='bbox 2982 990 3128 1047; x_wconf 84' lang='lat' dir='ltr'>Nam</span> <span class='ocrx_word' id='word_1_426' title='bbox 3162 992 3267 1046; x_wconf 83' lang='lat' dir='ltr'>etsi</span> <span class='ocrx_word' id='word_1_427' title='bbox 3302 992 3458 1047; x_wconf 80' lang='lat' dir='ltr'>Abeli</span> <span class='ocrx_word' id='word_1_428' title='bbox 3490 990 3807 1048; x_wconf 88' lang='lat' dir='ltr'>insidiatus</span> 
     </span>
    </p>
   </div>
   <div class='ocr_carea' id='block_1_57' title="bbox 2160 1076 3807 1151">
    <p class='ocr_par' dir='ltr' id='par_1_57' title="bbox 2160 1076 3807 1151">
     <span class='ocr_line' id='line_1_57' title="bbox 2160 1076 3807 1151; baseline 0.002 -21"><span class='ocrx_word' id='word_1_429' title='bbox 2160 1076 2762 1148; x_wconf 85' lang='lat' dir='ltr'>fuisset,patriarchas</span> <span class='ocrx_word' id='word_1_430' title='bbox 2792 1078 3118 1148; x_wconf 84' lang='lat' dir='ltr'>afﬂixisset,</span> <span class='ocrx_word' id='word_1_431' title='bbox 3151 1080 3311 1135; x_wconf 64' lang='lat' dir='ltr'>Isaiae</span> <span class='ocrx_word' id='word_1_432' title='bbox 3344 1086 3612 1151; x_wconf 87' lang='lat' dir='ltr'>parasset</span> <span class='ocrx_word' id='word_1_433' title='bbox 3662 1079 3807 1135; x_wconf 90' lang='lat' dir='ltr'>insi-</span> 
     </span>
    </p>
   </div>
   <div class='ocr_carea' id='block_1_58' title="bbox 2161 1164 3807 1238">
    <p class='ocr_par' dir='ltr' id='par_1_58' title="bbox 2161 1164 3807 1238">
     <span class='ocr_line' id='line_1_58' title="bbox 2161 1164 3807 1238; baseline 0.004 -19"><span class='ocrx_word' id='word_1_434' title='bbox 2161 1164 2308 1234; x_wconf 88' lang='lat' dir='ltr'>dias,</span> <span class='ocrx_word' id='word_1_435' title='bbox 2344 1165 2643 1221; x_wconf 68' lang='lat' dir='ltr'>Hieremias</span> <span class='ocrx_word' id='word_1_436' title='bbox 2674 1167 3088 1224; x_wconf 86' lang='lat' dir='ltr'>contumeliam</span> <span class='ocrx_word' id='word_1_437' title='bbox 3135 1169 3387 1238; x_wconf 83' lang='lat' dir='ltr'>fecisset,</span> <span class='ocrx_word' id='word_1_438' title='bbox 3419 1170 3635 1224; x_wconf 79' lang='lat' dir='ltr'>Jobum</span> <span class='ocrx_word' id='word_1_439' title='bbox 3678 1175 3807 1225; x_wconf 91' lang='lat' dir='ltr'>ten-</span> 
     </span>
    </p>
   </div>
   <div class='ocr_carea' id='block_1_59' title="bbox 2162 1256 3805 1330">
    <p class='ocr_par' dir='ltr' id='par_1_59' title="bbox 2162 1256 3805 1330">
     <span class='ocr_line' id='line_1_59' title="bbox 2162 1256 3805 1330; baseline 0.003 -22"><span class='ocrx_word' id='word_1_440' title='bbox 2162 1258 2382 1321; x_wconf 85' lang='lat' dir='ltr'>tasset;</span> <span class='ocrx_word' id='word_1_441' title='bbox 2416 1270 2575 1310; x_wconf 88' lang='lat' dir='ltr'>mors</span> <span class='ocrx_word' id='word_1_442' title='bbox 2604 1258 2801 1310; x_wconf 87' lang='lat' dir='ltr'>tamen</span> <span class='ocrx_word' id='word_1_443' title='bbox 2851 1256 3266 1327; x_wconf 88' lang='lat' dir='ltr'>invalescebat,</span> <span class='ocrx_word' id='word_1_444' title='bbox 3298 1258 3698 1330; x_wconf 87' lang='lat' dir='ltr'>regnabatque</span> <span class='ocrx_word' id='word_1_445' title='bbox 3733 1258 3805 1313; x_wconf 89' lang='lat' dir='ltr'>ab</span> 
     </span>
    </p>
   </div>
   <div class='ocr_carea' id='block_1_60' title="bbox 2160 1343 3811 1416">
    <p class='ocr_par' dir='ltr' id='par_1_60' title="bbox 2160 1343 3811 1416">
     <span class='ocr_line' id='line_1_60' title="bbox 2160 1343 3811 1416; baseline 0.004 -19"><span class='ocrx_word' id='word_1_446' title='bbox 2160 1343 2385 1398; x_wconf 86' lang='lat' dir='ltr'>Adamo</span> <span class='ocrx_word' id='word_1_447' title='bbox 2417 1360 2605 1416; x_wconf 90' lang='lat' dir='ltr'>usque</span> <span class='ocrx_word' id='word_1_448' title='bbox 2636 1344 2707 1399; x_wconf 90' lang='lat' dir='ltr'>ad</span> <span class='ocrx_word' id='word_1_449' title='bbox 2737 1344 2998 1416; x_wconf 83' lang='lat' dir='ltr'>Moysen.</span> <span class='ocrx_word' id='word_1_450' title='bbox 3022 1346 3155 1403; x_wconf 88' lang='lat' dir='ltr'>Jam</span> <span class='ocrx_word' id='word_1_451' title='bbox 3188 1363 3322 1403; x_wconf 91' lang='lat' dir='ltr'>vero</span> <span class='ocrx_word' id='word_1_452' title='bbox 3353 1345 3533 1403; x_wconf 86' lang='lat' dir='ltr'>simili</span> <span class='ocrx_word' id='word_1_453' title='bbox 3566 1346 3811 1403; x_wconf 83' lang='lat' dir='ltr'>audacia</span> 
     </span>
    </p>
   </div>
   <div class='ocr_carea' id='block_1_61' title="bbox 2162 1432 3808 1507">
    <p class='ocr_par' dir='ltr' id='par_1_61' title="bbox 2162 1432 3808 1507">
     <span class='ocr_line' id='line_1_61' title="bbox 2162 1432 3808 1507; baseline 0.002 -21"><span class='ocrx_word' id='word_1_454' title='bbox 2162 1432 2440 1487; x_wconf 88' lang='lat' dir='ltr'>adversus</span> <span class='ocrx_word' id='word_1_455' title='bbox 2476 1432 2783 1489; x_wconf 89' lang='lat' dir='ltr'>Dominum</span> <span class='ocrx_word' id='word_1_456' title='bbox 2840 1450 3004 1504; x_wconf 89' lang='lat' dir='ltr'>usus,</span> <span class='ocrx_word' id='word_1_457' title='bbox 3029 1451 3089 1490; x_wconf 91' lang='lat' dir='ltr'>se</span> <span class='ocrx_word' id='word_1_458' title='bbox 3120 1434 3291 1507; x_wconf 89' lang='lat' dir='ltr'>plane</span> <span class='ocrx_word' id='word_1_459' title='bbox 3350 1439 3509 1490; x_wconf 91' lang='lat' dir='ltr'>Irum</span> <span class='ocrx_word' id='word_1_460' title='bbox 3568 1435 3808 1503; x_wconf 88' lang='lat' dir='ltr'>factum,</span> 
     </span>
    </p>
   </div>
   <div class='ocr_carea' id='block_1_62' title="bbox 2162 1521 3814 1592">
    <p class='ocr_par' dir='ltr' id='par_1_62' title="bbox 2162 1521 3814 1592">
     <span class='ocr_line' id='line_1_62' title="bbox 2162 1521 3814 1592; baseline 0.002 -17"><span class='ocrx_word' id='word_1_461' title='bbox 2162 1521 2556 1592; x_wconf 90' lang='lat' dir='ltr'>undequaque</span> <span class='ocrx_word' id='word_1_462' title='bbox 2590 1521 2928 1592; x_wconf 87' lang='lat' dir='ltr'>pulsum,ab</span> <span class='ocrx_word' id='word_1_463' title='bbox 2958 1523 3235 1579; x_wconf 87' lang='lat' dir='ltr'>omnibus</span> <span class='ocrx_word' id='word_1_464' title='bbox 3266 1522 3671 1579; x_wconf 88' lang='lat' dir='ltr'>conculcatum</span> <span class='ocrx_word' id='word_1_465' title='bbox 3694 1522 3814 1579; x_wconf 89' lang='lat' dir='ltr'>ani-</span> 
     </span>
    </p>
   </div>
   <div class='ocr_carea' id='block_1_63' title="bbox 2164 1610 3811 1684">
    <p class='ocr_par' dir='ltr' id='par_1_63' title="bbox 2164 1610 3811 1684">
     <span class='ocr_line' id='line_1_63' title="bbox 2164 1610 3811 1684; baseline 0.002 -21"><span class='ocrx_word' id='word_1_466' title='bbox 2164 1610 2905 1667; x_wconf 87' lang='lat' dir='ltr'>madvertebat.Salvatoris</span> <span class='ocrx_word' id='word_1_467' title='bbox 2938 1612 3154 1684; x_wconf 88' lang='lat' dir='ltr'>quippe</span> <span class='ocrx_word' id='word_1_468' title='bbox 3184 1628 3331 1684; x_wconf 90' lang='lat' dir='ltr'>opus</span> <span class='ocrx_word' id='word_1_469' title='bbox 3374 1612 3498 1682; x_wconf 81' lang='lat' dir='ltr'>fuit,</span> <span class='ocrx_word' id='word_1_470' title='bbox 3533 1628 3647 1668; x_wconf 92' lang='lat' dir='ltr'>non</span> <span class='ocrx_word' id='word_1_471' title='bbox 3696 1610 3811 1682; x_wconf 88' lang='lat' dir='ltr'>ipsi</span> 
     </span>
    </p>
   </div>
   <div class='ocr_carea' id='block_1_64' title="bbox 2164 1698 3812 1768">
    <p class='ocr_par' dir='ltr' id='par_1_64' title="bbox 2164 1698 3812 1768">
     <span class='ocr_line' id='line_1_64' title="bbox 2164 1698 3812 1768; baseline 0.002 -14"><span class='ocrx_word' id='word_1_472' title='bbox 2164 1702 2395 1754; x_wconf 86' lang='lat' dir='ltr'>tantum</span> <span class='ocrx_word' id='word_1_473' title='bbox 2456 1699 2629 1755; x_wconf 87' lang='lat' dir='ltr'>morti</span> <span class='ocrx_word' id='word_1_474' title='bbox 2688 1698 2954 1768; x_wconf 89' lang='lat' dir='ltr'>illudere,</span> <span class='ocrx_word' id='word_1_475' title='bbox 2989 1701 3091 1756; x_wconf 88' lang='lat' dir='ltr'>sed</span> <span class='ocrx_word' id='word_1_476' title='bbox 3149 1700 3327 1757; x_wconf 89' lang='lat' dir='ltr'>etiam</span> <span class='ocrx_word' id='word_1_477' title='bbox 3358 1716 3465 1756; x_wconf 83' lang='lat' dir='ltr'>nos</span> <span class='ocrx_word' id='word_1_478' title='bbox 3494 1700 3683 1757; x_wconf 89' lang='lat' dir='ltr'>eidem</span> <span class='ocrx_word' id='word_1_479' title='bbox 3705 1718 3812 1757; x_wconf 87' lang='lat' dir='ltr'>su-</span> 
     </span>
    </p>
   </div>
   <div class='ocr_carea' id='block_1_65' title="bbox 2167 1788 3813 1861">
    <p class='ocr_par' dir='ltr' id='par_1_65' title="bbox 2167 1788 3813 1861">
     <span class='ocr_line' id='line_1_65' title="bbox 2167 1788 3813 1861; baseline 0.002 -18"><span class='ocrx_word' id='word_1_480' title='bbox 2167 1790 2423 1861; x_wconf 90' lang='lat' dir='ltr'>periores</span> <span class='ocrx_word' id='word_1_481' title='bbox 2443 1788 2818 1857; x_wconf 87' lang='lat' dir='ltr'>constituere,</span> <span class='ocrx_word' id='word_1_482' title='bbox 2850 1793 2916 1846; x_wconf 93' lang='lat' dir='ltr'>ut</span> <span class='ocrx_word' id='word_1_483' title='bbox 2942 1806 3058 1845; x_wconf 91' lang='lat' dir='ltr'>non</span> <span class='ocrx_word' id='word_1_484' title='bbox 3091 1790 3284 1845; x_wconf 87' lang='lat' dir='ltr'>solum</span> <span class='ocrx_word' id='word_1_485' title='bbox 3316 1807 3422 1846; x_wconf 88' lang='lat' dir='ltr'>nos</span> <span class='ocrx_word' id='word_1_486' title='bbox 3451 1808 3485 1846; x_wconf 89' lang='lat' dir='ltr'>a</span> <span class='ocrx_word' id='word_1_487' title='bbox 3532 1790 3813 1846; x_wconf 83' lang='lat' dir='ltr'>servitute</span> 
     </span>
    </p>
   </div>
   <div class='ocr_carea' id='block_1_66' title="bbox 2165 1878 3809 1950">
    <p class='ocr_par' dir='ltr' id='par_1_66' title="bbox 2165 1878 3809 1950">
     <span class='ocr_line' id='line_1_66' title="bbox 2165 1878 3809 1950; baseline 0.001 -18"><span class='ocrx_word' id='word_1_488' title='bbox 2165 1878 2565 1945; x_wconf 89' lang='lat' dir='ltr'>liberaret,sed</span> <span class='ocrx_word' id='word_1_489' title='bbox 2597 1878 2773 1933; x_wconf 81' lang='lat' dir='ltr'>etiam</span> <span class='ocrx_word' id='word_1_490' title='bbox 2804 1895 2933 1935; x_wconf 90' lang='lat' dir='ltr'>eum</span> <span class='ocrx_word' id='word_1_491' title='bbox 2968 1880 3069 1950; x_wconf 90' lang='lat' dir='ltr'>qui</span> <span class='ocrx_word' id='word_1_492' title='bbox 3102 1896 3208 1935; x_wconf 88' lang='lat' dir='ltr'>nos</span> <span class='ocrx_word' id='word_1_493' title='bbox 3239 1881 3296 1934; x_wconf 90' lang='lat' dir='ltr'>in</span> <span class='ocrx_word' id='word_1_494' title='bbox 3330 1880 3665 1935; x_wconf 87' lang='lat' dir='ltr'>servitutem</span> <span class='ocrx_word' id='word_1_495' title='bbox 3718 1896 3809 1933; x_wconf 89' lang='lat' dir='ltr'>re-</span> 
     </span>
    </p>
   </div>
   <div class='ocr_carea' id='block_1_67' title="bbox 2166 1967 3812 2039">
    <p class='ocr_par' dir='ltr' id='par_1_67' title="bbox 2166 1967 3812 2039">
     <span class='ocr_line' id='line_1_67' title="bbox 2166 1967 3812 2039; baseline 0.002 -18"><span class='ocrx_word' id='word_1_496' title='bbox 2166 1969 2403 2039; x_wconf 83' lang='lat' dir='ltr'>degerat</span> <span class='ocrx_word' id='word_1_497' title='bbox 2457 1967 2831 2039; x_wconf 87' lang='lat' dir='ltr'>opprimeret,</span> <span class='ocrx_word' id='word_1_498' title='bbox 2894 1984 2964 2023; x_wconf 92' lang='lat' dir='ltr'>ne</span> <span class='ocrx_word' id='word_1_499' title='bbox 2994 1985 3227 2024; x_wconf 88' lang='lat' dir='ltr'>rursum</span> <span class='ocrx_word' id='word_1_500' title='bbox 3287 1968 3650 2024; x_wconf 89' lang='lat' dir='ltr'>invalescens</span> <span class='ocrx_word' id='word_1_501' title='bbox 3703 1984 3812 2025; x_wconf 89' lang='lat' dir='ltr'>nos</span> 
     </span>
    </p>
   </div>
   <div class='ocr_carea' id='block_1_68' title="bbox 2166 2056 3807 2128">
    <p class='ocr_par' dir='ltr' id='par_1_68' title="bbox 2166 2056 3807 2128">
     <span class='ocr_line' id='line_1_68' title="bbox 2166 2056 3807 2128; baseline 0.002 -18"><span class='ocrx_word' id='word_1_502' title='bbox 2166 2056 2477 2128; x_wconf 84' lang='lat' dir='ltr'>deciperet,</span> <span class='ocrx_word' id='word_1_503' title='bbox 2528 2073 2670 2111; x_wconf 89' lang='lat' dir='ltr'>neve</span> <span class='ocrx_word' id='word_1_504' title='bbox 2752 2074 2860 2113; x_wconf 89' lang='lat' dir='ltr'>sua</span> <span class='ocrx_word' id='word_1_505' title='bbox 2934 2058 3177 2115; x_wconf 86' lang='lat' dir='ltr'>victoria</span> <span class='ocrx_word' id='word_1_506' title='bbox 3224 2058 3521 2114; x_wconf 87' lang='lat' dir='ltr'>incassum</span> <span class='ocrx_word' id='word_1_507' title='bbox 3601 2058 3807 2114; x_wconf 90' lang='lat' dir='ltr'>abiret.</span> 
     </span>
    </p>
   </div>
   <div class='ocr_carea' id='block_1_69' title="bbox 2167 2144 3805 2217">
    <p class='ocr_par' dir='ltr' id='par_1_69' title="bbox 2167 2144 3805 2217">
     <span class='ocr_line' id='line_1_69' title="bbox 2167 2144 3805 2217; baseline 0.002 -18"><span class='ocrx_word' id='word_1_508' title='bbox 2167 2147 2529 2216; x_wconf 86' lang='lat' dir='ltr'>Quapropter</span> <span class='ocrx_word' id='word_1_509' title='bbox 2558 2144 2684 2217; x_wconf 90' lang='lat' dir='ltr'>ipse</span> <span class='ocrx_word' id='word_1_510' title='bbox 2713 2161 2847 2201; x_wconf 90' lang='lat' dir='ltr'>cum</span> <span class='ocrx_word' id='word_1_511' title='bbox 2877 2145 3164 2203; x_wconf 86' lang='lat' dir='ltr'>illusisset</span> <span class='ocrx_word' id='word_1_512' title='bbox 3194 2147 3389 2217; x_wconf 88' lang='lat' dir='ltr'>morti,</span> <span class='ocrx_word' id='word_1_513' title='bbox 3442 2146 3610 2203; x_wconf 88' lang='lat' dir='ltr'>nobis</span> <span class='ocrx_word' id='word_1_514' title='bbox 3662 2147 3805 2203; x_wconf 89' lang='lat' dir='ltr'>item</span> 
     </span>
    </p>
   </div>
   <div class='ocr_carea' id='block_1_70' title="bbox 2165 2233 3812 2291">
    <p class='ocr_par' dir='ltr' id='par_1_70' title="bbox 2165 2233 3812 2291">
     <span class='ocr_line' id='line_1_70' title="bbox 2165 2233 3812 2291; baseline 0.001 -1"><span class='ocrx_word' id='word_1_515' title='bbox 2165 2251 2293 2290; x_wconf 87' lang='lat' dir='ltr'>eam</span> <span class='ocrx_word' id='word_1_516' title='bbox 2318 2233 2659 2289; x_wconf 84' lang='lat' dir='ltr'>calcandam</span> <span class='ocrx_word' id='word_1_517' title='bbox 2691 2235 2868 2289; x_wconf 86' lang='lat' dir='ltr'>tradit</span> <span class='ocrx_word' id='word_1_518' title='bbox 2920 2234 3121 2291; x_wconf 90' lang='lat' dir='ltr'>dicens</span> <span class='ocrx_word' id='word_1_519' title='bbox 3154 2253 3167 2290; x_wconf 91' lang='lat'><strong>:</strong></span> <span class='ocrx_word' id='word_1_520' title='bbox 3220 2259 3249 2286; x_wconf 91' lang='grc'>‹‹</span> <span class='ocrx_word' id='word_1_521' title='bbox 3284 2237 3428 2291; x_wconf 86' lang='lat' dir='ltr'>Ecce</span> <span class='ocrx_word' id='word_1_522' title='bbox 3456 2236 3589 2291; x_wconf 90' lang='lat' dir='ltr'>dedi</span> <span class='ocrx_word' id='word_1_523' title='bbox 3645 2236 3812 2291; x_wconf 91' lang='lat' dir='ltr'>vobis</span> 
     </span>
    </p>
   </div>
   <div class='ocr_carea' id='block_1_71' title="bbox 2167 2322 3808 2397">
    <p class='ocr_par' dir='ltr' id='par_1_71' title="bbox 2167 2322 3808 2397">
     <span class='ocr_line' id='line_1_71' title="bbox 2167 2322 3808 2397; baseline 0.001 -19"><span class='ocrx_word' id='word_1_524' title='bbox 2167 2326 2512 2396; x_wconf 89' lang='lat' dir='ltr'>potestatem</span> <span class='ocrx_word' id='word_1_525' title='bbox 2546 2322 2810 2378; x_wconf 88' lang='lat' dir='ltr'>calcandi</span> <span class='ocrx_word' id='word_1_526' title='bbox 2843 2340 3023 2395; x_wconf 88' lang='lat' dir='ltr'>supra</span> <span class='ocrx_word' id='word_1_527' title='bbox 3052 2330 3355 2397; x_wconf 88' lang='lat' dir='ltr'>serpentes</span> <span class='ocrx_word' id='word_1_528' title='bbox 3386 2330 3443 2380; x_wconf 92' lang='lat' dir='ltr'>et</span> <span class='ocrx_word' id='word_1_529' title='bbox 3470 2325 3808 2397; x_wconf 88' lang='lat' dir='ltr'>scorpiones</span> 
     </span>
    </p>
   </div>
   <div class='ocr_carea' id='block_1_72' title="bbox 2164 2412 3807 2482">
    <p class='ocr_par' dir='ltr' id='par_1_72' title="bbox 2164 2412 3807 2482">
     <span class='ocr_line' id='line_1_72' title="bbox 2164 2412 3807 2482; baseline 0 -13"><span class='ocrx_word' id='word_1_530' title='bbox 2164 2417 2222 2469; x_wconf 89' lang='lat' dir='ltr'>et</span> <span class='ocrx_word' id='word_1_531' title='bbox 2252 2428 2432 2482; x_wconf 89' lang='lat' dir='ltr'>supra</span> <span class='ocrx_word' id='word_1_532' title='bbox 2456 2427 2688 2466; x_wconf 88' lang='lat' dir='ltr'>omnem</span> <span class='ocrx_word' id='word_1_533' title='bbox 2722 2412 2991 2468; x_wconf 85' lang='lat' dir='ltr'>virtutem</span> <span class='ocrx_word' id='word_1_534' title='bbox 3024 2413 3240 2468; x_wconf 89' lang='lat' dir='ltr'>inimici</span> <span class='ocrx_word' id='word_1_535' title='bbox 3270 2414 3333 2468; x_wconf 70' lang='lat'>93.</span> <span class='ocrx_word' id='word_1_536' title='bbox 3374 2436 3393 2463; x_wconf 73' lang='grc' dir='ltr'>ι</span> <span class='ocrx_word' id='word_1_537' title='bbox 3428 2414 3507 2468; x_wconf 84' lang='lat' dir='ltr'>Ac</span> <span class='ocrx_word' id='word_1_538' title='bbox 3530 2429 3765 2469; x_wconf 85' lang='lat' dir='ltr'>rursum</span> <span class='ocrx_word' id='word_1_539' title='bbox 3794 2431 3807 2469; x_wconf 91' lang='lat'><strong>:</strong></span> 
     </span>
    </p>
   </div>
   <div class='ocr_carea' id='block_1_73' title="bbox 2167 2500 3814 2559">
    <p class='ocr_par' dir='ltr' id='par_1_73' title="bbox 2167 2500 3814 2559">
     <span class='ocr_line' id='line_1_73' title="bbox 2167 2500 3814 2559; baseline 0.001 -2"><span class='ocrx_word' id='word_1_540' title='bbox 2167 2526 2194 2552; x_wconf 84' lang='grc'>‹‹</span> <span class='ocrx_word' id='word_1_541' title='bbox 2228 2501 2612 2557; x_wconf 86' lang='lat' dir='ltr'>Conculcabis</span> <span class='ocrx_word' id='word_1_542' title='bbox 2644 2500 2872 2556; x_wconf 90' lang='lat' dir='ltr'>leonem</span> <span class='ocrx_word' id='word_1_543' title='bbox 2906 2506 2962 2556; x_wconf 86' lang='lat' dir='ltr'>et</span> <span class='ocrx_word' id='word_1_544' title='bbox 2982 2502 3296 2558; x_wconf 90' lang='lat' dir='ltr'>draconem</span> <span class='ocrx_word' id='word_1_545' title='bbox 3328 2503 3429 2557; x_wconf 66' lang='grc' dir='ltr'>θ’.»</span> <span class='ocrx_word' id='word_1_546' title='bbox 3462 2502 3615 2559; x_wconf 90' lang='lat' dir='ltr'>Olim</span> <span class='ocrx_word' id='word_1_547' title='bbox 3650 2519 3814 2559; x_wconf 87' lang='lat' dir='ltr'>nam-</span> 
     </span>
    </p>
   </div>
   <div class='ocr_carea' id='block_1_74' title="bbox 2164 2590 3813 2663">
    <p class='ocr_par' dir='ltr' id='par_1_74' title="bbox 2164 2590 3813 2663">
     <span class='ocr_line' id='line_1_74' title="bbox 2164 2590 3813 2663; baseline 0.001 -18"><span class='ocrx_word' id='word_1_548' title='bbox 2164 2608 2278 2662; x_wconf 89' lang='lat' dir='ltr'>que</span> <span class='ocrx_word' id='word_1_549' title='bbox 2308 2606 2548 2663; x_wconf 89' lang='lat' dir='ltr'>serpens</span> <span class='ocrx_word' id='word_1_550' title='bbox 2580 2590 2749 2644; x_wconf 89' lang='lat' dir='ltr'>Evam</span> <span class='ocrx_word' id='word_1_551' title='bbox 2783 2590 3027 2661; x_wconf 90' lang='lat' dir='ltr'>decepit,</span> <span class='ocrx_word' id='word_1_552' title='bbox 3076 2591 3321 2661; x_wconf 85' lang='lat' dir='ltr'>ejusque</span> <span class='ocrx_word' id='word_1_553' title='bbox 3378 2591 3599 2646; x_wconf 88' lang='lat' dir='ltr'>invidia</span> <span class='ocrx_word' id='word_1_554' title='bbox 3655 2608 3813 2647; x_wconf 90' lang='lat' dir='ltr'>mors</span> 
     </span>
    </p>
   </div>
   <div class='ocr_carea' id='block_1_75' title="bbox 2165 2675 3814 2747">
    <p class='ocr_par' dir='ltr' id='par_1_75' title="bbox 2165 2675 3814 2747">
     <span class='ocr_line' id='line_1_75' title="bbox 2165 2675 3814 2747; baseline 0.001 -15"><span class='ocrx_word' id='word_1_555' title='bbox 2165 2676 2404 2732; x_wconf 89' lang='lat' dir='ltr'>intravit</span> <span class='ocrx_word' id='word_1_556' title='bbox 2430 2675 2489 2729; x_wconf 90' lang='lat' dir='ltr'>in</span> <span class='ocrx_word' id='word_1_557' title='bbox 2521 2676 2810 2730; x_wconf 90' lang='lat' dir='ltr'>mundum</span> <span class='ocrx_word' id='word_1_558' title='bbox 2841 2692 2852 2729; x_wconf 94' lang='lat'>:</span> <span class='ocrx_word' id='word_1_559' title='bbox 2879 2678 3005 2747; x_wconf 86' lang='lat' dir='ltr'>jam</span> <span class='ocrx_word' id='word_1_560' title='bbox 3035 2693 3171 2732; x_wconf 91' lang='lat' dir='ltr'>vero</span> <span class='ocrx_word' id='word_1_561' title='bbox 3197 2678 3573 2732; x_wconf 87' lang='lat' dir='ltr'>conculcatur</span> <span class='ocrx_word' id='word_1_562' title='bbox 3600 2682 3656 2733; x_wconf 91' lang='lat' dir='ltr'>et</span> <span class='ocrx_word' id='word_1_563' title='bbox 3716 2694 3814 2733; x_wconf 89' lang='lat' dir='ltr'>vo-</span> 
     </span>
    </p>
   </div>
   <div class='ocr_carea' id='block_1_76' title="bbox 2165 2764 3811 2835">
    <p class='ocr_par' dir='ltr' id='par_1_76' title="bbox 2165 2764 3811 2835">
     <span class='ocr_line' id='line_1_76' title="bbox 2165 2764 3811 2835; baseline -0.003 -14"><span class='ocrx_word' id='word_1_564' title='bbox 2165 2765 2294 2821; x_wconf 90' lang='lat' dir='ltr'>lens</span> <span class='ocrx_word' id='word_1_565' title='bbox 2324 2764 2588 2835; x_wconf 87' lang='lat' dir='ltr'>decipere</span> <span class='ocrx_word' id='word_1_566' title='bbox 2619 2764 2820 2819; x_wconf 90' lang='lat' dir='ltr'>audit:</span> <span class='ocrx_word' id='word_1_567' title='bbox 2857 2786 2876 2813; x_wconf 76' lang='grc' dir='ltr'>α</span> <span class='ocrx_word' id='word_1_568' title='bbox 2915 2764 3073 2819; x_wconf 83' lang='lat' dir='ltr'>Vade</span> <span class='ocrx_word' id='word_1_569' title='bbox 3121 2769 3273 2820; x_wconf 89' lang='lat' dir='ltr'>retro</span> <span class='ocrx_word' id='word_1_570' title='bbox 3306 2780 3419 2835; x_wconf 87' lang='lat' dir='ltr'>me,</span> <span class='ocrx_word' id='word_1_571' title='bbox 3448 2768 3661 2819; x_wconf 87' lang='lat' dir='ltr'>Satana</span> <span class='ocrx_word' id='word_1_572' title='bbox 3717 2767 3758 2819; x_wconf 75' lang='grc' dir='ltr'>ί.</span> <span class='ocrx_word' id='word_1_573' title='bbox 3781 2785 3811 2815; x_wconf 81' lang='grc'><strong>››</strong></span> 
     </span>
    </p>
   </div>
   <div class='ocr_carea' id='block_1_77' title="bbox 2169 2851 3815 2925">
    <p class='ocr_par' dir='ltr' id='par_1_77' title="bbox 2169 2851 3815 2925">
     <span class='ocr_line' id='line_1_77' title="bbox 2169 2851 3815 2925; baseline -0.001 -15"><span class='ocrx_word' id='word_1_574' title='bbox 2169 2854 2320 2911; x_wconf 89' lang='lat' dir='ltr'>Olim</span> <span class='ocrx_word' id='word_1_575' title='bbox 2352 2852 2722 2908; x_wconf 87' lang='lat' dir='ltr'>adversarius</span> <span class='ocrx_word' id='word_1_576' title='bbox 2756 2858 2953 2908; x_wconf 88' lang='lat' dir='ltr'>noster</span> <span class='ocrx_word' id='word_1_577' title='bbox 2991 2851 3280 2922; x_wconf 86' lang='lat' dir='ltr'>diabolus,</span> <span class='ocrx_word' id='word_1_578' title='bbox 3333 2854 3502 2925; x_wconf 91' lang='lat' dir='ltr'>quasi</span> <span class='ocrx_word' id='word_1_579' title='bbox 3556 2853 3645 2908; x_wconf 91' lang='lat' dir='ltr'>leo</span> <span class='ocrx_word' id='word_1_580' title='bbox 3702 2852 3815 2908; x_wconf 90' lang='lat' dir='ltr'>cir-</span> 
     </span>
    </p>
   </div>
   <div class='ocr_carea' id='block_1_78' title="bbox 2171 2940 3815 3013">
    <p class='ocr_par' dir='ltr' id='par_1_78' title="bbox 2171 2940 3815 3013">
     <span class='ocr_line' id='line_1_78' title="bbox 2171 2940 3815 3013; baseline -0.001 -14"><span class='ocrx_word' id='word_1_581' title='bbox 2171 2940 2665 3005; x_wconf 66' lang='lat' dir='ltr'>curnibat,sitiens</span> <span class='ocrx_word' id='word_1_582' title='bbox 2694 2940 2951 2996; x_wconf 88' lang='lat' dir='ltr'>animam</span> <span class='ocrx_word' id='word_1_583' title='bbox 2984 2948 3285 2997; x_wconf 88' lang='lat' dir='ltr'>nostram:</span> <span class='ocrx_word' id='word_1_584' title='bbox 3310 2943 3439 3013; x_wconf 88' lang='lat' dir='ltr'>jam</span> <span class='ocrx_word' id='word_1_585' title='bbox 3490 2958 3625 2997; x_wconf 88' lang='lat' dir='ltr'>vero</span> <span class='ocrx_word' id='word_1_586' title='bbox 3673 2958 3815 2997; x_wconf 89' lang='lat' dir='ltr'>con-</span> 
     </span>
    </p>
   </div>
   <div class='ocr_carea' id='block_1_79' title="bbox 2172 3030 3818 3095">
    <p class='ocr_par' dir='ltr' id='par_1_79' title="bbox 2172 3030 3818 3095">
     <span class='ocr_line' id='line_1_79' title="bbox 2172 3030 3818 3095; baseline -0.001 -8"><span class='ocrx_word' id='word_1_587' title='bbox 2172 3033 2439 3087; x_wconf 84' lang='lat' dir='ltr'>culcatur</span> <span class='ocrx_word' id='word_1_588' title='bbox 2466 3046 2599 3084; x_wconf 89' lang='lat' dir='ltr'>cum</span> <span class='ocrx_word' id='word_1_589' title='bbox 2634 3030 2903 3095; x_wconf 87' lang='lat' dir='ltr'>dracone,</span> <span class='ocrx_word' id='word_1_590' title='bbox 2937 3046 3001 3084; x_wconf 92' lang='lat' dir='ltr'>ac</span> <span class='ocrx_word' id='word_1_591' title='bbox 3031 3030 3268 3085; x_wconf 90' lang='lat' dir='ltr'>demum</span> <span class='ocrx_word' id='word_1_592' title='bbox 3300 3030 3456 3085; x_wconf 90' lang='lat' dir='ltr'>brevi</span> <span class='ocrx_word' id='word_1_593' title='bbox 3488 3030 3641 3086; x_wconf 88' lang='lat' dir='ltr'>Deus</span> <span class='ocrx_word' id='word_1_594' title='bbox 3673 3047 3818 3085; x_wconf 92' lang='lat' dir='ltr'>con-</span> 
     </span>
    </p>
   </div>
   <div class='ocr_carea' id='block_1_80' title="bbox 2172 3118 3817 3190">
    <p class='ocr_par' dir='ltr' id='par_1_80' title="bbox 2172 3118 3817 3190">
     <span class='ocr_line' id='line_1_80' title="bbox 2172 3118 3817 3190; baseline -0.001 -14"><span class='ocrx_word' id='word_1_595' title='bbox 2172 3125 2318 3176; x_wconf 87' lang='lat' dir='ltr'>teret</span> <span class='ocrx_word' id='word_1_596' title='bbox 2347 3120 2621 3174; x_wconf 85' lang='lat' dir='ltr'>Satanam</span> <span class='ocrx_word' id='word_1_597' title='bbox 2649 3118 2759 3173; x_wconf 91' lang='lat' dir='ltr'>sub</span> <span class='ocrx_word' id='word_1_598' title='bbox 2781 3118 3027 3189; x_wconf 89' lang='lat' dir='ltr'>pedibus</span> <span class='ocrx_word' id='word_1_599' title='bbox 3053 3118 3664 3190; x_wconf 88' lang='lat' dir='ltr'>nostris.Tantumque</span> <span class='ocrx_word' id='word_1_600' title='bbox 3686 3119 3817 3175; x_wconf 88' lang='lat' dir='ltr'>des-</span> 
     </span>
    </p>
   </div>
   <div class='ocr_carea' id='block_1_81' title="bbox 2175 3204 3817 3282">
    <p class='ocr_par' dir='ltr' id='par_1_81' title="bbox 2175 3204 3817 3282">
     <span class='ocr_line' id='line_1_81' title="bbox 2175 3204 3817 3282; baseline 0 -19"><span class='ocrx_word' id='word_1_601' title='bbox 2175 3208 2405 3282; x_wconf 90' lang='lat' dir='ltr'>picitur,</span> <span class='ocrx_word' id='word_1_602' title='bbox 2465 3210 2696 3262; x_wconf 85' lang='lat' dir='ltr'>tantum</span> <span class='ocrx_word' id='word_1_603' title='bbox 2755 3204 3039 3275; x_wconf 89' lang='lat' dir='ltr'>illuditur,</span> <span class='ocrx_word' id='word_1_604' title='bbox 3098 3211 3159 3262; x_wconf 90' lang='lat' dir='ltr'>ut</span> <span class='ocrx_word' id='word_1_605' title='bbox 3210 3222 3280 3261; x_wconf 89' lang='lat' dir='ltr'>ne</span> <span class='ocrx_word' id='word_1_606' title='bbox 3309 3207 3604 3279; x_wconf 89' lang='lat' dir='ltr'>quispiam</span> <span class='ocrx_word' id='word_1_607' title='bbox 3634 3209 3817 3264; x_wconf 83' lang='lat' dir='ltr'>refor-</span> 
     </span>
    </p>
   </div>
   <div class='ocr_carea' id='block_1_82' title="bbox 2177 3294 3817 3365">
    <p class='ocr_par' dir='ltr' id='par_1_82' title="bbox 2177 3294 3817 3365">
     <span class='ocr_line' id='line_1_82' title="bbox 2177 3294 3817 3365; baseline 0 -13"><span class='ocrx_word' id='word_1_608' title='bbox 2177 3298 2359 3353; x_wconf 89' lang='lat' dir='ltr'>midet</span> <span class='ocrx_word' id='word_1_609' title='bbox 2387 3296 2458 3352; x_wconf 89' lang='lat' dir='ltr'>ad</span> <span class='ocrx_word' id='word_1_610' title='bbox 2492 3296 2752 3351; x_wconf 85' lang='lat' dir='ltr'>foramen</span> <span class='ocrx_word' id='word_1_611' title='bbox 2784 3294 3058 3365; x_wconf 87' lang='lat' dir='ltr'>aspidum</span> <span class='ocrx_word' id='word_1_612' title='bbox 3107 3295 3418 3352; x_wconf 82' lang='lat' dir='ltr'>admovere</span> <span class='ocrx_word' id='word_1_613' title='bbox 3472 3313 3714 3351; x_wconf 89' lang='lat' dir='ltr'>manum</span> <span class='ocrx_word' id='word_1_614' title='bbox 3774 3297 3817 3352; x_wconf 70' lang='grc'>³.</span> 
     </span>
    </p>
   </div>
   <div class='ocr_carea' id='block_1_83' title="bbox 2173 3382 3821 3456">
    <p class='ocr_par' dir='ltr' id='par_1_83' title="bbox 2173 3382 3821 3456">
     <span class='ocr_line' id='line_1_83' title="bbox 2173 3382 3821 3456; baseline 0 -15"><span class='ocrx_word' id='word_1_615' title='bbox 2173 3386 2303 3441; x_wconf 73' lang='lat' dir='ltr'>Haec</span> <span class='ocrx_word' id='word_1_616' title='bbox 2352 3384 2509 3440; x_wconf 91' lang='lat' dir='ltr'>enim</span> <span class='ocrx_word' id='word_1_617' title='bbox 2567 3382 2746 3439; x_wconf 87' lang='lat' dir='ltr'>Isaias</span> <span class='ocrx_word' id='word_1_618' title='bbox 2823 3383 3210 3455; x_wconf 82' lang='lat' dir='ltr'>praphetavit,</span> <span class='ocrx_word' id='word_1_619' title='bbox 3271 3388 3442 3456; x_wconf 85' lang='lat' dir='ltr'>cujus</span> <span class='ocrx_word' id='word_1_620' title='bbox 3499 3400 3672 3440; x_wconf 89' lang='lat' dir='ltr'>verus</span> <span class='ocrx_word' id='word_1_621' title='bbox 3731 3390 3821 3443; x_wconf 86' lang='lat' dir='ltr'>est</span> 
     </span>
    </p>
   </div>
   <div class='ocr_carea' id='block_1_84' title="bbox 2175 3490 2389 3531">
    <p class='ocr_par' dir='ltr' id='par_1_84' title="bbox 2175 3490 2389 3531">
     <span class='ocr_line' id='line_1_84' title="bbox 2175 3490 2389 3531; baseline -0.014 0"><span class='ocrx_word' id='word_1_622' title='bbox 2175 3490 2389 3531; x_wconf 87' lang='lat' dir='ltr'>sermo.</span> 
     </span>
    </p>
   </div>
   <div class='ocr_carea' id='block_1_85' title="bbox 2244 3648 3819 3722">
    <p class='ocr_par' dir='ltr' id='par_1_85' title="bbox 2244 3648 3819 3722">
     <span class='ocr_line' id='line_1_85' title="bbox 2244 3648 3819 3722; baseline -0.001 -16"><span class='ocrx_word' id='word_1_623' title='bbox 2244 3652 2333 3706; x_wconf 83' lang='grc'>29.</span> <span class='ocrx_word' id='word_1_624' title='bbox 2368 3649 2536 3706; x_wconf 92' lang='lat' dir='ltr'>Pueri</span> <span class='ocrx_word' id='word_1_625' title='bbox 2566 3665 2702 3722; x_wconf 88' lang='lat' dir='ltr'>ergo</span> <span class='ocrx_word' id='word_1_626' title='bbox 2732 3648 3251 3721; x_wconf 73' lang='lat' dir='ltr'>voluptatem,quzs</span> <span class='ocrx_word' id='word_1_627' title='bbox 3283 3649 3445 3721; x_wconf 88' lang='lat' dir='ltr'>ipsos</span> <span class='ocrx_word' id='word_1_628' title='bbox 3473 3649 3613 3704; x_wconf 90' lang='lat' dir='ltr'>olim</span> <span class='ocrx_word' id='word_1_629' title='bbox 3646 3664 3819 3706; x_wconf 89' lang='lat' dir='ltr'>senes</span> 
     </span>
    </p>
   </div>
   <div class='ocr_carea' id='block_1_86' title="bbox 2177 3737 3813 3811">
    <p class='ocr_par' dir='ltr' id='par_1_86' title="bbox 2177 3737 3813 3811">
     <span class='ocr_line' id='line_1_86' title="bbox 2177 3737 3813 3811; baseline -0.001 -16"><span class='ocrx_word' id='word_1_630' title='bbox 2177 3740 2670 3811; x_wconf 84' lang='lat' dir='ltr'>decipiebat,jam</span> <span class='ocrx_word' id='word_1_631' title='bbox 2719 3737 2965 3793; x_wconf 88' lang='lat' dir='ltr'>irrident</span> <span class='ocrx_word' id='word_1_632' title='bbox 3013 3740 3297 3793; x_wconf 89' lang='lat' dir='ltr'>:necdum</span> <span class='ocrx_word' id='word_1_633' title='bbox 3355 3739 3427 3793; x_wconf 90' lang='lat' dir='ltr'>ad</span> <span class='ocrx_word' id='word_1_634' title='bbox 3486 3737 3813 3809; x_wconf 82' lang='lat' dir='ltr'>legitimam</span> 
     </span>
    </p>
   </div>
   <div class='ocr_carea' id='block_1_87' title="bbox 2178 3825 3822 3901">
    <p class='ocr_par' dir='ltr' id='par_1_87' title="bbox 2178 3825 3822 3901">
     <span class='ocr_line' id='line_1_87' title="bbox 2178 3825 3822 3901; baseline -0.003 -18"><span class='ocrx_word' id='word_1_635' title='bbox 2178 3827 2469 3901; x_wconf 83' lang='lat' dir='ltr'>progressi</span> <span class='ocrx_word' id='word_1_636' title='bbox 2502 3830 2728 3881; x_wconf 73' lang='lat' dir='ltr'>aetatem</span> <span class='ocrx_word' id='word_1_637' title='bbox 2761 3825 3140 3890; x_wconf 88' lang='lat' dir='ltr'>continentia,</span> <span class='ocrx_word' id='word_1_638' title='bbox 3169 3842 3294 3898; x_wconf 65' lang='lat' dir='ltr'>quae</span> <span class='ocrx_word' id='word_1_639' title='bbox 3324 3825 3510 3897; x_wconf 86' lang='lat' dir='ltr'>legem</span> <span class='ocrx_word' id='word_1_640' title='bbox 3558 3830 3822 3897; x_wconf 86' lang='lat' dir='ltr'>superat,</span> 
     </span>
    </p>
   </div>
   <div class='ocr_carea' id='block_1_88' title="bbox 2177 3912 3823 3985">
    <p class='ocr_par' dir='ltr' id='par_1_88' title="bbox 2177 3912 3823 3985">
     <span class='ocr_line' id='line_1_88' title="bbox 2177 3912 3823 3985; baseline -0.002 -14"><span class='ocrx_word' id='word_1_641' title='bbox 2177 3917 2411 3971; x_wconf 85' lang='lat' dir='ltr'>lumbos</span> <span class='ocrx_word' id='word_1_642' title='bbox 2460 3912 2865 3985; x_wconf 68' lang='lat' dir='ltr'>praecingunt:</span> <span class='ocrx_word' id='word_1_643' title='bbox 2900 3914 3308 3983; x_wconf 89' lang='lat' dir='ltr'>manendoque</span> <span class='ocrx_word' id='word_1_644' title='bbox 3363 3912 3636 3985; x_wconf 87' lang='lat' dir='ltr'>virgines,</span> <span class='ocrx_word' id='word_1_645' title='bbox 3708 3929 3823 3969; x_wconf 83' lang='lat' dir='ltr'>ser-</span> 
     </span>
    </p>
   </div>
   <div class='ocr_carea' id='block_1_89' title="bbox 2180 4000 3816 4077">
    <p class='ocr_par' dir='ltr' id='par_1_89' title="bbox 2180 4000 3816 4077">
     <span class='ocr_line' id='line_1_89' title="bbox 2180 4000 3816 4077; baseline -0.002 -17"><span class='ocrx_word' id='word_1_646' title='bbox 2180 4006 2431 4077; x_wconf 64' lang='lat' dir='ltr'>pentium</span> <span class='ocrx_word' id='word_1_647' title='bbox 2460 4001 2776 4073; x_wconf 88' lang='lat' dir='ltr'>voluptatis</span> <span class='ocrx_word' id='word_1_648' title='bbox 2828 4000 3087 4056; x_wconf 87' lang='lat' dir='ltr'>fallacias</span> <span class='ocrx_word' id='word_1_649' title='bbox 3143 4003 3315 4057; x_wconf 91' lang='lat' dir='ltr'>verbo</span> <span class='ocrx_word' id='word_1_650' title='bbox 3374 4002 3620 4070; x_wconf 87' lang='lat' dir='ltr'>calcant,</span> <span class='ocrx_word' id='word_1_651' title='bbox 3669 4001 3816 4057; x_wconf 89' lang='lat' dir='ltr'>nihil</span> 
     </span>
    </p>
   </div>
   <div class='ocr_carea' id='block_1_90' title="bbox 2180 4090 3821 4165">
    <p class='ocr_par' dir='ltr' id='par_1_90' title="bbox 2180 4090 3821 4165">
     <span class='ocr_line' id='line_1_90' title="bbox 2180 4090 3821 4165; baseline -0.002 -16"><span class='ocrx_word' id='word_1_652' title='bbox 2180 4095 2307 4165; x_wconf 90' lang='lat' dir='ltr'>ejus</span> <span class='ocrx_word' id='word_1_653' title='bbox 2338 4091 2636 4145; x_wconf 87' lang='lat' dir='ltr'>lethiferos</span> <span class='ocrx_word' id='word_1_654' title='bbox 2696 4106 2929 4145; x_wconf 88' lang='lat' dir='ltr'>morsus</span> <span class='ocrx_word' id='word_1_655' title='bbox 2978 4090 3167 4145; x_wconf 85' lang='lat' dir='ltr'>veriti.</span> <span class='ocrx_word' id='word_1_656' title='bbox 3199 4090 3331 4145; x_wconf 89' lang='lat' dir='ltr'>Jam</span> <span class='ocrx_word' id='word_1_657' title='bbox 3362 4107 3495 4146; x_wconf 89' lang='lat' dir='ltr'>vero</span> <span class='ocrx_word' id='word_1_658' title='bbox 3554 4091 3821 4162; x_wconf 90' lang='lat' dir='ltr'>quidam,</span> 
     </span>
    </p>
   </div>
   <div class='ocr_carea' id='block_1_91' title="bbox 2182 4177 3825 4254">
    <p class='ocr_par' dir='ltr' id='par_1_91' title="bbox 2182 4177 3825 4254">
     <span class='ocr_line' id='line_1_91' title="bbox 2182 4177 3825 4254; baseline -0.002 -16"><span class='ocrx_word' id='word_1_659' title='bbox 2182 4184 2380 4254; x_wconf 89' lang='lat' dir='ltr'>ipsum</span> <span class='ocrx_word' id='word_1_660' title='bbox 2413 4178 2628 4234; x_wconf 89' lang='lat' dir='ltr'>diaboli</span> <span class='ocrx_word' id='word_1_661' title='bbox 2686 4177 2996 4233; x_wconf 90' lang='lat' dir='ltr'>stimulum</span> <span class='ocrx_word' id='word_1_662' title='bbox 3028 4178 3340 4249; x_wconf 91' lang='lat' dir='ltr'>calcantes,</span> <span class='ocrx_word' id='word_1_663' title='bbox 3403 4184 3650 4235; x_wconf 87' lang='lat' dir='ltr'>mortem</span> <span class='ocrx_word' id='word_1_664' title='bbox 3708 4196 3825 4235; x_wconf 91' lang='lat' dir='ltr'>non</span> 
     </span>
    </p>
   </div>
   <div class='ocr_carea' id='block_1_92' title="bbox 2184 4268 3825 4340">
    <p class='ocr_par' dir='ltr' id='par_1_92' title="bbox 2184 4268 3825 4340">
     <span class='ocr_line' id='line_1_92' title="bbox 2184 4268 3825 4340; baseline -0.004 -12"><span class='ocrx_word' id='word_1_665' title='bbox 2184 4271 2536 4328; x_wconf 81' lang='lat' dir='ltr'>exborruere</span> <span class='ocrx_word' id='word_1_666' title='bbox 2559 4284 2572 4335; x_wconf 88' lang='lat'><strong>;</strong></span> <span class='ocrx_word' id='word_1_667' title='bbox 2597 4268 2696 4322; x_wconf 90' lang='lat' dir='ltr'>sed</span> <span class='ocrx_word' id='word_1_668' title='bbox 2736 4272 2921 4322; x_wconf 90' lang='lat' dir='ltr'>morte</span> <span class='ocrx_word' id='word_1_669' title='bbox 2950 4268 3126 4324; x_wconf 87' lang='lat' dir='ltr'>vitam</span> <span class='ocrx_word' id='word_1_670' title='bbox 3160 4286 3330 4324; x_wconf 87' lang='lat' dir='ltr'>suam</span> <span class='ocrx_word' id='word_1_671' title='bbox 3363 4272 3825 4340; x_wconf 87' lang='lat' dir='ltr'>commutarunt,</span> 
     </span>
    </p>
   </div>
   <div class='ocr_carea' id='block_1_93' title="bbox 2186 4355 3837 4428">
    <p class='ocr_par' dir='ltr' id='par_1_93' title="bbox 2186 4355 3837 4428">
     <span class='ocr_line' id='line_1_93' title="bbox 2186 4355 3837 4428; baseline -0.002 -13"><span class='ocrx_word' id='word_1_672' title='bbox 2186 4358 2360 4415; x_wconf 90' lang='lat' dir='ltr'>Verbi</span> <span class='ocrx_word' id='word_1_673' title='bbox 2393 4362 2677 4428; x_wconf 83' lang='lat' dir='ltr'>martyres</span> <span class='ocrx_word' id='word_1_674' title='bbox 2702 4355 2925 4413; x_wconf 75' lang='lat' dir='ltr'>effecti:</span> <span class='ocrx_word' id='word_1_675' title='bbox 2950 4357 3079 4413; x_wconf 93' lang='lat' dir='ltr'>ideo</span> <span class='ocrx_word' id='word_1_676' title='bbox 3110 4358 3264 4413; x_wconf 89' lang='lat' dir='ltr'>enim</span> <span class='ocrx_word' id='word_1_677' title='bbox 3314 4363 3582 4413; x_wconf 87' lang='lat' dir='ltr'>mortuus</span> <span class='ocrx_word' id='word_1_678' title='bbox 3632 4357 3837 4412; x_wconf 90' lang='lat' dir='ltr'>Domi-</span> 
     </span>
    </p>
   </div>
   <div class='ocr_carea' id='block_1_94' title="bbox 2192 4445 3833 4512">
    <p class='ocr_par' dir='ltr' id='par_1_94' title="bbox 2192 4445 3833 4512">
     <span class='ocr_line' id='line_1_94' title="bbox 2192 4445 3833 4512; baseline -0.002 -8"><span class='ocrx_word' id='word_1_679' title='bbox 2192 4466 2305 4504; x_wconf 89' lang='lat' dir='ltr'>nus</span> <span class='ocrx_word' id='word_1_680' title='bbox 2336 4451 2443 4503; x_wconf 89' lang='lat' dir='ltr'>est.</span> <span class='ocrx_word' id='word_1_681' title='bbox 2478 4445 2643 4500; x_wconf 89' lang='lat' dir='ltr'>Multi</span> <span class='ocrx_word' id='word_1_682' title='bbox 2677 4462 2809 4501; x_wconf 91' lang='lat' dir='ltr'>vero</span> <span class='ocrx_word' id='word_1_683' title='bbox 2841 4446 3090 4502; x_wconf 89' lang='lat' dir='ltr'>terrenis</span> <span class='ocrx_word' id='word_1_684' title='bbox 3121 4446 3415 4502; x_wconf 89' lang='lat' dir='ltr'>derelictis</span> <span class='ocrx_word' id='word_1_685' title='bbox 3446 4445 3833 4512; x_wconf 85' lang='lat' dir='ltr'>rebus,libero</span> 
     </span>
    </p>
   </div>
   <div class='ocr_carea' id='block_1_95' title="bbox 431 4526 2064 4614">
    <p class='ocr_par' dir='ltr' id='par_1_95' title="bbox 431 4526 2064 4610">
     <span class='ocr_line' id='line_1_95' title="bbox 431 4526 2064 4610; baseline -0.006 -19"><span class='ocrx_word' id='word_1_686' title='bbox 431 4538 521 4592; x_wconf 80' lang='grc' dir='ltr'>ἐπὶ</span> <span class='ocrx_word' id='word_1_687' title='bbox 552 4538 655 4610; x_wconf 75' lang='grc' dir='ltr'>γῆς</span> <span class='ocrx_word' id='word_1_688' title='bbox 688 4532 1098 4603; x_wconf 84' lang='grc' dir='ltr'>καταλιπόντες,</span> <span class='ocrx_word' id='word_1_689' title='bbox 1131 4527 1400 4605; x_wconf 83' lang='grc' dir='ltr'>ἐλευθέρῳ</span> <span class='ocrx_word' id='word_1_690' title='bbox 1426 4533 1508 4601; x_wconf 79' lang='grc' dir='ltr'>τῷ</span> <span class='ocrx_word' id='word_1_691' title='bbox 1535 4526 1825 4603; x_wconf 83' lang='grc' dir='ltr'>βαδίσματι</span> <span class='ocrx_word' id='word_1_692' title='bbox 1841 4528 1931 4583; x_wconf 83' lang='grc' dir='ltr'>τὸν</span> <span class='ocrx_word' id='word_1_693' title='bbox 1953 4527 2064 4604; x_wconf 68' lang='grc' dir='ltr'>ἀέρα</span> 
     </span>
    </p>
   </div>
   <div class='ocr_carea' id='block_1_96' title="bbox 2171 4526 3830 4614">
    <p class='ocr_par' dir='ltr' id='par_1_96' title="bbox 2191 4534 3830 4611">
     <span class='ocr_line' id='line_1_96' title="bbox 2191 4534 3830 4611; baseline -0.003 -19"><span class='ocrx_word' id='word_1_694' title='bbox 2191 4553 2395 4611; x_wconf 89' lang='lat' dir='ltr'>gressu</span> <span class='ocrx_word' id='word_1_695' title='bbox 2429 4550 2621 4591; x_wconf 87' lang='lat' dir='ltr'>aerem</span> <span class='ocrx_word' id='word_1_696' title='bbox 2653 4540 2966 4608; x_wconf 88' lang='lat' dir='ltr'>peragrant</span> <span class='ocrx_word' id='word_1_697' title='bbox 2996 4539 3051 4590; x_wconf 92' lang='lat' dir='ltr'>et</span> <span class='ocrx_word' id='word_1_698' title='bbox 3081 4536 3140 4590; x_wconf 89' lang='lat' dir='ltr'>in</span> <span class='ocrx_word' id='word_1_699' title='bbox 3179 4534 3322 4591; x_wconf 73' lang='lat' dir='ltr'>cmlo</span> <span class='ocrx_word' id='word_1_700' title='bbox 3354 4536 3531 4590; x_wconf 86' lang='lat' dir='ltr'>vitam</span> <span class='ocrx_word' id='word_1_701' title='bbox 3564 4535 3786 4607; x_wconf 87' lang='lat' dir='ltr'>degunt</span> <span class='ocrx_word' id='word_1_702' title='bbox 3815 4548 3830 4587; x_wconf 89' lang='lat'><strong>:</strong></span> 
     </span>
    </p>
   </div>
   <div class='ocr_carea' id='block_1_97' title="bbox 434 4616 2085 4695">
    <p class='ocr_par' dir='ltr' id='par_1_97' title="bbox 434 4616 2085 4695">
     <span class='ocr_line' id='line_1_97' title="bbox 434 4616 2085 4695; baseline -0.005 -15"><span class='ocrx_word' id='word_1_703' title='bbox 434 4620 796 4690; x_wconf 88' lang='grc' dir='ltr'>διαϐαίνουσι,</span> <span class='ocrx_word' id='word_1_704' title='bbox 862 4620 951 4675; x_wconf 86' lang='grc' dir='ltr'>καὶ</span> <span class='ocrx_word' id='word_1_705' title='bbox 1027 4620 1078 4675; x_wconf 88' lang='grc' dir='ltr'>ἐν</span> <span class='ocrx_word' id='word_1_706' title='bbox 1157 4618 1365 4695; x_wconf 81' lang='grc' dir='ltr'>οὐρανῷ</span> <span class='ocrx_word' id='word_1_707' title='bbox 1438 4616 1834 4673; x_wconf 74' lang='grc' dir='ltr'>πολιτεύονταιο</span> <span class='ocrx_word' id='word_1_708' title='bbox 1907 4617 2085 4673; x_wconf 80' lang='grc' dir='ltr'>οὐκέτι</span> 
     </span>
    </p>
   </div>
   <div class='ocr_carea' id='block_1_98' title="bbox 434 4705 2088 4794">
    <p class='ocr_par' dir='ltr' id='par_1_98' title="bbox 434 4705 2088 4794">
     <span class='ocr_line' id='line_1_98' title="bbox 434 4705 2088 4794; baseline -0.005 -25"><span class='ocrx_word' id='word_1_709' title='bbox 434 4710 768 4794; x_wconf 79' lang='grc' dir='ltr'>φοϐούμενοι</span> <span class='ocrx_word' id='word_1_710' title='bbox 824 4711 915 4765; x_wconf 88' lang='grc' dir='ltr'>τὸν</span> <span class='ocrx_word' id='word_1_711' title='bbox 975 4706 1217 4785; x_wconf 77' lang='grc' dir='ltr'>ἄρχοντα</span> <span class='ocrx_word' id='word_1_712' title='bbox 1262 4711 1359 4762; x_wconf 90' lang='grc' dir='ltr'>τοῦ</span> <span class='ocrx_word' id='word_1_713' title='bbox 1416 4707 1596 4783; x_wconf 83' lang='grc' dir='ltr'>ἀέρος,</span> <span class='ocrx_word' id='word_1_714' title='bbox 1653 4705 1799 4762; x_wconf 84' lang='grc' dir='ltr'>ἀλλὰ</span> <span class='ocrx_word' id='word_1_715' title='bbox 1851 4706 2088 4762; x_wconf 80' lang='grc' dir='ltr'>γαὶέπι-</span> 
     </span>
    </p>
   </div>
   <div class='ocr_carea' id='block_1_99' title="bbox 1889 4799 2089 4872">
    <p class='ocr_par' dir='ltr' id='par_1_99' title="bbox 1889 4799 2089 4872">
     <span class='ocr_line' id='line_1_99' title="bbox 1889 4799 2089 4872; baseline 0.005 -22"><span class='ocrx_word' id='word_1_716' title='bbox 1889 4799 2089 4872; x_wconf 85' lang='grc' dir='ltr'>Ὕπαγε</span> 
     </span>
    </p>
   </div>
   <div class='ocr_carea' id='block_1_100' title="bbox 442 4884 2089 4963">
    <p class='ocr_par' dir='ltr' id='par_1_100' title="bbox 442 4884 2089 4963">
     <span class='ocr_line' id='line_1_100' title="bbox 442 4884 2089 4963; baseline -0.004 -17"><span class='ocrx_word' id='word_1_717' title='bbox 442 4891 615 4946; x_wconf 78' lang='grc' dir='ltr'>ὂπίσω</span> <span class='ocrx_word' id='word_1_718' title='bbox 651 4911 776 4962; x_wconf 84' lang='grc' dir='ltr'>μου,</span> <span class='ocrx_word' id='word_1_719' title='bbox 813 4893 1039 4943; x_wconf 79' lang='grc' dir='ltr'>Σατανᾶ·</span> <span class='ocrx_word' id='word_1_720' title='bbox 1081 4911 1101 4938; x_wconf 70' lang='grc' dir='ltr'>ι</span> <span class='ocrx_word' id='word_1_721' title='bbox 1140 4886 1220 4941; x_wconf 85' lang='lat'><strong>6&#39;11</strong></span> <span class='ocrx_word' id='word_1_722' title='bbox 1250 4884 1445 4963; x_wconf 86' lang='grc' dir='ltr'>Κύριον</span> <span class='ocrx_word' id='word_1_723' title='bbox 1479 4906 1569 4960; x_wconf 74' lang='grc' dir='ltr'>τον</span> <span class='ocrx_word' id='word_1_724' title='bbox 1603 4885 1730 4939; x_wconf 84' lang='grc' dir='ltr'>Θεόν</span> <span class='ocrx_word' id='word_1_725' title='bbox 1764 4906 1871 4958; x_wconf 88' lang='grc' dir='ltr'>μου</span> <span class='ocrx_word' id='word_1_726' title='bbox 1924 4886 2089 4939; x_wconf 81' lang='grc' dir='ltr'>σπεύ-</span> 
     </span>
    </p>
   </div>
   <div class='ocr_carea' id='block_1_101' title="bbox 444 4973 2093 5054">
    <p class='ocr_par' dir='ltr' id='par_1_101' title="bbox 444 4973 2093 5054">
     <span class='ocr_line' id='line_1_101' title="bbox 444 4973 2093 5054; baseline -0.004 -19"><span class='ocrx_word' id='word_1_727' title='bbox 444 4979 524 5036; x_wconf 87' lang='grc' dir='ltr'>δω</span> <span class='ocrx_word' id='word_1_728' title='bbox 570 4985 953 5054; x_wconf 78' lang='grc' dir='ltr'>προσκυνῆσαι·</span> <span class='ocrx_word' id='word_1_729' title='bbox 1008 4974 1097 5031; x_wconf 81' lang='grc' dir='ltr'>διὰ</span> <span class='ocrx_word' id='word_1_730' title='bbox 1140 4981 1303 5030; x_wconf 86' lang='grc' dir='ltr'>τοῦτο</span> <span class='ocrx_word' id='word_1_731' title='bbox 1351 4976 1455 5050; x_wconf 82' lang='grc' dir='ltr'>γὰρ</span> <span class='ocrx_word' id='word_1_732' title='bbox 1519 4973 1829 5051; x_wconf 83' lang='grc' dir='ltr'>ἐσταυρώθη</span> <span class='ocrx_word' id='word_1_733' title='bbox 1881 4974 1955 5036; x_wconf 78' lang='grc' dir='ltr'>είς</span> <span class='ocrx_word' id='word_1_734' title='bbox 2002 4974 2093 5029; x_wconf 88' lang='grc' dir='ltr'>τὸν</span> 
     </span>
    </p>
   </div>
   <div class='ocr_carea' id='block_1_102' title="bbox 443 5061 2093 5143">
    <p class='ocr_par' dir='ltr' id='par_1_102' title="bbox 443 5061 2093 5143">
     <span class='ocr_line' id='line_1_102' title="bbox 443 5061 2093 5143; baseline -0.004 -19"><span class='ocrx_word' id='word_1_735' title='bbox 443 5068 575 5143; x_wconf 79' lang='grc' dir='ltr'>ἀέρα</span> <span class='ocrx_word' id='word_1_736' title='bbox 634 5067 662 5119; x_wconf 92' lang='lat'>6</span> <span class='ocrx_word' id='word_1_737' title='bbox 714 5067 933 5141; x_wconf 79' lang='grc' dir='ltr'>Σωτήρ.</span> <span class='ocrx_word' id='word_1_738' title='bbox 972 5068 1030 5120; x_wconf 84' lang='grc' dir='ltr'>Ἥ</span> <span class='ocrx_word' id='word_1_739' title='bbox 1080 5061 1137 5118; x_wconf 72' lang='grc' dir='ltr'>δὲ</span> <span class='ocrx_word' id='word_1_740' title='bbox 1184 5061 1307 5125; x_wconf 82' lang='grc' dir='ltr'>ὁδὸς</span> <span class='ocrx_word' id='word_1_741' title='bbox 1352 5069 1448 5118; x_wconf 88' lang='grc' dir='ltr'>τοῦ</span> <span class='ocrx_word' id='word_1_742' title='bbox 1480 5061 1828 5139; x_wconf 88' lang='grc' dir='ltr'>παραδείσου,</span> <span class='ocrx_word' id='word_1_743' title='bbox 1862 5065 1897 5133; x_wconf 76' lang='grc' dir='ltr'>ἡ</span> <span class='ocrx_word' id='word_1_744' title='bbox 1924 5062 2093 5119; x_wconf 78' lang='grc' dir='ltr'>πάλαι</span> 
     </span>
    </p>
   </div>
   <div class='ocr_carea' id='block_1_103' title="bbox 516 5190 2064 5264">
    <p class='ocr_par' dir='ltr' id='par_1_103' title="bbox 516 5190 2008 5264">
     <span class='ocr_line' id='line_1_103' title="bbox 516 5190 2008 5264; baseline -0.001 -13"><span class='ocrx_word' id='word_1_745' title='bbox 516 5197 560 5232; x_wconf 70' lang='grc' dir='ltr'><strong>π</strong></span> <span class='ocrx_word' id='word_1_746' title='bbox 636 5193 788 5251; x_wconf 86' lang='lat' dir='ltr'>Psal.</span> <span class='ocrx_word' id='word_1_747' title='bbox 831 5209 1026 5264; x_wconf 76' lang='lat' dir='ltr'>XXXVI,</span> <span class='ocrx_word' id='word_1_748' title='bbox 1106 5192 1195 5263; x_wconf 85' lang='grc'>12,</span> <span class='ocrx_word' id='word_1_749' title='bbox 1271 5192 1359 5248; x_wconf 88' lang='grc'>13.</span> <span class='ocrx_word' id='word_1_750' title='bbox 1437 5190 1655 5249; x_wconf 72' lang='lat' dir='ltr'>9&quot;Psal.</span> <span class='ocrx_word' id='word_1_751' title='bbox 1731 5208 1845 5259; x_wconf 70' lang='lat' dir='ltr'>cxx,</span> <span class='ocrx_word' id='word_1_752' title='bbox 1923 5193 2008 5249; x_wconf 88' lang='grc'>10.</span> 
     </span>
    </p>
   </div>
   <div class='ocr_carea' id='block_1_104' title="bbox 2171 5190 2601 5264">
    <p class='ocr_par' dir='ltr' id='par_1_104' title="bbox 2171 5192 2601 5259">
     <span class='ocr_line' id='line_1_104' title="bbox 2171 5192 2601 5259; baseline -0.012 -9"><span class='ocrx_word' id='word_1_753' title='bbox 2171 5193 2297 5250; x_wconf 85' lang='lat' dir='ltr'>Luc.</span> <span class='ocrx_word' id='word_1_754' title='bbox 2377 5210 2434 5259; x_wconf 85' lang='lat' dir='ltr'>x,</span> <span class='ocrx_word' id='word_1_755' title='bbox 2514 5192 2601 5246; x_wconf 85' lang='grc'><strong>19.</strong></span> 
     </span>
    </p>
   </div>
   <div class='ocr_carea' id='block_1_105' title="bbox 436 4795 1835 4874">
    <p class='ocr_par' dir='ltr' id='par_1_105' title="bbox 436 4795 1835 4874">
     <span class='ocr_line' id='line_1_105' title="bbox 436 4795 1835 4874; baseline -0.008 -16"><span class='ocrx_word' id='word_1_756' title='bbox 436 4802 774 4873; x_wconf 82' lang='grc' dir='ltr'>πλήττοντες</span> <span class='ocrx_word' id='word_1_757' title='bbox 804 4800 893 4854; x_wconf 84' lang='grc' dir='ltr'>καὶ</span> <span class='ocrx_word' id='word_1_758' title='bbox 926 4796 1197 4874; x_wconf 78' lang='grc' dir='ltr'>λέγοντες,</span> <span class='ocrx_word' id='word_1_759' title='bbox 1233 4796 1278 4851; x_wconf 78' lang='grc' dir='ltr'>εί</span> <span class='ocrx_word' id='word_1_760' title='bbox 1320 4796 1470 4851; x_wconf 85' lang='grc' dir='ltr'>θέλοι</span> <span class='ocrx_word' id='word_1_761' title='bbox 1520 4795 1775 4851; x_wconf 77' lang='grc' dir='ltr'>κωλύειν·</span> <span class='ocrx_word' id='word_1_762' title='bbox 1816 4821 1835 4847; x_wconf 74' lang='grc' dir='ltr'>α</span> 
     </span>
    </p>
   </div>
   <div class='ocr_carea' id='block_1_106' title="bbox 450 5266 852 5334">
    <p class='ocr_par' dir='ltr' id='par_1_106' title="bbox 450 5266 852 5334">
     <span class='ocr_line' id='line_1_106' title="bbox 450 5266 852 5334; baseline -0.01 -9"><span class='ocrx_word' id='word_1_763' title='bbox 450 5269 473 5304; x_wconf 72' lang='grc'>³</span> <span class='ocrx_word' id='word_1_764' title='bbox 498 5268 611 5325; x_wconf 85' lang='lat' dir='ltr'>Isa.</span> <span class='ocrx_word' id='word_1_765' title='bbox 687 5283 767 5334; x_wconf 77' lang='grc' dir='ltr'>ιι,</span> <span class='ocrx_word' id='word_1_766' title='bbox 798 5266 852 5321; x_wconf 90' lang='grc'>8.</span> 
     </span>
    </p>
   </div>
   <div class='ocr_carea' id='block_1_107' title="bbox 527 5398 1307 5553">
    <p class='ocr_par' dir='ltr' id='par_1_107' title="bbox 527 5398 1307 5553">
     <span class='ocr_line' id='line_1_107' title="bbox 550 5398 1307 5481; baseline -0.008 -16"><span class='ocrx_word' id='word_1_767' title='bbox 550 5409 639 5481; x_wconf 86' lang='grc'>44)</span> <span class='ocrx_word' id='word_1_768' title='bbox 671 5406 910 5479; x_wconf 78' lang='lat' dir='ltr'>Regius,</span> <span class='ocrx_word' id='word_1_769' title='bbox 943 5399 1064 5478; x_wconf 73' lang='grc' dir='ltr'>ᾔδει</span> <span class='ocrx_word' id='word_1_770' title='bbox 1096 5398 1307 5459; x_wconf 75' lang='grc' dir='ltr'>ἑαυτόν.</span> 
     </span>
     <span class='ocr_line' id='line_1_108' title="bbox 527 5411 1307 5553; baseline -0.008 -18"><span class='ocrx_word' id='word_1_771' title='bbox 527 5411 641 5553; x_wconf 66' lang='grc'>(45)</span> <span class='ocrx_word' id='word_1_772' title='bbox 672 5476 1036 5553; x_wconf 84' lang='lat' dir='ltr'>Basiliensis,</span> <span class='ocrx_word' id='word_1_773' title='bbox 1062 5471 1307 5553; x_wconf 35' lang='grc' dir='ltr'>ἴσχυσεν,</span> 
     </span>
    </p>
   </div>
   <div class='ocr_carea' id='block_1_108' title="bbox 552 5471 2105 5561">
    <p class='ocr_par' dir='ltr' id='par_1_108' title="bbox 552 5471 2105 5561">
     <span class='ocr_line' id='line_1_109' title="bbox 552 5471 2105 5561; baseline -0.012 -25"><span class='ocrx_word' id='word_1_774' title='bbox 552 5471 1320 5561; x_wconf 48' lang='lat' dir='ltr'>{15)Bas&#39;iliehs&#39;is,i’exupcv:.</span> <span class='ocrx_word' id='word_1_775' title='bbox 1361 5475 1538 5558; x_wconf 67' lang='lat' dir='ltr'>Infra,</span> <span class='ocrx_word' id='word_1_776' title='bbox 1586 5474 1757 5561; x_wconf 67' lang='grc' dir='ltr'>Ἶρος,</span> <span class='ocrx_word' id='word_1_777' title='bbox 1816 5475 1901 5532; x_wconf 78' lang='lat' dir='ltr'>sic</span> <span class='ocrx_word' id='word_1_778' title='bbox 1938 5492 2105 5561; x_wconf 56' lang='lat' dir='ltr'>plen.</span> 
     </span>
    </p>
   </div>
   <div class='ocr_carea' id='block_1_109' title="bbox 461 5547 2111 5616">
    <p class='ocr_par' dir='ltr' id='par_1_109' title="bbox 461 5547 2111 5616">
     <span class='ocr_line' id='line_1_110' title="bbox 461 5547 2111 5616; baseline -0.004 -7"><span class='ocrx_word' id='word_1_779' title='bbox 461 5547 578 5609; x_wconf 83' lang='lat' dir='ltr'>dici</span> <span class='ocrx_word' id='word_1_780' title='bbox 611 5547 991 5616; x_wconf 85' lang='lat' dir='ltr'>vocabantur,</span> <span class='ocrx_word' id='word_1_781' title='bbox 1023 5564 1093 5604; x_wconf 81' lang='lat' dir='ltr'>ex</span> <span class='ocrx_word' id='word_1_782' title='bbox 1122 5547 1243 5605; x_wconf 64' lang='lat' dir='ltr'>&#39;illo</span> <span class='ocrx_word' id='word_1_783' title='bbox 1272 5547 1508 5602; x_wconf 90' lang='lat' dir='ltr'>Homeri</span> <span class='ocrx_word' id='word_1_784' title='bbox 1539 5547 1806 5603; x_wconf 88' lang='lat' dir='ltr'>mendico</span> <span class='ocrx_word' id='word_1_785' title='bbox 1861 5548 1955 5604; x_wconf 90' lang='lat' dir='ltr'>cui</span> <span class='ocrx_word' id='word_1_786' title='bbox 2012 5564 2111 5604; x_wconf 88' lang='lat' dir='ltr'>no-</span> 
     </span>
    </p>
   </div>
   <div class='ocr_carea' id='block_1_110' title="bbox 466 5620 1113 5697">
    <p class='ocr_par' dir='ltr' id='par_1_110' title="bbox 466 5620 1113 5697">
     <span class='ocr_line' id='line_1_111' title="bbox 466 5620 1113 5697; baseline -0.006 -16"><span class='ocrx_word' id='word_1_787' title='bbox 466 5641 622 5681; x_wconf 88' lang='lat' dir='ltr'>men.</span> <span class='ocrx_word' id='word_1_788' title='bbox 654 5626 801 5697; x_wconf 84' lang='grc' dir='ltr'>Ἶρος</span> <span class='ocrx_word' id='word_1_789' title='bbox 834 5620 1021 5693; x_wconf 74' lang='lat' dir='ltr'>Odyss.</span> <span class='ocrx_word' id='word_1_790' title='bbox 1049 5622 1113 5677; x_wconf 91' lang='grc' dir='ltr'>Σ.</span> 
     </span>
    </p>
   </div>
   <div class='ocr_carea' id='block_1_111' title="bbox 788 5743 1536 5811">
    <p class='ocr_par' dir='ltr' id='par_1_111' title="bbox 788 5743 1536 5811">
     <span class='ocr_line' id='line_1_112' title="bbox 788 5743 1536 5811; baseline -0.004 -2"><span class='ocrx_word' id='word_1_791' title='bbox 788 5748 1051 5811; x_wconf 57' lang='lat' dir='ltr'>Pauor&quot;</span> <span class='ocrx_word' id='word_1_792' title='bbox 1100 5746 1211 5807; x_wconf 80' lang='lat' dir='ltr'>Gs.</span> <span class='ocrx_word' id='word_1_793' title='bbox 1261 5743 1536 5809; x_wconf 80' lang='lat' dir='ltr'>XXVIII.</span> 
     </span>
    </p>
   </div>
   <div class='ocr_carea' id='block_1_112' title="bbox 2196 4622 3829 4695">
    <p class='ocr_par' dir='ltr' id='par_1_112' title="bbox 2196 4622 3829 4695">
     <span class='ocr_line' id='line_1_113' title="bbox 2196 4622 3829 4695; baseline -0.002 -14"><span class='ocrx_word' id='word_1_794' title='bbox 2196 4624 2342 4682; x_wconf 87' lang='lat' dir='ltr'>nihil</span> <span class='ocrx_word' id='word_1_795' title='bbox 2388 4622 2543 4679; x_wconf 88' lang='lat' dir='ltr'>ultra</span> <span class='ocrx_word' id='word_1_796' title='bbox 2595 4622 2760 4677; x_wconf 89' lang='lat' dir='ltr'>veriti</span> <span class='ocrx_word' id='word_1_797' title='bbox 2819 4623 3144 4695; x_wconf 90' lang='lat' dir='ltr'>principem</span> <span class='ocrx_word' id='word_1_798' title='bbox 3201 4623 3373 4691; x_wconf 90' lang='lat' dir='ltr'>aeris,</span> <span class='ocrx_word' id='word_1_799' title='bbox 3437 4622 3553 4677; x_wconf 91' lang='lat' dir='ltr'>imo</span> <span class='ocrx_word' id='word_1_800' title='bbox 3608 4622 3829 4694; x_wconf 87' lang='lat' dir='ltr'>potius,</span> 
     </span>
    </p>
   </div>
   <div class='ocr_carea' id='block_1_113' title="bbox 2197 4709 3841 4785">
    <p class='ocr_par' dir='ltr' id='par_1_113' title="bbox 2197 4709 3841 4785">
     <span class='ocr_line' id='line_1_114' title="bbox 2197 4709 3841 4785; baseline -0.003 -15"><span class='ocrx_word' id='word_1_801' title='bbox 2197 4714 2247 4770; x_wconf 90' lang='lat' dir='ltr'>si</span> <span class='ocrx_word' id='word_1_802' title='bbox 2304 4712 2613 4785; x_wconf 88' lang='lat' dir='ltr'>prohibere</span> <span class='ocrx_word' id='word_1_803' title='bbox 2668 4709 2939 4777; x_wconf 89' lang='lat' dir='ltr'>voluerit,</span> <span class='ocrx_word' id='word_1_804' title='bbox 2993 4712 3361 4783; x_wconf 89' lang='lat' dir='ltr'>increpantes</span> <span class='ocrx_word' id='word_1_805' title='bbox 3415 4728 3481 4767; x_wconf 92' lang='lat' dir='ltr'>ac</span> <span class='ocrx_word' id='word_1_806' title='bbox 3538 4711 3841 4766; x_wconf 88' lang='lat' dir='ltr'>dicentes:</span> 
     </span>
    </p>
   </div>
   <div class='ocr_carea' id='block_1_114' title="bbox 2202 4798 3847 4870">
    <p class='ocr_par' dir='ltr' id='par_1_114' title="bbox 2202 4798 3847 4870">
     <span class='ocr_line' id='line_1_115' title="bbox 2202 4798 3847 4870; baseline -0.001 -15"><span class='ocrx_word' id='word_1_807' title='bbox 2202 4823 2225 4855; x_wconf 74' lang='grc' dir='ltr'>α</span> <span class='ocrx_word' id='word_1_808' title='bbox 2265 4801 2418 4856; x_wconf 85' lang='lat' dir='ltr'>Vade</span> <span class='ocrx_word' id='word_1_809' title='bbox 2442 4807 2592 4857; x_wconf 88' lang='lat' dir='ltr'>retro</span> <span class='ocrx_word' id='word_1_810' title='bbox 2612 4798 3291 4870; x_wconf 84' lang='lat' dir='ltr'>me,Satana,»quoniam</span> <span class='ocrx_word' id='word_1_811' title='bbox 3326 4799 3636 4855; x_wconf 89' lang='lat' dir='ltr'>Dominum</span> <span class='ocrx_word' id='word_1_812' title='bbox 3668 4805 3847 4854; x_wconf 86' lang='lat' dir='ltr'>Deum</span> 
     </span>
    </p>
   </div>
   <div class='ocr_carea' id='block_1_115' title="bbox 2201 4887 3851 4957">
    <p class='ocr_par' dir='ltr' id='par_1_115' title="bbox 2201 4887 3851 4957">
     <span class='ocr_line' id='line_1_116' title="bbox 2201 4887 3851 4957; baseline -0.004 -10"><span class='ocrx_word' id='word_1_813' title='bbox 2201 4906 2399 4947; x_wconf 88' lang='lat' dir='ltr'>meum</span> <span class='ocrx_word' id='word_1_814' title='bbox 2434 4891 2644 4946; x_wconf 88' lang='lat' dir='ltr'>festino</span> <span class='ocrx_word' id='word_1_815' title='bbox 2695 4889 2936 4943; x_wconf 87' lang='lat' dir='ltr'>adorare</span> <span class='ocrx_word' id='word_1_816' title='bbox 2967 4904 2981 4954; x_wconf 87' lang='lat'><strong>;</strong></span> <span class='ocrx_word' id='word_1_817' title='bbox 3014 4888 3141 4942; x_wconf 93' lang='lat' dir='ltr'>ideo</span> <span class='ocrx_word' id='word_1_818' title='bbox 3200 4904 3449 4957; x_wconf 87' lang='lat' dir='ltr'>namque</span> <span class='ocrx_word' id='word_1_819' title='bbox 3502 4887 3762 4943; x_wconf 83' lang='lat' dir='ltr'>Salvator</span> <span class='ocrx_word' id='word_1_820' title='bbox 3790 4887 3851 4941; x_wconf 92' lang='lat' dir='ltr'>in</span> 
     </span>
    </p>
   </div>
   <div class='ocr_carea' id='block_1_116' title="bbox 2203 4974 3857 5048">
    <p class='ocr_par' dir='ltr' id='par_1_116' title="bbox 2203 4974 3857 5048">
     <span class='ocr_line' id='line_1_117' title="bbox 2203 4974 3857 5048; baseline -0.003 -14"><span class='ocrx_word' id='word_1_821' title='bbox 2203 4994 2334 5035; x_wconf 89' lang='lat' dir='ltr'>aere</span> <span class='ocrx_word' id='word_1_822' title='bbox 2367 4979 2682 5033; x_wconf 83' lang='lat' dir='ltr'>cruciﬁxus</span> <span class='ocrx_word' id='word_1_823' title='bbox 2743 4979 2849 5031; x_wconf 88' lang='lat' dir='ltr'>est.</span> <span class='ocrx_word' id='word_1_824' title='bbox 2885 4975 2985 5031; x_wconf 87' lang='lat' dir='ltr'>Via</span> <span class='ocrx_word' id='word_1_825' title='bbox 3034 4980 3229 5031; x_wconf 77' lang='lat' dir='ltr'>autem</span> <span class='ocrx_word' id='word_1_826' title='bbox 3260 4975 3538 5048; x_wconf 88' lang='lat' dir='ltr'>paradisi,</span> <span class='ocrx_word' id='word_1_827' title='bbox 3581 4974 3719 5030; x_wconf 90' lang='lat' dir='ltr'>olim</span> <span class='ocrx_word' id='word_1_828' title='bbox 3754 4991 3857 5046; x_wconf 92' lang='lat' dir='ltr'>per</span> 
     </span>
    </p>
   </div>
   <div class='ocr_carea' id='block_1_117' title="bbox 2205 5063 3861 5140">
    <p class='ocr_par' dir='ltr' id='par_1_117' title="bbox 2205 5063 3861 5140">
     <span class='ocr_line' id='line_1_118' title="bbox 2205 5063 3861 5140; baseline -0.002 -17"><span class='ocrx_word' id='word_1_829' title='bbox 2205 5071 2511 5140; x_wconf 89' lang='lat' dir='ltr'>peccatum</span> <span class='ocrx_word' id='word_1_830' title='bbox 2546 5066 2767 5133; x_wconf 85' lang='lat' dir='ltr'>clausa,</span> <span class='ocrx_word' id='word_1_831' title='bbox 2792 5064 2917 5136; x_wconf 84' lang='lat' dir='ltr'>jam</span> <span class='ocrx_word' id='word_1_832' title='bbox 2948 5063 3278 5122; x_wconf 88' lang='lat' dir='ltr'>volentibus</span> <span class='ocrx_word' id='word_1_833' title='bbox 3308 5070 3486 5138; x_wconf 90' lang='lat' dir='ltr'>patet,</span> <span class='ocrx_word' id='word_1_834' title='bbox 3518 5069 3583 5120; x_wconf 86' lang='lat' dir='ltr'>ut</span> <span class='ocrx_word' id='word_1_835' title='bbox 3604 5064 3687 5120; x_wconf 90' lang='lat' dir='ltr'>ait</span> <span class='ocrx_word' id='word_1_836' title='bbox 3714 5064 3861 5120; x_wconf 86' lang='lat' dir='ltr'>Pau-</span> 
     </span>
    </p>
   </div>
   <div class='ocr_carea' id='block_1_118' title="bbox 2711 5189 3857 5261">
    <p class='ocr_par' dir='ltr' id='par_1_118' title="bbox 2711 5189 3857 5261">
     <span class='ocr_line' id='line_1_119' title="bbox 2711 5189 3857 5261; baseline 0.001 -17"><span class='ocrx_word' id='word_1_837' title='bbox 2711 5190 2755 5226; x_wconf 77' lang='grc'>⁹⁹</span> <span class='ocrx_word' id='word_1_838' title='bbox 2794 5189 2947 5246; x_wconf 85' lang='lat' dir='ltr'>Psal.</span> <span class='ocrx_word' id='word_1_839' title='bbox 2992 5191 3195 5259; x_wconf 77' lang='lat' dir='ltr'>xc,13.</span> <span class='ocrx_word' id='word_1_840' title='bbox 3309 5191 3526 5249; x_wconf 69' lang='lat' dir='ltr'>1Marc.</span> <span class='ocrx_word' id='word_1_841' title='bbox 3603 5206 3727 5261; x_wconf 86' lang='lat' dir='ltr'>vm,</span> <span class='ocrx_word' id='word_1_842' title='bbox 3766 5189 3857 5246; x_wconf 89' lang='lat'>33.</span> 
     </span>
    </p>
   </div>
   <div class='ocr_carea' id='block_1_119' title="bbox 2313 5473 3864 5551">
    <p class='ocr_par' dir='ltr' id='par_1_119' title="bbox 2313 5473 3864 5551">
     <span class='ocr_line' id='line_1_120' title="bbox 2313 5473 3864 5551; baseline -0.001 -22"><span class='ocrx_word' id='word_1_843' title='bbox 2313 5473 2400 5551; x_wconf 78' lang='grc'>47)</span> <span class='ocrx_word' id='word_1_844' title='bbox 2432 5473 2667 5549; x_wconf 70' lang='lat' dir='ltr'>Regius,</span> <span class='ocrx_word' id='word_1_845' title='bbox 2725 5473 3076 5551; x_wconf 72' lang='grc' dir='ltr'>εὐφροσύνην·</span> <span class='ocrx_word' id='word_1_846' title='bbox 3136 5476 3224 5530; x_wconf 86' lang='grc' dir='ltr'>καὶ</span> <span class='ocrx_word' id='word_1_847' title='bbox 3279 5474 3532 5551; x_wconf 71' lang='grc' dir='ltr'>παρθένοι</span> <span class='ocrx_word' id='word_1_848' title='bbox 3623 5475 3864 5549; x_wconf 85' lang='grc' dir='ltr'>μένουσι,</span> 
     </span>
    </p>
   </div>
   <div class='ocr_carea' id='block_1_120' title="bbox 2217 5544 2820 5622">
    <p class='ocr_par' dir='ltr' id='par_1_120' title="bbox 2217 5544 2820 5622">
     <span class='ocr_line' id='line_1_121' title="bbox 2217 5544 2820 5622; baseline 0.002 -21"><span class='ocrx_word' id='word_1_849' title='bbox 2217 5544 2305 5618; x_wconf 75' lang='grc' dir='ltr'>τῷ</span> <span class='ocrx_word' id='word_1_850' title='bbox 2324 5544 2479 5622; x_wconf 85' lang='grc' dir='ltr'>λόγῳ</span> <span class='ocrx_word' id='word_1_851' title='bbox 2507 5544 2820 5609; x_wconf 67' lang='grc' dir='ltr'>πατοῦντες.</span> 
     </span>
    </p>
   </div>
   <div class='ocr_carea' id='block_1_121' title="bbox 2289 5400 2854 5601">
    <p class='ocr_par' dir='ltr' id='par_1_121' title="bbox 2289 5400 2854 5601">
     <span class='ocr_line' id='line_1_122' title="bbox 2289 5400 2854 5601; baseline 0.002 -142"><span class='ocrx_word' id='word_1_852' title='bbox 2289 5405 2402 5601; x_wconf 44' lang='grc'>(43</span> <span class='ocrx_word' id='word_1_853' title='bbox 2430 5404 2645 5487; x_wconf 75' lang='lat' dir='ltr'>Regius</span> <span class='ocrx_word' id='word_1_854' title='bbox 2674 5400 2854 5460; x_wconf 78' lang='grc' dir='ltr'>αὐτόν.</span> 
     </span>
     <span class='ocr_line' id='line_1_123' title="bbox 2313 5473 2854 5551; baseline -0.002 -22"><span class='ocrx_word' id='word_1_855' title='bbox 2313 5476 2378 5530; x_wconf 86' lang='grc'>47</span> <span class='ocrx_word' id='word_1_856' title='bbox 2432 5477 2667 5549; x_wconf 77' lang='lat' dir='ltr'>Regius,</span> <span class='ocrx_word' id='word_1_857' title='bbox 2725 5473 2854 5551; x_wconf 85' lang='grc' dir='ltr'>εόφρ</span> 
     </span>
     <span class='ocr_line' id='line_1_124' title="bbox 2289 5544 2820 5601; baseline 0.004 -2"><span class='ocrx_word' id='word_1_858' title='bbox 2289 5568 2298 5598; x_wconf 72' lang='grc' dir='ltr'>ι</span> <span class='ocrx_word' id='word_1_859' title='bbox 2324 5544 2357 5601; x_wconf 90' lang='grc' dir='ltr'>λ</span> <span class='ocrx_word' id='word_1_860' title='bbox 2395 5567 2479 5601; x_wconf 81' lang='grc' dir='ltr'>γω</span> <span class='ocrx_word' id='word_1_861' title='bbox 2507 5551 2820 5601; x_wconf 78' lang='grc' dir='ltr'>πατοῦντες.</span> 
     </span>
    </p>
   </div>
   <div class='ocr_carea' id='block_1_122' title="bbox 3511 5743 3551 5806">
    <p class='ocr_par' dir='ltr' id='par_1_122' title="bbox 3511 5743 3551 5806">
     <span class='ocr_line' id='line_1_125' title="bbox 3511 5743 3551 5806; baseline 0 0"><span class='ocrx_word' id='word_1_862' title='bbox 3511 5743 3551 5806; x_wconf 88' lang='grc'>8</span> 
     </span>
    </p>
   </div>
  </div>
