4372 6214
512 379 632 446 235

1694 370 1758 428 S.
1808 359 2332 426 ATHANASIUS.
2368 399 2442 410 —
2473 361 2737 428 DUBIA.

3801 360 3932 427 236

512 517 630 581 lus,
692 511 793 584 qui
847 526 914 566 eo
967 507 1080 564 loci
1129 510 1331 578 raptus
1387 509 1498 568 est,
1585 508 1643 558 et
1699 503 1770 556 ad
1830 503 1926 555 79
1985 499 2159 554 cmlos

2290 494 2348 550 δι’
2382 497 2644 571 ἁμαρτίας
2674 497 3000 565 κλεισθεῖσα,
3034 498 3151 572 ἄρτι
3192 503 3307 558 τοῖς
3361 496 3718 570 βουλομένοις
3761 496 3936 568 ἀνέῳο

516 601 804 662 ascendit.
830 600 962 654 ldeo
992 596 1276 652 Dominus
1306 592 1488 647 illusit
1520 588 2166 662 serpentizccssavilque

521 693 806 755 infernus,
840 703 955 742 non
979 685 1132 740 ultra
1161 683 1483 754 imperante
1542 685 1748 747 morte,
1784 679 1883 734 sed
1917 675 2168 732 resusci-

520 781 661 838 tatis
692 777 984 834 omnibus.
1042 771 1322 830 Diabolus
1380 776 1574 826 autem
1629 785 1742 824 non
1769 767 1894 839 jam
1927 766 2078 834 inde_
2107 764 2167 819 in

524 887 633 926 nos
659 866 946 938 insurgit:
996 860 1203 918 cecidit
1253 859 1432 929 enim,
1477 864 1649 929 atque
1711 859 2057 929 prostratus,
2107 854 2167 907 in

526 963 726 1031 pectus
749 954 920 1027 plane
950 958 1007 1008 et
1036 951 1096 1006 in
1142 955 1401 1005 ventrem
1434 964 1606 1002 suum
1659 944 2013 1018 provolvitur
2033 963 2051 997 :
2101 959 2171 997 ea

525 1048 680 1104 enim
713 1046 783 1100 de
814 1059 993 1100 causa
1023 1040 1274 1097 surrexit
1306 1037 1607 1093 Dominus.
1644 1036 1707 1090 Et
1730 1034 1996 1089 homines
2030 1032 2165 1103 qui-

523 1138 652 1193 dem
683 1133 1016 1190 didicerunt
1042 1127 1343 1201 aspernari
1374 1125 1606 1181 divitias
1629 1121 1980 1195 corporales,
2007 1126 2065 1176 et
2087 1119 2171 1174 di-

519 1228 754 1282 tescunt
802 1222 976 1278 verbo
1032 1224 1089 1274 et
1145 1215 1432 1273 scientia:
1465 1215 1638 1269 draco
1704 1217 1900 1268 autem
1957 1210 2056 1281 qui
2109 1225 2171 1264 se

522 1314 759 1370 divitem
790 1327 918 1366 esse
947 1307 1321 1381 gloriabatur,
1379 1303 1709 1358 denudatus
1765 1305 1872 1370 est,
1927 1301 2173 1370 jamque

523 1403 740 1467 nudus,
772 1400 899 1456 Irus
929 1402 985 1453 et
1025 1411 1244 1469 pauper
1273 1397 1381 1457 est,
1423 1393 1496 1447 ab
1519 1389 1861 1446 hominibus
1883 1386 2169 1459 exspolia-

524 1496 640 1548 tus.
673 1491 816 1546 Nam
851 1487 954 1560 qui
984 1485 1125 1540 olim
1159 1482 1385 1539 medius
1417 1481 1567 1536 inter
1596 1479 1951 1534 cherubinos
1980 1492 2174 1532 versa-

522 1576 998 1646 batur,omnique
1027 1571 1221 1644 lapide
1250 1569 1502 1642 pretioso
1533 1567 1776 1622 indutus
1806 1563 2172 1630 erat,sardio,

517 1669 750 1740 jaspide
769 1671 826 1722 et
851 1662 1204 1732 achatejam
1230 1660 1467 1715 demum
1489 1656 1547 1710 in
1572 1652 2176 1728 papyro,arundineet

524 1758 688 1814 silice
709 1754 1018 1822 dormit,ut
1049 1751 1106 1804 in
1137 1749 1248 1804 Job
1273 1748 1345 1802 de
1374 1745 1474 1801 illo
1507 1748 1776 1800 narratur
1803 1742 1984 1797 3.1deo
2015 1741 2172 1797 enim

526 1846 810 1902 Dominus
843 1857 1064 1914 pauper
1093 1838 1220 1906 fuit,
1257 1841 1317 1891 ut
1349 1851 1454 1890 nos
1485 1835 1614 1905 ejus
1645 1832 2174 1903 in0piaditescere-

527 1930 1114 2000 mus‘,:diabolusque
1141 1926 1398 1981 nudatus
1429 1928 1536 1978 est.
1568 1922 1847 1992 Quodque
1881 1919 2171 1989 mirabile,

526 2038 928 2096 magnumque
952 2019 1194 2089 contigit
1221 2016 1278 2070 in
1312 2031 1504 2069 rerum
1538 2018 1768 2081 natura,
1802 2012 2068 2067 homines
2100 2011 2170 2066 ad

528 2119 776 2169 mortem
810 2112 1124 2183 properant
1153 2110 1422 2177 optantes
1453 2103 1765 2158 adventum
1801 2100 2172 2167 Domini;mi-

526 2220 622 2260 ser
661 2207 853 2257 autem
886 2197 1177 2262 diabolus,
1211 2193 1310 2266 qui
1331 2193 1470 2248 olim
1504 2191 1706 2246 mortis
1735 2189 2047 2261 imperium
2073 2188 2173 2243 ha-

526 2292 676 2360 buit,
704 2291 826 2361 jam
860 2286 1069 2343 metuit
1097 2300 1232 2340 eum
1262 2283 1362 2353 qui
1391 2286 1669 2336 venturus
1698 2284 1806 2344 est,
1849 2277 2174 2349 judicium-

530 2398 641 2452 que
674 2377 1048 2434 reformidat:
1084 2373 1242 2430 novit
1272 2370 1426 2427 enim
1460 2369 1571 2424 sibi
1604 2373 1869 2440 paratum
1903 2367 2095 2438 ignem
2120 2371 2176 2419 et

532 2467 759 2540 angelis
775 2464 1062 2522 suis.ldeo
1085 2461 1241 2517 enim
1271 2458 1546 2514 Dominus
1568 2455 2042 2527 meusjudicatus
2064 2458 2172 2523 est,

531 2563 598 2614 ut
625 2573 733 2612 nos
762 2573 793 2610 a
815 2552 1037 2626 judicio
1067 2551 1358 2613 liberaret,
1413 2546 1696 2617 illumque
1740 2546 2174 2600 condemnaret.

2278 607 2390 660 γεν,
2445 587 2519 647 ὡς
2579 586 2792 648 Παῦλος
2852 591 3132 661 μαρτυρεῖ,
3209 586 3583 660 ἁρπαζόμενος
3644 587 3773 657 ἐκεῖ,
3835 586 3934 639 καὶ

2278 675 2659 750 ἀπερχόμενος
2693 676 2765 737 εἷς
2799 676 2925 737 τοὺς
2957 675 3241 751 οὐρανούς.
3287 675 3383 730 Διά
3410 680 3570 730 τοῦτο
3618 677 3718 750 γάρ
3770 674 3937 729 ἔσται-

2279 765 2357 834 ξεν
2390 766 2418 819 6
2478 765 2673 839 Κύριος
2720 767 2812 820 τὸν
2863 761 3008 841 ὅςσιν.
3061 765 3162 820 Καὶ
3205 766 3232 818 6
3268 766 3360 838 μὲν
3397 763 3530 834 ᾂδης
3563 768 3936 838 κατήργητα.,

2280 853 2454 908 οὐκέτι
2486 859 2580 907 τοῦ
2612 855 2837 908 θανάτου
2863 859 3209 926 κρατοῦντος,
3258 853 3403 908 ἀλλὰ
3451 854 3662 908 πάντων
3715 852 3940 928 ἐγειρο-

2283 945 2478 1016 μένων·
2513 944 2540 996 6
2573 942 2628 996 δὲ
2661 939 2917 997 διάϐολος
2951 943 3049 996 ούκ
3079 939 3152 997 ἔτι
3206 943 3529 1012 ἐξανίσταται
3579 945 3694 996 καθ’
3741 945 3936 1013 ἡμῶν·

2277 1033 2529 1086 πέπτωκε
2561 1034 2684 1106 γὰρ,
2718 1033 2806 1086 καὶ
2839 1034 3012 1086 πεσὼν
3066 1030 3288 1100 ἀληθῶς
3347 1031 3434 1086 ἐπὶ
3488 1038 3566 1104 τῷ
3623 1035 3806 1102 στήθει
3840 1033 3938 1086 καὶ

2278 1126 2346 1194 τῇ
2393 1119 2576 1191 κοιλίᾳ
2624 1122 2926 1195 πορεύεται·
2983 1119 3071 1176 διὰ
3097 1126 3262 1176 τοῦτο
3294 1123 3395 1197 γὰρ
3426 1122 3619 1191 ἀνέστη
3647 1123 3674 1175 6
3707 1121 3938 1197 Κύριος.

2280 1211 2379 1264 Καὶ
2428 1211 2477 1263 οἱ
2530 1211 2624 1282 μὶν
2673 1211 2944 1284 ἄνθρωποι
3019 1213 3361 1283 μεμαθήκασι
3411 1217 3756 1289 καταφρονεῖν
3821 1233 3934 1264 σω-

2285 1297 2512 1371 ματικοῦ
2568 1299 2830 1368 πλούτου,
2893 1300 2980 1354 καὶ
3037 1299 3336 1355 πλουτοῦσι
3392 1297 3664 1375 τῷλόγῳ
3709 1300 3799 1354 καὶ
3858 1304 3934 1372 τῇ

2281 1389 2494 1463 γνώσει·
2553 1390 2580 1443 ὁ
2614 1385 2669 1442 δὲ
2699 1389 3056 1463 καυχώμενος
3088 1390 3215 1444 εἶναι
3254 1387 3517 1450 πλούσιος
3575 1386 3784 1463 δράκων
3838 1409 3935 1462 γε-

2280 1479 2582 1552 γύανωται,
2640 1478 2728 1531 καὶ
2782 1484 2870 1531 νῦν
2930 1479 3136 1552 γυμνὸς
3195 1481 3341 1552 Ἰρος
3399 1477 3488 1532 καὶ
3562 1480 3732 1547 πένης
3793 1477 3935 1545 ἐστὶ,

2282 1565 2772 1637 κατεσκυλευμὲνος
2815 1566 2920 1620 ὑπὸ
2970 1569 3205 1624 πάντων.
3260 1567 3360 1623 Καὶ
3426 1567 3526 1643 γὰρ
3593 1565 3764 1621 πάλαι
3821 1571 3935 1620 τῶν

2283 1649 2558 1729 χερουόἰμ
2605 1655 2705 1709 ἀνὰ
2757 1653 2914 1728 μέσον
2965 1655 3063 1728 ὥν,
3119 1656 3205 1709 καὶ
3267 1657 3435 1710 πάντα
3486 1653 3637 1709 λίθον
3689 1656 3937 1732 χρηστὸν

2284 1741 2657 1816 ἐνδεδυμένος,
2708 1745 2797 1798 τὸν
2848 1741 3085 1816 σάρδιον,
3144 1745 3235 1799 τὸν
3288 1743 3492 1812 ἷάσπιν,
3545 1745 3637 1798 τὸν
3691 1745 3935 1819 ἀχάτην,

2284 1833 2402 1906 ἄρτι
2456 1833 2643 1886 λοιπὸν
2696 1831 2780 1885 ἐπὶ
2841 1834 3110 1906 πάπυρον,
3154 1832 3243 1886 καὶ
3291 1831 3561 1905 κάλαμον,
3593 1833 3682 1886 καὶ
3724 1832 3937 1906 χάλικα

2277 1928 2558 1993 κοιμᾶται,
2617 1921 2690 1981 ὡς
2753 1920 2804 1974 ἐν
2855 1926 2930 1991 τῷ
2979 1917 3097 1975 Ἰὼϐ
3147 1922 3267 1996 περῖ
3322 1920 3485 1975 αὑτοῦ
3538 1921 3768 1995 λέγεται.
3836 1924 3938 1974 Διά

2279 2016 2440 2064 τοῦτο
2489 2011 2591 2083 γὰρ
2645 2011 2672 2062 δ
2725 2009 2916 2084 MP"):
2970 2009 3333 2086 ἐπτώχευσεν,
3360 2010 3451 2064 ’ἱνα
3483 2013 3646 2083 ἡμεῖς
3678 2015 3748 2084 τῇ
3781 2032 3936 2066 πτω-

2283 2099 2407 2172 χείᾳ
2455 2100 2568 2169 (48)
2617 2097 2778 2150 αύτοῦ
2826 2097 3249 2170 πλουτήσωμεν,
3295 2099 3382 2153 καὶ
3435 2100 3462 2152 6
3512 2096 3771 2160 διάϐολος
3805 2099 3935 2173 ἔντυ’

2285 2188 2496 2260 μνώθη.
2550 2188 2643 2240 Καὶ
2692 2188 2752 2239 τὸ
2801 2185 3097 2258 παράδοξον
3150 2189 3239 2241 καί
3291 2187 3429 2262 μέγα
3460 2186 3749 2263 γενόμενον
3785 2189 3836 2242 ἐν
3866 2194 3938 2262 τῇ

2281 2274 2469 2330 κτίσει·
2533 2274 2803 2348 ἅνθρωποι
2868 2277 2961 2346 μὶν
3030 2277 3132 2349 γάρ
3192 2274 3508 2331 σπεύδουσιν
3570 2277 3936 2347 ἀποθνήσκειν

2283 2363 2574 2436 εὐχόμενοι
2607 2364 2704 2430 τὴν
2737 2361 3027 2434 ἐπιδημίαν
3059 2370 3154 2418 τοῦ
3202 2373 3482 2440 Σωτῆρος·
3518 2367 3545 2420 6
3573 2364 3629 2420 δὲ
3687 2364 3939 2429 δείλαιος

2284 2449 2566 2520 διάϐολος,
2600 2452 2626 2504 6
2658 2451 2827 2506 πάλαι
2856 2458 2952 2506 τοῦ
3003 2453 3228 2516 θανάτου
3253 2456 3316 2509 16
3363 2457 3560 2527 κράτος
3614 2453 3780 2530 ἔχων,
3839 2461 3939 2508 νῦν

2285 2535 2526 2616 εροϐεῖται
2571 2540 2661 2594 τὸν
2723 2539 3042 2615 ἐρχόμενον,
3103 2544 3190 2596 καὶ
3249 2546 3344 2611 τήν
3401 2545 3575 2618 κρίσιν
3623 2547 3944 2614 καταπτήσ-

533 2666 634 2700 σει.
670 2640 798 2700 Οἵδε
826 2643 927 2719 γὰρ
956 2640 1017 2694 τὸ
1049 2634 1452 2709 ἡτοιμασμένον
1486 2633 1632 2704 αὐτῴ
1664 2637 1791 2706 πῦρ,
1821 2629 1908 2684 καὶ
1940 2636 2055 2691 τοῖς
2091 2627 2340 2704 ἀγγέλοις
2373 2629 2556 2685 αὐτοῦ.
2593 2629 2688 2682 Διὰ
2715 2635 2873 2684 τοῦτο
2902 2631 3002 2705 γάρ
3024 2631 3111 2684 καὶ
3145 2631 3328 2706 ἐκρίθη
3366 2654 3470 2705 μου
3496 2635 3524 2688 6
3574 2635 3796 2709 Κύριος,
3846 2637 3945 2692 ’ἕνα

529 2736 680 2807 ἡμᾶς
709 2731 814 2786 ἀπὸ
834 2717 949 2804 49)
977 2735 1076 2798 τῆς
1104 2725 1334 2802 κρίσεως
1364 2722 1700 2797 ἐλευθερώσῃ
1730 2722 1970 2774 κάκεῖνον
2003 2717 2310 2794 κατακρίνῃ.

597 2825 687 2879 30.
738 2826 1017 2878 (laterum
1077 2819 1148 2873 de
1205 2816 1400 2871 divina
1455 2813 1786 2885 cognitione
1851 2812 1910 2866 in
1963 2825 2168 2866 omnes

525 2913 746 2984 ubique
775 2908 1162 2967 disseminata
1192 2903 1332 2977 quid
1362 2907 1450 2960 est
1479 2902 1634 2974 quod
1667 2900 1999 2972 loquamur,
2032 2915 2166 2954 cum

526 3020 620 3060 res
652 3004 827 3073 gestae
858 3015 926 3055 ex
956 3013 1018 3053 se
1048 2997 1225 3050 fidem
1256 2991 1536 3048 habeant?
1551 2989 1724 3046 Nulla
1754 2989 1911 3045 enim
1944 2992 2171 3060 prseter-

523 3091 571 3147 it
601 3091 745 3154 dies,
779 3104 894 3158 qua
924 3084 1161 3156 quidam
1202 3080 1471 3137 homines
1516 3077 1671 3134 idola
1729 3095 1844 3132 non
1901 3078 2173 3132 deserant

527 3177 912 3252 propriasque
941 3190 1005 3228 ac
1036 3176 1307 3244 paternas
1337 3167 1494 3241 leges
1526 3185 1638 3222 non
1671 3168 2050 3238 abnegent,ut
2099 3165 2170 3218 ad

2346 2808 2435 2863 30.
2473 2807 2600 2880 Περί
2658 2808 2758 2880 γάρ
2809 2815 2909 2876 τῆς
2957 2809 3256 2884 γενομένης
3307 2810 3382 2872 εἰς
3414 2811 3616 2875 πάντας
3649 2822 3945 2891 πανταχοῦ

2277 2896 2594 2970 θεογνωσίας
2643 2896 2694 2948 τί
2744 2894 2825 2950 δεῖ
2871 2898 2959 2951 καὶ
3012 2897 3215 2972 λέγειν,
3265 2905 3370 2954 νῶν
3443 2904 3782 2976 γιγνομένων
3847 2906 3946 2982 ἀφ’

2279 2985 2480 3039 ἑαυτῶν
2516 2984 2752 3059 ἐχόντων
2785 2987 2883 3053 τήν
2919 2986 3094 3040 πίστιν
3123 3006 3135 3055 ;
3171 2988 3279 3042 Οὐκ
3312 2987 3419 3043 ἔστι
3443 2990 3545 3065 γὰρ
3569 2991 3778 3066 ἡμέραν
3803 3015 3945 3067 παρ-

2281 3072 2476 3144 ελθεῖν,
2526 3072 2576 3128 ἐν
2629 3072 2664 3146 ᾖ
2716 3073 2805 3128 ὅτε
2843 3076 2909 3128 τά
2954 3076 3047 3146 μὶν
3084 3075 3286 3131 εἴδωλα
3319 3077 3380 3132 οὐ
3430 3078 3942 3153 καταλιμπάνουσιν

2282 3163 2580 3236 ἄνθρωποι,
2630 3163 2719 3216 καὶ
2762 3163 2888 3225 τοὺς
2937 3161 3106 3226 ἰδίους
3158 3166 3247 3220 καὶ
3303 3167 3598 3242 πατρικοὺς
3648 3169 3944 3244 ἀρνοῦνται

529 3241 716 3327 Deum
748 3241 1103 3334 confugiant,
1137 3276 1202 3315 ac
1232 3257 1446 3313 Christi
1496 3255 1656 3328 leges
1683 3255 1942 3326 accipere
1973 3259 2171 3325 postu-

2290 3251 2506 3324 νόμους,
2558 3253 2693 3326 πρὸς
2745 3249 2801 3306 δὲ
2847 3253 2974 3306 Θεὸν
3021 3257 3434 3332 καταφεύγουσι,
3486 3258 3576 3311 καὶ
3617 3259 3742 3319 τοὺς
3803 3266 3949 3334 Χρι-

526 3357 651 3414 lent
681 3351 1012 3410 incredibili
1045 3347 1329 3406 miraculo
1377 3347 1436 3401 in
1488 3362 1622 3400 eum
1656 3345 1980 3400 credentes.
2033 3343 2178 3398 Nam

533 3445 633 3518 qui
669 3443 947 3499 hactenus
979 3437 1297 3494 idololatrze
1345 3437 1526 3503 fuere,
1558 3438 1732 3505 atque
1769 3431 2065 3488 Christum
2118 3435 2183 3485 ut

533 3535 834 3592 hominem
889 3528 1230 3587 calumniali
1263 3529 1422 3593 sunt,
1479 3540 1613 3580 eum
1671 3523 1966 3594 deinceps,
2011 3520 2184 3576 idolis

538 3623 864 3695 abnegatis,
902 3626 1082 3675 Deum
1103 3619 1428 3689 agnoscunt
1460 3632 1472 3670 :
1499 3617 1555 3669 et
1579 3629 1724 3684 quos
1752 3611 1810 3666 in
1857 3611 2030 3666 idolis
2069 3611 2182 3665 daa-

538 3729 747 3771 mones
777 3707 1260 3773 reformidabant,
1302 3703 1482 3775 ipsos,
1514 3701 1712 3775 agnito
1770 3700 2036 3765 Domino,
2091 3701 2185 3754 de-

536 3819 704 3860 mum
738 3802 1038 3866 deserunt,
1073 3801 1248 3866 atque
1278 3810 1347 3849 ex
1375 3791 1504 3847 aliis
1537 3789 1780 3863 pellunt:
1815 3805 1991 3861 quam
2022 3788 2181 3858 item,

535 3889 856 3947 idololatraa
887 3888 1029 3942 dum
1062 3888 1278 3948 essent,
1298 3881 1656 3953 voluptatem
1690 3878 2184 3943 metuebant,eam

538 3981 598 4035 in
628 3977 855 4035 Christo
887 3974 1220 4048 despiciunt
1257 3989 1270 4028 :
1304 3975 1729 4043 peccatumque
1761 3985 1794 4023 a
1815 3984 1930 4038 quo
1958 3966 2184 4038 pridem

540 4066 992 4138 superabantur,
1023 4065 1141 4133 jam
1178 4061 1344 4132 signo
1376 4060 1566 4114 crucis
1614 4058 1855 4112 vincunt
1903 4055 2188 4110 ludibrio-

543 4172 658 4228 que
689 4155 922 4210 habent.
957 4153 1023 4206 Et
1053 4167 1192 4206 sane
1221 4147 1615 4220 virginitatem
1648 4163 1824 4218 quam
1859 4145 1998 4200 olim
2059 4160 2188 4200 esse

543 4262 661 4301 non
694 4243 1027 4306 credebant,
1060 4239 1213 4310 quod
1245 4253 1361 4292 non
1412 4253 1582 4308 posse
1608 4240 1879 4307 putarent
1907 4235 2186 4289 virtutem

545 4331 888 4404 hujusmodi
919 4331 978 4384 in
1009 4326 1351 4382 hominibus
1403 4323 1679 4396 reperiri;
1715 4325 1774 4378 in
1834 4323 2189 4378 Salvatorem

546 4426 751 4494 postea
779 4419 1078 4474 credentes
1109 4433 1176 4471 ex
1203 4413 1438 4485 Virgine
1471 4417 1694 4478 natum,
1729 4429 1842 4467 non
1873 4412 2045 4467 modo
2097 4427 2192 4466 ex-

546 4510 756 4567 sistere
805 4507 1072 4571 credunt,
1148 4504 1262 4558 imo
1307 4517 1440 4556 vero
1490 4501 1602 4571 ipsi
1651 4501 1912 4556 eamdem
1973 4499 2191 4569 colunt,

2289 3345 2416 3394 στοῦ
2469 3335 2761 3412 λαμϐάνειν
2812 3341 3011 3413 νόμους
3063 3342 3289 3412 ἀξιοῦσι,
3349 3343 3639 3420 παραδόξῳ
3704 3347 3950 3421 θαύματι

2288 3428 2628 3489 πιστεύοντες
2660 3428 2733 3490 εἷς
2764 3428 2941 3486 αὐτόν.
2974 3433 3090 3486 Ἔτι
3135 3432 3234 3506 γὰρ
3289 3430 3819 3510 εἰδωλολατροῦντες
3852 3441 3949 3492 καὶ

2291 3518 2366 3579 ὡς
2398 3515 2679 3592 ἄνθρωπον
2715 3513 3102 3580 διαϐάλλοντες
3135 3521 3221 3574 τὸν
3255 3523 3505 3597 Χριστὸν,
3545 3529 3736 3580 τοῦτον
3789 3526 3953 3583 ὕστε-

2293 3627 2386 3682 ρον
2421 3607 2547 3661 Θεὸν
2581 3607 2955 3679 γινώσκοντες,
2987 3608 3454 3682 καταλιμπάνουσι
3485 3612 3551 3667 τὰ
3577 3612 3800 3669 εἷ’δωλα·
3852 3620 3950 3672 καὶ

2291 3694 2384 3758 οὕς
2417 3691 2710 3772 ἐφοϐοῦντο
2744 3693 3004 3769 δαίμονας
3038 3697 3089 3751 ἐν
3121 3705 3238 3762 τοῖς
3268 3697 3524 3768 ἐδώλοις,
3554 3702 3777 3767 τούτους

2289 3785 2382 3839 τὸν
2436 3784 2627 3858 Κύριον
2676 3783 2985 3860 ἐπιγνόντες
3038 3785 3231 3842 λοιπὸν
3272 3789 3680 3863 καταλείπουσι,
3711 3793 3802 3847 καὶ
3835 3794 3948 3850 ἀπὸ

2293 3870 2478 3961 3illum
2503 3870 2788 3928 διώκουσι·
2826 3873 2914 3930 καί
2943 3877 3002 3944 ἢν
3031 3873 3557 3954 εἰδωλολατροῦντες
3584 3879 3784 3952 ἡδονὴν
3817 3883 3949 3961 ἐφο-

2295 3956 2510 4032 ϐοῦντο,
2540 3960 2738 4031 ταύτης
2777 3961 2828 4016 ἐν
2862 3969 3076 4038 Χριστῷ
3107 3973 3522 4044 καταφρονοῦσι,
3555 3969 3642 4024 καὶ
3683 3972 3778 4039 τήν
3811 3956 3940 4028 τότε

2293 4053 2522 4103 νικῶσαν
2555 4049 2746 4112 αὐτοὺς
2782 4051 3047 4123 ἁμαρτίαν
3082 4051 3198 4128 ἄρτι
3230 4060 3308 4127 τῷ
3336 4058 3554 4130 σημείῳ
3583 4064 3679 4113 τοῦ
3710 4067 3950 4136 σταυροῦ

2295 4143 2546 4200 νικῶντες
2614 4140 2885 4208 παίζουσι.
2942 4143 3040 4198 Καὶ
3099 4144 3202 4219 γάρ
3263 4146 3610 4209 ἀπιστοῦντες
3673 4147 3823 4211 ὅλως
3880 4154 3958 4222 τῇ

2297 4227 2578 4301 παρθενίᾳ,
2627 4229 2716 4283 καὶ
2764 4227 3022 4284 ἀδύνατον
3077 4211 3205 4286 εἶναι
3265 4233 3510 4310 λέγοντες
3554 4236 3605 4291 ἐν
3641 4211 3966 4314 ἀνθρώποίς

2297 4316 2497 4386 ταύτην
2558 4317 2887 4393 εύρίσκεσοαι
2936 4321 3034 4389 τήν
3083 4321 3277 4395 ἀρετὴν
3330 4324 3707 4388 πιστεύσαντες
3767 4333 3850 4398 τῷ
3904 4329 3971 4383 ἐκ

2301 4407 2568 4482 Παρθένου
2617 4414 2858 4482 Σωτῆρι,
2902 4408 2964 4462 οὐ
2995 4405 3157 4482 μόνον
3194 4411 3658 4487 ἐπιγινώσκουσιν,
3691 4415 3841 4471 ἀλλὰ
3871 4418 3965 4470 καὶ

2303 4495 2456 4550 αὐτοὶ
2502 4495 2701 4566 ταύτην
2747 4497 3186 4571 πολιτευόμενοι,
3249 4501 3596 4558 ἀπιστοῦνται
3646 4505 3789 4578 παρὰ
3841 4511 3962 4567 τοῖς

550 4599 706 4672 quod
740 4603 936 4652 tamen
968 4593 1184 4662 ethnici
1217 4592 1316 4664 qui
1349 4589 1542 4646 adhuc
1585 4589 1645 4643 in
1679 4588 2009 4644 idololatria
2068 4605 2183 4660 per-

2309 4582 2384 4639 ἔτι
2435 4583 2633 4647 ἔθνεσιν
2687 4582 3136 4662 εἰδωλολάτραις.
3200 4589 3322 4644 Ἐπὶ
3371 4590 3587 4654 τούτοις
3642 4590 3698 4646 δὲ
3751 4593 3967 4668 ἤργησε

553 4685 1058 4758 manent,credere
1091 4682 1317 4738 nolunt.
1351 4680 1430 4734 Ad
1467 4679 1608 4745 huic,
1643 4678 1985 4748 omniajam
2034 4693 2202 4734 vene-

549 4777 694 4833 ﬁcia
725 4790 1044 4840 cessavere,
1067 4770 1260 4826 omnis
1276 4767 1467 4840 magia
1501 4767 1738 4834 abolita,
1773 4766 2043 4820 universa
2062 4769 2209 4821 Grie-

550 4883 753 4922 corum
792 4863 1078 4918 infatuata
1107 4858 1389 4930 sapientia
1418 4861 1527 4912 est.
1591 4857 1652 4911 In
1683 4856 1915 4925 ,divinis
1974 4855 2208 4926 quippe,

551 4972 670 5011 non
708 4953 920 5018 verbis,
944 4950 1045 5007 sed
1080 4948 1247 5004 factis
1280 4950 1368 5001 est
1397 4961 1566 5018 opus:
1589 4960 1778 5016 neque
1809 4943 2210 5016 pronuntiatio

553 5043 788 5116 linguae,
836 5041 937 5097 sed
972 5038 1179 5094 anima:
1213 5036 1456 5091 allectus
1488 5035 1744 5106 prodest.
1797 5033 1977 5090 Graeci
2035 5032 2214 5104 igitur

550 5133 745 5191 verbis
799 5147 918 5186 non
949 5126 1279 5200 percipiunt
1307 5142 1374 5181 ea
1406 5141 1532 5196 qua:
1563 5123 1676 5179 ﬁde
1705 5121 2021 5179 Christiani
2052 5122 2212 5177 exhi-

555 5224 784 5278 bentzet
825 5234 950 5290 quas
998 5216 1192 5273 verbis
1236 5213 1392 5286 magi
1433 5211 1867 5280 efﬁciunt,hase,
1901 5210 2215 5267 silentibus

629 5395 786 5454 'Job
841 5407 967 5461 vm,
1021 5393 1108 5447 17.
1169 5391 1192 5424 ⁴
1251 5388 1300 5444 II
1347 5388 1478 5444 Cor.
1538 5403 1659 5455 vm,
1721 5384 1775 5439 9.

779 5562 1018 5642 Regius.
1049 5562 1116 5642 τῇ
1149 5554 1642 5642 ἐκείνουπτωχιεία.

662 5626 752 5700 49')
783 5626 918 5688 Ἀτῖό
949 5626 1113 5689 deest
1151 5631 1210 5687 in
1243 5626 1549 5685 Basiliensi
1578 5633 1636 5684 et
1666 5626 2002 5700 Anglicano.

662 5639 730 5693 49
783 5639 918 5688 ’Λπό
949 5639 1113 5689 deest
1151 5639 1210 5687 in
1243 5639 1445 5685 Basitie

639 5639 754 5791 ίδοί
783 5705 1165 5781 Anglicanus,
1195 5701 1445 5763 τούτους.

2314 4679 2456 4727 πᾶσα
2515 4675 2607 4745 μὲν
2667 4676 2994 4752 φαρμακεία,
3059 4682 3198 4730 πᾶσα
3257 4675 3312 4732 δὲ
3361 4681 3557 4754 μαγεία
3590 4683 3963 4755 κατήργηται,

2316 4763 2403 4816 καὶ
2460 4770 2600 4816 πᾶσα
2654 4769 2761 4817 τῶν
2821 4763 3104 4834 Ἑλλήνων
3151 4768 3468 4842 μεμώραται
3500 4770 3679 4846 σοφία.
3717 4772 3794 4824 Ἐν
3856 4773 3962 4846 γὶρ

2316 4857 2431 4913 τοῖς
2491 4852 2656 4915 θείοις
2705 4856 2838 4925 (51),
2891 4853 2952 4907 οὐ
3006 4852 3210 4928 λόγων,
3263 4853 3386 4910 ἀλλ’
3428 4855 3600 4932 ἐργων
3635 4857 3744 4913 ἐστὶ
3778 4860 3965 4932 χρεία·

2318 4941 2406 4994 καὶ
2455 4939 2560 5016 οὐχ
2607 4943 2641 5010 ἡ
2693 4943 2942 5019 προφορᾶ
2971 4950 3072 5012 τῆς
3101 4942 3378 5018 γλώττης,
3411 4943 3536 5024 ἀλλ’
3564 4948 3598 5015 ἡ
3643 4953 3747 5015 τῆς
3777 4950 3966 5022 ψυχῆς

2321 5026 2550 5090 διάθεσις
2583 5028 2804 5108 ὠφελεῖ.
2837 5032 2898 5085 Οἱ
2933 5036 3060 5106 γοῦν
3095 5030 3358 5099 Ἕλληνες
3388 5033 3450 5088 o6
3488 5031 3967 5108 καταλαμϐάνουσι

2322 5117 2510 5193 λόγοις
2566 5123 2751 5189 ταῦτα,
2803 5119 2833 5173 ἃ
2882 5124 2950 5193 τῇ
3000 5121 3175 5177 πίστει
3206 5123 3516 5199 Χριστιανοὶ
3549 5122 3963 5180 ἐπιδείκνυνται·

2320 5207 2409 5262 καὶ
2440 5207 2472 5262 ἃ
2502 5207 2772 5285 ἐνεργοῦσι
2804 5205 2988 5286 λόγοις
3023 5211 3074 5265 oi
3108 5213 3296 5286 μάγοι,
3324 5209 3490 5267 ταῦτα
3520 5214 3654 5287 (52),
3711 5216 3973 5269 σιωπών-

2391 5556 2504 5629 (51)
2538 5557 2910 5629 Anglicanus,
2942 5562 3058 5620 τοῖς
3091 5562 3259 5622 θεοῖς.

2395 5628 2944 5713 (52)]οῃξρειίοερο
2980 5631 3131 5713 haec,
3188 5633 3422 5713 matur.
3480 5628 3606 5707 περὶ
3654 5629 3977 5705 ἀθανασίας,

2320 5698 2550 5756 desunt.
2587 5698 2826 5758 Ibidem.
2854 5702 3096 5776 Regius,
3116 5698 3497 5779 καταργεῖται.
