4372 6214
422 366 538 426 237

1470 365 1571 424 DE
1616 358 1996 423 PASSIONE
2044 356 2140 416 ET
2187 357 2440 419 CRUCE
2487 362 2785 424 DOMINI.

3721 374 3839 433 238

424 516 536 548 των
570 497 758 566 ἡμῶν,
788 498 866 565 τῷ
892 494 1109 566 σημείῳ
1156 498 1252 547 τοῦ
1300 495 1531 569 σταυροῦ
1576 494 1940 567 καταργεῖται·
1991 485 2080 540 καὶ

2205 488 2385 559 nobis,
2417 491 2587 561 signo
2618 494 2806 550 crucis
2838 499 3192 550 evanescunt
3224 515 3242 549 :
3274 497 3413 552 item
3443 515 3568 569 qua:
3601 502 3671 555 de
3730 504 3839 558 im-

425 584 458 637 a
507 579 920 659 ἀμφιϐάλλουσι
969 582 1093 655 περί
1149 583 1450 652 ἀθανασίας,
1501 586 1667 636 ταῦτα
1718 582 1768 633 οἱ
1823 580 2085 653 μάρτυρες

424 676 523 726 τοῦ
553 676 785 746 Χριστοῦ
818 671 879 725 ού
910 670 1120 745 λόγοις,
1172 670 1300 726 ἀλλ’
1331 666 1514 746 ἔργοις
1552 667 1960 724 ἐπιδείκνυνται·
1995 665 2083 718 καὶ

425 763 552 835 περὶ
604 763 671 830 ἧς
723 758 1028 829 διστάζουσι
1072 761 1359 832 παρθενίας
1392 760 1443 814 οἱ
1478 759 1641 832 μάγοι
1674 761 1807 829 (53),
1856 755 2081 809 καὶτῶν

426 849 716 919 Ἑλλήνων
764 849 1075 927 φιλόσοφοι,
1129 849 1329 918 ταύτην
1378 848 1427 903 ἐν
1472 851 1688 924 Χριστῷ
1719 846 1805 900 καὶ
1838 847 2084 918 γυναῖκες

432 936 840 993 ἐπιδείκνυνται⁸
892 938 981 992 καὶ
1033 939 1113 999 οἷς
1162 934 1415 1012 εὔχονται
1464 935 1735 1008 δαίμοσιν,
1796 935 1870 994 ὡς
1917 936 2081 997 θεοῖς,

428 1027 657 1089 τούτους
707 1028 794 1082 καὶ
845 1025 1031 1081 παιδία
1078 1026 1128 1081 ἐν
1180 1032 1394 1102 Χριστῷ
1436 1024 1715 1080 διώκουσι.
1751 1023 1845 1077 Καὶ
1877 1019 2080 1093 ὅλωςς

429 1116 792 1193 χριστοφόρος
824 1117 957 1191 ἀνὴρ
992 1116 1066 1178 ὡς
1099 1115 1227 1177 Θεός
1264 1114 1401 1170 ἐστιν
1435 1114 1521 1169 ἐπὶ
1552 1122 1676 1189 γῆς,
1709 1117 1825 1173 τοῖς
1862 1110 1953 1182 μὲν
1995 1108 2081 1161 ἀν-

431 1207 670 1279 θρώποις
706 1204 1016 1275 ἀνεξίκακος
1047 1200 1356 1280 γενόμενος,
1390 1210 1519 1257 πᾶσι
1566 1201 1622 1256 δὲ
1669 1202 1742 1262 ὡς
1794 1200 1885 1253 σὺν
1934 1197 2082 1269 ἡλίῳ

431 1293 768 1369 περιπολῶν,
800 1294 888 1347 τὸν
924 1293 1170 1370 οὐράνιον
1206 1291 1641 1365 ἐπιδεικνύμενος
1678 1290 1811 1365 βίον.

502 1385 589 1439 3i.
644 1380 784 1439 Ἰδοὺ
831 1379 885 1436 ἓν
936 1386 1094 1436 τοῦτο
1147 1386 1241 1436 τοῦ
1292 1385 1521 1454 σταυροῦ
1566 1379 1911 1454 κατόροῶμα·
1966 1373 2081 1429 ἰδοὺ

427 1476 593 1527 ταῦτα
623 1470 920 1541 πεποίηκεν
970 1472 997 1525 6
1029 1472 1253 1532 θάνατος
1280 1475 1376 1524 τοῦ
1419 1477 1699 1543 Σωτῆρος.
1734 1466 1810 1525 Ού
1858 1466 1960 1540 γὰρ
1993 1465 2083 1518 ἀν-

429 1562 649 1636 θρώπου
700 1560 816 1614 ἐστὶ
866 1561 927 1614 τὸ
980 1558 1152 1635 ἔργον,
1196 1557 1341 1613 ἀλλὰ
1370 1563 1523 1616 Θεοῦ.
1555 1557 1650 1611 Καὶ
1682 1554 1769 1611 διὰ
1797 1559 1956 1609 τοῦτο
1988 1553 2081 1608 πέ-

424 1651 613 1703 πονθεν
647 1648 727 1710 ὡς
761 1645 1066 1724 ἅνθρωπος,
1093 1644 1185 1702 ’ίνα
1214 1652 1330 1707 τοῖς
1366 1647 1673 1721 ἀνθρώποις
1722 1644 1787 1697 τὰ
1818 1643 1949 1717 ὑπὲρ
1994 1638 2084 1694 ἄν·

428 1748 643 1813 Θρωπον
694 1735 787 1791 καὶ
837 1738 951 1790 θεῖα
999 1736 1315 1811 χαρίσηται.
1368 1735 1542 1790 Αὐτοῦ
1582 1737 1709 1808 γοῦν
1744 1731 1951 1785 ἐστιτὰ
2000 1733 2086 1782 νῦν

2196 579 2548 636 mortalitate
2582 581 2640 637 in
2665 584 2913 638 dubium
2942 589 3171 654 vocant,
3206 585 3326 640 haec
3360 592 3644 656 martyres
3672 590 3840 644 Chri-

2194 666 2295 731 sti,
2328 686 2440 723 non
2473 671 2687 738 verbis,
2722 674 2821 727 sed
2854 674 3127 744 operibus
3153 674 3429 729 exhibent
3457 692 3469 730 :
3504 681 3561 731 et
3600 678 3671 732 de
3728 696 3841 749 qua

2194 755 2526 827 virginitate
2554 762 2705 831 magi
2731 767 2786 816 et
2818 764 2993 817 Graeci
3025 762 3357 835 philosophi
3387 764 3843 835 dubitant,hanc

2193 843 2252 897 in
2281 843 2510 901 Christo
2535 848 2810 904 mulieres
2842 850 3077 906 colunt:
3116 856 3171 906 et
3203 851 3419 922 quibus
3454 854 3841 921 damonibus,

2194 936 2259 986 ut
2288 932 2400 989 diis
2418 934 2533 991 illis
2555 936 2910 1009 supplicant,
2933 956 3031 994 eos
3055 940 3282 1010 pueruli
3312 922 3369 995 in
3393 943 3624 999 Christo
3645 960 3841 1016 perse-

2195 1027 2476 1092 quuntur.
2514 1029 2755 1081 Demum
2787 1027 2875 1082 vir
2902 1028 2998 1099 qui
3050 1027 3349 1084 Christum
3410 1036 3620 1103 gestat,
3674 1035 3843 1105 quasi

2196 1110 2347 1166 Deus
2380 1116 2467 1167 est
2497 1112 2554 1166 in
2587 1118 2763 1181 terra,
2796 1131 2934 1188 erga
2962 1115 3230 1172 homines
3264 1118 3496 1188 quidem
3534 1122 3765 1192 patiens
3786 1127 3844 1178 et

2193 1204 2573 1256 mansuetus:
2606 1206 2680 1272 et,
2715 1219 2779 1257 ac
2810 1203 2861 1258 si
2892 1221 3025 1259 cum
3058 1204 3182 1260 sole
3211 1206 3428 1261 circum
3455 1208 3653 1264 omnia
3673 1227 3840 1283 gyra-

2193 1292 2299 1356 ret,
2333 1290 2608 1345 omnibus
2639 1291 2930 1347 cmlestem
2962 1294 3195 1349 exhibet
3223 1296 3422 1350 vitam.

2264 1376 2350 1430 3|.
2387 1377 2466 1431 En
2499 1377 2604 1432 tibi
2635 1396 2819 1435 unum
2866 1398 2934 1437 ex
2974 1382 3269 1453 praeclaris
3330 1385 3518 1440 crucis
3572 1387 3842 1443 facinori-

2193 1464 2305 1519 bus
2336 1482 2347 1520 :
2382 1464 2499 1520 haec
2532 1483 2689 1523 mors
2720 1469 2909 1525 effecit
2936 1470 3665 1545 Salvatoris.Nequaquam
3688 1476 3843 1531 enim

2194 1553 2451 1609 hominis
2474 1561 2563 1610 est
2582 1573 2751 1628 opus,
2778 1560 2878 1614 sed
2907 1560 3024 1615 Dei.
3050 1561 3232 1631 Atque
3254 1561 3382 1618 ideo
3410 1571 3475 1617 ut
3507 1563 3681 1619 homo
3714 1582 3846 1636 pas-

2196 1659 2298 1696 sus
2329 1648 2440 1708 est,
2474 1648 2539 1698 ut
2569 1644 2911 1702 hominibus
2943 1664 3070 1718 quae
3103 1666 3283 1719 supra
3314 1648 3614 1707 hominem
3646 1657 3703 1708 et
3758 1653 3847 1707 di-

2194 1731 2329 1785 vina
2363 1737 2522 1799 sunt,
2569 1733 2899 1805 largiretur.
2961 1735 3123 1791 Illius
3180 1754 3317 1809 ergo
3375 1744 3516 1794 sunt
3572 1740 3849 1812 praeclara

429 1826 479 1880 ἐν
533 1826 843 1901 ἀνθρώποις
892 1824 1309 1899 κατορθώματα.
1365 1822 1470 1876 Κᾶν
1519 1822 1618 1896 γὰρ
1669 1818 1882 1880 Παῦλος
1915 1816 2082 1922 λαλῇ,

2205 1824 2382 1891 gesta,
2417 1837 2548 1891 quae
2580 1823 2733 1893 apud
2768 1824 3036 1880 homines
3076 1826 3202 1896 jam
3258 1826 3530 1883 emicant.
3591 1829 3735 1884 Nam
3797 1830 3844 1885 si

429 1914 576 1969 ἀλλὰ
604 1912 838 1990 Χριστός
869 1912 1008 1967 ἐστιν
1043 1911 1094 1966 ἐν
1145 1915 1258 1985 (54)
1283 1912 1429 1983 αύτῷ
1475 1909 1681 1965 λαλῶν·
1724 1908 1817 1963 κᾶν
1880 1906 2091 1982 μεγάλα

427 2004 516 2058 καὶ
548 2003 832 2076 Θαυμαστὰ
861 2006 1016 2075 ποιῇ,
1046 1999 1171 2055 ἀλλ’
1203 2003 1237 2070 ἡ
1289 2005 1385 2054 τοῦ
1420 2003 1651 2075 Χριστοῦ
1686 1997 1850 2073 χάρις
1881 1996 2019 2049 ἐστὶν
2052 1996 2085 2065 ἡ

1452 2088 1461 2104 Ι
1662 2083 1670 2103 1
2072 2082 2087 2102 \

426 2097 593 2146 ταῦτα
643 2092 948 2167 ἐνεργοῦσα·
1000 2090 1088 2144 καὶ
1136 2090 1224 2143 ἐὰν
1265 2089 1341 2151 εἷς
1394 2109 1592 2149 παντας
1646 2085 1865 2164 ἔφθασεν
1899 2085 1932 2153 ἠ
1965 2104 2089 2159 περι

434 2186 572 2234 Θεοῦ
602 2185 825 2256 γνῶσις,
859 2178 982 2234 ἀλλ’
1012 2178 1113 2233 οὐκ
1141 2178 1441 2251 ἀνθρώπων
1475 2176 1616 2231 ἐστὶν
1659 2177 1693 2245 ἡ
1747 2172 2087 2241 διδασκαλία,

428 2268 554 2323 ἀλλ’
589 2269 753 2323 αὐτοῦ
780 2273 877 2323 τοῦ
911 2268 1088 2343 Λόγου
1119 2262 1457 2327 καταϐάντος
1494 2265 1714 2338 μεσίτου
1736 2267 1871 2318 Θεοῦ
1895 2261 1982 2316 καὶ
2006 2262 2092 2315 ἀν-

434 2359 872 2434 θρώπων.Τοῦτο
904 2357 1005 2430 γὰρ
1037 2354 1410 2431 γὲγραπται,ὅ
1440 2356 1492 2408 οἱ
1522 2351 1775 2408 Ἰουδαῖοι
1814 2353 1908 2425 μὲν
1943 2350 2092 2405 ἐσιώ-

441 2466 619 2514 πησαν
648 2443 840 2512 πάλαι,
875 2441 994 2517 ἄρτι
1026 2441 1083 2497 δὲ
1113 2441 1499 2518 πληρούμενον
1552 2442 1740 2517 ὁρῶσν
1796 2439 2090 2515 γέγραπται

438 2536 566 2608 γὰρ,
604 2531 688 2587 ὅτι
719 2557 745 2584 ‹‹
779 2535 1030 2587 Ἔσονται
1064 2532 1259 2592 πάντες
1292 2528 1535 2585 διδακτοὶ
1567 2534 1725 2600 Θεοῦ,
1777 2552 1805 2579 ››
1855 2526 2092 2602 καθάπερ

438 2620 528 2676 καὶ
562 2622 589 2674 6
623 2620 882 2695 Ἰερεμίας
918 2621 1085 2694 Λὲγει·
1121 2644 1149 2672 ‹‹
1185 2616 1323 2675 Ἰδοὺ
1370 2616 1570 2693 ἡμέραι
1615 2614 1885 2693 ἔρχονται,
1944 2614 2094 2689 λέγει

439 2709 661 2785 Κύριος’
703 2734 729 2761 υ
761 2710 850 2764 καὶ
883 2709 1125 2786 ἐπιφέρει
1183 2707 1372 2783 λέγων*
1407 2731 1435 2757 ‹‹
1487 2708 1586 2761 Καὶ
1636 2705 1701 2760 ού
1760 2707 1835 2779 μὴ
1894 2700 2091 2777 διδάξει

437 2794 660 2859 ἕκαστος
687 2799 779 2852 τὸν
812 2796 1044 2868 πλησίον
1078 2796 1242 2851 αὐτοῦ
1271 2796 1361 2850 καὶ
1390 2795 1615 2857 ’ἕκαστος
1797 2794 1889 2849 τὸν
1933 2790 2094 2847 ἀδελ·

442 2888 538 2961 φὸν
571 2888 715 2959 αὐτῷ
745 2885 939 2963 λέγων·
977 2888 1143 2941 Γνῶθι
1186 2885 1277 2939 τὸν
1312 2885 1531 2961 Κύριονο
1567 2884 1649 2939 δτι
1700 2882 1893 2944 πάντες
1943 2879 2092 2951 εἰδή-

440 2975 593 3030 σουσί
645 2995 711 3047 με
760 2975 864 3028 ἀπὸ
917 2978 1113 3049 μικροῦ
1143 2969 1247 3034 ἕως
1287 2971 1524 3047 μεγάλου
1557 2971 1752 3041 αὐτῶν,
1787 2972 1869 3025 ’ὁτι
1924 2968 2092 3031 ’ίλεως

439 3058 638 3136 ἔσομαι
668 3068 785 3124 ταῖς
819 3059 1053 3123 ἀδικίαις
1084 3060 1285 3118 αὐτῶν.
1330 3084 1358 3113 ››
1392 3060 1479 3122 Τίς
1526 3059 1628 3134 γάρ
1661 3060 1799 3113 ἐστιν
1835 3058 1861 3111 6
1893 3056 1943 3110 ἐν
1975 3062 2092 3117 τοῖς

437 3150 695 3213 εἰδώλοις
720 3150 1081 3219 κατανύττων,
1142 3148 1187 3203 εἰ
1250 3149 1325 3221 μὴ
1359 3149 1386 3201 6
1418 3148 1649 3222 Κύριος;
1702 3148 1791 3201 καὶ
1821 3146 1900 3207 τίς
1935 3147 1962 3199 6
2003 3147 2093 3198 ἀν-

2201 1908 2417 1964 Paulus
2448 1908 2745 1982 loquatur,
2778 1912 3047 1969 Christus
3079 1914 3137 1967 in
3167 1914 3294 1985 ipso
3325 1914 3619 1985 loquitur:
3651 1918 3700 1973 si
3724 1936 3847 1974 ma-

2200 2012 2315 2068 gna
2354 2003 2412 2052 et
2468 1998 2763 2053 mirabilia
2820 2003 3193 2072 perpetravit,
3251 2003 3460 2058 Christi
3518 2007 3705 2077 gratia
3762 2012 3851 2061 est

2202 2101 2327 2155 quae
2362 2086 2504 2140 talia
2534 2091 2841 2158 operatur:
2874 2094 2930 2144 et
2959 2090 3009 2144 si
3042 2090 3101 2143 in
3134 2107 3341 2147 omnes
3372 2094 3691 2163 permeavit
3748 2094 3849 2151 Dei

2202 2173 2477 2245 cognitio,
2512 2191 2625 2230 non
2659 2175 2967 2232 hominum
3000 2183 3090 2234 est
3110 2179 3213 2235 80
3239 2181 3527 2251 ejusmodi
3562 2184 3848 2252 doctrina,

2201 2262 2303 2317 sed
2336 2262 2524 2333 ipsius
2558 2265 2966 2323 descendentis
3008 2267 3180 2324 Verbi
3240 2270 3579 2327 mediatoris
3636 2273 3737 2328 Dei
3795 2278 3852 2329 et

2201 2351 2532 2407 hominum.
2569 2353 2687 2409 Hoc
2719 2355 2877 2411 enim
2936 2357 3221 2429 scriptum
3282 2364 3393 2426 est,
3453 2362 3607 2431 quod
3664 2363 3851 2418 Judaei

2204 2440 2443 2511 quidem
2475 2440 2613 2497 olim
2646 2443 2951 2514 reticuere,
2974 2446 3213 2517 sedjam
3240 2448 3594 2519 completum
3620 2450 3847 2507 vident:

2202 2529 2333 2599 hoc,
2366 2530 2630 2600 inquam,
2665 2533 2951 2604 scriptum
2986 2539 3112 2589 est:
3153 2556 3181 2589 α
3212 2536 3396 2592 Erunt
3427 2554 3634 2594 omnes
3691 2540 3849 2596 doci-

2202 2617 2351 2673 biles
2384 2618 2487 2673 Dei
2517 2620 2573 2686 5;
2612 2642 2639 2668 »
2674 2625 2737 2675 ut
2769 2621 2851 2675 ait
2888 2622 3213 2678 Hieremias
3272 2625 3593 2696 propheta:
3649 2650 3677 2677 (ι
3707 2628 3851 2684 Ecce

2203 2706 2328 2761 dies
2350 2709 2610 2775 veniunt,
2637 2709 2777 2764 dicit
2794 2710 3080 2766 Dominus
3106 2730 3118 2779 ;
3147 2734 3175 2761 »
3199 2729 3265 2767 ac
3287 2714 3496 2770 deinde
3519 2716 3848 2772 subinfert:

2205 2817 2232 2845 ‹‹
2256 2794 2377 2850 Non
2408 2796 2637 2851 docebit
2660 2799 2911 2869 quisque
2933 2799 3261 2869 proximum
3286 2818 3486 2867 suum,
3520 2809 3577 2858 et
3596 2804 3851 2875 quisque

2205 2883 2441 2939 fratrem
2464 2901 2663 2950 suum,
2695 2885 2953 2942 dicentes
2979 2905 2992 2943 :
3016 2887 3311 2960 Cognosce
3333 2889 3670 2960 Dominum,
3712 2894 3852 2963 quia

2205 2988 2408 3027 omnes
2440 2989 2530 3028 me
2560 2979 2932 3045 cognoscent,
2966 2992 2999 3029 a
3027 2993 3206 3047 parvo
3231 2994 3418 3048 usque
3458 2980 3530 3035 ad
3564 2996 3845 3052 magnum

2203 3076 2428 3127 eorum,
2453 3061 2590 3131 quia
2612 3062 2899 3133 propitius
2930 3080 3026 3119 ero
3057 3064 3469 3135 iniquitatibus
3505 3084 3710 3123 eorum
3741 3070 3782 3123 ⁸.
3823 3092 3851 3119 ››

2205 3148 2347 3213 Quis
2378 3149 2534 3203 enim
2567 3155 2656 3204 est
2685 3151 2783 3221 qui
2816 3151 2975 3222 ipsos
3004 3152 3161 3207 idola
3218 3154 3477 3210 colentes
3536 3158 3605 3211 ad
3668 3158 3849 3228 pmni-

438 3242 586 3315 ἀγων
760 3238 951 3299 αὐτοὺς
993 3237 1189 3292 ἐκεῖθεν
1242 3234 1319 3292 ἔτι
1353 3235 1707 3297 δουλεύοντας
1738 3233 2010 3299 εἰδώλοις,
2048 3233 2091 3286 εί

2205 3237 2445 3291 tentiam
2480 3220 2837 3305 movet,nisi
2876 3240 3206 3297 Dominus?
3238 3243 3304 3297 Et
3335 3244 3468 3314 quis
3498 3260 3596 3300 eos
3627 3261 3696 3300 ex
3727 3246 3851 3301 ido-

444 3330 521 3404 μὴ
557 3328 715 3389 αὐτὸς
750 3329 778 3381 6
812 3328 1067 3403 Χριστὸς,
1100 3327 1128 3380 6
1161 3326 1353 3401 λέγων·
1422 3347 1443 3376 ι
1488 3328 1652 3382 ’Όταν
1689 3326 1908 3397 ὑψωθῶ,
1960 3323 2092 3376 πάν-

438 3438 536 3479 τας
566 3416 778 3471 ἑλκύσω
808 3415 943 3491 πρὸς
978 3414 1250 3487 ἐμαυτόν;
1290 3439 1308 3465 ι
1370 3414 1439 3467 Τὸ
1481 3414 1582 3489 γὰρ
1632 3410 1933 3488 παράδοξόν
1984 3410 2093 3465 ἐστι

439 3504 627 3572 τοῦτο,
660 3503 764 3575 ὅτι,
798 3500 874 3559 ἔτι
908 3507 1021 3577 (57)
1056 3501 1430 3558 δουλευόντων
1464 3502 1638 3556 αὐτῶν
1690 3499 1961 3569 εἰδώλοις,
2013 3497 2093 3553 δι-

443 3594 719 3670 ανοίγεται
748 3593 954 3648 τούτων
991 3594 1018 3647 6
1049 3597 1173 3654 νοῦς
1205 3594 1302 3660 τῆς
1333 3593 1516 3665 ψυχῆς
1549 3591 1624 3651 ὡς
1673 3592 1735 3644 τὸ
1790 3594 1956 3656 νοεῖν,
2011 3589 2093 3643 ’ὁτι

444 3683 537 3747 οὕς
576 3685 670 3756 μὲν
700 3682 944 3756 ἐνόμιζνν
968 3680 1137 3735 πάλαι
1172 3679 1343 3752 θεοὺς,
1376 3677 1507 3749 ξύλιο
1536 3678 1624 3732 καὶ
1658 3677 1841 3739 λίθους
1876 3676 2094 3731 εἶναι’ὅν

443 3770 501 3827 δὲ
545 3770 844 3847 ἐχλεύαζον
902 3769 1328 3844 ἐσταυρωμένον,
1387 3772 1576 3822 τοῦτον
1636 3765 1734 3819 οὐκ
1784 3767 2093 3841 ἄνθρωπον,

445 3860 592 3916 ἀλλὰ
622 3861 749 3914 Θεὸν
782 3859 1159 3934 ἐπιγινώσκειν
1192 3858 1322 3931 (58).
1377 3860 1485 3909 Νοῦ
1516 3853 1573 3909 δὲ
1627 3851 1949 3915 διδάσκαλος
2002 3854 2100 3908 οὐκ

453 3948 739 4026 ἄνθρωπός
785 3948 948 4017 ἐστιν,
1001 3945 1130 4002 ἀλλ’
1178 3947 1205 4000 6
1249 3946 1340 3999 τὸν
1390 3948 1513 3998 νοῦν
1567 3943 1728 4016 μόνος
1772 3944 1913 4016 ὁρῶν
1946 3941 2096 4003 Θεός.

451 4038 697 4112 Μακάριε
745 4036 964 4107 ἀληθῶς
1006 4036 1096 4089 καὶ
1147 4035 1380 4103 ζωοποιὲ
1430 4033 1622 4107 σταυρὲ
1667 4035 1764 4085 τοῦ
1818 4037 2098 4106 Σωτῆρος⁶

456 4126 550 4182 τὸν
606 4127 699 4199 μὶν
751 4127 972 4189 θάνατον
1024 4118 1435 4197 ἐθριάμϐευσας,
1480 4122 1569 4176 τὸν
1622 4118 1680 4175 δὲ
1722 4123 1913 4174 τοῦτον
1943 4121 2101 4173 κατὲ-

452 4235 624 4289 χοντα
655 4210 912 4269 διάϐολον
945 4212 1175 4274 ἀνεῖλες.
1210 4216 1327 4266 Θεῖε
1362 4209 1523 4284 Λόγε,
1566 4209 1655 4263 καὶ
1688 4208 1911 4277 ἀληθῶς
1944 4208 2104 4282 σοφία

448 4309 546 4358 τοῦ
578 4303 809 4377 Πατρός’
844 4302 907 4357 σὺ
939 4303 1029 4357 καὶ
1057 4305 1154 4356 τοῦ
1185 4298 1493 4374 πανούργου
1521 4298 1585 4352 τὸ
1615 4295 1913 4372 πρόσωπον
1967 4294 2102 4349 ἔδει·

452 4394 567 4461 ξας,
609 4393 699 4446 καὶ
747 4393 845 4459 τὴν
895 4390 1080 4459 πτύειν
1132 4392 1230 4442 τοῦ
1280 4388 1525 4459 θώρακος
1576 4384 1741 4439 αὐτοῦ
1766 4382 2101 4459 ἐγύμνωσαςσ

452 4477 593 4534 ὣστε
646 4478 736 4533 καὶ
780 4481 929 4550 ἡμᾶς
981 4476 1178 4552 λέγειν*
1234 4500 1261 4527 ‹‹
1308 4473 1381 4529 Οὐ
1429 4475 1533 4549 γὰρ
1575 4472 1740 4526 αὐτοῦ
1770 4472 1836 4525 τὰ
1860 4474 2106 4544 νοήματα

2205 3324 2396 3379 lorum
2429 3325 2707 3382 servitute
2738 3328 2951 3396 educit,
2982 3329 3094 3383 nisi
3126 3330 3253 3401 ipse
3283 3331 3574 3397 Christus,
3607 3333 3707 3404 qui
3737 3334 3845 3389 ait:

2212 3433 2232 3462 ι
2266 3417 2408 3470 Cum
2440 3418 2747 3480 exaltatus,
2783 3416 2961 3484 fuero,
2997 3434 3201 3472 omnes
3251 3418 3481 3474 traham
3542 3422 3614 3475 ad
3674 3423 3853 3494 meip-

2204 3520 2339 3558 sum
2361 3505 2380 3537 7
2402 3504 2428 3558 ?
2452 3526 2479 3551 »
2501 3502 2646 3558 Nam
2671 3503 2728 3558 id
2753 3509 2906 3559 certe
2928 3522 3301 3578 summopere
3329 3509 3851 3581 mirandum,quod

2206 3593 2347 3647 dum
2368 3591 2523 3647 idola
2544 3592 2765 3657 colunt,
2790 3610 2993 3648 eorum
3030 3611 3198 3650 mens
3248 3597 3563 3666 aperiatur,
3589 3603 3653 3653 ut
3680 3599 3852 3654 intel-

2206 3680 2406 3751 ligant,
2441 3697 2587 3752 quos
2618 3681 2759 3737 olim
2791 3683 2930 3737 deos
2963 3684 3423 3752 arbitrabantur,
3447 3684 3607 3756 ligna
3628 3686 3849 3757 etlapi-

2206 3771 2309 3825 des
2340 3787 2468 3825 esse
2500 3788 2512 3824 :
2549 3786 2721 3840 quem
2757 3787 2888 3825 vero
2916 3771 3257 3826 cruciﬁxum
3312 3773 3658 3839 irridebant,
3716 3791 3849 3828 eum

2208 3875 2322 3912 non
2354 3858 2677 3925 hominem,
2712 3860 2811 3913 sed
2845 3863 3027 3913 Deum
3062 3866 3401 3929 agnoscant.
3423 3860 3627 3915 Mentis
3657 3870 3854 3916 autem

2211 3947 2490 4017 magister
2517 3964 2632 4002 non
2666 3947 2839 4001 homo
2873 3951 2985 4015 est,
3016 3947 3117 4000 sed
3151 3948 3251 4017 qui
3287 3952 3542 4002 mentem
3578 3948 3741 4003 solus
3772 3948 3855 4001 vi-

2210 4035 2306 4089 det
2336 4034 2510 4089 Deus.
2546 4035 2718 4088 Beata
2748 4050 2877 4089 vere
2926 4038 2981 4089 et
3033 4034 3258 4089 viviﬁca
3314 4051 3458 4091 crux
3516 4036 3855 4105 Salvatoris,

2212 4141 2338 4195 qua:
2371 4125 2441 4177 de
2472 4126 2659 4177 morte
2689 4122 3086 4194 triumphasti,
3121 4128 3178 4178 et
3205 4139 3342 4180 cum
3374 4126 3475 4195 qui
3506 4124 3565 4180 in
3599 4142 3706 4181 sua
3758 4143 3858 4197 po-

2210 4216 2420 4267 testate
2450 4219 2696 4266 morlem
2722 4211 2975 4278 tenebat,
3010 4211 3309 4268 diabolum
3368 4229 3599 4285 nempe,
3662 4219 3859 4270 sustu-

2211 4300 2355 4356 listi.
2389 4300 2432 4354 Ο
2464 4299 2724 4354 divinum
2760 4299 3008 4355 Verbum
3039 4304 3099 4355 et
3126 4316 3255 4356 vere
3306 4302 3596 4373 sapientia
3647 4303 3859 4370 Patris,

2213 4393 2275 4444 tu
2307 4388 2524 4443 versuti
2559 4388 2718 4442 illius
2752 4387 2955 4443 faciem
2988 4388 3320 4455 ostendisti,
3356 4395 3412 4445 et
3441 4390 3627 4462 plicas
3670 4395 3862 4462 pecto-

2214 4476 2295 4533 ris
2322 4475 2481 4531 illius
2504 4475 2849 4542 nudasti,ita
2871 4480 2934 4531 ut
2954 4480 3012 4531 et
3032 4494 3138 4532 nos
3158 4478 3446 4534 dicamus:
3472 4497 3484 4534 :
3507 4501 3534 4529 «
3558 4479 3681 4534 Non
3704 4478 3860 4536 enim

460 4570 778 4644 ἀγνοοῦμεν.
812 4590 840 4616 ››
874 4563 1236 4639 Φιλάνθρωπε
1264 4562 1353 4618 καὶ
1387 4562 1547 4639 ἀγαθὲ
1579 4562 1837 4615 Δέσποτα*
1901 4560 1961 4615 σὺ
2015 4562 2092 4615 καῖ

2214 4567 2342 4636 ejus
2374 4565 2738 4636 cognitiones
2770 4565 3115 4637 ignoramus
3136 4566 3175 4620 ⁸.
3203 4588 3230 4616 ››
3268 4566 3585 4622 Hominum
3636 4571 3865 4624 amator

460 4654 851 4732 αἰχμαλώτους
880 4656 1029 4727 ἡμᾶς
1060 4648 1217 4715 ὄντας
1249 4651 1562 4726 ἐλυτρώσώ,
1611 4650 1700 4704 καὶ
1750 4647 2105 4713 δουλεύοντας

453 4749 523 4818 τῇ
575 4743 832 4819 ἁμαρτίᾳ,
885 4740 974 4797 διὰ
1016 4746 1114 4796 τοῦ
1163 4738 1389 4804 θανάτου
1442 4736 1605 4808 ἰδίου,
1656 4738 1835 4814 Κύριε,
1887 4738 2111 4807 ἠλευθέ-

458 4853 652 4909 ρωσας.
715 4830 946 4904 σίδαμεν
1006 4832 1131 4905 γὰρ,
1192 4828 1273 4883 ὅτι
1324 4828 1779 4903 ἠλευθερώθημεν
1855 4828 1958 4881 ἀπὸ
2008 4829 2106 4897 τῆς

461 4921 746 4997 ἁμαρτίας.
798 4919 1130 4997 Εἷρηνοποιὲ
1174 4918 1393 4987 ἀληθῶς
1436 4919 1548 4989 (59)
1598 4917 1686 4969 Υἱὲ
1732 4920 1829 4969 τοῦ
1860 4920 2011 4971 ϐιοῦν
2047 4918 2108 4972 σὺ

468 5011 559 5067 καὶ
589 5012 687 5079 τὴν
738 5009 1000 5064 υἱοθεσίαν
1033 5010 1167 5081 ἡμῖν
1202 5004 1573 5075 ἀποδέδωκας,
1605 5004 1694 5059 καὶ
1726 5005 2107 5061 ἀποκαταλλά-

530 5164 552 5199 ⁶
579 5166 695 5218 Isa.
772 5178 879 5229 LIV,
913 5161 981 5216 13
1013 5177 1027 5228 ;
1059 5160 1227 5216 Joan.
1308 5176 1385 5229 v1,
1461 5159 1551 5214 55.

533 5313 648 5385 (53)
671 5309 995 5385 Regius,_oi
1029 5304 1283 5385 peygtloi,
1321 5309 1494 5364 male.

534 5355 648 5461 ἔξδῶ
671 5355 1121 5461 ἱὲἶῗίὲἑὶίρὲπᾙὲ
1137 5355 1203 5433 ῖηῖ
1217 5355 1400 5461 ἔᾷφέἱῖ

691 5456 777 5527 Ita
808 5446 1044 5525 Regius.
1077 5446 1137 5527 In
1172 5452 1345 5507 editis
1376 5466 1529 5518 vero,
1565 5448 1814 5515 haec,16v
1878 5446 2111 5518 πλησίον

472 5524 658 5595 αὐτοῦ,
689 5525 778 5579 καὶ
811 5524 1054 5595 εκαστος,
1097 5524 1329 5595 desunt.

686 5598 921 5671 Regius,
954 5594 1044 5671 mi
1072 5592 1152 5671 τίς
1187 5594 1214 5647 6
1244 5592 1406 5671 ᾀγων.

544 5662 657 5742 (57)
688 5662 807 5725 Ἑτῖ
838 5662 1002 5725 deest
1030 5668 1087 5723 in
1124 5662 1346 5738 Anglic.
1378 5664 1510 5720 Mox
1533 5664 1711 5732 idem,
1742 5662 1770 5715 ὁ
1838 5663 1984 5732 νοῦ),
2045 5663 2118 5724 ὡς

1628 5159 1650 5192 θ
1680 5158 1893 5214 Jerem.
1927 5176 2042 5231 xxx,
2075 5160 2165 5216 31.

2218 4671 2283 4711 ac
2313 4655 2461 4709 bone
2488 4653 2754 4724 Domine,
2778 4658 2841 4708 tu
2865 4671 2971 4709 nos
3002 4655 3259 4725 captivos
3278 4656 3597 4723 redemisti,
3628 4661 3863 4729 peccato

2218 4743 2559 4813 servientes,
2594 4759 2695 4814 per
2726 4743 3022 4813 propriam
3075 4747 3346 4813 mortem,
3401 4745 3669 4813 Domine,
3727 4745 3865 4802 libe—

2220 4832 2382 4888 rasti.
2413 4833 2643 4887 Scimus
2674 4832 2829 4886 enim
2863 4848 2973 4887 nos
3003 4849 3036 4887 a
3066 4837 3298 4902 peccato
3334 4833 3517 4889 fuisse
3564 4834 3862 4891 liberatos.

2220 4922 2263 4977 Ο
2294 4938 2423 4977 vere
2456 4921 2615 4992 pacis
2647 4919 2986 4975 conciliator
3032 4920 3139 4975 Fili
3195 4920 3315 4991 Dei,
3370 4926 3434 4977 tu
3492 4922 3865 4994 adoptionem

2223 5011 2482 5065 ﬁliorum
2509 5009 2717 5064 dedisti
2748 5008 2939 5078 nobis,
2964 5008 3474 5083 reconciliatisque
3501 5012 3670 5067 nobis
3708 5011 3865 5067 Patri

2240 5162 2331 5217 34.
2409 5162 2428 5195 ⁷
2501 5161 2672 5217 Joan.
2712 5177 2813 5229 xu,
2841 5161 2929 5216 32.
3005 5161 3026 5195 ⁸
3054 5161 3107 5217 ΙΙ
3132 5161 3261 5219 Cor.
3292 5180 3354 5231 Π,
3386 5164 3471 5219 11.

2223 5311 2285 5364 τὸ
2314 5314 2480 5377 νοεῖν,
2511 5308 2601 5382 οὕς
2638 5308 2753 5382 μὲν.
2790 5310 3032 5367 Ibidem.
3070 5312 3214 5367 Edit.
3251 5313 3455 5381 Paris.,
3489 5312 3562 5374 ὡς
3609 5311 3670 5367 τὰ
3698 5318 3865 5371 νοεῖν.

2226 5383 2472 5454 Regius,
2498 5380 2646 5434 ὥστε
2665 5386 2825 5437 νοεῖν.
2869 5384 3018 5439 Edit.
3071 5383 3348 5440 Commel.
3382 5380 3513 5441 vero
3561 5404 3695 5443 cum
3737 5386 3868 5442 aliis

2227 5452 2400 5519 mss”
2433 5452 2508 5513 εἷς
2535 5454 2597 5506 τὸ
2628 5458 2789 5509 νοεῖν.

2321 5527 2409 5602 ξξ)
2444 5526 2659 5602 Regius
2687 5527 2876 5602 prima
2899 5543 3074 5602 manu
3098 5525 3598 5602 et__Anglic.,ém-1cx
3611 5527 3864 5583 ώσκουσι.

2321 5527 2389 5579 58
2444 5527 2659 5598 Regius
2687 5527 2876 5597 prima
2899 5543 3074 5581 manu
3098 5530 3153 5581 et
3177 5527 3359 5599 Anglic

2299 5527 2411 5667 E596
2442 5594 2690 5667 Ἀληθῶς
2723 5600 2889 5654 abest
2918 5599 2989 5653 ab
3020 5598 3359 5669 Anglicano.
