2186 3107
81 590 85 601 1

68 590 94 804 Ι.

68 813 88 843 Ξ

68 879 93 909 ir.

90 578 101 585 ι

90 677 109 686 ι.

93 740 106 754 1‘

263 179 322 209 239
859 172 891 205 S.
915 174 1084 205 ΑΤΗΑΝΑε

1144 174 1177 204 S.
1189 191 1228 196 —
1244 172 1378 205 DUBIA.
1907 178 1972 208 240

260 243 513 279 tuo,inimicitiam
528 242 559 270 in
574 249 661 270 carne
676 240 1010 269 destruxisti.Ditissime
1024 239 1084 268 Sal-

1142 239 1186 274 ξας
1203 240 1276 275 ἡμᾶς
1300 242 1340 275 τῷ
1366 242 1464 267 σαυτοῦ
1490 241 1585 278 Πατρὶ,
1610 242 1659 275 τήν
1678 239 1778 279 ἕχρραν
1794 241 1819 268 ἰν
1885 243 1970 279 σαρκὶ

263 293 346 319 vator
360 291 389 316 et
402 296 469 315 vere
481 289 575 320 rex,tu
590 294 716 322 namque
744 293 853 321 pauper
877 285 1005 319 fuisti,ut
1033 292 1087 312 nos

262 337 316 362 tua
326 333 497 369 paupertate
512 331 775 365 ditesceremus;|tu
791 329 876 357 nobis
891 336 1014 365 regnum
1030 337 1084 356 cte-

262 378 359 407 lorum
369 375 660 413 largituses.Creator
669 377 698 402 et
705 374 799 410 opifex
809 373 1084 407 omnium,Verbum

263 422 403 456 Patris,tu
428 428 481 449 nos
509 420 615 447 iterum
639 418 866 454 creasti,tuaque
882 426 986 445 sumus
1001 417 1084 453 opifi-

262 467 317 501 cia,
334 465 440 494 conditi
457 465 492 492 ad
517 464 595 492 bona
619 470 716 499 opera.
735 463 808 490 Vere
836 462 886 489 lux
900 464 930 490 et
943 462 1085 498 splendor

259 511 365 545 Patris,
392 515 421 537 tu
451 509 560 545 quippe
573 516 628 535 nos
655 507 685 535 in
702 507 829 535 tenebris
843 506 1008 541 illustrasti,
1026 514 1083 534 non

259 555 391 584 videntes
418 562 471 582 nos
500 553 536 581 ad
566 552 663 580 lucem
691 550 848 579 adduxisti.
866 551 972 578 Forma
995 552 1084 586 atque

259 600 357 635 imago
383 606 452 626 vera
480 597 586 632 Putris,
607 599 638 624 tu
667 604 721 624 nos
745 596 874 632 perditos
890 595 1033 627 formasti,
1056 596 1085 622 et

260 644 421 680 imaginem
436 643 486 670 Dei
501 642 607 670 iterum
632 640 796 669 reddidisti.
815 641 889 668 Deus
904 640 1031 667 Verbum
1056 641 1085 666 et

260 697 327 716 vere
341 688 444 720 vita,tu
460 690 591 714 mortuos
605 684 755 712 vivificasti
777 692 841 718 nos,
858 686 1011 720 corruptos
1039 691 1083 711 re-

262 733 387 767 novasti,
404 732 528 760 induens
556 729 783 765 incorruptione.
802 729 874 756 Vere
902 728 1006 761 virtus,
1020 728 1085 755 bra-

262 778 363 806 chium
379 779 407 805 et
422 777 540 804 dextera
554 774 692 808 Patris,tu
709 773 824 801 dolores
835 773 939 801 mortis
962 771 1084 806 solvisti,

262 824 362 859 portas
378 829 466 849 aareas
495 821 524 848 et
545 821 641 847 vectes
662 818 770 846 ferreos
786 817 965 853 confregisti,
982 824 1085 852 quem-

263 866 422 894 admodum
439 864 480 892 ait
489 863 648 899 Scriptura.
670 863 712 890 Tu
742 862 898 890 draconem
920 862 1084 896 serpentem

263 910 423 944 diabolum,
439 909 527 936 hamo
551 906 751 942 circumegisti
779 905 963 940 humano,’in
978 907 1086 941 tropaeo

261 955 365 982 crucis.
384 957 436 981 Per
462 957 488 980 tc
517 957 656 986 tuamque
672 950 802 978 divinam
818 950 966 983 virtutem,
983 957 1085 977 omnes

261 1008 327 1027 eum
345 999 467 1028 calcant,
499 1005 600 1024 omnes
617 996 641 1022 ei
659 995 797 1022 illudunt.
815 994 855 1022 ’l’e
877 994 955 1021 enim
971 993 995 1021 ei
1026 993 1086 1029 pri-

262 1051 342 1070 mum
356 1044 506 1075 illudcnte,
535 1041 650 1068 initium
674 1041 815 1067 creaturae
831 1038 946 1066 Domini
976 1037 1085 1073 incepit

262 1095 336 1122 esse,
354 1087 474 1114 conditae
491 1086 525 1113 ad
539 1086 563 1112 ei
581 1084 776 1111 illudendum.
792 1084 832 1111 Te
848 1082 930 1110 illum
956 1084 1083 1118 proster-

264 1134 361 1164 nente,
377 1140 421 1158 res
438 1130 580 1157 mirabilis
594 1129 654 1155 visu
670 1127 806 1155 omnibus
822 1129 876 1163 est,
894 1129 927 1154 ut
941 1126 1082 1154 dicerent:

264 1176 444 1208 «Quomodo
470 1175 573 1201 cecidit
598 1174 632 1199 dc
655 1172 725 1199 coelo
759 1172 883 1204 Lucifer,
909 1171 960 1206 qui
997 1178 1085 1198 mane

262 1221 411 1248 oriebatur
422 1220 431 1236 υ
448 1219 461 1245 ‘I
479 1230 491 1243 n
506 1219 545 1245 Te
556 1218 714 1252 accipiente
728 1216 765 1244 ab
788 1216 838 1243 illo
856 1215 1084 1251 chirographum

262 1266 417 1293 adversum
434 1272 487 1290 nos
504 1264 663 1294 exaratum,
680 1261 874 1297 affigenteque
901 1259 974 1287 illud
994 1259 1083 1293 cruci,

263 1309 389 1336 ludibrio
404 1308 488 1335 illum
505 1307 611 1334 habent
642 1305 779 1338 universi,
809 1305 959 1337 dicentes:
973 1314 988 1329 «
1012 1305 1086 1337 Quo-

265 1354 351 1381 modo
367 1352 491 1380 cessavit
506 1349 745 1385 exactor,quievit
759 1348 934 1376 accelerator
950 1349 961 1375 ἱ)
975 1348 1084 1376 contri-

261 1399 301 1426 vit
315 1401 389 1425 Deus
402 1398 507 1432 jugum
522 1398 716 1431 peccatorum.
732 1393 797 1421 Jam
811 1393 889 1420 enim
905 1392 930 1420 ei
955 1393 1084 1420 substep

263 1443 343 1470 nitur
359 1442 522 1477 putredo,et
538 1441 754 1474 operimentum
777 1438 840 1473 ejus
868 1437 994 1465 efficitur
1022 1445 1084 1465 ver-

260 1487 316 1514 mis
334 1487 364 1513 m.
383 1498 396 1511 »
413 1486 469 1512 Nec
486 1487 530 1512 est
545 1484 619 1511 ultra
636 1483 685 1518 qui
710 1483 866 1510 draconem
896 1481 1083 1515 reformidet;

263 1532 312 1558 sed
331 1534 367 1564 te,
385 1532 413 1557 et
429 1538 478 1564 per
494 1531 520 1555 te
538 1531 650 1555 Patrem
667 1528 799 1554 odorant.

1140 285 1324 321 κατήργησας.
1350 283 1467 311 Πλούσιι
1493 288 1591 323 Σωτὴρ
1616 288 1661 313 καί
1689 285 1801 320 ἀληθῶς
1839 286 1967 324 βασιλεῦ-

1141 328 1172 355 ob
1184 328 1236 366 γὰρ
1258 328 1441 366 ἐπτώχευσας,
1463 328 1509 356 ’ίνα
1531 331 1565 366 τῇ
1591 333 1625 365 σῆ
1641 330 1778 368 πτεωχείᾳ
1793 329 1961 366 πλουτήσω-

1142 382 1200 409 μεν’
1224 372 1255 400 σὺ
1277 373 1320 400 καὶ
1347 373 1396 407 τήν
1424 373 1561 411 βασιλείαν
1587 375 1655 410 ἡμῖν
1680 377 1733 402 τῶν
1762 374 1881 413 οὐρανῶν
1898 374 1965 413 ἐχα-

1140 417 1218 455 ρίσω,
1243 417 1335 444 κτίστα
1358 417 1402 444 καὶ
1430 416 1585 456 δημιουργὲ
1606 422 1661 446 τῶν
1685 420 1804 454 πάντων,
1830 420 1899 458 Λόγι
1913 422 1964 448 τοῖ’»

1141 461 1253 500 Πατρός·
1271 462 1302 489 σὺ
1317 462 1367 499 γὰρ
1383 461 1465 489 πάλιν
1480 464 1555 499 ἡμᾶς
1568 463 1715 499 ἀνέκτισας,
1741 465 1785 491 καὶ
1810 475 1857 492 σου
1879 466 1964 500 ποιή-

1141 507 1211 542 ματά
1226 506 1316 542 ἐσμεν,
1332 507 1481 538 κτισθέντες
1492 507 1535 535 ἐπὶ
1551 506 1639 546 ἔργοις
1659 508 1781 546 ἀγαθοῖς.
1807 511 1869 539 Φῶς
1892 508 1968 544 ἀλη-

1138 551 1191 581 θῶς
1216 551 1261 578 καὶ
1284 550 1448 588 ἀπαύγασμα
1470 553 1519 578 τοῦ
1546 552 1661 590 Πατρός·
1693 552 1725 580 σὺ
1758 552 1809 590 γὰρ
1834 554 1908 589 ἡμᾶς
1939 553 1968 580 ἐν

1139 594 1228 622 σκότει
1251 594 1436 632 κατέλαμψας,
1465 596 1509 623 καὶ
1537 597 1573 632 μή
1592 596 1738 634 βλέπονται
1755 599 1829 633 ἡμᾶς
1845 601 1884 628 τις
1902 600 1962 636 φῶς

1139 639 1252 677 ἤγαγες.
1279 640 1376 678 Μορφὴ
1397 640 1441 667 καὶ
1458 640 1537 667 εἶ’κὼν
1553 638 1639 672 ὄντως
1654 644 1703 669 τοῦ
1719 642 1834 679 Πατρός·
1865 642 1897 669 σὺ
1911 643 1964 680 γὰρ

1139 685 1212 720 ἡμᾶς
1228 683 1437 715 ἀπολλυμένους
1542 684 1716 724 ἐμόρφωσας,
1741 686 1786 713 καὶ
1801 685 1882 714 πάλιν
1897 686 1965 724 ἒχα·

1140 727 1208 766 ρίσω
1231 727 1262 755 τὸ
1288 728 1346 755 κατ’
1370 728 1469 757 εἰκόνα.
1495 730 1543 757 Θεὶ
1566 730 1637 768 Λόγι
1650 730 1694 757 καὶ
1710 730 1820 766 ἀληθῶς
1834 732 1901 766 ζωή
1933 731 1966 758 σὺ

1139 772 1189 810 γὰρ
1214 772 1397 804 ἀποθανόντας
1426 773 1625 809 ὶζωοποίησας,
1654 775 1699 802 καὶ
1729 774 1875 813 φθαρέντας
1899 776 1966 803 ἀνε-

1139 817 1272 852 καίνισας,
1296 816 1407 849 ἐνδύσας
1430 819 1479 852 τήν
1502 818 1659 857 ἀφθαρσίαν.
1690 819 1811 856 Δύναμις
1839 819 1965 855 άληθῶς,

1140 860 1185 888 καὶ
1211 861 1345 899 βραχίων,
1368 861 1413 889 καὶ
1437 861 1508 897 δεξιὰ
1535 865 1583 890 τοῦ
1607 863 1722 900 Πατρός·
1740 863 1772 891 σὺ
1788 864 1840 902 γὰρ
1853 864 1899 891 καὶ
1914 866 1965 895 τὰς

1141 904 1239 937 ὠδῖνας
1255 904 1351 937 ἴλυσας
1365 908 1414 934 τοῦ
1429 907 1553 942 θανάτου,
1569 906 1649 945 θύρας
1664 906 1770 945 χαλκᾶς
1781 908 1825 935 καὶ
1838 907 1967 946 μοχλοὺς

1141 947 1269 987 σιδηροῦς
1293 950 1432 985 κατέαξας,
1457 950 1494 981 ὡς
1519 952 1536 985 ἡ
1560 952 1651 990 Γραφή
1677 950 1760 990 λέγει.
1778 952 1816 979 Σὺ
1844 953 1889 979 καὶ
1917 953 1966 980 τὸν

1141 992 1273 1031 δράκοντα
1297 996 1363 1031 (61),
1388 995 1434 1022 τὸν
1455 992 1527 1033 ὅφιν,
1541 995 1587 1023 τὸν
1605 993 1745 1031 διάϐολον,
1762 996 1787 1023 ἐν
1801 996 1968 1034 ἀνθρωπίνῳ

1139 1038 1274 1076 ἀγκίστρῳ
1297 1039 1459 1076 περιήγαγες
1482 1039 1507 1066 ἐν
1534 1042 1574 1076 τῷ
1610 1040 1732 1076 τροπαίῳ
1759 1043 1808 1068 τοῦ
1836 1044 1965 1079 σταυροῦ.

1140 1082 1187 1109 Ali
1213 1082 1241 1109 σὶ
1263 1082 1308 1109 καὶ
1330 1084 1380 1117 τὴν
1401 1084 1450 1117 σῆν
1482 1083 1554 1115 Θείαν
1588 1083 1762 1122 ἀνδραγαθίαν
1790 1085 1887 1116 πάντες
1916 1086 1968 1122 μὲν

1138 1126 1218 1154 αὐτὸν
1242 1129 1366 1160 πατοῦσι,
1391 1128 1488 1158 πάντες
1512 1127 1542 1156 δὲ
1563 1128 1645 1156 αὐτοῦ
1669 1129 1873 1164 καταπαίζουσι.
1909 1133 1967 1157 Σοῦ

1138 1172 1188 1209 γὰρ
1204 1171 1314 1208 πρώτου
1329 1172 1471 1208 παίξαντος
1488 1172 1525 1203 εἷς
1541 1172 1634 1207 αὐτὸν,
1657 1173 1748 1211 γέγονε
1763 1173 1860 1201 λοιπὸν
1888 1174 1965 1212 ἀρχῆ

1138 1215 1298 1252 πλάσματος
1325 1216 1435 1253 Κυρίου,
1462 1218 1649 1253 πεποιημένου
1678 1217 1715 1248 εἷς
1742 1218 1773 1245 τὸ
1801 1218 1969 1253 καταπτήξε-

1139 1260 1209 1287 σθαι.
1236 1259 1284 1287 Καὶ
1309 1258 1357 1287 σοῦ
1380 1260 1475 1288 τοῦτον
1492 1259 1694 1292 καταϐαλόντος
1710 1263 1777 1299 (62),
1793 1264 1885 1301 γέγονι
1899 1266 1969 1290 πᾶσι

1139 1304 1237 1340 θαῦμα,
1255 1304 1323 1331 ὥστε
1337 1304 1382 1332 καὶ
1396 1304 1494 1343 λέγειν·
1509 1318 1523 1331 ‹‹
1542 1308 1603 1337 Πῶς
1619 1305 1738 1342 ἐξέπεσεν
1755 1306 1784 1334 ἐκ
1807 1310 1855 1334 τοῦ
1882 1307 1968 1345 ούραο

1138 1350 1187 1375 νοῦ
1202 1348 1216 1375 ὁ
1229 1346 1384 1387 Ἑωσφόρος
1400 1350 1413 1376 ὁ
1429 1350 1502 1387 πρωῒ
1517 1349 1671 1378 ἀνατέλλων
1688 1360 1694 1384 ;
1714 1351 1787 1377 »Καὶ
1802 1353 1851 1378 σοῦ
1864 1349 1967 1379 λαϐόν-

1138 1402 1184 1423 τος
1199 1393 1262 1429 παρ’
1278 1392 1358 1420 αὐτοῦ
1373 1393 1404 1420 τὸ
1419 1394 1476 1420 καθ’
1492 1395 1571 1430 ἡμῶν
1588 1394 1784 1434 χειρόγραφον,
1809 1395 1853 1422 καὶ
1876 1405 1967 1433 προς-

1140 1436 1298 1472 ηλώσαντος
1323 1437 1388 1465 αὐτὸ
1411 1440 1450 1474 τῷ
1471 1441 1588 1476 σταυρῷ,
1613 1438 1708 1470 πάντες
1727 1440 1784 1466 κατ’
1807 1439 1890 1467 αὐτοῦ
1914 1451 1969 1467 κα-

1140 1484 1337 1518 τακερτομοῦσι
1361 1483 1418 1516 (63)
1447 1481 1584 1516 λέγοντες
1611 1495 1624 1509 (ι
1655 1486 1716 1514 Πῶς
1742 1484 1923 1512 ἀναπέπαυται
1955 1485 1971 1512 δ

1141 1525 1282 1560 ἆπαιτῶν;
1316 1526 1361 1553 καὶ
1386 1526 1567 1554 ἀναπέπαυται
1597 1528 1611 1554 ὁ
1640 1526 1875 1563 ἐπισπουδαστής;
1908 1539 1972 1556 συν-

264 1573 369 1610 ἑτριψεν
388 1574 401 1599 ὁ
418 1573 480 1602 Θεὸς
498 1573 542 1598 τὸν
569 1572 645 1608 ζυ-ίὲιν
668 1573 720 1597 τῶν
740 1570 922 1608 ἁμαρτωλῶν.
949 1570 1050 1596 Λοιπὸν
1074 1569 1125 1608 γὰρ
1143 1570 1270 1597 ὑποκάτω
1285 1570 1367 1597 αὑτοῦ
1383 1571 1548 1608 στρώννυται
1577 1573 1670 1608 σῆψις,
1687 1572 1731 1599 καὶ
1747 1572 1777 1599 τὸ
1792 1572 1972 1609 κατακάλυμ,

267 1629 304 1654 μα
333 1619 360 1653 (6
368 1619 387 1651 ἱ)
405 1616 485 1643 αὐτοῦ
500 1616 600 1653 γίνεται
617 1615 736 1650 σκώληξ,
751 1627 762 1642 ι
780 1614 824 1642 καὶ
838 1614 935 1645 πάντες
952 1613 1040 1641 οὐκέτι
1064 1614 1109 1641 τὸν
1137 1612 1269 1651 δράκοντα
1284 1612 1441 1652 φοϐοῦνται,
1458 1614 1530 1643 ἀλλᾶ
1544 1616 1583 1651 σὲ,
1599 1616 1643 1643 καὶ
1660 1615 1704 1643 διὰ
1719 1618 1767 1644 σοῦ
1794 1618 1840 1644 τὸν
1863 1617 1973 1655 Πατέρα

263 1664 469 1700 προσκυνοῦσιν,

301 1708 345 1735 3‘3.
362 1707 406 1734 Sic
423 1714 577 1740 resurgens
592 1705 744 1738 Dominus,
757 1704 856 1732 statim
874 1703 959 1731 morti
982 1702 1084 1738 illusitl

1177 1704 1222 1731 32.
1239 1702 1316 1730 Οὕτω
1334 1703 1380 1740 μὶν
1397 1703 1442 1730 οὗν
1454 1704 1468 1730 ὁ
1485 1703 1581 1739 Κύριος
1597 1703 1748 1740 ἐξαναστὰς,
1763 1706 1870 1743 ταχέως
1883 1706 1969 1734 κατὲ-

267 1760 377 1787 nosque
394 1752 430 1778 ab
442 1759 475 1777 ea
492 1748 731 1777 liberavitJudzei
743 1750 840 1776 autem
852 1756 887 1775 ne
902 1747 959 1776 ista
968 1748 1086 1783 quidem

262 1797 394 1825 videntes
425 1795 533 1830 puriore
564 1796 632 1820 sunt
663 1792 766 1827 affecti,
790 1792 958 1828 ignorantes
974 1800 1006 1819 se
1032 1792 1088 1819 ista

261 1843 362 1869 contra
378 1839 557 1867 Salvatorem
576 1846 674 1870 ausos,
699 1836 854 1864 adversum
883 1844 946 1864 sese
961 1843 995 1864 ea
1022 1836 1088 1871 ipsa

260 1886 365 1914 moliri.
397 1884 459 1911 Non
484 1883 623 1910 videbant
652 1881 760 1916 quippe
793 1889 824 1909 se
848 1880 1006 1908 Dominum
1034 1880 1082 1908 81

257 1930 410 1961 tradendo,
430 1927 617 1955 traditionem
646 1925 811 1953 Jerusalem
841 1933 1008 1961 provocare,
1042 1925 1086 1952 di-

259 1977 339 2002 cente
355 1973 500 2000 llieremia
512 1970 853 2007 prophetazuTraditione
862 1970 993 1997 tradetur
1002 1969 1085 1998 Jeru~

261 2019 351 2046 salem
362 2018 390 2044 in
404 2025 509 2043 manus
516 2015 782 2042 Nabuchodonosor
790 2014 866 2050 regis
873 2013 1084 2050 Babylonis“.»

262 2065 363 2097 Neque
378 2062 566 2087 advertebant
591 2060 722 2086 nolentes
746 2059 869 2086 Domino
890 2059 1007 2093 servire,
1021 2066 1086 2086 sese

263 2106 379 2134 diabolo
394 2105 422 2131 in
440 2112 537 2131 servos
563 2104 717 2136 subjicere,
728 2103 842 2138 ipsique
866 2103 1033 2131 ministrare
1048 2103 1085 2130 ad

262 2150 386 2178 insidias
399 2150 538 2176 adversus
568 2147 727 2174 Christum.
756 2147 931 2183 ignorabant
945 2147 1023 2175 enim
1054 2155 1085 2175 se

260 2194 422 2222 Barabbam
441 2191 624 2228 postulando,
636 2194 722 2226 atque
738 2191 890 2219 Dominum
915 2191 1083 2226 occidendo,

261 2239 399 2266 Barabbae
412 2237 499 2264 vitam
525 2238 640 2263 acturos
657 2243 729 2269 esse,
757 2243 903 2270 omneque
931 2234 1085 2263 seditionis

260 2284 406 2317 caedisque
422 2290 515 2317 genus
533 2281 609 2315 apud
626 2288 656 2307 se
674 2279 841 2315 augendum
859 2280 1021 2314 fore,atque
1038 2287 1084 2306 re-

258 2328 380 2364 pudiare
394 2335 424 2354 se
440 2326 534 2352 lucem
550 2327 577 2352 et
590 2324 786 2356 veritatem,et
800 2323 942 2359 quidquid
959 2326 1005 2351 est
1029 2323 1084 2351 Do-

259 2373 405 2406 minus,ut
422 2372 461 2398 ait
485 2370 598 2397 Isaias:
628 2381 639 2392 «ι
658 2369 729 2396 Ecce
753 2367 920 2395 dominator
944 2368 1084 2395 Dominus

257 2416 394 2450 Sabaoth,
412 2416 523 2442 auferet
539 2423 555 2441 a
569 2414 683 2446 Judsm,
697 2415 725 2440 et
736 2421 753 2439 a
766 2412 940 2445 Jerusalem,
952 2411 1081 2440 validum

259 2464 287 2488 et
302 2460 440 2490 validam,
456 2459 545 2485 robur
572 2457 655 2492 panis
679 2458 707 2483 et
722 2456 812 2483 robur
826 2464 917 2491 aquas,
934 2455 1083 2491 gigantem

259 2508 287 2532 et
301 2506 415 2538 fortem,
431 2502 593 2538 principem
612 2504 639 2527 et
656 2500 836 2532 bellatorem,
863 2501 891 2527 et
902 2500 1032 2535 judicem
1056 2502 1085 2528 et

259 2549 430 2586 prophetam
447 2549 475 2574 et
490 2546 614 2573 ariolum
630 2548 657 2572 et
673 2552 783 2580 senem,
799 2544 1084 2581 quinquagenarium

1141 1747 1218 1782 παιξι
1239 1749 1288 1774 τοῦ
1313 1748 1437 1783 θανάτου,
1463 1748 1507 1775 καὶ
1536 1749 1610 1784 ἡμᾶς
1630 1748 1815 1787 ἠλευθέρωσαν
1845 1750 1889 1777 ἀπ’
1920 1750 1969 1777 αὖ·

1140 1793 1199 1820 τοῦ,
1225 1790 1352 1820 Ἰουδαῖοι
1378 1791 1416 1828 δὶ,
1441 1791 1503 1819 οὐδὲ
1526 1792 1609 1820 ταῦτα
1625 1792 1785 1830 βλέποντες,
1800 1794 1967 1832 ᾐσχύνοντο,

1141 1835 1213 1863 ἀλλὰ
1227 1836 1271 1863 καὶ
1296 1836 1411 1874 ἠγνόουν
1436 1836 1594 1873 τολμῶντες
1619 1838 1686 1864 κατά
1700 1840 1750 1865 τοῦ
1766 1841 1908 1876 Σωτῆρος,
1924 1838 1968 1867 δτι

1140 1881 1199 1907 καθ’
1236 1880 1335 1908 ἑαυτῶν
1375 1880 1533 1918 ἐπεχείρουν
1562 1884 1656 1910 ταῦτα.
1685 1881 1740 1910 Ούκ
1768 1880 1883 1910 ἔϐλεπον
1913 1884 1967 1921 γὰρ

1140 1923 1334 1962 παραδιδόντες
1354 1926 1400 1952 τὸν
1424 1925 1534 1963 Κύριον,
1560 1925 1601 1953 ὅτι
1630 1926 1679 1960 τὴν
1705 1930 1756 1962 τῆς
1783 1923 1968 1965 Ἰερουσαλὴμ.

1140 1968 1287 2006 παράδοσιν
1311 1969 1525 2007 προκαλοῦνται,
1551 1969 1680 2008 λέγοντος
1700 1973 1748 1998 τοῦ
1761 1973 1905 2010 προφήτου
1922 1974 1970 2000 Ίε-

1141 2013 1247 2050 ρεμίου·
1276 2026 1290 2039 ‹‹
1315 2013 1520 2051 Παραδιδομένῃ
1545 2014 1762 2051 παραδοθήσεται
1784 2016 1969 2054 Ἰιρουσαλήμ

1140 2056 1178 2088 εἷς
1194 2060 1289 2095 χεῖρας
1314 2055 1567 2097 Ναϐουχοδονόσωρ
1594 2059 1730 2097 βασιλέως
1760 2058 1932 2092 Βαϐυλῶνος.
1950 2072 1966 2087 η

1140 2101 1189 2128 Καὶ
1215 2102 1264 2129 οὐκ
1285 2100 1413 2136 ἔϐλεπον,
1440 2102 1492 2138 ὅτι,
1512 2104 1549 2140 μὴ
1567 2103 1690 2135 θέλοντες
1705 2103 1844 2132 δουλεύειν
1857 2107 1896 2141 τῷ
1911 2108 1965 2132 Κυ-

1140 2145 1201 2183 ρίῳ,
1228 2143 1382 2174 ὑπέϐαλλον
1411 2146 1521 2178 ἑαυτοὺς
1551 2150 1592 2183 τῷ
1617 2145 1739 2185 διαϐόλῳ
1764 2147 1890 2183 δούλους,
1920 2148 1968 2176 καὶ

1140 2190 1292 2227 ὑπηρέτουν
1315 2190 1388 2227 αύτῷ
1413 2191 1451 2222 εἷς
1473 2192 1523 2226 τήν
1548 2192 1615 2219 κατὰ
1628 2194 1678 2220 τοῦ
1694 2196 1834 2231 Σωτῆρος,
1851 2190 1967 2220 ἐπιϐου-

1140 2233 1203 2269 λήν.
1220 2234 1345 2272 Ἠγνόουν
1357 2235 1408 2273 γὰρ
1426 2235 1472 2262 τὸν
1489 2233 1632 2273 Βαραϐϐᾶν
1660 2236 1831 2274 αἰτούμενοι,
1859 2237 1903 2264 καὶ
1919 2238 1966 2264 τὸν

1139 2278 1236 2316 Κύριον
1252 2279 1462 2314 ἀποκτείνοντες,
1480 2279 1520 2307 ὅτι
1536 2279 1582 2307 τόν
1601 2281 1647 2317 μὶν
1671 2280 1730 2318 βίον
1749 2281 1892 2318 βιώσονται
1917 2283 1967 2308 τοῦ

1138 2320 1277 2360 Βαραϐϐᾶ,
1305 2323 1350 2350 καὶ
1379 2327 1451 2351 πᾶσα
1473 2323 1563 2353 στάσις
1591 2325 1635 2352 καὶ
1665 2325 1745 2363 φόνος
1782 2329 1845 2364 παρ’
1873 2325 1968 2356 αὐτοῖς

1138 2366 1256 2402 αύξήσιι·
1284 2365 1453 2395 ἀποϐαλοῦσι
1470 2367 1498 2395 δὲ
1513 2369 1557 2407 ἀφ’
1572 2369 1673 2397 ἑαυτῶν
1696 2370 1727 2397 τὸ
1753 2372 1810 2409 φῶς
1839 2370 1885 2397 καὶ
1915 2370 1965 2404 τήν

1138 2411 1279 2446 ἀλήθειαν,
1295 2412 1339 2439 καὶ
1355 2413 1439 2440 πάντα
1454 2412 1502 2440 ὅσα
1517 2413 1587 2441 ἐστὶν
1602 2413 1615 2440 ὀ
1633 2413 1742 2451 Κύριος,
1760 2414 1797 2445 ὡς
1819 2415 1833 2441 ὁ
1856 2413 1967 2446 Ἡσαΐας

1139 2455 1222 2493 λέγει(
1249 2468 1263 2481 ι(
1289 2455 1359 2484 Ἰδοὺ
1384 2455 1417 2491 δὴ
1433 2457 1447 2484 ὁ
1464 2456 1595 2492 δεσπότης
1612 2458 1710 2495 Κύριος
1727 2456 1854 2493 Σαϐαὼθ,
1870 2458 1967 2496 ἀφελεῖ

1140 2499 1193 2527 ἀπὸ
1207 2504 1257 2535 τῆς
1273 2499 1404 2532 Ἰουδαίας
1425 2501 1469 2528 καὶ
1487 2500 1539 2528 ἀπὸ
1562 2502 1744 2539 Ἰερουσαλὴμ
1759 2502 1892 2539 ἰσχύοντα
1920 2503 1966 2530 καὶ

1140 2544 1299 2582 ἰσχύουσαν,
1330 2545 1408 2583 ἰσχὺν
1438 2545 1521 2584 ἃρτου
1549 2546 1593 2573 καὶ
1622 2546 1700 2584 ἰσχὺν
1720 2545 1827 2582 ὕδατος,
1855 2547 1967 2585 γίγαντα

294 2646 349 2673 Isa.
387 2651 443 2671 xxv.
484 2641 565 2668 12.”
604 2639 688 2674 lbid.,
724 2639 753 2675 5,
790 2639 818 2674 4,
856 2640 900 2667 11.
939 2639 1188 2674 “Jerem.xxxn,
1227 2641 1254 2668 4.

306 2731 351 2765 60)
367 2728 486 2765 Regius,
503 2724 610 2765 ἀπολλυ
616 2725 723 2765 μένους.

306 2731 341 2758 60
367 2731 486 2765 Regius,
503 2731 723 2760 απολλομενους.

288 2731 351 2840 ἑωέ
365 2765 412 2791 Τὸν
427 2762 661 2807 ⁵δραὶιωνιιιιιρίξεθειὶ
676 2761 705 2788 in
721 2760 895 2797 Anglicano.

300 2802 340 2831 *Ἦ
363 2804 482 2840 _Reglus,
499 2796 726 2838 καταοαλλοντος,

68 2787 152 3004 ἓ
215 2835 218 2837 Δ
261 2787 351 2840 --ιλῖέί
363 2787 726 2837 Ἴκαταϐοἱλλοντος,

100 2847 123 2867 ,νε
151 2868 155 2869 γ
170 2870 176 2876 __
190 2858 192 2860 .
348 2835 484 2873 "Regius,
500 2834 662 2872 κιρτομοῦσι
672 2854 677 2859 .

100 2847 123 2873 ,σε
151 2868 155 2869 ν
174 2870 176 2872 _
190 2858 192 2860 _
340 2835 484 2873 “ﬂagitas,
500 2835 662 2872 χιρτομοῦσι
672 2854 677 2859 .

1170 2726 1227 2765 ςβᾲ)
1242 2725 1423 2765 Basiliensis,
1452 2724 1619 2765 κᾴλυμμαᾼ
1637 2728 1757 2765 Regius,
1785 2728 1968 2765 κατάλυμμᾳ.

1140 2761 1409 2833 ,κατάλυμοθ
1435 2764 1486 2791 sed
1515 2761 1764 2800 legendum-cum
1780 2764 1819 2801 0',
1844 2761 1968 2791 κατακά-
