4372 6214
494 404 615 466 Ωιι

1553 403 1655 464 DE
1698 402 2085 465 PASSIONE
2128 405 2229 469 ET
2274 405 2525 467 CRUCE
2569 408 2867 469 DOMINI.

3800 415 3921 478 242

488 537 589 591 καὶ
626 534 915 613 ἰσχύοντα,
945 535 1035 589 καὶ
1067 530 1304 611 ἄρχοντα
1350 532 1711 608 πολεμιστὴν,
1742 535 1831 591 καὶ
1882 534 2130 606 δικαστὴν

2241 597 2246 604 _
2274 541 2333 593 et
2361 538 2766 596 admirabilem
2798 542 3222 612 consiliarium,
3246 550 3305 601 et
3325 545 3650 618 sapientem
3677 548 3921 605 archite-

496 626 592 682 καὶ
646 628 967 705 προφήτην,
996 625 1086 680 καὶ
1141 626 1473 700 στοχαστὴν,
1502 624 1593 679 καὶ
1643 621 2026 701 πρεσϐύτερον,
2074 623 2163 680 καὶ

492 717 1004 790 πεντηκόνταρχον,
1049 716 1138 769 καὶ
1186 715 1490 786 θαυμαστὸν
1542 710 1876 787 σύμϐουλον,
1934 715 2022 769 καὶ
2068 736 2164 770 σο-

498 807 601 883 φὸν
665 804 1048 882 ἀρχιτέκτονα,
1098 804 1187 858 καὶ
1254 803 1470 857 συνετὸν
1545 805 1831 878 ἀκροατήν.
1887 804 1985 858 Καὶ
2043 803 2161 859 ἐπι-

497 896 695 965 στήσω
755 892 1059 955 νεανίσκους
1106 891 1382 968 νηᾶρχοντας
1455 892 1651 958 αὐτῶν,
1700 894 1788 946 καὶ
1869 893 2160 965 ἐμπαῖκται

495 982 879 1059 κυριεύσουσιν
930 980 1124 1036 αὐτῶν.
1180 1002 1200 1029 ι
1250 981 1558 1049 Ἑνὲπαιζον
1604 981 1703 1055 γὰρ
1755 982 1805 1034 οἱ
1846 980 2026 1035 ἄθλιοι
2083 986 2162 1053 τῷ

496 1070 714 1145 Κυρίῳ,
744 1070 832 1125 καὶ
863 1068 962 1124 οὐκ
1007 1062 1261 1134 ἔϐλεπον,
1300 1068 1380 1122 ὅτι
1430 1069 1493 1123 τὸ
1536 1068 1877 1146 προφητικὸν
1923 1070 2039 1123 κατ’
2066 1068 2158 1124 αὐ·-

488 1164 603 1214 τῶν
638 1157 954 1234 ἐπληροῦτο
988 1156 1153 1230 ῥητὸν
1182 1157 1246 1211 τὸ
1283 1156 1465 1231 λέγον·
1500 1182 1527 1209 ‹‹
1562 1159 1891 1231 Ἐμπαῖκται
1943 1156 2157 1233 κυριεύ-

490 1268 680 1303 σουσιν
734 1246 930 1304 αὐτῶν.
991 1268 1013 1298 ι
1068 1250 1238 1299 Τοῦτο
1286 1246 1387 1321 γὰρ
1438 1246 1547 1301 ἐστι
1595 1246 1659 1300 τὸ
1708 1244 2009 1321 παράδοξον
2060 1250 2158 1301 τοῦ

487 1342 783 1411 Σωτῆρος,
847 1333 928 1389 ὅτι
988 1334 1385 1408 σταυρούμενος
1446 1332 1653 1410 ἔπασχε
1710 1335 1803 1407 μὲν
1876 1335 2007 1410 ὑπὲρ
2054 1340 2155 1403 τῆς

481 1423 937 1500 ἀνθρωπότητος,
985 1422 1272 1493 κατέπαιξε
1320 1420 1378 1478 δὲ
1425 1428 1522 1478 τοῦ
1573 1424 1825 1493 Θανάτου,
1883 1425 1974 1478 καὶ
2020 1425 2154 1479 κατὰ

480 1511 775 1570 Ἰουδαίων
811 1512 1121 1589 ἐπληροῦτο
1170 1514 1236 1567 τὰ
1277 1513 1644 1588 γεγραμμένα.
1676 1515 1799 1569 ’Ὁτι
1848 1509 1906 1567 δὲ
1952 1512 2041 1567 καὶ
2090 1513 2153 1567 τὸ

480 1607 600 1680 φῶς
652 1602 935 1680 ἀφῄρηται
993 1603 1084 1655 ἀπ’
1135 1601 1332 1675 αὐτῶν,
1364 1602 1667 1677 γέγραπται
1717 1600 1768 1655 ἐν
1815 1602 1895 1673 τῷ
1924 1600 2154 1677 Ἱερεμίᾳ

473 1690 683 1754 οὕτως’
734 1715 764 1743 ‹‹
814 1696 869 1744 ‘0
929 1690 1105 1766 Λόγος
1165 1691 1192 1744 ὁ
1253 1690 1545 1765 γενόμενος
1604 1690 1689 1745 ἐπὶ
1746 1690 2007 1766 Ἰερεμίαν
2059 1688 2150 1744 ἐπὶ

464 1780 650 1837 πάντα
722 1781 814 1835 τὸν
902 1778 1031 1835 λαὸν
1093 1776 1288 1836 Ἰούδα.
1354 1804 1383 1831 n
1440 1779 1571 1835 Εἶτα
1647 1779 1884 1857 ἐπιφέρει
1950 1777 2144 1855 λέγων·

476 1893 507 1921 (ι
538 1870 769 1949 Ἀφελῶ
824 1869 916 1923 ἀπ’
954 1867 1130 1923 αὐτῶν
1180 1870 1365 1945 φωνὴν
1416 1868 1773 1946 εὐφροσύνης,
1823 1869 1911 1922 καὶ
1964 1869 2146 1944 φωνὴν

479 1964 691 2035 χαρᾶς,
746 1958 930 2036 φωνὴν
985 1956 1220 2035 νυμφίου
1272 1956 1363 2011 καὶ
1422 1958 1605 2033 φωνὴν
1669 1959 1911 2034 νύμφης,
1962 1956 2137 2030 όσμὴν

480 2048 664 2122 μύρου
710 2046 799 2103 καὶ
848 2051 960 2123 φῶς
1021 2045 1245 2123 λύχνου.
1299 2069 1326 2097 ››
1368 2044 1593 2119 Ἀμὲλει
1652 2042 1973 2122 παρεδίδουν
2020 2050 2139 2109 τοῖς

474 2134 655 2193 ἔθνεσι
709 2137 799 2191 τὸν
852 2134 1069 2210 Κύριον,
1122 2135 1211 2191 καὶ
1259 2136 1357 2191 οὐκ
1402 2131 1640 2210 ᾔδεισαν,
1691 2132 1818 2190 ἀλλ’
1865 2134 2137 2213 ὲτύφλωτ-

468 2247 589 2296 τον,
634 2224 717 2281 ὅτι
767 2225 919 2281 αὐτοὶ
980 2224 1041 2280 οὗ
1099 2226 1234 2297 μετὰ
1278 2224 1424 2281 πολὺ
1477 2226 1862 2297 μιανθήσονται
1916 2224 1968 2279 ἐν
2016 2230 2133 2287 τοῖς

472 2312 653 2379 ἔθνεσι
702 2314 793 2369 καὶ
844 2313 923 2376 εἷς
972 2315 1069 2382 τήν
1120 2313 1494 2388 κληρονομίαν
1535 2312 1707 2368 αὐτῶν
1741 2312 2132 2370 εἰσελεύσονται

469 2403 594 2457 κατ’
626 2401 798 2457 αὐτῶν
846 2404 911 2456 τὰ
964 2399 1110 2471 ἔθνη,
1139 2404 1379 2477 καθάπερ
1424 2402 1742 2478 γέγραπται·
1796 2425 1824 2457 α
1867 2403 1929 2460 Ὁ
1977 2404 2129 2473 Θεὸς,

472 2487 801 2559 εἷσήλθοσαν
863 2487 988 2559 ἔθνη
1040 2490 1117 2552 εἷς
1161 2492 1259 2559 τήν
1311 2490 1686 2567 κληρονομίαν
1738 2511 1855 2558 σου,
1910 2490 2126 2563 ὶμίανον

472 2578 571 2633 τὸν
606 2578 730 2633 ναὸν
765 2580 852 2634 τὸν
886 2578 1039 2653 ἅγιόν
1072 2600 1188 2648 σου,
1214 2574 1390 2634 ἔθεντο
1420 2580 1781 2653 Ἰερουσαλὴμ
1809 2578 1886 2641 εἰς
1921 2578 2130 2655 ὀπωρο-

475 2665 766 2744 φυλάκιον.
802 2691 829 2718 )›
880 2667 1230 2743 Ἀρνούμενοι
1272 2667 1365 2722 τὸν
1424 2666 1618 2742 Κύριον
1672 2662 1816 2743 ἔχειν
1880 2666 2123 2743 βασιλέα,

472 2756 716 2830 ἠγνόουν
772 2756 1177 2830 περισχόμενοι
1242 2762 1342 2825 τῆς
1404 2750 1695 2826 Δαϐιτικῆς
1938 2760 2122 2829 τιμῆς.

476 2844 642 2918 Αύτῷ
671 2848 773 2921 γὰρ
824 2847 1073 2901 ἀπέκειτο
1110 2849 1207 2900 τοῦ
1256 2840 1420 2900 Δαόὶδ
1450 2848 1483 2915 ἡ
1521 2843 1786 2921 βασιλεία,
1821 2847 1909 2901 καὶ
1957 2846 2121 2923 μέχρι

472 2941 575 3004 τῆς
608 2934 915 3012 ἆπιφανείας
945 2939 1041 2989 τοῦ
1092 2941 1351 3009 Σωτῆρος
1400 2933 1618 3011 ἔφθανεν
1663 2934 1821 3006 αὐτὴ,
1854 2933 1941 2989 ἐπὶ
1994 2937 2127 3012 μάρ-

468 3044 595 3099 τυρι
639 3027 718 3095 τῷ
769 3018 961 3079 Ἰακὼϐ
1022 3022 1253 3098 λέγοντι⁸
1306 3048 1334 3075 ‹‹
1386 3023 1497 3078 Οὐκ
1542 3022 1782 3097 ἐκλείψει
1830 3025 2017 3099 ἄρχων
2072 3023 2125 3094 ἐξ

472 3110 675 3186 Ἰούδα,
709 3111 833 3168 οὐδὲ
878 3112 1189 3188 ἡγούμενος
1238 3113 1296 3167 ἐκ
1339 3117 1447 3167 τῶν
1490 3116 1679 3186 μηρῶν
1707 3113 1894 3180 αὐτοῦ,
1924 3109 2030 3175 ἕως
2062 3114 2120 3168 ἂν

468 3198 627 3275 ἔλθῃ,
688 3203 733 3274 ᾧ
790 3201 1092 3272 ἀπόκειται,
1153 3202 1238 3256 καὶ
1282 3199 1457 3263 ἀὐτὸς
1520 3198 1818 3275 προσδοκία
1876 3200 2121 3266 ἐθνῶν.»

2274 632 2431 684 ctum
2465 632 2520 684 et
2559 631 2904 700 prudentem
2955 633 3427 692 auscultatorem.
3466 639 3533 689 Et
3561 636 3920 693 constituam

2274 717 2671 774 adolescentes
2694 720 2983 791 principes
3004 737 3229 790 eorum,
3254 728 3312 777 et
3339 722 3611 777 illusores
3635 722 3719 778 eis
3741 724 3923 779 domi-

2275 806 2574 861 nabuntur
2593 809 2687 861 ¹².ι›
2713 808 3038 864 llludebant
3059 811 3216 866 enim
3240 810 3440 867 miseri
3458 810 3922 884 Domino,neque

2272 895 2652 951 advertebant
2703 898 3107 969 propheticum
3162 901 3467 956 adversum
3500 917 3563 956 se
3589 916 3918 956 sermonem

2270 982 2499 1054 impleri
2532 984 2631 1053 qui
2665 985 2744 1039 ait
2772 1002 2820 1040 τι
2858 985 3135 1044 lllusores
3164 1005 3365 1045 eorum
3397 990 3918 1045 dominabuntur.»

2273 1072 2386 1126 Hoc
2416 1073 2574 1127 enim
2608 1077 2697 1128 est
2743 1074 2802 1128 in
2833 1073 3131 1132 Salvatore
3180 1078 3535 1148 mirandum,
3561 1079 3713 1150 quod
3758 1079 3915 1133 cruci

2271 1160 2482 1216 afﬁxus
2509 1178 2611 1233 pro
2633 1162 2893 1218 humano
2915 1163 3148 1234 quidem
3172 1181 3381 1237 genere
3405 1171 3716 1238 pateretur,
3743 1166 3914 1222 morti

2268 1265 2403 1305 vero
2434 1248 2725 1313 illuderet,
2748 1255 2804 1305 et
2832 1250 2891 1304 in
2921 1251 3252 1307 Judaeorum
3280 1253 3499 1308 malum
3531 1254 3916 1325 implerentur

2267 1354 2394 1410 quas
2427 1338 2645 1409 scripta
2676 1343 2889 1393 essent.
2917 1341 3080 1404 Quod
3113 1346 3309 1397 autem
3340 1341 3437 1397 lux
3469 1343 3541 1398 ab
3572 1342 3690 1398 illis
3718 1342 3913 1399 ablata

2262 1430 2361 1495 sit,
2396 1427 2673 1496 scriptum
2704 1432 2794 1482 est
2832 1427 2890 1482 in
2919 1428 3174 1485 Jeremia
3202 1430 3294 1486 his
3322 1432 3515 1487 verbis
3549 1448 3561 1487 :
3589 1452 3617 1481 ‹‹
3650 1432 3907 1488 Verbum

2262 1518 2417 1588 quod
2452 1517 2670 1571 factum
2720 1520 2808 1571 est
2850 1534 3029 1589 super
3065 1521 3375 1575 Jeremiam
3425 1521 3483 1575 in
3534 1537 3766 1576 omnem
3800 1538 3907 1592 po-

2260 1605 2468 1678 pulum
2496 1604 2647 1659 Juda
2671 1606 2733 1659 ‘3.
2761 1627 2788 1653 »
2819 1607 3023 1661 Postea
3061 1606 3181 1663 haec
3211 1608 3411 1679 adjicit
3444 1625 3501 1663 ;.‹
3535 1612 3801 1665 Auferam
3834 1611 3904 1665 ab

2258 1694 2376 1750 illis
2407 1710 2604 1750 vocem
2637 1694 2849 1750 laetitia;
2879 1699 2937 1750 et
2963 1712 3159 1752 vocem
3204 1697 3424 1770 gaudii,
3454 1715 3657 1754 vocem
3707 1698 3905 1771 sponsi

2258 1788 2316 1838 et
2344 1798 2542 1839 vocem
2592 1800 2841 1854 sponsae,
2866 1785 3100 1840 odorem
3151 1787 3432 1858 unguenti
3480 1792 3537 1843 et
3582 1787 3778 1843 lumen
3811 1787 3901 1842 lu-

2257 1888 2441 1927 cerna
2465 1873 2529 1927 η.
2554 1894 2583 1922 ››
2611 1872 2829 1927 Revera
2858 1874 3150 1929 tradidere
3180 1876 3491 1931 Dominum
3522 1876 3795 1947 gentibus
3819 1880 3902 1932 at-

2254 1978 2367 2034 que
2397 1961 2765 2017 caecutientes
2793 1962 3145 2033 ignorabant
3183 1980 3245 2020 se
3287 1964 3442 2019 haud
3476 1965 3575 2019 diu
3608 1969 3806 2036 postea
3836 1966 3895 2021 in

2251 2050 2524 2123 gentibus
2554 2050 2901 2123 polluendos
2931 2067 3079 2117 esse,
3113 2056 3172 2108 et
3207 2052 3266 2107 in
3298 2070 3463 2109 suam
3498 2053 3891 2110 haareditatem

2246 2141 2451 2208 gentes
2481 2141 2682 2192 contra
2718 2153 2782 2192 se
2823 2137 3190 2209 ingressuras
3220 2156 3367 2205 esse,
3392 2142 3891 2212 quemadmodum

2244 2224 2527 2297 scriptum
2567 2232 2657 2281 est
2688 2242 2701 2280 :
2731 2248 2759 2276 ‹‹
2792 2226 2967 2291 Deus,
2995 2232 3279 2283 venerunt
3324 2236 3527 2301 gentes
3560 2230 3617 2284 in
3648 2229 3893 2285 haeredi-

2242 2317 2425 2368 tatem
2457 2318 2642 2384 tuam,
2676 2313 3013 2385 polluerunt
3058 2316 3344 2389 templum
3394 2322 3661 2373 sanctum
3694 2323 3885 2387 tuum,

2241 2409 2563 2474 posuerunt
2608 2402 2933 2460 Jerusalem
2965 2404 3025 2459 in
3058 2422 3364 2477 pomorum
3414 2407 3741 2463 custodiam
3770 2409 3832 2463 1‘.
3863 2431 3883 2459 ι

2240 2496 2389 2547 Dum
2421 2496 2699 2557 negarent
2728 2508 2788 2547 se
2824 2493 3133 2548 Dominum
3162 2511 3355 2567 regem
3388 2495 3624 2563 habere,
3653 2497 3887 2568 ignora-

2237 2581 2379 2635 bant
2445 2580 2658 2652 privari
2716 2597 2773 2636 se
2830 2581 3105 2637 Davidico
3163 2582 3380 2639 honore
3446 2584 3737 2655 siquidem
3798 2585 3879 2639 illi

2237 2670 2559 2740 repositum
2609 2672 2733 2724 erat
2777 2669 3015 2726 Davidis
3073 2686 3343 2742 regnum,
3371 2673 3520 2741 quod
3582 2687 3769 2743 usque
3808 2673 3879 2727 ad

2237 2757 2552 2814 Salvatoris
2610 2757 2924 2813 adventum
2986 2758 3343 2830 perduravit,
3412 2764 3556 2815 teste
3605 2760 3877 2815 Jacobo:

2237 2847 2420 2902 «Non
2471 2846 2703 2902 deﬁciet
2743 2847 3014 2918 princeps
3068 2863 3136 2901 ex
3181 2848 3355 2913 Juda,
3404 2864 3591 2919 neque
3639 2850 3757 2903 dux
3809 2850 3879 2904 de

2234 2936 2555 2990 femoribus
2606 2936 2759 3005 ejus,
2800 2936 2981 2990 donec
3028 2936 3223 2991 veniat
3273 2936 3369 2991 ille
3415 2936 3508 2991 cui
3557 2937 3879 3007 repositum

2234 3028 2342 3090 est,
2374 3028 2431 3079 et
2460 3024 2585 3094 ipse
2614 3028 2705 3078 est
2730 3024 3085 3096 exspectatio
3114 3024 3375 3097 gentium
3402 3026 3463 3080 ³⁸.
3490 3049 3512 3077 ι
3551 3026 3619 3079 Et
3649 3026 3877 3080 nudan-

2233 3100 2319 3167 tes
2353 3111 2689 3180 Dominum,
2714 3116 2889 3183 atque
2915 3113 3305 3181 verberantes,
3347 3114 3685 3169 nesciebant
3712 3131 3776 3169 se
3803 3114 3875 3169 ab

2232 3201 2333 3257 illo
2364 3200 2595 3267 nudari,
2616 3206 2671 3255 et
2692 3200 2990 3273 planctum
3016 3202 3404 3276 sibimetipsis
3435 3203 3758 3269 concitare;
3791 3203 3875 3258 ait

466 3291 568 3346 Καὶ
600 3294 932 3366 γυμνοῦντες
965 3288 1021 3345 δὲ
1063 3291 1155 3346 τὸν
1205 3291 1428 3366 Κύριον,
1460 3290 1550 3345 καὶ
1594 3290 1886 3352 τύπτοντες
1935 3290 2117 3363 αὐτὸν,

2241 3291 2449 3363 quippe
2477 3290 2603 3361 ipse
2645 3290 2929 3346 Dominus
2954 3308 2967 3346 :
2990 3313 3017 3341 ‹‹
3038 3275 3308 3347 Auferam
3341 3293 3686 3347 vestimenta
3719 3305 3868 3360 mea,

466 3378 569 3433 ούκ
618 3375 834 3453 ᾔδεισαν
882 3376 1323 3452 ἐκδιδυσκόμενοι
1366 3381 1492 3455 παρ’
1539 3379 1723 3449 αὐτοῦ,
1756 3380 1845 3434 καὶ
1891 3381 2118 3435 κοπετὸν

461 3469 581 3522 καθ’
643 3468 843 3523 ἑαυτῶν
890 3467 1293 3539 παροξύνοντεςο
1344 3468 1488 3545 λέγει
1553 3469 1657 3545 γὰρ
1724 3468 1882 3531 αὐτὸς
1934 3470 1961 3524 ὁ
2012 3469 2117 3524 Κύ-

460 3573 604 3632 ριος”
642 3579 663 3605 α
698 3552 1036 3631 Ἀφελοῦμαι
1066 3557 1133 3611 τὰ
1162 3556 1354 3628 ἱμάτιά
1389 3578 1491 3629 μου
1535 3556 1623 3611 καὶ
1670 3557 1736 3610 τὰ
1783 3556 1987 3628 ὀθόνια,
2017 3562 2115 3612 τοῦ

462 3646 541 3717 μὴ
582 3644 874 3700 καλύπτειν
914 3646 1012 3713 τὴν
1063 3645 1458 3721 ἀσχημοσύνην
1508 3645 1696 3715 αὐτῆς·
1736 3670 1761 3696 ››
1792 3647 1881 3700 καὶ
1929 3644 2112 3701 πάλιν

455 3758 486 3785 ‹‹
522 3736 734 3790 Ἕνεκεν
784 3732 979 3788 τούτου
1036 3733 1257 3807 κόψεται
1308 3735 1397 3788 καὶ
1459 3736 1742 3809 θρηνήσει,
1796 3734 2113 3810 πορεύσεται

456 3820 821 3894 ἀνυπόδητος,
852 3824 941 3877 καὶ
989 3825 1193 3898 γυμνή.
1248 3825 1533 3893 ποιήσεται
1579 3826 1806 3878 κοπετὸν
1865 3824 1938 3885 ὡς
1988 3822 2114 3899 δρα-

454 3909 681 3982 κόντων,
716 3910 805 3964 καὶ
861 3909 1052 3975 πένθος
1112 3910 1185 3973 ὡς
1242 3912 1545 3987 θυγατέρων
1608 3913 1892 3987 σειρήνων.
1926 3934 1953 3961 ››
2014 3910 2112 3965 Καὶ

456 4005 738 4063 ποιοῦντες
769 3997 1137 4072 ἐπιϐληθῆναι
1182 4000 1445 4077 χλαμύδα
1494 4003 1773 4073 κοκκίνην,
1807 4002 1907 4058 οὐκ
1951 3997 2113 4057 ἔϐλε-

455 4110 557 4144 πον
615 4091 732 4144 καθ’
788 4090 988 4145 ἑαυτῶν
1064 4091 1161 4158 τὴν
1225 4090 1557 4167 κατηγορίαν
1633 4096 1730 4145 τοῦ
1802 4091 2112 4163 Πνεύματος

456 4178 821 4253 πληροῦντες,
854 4178 937 4234 ὅτι
972 4204 992 4231 α
1027 4181 1095 4235 At
1126 4184 1307 4255 χεῖρες
1340 4181 1492 4253 ὑμῶν
1537 4178 1765 4254 α’ίματος
1796 4179 2050 4255 πλήρεις.
2083 4204 2112 4232 ››

458 4268 747 4342 Χαίροντες
780 4271 893 4342 (66)
943 4266 1001 4323 δὲ
1058 4269 1147 4323 καὶ
1208 4269 1295 4324 ἐπὶ
1352 4274 1430 4341 τῷ
1492 4275 1829 4344 περικεῖσθαι
1885 4269 2115 4331 ἀκάνθας

452 4358 544 4412 τὸν
599 4364 855 4432 Σωτῆρα,
906 4353 1273 4433 ὲτύφλωττον,
1320 4359 1435 4411 καθ’
1485 4358 1689 4412 ἑαυτῶν
1749 4356 1910 4418 αὐτὰς
1959 4377 2115 4431 περι-

454 4446 709 4508 τιθέντες.
758 4447 1058 4520 Γέγραπται
1113 4445 1234 4521 γάρ·
1291 4468 1317 4499 ιι
1362 4447 1646 4515 Ἕκστητε,
1702 4444 2005 4514 λυπήθητε,
2058 4467 2119 4499 αι

453 4538 796 4601 πεποιθυῖαι,
858 4531 1168 4602 ἐκδύσασθε,
1236 4534 1436 4610 γυμναὶ
1504 4535 1746 4609 γένεσθε,
1813 4535 2085 4609 περιζώσα

457 4623 550 4676 σθε
580 4621 674 4684 τὰς
712 4620 930 4693 ὀσφύας,
961 4619 1051 4676 καῖ
1102 4621 1190 4677 ἐπὶ
1242 4627 1348 4677 τῶν
1413 4624 1629 4696 μασθῶν
1687 4622 1949 4677 κόπτεσθε
2008 4623 2123 4687 ἀπ,

459 4710 630 4786 ἀγροῦ
687 4709 1126 4783 ἐπιθυμήματος,
1171 4711 1261 4765 καὶ
1321 4711 1426 4766 ἀπὸ
1484 4712 1735 4785 ἀμπέλου
1783 4714 2112 4787 γενήματος,

453 4800 519 4855 Ἢ
548 4806 616 4876 γῆ
649 4804 744 4854 τοῦ
776 4797 911 4854 λαοῦ
972 4822 1075 4872 μου
1125 4798 1342 4868 ἄκανθα,
1375 4802 1464 4855 καὶ
1514 4801 1717 4876 χόρτος
1768 4796 2113 4871 ἀναϐήσεται,

453 4889 546 4943 καὶ
580 4887 638 4944 ἐκ
666 4890 844 4960 πάσης
875 4888 1051 4952 οἰκίας
1082 4888 1383 4967 εὐφροσύνη
1436 4890 1748 4966 ἀρθήσεται.
1783 4913 1812 4942 »
1849 4888 2112 4964 Ἐχλεύα-

536 5059 581 5095 ¹²
613 5059 724 5130 lea.
756 5075 843 5120 ιη.
872 5061 925 5130 3,
952 5060 1072 5114 1-4.
1151 5060 1195 5095 1³
1225 5060 1439 5116 Jerem.
1469 5076 1601 5129 xxv,
1627 5061 1677 5114 1.
1756 5060 1798 5094 ¹⁴
1828 5059 1967 5114 ibid.
1996 5060 2083 5113 10.

463 5131 510 5168 1⁸
540 5129 711 5185 Mich.
744 5147 782 5197 ι,
813 5130 868 5184 8.
948 5130 1130 5187 19113a.
1165 5149 1204 5203 ι,
1238 5132 1323 5187 15.
1400 5132 1444 5166 ²⁰
1476 5133 1587 5188 Isa.
1619 5148 1797 5200 xxxn,
1834 5132 1919 5201 11,
1955 5132 2039 5186 12.

534 5300 650 5373 (65)
679 5299 890 5373 Regius
937 5302 1176 5373 etpedit.
1208 5300 1511 5373 Qommel.,
1568 5303 1919 5373 Aao‘z’nxoﬁc._
1956 5299 2105 5354 Edit.

462 5366 598 5428 vero
634 5366 822 5427 Paris.
856 5376 914 5426 et
962 5371 1083 5439 alii,
1137 5366 1449 5439 Δαϐιτικῆς.
1497 5366 1685 5441 Porro,
1720 5373 1801 5428 ait
1832 5371 2004 5437 Felc.,
2035 5376 2113 5427 est

465 5446 524 5499 in
555 5443 757 5523 radice
802 5443 1346 5523 qyodam__Bz'blioth.
1380 5444 1714 5523 Ai-ghipalat.
1764 5446 1938 5523 codex
1985 5460 2110 5511 ms.,

467 5516 567 5587 qui
596 5517 745 5596 {nter
773 5516 889 5596 alia
917 5514 1162 5596 continet
1191 5531 1420 5596 quoque,
1454 5512 1638 5587 ἔρανον
1658 5513 1739 5596 ’,ἐκ
1762 5512 1874 5596 ’τοῦ
1906 5533 2113 5596 χρυσο-

468 5583 765 5662 κεφαλαίου
814 5588 913 5651 (sic
958 5583 1537 5658 inscribam-absque
1585 5583 2110 5644 collectoris'homi-

469 5663 560 5726 ne)
592 5660 651 5713 in
685 5658 1016 5726 particulam
1058 5659 1362 5726 quamdam
1405 5660 1578 5726 primi
1624 5675 1741 5726 cap.
1790 5660 1970 5715 Lucae.
2003 5659 2117 5726 Qui

469 5673 560 5726 ne)
592 5675 651 5713 ιη
685 5673 1016 5731 parlwumm
1058 5673 1375 5731 quamdam,
1404 5675 1576 5730 prima
1624 5675 1741 5730 cap.
1790 5673 1970 5731 Lucae.
2003 5673 2115 5731 Qui

466 5732 619 5787 canto
648 5728 710 5786 iii
738 5730 844 5786 illa
868 5728 1085 5787 verba}
1117 5731 1186 5787 Et
1212 5733 1337 5788 erat
1363 5728 1422 5786 in
1453 5730 1661 5787 diebus
1686 5728 1931 5788 Herodis
1962 5728 2114 5800 regis

2224 3384 2282 3436 et
2309 3379 2671 3449 linteamina,
2694 3383 2761 3433 ut
2782 3396 2853 3434 ne
2876 3380 3304 3451 turpitudinem
3328 3382 3459 3452 ejus
3481 3381 3747 3453 operiant
3768 3380 3867 3447 1‘»;

2224 3472 2281 3524 et
2305 3484 2541 3523 rursum
2576 3485 2638 3523 ευ
2670 3468 2977 3539 Propterea
3017 3468 3255 3540 plangat
3285 3474 3341 3524 et
3370 3468 3611 3542 lugebit,
3645 3469 3872 3524 incedet

2223 3557 2575 3613 discalceata
2618 3561 2675 3612 et
2722 3558 2926 3612 nuda:
2961 3557 3132 3613 faciet
3177 3558 3475 3630 planctum
3509 3558 3685 3613 veluti
3736 3558 3868 3611 dra-

2223 3662 2458 3712 conum,
2492 3650 2551 3701 et
2578 3645 2799 3701 luctum
2831 3645 3007 3702 veluti
3059 3646 3314 3703 filiarum
3363 3648 3619 3702 sirenum
3647 3648 3705 3701 ίθ.
3740 3668 3767 3697 »ι
3802 3647 3870 3701 Et

2223 3739 2496 3791 curantes
2528 3739 2591 3788 ut
2632 3734 3033 3805 imponeretur
3062 3735 3112 3789 ei
3143 3734 3406 3806 chlamys
3437 3735 3721 3798 coccinea,
3750 3750 3867 3789 non

2220 3823 2491 3879 viderunt
2529 3838 2591 3878 se
2634 3823 2942 3877 adversum
2994 3839 3054 3877 se
3104 3822 3348 3894 implere
3406 3823 3569 3877 illam
3616 3822 3868 3893 Spiritus

2224 3912 2409 3967 sancti
2467 3909 2901 3967 accusationem
2956 3927 3023 3964 :«
3071 3910 3281 3965 Manus
3330 3915 3529 3965 vestra:
3579 3910 3868 3982 sanguine

2223 4004 2362 4056 sunt
2412 4000 2739 4072 plenae”.n
2776 3999 3108 4053 Gaudentes
3157 4002 3352 4053 autem
3405 4001 3555 4069 quod
3606 3999 3868 4054 Salvator

2222 4088 2410 4161 spinis
2467 4088 2948 4153 circumdaretur,
2996 4088 3395 4151 caecutiebant,
3446 4106 3557 4142 non
3601 4089 3866 4143 videntes

2225 4196 2287 4234 se
2315 4178 2449 4232 illas
2492 4182 2693 4231 contra
2741 4193 2868 4231 sese
2924 4176 3353 4248 circumponere
3386 4194 3398 4233 :
3432 4178 3716 4248 scriptum
3777 4180 3867 4232 est

2225 4268 2380 4323 enim
2407 4285 2457 4322 :«
2480 4265 3279 4338 Obstupescite,lugete,quaa
3311 4267 3369 4321 in
3403 4266 3615 4321 fiducia
3646 4266 3863 4336 fuistis,

2224 4356 2415 4411 exuite
2445 4372 2567 4421 vos,
2602 4355 2773 4409 nudae
2811 4358 3014 4422 estote,
3039 4355 3477 4427 circumcingite
3530 4355 3781 4422 lumbos,
3808 4360 3869 4411 et

2227 4460 2405 4514 super
2438 4445 2616 4499 ubera
2655 4444 2950 4515 planctum
2988 4444 3153 4498 facite
3202 4445 3272 4499 ab
3323 4461 3460 4516 agro
3492 4444 3788 4511 desiderii,
3812 4446 3870 4499 et

2228 4551 2262 4589 a
2290 4534 2459 4587 vinea
2483 4531 2945 4604 germinationis.
2979 4534 3153 4588 Terra
3184 4534 3379 4605 populi
3429 4533 3540 4588 mei
3589 4534 3780 4604 spina,
3812 4536 3870 4587 et

2226 4623 2424 4677 fenum
2475 4622 2766 4687 ascendet,
2800 4626 2857 4675 et
2894 4638 2960 4676 ex
2991 4621 3148 4676 omni
3181 4623 3353 4676 domo
3400 4622 3597 4676 laetitia
3644 4621 3867 4677 aufere-

2224 4712 2406 4767 tur”.
2435 4733 2461 4760 ››
2495 4710 2807 4766 Dominum
2848 4709 3188 4779 irridebant,
3223 4720 3287 4764 ut
3324 4711 3535 4766 Filium
3590 4711 3681 4766 Dei
3715 4711 3868 4782 (sese

2225 4801 2556 4869 dicentem),
2609 4817 2798 4870 neque
2852 4800 3127 4854 videbant
3187 4816 3249 4854 se
3295 4799 3667 4871 adoptionem
3718 4799 3866 4870 abji-

2223 4904 2372 4960 cere,
2408 4893 2470 4944 ut
2515 4889 2641 4961 ipse
2688 4892 2938 4944 testatur
2994 4888 3086 4942 bis
3134 4888 3324 4944 verbis
3356 4904 3368 4943 :
3397 4911 3423 4938 «
3472 4887 3648 4945 Filios
3696 4904 3867 4959 gene-

2164 5058 2209 5096 ιδ
2238 5057 2389 5113 Psal.
2427 5073 2657 5123 LXXVIII,
2692 5057 2741 5111 1.
2821 5057 2865 5092 ⁸⁸
2894 5056 3102 5113 Genes.
3136 5059 3397 5123 xux,10.
3479 5059 3519 5093 ¹⁷
3551 5059 3695 5115 Osee
3723 5074 3787 5123 II,
3808 5058 3869 5123 9,

2219 5298 2389 5364 Juda,
2425 5298 2572 5353 hunc
2605 5300 2781 5354 locum
2820 5301 2899 5355 sic
2927 5302 3058 5367 citat
3087 5319 3104 5354 :
3139 5300 3455 5363 Ἀθανασίου
3488 5297 3564 5361 εἷς
3590 5297 3682 5354 τὸν
3708 5318 3869 5353 σταυ-
4132 5296 4183 5367 Ἄ

2222 5369 2332 5437 ρὸν.
2373 5371 2453 5464 2ᾪ
2512 5369 2787 5460 ἀπόκειται
2839 5373 2873 5438 ἡ
2928 5365 3185 5459 austrini;
3242 5370 3511 5464 βασιλεία,
3560 5370 3648 5425 καὶ
3700 5371 3868 5445 μεχρι

2223 5447 2317 5464 _,~_
2405 5460 2670 5464 _A---.4,,,
2793 5462 2814 5464 ξ
2859 5447 2880 5456 ν
3003 5445 3028 5464 n
3259 5444 3267 5459 θ
3400 5443 3413 5464 Ἰ
3467 5443 3480 5459 ‘
3557 5444 3629 5464 ,(A
3719 5446 3857 5464 _,_"
4142 5456 4147 5457 ν

2219 5447 2318 5516 τῆς
2351 5439 2671 5516 ἐπιφανείας
2722 5442 2884 5516 αύτοῦ
2913 5441 3151 5516 ,ἔφθανεν
3205 5439 3362 5516 αὕτη,
3396 5443 3482 5496 ἐπὶ
3532 5439 3871 5516 μαρτυριξξῷ
4128 5456 4157 5509 ,ξ

2219 5464 2318 5509 της
2370 5464 2456 5493 επι
2504 5464 2671 5502 uva-.01;
2722 5464 2884 5496 αυτου
2936 5464 2957 5495 ε
3003 5464 3151 5497 οανεν
3205 5464 3362 5511 αυτῖ,
3396 5464 3482 5496 επι
3532 5464 3764 5516 μαρτυρι
3791 5464 3871 5514 τφ

2218 5464 2712 5590 Ἰακὼβλζέγοντ..
2909 5464 3135 5587 ἐκληψει
3166 5518 3293 5587 (sic)
3328 5515 3511 5590 ἅρχων
3562 5513 3613 5584 ἐξ
3671 5511 3865 5583 Ἰούδα,
4000 5586 4005 5590 ἢ

2220 5582 2860 5657 καιτάιξῆςιηωείῡί.
3032 5582 3072 5587 ⁷·
3177 5582 3184 5585 ⁷
3276 5582 3285 5587 ’
3601 5582 3609 5584 ⁷

3888 5848 3931 5879 ..τι

4106 5426 4183 5439 -νοαι

2295 5657 2407 5728 (66)
2438 5659 2672 5730 Regius,
2700 5658 3007 5733 χαίροντες.
