4372 6214
495 351 613 413 243
1659 349 1727 408 S.
1771 343 2221 408 ATHANASIU

2196 344 2301 407 U8.
2327 374 2406 391 —
2435 342 2707 408 DUBIA.
3793 350 3922 411 2M

499 482 624 539 ravi
683 486 742 538 et
797 478 1066 547 exaltavi,
1113 477 1225 552 ipsi
1274 483 1467 535 autem
1518 480 1865 551 spreverunt
1910 492 2005 534 me
2024 477 2095 532 ²¹.
2124 497 2153 525 ››
2182 477 2225 545 Α

2204 477 2238 543 λ
2271 479 2364 543 ζον
2387 473 2481 528 τὸν
2515 473 2732 549 Κύριον,
2762 474 2837 535 ὡς
2866 474 2988 528 Υίὸν
3028 477 3183 546 Θεοῦ,
3216 475 3306 529 καὶ
3357 474 3456 530 ούκ
3500 472 3735 531 ἔϐλεπον
3784 478 3930 534 ἀπο.

503 572 577 628 Et
609 589 673 627 :«
730 570 874 625 Ecce
934 568 1286 639 relinquitur
1342 568 1507 623 vobis
1562 568 1775 623 domus
1822 569 2018 622 vestra
2038 565 2158 621 ’9.»

2271 558 2608 636 ϐαλλόμενοι
2638 564 2737 632 τήν
2770 563 3035 618 υἱοθεσίαν
3068 566 3203 638 (67),
3236 563 3311 626 ὡς
3348 563 3510 627 αὐτὸς
3560 563 3930 643 διαμαρτύρε-

512 660 799 716 Potabant
828 676 960 713 eum
1002 664 1162 712 aceto
1192 662 1250 711 et
1280 655 1432 722 felle,
1464 656 1565 711 sed
1608 654 1717 710 hac
1744 655 1804 709 in
1838 670 1897 709 re
1930 670 2164 726 quoque

2268 672 2354 707 ται
2387 649 2580 728 λέγων·
2619 675 2648 707 α
2676 651 2839 713 “ob:
2872 650 3128 726 ὶγὲννησα
3172 651 3261 707 καὶ
3312 652 3521 727 ὕψωσα,
3549 653 3703 709 αύτοί
3752 654 3813 711 δέ
3857 680 3934 730 με

512 749 680 805 valde
710 748 862 803 caeci.
888 748 1026 801 Nam
1058 746 1210 800 Deus
1234 745 1460 800 vineam
1486 760 1555 799 ex
1576 745 1818 816 Egypto
1849 742 2163 799 transtule-

2271 742 2558 812 ἠθίτησαν·
2594 765 2623 793 ››
2654 742 2767 811 καὶ,
2798 766 2825 792 ι(
2859 738 3000 795 Ἰδοὺ
3024 740 3236 818 ἀφίεται
3272 742 3398 815 ὑμῖν
3432 743 3460 796 6
3492 742 3639 806 οἶκος
3681 745 3862 817 ὑμῶν.
3898 772 3930 798 ››

516 842 625 902 rat,
680 840 736 892 et
784 837 1143 907 plantaverat
1198 832 1394 903 illam,
1442 836 1499 888 et
1545 832 1899 904 exspectavit
1944 849 2013 886 ex
2059 829 2165 885 illa

2272 831 2554 899 Ἐπότιζον
2583 829 2740 885 αὐτὸν
2774 824 2894 902 ὅξος
2925 830 3013 885 καὶ
3046 828 3249 905 χολὴν,
3281 831 3429 887 ἀλλᾶ
3474 832 3563 887 καὶ
3602 837 3762 888 τοῦτο
3794 836 3936 912 σφό-

515 944 577 984 se
606 931 1015 1000 percepturum
1069 925 1346 988 fructum.
1379 938 1551 978 uvam
1581 926 1639 977 et
1671 922 1872 976 vinum
1898 936 1913 976 :
1944 919 2027 974 illi
2057 935 2163 974 au-

2272 917 2373 993 δρα
2426 917 2632 997 τυφλὸν
2677 919 2793 974 κατ’
2844 918 3039 977 αὐτῶν.
3089 925 3146 973 Ὀ
3197 921 3316 993 μὲν,
3347 920 3450 996 γᾶρ
3498 923 3629 983 Θεὸς
3679 920 3935 995 ἄμπελον

511 1021 625 1072 tem
659 1014 1003 1085 insipientes
1036 1028 1140 1083 pro
1170 1011 1304 1066 vino
1348 1015 1603 1080 acetum,
1636 1026 1738 1081 pro
1770 1025 1880 1064 uva
1912 1008 1984 1064 fel
2028 1008 2159 1063 red-

2270 1007 2321 1078 ἐξ
2372 1008 2653 1085 Αἰγύπτου
2718 1014 2938 1083 μετῆρε,
2997 1008 3085 1062 καὶ
3151 1008 3534 1085 κατεφύτευσεν
3598 1010 3790 1081 αὐτὴν,
3836 1012 3936 1066 καὶ

506 1104 703 1160 didere
730 1121 740 1158 :
777 1107 1189 1173 argumentum
1225 1115 1367 1156 sane
1394 1098 1763 1155 Sodomiticm
1795 1114 1914 1153 snas
1945 1097 2162 1169 impro-

2271 1097 2555 1172 περιέμενε
2613 1101 2710 1153 τοῦ
2769 1090 2955 1151 λαϐεῖν
3004 1099 3130 1173 παρ’
3159 1098 3336 1153 αὐτῶν
3379 1099 3471 1154 τὸν
3523 1100 3752 1175 καρπὸν,
3798 1120 3936 1155 cra-

503 1193 704 1249 bitatis
733 1192 1108 1255 exhibentes;
1138 1189 1240 1245 82
1270 1187 1506 1243 illorum
1551 1187 1709 1243 enim
1762 1203 1872 1242 uva
1919 1185 1991 1241 fel
2045 1190 2155 1251 est,

2272 1185 2450 1264 φυλὴν
2481 1187 2571 1241 καὶ
2603 1186 2769 1242 οἶνον·
2805 1185 2857 1239 οἱ
2888 1183 2946 1240 δί
2976 1183 3222 1264 ἄφρονες,
3256 1187 3370 1242 ἀντὶ
3431 1184 3580 1243 οἷ’νου
3633 1185 3774 1258 ὄξος,
3806 1189 3936 1244 ἀντὶ

507 1287 573 1339 ut
598 1282 656 1335 in
689 1279 1140 1336 Deuteronomio
1189 1278 1478 1349 scriptum
1510 1280 1599 1331 est
1620 1277 1685 1330 ²⁸.
1720 1275 1853 1331 Ideo
1905 1289 2161 1346 namque

2274 1272 2333 1330 δὲ
2362 1273 2640 1353 σταφυλῆς
2699 1271 2879 1351 χολὴν
2937 1272 3237 1345 ἐπεδίδουν,
3295 1278 3584 1352 γνώρισμα
3638 1285 3737 1347 τῆς
3785 1282 3935 1333 κατὰ

505 1370 793 1428 Dominus
826 1375 881 1423 et
918 1368 1180 1423 Salvator
1210 1371 1429 1433 noster,
1471 1381 1606 1420 cum
1651 1364 1830 1421 sciret
1864 1361 2158 1433 ejusmodi

2274 1361 2578 1436 Σοδομίτας
2637 1363 2810 1419 αὐτῶν
2866 1363 3056 1427 κακίας
3115 1364 3484 1443 ἐμφαίνοντεςο
3515 1367 3605 1421 καὶ
3662 1368 3765 1441 γὰρ
3830 1367 3928 1422 αύ-

510 1460 765 1516 fructum
808 1458 877 1511 ab
910 1456 1025 1510 illis
1066 1460 1509 1527 proventuram,
1540 1452 1808 1526 praedixit
1848 1451 1963 1508 illis
1994 1467 2162 1524 para-

2268 1456 2379 1506 τῶν
2405 1454 2439 1506 ’ἡ
2476 1453 2723 1532 σταφυλὴ
2756 1455 2905 1532 χολή
2938 1456 3070 1527 ἐστι,
3099 1455 3235 1509 κατὰ
3273 1454 3341 1509 τὰ
3383 1454 3435 1509 ἐν
3484 1459 3565 1527 τῷ
3601 1465 3930 1529 Δευτερονο-

512 1547 707 1604 bolam
770 1547 924 1616 vitis,
979 1552 1033 1600 et
1072 1545 1223 1616 quod
1271 1545 1345 1601 ab
1396 1542 1513 1600 illis
1568 1543 1954 1599 auferendum
2011 1544 2166 1597 esset

2277 1540 2387 1614 μίῳ
2408 1543 2780 1618 γεγραμμένα.
2814 1548 2913 1601 Διὰ
2938 1549 3101 1601 τοῦτο
3146 1544 3247 1621 γὰρ
3279 1544 3307 1598 6
3340 1544 3536 1620 Κύριος
3580 1544 3672 1599 καὶ
3722 1547 3926 1620 Σωτήρ

513 1652 757 1707 regnum
829 1634 1139 1701 cwlorum,
1194 1633 1665 1704 tradendumque
1719 1631 1877 1705 genti
1931 1629 2165 1687 facienti

2271 1632 2457 1703 ἡμῶν,
2490 1629 2651 1695 εἰδὼς
2679 1634 2770 1689 τὸν
2802 1636 2930 1710 παρ’
2959 1634 3133 1690 αὐτῶν
3185 1631 3439 1706 ἐσόμενον
3489 1638 3739 1689 τοιοῦτον
3787 1655 3926 1711 καρ-

514 1727 742 1781 fructus
790 1726 938 1795 ejus.
974 1725 1060 1778 Ad
1114 1723 1250 1790 haec,
1274 1721 1526 1778 divisere
1563 1721 1942 1777 carnificibus
1988 1718 2161 1776 vesti-

2272 1720 2398 1790 πὸν,
2430 1719 2720 1798 προέλεγεν
2761 1723 2947 1787 αὐτοῖς
2993 1724 3093 1792 τὴν
3141 1716 3463 1798 παραϐολὴν
3510 1726 3610 1777 τοῦ
3658 1722 3930 1795 ἀμπελῶο

514 1821 743 1885 menta,
786 1814 973 1885 ignari
1031 1812 1336 1868 divisionis
1392 1810 1898 1883 dispersionisque
1952 1810 2161 1866 futurae
2192 1846 2240 1913 Β

2198 1846 2241 1913 Β
2271 1828 2386 1880 νος,
2417 1809 2506 1864 καὶ
2538 1808 2620 1864 δτι
2660 1810 2947 1886 ἀρθήσεται
2980 1812 3068 1890 ἀφ’
3099 1811 3251 1885 ὑμῶν
3287 1812 3397 1884 ί68)
3428 1813 3463 1881 ἡ
3518 1808 3767 1886 βασιλεία
3813 1816 3924 1866 τῶν

512 1903 625 1961 sibi
656 1903 807 1958 inter
849 1908 1051 1973 gentes
1086 1917 1100 1956 :
1143 1900 1226 1958 ait
1257 1899 1414 1956 enim
1446 1900 1730 1972 propheta
1762 1915 1775 1955 :
1802 1921 1829 1948 «
1870 1900 2016 1955 Ecce
2065 1915 2160 1954 ve-
2192 1896 2238 1913 ⁵’

2200 1896 2241 1913 ”
2271 1896 2536 1970 οὐρανῶν,
2566 1898 2655 1954 καὶ
2688 1897 2975 1973 δοθήσεται
3016 1897 3156 1956 ἵθνει
3203 1904 3456 1955 ποιοῦντι
3503 1900 3631 1963 τοὺς
3679 1900 3926 1977 καρποὺς

512 1994 675 2049 nicnt
704 1992 827 2047 dies
856 1990 1103 2057 Domini,
1127 1992 1186 2045 et
1210 1988 1546 2045 dividentur
1575 1987 1764 2060 spolia
1792 1993 1894 2045 tua
1914 1988 1972 2043 in
1996 1992 2071 2044 te.
2094 1988 2165 2043 Et

2271 1985 2461 2056 αὐτῆς.
2495 1988 2639 2063 Πρὸς
2666 1989 2882 2052 τούτοις
2910 1988 3137 2064 διήρουν
3169 1990 3236 2044 τὰ
3279 1989 3474 2062 ἱμάτια
3512 1994 3629 2051 τοῖς
3680 1986 3928 2062 δημίοις,

512 2081 879 2154 congregabo
930 2095 1134 2136 omnes
1178 2082 1381 2152 gentes
1425 2078 1495 2133 ad
1534 2076 1859 2134 Jerusalem
1907 2076 1968 2133 in
2017 2093 2162 2150 prte-

2271 2074 2379 2150 ούχ
2428 2076 2659 2152 ὁρῶντες
2707 2078 2797 2133 τὸν
2840 2080 2957 2134 κατ’
2988 2078 3163 2134 αὐτῶν
3213 2075 3266 2133 ἰν
3310 2083 3429 2140 τοῖς
3458 2074 3629 2133 ἔθνεσι
3661 2078 3925 2154 γιγνόμε-

509 2170 679 2240 lium,
714 2174 769 2224 et
799 2169 1063 2239 capietur
1101 2166 1325 2234 civitas,
1358 2171 1417 2223 et
1458 2165 1813 2239 diripiantur
1841 2166 2073 2235 domus,
2107 2170 2164 2223 et

2271 2185 2362 2220 vov
2424 2165 2689 2241 μερισμόν
2744 2169 2879 2241 (69)·
2914 2166 3046 2247 φησὶ
3104 2167 3208 2244 γὰρ
3265 2168 3294 2223 6
3351 2169 3663 2246 προφήτης
3696 2193 3724 2219 ι(
3776 2167 3921 2226 Ἰδοῦ

515 2260 792 2317 mulieres
822 2257 1313 2313 violabuntur".n
1338 2256 1408 2311 Et
1427 2271 1664 2311 rursum
1690 2272 1745 2311 τι
1775 2255 1941 2311 Nunc
1971 2271 2162 2311 come-

2271 2256 2475 2332 ἡμέραι
2527 2251 2783 2331 ’ἔρχονται
2837 2261 2935 2311 τοῦ
2989 2256 3211 2333 Κυρίου,
3267 2257 3358 2311 καὶ
3443 2255 3920 2331 διαμερισθήσεται

515 2351 612 2407 det
653 2348 856 2419 rubigo
906 2352 1091 2401 sortes
1138 2361 1341 2401 eorum
1364 2345 1428 2399 2⁵.
1456 2366 1483 2393 ι»
1517 2345 1582 2399 Et
1619 2348 1685 2399 ut
1730 2343 2001 2399 Michmas
2032 2344 2114 2399 ait
2146 2360 2160 2398 :

2269 2343 2337 2398 τὰ
2365 2342 2538 2400 σκύλα
2578 2365 2673 2398 σου
2721 2344 2773 2399 ἐν
2819 2345 2922 2402 σοί.
2957 2342 3059 2402 Καὶ
3109 2344 3405 2417 ἐπισυνάξαι)
3454 2347 3621 2401 πάντα
3677 2347 3744 2400 τὰ
3787 2344 3920 2418 ἓῆνη

523 2461 544 2488 ι
581 2439 643 2493 In
677 2435 778 2491 illa
809 2436 899 2490 die
934 2438 1202 2491 sumetur
1239 2449 1417 2506 super
1444 2449 1545 2488 vos
1577 2432 1869 2504 parabola,
1894 2437 1950 2488 et
1980 2432 2167 2505 plora-

2274 2432 2350 2495 εἷς
2403 2433 2647 2506 πόΛεμον
2696 2432 2769 2495 εἷς
2812 2432 3177 2509 Ἰερουσαλὴμ
3222 2437 3357 2508 (70),
3399 2434 3489 2489 καὶ
3562 2434 3828 2491 ἁλώσεται
3883 2438 3919 2506 ἡ

518 2532 616 2585 tus
646 2543 777 2581 cum
827 2524 1072 2592 cantico,
1104 2524 1199 2580 his
1242 2522 1433 2580 verbis
1467 2539 1479 2578 :
1515 2527 1797 2578 Erumna
1834 2538 2166 2578 aerumnosa

2272 2519 2454 2592 πόλις,
2488 2520 2575 2577 καὶ
2603 2518 3068 2599 διαρπαγήσονται
3097 2523 3154 2577 αἱ
3200 2522 3386 2594 οΐκίαι,
3418 2523 3508 2579 καὶ
3561 2524 3614 2578 αἱ
3669 2530 3924 2600 γυναῖκες

519 2618 670 2673 facta
699 2619 787 2671 est
817 2615 1003 2686 portio
1045 2612 1243 2686 papuli
1286 2613 1420 2680 mei,
1453 2611 1714 2668 funiculo
1745 2610 1995 2667 dimensi
2026 2614 2167 2668 sunt

2277 2608 2732 2683 μολυνθήσονται·
2775 2636 2797 2665 ιι
2855 2611 2944 2667 καὶ
2990 2610 3178 2668 πάλιν·
3235 2634 3263 2666 α
3310 2616 3415 2667 Νῦν
3471 2615 3829 2691 καταφάγεται
3887 2617 3924 2684 ἡ

514 2705 701 2773 illam,
734 2721 838 2759 nec
871 2707 993 2758 erat
1022 2701 1121 2773 qui
1154 2701 1465 2773 impediret
1494 2716 1627 2756 eum
1663 2716 1733 2756 ne
1763 2703 2121 2756 averteretur
2149 2718 2162 2758 :

2273 2694 2495 2775 ἐρυσίϐη
2527 2703 2633 2774 (71)
2665 2700 2789 2756 τοὺς
2837 2698 3081 2778 κλήρους
3127 2700 3321 2756 αὐτῶν·
3357 2725 3387 2753 ››
3414 2701 3505 2756 καὶ
3553 2703 3731 2766 καθὼς
3760 2703 3790 2757 6
3817 2707 3928 2759 Μι-

516 2811 686 2867 agros
725 2798 951 2849 vestros
1002 2790 1253 2847 dimensi
1293 2793 1432 2846 sunt
1450 2790 1513 2845 ”.
1538 2812 1565 2839 ››
1600 2789 1669 2844 Et
1707 2792 1773 2844 ut
1819 2788 2164 2861 compendio

2274 2788 2437 2863 χαίας
2471 2788 2624 2867 φησί·
2663 2813 2684 2840 ι
2718 2793 2797 2863 Τῇ
2846 2790 3030 2866 ἡμέρᾳ
3070 2789 3245 2865 ἐκείνῃ
3287 2788 3622 2868 ληφθήσεται
3672 2790 3750 2869 ἐφ’
3782 2792 3926 2865 ὑμᾶς

513 2885 724 2950 dicam,
759 2883 1039 2938 adversus
1074 2881 1383 2937 Dominum
1416 2878 1566 2949 ausi,
1600 2894 1769 2934 suam
1800 2877 1932 2951 ipsa
1960 2882 2166 2935 contra

2270 2872 2588 2950 παραϐολὴ,
2638 2878 2727 2933 καὶ
2785 2881 3108 2954 θρηνήσεται
3162 2881 3359 2956 θρῆνος
3416 2877 3607 2952 ἐμμεεί
3833 2878 3930 2936 λέ-

518 2989 645 3029 sese
678 2972 1072 3042 provocabant
1111 2969 1290 3034 diem,
1323 2982 1501 3038 quam
1534 2966 1801 3038 praedixit
1830 2966 2115 3039 propheta
2147 2983 2161 3023 :

2272 2985 2405 3043 γων⁶
2437 2965 2790 3044 Ταλαιπωρίᾳ
2819 2966 3234 3044 ἐταλαιπώρησε
3267 2968 3419 3043 μερὶς
3449 2965 3584 3023 λαοῦ
3619 2989 3744 3041 μου,
3778 2989 3938 3024 κατε-

520 3082 548 3110 ‹‹
584 3060 714 3115 Dies
762 3060 918 3115 enim
960 3056 1167 3128 judicii
1220 3056 1470 3124 Domini,
1511 3055 1914 3112 retributionis
1954 3055 2166 3127 judicii

2278 3058 2524 3131 μετρήθη
2585 3055 2638 3112 ἐν
2693 3056 2947 3131 σχοινίῳ,
2998 3056 3097 3112 οὐκ
3141 3059 3208 3127 ἦν
3259 3058 3287 3112 6
3334 3055 3565 3112 κωλύων
3624 3056 3783 3113 αὐτὸν
3829 3063 3933 3113 τοῦ

520 3148 679 3205 Sion.
738 3149 807 3203 Et
846 3150 1253 3202 convertentur
1298 3143 1477 3201 valles
1524 3143 1583 3200 in
1632 3144 1843 3216 picem,
1901 3148 1959 3201 et
2012 3148 2168 3201 terra
2202 3210 2240 3223 Α

2211 3210 2240 3223 __
2278 3144 2634 3221 ἀποστρέψαι·
2696 3146 2747 3200 οἱ
2804 3145 2964 3223 ἀγροὶ
3026 3146 3177 3220 ὑμῶν
3238 3143 3693 3223 διεμετρήθησαν.
3746 3171 3774 3199 ››
3832 3148 3937 3203 Καὶ

520 3236 651 3307 ejus
691 3236 747 3289 in
799 3234 1065 3305 sulphur.
1119 3231 1359 3305 Eritque
1404 3235 1559 3289 terra
1602 3210 2026 3303 eorum'quasi
2069 3231 2166 3305 pix
2196 3210 2240 3279 (ἶ

2208 3210 2559 3291 Βσυνελόντι
2617 3210 3270 3313 φράσαι,”τολμήσαντες
3324 3210 3493 3290 Ξωιτὲί
3544 3210 3642 3291 τοῦ
3706 3236 3934 3313 Κυρίου,

523 3325 735 3381 ardens
769 3328 934 3378 nocte
967 3326 1020 3377 et
1051 3322 1162 3389 die,
1186 3324 1246 3377 et
1276 3336 1393 3377 non
1420 3319 1830 3392 exstinguetur
1854 3319 1914 3375 in
1952 3322 2169 3393 sempi-

2279 3324 2397 3379 καθ’
2445 3324 2647 3379 ἑαυτῶν
2705 3325 2805 3393 τὴν
2867 3325 3076 3400 ἡμέραν
3127 3322 3618 3401 προσεκαλέσαντο,
3666 3325 3732 3396 ἡν
3792 3347 3937 3402 προ-

522 3418 779 3479 ternum,
816 3412 1209 3484 ascondetque
1256 3410 1454 3466 fumus
1491 3410 1620 3480 ejus
1658 3424 1919 3465 sursum.
1953 3409 2169 3465 Haecin

2281 3410 2434 3489 ἑλεγε
2480 3412 2569 3467 καὶ
2618 3414 2646 3467 6
2693 3415 3009 3490 προφήτης·
3054 3437 3084 3465 ι(
3131 3415 3339 3490 Ἡμέρα
3375 3413 3479 3489 γὰρ
3541 3413 3767 3491 κρίσεως
3831 3418 3939 3473 Κυ-

525 3501 959 3574 generationem
996 3495 1376 3565 desolabitur,
1411 3499 1469 3551 et
1494 3494 1851 3552 habitabunt
1880 3495 1940 3551 in
1974 3512 2043 3552 ea
2070 3513 2170 3552 vo-

2282 3500 2421 3576 ρίου,
2481 3499 2890 3565 ἀνταποδόσεως
2947 3502 3176 3576 κρίσεως
3227 3503 3389 3560 Σιών.
3440 3502 3543 3560 Καὶ
3599 3506 3941 3583 στραφήσον-

520 3587 714 3646 lucres
744 3592 801 3643 et
831 3586 1105 3653 crinacci,
1138 3590 1195 3643 et
1224 3584 1415 3641 ibides
1460 3588 1519 3641 et
1565 3584 1739 3641 corvi.
1771 3585 1841 3640 Et
1869 3585 2174 3641 inducetur

2279 3611 2366 3646 ται
2423 3591 2478 3646 αἱ
2534 3593 2801 3669 φάραγγες
2858 3590 2935 3653 εἰς
2992 3592 3204 3662 πίσσαν,
3257 3592 3347 3648 καὶ
3406 3595 3440 3663 ἡ
3499 3600 3571 3669 γῆ
3632 3592 3797 3663 αὐτῆς
3850 3595 3937 3658 εἷς

525 3679 586 3735 in
618 3695 745 3735 eam
781 3677 1080 3732 funiculus
1119 3675 1445 3747 geometria;
1475 3674 1680 3742 eremi,
1710 3678 1767 3730 et
1794 3675 2169 3731 onocentauri

2283 3686 2447 3744 θεῖον.
2482 3680 2579 3738 Καὶ
2626 3678 2769 3735 ἔσται
2800 3683 2835 3752 ἡ
2866 3687 2935 3758 γῆ
2985 3681 3153 3751 αὐτῆς
3196 3681 3270 3743 ὡς
3320 3681 3482 3737 πίσσα
3528 3682 3793 3756 καιομένη
3840 3704 3936 3738 νυ-

250 3792 301 3821 ιν.
524 3767 876 3825 habitabunt
907 3768 962 3822 in
1005 3783 1092 3820 ea.
1126 3763 1426 3836 Principes
1462 3763 1592 3835 ejus
1625 3779 1738 3819 non
1769 3765 1974 3831 erunt;

2279 3771 2406 3833 κτὸς
2452 3770 2541 3825 καὶ
2583 3771 2815 3845 ἡμέρας,
2846 3770 2935 3825 καὶ
2987 3770 3049 3825 ού
3095 3765 3443 3841 σϐεσθήσεται
3506 3770 3582 3834 εἰς
3616 3772 3710 3827 τὸν
3761 3771 3938 3828 αἰῶνα

521 3862 579 3913 et
621 3861 922 3929 magnetes
957 3857 1085 3924 ejus
1115 3856 1289 3910 erunt
1337 3852 1396 3907 in
1447 3851 1786 3926 pernlciem.
1822 3851 1888 3907 Et
1917 3851 2169 3925 pullula-

2280 3858 2500 3935 χρόνον,
2524 3857 2613 3914 καὶ
2644 3853 2971 3930 ἀναϐήσεται
3002 3860 3030 3915 6
3060 3858 3262 3922 καπνὸς
3293 3858 3459 3929 αὐτῆς
3491 3857 3787 3931 ἅνω.Δῧτη
3821 3863 3943 3935 (73)

520 3947 671 4003 bunt
700 3946 758 4001 in
791 3945 1120 4001 civitatibus
1159 3944 1287 4016 ejus
1324 3942 1487 4016 ligna
1513 3941 1738 4015 spinea,
1771 3946 1830 3997 et
1865 3940 1924 3997 in
1967 3942 2170 4014 praesi-

2280 3947 2357 4010 εἷς
2384 3946 2566 4024 γενεὰν
2626 3946 3066 4024 ἐρημωθήσεται,
3097 3948 3187 4003 καὶ
3230 3950 3644 4020 κατοικήσουσιν
3695 3948 3747 4004 ἔν
3797 3949 3946 4024 αὐτῇ

521 4034 635 4091 diis
668 4036 816 4105 ejus.
850 4035 917 4088 Et
948 4034 1057 4087 erit
1103 4032 1401 4089 stabulum
1452 4032 1738 4099 sirenum,
1769 4035 1826 4087 et
1865 4030 2169 4104 tugurium

2281 4031 2439 4112 ὄρνεα
2475 4036 2564 4092 καὶ
2618 4036 2817 4111 ἐχῖνοι,
2868 4036 2957 4092 καὶ
3028 4031 3183 4110 ἴϐεις,
3232 4037 3321 4092 καὶ
3370 4035 3620 4114 κόρακες.
3671 4038 3768 4093 Καὶ
3822 4037 3947 4094 ἔπι-

523 4122 949 4189 struthionum,
981 4127 1036 4176 ct
1064 4124 1371 4176 occurrent
1409 4120 1699 4177 daemonia
1735 4122 2165 4189 onocentauris,

2281 4121 2616 4197 ϐληθήσεται
2665 4124 2746 4179 ἐπ’
2785 4123 2951 4194 αὐτὴν
2995 4124 3254 4200 σπαρτίον
3306 4127 3642 4202 γεωμετρίας
3696 4126 3942 4202 ἐρήμου,

521 4215 579 4270 et
635 4211 977 4266 clamabunt
1025 4208 1170 4264 alter
1217 4210 1289 4265 ad
1347 4207 1619 4265 alterum.
1668 4208 1752 4264 Ibi
1803 4211 2171 4282 requiescent

2278 4213 2367 4268 καὶ
2424 4212 2801 4287 ὀνοκὲνταυροι
2858 4213 3174 4285 οἰκήσουσιν
3237 4212 3287 4269 ὲν
3345 4214 3505 4288 αὐτῇ.
3559 4216 3623 4269 Οἱ
3670 4214 3943 4293 ἄρχοντες

523 4298 902 4358 onocentauri
942 4315 952 4353 :
1004 4299 1350 4353 invenerunt
1395 4297 1549 4353 enim
1600 4296 1712 4353 sibi
1752 4299 2031 4369 requiem.
2084 4301 2164 4356 Ibi

2280 4302 2445 4371 αὐτῆς
2478 4301 2577 4357 οὐκ
2603 4298 2833 4358 hev-car
2870 4302 2958 4357 καὶ
2991 4304 3044 4357 οἱ
3080 4304 3324 4379 βασιλεῖς
3382 4302 3467 4358 καὶ
3519 4304 3571 4359 οἱ
3622 4310 3941 4380 μεγιστᾶνες

524 4389 730 4447 nidum
786 4388 917 4444 fecit
965 4386 1288 4456 erinaceus,
1330 4389 1388 4443 et
1431 4385 1684 4443 servavit
1730 4389 1885 4443 terra
1932 4404 2170 4463 campos

2216 4469 2219 4470 ν
2278 4390 2445 4461 αὐτῆς
2490 4388 2703 4446 ἔσονται
2758 4391 2833 4453 εἰς
2879 4390 3173 4449 ἀπώλειαν.
3223 4392 3329 4447 Καὶ
3374 4390 3625 4470 ἀναφύσει
3662 4391 3770 4455 “εἶς
3838 4395 3942 4456 τὰς

522 4496 663 4536 suos
692 4494 826 4533 cum
858 4476 1170 4532 securitate
1191 4475 1257 4531 ³⁷.
1288 4497 1316 4525 ››
2194 4468 2242 4533 D

2214 4469 2465 4542 )πόλεις
2523 4479 2691 4549 αὐτῆς
2750 4480 3002 4544 ἀκάνθινα
3056 4478 3211 4554 ξύλα,
3243 4480 3332 4536 καὶ
3364 4478 3442 4544 εἴς
3468 4468 3537 4536 τὰ
3592 4481 3940 4557 ὀχυρώματα

518 4565 705 4634 αὐτῆς.
770 4566 862 4618 Καὶ
923 4562 1069 4617 ἔσται
1120 4558 1345 4625 ἔπαυλις
1401 4563 1663 4638 σειρήνων
1722 4572 1812 4617 καί
1872 4562 2013 4633 αὐλὴ
2073 4573 2371 4641 στρουθῶν,
2424 4568 2511 4623 καὶ
2572 4570 2955 4638 συναντήσουσι
3015 4566 3271 4644 δαιμόνια
3352 4568 3782 4644 όνοκενταύροις,
3842 4571 3940 4626 καὶ

521 4654 810 4731 βοήσουσιν
867 4651 1052 4727 ἕτερος
1111 4650 1247 4728 πρὸς
1295 4649 1386 4706 τὸν
1438 4647 1644 4727 ἵτερον.
1679 4652 1824 4706 Ἐκεῖ
1878 4653 2270 4714 ἀναπαύσονται
2327 4659 2725 4732 ὁνοκὲνταυροιο
2782 4658 2935 4732 εὗρον
2994 4657 3098 4735 γὰρ
3156 4657 3338 4720 αὐτοῖς
3409 4656 3725 4716 ἀνάπαυσιν.
3789 4659 3941 4716 Ἐκεῖ

516 4742 817 4799 ὶνόσσευσεν
853 4742 1057 4818 ἐχῖνος,
1092 4740 1180 4797 καὶ
1212 4738 1406 4797 ἔσωσεν
1437 4742 1471 4812 ἡ
1504 4745 1574 4817 γῆ
1614 4739 1681 4796 τὰ
1709 4736 1867 4796 πεδία
1896 4740 2066 4812 αὐτῆς
2100 4747 2232 4818 μετᾶ
2263 4744 2576 4825 ἀσφαλείας,
2613 4770 2642 4798 ››

250 4870 269 4899 ν
588 4834 772 4889 33.1n
825 4834 928 4888 has
981 4831 1346 4889 calamitates
1393 4831 1729 4889 inciderunt
1777 4830 1976 4900 Judaei,

2347 4837 2436 4893 33.
2469 4838 2649 4893 Ταῦτα
2705 4834 3030 4901 πεπόνθασιν
3088 4836 3138 4891 οἱ
3189 4833 3466 4907 Ἰουδαῖοι,
3499 4833 3778 4900 δοκοῦντες
3838 4839 3932 4893 τὸν

308 4908 325 4915 ’
518 4927 791 4995 putarent
846 4939 905 4978 se
958 4921 1270 4977 Dominum
1329 4920 1591 4978 occidere
1623 4936 1636 4978 :
1673 4919 1796 4976 haec
1853 4921 2034 4977 adver:

2274 4924 2470 5001 Κύριον
2528 4924 2886 4980 ἀποκτείνεινο
2940 4929 3107 4980 ταῦτα
3177 4926 3296 4989 καθ’
3354 4926 3556 4993 ἑαυτῶν
3628 4926 3935 5004 προεκαλέ-

514 5024 579 5067 se
637 5016 1044 5083 provocarunt,
1091 5010 1231 5066 dum
1285 5008 1604 5067 clamarent
1640 5008 1701 5066 in
1750 5009 2156 5071 Salvatorem:

2269 5032 2451 5082 σαντο,
2488 5013 2717 5088 βοῶντες
2765 5014 2901 5068 κατά
2939 5017 3037 5068 τοῦ
3086 5020 3369 5090 Σωτῆρος·
3404 5013 3456 5069 ἐν
3504 5014 3720 5078 τούτοις
3769 5036 3932 5073 κατε-

585 5188 629 5266 πέ
667 5189 778 5266 lea.
810 5206 853 5266 ι,
883 5192 937 5244 2.
1015 5189 1060 5222 ²²
1092 5186 1307 5266 Μιιμίιἑ
1329 5204 1487 5259 um,
1519 5188 1608 5245 38.
1705 5189 1752 5224 ³³
1782 5191 1946 5246 Deut.
1981 5206 2158 5259 χχχιι,
2192 5193 2279 5249 12.

2204 5193 2279 5249 l2.
2355 5193 2402 5229 ’δ
2427 5191 2668 5250 Zachar.
2694 5209 2809 5263 xxv,
2844 5193 2896 5262 1,
2925 5193 2982 5249 2.
3060 5192 3107 5229 "
3137 5192 3300 5251 Osee.
3333 5208 3389 5266 v,
3422 5194 3478 5250 7.
3574 5194 3619 5230 ³⁸
3648 5194 3828 5253 Mich.
3864 5213 3930 5266 ιι,

510 5259 565 5327 4,
598 5261 651 5317 5.
732 5259 775 5294 ’⁷
809 5260 916 5315 lsa.
953 5275 1141 5328 xxxxv,
1172 5259 1331 5314 8-15.

250 5336 271 5371 τ’

250 5382 297 5423 ξ..

250 5462 389 5533 ita...
581 5451 1411 5533 (97)Βοιξέυδιτῆςέδῖίξθεσίας·
1482 5524 1495 5533 .
1548 5526 1612 5533 --
1682 5530 1707 5533 _

1550 5526 1561 5533 ,
1599 5526 1612 5533 _
1682 5530 1707 5533 _
2339 5462 2451 5533 (70)
2497 5461 2738 5533 Regius,
2771 5458 2860 5516 ἐπὶ
2892 5458 3276 5533 Ἰερουσαλήμ..

249 5504 553 5639 μἎ
581 5504 695 5639 ςὸὲξ
728 5504 1440 5610 ἱὶἷι⁰ιιὲέῑι3έ’.ἰὲ‹ιῖιῑ’νὲιῖὀ,
1471 5524 1561 5603 ἀφ’
1589 5526 1769 5598 ἡμῶν.
1973 5598 1975 5609 η

603 5600 674 5639 ΑΟ
732 5600 943 5639 llmvmn
989 5600 1161 5639 nndov
1214 5604 1267 5639 nl
1333 5598 1531 5639 Analin
1593 5597 1913 5639 mvwiunmu
1968 5621 1975 5639 ι

2339 5504 2451 5639 ζῖξξ
2486 5504 3526 5639 ligasset.gagates“
3556 5533 3809 5610 δροσιμη.

732 5595 951 5677 1135in
989 5600 1165 5657 codex
1214 5604 1272 5677 et
1328 5595 1551 5673 Anglic.
1593 5595 1913 5677 γιγνόμενον
1968 5595 2156 5673 διαμε-

1749 5617 1913 5671 ημενον
1968 5595 2156 5673 διαμε-
2339 5595 2451 5677 (72)
2489 5595 2734 5677 Ἑμμεέί,
2768 5595 3180 5677 mendosEpro
3211 5602 3264 5659 ἐν
3301 5601 3475 5677 μὲλει.

570 5607 695 5679 ¹(69)
732 5607 944 5728 Regius
989 5607 1165 5657 codex
1214 5607 1272 5656 et
1328 5607 1551 5673 Anglic.
1593 5607 1913 5674 γιγνόμενον
1968 5607 2156 5673 διαμε-

577 5666 725 5759 Ἳμόν.
760 5672 799 5728 E
848 5671 909 5728 ιιι
943 5689 1094 5740 vero,
1122 5668 1439 5747 γιγνόμενον
1475 5669 1761 5746 μερισμόν.

1549 5642 1551 5653 ,
1593 5607 1913 5674 γιγνόμενον
1968 5607 2156 5673 διαμε-
2362 5607 2432 5658 72
2489 5607 2541 5657 Ἐ
2597 5607 2734 5676 μεεί,
2768 5607 3045 5662 mendose
3076 5621 3180 5676 pro
3211 5607 3264 5659 ἐν

1549 5669 1761 5746 ρισμόν.
2336 5607 2452 5748 ίῚΒί
2482 5624 2624 5745 Αὕῗη
2659 5678 2821 5736 deest
2845 5678 2906 5734 in
2935 5675 3275 5750 Anglicano.

626 5804 865 6090 ι
