4372 6214
461 358 585 418 245

1509 355 1611 414 DE
1655 353 2039 415 PASSIONE
2084 353 2182 414 ET
2226 355 2482 416 CBUCE
2524 356 2829 418 DOMINI.

3742 359 3866 423 246

465 479 726 551 κρίθησαν
812 475 1130 549 θελήσαντες
1212 482 1385 554 κρῖναι
1440 479 1530 532 τὸν
1592 477 1807 552 Κύριον.
1869 475 1966 531 Καί
2020 498 2105 550 μοι

2227 480 2284 534 in
2336 480 2428 536 his
2477 483 2739 538 damnati
2798 486 2962 549 sunt,
3016 485 3154 538 dum
3211 482 3423 539 vellent
3478 485 3869 543 condemnare

464 566 752 645 παρελθὼν
786 568 814 621 6
851 565 1186 642 βουλόμενος
1212 566 1448 641 γενέσθω
1481 564 1758 638 δικαστὴς,
1791 566 1890 620 οὐκ
1919 565 1968 638 ἐξ
2000 569 2113 638 (⁸74)

465 658 679 734 ἀφανῶν
745 657 1102 732 πραγμάτων,
1161 653 1286 710 ἀλλ’
1341 654 1399 709 ἐκ
1454 660 1560 710 τῶν
1618 653 1956 729 γιγνομὲνων
2014 655 2114 723 τήν

463 745 722 816 ἀλήθειαν
774 744 1251 820 ἀναλογιζόμενος.
1303 745 1404 800 Καὶ
1454 743 1745 814 σκοπείτω,
1793 741 1876 804 τίς
1940 742 2032 814 μὶν
2084 742 2112 796 6

459 839 559 890 τοῦ
609 836 876 910 Κυριακοῦ
925 835 1151 887 θανάτου
1199 832 1422 904 καρπὸς,
1453 832 1505 886 τί
1557 829 1612 886 δὲ
1657 838 1756 900 τῆς
1815 825 2112 898 ἐπιϐουλῆς

460 927 568 978 τῶν
625 919 897 977 Ἰουδαίων
944 923 1008 976 τὸ
1062 919 1276 996 κέρδος.
1319 922 1376 975 Ὀ
1437 921 1530 993 μὶν
1589 921 1688 995 γὰρ
1735 919 1959 980 θάνατος
2016 923 2111 972 τοῦ

463 1015 722 1086 Σωτῆρος
779 1012 878 1080 τὴν
934 1010 1262 1083 οἰκουμένην
1323 1009 1688 1085 ἠλευθέρωσε,
1737 1009 1826 1063 καὶ
1884 1009 1948 1062 τὰ
1983 1005 2105 1078 ἔθνη

457 1103 548 1157 τὸν
604 1101 732 1156 Θεὸν
789 1097 1054 1170 ἐδόξασεν
1119 1101 1146 1154 6
1206 1098 1262 1154 δὲ
1310 1103 1413 1153 τῶν
1467 1097 1736 1152 Ἰουδαίων
1789 1098 1956 1170 θυμὸς
2015 1096 2106 1150 σὺν

456 1189 639 1252 αὐτοῖς
687 1195 804 1251 τοῖς
864 1186 1148 1250 Ἰουδαίοις
1207 1186 1456 1242 ἀπώλεσε
1514 1187 1604 1241 καὶ
1654 1188 1752 1255 τὴν
1803 1185 1986 1256 πόλιν,
2018 1183 2107 1239 καὶ

453 1287 554 1348 τῆς
609 1278 937 1353 θεογνωσίας
984 1277 1177 1339 αὐτοὺς
1230 1275 1526 1354 ἐτύφλωσε.
1561 1277 1658 1330 Καὶ
1692 1277 1719 1330 6
1755 1277 1849 1348 μὲν
1882 1275 2106 1338 θάνατος

453 1372 550 1423 τοῦ
584 1366 780 1442 Κυρίου
812 1365 936 1428 τοὺς
960 1365 1184 1442 νεκροὺς
1213 1365 1600 1434 ἐζωοποίησεν,
1632 1367 1665 1433 ἡ
1702 1362 1759 1419 δὲ
1807 1368 1914 1418 τῶν
1971 1364 2104 1419 Ἰου-

458 1455 622 1512 δαίων
681 1450 951 1523 ἐπιϐουλή
1008 1462 1111 1524 τῆς
1173 1458 1316 1523 ζωῆς
1373 1453 1567 1516 αὐτοὺς
1622 1453 1748 1515 τοὺς
1810 1450 2104 1514 Ἰουδαίους

455 1545 727 1621 ἐστέρησε,
760 1544 849 1600 καὶ
905 1549 995 1599 νῦν
1051 1543 1151 1598 εἰσι
1212 1543 1388 1619 χωρὶς
1417 1548 1514 1597 τοῦ
1547 1544 1750 1616 Κυρίου
1782 1544 1915 1614 (75).
1946 1541 2044 1595 Καὶ
2077 1541 2103 1594 6

458 1635 551 1707 μὶν
583 1634 811 1708 σταυρὸς
838 1637 935 1688 τοῦ
989 1635 1248 1708 Σωτῆρος
1275 1633 1373 1700 τὴν
1410 1630 1731 1701 Ἐκκλησίαν
1787 1635 1887 1684 τῶν
1936 1629 2101 1693 ἐθνῶν

448 1720 659 1798 ἔρημον
691 1721 848 1778 οὖσαν
894 1723 1229 1794 κατῴκησενο
1264 1718 1516 1778 Ἰουδαῖοι
1569 1719 1626 1774 δὶ
1666 1724 1735 1794 τῇ
1781 1719 1940 1790 κακίᾳ
1987 1720 2103 1773 ἑαυ-

448 1817 555 1868 τῶν
610 1812 698 1868 οιαὶ
752 1818 852 1877 τῆς
904 1811 1231 1884 οἰκουμένης
1283 1809 1506 1872 ἑαυτοὺς
1549 1809 1861 1886 ἐρήμωσαν,
1892 1808 1980 1862 καὶ
2011 1813 2102 1862 νῦν
2133 1849 2178 1912 Β

451 1902 582 1956 εἰσιν
613 1901 711 1956 οὐκ
739 1898 958 1978 ἔχοντες
990 1899 1176 1956 πόλιν.
1205 1899 1307 1956 Καὶ
1338 1898 1502 1954 πάλιν
1533 1900 1560 1953 6
1605 1899 1698 1971 μὲν
1749 1897 1974 1962 θάνατος
2005 1901 2102 1951 τοῦ

455 1997 720 2065 Σωτῆρος
758 1991 857 2059 τήν
896 1987 1174 2066 βασιλείαν
1201 1994 1308 2044 τῶν
1357 1987 1595 2064 οὐρανῶν
1644 1985 1927 2056 ἀνέδειξεν·
1967 1987 2102 2040 Ἰου-

449 2077 592 2135 δαῖοι
626 2079 684 2134 δὲ
719 2084 798 2152 τῷ
828 2083 985 2151 θυμῷ
1015 2080 1104 2133 καὶ
1135 2077 1262 2140 τοὺς
1300 2077 1543 2153 βασιλεῖς
1573 2076 1748 2131 αὐτῶν
1797 2074 2102 2144 ἀπώλεσαν,

446 2167 537 2224 καὶ
566 2168 696 2230 τοὺς
729 2174 1046 2244 μεγιστᾶνας
1092 2162 1410 2223 κατέϐαλον.
1446 2169 1589 2241 Πρὸς
1637 2165 1855 2227 τούτοις
1885 2165 1912 2218 6
1944 2185 2104 2219 σταυ-

447 2258 540 2334 ρὸς
569 2256 668 2313 τοῦ
701 2256 903 2334 Κυρίου
932 2256 1197 2332 ἀγγέλους
1231 2259 1435 2330 συνῆψε
1484 2261 1603 2317 τοῖς
1651 2255 1985 2330 ἀνθρώποις,
2015 2247 2106 2308 καῖ

448 2346 670 2418 μεσίτης
723 2351 822 2414 τῆς
869 2345 1055 2420 φιλίας
1106 2345 1283 2400 αὐτῶν
1314 2346 1553 2420 γέγονεν·
1590 2341 1846 2400 Ἰουδαῖοι
1896 2340 1953 2397 δὲ
1994 2341 2108 2398 ἐπι-

451 2430 805 2496 ϐουλεύοντες
837 2432 1120 2508 ἐκέρδαναν
1168 2435 1268 2503 τὴν
1326 2436 1458 2507 μετά
1515 2431 1787 2506 δαιμόνων
1845 2431 2107 2503 κατοίκη-

451 2545 556 2580 σιν.
590 2523 694 2579 Καὶ
753 2523 781 2576 6
842 2523 936 2594 μὲν
997 2521 1221 2586 θάνατος
1279 2527 1376 2577 τοῦ
1431 2526 1664 2597 Χριστοῦ
1713 2520 1961 2583 ἐκούφισε
2008 2522 2105 2590 τὴν

448 2616 555 2666 τῶν
604 2612 898 2686 ἀνθρώπων
951 2609 1041 2666 διὰ
1085 2613 1183 2680 τήν
1239 2611 1500 2687 ἁμαρτίαν
1551 2609 1797 2687 ἀλογίαν·
1852 2607 2105 2665 Ἰουδαῖοι

453 2698 512 2756 δὲ
568 2699 939 2776 ἠλογίσθησαν
997 2699 1077 2772 τῷ
1134 2705 1310 2773 θυμῷ,
1342 2700 1432 2755 καὶ
1491 2704 1580 2754 νῦν
1635 2699 1770 2774 μετὰ
1819 2701 2104 2776 σειρήνων,

455 2790 544 2844 καὶ
587 2789 807 2865 ἐχίνων,
837 2790 928 2845 καὶ
976 2793 1250 2866 στρουθῶν
1300 2792 1413 2864 (76)
1443 2794 1559 2852 τοῖς
1606 2788 1832 2865 τρόποις
1885 2809 2104 2844 συνανα-

457 2877 798 2956 στρέφονται,
832 2877 1134 2934 ἀλλόκοτον
1160 2875 1381 2953 ἔχοντες
1411 2878 1500 2932 καὶ
1532 2877 1702 2940 οὕτως
1738 2879 1829 2933 τὸν
1882 2877 2105 2953 τρόπον,

459 2967 534 3028 ὡς
591 2967 990 3043 ὀνοκένταυροι.
1023 2968 1126 3024 Καὶ
1174 2969 1278 3043 γὰρ
1336 2967 1453 3021 ἀντὶ
1508 2971 1608 3021 τοῦ
1663 2966 1859 3040 νόμου,
1908 2967 2108 3040 ἀνομία

460 3056 587 3131 παρ’
616 3055 802 3118 αὐτοῖς
832 3055 993 3112 ἐστιν·
1026 3056 1140 3110 ἀντὶ
1186 3054 1243 3110 δὲ
1271 3055 1601 3132 πραότητος,
1634 3080 1662 3108 ‹‹
1693 3055 1874 3128 Θυμὸς
1924 3055 2107 3118 αὐτοῖς

459 3144 598 3198 κατὰ
627 3146 726 3213 τὴν
757 3144 1022 3216 ὁμοίωσιν
1052 3149 1148 3199 τοῦ
1180 3140 1374 3221 ὄφεως.
1411 3168 1440 3195 ››
1474 3144 1576 3200 Καὶ
1606 3141 1752 3206 ὅλως
1797 3141 1949 3198 οὐδέν
1995 3144 2104 3199 ἐστι

2223 570 2554 626 Dominum.
2587 572 2864 642 Quisquis
2905 573 3226 644 transierit,
3259 572 3355 639 sit,
3389 571 3438 628 si
3480 572 3636 644 velit,
3665 575 3863 646 judex,

2223 674 2329 713 nec
2359 676 2427 713 ex
2469 661 2644 715 rebus
2693 661 2939 717 occultis
2985 662 3388 732 obscurisque,
3421 661 3522 716 sed
3571 678 3638 717 ex
3687 663 3868 733 gestis

2220 749 2522 803 veritatem
2573 749 2826 822 colligat.
2877 750 3348 822 Consideretque,
3393 751 3489 819 qui
3536 750 3615 806 sit
3665 751 3864 806 Domi-

2221 837 2361 891 nicae
2423 839 2626 894 mortis
2676 840 2900 894 fructus
2933 855 2946 893 :
2981 840 3135 910 quod
3186 839 3569 894 Judaicarum
3617 838 3867 895 insidia-

2221 942 2350 980 rum
2418 927 2903 982 emolumentum.
2964 927 3264 998 Siquidem
3326 943 3482 982 mors
3548 927 3864 983 Salvatoris

2221 1015 2419 1069 orbem
2477 1019 2765 1070 terrarum
2824 1016 3111 1085 liberavit,
3163 1017 3243 1072 ita
3300 1021 3364 1070 ut
3420 1021 3622 1088 gentes
3676 1017 3860 1072 Deum

2219 1103 2544 1174 gloriﬁcent
2575 1122 2587 1158 :
2617 1104 2949 1160 Judaeorum
2995 1123 3132 1162 vero
3181 1105 3341 1160 furor
3385 1106 3672 1161 civitatem
3723 1122 3860 1162 cum

2218 1192 2363 1263 ipsis
2392 1193 2613 1248 Judaais
2660 1194 2934 1265 perdidit,
2967 1199 3022 1249 et
3073 1195 3131 1248 in
3180 1195 3281 1250 Dei
3335 1195 3662 1265 cognitione
3699 1195 3860 1267 ipsos

2201 1281 2538 1336 ‘excmcavit.
2613 1283 2765 1337 Mors
2828 1282 3058 1336 Domini
3136 1288 3398 1338 mortuos
3460 1283 3774 1338 vivificavit
3842 1303 3855 1340 ε

2214 1369 2550 1424 Judeeorum
2611 1370 2839 1426 insidiae
2885 1371 3119 1427 Judaeos
3169 1371 3326 1443 ipsos
3375 1372 3493 1427 vita
3542 1372 3857 1443 privarunt,

2215 1462 2272 1512 et
2331 1459 2454 1528 jam
2521 1459 2739 1530 absque
2811 1460 3047 1515 Domino
3117 1468 3274 1516 sunt.
3335 1464 3484 1515 Crux
3549 1460 3860 1517 Salvatoris

2214 1546 2531 1602 Ecclesiam
2574 1549 2857 1618 gentium,
2890 1549 3032 1603 dum
3081 1549 3309 1605 deserta
3360 1554 3534 1616 esset,
3570 1549 3857 1604 habitato-

2213 1635 2376 1690 ribus
2432 1636 2850 1707 frequentavit;
2897 1638 3084 1692 Judaei
3131 1655 3263 1693 vero
3320 1638 3694 1710 improbitate
3751 1655 3859 1693 sua

2212 1725 2350 1779 orbe
2389 1729 2678 1780 terrarum
2730 1743 2858 1781 sese
2905 1725 3302 1791 excluserunt,
3336 1743 3442 1782 nec
3479 1729 3604 1798 jam
3656 1727 3855 1783 civita-

2211 1816 2324 1866 tem
2387 1812 2567 1868 ullam
2621 1813 2856 1869 habent.
2889 1817 2967 1869 Ac
3022 1831 3280 1882 rursum,
3315 1831 3472 1870 mors
3517 1815 3854 1882 Salvatoris,

2211 1917 2458 1972 regnum
2508 1901 2782 1976 caelorum
2831 1903 3138 1959 exhibuit:
3178 1904 3363 1959 Judaei
3412 1910 3614 1960 contra
3661 1904 3854 1960 furore

2213 2007 2341 2060 suo,
2375 2006 2536 2062 reges
2582 2008 2721 2047 suos
2767 1992 3168 2064 perdiderunt,
3201 1998 3258 2048 et
3306 1997 3608 2066 magnetes
3648 1994 3856 2049 amise-

2214 2082 2370 2133 runt.
2402 2080 2485 2134 Ad
2543 2079 2682 2151 haec,
2732 2097 2873 2136 crux
2924 2081 3149 2136 Domini
3196 2081 3433 2153 angelos
3481 2098 3614 2137 cum
3663 2081 3856 2138 homi-

2216 2169 2390 2224 nibus
2446 2169 2706 2237 sociavit,
2757 2175 2813 2225 et
2867 2169 3230 2226 conciliatrix
3283 2171 3414 2242 ipsa
3471 2171 3581 2226 fuit
3637 2175 3855 2226 mutuis

2215 2255 2451 2312 illorum
2506 2258 2776 2312 amicitiae
2809 2277 2821 2314 :
2858 2264 2913 2314 et
2958 2259 3140 2315 Judaei
3188 2259 3420 2314 insidiis
3467 2259 3613 2328 suis,
3644 2261 3858 2316 daemo-

2218 2362 2359 2400 num
2393 2347 2843 2402 contubernium
2878 2348 3084 2402 lucrati
3109 2354 3266 2403 sunt.
3292 2349 3444 2403 Mors
3475 2349 3690 2405 Christi
3721 2349 3860 2404 alle-

2217 2435 2371 2490 vavit
2401 2435 2710 2490 hominum
2744 2434 3019 2506 peccandi
3051 2435 3446 2508 insipientiam
3471 2453 3484 2490 :
3507 2437 3695 2493 Judaai
3728 2453 3861 2494 vero

2217 2540 2338 2595 prae
2365 2524 2560 2580 furore
2594 2524 2939 2596 insipientes
2985 2524 3122 2579 facti
3155 2529 3313 2595 sunt,
3336 2525 3580 2596 jamque
3614 2543 3745 2582 cum
3780 2526 3864 2580 si-

2218 2614 2396 2682 renis,
2430 2615 2712 2671 erinaceis
2742 2620 2798 2670 et
2829 2614 3260 2671 struthionibus
3311 2615 3574 2670 moribus
3621 2633 3862 2672 conver-

2217 2708 2442 2770 santur,
2494 2705 2756 2759 moribus
2811 2704 3052 2759 absurdi
3100 2703 3338 2774 perinde
3387 2709 3561 2775 atque
3610 2721 3860 2760 onocen-

2215 2792 2389 2848 tauri.
2424 2793 2529 2848 Pro
2561 2792 2687 2864 lege
2717 2793 2873 2848 enim
2917 2793 3070 2863 apud
3103 2791 3234 2847 illos
3266 2792 3555 2863 injustitia
3586 2791 3808 2848 obtinet
3840 2809 3854 2848 :

2215 2899 2319 2953 pro
2351 2881 2824 2938 mansuetudine.
2847 2904 2876 2931 «
2911 2881 3093 2936 Furor
3130 2880 3246 2935 illis
3290 2882 3613 2936 secundum
3646 2880 3858 2936 simili-

2215 2967 2481 3023 tudinem
2533 2967 2821 3037 serpentis
2842 2967 2961 3022 ”.n
2996 2967 3058 3022 In
3099 2983 3353 3036 summa,
3384 2966 3530 3021 nihil
3583 2967 3737 3037 apud
3786 2965 3857 3020 il-

2214 3055 2300 3112 los
2329 3056 2429 3111 83
2470 3057 2625 3127 quod
2676 3072 2789 3112 non
2850 3056 2996 3127 ipsis
3053 3060 3299 3111 mortem
3358 3056 3587 3110 inferat.
3647 3059 3857 3110 Annon

2217 3145 2388 3201 morti
2454 3145 2680 3200 Domini
2737 3145 3028 3200 adhaerere
3085 3145 3382 3215 convenit,
3441 3161 3507 3199 ac
3563 3144 3859 3200 dimittere

453 3233 582 3308 παρ’
632 3231 835 3304 αὐτοῖς,
867 3233 896 3288 ’ὀ
940 3235 1014 3306 μὴ
1058 3233 1277 3297 θάνατον
1331 3231 1514 3294 αὐτοῖς
1554 3233 2099 3307 κατεργάζεται

2218 3250 2558 3290 consessum
2609 3232 3074 3289 Pharisaeorum?
3102 3235 3307 3289 Annon
3341 3237 3578 3306 praestat
3623 3249 3859 3290 crucem

453 3323 576 3396 'Ap’
607 3318 703 3375 οὖν
740 3320 838 3376 οὐκ
868 3319 1011 3392 ἄξιον
1050 3320 1130 3394 τῷ
1178 3320 1384 3394 θανάτῳ
1429 3327 1799 3396 προσκεῖσθαι,
1832 3321 1920 3376 καὶ
1959 3321 2105 3398 ἀφιέ-

451 3429 538 3464 ναι
568 3413 676 3464 τῶν
711 3410 1020 3484 Φαρισαίων
1067 3411 1129 3464 τὸ
1178 3408 1490 3486 συνέδριον;
1523 3411 1641 3480 'Ap’
1671 3408 1762 3464 οὖν
1813 3409 1913 3465 οὐκ
1959 3407 2103 3481 ἄξιον

453 3503 534 3570 τῷ
581 3503 795 3576 σταυρῷ
851 3498 1064 3572 μᾶλλον
1113 3505 1426 3574 προσκυνεῖν
1474 3499 1508 3568 ἢ
1557 3499 1655 3567 τὴν
1687 3495 1962 3554 Ἰουδαίων
2012 3500 2101 3554 καὶ

452 3591 550 3642 τοῦ
607 3587 817 3661 κόσμο)
869 3585 1121 3664 κερδάναι
1176 3587 1399 3665 φιλίαν,
1433 3587 1530 3643 Διὰ
1582 3591 1744 3642 τοῦτο
1792 3589 1894 3663 γὰρ
1952 3588 2042 3642 καὶ
2073 3588 2101 3642 6

457 3678 721 3752 μακάριος
798 3675 1015 3739 Παῦλος
1090 3677 1344 3754 γέγραφε·
1408 3700 1437 3728 ‹‹
1495 3676 1579 3734 Τὰ
1648 3677 1821 3731 πάντα
1887 3676 2099 3752 ἥγημαι

457 3764 678 3837 ζημίαν,
723 3763 812 3820 τίνοι
856 3763 1094 3840 κερδάνω
1142 3765 1398 3841 Χριστόνο
1430 3787 1460 3816 ι)
1496 3763 1585 3820 διὰ
1638 3770 1797 3820 τοῦτο
1835 3765 2102 3840 καύχημα

452 3855 667 3929 ἡγεῖται
724 3855 814 3908 τὸν
876 3855 1121 3929 σταυρὸν,
1156 3852 1354 3929 λέγων·
1391 3855 1599 3928 «Ἐμοὶ
1654 3852 1710 3908 δὲ
1762 3855 1836 3927 μὴ
1887 3855 2100 3929 γένοιτο

452 3949 752 4018 καυχᾶσθαι
805 3943 852 3998 εἷ’
904 3944 978 4015 μὴ
1044 3943 1094 3998 ἐν
1158 3948 1236 4014 τῷ
1280 3948 1490 4019 σταυρῷ
1537 3948 1633 3998 τοῦ
1690 3943 1890 4018 Κυρίου
1938 3946 2098 4016 ἡμῶν

453 4032 634 4102 Ἰησοῦ
667 4036 922 4108 Χριστοῦ,
957 4030 1025 4086 δι’
1057 4033 1119 4087 οὗ
1142 4031 1269 4105 ἐμοὶ
1318 4033 1530 4105 κόσμοσ
1570 4033 1919 4106 ἐσταύρωται,
1952 4033 2100 4107 κάγὼ

449 4119 660 4194 κόσμῳ.
699 4146 725 4172 ››
758 4123 856 4176 Διά
879 4126 1040 4177 τοῦτο
1068 4122 1159 4176 καὶ
1191 4121 1348 4183 αὐτὸς
1397 4123 1424 4174 6
1469 4121 1666 4198 Κύριος
1712 4119 1916 4196 ἓλεγενο
1957 4143 1982 4174 ιι
2011 4127 2101 4183 Ὃς

453 4208 512 4264 ἂν
550 4213 624 4282 μή
658 4213 773 4283 (78)
805 4211 907 4284 ἄρῃ
953 4212 1046 4264 τὸν
1103 4211 1328 4284 σταυρὸν
1379 4209 1564 4277 αὐτοῦ,
1609 4211 1699 4265 καὶ
1758 4209 2102 4284 ἀκολουθήσῃ

451 4319 566 4370 μοι,
598 4298 698 4352 οὐκ
724 4294 837 4352 ἔστι
893 4319 996 4372 μου
1044 4299 1210 4369 ἄξιος,
1241 4295 1367 4352 οὐδὲ
1425 4295 1641 4352 δύναταί
1697 4318 1801 4371 μου
1857 4300 2103 4369 μαθητὴς

451 4386 608 4444 εἶναι.
647 4409 699 4443 ››,

519 4477 608 4530 34.
659 4473 812 4530 Ἀλλ’
874 4474 1096 4537 ἐνταῦθα
1151 4473 1370 4542 πολλῆς
1423 4473 1714 4551 ἀσφαλείας
1767 4473 1875 4529 ἐστὶ
1921 4475 2100 4550 χρεία,

2213 3323 2405 3395 potius
2436 3323 2890 3394 adorare,quam
2935 3322 3274 3378 Judaaorum
3320 3328 3375 3378 et
3420 3323 3627 3377 mundi
3657 3321 3859 3376 amici-

2211 3412 2356 3467 tiam
2389 3411 2558 3468 nobis
2588 3411 2944 3468 conciliare?
2977 3411 3110 3466 Ideo
3150 3427 3406 3483 namque
3449 3410 3687 3484 scripsit
3718 3411 3860 3468 bea-

2213 3504 2310 3556 tus
2350 3500 2567 3556 Paulus
2602 3519 2614 3557 :
2643 3523 2671 3550 «
2702 3502 2910 3556 Omnia
2957 3502 3274 3557 arbitratus
3319 3517 3452 3556 sum
3484 3501 3856 3568 detrimenta,

2213 3594 2276 3644 ut
2304 3589 2600 3645 Christum
2652 3588 3011 3644 lucrifaciam
3035 3590 3082 3624 ²⁹
3113 3607 3126 3645 :
3157 3612 3184 3639 ››
3214 3605 3396 3660 quare
3447 3588 3691 3661 gloriam
3742 3588 3857 3644 sibi

2210 3695 2443 3735 crucem
2501 3678 2838 3744 arbitratur,
2896 3679 3054 3734 aiens
3105 3695 3119 3733 :
3163 3700 3190 3728 ‹‹
3255 3678 3391 3734 Mihi
3452 3682 3645 3732 autem
3701 3676 3857 3734 absit

2209 3767 2448 3840 gloriari
2489 3767 2600 3822 nisi
2634 3768 2692 3821 in
2726 3783 2894 3822 cruce
2936 3767 3166 3823 Domini
3217 3767 3394 3822 nostri
3443 3770 3581 3820 Jesu
3615 3765 3855 3832 Christi,

2213 3873 2312 3925 per
2369 3871 2542 3928 quem
2604 3856 2744 3909 mihi
2807 3856 3063 3911 mundus
3125 3855 3440 3911 cruciﬁxus
3498 3859 3606 3918 est,
3638 3857 3694 3906 et
3747 3869 3852 3925 ego

2210 3945 2430 4000 mundo
2452 3945 2516 3998 ³ο.
2553 3967 2579 3992 ››
2613 3944 3002 4008 Quamobrem
3048 3943 3173 4014 ipse
3226 3943 3500 3998 Dominus
3531 3941 3610 3996 ait
3643 3959 3690 3996 :«
3717 3941 3854 4004 Qui-

2209 4050 2438 4104 cunque
2484 4050 2598 4087 non
2648 4031 2847 4087 tulerit
2878 4047 3111 4086 crucem
3156 4049 3324 4086 suam
3373 4037 3430 4086 et
3477 4035 3714 4085 secutus
3762 4045 3855 4085 me

2210 4122 2405 4188 fuerit,
2439 4139 2554 4177 non
2586 4126 2676 4176 est
2726 4136 2817 4175 me
2848 4121 3085 4191 dignus,
3117 4136 3221 4174 nec
3273 4124 3462 4191 potest
3513 4136 3680 4174 meus
3725 4133 3856 4175 esse

2211 4210 2536 4282 discipulus
2557 4212 2620 4265 δι.
2650 4232 2676 4258 ››

2281 4481 2369 4534 34.
2405 4480 2514 4535 Sed
2547 4480 2642 4534 hic
2695 4479 2881 4534 multa
2927 4479 3196 4533 cautione
3247 4483 3336 4534 est
3383 4495 3552 4548 opus,
3587 4493 3658 4532 ne
3706 4477 3860 4534 sicut

455 4564 669 4635 μήποτε
724 4564 862 4616 κατὰ
903 4561 1032 4625 τοὺς
1081 4560 1374 4624 Ἰουδαίους
1418 4560 1658 4640 αἶ’ρωμεν
1704 4565 1794 4618 τὸν
1851 4565 2097 4636 σταυρὸν,

2214 4568 2398 4625 ,11]όωὶ
2428 4567 2705 4623 tollamus
2748 4583 3000 4638 crucem,
3034 4584 3146 4621 non
3193 4567 3343 4621 sicut
3372 4565 3608 4621 Paulus.
3644 4565 3858 4622 Paulus

449 4650 539 4705 καὶ
603 4651 678 4724 μή
737 4652 873 4706 κατὰ
909 4652 1000 4706 τὸν
1058 4651 1294 4708 Ηαῦλον.
1328 4653 1389 4709 Ὁ
1443 4653 1538 4725 μὶν
1597 4654 1695 4728 γὰρ
1755 4653 1970 4716 Παῦλος
2029 4655 2102 4716 ὡς

448 4741 708 4816 τρόπαιον
765 4748 867 4810 τῆς
926 4741 1188 4816 ἁμαρτίας
1248 4740 1427 4819 ἐφόρει
1483 4742 1573 4796 τὸν
1634 4741 1882 4817 σταυρόνο
1943 4744 1993 4796 οἱ
2044 4741 2101 4798 δὲ

449 4827 702 4887 Ἰουδαῖοι
750 4828 836 4884 ἐπὶ
886 4834 967 4902 τῷ
1005 4831 1096 4885 τὸν
1130 4829 1324 4905 Κύριον
1357 4829 1584 4887 ἀνελεῖν.
1620 4831 1715 4885 Διὰ
1741 4835 1900 4885 τοῦτο
1932 4831 2100 4909 ἀσφα-

450 4917 687 4988 λίζεσθαι
766 4921 877 4995 χρὴ
953 4920 1043 4974 καὶ
1111 4921 1326 4994 νήφειν,
1389 4921 1622 4991 μήποτε,
1673 4927 2098 4997 κατηγοροῦντες

451 5004 751 5080 Ἰουδαίων,
799 5009 866 5063 τὰ
919 5008 1052 5064 αὐτὰ
1107 5014 1288 5070 αυτοῖς
1345 5010 1481 5064 κατά
1535 5007 1631 5064 τοῦ
1693 5010 1888 5086 Κυρίου
1937 5012 2103 5082 πράτ-

387 5129 410 5150 ο
447 5117 651 5169 τωμεν.
682 5093 902 5151 Πολλοὶ
955 5097 1058 5172 γὰρ
1113 5103 1540 5173 προσκυνοῦντες
1595 5099 1686 5152 τὸν
1749 5098 1967 5171 Κύριον,
2009 5098 2099 5152 καὶ

2213 4674 2468 4728 namque
2521 4661 2586 4711 ut
2644 4661 2926 4727 trOpaeum
2988 4656 3202 4727 peccati
3265 4656 3530 4726 gestabat
3588 4671 3856 4722 crucem;

2209 4745 2394 4802 Judaei
2442 4763 2574 4801 vero
2625 4752 2688 4800 ut
2734 4745 3049 4800 Dominum
3101 4744 3452 4798 occiderent.
3495 4745 3861 4815 Quapropter

2210 4840 2378 4890 caute
2437 4851 2504 4890 ac
2559 4834 2752 4889 sobrie
2808 4833 3122 4904 agendum,
3177 4848 3266 4896 ne,
3320 4832 3458 4885 dum
3515 4831 3860 4887 incusamus

2209 4923 2461 4993 Judaeos,
2486 4923 2648 4994 paria
2679 4938 2810 4976 cum
2846 4920 2963 4974 illis
2987 4923 3187 4974 contra
3212 4921 3523 4975 Dominum
3554 4921 3860 4976 faciamus.

2211 5011 2379 5066 Multi
2440 5011 2728 5080 siquidem
2790 5009 3102 5064 adorantes
3161 5008 3496 5077 Dominum,
3547 5025 3652 5064 nec
3711 5009 3865 5064 sicut

2211 5100 2458 5171 dignum
2492 5097 2588 5154 illo
2637 5103 2727 5153 est
2773 5098 2951 5153 vitam
2985 5102 3249 5170 agentes,
3279 5116 3392 5154 non
3445 5099 3756 5155 advertunt
3801 5111 3865 5152 se

521 5265 565 5300 ³⁸
598 5263 751 5320 Psal.
788 5280 920 5334 Lvu,
951 5266 1008 5320 5.
1083 5265 1128 5300 ²⁹
1160 5264 1408 5336 Philipp.
1443 5280 1528 5332 ιιι,
1556 5267 1610 5318 8.
1691 5265 1736 5299 3°
1766 5263 1951 5320 Galat.
1986 5283 2062 5333 v1,
2097 5279 2105 5320 1

2263 5267 2306 5300 ³¹
2341 5263 2545 5320 Matth.
2583 5281 2638 5335 x,
2669 5264 2766 5333 38;
2803 5270 2934 5319 Luc.
2967 5281 3083 5332 xxv,
3116 5265 3207 5319 27.

473 5475 476 5478 λ
658 5445 749 5528 Ἐξ
783 5447 946 5528 deest
973 5443 1403 5528 innAnglicano.

576 5519 634 5588 5)
667 5519 968 5590 Anglican.
1014 5515 1321 5590 Basilicus.
1363 5522 1421 5571 et
1465 5515 1629 5590 Reg,
1663 5518 1855 5587 prima
1903 5535 2097 5587 manu,

449 5589 625 5665 meic
649 5593 746 5642 τοῦ
767 5588 1539 5665 Beapo§.__Regius,_secunda
1572 5606 1770 5665 manu,
1799 5590 1972 5664 χωρὶς
2004 5594 2099 5644 τοῦ

454 5653 655 5735 Κυρίου
684 5653 887 5737 νεκροίξ
917 5653 1308 5737 Εάὶιὶ,”χωρὶς
1335 5661 1432 5713 τοῦ
1462 5657 1681 5732 Κυρίου.
1757 5653 1766 5658 ⁷
1802 5653 1840 5664 ”

2423 5443 3128 5534 ἓαεὶίὶθιιεὶεκστρουθίων.

2283 5516 2392 5590 (77)
2425 5519 2658 5589 Regius,
2692 5518 2806 5571 κατ’
2838 5516 3010 5590 αὐτῶν
3043 5516 3343 5590 ἐργᾴζιτᾳι.

2282 5584 2391 5661 (78)
2427 5584 2640 5662 Regius
2671 5596 2728 5646 et
2758 5584 3127 5660 Basiliensis,
3147 5587 3243 5648 Ὃς
3276 5584 3361 5640 ἐὰν
3397 5587 3497 5659 μή,

4177 3247 4179 3368 1

4175 3475 4179 3622 Ι

4175 3631 4179 3780 ἱ

4175 3787 4179 3942 ί

4177 3989 4179 4144 ί

4101 5407 4168 5468 :-":

4103 5875 4150 5911 λ.
