2186 3107
264 192 324 223 ΞΠ
863 195 894 223 S.
917 191 1098 224 ATBANAS

1151 191 1179 222 Β.
1195 207 1233 213 -
1247 191 1380 222 DUBIA.
1918 195 1981 225 2‘8

267 267 332 287 reos
357 259 433 287 effici
460 260 564 288 mortis
587 259 745 288 Salvatoris
766 268 772 287 :
796 267 903 294 nam,«
920 259 1092 294 Quicunque

1151 255 1263 292 ἀναξίως
1292 256 1374 284 αὐτοῦ
1402 256 1621 294 πολιτευόμενοι,
1647 258 1789 295 ἀγνοοῦσιν
1831 259 1978 287 ὖπεύθυνοι

270 303 492 332 manducaverit
513 313 628 340 panem,
652 307 680 332 et
705 304 811 332 biberit
834 305 954 332 calicem
981 302 1095 331 Domini

271 347 401 383 indigne,
424 356 490 376 reus
519 348 575 376 erit
602 349 731 385 corporis
759 351 788 376 et
816 348 968 385 sanguinis
998 347 1095 375 Domi-

271 392 302 419 ni
316 392 349 426 3‘,
362 403 376 416 ν
402 394 528 420 testatur
555 392 724 428 Apostolus.
741 393 847 420 Eadem
877 392 998 426 ratione,
1011 403 1024 416 ιι
1041 391 1095 424 Qui

272 435 334 464 odit
361 435 479 464 fratrem
505 445 602 471 suum,
620 445 676 464 non
702 437 799 473 diligit
824 436 996 469 Dominum;
1014 447 1028 460 ››
1044 436 1095 463 sed

272 480 391 516 perinde
412 483 501 516 atque
524 481 615 508 Judwi
631 481 716 508 illum
732 481 797 509 odio
814 481 908 509 habet.
921 480 974 514 Qui
998 483 1096 508 autem

271 532 429 561 pauperem
460 525 546 553 nihili
575 525 653 558 facit,
681 526 706 553 is
735 525 903 559 Dominum,
932 527 964 552 ut
991 524 1095 557 Judaei,

272 569 451 597 contumelia
471 569 571 597 afﬁcit.
589 569 647 597 Hoc
671 569 807 597 Salomon
821 569 862 597 ait.
877 577 883 597 :
900 580 915 594 ι(
931 569 983 602 Qui
999 569 1096 604 despi-

273 613 312 641 cit
327 621 497 649 pauperem,
513 614 668 650 exprobrat
694 614 794 642 factori
817 614 879 649 ejus
891 614 923 641 ³³.
937 625 951 638 ››
966 614 1019 646 Qui
1045 621 1096 641 ne-

274 658 357 693 gligit
382 666 540 693 pauperem
565 659 751 693 esurientem,
767 658 912 686 sitientem
929 661 958 686 et
972 658 1096 691 nudum,

275 702 380 729 similis
397 706 436 729 est
452 703 562 730 Judaeis
587 703 636 739 qui
662 703 814 731 Dominum
834 705 986 737 exuerunt,
1003 705 1031 730 et
1046 711 1097 738 po-

274 748 408 773 taverunt
425 750 504 773 aceto
531 749 558 774 et
582 747 657 775 felle.
676 748 708 775 Et
724 747 774 783 qui
791 756 913 775 munera
939 755 1028 783 super
1052 746 1098 774 in-

279 794 416 817 nocentes
441 792 593 827 acceperit,
609 792 683 819 nihil
707 792 802 820 diﬂ‘ert
816 792 852 820 ab
867 800 900 819 eo
925 791 974 828 qui
999 791 1097 819 Domi-

276 844 346 862 num
368 836 508 869 vendidit,
524 836 602 864 Juda
617 844 623 863 :
640 837 704 872 ipse
717 836 795 864 enim
811 844 927 872 quoque
939 835 1097 871 justitiam,

277 887 341 914 quis
358 882 401 906 est
426 880 578 914 Dominus,
594 881 703 915 vendit,
715 883 748 908 ut
763 880 811 908 illc
836 880 983 908 Christum
999 880 1098 908 vendi-

1149 300 1290 337 γινόμενοι
1304 303 1352 328 τοῦ
1372 302 1487 333 θανάτου
1501 304 1550 329 τοῦ
1566 303 1705 339 Σωτῆρος·
1723 314 1738 328 ‹‹
1752 305 1796 334 Ὃς
1812 316 1826 329 υ
1844 303 1897 341 γὰρ
1914 317 1929 330 ι(
1948 304 1979 331 ἂν

1150 344 1222 381 ἐσθίῃ
1250 345 1296 372 τὸν
1328 345 1478 383 ἄρτον,καὶ
1508 345 1571 383 πίνῃ
1596 346 1628 374 τὸ
1656 348 1789 384 ποτήριον
1802 350 1850 375 τοῦ
1877 349 1981 386 Κυρίου

1149 388 1273 425 ἀναξίως,
1290 387 1387 427 ἔνοχός
1411 390 1465 417 ἐστι
1490 393 1538 418 τοῦ
1562 391 1688 427 σώματος
1712 391 1756 418 καὶ
1785 394 1833 419 τοῦ
1863 391 1983 428 αἳματος

1149 435 1197 461 τοῦ
1227 433 1338 470 Κυρίου,
1369 446 1383 459 ››
1411 435 1425 461 ὸ
1456 434 1621 465 Ἀπόστολος
1665 435 1839 473 μαρτύρεται.
1869 437 1981 468 Οὕτως-

1224 477 1230 486 κ
1331 480 1343 485 ..
1404 477 1410 487 ι
1448 479 1454 487 .
1537 478 1543 488 ς
1598 478 1604 488 ⁷
1643 481 1656 487 -
1699 479 1705 489 ι
1832 483 1844 487 -
1884 480 1890 488 ι
1940 482 1965 490 .,

1151 490 1165 503 «
1184 481 1231 505 Και
1248 478 1261 505 ὁ
1279 489 1364 514 μισων
1381 487 1426 505 τον
1442 477 1559 517 αδελφον
1576 489 1658 506 αυτου
1678 490 1727 506 ουκ
1755 480 1846 517 ἀγαπᾳ
1860 489 1907 508 τον
1924 482 1983 509 hu-

1151 532 1221 560 ριον,
1237 534 1251 547 ››
1268 522 1330 550 ἀλλ’
1346 522 1436 561 ὥσπερ
1452 523 1477 550 οἱ
1494 522 1632 558 Ἰουδαῖοι,
1647 524 1691 551 καὶ
1705 523 1785 555 αὐτὸς
1814 525 1904 556 οὕτως
1921 524 1986 561 (79)

1151 565 1238 602 ἐμίσει
1265 566 1370 594 τοῦτον.
1387 568 1414 594 Ὁ
1434 566 1463 595 δὲ
1484 568 1530 595 τὸν
1554 567 1656 603 πένητα
1680 568 1825 603 ἐξουθενῶν
1851 569 1983 606 ἀτιμάζει

1151 610 1195 637 καὶ
1222 610 1313 647 αὐτὸς,
1330 611 1366 641 ὡς
1390 612 1415 639 οἱ
1441 611 1579 647 Ἰουδαῖοι,
1594 613 1638 640 τὸν
1662 612 1769 650 Κύριον·
1793 616 1876 641 τοῦτο
1903 614 1984 652 λέγει

1153 654 1303 691 Σαλομών·
1318 668 1332 682 (ι
1349 656 1379 684 Ὁ
1395 656 1538 691 ἐξουθενῶν
1567 657 1613 684 τὸν
1643 658 1756 693 πένητα,
1782 658 1907 695 ἀτιμάζει
1932 660 1983 687 τὸν

1151 701 1301 734 ποιήσαντα
1330 700 1418 728 αὐτόν.
1445 712 1459 726 ››
1489 701 1519 729 '0
1546 703 1674 739 παρορῶν
1703 701 1807 737 πένητα
1844 706 1985 731 πεινῶντα

1152 743 1196 771 καὶ
1213 743 1331 780 διψῶντα
1354 744 1398 772 καὶ
1415 744 1530 782 γυμνὸν,
1547 745 1645 782 ὅμοιός
1668 746 1725 773 ἐστι
1747 749 1806 778 τοῖς
1823 746 1984 783 Ἰουδαίοις,

1152 790 1211 819 τοῖς
1232 788 1277 815 καί
1301 789 1347 816 τὸν
1372 789 1470 825 Κύριον
1495 788 1630 824 ἐκδύσασι,
1656 790 1700 817 καὶ
1733 790 1873 818 ποτίσασιν
1900 792 1986 820 αὐτὸν

1153 830 1213 867 ὅξος
1241 832 1285 860 καὶ
1312 833 1413 870 χολήν.
1430 833 1478 861 Καὶ
1506 835 1520 862 ὁ
1545 832 1692 870 λαμϐάνων
1720 833 1795 872 δῶρα
1821 835 1861 863 ἐπ’
1877 836 1984 868 ἀθώοις

1154 876 1203 904 οὐκ
1226 875 1296 905 ἔστιν
1324 876 1409 909 ἄλλος
1433 880 1481 905 τοῦ
1504 879 1685 914 πωλήσαντος
1709 880 1755 907 τὸν
1781 880 1887 918 Κύριον,
1911 882 1948 912 ὡς
1967 882 1983 909 ὸ

276 923 328 950 dit.
347 924 380 950 Et
407 924 456 959 qui
486 932 543 952 non
568 924 684 960 judicat
712 924 834 961 pupillo,
851 932 904 952 nec
932 924 1023 952 viduis
1047 924 1098 959 jus

1154 920 1266 953 Ἰούδας·
1293 921 1337 949 καὶ
1362 921 1441 953 αὐτὸς
1465 923 1517 960 γὰρ
1540 923 1589 957 τὴν
1615 922 1798 960 δικαιοσύνην,
1821 925 1882 959 ἥτις
1907 925 1982 953 ἰστὶν

1364 965 1550 973 ._.._
1637 968 1709 973 .-.

277 976 365 994 suum
382 969 487 1001 reddit,
504 968 529 996 is
553 971 598 997 est
622 968 726 996 similis
750 968 973 997 insidiatoribus
997 971 1026 997 et
1049 976 1098 996 ca-

278 1011 506 1039 lumniatoribus
522 1012 646 1041 Domini.
659 1013 792 1048 Domum,
804 1021 870 1049 qua:
884 1013 949 1048 quis
965 1013 994 1041 in
1009 1013 1102 1049 proxi-

277 1064 358 1083 mum
385 1060 533 1092 operatur,
549 1065 583 1085 ea
598 1060 772 1093 reputantur
795 1058 872 1085 facta
887 1057 916 1085 in
932 1058 1099 1091 Dominum,

276 1101 327 1137 qui
344 1104 462 1136 propter
486 1110 537 1129 nos
565 1102 725 1136 descendit,
741 1104 770 1130 et
784 1110 836 1138 pro
861 1102 946 1130 nobis
969 1104 1102 1130 mortuus

276 1148 329 1173 est.
346 1146 387 1172 Ita
404 1154 532 1181 namque
557 1146 598 1174 ait
617 1146 679 1182 ipse
705 1146 845 1175 Dominus
867 1146 896 1174 in
910 1147 1074 1183 Evangeliis
1092 1155 1099 1175 :

274 1202 287 1214 ‹‹
307 1190 335 1216 1n
352 1193 495 1224 quantum
522 1190 572 1217 uni
600 1199 634 1218 ex
662 1190 779 1227 pusillis
804 1191 866 1218 istis
895 1191 1104 1227 tecistis,mihi

276 1234 388 1261 fecistis
400 1235 430 1261 3‘.
447 1247 459 1257 ››
477 1235 603 1262 Rursum
624 1235 679 1263 hoc
702 1236 865 1263 necessarie
881 1236 1032 1264 sciendum
1049 1237 1103 1265 ob-

275 1279 510 1314 servandumque
525 1282 580 1307 est.
597 1279 649 1311 Qui
666 1280 839 1313 fornicatur,
857 1289 942 1308 suam
962 1281 1024 1316 ipse
1039 1281 1102 1309 ani-

272 1331 350 1350 mum
368 1324 471 1358 perdit,
491 1324 727 1360 contumeliaque
748 1325 855 1360 atﬁcit,
872 1327 904 1352 ut
917 1325 1010 1353 Judaei
1027 1328 1104 1353 tem-

271 1367 352 1403 plum
384 1372 409 1394 el
440 1376 547 1403 corpus
575 1368 699 1396 Domini.
732 1368 786 1400 Qui
817 1377 894 1403 vero,
915 1380 929 1394 (ι
961 1369 1103 1405 templum

271 1412 386 1439 Domini
417 1412 580 1446 violaverit,
610 1412 761 1448 disperdet
790 1412 873 1441 illum
904 1413 1049 1448 Deus”,»
1070 1417 1103 1443 ut

271 1456 379 1483 Paulus
410 1458 523 1484 srriliit.
541 1457 575 1485 Et
599 1457 649 1493 qui
679 1457 734 1485 sub
764 1466 852 1494 regno
876 1458 986 1494 peccati
1011 1458 1099 1495 degit,

270 1501 342 1527 nihil
361 1502 455 1528 ditTert
472 1511 488 1528 ει
502 1501 614 1529 Judieis
643 1502 854 1538 abnegantihus
877 1503 1102 1539 dicentibusque

273 1552 316 1577 se,
328 1554 383 1572 non
405 1546 571 1579 hominum,
584 1546 635 1573 sed
647 1546 789 1574 Caesarem
805 1555 902 1582 regem
913 1547 1029 1576 habere.
1042 1548 1100 1576 Nec

270 1588 467 1624 ignorantium
485 1592 539 1624 est,
555 1599 622 1618 eum
643 1591 693 1626 qui
708 1591 908 1628 voluptatibus
929 1592 1096 1627 subjicitur,

271 1623 366 1667 iisque
389 1634 516 1661 multum
538 1623 707 1670 delectatur,
723 1623 833 1671 ipsum,
849 1623 1030 1671 inquam-ut
1043 1623 1094 1665 Ju-I
1111 1623 1132 1657 (ἶ

273 1677 360 1710 dmos,
379 1677 540 1705 Barabliam
561 1678 719 1714 pustulam,
734 1682 763 1707 et
778 1679 933 1708 Dominum
954 1680 1095 1710 occidere.

273 1721 316 1748 lta
332 1730 459 1756 namque
478 1722 581 1756 Judaei,
598 1723 747 1759 improbos
763 1724 898 1752 Barabbaa
918 1733 1013 1753 mores
1028 1726 1096 1753 dili-

274 1768 387 1800 gentes,
403 1767 520 1793 demum
537 1766 674 1795 virtutem
690 1770 759 1795 sunt
773 1768 927 1804 persecuti.
939 1769 1095 1798 Sciendum

273 1809 355 1843 item,
373 1818 438 1837 eum
465 1810 513 1846 qui
541 1810 568 1838 in
594 1811 651 1839 fide
679 1811 783 1840 ﬁrmus
811 1820 869 1840 non
896 1815 951 1847 est,
969 1813 1094 1842 similem

273 1853 311 1881 iis
326 1862 389 1881 esse
405 1855 453 1889 qui
475 1855 617 1883 increduli
638 1856 755 1884 aiebant
771 1865 805 1884 :«
822 1857 850 1885 Si
869 1857 961 1885 Filius
977 1859 1025 1886 Dei
1041 1861 1095 1894 est,

275 1899 432 1926 descendat
462 1908 539 1927 nunc
567 1901 603 1928 de
631 1909 726 1934 cruce,
756 1903 785 1929 et
812 1902 965 1930 credemus
991 1903 1014 1930 ei
1032 1903 1064 1932 ³⁸.
1081 1914 1096 1928 ι»

273 1943 346 1971 Nam
376 1944 434 1970 haec
461 1945 500 1971 illi
527 1953 578 1980 per
600 1945 835 1974 incredulitatem
859 1946 1006 1975 dicebant.
1022 1947 1095 1979 Ouid

273 1988 363 2023 igitur
379 1989 407 2015 in
425 1989 504 2016 hisee
531 1990 699 2026 agendum?
713 1990 791 2018 Nihil
817 1991 895 2019 aliud
921 2000 1010 2028 quam
1036 2000 1096 2020 cre-

274 2032 341 2058 dere
356 2033 478 2065 Christo,
498 2035 526 2060 et
545 2035 707 2062 secundum
727 2035 811 2063 illum
826 2035 916 2064 vitam
932 2036 1096 2069 instituere,

274 2077 524 2110 quemadmodum
549 2080 578 2105 et
600 2078 709 2106 Paulus
732 2079 774 2107 ait
800 2088 835 2107 :c
849 2080 1012 2109 lmitatores
1039 2080 1096 2108 mei

274 2122 375 2153 estote,
394 2121 469 2147 sicut
484 2125 512 2148 et
526 2130 578 2158 ego
593 2122 701 2150 Christi
712 2123 745 2157 δῖ,
757 2134 771 2148 ››
787 2126 815 2151 et
828 2124 996 2153 Judaaorum
1015 2134 1097 2154 aver-

274 2164 331 2191 sari
361 2165 531 2200 amicitiam,
559 2165 805 2202 incredulitatem,
839 2169 1094 2205 subsannationes,

274 2208 399 2240 fabulas.
412 2210 596 2246 genealogias
610 2211 826 2246 interminatas,
837 2221 900 2248 qua:
911 2214 1009 2249 potius
1019 2223 1096 2251 quae-

275 2253 384 2280 stiones
401 2254 535 2288 atterunt,
548 2263 636 2290 quam
661 2255 882 2285 aedificationem
906 2257 956 2286 Dei
976 2258 1004 2286 in
1022 2259 1093 2291 ﬁde;

1155 966 1169 993 ὁ
1186 965 1294 1003 Κύριος,
1318 965 1417 1002 πωλεῖ,
1433 966 1470 998 ὡς
1496 966 1596 998 ἐκεῖνος
1617 968 1662 995 τὸν
1688 968 1810 1005 Χριστόν.
1827 969 1876 996 Καὶ
1898 970 1914 997 ὁ
1942 972 1983 1007 μή

1155 1010 1252 1048 κρίνων
1278 1010 1398 1049 ὀρφανῷ,
1413 1011 1458 1038 καὶ
1481 1011 1512 1038 τὸ
1539 1010 1640 1039 δίκαιον
1665 1011 1812 1044 ἀποδιδοὺς
1832 1016 1868 1050 τῇ
1891 1016 1983 1051 χήρᾳ,

1156 1055 1170 1082 ὁ
1189 1054 1269 1086 αὐτός
1294 1054 1350 1082 ἐστι
1373 1057 1431 1086 τοῖς
1456 1053 1664 1083 ἐπιϐουλεύσασι
1689 1059 1728 1093 τῷ
1752 1057 1842 1094 Κυρίῳ
1864 1058 1909 1085 καὶ
1935 1069 1983 1086 συ-

1154 1099 1352 1138 κοφαντήσασιν
1368 1099 1458 1127 αὐτόν.
1476 1099 1524 1127 Καὶ
1552 1100 1643 1137 τέλος,
1659 1101 1741 1128 ὁποῖα
1764 1100 1793 1129 ἄν
1814 1112 1854 1133 τις
1877 1102 1916 1133 είς
1935 1103 1983 1130 τὸν

1156 1143 1273 1178 πλησίον
1288 1143 1445 1181 ἐργάσηται,
1460 1146 1544 1172 ταῦτα
1567 1144 1606 1176 είς
1631 1145 1677 1172 τὸν
1706 1146 1802 1183 Κύριον
1827 1145 1980 1184 λογίζεται,

1156 1188 1201 1215 τὸν
1218 1187 1253 1215 δι’
1265 1189 1338 1224 ἡμᾶς
1354 1188 1519 1217 κατελθόντα
1531 1189 1576 1217 καὶ
1601 1190 1668 1228 ὑπὲρ
1687 1191 1767 1227 ἡμῶν
1789 1191 1975 1221 ἀποθανόντα.

1156 1233 1235 1262 Οὕτω
1263 1233 1313 1271 γὰρ
1335 1233 1379 1260 καὶ
1402 1234 1416 1260 ὁ
1440 1233 1538 1271 Κύριος
1563 1233 1589 1261 ἐν
1613 1237 1674 1266 τοῖς
1698 1234 1877 1273 Εὑαγγελίοις
1892 1236 1977 1275 λέγει·

1157 1289 1170 1303 ‹‹
1188 1277 1245 1317 Ἐφ’
1261 1276 1322 1305 ὅσον
1344 1277 1488 1313 ἐποιήσατε
1514 1278 1553 1305 ἐνὶ
1576 1280 1629 1306 τῶν
1658 1282 1761 1317 μικρῶν
1786 1280 1899 1315 τούτων,
1916 1281 1980 1318 {poi

1157 1321 1311 1357 ἐποιήσατε.
1328 1335 1343 1348 ››
1360 1323 1409 1350 Καὶ
1424 1323 1517 1357 πάλιν,
1533 1322 1599 1361 ὅπερ
1616 1323 1685 1351 ἐστὶν
1712 1324 1855 1362 ἀναγκαῖον
1881 1325 1981 1353 εἱδὲναι

1155 1366 1200 1393 καὶ
1228 1369 1330 1403 τηρεῖν·
1363 1379 1373 1392 ι
1405 1367 1435 1396 Ὁ
1462 1367 1601 1405 πορνεύων
1628 1368 1678 1402 τήν
1709 1368 1757 1405 μὶν
1792 1368 1859 1396 ἰδίαν
1886 1371 1979 1407 ψυχὴν

1156 1409 1301 1447 ἀπολλύει,
1318 1409 1419 1449 ὑϐρίζει
1437 1410 1464 1439 δὲ
1478 1411 1523 1438 καὶ
1537 1411 1626 1448 αὐτὸς,
1642 1412 1680 1443 ὡς
1697 1412 1838 1449 Ἰουδαῖοι,
1852 1414 1897 1441 τὸν
1912 1415 1978 1442 ναὸν

1156 1454 1201 1482 καί
1224 1455 1256 1482 τὸ
1278 1457 1357 1492 σῶμα
1379 1454 1427 1483 τοῦ
1452 1455 1550 1493 Κυρίου
1564 1457 1632 1493 (80).
1651 1468 1661 1482 ι
1677 1457 1706 1485 Ὀ
1730 1458 1782 1494 γὰρ
1813 1471 1826 1485 ι.
1844 1458 1890 1485 τὸν
1915 1459 1978 1486 ναὸν

1154 1501 1202 1527 τοῦ
1218 1501 1285 1527 Θεοῦ
1301 1500 1427 1538 φθείρων,
1445 1499 1579 1539 φθείρεται
1594 1501 1643 1528 ὑπὸ
1657 1503 1706 1528 τοῦ
1721 1503 1798 1535 Θεοῦ,
1815 1513 1829 1527 n
1845 1502 1884 1532 ὡς
1904 1505 1979 1530 Παῦ-

1156 1543 1204 1575 λος
1229 1545 1335 1583 γράφει.
1350 1544 1402 1572 Καὶ
1429 1544 1443 1572 ὁ
1473 1544 1520 1581 μὶν
1547 1544 1598 1572 ὑπὸ
1623 1549 1675 1579 τῆς
1704 1545 1836 1583 ἁμαρτίας
1853 1546 1981 1583 βασιλευ-

1155 1588 1252 1625 όμενος
1268 1588 1343 1616 οὐδὲν
1364 1587 1473 1617 ἀποδίιι
1494 1591 1548 1617 τῶν
1573 1589 1746 1627 ἀρνουμένων
1769 1589 1917 1627 Ἰουδαίων,
1933 1592 1979 1619 καὶ

1152 1632 1286 1671 λεγόντων
1319 1634 1357 1670 μὴ
1380 1632 1451 1672 ἔχειν
1475 1633 1587 1672 βασιλέα
1607 1634 1653 1661 τὸν
1675 1633 1788 1671 Κύριον,
1815 1634 1889 1663 ἀλλὰ
1913 1637 1979 1663 Καί-

1151 1687 1229 1715 σαρα.
1245 1678 1288 1712 Μὴ
1319 1677 1447 1716 ἀγνοείτω
1463 1676 1491 1705 δὲ
1512 1678 1526 1705 ὁ
1550 1678 1731 1716 κρατούμενος
1757 1679 1809 1706 ὑπὸ
1831 1681 1885 1707 τῶν
1912 1679 1979 1715 ἡδο-

1150 1724 1216 1757 νῶν,
1231 1723 1275 1750 καὶ
1307 1722 1414 1759 μᾶλλον
1437 1722 1530 1753 αὐταῖς
1553 1722 1729 1759 τερπόμενος,
1745 1723 1786 1751 ὅτι
1815 1724 1860 1751 καὶ
1885 1726 1980 1762 αὐτὸς,

1151 1766 1188 1797 ὡς
1212 1767 1237 1794 οἱ
1262 1767 1399 1803 Ἰουδαῖοι,
1415 1767 1461 1794 τὸν
1488 1765 1629 1804 Βαραϐϐᾶν
1646 1767 1769 1803 αἴτιῖται,
1785 1769 1829 1796 καὶ
1848 1770 1895 1797 τὸν
1920 1770 1978 1798 Κύ-

1152 1822 1210 1850 ριον
1234 1811 1397 1840 ἀποκτείνει.
1423 1811 1503 1840 Οὕτω
1524 1812 1574 1850 γαρ
1594 1812 1620 1839 οἱ
1643 1811 1781 1846 Ἰουδαῖοι,
1796 1813 1841 1841 τὸν
1872 1813 1978 1851 φαῦλον

1150 1856 1252 1894 τρόπον
1278 1856 1462 1894 ἀγαπήσαντες
1495 1856 1542 1884 τὸν
1565 1858 1612 1884 τοῦ
1644 1855 1782 1895 Βαραϐϐἆ,
1808 1857 1904 1886 λοιπὸν
1926 1860 1979 1893 τήν

1151 1900 1249 1938 ἀρετὴν
1264 1900 1423 1937 ἀπεδίωξαν,
1440 1899 1598 1928 Γινωσκὲτω
1623 1899 1651 1928 δὲ
1674 1901 1719 1929 καὶ
1735 1902 1749 1929 ὁ
1768 1902 1805 1938 μὴ
1829 1904 1864 1939 τῇ
1886 1902 1980 1931 πίστει

1152 1945 1275 1983 ἴσχυρὸς,
1292 1945 1333 1973 ὅτι
1361 1945 1486 1976 τοιοῦτός
1514 1945 1595 1981 ἐστιν,
1612 1945 1650 1976 ὡς
1675 1946 1701 1973 oi.
1730 1946 1903 1978 ἀπιστοῦντες
1931 1948 1980 1975 καὶ

1152 1989 1293 2027 λέγοντες*
1314 2002 1327 2016 ι(
1343 1989 1375 2019 Εἰ
1391 1989 1452 2021 Υἱός
1469 1989 1523 2017 ἐστι
1539 1992 1587 2017 105
1602 1992 1679 2025 Θεοῦ,
1695 1988 1837 2018 καταϐάτω
1852 1993 1899 2018 νῦν
1923 1991 1980 2020 ἀπὸ

1153 2036 1199 2062 τοῦ
1229 2036 1354 2072 σταυροῦ,
1383 2034 1428 2062 καὶ
1465 2034 1644 2071 πιστεύσομεν
1677 2034 1761 2071 αὐτῷ.
1792 2046 1806 2060 ι)
1838 2035 1887 2062 Καὶ
1925 2036 1980 2074 γὰρ

1150 2078 1269 2106 κάκεῖνοι
1298 2078 1471 2110 ἀπιστοῦντες
1500 2078 1661 2117 ἐφθίγγοντο
1681 2080 1765 2106 ταῦτα
1788 2080 1854 2115 (81).
1875 2079 1905 2106 Τί
1931 2079 1979 2108 οὖν

1152 2122 1195 2150 ἐπὶ
1216 2122 1323 2154 τούτοις
1336 2123 1392 2161 χρὴ
1408 2125 1495 2150 ποιεῖν
1509 2132 1515 2157 ;
1532 2121 1616 2151 Οὐδὲν
1639 2121 1729 2159 ἕτερον
1744 2123 1760 2157 ἢ
1777 2123 1910 2151 πιστεύειν
1937 2127 1980 2161 τῷ

1150 2168 1267 2203 Χριστῷ,
1283 2168 1328 2195 καὶ
1353 2168 1411 2195 κατ’
1440 2167 1519 2194 αὐτὸν
1545 2166 1745 2201 πολιτεύεσθαι,
1770 2168 1859 2199 καθὼς
1887 2168 1934 2196 καὶ
1963 2170 1979 2196 ὁ

1151 2211 1259 2243 Παῦλος
1283 2211 1366 2250 λέγει·
1390 2224 1404 2238 ‹ι
1428 2211 1554 2248 Μιμηταί
1580 2222 1632 2248 μου
1655 2212 1768 2249 γίνεσθε,
1784 2212 1874 2244 καθὼς
1898 2213 1978 2251 κάγὼ

1151 2258 1280 2291 Χριστοῦ·
1297 2267 1311 2282 ››
1327 2255 1371 2283 καὶ
1387 2256 1435 2290 τήν
1455 2256 1501 2293 μὲν
1517 2254 1653 2284 Ἰουδαίων
1677 2255 1848 2294 ἐκτρέπεσθαι
1873 2257 1978 2295 φιλίαν,

276 2297 422 2325 adhmrere
438 2302 534 2326 autem
548 2299 637 2334 cruci,
650 2301 679 2327 et
693 2302 726 2327 ut
744 2299 795 2328 illa
809 2301 931 2337 dignum
947 2305 991 2330 est
1005 2303 1094 2332 vitam

1151 2301 1194 2329 καὶ
1211 2301 1345 2337 ἀπιστίαν,
1371 2300 1415 2328 καὶ
1440 2300 1556 2338 χλεύην,
1572 2301 1617 2328 καὶ
1643 2300 1755 2337 μύθους,
1781 2301 1825 2328 καὶ
1852 2302 1979 2339 γενεαλος

276 2341 427 2369 instituere
445 2351 450 2369 :
468 2346 556 2379 atque
575 2344 693 2371 easdem
709 2352 782 2380 quas
797 2345 905 2374 Paulus
920 2354 1004 2374 voces
1030 2356 1095 2383 pro-

278 2386 351 2413 ferre
367 2396 398 2413 :u
417 2387 483 2414 Mihi
505 2390 603 2416 autem
626 2388 703 2416 absit
725 2388 853 2425 gloriari,
874 2389 931 2418 nisi
957 2391 985 2418 in
1011 2399 1095 2420 cruce

274 2431 389 2458 Domini
410 2433 501 2459 nostri
523 2432 593 2460 Jesu
608 2432 716 2461 Christi
726 2434 757 2462 ³⁸.
771 2444 786 2458 ››
801 2433 873 2462 Nam
898 2434 924 2462 si
948 2435 989 2463 ita
1003 2435 1093 2464 vitam

272 2483 405 2510 agamus,
423 2477 636 2513 credamusque
650 2477 680 2504 in
698 2478 861 2513 Dominum,
882 2487 1094 2515 cognoscemus

270 2520 334 2555 ejus
351 2520 378 2546 in
396 2521 482 2547 cmlos
499 2522 742 2558 assumptionem,
752 2523 875 2559 ejusque
890 2523 926 2551 ad
943 2524 1090 2553 dexteram

268 2565 430 2600 majestatis
465 2565 642 2599 sessionem;
668 2566 889 2603 videbimusque
918 2568 1089 2604 angelorum

300 2667 350 2705 ait
366 2668 427 2705 Cor.
446 2677 490 2705 δι,
501 2669 545 2696 27.
584 2668 607 2686 ³³
622 2669 703 2705 Prov.
720 2677 777 2705 xw,
792 2669 837 2697 31.

264 2710 303 2736 ιν,
322 2703 364 2729 16.
404 2704 424 2720 ³³
441 2703 534 2731 Gulat.
547 2712 586 2738 v1,
604 2704 647 2731 14.

301 2815 357 2850 ('79)
373 2815 564 2850 Anglicanus,
579 2816 623 2842 καὶ
637 2814 717 2846 αὐτὸς
733 2815 822 2847 οὗτος.

302 2850 357 2885 (80)
374 2851 562 2887 Anglicanus,
577 2853 625 2878 τοῦ
646 2853 743 2886 Ἰησοῦ.
764 2852 842 2881 Infra
865 2853 894 2881 in
918 2854 1017 2883 codice
1032 2854 1086 2883 Re-

249 2995 361 3088 at

1150 2345 1210 2384 γίας
1226 2345 1400 2383 ἀπεράντους,
1416 2344 1513 2376 α’ίτινες
1540 2346 1666 2380 ζητήσεις
1690 2345 1841 2383 παρέχουσι
1867 2345 1978 2382 μᾶλλον

1149 2390 1167 2424 ἢ
1198 2389 1355 2426 οἰκονομίαν
1387 2391 1454 2416 Θεοῦ
1481 2389 1531 2423 τήν
1556 2389 1582 2416 ἐν
1604 2389 1703 2416 πίστει·
1736 2388 1845 2427 ἔχεσθαι
1873 2389 1901 2417 δὶ
1925 2394 1976 2418 τοῦ

1149 2436 1264 2473 σταυροῦ
1292 2434 1337 2461 καὶ
1363 2433 1444 2469 ἀξίως
1473 2433 1554 2461 αὐτοῦ
1583 2432 1782 2471 πολιτεύεσθαι,
1809 2434 1853 2462 καὶ
1883 2433 1972 2473 λέγειν

1147 2479 1194 2510 τὰς
1209 2479 1290 2510 αὐτὰς
1305 2480 1344 2514 τῷ
1372 2477 1473 2514 Παύλῳ
1487 2479 1587 2517 φωνάς·
1606 2490 1620 2504 ι(
1637 2478 1716 2515 Ἐμοὶ
1745 2477 1774 2506 δὲ
1801 2479 1840 2515 μὴ
1864 2478 1973 2516 γένοιτο

1145 2524 1307 2561 καυχᾶσθαι,
1325 2523 1347 2550 εί
1378 2523 1416 2559 μή
1446 2521 1471 2550 ἐν
1500 2524 1540 2558 τῷ
1569 2525 1675 2561 σταυρῷ
1696 2525 1746 2550 τοῦ
1767 2523 1864 2560 Κυρίου
1888 2524 1999 2563 ἡμῶν,

1145 2567 1234 2603 Ἰησοῦ
1263 2569 1390 2606 Χριστοῦ.
1422 2579 1436 2593 ››
1464 2566 1544 2596 Οὕτω
1582 2567 1633 2605 γὰρ
1671 2565 1899 2604 πολιτευσάμενοι
1925 2568 1972 2596 καὶ

881 2670 904 2688 ⁸⁸
919 2670 1021 2698 Matth.
1038 2679 1098 2706 xxv,

1151 2676 1164 2699 ι.
1209 2672 1232 2690 ³⁵
1247 2672 1257 2700 Ι
1274 2671 1338 2699 Cor.
1355 2679 1397 2699 ιιι.
1414 2671 1458 2699 17.
1495 2671 1518 2689 ⁸⁸
1531 2670 1636 2700 Matth.
1649 2679 1738 2706 xxvn,
1755 2671 1799 2700 42.
1838 2671 1860 2689 ³⁷
1876 2672 1887 2699 Ι
1903 2673 1969 2701 Cor.

1140 2818 1410 2858 εἰοιῴς-οιηίειιιω
1429 2820 1498 2858 {nte
1514 2817 1621 2849 Παῦλος
1635 2817 1746 2858 γράφει.

1176 2854 1233 2890 (81)
1248 2854 1365 2891 Regius,
1378 2856 1500 2882 τοιαῦτα.
