4372 6214
466 446 587 505 249

1507 438 1606 498 DE
1651 433 2035 497 PASSIONE
2078 434 2175 495 ET
2219 435 2478 497 CRUCE
2522 436 2826 497 DOMINI.

3754 439 3874 500 250

469 575 849 639 πιστεύσαντες
881 576 956 638 εἶς
1010 576 1101 630 τὸν
1146 575 1367 650 Κύριον,
1416 570 1735 647 γνωσόμεθα
1766 569 1863 637 τὴν
1898 566 1974 630 εἷς
2019 566 2095 621 06-

2231 568 2681 641 suhjectionem,
2737 571 2982 642 ejusque
3010 571 3334 627 secundum
3395 572 3708 628 adventum
3738 589 3872 629 cum

468 665 662 742 ρανοὺς
712 664 979 738 ἀνάληψιν
1028 663 1211 733 αὑτοῦ,
1263 663 1350 717 καὶ
1402 662 1496 729 τὴν
1548 659 1597 712 ἐν
1629 656 1773 728 δεξιᾷ
1800 663 1898 726 τῆς
1947 678 2107 731 μεγα-

467 753 702 823 λοσὺνης
762 755 1016 823 κάθισιν,
1072 752 1160 806 καὶ
1221 753 1319 819 τὴν
1370 754 1477 804 τῶν
1533 744 1774 822 ἀγγέλων
1837 746 2114 819 ὑποταγὴν

467 842 734 916 ὀψόμεθα,
764 841 852 895 καὶ
883 842 982 910 τὴν
1016 841 1149 912 μετὰ
1197 837 1354 909 δόξης
1393 837 1557 891 αὑτοῦ
1587 835 1749 889 πάλιν
1781 833 2104 909 παρουσίαν·

464 930 532 1000 ἢν
581 929 798 1007 ἄγγελοι
862 931 955 1002 μὲν
1014 927 1503 1005 προσημαίνουσιν,
1556 926 1700 998 ἅγιοι
1754 920 1809 977 δὲ
1859 922 2109 993 ὑμνοῦσι·

466 1021 662 1081 πάντες
719 1017 775 1073 δὲ
833 1019 1065 1091 ὁρῶντες
1124 1016 1517 1091 ἀγαλΛιῶνται,
1577 1014 1666 1068 καὶ
1727 1012 2009 1087 χαίρουσιν
2062 1009 2113 1064 ἐν

2224 657 2408 729 gloria
2456 660 2718 714 futurum
2772 676 2786 714 :
2847 660 2948 715 84
3006 678 3180 732 quem
3234 658 3423 731 angeli
3459 660 3876 731 prmnuntiant,

2225 747 2413 801 sancti
2464 748 2815 803 decantant:
2878 765 3084 804 omnes
3141 753 3337 803 autem
3386 749 3483 818 qui
3522 748 3743 813 vident,
3777 763 3876 803 ex-

2226 835 2470 901 sultant,
2524 842 2582 891 et
2638 838 2897 909 gaudent
2956 838 3013 892 in
3068 837 3296 893 Christo
3355 837 3516 905 Jesu,
3567 852 3671 908 per
3699 852 3876 907 quem

2225 924 2384 979 Patri
2442 925 2626 997 gloria
2682 929 2740 982 et
2780 926 3094 998 imperium
3148 927 3206 982 in
3258 925 3470 982 secula
3504 924 3873 982 saeculorum.

2224 1015 2428 1069 Amen.
2840 1040 2847 1043 έ

467 1110 683 1184 Χριστῷ
717 1106 916 1179 Ἰησοῦ,
951 1106 1020 1161 δι’
1050 1107 1112 1161 οὗ
1140 1111 1218 1177 τῷ
1250 1106 1415 1179 Πατρὶ
1446 1107 1481 1173 ἡ
1516 1101 1641 1173 δόξα
1669 1102 1758 1156 καὶ
1786 1101 1849 1156 τὸ
1878 1101 2073 1173 κράτος
2107 1099 2183 1161 εἷς
2213 1100 2341 1164 τοὺς
2373 1102 2569 1164 αἰῶνας
2597 1107 2704 1157 τῶν
2737 1103 2972 1161 αἰώνων.
3008 1104 3204 1177 Ἀμήν.

710 1226 1099 1280 ΑΘΑΝΑΣΙΟΥ
1147 1224 1259 1280 ΕΙΣ
1309 1226 1389 1275 ΤΟ
1431 1224 1656 1277 ΠΑΘΟΣ
1700 1220 1861 1291 (81⁶).

2471 1221 2831 1277 ATHANASII
2868 1223 2956 1277 DE
2991 1222 3319 1279 PASSIONE
3357 1221 3629 1279 DOMINI.

1534 1320 1689 1388 (Mn,
1739 1316 2065 1372 Bibliotheca
2096 1330 2241 1371 nova
2283 1319 2532 1388 Patrum,
2562 1320 2629 1386 II,
2661 1320 2813 1391 578.)

539 1444 567 1471 ‹‹
599 1414 975 1474 Ἐϐασίλευσεν
1023 1417 1049 1471 6
1099 1418 1325 1478 θάνατος
1374 1416 1479 1471 ἀπὸ
1525 1413 1701 1487 Ἀδὰμ
1771 1412 1934 1488 μέχρι
1983 1418 2111 1465 Μω-

464 1507 622 1570 σέως.
659 1532 681 1562 ι
719 1514 879 1583 ’Ἁρτι
914 1506 971 1561 δὲ
1019 1504 1305 1579 τολμήσας
1353 1506 1488 1560 κατᾶ
1537 1502 1633 1559 τοῦ
1663 1502 1880 1578 Κυρίου,
1922 1503 2112 1574 θεωρεῖ

464 1598 650 1653 ἑαυτὸν
684 1590 1017 1665 ἐκϐληθέντα
1062 1599 1159 1650 τοῦ
1206 1596 1426 1661 παντὸς,
1476 1594 1563 1647 καὶ
1615 1593 1716 1646 ὑπὸ
1762 1593 1975 1645 πάντων
2021 1610 2111 1643 κα-

461 1685 872 1758 ταπατούμενον
904 1687 1039 1758 (82),
1090 1685 1179 1739 καὶ
1228 1677 1642 1759 συντριϐόμενον
1688 1681 1790 1735 ὑπὸ
1832 1679 1957 1741 τοὺς
2010 1678 2107 1732 πό-

464 1772 558 1837 δας
605 1777 791 1847 ἡμῶν·
838 1772 900 1829 τό
950 1794 1013 1849 γε
1065 1775 1172 1846 μὴν
1231 1774 1370 1848 μέγα
1416 1772 1505 1826 καὶ
1551 1768 1875 1845 παράδοξον,
1907 1770 1988 1823 δτι
2020 1769 2109 1823 καὶ

461 1862 546 1919 ἐπ’
602 1863 767 1919 αὑτοῦ
822 1867 919 1918 τοῦ
1000 1866 1230 1938 σταυροῦ
1308 1858 1652 1937 κρεμαμένου
1706 1864 1803 1914 τοῦ
1862 1857 2060 1933 Κυρίου
2094 1902 2107 1927 ,

465 1952 652 2027 (αὑτοῦ
684 1954 787 2027 γὰρ
817 1955 881 2022 ἦν
918 1952 976 2007 τὸ
1023 1956 1199 2024 σῶμα,
1248 1948 1337 2005 καί
1382 1950 1432 2005 ἐν
1482 1950 1628 2020 αὐτῷ
1674 1952 1737 2017 ἧν
1772 1950 1799 2003 6
1833 1946 2048 2023 Λόγος’)
2081 1949 2109 2001 6

2295 1438 2321 1463 ‹‹
2350 1416 2633 1486 Regnavit
2663 1434 2822 1473 mors
2852 1419 2923 1473 ab
2953 1420 3175 1476 Adamo
3208 1434 3395 1489 usque
3427 1420 3498 1474 ad
3530 1423 3803 1491 Moysem.
3845 1443 3874 1472 »

2220 1500 2387 1556 Nunc
2414 1520 2549 1559 vero
2583 1504 2809 1561 facinus
2867 1522 3010 1562 ausa
3038 1506 3315 1562 adversus
3346 1507 3684 1571 Dominum,
3719 1508 3876 1565 videt

2220 1606 2282 1645 se
2304 1593 2459 1646 omni
2494 1610 2601 1663 ope
2651 1594 2958 1663 dejectam,
3019 1595 3417 1651 conculcatam
3449 1597 3520 1652 ab
3574 1598 3871 1670 omnibus,

2221 1680 2587 1751 pedibusque
2645 1683 2863 1738 nostris
2896 1685 3221 1754 protritam.
3271 1686 3381 1739 Sed
3413 1687 3567 1756 quod
3591 1702 3873 1757 magnum

2219 1771 2309 1822 est
2356 1768 2917 1842 etinexspectatum,
2954 1773 3081 1844 ipso
3110 1772 3169 1828 in
3227 1789 3397 1829 cruce
3448 1775 3734 1847 pendente
3758 1774 3872 1831 Do-

2221 1856 2380 1912 mino
2402 1856 2605 1929 (hujus
2633 1860 2789 1915 enim
2839 1877 3052 1933 corpus
3104 1865 3247 1929 erat,
3308 1863 3367 1918 in
3397 1879 3581 1935 eoque
3612 1864 3871 1920 Verbum

2220 1945 2525 2017 existebat)
2558 1947 2678 2005 sole
2730 1950 3128 2018 obtenebrato,
3156 1956 3310 2007 terra
3356 1956 3659 2019 tremente,
3693 1953 3874 2024 petris

468 2041 562 2114 μὶν
594 2040 758 2110 ἥλιος
790 2040 1094 2111 ἐσκοτίσθη,
1142 2042 1177 2109 ἡ
1232 2036 1289 2094 δὲ
1336 2046 1407 2114 γῆ
1455 2038 1766 2115 ἰτρόμαξεν,
1816 2038 1870 2091 αἱ
1920 2036 2095 2112 πέτρα

2220 2035 2443 2103 scissis,
2475 2036 2599 2092 velo
2641 2038 2839 2110 templi
2887 2039 3093 2107 diviso,
3146 2039 3467 2112 multisque
3496 2045 3875 2112 pramortuo-

464 2129 815 2207 ἐσχίσθησαν,
863 2130 952 2185 καὶ
1004 2129 1065 2184 τὸ
1115 2128 1497 2202 καταπέτασμα
1541 2131 1638 2182 τοῦ
1687 2130 1817 2181 ναοῦ
1857 2124 2109 2201 ἐσχίσθη,

461 2219 552 2274 καὶ
611 2218 799 2275 πολλᾶ
855 2220 1083 2292 σώματα
1132 2223 1236 2273 τῶν
1297 2215 1830 2293 προκεκοιμωμένων
1890 2213 2105 2285 ἀνέστη·

458 2307 552 2363 καὶ
607 2307 804 2375 οὐδεὶς,
840 2306 1021 2383 ὥσπερ
1078 2312 1170 2361 νῦν
1233 2308 1499 2379 Ἀρειανοὶ
1554 2310 1826 2378 τοΛμῶσι,
1878 2302 2109 2380 διελογί-

461 2416 591 2451 σατο
645 2396 691 2450 εἶ
748 2394 829 2450 δεῖ
885 2396 1211 2471 σαρκωθέντι
1266 2400 1345 2466 τῷ
1402 2395 1566 2470 Λόγῳ
1614 2395 1908 2458 πείθεσθαι·
1962 2392 2108 2449 ἀλλὰ

462 2484 553 2539 καὶ
600 2483 881 2559 ἄνθρωπον
942 2482 1233 2559 βλέποντες
1268 2527 1282 2552 ,
1342 2482 1701 2557 ἐπεγίνωσκον
1760 2482 1917 2537 αὑτὸν
1979 2478 2105 2537 ὅντα

461 2570 802 2648 δημιουργὸν
836 2572 1037 2627 αὐτῶν·
1084 2572 1172 2626 καὶ
1204 2570 1545 2647 ἀνθρωπίνης
1577 2578 1762 2649 φωνῆς
1794 2570 2102 2644 ἀκούοντες,

460 2660 522 2716 οὐ
565 2659 653 2715 διὰ
706 2662 769 2716 τὸ
829 2662 1163 2736 ἀνθρώπινον
1226 2656 1411 2735 ἔλεγον
1470 2657 1551 2714 ὅτι
1611 2662 1638 2715 6
1684 2659 1853 2735 Λόγος
1902 2659 2102 2731 κτίσμα

458 2749 619 2803 ἐστίν·
672 2748 817 2804 ἀλλὰ
871 2757 959 2804 καὶ
1016 2747 1225 2822 μᾶλλον
1278 2748 1500 2824 ἔτρεμον
1537 2796 1551 2821 ,
1601 2748 1688 2802 καὶ
1744 2747 1893 2803 οὐδὲν
1937 2752 2097 2817 ἧττον

456 2837 773 2913 ἐγίνωσκον,
833 2837 915 2892 ὅτι
973 2836 1031 2891 ἐκ
1086 2841 1245 2891 ναοῦν
1303 2837 1460 2912 ἁγίου
1526 2836 1823 2912 ἐφθέγγετο·
1884 2837 1945 2892 οὐ
1994 2838 2097 2912 γὰρ

455 2926 658 2999 κτίσμα
706 2930 740 2996 ἡ
799 2926 969 2988 κτίσις
1046 2931 1356 3002 προσκυνεῖ·
1436 2923 1561 2981 οὑδὶ
1629 2924 1793 2980 πάλιν
1855 2922 1944 2980 διὰ
1995 2929 2094 2997 τὴν

458 3013 627 3089 σάρκα
661 3057 676 3084 ,
736 3020 1032 3091 παρῃτεῖτο
1085 3016 1175 3069 τὸν
1234 3013 1431 3089 Κύριον
1486 3015 1678 3083 ἑαυτῆς
1740 3020 2094 3091 προσκυνεῖν,

456 3102 603 3158 ἀλλὰ
654 3104 745 3157 τὸν
804 3104 997 3171 εαυτῆς
1030 3100 1368 3178 δημιουργὸν
1402 3097 1625 3157 ἔϐλεπεν
1654 3102 1705 3156 ἐν
1755 3107 1831 3174 τῷ
1860 3104 2092 3175 σώματι·

453 3189 543 3245 καὶ
575 3190 626 3244 ἐν
658 3190 737 3261 τῷ
767 3191 992 3264 ἀνόματι
1040 3193 1219 3261 Ἰησοῦ
1267 3193 1495 3266 Χριςτοῦ
1542 3195 1644 3244 πᾶν
1690 3189 1818 3264 γόνυ
1857 3189 2096 3263 ἔκαμπτε

452 3276 541 3332 καὶ
590 3278 833 3352 κάμψει,
890 3276 977 3332 καὶ
1037 3278 1178 3331 πᾶσα
1231 3276 1452 3353 γλῶσσα
1496 3276 1951 3353 ἐξομολογήσεται
2010 3277 2093 3334 ὅτι

456 3364 653 3441 Κύριος
703 3367 907 3436 Ἰησοῦς
954 3364 1204 3438 Χριστός·
1258 3364 1319 3419 οὐ
1366 3365 1470 3440 γὰρ
1530 3362 1739 3438 ἀδοξίαν
1798 3363 2021 3440 ἤνεγκεν
2054 3370 2088 3437 ἡ

456 3454 585 3526 σὰρξ
614 3458 691 3525 τῷ
720 3455 900 3530 Λόγῳ·
938 3456 1011 3527 μὴ
1057 3455 1287 3529 γένοιτο·
1339 3451 1484 3507 ἀλλᾶ
1530 3452 1740 3525 μαλλον
1775 3453 1908 3524 αὕτη
1942 3454 2096 3511 δεδό-

456 3542 639 3614 ξασται
685 3544 811 3617 παρ’
857 3542 1042 3598 αὑτοῦ·
1088 3540 1213 3597 οὐδὲ
1262 3540 1448 3610 ἐπειδὴ
1482 3540 1681 3596 δούλου
1718 3545 1936 3621 μορφὴν
1980 3543 2097 3600 ἂνέ-

456 3626 618 3685 λαϐεν
674 3633 701 3686 6
752 3631 803 3685 ἐν
855 3632 1041 3708 μορφῇ
1079 3634 1212 3685 Θεοῦ
1263 3629 1523 3705 ὑπάρχων
1570 3631 1693 3692 Υἰὸς
1726 3675 1739 3700 ,
1799 3630 2093 3705 ἠλαττώθη

450 3725 551 3789 τῆς
581 3720 859 3790 θεότητος,
893 3718 1038 3775 ἀλλὰ
1073 3716 1287 3792 μᾶλλον
1312 3718 1401 3773 καὶ
1427 3717 1585 3781 αὐτὸς
1606 3717 1972 3797 ἐλευθερωτής
1999 3723 2096 3777 πά-

453 3829 554 3877 σης
586 3810 780 3883 σαρκὸς
829 3810 919 3864 καὶ
957 3811 1134 3877 πάσης
1183 3806 1410 3870 κτίσεως
1452 3808 1691 3884 γέγονεν·
1727 3810 1786 3871 ὃς
1815 3810 1905 3864 καὶ
1937 3832 2095 3866 σταυ-

452 3894 717 3969 ρούμενος
750 3940 767 3962 ,
820 3895 1174 3971 ἐμαρτυρεῖτο
1224 3895 1499 3966 Δεσπότης
1545 3903 1645 3965 τῆς
1691 3897 1911 3960 κτίσεως
1946 3917 1959 3931 ·
2002 3920 2092 3953 συ-

450 3983 758 4047 πείλαψτος
814 3987 907 4059 μὲν
958 3986 1122 4055 ἡλίου
1168 3986 1261 4048 τὰς
1294 3986 1535 4052 ἀκτῖνας,
1565 3987 1654 4040 καὶ
1701 3992 1802 4054 τῆς
1833 3994 1935 4061 γῆς
1970 4009 2091 4063 τρε-

452 4074 685 4150 μορσης,
714 4078 818 4129 τῶν
853 4072 910 4130 δὲ
956 4079 1167 4150 πετρῶν
1201 4077 1566 4149 σχιζομένων,
1599 4074 1686 4129 καὶ
1718 4079 1824 4130 τῶν
1874 4074 2087 4148 δημίων

445 4143 800 4238 ἐπιγνόντων,
835 4162 917 4218 ὅτι
968 4143 1191 4233 ἀληθῶς
1239 4143 1380 4218 ὖεοῦ⁷
1422 4143 1559 4225 Υἱός
1600 4162 1739 4218 ἐστιν
1790 4164 1819 4218 ὁ
1854 4143 2092 4240 παὺρω-

441 4252 595 4313 θείς·
659 4252 720 4307 οὗ
782 4253 885 4327 γὰρ
946 4253 1229 4326 ἀνθρώπου
1284 4254 1433 4313 τινὸς
1498 4254 1564 4320 ἦν
1622 4253 1687 4306 τὸ
1748 4253 2085 4326 βλεπόμενον

443 4346 624 4413 σῶμα,
674 4339 827 4396 ἀλλὰ
882 4345 1035 4395 Θεοῦ·
1099 4339 1150 4394 ἐν
1211 4341 1257 4411 ᾧ
1316 4341 1603 4415 τυγχάνων
1649 4339 1739 4393 καὶ
1790 4339 1879 4393 ὅτε
1909 4340 2088 4396 ἐσταυ-

442 4433 626 4503 ροῦτο,
659 4429 848 4503 ἤγειρε
897 4428 1117 4503 νεκρούς
1154 4447 1164 4459 ·
1221 4425 1310 4481 ὅτε
1354 4428 1443 4482 καὶ
1479 4426 1506 4481 ὁ
1534 4427 1698 4495 ἥλιος
1745 4427 2083 4503 ἀγανακτῶν,

442 4516 531 4572 καὶ
568 4519 644 4590 μή
669 4517 843 4594 φέρων
874 4516 969 4577 τὰς
1000 4515 1135 4571 κατὰ
1175 4520 1273 4569 τοῦ
1317 4520 1502 4571 κοινοῦ
1548 4517 1763 4571 πάντων
1813 4518 2084 4573 Δεσπότου

440 4605 733 4681 γενομένας
790 4606 1100 4678 σωματικὰς
1149 4599 1370 4679 ὕϐρεις,
1425 4604 1488 4666 ἃς
1546 4606 1681 4660 ἑκὼν
1731 4604 1890 4668 αὐτὸς
1950 4607 2081 4684 ὑπὲρ

436 4696 601 4767 ἡμῶν
664 4694 967 4768 ὑπέμεινεν,
1019 4694 1355 4770 ἀπεστράφη·
1414 4694 1504 4748 καὶ
1557 4696 1653 4757 τὰς
1711 4694 1928 4758 ἀκτῖνας
1986 4718 2076 4753 συ-

439 4783 672 4854 στείλας,
702 4786 802 4854 τήν
834 4785 1042 4859 ἡμέραν
1078 4781 1289 4854 ἐκείνην
1324 4781 1551 4854 ἀνήλιον
1586 4780 1802 4855 ἔδειξεν.

507 4969 647 5035 (81³)
676 4968 761 5022 Ita
784 4968 998 5022 diserte
1027 4967 1157 5023 cod.
1217 4966 1344 5021 Vat.
1379 4967 1536 5021 1611.
1586 4998 1654 5008 -
1690 4967 1823 5023 Jam
1853 4983 1987 5024 vero
2018 4970 2079 5025 in

429 5038 650 5111 Veneta
695 5040 749 5093 S.
791 5038 1093 5111 Athanasii
1126 5037 1377 5093 editione
1406 5042 1449 5094 t.
1486 5039 1554 5108 Il,
1590 5056 1646 5110 p.
1677 5040 1741 5093 61
1779 5056 1926 5111 seq..
1957 5056 2076 5095 ser-

380 5126 526 5165 v'mo
557 5110 805 5184 habetur
846 5110 932 5184 De
986 5111 1233 5184 passione
1291 5112 1535 5184 Domini,
1594 5126 1767 5184 quem
1809 5110 1941 5184 cum
1972 5128 2078 5184 ego

428 5197 563 5238 cum
595 5182 703 5235 hac
724 5184 781 5252 et
810 5178 939 5235 aliis
970 5178 1040 5252 de
1068 5181 1338 5252 passione
1370 5178 1633 5250 partibus
1664 5182 1719 5235 in
1755 5182 1949 5236 codice
1978 5178 2079 5238 n'o-

425 5258 546 5308 stro
606 5268 639 5306 a
686 5251 882 5306 Niceta
940 5251 1228 5324 eclogario
1259 5252 1464 5324 positis
1494 5253 1839 5323 conferrem,
1871 5254 2074 5324 depre-

420 5324 600 5396 hendi
658 5338 987 5379 sermonem
1054 5323 1522 5396 illummutilum
1581 5340 1730 5388 esse,
1764 5323 2075 5396 partesque

421 5395 643 5467 aliquot
699 5395 919 5451 codicis
947 5410 1079 5449 cum
1113 5389 1365 5449 editione
1394 5410 1729 5463 congruere,
1762 5389 1958 5467 partes
1980 5389 2073 5452 ta-

420 5466 554 5525 men
584 5466 729 5524 alias
788 5467 961 5522 modo
1002 5482 1182 5521 novas
1212 5482 1362 5532 esse,
1408 5467 1577 5521 modo
1609 5466 2068 5525 satis’diversas.

2222 2139 2353 2177 rum
2408 2125 2750 2196 corporibus
2781 2128 2849 2182 ad
2902 2128 3081 2183 vitam
3115 2129 3421 2199 revocatis,
3476 2145 3647 2185 nemo
3677 2134 3871 2186 tamen

2220 2213 2576 2283 ambigebat,
2596 2219 2659 2269 ut
2680 2231 2835 2271 nunc
2865 2217 3142 2272 audacter
3174 2217 3396 2273 faciunt
3423 2217 3640 2286 Ariani,
3672 2236 3745 2274 an
3776 2218 3871 2274 in-

2219 2307 2455 2357 carnato
2509 2302 2696 2358 Verbo
2736 2310 2889 2360 esset
2946 2306 3351 2363 credendum:
3408 2308 3511 2363 sed
3565 2307 3863 2365 hominem

2218 2396 2542 2457 cernentes,
2575 2399 2937 2463 agnoverunt
2991 2412 3125 2449 eum
3184 2396 3516 2452 Creatorem
3566 2413 3774 2453 suum:
3811 2402 3868 2454 et

2215 2477 2535 2534 humanam
2568 2497 2762 2536 vocem
2801 2483 3253 2553 audientes,non
3286 2490 3480 2540 tamen
3500 2486 3573 2540 ob
3592 2486 3869 2542 humani-

2212 2570 2391 2622 tatem
2423 2569 2655 2624 aiebant
2684 2570 2940 2625 Verbum
2987 2589 3115 2627 esse
3172 2578 3500 2629 creaturam
3528 2590 3539 2629 :
3566 2576 3667 2630 sed
3699 2575 3865 2632 vehe-

2211 2657 2598 2714 mentiusimo
2620 2660 2959 2714 metuebant
2984 2677 2995 2715 :
3021 2678 3202 2730 neque
3215 2678 3346 2717 eum
3371 2664 3562 2717 secius
3586 2679 3863 2735 agnosce-

2210 2747 2372 2817 bant,
2410 2764 2586 2817 quam
2622 2747 2670 2803 si
2699 2749 2770 2803 de
2788 2749 3007 2819 templo
3040 2755 3242 2805 sancto
3282 2752 3519 2806 oracula
3550 2752 3862 2807 emitteret.

2206 2833 2330 2889 Non
2354 2834 2511 2890 enim
2527 2852 2647 2890 rem
2667 2840 2921 2892 creatam
2948 2842 3214 2894 creatura
3237 2840 3442 2895 adorat
3465 2856 3479 2907 ;
3513 2855 3702 2911 neque
3724 2841 3863 2896 item

2207 2924 2402 2979 carnis
2433 2941 2611 2980 causa
2649 2926 2933 2982 renuebat
2968 2927 3283 2984 Dominum
3343 2945 3516 2983 suum
3577 2931 3863 3000 venerari,

2207 3012 2306 3067 sed
2341 3013 2670 3069 Creatorem
2702 3031 2876 3069 suum
2926 3015 2985 3070 in
3036 3033 3276 3088 corpore
3307 3018 3613 3089 spectabat
3644 3033 3658 3073 :
3692 3022 3864 3089 atque

2205 3100 2265 3155 in
2298 3101 2532 3156 nomine
2560 3102 2698 3157 Jesu
2747 3103 2958 3159 Christi
3008 3121 3180 3159 omne
3231 3121 3385 3176 genu
3444 3110 3570 3161 tum
3601 3106 3865 3162 ﬂecteba-

2203 3194 2301 3244 tur
2325 3207 2391 3245 ac
2419 3207 2590 3261 porro
2621 3190 2901 3259 ﬂectetur,
2919 3196 2976 3248 et
3007 3193 3201 3248 omnis
3234 3193 3435 3265 lingua
3464 3194 3862 3250 conﬁtebitur,

2204 3279 2357 3350 quod
2380 3279 2670 3335 Dominus
2690 3284 2779 3335 est
2806 3283 2980 3337 Jesus
3011 3281 3301 3339 Christus.
3336 3282 3563 3339 Etenim
3603 3300 3736 3339 caro
3768 3283 3859 3339 in-

2208 3367 2458 3439 glorium
2492 3369 2741 3425 Verbum
2773 3387 2889 3426 non
2920 3371 3107 3427 eﬂ‘ccit
3133 3397 3146 3439 ;
3174 3371 3365 3440 absit;
3400 3373 3501 3428 sed
3532 3372 3862 3444 ipsamagis

2209 3473 2243 3512 a
2268 3456 2456 3513 Verbo
2474 3457 2797 3529 gloriﬁcata
2827 3459 2954 3514 fuit.
2987 3460 3102 3515 Nec
3131 3461 3271 3531 quia
3300 3460 3453 3517 servi
3484 3461 3732 3517 formam
3766 3478 3860 3517 ao-

2207 3546 2383 3618 cepit,
2417 3548 2515 3618 qui
2550 3547 2609 3601 in
2643 3548 2829 3603 forma
2885 3547 2987 3603 Dei
3010 3554 3135 3604 erat
3168 3548 3365 3617 Filius,
3398 3550 3526 3606 ideo
3556 3550 3861 3605 divinitate

2205 3635 2540 3690 deminutus
2573 3636 2720 3703 fuit;
2754 3637 2868 3692 imo
2898 3653 3033 3692 vero
3092 3636 3217 3709 ipse
3266 3637 3545 3694 liberator
3572 3639 3861 3695 universae

2203 3724 2399 3779 carnis
2428 3724 2733 3794 omnisque
2764 3731 3039 3781 creaturae
3071 3726 3254 3781 evasit
3278 3743 3290 3779 :
3318 3743 3491 3797 quem
3520 3728 3697 3783 etiam
3731 3744 3860 3783 cru-

2204 3813 2439 3867 ciﬁxum
2498 3814 2868 3869 testabantur
2895 3814 3212 3869 Dominum
3248 3831 3377 3869 esse
3406 3819 3732 3869 creatarum
3768 3832 3855 3871 re-

2204 3918 2359 3967 rum,
2392 3901 2477 3957 sol
2509 3902 2704 3956 radios
2738 3919 2877 3957 suos
2926 3903 3300 3969 eontrahens,
3343 3905 3498 3956 terra
3547 3918 3854 3968 concussa,

2203 3995 2378 4061 petrae
2408 3990 2627 4055 scissas,
2682 3990 2984 4045 carnifices
3036 3993 3417 4060 agnoscentes
3446 4006 3579 4046 vere
3628 3991 3726 4046 Dei
3760 3992 3853 4047 Fi-

2199 4077 2346 4133 lium
2394 4095 2524 4134 esse
2556 4094 2727 4148 quem
2788 4077 3213 4133 cruciﬁxerant.
3246 4078 3468 4150 Quippe
3489 4078 3643 4134 haud
3677 4079 3855 4136 alicu-

2189 4166 2291 4237 jus
2325 4167 2581 4221 hominis
2611 4183 2823 4239 corpus
2853 4171 2977 4223 erat
2997 4167 3150 4237 quod
3175 4168 3675 4239 spectabatur.sed
3709 4170 3805 4224 Dei
3836 4187 3849 4236 ;

2196 4254 2253 4309 in
2288 4271 2401 4324 quo
2430 4257 2620 4310 deitas
2651 4255 3067 4324 existens,tum
3100 4256 3275 4311 etiam
3307 4272 3442 4311 cum
3473 4257 3854 4330 cruciﬁgeba-

2194 4346 2312 4413 tur,
2348 4348 2609 4400 mortuos
2638 4344 2985 4400 suscitabat.
3020 4346 3139 4409 Quo
3170 4350 3431 4416 tempore
3463 4345 3551 4401 sol
3576 4346 3848 4418 indigna-

2194 4436 2290 4488 tus
2324 4433 2527 4488 faciem
2559 4432 2785 4504 avertit,
2820 4432 3062 4488 minime
3089 4432 3284 4489 videre
3315 4432 3620 4490 sustinens
3652 4434 3846 4490 illatas

2194 4523 2492 4577 communi
2512 4522 2778 4578 omnium
2802 4521 3050 4577 Domine
3065 4523 3397 4594 corporales
3423 4523 3849 4594 injurias,quas

2192 4610 2286 4665 hic
2335 4616 2540 4681 sponte
2571 4627 2673 4682 pro
2707 4611 2875 4666 nobis
2933 4610 3219 4666 toleravit.
3257 4612 3459 4683 Itaque
3497 4612 3678 4667 radiis
3707 4627 3842 4669 con-

2190 4700 2412 4767 tractis,
2446 4700 2596 4755 diem
2620 4698 2790 4754 illum
2822 4699 2950 4755 sine
2978 4698 3102 4755 sole
3132 4700 3421 4771 praestitit.

2190 4972 2440 5028 Omissis
2472 4973 2668 5043 itaque
2696 4972 2963 5043 partibus
2996 4971 3236 5027 omnino
3266 4970 3460 5041 editis,
3490 4971 3614 5027 hac
3642 4977 3835 5028 tamen

2230 5044 2466 5099 raeclara
2497 5044 2899 5115 additamenta
2929 5044 2986 5097 in
3019 5043 3207 5098 lucem
3241 5044 3585 5115 proferenda
3616 5045 3833 5115 putavi.

2241 5115 2341 5169 ihil
2377 5131 2570 5169 moror
2599 5113 2847 5170 alterum
2882 5116 2951 5169 de
2982 5115 3074 5170 die
3106 5113 3449 5171 Para'sceves
3481 5113 3831 5185 sermonem,

2188 5187 2287 5257 qui
2347 5186 2405 5240 in
2451 5186 2653 5240 eodem
2689 5186 2988 5258 Athanasii
3018 5191 3196 5251 tomo,
3231 5205 3285 5258 p.
3320 5188 3444 5255 385,
3468 5186 3700 5257 legitur,
3734 5188 3831 5258 qui

2186 5273 2375 5327 neque
2406 5257 2707 5311 Athanasii
2768 5258 3002 5313 nomine
3034 5257 3247 5330 dignus
3277 5265 3387 5327 est,
3421 5274 3608 5329 neque
3640 5259 3710 5312 ad
3743 5257 3835 5314 ex-

2184 5336 2381 5399 cerpta
2407 5334 2609 5383 nostra
2641 5330 2909 5399 pertinet.

2257 5400 2373 5476 (82)_
2394 5400 2685 5455 Hactenus
2715 5401 2805 5455 ed.
2839 5400 2935 5457 cit.
2968 5418 3026 5475 p.
3083 5402 3154 5457 78
3210 5401 3270 5459 C.
3302 5402 3579 5476 Sequitur
3621 5400 3829 5456 deinde

2182 5486 2330 5527 nova
2361 5471 2479 5526 hinc
2508 5488 2665 5545 pars.
2698 5476 2776 5528 In.
