2186 3107
262 162 320 193 251
857 162 890 193 S.
914 162 1093 193 ATHANAE

1147 161 1179 193 S.
1188 180 1227 186 —
1244 163 1377 195 DUBIA.
1908 165 1972 195 252

1755 235 1970 242 —._

761 285 796 313 IN
812 285 949 314 LIBRUM
973 286 1018 314 DE
1037 286 1272 315 VIRGINITATE
1292 287 1469 316 MONlTUM.

299 344 326 371 1.
351 344 430 371 Haud
454 344 500 371 abs
524 352 553 371 re
580 343 718 371 dubitauit
732 344 872 377 Erasmus,
903 345 976 371 sitne
992 344 1140 372 Athanasii
1169 345 1214 373 hic
1229 346 1310 380 liber,
1336 347 1414 382 cujus
1437 354 1502 374 sane
1529 347 1616 382 slytus
1642 347 1758 381 simplex
1785 348 1809 373 et
1834 347 1973 382 incultus,

265 389 449 416 Athanasium
465 389 546 425 longe
561 389 684 424 inferior
694 389 815 416 videtur.
831 389 896 416 Post
921 390 1065 416 Erasmum
1094 398 1160 417 vero
1189 390 1323 418 Scultetus
1351 391 1515 426 hujusmodi
1538 399 1570 418 ea
1585 391 1617 419 de
1631 399 1661 418 re
1680 392 1744 418 tulit
1753 391 1911 426 judicium:
1929 392 1973 419 De

264 434 440 470 virginitate,
458 434 561 469 inquit,
579 433 639 461 sive
654 434 690 461 de
705 434 894 461 meditatione
906 433 991 466 liber,
1008 434 1032 461 si
1047 434 1201 461 Athanasii
1217 438 1272 469 est,
1286 435 1359 463 mire
1375 435 1482 470 dejecit
1497 435 1616 471 stylum,
1632 435 1728 470 inquit
1741 435 1891 463 Erasmus.
1910 436 1972 471 Ego

264 486 331 505 vero
347 480 375 505 et
389 479 560 514 gravitatem
583 477 777 514 theologicam
790 477 932 513 abjecisse
946 478 1139 506 Athanasium
1156 479 1288 512 dixerim,
1302 480 1326 507 si
1343 480 1411 507 istas
1424 479 1551 516 pueriles
1562 480 1772 515 przeceptiones
1783 480 1889 515 virgini
1899 488 1973 515 pra:-

263 523 391 559 scripsit.
418 523 502 551 Certe
531 530 687 550 commune
703 521 776 549 nihil
790 522 899 550 habent
914 530 980 549 cum
1005 523 1155 559 germanis
1168 523 1261 551 Patris
1283 524 1466 552 celeberrimi
1483 524 1611 560 scriptis.
1633 524 1687 552 Sed
1699 524 1867 559 obstupescas
1881 524 1975 559 plane

261 568 286 595 si
301 567 436 600 advertas,
450 567 610 602 cujusmodi
624 568 680 594 sint
694 567 754 594 ista!
768 567 891 602 pueriles
905 568 1110 602 praceptiones.
1127 567 1265 595 Hortatur
1284 568 1419 604 virgines,
1436 569 1529 596 subdit
1538 569 1685 602 Scultetus,
1701 569 1735 596 ad
1752 570 1974 604 comtemptum

263 612 392 648 pecuniae
404 611 705 647 jejunium,sobriam
721 611 822 645 vitam,
839 612 942 639 castita
952 614 1023 645 tem,
1046 620 1158 647 preces,
1182 613 1431 641 conversationem
1459 616 1601 646 sanctam,
1624 613 1850 648 eleemosynsm,
1875 613 1975 640 medi-

262 657 391 684 tationes
405 658 532 689 sanctas,
550 655 748 683 recitationem
763 655 945 683 Psalmorum
958 658 986 683 et
1000 656 1058 683 alia
1074 656 1101 683 id
1114 664 1217 692 genus.
1230 657 1395 685 Prescribit
1423 660 1452 685 et
1479 659 1573 685 certas
1597 657 1686 685 horas
1710 656 1837 691 lectioni,
1854 657 1973 692 synaxi,

267 700 476 736 deprecationi,
495 699 833 736 bymnis.Testificatur,
845 699 928 727 illum
944 700 973 727 in
987 700 1073 727 tertio
1088 700 1189 728 ordine
1204 700 1374 736 angelorum
1386 701 1537 728 inventum
1554 701 1652 736 iri,qui
1670 703 1813 736 praecepta
1828 700 1888 728 haec
1904 709 1975 728 ser-

265 744 383 773 vaverit.
400 744 440 772 De
468 744 563 772 salute
576 753 631 772 sua
646 744 796 772 neminem
812 746 879 772 ante
904 744 1018 772 obitum
1029 747 1140 772 certum
1156 753 1221 773 esse
1240 753 1326 781 posse
1341 746 1433 773 docet.
1452 747 1492 773 Εη
1506 746 1568 778 tibi,
1583 746 1700 773 Scultcti
1708 745 1826 781 judicio,
1839 745 1973 781 pueriles

262 788 484 825 praeceptiones,
501 796 564 824 quae
579 792 677 816 tamen
692 789 758 817 alia
780 797 834 816 non
858 791 923 816 sunt
953 797 1034 825 quam
1049 797 1087 816 eae
1102 797 1169 824 quas
1183 790 1314 817 Dominus
1328 791 1358 817 in
1373 790 1534 825 Evangelia,
1551 790 1581 817 ι).
1599 790 1704 817 Paulus
1720 790 1749 817 in
1764 789 1894 825 Epistolis
1909 790 1973 816 suis

261 834 390 861 tradidit.
410 833 484 862 Unde
494 834 690 868 praeceptiones
706 834 773 861 istas
788 833 963 861 arbitramur
978 842 1036 861 esse
1058 834 1100 869 pii
1109 834 1265 869 cujusdam,
1282 842 1429 870 rerumque
1438 835 1683 862 ecclesiasticarum
1696 835 1781 870 periti
1794 835 1868 861 viri:
1883 834 1972 861 Atha-

261 879 337 905 nasii
347 882 439 906 tamen
452 886 510 906 esse
524 879 573 905 vix
586 878 860 913 crediderimus,cum
875 878 907 906 ob
922 878 1059 906 diversum
1075 880 1214 906 orationis
1228 884 1390 914 genus,tum
1405 880 1471 914 quia
1480 880 1511 906 in
1525 879 1648 914 antiquis
1662 878 1868 907 collectionibus
1878 879 1971 906 Atha-

262 923 387 950 nasianis
399 931 454 951 non
469 924 615 959 reperitur.

300 968 334 995 Il.
345 969 481 996 Cmterum
492 968 586 1003 palam
596 969 635 996 est
648 968 787 995 diversum
800 975 855 995 esse
869 968 942 995 hunc
954 968 1070 1001 librum,
1085 977 1103 996 a
1116 968 1286 996 sermonibus
1300 968 1487 996 consolatoriis
1497 968 1532 996 ad
1557 969 1693 1003 virginem
1709 968 1831 996 laudatis
1850 976 1868 995 α
1883 968 1968 995 Γλω-

262 1012 365 1046 doreto,
384 1011 433 1039 lib.
446 1021 466 1040 ιι
482 1012 555 1040 Hist.
569 1012 655 1048 Eccl.,
670 1021 693 1040 ε.
712 1013 738 1045 4,
751 1012 783 1040 de
798 1012 897 1048 quibus
912 1013 992 1040 alias.
1007 1013 1092 1041 Nulla
1104 1014 1203 1049 quippe
1213 1014 1257 1041 hic
1268 1013 1368 1041 mentio
1382 1014 1594 1047 persecutionis,
1610 1013 1689 1049 cujus
1704 1021 1789 1041 causa
1803 1012 1866 1040 illos
1880 1012 1971 1040 edidit

261 1056 440 1084 Athanasius.
458 1057 542 1085 Porro
557 1058 606 1085 hoc
615 1058 644 1084 in
655 1057 788 1093 opusculo
802 1060 991 1085 memorantur
1005 1061 1124 1093 hymnus
1137 1057 1235 1085 Gloria
1247 1058 1276 1085 in
1293 1057 1427 1091 excelsis,
1443 1062 1540 1085 cantus
1554 1057 1679 1086 Alleluia
1698 1057 1848 1085 versiculus
1864 1057 1969 1085 Gloria

261 1100 350 1134 Patri,
367 1106 419 1129 etc.
435 1103 469 1129 Et
484 1110 562 1129 nunc
573 1103 601 1129 et
615 1109 742 1137 semper,
753 1103 817 1135 σία,
828 1106 854 1130 et
864 1102 923 1129 alia
938 1102 970 1130 id
984 1110 1080 1137 genus,
1096 1109 1158 1138 quae
1171 1103 1296 1137 fortassis
1311 1103 1446 1138 sequioris
1461 1110 1545 1138 quam
1563 1102 1747 1131 Athanasiani
1757 1103 1811 1130 avi
1825 1101 1969 1129 videbun-

263 1146 318 1173 tur.
334 1145 388 1173 Sed
399 1146 434 1174 de
449 1146 492 1174 his
507 1148 568 1181 [use
582 1146 612 1174 in
628 1146 793 1181 Prae/aliane
801 1147 935 1182 generali.

849 1276 912 1300 ΤΟΥ
930 1276 973 1301 ΕΝ
994 1277 1108 1302 ΑΓΙΟΙΣ
1128 1276 1260 1303 ΠΑΤΡΟΣ
1281 1275 1377 1304 ΗΜΩΝ

935 1359 1299 1407 ΑΘΑΝΑΣΚΠ¹

751 1461 828 1488 ΠΕΡΙ
849 1460 1058 1495 ΠΑΡΘΕΝΙΑΣ,
1078 1459 1159 1487 ΗΤΟΙ
1178 1459 1257 1487 ΠΕΡΙ
1278 1459 1464 1487 ΑΣΚΗΣΕΩΣ

1098 1545 1133 1552 ...-

818 1602 1417 1651 S.P.N.ATHANASH

802 1696 847 1724 DE
876 1695 1094 1729 VIRGINITATE,
1125 1695 1203 1724 SIVE
1230 1696 1279 1724 DE
1305 1695 1435 1724 ASCESI.

302 1838 326 1866 1.
343 1838 500 1866 Exordium
513 1838 658 1867 sermonis
673 1838 777 1867 salutis
800 1839 836 1867 ad
865 1839 1018 1875 virginem.
1032 1839 1091 1867 Pri-

1185 1839 1209 1866 1.
1226 1838 1313 1875 Ἀρχὴ
1327 1836 1411 1875 λόγου
1426 1836 1562 1874 σωτηρίας
1578 1836 1647 1875 πρὸς
1660 1837 1710 1871 τὴν
1730 1837 1871 1874 παρθένον.
1891 1839 1973 1874 11ρῶ-

265 1891 345 1911 mum
363 1883 494 1910 omnium
513 1884 597 1911 crede
612 1883 641 1911 in
659 1892 750 1911 unum
764 1886 854 1912 Deum
871 1884 984 1911 Patrem
1000 1883 1091 1911 omni-

1147 1892 1193 1910 τον
1217 1882 1324 1909 πάντων
1351 1881 1494 1909 πίστιυσον
1523 1881 1559 1912 εἰς
1586 1879 1632 1908 ἓνα
1655 1881 1718 1909 Θεὸν
1746 1881 1850 1920 Πατέρα
1872 1892 1975 1909 παντο-

264 1928 422 1963 potentem,
451 1928 610 1956 visibilium
641 1930 670 1956 et
692 1928 886 1956 invisibilium
900 1927 1092 1956 conditorem.

1147 1927 1275 1964 κράτορα,
1301 1927 1404 1964 ὁρατῶν
1425 1926 1469 1953 καὶ
1496 1926 1618 1963 ἀοράτων
1643 1926 1774 1961 ποιητήν·
1797 1926 1841 1953 καὶ
1865 1926 1903 1956 εἷς
1925 1927 1972 1953 τὸν

264 1972 300 2000 Et
324 1972 353 1999 in
383 1972 568 2008 unigenitum
588 1973 652 2009 ejus
677 1972 783 2001 Filium
808 1974 907 2000 Iesum
933 1972 1092 2005 Christum,

267 2017 316 2052 qui
345 2019 389 2044 est
416 2017 582 2044 substantia
607 2017 710 2052 Patris,
742 2017 880 2053 Patrique
919 2025 971 2053 per
994 2017 1092 2045 omnis

268 2061 397 2096 potentia
412 2062 541 2096 aequalis,
559 2062 608 2097 qui
624 2064 692 2090 ante
707 2062 814 2090 saecula
824 2062 890 2090 fuit.
906 2062 940 2089 Et
954 2062 984 2090 in
999 2061 1092 2098 Spiri-

267 2107 330 2131 tum
346 2108 492 2137 sanctum,
503 2107 552 2140 qui
569 2108 613 2134 est
628 2106 657 2133 in
672 2106 756 2134 Patre
771 2109 799 2134 et
812 2107 840 2133 in
857 2105 939 2139 Filio,
954 2106 1064 2142 quique
1077 2114 1094 2133 a

269 2149 351 2176 Patre
382 2149 520 2182 mittitur,
546 2152 574 2177 et
612 2158 664 2186 per
701 2150 807 2178 Filium
836 2151 932 2178 datur.
959 2151 1043 2178 Pater
1066 2152 1095 2177 et.

270 2193 360 2220 Filius
372 2196 399 2220 et
414 2194 539 2228 Spiritus
566 2196 697 2228 sanctus,
721 2197 781 2222 tres
801 2194 983 2230 bypostases,
999 2194 1094 2222 deitas

268 2247 338 2271 una,
368 2247 426 2265 una
454 2240 594 2273 potestas,
623 2246 715 2266 unum
739 2239 895 2275 baptisma.
921 2241 986 2272 Ipse
1014 2239 1093 2267 enim

270 2283 347 2311 Deus
376 2285 484 2315 noster,
516 2283 599 2311 Pater
614 2283 757 2317 omnium,
774 2284 851 2311 intra
879 2291 928 2311 sex
951 2283 1013 2311 dies
1027 2283 1094 2311 fecit

269 2327 384 2361 cmlum,
402 2331 430 2355 et
459 2330 579 2361 terram,
605 2329 634 2355 et
662 2335 753 2361 mare,
769 2329 797 2355 et
812 2327 911 2355 omnia
925 2336 986 2363 quis
1002 2328 1031 2355 in
1051 2328 1093 2355 eis

269 2374 348 2400 sunt.
377 2375 441 2408 Ipse
458 2380 583 2407 namque
607 2371 713 2400 caalum
728 2371 800 2407 sole,
816 2375 844 2400 et
854 2372 934 2406 luna,
951 2374 980 2399 et
994 2371 1094 2399 sideri-

268 2417 324 2444 bus
346 2416 553 2452 pulcherrimis
588 2417 747 2450 exornavit,
776 2418 804 2444 et
827 2418 935 2444 terram
959 2416 1095 2444 decenter

269 2461 401 2488 fundavit
418 2470 505 2496 super
517 2469 619 2496 aquas,
645 2463 673 2488 et
687 2461 800 2489 ornavit
813 2468 877 2488 eam
897 2460 1006 2496 plantis
1030 2468 1093 2488 0m-

268 2506 356 2541 nique
371 2514 476 2540 genere
491 2505 649 2540 lignorum.
661 2505 751 2533 Jussu
768 2506 833 2541 ejus
849 2505 1093 2541 erumpuntﬂuvii

268 2550 411 2583 mellillui,
438 2553 466 2577 et
488 2550 581 2577 fontes
599 2558 749 2585 perennes,
765 2553 793 2578 et
807 2550 935 2585 injunxit
954 2552 1046 2585 terras,
1069 2555 1096 2579 et

266 2595 406 2631 produxit
422 2603 550 2627 carnem,
567 2597 596 2622 et
618 2595 724 2622 creavit
750 2603 851 2623 omnes
879 2595 989 2623 bestias
1010 2597 1093 2623 terra:

267 2640 430 2668 secundum
445 2648 536 2674 genus
553 2647 651 2672 suum,
667 2641 696 2667 et
705 2639 835 2667 volucria
846 2639 909 2667 omli
930 2640 1093 2668 secundum

304 2717 372 2751 (82')
387 2715 435 2741 Καὶ
453 2714 490 2745 ιτς
502 2715 532 2741 τὸ
550 2716 667 2750 Πνεῦμα.
677 2717 743 2743 Hec
754 2722 787 2742 ex
798 2715 957 2743 Athanasio
968 2715 1095 2744 citantur

267 2754 339 2795 tum.
357 2760 405 2778 vn.
420 2752 529 2778 Concil.
543 2751 634 2787 Epist.
646 2751 764 2779 Adriani
782 2751 817 2778 ad
827 2750 962 2779 Carolum
978 2752 1015 2779 M.
1026 2761 1094 2789 pag.

267 2788 361 2859 milia)
379 2823 422 2851 Ita
449 2822 641 2858 Anglicanus.
658 2821 733 2850 Editi
751 2829 827 2857 vero,
852 2820 896 2849 καὶ
911 2821 957 2850 τὸν
973 2821 1094 2861 οὐρανόν,

276 2977 387 3082 ι

1150 1973 1282 2010 μονογενῇ
1308 1971 1392 1998 αὐτοῦ
1416 1971 1477 1998 Υῖὸν
1501 1971 1605 2006 Ἰησοῦν
1628 1971 1758 2007 Χριστὸν,
1784 1971 1829 1997 τὸν
1855 1969 1918 1998 ὄντα
1943 1971 1974 1998 ἐχ

1147 2019 1196 2050 τῆς
1220 2015 1311 2047 οὐσίας
1331 2017 1379 2042 τοῦ
1401 2014 1519 2052 Πατρὸς,
1543 2015 1611 2042 κατὰ
1631 2015 1717 2042 πάντα
1741 2013 1906 2051 ίσοδύναμον
1932 2018 1975 2051 τῷ

1148 2060 1244 2099 Πατρὶ,
1259 2060 1304 2087 τὸν
1320 2060 1373 2097 πρὸ
1395 2059 1501 2087 αἰώνων
1522 2057 1594 2087 ὅντα·
1610 2059 1655 2087 καὶ
1671 2059 1708 2090 εἷς
1722 2060 1753 2087 τὸ
1778 2062 1886 2096 Πνεῦμα
1901 2061 1975 2097 (82')

1146 2105 1178 2132 τὸ
1193 2105 1281 2142 ἅγιον,
1296 2104 1328 2132 τὸ
1356 2104 1381 2132 ἐν
1407 2104 1491 2141 Πατρὶ
1517 2104 1561 2131 καὶ
1584 2104 1640 2140 Υἱῷ
1655 2104 1696 2140 ὃν,
1711 2104 1784 2141 παρὰ
1797 2106 1846 2131 τοῦ
1864 2105 1972 2142 Πατρὸς

1148 2148 1395 2186 ἀποστελλόμενον,
1411 2149 1456 2176 καὶ
1481 2147 1525 2176 διὰ
1547 2151 1596 2176 τοῦ
1621 2149 1684 2175 1⁸ἱοῦ
1707 2147 1859 2185 διδόμενον.
1876 2150 1972 2187 [ἰατὴρ

1147 2194 1191 2221 καὶ
1222 2194 1282 2225 ι’ἱὸς
1311 2194 1355 2221 καὶ
1385 2194 1460 2231 ἅγιον
1490 2195 1610 2229 Πνεῦμα,
1634 2195 1707 2231 τρεῖς
1733 2193 1904 2229 ὑποστάσεις,
1923 2194 1975 2230 μία

1147 2238 1255 2275 θεότης,
1272 2238 1321 2275 μία
1333 2236 1459 2274 δύναμις,
1474 2237 1502 2264 ἓν
1527 2238 1676 2275 βάπτισμα.
1695 2237 1778 2269 Αὐτὸς
1805 2238 1856 2275 γὰρ
1878 2238 1891 2264 ὁ
1908 2239 1975 2269 Θεὸς

1147 2284 1226 2319 ἡμῶν
1241 2283 1255 2310 ὁ
1272 2283 1364 2319 Πατὴρ
1387 2284 1441 2309 τῶν
1467 2281 1540 2309 ὅλων
1566 2281 1592 2309 ἐν
1607 2281 1634 2317 ’ἐξ
1659 2282 1777 2320 ἡμέραις
1794 2281 1905 2317 ἐποίησε
1926 2283 1972 2309 τὸν

1148 2327 1260 2365 οὐρανὸν
1286 2327 1331 2354 καὶ
1355 2327 1405 2361 τήν
1431 2329 1482 2363 γῆν
1507 2326 1552 2353 καὶ
1575 2326 1623 2360 τὴν
1650 2325 1793 2360 θάλασσαν,
1820 2326 1865 2353 καὶ
1885 2327 1975 2354 πάντα

1146 2372 1180 2399 τὲ
1194 2371 1219 2399 ἐν
1236 2371 1338 2402 αὐτοῖς.
1355 2370 1443 2402 Αὐτὸς
1459 2371 1510 2409 γὰρ
1533 2370 1710 2408 διεκόσμησεν
1725 2372 1770 2398 τὸν
1788 2371 1898 2409 οὐρανὸν
1915 2373 1974 2408 (83)

1148 2415 1174 2444 ἐν
1190 2415 1263 2452 ἡλίῳ
1285 2416 1330 2443 καὶ
1346 2416 1447 2452 σελήνῃ
1470 2415 1515 2443 καὶ
1540 2415 1649 2452 ἄστροις
1677 2415 1838 2453 παγκάλοις,
1863 2416 1908 2442 καὶ
1923 2417 1975 2450 τήν

1148 2464 1199 2498 γῆν
1216 2460 1356 2498 εὐπρεπῶς
1381 2459 1557 2497 ἐθεμελίωσεν
1585 2459 1674 2488 ἐπάνω
1698 2462 1752 2488 τῶν
1778 2459 1891 2495 ὑδάτων,
1911 2459 1974 2488 δια-

1147 2506 1289 2542 κοσμήσας
1317 2505 1399 2540 αὐτήν
1430 2504 1456 2532 ἐν
1485 2507 1580 2543 φυτοῖς
1595 2504 1640 2532 καὶ
1665 2503 1757 2540 ξύλοις
1775 2504 1972 2536 παντοδαποῖς.

1149 2549 1248 2586 Καίτῇ
1261 2549 1381 2577 κελεόσει
1408 2549 1490 2577 αὐτοῦ
1512 2548 1702 2586 ἐκπορεύονται
1727 2549 1847 2586 ποταμοὶ
1874 2544 1993 2588 paup-6

1150 2595 1236 2633 ῥυτοι,
1251 2594 1297 2622 καῖ
1311 2594 1398 2632 πηγαὶ
1423 2594 1539 2630 ἀένναοι,
1567 2593 1611 2621 καὶ
1634 2594 1781 2632 προσέταξε
1801 2596 1836 2631 τῇ
1861 2596 1907 2633 γῇ,
1928 2595 1974 2622 καὶ

1150 2639 1268 2678 ἐπήγαγε
1296 2638 1381 2676 σάρκα
1410 2639 1477 2675 (84),
1506 2637 1551 2665 καὶ
1581 2637 1692 2673 ἐποίησε
1718 2639 1805 2666 πάντα
1831 2639 1864 2666 τὰ
1892 2639 1975 2676 θηρία

1185 2716 1331 2754 (811)_Felc.
1347 2716 1382 2754 2,‘
1391 2714 1436 2742 καὶ
1449 2713 1568 2754 -ἐποίησε
1583 2713 1686 2754 stipata:
1700 2714 1790 2754 Paulo
1810 2717 1886 2754 post,
1900 2715 1973 2754 hac,

1147 2751 1192 2779 καὶ
1216 2750 1254 2815 lea
1280 2751 1389 2779 πετεινὰ
1415 2750 1464 2778 τοῦ
1492 2750 1690 2787 οὐρανοῦιιατὰ
1704 2750 1790 2787 γένος,
1811 2750 1925 2779 ’desunt
1944 2752 1974 2780 in

1148 2787 1214 2817 Βαδί
1229 2787 1311 2816 iensi.
