  <div class='ocr_page' id='page_1' title='image "/cluster/home/n/w/nwhite01/storage/ocr_20150623/28/hvd.32044052794351/132.png"; bbox 0 0 4372 6214; ppageno 0'>
   <div class='ocr_carea' id='block_1_1' title="bbox 223 1081 302 1124">
    <p class='ocr_par' dir='ltr' id='par_1_1' title="bbox 223 1081 302 1124">
     <span class='ocr_line' id='line_1_1' title="bbox 223 1081 302 1124; baseline 0 -10"><span class='ocrx_word' id='word_1_1' title='bbox 223 1081 302 1124; x_wconf 61' lang='grc' dir='ltr'>«ιιι.</span> 
     </span>
    </p>
   </div>
   <div class='ocr_carea' id='block_1_2' title="bbox 412 419 555 482">
    <p class='ocr_par' dir='ltr' id='par_1_2' title="bbox 412 419 555 482">
     <span class='ocr_line' id='line_1_2' title="bbox 412 419 555 482; baseline 0.014 -2"><span class='ocrx_word' id='word_1_2' title='bbox 412 419 555 482; x_wconf 74' lang='grc'>253</span> 
     </span>
    </p>
   </div>
   <div class='ocr_carea' id='block_1_3' title="bbox 412 638 2077 716">
    <p class='ocr_par' dir='ltr' id='par_1_3' title="bbox 412 638 2077 716">
     <span class='ocr_line' id='line_1_3' title="bbox 412 638 2077 716; baseline -0.001 -22"><span class='ocrx_word' id='word_1_3' title='bbox 412 641 567 695; x_wconf 74' lang='grc' dir='ltr'>κατὰ</span> <span class='ocrx_word' id='word_1_4' title='bbox 624 641 779 716; x_wconf 80' lang='grc' dir='ltr'>γένος</span> <span class='ocrx_word' id='word_1_5' title='bbox 814 685 827 697; x_wconf 93' lang='grc'>.</span> <span class='ocrx_word' id='word_1_6' title='bbox 889 640 1167 696; x_wconf 81' lang='grc' dir='ltr'>Ἐκέλευσε</span> <span class='ocrx_word' id='word_1_7' title='bbox 1231 646 1348 702; x_wconf 89' lang='grc' dir='ltr'>τοῖς</span> <span class='ocrx_word' id='word_1_8' title='bbox 1409 638 1611 710; x_wconf 82' lang='grc' dir='ltr'>ὕδασι,</span> <span class='ocrx_word' id='word_1_9' title='bbox 1664 638 1753 694; x_wconf 82' lang='grc' dir='ltr'>καὶ</span> <span class='ocrx_word' id='word_1_10' title='bbox 1815 638 2077 713; x_wconf 75' lang='grc' dir='ltr'>ἐξήγαγον</span> 
     </span>
    </p>
   </div>
   <div class='ocr_carea' id='block_1_4' title="bbox 417 726 2078 805">
    <p class='ocr_par' dir='ltr' id='par_1_4' title="bbox 417 726 2078 805">
     <span class='ocr_line' id='line_1_4' title="bbox 417 726 2078 805; baseline 0 -23"><span class='ocrx_word' id='word_1_11' title='bbox 417 730 650 805; x_wconf 75' lang='grc' dir='ltr'>ἰχθύας,</span> <span class='ocrx_word' id='word_1_12' title='bbox 681 731 769 784; x_wconf 78' lang='grc' dir='ltr'>καὶ</span> <span class='ocrx_word' id='word_1_13' title='bbox 802 729 1023 800; x_wconf 79' lang='grc' dir='ltr'>ἐποίησε</span> <span class='ocrx_word' id='word_1_14' title='bbox 1074 730 1139 784; x_wconf 76' lang='grc' dir='ltr'>τὰ</span> <span class='ocrx_word' id='word_1_15' title='bbox 1186 733 1325 800; x_wconf 90' lang='grc' dir='ltr'>κήτη</span> <span class='ocrx_word' id='word_1_16' title='bbox 1357 731 1424 784; x_wconf 73' lang='grc' dir='ltr'>τὰ</span> <span class='ocrx_word' id='word_1_17' title='bbox 1474 736 1702 804; x_wconf 82' lang='grc' dir='ltr'>μεγαΛα.</span> <span class='ocrx_word' id='word_1_18' title='bbox 1736 732 1986 802; x_wconf 81' lang='grc' dir='ltr'>Ὕστερον</span> <span class='ocrx_word' id='word_1_19' title='bbox 2022 726 2078 782; x_wconf 74' lang='grc' dir='ltr'>δὲ</span> 
     </span>
    </p>
   </div>
   <div class='ocr_carea' id='block_1_5' title="bbox 414 813 2074 893">
    <p class='ocr_par' dir='ltr' id='par_1_5' title="bbox 414 813 2074 893">
     <span class='ocr_line' id='line_1_5' title="bbox 414 813 2074 893; baseline -0.002 -19"><span class='ocrx_word' id='word_1_20' title='bbox 414 819 643 874; x_wconf 79' lang='grc' dir='ltr'>πάντων</span> <span class='ocrx_word' id='word_1_21' title='bbox 678 818 896 888; x_wconf 82' lang='grc' dir='ltr'>ἐποίησε</span> <span class='ocrx_word' id='word_1_22' title='bbox 941 820 1030 873; x_wconf 86' lang='grc' dir='ltr'>τὸν</span> <span class='ocrx_word' id='word_1_23' title='bbox 1083 819 1388 893; x_wconf 75' lang='grc' dir='ltr'>ἄνθρωπον,</span> <span class='ocrx_word' id='word_1_24' title='bbox 1427 818 1515 873; x_wconf 81' lang='grc' dir='ltr'>καὶ</span> <span class='ocrx_word' id='word_1_25' title='bbox 1565 818 1735 872; x_wconf 81' lang='grc' dir='ltr'>πάντα</span> <span class='ocrx_word' id='word_1_26' title='bbox 1765 813 2074 889; x_wconf 76' lang='grc' dir='ltr'>παρέδωκεν</span> 
     </span>
    </p>
   </div>
   <div class='ocr_carea' id='block_1_6' title="bbox 411 905 2077 984">
    <p class='ocr_par' dir='ltr' id='par_1_6' title="bbox 411 905 2077 984">
     <span class='ocr_line' id='line_1_6' title="bbox 411 905 2077 984; baseline -0.002 -21"><span class='ocrx_word' id='word_1_27' title='bbox 411 909 574 981; x_wconf 77' lang='grc' dir='ltr'>αὖτῷ</span> <span class='ocrx_word' id='word_1_28' title='bbox 626 909 700 970; x_wconf 72' lang='grc' dir='ltr'>εἷς</span> <span class='ocrx_word' id='word_1_29' title='bbox 755 907 1063 984; x_wconf 80' lang='grc' dir='ltr'>ὑπηρεσίαν.</span> <span class='ocrx_word' id='word_1_30' title='bbox 1097 907 1230 963; x_wconf 53' lang='lat' dir='ltr'>Eine</span> <span class='ocrx_word' id='word_1_31' title='bbox 1261 911 1364 983; x_wconf 79' lang='grc' dir='ltr'>γάρ</span> <span class='ocrx_word' id='word_1_32' title='bbox 1415 907 1608 981; x_wconf 71' lang='grc' dir='ltr'>Κύριος</span> <span class='ocrx_word' id='word_1_33' title='bbox 1642 908 1668 960; x_wconf 99' lang='lat'>6</span> <span class='ocrx_word' id='word_1_34' title='bbox 1701 906 1829 967; x_wconf 86' lang='grc' dir='ltr'>Θεὸς</span> <span class='ocrx_word' id='word_1_35' title='bbox 1860 905 1938 978; x_wconf 80' lang='grc' dir='ltr'>τῷ</span> <span class='ocrx_word' id='word_1_36' title='bbox 1969 907 2077 977; x_wconf 73' lang='grc' dir='ltr'>Υἱῷ</span> 
     </span>
    </p>
   </div>
   <div class='ocr_carea' id='block_1_7' title="bbox 410 991 2071 1070">
    <p class='ocr_par' dir='ltr' id='par_1_7' title="bbox 410 991 2071 1070">
     <span class='ocr_line' id='line_1_7' title="bbox 410 991 2071 1070; baseline -0.002 -17"><span class='ocrx_word' id='word_1_37' title='bbox 410 998 613 1053; x_wconf 78' lang='grc' dir='ltr'>αὐτοῦ·</span> <span class='ocrx_word' id='word_1_38' title='bbox 651 1000 1033 1070; x_wconf 84' lang='grc' dir='ltr'>«Ποιήσωμεν</span> <span class='ocrx_word' id='word_1_39' title='bbox 1090 998 1372 1070; x_wconf 83' lang='grc' dir='ltr'>ἄνθρωπον</span> <span class='ocrx_word' id='word_1_40' title='bbox 1425 1003 1538 1051; x_wconf 88' lang='grc' dir='ltr'>κατ’</span> <span class='ocrx_word' id='word_1_41' title='bbox 1586 991 1763 1050; x_wconf 77' lang='grc' dir='ltr'>εἰκόνα</span> <span class='ocrx_word' id='word_1_42' title='bbox 1805 995 2071 1070; x_wconf 70' lang='grc' dir='ltr'>ἡμετέραν</span> 
     </span>
    </p>
   </div>
   <div class='ocr_carea' id='block_1_8' title="bbox 305 1084 2074 1162">
    <p class='ocr_par' dir='ltr' id='par_1_8' title="bbox 305 1084 2074 1162">
     <span class='ocr_line' id='line_1_8' title="bbox 305 1084 2074 1162; baseline -0.004 -18"><span class='ocrx_word' id='word_1_43' title='bbox 411 1089 517 1142; x_wconf 78' lang='grc' dir='ltr'>καὶ</span> <span class='ocrx_word' id='word_1_44' title='bbox 547 1089 661 1141; x_wconf 89' lang='grc' dir='ltr'>καθ’</span> <span class='ocrx_word' id='word_1_45' title='bbox 715 1086 997 1159; x_wconf 84' lang='grc' dir='ltr'>ὁμοίωσιν·</span> <span class='ocrx_word' id='word_1_46' title='bbox 1033 1087 1122 1140; x_wconf 80' lang='grc' dir='ltr'>καὶ</span> <span class='ocrx_word' id='word_1_47' title='bbox 1165 1086 1365 1141; x_wconf 83' lang='grc' dir='ltr'>ἔπλασε</span> <span class='ocrx_word' id='word_1_48' title='bbox 1419 1087 1611 1162; x_wconf 76' lang='grc' dir='ltr'>Κύριος</span> <span class='ocrx_word' id='word_1_49' title='bbox 1645 1087 1673 1138; x_wconf 85' lang='grc' dir='ltr'>ὁ</span> <span class='ocrx_word' id='word_1_50' title='bbox 1705 1086 1834 1145; x_wconf 81' lang='grc' dir='ltr'>Θεὸς</span> <span class='ocrx_word' id='word_1_51' title='bbox 1863 1084 1953 1138; x_wconf 85' lang='grc' dir='ltr'>τὸν</span> <span class='ocrx_word' id='word_1_52' title='bbox 1985 1084 2074 1137; x_wconf 76' lang='grc' dir='ltr'>ἅν-</span> 
     </span>
    </p>
   </div>
   <div class='ocr_carea' id='block_1_9' title="bbox 361 1167 2069 1252">
    <p class='ocr_par' dir='ltr' id='par_1_9' title="bbox 361 1167 2069 1252">
     <span class='ocr_line' id='line_1_9' title="bbox 361 1167 2069 1252; baseline -0.002 -22"><span class='ocrx_word' id='word_1_53' title='bbox 361 1167 665 1252; x_wconf 42' lang='grc' dir='ltr'>ψδρωπον,</span> <span class='ocrx_word' id='word_1_54' title='bbox 716 1170 898 1230; x_wconf 78' lang='grc' dir='ltr'>λαϐὼν</span> <span class='ocrx_word' id='word_1_55' title='bbox 949 1180 1084 1251; x_wconf 80' lang='grc' dir='ltr'>χοῦν</span> <span class='ocrx_word' id='word_1_56' title='bbox 1135 1175 1239 1229; x_wconf 86' lang='grc' dir='ltr'>ἀπὸ</span> <span class='ocrx_word' id='word_1_57' title='bbox 1285 1183 1384 1245; x_wconf 76' lang='grc' dir='ltr'>τῆς</span> <span class='ocrx_word' id='word_1_58' title='bbox 1432 1182 1556 1250; x_wconf 81' lang='grc' dir='ltr'>γῆς,</span> <span class='ocrx_word' id='word_1_59' title='bbox 1588 1174 1675 1229; x_wconf 78' lang='grc' dir='ltr'>καὶ</span> <span class='ocrx_word' id='word_1_60' title='bbox 1725 1172 1872 1228; x_wconf 80' lang='grc' dir='ltr'>ἔθετο</span> <span class='ocrx_word' id='word_1_61' title='bbox 1911 1173 2069 1227; x_wconf 77' lang='grc' dir='ltr'>αὐτὸν</span> 
     </span>
    </p>
   </div>
   <div class='ocr_carea' id='block_1_10' title="bbox 417 1262 2070 1342">
    <p class='ocr_par' dir='ltr' id='par_1_10' title="bbox 417 1262 2070 1342">
     <span class='ocr_line' id='line_1_10' title="bbox 417 1262 2070 1342; baseline -0.003 -20"><span class='ocrx_word' id='word_1_62' title='bbox 417 1267 478 1322; x_wconf 79' lang='grc' dir='ltr'>ἐν</span> <span class='ocrx_word' id='word_1_63' title='bbox 529 1269 608 1337; x_wconf 80' lang='grc' dir='ltr'>τῷ</span> <span class='ocrx_word' id='word_1_64' title='bbox 655 1262 964 1340; x_wconf 79' lang='grc' dir='ltr'>παραδείσῳ</span> <span class='ocrx_word' id='word_1_65' title='bbox 1008 1272 1110 1334; x_wconf 79' lang='grc' dir='ltr'>τῆς</span> <span class='ocrx_word' id='word_1_66' title='bbox 1157 1273 1388 1342; x_wconf 71' lang='grc' dir='ltr'>τρυφῆς.</span> <span class='ocrx_word' id='word_1_67' title='bbox 1436 1262 1638 1322; x_wconf 73' lang='grc' dir='ltr'>Ἕόαλε</span> <span class='ocrx_word' id='word_1_68' title='bbox 1687 1263 1742 1319; x_wconf 73' lang='grc' dir='ltr'>δὲ</span> <span class='ocrx_word' id='word_1_69' title='bbox 1798 1265 1991 1340; x_wconf 75' lang='grc' dir='ltr'>Κύριος</span> <span class='ocrx_word' id='word_1_70' title='bbox 2043 1265 2070 1318; x_wconf 93' lang='lat'>6</span> 
     </span>
    </p>
   </div>
   <div class='ocr_carea' id='block_1_11' title="bbox 417 1347 2072 1426">
    <p class='ocr_par' dir='ltr' id='par_1_11' title="bbox 417 1347 2072 1426">
     <span class='ocr_line' id='line_1_11' title="bbox 417 1347 2072 1426; baseline -0.002 -16"><span class='ocrx_word' id='word_1_71' title='bbox 417 1356 554 1416; x_wconf 86' lang='grc' dir='ltr'>Θεὸς</span> <span class='ocrx_word' id='word_1_72' title='bbox 587 1353 673 1408; x_wconf 75' lang='grc' dir='ltr'>ἐπὶ</span> <span class='ocrx_word' id='word_1_73' title='bbox 703 1353 791 1407; x_wconf 86' lang='grc' dir='ltr'>τὸν</span> <span class='ocrx_word' id='word_1_74' title='bbox 825 1351 1004 1426; x_wconf 76' lang='grc' dir='ltr'>Ἀδὰμ</span> <span class='ocrx_word' id='word_1_75' title='bbox 1051 1349 1315 1424; x_wconf 79' lang='grc' dir='ltr'>ἔκστασιν,</span> <span class='ocrx_word' id='word_1_76' title='bbox 1357 1355 1446 1408; x_wconf 80' lang='grc' dir='ltr'>καὶ</span> <span class='ocrx_word' id='word_1_77' title='bbox 1495 1352 1724 1419; x_wconf 75' lang='grc' dir='ltr'>ὕπνωσε,</span> <span class='ocrx_word' id='word_1_78' title='bbox 1773 1353 1862 1407; x_wconf 84' lang='grc' dir='ltr'>καὶ</span> <span class='ocrx_word' id='word_1_79' title='bbox 1910 1347 2072 1407; x_wconf 76' lang='grc' dir='ltr'>ἕλαῦε</span> 
     </span>
    </p>
   </div>
   <div class='ocr_carea' id='block_1_12' title="bbox 421 1440 2072 1516">
    <p class='ocr_par' dir='ltr' id='par_1_12' title="bbox 421 1440 2072 1516">
     <span class='ocr_line' id='line_1_12' title="bbox 421 1440 2072 1516; baseline -0.003 -18"><span class='ocrx_word' id='word_1_80' title='bbox 421 1444 550 1515; x_wconf 84' lang='grc' dir='ltr'>μίαν</span> <span class='ocrx_word' id='word_1_81' title='bbox 611 1447 714 1496; x_wconf 81' lang='grc' dir='ltr'>τῶν</span> <span class='ocrx_word' id='word_1_82' title='bbox 782 1441 1032 1515; x_wconf 76' lang='grc' dir='ltr'>πλευρῶν</span> <span class='ocrx_word' id='word_1_83' title='bbox 1087 1440 1287 1512; x_wconf 69' lang='grc' dir='ltr'>αὐτοῦ,</span> <span class='ocrx_word' id='word_1_84' title='bbox 1341 1442 1430 1496; x_wconf 78' lang='grc' dir='ltr'>καὶ</span> <span class='ocrx_word' id='word_1_85' title='bbox 1489 1442 1846 1516; x_wconf 75' lang='grc' dir='ltr'>ἀνεπλήρωσε</span> <span class='ocrx_word' id='word_1_86' title='bbox 1905 1440 2072 1512; x_wconf 81' lang='grc' dir='ltr'>σάρκα</span> 
     </span>
    </p>
   </div>
   <div class='ocr_carea' id='block_1_13' title="bbox 413 1525 2066 1606">
    <p class='ocr_par' dir='ltr' id='par_1_13' title="bbox 413 1525 2066 1606">
     <span class='ocr_line' id='line_1_13' title="bbox 413 1525 2066 1606; baseline -0.002 -21"><span class='ocrx_word' id='word_1_87' title='bbox 413 1531 534 1586; x_wconf 87' lang='grc' dir='ltr'>ἀντ’</span> <span class='ocrx_word' id='word_1_88' title='bbox 583 1531 771 1600; x_wconf 79' lang='grc' dir='ltr'>αὐτῆς,</span> <span class='ocrx_word' id='word_1_89' title='bbox 801 1532 890 1585; x_wconf 80' lang='grc' dir='ltr'>καὶ</span> <span class='ocrx_word' id='word_1_90' title='bbox 944 1527 1270 1604; x_wconf 77' lang='grc' dir='ltr'>ᾠκοδόμησε</span> <span class='ocrx_word' id='word_1_91' title='bbox 1314 1533 1414 1600; x_wconf 79' lang='grc' dir='ltr'>τὴν</span> <span class='ocrx_word' id='word_1_92' title='bbox 1468 1529 1728 1606; x_wconf 74' lang='grc' dir='ltr'>πλευρὰν,</span> <span class='ocrx_word' id='word_1_93' title='bbox 1774 1531 1840 1598; x_wconf 75' lang='grc' dir='ltr'>ἦν</span> <span class='ocrx_word' id='word_1_94' title='bbox 1886 1525 2066 1597; x_wconf 74' lang='grc' dir='ltr'>ἔλαϐε,</span> 
     </span>
    </p>
   </div>
   <div class='ocr_carea' id='block_1_14' title="bbox 413 1616 2067 1695">
    <p class='ocr_par' dir='ltr' id='par_1_14' title="bbox 413 1616 2067 1695">
     <span class='ocr_line' id='line_1_14' title="bbox 413 1616 2067 1695; baseline -0.001 -22"><span class='ocrx_word' id='word_1_95' title='bbox 413 1619 496 1681; x_wconf 85' lang='grc' dir='ltr'>εἷς</span> <span class='ocrx_word' id='word_1_96' title='bbox 530 1624 777 1694; x_wconf 85' lang='grc' dir='ltr'>γυναῖκα,</span> <span class='ocrx_word' id='word_1_97' title='bbox 827 1619 917 1673; x_wconf 80' lang='grc' dir='ltr'>καὶ</span> <span class='ocrx_word' id='word_1_98' title='bbox 962 1616 1159 1695; x_wconf 73' lang='grc' dir='ltr'>ἤγαγεν</span> <span class='ocrx_word' id='word_1_99' title='bbox 1201 1619 1367 1688; x_wconf 78' lang='grc' dir='ltr'>αὐτὴν</span> <span class='ocrx_word' id='word_1_100' title='bbox 1414 1622 1551 1695; x_wconf 83' lang='grc' dir='ltr'>πρὸς</span> <span class='ocrx_word' id='word_1_101' title='bbox 1592 1620 1680 1673; x_wconf 85' lang='grc' dir='ltr'>τὸν</span> <span class='ocrx_word' id='word_1_102' title='bbox 1731 1616 1928 1691; x_wconf 75' lang='grc' dir='ltr'>Ἀδὰμ,</span> <span class='ocrx_word' id='word_1_103' title='bbox 1978 1618 2067 1672; x_wconf 83' lang='grc' dir='ltr'>καὶ</span> 
     </span>
    </p>
   </div>
   <div class='ocr_carea' id='block_1_15' title="bbox 411 1705 2065 1782">
    <p class='ocr_par' dir='ltr' id='par_1_15' title="bbox 411 1705 2065 1782">
     <span class='ocr_line' id='line_1_15' title="bbox 411 1705 2065 1782; baseline 0 -21"><span class='ocrx_word' id='word_1_104' title='bbox 411 1707 562 1762; x_wconf 78' lang='grc' dir='ltr'>εἶπεν</span> <span class='ocrx_word' id='word_1_105' title='bbox 624 1705 819 1780; x_wconf 83' lang='grc' dir='ltr'>Ἀδάμ·</span> <span class='ocrx_word' id='word_1_106' title='bbox 881 1707 1032 1777; x_wconf 83' lang='grc' dir='ltr'>Αὕτη</span> <span class='ocrx_word' id='word_1_107' title='bbox 1080 1712 1170 1762; x_wconf 77' lang='grc' dir='ltr'>νῦν</span> <span class='ocrx_word' id='word_1_108' title='bbox 1226 1708 1350 1782; x_wconf 80' lang='grc' dir='ltr'>σὰρξ</span> <span class='ocrx_word' id='word_1_109' title='bbox 1406 1707 1466 1762; x_wconf 83' lang='grc' dir='ltr'>ἐκ</span> <span class='ocrx_word' id='word_1_110' title='bbox 1521 1715 1620 1777; x_wconf 84' lang='grc' dir='ltr'>τῆς</span> <span class='ocrx_word' id='word_1_111' title='bbox 1679 1708 1873 1780; x_wconf 84' lang='grc' dir='ltr'>σαρκός</span> <span class='ocrx_word' id='word_1_112' title='bbox 1938 1728 2065 1779; x_wconf 87' lang='grc' dir='ltr'>μου,</span> 
     </span>
    </p>
   </div>
   <div class='ocr_carea' id='block_1_16' title="bbox 406 1795 2064 1870">
    <p class='ocr_par' dir='ltr' id='par_1_16' title="bbox 406 1795 2064 1870">
     <span class='ocr_line' id='line_1_16' title="bbox 406 1795 2064 1870; baseline -0.001 -20"><span class='ocrx_word' id='word_1_113' title='bbox 406 1797 505 1850; x_wconf 86' lang='grc' dir='ltr'>καὶ</span> <span class='ocrx_word' id='word_1_114' title='bbox 565 1796 755 1851; x_wconf 80' lang='grc' dir='ltr'>ὀστοῦν</span> <span class='ocrx_word' id='word_1_115' title='bbox 815 1796 874 1851; x_wconf 84' lang='grc' dir='ltr'>ἐκ</span> <span class='ocrx_word' id='word_1_116' title='bbox 927 1801 1033 1852; x_wconf 78' lang='grc' dir='ltr'>τῶν</span> <span class='ocrx_word' id='word_1_117' title='bbox 1098 1795 1298 1852; x_wconf 81' lang='grc' dir='ltr'>ὀστέων</span> <span class='ocrx_word' id='word_1_118' title='bbox 1351 1819 1476 1870; x_wconf 87' lang='grc' dir='ltr'>μου.</span> <span class='ocrx_word' id='word_1_119' title='bbox 1531 1797 1676 1866; x_wconf 79' lang='grc' dir='ltr'>Αὕτη</span> <span class='ocrx_word' id='word_1_120' title='bbox 1730 1795 2064 1866; x_wconf 84' lang='grc' dir='ltr'>κληθήσεται</span> 
     </span>
    </p>
   </div>
   <div class='ocr_carea' id='block_1_17' title="bbox 1798 418 2472 479">
    <p class='ocr_par' dir='ltr' id='par_1_17' title="bbox 1798 418 2472 479">
     <span class='ocr_line' id='line_1_17' title="bbox 1798 418 2472 479; baseline 0 -1"><span class='ocrx_word' id='word_1_121' title='bbox 1798 419 1899 478; x_wconf 88' lang='lat' dir='ltr'>DE</span> <span class='ocrx_word' id='word_1_122' title='bbox 1943 418 2472 479; x_wconf 76' lang='lat' dir='ltr'>VIRGINITATE.</span> 
     </span>
    </p>
   </div>
   <div class='ocr_carea' id='block_1_18' title="bbox 409 548 2630 627">
    <p class='ocr_par' dir='ltr' id='par_1_18' title="bbox 409 548 2630 627">
     <span class='ocr_line' id='line_1_18' title="bbox 409 548 2630 627; baseline 0.001 -22"><span class='ocrx_word' id='word_1_123' title='bbox 409 559 532 622; x_wconf 82' lang='grc' dir='ltr'>τῆς</span> <span class='ocrx_word' id='word_1_124' title='bbox 593 559 698 627; x_wconf 83' lang='grc' dir='ltr'>γῆς</span> <span class='ocrx_word' id='word_1_125' title='bbox 753 553 888 607; x_wconf 74' lang='grc' dir='ltr'>κατὰ</span> <span class='ocrx_word' id='word_1_126' title='bbox 943 552 1118 627; x_wconf 83' lang='grc' dir='ltr'>γένος,</span> <span class='ocrx_word' id='word_1_127' title='bbox 1176 551 1265 606; x_wconf 82' lang='grc' dir='ltr'>καὶ</span> <span class='ocrx_word' id='word_1_128' title='bbox 1317 552 1382 606; x_wconf 82' lang='grc' dir='ltr'>τὰ</span> <span class='ocrx_word' id='word_1_129' title='bbox 1439 549 1656 606; x_wconf 82' lang='grc' dir='ltr'>πετεινᾶ</span> <span class='ocrx_word' id='word_1_130' title='bbox 1699 553 1795 604; x_wconf 74' lang='grc' dir='ltr'>τοῦ</span> <span class='ocrx_word' id='word_1_131' title='bbox 1848 548 2374 624; x_wconf 66' lang='grc' dir='ltr'>οὗρανοῢΑεθΠιιε</span> <span class='ocrx_word' id='word_1_132' title='bbox 2431 566 2630 607; x_wconf 90' lang='lat' dir='ltr'>suum.</span> 
     </span>
    </p>
   </div>
   <div class='ocr_carea' id='block_1_19' title="bbox 3725 416 3845 476">
    <p class='ocr_par' dir='ltr' id='par_1_19' title="bbox 3725 416 3845 476">
     <span class='ocr_line' id='line_1_19' title="bbox 3725 416 3845 476; baseline -0.017 0"><span class='ocrx_word' id='word_1_133' title='bbox 3725 416 3845 476; x_wconf 76' lang='grc'>254</span> 
     </span>
    </p>
   </div>
   <div class='ocr_carea' id='block_1_20' title="bbox 2720 548 3844 622">
    <p class='ocr_par' dir='ltr' id='par_1_20' title="bbox 2720 548 3844 622">
     <span class='ocr_line' id='line_1_20' title="bbox 2720 548 3844 622; baseline -0.001 -16"><span class='ocrx_word' id='word_1_134' title='bbox 2720 549 2993 622; x_wconf 69' lang='lat' dir='ltr'>Prazcepit</span> <span class='ocrx_word' id='word_1_135' title='bbox 3047 548 3248 621; x_wconf 84' lang='lat' dir='ltr'>aquis,</span> <span class='ocrx_word' id='word_1_136' title='bbox 3326 553 3384 604; x_wconf 89' lang='lat' dir='ltr'>et</span> <span class='ocrx_word' id='word_1_137' title='bbox 3443 549 3844 620; x_wconf 86' lang='lat' dir='ltr'>produxerunt</span> 
     </span>
    </p>
   </div>
   <div class='ocr_carea' id='block_1_21' title="bbox 2193 637 3839 712">
    <p class='ocr_par' dir='ltr' id='par_1_21' title="bbox 2193 637 3839 712">
     <span class='ocr_line' id='line_1_21' title="bbox 2193 637 3839 712; baseline -0.002 -16"><span class='ocrx_word' id='word_1_138' title='bbox 2193 641 2402 712; x_wconf 86' lang='lat' dir='ltr'>pisces,</span> <span class='ocrx_word' id='word_1_139' title='bbox 2462 646 2518 696; x_wconf 90' lang='lat' dir='ltr'>et</span> <span class='ocrx_word' id='word_1_140' title='bbox 2573 640 2835 696; x_wconf 82' lang='lat' dir='ltr'>condidit</span> <span class='ocrx_word' id='word_1_141' title='bbox 2884 640 3174 694; x_wconf 84' lang='lat' dir='ltr'>immanes</span> <span class='ocrx_word' id='word_1_142' title='bbox 3233 637 3508 694; x_wconf 69' lang='lat' dir='ltr'>balaenas.</span> <span class='ocrx_word' id='word_1_143' title='bbox 3541 639 3839 694; x_wconf 82' lang='lat' dir='ltr'>Postremo</span> 
     </span>
    </p>
   </div>
   <div class='ocr_carea' id='block_1_22' title="bbox 2191 726 3837 797">
    <p class='ocr_par' dir='ltr' id='par_1_22' title="bbox 2191 726 3837 797">
     <span class='ocr_line' id='line_1_22' title="bbox 2191 726 3837 797; baseline -0.002 -12"><span class='ocrx_word' id='word_1_144' title='bbox 2191 730 2456 785; x_wconf 86' lang='lat' dir='ltr'>omnium</span> <span class='ocrx_word' id='word_1_145' title='bbox 2480 730 2615 785; x_wconf 80' lang='lat' dir='ltr'>fecit</span> <span class='ocrx_word' id='word_1_146' title='bbox 2644 729 3029 797; x_wconf 87' lang='lat' dir='ltr'>hominem,et</span> <span class='ocrx_word' id='word_1_147' title='bbox 3045 728 3242 784; x_wconf 82' lang='lat' dir='ltr'>omnia</span> <span class='ocrx_word' id='word_1_148' title='bbox 3271 728 3323 782; x_wconf 92' lang='lat' dir='ltr'>ei</span> <span class='ocrx_word' id='word_1_149' title='bbox 3356 728 3426 782; x_wconf 88' lang='lat' dir='ltr'>ad</span> <span class='ocrx_word' id='word_1_150' title='bbox 3443 726 3837 782; x_wconf 89' lang='lat' dir='ltr'>ministerium</span> 
     </span>
    </p>
   </div>
   <div class='ocr_carea' id='block_1_23' title="bbox 2188 815 3836 874">
    <p class='ocr_par' dir='ltr' id='par_1_23' title="bbox 2188 815 3836 874">
     <span class='ocr_line' id='line_1_23' title="bbox 2188 815 3836 874; baseline -0.002 -1"><span class='ocrx_word' id='word_1_151' title='bbox 2188 820 2443 874; x_wconf 87' lang='lat' dir='ltr'>donavit.</span> <span class='ocrx_word' id='word_1_152' title='bbox 2500 820 2648 874; x_wconf 83' lang='lat' dir='ltr'>Dixit</span> <span class='ocrx_word' id='word_1_153' title='bbox 2696 819 2851 874; x_wconf 90' lang='lat' dir='ltr'>enim</span> <span class='ocrx_word' id='word_1_154' title='bbox 2920 818 3198 873; x_wconf 86' lang='lat' dir='ltr'>Dominus</span> <span class='ocrx_word' id='word_1_155' title='bbox 3254 822 3404 872; x_wconf 91' lang='lat' dir='ltr'>Deus</span> <span class='ocrx_word' id='word_1_156' title='bbox 3455 815 3598 870; x_wconf 85' lang='lat' dir='ltr'>Filio</span> <span class='ocrx_word' id='word_1_157' title='bbox 3655 831 3759 870; x_wconf 92' lang='lat' dir='ltr'>suo</span> <span class='ocrx_word' id='word_1_158' title='bbox 3822 832 3836 870; x_wconf 92' lang='lat'><strong>:</strong></span> 
     </span>
    </p>
   </div>
   <div class='ocr_carea' id='block_1_24' title="bbox 2189 905 3838 979">
    <p class='ocr_par' dir='ltr' id='par_1_24' title="bbox 2189 905 3838 979">
     <span class='ocr_line' id='line_1_24' title="bbox 2189 905 3838 979; baseline 0 -20"><span class='ocrx_word' id='word_1_159' title='bbox 2189 929 2216 959; x_wconf 77' lang='grc' dir='ltr'>(ι</span> <span class='ocrx_word' id='word_1_160' title='bbox 2250 908 2555 964; x_wconf 81' lang='lat' dir='ltr'>Faciamus</span> <span class='ocrx_word' id='word_1_161' title='bbox 2602 909 2900 963; x_wconf 86' lang='lat' dir='ltr'>hominem</span> <span class='ocrx_word' id='word_1_162' title='bbox 2950 906 3022 961; x_wconf 89' lang='lat' dir='ltr'>ad</span> <span class='ocrx_word' id='word_1_163' title='bbox 3053 907 3369 979; x_wconf 84' lang='lat' dir='ltr'>imaginem</span> <span class='ocrx_word' id='word_1_164' title='bbox 3402 910 3458 961; x_wconf 91' lang='lat' dir='ltr'>et</span> <span class='ocrx_word' id='word_1_165' title='bbox 3486 905 3838 960; x_wconf 88' lang='lat' dir='ltr'>similitudi-</span> 
     </span>
    </p>
   </div>
   <div class='ocr_carea' id='block_1_25' title="bbox 2187 995 3833 1061">
    <p class='ocr_par' dir='ltr' id='par_1_25' title="bbox 2187 995 3833 1061">
     <span class='ocr_line' id='line_1_25' title="bbox 2187 995 3833 1061; baseline -0.001 -9"><span class='ocrx_word' id='word_1_166' title='bbox 2187 1015 2317 1053; x_wconf 88' lang='lat' dir='ltr'>nem</span> <span class='ocrx_word' id='word_1_167' title='bbox 2352 1003 2648 1053; x_wconf 80' lang='lat' dir='ltr'>nostram:</span> <span class='ocrx_word' id='word_1_168' title='bbox 2675 1002 2732 1052; x_wconf 91' lang='lat' dir='ltr'>et</span> <span class='ocrx_word' id='word_1_169' title='bbox 2761 996 3030 1052; x_wconf 82' lang='lat' dir='ltr'>formavit</span> <span class='ocrx_word' id='word_1_170' title='bbox 3060 996 3213 1051; x_wconf 89' lang='lat' dir='ltr'>Deus</span> <span class='ocrx_word' id='word_1_171' title='bbox 3253 995 3833 1061; x_wconf 87' lang='lat' dir='ltr'>hominem,sumens</span> 
     </span>
    </p>
   </div>
   <div class='ocr_carea' id='block_1_26' title="bbox 2184 1084 3835 1156">
    <p class='ocr_par' dir='ltr' id='par_1_26' title="bbox 2184 1084 3835 1156">
     <span class='ocr_line' id='line_1_26' title="bbox 2184 1084 3835 1156; baseline -0.001 -16"><span class='ocrx_word' id='word_1_172' title='bbox 2184 1085 2390 1141; x_wconf 89' lang='lat' dir='ltr'>limum</span> <span class='ocrx_word' id='word_1_173' title='bbox 2424 1087 2494 1141; x_wconf 91' lang='lat' dir='ltr'>de</span> <span class='ocrx_word' id='word_1_174' title='bbox 2524 1091 2697 1152; x_wconf 88' lang='lat' dir='ltr'>terra,</span> <span class='ocrx_word' id='word_1_175' title='bbox 2749 1093 2806 1141; x_wconf 91' lang='lat' dir='ltr'>et</span> <span class='ocrx_word' id='word_1_176' title='bbox 2829 1087 3026 1156; x_wconf 87' lang='lat' dir='ltr'>posuit</span> <span class='ocrx_word' id='word_1_177' title='bbox 3073 1101 3209 1140; x_wconf 89' lang='lat' dir='ltr'>eum</span> <span class='ocrx_word' id='word_1_178' title='bbox 3262 1084 3319 1138; x_wconf 90' lang='lat' dir='ltr'>in</span> <span class='ocrx_word' id='word_1_179' title='bbox 3373 1084 3643 1154; x_wconf 82' lang='lat' dir='ltr'>paradiso</span> <span class='ocrx_word' id='word_1_180' title='bbox 3677 1084 3835 1140; x_wconf 88' lang='lat' dir='ltr'>volu-</span> 
     </span>
    </p>
   </div>
   <div class='ocr_carea' id='block_1_27' title="bbox 2184 1173 3833 1247">
    <p class='ocr_par' dir='ltr' id='par_1_27' title="bbox 2184 1173 3833 1247">
     <span class='ocr_line' id='line_1_27' title="bbox 2184 1173 3833 1247; baseline -0.001 -17"><span class='ocrx_word' id='word_1_181' title='bbox 2184 1177 2380 1247; x_wconf 86' lang='lat' dir='ltr'>ptatis.</span> <span class='ocrx_word' id='word_1_182' title='bbox 2439 1175 2689 1230; x_wconf 79' lang='lat' dir='ltr'>Immisit</span> <span class='ocrx_word' id='word_1_183' title='bbox 2717 1179 2912 1230; x_wconf 88' lang='lat' dir='ltr'>autem</span> <span class='ocrx_word' id='word_1_184' title='bbox 2943 1174 3098 1229; x_wconf 90' lang='lat' dir='ltr'>Deus</span> <span class='ocrx_word' id='word_1_185' title='bbox 3133 1173 3189 1228; x_wconf 91' lang='lat' dir='ltr'>in</span> <span class='ocrx_word' id='word_1_186' title='bbox 3221 1173 3403 1227; x_wconf 83' lang='lat' dir='ltr'>Adam</span> <span class='ocrx_word' id='word_1_187' title='bbox 3447 1177 3743 1243; x_wconf 82' lang='lat' dir='ltr'>stuporem</span> <span class='ocrx_word' id='word_1_188' title='bbox 3776 1178 3833 1229; x_wconf 92' lang='lat' dir='ltr'>et</span> 
     </span>
    </p>
   </div>
   <div class='ocr_carea' id='block_1_28' title="bbox 2182 1261 3828 1335">
    <p class='ocr_par' dir='ltr' id='par_1_28' title="bbox 2182 1261 3828 1335">
     <span class='ocr_line' id='line_1_28' title="bbox 2182 1261 3828 1335; baseline 0 -17"><span class='ocrx_word' id='word_1_189' title='bbox 2182 1263 2505 1335; x_wconf 82' lang='lat' dir='ltr'>consopivit</span> <span class='ocrx_word' id='word_1_190' title='bbox 2533 1279 2690 1331; x_wconf 91' lang='lat' dir='ltr'>eum,</span> <span class='ocrx_word' id='word_1_191' title='bbox 2722 1268 2778 1319; x_wconf 90' lang='lat' dir='ltr'>et</span> <span class='ocrx_word' id='word_1_192' title='bbox 2835 1262 3089 1335; x_wconf 89' lang='lat' dir='ltr'>sumpsit</span> <span class='ocrx_word' id='word_1_193' title='bbox 3144 1277 3322 1317; x_wconf 88' lang='lat' dir='ltr'>unam</span> <span class='ocrx_word' id='word_1_194' title='bbox 3355 1277 3423 1316; x_wconf 87' lang='lat' dir='ltr'>ex</span> <span class='ocrx_word' id='word_1_195' title='bbox 3472 1261 3648 1316; x_wconf 90' lang='lat' dir='ltr'>costis</span> <span class='ocrx_word' id='word_1_196' title='bbox 3680 1263 3828 1332; x_wconf 87' lang='lat' dir='ltr'>ejus,</span> 
     </span>
    </p>
   </div>
   <div class='ocr_carea' id='block_1_29' title="bbox 2181 1349 3826 1424">
    <p class='ocr_par' dir='ltr' id='par_1_29' title="bbox 2181 1349 3826 1424">
     <span class='ocr_line' id='line_1_29' title="bbox 2181 1349 3826 1424; baseline -0.001 -16"><span class='ocrx_word' id='word_1_197' title='bbox 2181 1358 2237 1408; x_wconf 87' lang='lat' dir='ltr'>et</span> <span class='ocrx_word' id='word_1_198' title='bbox 2265 1369 2499 1408; x_wconf 87' lang='lat' dir='ltr'>carnem</span> <span class='ocrx_word' id='word_1_199' title='bbox 2529 1369 2631 1424; x_wconf 91' lang='lat' dir='ltr'>pro</span> <span class='ocrx_word' id='word_1_200' title='bbox 2690 1369 2757 1408; x_wconf 91' lang='lat' dir='ltr'>ea</span> <span class='ocrx_word' id='word_1_201' title='bbox 2787 1351 3112 1419; x_wconf 83' lang='lat' dir='ltr'>substituit,</span> <span class='ocrx_word' id='word_1_202' title='bbox 3163 1355 3219 1407; x_wconf 92' lang='lat' dir='ltr'>et</span> <span class='ocrx_word' id='word_1_203' title='bbox 3251 1349 3552 1405; x_wconf 68' lang='lat' dir='ltr'>aedificavit</span> <span class='ocrx_word' id='word_1_204' title='bbox 3582 1355 3826 1420; x_wconf 89' lang='lat' dir='ltr'>costam,</span> 
     </span>
    </p>
   </div>
   <div class='ocr_carea' id='block_1_30' title="bbox 2183 1438 3827 1511">
    <p class='ocr_par' dir='ltr' id='par_1_30' title="bbox 2183 1438 3827 1511">
     <span class='ocr_line' id='line_1_30' title="bbox 2183 1438 3827 1511; baseline -0.001 -17"><span class='ocrx_word' id='word_1_205' title='bbox 2183 1457 2359 1511; x_wconf 88' lang='lat' dir='ltr'>quam</span> <span class='ocrx_word' id='word_1_206' title='bbox 2391 1445 2742 1511; x_wconf 79' lang='lat' dir='ltr'>sumpserat,</span> <span class='ocrx_word' id='word_1_207' title='bbox 2775 1440 2836 1494; x_wconf 87' lang='lat' dir='ltr'>in</span> <span class='ocrx_word' id='word_1_208' title='bbox 2889 1439 3217 1507; x_wconf 86' lang='lat' dir='ltr'>mulierem,</span> <span class='ocrx_word' id='word_1_209' title='bbox 3252 1454 3499 1508; x_wconf 85' lang='lat' dir='ltr'>eamque</span> <span class='ocrx_word' id='word_1_210' title='bbox 3537 1438 3608 1492; x_wconf 86' lang='lat' dir='ltr'>ad</span> <span class='ocrx_word' id='word_1_211' title='bbox 3639 1438 3827 1493; x_wconf 84' lang='lat' dir='ltr'>Adam</span> 
     </span>
    </p>
   </div>
   <div class='ocr_carea' id='block_1_31' title="bbox 2182 1527 3824 1599">
    <p class='ocr_par' dir='ltr' id='par_1_31' title="bbox 2182 1527 3824 1599">
     <span class='ocr_line' id='line_1_31' title="bbox 2182 1527 3824 1599; baseline 0 -16"><span class='ocrx_word' id='word_1_212' title='bbox 2182 1529 2471 1599; x_wconf 87' lang='lat' dir='ltr'>perduxit,</span> <span class='ocrx_word' id='word_1_213' title='bbox 2525 1533 2581 1583; x_wconf 87' lang='lat' dir='ltr'>et</span> <span class='ocrx_word' id='word_1_214' title='bbox 2637 1529 2780 1583; x_wconf 85' lang='lat' dir='ltr'>dixit</span> <span class='ocrx_word' id='word_1_215' title='bbox 2834 1528 3052 1582; x_wconf 87' lang='lat' dir='ltr'>Adam:</span> <span class='ocrx_word' id='word_1_216' title='bbox 3118 1529 3241 1582; x_wconf 75' lang='lat' dir='ltr'>Haec</span> <span class='ocrx_word' id='word_1_217' title='bbox 3271 1542 3403 1582; x_wconf 86' lang='lat' dir='ltr'>caro</span> <span class='ocrx_word' id='word_1_218' title='bbox 3446 1542 3602 1581; x_wconf 91' lang='lat' dir='ltr'>nunc</span> <span class='ocrx_word' id='word_1_219' title='bbox 3631 1543 3701 1581; x_wconf 80' lang='lat' dir='ltr'>ex</span> <span class='ocrx_word' id='word_1_220' title='bbox 3726 1527 3824 1583; x_wconf 76' lang='lat'><strong>85</strong></span> 
     </span>
    </p>
   </div>
   <div class='ocr_carea' id='block_1_32' title="bbox 2179 1615 3829 1686">
    <p class='ocr_par' dir='ltr' id='par_1_32' title="bbox 2179 1615 3829 1686">
     <span class='ocr_line' id='line_1_32' title="bbox 2179 1615 3829 1686; baseline -0.001 -14"><span class='ocrx_word' id='word_1_221' title='bbox 2179 1633 2354 1673; x_wconf 89' lang='lat' dir='ltr'>carne</span> <span class='ocrx_word' id='word_1_222' title='bbox 2403 1634 2552 1683; x_wconf 88' lang='lat' dir='ltr'>mea,</span> <span class='ocrx_word' id='word_1_223' title='bbox 2604 1622 2661 1672; x_wconf 88' lang='lat' dir='ltr'>et</span> <span class='ocrx_word' id='word_1_224' title='bbox 2711 1633 2776 1672; x_wconf 88' lang='lat' dir='ltr'>os</span> <span class='ocrx_word' id='word_1_225' title='bbox 2837 1633 2901 1671; x_wconf 83' lang='lat' dir='ltr'>ex</span> <span class='ocrx_word' id='word_1_226' title='bbox 2962 1616 3195 1671; x_wconf 90' lang='lat' dir='ltr'>ossibus</span> <span class='ocrx_word' id='word_1_227' title='bbox 3249 1616 3414 1671; x_wconf 87' lang='lat' dir='ltr'>meis.</span> <span class='ocrx_word' id='word_1_228' title='bbox 3472 1615 3604 1686; x_wconf 89' lang='lat' dir='ltr'>Ipsa</span> <span class='ocrx_word' id='word_1_229' title='bbox 3658 1631 3829 1671; x_wconf 80' lang='lat' dir='ltr'>voca-</span> 
     </span>
    </p>
   </div>
   <div class='ocr_carea' id='block_1_33' title="bbox 2180 1705 3825 1777">
    <p class='ocr_par' dir='ltr' id='par_1_33' title="bbox 2180 1705 3825 1777">
     <span class='ocr_line' id='line_1_33' title="bbox 2180 1705 3825 1777; baseline -0.002 -16"><span class='ocrx_word' id='word_1_230' title='bbox 2180 1707 2338 1762; x_wconf 87' lang='lat' dir='ltr'>bitur</span> <span class='ocrx_word' id='word_1_231' title='bbox 2381 1707 2598 1777; x_wconf 85' lang='lat' dir='ltr'>virago,</span> <span class='ocrx_word' id='word_1_232' title='bbox 2645 1706 2923 1777; x_wconf 87' lang='lat' dir='ltr'>quoniam</span> <span class='ocrx_word' id='word_1_233' title='bbox 2962 1722 3031 1761; x_wconf 82' lang='lat' dir='ltr'>ex</span> <span class='ocrx_word' id='word_1_234' title='bbox 3088 1705 3209 1760; x_wconf 86' lang='lat' dir='ltr'>viro</span> <span class='ocrx_word' id='word_1_235' title='bbox 3256 1721 3365 1759; x_wconf 90' lang='lat' dir='ltr'>suo</span> <span class='ocrx_word' id='word_1_236' title='bbox 3424 1709 3662 1775; x_wconf 83' lang='lat' dir='ltr'>sumpta</span> <span class='ocrx_word' id='word_1_237' title='bbox 3716 1707 3825 1760; x_wconf 84' lang='lat' dir='ltr'>est.</span> 
     </span>
    </p>
   </div>
   <div class='ocr_carea' id='block_1_34' title="bbox 2175 1795 3826 1868">
    <p class='ocr_par' dir='ltr' id='par_1_34' title="bbox 2175 1795 3826 1868">
     <span class='ocr_line' id='line_1_34' title="bbox 2175 1795 3826 1868; baseline -0.001 -18"><span class='ocrx_word' id='word_1_238' title='bbox 2175 1796 2416 1868; x_wconf 87' lang='lat' dir='ltr'>Pr0pter</span> <span class='ocrx_word' id='word_1_239' title='bbox 2444 1796 2552 1851; x_wconf 92' lang='lat' dir='ltr'>hoc</span> <span class='ocrx_word' id='word_1_240' title='bbox 2567 1795 2859 1866; x_wconf 84' lang='lat' dir='ltr'>relinquet</span> <span class='ocrx_word' id='word_1_241' title='bbox 2876 1796 3052 1850; x_wconf 91' lang='lat' dir='ltr'>homo</span> <span class='ocrx_word' id='word_1_242' title='bbox 3076 1799 3300 1866; x_wconf 81' lang='lat' dir='ltr'>patrem</span> <span class='ocrx_word' id='word_1_243' title='bbox 3317 1811 3490 1850; x_wconf 88' lang='lat' dir='ltr'>suum</span> <span class='ocrx_word' id='word_1_244' title='bbox 3508 1799 3564 1848; x_wconf 83' lang='lat' dir='ltr'>et</span> <span class='ocrx_word' id='word_1_245' title='bbox 3582 1799 3826 1849; x_wconf 88' lang='lat' dir='ltr'>matrem</span> 
     </span>
    </p>
   </div>
   <div class='ocr_carea' id='block_1_35' title="bbox 403 1882 2053 1986">
    <p class='ocr_par' dir='ltr' id='par_1_35' title="bbox 403 1882 2053 1963">
     <span class='ocr_line' id='line_1_35' title="bbox 403 1882 2053 1963; baseline 0 -25"><span class='ocrx_word' id='word_1_246' title='bbox 403 1885 568 1960; x_wconf 72' lang='grc' dir='ltr'>γυνὴ,</span> <span class='ocrx_word' id='word_1_247' title='bbox 603 1883 685 1939; x_wconf 75' lang='grc' dir='ltr'>ὅτι</span> <span class='ocrx_word' id='word_1_248' title='bbox 718 1885 776 1939; x_wconf 83' lang='grc' dir='ltr'>ἐκ</span> <span class='ocrx_word' id='word_1_249' title='bbox 803 1889 899 1940; x_wconf 78' lang='grc' dir='ltr'>τοῦ</span> <span class='ocrx_word' id='word_1_250' title='bbox 933 1882 1120 1961; x_wconf 84' lang='grc' dir='ltr'>ἀνδρὸς</span> <span class='ocrx_word' id='word_1_251' title='bbox 1172 1885 1338 1954; x_wconf 72' lang='grc' dir='ltr'>αὐτῆς</span> <span class='ocrx_word' id='word_1_252' title='bbox 1390 1886 1626 1963; x_wconf 68' lang='grc' dir='ltr'>ἐλήφθη.</span> <span class='ocrx_word' id='word_1_253' title='bbox 1678 1885 1827 1940; x_wconf 79' lang='grc' dir='ltr'>Ἀντὶ</span> <span class='ocrx_word' id='word_1_254' title='bbox 1866 1883 2053 1939; x_wconf 73' lang='grc' dir='ltr'>τούτου</span> 
     </span>
    </p>
   </div>
   <div class='ocr_carea' id='block_1_36' title="bbox 2165 1882 3824 1986">
    <p class='ocr_par' dir='ltr' id='par_1_36' title="bbox 2176 1883 3824 1956">
     <span class='ocr_line' id='line_1_36' title="bbox 2176 1883 3824 1956; baseline -0.001 -17"><span class='ocrx_word' id='word_1_255' title='bbox 2176 1902 2365 1954; x_wconf 87' lang='lat' dir='ltr'>suam,</span> <span class='ocrx_word' id='word_1_256' title='bbox 2400 1889 2457 1940; x_wconf 90' lang='lat' dir='ltr'>et</span> <span class='ocrx_word' id='word_1_257' title='bbox 2485 1885 2873 1956; x_wconf 86' lang='lat' dir='ltr'>conjungetur</span> <span class='ocrx_word' id='word_1_258' title='bbox 2905 1884 3070 1939; x_wconf 86' lang='lat' dir='ltr'>uxori</span> <span class='ocrx_word' id='word_1_259' title='bbox 3129 1900 3270 1951; x_wconf 76' lang='lat' dir='ltr'>suae,</span> <span class='ocrx_word' id='word_1_260' title='bbox 3302 1889 3587 1953; x_wconf 88' lang='lat' dir='ltr'>eruntque</span> <span class='ocrx_word' id='word_1_261' title='bbox 3618 1883 3733 1938; x_wconf 92' lang='lat' dir='ltr'>duo</span> <span class='ocrx_word' id='word_1_262' title='bbox 3767 1883 3824 1938; x_wconf 92' lang='lat' dir='ltr'>in</span> 
     </span>
    </p>
   </div>
   <div class='ocr_carea' id='block_1_37' title="bbox 403 1972 2059 2050">
    <p class='ocr_par' dir='ltr' id='par_1_37' title="bbox 403 1972 2059 2050">
     <span class='ocr_line' id='line_1_37' title="bbox 403 1972 2059 2050; baseline -0.001 -22"><span class='ocrx_word' id='word_1_263' title='bbox 403 1972 724 2047; x_wconf 82' lang='grc' dir='ltr'>καταλείψει</span> <span class='ocrx_word' id='word_1_264' title='bbox 766 1972 1050 2047; x_wconf 77' lang='grc' dir='ltr'>ἅνθρωπος</span> <span class='ocrx_word' id='word_1_265' title='bbox 1077 1976 1168 2029; x_wconf 88' lang='grc' dir='ltr'>τὸν</span> <span class='ocrx_word' id='word_1_266' title='bbox 1221 1975 1432 2050; x_wconf 78' lang='grc' dir='ltr'>Πατέρα</span> <span class='ocrx_word' id='word_1_267' title='bbox 1481 1975 1667 2042; x_wconf 76' lang='grc' dir='ltr'>αὐτοῦ,</span> <span class='ocrx_word' id='word_1_268' title='bbox 1700 1974 1788 2028; x_wconf 84' lang='grc' dir='ltr'>καὶ</span> <span class='ocrx_word' id='word_1_269' title='bbox 1817 1975 1916 2042; x_wconf 79' lang='grc' dir='ltr'>τήν</span> <span class='ocrx_word' id='word_1_270' title='bbox 1955 1996 2059 2046; x_wconf 83' lang='grc' dir='ltr'>μη-</span> 
     </span>
    </p>
   </div>
   <div class='ocr_carea' id='block_1_38' title="bbox 2174 1975 2652 2029">
    <p class='ocr_par' dir='ltr' id='par_1_38' title="bbox 2174 1975 2652 2029">
     <span class='ocr_line' id='line_1_38' title="bbox 2174 1975 2652 2029; baseline 0 -1"><span class='ocrx_word' id='word_1_271' title='bbox 2174 1990 2344 2029; x_wconf 89' lang='lat' dir='ltr'>carne</span> <span class='ocrx_word' id='word_1_272' title='bbox 2374 1991 2490 2029; x_wconf 90' lang='lat' dir='ltr'>una</span> <span class='ocrx_word' id='word_1_273' title='bbox 2525 1975 2589 2028; x_wconf 75' lang='lat'>3°.</span> <span class='ocrx_word' id='word_1_274' title='bbox 2624 1996 2652 2024; x_wconf 84' lang='lat'>»</span> 
     </span>
    </p>
   </div>
   <div class='ocr_carea' id='block_1_39' title="bbox 405 2059 3147 2140">
    <p class='ocr_par' dir='ltr' id='par_1_39' title="bbox 405 2059 3147 2140">
     <span class='ocr_line' id='line_1_39' title="bbox 405 2059 3147 2140; baseline 0 -23"><span class='ocrx_word' id='word_1_275' title='bbox 405 2061 538 2138; x_wconf 78' lang='grc' dir='ltr'>τέρα</span> <span class='ocrx_word' id='word_1_276' title='bbox 569 2063 756 2132; x_wconf 76' lang='grc' dir='ltr'>αὐτοϋ,</span> <span class='ocrx_word' id='word_1_277' title='bbox 789 2063 878 2119; x_wconf 81' lang='grc' dir='ltr'>καὶ</span> <span class='ocrx_word' id='word_1_278' title='bbox 911 2061 1462 2139; x_wconf 80' lang='grc' dir='ltr'>προσκολληθήσεται</span> <span class='ocrx_word' id='word_1_279' title='bbox 1490 2069 1559 2138; x_wconf 79' lang='grc' dir='ltr'>τῇ</span> <span class='ocrx_word' id='word_1_280' title='bbox 1589 2063 1800 2140; x_wconf 77' lang='grc' dir='ltr'>γυναικὶ</span> <span class='ocrx_word' id='word_1_281' title='bbox 1832 2063 2019 2130; x_wconf 77' lang='grc' dir='ltr'>αὐτοῦ,</span> <span class='ocrx_word' id='word_1_282' title='bbox 2051 2062 2140 2117; x_wconf 81' lang='grc' dir='ltr'>καὶ</span> <span class='ocrx_word' id='word_1_283' title='bbox 2171 2060 2380 2117; x_wconf 76' lang='grc' dir='ltr'>ἔσονται</span> <span class='ocrx_word' id='word_1_284' title='bbox 2410 2062 2462 2116; x_wconf 74' lang='grc' dir='ltr'>οἱ</span> <span class='ocrx_word' id='word_1_285' title='bbox 2496 2060 2594 2116; x_wconf 68' lang='grc' dir='ltr'>δύο</span> <span class='ocrx_word' id='word_1_286' title='bbox 2627 2061 2704 2125; x_wconf 74' lang='grc' dir='ltr'>εἷς</span> <span class='ocrx_word' id='word_1_287' title='bbox 2736 2064 2905 2138; x_wconf 88' lang='grc' dir='ltr'>σάρκα</span> <span class='ocrx_word' id='word_1_288' title='bbox 2940 2059 3082 2134; x_wconf 88' lang='grc' dir='ltr'>μίαν.</span> <span class='ocrx_word' id='word_1_289' title='bbox 3121 2084 3147 2111; x_wconf 90' lang='grc'><strong>››</strong></span> 
     </span>
    </p>
   </div>
   <div class='ocr_carea' id='block_1_40' title="bbox 483 2167 2061 2244">
    <p class='ocr_par' dir='ltr' id='par_1_40' title="bbox 483 2167 2061 2244">
     <span class='ocr_line' id='line_1_40' title="bbox 483 2167 2061 2244; baseline -0.001 -20"><span class='ocrx_word' id='word_1_290' title='bbox 483 2171 538 2226; x_wconf 88' lang='grc'>2.</span> <span class='ocrx_word' id='word_1_291' title='bbox 565 2171 785 2241; x_wconf 71' lang='grc' dir='ltr'>Ἄκουε,</span> <span class='ocrx_word' id='word_1_292' title='bbox 848 2167 1020 2240; x_wconf 78' lang='grc' dir='ltr'>δούλη</span> <span class='ocrx_word' id='word_1_293' title='bbox 1078 2168 1176 2224; x_wconf 77' lang='grc' dir='ltr'>τοῖ’)</span> <span class='ocrx_word' id='word_1_294' title='bbox 1231 2173 1491 2244; x_wconf 77' lang='grc' dir='ltr'>Χριστοῦ,</span> <span class='ocrx_word' id='word_1_295' title='bbox 1538 2172 1628 2225; x_wconf 88' lang='grc' dir='ltr'>καὶ</span> <span class='ocrx_word' id='word_1_296' title='bbox 1674 2172 1890 2241; x_wconf 86' lang='grc' dir='ltr'>πάντες,</span> <span class='ocrx_word' id='word_1_297' title='bbox 1943 2169 2061 2224; x_wconf 79' lang='grc' dir='ltr'>ὅσοι</span> 
     </span>
    </p>
   </div>
   <div class='ocr_carea' id='block_1_41' title="bbox 409 2255 2060 2334">
    <p class='ocr_par' dir='ltr' id='par_1_41' title="bbox 409 2255 2060 2334">
     <span class='ocr_line' id='line_1_41' title="bbox 409 2255 2060 2334; baseline 0.002 -24"><span class='ocrx_word' id='word_1_298' title='bbox 409 2255 628 2312; x_wconf 85' lang='grc' dir='ltr'>θέλουσι</span> <span class='ocrx_word' id='word_1_299' title='bbox 661 2261 922 2326; x_wconf 77' lang='grc' dir='ltr'>σωθῆναι,</span> <span class='ocrx_word' id='word_1_300' title='bbox 953 2258 1041 2312; x_wconf 87' lang='grc' dir='ltr'>καὶ</span> <span class='ocrx_word' id='word_1_301' title='bbox 1073 2258 1414 2327; x_wconf 80' lang='grc' dir='ltr'>ἐνωτίζονται</span> <span class='ocrx_word' id='word_1_302' title='bbox 1462 2259 1527 2312; x_wconf 72' lang='grc' dir='ltr'>τὰ</span> <span class='ocrx_word' id='word_1_303' title='bbox 1559 2259 1778 2334; x_wconf 77' lang='grc' dir='ltr'>ῥήματα</span> <span class='ocrx_word' id='word_1_304' title='bbox 1820 2263 1918 2314; x_wconf 75' lang='grc' dir='ltr'>τοῦ</span> <span class='ocrx_word' id='word_1_305' title='bbox 1947 2261 2060 2332; x_wconf 88' lang='grc'>(85)</span> 
     </span>
    </p>
   </div>
   <div class='ocr_carea' id='block_1_42' title="bbox 411 2345 2056 2419">
    <p class='ocr_par' dir='ltr' id='par_1_42' title="bbox 411 2345 2056 2419">
     <span class='ocr_line' id='line_1_42' title="bbox 411 2345 2056 2419; baseline 0.001 -19"><span class='ocrx_word' id='word_1_306' title='bbox 411 2345 681 2417; x_wconf 87' lang='grc' dir='ltr'>στόματός</span> <span class='ocrx_word' id='word_1_307' title='bbox 718 2366 841 2418; x_wconf 89' lang='grc' dir='ltr'>μου·</span> <span class='ocrx_word' id='word_1_308' title='bbox 893 2347 984 2400; x_wconf 85' lang='grc' dir='ltr'>καὶ</span> <span class='ocrx_word' id='word_1_309' title='bbox 1031 2345 1500 2419; x_wconf 76' lang='grc' dir='ltr'>καταδεξάσθιυσαν</span> <span class='ocrx_word' id='word_1_310' title='bbox 1537 2350 1603 2401; x_wconf 74' lang='grc' dir='ltr'>τὰ</span> <span class='ocrx_word' id='word_1_311' title='bbox 1645 2349 1756 2402; x_wconf 83' lang='grc' dir='ltr'>ὦτά</span> <span class='ocrx_word' id='word_1_312' title='bbox 1803 2369 1897 2402; x_wconf 91' lang='grc' dir='ltr'>σου</span> <span class='ocrx_word' id='word_1_313' title='bbox 1941 2350 2056 2402; x_wconf 85' lang='grc' dir='ltr'>θεο-</span> 
     </span>
    </p>
   </div>
   <div class='ocr_carea' id='block_1_43' title="bbox 410 2433 2054 2513">
    <p class='ocr_par' dir='ltr' id='par_1_43' title="bbox 410 2433 2054 2513">
     <span class='ocr_line' id='line_1_43' title="bbox 410 2433 2054 2513; baseline 0.001 -26"><span class='ocrx_word' id='word_1_314' title='bbox 410 2434 701 2494; x_wconf 70' lang='grc' dir='ltr'>πνεύστους</span> <span class='ocrx_word' id='word_1_315' title='bbox 752 2433 970 2509; x_wconf 86' lang='grc' dir='ltr'>λόγους.</span> <span class='ocrx_word' id='word_1_316' title='bbox 1005 2459 1033 2485; x_wconf 90' lang='grc'>‹‹</span> <span class='ocrx_word' id='word_1_317' title='bbox 1065 2435 1135 2488; x_wconf 89' lang='grc' dir='ltr'>Τὸ</span> <span class='ocrx_word' id='word_1_318' title='bbox 1183 2437 1478 2510; x_wconf 90' lang='grc' dir='ltr'>μυστήριον</span> <span class='ocrx_word' id='word_1_319' title='bbox 1525 2436 1627 2510; x_wconf 78' lang='grc' dir='ltr'>γὰρ</span> <span class='ocrx_word' id='word_1_320' title='bbox 1676 2441 1859 2502; x_wconf 77' lang='grc' dir='ltr'>τοῦτο,</span> <span class='ocrx_word' id='word_1_321' title='bbox 1900 2435 2054 2513; x_wconf 73' lang='grc' dir='ltr'>φησὶ,</span> 
     </span>
    </p>
   </div>
   <div class='ocr_carea' id='block_1_44' title="bbox 415 2520 2053 2598">
    <p class='ocr_par' dir='ltr' id='par_1_44' title="bbox 415 2520 2053 2598">
     <span class='ocr_line' id='line_1_44' title="bbox 415 2520 2053 2598; baseline 0.001 -22"><span class='ocrx_word' id='word_1_322' title='bbox 415 2521 554 2596; x_wconf 86' lang='grc' dir='ltr'>μέγα</span> <span class='ocrx_word' id='word_1_323' title='bbox 610 2520 761 2590; x_wconf 73' lang='grc' dir='ltr'>ἐστὶ,</span> <span class='ocrx_word' id='word_1_324' title='bbox 819 2545 848 2572; x_wconf 84' lang='grc'>››</span> <span class='ocrx_word' id='word_1_325' title='bbox 905 2523 1081 2585; x_wconf 76' lang='grc' dir='ltr'>καθὼς</span> <span class='ocrx_word' id='word_1_326' title='bbox 1159 2523 1300 2577; x_wconf 72' lang='grc' dir='ltr'>εἶπεν</span> <span class='ocrx_word' id='word_1_327' title='bbox 1360 2523 1388 2577; x_wconf 85' lang='grc' dir='ltr'>ὀ</span> <span class='ocrx_word' id='word_1_328' title='bbox 1450 2522 1713 2598; x_wconf 78' lang='grc' dir='ltr'>μακάριος</span> <span class='ocrx_word' id='word_1_329' title='bbox 1789 2523 2003 2587; x_wconf 75' lang='grc' dir='ltr'>Παῦλος</span> <span class='ocrx_word' id='word_1_330' title='bbox 2038 2571 2053 2597; x_wconf 93' lang='grc'>,</span> 
     </span>
    </p>
   </div>
   <div class='ocr_carea' id='block_1_45' title="bbox 413 2609 2054 2686">
    <p class='ocr_par' dir='ltr' id='par_1_45' title="bbox 413 2609 2054 2686">
     <span class='ocr_line' id='line_1_45' title="bbox 413 2609 2054 2686; baseline 0.001 -22"><span class='ocrx_word' id='word_1_331' title='bbox 413 2609 495 2664; x_wconf 77' lang='grc' dir='ltr'>ὅτι</span> <span class='ocrx_word' id='word_1_332' title='bbox 525 2615 628 2672; x_wconf 80' lang='grc' dir='ltr'>πᾶς</span> <span class='ocrx_word' id='word_1_333' title='bbox 659 2613 770 2684; x_wconf 87' lang='grc'>(86)</span> <span class='ocrx_word' id='word_1_334' title='bbox 801 2611 828 2666; x_wconf 89' lang='lat'>6</span> <span class='ocrx_word' id='word_1_335' title='bbox 859 2609 1217 2683; x_wconf 81' lang='grc' dir='ltr'>κολλώμενος</span> <span class='ocrx_word' id='word_1_336' title='bbox 1262 2615 1330 2686; x_wconf 81' lang='grc' dir='ltr'>τῇ</span> <span class='ocrx_word' id='word_1_337' title='bbox 1378 2613 1610 2686; x_wconf 82' lang='grc' dir='ltr'>γυναικὶ,</span> <span class='ocrx_word' id='word_1_338' title='bbox 1650 2613 1704 2667; x_wconf 78' lang='grc' dir='ltr'>ἓν</span> <span class='ocrx_word' id='word_1_339' title='bbox 1737 2615 1894 2686; x_wconf 78' lang='grc' dir='ltr'>σῶμά</span> <span class='ocrx_word' id='word_1_340' title='bbox 1925 2613 2054 2668; x_wconf 81' lang='grc' dir='ltr'>εἰσιν</span> 
     </span>
    </p>
   </div>
   <div class='ocr_carea' id='block_1_46' title="bbox 411 2699 2051 2776">
    <p class='ocr_par' dir='ltr' id='par_1_46' title="bbox 411 2699 2051 2776">
     <span class='ocr_line' id='line_1_46' title="bbox 411 2699 2051 2776; baseline 0.002 -23"><span class='ocrx_word' id='word_1_341' title='bbox 411 2699 731 2776; x_wconf 76' lang='grc' dir='ltr'>ἀμφότεροι.</span> <span class='ocrx_word' id='word_1_342' title='bbox 784 2699 941 2757; x_wconf 77' lang='grc' dir='ltr'>Οὕτω</span> <span class='ocrx_word' id='word_1_343' title='bbox 990 2699 1152 2755; x_wconf 87' lang='grc' dir='ltr'>πάλιν</span> <span class='ocrx_word' id='word_1_344' title='bbox 1199 2707 1301 2763; x_wconf 79' lang='grc' dir='ltr'>πᾶς</span> <span class='ocrx_word' id='word_1_345' title='bbox 1348 2701 1484 2776; x_wconf 78' lang='grc' dir='ltr'>ἀνὴρ</span> <span class='ocrx_word' id='word_1_346' title='bbox 1517 2703 1551 2771; x_wconf 74' lang='grc' dir='ltr'><strong>ἢ</strong></span> <span class='ocrx_word' id='word_1_347' title='bbox 1581 2703 1716 2776; x_wconf 79' lang='grc' dir='ltr'>γυνὴ</span> <span class='ocrx_word' id='word_1_348' title='bbox 1758 2701 2051 2774; x_wconf 88' lang='grc' dir='ltr'>κολλώμε-</span> 
     </span>
    </p>
   </div>
   <div class='ocr_carea' id='block_1_47' title="bbox 407 2788 2048 2866">
    <p class='ocr_par' dir='ltr' id='par_1_47' title="bbox 407 2788 2048 2866">
     <span class='ocr_line' id='line_1_47' title="bbox 407 2788 2048 2866; baseline 0.003 -25"><span class='ocrx_word' id='word_1_349' title='bbox 407 2808 497 2850; x_wconf 88' lang='grc' dir='ltr'>νος</span> <span class='ocrx_word' id='word_1_350' title='bbox 528 2793 607 2858; x_wconf 81' lang='grc' dir='ltr'>τῷ</span> <span class='ocrx_word' id='word_1_351' title='bbox 638 2788 818 2863; x_wconf 83' lang='grc' dir='ltr'>Κυρίῳ</span> <span class='ocrx_word' id='word_1_352' title='bbox 866 2788 920 2842; x_wconf 82' lang='grc' dir='ltr'>ἓν</span> <span class='ocrx_word' id='word_1_353' title='bbox 961 2791 1176 2861; x_wconf 80' lang='grc' dir='ltr'>πνεῦμά</span> <span class='ocrx_word' id='word_1_354' title='bbox 1220 2788 1350 2846; x_wconf 71' lang='grc' dir='ltr'>ἐστι.</span> <span class='ocrx_word' id='word_1_355' title='bbox 1400 2789 1462 2846; x_wconf 78' lang='grc' dir='ltr'>Εἰ</span> <span class='ocrx_word' id='word_1_356' title='bbox 1511 2792 1611 2866; x_wconf 75' lang='grc' dir='ltr'>γὰρ</span> <span class='ocrx_word' id='word_1_357' title='bbox 1661 2791 1712 2844; x_wconf 79' lang='grc' dir='ltr'>οἱ</span> <span class='ocrx_word' id='word_1_358' title='bbox 1738 2795 1818 2862; x_wconf 83' lang='grc' dir='ltr'>τῷ</span> <span class='ocrx_word' id='word_1_359' title='bbox 1857 2791 2048 2864; x_wconf 89' lang='grc' dir='ltr'>κόσμῳ</span> 
     </span>
    </p>
   </div>
   <div class='ocr_carea' id='block_1_48' title="bbox 406 2872 2044 2954">
    <p class='ocr_par' dir='ltr' id='par_1_48' title="bbox 406 2872 2044 2954">
     <span class='ocr_line' id='line_1_48' title="bbox 406 2872 2044 2954; baseline 0.002 -23"><span class='ocrx_word' id='word_1_360' title='bbox 406 2872 802 2950; x_wconf 87' lang='grc' dir='ltr'>συναπτόμενοι</span> <span class='ocrx_word' id='word_1_361' title='bbox 862 2877 1336 2950; x_wconf 85' lang='grc' dir='ltr'>καταλιμπάνουσι</span> <span class='ocrx_word' id='word_1_362' title='bbox 1399 2880 1488 2932; x_wconf 85' lang='grc' dir='ltr'>τὸν</span> <span class='ocrx_word' id='word_1_363' title='bbox 1547 2880 1752 2954; x_wconf 80' lang='grc' dir='ltr'>πατέρα</span> <span class='ocrx_word' id='word_1_364' title='bbox 1806 2881 1894 2934; x_wconf 78' lang='grc' dir='ltr'>καὶ</span> <span class='ocrx_word' id='word_1_365' title='bbox 1946 2883 2044 2950; x_wconf 80' lang='grc' dir='ltr'>τὴν</span> 
     </span>
    </p>
   </div>
   <div class='ocr_carea' id='block_1_49' title="bbox 406 2966 2044 3044">
    <p class='ocr_par' dir='ltr' id='par_1_49' title="bbox 406 2966 2044 3044">
     <span class='ocr_line' id='line_1_49' title="bbox 406 2966 2044 3044; baseline 0.004 -25"><span class='ocrx_word' id='word_1_366' title='bbox 406 2966 636 3042; x_wconf 87' lang='grc' dir='ltr'>μητέρα,</span> <span class='ocrx_word' id='word_1_367' title='bbox 686 2966 774 3020; x_wconf 85' lang='grc' dir='ltr'>καὶ</span> <span class='ocrx_word' id='word_1_368' title='bbox 836 2966 1186 3021; x_wconf 78' lang='grc' dir='ltr'>συνάπτονται</span> <span class='ocrx_word' id='word_1_369' title='bbox 1245 2970 1500 3044; x_wconf 75' lang='grc' dir='ltr'>φθαρτοῖς</span> <span class='ocrx_word' id='word_1_370' title='bbox 1555 2968 1862 3044; x_wconf 77' lang='grc' dir='ltr'>ἀνθρώποις</span> <span class='ocrx_word' id='word_1_371' title='bbox 1911 2973 2044 3043; x_wconf 90' lang='lat'>(87).</span> 
     </span>
    </p>
   </div>
   <div class='ocr_carea' id='block_1_50' title="bbox 399 3055 2046 3135">
    <p class='ocr_par' dir='ltr' id='par_1_50' title="bbox 399 3055 2046 3135">
     <span class='ocr_line' id='line_1_50' title="bbox 399 3055 2046 3135; baseline 0.002 -26"><span class='ocrx_word' id='word_1_372' title='bbox 399 3055 555 3127; x_wconf 87' lang='grc' dir='ltr'>πόσῳ</span> <span class='ocrx_word' id='word_1_373' title='bbox 591 3055 800 3127; x_wconf 80' lang='grc' dir='ltr'>μᾶλλον</span> <span class='ocrx_word' id='word_1_374' title='bbox 849 3057 884 3124; x_wconf 71' lang='grc' dir='ltr'>ἡ</span> <span class='ocrx_word' id='word_1_375' title='bbox 925 3056 1188 3127; x_wconf 79' lang='grc' dir='ltr'>παρθένος</span> <span class='ocrx_word' id='word_1_376' title='bbox 1229 3055 1661 3132; x_wconf 76' lang='grc' dir='ltr'>έγκρατευομὲνη</span> <span class='ocrx_word' id='word_1_377' title='bbox 1714 3057 1919 3135; x_wconf 71' lang='grc' dir='ltr'>ὀφείλει</span> <span class='ocrx_word' id='word_1_378' title='bbox 1952 3080 2046 3114; x_wconf 85' lang='grc' dir='ltr'>κα-</span> 
     </span>
    </p>
   </div>
   <div class='ocr_carea' id='block_1_51' title="bbox 395 3143 2036 3221">
    <p class='ocr_par' dir='ltr' id='par_1_51' title="bbox 395 3143 2036 3221">
     <span class='ocr_line' id='line_1_51' title="bbox 395 3143 2036 3221; baseline 0.002 -23"><span class='ocrx_word' id='word_1_379' title='bbox 395 3143 644 3199; x_wconf 84' lang='grc' dir='ltr'>ταλιπεῖν</span> <span class='ocrx_word' id='word_1_380' title='bbox 671 3146 739 3198; x_wconf 82' lang='grc' dir='ltr'>τὰ</span> <span class='ocrx_word' id='word_1_381' title='bbox 766 3147 928 3221; x_wconf 83' lang='grc' dir='ltr'>γήϊνα</span> <span class='ocrx_word' id='word_1_382' title='bbox 958 3144 1150 3219; x_wconf 85' lang='grc' dir='ltr'>πάντα,</span> <span class='ocrx_word' id='word_1_383' title='bbox 1185 3145 1271 3200; x_wconf 85' lang='grc' dir='ltr'>καὶ</span> <span class='ocrx_word' id='word_1_384' title='bbox 1319 3150 1396 3217; x_wconf 82' lang='grc' dir='ltr'>τῷ</span> <span class='ocrx_word' id='word_1_385' title='bbox 1426 3146 1606 3221; x_wconf 84' lang='grc' dir='ltr'>Κυρίῳ</span> <span class='ocrx_word' id='word_1_386' title='bbox 1649 3147 1799 3219; x_wconf 83' lang='grc' dir='ltr'>μόνῳ</span> <span class='ocrx_word' id='word_1_387' title='bbox 1825 3145 2036 3218; x_wconf 87' lang='grc' dir='ltr'>κολλη-</span> 
     </span>
    </p>
   </div>
   <div class='ocr_carea' id='block_1_52' title="bbox 2239 2169 3826 2242">
    <p class='ocr_par' dir='ltr' id='par_1_52' title="bbox 2239 2169 3826 2242">
     <span class='ocr_line' id='line_1_52' title="bbox 2239 2169 3826 2242; baseline 0.001 -18"><span class='ocrx_word' id='word_1_388' title='bbox 2239 2171 2696 2236; x_wconf 80' lang='lat' dir='ltr'>2.!Audi,ancilla</span> <span class='ocrx_word' id='word_1_389' title='bbox 2724 2171 2960 2238; x_wconf 88' lang='lat' dir='ltr'>Christi,</span> <span class='ocrx_word' id='word_1_390' title='bbox 2985 2169 3386 2242; x_wconf 88' lang='lat' dir='ltr'>etquicunque</span> <span class='ocrx_word' id='word_1_391' title='bbox 3399 2169 3648 2224; x_wconf 88' lang='lat' dir='ltr'>salutem</span> <span class='ocrx_word' id='word_1_392' title='bbox 3669 2186 3826 2242; x_wconf 72' lang='lat' dir='ltr'>quaa-</span> 
     </span>
    </p>
   </div>
   <div class='ocr_carea' id='block_1_53' title="bbox 2170 2259 3821 2329">
    <p class='ocr_par' dir='ltr' id='par_1_53' title="bbox 2170 2259 3821 2329">
     <span class='ocr_line' id='line_1_53' title="bbox 2170 2259 3821 2329; baseline 0 -15"><span class='ocrx_word' id='word_1_393' title='bbox 2170 2265 2329 2324; x_wconf 87' lang='lat' dir='ltr'>runt,</span> <span class='ocrx_word' id='word_1_394' title='bbox 2363 2265 2418 2315; x_wconf 88' lang='lat' dir='ltr'>et</span> <span class='ocrx_word' id='word_1_395' title='bbox 2439 2259 2771 2315; x_wconf 88' lang='lat' dir='ltr'>auscultant</span> <span class='ocrx_word' id='word_1_396' title='bbox 2789 2260 2964 2316; x_wconf 89' lang='lat' dir='ltr'>verba</span> <span class='ocrx_word' id='word_1_397' title='bbox 2992 2260 3109 2314; x_wconf 92' lang='lat' dir='ltr'>oris</span> <span class='ocrx_word' id='word_1_398' title='bbox 3132 2259 3243 2314; x_wconf 91' lang='lat' dir='ltr'>mei</span> <span class='ocrx_word' id='word_1_399' title='bbox 3269 2275 3282 2314; x_wconf 89' lang='lat'>:</span> <span class='ocrx_word' id='word_1_400' title='bbox 3315 2263 3372 2314; x_wconf 90' lang='lat' dir='ltr'>et</span> <span class='ocrx_word' id='word_1_401' title='bbox 3401 2259 3690 2329; x_wconf 88' lang='lat' dir='ltr'>accipiant</span> <span class='ocrx_word' id='word_1_402' title='bbox 3721 2277 3821 2314; x_wconf 83' lang='lat' dir='ltr'>au-</span> 
     </span>
    </p>
   </div>
   <div class='ocr_carea' id='block_1_54' title="bbox 2168 2347 3821 2419">
    <p class='ocr_par' dir='ltr' id='par_1_54' title="bbox 2168 2347 3821 2419">
     <span class='ocr_line' id='line_1_54' title="bbox 2168 2347 3821 2419; baseline -0.001 -17"><span class='ocrx_word' id='word_1_403' title='bbox 2168 2363 2262 2403; x_wconf 90' lang='lat' dir='ltr'>res</span> <span class='ocrx_word' id='word_1_404' title='bbox 2292 2353 2402 2402; x_wconf 74' lang='lat' dir='ltr'>tuas</span> <span class='ocrx_word' id='word_1_405' title='bbox 2435 2366 2467 2404; x_wconf 89' lang='lat' dir='ltr'>a</span> <span class='ocrx_word' id='word_1_406' title='bbox 2497 2349 2611 2404; x_wconf 91' lang='lat' dir='ltr'>Deo</span> <span class='ocrx_word' id='word_1_407' title='bbox 2642 2347 2956 2419; x_wconf 79' lang='lat' dir='ltr'>inspiratus</span> <span class='ocrx_word' id='word_1_408' title='bbox 2981 2364 3301 2404; x_wconf 79' lang='lat' dir='ltr'>sermones.</span> <span class='ocrx_word' id='word_1_409' title='bbox 3332 2366 3353 2395; x_wconf 71' lang='grc' dir='ltr'><strong><em>α</em></strong></span> <span class='ocrx_word' id='word_1_410' title='bbox 3376 2347 3490 2402; x_wconf 84' lang='grc' dir='ltr'>Ηοο</span> <span class='ocrx_word' id='word_1_411' title='bbox 3512 2348 3667 2402; x_wconf 90' lang='lat' dir='ltr'>enim</span> <span class='ocrx_word' id='word_1_412' title='bbox 3700 2365 3821 2417; x_wconf 85' lang='lat' dir='ltr'>my-</span> 
     </span>
    </p>
   </div>
   <div class='ocr_carea' id='block_1_55' title="bbox 2170 2436 3816 2507">
    <p class='ocr_par' dir='ltr' id='par_1_55' title="bbox 2170 2436 3816 2507">
     <span class='ocr_line' id='line_1_55' title="bbox 2170 2436 3816 2507; baseline 0 -17"><span class='ocrx_word' id='word_1_413' title='bbox 2170 2437 2436 2504; x_wconf 84' lang='lat' dir='ltr'>sterium,</span> <span class='ocrx_word' id='word_1_414' title='bbox 2460 2458 2487 2485; x_wconf 84' lang='lat'>»</span> <span class='ocrx_word' id='word_1_415' title='bbox 2513 2436 2707 2507; x_wconf 90' lang='lat' dir='ltr'>inquit</span> <span class='ocrx_word' id='word_1_416' title='bbox 2745 2438 2914 2492; x_wconf 89' lang='lat' dir='ltr'>divus</span> <span class='ocrx_word' id='word_1_417' title='bbox 2943 2437 3178 2503; x_wconf 84' lang='lat' dir='ltr'>Paulus,</span> <span class='ocrx_word' id='word_1_418' title='bbox 3212 2459 3241 2488; x_wconf 86' lang='lat'><strong>«</strong></span> <span class='ocrx_word' id='word_1_419' title='bbox 3277 2452 3554 2506; x_wconf 86' lang='lat' dir='ltr'>magnum</span> <span class='ocrx_word' id='word_1_420' title='bbox 3578 2439 3665 2491; x_wconf 89' lang='lat' dir='ltr'>est</span> <span class='ocrx_word' id='word_1_421' title='bbox 3696 2437 3759 2505; x_wconf 75' lang='lat'>‘0,</span> <span class='ocrx_word' id='word_1_422' title='bbox 3787 2458 3816 2486; x_wconf 79' lang='grc'>››</span> 
     </span>
    </p>
   </div>
   <div class='ocr_carea' id='block_1_56' title="bbox 2166 2525 3814 2597">
    <p class='ocr_par' dir='ltr' id='par_1_56' title="bbox 2166 2525 3814 2597">
     <span class='ocr_line' id='line_1_56' title="bbox 2166 2525 3814 2597; baseline 0.001 -19"><span class='ocrx_word' id='word_1_423' title='bbox 2166 2539 2233 2580; x_wconf 89' lang='lat' dir='ltr'>eo</span> <span class='ocrx_word' id='word_1_424' title='bbox 2292 2525 2446 2597; x_wconf 91' lang='lat' dir='ltr'>quod</span> <span class='ocrx_word' id='word_1_425' title='bbox 2497 2525 2709 2594; x_wconf 90' lang='lat' dir='ltr'>omnis,</span> <span class='ocrx_word' id='word_1_426' title='bbox 2763 2525 2862 2596; x_wconf 91' lang='lat' dir='ltr'>qui</span> <span class='ocrx_word' id='word_1_427' title='bbox 2911 2525 3318 2596; x_wconf 75' lang='lat' dir='ltr'>agglutinetur</span> <span class='ocrx_word' id='word_1_428' title='bbox 3394 2525 3578 2591; x_wconf 83' lang='lat' dir='ltr'>uxori,</span> <span class='ocrx_word' id='word_1_429' title='bbox 3639 2525 3814 2580; x_wconf 88' lang='lat' dir='ltr'>ambo</span> 
     </span>
    </p>
   </div>
   <div class='ocr_carea' id='block_1_57' title="bbox 2163 2612 3814 2686">
    <p class='ocr_par' dir='ltr' id='par_1_57' title="bbox 2163 2612 3814 2686">
     <span class='ocr_line' id='line_1_57' title="bbox 2163 2612 3814 2686; baseline 0.001 -20"><span class='ocrx_word' id='word_1_430' title='bbox 2163 2629 2348 2668; x_wconf 91' lang='lat' dir='ltr'>unum</span> <span class='ocrx_word' id='word_1_431' title='bbox 2396 2630 2608 2686; x_wconf 88' lang='lat' dir='ltr'>corpus</span> <span class='ocrx_word' id='word_1_432' title='bbox 2657 2614 2792 2669; x_wconf 89' lang='lat' dir='ltr'>sint.</span> <span class='ocrx_word' id='word_1_433' title='bbox 2833 2615 2919 2668; x_wconf 87' lang='lat' dir='ltr'>Ita</span> <span class='ocrx_word' id='word_1_434' title='bbox 2938 2629 3168 2684; x_wconf 90' lang='lat' dir='ltr'>quoque</span> <span class='ocrx_word' id='word_1_435' title='bbox 3193 2613 3385 2668; x_wconf 88' lang='lat' dir='ltr'>omnis</span> <span class='ocrx_word' id='word_1_436' title='bbox 3412 2612 3498 2666; x_wconf 90' lang='lat' dir='ltr'>vir</span> <span class='ocrx_word' id='word_1_437' title='bbox 3528 2613 3645 2668; x_wconf 88' lang='lat' dir='ltr'>sive</span> <span class='ocrx_word' id='word_1_438' title='bbox 3677 2630 3814 2668; x_wconf 84' lang='lat' dir='ltr'>mu-</span> 
     </span>
    </p>
   </div>
   <div class='ocr_carea' id='block_1_58' title="bbox 2161 2701 3814 2775">
    <p class='ocr_par' dir='ltr' id='par_1_58' title="bbox 2161 2701 3814 2775">
     <span class='ocr_line' id='line_1_58' title="bbox 2161 2701 3814 2775; baseline 0.001 -19"><span class='ocrx_word' id='word_1_439' title='bbox 2161 2701 2270 2757; x_wconf 90' lang='lat' dir='ltr'>lier</span> <span class='ocrx_word' id='word_1_440' title='bbox 2317 2702 2719 2775; x_wconf 81' lang='lat' dir='ltr'>agglutinatus</span> <span class='ocrx_word' id='word_1_441' title='bbox 2771 2702 3042 2767; x_wconf 88' lang='lat' dir='ltr'>Domino,</span> <span class='ocrx_word' id='word_1_442' title='bbox 3093 2719 3248 2757; x_wconf 90' lang='lat' dir='ltr'>unus</span> <span class='ocrx_word' id='word_1_443' title='bbox 3298 2702 3542 2774; x_wconf 89' lang='lat' dir='ltr'>spiritus</span> <span class='ocrx_word' id='word_1_444' title='bbox 3605 2707 3713 2757; x_wconf 92' lang='lat' dir='ltr'>est.</span> <span class='ocrx_word' id='word_1_445' title='bbox 3746 2702 3814 2758; x_wconf 88' lang='lat' dir='ltr'>Si</span> 
     </span>
    </p>
   </div>
   <div class='ocr_carea' id='block_1_59' title="bbox 2159 2789 3816 2862">
    <p class='ocr_par' dir='ltr' id='par_1_59' title="bbox 2159 2789 3816 2862">
     <span class='ocr_line' id='line_1_59' title="bbox 2159 2789 3816 2862; baseline 0 -17"><span class='ocrx_word' id='word_1_446' title='bbox 2159 2791 2315 2846; x_wconf 90' lang='lat' dir='ltr'>enim</span> <span class='ocrx_word' id='word_1_447' title='bbox 2347 2791 2447 2862; x_wconf 90' lang='lat' dir='ltr'>qui</span> <span class='ocrx_word' id='word_1_448' title='bbox 2489 2792 2710 2848; x_wconf 91' lang='lat' dir='ltr'>mundo</span> <span class='ocrx_word' id='word_1_449' title='bbox 2741 2789 3109 2862; x_wconf 88' lang='lat' dir='ltr'>copulantur,</span> <span class='ocrx_word' id='word_1_450' title='bbox 3141 2789 3483 2862; x_wconf 88' lang='lat' dir='ltr'>relinquunt</span> <span class='ocrx_word' id='word_1_451' title='bbox 3505 2795 3726 2860; x_wconf 89' lang='lat' dir='ltr'>patrem</span> <span class='ocrx_word' id='word_1_452' title='bbox 3758 2795 3816 2846; x_wconf 89' lang='lat' dir='ltr'>et</span> 
     </span>
    </p>
   </div>
   <div class='ocr_carea' id='block_1_60' title="bbox 2158 2878 3808 2949">
    <p class='ocr_par' dir='ltr' id='par_1_60' title="bbox 2158 2878 3808 2949">
     <span class='ocr_line' id='line_1_60' title="bbox 2158 2878 3808 2949; baseline -0.001 -15"><span class='ocrx_word' id='word_1_453' title='bbox 2158 2884 2425 2948; x_wconf 87' lang='lat' dir='ltr'>matrem,</span> <span class='ocrx_word' id='word_1_454' title='bbox 2476 2883 2542 2934; x_wconf 91' lang='lat' dir='ltr'>ut</span> <span class='ocrx_word' id='word_1_455' title='bbox 2579 2879 2928 2935; x_wconf 86' lang='lat' dir='ltr'>mortalibus</span> <span class='ocrx_word' id='word_1_456' title='bbox 2987 2878 3327 2934; x_wconf 89' lang='lat' dir='ltr'>hominibus</span> <span class='ocrx_word' id='word_1_457' title='bbox 3384 2878 3733 2949; x_wconf 88' lang='lat' dir='ltr'>copulentur</span> <span class='ocrx_word' id='word_1_458' title='bbox 3793 2895 3808 2946; x_wconf 88' lang='lat'><strong>;</strong></span> 
     </span>
    </p>
   </div>
   <div class='ocr_carea' id='block_1_61' title="bbox 2158 2966 3816 3039">
    <p class='ocr_par' dir='ltr' id='par_1_61' title="bbox 2158 2966 3816 3039">
     <span class='ocr_line' id='line_1_61' title="bbox 2158 2966 3816 3039; baseline 0 -17"><span class='ocrx_word' id='word_1_459' title='bbox 2158 2972 2378 3039; x_wconf 89' lang='lat' dir='ltr'>quanto</span> <span class='ocrx_word' id='word_1_460' title='bbox 2401 2967 2590 3039; x_wconf 87' lang='lat' dir='ltr'>magis</span> <span class='ocrx_word' id='word_1_461' title='bbox 2617 2968 2779 3039; x_wconf 87' lang='lat' dir='ltr'>virgo</span> <span class='ocrx_word' id='word_1_462' title='bbox 2809 2967 3114 3023; x_wconf 83' lang='lat' dir='ltr'>continens</span> <span class='ocrx_word' id='word_1_463' title='bbox 3145 2966 3474 3038; x_wconf 90' lang='lat' dir='ltr'>relinquere</span> <span class='ocrx_word' id='word_1_464' title='bbox 3507 2968 3678 3023; x_wconf 85' lang='lat' dir='ltr'>debet</span> <span class='ocrx_word' id='word_1_465' title='bbox 3699 2972 3816 3023; x_wconf 81' lang='lat' dir='ltr'>ter&#39;</span> 
     </span>
    </p>
   </div>
   <div class='ocr_carea' id='block_1_62' title="bbox 2157 3054 3808 3128">
    <p class='ocr_par' dir='ltr' id='par_1_62' title="bbox 2157 3054 3808 3128">
     <span class='ocr_line' id='line_1_62' title="bbox 2157 3054 3808 3128; baseline 0.001 -18"><span class='ocrx_word' id='word_1_466' title='bbox 2157 3056 2365 3111; x_wconf 85' lang='lat' dir='ltr'>restria</span> <span class='ocrx_word' id='word_1_467' title='bbox 2412 3056 2628 3124; x_wconf 89' lang='lat' dir='ltr'>omnia,</span> <span class='ocrx_word' id='word_1_468' title='bbox 2682 3061 2740 3112; x_wconf 88' lang='lat' dir='ltr'>et</span> <span class='ocrx_word' id='word_1_469' title='bbox 2779 3056 3020 3111; x_wconf 90' lang='lat' dir='ltr'>Domino</span> <span class='ocrx_word' id='word_1_470' title='bbox 3048 3055 3156 3111; x_wconf 91' lang='lat' dir='ltr'>soli</span> <span class='ocrx_word' id='word_1_471' title='bbox 3187 3054 3543 3128; x_wconf 79' lang='lat' dir='ltr'>agglutinari</span> <span class='ocrx_word' id='word_1_472' title='bbox 3567 3057 3593 3110; x_wconf 75' lang='lat' dir='ltr'>‘I</span> <span class='ocrx_word' id='word_1_473' title='bbox 3617 3057 3808 3126; x_wconf 86' lang='lat' dir='ltr'>Hujus</span> 
     </span>
    </p>
   </div>
   <div class='ocr_carea' id='block_1_63' title="bbox 2155 3143 3805 3216">
    <p class='ocr_par' dir='ltr' id='par_1_63' title="bbox 2155 3143 3805 3216">
     <span class='ocr_line' id='line_1_63' title="bbox 2155 3143 3805 3216; baseline 0.002 -18"><span class='ocrx_word' id='word_1_474' title='bbox 2155 3145 2272 3199; x_wconf 90' lang='lat' dir='ltr'>mei</span> <span class='ocrx_word' id='word_1_475' title='bbox 2325 3144 2465 3200; x_wconf 91' lang='lat' dir='ltr'>dicti</span> <span class='ocrx_word' id='word_1_476' title='bbox 2503 3144 2669 3202; x_wconf 88' lang='lat' dir='ltr'>testis</span> <span class='ocrx_word' id='word_1_477' title='bbox 2699 3149 2790 3201; x_wconf 88' lang='lat' dir='ltr'>est</span> <span class='ocrx_word' id='word_1_478' title='bbox 2842 3144 2969 3216; x_wconf 88' lang='lat' dir='ltr'>ipse</span> <span class='ocrx_word' id='word_1_479' title='bbox 3014 3144 3348 3216; x_wconf 85' lang='lat' dir='ltr'>Apostolus,</span> <span class='ocrx_word' id='word_1_480' title='bbox 3383 3143 3465 3200; x_wconf 89' lang='lat' dir='ltr'>ita</span> <span class='ocrx_word' id='word_1_481' title='bbox 3511 3144 3805 3216; x_wconf 90' lang='lat' dir='ltr'>loquens:</span> 
     </span>
    </p>
   </div>
   <div class='ocr_carea' id='block_1_64' title="bbox 400 3231 2053 3310">
    <p class='ocr_par' dir='ltr' id='par_1_64' title="bbox 400 3232 2051 3310">
     <span class='ocr_line' id='line_1_64' title="bbox 400 3232 2051 3310; baseline 0.002 -22"><span class='ocrx_word' id='word_1_482' title='bbox 400 3240 553 3302; x_wconf 81' lang='grc' dir='ltr'>θῆναι</span> <span class='ocrx_word' id='word_1_483' title='bbox 581 3252 594 3301; x_wconf 91' lang='grc'><strong>;</strong></span> <span class='ocrx_word' id='word_1_484' title='bbox 629 3239 901 3309; x_wconf 84' lang='grc' dir='ltr'>Μαρτυρεῖ</span> <span class='ocrx_word' id='word_1_485' title='bbox 933 3232 990 3288; x_wconf 79' lang='grc' dir='ltr'>δέ</span> <span class='ocrx_word' id='word_1_486' title='bbox 1025 3256 1116 3306; x_wconf 89' lang='grc' dir='ltr'>μοι</span> <span class='ocrx_word' id='word_1_487' title='bbox 1146 3239 1226 3306; x_wconf 79' lang='grc' dir='ltr'>τῷ</span> <span class='ocrx_word' id='word_1_488' title='bbox 1246 3233 1396 3310; x_wconf 88' lang='grc' dir='ltr'>λόγῳ</span> <span class='ocrx_word' id='word_1_489' title='bbox 1424 3235 1513 3289; x_wconf 83' lang='grc' dir='ltr'>καὶ</span> <span class='ocrx_word' id='word_1_490' title='bbox 1545 3235 1703 3297; x_wconf 84' lang='grc' dir='ltr'>αὐτὸς</span> <span class='ocrx_word' id='word_1_491' title='bbox 1734 3237 1761 3289; x_wconf 88' lang='grc' dir='ltr'>ὁ</span> <span class='ocrx_word' id='word_1_492' title='bbox 1795 3237 2051 3292; x_wconf 83' lang='grc' dir='ltr'>Ἀπόστο-</span> 
     </span>
    </p>
   </div>
   <div class='ocr_carea' id='block_1_65' title="bbox 2165 3231 3810 3310">
    <p class='ocr_par' dir='ltr' id='par_1_65' title="bbox 2165 3231 3810 3304">
     <span class='ocr_line' id='line_1_65' title="bbox 2165 3231 3810 3304; baseline 0.003 -22"><span class='ocrx_word' id='word_1_493' title='bbox 2165 3255 2192 3282; x_wconf 83' lang='grc'>‹‹</span> <span class='ocrx_word' id='word_1_494' title='bbox 2216 3231 2424 3288; x_wconf 88' lang='lat' dir='ltr'>Mulier</span> <span class='ocrx_word' id='word_1_495' title='bbox 2453 3233 2700 3304; x_wconf 86' lang='lat' dir='ltr'>innupta</span> <span class='ocrx_word' id='word_1_496' title='bbox 2739 3231 2993 3288; x_wconf 87' lang='lat' dir='ltr'>sollicita</span> <span class='ocrx_word' id='word_1_497' title='bbox 3021 3237 3111 3289; x_wconf 90' lang='lat' dir='ltr'>est</span> <span class='ocrx_word' id='word_1_498' title='bbox 3166 3249 3388 3297; x_wconf 89' lang='lat' dir='ltr'>eorum,</span> <span class='ocrx_word' id='word_1_499' title='bbox 3423 3250 3549 3304; x_wconf 56' lang='lat' dir='ltr'>quas</span> <span class='ocrx_word' id='word_1_500' title='bbox 3583 3233 3810 3288; x_wconf 87' lang='lat' dir='ltr'>Domini</span> 
     </span>
    </p>
   </div>
   <div class='ocr_carea' id='block_1_66' title="bbox 399 3320 2048 3398">
    <p class='ocr_par' dir='ltr' id='par_1_66' title="bbox 399 3320 2048 3398">
     <span class='ocr_line' id='line_1_66' title="bbox 399 3320 2048 3398; baseline 0.002 -23"><span class='ocrx_word' id='word_1_501' title='bbox 399 3320 522 3394; x_wconf 83' lang='grc' dir='ltr'>λος,</span> <span class='ocrx_word' id='word_1_502' title='bbox 558 3321 755 3396; x_wconf 74' lang='grc' dir='ltr'>λέγων·</span> <span class='ocrx_word' id='word_1_503' title='bbox 791 3348 817 3374; x_wconf 86' lang='grc'>‹‹</span> <span class='ocrx_word' id='word_1_504' title='bbox 851 3325 913 3377; x_wconf 85' lang='grc' dir='ltr'><em>Ἡ</em></span> <span class='ocrx_word' id='word_1_505' title='bbox 959 3325 1092 3398; x_wconf 82' lang='grc' dir='ltr'>γυνή</span> <span class='ocrx_word' id='word_1_506' title='bbox 1126 3324 1160 3391; x_wconf 66' lang='grc' dir='ltr'>ἡ</span> <span class='ocrx_word' id='word_1_507' title='bbox 1196 3322 1406 3397; x_wconf 74' lang='grc' dir='ltr'>ἄγαμος</span> <span class='ocrx_word' id='word_1_508' title='bbox 1454 3329 1690 3398; x_wconf 75' lang='grc' dir='ltr'>μεριμνᾷ</span> <span class='ocrx_word' id='word_1_509' title='bbox 1721 3325 1786 3378; x_wconf 75' lang='grc' dir='ltr'>τὰ</span> <span class='ocrx_word' id='word_1_510' title='bbox 1815 3330 1915 3379; x_wconf 70' lang='grc' dir='ltr'>τοῦ</span> <span class='ocrx_word' id='word_1_511' title='bbox 1947 3333 2048 3380; x_wconf 85' lang='grc' dir='ltr'>Κυ-</span> 
     </span>
    </p>
   </div>
   <div class='ocr_carea' id='block_1_67' title="bbox 400 3409 2050 3486">
    <p class='ocr_par' dir='ltr' id='par_1_67' title="bbox 400 3409 2050 3486">
     <span class='ocr_line' id='line_1_67' title="bbox 400 3409 2050 3486; baseline 0.004 -23"><span class='ocrx_word' id='word_1_512' title='bbox 400 3409 544 3482; x_wconf 87' lang='grc' dir='ltr'>ρίου,</span> <span class='ocrx_word' id='word_1_513' title='bbox 572 3409 664 3464; x_wconf 67' lang='grc' dir='ltr'>’ίνα</span> <span class='ocrx_word' id='word_1_514' title='bbox 758 3411 887 3486; x_wconf 83' lang='grc' dir='ltr'>ἀγία</span> <span class='ocrx_word' id='word_1_515' title='bbox 926 3416 1004 3483; x_wconf 81' lang='grc' dir='ltr'>τῷ</span> <span class='ocrx_word' id='word_1_516' title='bbox 1055 3413 1269 3484; x_wconf 88' lang='grc' dir='ltr'>σώματι</span> <span class='ocrx_word' id='word_1_517' title='bbox 1319 3413 1408 3467; x_wconf 83' lang='grc' dir='ltr'>καὶ</span> <span class='ocrx_word' id='word_1_518' title='bbox 1447 3418 1526 3484; x_wconf 76' lang='grc' dir='ltr'>τῷ</span> <span class='ocrx_word' id='word_1_519' title='bbox 1571 3414 1859 3486; x_wconf 85' lang='grc' dir='ltr'>πνεύματι.</span> <span class='ocrx_word' id='word_1_520' title='bbox 1899 3416 1961 3470; x_wconf 84' lang='grc' dir='ltr'>Ἡ</span> <span class='ocrx_word' id='word_1_521' title='bbox 1993 3413 2050 3470; x_wconf 76' lang='grc' dir='ltr'>δὲ</span> 
     </span>
    </p>
   </div>
   <div class='ocr_carea' id='block_1_68' title="bbox 396 3499 2048 3579">
    <p class='ocr_par' dir='ltr' id='par_1_68' title="bbox 396 3499 2048 3579">
     <span class='ocr_line' id='line_1_68' title="bbox 396 3499 2048 3579; baseline 0.004 -28"><span class='ocrx_word' id='word_1_522' title='bbox 396 3499 687 3573; x_wconf 80' lang='grc' dir='ltr'>γαμήσασα</span> <span class='ocrx_word' id='word_1_523' title='bbox 747 3505 984 3575; x_wconf 82' lang='grc' dir='ltr'>μεριμνᾷ</span> <span class='ocrx_word' id='word_1_524' title='bbox 1035 3501 1103 3554; x_wconf 73' lang='grc' dir='ltr'>τα</span> <span class='ocrx_word' id='word_1_525' title='bbox 1158 3505 1259 3554; x_wconf 76' lang='grc' dir='ltr'>τοῦ</span> <span class='ocrx_word' id='word_1_526' title='bbox 1315 3501 1544 3574; x_wconf 85' lang='grc' dir='ltr'>κόσμου,</span> <span class='ocrx_word' id='word_1_527' title='bbox 1602 3507 1718 3558; x_wconf 80' lang='grc' dir='ltr'>πῶς</span> <span class='ocrx_word' id='word_1_528' title='bbox 1753 3504 1926 3579; x_wconf 77' lang='grc' dir='ltr'>ἀρέσει</span> <span class='ocrx_word' id='word_1_529' title='bbox 1969 3509 2048 3577; x_wconf 78' lang='grc' dir='ltr'>τῷ</span> 
     </span>
    </p>
   </div>
   <div class='ocr_carea' id='block_1_69' title="bbox 353 3583 2046 3666">
    <p class='ocr_par' dir='ltr' id='par_1_69' title="bbox 353 3583 2046 3666">
     <span class='ocr_line' id='line_1_69' title="bbox 353 3583 2046 3666; baseline 0.005 -27"><span class='ocrx_word' id='word_1_530' title='bbox 353 3643 358 3645; x_wconf 93' lang='lat'>_</span> <span class='ocrx_word' id='word_1_531' title='bbox 399 3583 554 3662; x_wconf 80' lang='grc' dir='ltr'>ἀνδρὶ</span> <span class='ocrx_word' id='word_1_532' title='bbox 584 3590 700 3661; x_wconf 87' lang='grc'>(88)</span> <span class='ocrx_word' id='word_1_533' title='bbox 733 3630 746 3655; x_wconf 85' lang='grc'>,</span> <span class='ocrx_word' id='word_1_534' title='bbox 777 3589 864 3642; x_wconf 74' lang='grc' dir='ltr'>καὶ</span> <span class='ocrx_word' id='word_1_535' title='bbox 913 3587 1232 3662; x_wconf 79' lang='grc' dir='ltr'>μεμέρισται</span> <span class='ocrx_word' id='word_1_536' title='bbox 1268 3633 1280 3646; x_wconf 94' lang='grc'>.</span> <span class='ocrx_word' id='word_1_537' title='bbox 1315 3613 1344 3642; x_wconf 86' lang='lat'>»</span> <span class='ocrx_word' id='word_1_538' title='bbox 1383 3593 1551 3644; x_wconf 72' lang='grc' dir='ltr'>Τοῦτο</span> <span class='ocrx_word' id='word_1_539' title='bbox 1597 3589 1689 3644; x_wconf 75' lang='grc' dir='ltr'>οὖν</span> <span class='ocrx_word' id='word_1_540' title='bbox 1738 3590 1884 3666; x_wconf 75' lang='grc' dir='ltr'>λέγω</span> <span class='ocrx_word' id='word_1_541' title='bbox 1919 3637 1931 3664; x_wconf 84' lang='grc'>,</span> <span class='ocrx_word' id='word_1_542' title='bbox 1964 3593 2046 3648; x_wconf 76' lang='grc' dir='ltr'>ὅτι</span> 
     </span>
    </p>
   </div>
   <div class='ocr_carea' id='block_1_70' title="bbox 395 3675 2048 3757">
    <p class='ocr_par' dir='ltr' id='par_1_70' title="bbox 395 3675 2048 3757">
     <span class='ocr_line' id='line_1_70' title="bbox 395 3675 2048 3757; baseline 0.004 -27"><span class='ocrx_word' id='word_1_543' title='bbox 395 3681 540 3731; x_wconf 78' lang='grc' dir='ltr'>πᾶσα</span> <span class='ocrx_word' id='word_1_544' title='bbox 596 3675 857 3753; x_wconf 83' lang='grc' dir='ltr'>παρθένος</span> <span class='ocrx_word' id='word_1_545' title='bbox 892 3721 906 3747; x_wconf 91' lang='grc'>,</span> <span class='ocrx_word' id='word_1_546' title='bbox 963 3679 996 3747; x_wconf 84' lang='grc' dir='ltr'><strong>ἢ</strong></span> <span class='ocrx_word' id='word_1_547' title='bbox 1053 3679 1202 3754; x_wconf 76' lang='grc' dir='ltr'>χήρα</span> <span class='ocrx_word' id='word_1_548' title='bbox 1260 3679 1686 3755; x_wconf 80' lang='grc' dir='ltr'>ἐγκρατευομένη</span> <span class='ocrx_word' id='word_1_549' title='bbox 1722 3726 1735 3752; x_wconf 88' lang='grc'>,</span> <span class='ocrx_word' id='word_1_550' title='bbox 1798 3681 1883 3736; x_wconf 67' lang='grc' dir='ltr'>ἐὰν</span> <span class='ocrx_word' id='word_1_551' title='bbox 1946 3681 2048 3757; x_wconf 73' lang='grc' dir='ltr'>ἔχῃ</span> 
     </span>
    </p>
   </div>
   <div class='ocr_carea' id='block_1_71' title="bbox 398 3763 2044 3848">
    <p class='ocr_par' dir='ltr' id='par_1_71' title="bbox 398 3763 2044 3848">
     <span class='ocr_line' id='line_1_71' title="bbox 398 3763 2044 3848; baseline 0.002 -27"><span class='ocrx_word' id='word_1_552' title='bbox 398 3763 657 3843; x_wconf 78' lang='grc' dir='ltr'>φροντίδα</span> <span class='ocrx_word' id='word_1_553' title='bbox 688 3765 737 3821; x_wconf 82' lang='grc' dir='ltr'>ἐν</span> <span class='ocrx_word' id='word_1_554' title='bbox 766 3771 844 3839; x_wconf 83' lang='grc' dir='ltr'>τῷ</span> <span class='ocrx_word' id='word_1_555' title='bbox 892 3766 1085 3841; x_wconf 85' lang='grc' dir='ltr'>κόσμῳ</span> <span class='ocrx_word' id='word_1_556' title='bbox 1116 3767 1294 3840; x_wconf 73' lang='grc' dir='ltr'>τούτῳ</span> <span class='ocrx_word' id='word_1_557' title='bbox 1329 3810 1343 3835; x_wconf 84' lang='grc'>,</span> <span class='ocrx_word' id='word_1_558' title='bbox 1376 3768 1512 3837; x_wconf 82' lang='grc' dir='ltr'>αὐτή</span> <span class='ocrx_word' id='word_1_559' title='bbox 1545 3771 1578 3840; x_wconf 81' lang='grc' dir='ltr'>ἠ</span> <span class='ocrx_word' id='word_1_560' title='bbox 1631 3770 1852 3846; x_wconf 74' lang='grc' dir='ltr'>φροντὶς</span> <span class='ocrx_word' id='word_1_561' title='bbox 1906 3771 2044 3848; x_wconf 76' lang='grc' dir='ltr'>ἀνὴρ</span> 
     </span>
    </p>
   </div>
   <div class='ocr_carea' id='block_1_72' title="bbox 397 3855 2043 3935">
    <p class='ocr_par' dir='ltr' id='par_1_72' title="bbox 397 3855 2043 3935">
     <span class='ocr_line' id='line_1_72' title="bbox 397 3855 2043 3935; baseline 0.004 -26"><span class='ocrx_word' id='word_1_562' title='bbox 397 3855 562 3924; x_wconf 75' lang='grc' dir='ltr'>αὐτῆς</span> <span class='ocrx_word' id='word_1_563' title='bbox 594 3855 727 3910; x_wconf 76' lang='grc' dir='ltr'>ἐστι⁶</span> <span class='ocrx_word' id='word_1_564' title='bbox 779 3857 873 3910; x_wconf 63' lang='grc' dir='ltr'>κᾶν</span> <span class='ocrx_word' id='word_1_565' title='bbox 924 3858 1197 3929; x_wconf 89' lang='grc' dir='ltr'>κτήματα,</span> <span class='ocrx_word' id='word_1_566' title='bbox 1229 3857 1324 3912; x_wconf 74' lang='grc' dir='ltr'>κ’ὰν</span> <span class='ocrx_word' id='word_1_567' title='bbox 1365 3857 1684 3933; x_wconf 75' lang='grc' dir='ltr'>ὑπάρχοντα</span> <span class='ocrx_word' id='word_1_568' title='bbox 1737 3858 1857 3935; x_wconf 79' lang='grc' dir='ltr'>ἔχῃ,</span> <span class='ocrx_word' id='word_1_569' title='bbox 1908 3861 2043 3930; x_wconf 74' lang='grc' dir='ltr'>αὖτή</span> 
     </span>
    </p>
   </div>
   <div class='ocr_carea' id='block_1_73' title="bbox 398 3944 2044 4026">
    <p class='ocr_par' dir='ltr' id='par_1_73' title="bbox 398 3944 2044 4026">
     <span class='ocr_line' id='line_1_73' title="bbox 398 3944 2044 4026; baseline 0.004 -28"><span class='ocrx_word' id='word_1_570' title='bbox 398 3945 430 4014; x_wconf 75' lang='grc' dir='ltr'>ἠ</span> <span class='ocrx_word' id='word_1_571' title='bbox 467 3946 705 4020; x_wconf 86' lang='grc' dir='ltr'>μέριμνα</span> <span class='ocrx_word' id='word_1_572' title='bbox 738 3945 962 4017; x_wconf 79' lang='grc' dir='ltr'>μολόνει</span> <span class='ocrx_word' id='word_1_573' title='bbox 999 3945 1167 4015; x_wconf 79' lang='grc' dir='ltr'>αὐτῆς</span> <span class='ocrx_word' id='word_1_574' title='bbox 1219 3947 1316 4014; x_wconf 77' lang='grc' dir='ltr'>τὴν</span> <span class='ocrx_word' id='word_1_575' title='bbox 1352 3944 1590 4002; x_wconf 83' lang='grc' dir='ltr'>διάνοιαν</span> <span class='ocrx_word' id='word_1_576' title='bbox 1627 3993 1640 4004; x_wconf 94' lang='grc'>.</span> <span class='ocrx_word' id='word_1_577' title='bbox 1689 3951 1891 4025; x_wconf 81' lang='grc' dir='ltr'>’Ώσπιρ</span> <span class='ocrx_word' id='word_1_578' title='bbox 1944 3951 2044 4026; x_wconf 72' lang='grc' dir='ltr'>γὰρ</span> 
     </span>
    </p>
   </div>
   <div class='ocr_carea' id='block_1_74' title="bbox 393 4030 2042 4113">
    <p class='ocr_par' dir='ltr' id='par_1_74' title="bbox 393 4030 2042 4113">
     <span class='ocr_line' id='line_1_74' title="bbox 393 4030 2042 4113; baseline 0.003 -26"><span class='ocrx_word' id='word_1_579' title='bbox 393 4030 481 4088; x_wconf 78' lang='grc' dir='ltr'>διὰ</span> <span class='ocrx_word' id='word_1_580' title='bbox 508 4031 604 4088; x_wconf 81' lang='grc' dir='ltr'>τοῦ</span> <span class='ocrx_word' id='word_1_581' title='bbox 634 4031 827 4108; x_wconf 82' lang='grc' dir='ltr'>ἀνδρὸς</span> <span class='ocrx_word' id='word_1_582' title='bbox 856 4035 919 4088; x_wconf 85' lang='grc' dir='ltr'>τὸ</span> <span class='ocrx_word' id='word_1_583' title='bbox 952 4039 1116 4107; x_wconf 79' lang='grc' dir='ltr'>σῶμα</span> <span class='ocrx_word' id='word_1_584' title='bbox 1151 4033 1463 4108; x_wconf 77' lang='grc' dir='ltr'>μολύνεται,</span> <span class='ocrx_word' id='word_1_585' title='bbox 1498 4035 1670 4098; x_wconf 79' lang='grc' dir='ltr'>οὕτως</span> <span class='ocrx_word' id='word_1_586' title='bbox 1699 4036 1788 4091; x_wconf 88' lang='grc' dir='ltr'>καὶ</span> <span class='ocrx_word' id='word_1_587' title='bbox 1828 4038 1882 4091; x_wconf 74' lang='grc' dir='ltr'>αἱ</span> <span class='ocrx_word' id='word_1_588' title='bbox 1914 4039 2042 4113; x_wconf 76' lang='grc' dir='ltr'>σχέ-</span> 
     </span>
    </p>
   </div>
   <div class='ocr_carea' id='block_1_75' title="bbox 392 4123 2046 4203">
    <p class='ocr_par' dir='ltr' id='par_1_75' title="bbox 392 4123 2046 4203">
     <span class='ocr_line' id='line_1_75' title="bbox 392 4123 2046 4203; baseline 0.003 -27"><span class='ocrx_word' id='word_1_589' title='bbox 392 4143 500 4184; x_wconf 89' lang='grc' dir='ltr'>σεις</span> <span class='ocrx_word' id='word_1_590' title='bbox 530 4124 584 4176; x_wconf 74' lang='grc' dir='ltr'>αἱ</span> <span class='ocrx_word' id='word_1_591' title='bbox 615 4123 873 4196; x_wconf 83' lang='grc' dir='ltr'>κοσμικαὶ</span> <span class='ocrx_word' id='word_1_592' title='bbox 903 4124 1000 4192; x_wconf 75' lang='grc' dir='ltr'>τὴν</span> <span class='ocrx_word' id='word_1_593' title='bbox 1035 4125 1220 4199; x_wconf 75' lang='grc' dir='ltr'>ψυχὴν</span> <span class='ocrx_word' id='word_1_594' title='bbox 1266 4125 1354 4178; x_wconf 84' lang='grc' dir='ltr'>καὶ</span> <span class='ocrx_word' id='word_1_595' title='bbox 1402 4126 1464 4180; x_wconf 86' lang='grc' dir='ltr'>τὸ</span> <span class='ocrx_word' id='word_1_596' title='bbox 1515 4130 1674 4198; x_wconf 82' lang='grc' dir='ltr'>σῶμα</span> <span class='ocrx_word' id='word_1_597' title='bbox 1721 4134 1822 4195; x_wconf 80' lang='grc' dir='ltr'>τῆς</span> <span class='ocrx_word' id='word_1_598' title='bbox 1854 4126 2046 4203; x_wconf 77' lang='grc' dir='ltr'>ἐγκρα-</span> 
     </span>
    </p>
   </div>
   <div class='ocr_carea' id='block_1_76' title="bbox 389 4211 2039 4288">
    <p class='ocr_par' dir='ltr' id='par_1_76' title="bbox 389 4211 2039 4288">
     <span class='ocr_line' id='line_1_76' title="bbox 389 4211 2039 4288; baseline 0.003 -23"><span class='ocrx_word' id='word_1_599' title='bbox 389 4212 684 4284; x_wconf 84' lang='grc' dir='ltr'>τευομένης</span> <span class='ocrx_word' id='word_1_600' title='bbox 718 4211 989 4284; x_wconf 90' lang='grc' dir='ltr'>μιαίνουσι</span> <span class='ocrx_word' id='word_1_601' title='bbox 1027 4256 1041 4280; x_wconf 92' lang='grc'>,</span> <span class='ocrx_word' id='word_1_602' title='bbox 1088 4212 1178 4266; x_wconf 76' lang='grc' dir='ltr'>καὶ</span> <span class='ocrx_word' id='word_1_603' title='bbox 1221 4213 1319 4267; x_wconf 78' lang='grc' dir='ltr'>οὐκ</span> <span class='ocrx_word' id='word_1_604' title='bbox 1367 4211 1506 4267; x_wconf 74' lang='grc' dir='ltr'>ἔστιν</span> <span class='ocrx_word' id='word_1_605' title='bbox 1555 4213 1680 4287; x_wconf 81' lang='grc' dir='ltr'>ἁγία</span> <span class='ocrx_word' id='word_1_606' title='bbox 1707 4219 1787 4285; x_wconf 78' lang='grc' dir='ltr'>τῷ</span> <span class='ocrx_word' id='word_1_607' title='bbox 1829 4216 2039 4288; x_wconf 87' lang='grc' dir='ltr'>σώματι</span> 
     </span>
    </p>
   </div>
   <div class='ocr_carea' id='block_1_77' title="bbox 387 4298 2042 4377">
    <p class='ocr_par' dir='ltr' id='par_1_77' title="bbox 387 4298 2042 4377">
     <span class='ocr_line' id='line_1_77' title="bbox 387 4298 2042 4377; baseline 0.004 -25"><span class='ocrx_word' id='word_1_608' title='bbox 387 4300 475 4353; x_wconf 76' lang='grc' dir='ltr'>καὶ</span> <span class='ocrx_word' id='word_1_609' title='bbox 535 4305 615 4370; x_wconf 80' lang='grc' dir='ltr'>τῷ</span> <span class='ocrx_word' id='word_1_610' title='bbox 671 4299 958 4372; x_wconf 80' lang='grc' dir='ltr'>πνεύματι.</span> <span class='ocrx_word' id='word_1_611' title='bbox 991 4301 1055 4357; x_wconf 85' lang='grc' dir='ltr'>Ἡ</span> <span class='ocrx_word' id='word_1_612' title='bbox 1114 4298 1171 4354; x_wconf 76' lang='grc' dir='ltr'>δὲ</span> <span class='ocrx_word' id='word_1_613' title='bbox 1230 4301 1582 4377; x_wconf 75' lang='grc' dir='ltr'>φροντίζουσα</span> <span class='ocrx_word' id='word_1_614' title='bbox 1622 4303 1684 4355; x_wconf 87' lang='grc' dir='ltr'>τὸ</span> <span class='ocrx_word' id='word_1_615' title='bbox 1730 4301 1888 4376; x_wconf 83' lang='grc' dir='ltr'>ἔργον</span> <span class='ocrx_word' id='word_1_616' title='bbox 1945 4309 2042 4358; x_wconf 77' lang='grc' dir='ltr'>τοῦ</span> 
     </span>
    </p>
   </div>
   <div class='ocr_carea' id='block_1_78' title="bbox 391 4387 2039 4466">
    <p class='ocr_par' dir='ltr' id='par_1_78' title="bbox 391 4387 2039 4466">
     <span class='ocr_line' id='line_1_78' title="bbox 391 4387 2039 4466; baseline 0.001 -24"><span class='ocrx_word' id='word_1_617' title='bbox 391 4392 544 4456; x_wconf 77' lang='grc' dir='ltr'>Θεοῦ,</span> <span class='ocrx_word' id='word_1_618' title='bbox 601 4387 832 4466; x_wconf 78' lang='grc' dir='ltr'>νυμφίος</span> <span class='ocrx_word' id='word_1_619' title='bbox 892 4387 1062 4457; x_wconf 82' lang='grc' dir='ltr'>αὐτῆς</span> <span class='ocrx_word' id='word_1_620' title='bbox 1122 4389 1410 4464; x_wconf 86' lang='grc' dir='ltr'>ὁΧριστός</span> <span class='ocrx_word' id='word_1_621' title='bbox 1471 4389 1632 4445; x_wconf 81' lang='grc' dir='ltr'>ἐστιν.</span> <span class='ocrx_word' id='word_1_622' title='bbox 1683 4393 1743 4444; x_wconf 85' lang='grc' dir='ltr'>Ἡ</span> <span class='ocrx_word' id='word_1_623' title='bbox 1801 4391 1901 4466; x_wconf 78' lang='grc' dir='ltr'>γὰρ</span> <span class='ocrx_word' id='word_1_624' title='bbox 1948 4393 2039 4465; x_wconf 83' lang='grc' dir='ltr'>ἀρ-</span> 
     </span>
    </p>
   </div>
   <div class='ocr_carea' id='block_1_79' title="bbox 397 4475 2039 4555">
    <p class='ocr_par' dir='ltr' id='par_1_79' title="bbox 397 4475 2039 4555">
     <span class='ocr_line' id='line_1_79' title="bbox 397 4475 2039 4555; baseline 0.003 -25"><span class='ocrx_word' id='word_1_625' title='bbox 397 4477 675 4549; x_wconf 78' lang='grc' dir='ltr'>μοσομὲνη</span> <span class='ocrx_word' id='word_1_626' title='bbox 708 4475 862 4551; x_wconf 80' lang='grc' dir='ltr'>ἀνδρὶ</span> <span class='ocrx_word' id='word_1_627' title='bbox 895 4479 1114 4553; x_wconf 79' lang='grc' dir='ltr'>φθαρτῷ</span> <span class='ocrx_word' id='word_1_628' title='bbox 1167 4477 1228 4530; x_wconf 86' lang='grc' dir='ltr'>τὸ</span> <span class='ocrx_word' id='word_1_629' title='bbox 1258 4475 1475 4550; x_wconf 71' lang='grc' dir='ltr'>θέλημα</span> <span class='ocrx_word' id='word_1_630' title='bbox 1523 4475 1619 4532; x_wconf 67' lang='grc' dir='ltr'>τοῦ</span> <span class='ocrx_word' id='word_1_631' title='bbox 1650 4477 1842 4555; x_wconf 72' lang='grc' dir='ltr'>ἀνδρός</span> <span class='ocrx_word' id='word_1_632' title='bbox 1877 4479 2039 4550; x_wconf 70' lang='grc' dir='ltr'>αὐτῆς</span> 
     </span>
    </p>
   </div>
   <div class='ocr_carea' id='block_1_80' title="bbox 2162 3321 3810 3393">
    <p class='ocr_par' dir='ltr' id='par_1_80' title="bbox 2162 3321 3810 3393">
     <span class='ocr_line' id='line_1_80' title="bbox 2162 3321 3810 3393; baseline 0.001 -18"><span class='ocrx_word' id='word_1_633' title='bbox 2162 3325 2322 3389; x_wconf 88' lang='lat' dir='ltr'>sunt,</span> <span class='ocrx_word' id='word_1_634' title='bbox 2356 3326 2423 3376; x_wconf 91' lang='lat' dir='ltr'>ut</span> <span class='ocrx_word' id='word_1_635' title='bbox 2477 3321 2555 3376; x_wconf 89' lang='lat' dir='ltr'>sit</span> <span class='ocrx_word' id='word_1_636' title='bbox 2601 3325 2802 3377; x_wconf 84' lang='lat' dir='ltr'>sancta</span> <span class='ocrx_word' id='word_1_637' title='bbox 2843 3337 3082 3392; x_wconf 87' lang='lat' dir='ltr'>corpore</span> <span class='ocrx_word' id='word_1_638' title='bbox 3111 3325 3168 3376; x_wconf 92' lang='lat' dir='ltr'>et</span> <span class='ocrx_word' id='word_1_639' title='bbox 3196 3321 3425 3393; x_wconf 90' lang='lat' dir='ltr'>spiritu.</span> <span class='ocrx_word' id='word_1_640' title='bbox 3457 3321 3650 3389; x_wconf 89' lang='lat' dir='ltr'>Nupta</span> <span class='ocrx_word' id='word_1_641' title='bbox 3676 3338 3810 3378; x_wconf 88' lang='lat' dir='ltr'>vero</span> 
     </span>
    </p>
   </div>
   <div class='ocr_carea' id='block_1_81' title="bbox 2160 3409 3809 3482">
    <p class='ocr_par' dir='ltr' id='par_1_81' title="bbox 2160 3409 3809 3482">
     <span class='ocr_line' id='line_1_81' title="bbox 2160 3409 3809 3482; baseline 0 -16"><span class='ocrx_word' id='word_1_642' title='bbox 2160 3409 2414 3466; x_wconf 88' lang='lat' dir='ltr'>sollicita</span> <span class='ocrx_word' id='word_1_643' title='bbox 2460 3413 2548 3466; x_wconf 91' lang='lat' dir='ltr'>est</span> <span class='ocrx_word' id='word_1_644' title='bbox 2603 3426 2829 3478; x_wconf 90' lang='lat' dir='ltr'>eorum,</span> <span class='ocrx_word' id='word_1_645' title='bbox 2876 3426 3002 3482; x_wconf 68' lang='lat' dir='ltr'>quis</span> <span class='ocrx_word' id='word_1_646' title='bbox 3049 3413 3191 3464; x_wconf 91' lang='lat' dir='ltr'>sunt</span> <span class='ocrx_word' id='word_1_647' title='bbox 3242 3411 3468 3476; x_wconf 89' lang='lat' dir='ltr'>mundi,</span> <span class='ocrx_word' id='word_1_648' title='bbox 3515 3411 3809 3481; x_wconf 91' lang='lat' dir='ltr'>quomodo</span> 
     </span>
    </p>
   </div>
   <div class='ocr_carea' id='block_1_82' title="bbox 2159 3498 3809 3572">
    <p class='ocr_par' dir='ltr' id='par_1_82' title="bbox 2159 3498 3809 3572">
     <span class='ocr_line' id='line_1_82' title="bbox 2159 3498 3809 3572; baseline 0 -18"><span class='ocrx_word' id='word_1_649' title='bbox 2159 3499 2387 3572; x_wconf 86' lang='lat' dir='ltr'>placeat</span> <span class='ocrx_word' id='word_1_650' title='bbox 2441 3499 2584 3567; x_wconf 88' lang='lat' dir='ltr'>viro,</span> <span class='ocrx_word' id='word_1_651' title='bbox 2644 3503 2701 3555; x_wconf 90' lang='lat' dir='ltr'>et</span> <span class='ocrx_word' id='word_1_652' title='bbox 2731 3498 2917 3554; x_wconf 90' lang='lat' dir='ltr'>divisa</span> <span class='ocrx_word' id='word_1_653' title='bbox 2973 3503 3062 3555; x_wconf 88' lang='lat' dir='ltr'>est</span> <span class='ocrx_word' id='word_1_654' title='bbox 3091 3498 3155 3552; x_wconf 79' lang='grc'>⁴¹.</span> <span class='ocrx_word' id='word_1_655' title='bbox 3191 3520 3219 3548; x_wconf 89' lang='grc'><strong>››</strong></span> <span class='ocrx_word' id='word_1_656' title='bbox 3275 3502 3395 3554; x_wconf 86' lang='grc' dir='ltr'>Ηοο</span> <span class='ocrx_word' id='word_1_657' title='bbox 3446 3499 3628 3571; x_wconf 87' lang='lat' dir='ltr'>igitur</span> <span class='ocrx_word' id='word_1_658' title='bbox 3655 3499 3809 3570; x_wconf 87' lang='lat' dir='ltr'>dico,</span> 
     </span>
    </p>
   </div>
   <div class='ocr_carea' id='block_1_83' title="bbox 2159 3587 3810 3661">
    <p class='ocr_par' dir='ltr' id='par_1_83' title="bbox 2159 3587 3810 3661">
     <span class='ocr_line' id='line_1_83' title="bbox 2159 3587 3810 3661; baseline 0 -17"><span class='ocrx_word' id='word_1_659' title='bbox 2159 3593 2311 3661; x_wconf 89' lang='lat' dir='ltr'>quod</span> <span class='ocrx_word' id='word_1_660' title='bbox 2370 3588 2562 3644; x_wconf 89' lang='lat' dir='ltr'>omnis</span> <span class='ocrx_word' id='word_1_661' title='bbox 2589 3588 2772 3660; x_wconf 83' lang='lat' dir='ltr'>virgo,</span> <span class='ocrx_word' id='word_1_662' title='bbox 2823 3593 2925 3643; x_wconf 89' lang='lat' dir='ltr'>aut</span> <span class='ocrx_word' id='word_1_663' title='bbox 2953 3587 3130 3644; x_wconf 86' lang='lat' dir='ltr'>vidua</span> <span class='ocrx_word' id='word_1_664' title='bbox 3159 3587 3486 3656; x_wconf 90' lang='lat' dir='ltr'>continens,</span> <span class='ocrx_word' id='word_1_665' title='bbox 3531 3588 3578 3643; x_wconf 93' lang='lat' dir='ltr'>si</span> <span class='ocrx_word' id='word_1_666' title='bbox 3606 3604 3810 3644; x_wconf 89' lang='lat' dir='ltr'>curam</span> 
     </span>
    </p>
   </div>
   <div class='ocr_carea' id='block_1_84' title="bbox 2157 3675 3810 3747">
    <p class='ocr_par' dir='ltr' id='par_1_84' title="bbox 2157 3675 3810 3747">
     <span class='ocr_line' id='line_1_84' title="bbox 2157 3675 3810 3747; baseline -0.001 -14"><span class='ocrx_word' id='word_1_667' title='bbox 2157 3694 2324 3734; x_wconf 88' lang='lat' dir='ltr'>suam</span> <span class='ocrx_word' id='word_1_668' title='bbox 2351 3677 2592 3732; x_wconf 90' lang='lat' dir='ltr'>collocet</span> <span class='ocrx_word' id='word_1_669' title='bbox 2623 3676 2681 3730; x_wconf 90' lang='lat' dir='ltr'>in</span> <span class='ocrx_word' id='word_1_670' title='bbox 2732 3676 2840 3732; x_wconf 92' lang='lat' dir='ltr'>hoc</span> <span class='ocrx_word' id='word_1_671' title='bbox 2866 3676 3107 3740; x_wconf 86' lang='lat' dir='ltr'>mundo,</span> <span class='ocrx_word' id='word_1_672' title='bbox 3157 3676 3285 3747; x_wconf 83' lang='lat' dir='ltr'>ejus</span> <span class='ocrx_word' id='word_1_673' title='bbox 3319 3676 3398 3730; x_wconf 89' lang='lat' dir='ltr'>rei</span> <span class='ocrx_word' id='word_1_674' title='bbox 3431 3693 3571 3730; x_wconf 88' lang='lat' dir='ltr'>cura</span> <span class='ocrx_word' id='word_1_675' title='bbox 3594 3675 3677 3729; x_wconf 91' lang='lat' dir='ltr'>illi</span> <span class='ocrx_word' id='word_1_676' title='bbox 3709 3692 3810 3747; x_wconf 90' lang='lat' dir='ltr'>pro</span> 
     </span>
    </p>
   </div>
   <div class='ocr_carea' id='block_1_85' title="bbox 2157 3763 3812 3836">
    <p class='ocr_par' dir='ltr' id='par_1_85' title="bbox 2157 3763 3812 3836">
     <span class='ocr_line' id='line_1_85' title="bbox 2157 3763 3812 3836; baseline -0.002 -14"><span class='ocrx_word' id='word_1_677' title='bbox 2157 3768 2365 3822; x_wconf 89' lang='lat' dir='ltr'>marito</span> <span class='ocrx_word' id='word_1_678' title='bbox 2409 3771 2535 3822; x_wconf 88' lang='lat' dir='ltr'>est:</span> <span class='ocrx_word' id='word_1_679' title='bbox 2572 3766 2691 3822; x_wconf 89' lang='lat' dir='ltr'>sive</span> <span class='ocrx_word' id='word_1_680' title='bbox 2735 3765 3154 3836; x_wconf 86' lang='lat' dir='ltr'>possessiones,</span> <span class='ocrx_word' id='word_1_681' title='bbox 3205 3764 3325 3819; x_wconf 90' lang='lat' dir='ltr'>sive</span> <span class='ocrx_word' id='word_1_682' title='bbox 3358 3763 3503 3818; x_wconf 86' lang='lat' dir='ltr'>alias</span> <span class='ocrx_word' id='word_1_683' title='bbox 3531 3766 3812 3819; x_wconf 87' lang='lat' dir='ltr'>substan-</span> 
     </span>
    </p>
   </div>
   <div class='ocr_carea' id='block_1_86' title="bbox 2154 3852 3808 3928">
    <p class='ocr_par' dir='ltr' id='par_1_86' title="bbox 2154 3852 3808 3928">
     <span class='ocr_line' id='line_1_86' title="bbox 2154 3852 3808 3928; baseline -0.001 -18"><span class='ocrx_word' id='word_1_684' title='bbox 2154 3859 2267 3913; x_wconf 88' lang='lat' dir='ltr'>tias</span> <span class='ocrx_word' id='word_1_685' title='bbox 2326 3855 2640 3928; x_wconf 83' lang='lat' dir='ltr'>possideat,</span> <span class='ocrx_word' id='word_1_686' title='bbox 2698 3854 2829 3926; x_wconf 78' lang='lat' dir='ltr'>ipsa</span> <span class='ocrx_word' id='word_1_687' title='bbox 2877 3853 3210 3908; x_wconf 88' lang='lat' dir='ltr'>sollicitudo</span> <span class='ocrx_word' id='word_1_688' title='bbox 3260 3852 3624 3907; x_wconf 87' lang='lat' dir='ltr'>contaminat</span> <span class='ocrx_word' id='word_1_689' title='bbox 3679 3853 3808 3921; x_wconf 81' lang='lat' dir='ltr'>ejus</span> 
     </span>
    </p>
   </div>
   <div class='ocr_carea' id='block_1_87' title="bbox 2153 3940 3812 4012">
    <p class='ocr_par' dir='ltr' id='par_1_87' title="bbox 2153 3940 3812 4012">
     <span class='ocr_line' id='line_1_87' title="bbox 2153 3940 3812 4012; baseline -0.004 -11"><span class='ocrx_word' id='word_1_690' title='bbox 2153 3946 2429 4001; x_wconf 87' lang='lat' dir='ltr'>animam.</span> <span class='ocrx_word' id='word_1_691' title='bbox 2459 3944 2529 3999; x_wconf 91' lang='lat' dir='ltr'>Ut</span> <span class='ocrx_word' id='word_1_692' title='bbox 2557 3943 2712 3998; x_wconf 89' lang='lat' dir='ltr'>enim</span> <span class='ocrx_word' id='word_1_693' title='bbox 2746 3958 2848 4012; x_wconf 90' lang='lat' dir='ltr'>per</span> <span class='ocrx_word' id='word_1_694' title='bbox 2876 3940 3064 3996; x_wconf 87' lang='lat' dir='ltr'>virum</span> <span class='ocrx_word' id='word_1_695' title='bbox 3098 3957 3311 4012; x_wconf 90' lang='lat' dir='ltr'>corpus</span> <span class='ocrx_word' id='word_1_696' title='bbox 3354 3940 3812 4008; x_wconf 83' lang='lat' dir='ltr'>contaminatur,</span> 
     </span>
    </p>
   </div>
   <div class='ocr_carea' id='block_1_88' title="bbox 2153 4028 3807 4104">
    <p class='ocr_par' dir='ltr' id='par_1_88' title="bbox 2153 4028 3807 4104">
     <span class='ocr_line' id='line_1_88' title="bbox 2153 4028 3807 4104; baseline -0.002 -15"><span class='ocrx_word' id='word_1_697' title='bbox 2153 4034 2235 4089; x_wconf 86' lang='lat' dir='ltr'>ita</span> <span class='ocrx_word' id='word_1_698' title='bbox 2265 4049 2496 4104; x_wconf 90' lang='lat' dir='ltr'>quoque</span> <span class='ocrx_word' id='word_1_699' title='bbox 2526 4031 2763 4086; x_wconf 83' lang='lat' dir='ltr'>habitus</span> <span class='ocrx_word' id='word_1_700' title='bbox 2791 4028 3096 4095; x_wconf 90' lang='lat' dir='ltr'>mundani,</span> <span class='ocrx_word' id='word_1_701' title='bbox 3131 4034 3188 4084; x_wconf 86' lang='lat' dir='ltr'>et</span> <span class='ocrx_word' id='word_1_702' title='bbox 3217 4028 3475 4084; x_wconf 88' lang='lat' dir='ltr'>animam</span> <span class='ocrx_word' id='word_1_703' title='bbox 3506 4033 3564 4084; x_wconf 92' lang='lat' dir='ltr'>et</span> <span class='ocrx_word' id='word_1_704' title='bbox 3595 4045 3807 4100; x_wconf 91' lang='lat' dir='ltr'>corpus</span> 
     </span>
    </p>
   </div>
   <div class='ocr_carea' id='block_1_89' title="bbox 2153 4118 3803 4190">
    <p class='ocr_par' dir='ltr' id='par_1_89' title="bbox 2153 4118 3803 4190">
     <span class='ocr_line' id='line_1_89' title="bbox 2153 4118 3803 4190; baseline -0.004 -12"><span class='ocrx_word' id='word_1_705' title='bbox 2153 4121 2504 4178; x_wconf 87' lang='lat' dir='ltr'>continentis</span> <span class='ocrx_word' id='word_1_706' title='bbox 2533 4123 2946 4190; x_wconf 86' lang='lat' dir='ltr'>conspurcant,</span> <span class='ocrx_word' id='word_1_707' title='bbox 2968 4133 3158 4190; x_wconf 88' lang='lat' dir='ltr'>neque</span> <span class='ocrx_word' id='word_1_708' title='bbox 3179 4118 3304 4189; x_wconf 86' lang='lat' dir='ltr'>jam</span> <span class='ocrx_word' id='word_1_709' title='bbox 3337 4122 3426 4173; x_wconf 89' lang='lat' dir='ltr'>est</span> <span class='ocrx_word' id='word_1_710' title='bbox 3454 4126 3803 4173; x_wconf 88' lang='lat' dir='ltr'>sanctacor-</span> 
     </span>
    </p>
   </div>
   <div class='ocr_carea' id='block_1_90' title="bbox 2153 4207 3802 4283">
    <p class='ocr_par' dir='ltr' id='par_1_90' title="bbox 2153 4207 3802 4283">
     <span class='ocr_line' id='line_1_90' title="bbox 2153 4207 3802 4283; baseline -0.004 -16"><span class='ocrx_word' id='word_1_711' title='bbox 2153 4228 2291 4283; x_wconf 92' lang='lat' dir='ltr'>pore</span> <span class='ocrx_word' id='word_1_712' title='bbox 2345 4214 2402 4265; x_wconf 92' lang='lat' dir='ltr'>et</span> <span class='ocrx_word' id='word_1_713' title='bbox 2459 4209 2692 4281; x_wconf 88' lang='lat' dir='ltr'>spiritu.</span> <span class='ocrx_word' id='word_1_714' title='bbox 2753 4210 2886 4274; x_wconf 69' lang='lat' dir='ltr'>Quae</span> <span class='ocrx_word' id='word_1_715' title='bbox 2941 4210 3134 4263; x_wconf 85' lang='lat' dir='ltr'>autem</span> <span class='ocrx_word' id='word_1_716' title='bbox 3167 4211 3334 4262; x_wconf 89' lang='lat' dir='ltr'>curat</span> <span class='ocrx_word' id='word_1_717' title='bbox 3363 4224 3510 4279; x_wconf 85' lang='lat' dir='ltr'>opus</span> <span class='ocrx_word' id='word_1_718' title='bbox 3542 4207 3802 4272; x_wconf 88' lang='lat' dir='ltr'>Domini,</span> 
     </span>
    </p>
   </div>
   <div class='ocr_carea' id='block_1_91' title="bbox 2154 4295 3806 4372">
    <p class='ocr_par' dir='ltr' id='par_1_91' title="bbox 2154 4295 3806 4372">
     <span class='ocr_line' id='line_1_91' title="bbox 2154 4295 3806 4372; baseline -0.002 -16"><span class='ocrx_word' id='word_1_719' title='bbox 2154 4301 2328 4369; x_wconf 83' lang='lat' dir='ltr'>hujus</span> <span class='ocrx_word' id='word_1_720' title='bbox 2351 4295 2605 4372; x_wconf 82' lang='lat' dir='ltr'>sponsus</span> <span class='ocrx_word' id='word_1_721' title='bbox 2638 4302 2726 4354; x_wconf 87' lang='lat' dir='ltr'>est</span> <span class='ocrx_word' id='word_1_722' title='bbox 2755 4297 3039 4353; x_wconf 84' lang='lat' dir='ltr'>Christus.</span> <span class='ocrx_word' id='word_1_723' title='bbox 3092 4298 3171 4352; x_wconf 88' lang='lat' dir='ltr'>Ea</span> <span class='ocrx_word' id='word_1_724' title='bbox 3199 4297 3375 4364; x_wconf 91' lang='lat' dir='ltr'>enim,</span> <span class='ocrx_word' id='word_1_725' title='bbox 3412 4314 3536 4366; x_wconf 72' lang='lat' dir='ltr'>quae</span> <span class='ocrx_word' id='word_1_726' title='bbox 3565 4302 3806 4369; x_wconf 88' lang='lat' dir='ltr'>coapta-</span> 
     </span>
    </p>
   </div>
   <div class='ocr_carea' id='block_1_92' title="bbox 2150 4384 3809 4458">
    <p class='ocr_par' dir='ltr' id='par_1_92' title="bbox 2150 4384 3809 4458">
     <span class='ocr_line' id='line_1_92' title="bbox 2150 4384 3809 4458; baseline -0.002 -15"><span class='ocrx_word' id='word_1_727' title='bbox 2150 4393 2248 4444; x_wconf 92' lang='lat' dir='ltr'>tur</span> <span class='ocrx_word' id='word_1_728' title='bbox 2275 4389 2394 4443; x_wconf 92' lang='lat' dir='ltr'>viro</span> <span class='ocrx_word' id='word_1_729' title='bbox 2426 4386 2807 4458; x_wconf 89' lang='lat' dir='ltr'>corruptibili,</span> <span class='ocrx_word' id='word_1_730' title='bbox 2861 4385 3221 4440; x_wconf 85' lang='lat' dir='ltr'>voluntatem</span> <span class='ocrx_word' id='word_1_731' title='bbox 3266 4384 3374 4438; x_wconf 87' lang='lat' dir='ltr'>viri</span> <span class='ocrx_word' id='word_1_732' title='bbox 3409 4385 3498 4438; x_wconf 90' lang='lat' dir='ltr'>sui</span> <span class='ocrx_word' id='word_1_733' title='bbox 3534 4385 3692 4450; x_wconf 77' lang='lat' dir='ltr'>facit,</span> <span class='ocrx_word' id='word_1_734' title='bbox 3727 4385 3809 4440; x_wconf 87' lang='lat' dir='ltr'>ita</span> 
     </span>
    </p>
   </div>
   <div class='ocr_carea' id='block_1_93' title="bbox 2152 4473 3805 4548">
    <p class='ocr_par' dir='ltr' id='par_1_93' title="bbox 2152 4473 3805 4548">
     <span class='ocr_line' id='line_1_93' title="bbox 2152 4473 3805 4548; baseline -0.002 -15"><span class='ocrx_word' id='word_1_735' title='bbox 2152 4478 2307 4533; x_wconf 88' lang='lat' dir='ltr'>enim</span> <span class='ocrx_word' id='word_1_736' title='bbox 2340 4476 2624 4548; x_wconf 88' lang='lat' dir='ltr'>scriptum</span> <span class='ocrx_word' id='word_1_737' title='bbox 2656 4479 2784 4530; x_wconf 89' lang='lat' dir='ltr'>est:</span> <span class='ocrx_word' id='word_1_738' title='bbox 2819 4497 2847 4524; x_wconf 85' lang='lat'><strong>«</strong></span> <span class='ocrx_word' id='word_1_739' title='bbox 2878 4473 3087 4529; x_wconf 89' lang='lat' dir='ltr'>Mulier</span> <span class='ocrx_word' id='word_1_740' title='bbox 3116 4473 3204 4529; x_wconf 87' lang='lat' dir='ltr'>sui</span> <span class='ocrx_word' id='word_1_741' title='bbox 3256 4474 3515 4545; x_wconf 88' lang='lat' dir='ltr'>corporis</span> <span class='ocrx_word' id='word_1_742' title='bbox 3547 4479 3805 4545; x_wconf 89' lang='lat' dir='ltr'>potesta-</span> 
     </span>
    </p>
   </div>
   <div class='ocr_carea' id='block_1_94' title="bbox 393 4563 2053 4660">
    <p class='ocr_par' dir='ltr' id='par_1_94' title="bbox 393 4563 2040 4643">
     <span class='ocr_line' id='line_1_94' title="bbox 393 4563 2040 4643; baseline 0.005 -26"><span class='ocrx_word' id='word_1_743' title='bbox 393 4569 556 4618; x_wconf 90' lang='grc' dir='ltr'>ποιεῖ·</span> <span class='ocrx_word' id='word_1_744' title='bbox 595 4564 766 4626; x_wconf 74' lang='grc' dir='ltr'>οὕτως</span> <span class='ocrx_word' id='word_1_745' title='bbox 825 4565 927 4638; x_wconf 81' lang='grc' dir='ltr'>γὰρ</span> <span class='ocrx_word' id='word_1_746' title='bbox 978 4563 1208 4640; x_wconf 78' lang='grc' dir='ltr'>εἷ’ρηται,</span> <span class='ocrx_word' id='word_1_747' title='bbox 1271 4565 1353 4620; x_wconf 78' lang='grc' dir='ltr'>ὅτι</span> <span class='ocrx_word' id='word_1_748' title='bbox 1387 4572 1501 4620; x_wconf 83' lang='grc' dir='ltr'>«Ἡ</span> <span class='ocrx_word' id='word_1_749' title='bbox 1557 4569 1687 4643; x_wconf 83' lang='grc' dir='ltr'>γυνή</span> <span class='ocrx_word' id='word_1_750' title='bbox 1745 4566 1841 4623; x_wconf 80' lang='grc' dir='ltr'>τοῦ</span> <span class='ocrx_word' id='word_1_751' title='bbox 1903 4567 2040 4625; x_wconf 82' lang='grc' dir='ltr'>ἰδίου</span> 
     </span>
    </p>
   </div>
   <div class='ocr_carea' id='block_1_95' title="bbox 2165 4563 3805 4660">
    <p class='ocr_par' dir='ltr' id='par_1_95' title="bbox 2165 4564 3805 4632">
     <span class='ocr_line' id='line_1_95' title="bbox 2165 4564 3805 4632; baseline -0.002 -10"><span class='ocrx_word' id='word_1_752' title='bbox 2165 4574 2268 4622; x_wconf 63' lang='lat' dir='ltr'>tem</span> <span class='ocrx_word' id='word_1_753' title='bbox 2302 4583 2416 4621; x_wconf 91' lang='lat' dir='ltr'>non</span> <span class='ocrx_word' id='word_1_754' title='bbox 2448 4565 2641 4632; x_wconf 89' lang='lat' dir='ltr'>habet,</span> <span class='ocrx_word' id='word_1_755' title='bbox 2677 4565 2777 4619; x_wconf 85' lang='lat' dir='ltr'>sed</span> <span class='ocrx_word' id='word_1_756' title='bbox 2805 4564 2892 4618; x_wconf 84' lang='lat' dir='ltr'>vir</span> <span class='ocrx_word' id='word_1_757' title='bbox 2922 4564 3003 4618; x_wconf 73' lang='lat' dir='ltr'>&quot;z</span> <span class='ocrx_word' id='word_1_758' title='bbox 3034 4584 3060 4612; x_wconf 86' lang='lat'>»</span> <span class='ocrx_word' id='word_1_759' title='bbox 3093 4579 3160 4619; x_wconf 85' lang='lat' dir='ltr'>ac</span> <span class='ocrx_word' id='word_1_760' title='bbox 3218 4580 3451 4618; x_wconf 89' lang='lat' dir='ltr'>rursum</span> <span class='ocrx_word' id='word_1_761' title='bbox 3485 4580 3496 4616; x_wconf 89' lang='lat'><strong>:</strong></span> <span class='ocrx_word' id='word_1_762' title='bbox 3535 4584 3562 4611; x_wconf 84' lang='lat'><strong>«</strong></span> <span class='ocrx_word' id='word_1_763' title='bbox 3595 4566 3805 4627; x_wconf 86' lang='lat' dir='ltr'>Quem-</span> 
     </span>
    </p>
   </div>
   <div class='ocr_carea' id='block_1_96' title="bbox 393 4653 2036 4729">
    <p class='ocr_par' dir='ltr' id='par_1_96' title="bbox 393 4653 2036 4729">
     <span class='ocr_line' id='line_1_96' title="bbox 393 4653 2036 4729; baseline 0.004 -23"><span class='ocrx_word' id='word_1_764' title='bbox 393 4653 647 4724; x_wconf 86' lang='grc' dir='ltr'>σώματος</span> <span class='ocrx_word' id='word_1_765' title='bbox 681 4653 778 4708; x_wconf 72' lang='grc' dir='ltr'>οὐκ</span> <span class='ocrx_word' id='word_1_766' title='bbox 827 4653 1118 4724; x_wconf 75' lang='grc' dir='ltr'>ἐξουσιάζει</span> <span class='ocrx_word' id='word_1_767' title='bbox 1153 4699 1166 4724; x_wconf 92' lang='lat'>,</span> <span class='ocrx_word' id='word_1_768' title='bbox 1199 4653 1326 4709; x_wconf 79' lang='grc' dir='ltr'>ἀλΛ’</span> <span class='ocrx_word' id='word_1_769' title='bbox 1357 4657 1384 4710; x_wconf 91' lang='lat'>6</span> <span class='ocrx_word' id='word_1_770' title='bbox 1419 4657 1553 4729; x_wconf 82' lang='grc' dir='ltr'>ἀνήρ</span> <span class='ocrx_word' id='word_1_771' title='bbox 1579 4698 1596 4716; x_wconf 93' lang='grc'>.</span> <span class='ocrx_word' id='word_1_772' title='bbox 1633 4684 1654 4711; x_wconf 81' lang='grc' dir='ltr'>ι</span> <span class='ocrx_word' id='word_1_773' title='bbox 1694 4657 1792 4713; x_wconf 80' lang='grc' dir='ltr'>Καὶ</span> <span class='ocrx_word' id='word_1_774' title='bbox 1823 4658 1987 4714; x_wconf 87' lang='grc' dir='ltr'>πάλιν</span> <span class='ocrx_word' id='word_1_775' title='bbox 2023 4678 2036 4691; x_wconf 80' lang='grc'><strong>’</strong></span> 
     </span>
    </p>
   </div>
   <div class='ocr_carea' id='block_1_97' title="bbox 392 4740 2038 4823">
    <p class='ocr_par' dir='ltr' id='par_1_97' title="bbox 392 4740 2038 4823">
     <span class='ocr_line' id='line_1_97' title="bbox 392 4740 2038 4823; baseline 0.007 -31"><span class='ocrx_word' id='word_1_776' title='bbox 392 4765 420 4793; x_wconf 89' lang='grc'>‹‹</span> <span class='ocrx_word' id='word_1_777' title='bbox 453 4743 718 4818; x_wconf 81' lang='grc' dir='ltr'>Ὠσπερή</span> <span class='ocrx_word' id='word_1_778' title='bbox 777 4740 1076 4812; x_wconf 86' lang='grc' dir='ltr'>Ἐκκλησία</span> <span class='ocrx_word' id='word_1_779' title='bbox 1125 4743 1479 4800; x_wconf 84' lang='grc' dir='ltr'>ὑποτάσσεται</span> <span class='ocrx_word' id='word_1_780' title='bbox 1529 4751 1607 4818; x_wconf 80' lang='grc' dir='ltr'>τῷ</span> <span class='ocrx_word' id='word_1_781' title='bbox 1648 4747 1844 4823; x_wconf 82' lang='grc' dir='ltr'>Κυρίῳ,</span> <span class='ocrx_word' id='word_1_782' title='bbox 1896 4749 2038 4803; x_wconf 79' lang='grc' dir='ltr'>οὕτω</span> 
     </span>
    </p>
   </div>
   <div class='ocr_carea' id='block_1_98' title="bbox 388 4829 2037 4910">
    <p class='ocr_par' dir='ltr' id='par_1_98' title="bbox 388 4829 2037 4910">
     <span class='ocr_line' id='line_1_98' title="bbox 388 4829 2037 4910; baseline 0.004 -24"><span class='ocrx_word' id='word_1_783' title='bbox 388 4831 474 4886; x_wconf 79' lang='grc' dir='ltr'>καὶ</span> <span class='ocrx_word' id='word_1_784' title='bbox 504 4831 558 4886; x_wconf 76' lang='grc' dir='ltr'>αἱ</span> <span class='ocrx_word' id='word_1_785' title='bbox 602 4837 849 4908; x_wconf 78' lang='grc' dir='ltr'>γυναῖκες</span> <span class='ocrx_word' id='word_1_786' title='bbox 907 4837 1024 4895; x_wconf 88' lang='grc' dir='ltr'>τοῖς</span> <span class='ocrx_word' id='word_1_787' title='bbox 1063 4829 1315 4910; x_wconf 83' lang='grc' dir='ltr'>ἀνδράσιν</span> <span class='ocrx_word' id='word_1_788' title='bbox 1363 4833 1415 4888; x_wconf 80' lang='grc' dir='ltr'>έν</span> <span class='ocrx_word' id='word_1_789' title='bbox 1468 4834 1645 4892; x_wconf 88' lang='grc' dir='ltr'>παντί.</span> <span class='ocrx_word' id='word_1_790' title='bbox 1696 4857 1723 4890; x_wconf 76' lang='grc' dir='ltr'>ι)</span> <span class='ocrx_word' id='word_1_791' title='bbox 1780 4838 1899 4896; x_wconf 86' lang='grc' dir='ltr'>’Δπ’</span> <span class='ocrx_word' id='word_1_792' title='bbox 1948 4837 2037 4892; x_wconf 80' lang='grc' dir='ltr'>αὖ-</span> 
     </span>
    </p>
   </div>
   <div class='ocr_carea' id='block_1_99' title="bbox 385 4921 2037 4996">
    <p class='ocr_par' dir='ltr' id='par_1_99' title="bbox 385 4921 2037 4996">
     <span class='ocr_line' id='line_1_99' title="bbox 385 4921 2037 4996; baseline 0.004 -21"><span class='ocrx_word' id='word_1_793' title='bbox 385 4926 491 4975; x_wconf 84' lang='grc' dir='ltr'>τῶν</span> <span class='ocrx_word' id='word_1_794' title='bbox 539 4923 641 4996; x_wconf 83' lang='grc' dir='ltr'>γὰρ</span> <span class='ocrx_word' id='word_1_795' title='bbox 687 4926 794 4977; x_wconf 79' lang='grc' dir='ltr'>τῶν</span> <span class='ocrx_word' id='word_1_796' title='bbox 845 4927 1149 4995; x_wconf 81' lang='grc' dir='ltr'>κοσμικῶν,</span> <span class='ocrx_word' id='word_1_797' title='bbox 1204 4921 1291 4978; x_wconf 76' lang='grc' dir='ltr'>ἐὰν</span> <span class='ocrx_word' id='word_1_798' title='bbox 1345 4924 1613 4996; x_wconf 76' lang='grc' dir='ltr'>θέλωμεν,</span> <span class='ocrx_word' id='word_1_799' title='bbox 1658 4925 1749 4980; x_wconf 87' lang='grc' dir='ltr'>καὶ</span> <span class='ocrx_word' id='word_1_800' title='bbox 1812 4928 1879 4981; x_wconf 74' lang='grc' dir='ltr'>τά</span> <span class='ocrx_word' id='word_1_801' title='bbox 1925 4926 2037 4982; x_wconf 81' lang='grc' dir='ltr'>ἅνω</span> 
     </span>
    </p>
   </div>
   <div class='ocr_carea' id='block_1_100' title="bbox 386 5007 2035 5094">
    <p class='ocr_par' dir='ltr' id='par_1_100' title="bbox 386 5007 2035 5094">
     <span class='ocr_line' id='line_1_100' title="bbox 386 5007 2035 5094; baseline 0.004 -31"><span class='ocrx_word' id='word_1_802' title='bbox 386 5013 639 5081; x_wconf 77' lang='grc' dir='ltr'>νοοῦμεν.</span> <span class='ocrx_word' id='word_1_803' title='bbox 681 5011 743 5066; x_wconf 77' lang='grc' dir='ltr'><strong>Ἠ</strong></span> <span class='ocrx_word' id='word_1_804' title='bbox 775 5007 832 5064; x_wconf 75' lang='grc' dir='ltr'>δὲ</span> <span class='ocrx_word' id='word_1_805' title='bbox 880 5011 1260 5084; x_wconf 68' lang='grc' dir='ltr'>συναπτομένη</span> <span class='ocrx_word' id='word_1_806' title='bbox 1317 5017 1395 5084; x_wconf 84' lang='grc' dir='ltr'>τῷ</span> <span class='ocrx_word' id='word_1_807' title='bbox 1444 5012 1748 5089; x_wconf 83' lang='grc' dir='ltr'>ἐπουρανίῳ</span> <span class='ocrx_word' id='word_1_808' title='bbox 1796 5015 2035 5094; x_wconf 72' lang='grc' dir='ltr'>νυμφίῳ,</span> 
     </span>
    </p>
   </div>
   <div class='ocr_carea' id='block_1_101' title="bbox 381 5095 1722 5177">
    <p class='ocr_par' dir='ltr' id='par_1_101' title="bbox 381 5095 1722 5177">
     <span class='ocr_line' id='line_1_101' title="bbox 381 5095 1722 5177; baseline 0.003 -23"><span class='ocrx_word' id='word_1_809' title='bbox 381 5097 444 5154; x_wconf 88' lang='grc' dir='ltr'>τὸ</span> <span class='ocrx_word' id='word_1_810' title='bbox 473 5095 691 5169; x_wconf 83' lang='grc' dir='ltr'>θέλημα</span> <span class='ocrx_word' id='word_1_811' title='bbox 719 5102 815 5152; x_wconf 80' lang='grc' dir='ltr'>τοῦ</span> <span class='ocrx_word' id='word_1_812' title='bbox 855 5099 1092 5176; x_wconf 76' lang='grc' dir='ltr'>νυμφίου</span> <span class='ocrx_word' id='word_1_813' title='bbox 1126 5100 1290 5169; x_wconf 83' lang='grc' dir='ltr'>αὐτῆς</span> <span class='ocrx_word' id='word_1_814' title='bbox 1319 5103 1722 5177; x_wconf 83' lang='grc' dir='ltr'>κατεργάζεται.</span> 
     </span>
    </p>
   </div>
   <div class='ocr_carea' id='block_1_102' title="bbox 451 5183 2038 5265">
    <p class='ocr_par' dir='ltr' id='par_1_102' title="bbox 451 5183 2038 5265">
     <span class='ocr_line' id='line_1_102' title="bbox 451 5183 2038 5265; baseline 0.003 -21"><span class='ocrx_word' id='word_1_815' title='bbox 451 5189 506 5244; x_wconf 91' lang='grc'>3.</span> <span class='ocrx_word' id='word_1_816' title='bbox 538 5190 710 5242; x_wconf 77' lang='grc' dir='ltr'>Τοῦτο</span> <span class='ocrx_word' id='word_1_817' title='bbox 743 5183 800 5240; x_wconf 81' lang='grc' dir='ltr'>δέ</span> <span class='ocrx_word' id='word_1_818' title='bbox 831 5186 941 5242; x_wconf 78' lang='grc' dir='ltr'>ἐστι</span> <span class='ocrx_word' id='word_1_819' title='bbox 971 5187 1034 5242; x_wconf 90' lang='grc' dir='ltr'>τὸ</span> <span class='ocrx_word' id='word_1_820' title='bbox 1085 5186 1304 5261; x_wconf 84' lang='grc' dir='ltr'>θέλημα</span> <span class='ocrx_word' id='word_1_821' title='bbox 1350 5194 1449 5244; x_wconf 79' lang='grc' dir='ltr'>τοῦ</span> <span class='ocrx_word' id='word_1_822' title='bbox 1493 5196 1748 5265; x_wconf 77' lang='grc' dir='ltr'>Χριστοῦ,</span> <span class='ocrx_word' id='word_1_823' title='bbox 1781 5191 1872 5246; x_wconf 87' lang='grc' dir='ltr'>τὸν</span> <span class='ocrx_word' id='word_1_824' title='bbox 1905 5192 2038 5248; x_wconf 90' lang='grc' dir='ltr'>κολ-</span> 
     </span>
    </p>
   </div>
   <div class='ocr_carea' id='block_1_103' title="bbox 2152 4651 3803 4722">
    <p class='ocr_par' dir='ltr' id='par_1_103' title="bbox 2152 4651 3803 4722">
     <span class='ocr_line' id='line_1_103' title="bbox 2152 4651 3803 4722; baseline -0.002 -12"><span class='ocrx_word' id='word_1_825' title='bbox 2152 4656 2469 4711; x_wconf 89' lang='lat' dir='ltr'>admodum</span> <span class='ocrx_word' id='word_1_826' title='bbox 2503 4652 2760 4708; x_wconf 88' lang='lat' dir='ltr'>Ecclesia</span> <span class='ocrx_word' id='word_1_827' title='bbox 2805 4651 3123 4722; x_wconf 88' lang='lat' dir='ltr'>subjicitur</span> <span class='ocrx_word' id='word_1_828' title='bbox 3152 4651 3424 4717; x_wconf 88' lang='lat' dir='ltr'>Domino,</span> <span class='ocrx_word' id='word_1_829' title='bbox 3458 4651 3537 4705; x_wconf 88' lang='lat' dir='ltr'>ita</span> <span class='ocrx_word' id='word_1_830' title='bbox 3567 4667 3803 4722; x_wconf 83' lang='lat' dir='ltr'>quoque</span> 
     </span>
    </p>
   </div>
   <div class='ocr_carea' id='block_1_104' title="bbox 2149 4740 3800 4810">
    <p class='ocr_par' dir='ltr' id='par_1_104' title="bbox 2149 4740 3800 4810">
     <span class='ocr_line' id='line_1_104' title="bbox 2149 4740 3800 4810; baseline -0.002 -12"><span class='ocrx_word' id='word_1_831' title='bbox 2149 4744 2425 4799; x_wconf 84' lang='lat' dir='ltr'>mulieres</span> <span class='ocrx_word' id='word_1_832' title='bbox 2456 4743 2597 4797; x_wconf 89' lang='lat' dir='ltr'>viris</span> <span class='ocrx_word' id='word_1_833' title='bbox 2627 4741 2750 4796; x_wconf 90' lang='lat' dir='ltr'>suis</span> <span class='ocrx_word' id='word_1_834' title='bbox 2783 4741 2842 4795; x_wconf 90' lang='lat' dir='ltr'>in</span> <span class='ocrx_word' id='word_1_835' title='bbox 2872 4741 3146 4795; x_wconf 87' lang='lat' dir='ltr'>omnibus</span> <span class='ocrx_word' id='word_1_836' title='bbox 3180 4741 3243 4793; x_wconf 72' lang='lat'>‘3.</span> <span class='ocrx_word' id='word_1_837' title='bbox 3271 4761 3296 4788; x_wconf 88' lang='grc'><strong>››</strong></span> <span class='ocrx_word' id='word_1_838' title='bbox 3327 4740 3604 4810; x_wconf 81' lang='lat' dir='ltr'>Exemplo</span> <span class='ocrx_word' id='word_1_839' title='bbox 3634 4757 3800 4796; x_wconf 89' lang='lat' dir='ltr'>nam-</span> 
     </span>
    </p>
   </div>
   <div class='ocr_carea' id='block_1_105' title="bbox 2150 4827 3806 4904">
    <p class='ocr_par' dir='ltr' id='par_1_105' title="bbox 2150 4827 3806 4904">
     <span class='ocr_line' id='line_1_105' title="bbox 2150 4827 3806 4904; baseline -0.003 -15"><span class='ocrx_word' id='word_1_840' title='bbox 2150 4848 2260 4904; x_wconf 90' lang='lat' dir='ltr'>que</span> <span class='ocrx_word' id='word_1_841' title='bbox 2311 4832 2742 4887; x_wconf 72' lang='lat' dir='ltr'>mundanarum</span> <span class='ocrx_word' id='word_1_842' title='bbox 2776 4845 2993 4895; x_wconf 89' lang='lat' dir='ltr'>rerum,</span> <span class='ocrx_word' id='word_1_843' title='bbox 3028 4828 3076 4884; x_wconf 87' lang='lat' dir='ltr'>si</span> <span class='ocrx_word' id='word_1_844' title='bbox 3120 4828 3202 4883; x_wconf 92' lang='lat' dir='ltr'>ita</span> <span class='ocrx_word' id='word_1_845' title='bbox 3246 4827 3516 4895; x_wconf 88' lang='lat' dir='ltr'>velimus,</span> <span class='ocrx_word' id='word_1_846' title='bbox 3550 4828 3806 4884; x_wconf 73' lang='lat' dir='ltr'>cmlcstia</span> 
     </span>
    </p>
   </div>
   <div class='ocr_carea' id='block_1_106' title="bbox 2146 4918 3802 4991">
    <p class='ocr_par' dir='ltr' id='par_1_106' title="bbox 2146 4918 3802 4991">
     <span class='ocr_line' id='line_1_106' title="bbox 2146 4918 3802 4991; baseline -0.001 -12"><span class='ocrx_word' id='word_1_847' title='bbox 2146 4924 2627 4981; x_wconf 83' lang='lat' dir='ltr'>intellexerimus.</span> <span class='ocrx_word' id='word_1_848' title='bbox 2708 4923 2841 4986; x_wconf 66' lang='lat' dir='ltr'>Quae</span> <span class='ocrx_word' id='word_1_849' title='bbox 2893 4925 3087 4976; x_wconf 89' lang='lat' dir='ltr'>autem</span> <span class='ocrx_word' id='word_1_850' title='bbox 3144 4918 3522 4991; x_wconf 84' lang='lat' dir='ltr'>conjungitur</span> <span class='ocrx_word' id='word_1_851' title='bbox 3577 4920 3802 4977; x_wconf 72' lang='lat' dir='ltr'>cmlesti</span> 
     </span>
    </p>
   </div>
   <div class='ocr_carea' id='block_1_107' title="bbox 2146 5009 3298 5086">
    <p class='ocr_par' dir='ltr' id='par_1_107' title="bbox 2146 5009 3298 5086">
     <span class='ocr_line' id='line_1_107' title="bbox 2146 5009 3298 5086; baseline -0.006 -16"><span class='ocrx_word' id='word_1_852' title='bbox 2146 5031 2382 5086; x_wconf 91' lang='lat' dir='ltr'>sponso,</span> <span class='ocrx_word' id='word_1_853' title='bbox 2414 5015 2774 5068; x_wconf 88' lang='lat' dir='ltr'>voluntatem</span> <span class='ocrx_word' id='word_1_854' title='bbox 2800 5011 2890 5065; x_wconf 90' lang='lat' dir='ltr'>sui</span> <span class='ocrx_word' id='word_1_855' title='bbox 2916 5009 3116 5080; x_wconf 89' lang='lat' dir='ltr'>sponsi</span> <span class='ocrx_word' id='word_1_856' title='bbox 3142 5009 3298 5064; x_wconf 80' lang='lat' dir='ltr'>facit.</span> 
     </span>
    </p>
   </div>
   <div class='ocr_carea' id='block_1_108' title="bbox 2216 5185 3800 5260">
    <p class='ocr_par' dir='ltr' id='par_1_108' title="bbox 2216 5185 3800 5260">
     <span class='ocr_line' id='line_1_108' title="bbox 2216 5185 3800 5260; baseline -0.004 -11"><span class='ocrx_word' id='word_1_857' title='bbox 2216 5196 2269 5250; x_wconf 87' lang='lat'>3.</span> <span class='ocrx_word' id='word_1_858' title='bbox 2306 5193 2384 5248; x_wconf 84' lang='lat' dir='ltr'>Ea</span> <span class='ocrx_word' id='word_1_859' title='bbox 2413 5195 2610 5247; x_wconf 89' lang='lat' dir='ltr'>autem</span> <span class='ocrx_word' id='word_1_860' title='bbox 2644 5191 2734 5244; x_wconf 85' lang='lat' dir='ltr'>est</span> <span class='ocrx_word' id='word_1_861' title='bbox 2754 5187 3022 5244; x_wconf 91' lang='lat' dir='ltr'>voluntas</span> <span class='ocrx_word' id='word_1_862' title='bbox 3043 5185 3284 5257; x_wconf 86' lang='lat' dir='ltr'>Christi,</span> <span class='ocrx_word' id='word_1_863' title='bbox 3326 5191 3392 5242; x_wconf 91' lang='lat' dir='ltr'>ut</span> <span class='ocrx_word' id='word_1_864' title='bbox 3431 5187 3480 5254; x_wconf 72' lang='lat' dir='ltr'>is</span> <span class='ocrx_word' id='word_1_865' title='bbox 3529 5187 3630 5258; x_wconf 91' lang='lat' dir='ltr'>qui</span> <span class='ocrx_word' id='word_1_866' title='bbox 3683 5187 3800 5260; x_wconf 78' lang='lat' dir='ltr'>ipsi</span> 
     </span>
    </p>
   </div>
   <div class='ocr_carea' id='block_1_109' title="bbox 445 5383 2053 5462">
    <p class='ocr_par' dir='ltr' id='par_1_109' title="bbox 445 5383 2033 5462">
     <span class='ocr_line' id='line_1_109' title="bbox 445 5383 2033 5462; baseline 0.004 -22"><span class='ocrx_word' id='word_1_867' title='bbox 445 5384 492 5419; x_wconf 69' lang='lat'>3°</span> <span class='ocrx_word' id='word_1_868' title='bbox 533 5383 741 5440; x_wconf 89' lang='lat' dir='ltr'>Genes.</span> <span class='ocrx_word' id='word_1_869' title='bbox 777 5401 812 5451; x_wconf 80' lang='grc' dir='ltr'>ι,</span> <span class='ocrx_word' id='word_1_870' title='bbox 842 5384 949 5453; x_wconf 90' lang='grc'>26;</span> <span class='ocrx_word' id='word_1_871' title='bbox 1013 5403 1076 5456; x_wconf 82' lang='grc' dir='ltr'>ιι,</span> <span class='ocrx_word' id='word_1_872' title='bbox 1124 5387 1180 5455; x_wconf 88' lang='grc'>7,</span> <span class='ocrx_word' id='word_1_873' title='bbox 1212 5388 1266 5454; x_wconf 90' lang='grc'>8,</span> <span class='ocrx_word' id='word_1_874' title='bbox 1314 5387 1507 5443; x_wconf 81' lang='grc'>21-24.</span> <span class='ocrx_word' id='word_1_875' title='bbox 1557 5389 1602 5425; x_wconf 82' lang='grc'>⁴⁰</span> <span class='ocrx_word' id='word_1_876' title='bbox 1624 5389 1833 5462; x_wconf 89' lang='lat' dir='ltr'>Ephes.</span> <span class='ocrx_word' id='word_1_877' title='bbox 1873 5407 1920 5458; x_wconf 70' lang='grc' dir='ltr'>ν,</span> <span class='ocrx_word' id='word_1_878' title='bbox 1945 5391 2033 5447; x_wconf 88' lang='lat'>32.</span> 
     </span>
    </p>
   </div>
   <div class='ocr_carea' id='block_1_110' title="bbox 2165 5383 3685 5462">
    <p class='ocr_par' dir='ltr' id='par_1_110' title="bbox 2201 5384 3685 5458">
     <span class='ocr_line' id='line_1_110' title="bbox 2201 5384 3685 5458; baseline -0.005 -12"><span class='ocrx_word' id='word_1_879' title='bbox 2201 5391 2223 5446; x_wconf 89' lang='grc' dir='ltr'>Ι</span> <span class='ocrx_word' id='word_1_880' title='bbox 2270 5389 2399 5446; x_wconf 86' lang='lat' dir='ltr'>Cor.</span> <span class='ocrx_word' id='word_1_881' title='bbox 2457 5405 2560 5456; x_wconf 86' lang='lat' dir='ltr'>vn,</span> <span class='ocrx_word' id='word_1_882' title='bbox 2619 5387 2710 5442; x_wconf 88' lang='grc'>34.</span> <span class='ocrx_word' id='word_1_883' title='bbox 2758 5385 2804 5420; x_wconf 65' lang='grc' dir='ltr'>δ’</span> <span class='ocrx_word' id='word_1_884' title='bbox 2839 5384 2984 5442; x_wconf 90' lang='lat' dir='ltr'>Ibib.</span> <span class='ocrx_word' id='word_1_885' title='bbox 3042 5386 3096 5440; x_wconf 91' lang='lat'>4.</span> <span class='ocrx_word' id='word_1_886' title='bbox 3140 5386 3186 5424; x_wconf 74' lang='lat'><strong>‘3</strong></span> <span class='ocrx_word' id='word_1_887' title='bbox 3235 5386 3447 5458; x_wconf 85' lang='lat' dir='ltr'>Ephes.</span> <span class='ocrx_word' id='word_1_888' title='bbox 3492 5403 3546 5453; x_wconf 87' lang='grc' dir='ltr'>ν,</span> <span class='ocrx_word' id='word_1_889' title='bbox 3595 5386 3685 5440; x_wconf 88' lang='lat'>24.</span> 
     </span>
    </p>
   </div>
   <div class='ocr_carea' id='block_1_111' title="bbox 449 5575 2025 5701">
    <p class='ocr_par' dir='ltr' id='par_1_111' title="bbox 449 5575 2025 5701">
     <span class='ocr_line' id='line_1_111' title="bbox 449 5575 2025 5701; baseline 0.003 -70"><span class='ocrx_word' id='word_1_890' title='bbox 449 5579 556 5650; x_wconf 82' lang='lat'>(85)</span> <span class='ocrx_word' id='word_1_891' title='bbox 581 5575 943 5660; x_wconf 75' lang='lat' dir='ltr'>Basiliensis.</span> <span class='ocrx_word' id='word_1_892' title='bbox 965 5577 1340 5701; x_wconf 51' lang='lat' dir='ltr'>Anflicanus</span> <span class='ocrx_word' id='word_1_893' title='bbox 1378 5585 1436 5635; x_wconf 89' lang='lat' dir='ltr'>et</span> <span class='ocrx_word' id='word_1_894' title='bbox 1455 5581 1607 5638; x_wconf 88' lang='lat' dir='ltr'>Felc.</span> <span class='ocrx_word' id='word_1_895' title='bbox 1629 5587 1684 5654; x_wconf 86' lang='lat'>2,</span> <span class='ocrx_word' id='word_1_896' title='bbox 1710 5582 1776 5636; x_wconf 82' lang='grc' dir='ltr'>τὰ</span> <span class='ocrx_word' id='word_1_897' title='bbox 1807 5580 2025 5658; x_wconf 77' lang='grc' dir='ltr'>ῥήματά</span> 
     </span>
     <span class='ocr_line' id='line_1_112' title="bbox 449 5647 1807 5701; baseline 0 0"><span class='ocrx_word' id='word_1_898' title='bbox 449 5670 505 5701; x_wconf 67' lang='grc' dir='ltr'>μυ.</span> <span class='ocrx_word' id='word_1_899' title='bbox 539 5649 691 5701; x_wconf 85' lang='lat' dir='ltr'>Edltl</span> <span class='ocrx_word' id='word_1_900' title='bbox 723 5665 880 5701; x_wconf 84' lang='lat' dir='ltr'>vero.</span> <span class='ocrx_word' id='word_1_901' title='bbox 907 5647 973 5701; x_wconf 80' lang='grc' dir='ltr'>τὰ</span> <span class='ocrx_word' id='word_1_902' title='bbox 1002 5649 1030 5701; x_wconf 79' lang='grc' dir='ltr'>ὁ</span> <span class='ocrx_word' id='word_1_903' title='bbox 1060 5669 1220 5701; x_wconf 65' lang='grc' dir='ltr'>,ματα</span> <span class='ocrx_word' id='word_1_904' title='bbox 1249 5669 1346 5701; x_wconf 87' lang='grc' dir='ltr'>του</span> <span class='ocrx_word' id='word_1_905' title='bbox 1378 5651 1643 5701; x_wconf 67' lang='grc' dir='ltr'>στόματός</span> <span class='ocrx_word' id='word_1_906' title='bbox 1680 5667 1807 5701; x_wconf 73' lang='lat' dir='ltr'>imo-</span> 
     </span>
    </p>
   </div>
   <div class='ocr_carea' id='block_1_112' title="bbox 386 5647 1808 5726">
    <p class='ocr_par' dir='ltr' id='par_1_112' title="bbox 386 5647 1808 5726">
     <span class='ocr_line' id='line_1_113' title="bbox 386 5647 1808 5726; baseline 0.003 -22"><span class='ocrx_word' id='word_1_907' title='bbox 386 5647 691 5726; x_wconf 30' lang='grc' dir='ltr'>μορ-ΕΦέὶ</span> <span class='ocrx_word' id='word_1_908' title='bbox 723 5665 880 5726; x_wconf 71' lang='lat' dir='ltr'>vero,</span> <span class='ocrx_word' id='word_1_909' title='bbox 907 5647 973 5726; x_wconf 80' lang='grc' dir='ltr'>τὰ</span> <span class='ocrx_word' id='word_1_910' title='bbox 1002 5647 1085 5726; x_wconf 51' lang='lat' dir='ltr'>pf</span> <span class='ocrx_word' id='word_1_911' title='bbox 1079 5669 1220 5726; x_wconf 80' lang='grc' dir='ltr'>ματα</span> <span class='ocrx_word' id='word_1_912' title='bbox 1249 5654 1346 5726; x_wconf 63' lang='lat'>106</span> <span class='ocrx_word' id='word_1_913' title='bbox 1378 5651 1643 5724; x_wconf 87' lang='grc' dir='ltr'>στόματός</span> <span class='ocrx_word' id='word_1_914' title='bbox 1670 5647 1808 5726; x_wconf 76' lang='grc' dir='ltr'>μου.</span> 
     </span>
    </p>
   </div>
   <div class='ocr_carea' id='block_1_113' title="bbox 447 5721 1347 5794">
    <p class='ocr_par' dir='ltr' id='par_1_113' title="bbox 447 5721 1347 5794">
     <span class='ocr_line' id='line_1_114' title="bbox 447 5721 1347 5794; baseline 0.003 -18"><span class='ocrx_word' id='word_1_915' title='bbox 447 5721 559 5794; x_wconf 83' lang='grc'>(86)</span> <span class='ocrx_word' id='word_1_916' title='bbox 590 5723 698 5780; x_wconf 79' lang='grc' dir='ltr'>Πᾶς</span> <span class='ocrx_word' id='word_1_917' title='bbox 725 5721 890 5779; x_wconf 85' lang='lat' dir='ltr'>deest</span> <span class='ocrx_word' id='word_1_918' title='bbox 918 5722 978 5778; x_wconf 92' lang='lat' dir='ltr'>in</span> <span class='ocrx_word' id='word_1_919' title='bbox 1002 5721 1347 5780; x_wconf 70' lang='lat' dir='ltr'>&#39;Basilieusi.</span> 
     </span>
    </p>
   </div>
   <div class='ocr_carea' id='block_1_114' title="bbox 2208 5577 3323 5653">
    <p class='ocr_par' dir='ltr' id='par_1_114' title="bbox 2208 5577 3323 5653">
     <span class='ocr_line' id='line_1_115' title="bbox 2208 5577 3323 5653; baseline -0.003 -16"><span class='ocrx_word' id='word_1_920' title='bbox 2208 5585 2319 5653; x_wconf 88' lang='grc'>(87)</span> <span class='ocrx_word' id='word_1_921' title='bbox 2347 5580 2726 5653; x_wconf 83' lang='lat' dir='ltr'>Anglicanus,</span> <span class='ocrx_word' id='word_1_922' title='bbox 2749 5581 2968 5653; x_wconf 83' lang='grc' dir='ltr'>θνητοῖς</span> <span class='ocrx_word' id='word_1_923' title='bbox 2989 5577 3323 5653; x_wconf 71' lang='grc' dir='ltr'>ἀνθρώποις.</span> 
     </span>
    </p>
   </div>
   <div class='ocr_carea' id='block_1_115' title="bbox 2205 5585 3782 5726">
    <p class='ocr_par' dir='ltr' id='par_1_115' title="bbox 2205 5585 3782 5726">
     <span class='ocr_line' id='line_1_116' title="bbox 2208 5585 3323 5653; baseline -0.003 -16"><span class='ocrx_word' id='word_1_924' title='bbox 2208 5585 2296 5649; x_wconf 89' lang='grc'>(87</span> <span class='ocrx_word' id='word_1_925' title='bbox 2347 5585 2726 5653; x_wconf 83' lang='lat' dir='ltr'>Anglicanus,</span> <span class='ocrx_word' id='word_1_926' title='bbox 2749 5585 2968 5648; x_wconf 84' lang='grc' dir='ltr'>θνητοῖς</span> <span class='ocrx_word' id='word_1_927' title='bbox 2990 5585 3323 5649; x_wconf 84' lang='grc' dir='ltr'>ἀνθρώποις.</span> 
     </span>
     <span class='ocr_line' id='line_1_117' title="bbox 2205 5585 3782 5726; baseline -0.004 -17"><span class='ocrx_word' id='word_1_928' title='bbox 2205 5585 2319 5726; x_wconf 49' lang='lat' dir='ltr'>(ssi</span> <span class='ocrx_word' id='word_1_929' title='bbox 2347 5655 2439 5710; x_wconf 86' lang='lat' dir='ltr'>Sic</span> <span class='ocrx_word' id='word_1_930' title='bbox 2485 5652 2844 5710; x_wconf 88' lang='lat' dir='ltr'>Basiliensis.</span> <span class='ocrx_word' id='word_1_931' title='bbox 2895 5651 3049 5708; x_wconf 90' lang='lat' dir='ltr'>Editi</span> <span class='ocrx_word' id='word_1_932' title='bbox 3080 5667 3234 5721; x_wconf 90' lang='lat' dir='ltr'>vero,</span> <span class='ocrx_word' id='word_1_933' title='bbox 3284 5654 3364 5722; x_wconf 80' lang='grc' dir='ltr'>τῷ</span> <span class='ocrx_word' id='word_1_934' title='bbox 3395 5645 3549 5722; x_wconf 83' lang='grc' dir='ltr'>ἀνδρὶ</span> <span class='ocrx_word' id='word_1_935' title='bbox 3593 5647 3782 5716; x_wconf 82' lang='grc' dir='ltr'>αὐτῆς.</span> 
     </span>
    </p>
   </div>
   <div class='ocr_carea' id='block_1_116' title="bbox 4209 1563 4225 2746">
    <p class='ocr_par' dir='ltr' id='par_1_116' title="bbox 4215 1563 4217 2746">
     <span class='ocr_line' id='line_1_118' title="bbox 4215 1563 4217 1628; baseline 0 -12"><span class='ocrx_word' id='word_1_936' title='bbox 4215 1563 4217 1628; x_wconf 64' lang='lat' dir='ltr'>i</span> 
     </span>
     <span class='ocr_line' id='line_1_119' title="bbox 4215 2373 4217 2440; baseline 0 0"><span class='ocrx_word' id='word_1_937' title='bbox 4215 2373 4217 2440; x_wconf 63' lang='grc'>1</span> 
     </span>
     <span class='ocr_line' id='line_1_120' title="bbox 4215 2617 4217 2668; baseline 0 0"><span class='ocrx_word' id='word_1_938' title='bbox 4215 2617 4217 2668; x_wconf 66' lang='grc' dir='ltr'><em>ἐ</em></span> 
     </span>
     <span class='ocr_line' id='line_1_121' title="bbox 4215 2707 4217 2746; baseline 0 0"><span class='ocrx_word' id='word_1_939' title='bbox 4215 2707 4217 2746; x_wconf 62' lang='grc' dir='ltr'>ι</span> 
     </span>
    </p>
   </div>
   <div class='ocr_carea' id='block_1_117' title="bbox 4209 3173 4224 4407">
    <p class='ocr_par' dir='ltr' id='par_1_117' title="bbox 4215 3173 4217 4136">
     <span class='ocr_line' id='line_1_122' title="bbox 4215 3173 4217 3242; baseline 0 0"><span class='ocrx_word' id='word_1_940' title='bbox 4215 3173 4217 3242; x_wconf 61' lang='grc' dir='ltr'>ί</span> 
     </span>
     <span class='ocr_line' id='line_1_123' title="bbox 4215 3245 4217 3316; baseline 0 0"><span class='ocrx_word' id='word_1_941' title='bbox 4215 3245 4217 3316; x_wconf 68' lang='grc'><strong>1</strong></span> 
     </span>
     <span class='ocr_line' id='line_1_124' title="bbox 4215 3327 4217 3368; baseline 0 0"><span class='ocrx_word' id='word_1_942' title='bbox 4215 3327 4217 3368; x_wconf 63' lang='grc' dir='ltr'>ι</span> 
     </span>
     <span class='ocr_line' id='line_1_125' title="bbox 4215 3615 4217 3656; baseline 0 0"><span class='ocrx_word' id='word_1_943' title='bbox 4215 3615 4217 3656; x_wconf 72' lang='grc' dir='ltr'>ι</span> 
     </span>
     <span class='ocr_line' id='line_1_126' title="bbox 4215 3677 4217 3768; baseline 0 0"><span class='ocrx_word' id='word_1_944' title='bbox 4215 3677 4217 3768; x_wconf 63' lang='grc' dir='ltr'>ἔ</span> 
     </span>
     <span class='ocr_line' id='line_1_127' title="bbox 4215 3793 4217 3828; baseline 0 0"><span class='ocrx_word' id='word_1_945' title='bbox 4215 3793 4217 3828; x_wconf 92' lang='grc' dir='ltr'><strong>Ι</strong></span> 
     </span>
     <span class='ocr_line' id='line_1_128' title="bbox 4215 3861 4217 3896; baseline 0 0"><span class='ocrx_word' id='word_1_946' title='bbox 4215 3861 4217 3896; x_wconf 75' lang='grc'><strong>1</strong></span> 
     </span>
     <span class='ocr_line' id='line_1_129' title="bbox 4215 3919 4217 3950; baseline 0 0"><span class='ocrx_word' id='word_1_947' title='bbox 4215 3919 4217 3950; x_wconf 80' lang='grc'><strong>1</strong></span> 
     </span>
     <span class='ocr_line' id='line_1_130' title="bbox 4215 3979 4217 4008; baseline 0 0"><span class='ocrx_word' id='word_1_948' title='bbox 4215 3979 4217 4008; x_wconf 85' lang='grc' dir='ltr'><strong>Ι</strong></span> 
     </span>
     <span class='ocr_line' id='line_1_131' title="bbox 4215 4029 4217 4070; baseline 0 0"><span class='ocrx_word' id='word_1_949' title='bbox 4215 4029 4217 4070; x_wconf 63' lang='grc' dir='ltr'>ι</span> 
     </span>
     <span class='ocr_line' id='line_1_132' title="bbox 4215 4093 4217 4136; baseline 0 0"><span class='ocrx_word' id='word_1_950' title='bbox 4215 4093 4217 4136; x_wconf 63' lang='grc' dir='ltr'>ι</span> 
     </span>
    </p>
   </div>
   <div class='ocr_carea' id='block_1_118' title="bbox 4113 4403 4222 5972">
    <p class='ocr_par' dir='ltr' id='par_1_118' title="bbox 4137 4905 4188 5500">
     <span class='ocr_line' id='line_1_133' title="bbox 4137 4905 4188 4936; baseline 0 -14"><span class='ocrx_word' id='word_1_951' title='bbox 4137 4933 4140 4936; x_wconf 47' lang='grc' dir='ltr'><strong>Ι</strong></span> <span class='ocrx_word' id='word_1_952' title='bbox 4161 4905 4188 4922; x_wconf 65' lang='grc' dir='ltr'>δι-</span> 
     </span>
     <span class='ocr_line' id='line_1_134' title="bbox 4159 5215 4184 5248; baseline 0 0"><span class='ocrx_word' id='word_1_953' title='bbox 4159 5215 4184 5248; x_wconf 64' lang='grc'>1.</span> 
     </span>
     <span class='ocr_line' id='line_1_135' title="bbox 4157 5285 4174 5302; baseline 0 0"><span class='ocrx_word' id='word_1_954' title='bbox 4157 5285 4174 5302; x_wconf 64' lang='grc' dir='ltr'><strong>ι</strong></span> 
     </span>
     <span class='ocr_line' id='line_1_136' title="bbox 4151 5489 4174 5500; baseline 0 0"><span class='ocrx_word' id='word_1_955' title='bbox 4151 5489 4174 5500; x_wconf 60' lang='lat'>&#39;-</span> 
     </span>
    </p>

    <p class='ocr_par' dir='ltr' id='par_1_119' title="bbox 4119 5531 4174 5672">
     <span class='ocr_line' id='line_1_137' title="bbox 4125 5531 4130 5540; baseline 0 0"><span class='ocrx_word' id='word_1_956' title='bbox 4125 5531 4130 5540; x_wconf 98' lang='lat'>.</span> 
     </span>
     <span class='ocr_line' id='line_1_138' title="bbox 4119 5565 4174 5606; baseline 0 0"><span class='ocrx_word' id='word_1_957' title='bbox 4119 5587 4138 5598; x_wconf 67' lang='grc' dir='ltr'><strong><em>η</em></strong></span> <span class='ocrx_word' id='word_1_958' title='bbox 4167 5565 4174 5606; x_wconf 76' lang='lat'>1</span> 
     </span>
     <span class='ocr_line' id='line_1_139' title="bbox 4147 5641 4174 5672; baseline 0 -20"><span class='ocrx_word' id='word_1_959' title='bbox 4147 5641 4174 5672; x_wconf 54' lang='grc' dir='ltr'>’ἢ</span> 
     </span>
    </p>
   </div>
  </div>
