4372 6214
608 392 728 454 255
1782 388 1847 447 S.
1894 385 2416 449 ATHANASIUS.
2448 420 2526 432 —
2554 388 2817 451 DUBIA.
3893 389 4035 452 256

607 524 1043 598 conglutinatus
1076 527 1181 590 est,
1212 521 1357 577 nihil
1412 538 1606 579 secum
1661 521 1897 578 omnino
1930 520 2108 591 hujus
2145 536 2228 574 eis

2360 516 2607 591 λώμενον
2640 519 2786 591 αὐτῷ
2819 518 2987 591 μηδὲν
3036 520 3182 583 ὅλως
3226 518 3565 599 ἐπιφέρεσθαι
3738 527 3834 577 τοῦ
3868 523 4027 577 αἶῶ-

609 613 724 669 culi
756 615 922 681 ferat,
951 614 1097 671 nihil
1117 612 1624 673 terrestriacuret;
1650 613 1749 667 sed
1780 610 1972 667 solum
2005 617 2069 665 ut
2115 626 2214 663 cru

2358 626 2449 667 νος
2477 606 2694 677 τούτου,
2730 606 2869 681 μηδὲ
2896 613 3002 664 τῶν
3034 608 3237 685 γηίνων
3281 611 3604 687 φροντίζειν·
3639 610 3785 667 ἀλλᾶ
3837 613 4018 684 μὸνον

615 720 739 759 cem
765 706 910 775 ejus,
944 704 1043 777 qui
1078 720 1177 775 pro
1200 721 1261 759 se
1294 704 1602 758 crucifixus
1633 707 1741 767 est,
1774 701 2033 772 bajulare
2060 700 2197 754 velit

2353 696 2443 749 τὸν
2495 697 2722 770 σταυρὸν
2772 702 2866 751 τοῦ
2911 700 3304 774 παυρωθὲντος
3336 700 3466 774 ὑπὲρ
3512 700 3677 754 αὐτοῦ
3719 700 4019 774 βαστάζειν

614 809 929 865 curamque
958 810 1023 849 ac
1048 792 1501 849 sollicitudinem
1534 795 1718 863 gerat,
1752 790 1841 844 die
1874 806 1940 845 ac
1964 793 2149 855 nocte,
2182 804 2228 842 u‘

2356 782 2537 851 αύτὸΛ,
2570 787 2660 838 καὶ
2718 782 2863 860 ἔχειν
2915 785 3170 863 φροντίδα
3226 789 3315 842 καὶ
3376 789 3639 862 μὲριμναν
3689 790 3885 850 νυκτὸς
3917 792 4015 843 καὶ

614 881 907 953 perpetuis
932 881 1187 954 hymnis,
1240 884 1297 936 et
1352 878 1869 952 glorificationibus
1925 893 2055 933 eum
2106 876 2228 932 celei

2357 871 2586 946 ἡμέρας,
2645 872 3072 936 ἀκατοπαύστοις
3293 876 3484 948 ὕμνοις
3531 876 3620 931 καὶ
3653 874 4016 951 δοξολογίαις

615 970 759 1035 bret,
793 970 1188 1025 illuminatum
1236 969 1447 1024 habeat
1473 969 1685 1023 mentis
1730 966 1983 1031 oculum,
2011 966 2157 1022 sciat
2178 965 2243 1019 i1-

609 1056 723 1113 lius
753 1059 1110 1114 voluntatem
1135 1064 1191 1113 et
1221 1057 1271 1112 ei
1303 1058 1675 1127 obsequatur,
1700 1070 1795 1110 cor
1833 1054 2080 1126 simplex
2110 1071 2242 1125 pos-

607 1147 877 1215 sideat,et
906 1152 1161 1203 mentem
1193 1162 1416 1217 puram.
1450 1145 1785 1200 Misericors
1814 1144 1912 1213 sit,
1945 1149 2008 1198 ut
2036 1159 2241 1215 quem-

606 1233 924 1289 admodum
967 1234 1089 1306 ipse
1139 1232 1444 1289 miserator
1473 1237 1529 1287 et
1569 1231 1896 1287 misericors
1943 1235 2049 1299 est,
2082 1231 2163 1286 ita
2190 1234 2247 1286 et

2356 959 2538 1031 ὑμνεῖν
2566 962 2747 1033 αύτὸν,
2797 964 3204 1041 πεφωτισμενον
3253 962 3398 1039 ἔχειν
3443 965 3506 1019 τὸ
3544 962 3700 1037 ὄμμα
3748 973 3853 1035 τῆς
3890 964 4015 1020 δια-

2354 1049 2523 1116 νοίας,
2578 1048 2770 1105 είδέναι
2824 1053 2885 1106 τὸ
2932 1052 3149 1125 θέλημα
3204 1054 3407 1123 αὑτοῦ,
3464 1056 3552 1110 καὶ
3607 1061 3783 1110 ποιεῖν
3846 1057 4012 1121 αὐτὸ,

2357 1137 2535 1205 άπλὴν
2585 1138 2728 1215 ἔχειν
2776 1142 2876 1210 τὴν
2920 1140 3167 1217 καρδίαν,
3209 1146 3439 1217 καθαρὸν
3488 1145 3580 1199 τὸν
3612 1149 3761 1200 νοῦν.
3798 1144 4013 1214 Ἐλεή-

2360 1247 2497 1299 μονα
2522 1228 2675 1299 εἶναι,
2703 1227 2813 1301 ἵνα,
2859 1232 3035 1293 καθὼς
3088 1232 3246 1294 αὐτὸς
3279 1232 3573 1308 οἰκτίρμων
3611 1234 3701 1287 καὶ
3734 1233 4010 1305 ἐλεήμων

605 1338 712 1377 nos
735 1338 967 1395 quoque
999 1338 1130 1377 eum
1165 1338 1501 1393 sequamur.
1532 1320 1873 1376 Mansuetus
1915 1326 1971 1375 et
2014 1320 2228 1391 quietus

2356 1315 2488 1385 ἐστὶ,
2538 1317 2710 1380 οὕτως
2764 1319 2851 1373 καί
2898 1322 3061 1393 ἡμεῖς
3115 1320 3555 1395 ἰξακολὸυθῶμεν
3599 1322 3765 1393 αὐτῷ.
3820 1329 4013 1395 Πρᾰον

600 1415 773 1482 atque
815 1412 1043 1483 patiens
1099 1412 1194 1474 sit,
1242 1411 1384 1465 nulli
1413 1409 1629 1465 malum
1654 1427 1754 1481 pro
1787 1409 1937 1463 malo
1972 1410 2228 1465 reddens

2354 1405 2443 1459 καὶ
2501 1406 2735 1482 ἡσύχιον
2795 1408 2951 1475 εἶναι,
3014 1410 3356 1483 ἀνεξίκακον,
3414 1409 3601 1483 μηδενὶ
3661 1412 3827 1465 κακὸν
3888 1411 4017 1465 ἀντὶ

602 1498 819 1555 multas
852 1499 1233 1555 contumelias
1262 1498 2089 1570 sustinens,quemadmodum
2120 1499 2228 1569 ipse

2350 1500 2517 1548 κακοῦ
2576 1492 2915 1563 ἀποδιδόντα,
2950 1493 3155 1573 ὕϐρεων
3200 1497 3425 1554 πολλῶν
3475 1498 3827 1573 ἀνεχόμενον,
3881 1512 4021 1563 καθ-

598 1603 632 1642 a
658 1588 873 1644 Judzeis
905 1588 1279 1644 contumeliis
1333 1587 1595 1657 affectus,
1628 1603 1726 1643 eas
1774 1586 2074 1642 sustinuit.
2106 1586 2228 1646 Ver.

2352 1583 2426 1644 ὡς
2471 1583 2559 1638 καὶ
2608 1584 2765 1647 αὐτὸς
2812 1585 2918 1641 ὐπὸ
2959 1592 3065 1642 τῶν
3110 1586 3380 1645 Ἰουδαίων
3434 1584 3685 1663 ὑϐρίσθη,
3731 1588 3826 1642 καὶ
3875 1589 4016 1643 ὑπέ-

601 1675 739 1732 bera
785 1682 843 1733 et
891 1678 1181 1733 cruciatus
1214 1678 1360 1733 ferat
1392 1695 1406 1736 :
1440 1694 1575 1733 nam
1605 1680 1661 1732 et
1700 1676 1823 1748 ipse
1853 1691 2084 1748 quoque
2122 1676 2228 1731 haec

2356 1692 2518 1744 μεινε.
2562 1672 2788 1748 Πληγεὶς
2831 1675 2918 1729 καὶ
2964 1675 3226 1751 βασάνους
3277 1676 3579 1755 ὑποφέρειν
3621 1677 3709 1731 καὶ
3753 1678 3859 1753 γὰρ
3916 1679 4015 1732 αὖ-

596 1780 806 1836 passus
834 1770 924 1821 est
958 1783 969 1820 :
996 1766 1163 1838 alapa
1191 1766 1344 1822 enim
1368 1784 1401 1821 a
1424 1766 1691 1821 ministro
1725 1765 2015 1837 pontificis
2036 1781 2218 1820 cassus

2349 1761 2439 1822 τὸς
2480 1766 2646 1817 ταῦτα
2690 1762 2868 1817 ἔπαθε·
2917 1764 3192 1839 ῥαπισθεὶς
3238 1766 3339 1842 γὰρ
3390 1766 3493 1821 ὑπὸ
3535 1772 3633 1820 τοῦ
3664 1764 3871 1821 δούλου
3904 1772 4013 1821 τοῦ

598 1852 744 1906 nihil
774 1858 976 1909 contra
1006 1854 1157 1921 fecit,
1191 1856 1289 1910 sed
1344 1858 1576 1909 tantum
1608 1854 1787 1909 dixit:
1828 1874 1855 1903 «
1884 1853 1942 1909 Si
1977 1853 2127 1909 male
2158 1854 2228 1909 lo-

2348 1849 2668 1954 ἆρχιερέως,
2729 1850 2882 1907 οὐδὲν
2935 1852 3217 1923 ἐποίησεν,
3267 1852 3413 1911 ἀλλὰ
3457 1854 3620 1928 μόνον
3672 1855 3838 1910 εἶπεν*
3877 1880 3908 1910 ι
3944 1857 4012 1911 Εἰ

596 1944 766 1995 cutus
795 1943 1357 2009 sum,testimonium
1380 1942 1619 2015 perhibe
1648 1942 1719 1997 de
1744 1940 1930 1997 malo:
1962 1941 2010 1997 si
2043 1947 2228 1998 autem

2346 1943 2523 2002 κακῶς
2578 1938 2842 2013 ἐλάλησα,
2899 1942 3241 2017 μαρτύρησον
3285 1944 3410 2019 περὶ
3459 1948 3556 1998 τοῦ
3600 1944 3789 1998 κακοῦ·
3844 1944 3890 1999 εἰ
3949 1942 4009 2000 δὲ

304 5710 311 5731 ι
350 5686 429 5733 9“"

220 5722 355 5835 ,ἐς

591 2028 758 2100 bene,
791 2030 933 2101 quid
976 2046 1069 2087 me
1100 2030 1269 2087 caadis
1299 2030 1326 2085 ?
1350 2032 1395 2066 “
1425 2053 1453 2081 »
1476 2032 1677 2087 Nonne
1707 2032 1917 2103 potuit,
1942 2030 2042 2103 qui
2072 2036 2237 2087 terres

592 2114 921 2189 imperavit,
983 2124 1047 2174 ut
1078 2119 1301 2175 Dathan
1362 2126 1419 2175 et
1466 2120 1681 2175 Abiron
1714 2120 1871 2175 vivos
1902 2119 2235 2191 deglutiret,

594 2220 831 2261 rursum
864 2209 1241 2280 imperare,ut
1270 2225 1427 2272 eum,
1456 2209 1556 2280 qui
1590 2225 1831 2263 manum
1862 2209 2139 2273 extendit,
2174 2214 2237 2265 ut

595 2295 837 2351 caderet
866 2313 1038 2353 suum
1078 2297 1458 2365 conditorem,
1513 2297 1706 2352 vivum
1744 2297 2099 2369 deglutiret‘?
2128 2298 2230 2353 Sed

595 2385 896 2457 sustinuit,
928 2386 1096 2443 nobis
1127 2386 1462 2459 relinquens
1492 2385 1844 2458 exemplum,
1905 2391 1967 2441 ut
1998 2403 2103 2443 nos
2135 2404 2236 2459 per

595 2473 725 2543 ejus
756 2476 996 2547 vestigia
1056 2477 1398 2533 incedamus
1428 2478 1491 2531 ‘5.
1523 2477 1608 2531 Tu
1668 2480 1861 2531 autem
1894 2476 2066 2530 homo
2117 2493 2231 2531 non

592 2561 847 2618 sustines
905 2565 977 2619 ab
1038 2566 1297 2635 ejusdem
1332 2571 1552 2620 natura
1600 2564 1834 2619 homine
1863 2564 2232 2620 contumeliis

588 2651 762 2706 affici.
796 2652 1028 2709 Imitare
1059 2654 1368 2709 Dominum
1404 2660 1593 2708 tuum.
1651 2653 1709 2708 Si
1758 2652 1914 2707 enim
1946 2651 2064 2722 ille,
2096 2668 2227 2708 cum

584 2738 741 2796 Deus
799 2746 972 2811 esset,
1007 2742 1275 2800 toleravit
1306 2747 1543 2815 propter
1570 2746 1627 2799 te
1658 2742 1731 2798 ab
1763 2741 1999 2797 homine
2028 2758 2225 2815 pecca-

2345 2026 2552 2096 καλῶς,
2601 2028 2654 2083 τί
2707 2050 2773 2103 με
2820 2028 3029 2106 δέρεις;
3066 2056 3093 2083 ››
3126 2032 3225 2087 οὐκ
3268 2031 3504 2102 ἡδυνάτο
3554 2034 3582 2088 ὁ
3630 2030 3895 2096 κελεύσας
3930 2038 4007 2107 τῇ

2344 2120 2439 2190 γῇ,
2466 2114 2557 2171 ῖνα
2583 2116 2709 2179 τοὺς
2744 2119 2866 2189 περὶ
2916 2120 3085 2184 Δαθᾶιν
3129 2122 3219 2175 καὶ
3268 2116 3529 2195 ’Δϐειρὼν
3574 2125 3775 2190 ζῶντας
3827 2143 4006 2177 κατα-

2343 2205 2458 2278 πίῃ,
2488 2206 2577 2259 καὶ
2607 2212 2797 2261 τοῦτον
2825 2209 2915 2263 τὸν
2951 2209 3249 2265 ἐκτείναντα
3276 2212 3375 2279 τήν
3417 2216 3579 2287 χεῖρα
3619 2211 3708 2263 καὶ
3751 2211 4009 2283 τύψαντα

2341 2293 2429 2347 τὸν
2464 2294 2652 2348 ἑαυτοῦ
2684 2292 3018 2372 δημιουργὸν
3074 2302 3241 2367 ζῶντα
3286 2304 3566 2354 καταπιεῖν
3602 2317 3615 2368 ;
3651 2296 3810 2353 Ἀλλ’
3865 2300 4007 2355 ὑπὲ-

2346 2402 2544 2453 μεινεν,
2577 2384 2711 2457 ἡμῖν
2745 2384 3140 2459 ὑπολιμπάνων
3176 2385 3648 2463 ὑπογραμμὸν,⁰ίν’
3676 2390 3849 2460 ἡμεῖς
3879 2396 4004 2451 τοῖς

2341 2469 2545 2526 ἐκείνου
2595 2470 2797 2549 ἴχνεσιν
2842 2473 3407 2549 ἐπακολουθήσωμεν.
3457 2477 3532 2531 Σὺ
3591 2475 3667 2546 δὶ,
3713 2474 4003 2551 ἄνθρωπε,

2339 2560 2402 2614 ού
2489 2562 2767 2636 βαστάζεις
2836 2564 2939 2618 ὑπὸ
3003 2570 3101 2619 τοῦ
3173 2566 3471 2640 ὁμογενοῦς
3549 2588 3643 2620 σου
3699 2566 4002 2643 ἀνθρώπου

2339 2642 2678 2723 ὑϐρισθῆναι.
2713 2651 2959 2723 Μίμησαι
3007 2653 3098 2707 τὸν
3151 2654 3423 2724 Δεσπότην
3454 2675 3574 2711 σου.
3606 2655 3670 2710 Εἰ
3709 2656 3814 2730 γὰρ
3851 2654 3996 2710 ἐκεῖ·

2335 2758 2424 2799 νος
2459 2740 2585 2801 Θεὸς
2620 2736 2693 2794 ὢν
2729 2736 2983 2812 ἑϐάσταζε
3016 2740 3103 2796 διὰ
3146 2743 3205 2797 σὶ
3256 2743 3357 2798 ὑπὸ
3407 2744 3693 2818 ἀνθρώπου
3734 2746 3999 2816 ἁμαρτωο

582 2832 704 2885 tore
748 2830 1009 2904 colaphis
1039 2833 1180 2887 caedi
1216 2850 1229 2899 ;
1262 2837 1325 2887 tu
1385 2832 1605 2887 scilicet
1664 2832 2011 2905 indignaris,
2069 2832 2224 2902 quod

2338 2823 2437 2880 λοῦ
2486 2827 2830 2903 ῥαπισθῆναι⁹
2873 2831 2935 2885 σὺ
2986 2832 3328 2907 ἀγανακτεῖς,
3368 2832 3452 2887 δτι
3499 2832 3692 2905 ὅμοιός
3741 2854 3840 2887 σου
3893 2834 3994 2888 ἄν-

580 2917 755 2975 homo
785 2920 999 2977 similis
1055 2922 1157 2977 tibi
1193 2922 1514 2977 convicium
1544 2921 1704 2988 dicit,
1738 2926 1794 2976 et
1850 2937 2020 2992 paras
2050 2920 2224 2976 ultio-

2338 2916 2553 2991 θρωπος
2624 2917 2943 2995 ἐλοιδόρησὲ
3017 2942 3121 2991 σε,
3182 2922 3271 2977 καὶ
3331 2928 3509 2992 ζητεῖς
3586 2920 3994 2979 ἀνταποδοῦναι

582 3022 715 3062 nem
735 3008 763 3063 ?
792 3009 941 3064 Proh
970 3009 1320 3066 immensam
1336 3011 1515 3066 animi
1544 3010 2009 3076 stoliditatem,et
2028 3009 2223 3065 stulti-

2338 3004 2476 3077 αὐτῷ
2508 3025 2522 3076 ;
2549 3009 2613 3061 Ὠ
2642 3007 2863 3079 πολλῆς
2896 3009 3078 3073 ἀνοίας
3106 3010 3195 3065 καὶ
3224 3011 3529 3089 ἀφροσύνης
3564 3010 3812 3087 μεγάλης
3841 3014 3853 3068 ί
3883 3014 3985 3067 Διά

585 3094 727 3150 tiam
757 3102 1069 3169 magnam!
1107 3100 1240 3155 Ideo
1298 3100 1464 3155 nobis
1496 3116 1663 3170 pmna
1690 3099 1981 3155 destinata
2025 3102 2133 3167 est,
2167 3101 2223 3153 et

2338 3100 2487 3150 τοῦτο
2545 3097 2632 3151 καὶ
2679 3096 2903 3161 κόλασις
2951 3102 3087 3172 ἡμῖν
3137 3100 3487 3173 ἡτοίμασται,
3528 3100 3616 3155 καὶ
3671 3102 3888 3164 ἑαυτοῖς
3918 3104 3981 3157 τὸ

582 3183 777 3254 ignem
808 3186 919 3258 ipsi
949 3187 1115 3244 nobis
1145 3189 1539 3255 accendimus,
1565 3189 1719 3259 quod
1748 3204 1883 3243 cum
1908 3186 2218 3243 rationales

2338 3188 2434 3258 πῦρ
2466 3184 2782 3259 ἐξάπτομεν·
2826 3186 2908 3242 ὅτι
2958 3188 3046 3243 καὶ
3096 3188 3312 3263 λογικοὶ
3362 3185 3534 3261 ὄντες,
3583 3195 3699 3252 τοῖς
3751 3190 3985 3267 ἀλόγοις

579 3272 790 3342 simus,
849 3275 1287 3333 irrationalibus
1317 3278 1519 3333 bestiis
1562 3294 1669 3334 nos
1708 3277 1809 3332 86
1839 3275 2064 3331 similes
2093 3277 2223 3331 red-

2338 3255 2499 3341 ζῶοις
2549 3255 2771 3338 ἑαυτοὺς
2816 3276 3130 3349 εἰκάζομεν
3180 3255 3659 3356 ίΓαπεινοφρονσύνῃ
3688 3255 3886 3353 πολλῇ.
3912 3280 3986 3340 εἷς

585 3361 816 3417 damus.
854 3363 914 3418 In
946 3364 1133 3421 multa
1164 3365 1488 3422 humilitate
1518 3367 1576 3421 in
1635 3366 1792 3421 hunc
1823 3364 2104 3421 mundum
2133 3381 2227 3421 ve-

582 3448 643 3505 ni
684 3465 697 3505 :
727 3460 780 3507 et
807 3452 1121 3524 opulentus
1151 3471 1283 3510 cum
1317 3459 1491 3526 esset,
1507 3470 1727 3525 egenus
1769 3455 1958 3510 factus
1988 3457 2077 3510 est
2096 3470 2226 3526 pro-

579 3542 709 3611 pter
736 3557 863 3607 nos,
918 3547 981 3597 ut
1012 3561 1117 3599 nos
1161 3542 1323 3599 illius
1378 3549 1635 3615 egestate
1691 3544 2129 3599 ditesceremus.
2162 3544 2231 3599 Et

580 3628 736 3685 Deus
764 3647 897 3686 cum
928 3634 1283 3703 esset,homo
1332 3634 1521 3688 factus
1578 3638 1668 3688 est
1723 3637 1961 3704 propter
2016 3649 2143 3701 nos,
2175 3637 2231 3688 et

579 3724 757 3776 natus
785 3726 872 3776 est
901 3738 969 3778 ex
999 3723 1245 3795 Deipara
1279 3722 1481 3793 Maria,
1517 3726 1580 3779 ut
1613 3738 1715 3777 nos
1764 3721 2037 3777 liberaret
2062 3738 2095 3776 a
2127 3738 2230 3793 po-

576 3809 762 3865 tentia
792 3810 1030 3868 diaboli.

652 3922 706 3976 4.
740 3918 1107 3994 Quapropter
1136 3920 1233 3992 qui
1293 3918 1489 3975 salvus
1545 3935 1673 3975 esse
1732 3918 1915 3990 cupit,
1961 3917 2137 3974 faciat
2168 3935 2230 3973 se

573 4011 825 4067 stultum
855 4011 915 4065 in
944 4010 1052 4065 hoc
1084 4010 1445 4077 mundo,uta
1474 4008 1720 4064 Domino
1753 4007 1953 4062 audiat
1970 4006 2226 4079 sapiens.

575 4101 661 4156 Ab
692 4098 1034 4155 hominibus
1065 4102 1285 4165 contra,
1316 4098 1379 4165 ii,
1411 4098 1508 4169 qui
1541 4097 1600 4153 in
1631 4097 1824 4153 dando
1854 4100 1911 4153 et
1940 4096 2227 4168 accipien-

576 4190 672 4260 do,
705 4188 764 4242 in
796 4188 1062 4252 emendo,
1096 4187 1417 4254 vendendo,
1451 4186 1819 4259 negotiisque
1850 4186 2142 4258 gerendis,
2168 4187 2227 4240 in

576 4278 931 4343 fraudando,
958 4276 1271 4331 fenerando
1300 4276 1517 4329 versuti
1550 4280 1710 4341 sunt,
1734 4281 1793 4330 et
1822 4292 1888 4331 ex
1913 4292 2029 4330 uno
2061 4274 2229 4329 obolo

576 4367 728 4421 duos
753 4366 938 4421 facere
965 4364 1526 4435 norunt,prudentes
1562 4364 1841 4436 appellari
1874 4363 2083 4419 solent.
2117 4364 2227 4419 Sed

580 4460 731 4511 Deus
761 4454 867 4510 hos
897 4454 1081 4526 ipsos,
1104 4452 1336 4521 stultos,
1361 4452 1780 4523 imprudentes,
1814 4456 1870 4508 et
1899 4456 2229 4524 peccatores

574 4549 760 4601 vocat.
782 4544 932 4598 Audi
962 4541 1369 4614 enim,inquit,
1403 4542 1541 4613 quid
1576 4541 1729 4597 Deus
1756 4558 1856 4613 per
1884 4541 2227 4613 prOphetam

2334 3360 2427 3416 τὸν
2458 3363 2661 3436 κόσμον
2704 3370 2893 3420 τοῦτον
2941 3364 3199 3437 ἐλήλυθε,
3223 3367 3313 3422 καὶ
3364 3367 3626 3429 πλούσιος
3674 3367 3772 3425 ὢν.
3806 3369 3985 3424 ἐπτώ-

2335 3471 2498 3527 χευσε
2529 3451 2598 3507 δι’
2629 3456 2801 3527 ἡμᾶς,
2828 3454 2897 3509 ἵν’
2941 3458 3106 3529 ἡμεῖς
3154 3461 3221 3531 τῇ
3271 3455 3474 3512 ἐκείνου
3515 3456 3764 3533 πτωχείᾳ
3811 3457 3990 3514 πλου-

2334 3543 2611 3615 τήσωμεν.
2645 3542 2744 3598 Καὶ
2776 3546 2903 3606 Θεὸς
2936 3542 3008 3598 ὢν
3040 3546 3230 3621 γέγονε
3278 3543 3563 3621 ἄνθρωπος
3597 3543 3667 3601 δι’
3696 3549 3872 3618 ἡμᾶς,
3905 3550 3993 3603 καὶ

2340 3629 2591 3705 ἐγεννήθη
2646 3631 2704 3687 ἐκ
2750 3640 2849 3702 τῆς
2900 3633 3165 3689 Θεοτόκου
3216 3635 3421 3708 Μαρίας
3457 3633 3583 3703 ,ἵνα
3630 3633 3991 3709 ἡλευθερώσῃ

2338 3717 2483 3789 ἡμᾶς
2514 3717 2573 3773 ἐκ
2601 3726 2699 3789 τῆς
2732 3716 3041 3783 δυναστείας
3074 3726 3171 3775 τοῦ
3204 3716 3483 3778 διαϐόλου.

2410 3917 2462 3970 4.
2494 3916 2651 3971 ’Ὀθεν
2700 3915 2728 3969 ὀ
2760 3917 3005 3985 σωθῆναι
3049 3916 3223 3971 θέλων
3275 3922 3423 3971 ποιεῖ
3470 3917 3654 3972 ἑαυτὸν
3714 3919 3904 3993 μωρὸν
3941 3919 3989 3973 ἐν

2336 4007 2414 4075 τῷ
2464 4003 2655 4077 κόσμῳ
2694 4004 2895 4077 τούτῳ,
2943 4002 3036 4059 ’ίνα
3084 4006 3229 4079 παρᾶ
3264 4009 3343 4077 τῷ
3392 4010 3507 4077 Θεῷ
3550 4004 3751 4079 ἀκούσῃ
3799 4008 3991 4083 σοφός.

2339 4093 2401 4146 Οἱ
2431 4092 2529 4169 γὰρ
2564 4091 2842 4169 ἄνθρωποι
2887 4092 3018 4156 τοὺς
3060 4091 3270 4156 εἷ’δότας
3321 4091 3527 4163 δοῦναι,
3556 4095 3645 4149 καὶ
3679 4090 3867 4150 λαϐεῖν
3904 4097 3992 4151 καὶ

2336 4180 2623 4257 ἀγοράζειν
2672 4184 2763 4237 καὶ
2823 4180 3054 4253 πωλεῖν,
3113 4183 3601 4259 πραγματεύεσθαι,
3633 4184 3722 4239 καὶ
3772 4187 3999 4261 ἀφυστε-

2340 4276 2447 4347 ρεῖν
2488 4272 2555 4325 τὰ
2593 4276 2690 4325 τοῦ
2728 4271 2989 4341 πλησίον,
3028 4272 3118 4327 καὶ
3168 4270 3535 4342 πλεονεκτεῖν,
3577 4274 3667 4327 καὶ
3717 4271 3996 4343 δανείζειν,

2336 4360 2425 4415 καὶ
2455 4360 2546 4414 τὸν
2573 4356 2665 4414 ἕνα
2695 4355 2893 4415 ὀϐολὸν
2926 4366 3100 4415 ποιεῖν
3134 4358 3252 4431 δύο,
3282 4360 3507 4423 τούτους
3532 4361 3835 4439 φρονίμους
3866 4363 4000 4419 ἀπο-

2337 4446 2591 4504 καλοῦσιν
2630 4468 2642 4481 ⁸
2704 4450 2732 4503 ὁ
2783 4446 2840 4504 δὲ
2895 4452 3023 4511 Θεὸς
3086 4450 3306 4525 μωροὺς
3362 4450 3453 4505 καὶ
3507 4448 3792 4513 ἀσυνέτους
3830 4496 3844 4523 ,
3904 4454 3996 4507 καὶ

2339 4537 2703 4611 ἁμαρτωλοὺς
2744 4538 2872 4600 τοὺς
2901 4537 3189 4601 τοιούτους
3218 4537 3395 4596 καλεῖ.
3442 4539 3643 4594 Ἀκουε
3672 4539 3800 4615 γὰρ,
3833 4542 3993 4619 φησὶ,

570 4632 885 4688 Jeremiam
909 4632 1102 4686 dicat:
1135 4653 1154 4679 ι
1183 4630 1440 4701 Populus
1462 4630 1573 4685 iste
1603 4630 1707 4683 lilii
1735 4634 1872 4685 sunt
1914 4631 2228 4702 prudentes

2338 4626 2384 4681 τί
2415 4626 2572 4688 αὐτὸς
2601 4627 2628 4680 ὁ
2660 4627 2788 4687 Θεὸς
2841 4623 2931 4681 διὰ
2958 4625 3224 4699 Ἰερεμίου
3272 4632 3369 4681 τοῦ
3421 4629 3707 4704 προφήτου
3739 4624 4005 4701 εἴρηκενν

571 4721 642 4778 ad
679 4719 1189 4787 malefaciendum,
1222 4723 1497 4773 caeterum
1528 4717 1868 4773 benefacere
1895 4733 2009 4771 non
2050 4734 2222 4774 nove-

570 4814 712 4867 runt
738 4811 804 4863 “.
833 4830 861 4859 n
888 4809 1219 4879 Beatusque
1246 4806 1465 4863 Paulus
1489 4806 1603 4862 ait:
1640 4829 1668 4857 «
1699 4806 1997 4877 Sapientia
2022 4806 2223 4861 mundi

568 4898 772 4969 hujus,
796 4897 1045 4954 stultitia
1077 4902 1163 4953 est
1192 4897 1345 4969 apud
1380 4895 1589 4963 Deum,
1622 4900 1678 4951 et
1709 4895 1810 4966 qui
1842 4894 1963 4950 vult
1992 4896 2225 4966 sapiens

570 5003 721 5055 esse,
784 4987 884 5042 ﬁat
944 4985 1181 5052 stultus,
1208 4990 1272 5041 ut
1315 4985 1549 5057 sapiens
1583 4986 1874 5040 efﬁciatur
1902 4984 1969 5038 ‘7.
2003 5005 2031 5033 υ
2068 4985 2225 5041 Idem

571 5091 778 5131 rursus
837 5074 916 5129 ait
957 5093 969 5130 :
1017 5098 1044 5125 «
1082 5075 1329 5140 Fratres,
1365 5092 1435 5130 ne
1483 5074 1647 5147 pueri
1698 5073 1829 5129 sitis
1879 5073 2095 5144 animo,
2122 5074 2224 5130 sed

2334 4741 2362 4769 ‹‹
2388 4718 2443 4768 Ὁ
2475 4713 2605 4777 λαὸς
2638 4716 2795 4777 οὗτος
2843 4715 2953 4770 υἱοὶ
2998 4714 3225 4792 ἄφρονές
3274 4716 3375 4771 είσι
3409 4720 3522 4789 (91)
3550 4720 3649 4770 τοῦ
3690 4728 3996 4789 κακοποιῆ-

2333 4824 2442 4860 σαι*
2483 4805 2545 4859 τὸ
2592 4801 2648 4859 δὲ
2696 4802 2862 4859 καλὸν
2914 4812 3140 4873 ποιῆσαι
3200 4804 3298 4859 οὐκ
3346 4803 3672 4881 ἐπεγνωσαν.
3725 4828 3752 4860 ι
3806 4808 3907 4861 Καὶ
3963 4810 3993 4863 ὁ

2338 4891 2599 4967 μακάριος
2642 4892 2857 4956 Παῦλος
2900 4914 2912 4928 ο
2968 4918 2995 4945 ‹‹
3046 4898 3107 4949 Ἥ
3158 4892 3321 4972 σοφία
3373 4898 3470 4948 τοῦ
3520 4894 3730 4967 κόσμου
3787 4896 3991 4954 τούτου

2337 4982 2518 5059 μωρία
2577 4983 2723 5058 παρᾶ
2758 4987 2837 5055 τῷ
2900 4981 3015 5056 Θεῷ
3065 4983 3200 5056 ἐστι,
3229 4982 3319 5039 καὶ
3369 4983 3398 5038 ὁ
3439 4982 3611 5038 θὲλων
3665 4984 3835 5062 σοφὸς
3892 5008 3992 5061 γε-

2332 5071 2513 5127 νέσθαι
2562 5072 2747 5147 μωρὸς
2784 5071 3039 5148 γενέσθω,
3067 5072 3161 5127 ’ίνα
3205 5073 3426 5148 γένηται
3470 5071 3658 5150 σοφός.
3692 5098 3720 5125 ››
3754 5074 3855 5129 Καὶ
3894 5078 3992 5131 πάρ

642 5228 688 5261 “
736 5228 901 5283 Joan.
958 5243 1116 5293 xvm,
1166 5227 1255 5282 23.
1317 5228 1361 5261 ⁴⁶
1410 5228 1430 5282 Ι
1483 5226 1632 5281 Petr.
1690 5243 1750 5297 ιι,
1781 5228 1869 5282 21.
1922 5226 1965 5261 ⁸⁸
2002 5224 2217 5281 Jerem.

2358 5225 2449 5281 22.
2483 5226 2526 5261 ⁴“¹
2561 5226 2738 5282 ICor.
2780 5241 2864 5295 ιιι,
2889 5227 2975 5294 18,
3008 5227 3091 5281 19.

641 5354 754 5421 (89)
802 5351 953 5426 Felc.
1001 5352 1320 5426 secundus,
1371 5349 1782 5426 περιφέρεσθαι..-
1822 5351 1974 5426 Mox,
2010 5351 2215 5426 Angli:

568 5420 775 5496 carius,
803 5420 939 5496 μηδὶ
968 5420 1030 5476 τὸ
1070 5420 1467 5496 γή“ιξνον.ῐξο,ιιιὸ
1512 5420 1668 5496 post,
1697 5422 1857 5496 edit,
1893 5422 2023 5496 ὑπὲρ
2051 5420 2214 5476 αὑτοῦ

568 5442 775 5489 canus,
803 5442 939 5493 μηοε
968 5442 1030 5476 το
1108 5442 1467 5491 ηινον.ιό.ιιιο
1518 5442 1668 5494 poet,
1697 5442 1857 5489 eum,
1893 5442 2023 5496 υπερ
2051 5443 2214 5476 αυτου

566 5492 836 5624 Εὲφέιήὲει
882 5494 1034 5568 βαστ.
1068 5442 1182 5551 Sed
1217 5492 1472 5567 βουλήσει
1503 5494 1669 5549 abest
1698 5493 1769 5548 ab
1808 5493 2128 5567 Anglicano
2156 5499 2216 5551 et

582 5584 1114 5783 ilgbfliasiliensis
1123 5680 1152 5719 ,.
1166 5633 1606 5718 ἀκαταπαύστως.
1939 5707 1951 5721 υ

700 5709 728 5768 1
771 5705 890 5764 Eia:
921 5709 1083 5767 deest
1136 5724 1197 5767 ιιι
1231 5708 1454 5782 Anglic.
1487 5707 1634 5767 Ibld.
1675 5723 1817 5767 mss.
1851 5711 1951 5766 uti

700 5705 755 5782 1)
771 5705 890 5764 Eia:
921 5709 1083 5767 deest
1123 5705 1197 5767 'in
1231 5708 1454 5782 Anglic.
1487 5707 1634 5767 Ibid.
1675 5723 1817 5767 mss.
1851 5707 1996 5766 utin
2023 5712 2210 5767 textu.

792 5872 955 6091 ἰ

2510 5366 2668 5437 vero,
2696 5350 2757 5437 τὸ
2810 5346 3150 5437 δὲ’ἔγνωσαν
3196 5350 3365 5437 καλὸν
3420 5356 3647 5437 ποιῆσαι
3693 5350 3797 5437 οὐκ
3836 5351 3996 5437 Exi].

2324 5423 2571 5496 Ibidem,
2605 5421 2803 5496 Basil.,
2837 5417 3237 5496 οὐκ’ἔγνωσαν.
3298 5425 3400 5480 Hic
3453 5417 3649 5496 autem
3692 5422 3858 5480 locus
3891 5417 3986 5483 hic

2324 5493 2839 5567 mutilusiaﬂ'ertur
2867 5493 3043 5567 etiam
3066 5496 3219 5567 quod
3252 5496 3323 5550 ad
3341 5495 3691 5567 sententiam
3723 5502 3977 5566 spectat,

2322 5582 2458 5643 nam
2482 5565 2565 5643 sic
2586 5566 2899 5643 habentur,
2929 5563 3146 5643 Jerem.
3172 5583 3253 5643 ιν,
3283 5568 3374 5635 21,
3408 5566 3517 5621 υἱοὶ
3569 5563 3798 5643 ἄφρονες
3849 5563 3976 5638 sict,

2321 5635 2411 5692 καὶ
2441 5634 2505 5691 ού
2535 5636 2765 5708 συνετοὶ,
2784 5637 2946 5714 σοφοί
2977 5635 3078 5693 εἶσι
3103 5634 3365 5707 temeto.

4193 5084 4195 5187 ι
