4372 6214
352 338 479 404 257

1736 332 1839 394 DE
1882 329 2415 397 VIRGINITA'I‘E.

3666 355 3785 418 258

350 471 443 526 λιν
483 473 513 527 6
548 472 713 533 αὐτὸς
742 468 911 544 λέγει.
952 488 973 517 ε
1006 463 1281 543 Ἀδελφοὶ,
1319 462 1393 536 μὴ
1424 459 1611 517 παιδία
1640 460 1851 537 γίνεσθε
1892 467 2010 525 ταῖς

2138 466 2357 522 malitia
2414 471 2637 539 parvuli
2686 474 2817 530 sitis
2848 476 2911 530 ‘3.
2950 498 2976 525 »
3014 478 3163 533 Deus
3192 480 3349 535 enim
3382 482 3452 536 ad
3486 486 3783 543 terrestria

348 561 576 638 φρεσὶν,
630 558 775 614 ἀλλὰ
819 562 888 630 τῇ
939 556 1100 625 κακίᾳ
1146 553 1454 624 νηπιάζετε.
1511 576 1539 603 ››
1569 554 1632 609 Ὁ
1660 554 1759 627 γὰρ
1792 551 1917 613 Θεὸς
1951 551 2025 613 εἰς

344 650 419 706 τὰ
468 651 644 725 γήϊνα
693 646 837 712 θέλει
892 644 1109 721 μωροὺς
1160 643 1316 712 εἶναι,
1369 641 1447 702 εἷς
1475 640 1542 695 τὰ
1572 640 1865 716 ἐπουράνια
1893 660 2025 717 φρο-

346 740 584 812 νίμους.
639 736 741 796 Καέ
787 738 889 810 γὰρ
942 735 1101 797 αὐτὸς
1152 734 1180 788 6
1231 729 1502 793 ἀντίδικος
1551 734 1712 803 ἡμῶν
1765 727 2025 793 διάϐολος

349 828 638 905 φρόνιμός
669 826 779 881 ἐστι
827 826 897 897 τῇ
922 824 1104 895 κακίᾳ,
1134 821 1224 878 καὶ
1256 823 1405 894 ἡμᾶς
1438 819 1519 875 δεῖ
1548 819 1694 893 αὐτῷ
1743 820 2024 897 φρονίμως

346 916 692 992 ἐπέρχεσθαι
744 915 878 989 (92),
918 913 1055 987 πρὸς
1084 913 1146 967 τὸ
1176 917 1394 979 νικῆσαι
1430 909 1595 964 αὐτοῦ
1625 911 1721 971 τὰς
1753 908 2020 983 κακοτέχ-

344 1026 486 1068 νους
542 1001 864 1065 ἐπιϐουλάς.
917 1001 1075 1075 Λέγει
1122 1001 1223 1077 γὰρ
1256 1001 1284 1053 6
1318 1000 1515 1072 Σωτὴρ
1548 998 1600 1053 ἐν
1632 1003 1747 1061 τοῖς
1781 997 2024 1073 Εὐαγγε-

350 1095 536 1159 λίοις·
590 1120 618 1147 ‹‹
665 1095 876 1149 Γίνεσθε
924 1092 1208 1170 φρόνιμοι,
1258 1090 1334 1151 ὡς
1377 1090 1428 1144 οἱ
1455 1084 1629 1167 ὄφεις,
1658 1089 1748 1142 καὶ
1783 1086 2024 1163 ἀκέραιοι

356 1185 439 1247 ὡς
469 1187 528 1240 αἱ
562 1182 888 1259 περιστεραί.
925 1205 952 1233 ››
982 1182 1043 1237 Ὁ
1072 1178 1130 1235 δὲ
1157 1178 1499 1251 καλούμενος
1532 1178 1657 1253 παρ’
1700 1175 1844 1247 αὐτῷ
1892 1174 2022 1252 φρό-

354 1296 555 1349 νιμος,
589 1271 743 1333 οὗτός
774 1271 914 1326 ἐστιν
949 1271 975 1324 ὁ
1016 1267 1375 1347 σοφιζόμενος
1422 1273 1649 1336 ποιῆσαι
1695 1266 1757 1319 τὸ
1807 1263 2025 1337 θέλημα

352 1368 459 1420 τοῦ
494 1367 651 1434 Θεοῦ,
684 1360 773 1416 καί
804 1357 1092 1438 φυλάσσειν
1118 1360 1214 1419 τὰς
1245 1354 1468 1418 ἐντολὰς
1501 1354 1686 1412 αὐτοῦ.

432 1476 490 1528 5.
544 1470 698 1544 Μέγα
743 1465 1027 1544 φάρμακόν
1078 1463 1187 1519 έστι
1240 1460 1513 1538 σωτηρίας
1574 1463 1609 1531 ἡ
1670 1479 2025 1536 ταπεινοφρο-

350 1560 523 1630 σύνη’
579 1560 607 1614 6
652 1558 752 1633 γὰρ
795 1560 1038 1617 Σατανᾶς
1087 1554 1194 1629 οὐχ
1239 1549 1414 1607 ἕνεκεν
1477 1549 1753 1624 πορνείας,
1804 1550 1839 1617 ἢ
1898 1568 2021 1620 μοι·

346 1649 542 1724 χείας·
576 1648 612 1717 ἢ
645 1644 861 1715 κλοπῆς
890 1642 1200 1717 κατηνέχθη
1248 1640 1308 1696 ἐκ
1351 1644 1461 1695 τῶν
1512 1640 1780 1715 οὐρανῶν,
1832 1635 1955 1692 ἀλλ’
1983 1638 2018 1706 ἡ

346 1734 703 1815 ὑπερηφανία
752 1734 909 1789 αὐτὸν
958 1727 1252 1786 κατέϐαλεν
1306 1728 1381 1791 εἲς
1438 1730 1505 1783 τὰ
1540 1728 1818 1815 κατώτερα
1880 1725 2017 1800 μέρη

2136 572 2242 610 nos
2274 557 2486 613 stultos
2516 576 2645 615 esse
2702 563 2849 627 vult,
2898 570 2954 619 et
3001 567 3073 621 ad
3130 568 3388 623 cmlestia
3446 574 3780 640 prudentes.

2136 644 2282 702 Nam
2316 652 2371 701 et
2398 647 2765 706 adversarius
2798 658 2996 709 noster
3021 656 3294 713 diabolus
3324 658 3584 729 prudens
3616 662 3783 717 estin

2136 732 2453 804 malitia,et
2482 754 2587 793 nos
2616 744 2841 811 oportet
2867 743 3151 800 adversus
3181 761 3315 800 eum
3348 747 3666 817 prudenter
3692 749 3786 805 in-

2134 823 2355 890 cedere,
2386 829 2450 879 ut
2477 827 2779 884 vincamus
2810 829 2970 886 illius
3002 841 3265 889 versutas
3310 833 3575 892 insidias.
3635 836 3789 894 Dicit

2133 910 2289 967 enim
2349 914 2614 971 Salvator
2669 917 2728 972 in
2778 920 3107 991 Evangeliis
3138 937 3153 978 :
3188 947 3206 970 ι
3244 923 3443 979 Estote
3473 926 3788 996 prudentes

2134 999 2289 1056 sicut
2319 1008 2639 1075 serpentes,
2675 1010 2730 1061 et
2756 1008 3054 1080 simplices
3087 1010 3240 1066 sicut
3287 1012 3571 1069 columbae
3630 1016 3692 1069 ‘9.
3758 1038 3780 1066 ι

2135 1089 2240 1152 Qui
2301 1096 2497 1147 autem
2556 1094 2627 1149 ab
2686 1112 2751 1151 eo
2784 1099 3041 1168 prudens
3072 1105 3329 1170 vocatur,
3362 1101 3412 1157 is
3443 1106 3531 1159 est
3559 1104 3659 1175 qui
3693 1122 3785 1161 sa-

2134 1178 2359 1248 pienter
2388 1181 2507 1253 agit
2536 1184 2606 1237 ad
2637 1184 2958 1243 faciendam
3007 1188 3368 1248 voluntatem
3420 1192 3542 1262 Dei,
3600 1197 3656 1249 et
3711 1194 3785 1250 ad

2133 1269 2418 1324 servanda
2442 1276 2729 1343 praecepta
2759 1276 2908 1344 ejus.

2202 1463 2255 1518 5.
2291 1467 2499 1536 Ingens
2532 1468 2857 1524 remedium
2895 1474 2984 1527 est
3016 1473 3085 1527 ad
3120 1473 3374 1530 salutem
3434 1475 3616 1532 animi
3675 1476 3784 1535 hu-

2132 1551 2354 1608 militas
2388 1571 2400 1608 :
2435 1554 2723 1624 siquidem
2781 1559 3031 1616 Satanas
3084 1579 3201 1617 non
3242 1565 3315 1619 ob
3347 1566 3785 1635 scortationem,

2132 1644 2233 1695 aut
2265 1641 2642 1711 adulterium,
2677 1652 2778 1701 aut
2808 1646 3028 1704 furtum
3062 1651 3325 1721 dejectus
3354 1658 3445 1709 est
3474 1670 3543 1709 ex
3600 1654 3782 1725 caalis,

2131 1728 2230 1784 sed
2282 1731 2558 1801 superbia
2601 1732 2767 1790 illum
2800 1735 2933 1792 inde
2965 1739 3345 1810 praecipitavit
3374 1742 3445 1796 ad
3480 1742 3785 1800 inferiores

345 1832 457 1895 τῆς
521 1810 779 1881 ἀϐύσσου.
830 1821 985 1875 Οὕτω
1040 1818 1141 1895 γὰρ
1201 1815 1434 1894 εἴρηκεν·
1515 1839 1545 1868 ‹‹
1620 1810 2015 1888 Ἀναϐήσομαι,

2138 1817 2320 1889 abyssi
2351 1823 2744 1893 partes,cujus
2774 1822 2895 1879 haec
2921 1825 3097 1882 verba
3127 1827 3287 1884 fuere
3318 1845 3332 1885 :
3368 1852 3395 1879 «
3428 1832 3779 1901 Ascendam,

350 1917 450 1969 καὶ
512 1915 753 1986 θήσομαι
793 1913 884 1965 τὸν
943 1908 1133 1985 θρόνον
1182 1928 1286 1980 μου
1338 1905 1573 1961 ἐνώπιον
1615 1909 1711 1959 τοῦ
1743 1908 1893 1970 Θεοῦ,
1927 1902 2016 1957 καὶ

358 2000 564 2075 ἔσομαι
615 2002 807 2073 ὅμοιος
840 2003 919 2071 τῷ
946 1997 1196 2071 Ὑψίστῳ’
1234 2018 1262 2048 ι)
1294 1995 1383 2049 καὶ
1439 1992 1528 2049 διὰ
1555 1997 1744 2048 τοῦτον
1795 1993 1885 2046 τὸν
1921 1991 2021 2047 λό-

359 2113 466 2168 γον
518 2085 855 2160 κατεῦλήθη,
899 2086 989 2142 καὶ
1038 2086 1249 2161 ἐγένετο
1298 2087 1332 2155 ἡ
1380 2082 1730 2158 κληρονομία
1767 2081 1932 2168 αὐτοῦ
1959 2082 2023 2135 τὸ

365 2166 484 2256 πῦρ
540 2180 604 2234 τὸ
652 2178 897 2235 αἰώνιον.
955 2177 1017 2231 Ἦ
1076 2172 1166 2229 οὖν
1218 2172 1555 2251 ὑπερηφανία
1585 2171 1635 2227 έν
1668 2176 1747 2243 τῷ
1778 2166 2023 2242 διαϐόλῳ

369 2268 540 2324 ἐστίν·
594 2270 630 2337 ἡ
689 2264 747 2321 δὲ
802 2264 1265 2342 ταπεινοφροσύνῃ
1322 2262 1374 2317 ἐν
1432 2267 1509 2334 τῷ
1568 2266 1803 2336 Χριστῷ⁶
1863 2258 2023 2322 αὐτὸς

376 2358 486 2433 γὰρ
511 2358 539 2411 6
573 2356 770 2428 Κύριος
801 2354 971 2429 λέγει,
1006 2352 1088 2407 ὅτι
1125 2373 1151 2405 ιι
1208 2353 1264 2404 '0
1297 2349 1467 2415 θέλων
1500 2349 1550 2404 έν
1587 2350 1713 2421 ὑμῖν
1769 2349 1900 2403 εἶναι
1937 2349 2028 2421 μέ-

369 2467 499 2521 γας,
536 2444 673 2501 ἔστιν)
720 2446 935 2500 πάντων
965 2441 1183 2505 δοῦλος.
1218 2464 1248 2493 ι)
1277 2446 1331 2495 ’0
1354 2443 1455 2517 γὰρ
1512 2441 1641 2502 Θεὸς
1691 2446 1799 2496 τῶν
1846 2460 2029 2497 ταπει-

370 2539 487 2592 νῶν
523 2535 662 2590 ἐστιν
695 2535 833 2608 (93).

451 2628 506 2681 6.
542 2625 940 2699 Ἀγαπήσωμεν
995 2617 1203 2697 σφόδρα
1254 2620 1353 2687 τὴν
1407 2617 1672 2688 νηστείαν*
1738 2616 1871 2693 μέγα
1927 2618 2029 2693 γὰρ

384 2710 759 2790 φυλακτήριόν
822 2709 960 2764 ἐστιν
1033 2710 1067 2777 ἡ
1146 2705 1385 2777 νηστεία,
1463 2706 1551 2761 καὶ
1614 2708 1648 2776 ἠ
1726 2707 2030 2781 προσευχὴ,

376 2800 469 2856 καὶ
500 2804 535 2870 ἡ
585 2799 954 2869 ἐλεημοσύνη·
1012 2796 1063 2852 ὲν
1117 2798 1346 2851 θανάτου
1392 2796 1493 2873 γὰρ
1546 2794 1759 2870 ῥύονται
1789 2794 1880 2850 τὸν
1940 2795 2032 2849 ἄν·

394 2901 632 2965 θρωπον.
696 2892 897 2963 Ὥσπερ
950 2888 1051 2963 γάρ
1110 2883 1198 2940 διὰ
1257 2886 1547 2961 βρώματος
1602 2884 1691 2939 καὶ
1754 2891 2035 2959 παρακοῆς

378 2972 645 3048 ἐξεϐλήθη
707 2978 735 3031 6
793 2973 966 3047 Ἀδὰμ
1014 2974 1072 3029 ὶκ
1126 2973 1223 3031 τοῦ
1282 2970 1632 3049 παραδείσου,
1685 2971 1828 3026 οὕτω
1872 2971 2035 3026 πάλιν

388 3064 479 3121 διὰ
506 3065 756 3137 νηστείας
787 3065 875 3119 καὶ
908 3065 1156 3133 ὑπακοῆσ
1185 3064 1213 3117 6
1263 3060 1437 3118 θέλων
1486 3062 1783 3138 εἰσέρχεται
1830 3061 1904 3123 εἷς
1947 3062 2037 3115 τὸν

382 3153 733 3230 παράδεισον.
783 3155 867 3209 Ἐν
914 3151 1083 3220 ταύτῃ
1126 3156 1196 3225 τῇ
1246 3152 1409 3227 ἀρετῆ
1456 3151 1735 3223 κόσμησον
1775 3151 1837 3205 τὸ
1878 3152 2038 3224 σῶμά

385 3265 483 3298 σου
512 3245 648 3317 (94),
698 3244 743 3297 ὦ
787 3242 1039 3312 παρθένε,
1068 3242 1157 3295 καὶ
1192 3239 1397 3317 ἀρέσεις
1430 3244 1510 3312 τῷ
1556 3239 1860 3315 ἐπουρανίῳ
1907 3262 2037 3314 νυμ-

388 3330 519 3408 φίῳο
572 3331 626 3386 αἱ
672 3330 773 3406 γὰρ
820 3333 899 3401 τῷ
949 3328 1142 3402 κόσμῳ
1188 3328 1606 3402 συναπτόμεναι,
1663 3329 1752 3383 καὶ
1814 3327 2036 3405 μύροις,

384 3418 477 3474 καί
527 3421 853 3491 θυμιάμασι,
882 3418 974 3472 καὶ
1007 3415 1276 3484 εὐωδίαις,
1325 3416 1413 3471 καὶ
1466 3416 1516 3471 ἐν
1566 3416 1807 3489 ἱματίοις
1862 3415 2035 3472 πολυ-

384 3507 622 3580 τελέσιν,
670 3507 757 3562 καὶ
812 3511 1002 3583 χρυσῷ
1050 3504 1497 3575 καλλωπίζουσαι
1543 3504 1610 3560 τὰ
1639 3506 1865 3578 σώματα
1914 3505 2035 3560 ἑαυ-

384 3602 495 3653 τῶν
540 3597 675 3673 πρὸς
718 3598 781 3652 τὸ
826 3597 1007 3671 ἀρέσαι
1051 3600 1169 3657 τοῖς
1221 3595 1547 3670 ἀνθρώποις,
1579 3599 1694 3666 Θεῷ
1724 3591 1907 3670 ἀρέσαι
1967 3595 2034 3650 οὐ

385 3686 651 3742 δύνανται.
705 3687 760 3739 Ὀ
813 3682 870 3741 δὶ
919 3683 1148 3761 Χριστὸς
1199 3681 1348 3738 οὐδὲν
1398 3682 1603 3738 τούτων
1654 3683 1849 3758 χρῄζει
1890 3684 2036 3759 παρὰ

386 3779 506 3848 σοῦ,
559 3775 605 3829 εἷ
658 3776 732 3849 μὴ
792 3773 955 3847 μόνον
1000 3770 1228 3847 καρδίαν
1276 3771 1534 3847 καθαρὰν,
1566 3772 1655 3826 καὶ
1687 3776 1846 3843 σῶμα
1901 3772 2036 3844 ἀμό-

386 3862 600 3935 λυντον,
651 3863 1104 3935 ὑπωπιαζόμενον
1161 3861 1265 3915 ὑπὸ
1321 3858 1590 3929 νηστείας.
1654 3861 1773 3914 Ἐὰν
1832 3856 1891 3914 δὲ
1947 3856 2032 3935 ἔρ-

385 3952 591 4029 χωνταί
635 3973 776 4014 τινες
821 3951 909 4006 καὶ
960 3949 1167 4025 λέγωσί
1216 3970 1322 4021 σοι,
1355 3947 1437 4004 δτι
1474 3950 1548 4023 μὴ
1581 3950 1805 4019 νήστευε
1834 3951 2029 4003 πυκνά*

384 4040 429 4096 εἰ
463 4039 520 4097 δὲ
553 4043 628 4115 μή
684 4061 764 4116 γε,
817 4040 1163 4110 ἀσθενεστέρα
1211 4040 1429 4114 γενήσῃ
1495 4036 1557 4092 οὐ
1604 4037 1895 4111 πιστεύσῃς
1939 4036 2032 4092 αὐ-

380 4134 517 4200 τοῖς,
568 4126 682 4185 οὐδ’
733 4128 796 4184 ού
847 4129 922 4201 μὴ
973 4127 1286 4194 ὁπακούσης
1341 4126 1512 4181 αὐτῶν
1555 4128 1690 4200 (95)·
1725 4128 1753 4181 6
1810 4126 1913 4201 γὰρ
1944 4125 2034 4200 ἐχο

384 4219 510 4294 θρὸς
550 4217 745 4279 αὐτοὺς
796 4212 1123 4273 ὑποϐάλλει.
1177 4218 1458 4285 Μνήσθητι
1507 4214 1569 4269 τὸ
1626 4215 2033 4289 γεγραμμένον,

382 4307 545 4363 ὁπθτε
593 4307 644 4361 οἱ
690 4312 835 4381 τρεῖς
886 4302 1074 4366 παῖδες
1128 4302 1217 4358 καὶ
1272 4301 1475 4371 Δανιὴλ
1521 4302 2034 4377 ᾖχμαλωτεύθησαν

385 4396 487 4450 ὑπὸ
517 4389 1021 4469 Ναϐουχοδονόσωρ
1058 4390 1325 4467 βασιλέως
1356 4385 1705 4459 Βαϐυλῶνο),
1753 4389 1843 4445 καὶ
1889 4388 2034 4444 ἄλλα

382 4479 643 4556 παιδάρια
683 4487 796 4554 μετ’
843 4480 1041 4547 αὐτῶν,
1087 4479 1178 4533 καὶ
1226 4477 1400 4547 ἔταξεν
1451 4476 1644 4540 αὐτοὺς
1693 4478 1721 4532 6
1779 4476 2033 4552 βασιλεὺς

2130 1912 2187 1962 et
2219 1924 2431 1978 ponam
2466 1909 2740 1965 thronum
2771 1928 2967 1968 meum
2999 1932 3029 1970 e
3060 1916 3294 1985 regione
3324 1918 3450 1985 Dei,
3478 1924 3535 1975 et
3564 1937 3659 1975 ero
3703 1922 3782 1976 si-

2131 1995 2288 2051 milis
2332 1996 2632 2054 Altissimo
2662 2001 2725 2053 ⁵ο.
2762 2024 2782 2051 ι
2823 2002 2888 2056 Et
2917 2004 2988 2058 ob
3022 2004 3142 2058 haec
3170 2005 3348 2061 verba
3379 2007 3640 2078 dejectus
3672 2013 3783 2075 est,

2131 2084 2403 2157 ignisque
2433 2091 2683 2143 aternus
2713 2088 2874 2145 illius
2904 2092 3211 2149 bssreditas
3233 2098 3288 2149 et
3314 2096 3497 2165 portio
3530 2095 3784 2153 fuit.Su-

2134 2174 2336 2244 perbia
2364 2175 2561 2247 itaque
2588 2177 2645 2233 in
2672 2178 2903 2235 diabolo
2934 2189 3040 2247 est,
3094 2181 3401 2239 humilitas
3461 2189 3665 2242 contra
3724 2186 3784 2242 in

2134 2262 2362 2318 Christo
2418 2264 2541 2335 ipse
2573 2283 2827 2339 namque
2857 2268 3140 2326 Dominus
3171 2272 3252 2327 ait
3286 2288 3299 2327 :
3335 2295 3362 2322 ‹‹
3389 2273 3445 2327 Si
3478 2275 3610 2345 quis
3634 2275 3791 2332 inter

2135 2367 2239 2406 vos
2269 2352 2467 2424 cupiat
2497 2354 2620 2410 ﬁeri
2651 2372 2922 2428 magnus,
2954 2359 3031 2413 sit
3056 2360 3321 2417 omnium
3352 2362 3624 2421 minister
3652 2365 3719 2420 δι.
3758 2385 3789 2415 ››

2138 2444 2292 2496 Deus
2322 2440 2478 2497 enim
2511 2442 2826 2499 humilium
2861 2453 2967 2502 est.

2209 2619 2261 2672 6.
2298 2623 2579 2674 Amemus
2602 2619 2770 2675 valde
2792 2621 3122 2692 jejunium;
3157 2641 3435 2697 magnum
3466 2628 3622 2683 enim
3656 2643 3789 2685 mu-

2141 2707 2467 2762 nimentum
2499 2712 2588 2763 est
2608 2709 2928 2780 jejunium,
2960 2711 3141 2766 oratio
3200 2713 3361 2776 item,
3422 2720 3480 2770 et
3532 2715 3785 2774 eleemo-

2141 2812 2323 2868 syna;
2355 2813 2423 2851 ex
2442 2801 2629 2852 morte
2651 2797 2866 2870 quippe
2896 2799 3189 2856 hominem
3229 2801 3499 2859 liberant.
3533 2804 3606 2860 Ut
3635 2806 3790 2862 enim

2142 2886 2215 2941 ob
2246 2902 2411 2940 asum
2444 2890 2500 2940 et
2526 2883 2982 2943 inobedientiam
3014 2890 3357 2946 exturbatus
3387 2896 3477 2947 est
3504 2893 3687 2949 Adam
3721 2908 3791 2949 ex

2146 2974 2436 3045 paradiso.
2467 2972 2552 3029 ita
2584 2991 2819 3030 rursum
2864 2992 2965 3046 per
2985 2978 3282 3047 jejunium
3315 2983 3372 3034 et
3400 2980 3791 3038 obedientiam

2146 3063 2204 3117 in
2236 3063 2597 3132 paradisum,
2621 3063 2722 3133 qui
2751 3063 3309 3137 volet,ingredietur.
3344 3067 3407 3122 In
3440 3056 3549 3124 hac
3580 3069 3793 3125 virtute

2146 3151 2372 3206 cultum
2420 3152 2679 3222 corporis
2703 3152 2809 3223 tui,
2838 3157 2895 3208 et
2926 3161 3272 3210 ornamenta
3302 3172 3516 3228 quaere,
3542 3175 3575 3213 ο
3608 3159 3794 3230 virgo,

2146 3243 2203 3295 et
2230 3239 2484 3311 placebis
2515 3237 2733 3295 caelesti
2765 3256 3002 3311 sponso.
3036 3242 3181 3297 Nam
3240 3260 3370 3314 quas
3420 3246 3640 3302 mundo
3698 3263 3795 3302 so-

2144 3328 2392 3398 ciantur,
2452 3331 2509 3382 et
2552 3329 2890 3399 unguentis,
2923 3331 3285 3386 aromatibus
3316 3336 3373 3387 et
3401 3333 3571 3389 bonis
3601 3334 3795 3391 odori-

2142 3416 2275 3481 bus,
2296 3420 2353 3471 et
2382 3415 2596 3470 amictu
2630 3417 2903 3485 pretioso,
2924 3422 2980 3473 et
3009 3435 3151 3474 auro
3181 3427 3500 3477 venustant
3529 3440 3639 3478 sua
3668 3439 3794 3479 cor-

2142 3508 2375 3575 pora,ut
2403 3504 2670 3575 placeant
2698 3502 3074 3561 hominibus:
3101 3506 3217 3562 Deo
3248 3507 3478 3579 placere
3512 3527 3627 3566 non
3660 3529 3795 3584 pos-

2144 3596 2303 3648 sunt.
2333 3591 2598 3647 Christus
2628 3596 2822 3647 autem
2858 3592 2999 3649 nihil
3052 3594 3263 3650 horum
3324 3614 3357 3652 a
3413 3602 3468 3653 te
3526 3601 3795 3671 requirit,

2145 3680 2257 3736 nisi
2279 3680 2471 3737 solum
2494 3696 2590 3736 cor
2615 3682 2903 3736 mundum
2927 3688 2984 3737 et
3005 3699 3216 3754 corpus
3237 3684 3765 3743 incontaminatum
3782 3729 3796 3755 ,

2135 3769 2479 3840 jejunioque
2512 3774 2892 3824 maceratum.
2927 3771 3090 3834 Quod
3126 3772 3175 3825 si
3205 3773 3485 3829 accedant
3524 3776 3705 3846 aliqui
3740 3781 3801 3831 et

2142 3858 2339 3913 dicant
2368 3857 2493 3927 tibi,
2526 3857 2609 3912 Ne
2637 3858 2971 3928 frequenter
3012 3859 3269 3928 jejunes,
3326 3876 3397 3914 ne
3448 3862 3798 3919 imbecillior

2143 3948 2284 4015 ﬁas;
2343 3963 2448 4002 nec
2499 3945 2617 4000 illis
2673 3946 2900 4013 credas,
2952 3962 3057 4000 nec
3088 3947 3384 4003 auscultes
3420 3948 3607 4007 :istos
3636 3951 3794 4008 enim

2142 4036 2419 4091 inimicus
2447 4034 2757 4090 submittit
2796 4033 3192 4091 Reminiscere
3224 4038 3374 4106 ejus,
3434 4040 3588 4109 quod
3651 4041 3797 4095 scri-

2143 4130 2311 4195 ptum
2368 4128 2476 4190 est,
2524 4138 2655 4177 cum
2688 4122 2887 4177 Daniel
2920 4126 2977 4177 et
3005 4128 3123 4179 tres
3154 4125 3320 4195 pueri
3352 4128 3507 4197 capti
3537 4133 3736 4185 essent
3763 4147 3799 4185 a

2143 4228 2276 4284 rege
2304 4210 2613 4283 Babylonis
2642 4210 3234 4280 Nabuchodonosore,
3261 4217 3317 4267 et
3348 4214 3445 4269 alii
3478 4217 3644 4287 pueri
3678 4234 3799 4274 una

2144 4316 2277 4355 cum
2306 4299 2421 4354 illis
2455 4314 2468 4352 :
2495 4298 2889 4369 jussissetque
2920 4314 3038 4365 rex,
3066 4303 3130 4354 ut
3159 4301 3230 4356 de
3260 4318 3369 4358 sua
3402 4319 3604 4360 mensa
3636 4321 3794 4361 com-

2141 4387 2398 4455 ederent,
2433 4389 2490 4439 et
2515 4385 2586 4439 de
2615 4401 2721 4439 suo
2753 4385 2884 4440 vino
2916 4385 3202 4455 biberent,
3235 4386 3536 4446 Danielem
3569 4395 3627 4447 et
3674 4396 3797 4449 tres

2142 4491 2354 4545 pueros
2402 4473 2661 4529 noluisse
2682 4470 3064 4529 contaminari
3098 4492 3166 4530 ex
3197 4493 3405 4534 mensa
3433 4480 3612 4553 regis,
3638 4486 3695 4537 et
3721 4484 3795 4539 ad

383 4569 574 4625 ἐσθίειν
625 4568 733 4623 ἀπὸ
778 4575 879 4638 τῆς
936 4568 1211 4642 τραπέζης
1258 4565 1444 4637 αὐτοῦ,
1476 4564 1567 4620 καὶ
1597 4565 1768 4620 πίνειν
1799 4565 1906 4620 ἀπὸ
1934 4570 2029 4620 τοῦ

2139 4563 2477 4620 eunuchum
2507 4562 2725 4618 dixisse
2756 4563 2855 4634 qui
2886 4578 2985 4619 eos
3015 4565 3259 4620 curabat
3294 4584 3307 4621 :
3340 4589 3368 4616 ‹‹
3406 4572 3482 4623 Da
3513 4569 3684 4625 nobis
3714 4571 3789 4625 de

384 4656 534 4713 οἷ’νου
580 4657 765 4712 αὐτοῦ’
816 4654 1021 4725 Δανιὴλ
1069 4652 1126 4710 δὶ
1176 4654 1265 4709 καὶ
1318 4654 1368 4707 οἱ
1411 4658 1557 4728 τρεῖς
1610 4651 1820 4723 παῖδες,
1878 4652 2031 4709 αὐτοὶ

381 4746 480 4802 οὐκ
522 4745 794 4817 ἠθέλησαν
1008 4742 1297 4813 ἁλισθῆναι
1338 4742 1443 4796 ἀπὸ
1475 4747 1577 4811 τῆς
1605 4742 1879 4817 τραπέζης
1935 4747 2033 4797 τοῦ

384 4834 674 4911 βασιλέως,
708 4834 853 4889 ἀλλὰ
884 4832 1099 4909 λέγουσι
1128 4833 1207 4903 τῷ
1236 4830 1483 4905 εὐνούχῳ
1528 4834 1607 4902 τῷ
1658 4826 2029 4905 παραλαϐόντι

380 4924 595 4985 αὐτούς·
655 4949 671 4973 ι
710 4924 809 4985 Δὸς
840 4926 973 4995 ἡμῖν
1005 4923 1110 4976 ἀπὸ
1158 4924 1265 4975 τῶν
1299 4918 1623 4992 σπερμάτων
1654 4927 1755 4989 τῆς
1786 4926 1912 4994 γῆς,
1942 4920 2031 4974 καὶ

382 5012 683 5090 φαγόμεθα.
720 5036 747 5061 ›)
782 5012 875 5065 Καὶ
907 5010 1051 5087 λέγει
1081 5008 1263 5070 αὐτοῖς
1315 5009 1342 5061 6
1394 5007 1678 5082 εὐνοῦχος·
1744 5003 2032 5081 Φοϐοὖμαι

381 5100 491 5176 ἐγὼ
520 5100 613 5155 τὸν
650 5099 875 5176 βασιλέα
902 5103 992 5154 τὸν
1024 5098 1310 5170 έκτάξαντα
1340 5097 1440 5165 τὴν
1475 5097 1676 5172 βρῶσιν
1740 5097 1890 5169 ὑμῶν
1940 5097 2031 5152 καὶ

378 5191 478 5259 τὴν
538 5189 720 5263 πόσιν,
774 5191 986 5263 μήποτε
1032 5188 1237 5265 ὀφθῶσι
1294 5185 1362 5240 τὰ
1404 5184 1670 5262 πρόσωπα
1720 5185 1872 5258 ὑμῶν
1906 5206 2033 5241 σκυ-

2140 4651 2539 4724 leguminibus
2569 4654 2833 4719 terrae,et
2860 4667 3166 4708 vescemur
3195 4653 3280 4709 eis
3310 4655 3380 4710 ⁸⁸.
3404 4656 3671 4722 «Quibus
3704 4674 3798 4715 re-
3886 4668 3894 4675 '

2142 4740 2377 4813 spondit
2404 4738 2711 4795 eunuchus
2747 4756 2759 4795 :
2787 4738 2989 4795 Timeo
3020 4757 3125 4812 ego
3158 4757 3376 4813 regem,
3401 4743 3501 4815 qui
3530 4743 3688 4800 hunc
3714 4746 3797 4801 ci-

2140 4831 2279 4885 bum
2313 4828 2407 4884 87
2443 4827 2607 4883 vobis
2637 4833 2694 4882 et
2724 4832 2926 4899 potum
2959 4828 3266 4900 imperavit
3296 4832 3444 4897 dari,
3501 4849 3574 4887 ne
3616 4833 3797 4888 facies

2139 4923 2344 4975 vestrae
2401 4916 2521 4987 regi
2581 4932 2695 4987 prae
2746 4916 2968 4970 caeteris
3016 4916 3235 4987 pueris,
3271 4919 3369 4989 qui
3405 4920 3565 4991 regia
3595 4936 3802 4977 mensa

2140 5007 2399 5074 aluntur,
2432 5008 2754 5076 appareant
2782 5004 3263 5075 squalidiores,et
3294 5009 3500 5078 puniat
3532 5025 3643 5065 me.
3690 5008 3799 5065 Cui

2141 5095 2571 5167 responderunt
2602 5108 2615 5146 :
2651 5092 2921 5164 Experire
2958 5093 3016 5148 id
3061 5093 3121 5149 in
3156 5095 3342 5151 servis
3371 5097 3491 5152 tuis
3517 5096 3650 5169 plus
3684 5097 3799 5152 mi-

2139 5201 2252 5241 nus
2299 5184 2499 5239 decem
2546 5181 2776 5253 diebus,
2804 5185 2861 5237 et
2887 5181 2961 5239 da
2986 5182 3157 5239 nobis
3187 5184 3573 5257 postulatum.
3606 5186 3674 5242 Et
3698 5186 3798 5243 de-

455 5344 499 5379 “
531 5344 556 5398 Ι
587 5344 717 5400 Cor.
750 5356 868 5415 xxv,
898 5342 989 5397 20.
1066 5342 1111 5377 ⁴⁹
1140 5342 1350 5399 Matth.
1382 5358 1440 5413 ι,
1473 5342 1559 5398 16.
1636 5341 1681 5375 ⁵ο
1710 5340 1824 5398 Isa.
1855 5354 1971 5407 xiv,
2006 5338 2029 5393 1

2169 5336 2214 5374 ⁵1
2244 5333 2446 5390 Matth.
2477 5350 2571 5404 xx,
2597 5333 2689 5390 26.
2761 5332 2807 5368 ⁸³
2837 5336 2980 5389 Dan.
3011 5350 3053 5406 ι,
3086 5334 3173 5391 12.

483 5500 905 5584 ἓὲὶέεθηίφαης
936 5495 1301 5584 hiemi)”:
1374 5575 1383 5584 .
1438 5575 1451 5584 .
1557 5572 1591 5584 ..

481 5571 572 5648 93)
602 5571 707 5647 Γάρ
737 5573 905 5648 abest
935 5590 969 5648 a
995 5571 1305 5648 Basiliensi
1334 5575 1393 5629 et
1422 5572 1764 5648 Anglicana.

483 5502 576 5575 92)
606 5502 905 5558 Felkman.
936 5502 993 5571 2,
1024 5502 1301 5584 ἔρχεσθαι.

481 5574 550 5629 93
602 5571 707 5647 Γάρ
737 5573 905 5630 abest
935 5590 969 5630 a
995 5572 1305 5630 Basiliensi
1334 5585 1374 5629 e‘

457 5502 572 5719 ίριί
602 5648 711 5700 Σου
740 5645 904 5704 deest
932 5645 994 5703 in
1026 5642 1374 5717 Anglicano.

2235 5495 2325 5567 95)
2355 5494 2656 5567 Felkman.
2686 5492 2744 5563 2,
2770 5490 2980 5567 αὐτρῖς.

2235 5496 2325 5567 95)
2355 5496 2656 5551 Felkman.
2686 5496 2744 5563 2,
2770 5496 2980 5553 αὐτοῖς.

2214 5496 2325 5637 l96)
2353 5566 2732 5639 Anglicanus,
2764 5560 2987 5633 ἤθελον,
3017 5570 3197 5638 Forte,
3230 5563 3625 5642 ἀλισχηθῆναι.
