4372 6214
572 331 695 390 259

1757 322 1822 382 S.
1873 316 2402 380 ATHANASIUS.
2436 350 2511 361 —
2540 318 2805 381 DUBIA.

3863 325 3990 385 260

575 462 665 518 dit
695 461 780 519 eis
809 458 1111 533 legumina
1138 458 1208 515 ad
1242 456 1461 525 cibum,
1483 459 1543 511 et
1572 471 1786 526 aquam
1818 454 1889 509 ad
1924 455 2147 525 potum,
2170 454 2218 507 et

2339 451 2528 525 θρωπᾶ
2581 450 2810 507 ἐνώπιον
2859 457 2955 507 τοῦ
2999 452 3267 528 βασιλέως
3298 455 3442 530 παρᾶ
3468 456 3638 510 πάντα
3666 456 3733 510 τὰ
3788 456 3989 512 παιδά-

575 549 902 606 introduxit
928 565 1027 604 eos
1057 547 1128 603 ad
1161 562 1378 618 regem,
1411 550 1469 601 et
1495 543 1627 599 vise
1656 546 1797 599 sunt
1826 542 2050 613 species
2098 540 2227 595 illo-

576 654 709 695 rum
759 636 982 693 eximiai
1014 651 1188 708 super
1217 649 1338 699 eos,
1373 633 1467 705 qui
1502 648 1571 688 ex
1602 631 1764 704 regia
1795 646 1999 686 mensa
2028 646 2226 685 vesce-

576 727 814 784 bantur.

2338 559 2428 615 ρια
2455 541 2522 594 τά
2553 540 2799 603 ἐσθίοντα
2829 542 2889 597 ἐκ
2930 549 3029 612 τῆς
3074 542 3347 616 τραπέζης
3398 548 3494 599 τοῦ
3554 544 3844 620 βασιλέως,
3896 548 3987 601 καὶ

2336 626 2663 703 καταδικάση
2695 650 2780 702 με.
2836 631 2999 685 Εἶπον
3052 628 3110 686 δὲ
3157 632 3326 703 αύτῴο
3382 633 3637 708 Πείρασον
3682 633 3810 696 τοὺς
3860 632 3991 690 δού-

2338 716 2468 779 λους
2501 739 2596 773 σου
2625 720 2836 796 ἡμέρας
2865 720 2995 775 ὡσεὶ
3027 718 3174 791 δέκα,
3209 721 3297 776 καὶ
3348 719 3439 784 δὸς
3489 724 3645 795 ἡμῖν·
3700 723 3798 777 Καὶ
3860 722 3995 779 ἔδω-

578 836 668 873 κεν
699 814 882 876 αὐτοῖς
907 808 1105 888 ὄσπρια
1133 815 1343 889 φαγεῖν,
1373 808 1459 864 καὶ
1492 806 1638 884 ὕδωρ
1670 812 1833 862 πιεῖν·
1865 806 1957 861 καὶ
1990 805 2274 880 εἰσήγαγεν
2304 805 2499 869 αὐτοὺς
2529 807 2759 863 ἐνώπιον
2805 814 2901 864 τοῦ
2957 808 3246 883 βασιλέως,
3302 808 3391 865 καί
3438 808 3694 888 ὤφθησαν
3744 812 3801 867 αἱ
3850 810 3994 869 ἷδέαι

578 904 753 959 αὐτῶν
781 900 1027 959 ἑκλεκταὶ
1058 900 1206 976 παρὰ
1230 900 1299 955 τὰ
1324 895 1583 973 παιδάρια
1612 897 1679 951 τὰ
1710 896 1959 952 ἐσθίοντα
1984 895 2084 963 τήν
2110 894 2377 969 τράπεζαν
2406 900 2504 950 τοῦ
2539 896 2829 970 βασιλέως.

641 1013 696 1069 7.
727 1012 902 1068 Vides
942 1009 1083 1083 quid
1144 1007 1318 1065 faciat
1366 1007 1686 1080 jejunium,
1745 1005 1979 1061 morbos
2036 1008 2227 1072 sanat,

2408 1005 2463 1061 7.
2515 1008 2669 1077 Ὁρᾷς
2723 1005 2776 1059 τί
2824 1010 2973 1059 ποιεῖ
3013 1007 3048 1075 ἡ
3118 1022 3359 1075 νηστεια,
3422 1007 3513 1060 καὶ
3584 1006 3778 1069 νόσους
3836 1008 3994 1083 θερα-

574 1101 862 1158 ﬂuxiones
900 1098 1166 1171 corporis
1194 1097 1467 1166 exsiccat,
1495 1096 1792 1151 daemones
1823 1094 2004 1165 fugat,
2040 1090 2218 1148 malai

2336 1089 2509 1159 πεύει,
2576 1093 2664 1147 καὶ
2731 1092 2969 1169 ῥεύματα
3046 1093 3329 1166 σωματικὰ
3402 1093 3660 1169 ξηραίνει,
3731 1095 3822 1149 καὶ
3880 1093 3996 1151 δαί-

570 1189 957 1263 cogitationes
986 1184 1245 1258 expellit,
1278 1188 1534 1241 mentem
1568 1182 1923 1249 nitidiorem,
1956 1197 2056 1236 cor
2088 1196 2227 1251 pur-

569 1284 802 1353 gatum,
832 1292 1046 1348 corpus
1075 1274 1504 1330 sanctiﬁcatum
1534 1271 1733 1338 efﬁcit,
1756 1275 1813 1327 et
1841 1271 1911 1325 ad
1944 1269 2226 1324 thronum

568 1368 670 1423 Dei
701 1366 1006 1422 hominem
1031 1363 1205 1419 sistit.
1238 1362 1349 1419 Sed
1372 1378 1444 1417 ne
1466 1365 1636 1434 putes
1672 1360 1783 1415 ista
1814 1364 2031 1415 temere
2061 1356 2172 1412 dici
2207 1372 2221 1411 :

568 1455 756 1512 habes
787 1454 915 1526 ejus
944 1453 1025 1509 rei
1050 1449 1456 1508 testimonium
1490 1450 1548 1504 in
1572 1447 1909 1519 evangeliis,
1965 1447 2038 1502 ab
2096 1445 2224 1517 ipso

571 1544 868 1600 Salvatore
897 1540 1193 1614 prolatum
1228 1556 1242 1596 :
1275 1562 1297 1589 ι
1334 1536 1626 1595 Sciscitati
1656 1541 1797 1592 sunt
1826 1536 1898 1591 ab
1928 1551 1995 1591 eo
2043 1532 2223 1590 disci-

568 1631 715 1705 puli,
744 1632 1025 1698 dicentes,
1060 1628 1323 1698 Domine,
1346 1627 1578 1683 declara
1608 1625 1777 1681 nobis
1834 1639 2089 1696 quonam
2122 1638 2223 1694 pa-

568 1727 661 1778 cto
695 1719 983 1777 immundi
1018 1718 1262 1791 spiritus
1295 1717 1593 1788 fugantur.
1625 1734 1652 1766 ιι
1711 1712 1936 1780 Quibus
1982 1726 2224 1781 respon-

567 1811 655 1866 dit
685 1809 967 1866 Dominus
1001 1825 1014 1864 :
1053 1827 1081 1860 α
1111 1807 1229 1863 Ηοο
1257 1822 1445 1878 genus
1477 1820 1593 1860 non
1624 1801 1875 1874 ejicitur,
1924 1799 2041 1857 nisi
2093 1815 2222 1854 ora-

567 1898 830 1955 tionibus
886 1902 945 1954 et
995 1895 1240 1969 jejuniis
1289 1894 1357 1950 ⁸³.
1407 1915 1436 1944 »
1486 1892 1767 1963 Quisquis
1797 1888 1980 1962 igitur
2007 1887 2079 1942 ab
2114 1887 2221 1941 im-

567 1989 790 2045 mundo
817 1985 1027 2059 spiritu
1058 1981 1377 2052 vexatur,si
1408 1982 1459 2038 ei
1493 1982 1551 2037 in
1581 1985 1836 2036 mentem
1867 1977 2110 2044 venerit,
2134 1979 2222 2031 at-

2340 1201 2508 1252 μονας
2541 1176 2822 1252 ἐκϐάλλει,
2871 1184 2961 1236 καὶ
3000 1180 3306 1257 λογισμοὺς
3336 1182 3608 1258 πονηροὺς
3662 1182 3993 1257 ἆποδιώκει,

2333 1268 2424 1323 καὶ
2470 1268 2562 1324 τὸν
2613 1274 2735 1323 νοῦν
2778 1268 3158 1345 λαμπρότερον
3189 1275 3355 1338 ποιεῖ,
3400 1271 3489 1324 καὶ
3545 1268 3765 1346 καρδίαν
3820 1274 3971 1328 καθα

2334 1356 2455 1430 ράν,
2486 1358 2575 1412 καὶ
2626 1362 2787 1432 σῶμα
2833 1359 3187 1434 ἡγιασμένον,
3242 1358 3332 1414 καὶ
3374 1363 3453 1431 τῷ
3503 1359 3679 1436 θρόνῳ
3703 1365 3803 1416 τοῦ
3850 1367 3999 1417 Θεοῦ

2333 1445 2623 1518 παρίστησι
2680 1447 2771 1502 τὸν
2834 1449 3139 1524 ἄνθρωπον.
3191 1446 3287 1503 Καὶ
3340 1447 3433 1503 ’ἱνα
3490 1450 3567 1521 μὴ
3626 1449 3854 1524 νομίσῃς
3909 1449 3998 1507 δτι

2330 1538 2496 1590 ταῦτα
2526 1532 2718 1598 ἁπλῶς
2751 1534 3026 1612 λέγονται,
3065 1535 3210 1612 ἔχεις
3266 1536 3561 1613 μαρτυρίαν
3764 1539 3820 1593 ἐν
3866 1546 3999 1602 τοῖς

2332 1621 2689 1700 Εύαγγελίοις
2719 1625 2865 1702 παρὰ
2891 1629 2988 1680 τοῦ
3040 1632 3301 1701 Σωτῆρος
3351 1624 3661 1701 εἰρημένην
3719 1648 3741 1678 ι
3805 1629 4001 1702 Ἠρώ-

2329 1733 2498 1782 τησαν
2544 1712 2702 1768 αὐτὸν
2766 1715 2818 1768 οί
2880 1715 3116 1788 μαθηταὶ
3186 1713 3373 1784 αὐτοῦ,
3448 1712 3719 1790 λέγοντες.
3796 1716 3999 1789 Κύριε,

2334 1797 2504 1873 δεῖξον
2539 1803 2674 1875 ἡμῖν
2703 1801 2847 1875 ποίῳ
2877 1802 3067 1877 τρόπῳ
3275 1802 3342 1857 τά
3371 1801 3643 1879 ἀκάθαρτα
3702 1804 3997 1877 πνεύματα

2333 1888 2745 1965 φυγαδεύονται.
2801 1917 2828 1943 υ
2868 1891 3000 1947 Είπε
3034 1888 3092 1945 δὲ
3121 1892 3149 1946 6
3182 1891 3399 1968 Κύριος·
3437 1916 3464 1944 ι(
3522 1896 3692 1947 Τοῦτο
3720 1894 3782 1947 τὸ
3828 1896 3996 1968 γένος

2334 1976 2434 2031 ούκ
2461 1972 2785 2033 ἐκϐάλλεται
2812 1979 2856 2032 εί
2891 1980 2967 2051 μὴ
3001 1978 3053 2033 ἂν
3094 1985 3427 2055 προσευχαῖς
3480 1980 3571 2034 καὶ
3619 1982 3926 2050 νηστείαις,
3967 2008 3991 2032 ι

567 2094 682 2151 que
708 2094 853 2134 usus
885 2074 1061 2131 fuerit
1088 2074 1198 2130 hoc
1230 2071 1506 2137 remedio,
1538 2070 1595 2125 id
1627 2074 1715 2125 est
1738 2068 1989 2139 jejunio,
2022 2064 2218 2121 statim

2333 2071 2444 2127 Πᾶς
2493 2064 2584 2120 οῦν
2633 2067 2735 2122 ὑπὸ
2781 2067 3090 2140 πνεύματος
3138 2068 3440 2143 ἀκαθάρτου
3472 2066 3843 2143 ὀχλούμενος,
3894 2069 3994 2125 ἐὰν

569 2166 818 2240 spiritus
848 2163 1041 2220 malus
1070 2161 1445 2235 angustiatus
1501 2158 1738 2227 secedit,
1797 2157 2016 2213 veritus
2062 2153 2219 2225 jeju-

566 2253 1011 2313 nium.Multum
1043 2252 1203 2309 enim
1235 2251 1531 2306 daemones
1561 2246 1926 2303 delectantur
1955 2241 2218 2315 crapula,

566 2344 848 2402 ebrietate
877 2346 934 2398 et
962 2340 1080 2398 otio
1113 2339 1390 2412 corporis.
1423 2337 1634 2409 Magna
1664 2336 1849 2390 virtus
1898 2330 2218 2412 jejunium,

567 2438 627 2490 et
682 2431 961 2506 praclara
1017 2446 1121 2503 per
1166 2428 1314 2485 illud
1346 2426 1602 2483 eduntur
1629 2423 1906 2481 facinora.
1943 2419 2218 2492 Alioquin

565 2523 724 2579 unde
753 2520 1027 2577 homines
1058 2523 1250 2575 tantas
1279 2516 1524 2572 virtutes
1567 2516 1887 2586 operantur
1939 2514 1996 2566 et
2049 2509 2220 2580 signa

564 2612 767 2681 edunt,
816 2624 1134 2676 eorumque
1188 2622 1366 2679 opera
1394 2604 1649 2661 infirmis
1680 2601 1991 2658 sanitatem
2023 2596 2217 2653 Domi-

562 2718 676 2758 nus
707 2699 928 2769 tribuit,
964 2696 1075 2753 nisi
1106 2697 1280 2770 plane
1305 2696 1377 2751 ob
1409 2692 1657 2758 ascesin,
1710 2687 2103 2745 humilitatem
2161 2690 2220 2741 et

560 2790 814 2863 probum
844 2787 971 2842 vitae
1002 2783 1372 2841 institutum?
1381 2780 1676 2854 jejunium
1698 2778 1852 2835 enim
1874 2774 2213 2848 angelorum

560 2884 649 2936 est
677 2878 818 2945 vita,
850 2892 964 2949 quo
993 2873 1093 2947 qui
1125 2873 1313 2929 utitur
1343 2868 1592 2943 angelici
1623 2866 1848 2924 ordinis
1887 2864 2215 2921 censendus

559 2973 667 3023 est.
726 2966 927 3038 Neque
974 2963 1281 3029 arbitrere,
1312 2960 1542 3025 dilecte,
1575 2973 1643 3014 ea
1673 2954 2024 3028 simpliciter
2059 2951 2118 3006 in
2153 2968 2216 3008 re

560 3055 885 3113 consistere
904 3052 1222 3124 jejunium.
1256 3049 1381 3107 Non
1414 3047 1570 3104 enim
1604 3046 1705 3119 qui
1738 3064 1771 3100 a
1813 3044 1961 3099 cibis
2020 3042 2212 3097 solum

564 3144 846 3210 abstinet,
906 3142 956 3197 is
1013 3146 1169 3196 recte
1229 3138 1371 3211 agit,
1431 3137 1530 3193 sed
1561 3137 1689 3207 ejus
1717 3134 1817 3205 qui
1852 3130 2107 3188 abstinet
2138 3129 2212 3185 ab

566 3232 730 3289 omni
763 3246 935 3303 opere
967 3228 1140 3300 malo,
1178 3227 1471 3300 jejunium
1531 3228 1834 3295 acceptum
1878 3218 2208 3276 habebitur.

562 3325 713 3377 Nam
743 3319 794 3376 si
819 3319 1073 3391 jejunae,
1105 3332 1213 3372 nec
1242 3316 1514 3371 observes
1543 3328 1609 3369 os
1638 3318 1808 3367 tuum
1840 3326 1912 3365 ne
1940 3308 2214 3379 loquatur

564 3408 813 3475 malum,
845 3423 951 3463 nec
979 3421 1183 3461 caveas
1214 3404 1319 3459 tibi
1377 3403 1449 3458 ab
1506 3399 1830 3467 iracundia,
1884 3394 2208 3464 mendacio,
2242 3444 2285 3510 ο

674 3496 687 3508 ο
771 3495 782 3507 ο
936 3492 949 3506 ι
1048 3509 1053 3510 ,
1088 3492 1100 3510 2
1123 3493 1138 3510 ι
1206 3489 1339 3510 ___1:
1408 3492 1594 3510 _-_A.._
1655 3485 1982 3510 __-..:....-_.
2044 3489 2207 3510 annm

560 3495 823 3570 perjurio
855 3512 868 3550 :
903 3492 953 3549 si
1002 3492 1142 3565 quid
1205 3489 1342 3546 mali
1401 3492 1603 3545 contra
1655 3485 1985 3559 proximum
2044 3489 2210 3538 tuum

559 3586 835 3658 loquare;
899 3584 971 3653 si,
1031 3582 1297 3653 inquam,
1357 3594 1425 3634 ex
1472 3574 1798 3649 jejunantis
1849 3590 1967 3640 ore,
1999 3572 2210 3627 borum

556 3673 864 3747 quidpiam
898 3671 1328 3744 proﬁciscatur,
1352 3665 1496 3722 nihil
1527 3666 1664 3720 hinc
1694 3661 1968 3719 utilitatis
2027 3660 2211 3732 perci-

554 3764 665 3837 pit,
696 3762 800 3819 sed
830 3766 1019 3817 totum
1054 3759 1313 3814 laborem
1345 3772 1519 3811 suum
1576 3752 1788 3826 perdit.
1849 3752 1937 3806 Tu
1996 3749 2210 3821 itaque,

554 3850 773 3910 Christi
802 3849 1045 3915 famula,
1079 3855 1134 3904 et
1163 3847 1451 3918 quotquot
1477 3842 1725 3899 salutem
1759 3838 2038 3911 consequi
2110 3853 2209 3893 cu-

555 3941 751 4015 piunt,
785 3939 835 3994 si
857 3935 1242 4011 jejunaveris,
1266 3932 1512 4007 purifica
1538 3929 1915 4002 temetipsam
1949 3928 2021 3983 ab
2051 3925 2210 3982 omni

555 4029 817 4102 pecunia:
845 4042 1061 4093 amore,
1095 4024 1231 4096 quia
1259 4024 1357 4095 qui
1389 4022 1698 4095 pecuniam
1733 4021 1911 4086 amat,
1943 4034 2058 4073 non
2108 4032 2209 4088 po-

557 4120 679 4173 test
705 4121 885 4171 Deum
915 4111 1408 4186 diligere.aRadix
1440 4111 1598 4166 enim
1629 4109 1894 4165 omnium
1919 4105 2207 4163 malorum

558 4207 650 4262 est
679 4202 922 4261 avaritia
949 4202 1013 4257 “.
1047 4222 1078 4253 »

632 4473 685 4527 8.
714 4468 1109 4525 Ambitionem
1140 4468 1196 4521 et
1239 4462 1633 4536 arrogantiam
1690 4475 2063 4533 summopere
2120 4460 2209 4516 fu-

557 4559 706 4634 gias.
739 4558 800 4614 Si
832 4556 938 4612 tibi
969 4553 1243 4628 cogitatio
1274 4555 1573 4624 suggerat,
1605 4555 1664 4606 te
1688 4550 1764 4605 ob
1795 4549 2115 4621 profectum
2148 4548 2209 4604 in

555 4648 770 4705 virtute
802 4660 1078 4719 magnam
1106 4640 1569 4716 praeclaramque
1599 4653 1748 4708 esse,
1781 4653 1854 4692 ne
1881 4637 2085 4693 credas
2135 4637 2208 4693 ei.

2330 2157 2522 2230 νοήσῃ,
2571 2155 2661 2210 καὶ
2707 2158 2987 2232 χρήσηται
3026 2161 3105 2229 τῷ
3154 2156 3426 2235 φαρμάκῳ
3472 2157 3674 2231 τούτῳ,
3714 2157 3867 2235 λᾶγῳ
3915 2158 3991 2230 δὴ

2325 2247 2395 2317 τῇ
2427 2244 2668 2316 νηστείᾳ,
2705 2244 2858 2307 εὐθὺς
2886 2246 2945 2299 τὸ
2974 2250 3187 2318 πνεῦμα
3213 2246 3277 2301 τὸ
3306 2246 3542 2323 πονηρὸν
3602 2249 3997 2324 στενοχωρού-

2333 2353 2491 2405 μενον
2534 2332 2832 2410 ἀναχωρεῖ,
2882 2330 3223 2412 φοϐούμενον
3253 2335 3354 2403 τήν
3385 2335 3661 2406 νηστείαν.
3702 2336 3852 2391 Πάνυ
3880 2340 3993 2414 γὰρ

2326 2420 2611 2496 τέρπονται
2645 2423 2696 2476 οἱ
2729 2419 2983 2495 δαίμονες
3022 2426 3091 2497 τῇ
3122 2422 3417 2497 κραιπάλῃ,
3450 2423 3540 2478 καὶ
3569 2427 3639 2499 τῇ
3672 2424 3810 2498 μέθῃ
3839 2427 3992 2500 (99),

2325 2509 2415 2563 καὶ
2462 2513 2530 2584 τῇ
2607 2509 2897 2565 ἀναπαύσει
2968 2515 3065 2566 τοῦ
3125 2512 3398 2584 σώματος.
3458 2511 3679 2589 Μεγάλη
3740 2510 3983 2587 δύναμις

2324 2596 2566 2667 νηστεία,
2596 2599 2685 2653 καὶ
2723 2597 2929 2674 μεγάλα
2975 2601 3371 2676 κατορθώματα
3413 2601 3613 2677 γίνεται
3669 2599 3740 2657 δι’
3778 2604 3984 2673 αύτῆς,

2325 2685 2474 2742 Ἐπεὶ
2504 2685 2662 2740 πόθεν
2695 2686 2783 2741 καὶ
2833 2687 2884 2740 οἱ
2937 2684 3209 2762 ἅνθρωποι
3247 2687 3490 2763 μεγάλας
3538 2686 3791 2763 δυνάμεις
3854 2691 3985 2746 ἐπι-

2321 2772 2561 2844 τελοῦσι,
2618 2775 2709 2829 καὶ
2766 2781 2968 2849 σημεῖα
3023 2773 3093 2831 δι’
3142 2776 3314 2832 αὐτῶν
3372 2776 3595 2853 γίνεται,
3645 2778 3981 2851 καίίάματα

2324 2866 2439 2923 τοῖς
2466 2863 2732 2936 κάμνουσι
2766 2860 2836 2918 δι’
2892 2864 3067 2920 αὐτῶν
3093 2862 3345 2940 δωρεῖται
3379 2865 3408 2921 6
3452 2868 3606 2940 Θεὸς,
3635 2867 3679 2921 εἰ
3713 2869 3790 2941 μὴ
3839 2871 3982 2924 πάνυ

2321 2971 2431 3013 τως
2493 2948 2563 3005 δι’
2626 2952 2902 3023 ἀσκήσεως
2953 2952 3042 3008 καὶ
3092 2955 3612 3034 ταπεινοφροσύνης,
3660 2957 3748 3012 καὶ
3802 2957 3978 3013 πολι-

2321 3037 2469 3100 τείας
2517 3036 2766 3112 ἆγαθῆςς
2812 3039 3030 3108 νηστεία
3065 3041 3166 3116 γὰρ
3215 3040 3465 3116 ἀγγέλων
3524 3042 3641 3117 βίος
3696 3042 3833 3113 ἐστὶ,
3882 3045 3975 3099 καὶ

2321 3135 2350 3189 6
2381 3136 2668 3211 χρώμενος
2697 3135 2832 3209 αὐτῇ
2863 3135 3159 3212 ἀγγελικὴν
3186 3136 3331 3208 τάξιν
3366 3136 3502 3214 ἔχει.
3537 3139 3635 3197 Καὶ
3689 3141 3766 3214 μὴ
3817 3141 3979 3213 νομί-

2322 3244 2435 3298 σῃς,
2495 3223 2759 3300 ἀγαπητὶ,
2816 3222 2899 3279 ὅτι
2948 3225 3122 3288 οὕτως
3177 3225 3366 3288 ἁπλῶς
3431 3226 3569 3282 ἰστιν
3627 3230 3663 3298 ὴ
3722 3230 3972 3300 νηστεία*

2321 3311 2383 3367 ού
2439 3312 2539 3389 γὰρ
2590 3314 2618 3368 6
2666 3312 2938 3384 νηστεύων
2990 3314 3096 3369 ἀπὸ
3150 3316 3453 3390 βρωμάτων
3505 3316 3668 3391 μόνον
3701 3319 3803 3391 (1),
3837 3318 3975 3373 ἐκεῖ-

2320 3422 2413 3464 νος
2486 3402 2864 3478 κατώρθωσεν
2938 3400 3065 3457 ἀλλ’
3124 3404 3152 3458 6
3211 3404 3549 3480 ἀπεχόμενος
3606 3405 3712 3461 ἆπὸ
3769 3408 3975 3469 παντὸς

2320 3495 2567 3565 πονηροῦ
2615 3490 2955 3567 πράγματος,
3005 3492 3185 3568 τούτῳ
3261 3494 3536 3568 λογίζεται
3612 3498 3647 3566 ἡ
3722 3498 3971 3567 νηστεία.

2322 3579 2443 3634 Ἐὰν
2494 3579 2597 3654 γὰρ
2653 3578 2969 3654 νηστεύσῃς,
3029 3580 3119 3635 καὶ
3173 3582 3248 3654 μή
3279 3584 3520 3658 τηρήσῃς
3548 3585 3612 3640 τὸ
3643 3584 3817 3658 στόμα
3875 3607 3973 3641 σου

2320 3664 2561 3736 λαλῆσαι
2610 3667 2777 3743 λόγον
2828 3669 3091 3744 πονηρὸν,
3140 3670 3174 3739 ἢ
3206 3669 3523 3746 όξυχολίαν,
3579 3673 3615 3742 ἢ
3668 3670 3883 3744 κεῦδος,
3936 3677 3971 3744 ἢ

2322 3755 2623 3831 ἐπιορκίαν,
2692 3757 2727 3825 ἢ
2794 3756 3179 3833 καταλαλήσῃς
3237 3759 3371 3814 κατὰ
3413 3765 3510 3815 τοῦ
3565 3759 3801 3832 πλησίον
3852 3784 3974 3836 σου,

2321 3844 2410 3900 ἐὰν
2458 3849 2626 3900 ταῦτα
2679 3844 2865 3920 ἐξέλθῃ
2914 3845 2973 3902 ἐκ
3019 3852 3116 3903 τοῦ
3166 3847 3434 3921 στόματος
3463 3854 3562 3919 τοῦ
3591 3851 3974 3925 νηστεύοντος,

2320 3932 2439 3988 ούὲν
2490 3932 2790 4012 ὠφέλησεν·
2860 3933 3006 3990 ἀλλὰ
3050 3934 3138 3990 καί
3215 3935 3344 3993 ὅλον
3416 3937 3510 3992 τὸν
3578 3938 3745 3994 κόπον
3805 3939 3977 3995 αὐτοῦ

2319 4020 2591 4079 ἀπώλεσε.
2627 4021 2701 4076 Σὺ
2733 4020 2847 4095 οῦν,
2882 4020 3052 4094 δούλη
3075 4028 3173 4079 τοῦ
3206 4029 3459 4098 Χριστοῦ,
3489 4026 3577 4081 καὶ
3608 4026 3826 4100 πάντες,
3848 4030 3978 4084 ’ὀσοι

2319 4109 2536 4167 θέλουσι
2591 4112 2851 4181 σωθῆναι,
2885 4111 2969 4166 ἐὰν
2997 4111 3313 4186 νηστεύσῃς,
3336 4113 3552 4188 ἅγνισον
3599 4118 3825 4185 σεαυτὴν
3860 4116 3971 4173 ἀπὸ

2317 4198 2496 4269 πάσης
2528 4197 2910 4276 φιλαργυρίας
2942 4199 3024 4255 ὅτι
3057 4200 3085 4255 ὁ
3117 4202 3334 4277 ἀγαπῶν
3366 4200 3624 4279 ἀργύριον
3656 4204 3720 4259 ού
3750 4201 3978 4260 δύναται

2316 4288 2408 4344 τόν
2441 4289 2569 4344 Θεὸν
2599 4288 2825 4365 ἀγαπᾷν.
2852 4314 2879 4343 ‹‹
2911 4287 3061 4359 Ῥίζα
3088 4290 3192 4365 γὰρ
3222 4290 3436 4346 πάντων
3484 4296 3592 4347 τῶν
3619 4297 3799 4349 κακῶν
3832 4292 3979 4349 ἐστιν

2315 4379 2353 4447 ἡ
2380 4376 2729 4455 φιλαργυρία.
2764 4402 2791 4429 ››

2391 4468 2445 4523 8.
2476 4466 2583 4534 Τὴν
2614 4462 2915 4537 κενοδςξίαν
2964 4465 3054 4521 καὶ
3111 4465 3421 4537 ἀλαζονείαν
3487 4469 3729 4545 ἰσχυρῶς
3786 4475 3976 4549 φεῦγε.

2318 4554 2443 4608 Ἐὰν
2495 4549 2787 4628 ὗποϐάλλη
2831 4575 2913 4609 σοι
2969 4555 2997 4609 6
3029 4554 3314 4633 λογισμὸς,
3364 4559 3446 4613 ὃτι
3479 4557 3690 4635 μεγάλη
3744 4561 3981 4635 γέγονας

2319 4641 2409 4697 καὶ
2460 4641 2628 4716 καλὴ,
2677 4637 3059 4717 προϐεϐηκυῖα
3100 4648 3170 4719 τῇ
3221 4646 3407 4721 ἀρετῇ,
3452 4648 3528 4720 μὴ
3561 4645 3851 4721 πιστεύσῃς
3881 4648 3983 4704 αύ-

559 4735 842 4795 Inimicus
895 4735 1051 4791 enim
1084 4735 1193 4803 est,
1224 4729 1325 4802 qui
1355 4732 1412 4784 te
1444 4726 1711 4799 impedit,
1744 4729 1803 4780 et
1830 4725 2207 4782 ambitionem

2325 4749 2420 4803 τιν’
2476 4732 2505 4785 6
2557 4730 2756 4808 ἐχθρὸς
2805 4730 2906 4807 γάρ
2955 4731 3093 4787 ἐστιν
3129 4733 3157 4787 6
3189 4731 3499 4807 ἐμποδίζων
3545 4736 3636 4790 καὶ
3664 4733 3982 4807 κενοδοξίαν

559 4824 909 4897 subjicit.Ne
936 4824 1137 4894 itaque
1165 4836 1297 4877 eam
1329 4816 1605 4874 admittas
1636 4813 2214 4888 cogitationem,qum

2331 4814 2684 4877 ὑποϐάλλων,
2742 4818 2856 4877 Ούκ
2911 4821 3061 4895 ἀνέξῃ
3109 4818 3199 4876 οὖν
3249 4828 3347 4878 τοῦ
3389 4823 3661 4898 λογισμοῦ
3692 4822 3987 4879 ἐπαινοῦν-

557 4913 766 4970 laudes
798 4913 1176 4985 repraesentet
1204 4913 1364 4963 tuas.
1409 4906 1571 4972 Quod
1627 4903 1677 4961 si
1735 4902 1843 4958 tibi
1904 4918 2035 4959 sese
2084 4903 2218 4960 talis

2325 4906 2419 4969 τός
2478 4928 2556 4964 σε.
2608 4908 2730 4963 Ἐάν
2781 4905 2839 4963 δὲ
2888 4904 3178 4983 ὑποϐάλλῃ
3241 4932 3324 4966 σοι
3379 4912 3408 4965 6
3450 4911 3717 4988 λογισμὸς
3771 4911 3959 4988 λέγων

561 4961 766 5060 Quae};
798 4961 1301 5073 ’ἑὲέᾶᾆῖίῖἷιιοιί
1325 4961 1464 5051 tam
1497 5008 1709 5066 graves
1740 4990 1939 5050 subire
1966 4991 2216 5062 labores,

2328 4993 2436 5064 δτι,
2487 4996 2580 5065 ω,
2631 4995 2754 5060 θέλε
2799 4961 3185 5069 animi;
3217 4961 3987 5073 asa..','s';s:.;;..";;,;,z

561 5105 698 5173 cum
730 5087 874 5146 alias
904 5088 1098 5161 possis
1128 5084 1382 5142 salutem
1412 5082 1691 5154 consequi
1719 5098 1733 5150 ;
1778 5097 1852 5137 ne
1908 5080 1995 5137 illi
2049 5081 2216 5138 obse-

2330 5103 2471 5173 ναι*⁸
2514 5083 2619 5173 ούκ
2690 5084 2937 5148 ἀκούσεις
3004 5085 3187 5141 αὐτοῦ·
3258 5089 3286 5142 6
3345 5087 3541 5165 ἐχθρὸς
3598 5089 3699 5165 γάρ
3758 5088 3901 5145 ἰστιν
3954 5092 3987 5145 6

561 5170 765 5252 quare.
787 5176 1071 5236 Inimicus
1100 5187 1352 5244 namque
1381 5176 1491 5240 est,
1506 5169 1609 5242 qui
1638 5168 1746 5226 tibi
1776 5168 2217 5243 mollitiem,“-

2330 5168 2662 5229 ὗποϐάλλων
2714 5173 2988 5251 χαύνωσιν
3026 5175 3117 5230 καὶ
3179 5175 3502 5253 ὀλιγωρίαν,
3554 5175 3648 5233 ’ίνα
3705 5199 3763 5234 σε
3820 5200 3989 5236 κατα-

633 5332 678 5368 ⁶³
709 5329 918 5389 Matth.
946 5344 1087 5399 xvn,
1123 5325 1314 5383 18-20.
1389 5324 1436 5359 ³⁸
1464 5323 1485 5379 I
1515 5322 1665 5379 Tim.
1693 5337 1773 5393 v1,
1807 5322 1893 5378 10.

658 5492 727 5546 97
778 5489 1033 5573 Felckm.
1063 5488 1119 5555 2,
1150 5486 1297 5560 ἔχεις
1328 5486 1431 5567 γὰρ
1454 5499 1629 5608 supr.

658 5563 729 5618 98
781 5566 873 5617 Sic
904 5559 1077 5617 Basil.
1108 5562 1166 5613 et
1200 5558 1422 5629 Anglic.
1499 5554 1627 5619 diti,
1657 5549 1708 5605 ὲν
1742 5548 1886 5621 ποίῳ
1913 5571 1943 5605 τ
1982 5552 2122 5628 όπῳ.

658 5492 751 5707 99ί
778 5630 878 5686 Καὶ
906 5633 975 5704 τῇ
1012 5627 1147 5704 μέθῃ
1181 5628 1349 5685 abest
1377 5626 1449 5683 ab
1483 5623 1806 5697 Anglicano
1836 5627 1895 5679 et
1924 5570 2072 5683 P8616.
2104 5629 2158 5684 2.

2400 5489 2480 5572 (.1)
2511 5488 2573 5543 In
2605 5487 2782 5544 Basil.
2816 5488 2979 5545 deest
3023 5486 3209 5562 μόνον.
3270 5491 3496 5565 Anglic.
3554 5493 3731 5550 habet
3788 5493 3993 5567 μόνον.

2325 5559 2500 5628 Edltl,
2535 5556 2713 5631 μόνος.

635 5623 747 5704 (99)
778 5630 878 5686 Καὶ
906 5633 975 5704 τῇ
1012 5627 1147 5704 μέθῃ
1181 5623 1349 5685 abest
1377 5626 1449 5683 ab
1483 5623 1806 5697 Anglicano
1836 5627 1895 5679 et
1924 5623 2083 5683 Felc.
2104 5629 2158 5684 2.

436 5918 449 5933 δ

546 6012 599 6033 ῃιι.

664 6074 705 6107 ‘-
