4372 6214
404 375 517 436 261

1767 365 1869 427 DE
1914 362 2453 427 VIRGINITATE.

3697 376 3819 436 262

404 505 548 581 ϐάλῃ
606 507 711 561 ἀπὸ
761 512 857 573 τῆς
905 501 1155 578 ἐναρέτου
1203 520 1298 554 σου
1358 498 1659 560 πολιτείας.
1714 498 1906 553 [Ιολλὰ
1953 497 2051 572 γάρ

2179 498 2525 569 gnitiemque
2556 499 2843 569 ejusmodi
2880 500 3138 571 subjicit,
3175 507 3239 557 ut
3279 507 3335 558 te
3391 522 3423 560 a
3483 507 3661 577 probo
3714 514 3815 566 tuo

406 598 516 653 ἐστι
552 595 931 669 μηχανήματα
963 591 1022 644 ἐκ
1058 594 1154 643 τοῦ
1206 586 1405 664 ἐχθροῦ
1452 587 1711 662 γινόμενα
1763 592 1878 648 τοῖς
1930 584 2055 639 δού-

405 685 527 747 λοις
577 689 673 739 τοῦ
722 686 875 738 Θεοῦ.
910 674 1239 733 Ὑποϐάλλει
1289 677 1389 753 γὰρ
1436 681 1551 737 τοῖς
1608 676 1936 751 ἀνθρώποις,
1972 676 2061 747 ἄρ-

403 795 560 852 χεται
610 772 699 828 καὶ
764 771 995 826 ἐπαινεῖν
1069 766 1281 843 λόγοις,
1334 767 1467 839 πρὸς
1517 767 1578 820 τὸ
1609 766 1903 852 ’ὑψωθῆναι
1958 766 2057 832 τὴν

404 850 630 939 καρδίαν
686 860 883 915 αὐτῶν.
922 857 997 912 Συ
1048 855 1104 911 δὲ
1158 857 1234 928 μὴ
1287 852 1543 927 καταδέξῃ
1590 850 1804 909 ἔπαινον
1854 853 2061 927 ἀνθρώ-

372 940 547 1008 λπων.
601 952 720 1005 Ἐὰν
782 947 839 1003 δέ
893 947 977 1009 τίς
1036 968 1118 1001 σοι
1182 942 1325 1017 εἶ’πῃ,
1376 943 1623 1018 Μακαρία
1682 942 1727 996 εί
1785 945 1883 1015 (2)·
1936 941 2062 1014 λέγε

408 1041 572 1113 αὐτῷ·
606 1041 729 1096 Ἐὰν
790 1036 986 1107 ἐξέλθω
1046 1035 1105 1089 ἐκ
1158 1038 1254 1088 τοῦ
1314 1034 1566 1105 σώματος
1623 1033 1818 1085 τούτου
1878 1029 2058 1091 καλῶς

406 1130 762 1198 τελειώσασα,
845 1125 969 1180 τότε
1045 1124 1548 1198 μακαρισθήσομαι.
1621 1122 1776 1195 Ἀρτι
1830 1120 1930 1195 γὰρ
1999 1118 2060 1173 οὐ

410 1217 647 1274 πιστεύω
679 1214 906 1290 ἐμαυτῇ,
940 1213 1025 1268 ὅτι
1059 1212 1299 1287 μακαρία
1331 1210 1445 1283 εἰμί
1607 1211 1675 1266 Οἱ
1706 1210 1807 1284 γὰρ
1862 1207 2063 1283 ἄνθρω-

410 1328 527 1377 ποι,
579 1306 652 1367 ὡς
714 1301 932 1376 ἄνεμος,
967 1302 1111 1356 οὕτω
1175 1294 1654 1375 μεταϐαλλόμεθα.
1687 1294 1963 1357 Πολλάκις
2007 1293 2064 1349 δὲ

412 1390 715 1451 ὑποϐάλλει
760 1414 843 1447 σοι
895 1391 1184 1462 έξουθενεῖν
1225 1388 1353 1450 τοὺς
1400 1385 1689 1447 ἐσθίοντας·
1728 1386 1803 1458 μὴ
1852 1383 2064 1439 πιστεύ-

410 1506 503 1559 σῃς
552 1483 722 1555 αὐτῷ’
768 1480 1063 1557 ἀλλότριος
1108 1482 1212 1554 γάρ
1265 1477 1397 1532 ἐστι’
1450 1475 1662 1530 πάντων
1718 1474 1818 1549 γὰρ
1869 1472 2060 1548 ἐλαχι-

411 1574 661 1648 στοτέραν
718 1570 943 1638 σεαυτὴν
979 1571 1054 1643 (4)
1107 1566 1356 1642 λογίζου,
1381 1564 1473 1620 ⁸ίνα
1528 1562 1773 1623 πολλοὺς
1829 1562 2063 1637 προάξῃς

411 1662 488 1725 τίς
516 1662 615 1731 τὴν
650 1658 925 1737 βασιλείαν
966 1662 1072 1712 τῶν
1127 1656 1391 1729 οὐρανῶν,
1423 1654 1513 1709 καὶ
1561 1653 1705 1725 παρὰ
1752 1656 1868 1723 Θεῷ
1916 1651 2062 1724 ὑψω-

409 1753 568 1825 θήσῃ.
605 1744 934 1804 Ὑποϐάλλιι
987 1744 1043 1802 δὲ
1074 1747 1101 1800 ὁ
1134 1745 1331 1821 ἐχθρὸς
1381 1745 1471 1798 καὶ
1519 1744 1741 1809 ἄσκησιν
1793 1738 2062 1815 μεγάλην,

405 1838 493 1894 ’ἱνα
532 1840 593 1895 τὸ
626 1844 785 1910 σῶμα
816 1836 1034 1901 ἀσθενὲς
1062 1836 1152 1889 καὶ
1201 1835 1514 1909 ἀχρήσιμον
1556 1833 1777 1904 ποιήσῃ.
1814 1834 1921 1883 Σοῦ
1970 1827 2060 1883 οὖν

412 1933 447 1999 ἡ
475 1928 693 1999 νηστεία
725 1927 918 2002 μέτρον
971 1925 1164 1999 ἐχέτω.
1210 1925 1512 1993 Νήστευσον
1566 1919 1656 1974 οὖν
1685 1924 1764 1991 (5)
1794 1918 1923 1973 ὅλον
1972 1919 2064 1972 τὸν

413 2018 653 2073 ἐνιαυτὸν
707 2018 881 2093 χωρὶς
937 2014 1111 2084 πάσης
1169 2012 1429 2086 ἀνάγκηςο
1482 2009 1597 2085 ὥρᾳ
1650 2007 1707 2063 δὲ
1759 2007 1915 2081 ἐνάτῃ
1964 2014 2062 2076 τῆς

413 2107 645 2181 ἡμέρας,
680 2105 731 2159 έν
778 2104 970 2176 ὕμνοις
1028 2102 1117 2156 καὶ
1166 2104 1503 2174 προσευχαῖς
1554 2095 1922 2167 διατελέσασα,
1967 2116 2061 2167 με-

412 2190 731 2268 ταλάμϐανε
756 2198 864 2248 τῶν
899 2193 1073 2268 ἄρτων
1103 2212 1199 2245 σου
1230 2189 1280 2244 ἐν
1329 2187 1556 2264 λαχάνῳ
1603 2183 2062 2259 ἀναπεποιημένῳ

416 2283 603 2355 ἐλαίῳ.
638 2284 816 2336 Πάντα
845 2280 982 2355 ἁγνὰ
1012 2278 1109 2333 ὅσα
1138 2276 1343 2353 ἄψυχα.

488 2392 540 2445 9.
578 2387 653 2442 Σὺ
711 2385 789 2459 δὲ,
838 2387 881 2439 ὦ
928 2385 1172 2458 παρθένε,
1227 2383 1420 2456 μηθεὶς
1465 2380 1915 2454 καταμανθανέτω
1961 2381 2061 2448 τὴν

420 2477 643 2546 ἅσκησίν
696 2495 811 2543 σου,
849 2470 991 2546 μηδὲ
1039 2471 1212 2526 αὐτῶν
1264 2468 1414 2524 ἰδίων
1466 2491 1561 2524 σου
1614 2473 1904 2544 συγγενῶν·
1938 2466 2065 2521 ἀλλ’

419 2565 472 2622 εἷ’
516 2588 568 2621 τι
609 2570 807 2631 ποιεῖς,
860 2562 911 2617 έν
957 2566 1178 2637 κρυπτῷ
1233 2560 1398 2614 ποίει·
1451 2559 1539 2613 καὶ
1589 2559 1616 2612 6
1669 2559 1852 2633 Πατήρ
1901 2578 1995 2611 σου
2036 2557 2063 2609 ὁ

419 2654 691 2731 οὐράνιος,
727 2655 754 2707 6
801 2651 1015 2726 βλέπων
1062 2651 1113 2705 έν
1156 2648 1235 2721 τῷ
1282 2653 1526 2724 κρυπτῷ,
1558 2645 1827 2702 ἀποδώσει
1876 2667 1960 2700 σοι
2012 2645 2063 2699 έν

415 2750 495 2816 τῷ
551 2744 899 2819 φανερῷ
952 2741 1070 2795 Ἐὰν
1132 2736 1189 2792 δὲ
1241 2738 1549 2814 φανερώσῃς
1610 2757 1704 2790 σου
1775 2736 1865 2790 τὸν
1926 2734 2065 2810 βίον,

416 2830 695 2901 κενοδοξία
750 2851 831 2883 σοι
890 2828 1148 2899 τίκτεται,
1197 2827 1287 2881 καὶ
1342 2830 1553 2898 ζημιοῖ⁸
1610 2823 1695 2878 ἐὰν
1776 2821 1834 2878 δὲ
1909 2823 2064 2899 εὕρῃς

420 2922 605 2995 ψυχὴν
658 2917 1059 2995 ὁμοσύμιρωνον
1114 2919 1376 2969 πονοῦσαν
1426 2918 1503 2984 τῷ
1545 2916 1680 2983 Θεῷ,
1714 2912 1787 2973 ὡς
1835 2912 1924 2965 καὶ
1980 2910 2063 2980 σὺ,

423 3010 591 3083 ταύτῃ
626 3008 762 3082 μόνῃ
802 3005 1152 3079 ἀποκάλυψον
1199 3003 1248 3057 έν
1305 3001 1609 3076 μυστηρίῳο
1651 3000 1761 3055 ἐκεῖ
1809 2999 1905 3054 οὐκ
1956 2997 2065 3054 ἔστι

419 3096 715 3168 κενοδοξία.
763 3095 1069 3166 Ἐλάλησας
1129 3094 1254 3169 γὰρ,
1298 3089 1387 3145 ἳνα
1451 3093 1598 3163 σωθῇ
1666 3091 1843 3164 ψυχή·
1893 3087 2062 3143 πολὺν

425 3188 610 3261 μισθὸν
662 3185 834 3259 λήψῃ,
877 3184 962 3239 ἐὰν
1010 3186 1160 3256 σωθῇ
1221 3179 1310 3235 διὰ
1351 3178 1444 3234 σοῦ
1493 3180 1668 3254 ψυχή.
1701 3182 1826 3240 Τοῖς
1877 3177 2063 3252 ἔχουσι

2092 1891 2139 1954 Β

2167 588 2297 643 vitae
2330 587 2599 642 instituto
2627 588 2879 659 dejiciat.
2905 589 3087 645 Multa
3117 592 3334 665 quippe
3363 600 3497 649 sunt
3530 596 3657 666 ejus
3690 614 3818 653 ma-

2170 675 2545 732 chinamenta
2602 678 2881 733 adversus
2946 680 3040 734 Dei
3071 696 3290 737 servos.
3324 682 3631 741 Submittit
3662 688 3817 742 enim

2172 764 2507 820 hominibus
2538 766 2924 839 cogitationes
2959 786 2972 823 ς
3005 768 3209 841 incipit
3238 770 3500 841 laudare,
3535 780 3601 829 ut
3647 776 3824 831 corda

2170 868 2371 908 eorum
2398 853 2653 909 extollat.
2679 854 2765 908 Tu
2789 872 2921 911 vero
2946 873 3016 912 ne
3038 857 3345 914 hominum
3370 860 3576 918 laudes
3596 863 3817 918 admit-

2168 947 2276 997 tas.
2310 942 2471 1006 Quod
2505 944 2553 997 si
2586 943 2717 1014 quis
2748 944 2856 998 tibi
2889 944 3097 1000 dixerit
3130 964 3143 1001 :
3181 947 3350 1003 Beata
3380 966 3475 1018 es;
3528 953 3817 1024 responde

2170 1030 2255 1085 illi
2316 1049 2329 1087 :
2390 1032 2625 1102 quando
2684 1034 2802 1088 vita
2855 1034 3031 1105 probe
3080 1042 3313 1105 peracta
3341 1055 3408 1093 ex
3440 1040 3547 1096 hoc
3578 1058 3818 1112 corpore

2170 1135 2489 1186 excessero,
2522 1125 2661 1175 tunc
2692 1122 2861 1177 beata
2893 1124 3263 1193 praedicabor.
3300 1127 3432 1182 Jam
3489 1130 3643 1185 enim
3704 1148 3819 1186 non

2171 1209 2403 1263 credam
2464 1225 2555 1263 me
2603 1210 2833 1264 beatam
2891 1226 3039 1266 esse.
3102 1212 3377 1270 Homines
3407 1217 3624 1289 quippe
3655 1219 3819 1290 quasi

2168 1302 2412 1365 ventus;
2449 1298 2527 1352 ita
2559 1303 2879 1353 mutamur.
2913 1298 3264 1373 Plerumque
3309 1307 3519 1361 suadet
3566 1307 3696 1373 tibi,
3754 1313 3821 1364 ut

2171 1402 2269 1441 eos
2328 1386 2426 1457 qui
2484 1388 2798 1442 comedunt
2854 1388 3147 1461 despicias
3184 1408 3197 1447 :
3232 1392 3333 1447 sed
3387 1409 3460 1448 ne
3507 1396 3709 1451 credas
3740 1397 3814 1463 ei,

2171 1474 2398 1529 alienus
2426 1475 2641 1547 quippe
2666 1481 2789 1543 est;
2823 1477 2963 1547 quin
2998 1480 3190 1548 potius
3220 1486 3275 1536 te
3323 1483 3587 1539 omnium
3644 1485 3818 1539 mini-

2174 1579 2329 1618 mam
2361 1570 2723 1635 reputato,ut
2752 1566 2970 1621 multos
3002 1569 3321 1638 praemittas
3352 1571 3411 1625 in
3444 1588 3689 1643 regnum
3712 1589 3826 1629 cm-

2171 1651 2384 1720 lorum,
2418 1658 2476 1707 et
2506 1670 2539 1707 a
2568 1652 2683 1708 Dco
2714 1653 3003 1710 exalteris.
3037 1656 3097 1711 Si
3129 1658 3339 1713 suadet
3380 1660 3486 1715 tibi
3544 1661 3821 1718 inimicus

2172 1739 2470 1805 ingentem
2529 1741 2757 1796 ascesin
2815 1759 2917 1798 seu
2975 1730 3467 1817 exercitationem,
3522 1754 3585 1805 ut
3610 1767 3820 1823 corpus

2172 1832 2341 1883 tuum
2373 1830 2671 1884 inﬁrmum
2707 1834 2763 1885 et
2790 1830 2890 1886 88
2921 1831 3129 1889 inutile
3158 1836 3372 1891 efﬁciat
3404 1854 3415 1892 :
3452 1843 3617 1893 tuum
3661 1842 3822 1911 jeju-

2172 1919 2335 1973 nium
2369 1919 2606 1974 modum
2638 1920 2867 1975 habeat.
2899 1922 3109 1992 Jejuna
3138 1924 3333 1995 itaque
3380 1932 3565 1982 totum
3599 1945 3820 1984 annum

2171 2008 2287 2062 nisi
2317 2006 2475 2062 aliud
2510 2008 2764 2078 postulet
2794 2011 3145 2080 necessitas;
3180 2012 3321 2069 hora
3352 2021 3546 2071 autem
3580 2034 3732 2073 nona
3763 2018 3821 2073 in

2173 2095 2407 2167 hymnis
2439 2099 2495 2151 et
2526 2096 2889 2152 orationibus
2922 2102 3238 2168 transacta,
3270 2119 3438 2159 sume
3469 2122 3648 2176 panes
3688 2112 3823 2163 tuos

2173 2201 2306 2239 cum
2339 2184 2593 2239 oleribus
2624 2184 2748 2240 oleo
2780 2188 3052 2244 conditis.
3088 2188 3296 2246 Omnia
3327 2209 3475 2263 pura
3503 2200 3643 2250 sunt
3672 2212 3822 2267 quas-

2174 2290 2427 2344 cumque
2459 2273 2799 2329 inanimata.

2243 2381 2297 2435 9.
2329 2380 2415 2434 Tu
2447 2384 2668 2446 autem,
2700 2398 2731 2436 ο
2762 2381 2944 2455 virgo,
2978 2383 3034 2438 id
3068 2401 3194 2457 age,
3222 2390 3288 2441 ut
3317 2404 3490 2445 nemo
3521 2394 3682 2447 tuam
3716 2410 3819 2448 no-

2175 2470 2251 2523 rit
2302 2468 2551 2534 ascesin,
2612 2486 2683 2525 ne
2740 2486 2808 2525 ex
2864 2474 3128 2543 cognatis
3172 2476 3408 2545 quidem
3440 2479 3557 2535 tuis
3590 2497 3602 2535 :
3637 2483 3737 2537 sed
3772 2482 3827 2538 si

2174 2558 2311 2629 quid
2344 2558 2490 2629 agis,
2527 2558 2584 2612 in
2616 2558 2839 2615 occulto
2871 2575 2976 2630 age
3009 2577 3021 2614 :
3058 2565 3114 2616 et
3160 2563 3329 2618 Pater
3381 2571 3520 2625 tuus
3573 2570 3826 2628 caelestis

2176 2645 2275 2717 qui
2335 2647 2489 2701 videt
2548 2647 2603 2700 in
2636 2647 2885 2714 occulto,
2918 2650 3122 2705 reddet
3150 2652 3255 2707 tibi
3288 2654 3344 2707 in
3373 2655 3624 2724 publico.
3660 2659 3823 2723 Quod

2176 2733 2226 2789 si
2255 2735 2431 2789 vitam
2462 2739 2624 2790 tuam
2655 2736 3135 2808 manifestaveris,
3195 2740 3331 2796 hinc
3388 2743 3493 2798 tibi
3557 2752 3828 2803 nascetur

2176 2823 2367 2878 inanis
2398 2822 2595 2893 gloria:
2627 2824 3119 2897 cupiditas,atque
3148 2829 3565 2887 detrimentum
3586 2838 3823 2891 senties.

2175 2912 2234 2966 Si
2266 2928 2397 2967 vero
2429 2913 2689 2967 animam
2723 2915 3004 2985 repereris
3036 2916 3141 2970 tibi
3195 2922 3678 2989 consentientem,
3739 2930 3826 2980 at-

2177 3016 2290 3072 que
2350 3004 2461 3055 Deo
2518 3001 2719 3057 eadem
2768 3002 2992 3059 ratione
3022 3006 3388 3075 servientem,
3420 3009 3560 3067 huic
3589 3012 3697 3067 soli
3731 3030 3827 3069 se-

2176 3094 2331 3144 creta
2363 3093 2463 3143 tua
2495 3090 2742 3145 revelato
2776 3106 2789 3145 :
2823 3091 2931 3147 hac
2957 3093 3112 3148 enim
3144 3094 3203 3149 in
3263 3113 3323 3152 re
3380 3115 3495 3155 non
3553 3106 3642 3156 est
3698 3101 3826 3158 ina-

2177 3177 2269 3232 nis
2299 3176 2726 3250 gloria.Locuta
2757 3196 3011 3252 namque
3034 3198 3095 3237 es
3126 3188 3191 3238 ut
3224 3184 3383 3241 salva
3414 3188 3579 3244 ﬁeret
3608 3191 3829 3246 anima:

419 3255 588 3332 πόθον
646 3255 859 3329 ἀκουειν
906 3271 1063 3327 λάλει
1111 3271 1179 3326 τὰ
1227 3267 1586 3345 συμφέροντα.
1620 3266 1738 3321 Ἐὰν
1793 3264 1849 3321 δὲ
1900 3265 2068 3340 ἀκούῃ

2180 3282 2455 3339 magnam
2489 3268 2815 3323 mercedem
2844 3270 3112 3340 recipies,
3145 3271 3193 3326 si
3227 3290 3328 3345 per
3358 3280 3413 3330 te
3444 3278 3642 3332 anima
3670 3280 3835 3335 salu-

421 3364 511 3419 καὶ
574 3365 648 3436 μὴ
708 3366 865 3435 ποιῇ,
922 3357 1089 3435 μηδὲν
1150 3356 1330 3414 λάλει.
1391 3359 1544 3431 Λέγει
1604 3357 1708 3429 γὰρ
1767 3355 1794 3408 ὁ
1852 3354 2066 3429 Κύριος
2114 3369 2123 3373 '

422 3478 450 3505 «
485 3454 573 3521 Μὴ
608 3451 744 3506 δῶτε
771 3451 837 3505 τὰ
866 3452 989 3524 ἅγια
1037 3452 1151 3508 τοῖς
1197 3445 1336 3501 κυσί·
1376 3442 1516 3518 μηδὲ
1568 3442 1811 3519 βάλλητε
1841 3445 1916 3517 (7)
1946 3442 2072 3505 τοὺς

426 3540 762 3619 μαργαρίτας
826 3539 977 3612 ὑμῶν
1033 3535 1335 3611 ἔμπροσθεν
1393 3537 1500 3588 τῶν
1560 3532 1844 3607 χοίρων.»
1900 3531 2073 3593 Κύνας

420 3632 522 3709 γὰρ
590 3630 678 3685 καὶ
743 3628 970 3705 χοίρους
1037 3624 1305 3681 ἀποκαλεῖ
1363 3625 1390 3678 6
1442 3622 1674 3696 Χριστὸς
1722 3623 1799 3694 (8)
1844 3620 1981 3709 τοὺς
2020 3620 2071 3675 έν

424 3720 607 3793 ἀτίμῳ
661 3718 765 3795 βίῳ
817 3714 1121 3792 διάγονταςο
1179 3717 1502 3790 μαργαρῖται
1552 3712 1654 3787 γὰρ
1717 3709 1893 3783 τίμιοί
1946 3708 2075 3763 εἷ’σιν

426 3811 478 3864 οἳ
505 3813 601 3864 τοῦ
633 3812 767 3863 Θεοῦ
801 3806 980 3881 Λόγοι,
1011 3809 1129 3865 τοῖς
1159 3802 1325 3872 ἀξίοις
1362 3800 1548 3874 μόνοις
1580 3796 1878 3871 διδόμενοι.

2181 3359 2297 3411 tem
2358 3362 2772 3427 consequatur.
2828 3358 3051 3421 Quibus
3109 3360 3262 3417 inest
3292 3364 3563 3421 audiendi
3608 3368 3836 3424 deside-

2185 3460 2313 3499 rum
2344 3443 2583 3514 loquere
2628 3461 2754 3516 quas
2788 3446 2907 3501 sint
2939 3448 3123 3503 utilia.
3158 3452 3319 3516 Quod
3354 3453 3403 3506 si
3434 3453 3530 3509 ille
3590 3458 3841 3512 audierit

2184 3537 2237 3589 et
2296 3532 2498 3588 audita
2554 3551 2664 3589 non
2725 3541 3090 3605 exsequatur,
3154 3556 3225 3595 ne
3265 3540 3505 3612 loquere
3535 3544 3707 3601 ultra.
3744 3547 3839 3601 Ait

2185 3622 2341 3678 enim
2379 3622 2692 3678 Dominus:
2728 3646 2755 3674 ‹‹
2789 3625 2869 3679 Ne
2899 3627 3031 3681 date
3062 3635 3263 3684 sancta
3320 3631 3586 3700 canibus,
3648 3651 3838 3706 neque

2188 3711 2451 3782 projicite
2480 3712 2826 3784 margaritas
2846 3719 3070 3770 vestras
3091 3722 3225 3771 ante
3256 3734 3461 3789 porcos
3483 3721 3546 3772 ⁸³.
3588 3743 3616 3770 κ
3648 3726 3835 3777 Canes

2188 3816 2443 3871 namque
2473 3805 2530 3855 et
2561 3817 2766 3872 porcos
2794 3807 2959 3857 vocat
2991 3803 3276 3859 Dominus
3307 3822 3423 3877 eos,
3456 3808 3557 3878 qui
3609 3815 3840 3883 turpem

428 3904 612 3970 agunt
642 3898 842 3953 vitam.
880 3894 1203 3967 Margaritas
1236 3891 1449 3964 quippe
1481 3889 1745 3962 pretiosae
1777 3891 1941 3955 sunt,
1976 3887 2074 3944 Dei
2104 3889 2300 3957 verba,
2332 3905 2460 3959 quae
2493 3887 2565 3943 iis
2596 3892 2826 3943 tantum
2861 3890 2961 3960 qui
2993 3891 3155 3962 digni
3188 3898 3328 3948 sunt
3357 3894 3721 3952 tribuuntur.

503 4007 588 4061 10.
624 4004 689 4057 Ὦ
722 3998 958 4075 μακαρία
980 4000 1133 4074 ψυχὴ
1166 4000 1200 4067 ἠ
1234 3996 1506 4051 ἀκούσασα
1533 3993 1761 4055 τούτους
1806 3992 1933 4054 τοὺς
1980 3990 2080 4047 λό-

431 4113 563 4168 γους
614 4090 741 4152 τοὺς
798 4089 1208 4166 γεγραμμένους
1267 4084 1317 4139 ἐν
1372 4089 1452 4156 τῷ
1514 4078 1716 4158 βιϐλίῳ
1760 4081 1959 4153 τούτῳ,
1992 4080 2081 4135 καὶ

431 4182 701 4237 ποιοῦσαι
750 4179 1105 4253 Μαρτύρομαι
1155 4175 1311 4229 παντὶ
1361 4173 1634 4246 ἀνθρώπῳ
1686 4174 1780 4243 (9),
1830 4170 2080 4225 ἀκούοντι

426 4272 495 4327 τὰ
520 4270 738 4347 ῥήματα
789 4272 956 4323 ταῦτα
1008 4265 1098 4321 καὶ
1156 4267 1423 4330 ποιοῦντι,
1455 4261 1537 4315 ὅτι
1589 4260 1649 4314 τὸ
1690 4254 1867 4331 ὄνομα
1920 4258 2083 4312 αὐτοῦ

427 4345 760 4437 γραφήσεται
810 4357 861 4411 ἐν
902 4360 971 4429 τῇ
1025 4349 1205 4429 βίϐλῳ
1243 4359 1342 4421 τῆς
1399 4349 1678 4419 ζωῆς,καὶ
1711 4347 1763 4401 ἐν
1914 4345 2084 4420 τρίτῳ

429 4433 667 4520 τάγματι
713 4450 819 4500 τῶν
871 4441 1121 4519 ἀγγέλων
1169 4442 1532 4514 εὑρεθήσεται.
1583 4438 1703 4491 Ἐὰν
1764 4433 1856 4489 οὖν
1916 4454 2085 4509 προσ-

438 4535 595 4611 εύχῃ,
624 4536 659 4603 ἢ
692 4531 930 4607 ψάλλῃς,
963 4532 997 4600 ἢ
1043 4530 1408 4604 ἆναγινώσκῃς
1455 4528 1591 4600 (10),
1623 4526 1739 4580 κατ’
1772 4522 1909 4579 ἰδίαν
1956 4524 2083 4611 κάθ-

437 4609 749 4695 ουίμηδεὶς
807 4620 1070 4690 ἀκουέτω,
1105 4618 1149 4673 εἰ
1212 4618 1288 4691 μή
1350 4617 1411 4671 σὺ
1458 4615 1622 4688 μόνη.
1673 4614 1771 4668 Καὶ
1818 4612 1904 4667 ἐὰν
1957 4609 2085 4687 ἔχῃς

435 4711 757 4787 ὁμοψύχους
791 4710 916 4783 μίαν
943 4712 978 4779 ἢ
1013 4706 1108 4763 δύο
1166 4705 1480 4783 παρθένους⁹
1544 4703 1688 4779 λέγει
1738 4704 1841 4778 γὰρ
1888 4703 1916 4756 ὁ
1957 4708 2086 4776 Χρι-

435 4802 578 4863 στὸς’
636 4824 663 4850 ‹‹
711 4803 886 4857 ’Όπου
941 4796 1037 4853 δύο
1086 4796 1121 4865 ἢ
1170 4801 1316 4872 τρεῖς
1366 4794 1469 4848 εἶσι
1540 4790 1864 4869 συνηγμένοι
1913 4790 1963 4844 ἐν
2008 4795 2086 4862 τῷ

2269 3994 2348 4048 10.
2383 3996 2428 4048 Ο
2460 3994 2629 4049 beata
2659 3994 2856 4049 anima
2887 4010 3015 4066 qua:
3064 4013 3365 4054 sermones
3428 4002 3682 4058 audierit
3737 4004 3846 4059 hoc

2192 4082 2250 4137 in
2280 4080 2428 4136 libro
2458 4082 2727 4152 scriptos,
2760 4086 2930 4153 atque
2960 4090 3237 4141 exsecuta
3266 4104 3365 4145 eos
3396 4089 3602 4151 fuerit.
3651 4093 3845 4148 Testi-

2194 4171 2333 4226 ﬁcor
2361 4170 2521 4224 omni
2556 4170 2799 4239 homini,
2831 4172 2930 4242 qui
2963 4173 3216 4230 audierit
3247 4175 3368 4233 haec
3393 4180 3570 4236 verba
3600 4185 3657 4235 et
3691 4182 3845 4237 fece-

2193 4259 2267 4314 rit
2290 4276 2376 4327 ea,
2409 4258 2563 4329 quod
2594 4275 2802 4315 nomen
2853 4262 2979 4331 ejus
3026 4263 3401 4321 scribendum
3452 4268 3529 4323 sit
3577 4268 3636 4323 in
3698 4269 3846 4326 libro

2192 4349 2346 4416 vitae,
2405 4352 2463 4402 et
2518 4348 2671 4418 quod
2718 4348 2843 4420 ipse
2874 4349 2931 4404 in
2964 4352 3134 4408 tertio
3166 4353 3508 4426 angelorum
3541 4357 3743 4413 ordine
3773 4359 3852 4414 sit

2196 4435 2590 4492 collocandus.
2625 4438 2684 4492 Si
2715 4438 2900 4509 igitur
2945 4456 3075 4496 ores
3134 4446 3237 4497 aut
3294 4444 3535 4515 psallal,
3595 4445 3855 4519 legasve,

2196 4540 2462 4581 seorsum
2494 4526 2629 4581 sede
2661 4542 2674 4581 :
2711 4543 2878 4582 nemo
2912 4530 3109 4585 audiat
3142 4531 3255 4586 nisi
3289 4540 3347 4588 tu
3380 4534 3522 4589 sola.
3554 4536 3623 4590 Et
3652 4535 3703 4591 si
3744 4536 3852 4592 ba-

2196 4613 2332 4668 beas
2378 4614 2722 4669 concordem
2783 4632 2959 4671 unam
3021 4622 3123 4672 aut
3154 4618 3398 4676 alteram
3429 4623 3740 4695 virginem,
3771 4625 3856 4679 ait

2195 4701 2353 4756 enim
2385 4702 2651 4757 Christus
2686 4720 2697 4759 :
2735 4726 2762 4753 «
2796 4704 2903 4760 Ubi
2936 4706 3052 4761 duo
3080 4706 3173 4762 vel
3207 4712 3326 4764 tres
3360 4712 3693 4783 congregati
3727 4712 3850 4767 fue-

2196 4790 2313 4845 rint
2342 4791 2400 4845 in
2434 4792 2669 4846 nomine
2701 4809 2851 4861 meo,
2876 4793 2955 4848 ibi
2990 4811 3121 4849 sum
3156 4795 3215 4851 in
3250 4798 3441 4853 medio
3473 4815 3674 4854 eorum
3708 4800 3787 4869 ‘6;
3822 4823 3850 4851 ››

436 4888 664 4964 ὀνόματί
700 4911 805 4963 μου
856 4892 988 4962 (11),
1036 4864 1147 4942 ἐκεῖ
1189 4864 1301 4958 εἷ’μι
1342 4884 1394 4938 έν
1446 4883 1597 4957 μέσῳ
1641 4864 1833 4937 αῦτῶνο
1870 4905 1898 4931 ››
1946 4880 2069 4935 ἀπό¹

2197 4878 2380 4950 abjice
2414 4878 2759 4936 muliebrem
2790 4897 3052 4952 sensum,
3116 4900 3182 4939 ac
3240 4884 3513 4942 ﬁduciam
3571 4887 3853 4960 virileque

513 5074 556 5107 ⁵⁵
586 5072 791 5127 Matth.
822 5088 921 5137 vu,
952 5072 1006 5125 6.
1085 5070 1128 5104 ⁵⁶
1159 5067 1361 5125 Matth.
1394 5082 1556 5136 xvm,
1588 5066 1677 5119 20.

517 5269 589 5340 (2)
648 5264 1071 5340 Basiliensiset
1098 5262 1479 5340 Anglicanus,
1510 5257 1786 5333 Μακάριος
1819 5256 1883 5313 εί.
1914 5256 2092 5315 Paulo

443 5332 614 5415 post:
647 5336 897 5415 Anglici,
927 5332 1237 5415 τελειώσαςΖ

511 5412 585 5485 (3)
622 5401 792 5485 Basil.
827 5401 891 5465 et
911 5406 1160 5485 Anglic?
1192 5403 1487 5478 Μακάριος.
1529 5401 1707 5459 Paulo
1766 5405 1917 5474 post,
1975 5403 2089 5457 An-

439 5476 601 5558 glici,
624 5481 698 5558 Εἰ
816 5476 1097 5558 πολλάκις,
1120 5476 1210 5558 ὑπτ

515 5540 599 5629 (ᾗ)
622 5552 967 5629 Basiliensis
987 5546 1329 5629 et‘Anglic‘"
1346 5620 1357 5629 _
1376 5540 1793 5629 ἐλαχιστότερον
1846 5540 2090 5598 σεαυτόν.

537 5616 592 5689 5)
623 5622 723 5678 Οὗν
757 5626 923 5680 deest
954 5622 1013 5677 in
1046 5616 1218 5676 Basil.
1249 5622 1308 5674 et
1330 5616 1555 5689 Anglic.

537 5631 592 5695 5)
623 5631 723 5678 Οὑν
757 5631 923 5680 deest
954 5631 1013 5677 in
1046 5631 1218 5676 Basu.
1249 5631 1308 5674 et
1330 5631 1555 5700 Anglic.
1788 5688 1815 5699 κ
2025 5688 2055 5698 _

513 5631 593 5770 (ὃ)
623 5699 687 5753 In
716 5695 935 5767 Anglic.
968 5696 1025 5749 et
1051 5691 1201 5749 Felo.
1229 5690 1284 5758 2,
1305 5690 1469 5747 deest
1490 5687 1658 5757 illud,
1677 5684 1728 5741 ἐν
1751 5705 1829 5757 τῳ
1856 5704 2085 5761 φανερῳ.

2274 5257 2353 5326 (7)
2383 5256 2761 5329 Anglicanus,
2791 5254 3017 5329 βάλητε.

2290 5329 2345 5401 8)
2374 5328 2755 5401 Anglicanus,
2789 5328 2817 5382 ὁ
2848 5328 2997 5391 Θεός.

2294 5400 2690 5482 φὶῖέὲοριέπν.
2708 5401 2874 5482 abeat
2900 5402 3232 5482 81’..An8!i_¢:
3263 5408 3320 5461 et
3349 5406 3499 5482 F610;
3528 5407 3584 5482 2-

2300 5472 2386 5543 10)
2417 5472 2514 5550 Sic
2544 5472 2719 5550 Basi_l1
2750 5478 2807 5528 et
2831 5472 3055 5550 Anglic.
3080 5472 3230 5532 Editi
3272 5493 3429 5550 vero,
3460 5477 3500 5550 ﬁ
3527 5472 3779 5550 ψάλλεις,
3812 5474 3848 5550 ἢ

2202 5542 2607 5631 έναι-γινώσκεις.
2666 5544 2816 5613 Mox,
2876 5542 3051 5601 Basil.
3097 5551 3154 5604 et
3182 5542 3443 5620 AnglicJ,
3474 5542 3632 5623 ἔχῃς.
3678 5542 3852 5618 Editi,

2204 5631 2388 5759 εχῗῗί)
2419 5685 2617 5760 Basi1.,
2650 5684 2957 5761 ὑπηγμένα
2989 5683 3078 5742 διὰ
3105 5688 3167 5744 τὸ
3198 5682 3374 5762 ὄνομά
3406 5711 3531 5765 μου.
