4372 6214
542 305 658 365 263

1725 298 1788 355 S.
1837 290 2368 355 ATHANASIUS.
2402 326 2479 339 —-
2510 290 2773 355 DUBIA.

3842 300 3972 360 264

541 438 721 495 robur
752 434 1162 492 assume.Nam
1190 432 1249 487 in
1283 449 1458 505 regno
1491 429 1769 487 caelorum
1804 444 1919 483 non
1943 430 2031 481 est
2077 442 2192 479 ma-

2310 426 2399 477 θου
2431 426 2491 478 τὸ
2520 430 2822 500 γυναικεῖον
2852 426 3127 503 φρόνημα,
3159 426 3246 480 καὶ
3298 422 3431 482 λάϐε
3480 428 3673 503 Θάρσος
3725 431 3817 484 καὶ
3867 431 3973 484 ἀν-

541 527 744 582 sculus
777 540 966 595 neque
998 523 1235 589 femina,
1256 522 1355 577 sed
1390 534 1755 592 quiscunque
1788 516 2061 571 mulieres
2092 515 2202 569 Do-

541 616 703 671 mino
736 612 1376 686 placuerunt,virorum
1411 608 1674 662 ordinem
1724 604 2038 675 accipiunt.
2100 603 2203 657 Ju-

538 703 756 760 venilia
788 704 1135 757 ornamenta
1167 700 1530 761 obliviscere,
1563 700 1628 751 ut
1660 696 1827 749 bonae
1858 692 2042 747 viduae
2076 706 2205 762 pre-

545 794 698 848 tium
731 789 1107 861 accipiae.Ait
1129 789 1284 842 enim
1310 788 1516 842 beatus
1542 784 1793 840 Paulus:
1821 782 2078 836 «Viduas
2100 779 2205 835 ho-

547 896 707 944 nora,
739 895 865 950 quae
899 894 1030 933 vere
1061 877 1253 933 vidua:
1285 879 1445 931 sunt.
1478 876 1611 937 Quae
1642 890 1776 927 vere
1807 872 1986 925 vidua
2016 876 2105 924 est
2150 873 2207 924 et

548 969 829 1034 desolata,
890 968 949 1021 in
1010 966 1125 1021 Deo
1176 969 1394 1036 sperat,
1423 967 1479 1018 et
1509 966 1811 1035 permanet
1840 959 1899 1012 in
1930 959 2203 1012 observa-

546 1057 802 1113 tionibus
826 1060 882 1111 et
914 1054 1282 1111 orationibus
1315 1056 1482 1107 nocte
1513 1055 1569 1105 et
1598 1049 1709 1104 die.
1741 1052 1877 1112 Quae
1907 1053 2102 1101 autem
2143 1045 2202 1099 in

546 1146 771 1202 deliciis
804 1149 913 1214 est,
946 1146 1178 1197 mortua
1209 1146 1317 1196 est.
1350 1140 1537 1194 Vidua
1567 1138 1818 1210 eligatur
1847 1153 1961 1191 non
2008 1134 2203 1188 minus

544 1250 833 1290 annorum
867 1232 1191 1302 sexaginta,
1228 1247 1355 1302 quae
1391 1229 1563 1283 fuerit.
1613 1226 1792 1281 unius
1847 1224 1953 1279 viri
2013 1240 2154 1278 uxor
2186 1238 2201 1277 :

540 1322 590 1379 si
648 1322 912 1393 hospites
954 1319 1276 1390 exceperit,
1312 1318 1361 1373 si
1394 1317 1610 1372 liberos
1637 1313 1990 1381 educaverit,
2023 1312 2071 1366 si
2105 1328 2202 1383 pe-

542 1411 643 1465 des
676 1414 1018 1465 sanctorum
1053 1407 1278 1473 laverit,
1311 1406 1359 1462 si
1391 1404 1625 1461 afﬂictis
1656 1419 1823 1475 opem
1878 1400 2099 1469 tulerit,
2154 1397 2203 1453 si

550 1513 724 1554 omne
783 1498 1001 1552 bonum
1057 1512 1205 1567 Opus
1238 1498 1549 1567 prosecuta
1583 1492 1781 1548 fuerit.
1818 1490 2089 1546 Juniores
2118 1487 2204 1541 vi-

550 1588 697 1642 duas
728 1602 1121 1642 recusazcum
1155 1584 1309 1640 enim
1340 1581 1700 1638 lascivierint
1730 1581 2008 1636 adversus
2039 1576 2204 1631 Chri-

550 1683 733 1747 stum,
766 1682 906 1732 tunc
934 1678 1152 1731 nubere
1171 1676 1395 1739 volunt,
1427 1674 1709 1728 habentes
1741 1668 2201 1741 damnationem,

551 1768 690 1839 quia
721 1767 973 1839 primam
1007 1766 1183 1819 fidem
1215 1764 1442 1819 irritam
1476 1764 1739 1817 fecerunt
1768 1760 1832 1814 δ’.
1868 1782 1895 1808 ››

625 1882 801 1940 11.Τυ
830 1886 1027 1937 autem
1059 1881 1108 1936 si
1132 1898 1247 1935 non
1280 1880 1460 1934 facias
1494 1878 1597 1933 tibi
1623 1874 1913 1948 juveniles
1947 1873 2204 1948 habitus,

548 1988 663 2026 non
695 1971 899 2027 audies
923 1970 1147 2040 junior,
1181 1969 1280 2024 sed
1324 1972 1490 2023 aetate
1543 1965 1840 2039 grandior,
1903 1964 2204 2033 honorque

549 2061 656 2117 tibi
688 2059 796 2115 erit
829 2058 999 2131 quasi
1031 2061 1198 2112 astate
1222 2054 1697 2128 majori.Materia
1719 2053 2199 2109 vestimentorum

544 2154 809 2213 tuorum,
842 2165 913 2204 ne
943 2148 1017 2203 sit
1050 2146 1247 2218 magni
1279 2144 1467 2217 pretii.
1500 2144 1829 2216 Ependytes
1860 2146 1997 2197 tuus
2038 2140 2202 2209 niger

541 2255 734 2309 neque
768 2238 1008 2301 tinctus,
1041 2236 1143 2290 sed
1180 2235 1359 2289 nativi
1412 2232 1644 2297 coloris,
1703 2236 1804 2285 aut
1850 2229 2196 2301 onychinus.

544 2326 853 2383 Matorium
912 2326 1039 2381 sine
1087 2323 1338 2378 fimbriis
1370 2323 1630 2391 ejusdem
1664 2320 1873 2375 coloris
1909 2338 1920 2374 :
1956 2320 2198 2373 manicae

544 2415 749 2483 laneas,
779 2414 1016 2469 brachia
1046 2429 1237 2484 usque
1267 2412 1338 2467 ad
1374 2411 1588 2483 digitos
1646 2411 1986 2481 obtegentee
2034 2424 2048 2462 :
2098 2423 2195 2462 ca-

544 2504 671 2578 pilli
738 2503 945 2575 capitis
1013 2500 1414 2567 circumtonsi,
1470 2505 1526 2555 et
1580 2500 1725 2554 vitta
1789 2497 1958 2553 lanea
2021 2499 2199 2566 caput

546 2593 900 2663 astringens,
928 2589 1225 2646 cucullula
1255 2595 1312 2645 et
1351 2586 1831 2659 superhumerale
1881 2585 2005 2639 sine
2064 2585 2196 2637 fim-

545 2682 709 2738 briis.
769 2680 823 2735 Si
870 2681 992 2735 viro
1023 2696 1314 2744 occurras,
1377 2677 1552 2731 facies
1602 2676 1791 2730 velata
1822 2674 2195 2743 demissaque

539 2774 685 2837 esto,
719 2785 906 2840 neque
936 2767 1162 2823 homini
1195 2766 1419 2820 vultum
1452 2764 1704 2830 attolles,
1756 2764 1856 2819 sed
1910 2761 2196 2817 duntaxat

541 2859 657 2917 Deo
707 2863 826 2914 tuo.
861 2861 1006 2914 Cum
1039 2858 1109 2911 ad
1143 2856 1431 2912 orandum
1467 2854 1720 2919 steteris,
1753 2852 1872 2907 sint
1902 2851 2077 2923 pedes
2108 2848 2192 2904 tui

540 2947 750 3004 calceis
781 2947 987 3019 operti.
1020 2944 1325 3015 Ejusmodi
1378 2943 1535 2998 enim
1596 2940 1925 2997 vestimenti
1982 2955 2189 3010 genus,

544 3036 915 3093 sanctitatem
971 3034 1219 3105 praefert.
1272 3031 1353 3087 Ne
1379 3031 1608 3087 exuaris
1639 3031 1709 3085 ad
1744 3045 1930 3101 usque
1957 3029 2190 3083 nudita-

542 3129 664 3181 tem
715 3140 729 3179 :
781 3129 949 3179 nocte
1008 3122 1217 3192 dieque
1273 3121 1451 3176 vestis
1504 3123 1662 3190 tegat
1714 3134 1943 3173 carnem
2002 3121 2186 3172 tuam.

545 3216 861 3283 Nunquam
894 3215 951 3266 te
983 3209 1094 3265 alia
1126 3209 1342 3265 femina
1368 3209 1586 3263 nudam
1618 3206 1810 3261 videat
1840 3207 1938 3261 89
1974 3205 2085 3261 nisi
2131 3206 2189 3259 in

548 3315 787 3358 summa
815 3298 1181 3365 necessitate;
1207 3311 1394 3367 neque
1424 3304 1478 3351 te
1503 3295 1633 3367 ipsa
1658 3296 2015 3361 consideres,
2036 3294 2193 3349 nudo

548 3405 811 3461 corpore.
845 3394 889 3440 Α
923 3403 1036 3458 quo
1066 3391 1328 3456 tempore
1357 3384 1512 3439 enim
1545 3384 1805 3440 statuisti
1864 3384 1979 3439 Deo
2033 3387 2195 3438 casta

549 3493 701 3547 esse,
761 3492 971 3546 corpus
1030 3478 1196 3528 tuum
1230 3473 1659 3528 sanctificatum
1692 3477 1748 3527 et
1778 3471 2063 3543 templum
2097 3470 2195 3526 Dei

547 3571 659 3623 est.
688 3564 814 3621 Non
847 3564 1018 3620 debet
1049 3562 1229 3635 igitur
1259 3561 1539 3633 templum
1568 3562 1661 3616 Dei
1696 3563 1766 3616 ab
1816 3561 1933 3617 ullo
1993 3560 2192 3632 retegi.

545 3655 672 3711 Non
728 3653 841 3708 ibis
897 3652 968 3707 ad
1002 3650 1298 3714 balneum,
1333 3651 1381 3705 si
1414 3650 1649 3720 quidem
1682 3666 1826 3704 sana
1856 3650 1958 3715 sis,
1994 3650 2105 3704 nisi
2138 3649 2197 3703 in

546 3759 784 3799 summa
814 3740 1181 3807 necessitate;
1204 3756 1392 3810 neque
1423 3739 1738 3810 immergas
1767 3743 1955 3793 totum
1989 3754 2199 3808 corpus

545 3835 715 3887 tuum
749 3831 809 3885 in
842 3845 1081 3901 aquam,
1114 3828 1252 3900 quia
1283 3834 1486 3883 sancta
1509 3844 1570 3883 es
1602 3826 1847 3882 Domino
1880 3827 2014 3881 Deo.
2074 3826 2196 3881 Non

548 3921 911 3976 contamines
972 3934 1208 3973 carnem
1270 3923 1433 3972 tuam
1496 3916 1616 3972 ulla
1657 3932 1716 3971 re
1744 3917 2062 3985 mundana,
2098 3917 2199 3971 sed

547 4009 756 4064 faciem
790 4011 1019 4061 tantum
1070 4011 1231 4060 tuam
1291 4004 1439 4072 lava,
1500 4010 1557 4060 et
1614 4022 1824 4060 manus
1884 4006 2199 4077 pedesque.

548 4096 695 4150 Cum
746 4094 954 4149 laveris
981 4094 1188 4149 faciem
1221 4097 1407 4163 tuam,
1438 4110 1509 4148 ne
1539 4093 1726 4148 lavate
1758 4094 2045 4149 ambabus
2079 4111 2203 4148 ma-

551 4184 749 4249 nibus,
780 4197 968 4253 neque
997 4182 1341 4253 expoliveris
1372 4198 1552 4253 genas
1580 4182 1779 4237 vultus
1804 4183 1913 4251 tui,
1946 4198 2017 4238 ne
2067 4183 2203 4238 her-

552 4273 713 4339 bam,
745 4286 816 4325 ne
849 4270 1091 4338 nitrum,
1124 4274 1225 4324 aut
1253 4269 1393 4340 quid
1427 4269 1618 4325 simile
1647 4271 1985 4328 adhibueris
2021 4290 2033 4327 :
2068 4289 2205 4328 nam

552 4377 683 4432 que
714 4359 1023 4415 mundana;
1053 4364 1194 4413 sunt
1222 4357 1366 4413 talia
1390 4358 1637 4427 iaciunt;
1670 4361 1771 4416 sed
1804 4378 1957 4431 aqua
1986 4362 2209 4417 munda

556 4449 789 4505 laveris.

561 4534 638 4607 μὴ
703 4531 873 4608 βάλῃς
932 4526 1096 4602 πόαν,
1125 4528 1252 4586 οὐδὲ
1304 4530 1505 4607 νίτρον,
1538 4528 1663 4586 οὐδὲ
1706 4533 1773 4587 τὰ
1816 4532 1982 4608 ὅμοια
2020 4536 2257 4602 τούτοις·

559 4619 708 4696 θοιρῷ
738 4621 889 4695 vivn-

2220 3164 2262 3231 C

2313 511 2511 587 δρείαν.
2549 515 2631 568 Ἐν
2668 516 2767 588 γάρ
2803 519 2869 586 τῇ
2927 514 3175 587 βασιλείᾳ
3220 519 3327 568 τῶν
3380 515 3641 590 οὐρανῶν,
3673 518 3772 571 οὐκ
3822 517 3974 573 ἔστιν

2313 601 2467 677 ἁῤῥεν
2502 604 2589 656 καὶ
2637 603 2798 671 θῆλυ,
2833 602 2977 657 ἀλλὰ
3029 610 3191 657 πᾶσαι
3252 605 3305 657 αἱ
3366 606 3723 677 άρεστήσασαι
3774 614 3981 683 γυναῖ-

2312 711 2398 751 κες
2428 688 2638 764 ἀνδρῶν
2686 692 2829 760 τάξιν
2882 686 3271 763 λαμϐάνουσιν.
3309 692 3605 756 Ἐπιλάθου
3652 696 3717 748 τά
3765 717 3975 751 νεωτε-

2314 780 2437 854 ρικά
2496 783 2775 855 σχήματα,
2803 778 2893 833 ἵνα
2945 778 3114 853 λάϐῃς
3160 782 3327 851 τιμὴν
3372 788 3473 850 τῆς
3530 789 3705 852 καΛῆς
3756 787 3972 860 χήρας,

2314 868 2464 944 Λᾶγει
2524 871 2626 943 γάρ
2678 870 2706 922 ὁ
2750 870 2898 943 ἅγιος
2950 870 3162 930 Παῦλος
3196 874 3325 941 (12).
3364 871 3564 943 «Τίμα
3614 874 3819 947 χήρας,
3862 877 3971 947 τὰς

2313 953 2478 1019 ὄντως
2538 960 2735 1032 χήρας.
2794 960 2852 1014 Ἡ
2912 956 2968 1011 δὶ
3019 955 3189 1019 ὅντως
3242 962 3391 1035 χήρα
3448 961 3535 1013 καὶ
3593 944 3969 1034 μεμονωμένη

2312 1044 2543 1114 ἤλπικεν
2604 1046 2690 1101 ἐπὶ
2748 1046 2839 1100 τὸν
2897 1046 3047 1116 Θεὸν,
3096 1048 3184 1101 καὶ
3239 1048 3529 1123 προσμένει
3581 1056 3697 1110 ταῖς
3746 1048 3969 1121 δεήσεσι

2311 1136 2396 1189 καῖ
2442 1141 2557 1196 ταῖς
2589 1142 2923 1212 προσευχαῖς
2966 1138 3154 1198 νυκτὸς
3200 1137 3288 1190 καὶ
3340 1138 3568 1212 ἡμέρας.
3601 1139 3663 1195 Ἣ
3716 1136 3772 1193 δε
3826 1161 3970 1193 σπαο

2309 1222 2530 1279 ταλῶσα
2593 1224 2839 1293 τέθνηκε.
2899 1226 3055 1300 Χήρα
3123 1226 3500 1299 καταλεγέσθω
3581 1228 3656 1299 μή
3734 1226 3972 1282 ἔλαττον

2314 1313 2447 1368 ἐτῶν
2504 1313 2783 1384 ἐξήκοντα,
2815 1320 3072 1388 γεγονυῖα
3130 1315 3247 1376 ἑνὸς
3304 1312 3495 1389 ἀνδρὸς
3551 1318 3709 1389 γυνή·
3746 1318 3790 1371 εἰ
3850 1318 3974 1387 ἐξε-

2310 1400 2633 1476 νοδόχησεν,
2666 1402 2709 1456 εί
2743 1402 3213 1479 ὶτεκνοτρόφησεν,
3248 1403 3294 1457 εἴ
3326 1403 3495 1479 ἁγίων
3542 1403 3709 1465 πόδας
3758 1403 3975 1479 ἔνιψεν,

2314 1491 2358 1545 εί
2399 1486 2755 1564 Θλιόομένοις
2797 1490 3106 1567 ἐπήρκεσεν,
3139 1491 3183 1546 εί
3234 1492 3394 1547 παντὶ
3447 1492 3589 1569 ἔργῳ
3637 1493 3825 1566 ἀγαθῷ
3876 1494 3975 1548 ἐπ-

2314 1580 2677 1651 ηκολούθησε.
2711 1582 2987 1655 Νεωτὲρας
3039 1578 3097 1635 δὲ
3147 1583 3327 1656 χήρας
3368 1587 3651 1656 παραιτοῦ·
3685 1581 3811 1637 ὅταν
3859 1585 3970 1659 γὰρ

2312 1667 2808 1744 καταστρηνιάσωσι
2890 1674 2985 1724 τοῦ
3095 1674 3349 1745 Χριστοῦ,
3412 1676 3607 1745 γαμεῖν
3688 1670 3973 1739 θέλουσιν,

2235 1797 2281 1862 Β
2313 1754 2537 1833 ἔχουσαι
2568 1764 2757 1832 κρῖμα,
2791 1757 2873 1813 ὅτι
2904 1761 3001 1827 τὴν
3031 1760 3253 1832 πρώτην
3282 1759 3459 1814 πίστιν
3488 1760 3767 1830 ἠθέτησαν.
3808 1785 3832 1811 ι

2388 1878 2471 1931 11.
2508 1874 2581 1929 Σὺ
2609 1873 2685 1943 δὲ,
2720 1874 2763 1928 εί
2799 1876 2893 1947 μὲν
2926 1874 2987 1929 οὐ
3018 1881 3194 1937 ποιεῖς
3233 1875 3297 1929 τὰ
3342 1876 3632 1949 νεωτερικά
3674 1880 3971 1951 σχήματα⁹

2314 1965 2412 2019 οὐκ
2466 1964 2677 2024 ἀκούεις
2734 1965 2984 2039 νεωτέρα,
3018 1962 3162 2017 ἀλλὰ
3217 1966 3305 2019 καὶ
3350 1960 3634 2038 πρεσϐύτις
3684 1964 3968 2039 ἀποκαλῇ,

2310 2053 2397 2107 καὶ
2455 2055 2621 2125 τιμήν
2674 2049 2843 2128 ἔχεις,
2886 2053 2961 2115 ὡς
3008 2048 3361 2129 πρεσϐυτέρα.
3415 2056 3473 2107 ’Π
3518 2053 3802 2115 ὑπόστασις
3853 2059 3967 2109 τῶν

2310 2142 2542 2214 ἱματίων
2604 2164 2697 2195 σου
2761 2144 2835 2214 μὴ
2894 2138 3011 2210 ἤτω
3067 2140 3396 2214 πολύτιμος’
3450 2144 3477 2198 ὁ
3520 2141 3809 2213 ἐπενδύτης
3866 2165 3968 2199 σου

2314 2230 2505 2303 μέλας,
2542 2233 2616 2303 μὴ
2656 2226 2996 2306 βεϐαμμένος
3030 2230 3079 2285 ἐν
3121 2232 3288 2308 βαφῇ,
3321 2230 3446 2287 ἀλλ’
3494 2230 3767 2308 αὐτοφυὴς
3820 2231 3967 2288 ἴδιό-

2309 2340 2478 2394 χροος
2509 2322 2641 2391 (43),
2674 2322 2706 2388 ἢ
2762 2318 3049 2393 ὀνυχίζων·
3100 2320 3188 2373 καὶ
3234 2322 3296 2375 τὸ
3353 2321 3614 2393 μαωόριον
3669 2320 3966 2395 ἅκροσσον,

2308 2409 2564 2469 ὡσαύτως
2612 2414 2709 2477 τῆς
2756 2408 2923 2476 αὐτῆς
2970 2409 3159 2484 χρόας
3213 2409 3301 2463 καὶ
3352 2407 3591 2487 χειρίδια
3642 2409 3762 2485 ἔρεᾶ
3810 2431 3973 2485 περι-

2306 2496 2647 2552 καλύπτοντα
2675 2496 2802 2558 τοὺς
2864 2498 3159 2572 βραχίονας
3203 2495 3307 2559 ἓως
3362 2503 3468 2552 τῶν
3530 2497 3808 2553 δακτύλων
3853 2504 3970 2553 τῶν

2305 2592 2532 2662 χειρῶν,
2560 2587 2653 2647 τὰς
2683 2586 2875 2661 τρίχας
2904 2593 3005 2655 τῆς
3043 2585 3285 2663 κεφαλῆς
3334 2589 3833 2664 περικεκομμένας,
3870 2589 3966 2643 καὶ

2302 2673 2732 2753 κεφαλοδέσμιον
2777 2676 2959 2743 ἐρεοῦν
3010 2675 3367 2752 περισφίγγον
3428 2680 3525 2745 τήν
3574 2675 3834 2753 κεΫαλήν,
3870 2676 3966 2730 καὶ

2302 2764 2648 2833 κουκούλιον,
2681 2764 2770 2817 καὶ
2823 2763 3063 2836 ἐπώμιον
3108 2762 3389 2838 ἅκροσσον.
3424 2765 3545 2819 Ἐάν
3594 2761 3650 2819 δὲ
3697 2769 3967 2835 συναντῷς

2304 2853 2592 2927 ἀνθρώπῳ,
2625 2854 2685 2906 τὸ
2714 2852 3004 2927 πρόσωπον
3039 2852 3587 2926 κατακεκαλυμμένον
3622 2850 3782 2925 ἔστω,
3803 2856 3961 2908 κάτω

2300 2946 2474 3009 νεῦον,
2505 2941 2593 2995 καὶ
2626 2940 2724 2995 οὐκ
2754 2940 2951 3014 ἐπάρῃς
2983 2940 3251 3015 ἀνθρώπῳ
3298 2942 3360 2995 τὸ
3413 2942 3702 3014 πρόσωπόν
3753 2963 3877 3008 σου,
3912 2943 3960 2996 εἱ

2304 3031 2378 3103 μή
2416 3029 2575 3102 μόνον
2598 3034 2677 3101 τῷ
2709 3034 2823 3101 Θεῷ
2854 3050 2969 3085 σου.
3001 3032 3166 3086 ’Ὀταν
3202 3034 3330 3103 στῇς
3362 3030 3437 3092 εἷς
3469 3030 3961 3105 προσευχὴν,τοὺς

2299 3116 2469 3181 πόδας
2504 3139 2597 3172 σου
2628 3117 3203 3191 περικεκαλυμμὲνους
3234 3117 3328 3193 ἔχε
3362 3119 3413 3172 ἐν
3449 3116 3816 3191 ὑποδήμασιν.
3852 3118 3960 3175 Αὖ-

2298 3209 2392 3270 τὸς
2442 3209 2545 3282 γὰρ
2595 3209 2622 3262 ὁ
2672 3204 2966 3280 στολισμὸς
3015 3208 3349 3283 ἱεροπρεπής
3399 3208 3558 3265 ἐστιν.
3600 3207 3713 3265 Οὐκ
3758 3204 3961 3280 ἐκδύο-ῃ

2301 3298 2505 3371 γυμνήο
2539 3297 2729 3357 νυκτὸς
2762 3294 2818 3350 δὲ
2865 3296 2953 3351 καὶ
3012 3296 3221 3372 ἡμέρας
3276 3297 3339 3351 τὸ
3386 3297 3605 3369 ἱμάτιόν
3658 3317 3751 3350 σου
3810 3294 3958 3350 ἔστω

2300 3383 2575 3439 καλύπτον
2625 3386 2722 3452 τὴν
2775 3384 2943 3457 σάρκα
2990 3406 3106 3441 σου.
3141 3384 3214 3439 Οὐ
3266 3388 3340 3458 μὴ
3394 3382 3479 3459 ἴδῃ
3530 3383 3671 3454 ἄλλη
3707 3384 3844 3458 γυνή
3894 3385 3963 3437 τὸ

2304 3474 2464 3546 σῶμά
2516 3495 2609 3527 σου
2661 3475 2867 3548 γυμνὸν
2923 3472 3044 3527 ἄνευ
3090 3475 3262 3539 πάσης
3330 3474 3592 3549 ἀνάγκης
3655 3470 3783 3527 ἀλλ’
3833 3469 3968 3525 ούδὶ

2304 3561 2438 3630 αὐτή
2490 3564 2845 3631 κατανοήσεις
2900 3560 3397 3635 ἀποκεκαλυμμὲνη
3446 3567 3526 3633 τῷ
3582 3562 3815 3633 σώματι.
3868 3560 3964 3630 Ἐξ

2307 3650 2434 3705 ὅτου
2491 3652 2590 3725 γάρ
2653 3650 2818 3721 ἐτάξω
2875 3656 2952 3723 τῷ
3010 3656 3127 3722 Θεῷ
3193 3651 3621 3727 ἕγκρατιύεσθαι,
3680 3651 3742 3704 τὸ
3804 3651 3971 3721 σῶμά

2306 3761 2401 3794 σου
2433 3738 2756 3815 ἡγιασμένον
2791 3740 2924 3810 ἐστὶ,
2956 3741 3045 3794 καὶ
3078 3740 3202 3801 ναός
3235 3740 3342 3795 ἐστι
3400 3745 3496 3795 τοῦ
3556 3743 3688 3795 Θεοῦ
3722 3742 3857 3805 (Ml.
3891 3737 3972 3791 Ού

2311 3831 2421 3905 χρή
2454 3830 2542 3883 οὖν
2583 3830 2674 3884 τὸν
2721 3830 2841 3884 ναὸν
2879 3835 2975 3885 τοῦ
3030 3828 3163 3885 Θιοῦ
3214 3829 3682 3885 ἀποκαλύπτεσθαι
3737 3828 3841 3882 ὑπό
3885 3848 3973 3881 τι-

2309 3940 2422 3981 νος.
2458 3921 2533 3975 Ού
2592 3920 2827 3995 πορεύσῃ
2883 3920 2957 3981 εἷς
3024 3919 3307 3991 βαλανεῖον
3367 3919 3674 3995 ὑγιαίνουσα
3706 3916 3829 3972 ἄνευ
3862 3917 3974 3970 πά-

2314 4028 2411 4077 σης
2467 4008 2725 4083 ἀνάγκης,
2776 4008 2836 4063 οὐ
2879 4010 2953 4081 μὴ
3017 4010 3190 4083 βάψῃς
3238 4008 3369 4063 ὅλον
3414 4008 3478 4061 τὰ
3524 4006 3681 4078 σῶμά
3738 4027 3835 4059 σου
3892 4005 3974 4065 εἰς

2314 4094 2482 4171 ὕδωρ,
2516 4096 2597 4150 ὅτι
2659 4096 2784 4170 ἁγία
2842 4099 2887 4151 εἱ
2949 4096 3131 4172 Κυρίῳ
3188 4102 3267 4168 τῷ
3326 4102 3460 4167 Θεῷ·
3495 4096 3583 4150 καὶ
3645 4094 3706 4149 οὐ
3758 4099 3976 4165 μιανεῖς

2312 4186 2411 4253 τὴν
2470 4184 2637 4259 σάρκα
2689 4207 2787 4239 σου
2844 4186 2894 4240 ἐν
2958 4183 3134 4240 οὐδενὶ
3194 4184 3464 4258 κοσμικῷ,
3496 4183 3644 4240 ἀλλὰ
3695 4182 3861 4255 μόνον
3906 4184 3974 4236 τὸ

2314 4273 2605 4347 πρόσωπόν
2636 4296 2735 4329 σου
2767 4275 2939 4349 νίψαι,
2969 4274 3058 4330 καὶ
3088 4276 3181 4337 τὰς
3221 4280 3411 4351 χεῖρας
3460 4273 3548 4328 καὶ
3594 4272 3721 4334 τοὺς
3771 4269 3977 4333 πόδας.

2314 4368 2477 4418 ’Ὀταν
2509 4364 2666 4436 νίψῃς
2696 4365 2758 4418 τὸ
2788 4364 3079 4440 πρόσωπόν
3116 4386 3232 4434 σου,
3266 4364 3327 4419 οὐ
3361 4362 3489 4436 vim,
3534 4368 3652 4423 ταῖς
3704 4358 3799 4415 δύο
3847 4381 3980 4435 χερ-

2322 4453 2424 4523 σὶν,
2457 4449 2581 4505 οὐδὲ
2629 4450 2852 4527 ἐκτρίψῃ
2882 4455 2993 4525 (15)
3022 4454 3087 4506 τὰ
3138 4451 3289 4525 μῆλα
3334 4459 3433 4520 τῆς
3482 4446 3661 4525 ὄψεώς
3698 4470 3815 4518 σου,
3850 4447 3983 4503 οὐδὲ

2312 4540 2366 4593 αἱ
2415 4539 2677 4611 κοσμικαῖ
2721 4541 2822 4614 γὰρ
2871 4543 3040 4593 ταῦτα
3086 4544 3357 4593 ποιοῦσινο
3400 4536 3525 4593 ἀλλ’
3574 4536 3625 4592 ἐν
3673 4533 3827 4590 ὕδατι
3876 4556 3983 4589 κα-

632 4731 717 4786 12.
768 4728 850 4786 Ne
898 4729 1152 4801 pretioso
1184 4732 1486 4799 unguento
1517 4743 1729 4800 corpus
1760 4733 1927 4785 tuum
1960 4734 2195 4789 unxeris

2403 4734 2489 4788 12.
2523 4730 2633 4785 Οὐκ
2689 4731 2945 4807 ἐπιχρίσῃ
2987 4734 3049 4787 τὸ
3099 4734 3259 4804 σῶμά
3306 4753 3401 4787 σου
3456 4730 3612 4804 μύρῳ
3658 4728 3986 4797 πολυτελεῖ,

558 4835 699 4875 neve
732 4819 1096 4874 aromatibus
1128 4816 1326 4889 magni
1361 4817 1739 4889 pretiivestes
1758 4835 2035 4892 aspergas
2052 4826 2207 4879 tuas.

555 4905 718 4968 Quod
750 4905 801 4959 si
832 4921 1044 4976 corpus
1070 4908 1244 4960 tuum
1269 4902 1622 4959 imbecillius
1655 4906 2060 4974 evaserit,vino
2092 4926 2212 4966 mo-

557 4994 688 5049 dico
721 5000 879 5049 utere
906 4994 979 5048 ob
1011 4991 1383 5048 stomachum
1416 4992 1475 5049 ⁵³.
1516 4993 1575 5048 Si
1609 5010 1765 5062 vero,
1814 4997 1964 5066 quod
2022 4998 2210 5054 absit!

558 5084 620 5139 in
652 5082 874 5138 malum
907 5081 1166 5151 incidas;
1199 5082 1449 5153 teipsam
1480 5097 1640 5151 cura,
1676 5100 1780 5139 nec
1810 5085 1913 5140 des
1954 5085 2213 5141 homini-

632 5237 677 5273 "
706 5236 728 5293 Ι
759 5236 913 5295 Tim.
942 5252 999 5306 v,
1027 5235 1148 5291 3-8.
1225 5235 1268 5271 ⁸⁸
1302 5235 1327 5290 Ι
1357 5235 1509 5293 Tim.
1538 5252 1594 5307 v,
1625 5238 1714 5295 23.

564 5397 931 5528 in(‘F?gl<I:i.mZ(z'
961 5397 1123 5471 Λέγει
1153 5396 1255 5471 γὰρ
1286 5396 1407 5453 ὁ””
1437 5395 1535 5458 τὰ(
1565 5391 1733 5460 ὅντως
1766 5400 1967 5473 χήρας,
2000 5401 2218 5458 desunt

634 5542 749 5613 (13)
780 5540 957 5597 Basil.
989 5544 1047 5596 et
1075 5537 1272 5614 Angl.,
1304 5533 1607 5614 ίδιύχροοδ.
1642 5540 1793 5614 Editi
1825 5541 2033 5614 etalii,
2083 5539 2221 5596 ἷὸιό-

576 5610 787 5687 χρωος.
847 5615 994 5683 Mox,
1053 5610 1231 5668 Basil.
1291 5613 1349 5667 et
1374 5610 1568 5683 Angl.,
1601 5610 1795 5688 χρόας.
1828 5613 1981 5672 Editi
2010 5610 2068 5672 et
2097 5615 2220 5685 alii,

2320 4817 2444 4875 οὐδὶ
2508 4814 2786 4881 ἐπιϐαλεῖς
2846 4819 2932 4874 ἐπὶ
2973 4820 3039 4874 τά
3094 4820 3283 4894 ἱμάτιά
3340 4842 3435 4874 σου
3486 4819 3749 4894 ἀρώματα
3798 4818 3987 4873 πολύ-

2319 4930 2473 4981 τιμα.
2535 4908 2660 4962 Ἐάν
2723 4906 2779 4963 δὲ
2825 4910 2886 4962 τὸ
2936 4912 3095 4982 σῶμά
3159 4930 3253 4963 σου
3304 4907 3672 4980 ἀσθενέστερον
3732 4904 3983 4981 γένηται,

2323 5004 2527 5073 χρῆσαι
2562 4995 2696 5070 οἷ’νῳ
2734 4996 2911 5071 ὀλίγῳ
2944 4995 3031 5052 διὰ
3067 4998 3157 5052 τὸν
3205 4998 3503 5074 στόμαχον.
3536 4997 3657 5051 Ἐάν
3708 4993 3786 5066 δὲ,
3818 4996 3849 5049 ’ὁ
3900 4997 3982 5067 μή

2324 5088 2571 5161 γὲνοιτοί
2607 5086 2682 5148 εἷς
2730 5086 2962 5141 κάκωσιν
3012 5086 3267 5160 ἰμπίσῃς,
3302 5094 3529 5156 σεαυτῆς
3576 5083 3865 5158 ἐπιμέλου,
3903 5087 3981 5157 μὴ

2326 5419 2911 5543 χρδῖἷσΒᾶεἱιίθΠἙὶδ,
2942 5473 3031 5528 καὶ
3061 5472 3186 5536 ναὸς
3216 5476 3314 5529 τοῖ’)
3343 5475 3498 5543 Θεοῦ.

2428 5545 2516 5617 15)
2547 5546 2633 5602 Ita
2659 5546 2886 5619 Anglic.
2922 5546 3071 5603 Editi
3098 5561 3255 5619 vero,
3287 5542 3410 5601 οὐδὶ
3444 5544 3520 5618 μή
3554 5544 3696 5621 ἐκτρ.
