  <div class='ocr_page' id='page_1' title='image "/cluster/home/n/w/nwhite01/storage/ocr_20150623/28/hvd.32044052794351/139.png"; bbox 0 0 2068 3109; ppageno 0'>
   <div class='ocr_carea' id='block_1_1' title="bbox 202 193 261 224">
    <p class='ocr_par' dir='ltr' id='par_1_1' title="bbox 202 193 261 224">
     <span class='ocr_line' id='line_1_1' title="bbox 202 193 261 224; baseline 0 0"><span class='ocrx_word' id='word_1_1' title='bbox 202 193 261 224; x_wconf 74' lang='grc'><strong>267</strong></span> 
     </span>
    </p>
   </div>
   <div class='ocr_carea' id='block_1_2' title="bbox 796 186 1318 220">
    <p class='ocr_par' dir='ltr' id='par_1_2' title="bbox 796 186 1318 220">
     <span class='ocr_line' id='line_1_2' title="bbox 796 186 1318 220; baseline -0.002 0"><span class='ocrx_word' id='word_1_2' title='bbox 796 188 829 220; x_wconf 91' lang='lat' dir='ltr'><strong>S.</strong></span> <span class='ocrx_word' id='word_1_3' title='bbox 851 186 1116 220; x_wconf 77' lang='lat' dir='ltr'><strong>ATHANASIUS.</strong></span> <span class='ocrx_word' id='word_1_4' title='bbox 1131 203 1171 209; x_wconf 93' lang='lat'><em>—</em></span> <span class='ocrx_word' id='word_1_5' title='bbox 1185 186 1318 219; x_wconf 72' lang='lat' dir='ltr'><strong>DUBIA.</strong></span> 
     </span>
    </p>
   </div>
   <div class='ocr_carea' id='block_1_3' title="bbox 1850 186 1911 221">
    <p class='ocr_par' dir='ltr' id='par_1_3' title="bbox 1850 186 1911 221">
     <span class='ocr_line' id='line_1_3' title="bbox 1850 186 1911 221; baseline 0.016 -1"><span class='ocrx_word' id='word_1_6' title='bbox 1850 186 1911 221; x_wconf 76' lang='lat'><strong>268</strong></span> 
     </span>
    </p>
   </div>
   <div class='ocr_carea' id='block_1_4' title="bbox 203 252 1031 295">
    <p class='ocr_par' dir='ltr' id='par_1_4' title="bbox 203 255 1027 295">
     <span class='ocr_line' id='line_1_4' title="bbox 203 255 1027 295; baseline -0.008 -6"><span class='ocrx_word' id='word_1_7' title='bbox 203 260 292 294; x_wconf 86' lang='lat' dir='ltr'><strong>Deus,</strong></span> <span class='ocrx_word' id='word_1_8' title='bbox 320 270 331 284; x_wconf 73' lang='grc' dir='ltr'><strong>ι</strong></span> <span class='ocrx_word' id='word_1_9' title='bbox 359 257 459 295; x_wconf 83' lang='lat' dir='ltr'><strong>pransi</strong></span> <span class='ocrx_word' id='word_1_10' title='bbox 479 266 512 286; x_wconf 88' lang='lat' dir='ltr'><strong>ac</strong></span> <span class='ocrx_word' id='word_1_11' title='bbox 541 258 695 294; x_wconf 78' lang='lat' dir='ltr'><strong>surgentes</strong></span> <span class='ocrx_word' id='word_1_12' title='bbox 718 265 736 284; x_wconf 90' lang='lat' dir='ltr'><strong>a</strong></span> <span class='ocrx_word' id='word_1_13' title='bbox 763 264 866 284; x_wconf 85' lang='lat' dir='ltr'><strong>mensa</strong></span> <span class='ocrx_word' id='word_1_14' title='bbox 890 255 1027 283; x_wconf 90' lang='lat' dir='ltr'><strong>dicimus.</strong></span> 
     </span>
    </p>
   </div>
   <div class='ocr_carea' id='block_1_5' title="bbox 1088 252 1913 295">
    <p class='ocr_par' dir='ltr' id='par_1_5' title="bbox 1088 252 1913 292">
     <span class='ocr_line' id='line_1_5' title="bbox 1088 252 1913 292; baseline 0.002 -12"><span class='ocrx_word' id='word_1_15' title='bbox 1088 253 1112 280; x_wconf 75' lang='lat' dir='ltr'><strong>iv</strong></span> <span class='ocrx_word' id='word_1_16' title='bbox 1140 252 1169 281; x_wconf 82' lang='grc' dir='ltr'><strong>δὶ</strong></span> <span class='ocrx_word' id='word_1_17' title='bbox 1196 256 1236 290; x_wconf 82' lang='grc' dir='ltr'>τῷ</span> <span class='ocrx_word' id='word_1_18' title='bbox 1261 256 1344 286; x_wconf 74' lang='grc' dir='ltr'>θεῖναι</span> <span class='ocrx_word' id='word_1_19' title='bbox 1368 254 1465 282; x_wconf 75' lang='grc' dir='ltr'>τοῦτον</span> <span class='ocrx_word' id='word_1_20' title='bbox 1480 254 1506 283; x_wconf 78' lang='grc' dir='ltr'><strong>έν</strong></span> <span class='ocrx_word' id='word_1_21' title='bbox 1521 256 1556 291; x_wconf 77' lang='grc' dir='ltr'><strong>τῇ</strong></span> <span class='ocrx_word' id='word_1_22' title='bbox 1570 255 1703 292; x_wconf 81' lang='grc' dir='ltr'>τραπέζῃ,</span> <span class='ocrx_word' id='word_1_23' title='bbox 1719 253 1765 282; x_wconf 80' lang='grc' dir='ltr'><strong>καὶ</strong></span> <span class='ocrx_word' id='word_1_24' title='bbox 1780 258 1913 290; x_wconf 77' lang='grc' dir='ltr'>καθεσθῆ-</span> 
     </span>
    </p>
   </div>
   <div class='ocr_carea' id='block_1_6' title="bbox 203 300 1028 337">
    <p class='ocr_par' dir='ltr' id='par_1_6' title="bbox 203 300 1028 337">
     <span class='ocr_line' id='line_1_6' title="bbox 203 300 1028 337; baseline -0.006 -5"><span class='ocrx_word' id='word_1_25' title='bbox 203 304 285 337; x_wconf 87' lang='lat' dir='ltr'><strong>Quod</strong></span> <span class='ocrx_word' id='word_1_26' title='bbox 301 303 326 332; x_wconf 90' lang='lat' dir='ltr'><strong>si</strong></span> <span class='ocrx_word' id='word_1_27' title='bbox 351 303 450 331; x_wconf 79' lang='lat' dir='ltr'><strong>adsint</strong></span> <span class='ocrx_word' id='word_1_28' title='bbox 472 304 570 330; x_wconf 84' lang='lat' dir='ltr'><strong>tecum</strong></span> <span class='ocrx_word' id='word_1_29' title='bbox 586 302 650 329; x_wconf 69' lang='lat' dir='ltr'><strong>duae</strong></span> <span class='ocrx_word' id='word_1_30' title='bbox 678 300 720 329; x_wconf 90' lang='lat' dir='ltr'><strong>vel</strong></span> <span class='ocrx_word' id='word_1_31' title='bbox 734 301 785 329; x_wconf 76' lang='lat'><strong>90</strong></span> <span class='ocrx_word' id='word_1_32' title='bbox 801 302 860 328; x_wconf 89' lang='lat' dir='ltr'><strong>tres</strong></span> <span class='ocrx_word' id='word_1_33' title='bbox 889 300 1028 336; x_wconf 86' lang='lat' dir='ltr'><strong>virgines,</strong></span> 
     </span>
    </p>
   </div>
   <div class='ocr_carea' id='block_1_7' title="bbox 204 346 1027 385">
    <p class='ocr_par' dir='ltr' id='par_1_7' title="bbox 204 346 1027 385">
     <span class='ocr_line' id='line_1_7' title="bbox 204 346 1027 385; baseline -0.006 -9"><span class='ocrx_word' id='word_1_34' title='bbox 204 349 314 385; x_wconf 87' lang='lat' dir='ltr'><strong>gratias</strong></span> <span class='ocrx_word' id='word_1_35' title='bbox 338 349 426 384; x_wconf 82' lang='lat' dir='ltr'><strong>agant</strong></span> <span class='ocrx_word' id='word_1_36' title='bbox 449 355 537 383; x_wconf 90' lang='lat' dir='ltr'><strong>super</strong></span> <span class='ocrx_word' id='word_1_37' title='bbox 552 354 668 382; x_wconf 86' lang='lat' dir='ltr'><strong>panem,</strong></span> <span class='ocrx_word' id='word_1_38' title='bbox 696 348 726 374; x_wconf 90' lang='lat' dir='ltr'><strong>et</strong></span> <span class='ocrx_word' id='word_1_39' title='bbox 741 354 799 373; x_wconf 90' lang='lat' dir='ltr'><strong>una</strong></span> <span class='ocrx_word' id='word_1_40' title='bbox 823 347 919 373; x_wconf 89' lang='lat' dir='ltr'><strong>tecum</strong></span> <span class='ocrx_word' id='word_1_41' title='bbox 935 346 1027 372; x_wconf 86' lang='lat' dir='ltr'><strong>orent.</strong></span> 
     </span>
    </p>
   </div>
   <div class='ocr_carea' id='block_1_8' title="bbox 204 391 1027 426">
    <p class='ocr_par' dir='ltr' id='par_1_8' title="bbox 204 391 1027 426">
     <span class='ocr_line' id='line_1_8' title="bbox 204 391 1027 426; baseline -0.006 -5"><span class='ocrx_word' id='word_1_42' title='bbox 204 394 286 426; x_wconf 83' lang='lat' dir='ltr'><strong>Quod</strong></span> <span class='ocrx_word' id='word_1_43' title='bbox 302 394 325 420; x_wconf 90' lang='lat' dir='ltr'><strong>si</strong></span> <span class='ocrx_word' id='word_1_44' title='bbox 343 392 419 420; x_wconf 88' lang='lat' dir='ltr'><strong>adsit</strong></span> <span class='ocrx_word' id='word_1_45' title='bbox 432 391 643 419; x_wconf 86' lang='lat' dir='ltr'><strong>catechumena</strong></span> <span class='ocrx_word' id='word_1_46' title='bbox 658 391 686 418; x_wconf 92' lang='lat' dir='ltr'><strong>in</strong></span> <span class='ocrx_word' id='word_1_47' title='bbox 704 398 816 423; x_wconf 84' lang='lat' dir='ltr'><strong>mensa,</strong></span> <span class='ocrx_word' id='word_1_48' title='bbox 833 398 869 417; x_wconf 85' lang='lat' dir='ltr'><strong>ne</strong></span> <span class='ocrx_word' id='word_1_49' title='bbox 884 391 946 417; x_wconf 85' lang='lat' dir='ltr'><strong>oret</strong></span> <span class='ocrx_word' id='word_1_50' title='bbox 961 397 1027 417; x_wconf 89' lang='lat' dir='ltr'><strong>cum</strong></span> 
     </span>
    </p>
   </div>
   <div class='ocr_carea' id='block_1_9' title="bbox 204 434 1029 472">
    <p class='ocr_par' dir='ltr' id='par_1_9' title="bbox 204 434 1029 472">
     <span class='ocr_line' id='line_1_9' title="bbox 204 434 1029 472; baseline -0.006 -7"><span class='ocrx_word' id='word_1_51' title='bbox 204 437 351 469; x_wconf 82' lang='lat' dir='ltr'><strong>ﬁdelibus,</strong></span> <span class='ocrx_word' id='word_1_52' title='bbox 376 443 471 472; x_wconf 84' lang='lat' dir='ltr'><strong>neque</strong></span> <span class='ocrx_word' id='word_1_53' title='bbox 486 443 550 463; x_wconf 89' lang='lat' dir='ltr'><strong>eum</strong></span> <span class='ocrx_word' id='word_1_54' title='bbox 575 434 627 462; x_wconf 86' lang='lat' dir='ltr'><strong>illa</strong></span> <span class='ocrx_word' id='word_1_55' title='bbox 641 435 744 462; x_wconf 78' lang='lat' dir='ltr'><strong>sedeas</strong></span> <span class='ocrx_word' id='word_1_56' title='bbox 766 436 797 462; x_wconf 89' lang='lat' dir='ltr'><strong>ut</strong></span> <span class='ocrx_word' id='word_1_57' title='bbox 812 442 915 470; x_wconf 87' lang='lat' dir='ltr'><strong>panem</strong></span> <span class='ocrx_word' id='word_1_58' title='bbox 933 441 1029 461; x_wconf 90' lang='lat' dir='ltr'><strong>come-</strong></span> 
     </span>
    </p>
   </div>
   <div class='ocr_carea' id='block_1_10' title="bbox 204 478 1029 517">
    <p class='ocr_par' dir='ltr' id='par_1_10' title="bbox 204 478 1029 517">
     <span class='ocr_line' id='line_1_10' title="bbox 204 478 1029 517; baseline -0.006 -7"><span class='ocrx_word' id='word_1_59' title='bbox 204 483 267 511; x_wconf 89' lang='lat' dir='ltr'><strong>das.</strong></span> <span class='ocrx_word' id='word_1_60' title='bbox 284 482 383 517; x_wconf 84' lang='lat' dir='ltr'><strong>Neque</strong></span> <span class='ocrx_word' id='word_1_61' title='bbox 407 480 523 509; x_wconf 88' lang='lat' dir='ltr'><strong>sedebis</strong></span> <span class='ocrx_word' id='word_1_62' title='bbox 537 480 608 507; x_wconf 89' lang='lat' dir='ltr'><strong>item</strong></span> <span class='ocrx_word' id='word_1_63' title='bbox 624 481 656 507; x_wconf 88' lang='lat' dir='ltr'><strong>ut</strong></span> <span class='ocrx_word' id='word_1_64' title='bbox 677 479 814 507; x_wconf 90' lang='lat' dir='ltr'><strong>comedas</strong></span> <span class='ocrx_word' id='word_1_65' title='bbox 829 478 927 506; x_wconf 83' lang='lat' dir='ltr'><strong>cibum</strong></span> <span class='ocrx_word' id='word_1_66' title='bbox 944 480 1029 505; x_wconf 88' lang='lat' dir='ltr'><strong>tuum</strong></span> 
     </span>
    </p>
   </div>
   <div class='ocr_carea' id='block_1_11' title="bbox 205 522 1030 560">
    <p class='ocr_par' dir='ltr' id='par_1_11' title="bbox 205 522 1030 560">
     <span class='ocr_line' id='line_1_11' title="bbox 205 522 1030 560; baseline -0.006 -6"><span class='ocrx_word' id='word_1_67' title='bbox 205 535 272 555; x_wconf 88' lang='lat' dir='ltr'><strong>cum</strong></span> <span class='ocrx_word' id='word_1_68' title='bbox 289 525 462 554; x_wconf 86' lang='lat' dir='ltr'><strong>mulieribus</strong></span> <span class='ocrx_word' id='word_1_69' title='bbox 479 524 741 560; x_wconf 86' lang='lat' dir='ltr'><strong>negligentioribus</strong></span> <span class='ocrx_word' id='word_1_70' title='bbox 752 525 781 551; x_wconf 90' lang='lat' dir='ltr'><strong>et</strong></span> <span class='ocrx_word' id='word_1_71' title='bbox 791 522 902 556; x_wconf 81' lang='lat' dir='ltr'><strong>facetis,</strong></span> <span class='ocrx_word' id='word_1_72' title='bbox 919 522 1030 558; x_wconf 85' lang='lat' dir='ltr'><strong>absque</strong></span> 
     </span>
    </p>
   </div>
   <div class='ocr_carea' id='block_1_12' title="bbox 203 567 1031 601">
    <p class='ocr_par' dir='ltr' id='par_1_12' title="bbox 203 567 1031 601">
     <span class='ocr_line' id='line_1_12' title="bbox 203 567 1031 601; baseline -0.007 -2"><span class='ocrx_word' id='word_1_73' title='bbox 203 571 388 599; x_wconf 77' lang='lat' dir='ltr'><strong>necessitate.</strong></span> <span class='ocrx_word' id='word_1_74' title='bbox 405 570 448 597; x_wconf 91' lang='lat' dir='ltr'><strong>Tu</strong></span> <span class='ocrx_word' id='word_1_75' title='bbox 463 569 542 596; x_wconf 83' lang='lat' dir='ltr'><strong>enim</strong></span> <span class='ocrx_word' id='word_1_76' title='bbox 559 570 661 596; x_wconf 85' lang='lat' dir='ltr'><strong>sancta</strong></span> <span class='ocrx_word' id='word_1_77' title='bbox 674 576 705 596; x_wconf 88' lang='lat' dir='ltr'><strong>es</strong></span> <span class='ocrx_word' id='word_1_78' title='bbox 720 568 844 596; x_wconf 88' lang='lat' dir='ltr'><strong>Domino</strong></span> <span class='ocrx_word' id='word_1_79' title='bbox 857 567 915 595; x_wconf 86' lang='lat' dir='ltr'><strong>Deo</strong></span> <span class='ocrx_word' id='word_1_80' title='bbox 925 570 986 601; x_wconf 84' lang='lat' dir='ltr'><strong>tuo,</strong></span> <span class='ocrx_word' id='word_1_81' title='bbox 1002 568 1031 594; x_wconf 88' lang='lat' dir='ltr'><strong>et</strong></span> 
     </span>
    </p>
   </div>
   <div class='ocr_carea' id='block_1_13' title="bbox 204 612 1030 650">
    <p class='ocr_par' dir='ltr' id='par_1_13' title="bbox 204 612 1030 650">
     <span class='ocr_line' id='line_1_13' title="bbox 204 612 1030 650; baseline -0.006 -6"><span class='ocrx_word' id='word_1_82' title='bbox 204 616 287 644; x_wconf 84' lang='lat' dir='ltr'><strong>cibus</strong></span> <span class='ocrx_word' id='word_1_83' title='bbox 302 617 372 642; x_wconf 88' lang='lat' dir='ltr'><strong>tuus</strong></span> <span class='ocrx_word' id='word_1_84' title='bbox 387 617 472 649; x_wconf 83' lang='lat' dir='ltr'><strong>atque</strong></span> <span class='ocrx_word' id='word_1_85' title='bbox 482 616 568 650; x_wconf 88' lang='lat' dir='ltr'><strong>potus</strong></span> <span class='ocrx_word' id='word_1_86' title='bbox 583 612 785 641; x_wconf 81' lang='lat' dir='ltr'><strong>sanctificatus</strong></span> <span class='ocrx_word' id='word_1_87' title='bbox 800 615 845 640; x_wconf 90' lang='lat' dir='ltr'><strong>est</strong></span> <span class='ocrx_word' id='word_1_88' title='bbox 861 621 868 646; x_wconf 92' lang='lat'><strong>;</strong></span> <span class='ocrx_word' id='word_1_89' title='bbox 881 620 949 639; x_wconf 89' lang='lat' dir='ltr'><strong>nam</strong></span> <span class='ocrx_word' id='word_1_90' title='bbox 965 620 1030 639; x_wconf 86' lang='lat' dir='ltr'><strong>ora-</strong></span> 
     </span>
    </p>
   </div>
   <div class='ocr_carea' id='block_1_14' title="bbox 202 656 1030 694">
    <p class='ocr_par' dir='ltr' id='par_1_14' title="bbox 202 656 1030 694">
     <span class='ocr_line' id='line_1_14' title="bbox 202 656 1030 694; baseline -0.006 -5"><span class='ocrx_word' id='word_1_91' title='bbox 202 660 331 689; x_wconf 84' lang='lat' dir='ltr'><strong>tionibus</strong></span> <span class='ocrx_word' id='word_1_92' title='bbox 354 658 522 694; x_wconf 78' lang='lat' dir='ltr'><strong>sanctisque</strong></span> <span class='ocrx_word' id='word_1_93' title='bbox 550 657 646 685; x_wconf 84' lang='lat' dir='ltr'><strong>verbis</strong></span> <span class='ocrx_word' id='word_1_94' title='bbox 671 657 881 684; x_wconf 82' lang='lat' dir='ltr'><strong>sanctiﬁcatur.</strong></span> <span class='ocrx_word' id='word_1_95' title='bbox 897 656 1030 692; x_wconf 84' lang='lat' dir='ltr'><strong>Virgines</strong></span> 
     </span>
    </p>
   </div>
   <div class='ocr_carea' id='block_1_15' title="bbox 202 701 1030 741">
    <p class='ocr_par' dir='ltr' id='par_1_15' title="bbox 202 701 1030 741">
     <span class='ocr_line' id='line_1_15' title="bbox 202 701 1030 741; baseline -0.006 -8"><span class='ocrx_word' id='word_1_96' title='bbox 202 705 255 741; x_wconf 70' lang='lat' dir='ltr'><strong>piae</strong></span> <span class='ocrx_word' id='word_1_97' title='bbox 283 707 311 732; x_wconf 91' lang='lat' dir='ltr'><strong>et</strong></span> <span class='ocrx_word' id='word_1_98' title='bbox 334 703 475 739; x_wconf 64' lang='lat' dir='ltr'><strong>religiosis</strong></span> <span class='ocrx_word' id='word_1_99' title='bbox 502 705 600 730; x_wconf 90' lang='lat' dir='ltr'><strong>tecum</strong></span> <span class='ocrx_word' id='word_1_100' title='bbox 628 701 792 729; x_wconf 82' lang='lat' dir='ltr'><strong>comedent.</strong></span> <span class='ocrx_word' id='word_1_101' title='bbox 815 701 878 728; x_wconf 89' lang='lat' dir='ltr'><strong>Non</strong></span> <span class='ocrx_word' id='word_1_102' title='bbox 902 701 1030 729; x_wconf 66' lang='lat' dir='ltr'><strong>cenabis</strong></span> 
     </span>
    </p>
   </div>
   <div class='ocr_carea' id='block_1_16' title="bbox 203 745 1030 782">
    <p class='ocr_par' dir='ltr' id='par_1_16' title="bbox 203 745 1030 782">
     <span class='ocr_line' id='line_1_16' title="bbox 203 745 1030 782; baseline -0.005 -6"><span class='ocrx_word' id='word_1_103' title='bbox 203 757 269 777; x_wconf 91' lang='lat' dir='ltr'><strong>cum</strong></span> <span class='ocrx_word' id='word_1_104' title='bbox 279 747 397 776; x_wconf 84' lang='lat' dir='ltr'><strong>feminis</strong></span> <span class='ocrx_word' id='word_1_105' title='bbox 407 746 553 782; x_wconf 80' lang='lat' dir='ltr'><strong>superbis,</strong></span> <span class='ocrx_word' id='word_1_106' title='bbox 571 754 664 781; x_wconf 86' lang='lat' dir='ltr'><strong>neque</strong></span> <span class='ocrx_word' id='word_1_107' title='bbox 679 745 801 773; x_wconf 81' lang='lat' dir='ltr'><strong>habebis</strong></span> <span class='ocrx_word' id='word_1_108' title='bbox 818 745 971 773; x_wconf 82' lang='lat' dir='ltr'><strong>mulierem</strong></span> <span class='ocrx_word' id='word_1_109' title='bbox 984 753 1030 772; x_wconf 90' lang='lat' dir='ltr'><strong>ar-</strong></span> 
     </span>
    </p>
   </div>
   <div class='ocr_carea' id='block_1_17' title="bbox 203 789 1030 829">
    <p class='ocr_par' dir='ltr' id='par_1_17' title="bbox 203 789 1030 829">
     <span class='ocr_line' id='line_1_17' title="bbox 203 789 1030 829; baseline -0.005 -8"><span class='ocrx_word' id='word_1_110' title='bbox 203 795 355 829; x_wconf 84' lang='lat' dir='ltr'><strong>rogantem</strong></span> <span class='ocrx_word' id='word_1_111' title='bbox 382 791 437 819; x_wconf 84' lang='lat' dir='ltr'><strong>tibi</strong></span> <span class='ocrx_word' id='word_1_112' title='bbox 463 790 648 818; x_wconf 82' lang='lat' dir='ltr'><strong>familiarem.</strong></span> <span class='ocrx_word' id='word_1_113' title='bbox 676 789 723 818; x_wconf 85' lang='lat' dir='ltr'><strong>Ait</strong></span> <span class='ocrx_word' id='word_1_114' title='bbox 750 790 828 818; x_wconf 91' lang='lat' dir='ltr'><strong>enim</strong></span> <span class='ocrx_word' id='word_1_115' title='bbox 844 790 941 817; x_wconf 87' lang='lat' dir='ltr'><strong>divina</strong></span> <span class='ocrx_word' id='word_1_116' title='bbox 953 789 1030 817; x_wconf 88' lang='lat' dir='ltr'><strong>Scri-</strong></span> 
     </span>
    </p>
   </div>
   <div class='ocr_carea' id='block_1_18' title="bbox 203 834 1029 875">
    <p class='ocr_par' dir='ltr' id='par_1_18' title="bbox 203 834 1029 875">
     <span class='ocr_line' id='line_1_18' title="bbox 203 834 1029 875; baseline -0.005 -9"><span class='ocrx_word' id='word_1_117' title='bbox 203 840 309 875; x_wconf 86' lang='lat' dir='ltr'><strong>ptura:</strong></span> <span class='ocrx_word' id='word_1_118' title='bbox 327 848 340 862; x_wconf 77' lang='grc' dir='ltr'>ι(</span> <span class='ocrx_word' id='word_1_119' title='bbox 357 836 410 869; x_wconf 86' lang='lat' dir='ltr'><strong>Qui</strong></span> <span class='ocrx_word' id='word_1_120' title='bbox 425 835 520 872; x_wconf 80' lang='lat' dir='ltr'><strong>tangit</strong></span> <span class='ocrx_word' id='word_1_121' title='bbox 531 834 878 871; x_wconf 88' lang='lat' dir='ltr'><strong>piceminquinabitur,et</strong></span> <span class='ocrx_word' id='word_1_122' title='bbox 892 834 1029 870; x_wconf 87' lang='lat' dir='ltr'><strong>quicom-</strong></span> 
     </span>
    </p>
   </div>
   <div class='ocr_carea' id='block_1_19' title="bbox 204 878 1032 916">
    <p class='ocr_par' dir='ltr' id='par_1_19' title="bbox 204 878 1032 916">
     <span class='ocr_line' id='line_1_19' title="bbox 204 878 1032 916; baseline -0.004 -5"><span class='ocrx_word' id='word_1_123' title='bbox 204 882 337 911; x_wconf 86' lang='lat' dir='ltr'><strong>municat</strong></span> <span class='ocrx_word' id='word_1_124' title='bbox 351 890 418 909; x_wconf 92' lang='lat' dir='ltr'><strong>cum</strong></span> <span class='ocrx_word' id='word_1_125' title='bbox 434 880 569 916; x_wconf 87' lang='lat' dir='ltr'><strong>superbo,</strong></span> <span class='ocrx_word' id='word_1_126' title='bbox 586 878 692 907; x_wconf 84' lang='lat' dir='ltr'><strong>similis</strong></span> <span class='ocrx_word' id='word_1_127' title='bbox 707 879 763 907; x_wconf 90' lang='lat' dir='ltr'><strong>erit</strong></span> <span class='ocrx_word' id='word_1_128' title='bbox 777 879 802 908; x_wconf 89' lang='lat' dir='ltr'><strong>ei</strong></span> <span class='ocrx_word' id='word_1_129' title='bbox 818 880 850 906; x_wconf 73' lang='grc' dir='ltr'><strong>σι.</strong></span> <span class='ocrx_word' id='word_1_130' title='bbox 868 890 882 904; x_wconf 84' lang='lat'><strong>»</strong></span> <span class='ocrx_word' id='word_1_131' title='bbox 907 879 1032 907; x_wconf 84' lang='lat' dir='ltr'><strong>Sedente</strong></span> 
     </span>
    </p>
   </div>
   <div class='ocr_carea' id='block_1_20' title="bbox 204 924 1029 960">
    <p class='ocr_par' dir='ltr' id='par_1_20' title="bbox 204 924 1029 960">
     <span class='ocr_line' id='line_1_20' title="bbox 204 924 1029 960; baseline -0.006 -5"><span class='ocrx_word' id='word_1_132' title='bbox 204 930 302 955; x_wconf 85' lang='lat' dir='ltr'><strong>tecum</strong></span> <span class='ocrx_word' id='word_1_133' title='bbox 319 927 348 954; x_wconf 92' lang='lat' dir='ltr'><strong>in</strong></span> <span class='ocrx_word' id='word_1_134' title='bbox 360 933 461 953; x_wconf 83' lang='lat' dir='ltr'><strong>mensa</strong></span> <span class='ocrx_word' id='word_1_135' title='bbox 471 924 579 953; x_wconf 83' lang='lat' dir='ltr'><strong>femina</strong></span> <span class='ocrx_word' id='word_1_136' title='bbox 593 924 692 958; x_wconf 85' lang='lat' dir='ltr'><strong>divite,</strong></span> <span class='ocrx_word' id='word_1_137' title='bbox 709 924 734 951; x_wconf 87' lang='lat' dir='ltr'><strong>si</strong></span> <span class='ocrx_word' id='word_1_138' title='bbox 750 924 857 951; x_wconf 80' lang='lat' dir='ltr'><strong>videris</strong></span> <span class='ocrx_word' id='word_1_139' title='bbox 872 931 1029 960; x_wconf 83' lang='lat' dir='ltr'><strong>pauperem</strong></span> 
     </span>
    </p>
   </div>
   <div class='ocr_carea' id='block_1_21' title="bbox 205 968 1032 1004">
    <p class='ocr_par' dir='ltr' id='par_1_21' title="bbox 205 968 1032 1004">
     <span class='ocr_line' id='line_1_21' title="bbox 205 968 1032 1004; baseline -0.005 -5"><span class='ocrx_word' id='word_1_140' title='bbox 205 971 371 1002; x_wconf 86' lang='lat' dir='ltr'><strong>mulierem,</strong></span> <span class='ocrx_word' id='word_1_141' title='bbox 387 978 457 998; x_wconf 84' lang='lat' dir='ltr'><strong>voca</strong></span> <span class='ocrx_word' id='word_1_142' title='bbox 484 977 549 997; x_wconf 83' lang='lat' dir='ltr'><strong>eam</strong></span> <span class='ocrx_word' id='word_1_143' title='bbox 565 969 600 996; x_wconf 87' lang='lat' dir='ltr'><strong>ad</strong></span> <span class='ocrx_word' id='word_1_144' title='bbox 629 968 740 1002; x_wconf 88' lang='lat' dir='ltr'><strong>cibum,</strong></span> <span class='ocrx_word' id='word_1_145' title='bbox 756 976 850 1004; x_wconf 84' lang='lat' dir='ltr'><strong>neque</strong></span> <span class='ocrx_word' id='word_1_146' title='bbox 870 968 981 1004; x_wconf 89' lang='lat' dir='ltr'><strong>pudore</strong></span> <span class='ocrx_word' id='word_1_147' title='bbox 995 968 1032 996; x_wconf 90' lang='lat' dir='ltr'><strong>ob</strong></span> 
     </span>
    </p>
   </div>
   <div class='ocr_carea' id='block_1_22' title="bbox 204 1012 1030 1052">
    <p class='ocr_par' dir='ltr' id='par_1_22' title="bbox 204 1012 1030 1052">
     <span class='ocr_line' id='line_1_22' title="bbox 204 1012 1030 1052; baseline -0.006 -8"><span class='ocrx_word' id='word_1_148' title='bbox 204 1018 377 1052; x_wconf 62' lang='lat' dir='ltr'><strong>praesentem</strong></span> <span class='ocrx_word' id='word_1_149' title='bbox 403 1013 522 1042; x_wconf 84' lang='lat' dir='ltr'><strong>divitem</strong></span> <span class='ocrx_word' id='word_1_150' title='bbox 544 1013 706 1041; x_wconf 82' lang='lat' dir='ltr'><strong>retinearis.</strong></span> <span class='ocrx_word' id='word_1_151' title='bbox 723 1013 764 1040; x_wconf 87' lang='lat' dir='ltr'><strong>Ne</strong></span> <span class='ocrx_word' id='word_1_152' title='bbox 780 1020 862 1040; x_wconf 85' lang='lat' dir='ltr'><strong>ames</strong></span> <span class='ocrx_word' id='word_1_153' title='bbox 876 1012 1030 1040; x_wconf 89' lang='lat' dir='ltr'><strong>hominum</strong></span> 
     </span>
    </p>
   </div>
   <div class='ocr_carea' id='block_1_23' title="bbox 203 1057 1030 1096">
    <p class='ocr_par' dir='ltr' id='par_1_23' title="bbox 203 1057 1030 1096">
     <span class='ocr_line' id='line_1_23' title="bbox 203 1057 1030 1096; baseline -0.004 -8"><span class='ocrx_word' id='word_1_154' title='bbox 203 1061 336 1096; x_wconf 82' lang='lat' dir='ltr'><strong>gloriam,</strong></span> <span class='ocrx_word' id='word_1_155' title='bbox 354 1059 418 1095; x_wconf 90' lang='lat' dir='ltr'><strong>plus</strong></span> <span class='ocrx_word' id='word_1_156' title='bbox 434 1066 523 1095; x_wconf 85' lang='lat' dir='ltr'><strong>quam</strong></span> <span class='ocrx_word' id='word_1_157' title='bbox 536 1057 658 1094; x_wconf 79' lang='lat' dir='ltr'><strong>gloriam</strong></span> <span class='ocrx_word' id='word_1_158' title='bbox 674 1057 735 1085; x_wconf 86' lang='lat' dir='ltr'><strong>Dei.</strong></span> <span class='ocrx_word' id='word_1_159' title='bbox 747 1057 825 1085; x_wconf 89' lang='lat' dir='ltr'><strong>Deus</strong></span> <span class='ocrx_word' id='word_1_160' title='bbox 835 1057 913 1084; x_wconf 88' lang='lat' dir='ltr'><strong>enim</strong></span> <span class='ocrx_word' id='word_1_161' title='bbox 924 1065 1030 1093; x_wconf 85' lang='lat' dir='ltr'><strong>egeno-</strong></span> 
     </span>
    </p>
   </div>
   <div class='ocr_carea' id='block_1_24' title="bbox 204 1102 689 1139">
    <p class='ocr_par' dir='ltr' id='par_1_24' title="bbox 204 1102 689 1139">
     <span class='ocr_line' id='line_1_24' title="bbox 204 1102 689 1139; baseline -0.008 -6"><span class='ocrx_word' id='word_1_162' title='bbox 204 1114 269 1133; x_wconf 88' lang='lat' dir='ltr'><strong>rum</strong></span> <span class='ocrx_word' id='word_1_163' title='bbox 280 1108 309 1132; x_wconf 87' lang='lat' dir='ltr'><strong>et</strong></span> <span class='ocrx_word' id='word_1_164' title='bbox 323 1105 529 1139; x_wconf 86' lang='lat' dir='ltr'><strong>despectorum</strong></span> <span class='ocrx_word' id='word_1_165' title='bbox 541 1102 620 1130; x_wconf 85' lang='lat' dir='ltr'><strong>Deus</strong></span> <span class='ocrx_word' id='word_1_166' title='bbox 634 1105 689 1130; x_wconf 86' lang='lat' dir='ltr'><strong>est.</strong></span> 
     </span>
    </p>
   </div>
   <div class='ocr_carea' id='block_1_25' title="bbox 1083 298 1909 337">
    <p class='ocr_par' dir='ltr' id='par_1_25' title="bbox 1083 298 1909 337">
     <span class='ocr_line' id='line_1_25' title="bbox 1083 298 1909 337; baseline 0 -12"><span class='ocrx_word' id='word_1_167' title='bbox 1083 308 1126 325; x_wconf 87' lang='grc' dir='ltr'><strong>ναι</strong></span> <span class='ocrx_word' id='word_1_168' title='bbox 1158 298 1264 336; x_wconf 76' lang='grc' dir='ltr'>βούλει,</span> <span class='ocrx_word' id='word_1_169' title='bbox 1293 300 1335 336; x_wconf 83' lang='grc' dir='ltr'>τὸ,</span> <span class='ocrx_word' id='word_1_170' title='bbox 1352 311 1366 325; x_wconf 71' lang='grc' dir='ltr'><strong>ιι</strong></span> <span class='ocrx_word' id='word_1_171' title='bbox 1393 299 1480 337; x_wconf 87' lang='grc' dir='ltr'>Πάτιρ</span> <span class='ocrx_word' id='word_1_172' title='bbox 1500 300 1592 336; x_wconf 77' lang='grc' dir='ltr'>ἡμῶν,</span> <span class='ocrx_word' id='word_1_173' title='bbox 1618 311 1633 325; x_wconf 74' lang='grc' dir='ltr'><strong>ιι</strong></span> <span class='ocrx_word' id='word_1_174' title='bbox 1658 298 1720 337; x_wconf 83' lang='grc' dir='ltr'>λέγε</span> <span class='ocrx_word' id='word_1_175' title='bbox 1744 298 1909 337; x_wconf 79' lang='grc' dir='ltr'>ὁλόκληρον·</span> 
     </span>
    </p>
   </div>
   <div class='ocr_carea' id='block_1_26' title="bbox 1083 341 1911 382">
    <p class='ocr_par' dir='ltr' id='par_1_26' title="bbox 1083 341 1911 382">
     <span class='ocr_line' id='line_1_26' title="bbox 1083 341 1911 382; baseline 0.002 -12"><span class='ocrx_word' id='word_1_176' title='bbox 1083 343 1133 377; x_wconf 81' lang='grc' dir='ltr'><strong>τήν</strong></span> <span class='ocrx_word' id='word_1_177' title='bbox 1163 341 1191 370; x_wconf 76' lang='grc' dir='ltr'><strong>δὶ</strong></span> <span class='ocrx_word' id='word_1_178' title='bbox 1220 343 1466 381; x_wconf 77' lang='grc' dir='ltr'><strong>προγεγραμμένην</strong></span> <span class='ocrx_word' id='word_1_179' title='bbox 1497 344 1593 382; x_wconf 75' lang='grc' dir='ltr'>εὐχὴν,</span> <span class='ocrx_word' id='word_1_180' title='bbox 1621 344 1662 378; x_wconf 85' lang='grc' dir='ltr'><strong>τὸ,</strong></span> <span class='ocrx_word' id='word_1_181' title='bbox 1680 356 1694 369; x_wconf 92' lang='grc'><strong>‹‹</strong></span> <span class='ocrx_word' id='word_1_182' title='bbox 1711 343 1871 381; x_wconf 75' lang='grc' dir='ltr'>Εὐλογητὸς</span> <span class='ocrx_word' id='word_1_183' title='bbox 1897 345 1911 372; x_wconf 85' lang='grc' dir='ltr'>ὁ</span> 
     </span>
    </p>
   </div>
   <div class='ocr_carea' id='block_1_27' title="bbox 1083 387 1911 427">
    <p class='ocr_par' dir='ltr' id='par_1_27' title="bbox 1083 387 1911 427">
     <span class='ocr_line' id='line_1_27' title="bbox 1083 387 1911 427; baseline 0.001 -12"><span class='ocrx_word' id='word_1_184' title='bbox 1083 387 1157 424; x_wconf 82' lang='grc' dir='ltr'>Θεὸς,</span> <span class='ocrx_word' id='word_1_185' title='bbox 1182 401 1197 414; x_wconf 85' lang='grc'><strong>››</strong></span> <span class='ocrx_word' id='word_1_186' title='bbox 1225 388 1416 424; x_wconf 74' lang='grc' dir='ltr'><strong>ἀριστήσαντες</strong></span> <span class='ocrx_word' id='word_1_187' title='bbox 1445 388 1489 416; x_wconf 86' lang='grc' dir='ltr'><strong>καὶ</strong></span> <span class='ocrx_word' id='word_1_188' title='bbox 1518 388 1684 427; x_wconf 72' lang='grc' dir='ltr'><strong>ἐγειρόμενοι</strong></span> <span class='ocrx_word' id='word_1_189' title='bbox 1713 388 1743 416; x_wconf 72' lang='grc' dir='ltr'>ἐκ</span> <span class='ocrx_word' id='word_1_190' title='bbox 1768 392 1819 424; x_wconf 87' lang='grc' dir='ltr'>τῆς</span> <span class='ocrx_word' id='word_1_191' title='bbox 1846 399 1911 427; x_wconf 87' lang='grc' dir='ltr'>τρα-</span> 
     </span>
    </p>
   </div>
   <div class='ocr_carea' id='block_1_28' title="bbox 1083 431 1911 471">
    <p class='ocr_par' dir='ltr' id='par_1_28' title="bbox 1083 431 1911 471">
     <span class='ocr_line' id='line_1_28' title="bbox 1083 431 1911 471; baseline 0.001 -12"><span class='ocrx_word' id='word_1_192' title='bbox 1083 432 1167 467; x_wconf 78' lang='grc' dir='ltr'>πέζης</span> <span class='ocrx_word' id='word_1_193' title='bbox 1196 431 1323 470; x_wconf 82' lang='grc' dir='ltr'>λέγομεν.</span> <span class='ocrx_word' id='word_1_194' title='bbox 1353 432 1415 460; x_wconf 75' lang='grc' dir='ltr'>Ἐὰν</span> <span class='ocrx_word' id='word_1_195' title='bbox 1443 431 1472 460; x_wconf 75' lang='grc' dir='ltr'><strong>δὲ</strong></span> <span class='ocrx_word' id='word_1_196' title='bbox 1502 432 1665 471; x_wconf 81' lang='grc' dir='ltr'><strong>συμπαρῶσι</strong></span> <span class='ocrx_word' id='word_1_197' title='bbox 1692 433 1759 470; x_wconf 76' lang='grc' dir='ltr'>μετὰ</span> <span class='ocrx_word' id='word_1_198' title='bbox 1789 435 1837 460; x_wconf 81' lang='grc' dir='ltr'>σοῦ</span> <span class='ocrx_word' id='word_1_199' title='bbox 1862 432 1911 460; x_wconf 69' lang='grc' dir='ltr'>δύο</span> 
     </span>
    </p>
   </div>
   <div class='ocr_carea' id='block_1_29' title="bbox 1083 476 1912 516">
    <p class='ocr_par' dir='ltr' id='par_1_29' title="bbox 1083 476 1912 516">
     <span class='ocr_line' id='line_1_29' title="bbox 1083 476 1912 516; baseline 0.001 -12"><span class='ocrx_word' id='word_1_200' title='bbox 1083 476 1208 515; x_wconf 75' lang='grc' dir='ltr'><strong>παρθένοι</strong></span> <span class='ocrx_word' id='word_1_201' title='bbox 1237 477 1254 512; x_wconf 76' lang='grc' dir='ltr'><strong>ἢ</strong></span> <span class='ocrx_word' id='word_1_202' title='bbox 1282 480 1365 515; x_wconf 83' lang='grc' dir='ltr'>τρεῖς,</span> <span class='ocrx_word' id='word_1_203' title='bbox 1386 477 1628 515; x_wconf 77' lang='grc' dir='ltr'>εὖχαριστείτωσαν</span> <span class='ocrx_word' id='word_1_204' title='bbox 1657 477 1701 505; x_wconf 78' lang='grc' dir='ltr'>ἐπὶ</span> <span class='ocrx_word' id='word_1_205' title='bbox 1727 477 1773 505; x_wconf 82' lang='grc' dir='ltr'><strong>τὸν</strong></span> <span class='ocrx_word' id='word_1_206' title='bbox 1801 478 1912 516; x_wconf 87' lang='grc' dir='ltr'>προκεί-</span> 
     </span>
    </p>
   </div>
   <div class='ocr_carea' id='block_1_30' title="bbox 1086 521 1910 560">
    <p class='ocr_par' dir='ltr' id='par_1_30' title="bbox 1086 521 1910 560">
     <span class='ocr_line' id='line_1_30' title="bbox 1086 521 1910 560; baseline 0.002 -12"><span class='ocrx_word' id='word_1_207' title='bbox 1086 531 1165 558; x_wconf 83' lang='grc' dir='ltr'>μενον</span> <span class='ocrx_word' id='word_1_208' title='bbox 1192 521 1284 559; x_wconf 73' lang='grc' dir='ltr'>ἄρτον,</span> <span class='ocrx_word' id='word_1_209' title='bbox 1313 521 1358 549; x_wconf 81' lang='grc' dir='ltr'><strong>καὶ</strong></span> <span class='ocrx_word' id='word_1_210' title='bbox 1398 523 1626 560; x_wconf 79' lang='grc' dir='ltr'>συνευχέσθωσαν.</span> <span class='ocrx_word' id='word_1_211' title='bbox 1658 522 1718 550; x_wconf 76' lang='grc' dir='ltr'>Ἐὰν</span> <span class='ocrx_word' id='word_1_212' title='bbox 1751 521 1780 550; x_wconf 67' lang='grc' dir='ltr'><strong>δὲ</strong></span> <span class='ocrx_word' id='word_1_213' title='bbox 1813 522 1910 560; x_wconf 68' lang='grc' dir='ltr'>εὑρεθῇ</span> 
     </span>
    </p>
   </div>
   <div class='ocr_carea' id='block_1_31' title="bbox 1083 566 1912 605">
    <p class='ocr_par' dir='ltr' id='par_1_31' title="bbox 1083 566 1912 605">
     <span class='ocr_line' id='line_1_31' title="bbox 1083 566 1912 605; baseline 0.002 -12"><span class='ocrx_word' id='word_1_214' title='bbox 1083 567 1278 604; x_wconf 82' lang='grc' dir='ltr'>κατηχουμένη</span> <span class='ocrx_word' id='word_1_215' title='bbox 1304 566 1329 594; x_wconf 74' lang='grc' dir='ltr'><strong>έν</strong></span> <span class='ocrx_word' id='word_1_216' title='bbox 1352 568 1387 603; x_wconf 82' lang='grc' dir='ltr'><strong>τῇ</strong></span> <span class='ocrx_word' id='word_1_217' title='bbox 1415 568 1547 605; x_wconf 82' lang='grc' dir='ltr'>τραπέζῃ,</span> <span class='ocrx_word' id='word_1_218' title='bbox 1579 567 1617 604; x_wconf 81' lang='grc' dir='ltr'>μή</span> <span class='ocrx_word' id='word_1_219' title='bbox 1642 567 1812 605; x_wconf 82' lang='grc' dir='ltr'>συνευχέσθω</span> <span class='ocrx_word' id='word_1_220' title='bbox 1843 567 1912 604; x_wconf 84' lang='grc' dir='ltr'>μετᾶ</span> 
     </span>
    </p>
   </div>
   <div class='ocr_carea' id='block_1_32' title="bbox 1083 610 1912 651">
    <p class='ocr_par' dir='ltr' id='par_1_32' title="bbox 1083 610 1912 651">
     <span class='ocr_line' id='line_1_32' title="bbox 1083 610 1912 651; baseline 0.004 -13"><span class='ocrx_word' id='word_1_221' title='bbox 1083 611 1137 639; x_wconf 78' lang='grc' dir='ltr'><strong>τῶν</strong></span> <span class='ocrx_word' id='word_1_222' title='bbox 1163 612 1275 647; x_wconf 80' lang='grc' dir='ltr'>πιστῶν,</span> <span class='ocrx_word' id='word_1_223' title='bbox 1292 610 1356 639; x_wconf 82' lang='grc' dir='ltr'>οὐδὶ</span> <span class='ocrx_word' id='word_1_224' title='bbox 1381 613 1419 648; x_wconf 89' lang='grc' dir='ltr'>μή</span> <span class='ocrx_word' id='word_1_225' title='bbox 1448 612 1635 650; x_wconf 86' lang='grc' dir='ltr'>καθίσῃς</span> <span class='ocrx_word' id='word_1_226' title='bbox 1662 615 1756 651; x_wconf 81' lang='grc' dir='ltr'>φαγεῖν</span> <span class='ocrx_word' id='word_1_227' title='bbox 1782 613 1828 640; x_wconf 82' lang='grc' dir='ltr'><strong>τὸν</strong></span> <span class='ocrx_word' id='word_1_228' title='bbox 1851 615 1912 650; x_wconf 82' lang='grc' dir='ltr'>ψω-</span> 
     </span>
    </p>
   </div>
   <div class='ocr_carea' id='block_1_33' title="bbox 1086 655 1913 696">
    <p class='ocr_par' dir='ltr' id='par_1_33' title="bbox 1086 655 1913 696">
     <span class='ocr_line' id='line_1_33' title="bbox 1086 655 1913 696; baseline 0.002 -13"><span class='ocrx_word' id='word_1_229' title='bbox 1086 655 1136 693; x_wconf 83' lang='grc' dir='ltr'><strong>μόν</strong></span> <span class='ocrx_word' id='word_1_230' title='bbox 1160 667 1208 684; x_wconf 88' lang='grc' dir='ltr'><strong>σου</strong></span> <span class='ocrx_word' id='word_1_231' title='bbox 1239 657 1296 693; x_wconf 84' lang='grc' dir='ltr'>μετ’</span> <span class='ocrx_word' id='word_1_232' title='bbox 1320 656 1413 691; x_wconf 77' lang='grc' dir='ltr'>αὐτῆς,</span> <span class='ocrx_word' id='word_1_233' title='bbox 1435 655 1498 684; x_wconf 71' lang='grc' dir='ltr'>οὐδὲ</span> <span class='ocrx_word' id='word_1_234' title='bbox 1522 656 1605 685; x_wconf 79' lang='grc' dir='ltr'>πάλιν</span> <span class='ocrx_word' id='word_1_235' title='bbox 1618 656 1735 689; x_wconf 73' lang='grc' dir='ltr'>καθίσεις</span> <span class='ocrx_word' id='word_1_236' title='bbox 1755 659 1849 696; x_wconf 78' lang='grc' dir='ltr'>φαγεῖν</span> <span class='ocrx_word' id='word_1_237' title='bbox 1864 657 1913 685; x_wconf 80' lang='grc' dir='ltr'>τὸν</span> 
     </span>
    </p>
   </div>
   <div class='ocr_carea' id='block_1_34' title="bbox 1084 700 1913 739">
    <p class='ocr_par' dir='ltr' id='par_1_34' title="bbox 1084 700 1913 739">
     <span class='ocr_line' id='line_1_34' title="bbox 1084 700 1913 739; baseline 0 -11"><span class='ocrx_word' id='word_1_238' title='bbox 1084 700 1182 737; x_wconf 83' lang='grc' dir='ltr'>ψωμόν</span> <span class='ocrx_word' id='word_1_239' title='bbox 1211 711 1258 728; x_wconf 85' lang='grc' dir='ltr'><strong>σου</strong></span> <span class='ocrx_word' id='word_1_240' title='bbox 1301 701 1368 737; x_wconf 78' lang='grc' dir='ltr'><strong>μετά</strong></span> <span class='ocrx_word' id='word_1_241' title='bbox 1404 700 1538 739; x_wconf 81' lang='grc' dir='ltr'>γυναικῶν</span> <span class='ocrx_word' id='word_1_242' title='bbox 1576 700 1765 739; x_wconf 78' lang='grc' dir='ltr'>ἀμελεστέρων</span> <span class='ocrx_word' id='word_1_243' title='bbox 1793 701 1838 729; x_wconf 86' lang='grc' dir='ltr'><strong>καί</strong></span> <span class='ocrx_word' id='word_1_244' title='bbox 1865 712 1913 739; x_wconf 76' lang='grc' dir='ltr'>γε-</span> 
     </span>
    </p>
   </div>
   <div class='ocr_carea' id='block_1_35' title="bbox 1086 744 1915 784">
    <p class='ocr_par' dir='ltr' id='par_1_35' title="bbox 1086 744 1915 784">
     <span class='ocr_line' id='line_1_35' title="bbox 1086 744 1915 784; baseline 0.001 -12"><span class='ocrx_word' id='word_1_245' title='bbox 1086 744 1249 783; x_wconf 81' lang='grc' dir='ltr'>Αοιαστριῶν</span> <span class='ocrx_word' id='word_1_246' title='bbox 1281 745 1340 772; x_wconf 70' lang='grc' dir='ltr'>ἄνευ</span> <span class='ocrx_word' id='word_1_247' title='bbox 1369 745 1498 783; x_wconf 78' lang='grc' dir='ltr'>ἀνάγκης·</span> <span class='ocrx_word' id='word_1_248' title='bbox 1517 745 1548 773; x_wconf 82' lang='grc' dir='ltr'><strong>σὺ</strong></span> <span class='ocrx_word' id='word_1_249' title='bbox 1564 745 1616 783; x_wconf 85' lang='grc' dir='ltr'><strong>γὰρ</strong></span> <span class='ocrx_word' id='word_1_250' title='bbox 1636 746 1700 783; x_wconf 78' lang='grc' dir='ltr'>ἁγία</span> <span class='ocrx_word' id='word_1_251' title='bbox 1715 746 1740 773; x_wconf 82' lang='grc' dir='ltr'><strong>εἴ</strong></span> <span class='ocrx_word' id='word_1_252' title='bbox 1755 746 1845 784; x_wconf 82' lang='grc' dir='ltr'>Κυρίῳ</span> <span class='ocrx_word' id='word_1_253' title='bbox 1872 747 1915 782; x_wconf 82' lang='grc' dir='ltr'><strong>τῷ</strong></span> 
     </span>
    </p>
   </div>
   <div class='ocr_carea' id='block_1_36' title="bbox 1085 789 1917 828">
    <p class='ocr_par' dir='ltr' id='par_1_36' title="bbox 1085 789 1917 828">
     <span class='ocr_line' id='line_1_36' title="bbox 1085 789 1917 828; baseline 0.001 -11"><span class='ocrx_word' id='word_1_254' title='bbox 1085 792 1142 826; x_wconf 88' lang='grc' dir='ltr'>Θεῷ</span> <span class='ocrx_word' id='word_1_255' title='bbox 1157 800 1215 826; x_wconf 89' lang='grc' dir='ltr'>σου,</span> <span class='ocrx_word' id='word_1_256' title='bbox 1231 789 1275 817; x_wconf 85' lang='grc' dir='ltr'><strong>καὶ</strong></span> <span class='ocrx_word' id='word_1_257' title='bbox 1290 790 1321 817; x_wconf 88' lang='grc' dir='ltr'>τὸ</span> <span class='ocrx_word' id='word_1_258' title='bbox 1339 790 1438 828; x_wconf 82' lang='grc' dir='ltr'>βρῶμά</span> <span class='ocrx_word' id='word_1_259' title='bbox 1454 800 1501 818; x_wconf 92' lang='grc' dir='ltr'><strong>σου</strong></span> <span class='ocrx_word' id='word_1_260' title='bbox 1529 790 1575 818; x_wconf 83' lang='grc' dir='ltr'><strong>καὶ</strong></span> <span class='ocrx_word' id='word_1_261' title='bbox 1602 790 1634 818; x_wconf 85' lang='grc' dir='ltr'>τὸ</span> <span class='ocrx_word' id='word_1_262' title='bbox 1657 790 1735 827; x_wconf 82' lang='grc' dir='ltr'>πόμα</span> <span class='ocrx_word' id='word_1_263' title='bbox 1759 800 1807 818; x_wconf 84' lang='grc' dir='ltr'><strong>σου</strong></span> <span class='ocrx_word' id='word_1_264' title='bbox 1836 790 1917 828; x_wconf 82' lang='grc' dir='ltr'>ἡγια-</span> 
     </span>
    </p>
   </div>
   <div class='ocr_carea' id='block_1_37' title="bbox 1085 833 1913 873">
    <p class='ocr_par' dir='ltr' id='par_1_37' title="bbox 1085 833 1913 873">
     <span class='ocr_line' id='line_1_37' title="bbox 1085 833 1913 873; baseline 0 -11"><span class='ocrx_word' id='word_1_265' title='bbox 1085 834 1181 871; x_wconf 78' lang='grc' dir='ltr'>σμένον</span> <span class='ocrx_word' id='word_1_266' title='bbox 1198 833 1264 862; x_wconf 81' lang='grc' dir='ltr'>ἐστί·</span> <span class='ocrx_word' id='word_1_267' title='bbox 1281 833 1326 862; x_wconf 80' lang='grc' dir='ltr'><strong>διὰ</strong></span> <span class='ocrx_word' id='word_1_268' title='bbox 1339 834 1390 873; x_wconf 82' lang='grc' dir='ltr'><strong>γὰρ</strong></span> <span class='ocrx_word' id='word_1_269' title='bbox 1408 844 1462 862; x_wconf 87' lang='grc' dir='ltr'><strong>των</strong></span> <span class='ocrx_word' id='word_1_270' title='bbox 1479 835 1643 873; x_wconf 76' lang='grc' dir='ltr'>προσευχῶν</span> <span class='ocrx_word' id='word_1_271' title='bbox 1668 835 1714 862; x_wconf 81' lang='grc' dir='ltr'><strong>καὶ</strong></span> <span class='ocrx_word' id='word_1_272' title='bbox 1741 835 1796 863; x_wconf 84' lang='grc' dir='ltr'>τῶν</span> <span class='ocrx_word' id='word_1_273' title='bbox 1825 835 1913 872; x_wconf 80' lang='grc' dir='ltr'>ἁγίων</span> 
     </span>
    </p>
   </div>
   <div class='ocr_carea' id='block_1_38' title="bbox 1085 876 1914 917">
    <p class='ocr_par' dir='ltr' id='par_1_38' title="bbox 1085 876 1914 917">
     <span class='ocr_line' id='line_1_38' title="bbox 1085 876 1914 917; baseline 0.001 -11"><span class='ocrx_word' id='word_1_274' title='bbox 1085 878 1215 917; x_wconf 77' lang='grc' dir='ltr'>ῥημάτων</span> <span class='ocrx_word' id='word_1_275' title='bbox 1239 878 1376 916; x_wconf 78' lang='grc' dir='ltr'>ἁγιάζεται</span> <span class='ocrx_word' id='word_1_276' title='bbox 1479 879 1611 917; x_wconf 87' lang='grc' dir='ltr'>Παρθένοι</span> <span class='ocrx_word' id='word_1_277' title='bbox 1636 876 1762 910; x_wconf 71' lang='grc' dir='ltr'>εὐλαϐεῖς</span> <span class='ocrx_word' id='word_1_278' title='bbox 1783 879 1828 907; x_wconf 81' lang='grc' dir='ltr'><strong>καὶ</strong></span> <span class='ocrx_word' id='word_1_279' title='bbox 1853 885 1914 911; x_wconf 86' lang='grc' dir='ltr'>θεο-</span> 
     </span>
    </p>
   </div>
   <div class='ocr_carea' id='block_1_39' title="bbox 1085 921 1916 962">
    <p class='ocr_par' dir='ltr' id='par_1_39' title="bbox 1085 921 1916 962">
     <span class='ocr_line' id='line_1_39' title="bbox 1085 921 1916 962; baseline 0 -11"><span class='ocrx_word' id='word_1_280' title='bbox 1085 921 1173 954; x_wconf 74' lang='grc' dir='ltr'>σεϐεῖς</span> <span class='ocrx_word' id='word_1_281' title='bbox 1208 923 1404 962; x_wconf 74' lang='grc' dir='ltr'>συμφάγωνταί</span> <span class='ocrx_word' id='word_1_282' title='bbox 1447 934 1499 951; x_wconf 84' lang='grc' dir='ltr'>σοι·</span> <span class='ocrx_word' id='word_1_283' title='bbox 1530 923 1561 951; x_wconf 78' lang='grc' dir='ltr'>οὗ</span> <span class='ocrx_word' id='word_1_284' title='bbox 1601 923 1803 959; x_wconf 78' lang='grc' dir='ltr'>συνδειπνήσιις</span> <span class='ocrx_word' id='word_1_285' title='bbox 1845 923 1916 960; x_wconf 80' lang='grc' dir='ltr'>μετὰ</span> 
     </span>
    </p>
   </div>
   <div class='ocr_carea' id='block_1_40' title="bbox 1085 966 1917 1007">
    <p class='ocr_par' dir='ltr' id='par_1_40' title="bbox 1085 966 1917 1007">
     <span class='ocr_line' id='line_1_40' title="bbox 1085 966 1917 1007; baseline 0.001 -12"><span class='ocrx_word' id='word_1_286' title='bbox 1085 968 1217 1005; x_wconf 79' lang='grc' dir='ltr'>γυναικῶν</span> <span class='ocrx_word' id='word_1_287' title='bbox 1235 967 1424 1007; x_wconf 78' lang='grc' dir='ltr'>ὑπερηφάνων,</span> <span class='ocrx_word' id='word_1_288' title='bbox 1446 966 1504 996; x_wconf 80' lang='grc' dir='ltr'><strong>οὐδ’</strong></span> <span class='ocrx_word' id='word_1_289' title='bbox 1519 968 1550 995; x_wconf 84' lang='grc' dir='ltr'>οὐ</span> <span class='ocrx_word' id='word_1_290' title='bbox 1576 968 1614 1005; x_wconf 83' lang='grc' dir='ltr'>μὴ</span> <span class='ocrx_word' id='word_1_291' title='bbox 1640 969 1728 1006; x_wconf 83' lang='grc' dir='ltr'>κτήσῃ</span> <span class='ocrx_word' id='word_1_292' title='bbox 1757 967 1840 1007; x_wconf 76' lang='grc' dir='ltr'>φίλην</span> <span class='ocrx_word' id='word_1_293' title='bbox 1866 978 1917 1005; x_wconf 82' lang='grc' dir='ltr'>γυ-</span> 
     </span>
    </p>
   </div>
   <div class='ocr_carea' id='block_1_41' title="bbox 1084 1011 1912 1052">
    <p class='ocr_par' dir='ltr' id='par_1_41' title="bbox 1084 1011 1912 1052">
     <span class='ocr_line' id='line_1_41' title="bbox 1084 1011 1912 1052; baseline 0.001 -13"><span class='ocrx_word' id='word_1_294' title='bbox 1084 1015 1162 1039; x_wconf 83' lang='grc' dir='ltr'>ναῖκα</span> <span class='ocrx_word' id='word_1_295' title='bbox 1189 1011 1318 1047; x_wconf 83' lang='grc' dir='ltr'>ἀλαζόνα.</span> <span class='ocrx_word' id='word_1_296' title='bbox 1334 1011 1411 1050; x_wconf 79' lang='grc' dir='ltr'>Λέγει</span> <span class='ocrx_word' id='word_1_297' title='bbox 1438 1013 1490 1051; x_wconf 74' lang='grc' dir='ltr'><strong>γὰρ</strong></span> <span class='ocrx_word' id='word_1_298' title='bbox 1507 1013 1524 1048; x_wconf 81' lang='grc' dir='ltr'><strong>ὴ</strong></span> <span class='ocrx_word' id='word_1_299' title='bbox 1541 1012 1599 1040; x_wconf 79' lang='grc' dir='ltr'>θεία</span> <span class='ocrx_word' id='word_1_300' title='bbox 1627 1013 1731 1052; x_wconf 78' lang='grc' dir='ltr'>Γραφή·</span> <span class='ocrx_word' id='word_1_301' title='bbox 1747 1025 1761 1038; x_wconf 89' lang='lat'><strong>«</strong></span> <span class='ocrx_word' id='word_1_302' title='bbox 1777 1012 1809 1041; x_wconf 79' lang='grc' dir='ltr'>Ὀ</span> <span class='ocrx_word' id='word_1_303' title='bbox 1828 1012 1912 1040; x_wconf 73' lang='grc' dir='ltr'>ἀπτό-</span> 
     </span>
    </p>
   </div>
   <div class='ocr_carea' id='block_1_42' title="bbox 1087 1055 1913 1095">
    <p class='ocr_par' dir='ltr' id='par_1_42' title="bbox 1087 1055 1913 1095">
     <span class='ocr_line' id='line_1_42' title="bbox 1087 1055 1913 1095; baseline 0 -11"><span class='ocrx_word' id='word_1_304' title='bbox 1087 1066 1166 1093; x_wconf 82' lang='grc' dir='ltr'>μενος</span> <span class='ocrx_word' id='word_1_305' title='bbox 1193 1056 1292 1092; x_wconf 81' lang='grc' dir='ltr'>πίσσης</span> <span class='ocrx_word' id='word_1_306' title='bbox 1318 1057 1527 1093; x_wconf 82' lang='grc' dir='ltr'>μολυνθήσεται,</span> <span class='ocrx_word' id='word_1_307' title='bbox 1543 1056 1588 1085; x_wconf 79' lang='grc' dir='ltr'><strong>καὶ</strong></span> <span class='ocrx_word' id='word_1_308' title='bbox 1617 1057 1632 1084; x_wconf 82' lang='grc' dir='ltr'>ὁ</span> <span class='ocrx_word' id='word_1_309' title='bbox 1660 1055 1800 1085; x_wconf 80' lang='grc' dir='ltr'>κοινωνῶν</span> <span class='ocrx_word' id='word_1_310' title='bbox 1831 1057 1913 1095; x_wconf 81' lang='grc' dir='ltr'>ὑπερ-</span> 
     </span>
    </p>
   </div>
   <div class='ocr_carea' id='block_1_43' title="bbox 1083 1099 1913 1140">
    <p class='ocr_par' dir='ltr' id='par_1_43' title="bbox 1083 1099 1913 1140">
     <span class='ocr_line' id='line_1_43' title="bbox 1083 1099 1913 1140; baseline -0.001 -11"><span class='ocrx_word' id='word_1_311' title='bbox 1083 1101 1180 1140; x_wconf 83' lang='grc' dir='ltr'>ηφάνῳ</span> <span class='ocrx_word' id='word_1_312' title='bbox 1210 1102 1411 1138; x_wconf 79' lang='grc' dir='ltr'>ὁμοιωθήσεται</span> <span class='ocrx_word' id='word_1_313' title='bbox 1437 1101 1519 1137; x_wconf 81' lang='grc' dir='ltr'>αὑτῷ.</span> <span class='ocrx_word' id='word_1_314' title='bbox 1537 1113 1552 1128; x_wconf 86' lang='grc'><strong>››</strong></span> <span class='ocrx_word' id='word_1_315' title='bbox 1568 1101 1754 1138; x_wconf 80' lang='grc' dir='ltr'>Καθεζομένης</span> <span class='ocrx_word' id='word_1_316' title='bbox 1778 1099 1913 1132; x_wconf 84' lang='grc' dir='ltr'>πλουσίας</span> 
     </span>
    </p>
   </div>
   <div class='ocr_carea' id='block_1_44' title="bbox 206 1144 1914 1186">
    <p class='ocr_par' dir='ltr' id='par_1_44' title="bbox 206 1144 1914 1186">
     <span class='ocr_line' id='line_1_44' title="bbox 206 1144 1914 1186; baseline -0.002 -10"><span class='ocrx_word' id='word_1_317' title='bbox 206 1149 272 1186; x_wconf 74' lang='grc' dir='ltr'>μετὰ</span> <span class='ocrx_word' id='word_1_318' title='bbox 306 1151 354 1175; x_wconf 75' lang='grc' dir='ltr'>σοῦ</span> <span class='ocrx_word' id='word_1_319' title='bbox 392 1147 435 1174; x_wconf 73' lang='grc' dir='ltr'><strong>ἐπὶ</strong></span> <span class='ocrx_word' id='word_1_320' title='bbox 469 1149 520 1180; x_wconf 83' lang='grc' dir='ltr'>τῆς</span> <span class='ocrx_word' id='word_1_321' title='bbox 554 1146 702 1184; x_wconf 83' lang='grc' dir='ltr'>τραπέζης,</span> <span class='ocrx_word' id='word_1_322' title='bbox 722 1145 767 1172; x_wconf 78' lang='grc' dir='ltr'>ἐὰν</span> <span class='ocrx_word' id='word_1_323' title='bbox 796 1144 857 1182; x_wconf 68' lang='grc' dir='ltr'>ἴδῃς</span> <span class='ocrx_word' id='word_1_324' title='bbox 880 1149 994 1183; x_wconf 86' lang='grc' dir='ltr'>γυναῖκα</span> <span class='ocrx_word' id='word_1_325' title='bbox 1023 1145 1164 1183; x_wconf 82' lang='grc' dir='ltr'>πενιχρὰν,</span> <span class='ocrx_word' id='word_1_326' title='bbox 1195 1145 1320 1177; x_wconf 87' lang='grc' dir='ltr'>καλέσεις</span> <span class='ocrx_word' id='word_1_327' title='bbox 1347 1145 1431 1180; x_wconf 75' lang='grc' dir='ltr'>αὐτὴν</span> <span class='ocrx_word' id='word_1_328' title='bbox 1461 1146 1499 1177; x_wconf 86' lang='grc' dir='ltr'><strong>είς</strong></span> <span class='ocrx_word' id='word_1_329' title='bbox 1527 1146 1559 1174; x_wconf 83' lang='grc' dir='ltr'><strong>τὸ</strong></span> <span class='ocrx_word' id='word_1_330' title='bbox 1586 1149 1691 1185; x_wconf 78' lang='grc' dir='ltr'>φαγεῖν,</span> <span class='ocrx_word' id='word_1_331' title='bbox 1719 1146 1764 1173; x_wconf 79' lang='grc' dir='ltr'><strong>καὶ</strong></span> <span class='ocrx_word' id='word_1_332' title='bbox 1792 1145 1842 1173; x_wconf 74' lang='grc' dir='ltr'>οὐκ</span> <span class='ocrx_word' id='word_1_333' title='bbox 1870 1145 1914 1173; x_wconf 81' lang='grc' dir='ltr'><strong>αἶ-</strong></span> 
     </span>
    </p>
   </div>
   <div class='ocr_carea' id='block_1_45' title="bbox 205 1188 1914 1230">
    <p class='ocr_par' dir='ltr' id='par_1_45' title="bbox 205 1188 1914 1230">
     <span class='ocr_line' id='line_1_45' title="bbox 205 1188 1914 1230; baseline 0 -12"><span class='ocrx_word' id='word_1_334' title='bbox 205 1193 347 1230; x_wconf 77' lang='grc' dir='ltr'>σχυνθήσῃ</span> <span class='ocrx_word' id='word_1_335' title='bbox 378 1191 416 1221; x_wconf 82' lang='grc' dir='ltr'><strong>εἰς</strong></span> <span class='ocrx_word' id='word_1_336' title='bbox 446 1191 496 1224; x_wconf 79' lang='grc' dir='ltr'>τὴν</span> <span class='ocrx_word' id='word_1_337' title='bbox 525 1188 669 1217; x_wconf 82' lang='grc' dir='ltr'>πλουσίαν.</span> <span class='ocrx_word' id='word_1_338' title='bbox 700 1190 743 1223; x_wconf 81' lang='grc' dir='ltr'><strong>Μὴ</strong></span> <span class='ocrx_word' id='word_1_339' title='bbox 773 1189 916 1227; x_wconf 84' lang='grc' dir='ltr'>ἀγαπήσῃς</span> <span class='ocrx_word' id='word_1_340' title='bbox 947 1190 996 1224; x_wconf 78' lang='grc' dir='ltr'><strong>τήν</strong></span> <span class='ocrx_word' id='word_1_341' title='bbox 1032 1188 1109 1224; x_wconf 79' lang='grc' dir='ltr'>δόξαν</span> <span class='ocrx_word' id='word_1_342' title='bbox 1136 1192 1190 1217; x_wconf 86' lang='grc' dir='ltr'>τῶν</span> <span class='ocrx_word' id='word_1_343' title='bbox 1220 1190 1370 1227; x_wconf 83' lang='grc' dir='ltr'>ἀνθρώπων</span> <span class='ocrx_word' id='word_1_344' title='bbox 1398 1189 1463 1227; x_wconf 72' lang='grc' dir='ltr'>ὑπὲρ</span> <span class='ocrx_word' id='word_1_345' title='bbox 1492 1190 1541 1224; x_wconf 83' lang='grc' dir='ltr'><strong>τὴν</strong></span> <span class='ocrx_word' id='word_1_346' title='bbox 1576 1189 1653 1225; x_wconf 73' lang='grc' dir='ltr'>δόξαν</span> <span class='ocrx_word' id='word_1_347' title='bbox 1758 1191 1806 1217; x_wconf 77' lang='grc' dir='ltr'><strong>τοῦ</strong></span> <span class='ocrx_word' id='word_1_348' title='bbox 1833 1191 1914 1218; x_wconf 77' lang='grc' dir='ltr'>Θεοῦ.</span> 
     </span>
    </p>
   </div>
   <div class='ocr_carea' id='block_1_46' title="bbox 207 1232 1022 1275">
    <p class='ocr_par' dir='ltr' id='par_1_46' title="bbox 207 1232 1022 1275">
     <span class='ocr_line' id='line_1_46' title="bbox 207 1232 1022 1275; baseline -0.004 -10"><span class='ocrx_word' id='word_1_349' title='bbox 207 1238 220 1265; x_wconf 83' lang='grc' dir='ltr'>ὁ</span> <span class='ocrx_word' id='word_1_350' title='bbox 237 1237 286 1275; x_wconf 82' lang='grc' dir='ltr'><strong>γὰρ</strong></span> <span class='ocrx_word' id='word_1_351' title='bbox 303 1237 367 1266; x_wconf 75' lang='grc' dir='ltr'>Θεὸς</span> <span class='ocrx_word' id='word_1_352' title='bbox 383 1238 437 1262; x_wconf 80' lang='grc' dir='ltr'>τῶν</span> <span class='ocrx_word' id='word_1_353' title='bbox 452 1236 572 1272; x_wconf 80' lang='grc' dir='ltr'>πτωχῶν</span> <span class='ocrx_word' id='word_1_354' title='bbox 589 1234 634 1261; x_wconf 72' lang='grc' dir='ltr'><strong>καὶ</strong></span> <span class='ocrx_word' id='word_1_355' title='bbox 649 1235 703 1261; x_wconf 84' lang='grc' dir='ltr'><strong>τῶν</strong></span> <span class='ocrx_word' id='word_1_356' title='bbox 720 1232 940 1270; x_wconf 80' lang='grc' dir='ltr'>έξουδενωμένων</span> <span class='ocrx_word' id='word_1_357' title='bbox 956 1233 1022 1262; x_wconf 83' lang='grc' dir='ltr'>ἐστί.</span> 
     </span>
    </p>
   </div>
   <div class='ocr_carea' id='block_1_47' title="bbox 242 1288 1033 1324">
    <p class='ocr_par' dir='ltr' id='par_1_47' title="bbox 242 1288 1033 1324">
     <span class='ocr_line' id='line_1_47' title="bbox 242 1288 1033 1324; baseline -0.004 -5"><span class='ocrx_word' id='word_1_358' title='bbox 242 1291 285 1319; x_wconf 66' lang='lat' dir='ltr'><strong>ila.</strong></span> <span class='ocrx_word' id='word_1_359' title='bbox 303 1290 390 1318; x_wconf 83' lang='lat' dir='ltr'><strong>Beata</strong></span> <span class='ocrx_word' id='word_1_360' title='bbox 400 1289 500 1317; x_wconf 89' lang='lat' dir='ltr'><strong>anima</strong></span> <span class='ocrx_word' id='word_1_361' title='bbox 522 1297 586 1324; x_wconf 66' lang='lat' dir='ltr'><strong>qua</strong></span> <span class='ocrx_word' id='word_1_362' title='bbox 604 1288 660 1316; x_wconf 86' lang='lat' dir='ltr'><strong>ista</strong></span> <span class='ocrx_word' id='word_1_363' title='bbox 675 1288 808 1316; x_wconf 85' lang='lat' dir='ltr'><strong>servarit.</strong></span> <span class='ocrx_word' id='word_1_364' title='bbox 827 1288 889 1317; x_wconf 86' lang='lat' dir='ltr'><strong>Non</strong></span> <span class='ocrx_word' id='word_1_365' title='bbox 919 1291 964 1316; x_wconf 88' lang='lat' dir='ltr'><strong>est</strong></span> <span class='ocrx_word' id='word_1_366' title='bbox 979 1289 1033 1316; x_wconf 91' lang='lat' dir='ltr'><strong>bo-</strong></span> 
     </span>
    </p>
   </div>
   <div class='ocr_carea' id='block_1_48' title="bbox 208 1332 1032 1370">
    <p class='ocr_par' dir='ltr' id='par_1_48' title="bbox 208 1332 1032 1370">
     <span class='ocr_line' id='line_1_48' title="bbox 208 1332 1032 1370; baseline -0.004 -7"><span class='ocrx_word' id='word_1_367' title='bbox 208 1343 279 1363; x_wconf 93' lang='lat' dir='ltr'><strong>num</strong></span> <span class='ocrx_word' id='word_1_368' title='bbox 290 1334 483 1370; x_wconf 87' lang='lat' dir='ltr'><strong>juvenculum</strong></span> <span class='ocrx_word' id='word_1_369' title='bbox 504 1341 570 1361; x_wconf 90' lang='lat' dir='ltr'><strong>cum</strong></span> <span class='ocrx_word' id='word_1_370' title='bbox 593 1332 752 1368; x_wconf 88' lang='lat' dir='ltr'><strong>juvencula</strong></span> <span class='ocrx_word' id='word_1_371' title='bbox 766 1332 875 1361; x_wconf 88' lang='lat' dir='ltr'><strong>versari</strong></span> <span class='ocrx_word' id='word_1_372' title='bbox 887 1332 1032 1368; x_wconf 84' lang='lat' dir='ltr'><strong>;alioquin</strong></span> 
     </span>
    </p>
   </div>
   <div class='ocr_carea' id='block_1_49' title="bbox 209 1377 1031 1414">
    <p class='ocr_par' dir='ltr' id='par_1_49' title="bbox 209 1377 1031 1414">
     <span class='ocr_line' id='line_1_49' title="bbox 209 1377 1031 1414; baseline -0.002 -7"><span class='ocrx_word' id='word_1_373' title='bbox 209 1379 283 1408; x_wconf 87' lang='lat' dir='ltr'><strong>nihil</strong></span> <span class='ocrx_word' id='word_1_374' title='bbox 299 1379 367 1407; x_wconf 88' lang='lat' dir='ltr'><strong>boni</strong></span> <span class='ocrx_word' id='word_1_375' title='bbox 379 1378 498 1414; x_wconf 80' lang='lat' dir='ltr'><strong>faciunt,</strong></span> <span class='ocrx_word' id='word_1_376' title='bbox 511 1377 604 1405; x_wconf 83' lang='lat' dir='ltr'><strong>altera</strong></span> <span class='ocrx_word' id='word_1_377' title='bbox 617 1377 695 1405; x_wconf 87' lang='lat' dir='ltr'><strong>enim</strong></span> <span class='ocrx_word' id='word_1_378' title='bbox 721 1377 804 1405; x_wconf 81' lang='lat' dir='ltr'><strong>alteri</strong></span> <span class='ocrx_word' id='word_1_379' title='bbox 820 1385 877 1405; x_wconf 92' lang='lat' dir='ltr'><strong>non</strong></span> <span class='ocrx_word' id='word_1_380' title='bbox 895 1377 1031 1413; x_wconf 88' lang='lat' dir='ltr'><strong>obsequi-</strong></span> 
     </span>
    </p>
   </div>
   <div class='ocr_carea' id='block_1_50' title="bbox 208 1421 1031 1459">
    <p class='ocr_par' dir='ltr' id='par_1_50' title="bbox 208 1421 1031 1459">
     <span class='ocr_line' id='line_1_50' title="bbox 208 1421 1031 1459; baseline -0.005 -7"><span class='ocrx_word' id='word_1_381' title='bbox 208 1427 268 1459; x_wconf 81' lang='lat' dir='ltr'><strong>tur,</strong></span> <span class='ocrx_word' id='word_1_382' title='bbox 284 1423 375 1451; x_wconf 86' lang='lat' dir='ltr'><strong>altera</strong></span> <span class='ocrx_word' id='word_1_383' title='bbox 405 1422 526 1450; x_wconf 82' lang='lat' dir='ltr'><strong>alteram</strong></span> <span class='ocrx_word' id='word_1_384' title='bbox 541 1421 711 1449; x_wconf 82' lang='lat' dir='ltr'><strong>contemnit.</strong></span> <span class='ocrx_word' id='word_1_385' title='bbox 726 1421 781 1449; x_wconf 91' lang='lat' dir='ltr'><strong>Sed</strong></span> <span class='ocrx_word' id='word_1_386' title='bbox 801 1422 910 1449; x_wconf 91' lang='lat' dir='ltr'><strong>bonum</strong></span> <span class='ocrx_word' id='word_1_387' title='bbox 926 1424 972 1449; x_wconf 89' lang='lat' dir='ltr'><strong>est</strong></span> <span class='ocrx_word' id='word_1_388' title='bbox 982 1422 1031 1457; x_wconf 87' lang='lat' dir='ltr'><strong>ju-</strong></span> 
     </span>
    </p>
   </div>
   <div class='ocr_carea' id='block_1_51' title="bbox 207 1465 1031 1501">
    <p class='ocr_par' dir='ltr' id='par_1_51' title="bbox 207 1465 1031 1501">
     <span class='ocr_line' id='line_1_51' title="bbox 207 1465 1031 1501; baseline -0.004 -5"><span class='ocrx_word' id='word_1_389' title='bbox 207 1467 359 1496; x_wconf 88' lang='lat' dir='ltr'><strong>venculam</strong></span> <span class='ocrx_word' id='word_1_390' title='bbox 380 1468 502 1494; x_wconf 85' lang='lat' dir='ltr'><strong>subesse</strong></span> <span class='ocrx_word' id='word_1_391' title='bbox 529 1466 610 1494; x_wconf 87' lang='lat' dir='ltr'><strong>anui.</strong></span> <span class='ocrx_word' id='word_1_392' title='bbox 639 1465 787 1501; x_wconf 87' lang='lat' dir='ltr'><strong>Siquidem</strong></span> <span class='ocrx_word' id='word_1_393' title='bbox 804 1474 878 1494; x_wconf 86' lang='lat' dir='ltr'><strong>anus</strong></span> <span class='ocrx_word' id='word_1_394' title='bbox 894 1474 950 1494; x_wconf 92' lang='lat' dir='ltr'><strong>non</strong></span> <span class='ocrx_word' id='word_1_395' title='bbox 962 1474 1031 1493; x_wconf 91' lang='lat' dir='ltr'><strong>con-</strong></span> 
     </span>
    </p>
   </div>
   <div class='ocr_carea' id='block_1_52' title="bbox 208 1510 1030 1546">
    <p class='ocr_par' dir='ltr' id='par_1_52' title="bbox 208 1510 1030 1546">
     <span class='ocr_line' id='line_1_52' title="bbox 208 1510 1030 1546; baseline -0.002 -6"><span class='ocrx_word' id='word_1_396' title='bbox 208 1512 298 1541; x_wconf 81' lang='lat' dir='ltr'><strong>sentit</strong></span> <span class='ocrx_word' id='word_1_397' title='bbox 322 1511 464 1539; x_wconf 72' lang='lat' dir='ltr'><strong>voluntati</strong></span> <span class='ocrx_word' id='word_1_398' title='bbox 485 1510 660 1546; x_wconf 72' lang='lat' dir='ltr'><strong>juvenculle.</strong></span> <span class='ocrx_word' id='word_1_399' title='bbox 689 1510 739 1538; x_wconf 73' lang='grc' dir='ltr'>νω</span> <span class='ocrx_word' id='word_1_400' title='bbox 753 1510 870 1546; x_wconf 81' lang='lat' dir='ltr'><strong>virgini,</strong></span> <span class='ocrx_word' id='word_1_401' title='bbox 894 1519 957 1546; x_wconf 71' lang='lat' dir='ltr'><strong>quas</strong></span> <span class='ocrx_word' id='word_1_402' title='bbox 973 1518 1030 1539; x_wconf 91' lang='lat' dir='ltr'><strong>non</strong></span> 
     </span>
    </p>
   </div>
   <div class='ocr_carea' id='block_1_53' title="bbox 207 1554 1030 1591">
    <p class='ocr_par' dir='ltr' id='par_1_53' title="bbox 207 1554 1030 1591">
     <span class='ocr_line' id='line_1_53' title="bbox 207 1554 1030 1591; baseline -0.004 -6"><span class='ocrx_word' id='word_1_403' title='bbox 207 1558 309 1585; x_wconf 84' lang='lat' dir='ltr'><strong>subest</strong></span> <span class='ocrx_word' id='word_1_404' title='bbox 324 1556 450 1591; x_wconf 62' lang='lat' dir='ltr'><strong>regulas:</strong></span> <span class='ocrx_word' id='word_1_405' title='bbox 466 1557 510 1583; x_wconf 82' lang='lat' dir='ltr'><strong>est</strong></span> <span class='ocrx_word' id='word_1_406' title='bbox 524 1555 602 1583; x_wconf 89' lang='lat' dir='ltr'><strong>enim</strong></span> <span class='ocrx_word' id='word_1_407' title='bbox 614 1554 699 1590; x_wconf 86' lang='lat' dir='ltr'><strong>quasi</strong></span> <span class='ocrx_word' id='word_1_408' title='bbox 708 1554 841 1583; x_wconf 84' lang='lat' dir='ltr'><strong>navicula</strong></span> <span class='ocrx_word' id='word_1_409' title='bbox 852 1555 915 1583; x_wconf 86' lang='lat' dir='ltr'><strong>sine</strong></span> <span class='ocrx_word' id='word_1_410' title='bbox 926 1555 1030 1591; x_wconf 88' lang='lat' dir='ltr'><strong>guber-</strong></span> 
     </span>
    </p>
   </div>
   <div class='ocr_carea' id='block_1_54' title="bbox 208 1599 1031 1636">
    <p class='ocr_par' dir='ltr' id='par_1_54' title="bbox 208 1599 1031 1636">
     <span class='ocr_line' id='line_1_54' title="bbox 208 1599 1031 1636; baseline -0.001 -7"><span class='ocrx_word' id='word_1_411' title='bbox 208 1604 318 1629; x_wconf 86' lang='lat' dir='ltr'><strong>natore.</strong></span> <span class='ocrx_word' id='word_1_412' title='bbox 336 1599 495 1628; x_wconf 80' lang='lat' dir='ltr'><strong>Confractis</strong></span> <span class='ocrx_word' id='word_1_413' title='bbox 507 1599 614 1636; x_wconf 88' lang='lat' dir='ltr'><strong>quippe</strong></span> <span class='ocrx_word' id='word_1_414' title='bbox 630 1599 846 1635; x_wconf 84' lang='lat' dir='ltr'><strong>gubernaculis,</strong></span> <span class='ocrx_word' id='word_1_415' title='bbox 859 1608 910 1627; x_wconf 86' lang='lat' dir='ltr'><strong>nec</strong></span> <span class='ocrx_word' id='word_1_416' title='bbox 927 1601 1031 1628; x_wconf 88' lang='lat' dir='ltr'><strong>ducem</strong></span> 
     </span>
    </p>
   </div>
   <div class='ocr_carea' id='block_1_55' title="bbox 208 1643 1032 1679">
    <p class='ocr_par' dir='ltr' id='par_1_55' title="bbox 208 1643 1032 1679">
     <span class='ocr_line' id='line_1_55' title="bbox 208 1643 1032 1679; baseline -0.001 -6"><span class='ocrx_word' id='word_1_417' title='bbox 208 1646 330 1677; x_wconf 83' lang='lat' dir='ltr'><strong>habens,</strong></span> <span class='ocrx_word' id='word_1_418' title='bbox 348 1645 422 1672; x_wconf 89' lang='lat' dir='ltr'><strong>ultro</strong></span> <span class='ocrx_word' id='word_1_419' title='bbox 449 1644 580 1679; x_wconf 87' lang='lat' dir='ltr'><strong>citroque</strong></span> <span class='ocrx_word' id='word_1_420' title='bbox 601 1644 729 1679; x_wconf 87' lang='lat' dir='ltr'><strong>jactatur</strong></span> <span class='ocrx_word' id='word_1_421' title='bbox 744 1652 760 1671; x_wconf 90' lang='lat' dir='ltr'><strong>a</strong></span> <span class='ocrx_word' id='word_1_422' title='bbox 776 1643 924 1679; x_wconf 87' lang='lat' dir='ltr'><strong>ﬂuctibus,</strong></span> <span class='ocrx_word' id='word_1_423' title='bbox 941 1644 1032 1672; x_wconf 80' lang='lat' dir='ltr'><strong>donec</strong></span> 
     </span>
    </p>
   </div>
   <div class='ocr_carea' id='block_1_56' title="bbox 209 1688 1033 1726">
    <p class='ocr_par' dir='ltr' id='par_1_56' title="bbox 209 1688 1033 1726">
     <span class='ocr_line' id='line_1_56' title="bbox 209 1688 1033 1726; baseline -0.002 -8"><span class='ocrx_word' id='word_1_424' title='bbox 209 1690 238 1718; x_wconf 90' lang='lat' dir='ltr'><strong>in</strong></span> <span class='ocrx_word' id='word_1_425' title='bbox 266 1692 377 1726; x_wconf 85' lang='lat' dir='ltr'><strong>petram</strong></span> <span class='ocrx_word' id='word_1_426' title='bbox 405 1688 566 1722; x_wconf 75' lang='lat' dir='ltr'><strong>offendens,</strong></span> <span class='ocrx_word' id='word_1_427' title='bbox 600 1688 757 1724; x_wconf 87' lang='lat' dir='ltr'><strong>derepente</strong></span> <span class='ocrx_word' id='word_1_428' title='bbox 786 1691 893 1724; x_wconf 86' lang='lat' dir='ltr'><strong>pereat.</strong></span> <span class='ocrx_word' id='word_1_429' title='bbox 921 1688 964 1716; x_wconf 89' lang='lat' dir='ltr'><strong>Ita</strong></span> <span class='ocrx_word' id='word_1_430' title='bbox 988 1691 1033 1716; x_wconf 88' lang='lat' dir='ltr'><strong>est</strong></span> 
     </span>
    </p>
   </div>
   <div class='ocr_carea' id='block_1_57' title="bbox 210 1715 1069 1769">
    <p class='ocr_par' dir='ltr' id='par_1_57' title="bbox 210 1715 1069 1769">
     <span class='ocr_line' id='line_1_57' title="bbox 210 1715 1069 1769; baseline -0.002 -7"><span class='ocrx_word' id='word_1_431' title='bbox 210 1715 306 1762; x_wconf 63' lang='lat' dir='ltr'><strong>omnis</strong></span> <span class='ocrx_word' id='word_1_432' title='bbox 320 1734 399 1769; x_wconf 79' lang='lat' dir='ltr'><strong>virgo</strong></span> <span class='ocrx_word' id='word_1_433' title='bbox 425 1741 488 1768; x_wconf 70' lang='lat' dir='ltr'><strong>quis</strong></span> <span class='ocrx_word' id='word_1_434' title='bbox 504 1740 561 1760; x_wconf 89' lang='lat' dir='ltr'><strong>non</strong></span> <span class='ocrx_word' id='word_1_435' title='bbox 577 1732 665 1760; x_wconf 86' lang='lat' dir='ltr'><strong>habet</strong></span> <span class='ocrx_word' id='word_1_436' title='bbox 680 1740 768 1768; x_wconf 89' lang='lat' dir='ltr'><strong>quem</strong></span> <span class='ocrx_word' id='word_1_437' title='bbox 788 1735 931 1760; x_wconf 85' lang='lat' dir='ltr'><strong>vereatur.</strong></span> <span class='ocrx_word' id='word_1_438' title='bbox 948 1733 1035 1760; x_wconf 84' lang='lat' dir='ltr'><strong>Beata</strong></span> <span class='ocrx_word' id='word_1_439' title='bbox 1048 1715 1069 1748; x_wconf 64' lang='grc' dir='ltr'>δ</span> 
     </span>
    </p>
   </div>
   <div class='ocr_carea' id='block_1_58' title="bbox 210 1775 1033 1814">
    <p class='ocr_par' dir='ltr' id='par_1_58' title="bbox 210 1775 1033 1814">
     <span class='ocr_line' id='line_1_58' title="bbox 210 1775 1033 1814; baseline -0.001 -9"><span class='ocrx_word' id='word_1_440' title='bbox 210 1779 291 1814; x_wconf 85' lang='lat' dir='ltr'><strong>virgo</strong></span> <span class='ocrx_word' id='word_1_441' title='bbox 306 1787 369 1813; x_wconf 75' lang='lat' dir='ltr'><strong>qua:</strong></span> <span class='ocrx_word' id='word_1_442' title='bbox 386 1780 430 1805; x_wconf 85' lang='lat' dir='ltr'><strong>est</strong></span> <span class='ocrx_word' id='word_1_443' title='bbox 444 1777 500 1804; x_wconf 92' lang='lat' dir='ltr'><strong>sub</strong></span> <span class='ocrx_word' id='word_1_444' title='bbox 515 1775 616 1812; x_wconf 83' lang='lat' dir='ltr'><strong>regula</strong></span> <span class='ocrx_word' id='word_1_445' title='bbox 627 1776 699 1804; x_wconf 86' lang='lat' dir='ltr'><strong>:erit</strong></span> <span class='ocrx_word' id='word_1_446' title='bbox 718 1784 846 1812; x_wconf 84' lang='lat' dir='ltr'><strong>namque</strong></span> <span class='ocrx_word' id='word_1_447' title='bbox 869 1777 954 1812; x_wconf 79' lang='lat' dir='ltr'><strong>quasi</strong></span> <span class='ocrx_word' id='word_1_448' title='bbox 966 1777 1033 1804; x_wconf 88' lang='lat' dir='ltr'><strong>vitis</strong></span> 
     </span>
    </p>
   </div>
   <div class='ocr_carea' id='block_1_59' title="bbox 210 1820 1035 1859">
    <p class='ocr_par' dir='ltr' id='par_1_59' title="bbox 210 1820 1035 1859">
     <span class='ocr_line' id='line_1_59' title="bbox 210 1820 1035 1859; baseline -0.001 -9"><span class='ocrx_word' id='word_1_449' title='bbox 210 1823 241 1851; x_wconf 91' lang='lat' dir='ltr'><strong>in</strong></span> <span class='ocrx_word' id='word_1_450' title='bbox 258 1822 393 1859; x_wconf 79' lang='lat' dir='ltr'><strong>paradiso</strong></span> <span class='ocrx_word' id='word_1_451' title='bbox 418 1821 578 1854; x_wconf 80' lang='lat' dir='ltr'><strong>fructifera,</strong></span> <span class='ocrx_word' id='word_1_452' title='bbox 595 1821 630 1847; x_wconf 90' lang='lat' dir='ltr'><strong>ad</strong></span> <span class='ocrx_word' id='word_1_453' title='bbox 661 1828 750 1856; x_wconf 84' lang='lat' dir='ltr'><strong>quam</strong></span> <span class='ocrx_word' id='word_1_454' title='bbox 772 1820 891 1848; x_wconf 85' lang='lat' dir='ltr'><strong>veniens</strong></span> <span class='ocrx_word' id='word_1_455' title='bbox 907 1821 1035 1857; x_wconf 83' lang='lat' dir='ltr'><strong>agricola</strong></span> 
     </span>
    </p>
   </div>
   <div class='ocr_carea' id='block_1_60' title="bbox 211 1864 1033 1904">
    <p class='ocr_par' dir='ltr' id='par_1_60' title="bbox 211 1864 1033 1904">
     <span class='ocr_line' id='line_1_60' title="bbox 211 1864 1033 1904; baseline -0.001 -10"><span class='ocrx_word' id='word_1_456' title='bbox 211 1869 295 1904; x_wconf 84' lang='lat' dir='ltr'><strong>putat</strong></span> <span class='ocrx_word' id='word_1_457' title='bbox 306 1866 442 1902; x_wconf 86' lang='lat' dir='ltr'><strong>palmites</strong></span> <span class='ocrx_word' id='word_1_458' title='bbox 456 1865 530 1900; x_wconf 88' lang='lat' dir='ltr'><strong>ejus,</strong></span> <span class='ocrx_word' id='word_1_459' title='bbox 546 1872 611 1892; x_wconf 88' lang='lat' dir='ltr'><strong>eam</strong></span> <span class='ocrx_word' id='word_1_460' title='bbox 626 1864 739 1900; x_wconf 88' lang='lat' dir='ltr'><strong>irrigat,</strong></span> <span class='ocrx_word' id='word_1_461' title='bbox 758 1864 909 1900; x_wconf 86' lang='lat' dir='ltr'><strong>malasque</strong></span> <span class='ocrx_word' id='word_1_462' title='bbox 923 1864 1033 1893; x_wconf 87' lang='lat' dir='ltr'><strong>circum</strong></span> 
     </span>
    </p>
   </div>
   <div class='ocr_carea' id='block_1_61' title="bbox 212 1908 1032 1945">
    <p class='ocr_par' dir='ltr' id='par_1_61' title="bbox 212 1908 1032 1945">
     <span class='ocr_line' id='line_1_61' title="bbox 212 1908 1032 1945; baseline -0.004 -5"><span class='ocrx_word' id='word_1_463' title='bbox 212 1912 317 1940; x_wconf 85' lang='lat' dir='ltr'><strong>herbas</strong></span> <span class='ocrx_word' id='word_1_464' title='bbox 333 1910 438 1939; x_wconf 86' lang='lat' dir='ltr'><strong>evellit.</strong></span> <span class='ocrx_word' id='word_1_465' title='bbox 456 1908 508 1937; x_wconf 89' lang='lat' dir='ltr'><strong>llla</strong></span> <span class='ocrx_word' id='word_1_466' title='bbox 520 1917 588 1937; x_wconf 81' lang='lat' dir='ltr'><strong>vero</strong></span> <span class='ocrx_word' id='word_1_467' title='bbox 603 1908 673 1937; x_wconf 90' lang='lat' dir='ltr'><strong>dum</strong></span> <span class='ocrx_word' id='word_1_468' title='bbox 699 1908 788 1936; x_wconf 87' lang='lat' dir='ltr'><strong>habet</strong></span> <span class='ocrx_word' id='word_1_469' title='bbox 802 1909 853 1945; x_wconf 87' lang='lat' dir='ltr'><strong>qui</strong></span> <span class='ocrx_word' id='word_1_470' title='bbox 867 1917 898 1937; x_wconf 87' lang='lat' dir='ltr'><strong>se</strong></span> <span class='ocrx_word' id='word_1_471' title='bbox 910 1909 1032 1943; x_wconf 83' lang='lat' dir='ltr'><strong>excolat,</strong></span> 
     </span>
    </p>
   </div>
   <div class='ocr_carea' id='block_1_62' title="bbox 211 1953 1035 1990">
    <p class='ocr_par' dir='ltr' id='par_1_62' title="bbox 211 1953 1035 1990">
     <span class='ocr_line' id='line_1_62' title="bbox 211 1953 1035 1990; baseline -0.005 -5"><span class='ocrx_word' id='word_1_472' title='bbox 211 1957 337 1985; x_wconf 79' lang='lat' dir='ltr'><strong>fructum</strong></span> <span class='ocrx_word' id='word_1_473' title='bbox 351 1963 439 1983; x_wconf 87' lang='lat' dir='ltr'><strong>suum</strong></span> <span class='ocrx_word' id='word_1_474' title='bbox 451 1954 611 1990; x_wconf 84' lang='lat' dir='ltr'><strong>pretiosum</strong></span> <span class='ocrx_word' id='word_1_475' title='bbox 618 1953 746 1981; x_wconf 87' lang='lat' dir='ltr'><strong>redditin</strong></span> <span class='ocrx_word' id='word_1_476' title='bbox 759 1956 889 1990; x_wconf 80' lang='lat' dir='ltr'><strong>tempore</strong></span> <span class='ocrx_word' id='word_1_477' title='bbox 897 1956 1035 1990; x_wconf 88' lang='lat' dir='ltr'><strong>opportu-</strong></span> 
     </span>
    </p>
   </div>
   <div class='ocr_carea' id='block_1_63' title="bbox 210 1997 1034 2035">
    <p class='ocr_par' dir='ltr' id='par_1_63' title="bbox 210 1997 1034 2035">
     <span class='ocr_line' id='line_1_63' title="bbox 210 1997 1034 2035; baseline -0.005 -6"><span class='ocrx_word' id='word_1_478' title='bbox 210 2001 327 2029; x_wconf 72' lang='grc' dir='ltr'><strong>ΠΟ.Ηίἓο</strong></span> <span class='ocrx_word' id='word_1_479' title='bbox 343 1999 501 2033; x_wconf 85' lang='lat' dir='ltr'><strong>custodi,et</strong></span> <span class='ocrx_word' id='word_1_480' title='bbox 509 1998 734 2035; x_wconf 81' lang='lat' dir='ltr'><strong>glorificationes</strong></span> <span class='ocrx_word' id='word_1_481' title='bbox 745 1997 811 2025; x_wconf 89' lang='lat' dir='ltr'><strong>illas</strong></span> <span class='ocrx_word' id='word_1_482' title='bbox 827 1999 855 2025; x_wconf 91' lang='lat' dir='ltr'><strong>in</strong></span> <span class='ocrx_word' id='word_1_483' title='bbox 867 2006 1034 2026; x_wconf 89' lang='lat' dir='ltr'><strong>mensaser-</strong></span> 
     </span>
    </p>
   </div>
   <div class='ocr_carea' id='block_1_64' title="bbox 210 2042 1034 2079">
    <p class='ocr_par' dir='ltr' id='par_1_64' title="bbox 210 2042 1034 2079">
     <span class='ocr_line' id='line_1_64' title="bbox 210 2042 1034 2079; baseline -0.002 -7"><span class='ocrx_word' id='word_1_484' title='bbox 210 2045 402 2079; x_wconf 86' lang='lat' dir='ltr'><strong>vato,eritque</strong></span> <span class='ocrx_word' id='word_1_485' title='bbox 417 2043 500 2071; x_wconf 86' lang='lat' dir='ltr'><strong>cibus</strong></span> <span class='ocrx_word' id='word_1_486' title='bbox 515 2045 660 2079; x_wconf 89' lang='lat' dir='ltr'><strong>potusque</strong></span> <span class='ocrx_word' id='word_1_487' title='bbox 673 2045 742 2070; x_wconf 88' lang='lat' dir='ltr'><strong>tuus</strong></span> <span class='ocrx_word' id='word_1_488' title='bbox 749 2042 1034 2070; x_wconf 78' lang='lat' dir='ltr'><strong>sanctificatus.Cum</strong></span> 
     </span>
    </p>
   </div>
   <div class='ocr_carea' id='block_1_65' title="bbox 210 2086 1035 2126">
    <p class='ocr_par' dir='ltr' id='par_1_65' title="bbox 210 2086 1035 2126">
     <span class='ocr_line' id='line_1_65' title="bbox 210 2086 1035 2126; baseline -0.001 -9"><span class='ocrx_word' id='word_1_489' title='bbox 210 2090 308 2125; x_wconf 80' lang='lat' dir='ltr'><strong>itaque</strong></span> <span class='ocrx_word' id='word_1_490' title='bbox 326 2097 342 2115; x_wconf 87' lang='lat' dir='ltr'><strong>a</strong></span> <span class='ocrx_word' id='word_1_491' title='bbox 357 2096 458 2115; x_wconf 82' lang='lat' dir='ltr'><strong>mensa</strong></span> <span class='ocrx_word' id='word_1_492' title='bbox 472 2086 643 2120; x_wconf 83' lang='lat' dir='ltr'><strong>surrexeris,</strong></span> <span class='ocrx_word' id='word_1_493' title='bbox 654 2095 771 2115; x_wconf 87' lang='lat' dir='ltr'><strong>rursum</strong></span> <span class='ocrx_word' id='word_1_494' title='bbox 787 2088 896 2123; x_wconf 82' lang='lat' dir='ltr'><strong>gratias</strong></span> <span class='ocrx_word' id='word_1_495' title='bbox 911 2088 1035 2126; x_wconf 71' lang='lat' dir='ltr'><strong>agendo,</strong></span> 
     </span>
    </p>
   </div>
   <div class='ocr_carea' id='block_1_66' title="bbox 211 2131 1034 2166">
    <p class='ocr_par' dir='ltr' id='par_1_66' title="bbox 211 2131 1034 2166">
     <span class='ocr_line' id='line_1_66' title="bbox 211 2131 1034 2166; baseline -0.001 -5"><span class='ocrx_word' id='word_1_496' title='bbox 211 2136 255 2161; x_wconf 88' lang='lat' dir='ltr'><strong>ter</strong></span> <span class='ocrx_word' id='word_1_497' title='bbox 270 2133 356 2160; x_wconf 85' lang='lat' dir='ltr'><strong>dicito</strong></span> <span class='ocrx_word' id='word_1_498' title='bbox 369 2141 375 2159; x_wconf 73' lang='lat'><strong>2</strong></span> <span class='ocrx_word' id='word_1_499' title='bbox 389 2144 402 2156; x_wconf 85' lang='grc'><em>‹‹</em></span> <span class='ocrx_word' id='word_1_500' title='bbox 413 2132 578 2159; x_wconf 86' lang='lat' dir='ltr'><strong>Misericors</strong></span> <span class='ocrx_word' id='word_1_501' title='bbox 588 2131 773 2159; x_wconf 84' lang='lat' dir='ltr'><strong>etmiserator</strong></span> <span class='ocrx_word' id='word_1_502' title='bbox 781 2131 1034 2166; x_wconf 83' lang='lat' dir='ltr'><strong>Dominus,escam</strong></span> 
     </span>
    </p>
   </div>
   <div class='ocr_carea' id='block_1_67' title="bbox 211 2175 1034 2212">
    <p class='ocr_par' dir='ltr' id='par_1_67' title="bbox 211 2175 1034 2212">
     <span class='ocr_line' id='line_1_67' title="bbox 211 2175 1034 2212; baseline -0.001 -7"><span class='ocrx_word' id='word_1_503' title='bbox 211 2177 290 2205; x_wconf 86' lang='lat' dir='ltr'><strong>dedit</strong></span> <span class='ocrx_word' id='word_1_504' title='bbox 304 2176 474 2204; x_wconf 84' lang='lat' dir='ltr'><strong>timentibus</strong></span> <span class='ocrx_word' id='word_1_505' title='bbox 490 2183 522 2203; x_wconf 88' lang='lat' dir='ltr'><strong>se</strong></span> <span class='ocrx_word' id='word_1_506' title='bbox 531 2175 565 2203; x_wconf 73' lang='grc'><strong>⁸³.</strong></span> <span class='ocrx_word' id='word_1_507' title='bbox 587 2175 684 2203; x_wconf 84' lang='lat' dir='ltr'><strong>Gloria</strong></span> <span class='ocrx_word' id='word_1_508' title='bbox 700 2175 776 2203; x_wconf 82' lang='lat' dir='ltr'><strong>Patri</strong></span> <span class='ocrx_word' id='word_1_509' title='bbox 791 2178 819 2203; x_wconf 87' lang='lat' dir='ltr'><strong>et</strong></span> <span class='ocrx_word' id='word_1_510' title='bbox 839 2176 909 2204; x_wconf 87' lang='lat' dir='ltr'><strong>Filio</strong></span> <span class='ocrx_word' id='word_1_511' title='bbox 925 2178 954 2204; x_wconf 91' lang='lat' dir='ltr'><strong>et</strong></span> <span class='ocrx_word' id='word_1_512' title='bbox 968 2176 1034 2212; x_wconf 89' lang='lat' dir='ltr'><strong>Spi-</strong></span> 
     </span>
    </p>
   </div>
   <div class='ocr_carea' id='block_1_68' title="bbox 212 2220 1036 2256">
    <p class='ocr_par' dir='ltr' id='par_1_68' title="bbox 212 2220 1036 2256">
     <span class='ocr_line' id='line_1_68' title="bbox 212 2220 1036 2256; baseline 0 -7"><span class='ocrx_word' id='word_1_513' title='bbox 212 2222 279 2249; x_wconf 86' lang='lat' dir='ltr'><strong>ritui</strong></span> <span class='ocrx_word' id='word_1_514' title='bbox 291 2223 402 2249; x_wconf 85' lang='lat' dir='ltr'><strong>sancto.</strong></span> <span class='ocrx_word' id='word_1_515' title='bbox 430 2220 465 2248; x_wconf 85' lang='lat' dir='ltr'><strong>Et</strong></span> <span class='ocrx_word' id='word_1_516' title='bbox 480 2227 559 2247; x_wconf 91' lang='lat' dir='ltr'><strong>nunc</strong></span> <span class='ocrx_word' id='word_1_517' title='bbox 574 2221 603 2247; x_wconf 87' lang='lat' dir='ltr'><strong>et</strong></span> <span class='ocrx_word' id='word_1_518' title='bbox 618 2227 734 2256; x_wconf 86' lang='lat' dir='ltr'><strong>semper</strong></span> <span class='ocrx_word' id='word_1_519' title='bbox 748 2222 777 2248; x_wconf 88' lang='lat' dir='ltr'><strong>et</strong></span> <span class='ocrx_word' id='word_1_520' title='bbox 791 2220 820 2248; x_wconf 93' lang='lat' dir='ltr'><strong>in</strong></span> <span class='ocrx_word' id='word_1_521' title='bbox 836 2220 952 2248; x_wconf 71' lang='lat' dir='ltr'><strong>saacula.</strong></span> <span class='ocrx_word' id='word_1_522' title='bbox 971 2232 984 2246; x_wconf 82' lang='grc'><strong>››</strong></span> <span class='ocrx_word' id='word_1_523' title='bbox 1000 2223 1036 2249; x_wconf 83' lang='lat' dir='ltr'><strong>Et</strong></span> 
     </span>
    </p>
   </div>
   <div class='ocr_carea' id='block_1_69' title="bbox 211 2264 1035 2303">
    <p class='ocr_par' dir='ltr' id='par_1_69' title="bbox 211 2264 1035 2303">
     <span class='ocr_line' id='line_1_69' title="bbox 211 2264 1035 2303; baseline -0.001 -9"><span class='ocrx_word' id='word_1_524' title='bbox 211 2270 278 2303; x_wconf 85' lang='lat' dir='ltr'><strong>post</strong></span> <span class='ocrx_word' id='word_1_525' title='bbox 288 2266 410 2301; x_wconf 87' lang='lat' dir='ltr'><strong>gloriam</strong></span> <span class='ocrx_word' id='word_1_526' title='bbox 421 2265 478 2292; x_wconf 90' lang='lat' dir='ltr'><strong>Deo</strong></span> <span class='ocrx_word' id='word_1_527' title='bbox 494 2264 605 2298; x_wconf 88' lang='lat' dir='ltr'><strong>datam,</strong></span> <span class='ocrx_word' id='word_1_528' title='bbox 617 2264 778 2292; x_wconf 89' lang='lat' dir='ltr'><strong>orationem</strong></span> <span class='ocrx_word' id='word_1_529' title='bbox 789 2264 836 2292; x_wconf 90' lang='lat' dir='ltr'><strong>his</strong></span> <span class='ocrx_word' id='word_1_530' title='bbox 850 2265 962 2301; x_wconf 91' lang='lat' dir='ltr'><strong>comple</strong></span> <span class='ocrx_word' id='word_1_531' title='bbox 973 2274 1035 2293; x_wconf 84' lang='lat' dir='ltr'><strong>ver-</strong></span> 
     </span>
    </p>
   </div>
   <div class='ocr_carea' id='block_1_70' title="bbox 211 2309 1034 2345">
    <p class='ocr_par' dir='ltr' id='par_1_70' title="bbox 211 2309 1034 2345">
     <span class='ocr_line' id='line_1_70' title="bbox 211 2309 1034 2345; baseline -0.002 -6"><span class='ocrx_word' id='word_1_532' title='bbox 211 2312 274 2339; x_wconf 89' lang='lat' dir='ltr'><strong>bis:</strong></span> <span class='ocrx_word' id='word_1_533' title='bbox 303 2314 375 2338; x_wconf 89' lang='lat' dir='ltr'><strong>Dcus</strong></span> <span class='ocrx_word' id='word_1_534' title='bbox 404 2310 601 2345; x_wconf 85' lang='lat' dir='ltr'><strong>omnipotens,</strong></span> <span class='ocrx_word' id='word_1_535' title='bbox 629 2311 658 2336; x_wconf 91' lang='lat' dir='ltr'><strong>et</strong></span> <span class='ocrx_word' id='word_1_536' title='bbox 674 2309 816 2337; x_wconf 91' lang='lat' dir='ltr'><strong>Dominus</strong></span> <span class='ocrx_word' id='word_1_537' title='bbox 835 2312 934 2337; x_wconf 88' lang='lat' dir='ltr'><strong>noster</strong></span> <span class='ocrx_word' id='word_1_538' title='bbox 947 2310 1034 2337; x_wconf 86' lang='lat' dir='ltr'><strong>Jesus</strong></span> 
     </span>
    </p>
   </div>
   <div class='ocr_carea' id='block_1_71' title="bbox 210 2354 1033 2390">
    <p class='ocr_par' dir='ltr' id='par_1_71' title="bbox 210 2354 1033 2390">
     <span class='ocr_line' id='line_1_71' title="bbox 210 2354 1033 2390; baseline -0.004 -7"><span class='ocrx_word' id='word_1_539' title='bbox 210 2354 439 2390; x_wconf 84' lang='lat' dir='ltr'><strong>Christus,quod</strong></span> <span class='ocrx_word' id='word_1_540' title='bbox 455 2355 500 2381; x_wconf 89' lang='lat' dir='ltr'><strong>est</strong></span> <span class='ocrx_word' id='word_1_541' title='bbox 516 2361 621 2381; x_wconf 88' lang='lat' dir='ltr'><strong>nomen</strong></span> <span class='ocrx_word' id='word_1_542' title='bbox 638 2361 727 2388; x_wconf 84' lang='lat' dir='ltr'><strong>super</strong></span> <span class='ocrx_word' id='word_1_543' title='bbox 737 2360 823 2380; x_wconf 89' lang='lat' dir='ltr'><strong>omne</strong></span> <span class='ocrx_word' id='word_1_544' title='bbox 834 2361 951 2386; x_wconf 88' lang='lat' dir='ltr'><strong>nomen,</strong></span> <span class='ocrx_word' id='word_1_545' title='bbox 967 2361 1033 2389; x_wconf 89' lang='lat' dir='ltr'><strong>gra-</strong></span> 
     </span>
    </p>
   </div>
   <div class='ocr_carea' id='block_1_72' title="bbox 209 2396 1033 2435">
    <p class='ocr_par' dir='ltr' id='par_1_72' title="bbox 209 2396 1033 2435">
     <span class='ocr_line' id='line_1_72' title="bbox 209 2396 1033 2435; baseline -0.004 -7"><span class='ocrx_word' id='word_1_546' title='bbox 209 2401 266 2428; x_wconf 87' lang='lat' dir='ltr'><strong>tias</strong></span> <span class='ocrx_word' id='word_1_547' title='bbox 278 2400 393 2435; x_wconf 84' lang='lat' dir='ltr'><strong>agimus</strong></span> <span class='ocrx_word' id='word_1_548' title='bbox 415 2398 468 2426; x_wconf 88' lang='lat' dir='ltr'><strong>tibi</strong></span> <span class='ocrx_word' id='word_1_549' title='bbox 483 2400 511 2425; x_wconf 81' lang='lat' dir='ltr'><strong>et</strong></span> <span class='ocrx_word' id='word_1_550' title='bbox 526 2397 682 2425; x_wconf 87' lang='lat' dir='ltr'><strong>laudamus</strong></span> <span class='ocrx_word' id='word_1_551' title='bbox 711 2399 750 2431; x_wconf 86' lang='lat' dir='ltr'><strong>te,</strong></span> <span class='ocrx_word' id='word_1_552' title='bbox 767 2396 835 2432; x_wconf 77' lang='lat' dir='ltr'><strong>quia</strong></span> <span class='ocrx_word' id='word_1_553' title='bbox 850 2396 988 2432; x_wconf 79' lang='lat' dir='ltr'><strong>dignatus</strong></span> <span class='ocrx_word' id='word_1_554' title='bbox 1002 2405 1033 2425; x_wconf 91' lang='lat' dir='ltr'><strong>es</strong></span> 
     </span>
    </p>
   </div>
   <div class='ocr_carea' id='block_1_73' title="bbox 209 2440 1033 2478">
    <p class='ocr_par' dir='ltr' id='par_1_73' title="bbox 209 2440 1033 2478">
     <span class='ocr_line' id='line_1_73' title="bbox 209 2440 1033 2478; baseline -0.004 -6"><span class='ocrx_word' id='word_1_555' title='bbox 209 2454 262 2473; x_wconf 89' lang='lat' dir='ltr'><strong>nos</strong></span> <span class='ocrx_word' id='word_1_556' title='bbox 292 2445 435 2471; x_wconf 89' lang='lat' dir='ltr'><strong>bonorum</strong></span> <span class='ocrx_word' id='word_1_557' title='bbox 459 2445 576 2470; x_wconf 88' lang='lat' dir='ltr'><strong>tuorum</strong></span> <span class='ocrx_word' id='word_1_558' title='bbox 594 2441 749 2478; x_wconf 84' lang='lat' dir='ltr'><strong>participes</strong></span> <span class='ocrx_word' id='word_1_559' title='bbox 764 2440 837 2476; x_wconf 83' lang='lat' dir='ltr'><strong>ﬁeri,</strong></span> <span class='ocrx_word' id='word_1_560' title='bbox 853 2442 881 2468; x_wconf 87' lang='lat' dir='ltr'><strong>et</strong></span> <span class='ocrx_word' id='word_1_561' title='bbox 899 2449 1033 2469; x_wconf 86' lang='lat' dir='ltr'><strong>escarum</strong></span> 
     </span>
    </p>
   </div>
   <div class='ocr_carea' id='block_1_74' title="bbox 209 2485 1036 2524">
    <p class='ocr_par' dir='ltr' id='par_1_74' title="bbox 209 2485 1036 2524">
     <span class='ocr_line' id='line_1_74' title="bbox 209 2485 1036 2524; baseline -0.006 -7"><span class='ocrx_word' id='word_1_562' title='bbox 209 2489 381 2517; x_wconf 87' lang='lat' dir='ltr'><strong>carnalium.</strong></span> <span class='ocrx_word' id='word_1_563' title='bbox 396 2488 542 2524; x_wconf 73' lang='lat' dir='ltr'><strong>Rogamus</strong></span> <span class='ocrx_word' id='word_1_564' title='bbox 555 2488 584 2514; x_wconf 83' lang='lat' dir='ltr'><strong>et</strong></span> <span class='ocrx_word' id='word_1_565' title='bbox 598 2486 786 2514; x_wconf 81' lang='lat' dir='ltr'><strong>obsecramus</strong></span> <span class='ocrx_word' id='word_1_566' title='bbox 801 2488 839 2519; x_wconf 89' lang='lat' dir='ltr'><strong>te,</strong></span> <span class='ocrx_word' id='word_1_567' title='bbox 857 2485 987 2519; x_wconf 87' lang='lat' dir='ltr'><strong>Domine,</strong></span> <span class='ocrx_word' id='word_1_568' title='bbox 1003 2488 1036 2513; x_wconf 87' lang='lat' dir='ltr'><strong>ut</strong></span> 
     </span>
    </p>
   </div>
   <div class='ocr_carea' id='block_1_75' title="bbox 244 2576 701 2611">
    <p class='ocr_par' dir='ltr' id='par_1_75' title="bbox 244 2576 701 2611">
     <span class='ocr_line' id='line_1_75' title="bbox 244 2576 701 2611; baseline -0.007 -5"><span class='ocrx_word' id='word_1_569' title='bbox 244 2580 264 2597; x_wconf 72' lang='grc'><strong>⁶¹</strong></span> <span class='ocrx_word' id='word_1_570' title='bbox 279 2578 354 2606; x_wconf 86' lang='lat' dir='ltr'><strong>Eccl.</strong></span> <span class='ocrx_word' id='word_1_571' title='bbox 372 2587 432 2611; x_wconf 82' lang='lat' dir='ltr'><strong>xm,</strong></span> <span class='ocrx_word' id='word_1_572' title='bbox 446 2578 471 2605; x_wconf 88' lang='grc'><strong>1.</strong></span> <span class='ocrx_word' id='word_1_573' title='bbox 487 2577 510 2595; x_wconf 79' lang='grc'>⁸³</span> <span class='ocrx_word' id='word_1_574' title='bbox 525 2576 601 2605; x_wconf 83' lang='lat' dir='ltr'><strong>Psal.</strong></span> <span class='ocrx_word' id='word_1_575' title='bbox 615 2584 659 2611; x_wconf 81' lang='lat' dir='ltr'><strong>cx,</strong></span> <span class='ocrx_word' id='word_1_576' title='bbox 676 2576 701 2603; x_wconf 72' lang='grc'><strong>4.</strong></span> 
     </span>
    </p>
   </div>
   <div class='ocr_carea' id='block_1_76' title="bbox 245 2667 1033 2709">
    <p class='ocr_par' dir='ltr' id='par_1_76' title="bbox 245 2667 1033 2709">
     <span class='ocr_line' id='line_1_76' title="bbox 245 2667 1033 2709; baseline -0.005 -10"><span class='ocrx_word' id='word_1_577' title='bbox 245 2673 299 2709; x_wconf 83' lang='grc'><strong>(25)</strong></span> <span class='ocrx_word' id='word_1_578' title='bbox 322 2670 512 2709; x_wconf 77' lang='lat' dir='ltr'><strong>Anglicanus,</strong></span> <span class='ocrx_word' id='word_1_579' title='bbox 538 2667 764 2709; x_wconf 59' lang='lat' dir='ltr'><strong>meiapc._Editi</strong></span> <span class='ocrx_word' id='word_1_580' title='bbox 793 2667 1033 2709; x_wconf 38' lang='grc' dir='ltr'>νενοηκαρίσεις.</span> 
     </span>
    </p>
   </div>
   <div class='ocr_carea' id='block_1_77' title="bbox 208 2703 1033 2741">
    <p class='ocr_par' dir='ltr' id='par_1_77' title="bbox 208 2703 1033 2741">
     <span class='ocr_line' id='line_1_77' title="bbox 208 2703 1033 2741; baseline -0.005 -5"><span class='ocrx_word' id='word_1_581' title='bbox 208 2703 330 2741; x_wconf 77' lang='lat' dir='ltr'><strong>Ibidem,</strong></span> <span class='ocrx_word' id='word_1_582' title='bbox 346 2703 639 2741; x_wconf 28' lang='lat' dir='ltr'><strong>Anglican‘usﬁpayaiv</strong></span> <span class='ocrx_word' id='word_1_583' title='bbox 654 2704 700 2730; x_wconf 82' lang='grc' dir='ltr'>τὸν</span> <span class='ocrx_word' id='word_1_584' title='bbox 717 2703 796 2741; x_wconf 64' lang='grc' dir='ltr'>ᾄρτον</span> <span class='ocrx_word' id='word_1_585' title='bbox 809 2713 870 2741; x_wconf 66' lang='grc' dir='ltr'>σου.</span> <span class='ocrx_word' id='word_1_586' title='bbox 882 2704 954 2732; x_wconf 92' lang='lat' dir='ltr'><strong>Ibid.</strong></span> <span class='ocrx_word' id='word_1_587' title='bbox 971 2704 1033 2733; x_wconf 69' lang='lat' dir='ltr'><strong>hac</strong></span> 
     </span>
    </p>
   </div>
   <div class='ocr_carea' id='block_1_78' title="bbox 209 2738 888 2780">
    <p class='ocr_par' dir='ltr' id='par_1_78' title="bbox 209 2738 888 2780">
     <span class='ocr_line' id='line_1_78' title="bbox 209 2738 888 2780; baseline -0.006 -10"><span class='ocrx_word' id='word_1_588' title='bbox 209 2744 265 2780; x_wconf 74' lang='grc' dir='ltr'>μιτ*</span> <span class='ocrx_word' id='word_1_589' title='bbox 281 2738 510 2780; x_wconf 45' lang='grc' dir='ltr'>αὐτῆςξψωμόν</span> <span class='ocrx_word' id='word_1_590' title='bbox 527 2738 710 2780; x_wconf 52' lang='lat' dir='ltr'><strong>seu,;de_su_nt</strong></span> <span class='ocrx_word' id='word_1_591' title='bbox 723 2738 753 2780; x_wconf 64' lang='lat' dir='ltr'><strong>ip</strong></span> <span class='ocrx_word' id='word_1_592' title='bbox 766 2739 844 2780; x_wconf 36' lang='lat' dir='ltr'><strong>.Iielcl.</strong></span> <span class='ocrx_word' id='word_1_593' title='bbox 861 2741 888 2766; x_wconf 87' lang='lat'><strong>2.</strong></span> 
     </span>
    </p>
   </div>
   <div class='ocr_carea' id='block_1_79' title="bbox 244 2773 1034 2815">
    <p class='ocr_par' dir='ltr' id='par_1_79' title="bbox 244 2773 1034 2815">
     <span class='ocr_line' id='line_1_79' title="bbox 244 2773 1034 2815; baseline -0.003 -10"><span class='ocrx_word' id='word_1_594' title='bbox 244 2780 299 2815; x_wconf 81' lang='lat'><strong>(26)</strong></span> <span class='ocrx_word' id='word_1_595' title='bbox 318 2773 401 2815; x_wconf 79' lang='lat' dir='ltr'><strong>Editi,</strong></span> <span class='ocrx_word' id='word_1_596' title='bbox 421 2773 550 2815; x_wconf 61' lang='grc' dir='ltr'>ῥημάτιον</span> <span class='ocrx_word' id='word_1_597' title='bbox 564 2773 616 2801; x_wconf 76' lang='grc' dir='ltr'><strong>τῶν</strong></span> <span class='ocrx_word' id='word_1_598' title='bbox 633 2775 684 2802; x_wconf 81' lang='grc' dir='ltr'>ὑπὸ</span> <span class='ocrx_word' id='word_1_599' title='bbox 699 2777 746 2801; x_wconf 81' lang='grc' dir='ltr'><strong>σοῦ</strong></span> <span class='ocrx_word' id='word_1_600' title='bbox 760 2773 899 2811; x_wconf 73' lang='grc' dir='ltr'>ᾀδομένων</span> <span class='ocrx_word' id='word_1_601' title='bbox 913 2783 920 2809; x_wconf 85' lang='grc'>;</span> <span class='ocrx_word' id='word_1_602' title='bbox 937 2776 1034 2812; x_wconf 89' lang='lat' dir='ltr'><strong>sequi-</strong></span> 
     </span>
    </p>
   </div>
   <div class='ocr_carea' id='block_1_80' title="bbox 209 2812 548 2843">
    <p class='ocr_par' dir='ltr' id='par_1_80' title="bbox 209 2812 548 2843">
     <span class='ocr_line' id='line_1_80' title="bbox 209 2812 548 2843; baseline -0.015 1"><span class='ocrx_word' id='word_1_603' title='bbox 209 2812 276 2843; x_wconf 87' lang='lat' dir='ltr'><strong>mur</strong></span> <span class='ocrx_word' id='word_1_604' title='bbox 288 2814 375 2842; x_wconf 84' lang='lat' dir='ltr'><strong>Basil.</strong></span> <span class='ocrx_word' id='word_1_605' title='bbox 393 2812 424 2841; x_wconf 81' lang='lat' dir='ltr'><strong>et</strong></span> <span class='ocrx_word' id='word_1_606' title='bbox 437 2812 548 2843; x_wconf 70' lang='lat' dir='ltr'><strong>Anglic.</strong></span> 
     </span>
    </p>
   </div>
   <div class='ocr_carea' id='block_1_81' title="bbox 245 2845 688 2887">
    <p class='ocr_par' dir='ltr' id='par_1_81' title="bbox 245 2845 688 2887">
     <span class='ocr_line' id='line_1_81' title="bbox 245 2845 688 2887; baseline -0.011 -9"><span class='ocrx_word' id='word_1_607' title='bbox 245 2852 301 2887; x_wconf 78' lang='lat'><strong>(27)</strong></span> <span class='ocrx_word' id='word_1_608' title='bbox 319 2850 392 2877; x_wconf 75' lang='lat' dir='ltr'><strong>Felc.</strong></span> <span class='ocrx_word' id='word_1_609' title='bbox 409 2849 436 2882; x_wconf 78' lang='lat'><strong>‘2,</strong></span> <span class='ocrx_word' id='word_1_610' title='bbox 453 2845 518 2885; x_wconf 62' lang='grc' dir='ltr'>ὑπῖρ</span> <span class='ocrx_word' id='word_1_611' title='bbox 532 2849 582 2881; x_wconf 85' lang='grc' dir='ltr'><strong>τῆς</strong></span> <span class='ocrx_word' id='word_1_612' title='bbox 597 2845 688 2880; x_wconf 81' lang='grc' dir='ltr'>δόξης.</span> 
     </span>
    </p>
   </div>
   <div class='ocr_carea' id='block_1_82' title="bbox 1125 1287 1917 1326">
    <p class='ocr_par' dir='ltr' id='par_1_82' title="bbox 1125 1287 1917 1326">
     <span class='ocr_line' id='line_1_82' title="bbox 1125 1287 1917 1326; baseline -0.001 -10"><span class='ocrx_word' id='word_1_613' title='bbox 1125 1288 1167 1316; x_wconf 74' lang='grc'><strong>14.</strong></span> <span class='ocrx_word' id='word_1_614' title='bbox 1184 1287 1307 1325; x_wconf 77' lang='grc' dir='ltr'>Μακαρία</span> <span class='ocrx_word' id='word_1_615' title='bbox 1322 1288 1398 1325; x_wconf 80' lang='grc' dir='ltr'>ψυχὴ</span> <span class='ocrx_word' id='word_1_616' title='bbox 1415 1288 1432 1322; x_wconf 84' lang='grc' dir='ltr'>ἠ</span> <span class='ocrx_word' id='word_1_617' title='bbox 1449 1287 1622 1325; x_wconf 82' lang='grc' dir='ltr'>φυλάσσουσα</span> <span class='ocrx_word' id='word_1_618' title='bbox 1649 1290 1743 1317; x_wconf 77' lang='grc' dir='ltr'>ταῦτα,</span> <span class='ocrx_word' id='word_1_619' title='bbox 1760 1289 1818 1317; x_wconf 85' lang='grc' dir='ltr'><strong>Οὑκ</strong></span> <span class='ocrx_word' id='word_1_620' title='bbox 1845 1288 1917 1326; x_wconf 56' lang='grc' dir='ltr'>ἀγα-</span> 
     </span>
    </p>
   </div>
   <div class='ocr_carea' id='block_1_83' title="bbox 1088 1331 1920 1371">
    <p class='ocr_par' dir='ltr' id='par_1_83' title="bbox 1088 1331 1920 1371">
     <span class='ocr_line' id='line_1_83' title="bbox 1088 1331 1920 1371; baseline 0.001 -12"><span class='ocrx_word' id='word_1_621' title='bbox 1088 1331 1132 1359; x_wconf 84' lang='grc' dir='ltr'><strong>θὸν</strong></span> <span class='ocrx_word' id='word_1_622' title='bbox 1175 1332 1306 1369; x_wconf 85' lang='grc' dir='ltr'>νιωτέραν</span> <span class='ocrx_word' id='word_1_623' title='bbox 1351 1331 1606 1371; x_wconf 73' lang='grc' dir='ltr'>συναναστρέφεσθαι</span> <span class='ocrx_word' id='word_1_624' title='bbox 1644 1333 1712 1369; x_wconf 79' lang='grc' dir='ltr'>μετὰ</span> <span class='ocrx_word' id='word_1_625' title='bbox 1741 1333 1797 1368; x_wconf 85' lang='lat'><strong>(28)</strong></span> <span class='ocrx_word' id='word_1_626' title='bbox 1823 1333 1920 1360; x_wconf 74' lang='grc' dir='ltr'>νεωτέ-</span> 
     </span>
    </p>
   </div>
   <div class='ocr_carea' id='block_1_84' title="bbox 1087 1374 1917 1415">
    <p class='ocr_par' dir='ltr' id='par_1_84' title="bbox 1087 1374 1917 1415">
     <span class='ocr_line' id='line_1_84' title="bbox 1087 1374 1917 1415; baseline 0.001 -12"><span class='ocrx_word' id='word_1_627' title='bbox 1087 1386 1145 1413; x_wconf 79' lang='grc' dir='ltr'>ρας’</span> <span class='ocrx_word' id='word_1_628' title='bbox 1171 1376 1194 1403; x_wconf 77' lang='grc' dir='ltr'><strong>εί</strong></span> <span class='ocrx_word' id='word_1_629' title='bbox 1222 1374 1251 1403; x_wconf 74' lang='grc' dir='ltr'><strong>δὲ</strong></span> <span class='ocrx_word' id='word_1_630' title='bbox 1281 1377 1320 1412; x_wconf 83' lang='grc' dir='ltr'>μὴ</span> <span class='ocrx_word' id='word_1_631' title='bbox 1349 1387 1390 1414; x_wconf 89' lang='grc' dir='ltr'><strong>γε,</strong></span> <span class='ocrx_word' id='word_1_632' title='bbox 1412 1374 1488 1404; x_wconf 71' lang='grc' dir='ltr'>οὐδὲν</span> <span class='ocrx_word' id='word_1_633' title='bbox 1516 1376 1602 1404; x_wconf 85' lang='grc' dir='ltr'>καλὸν</span> <span class='ocrx_word' id='word_1_634' title='bbox 1616 1377 1774 1414; x_wconf 85' lang='grc' dir='ltr'>πράττουσι·</span> <span class='ocrx_word' id='word_1_635' title='bbox 1792 1376 1841 1414; x_wconf 85' lang='grc' dir='ltr'><strong>μία</strong></span> <span class='ocrx_word' id='word_1_636' title='bbox 1862 1376 1917 1415; x_wconf 74' lang='grc' dir='ltr'><strong>γὰρ</strong></span> 
     </span>
    </p>
   </div>
   <div class='ocr_carea' id='block_1_85' title="bbox 1084 1420 1916 1460">
    <p class='ocr_par' dir='ltr' id='par_1_85' title="bbox 1084 1420 1916 1460">
     <span class='ocr_line' id='line_1_85' title="bbox 1084 1420 1916 1460; baseline 0.001 -13"><span class='ocrx_word' id='word_1_637' title='bbox 1084 1421 1133 1455; x_wconf 79' lang='grc' dir='ltr'><strong>τῆς</strong></span> <span class='ocrx_word' id='word_1_638' title='bbox 1163 1423 1226 1457; x_wconf 78' lang='grc' dir='ltr'>μιᾶς</span> <span class='ocrx_word' id='word_1_639' title='bbox 1254 1421 1412 1458; x_wconf 80' lang='grc' dir='ltr'>παρακούει,</span> <span class='ocrx_word' id='word_1_640' title='bbox 1429 1420 1474 1448; x_wconf 82' lang='grc' dir='ltr'><strong>καὶ</strong></span> <span class='ocrx_word' id='word_1_641' title='bbox 1506 1420 1553 1457; x_wconf 84' lang='grc' dir='ltr'><strong>μία</strong></span> <span class='ocrx_word' id='word_1_642' title='bbox 1572 1424 1623 1456; x_wconf 81' lang='grc' dir='ltr'><strong>τῆς</strong></span> <span class='ocrx_word' id='word_1_643' title='bbox 1652 1424 1716 1457; x_wconf 81' lang='grc' dir='ltr'>μιᾶς</span> <span class='ocrx_word' id='word_1_644' title='bbox 1739 1423 1916 1460; x_wconf 80' lang='grc' dir='ltr'>καταφρονεῖ,</span> 
     </span>
    </p>
   </div>
   <div class='ocr_carea' id='block_1_86' title="bbox 1085 1462 1919 1503">
    <p class='ocr_par' dir='ltr' id='par_1_86' title="bbox 1085 1462 1919 1503">
     <span class='ocr_line' id='line_1_86' title="bbox 1085 1462 1919 1503; baseline 0.001 -11"><span class='ocrx_word' id='word_1_645' title='bbox 1085 1464 1174 1492; x_wconf 79' lang='grc' dir='ltr'>Ἀλλὰ</span> <span class='ocrx_word' id='word_1_646' title='bbox 1201 1464 1333 1502; x_wconf 81' lang='grc' dir='ltr'>νεωτέραν</span> <span class='ocrx_word' id='word_1_647' title='bbox 1365 1465 1416 1492; x_wconf 81' lang='grc' dir='ltr'><strong>ὑπὸ</strong></span> <span class='ocrx_word' id='word_1_648' title='bbox 1456 1462 1622 1502; x_wconf 76' lang='grc' dir='ltr'>πρισϐύτιδα</span> <span class='ocrx_word' id='word_1_649' title='bbox 1650 1465 1718 1493; x_wconf 82' lang='grc' dir='ltr'>εἶναι</span> <span class='ocrx_word' id='word_1_650' title='bbox 1748 1465 1859 1503; x_wconf 78' lang='grc' dir='ltr'>ἀγαθόν.</span> <span class='ocrx_word' id='word_1_651' title='bbox 1884 1466 1919 1493; x_wconf 85' lang='grc' dir='ltr'>Ἡ</span> 
     </span>
    </p>
   </div>
   <div class='ocr_carea' id='block_1_87' title="bbox 1086 1507 1918 1547">
    <p class='ocr_par' dir='ltr' id='par_1_87' title="bbox 1086 1507 1918 1547">
     <span class='ocr_line' id='line_1_87' title="bbox 1086 1507 1918 1547; baseline 0.001 -11"><span class='ocrx_word' id='word_1_652' title='bbox 1086 1509 1138 1547; x_wconf 77' lang='grc' dir='ltr'><strong>γὰρ</strong></span> <span class='ocrx_word' id='word_1_653' title='bbox 1166 1507 1311 1547; x_wconf 78' lang='grc' dir='ltr'>πρεσϐύτις</span> <span class='ocrx_word' id='word_1_654' title='bbox 1340 1509 1371 1537; x_wconf 79' lang='grc' dir='ltr'>οὗ</span> <span class='ocrx_word' id='word_1_655' title='bbox 1401 1507 1607 1547; x_wconf 82' lang='grc' dir='ltr'>συγκαταϐαίνει</span> <span class='ocrx_word' id='word_1_656' title='bbox 1635 1512 1694 1540; x_wconf 83' lang='grc' dir='ltr'>τοῖς</span> <span class='ocrx_word' id='word_1_657' title='bbox 1710 1510 1847 1546; x_wconf 80' lang='grc' dir='ltr'>θελήμασι</span> <span class='ocrx_word' id='word_1_658' title='bbox 1863 1513 1918 1545; x_wconf 81' lang='grc' dir='ltr'>τῆς</span> 
     </span>
    </p>
   </div>
   <div class='ocr_carea' id='block_1_88' title="bbox 1085 1552 1914 1592">
    <p class='ocr_par' dir='ltr' id='par_1_88' title="bbox 1085 1552 1914 1592">
     <span class='ocr_line' id='line_1_88' title="bbox 1085 1552 1914 1592; baseline 0.001 -12"><span class='ocrx_word' id='word_1_659' title='bbox 1085 1554 1225 1590; x_wconf 84' lang='grc' dir='ltr'>νεωτέρας.</span> <span class='ocrx_word' id='word_1_660' title='bbox 1251 1554 1319 1582; x_wconf 82' lang='grc' dir='ltr'>Οὑαὶ</span> <span class='ocrx_word' id='word_1_661' title='bbox 1346 1554 1472 1592; x_wconf 77' lang='grc' dir='ltr'>παρθένῳ</span> <span class='ocrx_word' id='word_1_662' title='bbox 1499 1556 1534 1591; x_wconf 80' lang='grc' dir='ltr'><strong>τῇ</strong></span> <span class='ocrx_word' id='word_1_663' title='bbox 1557 1554 1595 1590; x_wconf 82' lang='grc' dir='ltr'>μὴ</span> <span class='ocrx_word' id='word_1_664' title='bbox 1626 1552 1694 1591; x_wconf 69' lang='grc' dir='ltr'>οὔσῃ</span> <span class='ocrx_word' id='word_1_665' title='bbox 1725 1554 1776 1581; x_wconf 77' lang='grc' dir='ltr'>ὑπὸ</span> <span class='ocrx_word' id='word_1_666' title='bbox 1804 1554 1914 1581; x_wconf 82' lang='grc' dir='ltr'>κανόνα·</span> 
     </span>
    </p>
   </div>
   <div class='ocr_carea' id='block_1_89' title="bbox 1087 1595 1917 1636">
    <p class='ocr_par' dir='ltr' id='par_1_89' title="bbox 1087 1595 1917 1636">
     <span class='ocr_line' id='line_1_89' title="bbox 1087 1595 1917 1636; baseline 0.001 -11"><span class='ocrx_word' id='word_1_667' title='bbox 1087 1596 1142 1625; x_wconf 75' lang='grc' dir='ltr'>ἔστι</span> <span class='ocrx_word' id='word_1_668' title='bbox 1170 1598 1221 1635; x_wconf 72' lang='grc' dir='ltr'><strong>γὰρ</strong></span> <span class='ocrx_word' id='word_1_669' title='bbox 1250 1597 1288 1628; x_wconf 86' lang='grc' dir='ltr'>ὡς</span> <span class='ocrx_word' id='word_1_670' title='bbox 1317 1598 1414 1625; x_wconf 87' lang='grc' dir='ltr'>πλοῖον</span> <span class='ocrx_word' id='word_1_671' title='bbox 1443 1598 1490 1625; x_wconf 85' lang='grc' dir='ltr'><strong>τὸν</strong></span> <span class='ocrx_word' id='word_1_672' title='bbox 1519 1595 1690 1636; x_wconf 78' lang='grc' dir='ltr'>κυϐερνῶντα</span> <span class='ocrx_word' id='word_1_673' title='bbox 1711 1599 1749 1634; x_wconf 83' lang='grc' dir='ltr'>μὴ</span> <span class='ocrx_word' id='word_1_674' title='bbox 1770 1596 1845 1636; x_wconf 80' lang='grc' dir='ltr'>ἕχον.</span> <span class='ocrx_word' id='word_1_675' title='bbox 1862 1599 1917 1627; x_wconf 81' lang='grc' dir='ltr'><strong>Κε-</strong></span> 
     </span>
    </p>
   </div>
   <div class='ocr_carea' id='block_1_90' title="bbox 1086 1641 1918 1681">
    <p class='ocr_par' dir='ltr' id='par_1_90' title="bbox 1086 1641 1918 1681">
     <span class='ocr_line' id='line_1_90' title="bbox 1086 1641 1918 1681; baseline 0 -11"><span class='ocrx_word' id='word_1_676' title='bbox 1086 1642 1246 1679; x_wconf 85' lang='grc' dir='ltr'>κλασμένων</span> <span class='ocrx_word' id='word_1_677' title='bbox 1274 1642 1326 1680; x_wconf 81' lang='grc' dir='ltr'>γὰρ</span> <span class='ocrx_word' id='word_1_678' title='bbox 1354 1643 1408 1670; x_wconf 89' lang='grc' dir='ltr'>τῶν</span> <span class='ocrx_word' id='word_1_679' title='bbox 1436 1642 1569 1680; x_wconf 82' lang='grc' dir='ltr'>αὐχένων,</span> <span class='ocrx_word' id='word_1_680' title='bbox 1588 1643 1626 1680; x_wconf 79' lang='grc' dir='ltr'>μὴ</span> <span class='ocrx_word' id='word_1_681' title='bbox 1647 1641 1711 1681; x_wconf 82' lang='grc' dir='ltr'>ἔχον</span> <span class='ocrx_word' id='word_1_682' title='bbox 1726 1643 1771 1670; x_wconf 86' lang='grc' dir='ltr'>τὸν</span> <span class='ocrx_word' id='word_1_683' title='bbox 1800 1642 1918 1681; x_wconf 82' lang='grc' dir='ltr'>ὁδηγὸν,</span> 
     </span>
    </p>
   </div>
   <div class='ocr_carea' id='block_1_91' title="bbox 1089 1686 1919 1725">
    <p class='ocr_par' dir='ltr' id='par_1_91' title="bbox 1089 1686 1919 1725">
     <span class='ocr_line' id='line_1_91' title="bbox 1089 1686 1919 1725; baseline 0.001 -11"><span class='ocrx_word' id='word_1_684' title='bbox 1089 1686 1210 1725; x_wconf 78' lang='grc' dir='ltr'>ῥίπτεται</span> <span class='ocrx_word' id='word_1_685' title='bbox 1241 1687 1292 1714; x_wconf 81' lang='grc' dir='ltr'><strong>ὑπὸ</strong></span> <span class='ocrx_word' id='word_1_686' title='bbox 1320 1687 1374 1715; x_wconf 83' lang='grc' dir='ltr'>τῶν</span> <span class='ocrx_word' id='word_1_687' title='bbox 1400 1687 1527 1724; x_wconf 85' lang='grc' dir='ltr'>κυμάτων</span> <span class='ocrx_word' id='word_1_688' title='bbox 1561 1686 1628 1724; x_wconf 82' lang='grc' dir='ltr'>τῇδε</span> <span class='ocrx_word' id='word_1_689' title='bbox 1657 1688 1765 1715; x_wconf 82' lang='grc' dir='ltr'>κάκεῖσε</span> <span class='ocrx_word' id='word_1_690' title='bbox 1779 1689 1847 1725; x_wconf 83' lang='grc'>(29),</span> <span class='ocrx_word' id='word_1_691' title='bbox 1863 1686 1919 1719; x_wconf 75' lang='grc' dir='ltr'>ἕως</span> 
     </span>
    </p>
   </div>
   <div class='ocr_carea' id='block_1_92' title="bbox 1089 1731 1919 1770">
    <p class='ocr_par' dir='ltr' id='par_1_92' title="bbox 1089 1731 1919 1770">
     <span class='ocr_line' id='line_1_92' title="bbox 1089 1731 1919 1770; baseline 0.001 -12"><span class='ocrx_word' id='word_1_692' title='bbox 1089 1731 1269 1770; x_wconf 75' lang='grc' dir='ltr'>προσκρούσει</span> <span class='ocrx_word' id='word_1_693' title='bbox 1284 1731 1352 1769; x_wconf 87' lang='grc' dir='ltr'>πρὸς</span> <span class='ocrx_word' id='word_1_694' title='bbox 1380 1731 1490 1770; x_wconf 84' lang='grc' dir='ltr'>πέτραν,</span> <span class='ocrx_word' id='word_1_695' title='bbox 1506 1732 1551 1759; x_wconf 81' lang='grc' dir='ltr'><strong>καὶ</strong></span> <span class='ocrx_word' id='word_1_696' title='bbox 1580 1731 1656 1763; x_wconf 77' lang='grc' dir='ltr'>εὐθὺς</span> <span class='ocrx_word' id='word_1_697' title='bbox 1683 1731 1848 1760; x_wconf 79' lang='grc' dir='ltr'>ἀπόλλυται.</span> <span class='ocrx_word' id='word_1_698' title='bbox 1865 1731 1919 1759; x_wconf 70' lang='grc' dir='ltr'><strong>οὕ-</strong></span> 
     </span>
    </p>
   </div>
   <div class='ocr_carea' id='block_1_93' title="bbox 1087 1773 1918 1814">
    <p class='ocr_par' dir='ltr' id='par_1_93' title="bbox 1087 1773 1918 1814">
     <span class='ocr_line' id='line_1_93' title="bbox 1087 1773 1918 1814; baseline 0.001 -12"><span class='ocrx_word' id='word_1_699' title='bbox 1087 1786 1141 1806; x_wconf 87' lang='grc' dir='ltr'><strong>τως</strong></span> <span class='ocrx_word' id='word_1_700' title='bbox 1158 1775 1213 1802; x_wconf 70' lang='grc' dir='ltr'>ἐστὶ</span> <span class='ocrx_word' id='word_1_701' title='bbox 1228 1778 1300 1802; x_wconf 80' lang='grc' dir='ltr'>πᾶσα</span> <span class='ocrx_word' id='word_1_702' title='bbox 1314 1775 1446 1812; x_wconf 76' lang='grc' dir='ltr'>παρθένος</span> <span class='ocrx_word' id='word_1_703' title='bbox 1463 1780 1501 1812; x_wconf 74' lang='grc' dir='ltr'><strong>μή</strong></span> <span class='ocrx_word' id='word_1_704' title='bbox 1519 1775 1632 1814; x_wconf 80' lang='grc' dir='ltr'>ἔχουσαν</span> <span class='ocrx_word' id='word_1_705' title='bbox 1649 1776 1678 1804; x_wconf 72' lang='grc' dir='ltr'>ὃν</span> <span class='ocrx_word' id='word_1_706' title='bbox 1702 1773 1835 1814; x_wconf 74' lang='grc' dir='ltr'>φοϐεῖται.</span> <span class='ocrx_word' id='word_1_707' title='bbox 1853 1777 1918 1805; x_wconf 90' lang='grc' dir='ltr'><strong>Μα-</strong></span> 
     </span>
    </p>
   </div>
   <div class='ocr_carea' id='block_1_94' title="bbox 1088 1819 1919 1859">
    <p class='ocr_par' dir='ltr' id='par_1_94' title="bbox 1088 1819 1919 1859">
     <span class='ocr_line' id='line_1_94' title="bbox 1088 1819 1919 1859; baseline 0.001 -12"><span class='ocrx_word' id='word_1_708' title='bbox 1088 1819 1167 1857; x_wconf 85' lang='grc' dir='ltr'>καρία</span> <span class='ocrx_word' id='word_1_709' title='bbox 1196 1820 1327 1857; x_wconf 76' lang='grc' dir='ltr'>παρθένος</span> <span class='ocrx_word' id='word_1_710' title='bbox 1355 1821 1373 1855; x_wconf 82' lang='grc' dir='ltr'><strong>ἡ</strong></span> <span class='ocrx_word' id='word_1_711' title='bbox 1401 1819 1467 1848; x_wconf 80' lang='grc' dir='ltr'>οὖσα</span> <span class='ocrx_word' id='word_1_712' title='bbox 1493 1820 1545 1848; x_wconf 80' lang='grc' dir='ltr'>ὑπὸ</span> <span class='ocrx_word' id='word_1_713' title='bbox 1573 1820 1680 1848; x_wconf 77' lang='grc' dir='ltr'>κανόνα·</span> <span class='ocrx_word' id='word_1_714' title='bbox 1697 1819 1771 1848; x_wconf 79' lang='grc' dir='ltr'>ἔσται</span> <span class='ocrx_word' id='word_1_715' title='bbox 1795 1820 1846 1859; x_wconf 84' lang='grc' dir='ltr'><strong>γὰρ</strong></span> <span class='ocrx_word' id='word_1_716' title='bbox 1876 1821 1919 1853; x_wconf 84' lang='grc' dir='ltr'>ὡς</span> 
     </span>
    </p>
   </div>
   <div class='ocr_carea' id='block_1_95' title="bbox 1089 1862 1919 1904">
    <p class='ocr_par' dir='ltr' id='par_1_95' title="bbox 1089 1862 1919 1904">
     <span class='ocr_line' id='line_1_95' title="bbox 1089 1862 1919 1904; baseline 0.002 -13"><span class='ocrx_word' id='word_1_717' title='bbox 1089 1863 1212 1901; x_wconf 73' lang='grc' dir='ltr'>ἄμπελος</span> <span class='ocrx_word' id='word_1_718' title='bbox 1241 1863 1267 1891; x_wconf 84' lang='grc' dir='ltr'>ἐν</span> <span class='ocrx_word' id='word_1_719' title='bbox 1303 1862 1457 1902; x_wconf 82' lang='grc' dir='ltr'>παραδείσῳ</span> <span class='ocrx_word' id='word_1_720' title='bbox 1493 1864 1679 1904; x_wconf 68' lang='grc' dir='ltr'><strong>καρποφόρος⁸</strong></span> <span class='ocrx_word' id='word_1_721' title='bbox 1709 1866 1753 1893; x_wconf 81' lang='grc' dir='ltr'><strong>καὶ</strong></span> <span class='ocrx_word' id='word_1_722' title='bbox 1783 1864 1869 1898; x_wconf 70' lang='grc' dir='ltr'>ἐλθὼν</span> <span class='ocrx_word' id='word_1_723' title='bbox 1901 1866 1919 1894; x_wconf 74' lang='grc' dir='ltr'>ὁ</span> 
     </span>
    </p>
   </div>
   <div class='ocr_carea' id='block_1_96' title="bbox 1087 1907 1919 1947">
    <p class='ocr_par' dir='ltr' id='par_1_96' title="bbox 1087 1907 1919 1947">
     <span class='ocr_line' id='line_1_96' title="bbox 1087 1907 1919 1947; baseline 0.001 -11"><span class='ocrx_word' id='word_1_724' title='bbox 1087 1909 1208 1947; x_wconf 85' lang='grc' dir='ltr'>γεωργὸς</span> <span class='ocrx_word' id='word_1_725' title='bbox 1233 1908 1327 1943; x_wconf 79' lang='grc' dir='ltr'>αὐτῆς,</span> <span class='ocrx_word' id='word_1_726' title='bbox 1352 1907 1519 1947; x_wconf 77' lang='grc' dir='ltr'>διακαθαίρει</span> <span class='ocrx_word' id='word_1_727' title='bbox 1543 1909 1576 1936; x_wconf 74' lang='grc' dir='ltr'>τὰ</span> <span class='ocrx_word' id='word_1_728' title='bbox 1600 1908 1731 1946; x_wconf 80' lang='grc' dir='ltr'>κλήματα</span> <span class='ocrx_word' id='word_1_729' title='bbox 1756 1909 1840 1944; x_wconf 80' lang='grc' dir='ltr'>αὐτῆς</span> <span class='ocrx_word' id='word_1_730' title='bbox 1868 1910 1919 1937; x_wconf 80' lang='grc' dir='ltr'><strong>καὶ</strong></span> 
     </span>
    </p>
   </div>
   <div class='ocr_carea' id='block_1_97' title="bbox 1088 1952 1919 1992">
    <p class='ocr_par' dir='ltr' id='par_1_97' title="bbox 1088 1952 1919 1992">
     <span class='ocr_line' id='line_1_97' title="bbox 1088 1952 1919 1992; baseline 0.002 -12"><span class='ocrx_word' id='word_1_731' title='bbox 1088 1952 1203 1987; x_wconf 75' lang='grc' dir='ltr'>ποτίζει,</span> <span class='ocrx_word' id='word_1_732' title='bbox 1218 1953 1263 1980; x_wconf 83' lang='grc' dir='ltr'><strong>καὶ</strong></span> <span class='ocrx_word' id='word_1_733' title='bbox 1291 1952 1375 1987; x_wconf 81' lang='grc' dir='ltr'>κνίζει</span> <span class='ocrx_word' id='word_1_734' title='bbox 1403 1954 1452 1984; x_wconf 79' lang='grc' dir='ltr'><strong>τὰς</strong></span> <span class='ocrx_word' id='word_1_735' title='bbox 1481 1953 1583 1991; x_wconf 75' lang='grc' dir='ltr'>σαπρᾶς</span> <span class='ocrx_word' id='word_1_736' title='bbox 1615 1954 1727 1991; x_wconf 86' lang='grc' dir='ltr'>βοτάνας</span> <span class='ocrx_word' id='word_1_737' title='bbox 1746 1954 1794 1985; x_wconf 72' lang='grc' dir='ltr'>τὰς</span> <span class='ocrx_word' id='word_1_738' title='bbox 1819 1953 1919 1992; x_wconf 74' lang='grc' dir='ltr'>κύκλῳ</span> 
     </span>
    </p>
   </div>
   <div class='ocr_carea' id='block_1_98' title="bbox 1087 1995 1921 2035">
    <p class='ocr_par' dir='ltr' id='par_1_98' title="bbox 1087 1995 1921 2035">
     <span class='ocr_line' id='line_1_98' title="bbox 1087 1995 1921 2035; baseline 0.002 -11"><span class='ocrx_word' id='word_1_739' title='bbox 1087 1996 1182 2032; x_wconf 72' lang='grc' dir='ltr'>αὐτῆς.</span> <span class='ocrx_word' id='word_1_740' title='bbox 1209 1996 1312 2033; x_wconf 86' lang='grc' dir='ltr'>Ἐκείνη</span> <span class='ocrx_word' id='word_1_741' title='bbox 1340 1995 1379 2033; x_wconf 80' lang='grc' dir='ltr'><strong>δὲ,</strong></span> <span class='ocrx_word' id='word_1_742' title='bbox 1402 1995 1503 2035; x_wconf 83' lang='grc' dir='ltr'>ἔχουσα</span> <span class='ocrx_word' id='word_1_743' title='bbox 1526 1998 1571 2025; x_wconf 82' lang='grc' dir='ltr'>τὸν</span> <span class='ocrx_word' id='word_1_744' title='bbox 1596 2000 1737 2034; x_wconf 79' lang='grc' dir='ltr'>πονοῦντα,</span> <span class='ocrx_word' id='word_1_745' title='bbox 1764 1997 1921 2026; x_wconf 82' lang='grc' dir='ltr'>ἀποδίδωσι</span> 
     </span>
    </p>
   </div>
   <div class='ocr_carea' id='block_1_99' title="bbox 1087 2041 1921 2080">
    <p class='ocr_par' dir='ltr' id='par_1_99' title="bbox 1087 2041 1921 2080">
     <span class='ocr_line' id='line_1_99' title="bbox 1087 2041 1921 2080; baseline 0.002 -11"><span class='ocrx_word' id='word_1_746' title='bbox 1087 2041 1179 2078; x_wconf 89' lang='grc' dir='ltr'>τίμιον</span> <span class='ocrx_word' id='word_1_747' title='bbox 1203 2041 1249 2068; x_wconf 83' lang='grc' dir='ltr'><strong>τὸν</strong></span> <span class='ocrx_word' id='word_1_748' title='bbox 1266 2041 1368 2079; x_wconf 81' lang='grc' dir='ltr'>καρπὸν</span> <span class='ocrx_word' id='word_1_749' title='bbox 1394 2041 1479 2076; x_wconf 83' lang='grc' dir='ltr'>αὐτῆς</span> <span class='ocrx_word' id='word_1_750' title='bbox 1501 2041 1527 2069; x_wconf 84' lang='grc' dir='ltr'><strong>έν</strong></span> <span class='ocrx_word' id='word_1_751' title='bbox 1552 2041 1639 2080; x_wconf 81' lang='grc' dir='ltr'>καιρῷ</span> <span class='ocrx_word' id='word_1_752' title='bbox 1662 2042 1772 2079; x_wconf 80' lang='grc' dir='ltr'>εὐθέτῳ.</span> <span class='ocrx_word' id='word_1_753' title='bbox 1790 2042 1921 2072; x_wconf 71' lang='grc' dir='ltr'>Φύλασσι</span> 
     </span>
    </p>
   </div>
   <div class='ocr_carea' id='block_1_100' title="bbox 1089 2084 1920 2124">
    <p class='ocr_par' dir='ltr' id='par_1_100' title="bbox 1089 2084 1920 2124">
     <span class='ocr_line' id='line_1_100' title="bbox 1089 2084 1920 2124; baseline 0.004 -12"><span class='ocrx_word' id='word_1_754' title='bbox 1089 2084 1129 2119; x_wconf 69' lang='grc' dir='ltr'>δὲ,</span> <span class='ocrx_word' id='word_1_755' title='bbox 1144 2086 1189 2113; x_wconf 79' lang='grc' dir='ltr'><strong>καὶ</strong></span> <span class='ocrx_word' id='word_1_756' title='bbox 1201 2085 1272 2113; x_wconf 84' lang='grc' dir='ltr'>ποίει</span> <span class='ocrx_word' id='word_1_757' title='bbox 1287 2086 1332 2113; x_wconf 86' lang='grc' dir='ltr'><strong>καὶ</strong></span> <span class='ocrx_word' id='word_1_758' title='bbox 1347 2086 1394 2117; x_wconf 78' lang='grc' dir='ltr'>τὰς</span> <span class='ocrx_word' id='word_1_759' title='bbox 1418 2084 1577 2124; x_wconf 81' lang='grc' dir='ltr'>δοξολογίας</span> <span class='ocrx_word' id='word_1_760' title='bbox 1601 2087 1650 2118; x_wconf 78' lang='grc' dir='ltr'><strong>τὰς</strong></span> <span class='ocrx_word' id='word_1_761' title='bbox 1675 2086 1718 2114; x_wconf 74' lang='grc' dir='ltr'><strong>ἐπὶ</strong></span> <span class='ocrx_word' id='word_1_762' title='bbox 1739 2090 1791 2122; x_wconf 87' lang='grc' dir='ltr'><strong>τῆς</strong></span> <span class='ocrx_word' id='word_1_763' title='bbox 1814 2088 1920 2123; x_wconf 72' lang='grc' dir='ltr'>τραπέ-</span> 
     </span>
    </p>
   </div>
   <div class='ocr_carea' id='block_1_101' title="bbox 1090 2129 1920 2169">
    <p class='ocr_par' dir='ltr' id='par_1_101' title="bbox 1090 2129 1920 2169">
     <span class='ocr_line' id='line_1_101' title="bbox 1090 2129 1920 2169; baseline 0.002 -12"><span class='ocrx_word' id='word_1_764' title='bbox 1090 2129 1211 2167; x_wconf 77' lang='grc' dir='ltr'>ζης,καί</span> <span class='ocrx_word' id='word_1_765' title='bbox 1239 2129 1312 2158; x_wconf 80' lang='grc' dir='ltr'>ἔσται</span> <span class='ocrx_word' id='word_1_766' title='bbox 1340 2141 1382 2158; x_wconf 88' lang='grc' dir='ltr'><strong>σοι</strong></span> <span class='ocrx_word' id='word_1_767' title='bbox 1410 2130 1441 2158; x_wconf 85' lang='grc' dir='ltr'><strong>τὸ</strong></span> <span class='ocrx_word' id='word_1_768' title='bbox 1471 2130 1569 2168; x_wconf 82' lang='grc' dir='ltr'>βρῶμα</span> <span class='ocrx_word' id='word_1_769' title='bbox 1594 2130 1639 2158; x_wconf 86' lang='grc' dir='ltr'><strong>καὶ</strong></span> <span class='ocrx_word' id='word_1_770' title='bbox 1669 2130 1701 2158; x_wconf 81' lang='grc' dir='ltr'>τὸ</span> <span class='ocrx_word' id='word_1_771' title='bbox 1729 2130 1805 2168; x_wconf 89' lang='grc' dir='ltr'>πόμα</span> <span class='ocrx_word' id='word_1_772' title='bbox 1833 2132 1920 2169; x_wconf 83' lang='grc' dir='ltr'>ἡγια-</span> 
     </span>
    </p>
   </div>
   <div class='ocr_carea' id='block_1_102' title="bbox 1089 2173 1918 2213">
    <p class='ocr_par' dir='ltr' id='par_1_102' title="bbox 1089 2173 1918 2213">
     <span class='ocr_line' id='line_1_102' title="bbox 1089 2173 1918 2213; baseline 0.002 -11"><span class='ocrx_word' id='word_1_773' title='bbox 1089 2175 1197 2211; x_wconf 87' lang='grc' dir='ltr'>σμένον.</span> <span class='ocrx_word' id='word_1_774' title='bbox 1214 2176 1294 2202; x_wconf 85' lang='grc' dir='ltr'>Ὅταν</span> <span class='ocrx_word' id='word_1_775' title='bbox 1324 2173 1370 2202; x_wconf 80' lang='grc' dir='ltr'>οὖν</span> <span class='ocrx_word' id='word_1_776' title='bbox 1396 2174 1511 2212; x_wconf 77' lang='grc' dir='ltr'>ἀναστῇς</span> <span class='ocrx_word' id='word_1_777' title='bbox 1537 2175 1590 2202; x_wconf 85' lang='grc' dir='ltr'>ἀπὸ</span> <span class='ocrx_word' id='word_1_778' title='bbox 1613 2178 1663 2210; x_wconf 86' lang='grc' dir='ltr'><strong>τῆς</strong></span> <span class='ocrx_word' id='word_1_779' title='bbox 1685 2176 1821 2212; x_wconf 78' lang='grc' dir='ltr'>τραπέζης</span> <span class='ocrx_word' id='word_1_780' title='bbox 1846 2176 1918 2213; x_wconf 79' lang='grc'>(30),</span> 
     </span>
    </p>
   </div>
   <div class='ocr_carea' id='block_1_103' title="bbox 1088 2218 1920 2258">
    <p class='ocr_par' dir='ltr' id='par_1_103' title="bbox 1088 2218 1920 2258">
     <span class='ocr_line' id='line_1_103' title="bbox 1088 2218 1920 2258; baseline 0 -11"><span class='ocrx_word' id='word_1_781' title='bbox 1088 2219 1170 2247; x_wconf 86' lang='grc' dir='ltr'>πάλιν</span> <span class='ocrx_word' id='word_1_782' title='bbox 1196 2219 1391 2258; x_wconf 77' lang='grc' dir='ltr'>εὐχαριστοὸσα</span> <span class='ocrx_word' id='word_1_783' title='bbox 1419 2218 1480 2257; x_wconf 88' lang='grc' dir='ltr'>λέγε</span> <span class='ocrx_word' id='word_1_784' title='bbox 1506 2219 1550 2247; x_wconf 73' lang='grc' dir='ltr'>ἰπὶ</span> <span class='ocrx_word' id='word_1_785' title='bbox 1577 2219 1646 2257; x_wconf 85' lang='grc' dir='ltr'>τρίς·</span> <span class='ocrx_word' id='word_1_786' title='bbox 1667 2232 1678 2246; x_wconf 80' lang='grc' dir='ltr'><strong>ι</strong></span> <span class='ocrx_word' id='word_1_787' title='bbox 1696 2219 1838 2256; x_wconf 85' lang='grc' dir='ltr'>Ἐλεήμων</span> <span class='ocrx_word' id='word_1_788' title='bbox 1868 2220 1920 2248; x_wconf 81' lang='grc' dir='ltr'><strong>καὶ</strong></span> 
     </span>
    </p>
   </div>
   <div class='ocr_carea' id='block_1_104' title="bbox 1089 2261 1920 2303">
    <p class='ocr_par' dir='ltr' id='par_1_104' title="bbox 1089 2261 1920 2303">
     <span class='ocr_line' id='line_1_104' title="bbox 1089 2261 1920 2303; baseline 0.001 -12"><span class='ocrx_word' id='word_1_789' title='bbox 1089 2264 1239 2301; x_wconf 84' lang='grc' dir='ltr'>οἰκτίρμων</span> <span class='ocrx_word' id='word_1_790' title='bbox 1256 2264 1270 2290; x_wconf 84' lang='grc' dir='ltr'><strong>ὁ</strong></span> <span class='ocrx_word' id='word_1_791' title='bbox 1286 2263 1398 2301; x_wconf 86' lang='grc' dir='ltr'>Κύριος,</span> <span class='ocrx_word' id='word_1_792' title='bbox 1410 2263 1514 2302; x_wconf 77' lang='grc' dir='ltr'>τροφὴν</span> <span class='ocrx_word' id='word_1_793' title='bbox 1538 2262 1622 2291; x_wconf 79' lang='grc' dir='ltr'>ἔδωκε</span> <span class='ocrx_word' id='word_1_794' title='bbox 1645 2267 1703 2295; x_wconf 84' lang='grc' dir='ltr'>τοῖς</span> <span class='ocrx_word' id='word_1_795' title='bbox 1733 2261 1920 2303; x_wconf 77' lang='grc' dir='ltr'>φοϐουμένοις</span> 
     </span>
    </p>
   </div>
   <div class='ocr_carea' id='block_1_105' title="bbox 1089 2305 1919 2346">
    <p class='ocr_par' dir='ltr' id='par_1_105' title="bbox 1089 2305 1919 2346">
     <span class='ocr_line' id='line_1_105' title="bbox 1089 2305 1919 2346; baseline 0.004 -12"><span class='ocrx_word' id='word_1_796' title='bbox 1089 2305 1178 2336; x_wconf 80' lang='grc' dir='ltr'>αὐτόν.</span> <span class='ocrx_word' id='word_1_797' title='bbox 1196 2306 1263 2342; x_wconf 80' lang='grc' dir='ltr'>Δόξα</span> <span class='ocrx_word' id='word_1_798' title='bbox 1283 2308 1378 2345; x_wconf 85' lang='grc' dir='ltr'>Πατρὶ,</span> <span class='ocrx_word' id='word_1_799' title='bbox 1394 2308 1439 2335; x_wconf 85' lang='grc' dir='ltr'>καί</span> <span class='ocrx_word' id='word_1_800' title='bbox 1464 2309 1531 2345; x_wconf 72' lang='grc' dir='ltr'><strong>Υίῷ,</strong></span> <span class='ocrx_word' id='word_1_801' title='bbox 1546 2308 1591 2336; x_wconf 83' lang='grc' dir='ltr'><strong>καὶ</strong></span> <span class='ocrx_word' id='word_1_802' title='bbox 1615 2308 1683 2346; x_wconf 81' lang='grc' dir='ltr'>ἁγίῳ</span> <span class='ocrx_word' id='word_1_803' title='bbox 1707 2309 1853 2346; x_wconf 83' lang='grc' dir='ltr'>Πνεύματι·</span> <span class='ocrx_word' id='word_1_804' title='bbox 1869 2309 1919 2337; x_wconf 78' lang='grc' dir='ltr'><strong>καὶ</strong></span> 
     </span>
    </p>
   </div>
   <div class='ocr_carea' id='block_1_106' title="bbox 1087 2351 1920 2390">
    <p class='ocr_par' dir='ltr' id='par_1_106' title="bbox 1087 2351 1920 2390">
     <span class='ocr_line' id='line_1_106' title="bbox 1087 2351 1920 2390; baseline 0.005 -12"><span class='ocrx_word' id='word_1_805' title='bbox 1087 2354 1134 2378; x_wconf 79' lang='grc' dir='ltr'><strong>νῦν</strong></span> <span class='ocrx_word' id='word_1_806' title='bbox 1148 2351 1192 2378; x_wconf 82' lang='grc' dir='ltr'><strong>καὶ</strong></span> <span class='ocrx_word' id='word_1_807' title='bbox 1207 2351 1246 2378; x_wconf 79' lang='grc' dir='ltr'>ἀεὶ</span> <span class='ocrx_word' id='word_1_808' title='bbox 1260 2351 1303 2379; x_wconf 88' lang='grc' dir='ltr'><strong>καὶ</strong></span> <span class='ocrx_word' id='word_1_809' title='bbox 1319 2352 1357 2383; x_wconf 77' lang='grc' dir='ltr'>εἷς</span> <span class='ocrx_word' id='word_1_810' title='bbox 1376 2352 1441 2383; x_wconf 81' lang='grc' dir='ltr'>τοὺς</span> <span class='ocrx_word' id='word_1_811' title='bbox 1464 2352 1563 2384; x_wconf 77' lang='grc' dir='ltr'>αἴῶνας</span> <span class='ocrx_word' id='word_1_812' title='bbox 1585 2354 1652 2389; x_wconf 79' lang='grc'><strong>(31).</strong></span> <span class='ocrx_word' id='word_1_813' title='bbox 1672 2365 1682 2378; x_wconf 77' lang='grc' dir='ltr'><strong>ι</strong></span> <span class='ocrx_word' id='word_1_814' title='bbox 1701 2352 1750 2380; x_wconf 84' lang='grc' dir='ltr'><strong>Καὶ</strong></span> <span class='ocrx_word' id='word_1_815' title='bbox 1775 2352 1843 2390; x_wconf 80' lang='grc' dir='ltr'>μετὰ</span> <span class='ocrx_word' id='word_1_816' title='bbox 1865 2354 1920 2388; x_wconf 79' lang='grc' dir='ltr'>τὴν</span> 
     </span>
    </p>
   </div>
   <div class='ocr_carea' id='block_1_107' title="bbox 1088 2393 1919 2435">
    <p class='ocr_par' dir='ltr' id='par_1_107' title="bbox 1088 2393 1919 2435">
     <span class='ocr_line' id='line_1_107' title="bbox 1088 2393 1919 2435; baseline 0.005 -13"><span class='ocrx_word' id='word_1_817' title='bbox 1088 2393 1248 2433; x_wconf 79' lang='grc' dir='ltr'>δοξολογίαν</span> <span class='ocrx_word' id='word_1_818' title='bbox 1277 2395 1358 2423; x_wconf 83' lang='grc' dir='ltr'>πάλιν</span> <span class='ocrx_word' id='word_1_819' title='bbox 1400 2396 1449 2430; x_wconf 81' lang='grc' dir='ltr'><strong>τὴν</strong></span> <span class='ocrx_word' id='word_1_820' title='bbox 1493 2397 1577 2435; x_wconf 80' lang='grc' dir='ltr'>εὐχὴν</span> <span class='ocrx_word' id='word_1_821' title='bbox 1609 2397 1770 2435; x_wconf 83' lang='grc' dir='ltr'>πλήρωσον,</span> <span class='ocrx_word' id='word_1_822' title='bbox 1797 2397 1919 2435; x_wconf 75' lang='grc' dir='ltr'>λέγουσα</span> 
     </span>
    </p>
   </div>
   <div class='ocr_carea' id='block_1_108' title="bbox 1088 2440 1917 2480">
    <p class='ocr_par' dir='ltr' id='par_1_108' title="bbox 1088 2440 1917 2480">
     <span class='ocr_line' id='line_1_108' title="bbox 1088 2440 1917 2480; baseline 0.005 -14"><span class='ocrx_word' id='word_1_823' title='bbox 1088 2440 1185 2471; x_wconf 78' lang='grc' dir='ltr'>οὕτως’</span> <span class='ocrx_word' id='word_1_824' title='bbox 1213 2441 1243 2469; x_wconf 85' lang='lat'><strong>‘0</strong></span> <span class='ocrx_word' id='word_1_825' title='bbox 1272 2440 1335 2471; x_wconf 83' lang='grc' dir='ltr'>Θεὸς</span> <span class='ocrx_word' id='word_1_826' title='bbox 1364 2441 1378 2468; x_wconf 85' lang='grc' dir='ltr'><strong>ὁ</strong></span> <span class='ocrx_word' id='word_1_827' title='bbox 1407 2441 1611 2479; x_wconf 84' lang='grc' dir='ltr'>παντοκράτωρ,</span> <span class='ocrx_word' id='word_1_828' title='bbox 1635 2442 1680 2469; x_wconf 84' lang='grc' dir='ltr'><strong>καὶ</strong></span> <span class='ocrx_word' id='word_1_829' title='bbox 1708 2442 1809 2480; x_wconf 85' lang='grc' dir='ltr'>Κύριος</span> <span class='ocrx_word' id='word_1_830' title='bbox 1831 2443 1917 2479; x_wconf 77' lang='grc' dir='ltr'>ἡμῶν</span> 
     </span>
    </p>
   </div>
   <div class='ocr_carea' id='block_1_109' title="bbox 1090 2483 1917 2525">
    <p class='ocr_par' dir='ltr' id='par_1_109' title="bbox 1090 2483 1917 2525">
     <span class='ocr_line' id='line_1_109' title="bbox 1090 2483 1917 2525; baseline 0.004 -14"><span class='ocrx_word' id='word_1_831' title='bbox 1090 2484 1194 2517; x_wconf 80' lang='grc' dir='ltr'>Ἰησοῦς</span> <span class='ocrx_word' id='word_1_832' title='bbox 1209 2485 1334 2523; x_wconf 83' lang='grc' dir='ltr'>Χριστὸς,</span> <span class='ocrx_word' id='word_1_833' title='bbox 1349 2483 1380 2512; x_wconf 81' lang='grc' dir='ltr'>τὸ</span> <span class='ocrx_word' id='word_1_834' title='bbox 1396 2483 1483 2521; x_wconf 68' lang='grc' dir='ltr'>ὄνομα</span> <span class='ocrx_word' id='word_1_835' title='bbox 1496 2485 1528 2513; x_wconf 84' lang='grc' dir='ltr'>τὸ</span> <span class='ocrx_word' id='word_1_836' title='bbox 1548 2486 1614 2524; x_wconf 76' lang='grc' dir='ltr'>ὑπὲρ</span> <span class='ocrx_word' id='word_1_837' title='bbox 1638 2489 1690 2514; x_wconf 80' lang='grc' dir='ltr'>πᾶν</span> <span class='ocrx_word' id='word_1_838' title='bbox 1715 2484 1813 2523; x_wconf 76' lang='grc' dir='ltr'>ὄνομα,</span> <span class='ocrx_word' id='word_1_839' title='bbox 1830 2486 1917 2525; x_wconf 76' lang='grc' dir='ltr'>εὐχα-</span> 
     </span>
    </p>
   </div>
   <div class='ocr_carea' id='block_1_110' title="bbox 1136 2667 1557 2703">
    <p class='ocr_par' dir='ltr' id='par_1_110' title="bbox 1136 2667 1557 2703">
     <span class='ocr_line' id='line_1_110' title="bbox 1136 2667 1557 2703; baseline 0 -6"><span class='ocrx_word' id='word_1_840' title='bbox 1136 2669 1182 2703; x_wconf 83' lang='grc'><strong>28)</strong></span> <span class='ocrx_word' id='word_1_841' title='bbox 1197 2668 1281 2703; x_wconf 61' lang='lat' dir='ltr'><strong>Merci,</strong></span> <span class='ocrx_word' id='word_1_842' title='bbox 1296 2668 1379 2697; x_wconf 89' lang='lat' dir='ltr'><strong>deest</strong></span> <span class='ocrx_word' id='word_1_843' title='bbox 1388 2668 1423 2703; x_wconf 76' lang='lat' dir='ltr'><strong>in</strong></span> <span class='ocrx_word' id='word_1_844' title='bbox 1439 2667 1515 2697; x_wconf 80' lang='lat' dir='ltr'><strong>Felc.</strong></span> <span class='ocrx_word' id='word_1_845' title='bbox 1529 2669 1557 2697; x_wconf 84' lang='lat'><strong>2.</strong></span> 
     </span>
    </p>
   </div>
   <div class='ocr_carea' id='block_1_111' title="bbox 1124 2669 1915 2746">
    <p class='ocr_par' dir='ltr' id='par_1_111' title="bbox 1124 2669 1915 2746">
     <span class='ocr_line' id='line_1_111' title="bbox 1136 2669 1557 2703; baseline 0 -6"><span class='ocrx_word' id='word_1_846' title='bbox 1136 2670 1171 2697; x_wconf 86' lang='lat'><strong>28</strong></span> <span class='ocrx_word' id='word_1_847' title='bbox 1197 2669 1281 2703; x_wconf 74' lang='grc' dir='ltr'>Μετὰ,</span> <span class='ocrx_word' id='word_1_848' title='bbox 1296 2669 1379 2697; x_wconf 89' lang='lat' dir='ltr'><strong>deest</strong></span> <span class='ocrx_word' id='word_1_849' title='bbox 1393 2669 1423 2696; x_wconf 89' lang='lat' dir='ltr'><strong>in</strong></span> <span class='ocrx_word' id='word_1_850' title='bbox 1439 2669 1515 2697; x_wconf 82' lang='lat' dir='ltr'><strong>Felc.</strong></span> <span class='ocrx_word' id='word_1_851' title='bbox 1529 2669 1557 2697; x_wconf 84' lang='lat'><strong>2.</strong></span> 
     </span>
     <span class='ocr_line' id='line_1_112' title="bbox 1124 2669 1915 2746; baseline 0.003 -15"><span class='ocrx_word' id='word_1_852' title='bbox 1197 2704 1271 2732; x_wconf 82' lang='lat' dir='ltr'><strong>Felc.</strong></span> <span class='ocrx_word' id='word_1_853' title='bbox 1299 2706 1327 2740; x_wconf 84' lang='lat'><strong>2,</strong></span> <span class='ocrx_word' id='word_1_854' title='bbox 1361 2701 1415 2731; x_wconf 78' lang='grc' dir='ltr'>ὧδε</span> <span class='ocrx_word' id='word_1_855' title='bbox 1443 2704 1559 2733; x_wconf 71' lang='grc' dir='ltr'>κάκεῖσε.</span> <span class='ocrx_word' id='word_1_856' title='bbox 1584 2707 1648 2734; x_wconf 79' lang='lat' dir='ltr'><strong>Mox</strong></span> <span class='ocrx_word' id='word_1_857' title='bbox 1675 2705 1764 2740; x_wconf 88' lang='lat' dir='ltr'><strong>idem,</strong></span> <span class='ocrx_word' id='word_1_858' title='bbox 1787 2704 1832 2733; x_wconf 83' lang='grc' dir='ltr'><strong>καὶ</strong></span> <span class='ocrx_word' id='word_1_859' title='bbox 1862 2705 1915 2733; x_wconf 81' lang='grc' dir='ltr'><strong>ἀπ-</strong></span> 
     </span>
    </p>
   </div>
   <div class='ocr_carea' id='block_1_112' title="bbox 1089 2739 1658 2814">
    <p class='ocr_par' dir='ltr' id='par_1_112' title="bbox 1089 2739 1658 2814">
     <span class='ocr_line' id='line_1_113' title="bbox 1089 2739 1199 2776; baseline 0.009 -10"><span class='ocrx_word' id='word_1_860' title='bbox 1089 2739 1199 2776; x_wconf 75' lang='grc' dir='ltr'>ολεσθῇ.</span> 
     </span>
     <span class='ocr_line' id='line_1_114' title="bbox 1123 2774 1658 2814; baseline 0 0"><span class='ocrx_word' id='word_1_861' title='bbox 1123 2775 1181 2814; x_wconf 64' lang='lat'><strong>(39)</strong></span> <span class='ocrx_word' id='word_1_862' title='bbox 1195 2774 1385 2814; x_wconf 50' lang='lat' dir='ltr'><strong>Anglicas“;</strong></span> <span class='ocrx_word' id='word_1_863' title='bbox 1402 2774 1432 2802; x_wconf 65' lang='grc' dir='ltr'>εκ</span> <span class='ocrx_word' id='word_1_864' title='bbox 1441 2778 1495 2814; x_wconf 49' lang='grc' dir='ltr'><strong>γῆς</strong></span> <span class='ocrx_word' id='word_1_865' title='bbox 1510 2774 1658 2814; x_wconf 67' lang='grc' dir='ltr'>τραπέζηςτ</span> 
     </span>
    </p>
   </div>
   <div class='ocr_carea' id='block_1_113' title="bbox 1124 2809 1914 2853">
    <p class='ocr_par' dir='ltr' id='par_1_113' title="bbox 1124 2809 1914 2853">
     <span class='ocr_line' id='line_1_115' title="bbox 1124 2809 1914 2853; baseline 0.004 -14"><span class='ocrx_word' id='word_1_866' title='bbox 1195 2809 1328 2853; x_wconf 35' lang='grc' dir='ltr'><strong>Ηᾶξέικαὶ</strong></span> <span class='ocrx_word' id='word_1_867' title='bbox 1404 2810 1450 2838; x_wconf 87' lang='grc' dir='ltr'><strong>καὶ</strong></span> <span class='ocrx_word' id='word_1_868' title='bbox 1470 2809 1507 2843; x_wconf 75' lang='grc' dir='ltr'>εἷς</span> <span class='ocrx_word' id='word_1_869' title='bbox 1528 2809 1730 2849; x_wconf 47' lang='grc' dir='ltr'>ίιοὺςᾶἱῶνας,</span> <span class='ocrx_word' id='word_1_870' title='bbox 1747 2813 1855 2842; x_wconf 85' lang='lat' dir='ltr'><strong>desunt</strong></span> <span class='ocrx_word' id='word_1_871' title='bbox 1882 2812 1914 2842; x_wconf 87' lang='lat' dir='ltr'><strong>in</strong></span> 
     </span>
    </p>
   </div>
   <div class='ocr_carea' id='block_1_114' title="bbox 1087 2846 1468 2884">
    <p class='ocr_par' dir='ltr' id='par_1_114' title="bbox 1087 2846 1468 2884">
     <span class='ocr_line' id='line_1_116' title="bbox 1087 2846 1468 2884; baseline 0 -9"><span class='ocrx_word' id='word_1_872' title='bbox 1087 2846 1241 2876; x_wconf 83' lang='lat' dir='ltr'><strong>Basiliensi</strong></span> <span class='ocrx_word' id='word_1_873' title='bbox 1255 2849 1283 2876; x_wconf 89' lang='lat' dir='ltr'><strong>et</strong></span> <span class='ocrx_word' id='word_1_874' title='bbox 1297 2846 1468 2884; x_wconf 80' lang='lat' dir='ltr'><strong>Anglicano.</strong></span> 
     </span>
    </p>
   </div>
  </div>
