4136 6218
325 343 448 403 273

1707 349 1808 410 DE
1852 348 2386 410 VlltGINITATE.

3452 96 3593 129 -\_‘

3623 348 3745 409 274

333 480 523 549 μεῖζον
553 473 768 530 πάντων
819 482 1020 551 θαῦμα,
1072 478 1154 533 ὅτι
1203 480 1230 534 6
1281 477 1425 555 ἔχων
1474 480 1704 555 καθαρὸν
1737 479 1826 532 τὸν
1857 482 1978 531 νοῦν

2101 497 2214 535 non
2249 480 2401 550 velit,
2434 481 2532 552 qui
2564 481 2676 537 ista
2708 481 2945 535 videat?
2976 480 3096 536 Flet
3127 480 3282 535 enim
3315 485 3494 552 atque
3526 480 3743 537 lamen-

328 565 421 620 καὶ
452 564 612 619 αὐτὸν
659 566 752 619 τὸν
800 567 930 621 Θεὸν
969 568 1023 621 ἐν
1073 573 1191 630 τοῖς
1224 567 1372 623 ἔνδον
1425 567 1731 646 ὀφθαλμοῖς
1762 571 1988 641 καθορᾷ.

332 655 456 715 Πῶς
515 650 605 707 οὖν
667 653 729 707 ού
786 653 929 710 θὲλει
987 653 1220 711 κλαῦσαι
1277 658 1363 713 καί
1411 665 1697 728 πενθῆσαι,
1749 658 1779 711 6
1822 660 1988 711 ταῦτα

333 740 555 817 βλέπων
589 762 603 811 ;
637 741 829 799 Κλαίει
880 744 976 817 μὲν
1021 744 1122 820 γὰρ
1165 746 1254 801 καὶ
1295 744 1566 822 ὀδύρεται,
1617 744 1764 807 ὅπως
1816 744 1985 821 ῥυσθῇ

2099 574 2279 637 tatur,
2316 574 2377 625 ut
2408 588 2439 625 a
2470 569 2745 642 gravibus
2775 569 3083 642 suppliciis
3131 569 3450 641 eripiatur:
3502 586 3738 625 rursum

2097 658 2195 714 ﬂet
2225 664 2283 713 et
2313 659 2595 727 obsecrat,
2634 664 2696 715 ut
2725 660 2938 731 dignus
2961 659 3061 714 fiat
3091 658 3419 715 caelestium
3448 658 3740 728 ejusmodi

2096 747 2407 803 honorum.

328 830 438 884 ἀπὸ
464 834 573 885 τῶν
618 828 808 885 δεινῶν
867 831 1167 889 κολάσεων·
1211 834 1299 888 καὶ
1339 834 1501 889 πάλιν
1552 832 1731 889 κλαίει
1780 832 1869 887 καὶ
1918 832 2061 902 ἀξιοῖ
2109 830 2385 906 δεόμενος,
2420 833 2567 897 ὅπως
2604 834 2807 909 ἀξιωθῇ
2838 839 2945 890 τῶν
2979 833 3311 911 ἐπουρανίων
3354 834 3568 890 ἐκείνων
3603 834 3737 909 ἀγα,

329 930 460 983 θων.

404 1030 490 1084 18.
524 1028 622 1083 Διᾶ
650 1033 811 1084 τοῦτο
842 1028 1108 1101 ἐμίσησαν
1139 1031 1191 1084 οἱ
1222 1032 1364 1106 ἅγιοι
1392 1030 1482 1085 τὸν
1514 1030 1721 1103 κόσμον
1766 1033 1983 1098 τοῦτον,

329 1114 537 1178 εἰδότες
596 1118 761 1172 ὁποῖα
815 1119 990 1193 ἀγαθὰ
1042 1118 1308 1192 μέλλουσι
1367 1118 1787 1193 κληρονομῆσαι
1848 1120 1981 1190 (43).

329 1208 490 1261 Ὥστε
521 1208 613 1260 οὖν
656 1207 684 1260 6
728 1203 872 1282 ἔχων
922 1206 1214 1263 ἀνάπαυσιν
1261 1208 1312 1263 ἐν
1344 1212 1423 1263 τῶ
1452 1208 1643 1282 κόσμῳ
1678 1207 1854 1279 τούτῳ
1881 1207 1980 1275 τὴν

329 1295 554 1349 αἰώνιον
586 1294 878 1350 ἀνάπαυσιν
934 1302 1010 1369 μή
1055 1296 1319 1367 ἐλπιζέτω
1370 1293 1577 1354 λαϐεῖν.
1624 1303 1683 1352 'lI
1738 1295 1985 1370 βασιλεία

328 1386 430 1461 γὰρ
462 1386 570 1438 τῶν
604 1384 844 1459 ούρανῶν
879 1384 978 1440 οὐκ
1027 1383 1136 1441 ἔστι
1180 1386 1285 1441 τῶν
1332 1387 1748 1460 ἀναπαυομένων
1782 1382 1982 1454 ἐνθάδε,

330 1472 458 1530 ἄλλ’
488 1473 710 1528 ἐκείνων
742 1473 851 1529 ἐστὶ
878 1474 989 1529 τῶν
1023 1475 1075 1530 ἰν
1108 1476 1286 1549 θλίψει
1325 1474 1511 1549 πολλῇ
1558 1475 1647 1530 καὶ
1703 1494 1984 1548 στενοχω-

331 1565 423 1637 ρίᾳ
465 1561 761 1634 διαξαντων
809 1564 901 1619 τὸν
946 1565 1062 1637 βίον
1109 1568 1222 1638 (44)
1267 1570 1480 1622 τοῦτον.
1531 1564 1603 1619 Ού
1644 1565 1744 1641 γὰρ
1791 1557 1984 1619 ἔλαϐον

329 1652 496 1720 αὐτήν
549 1650 755 1729 δωρεὰν
784 1654 837 1707 οἱ
868 1649 1147 1723 λαϐόντες,
1201 1652 1348 1709 ἀλλὰ
1398 1655 1531 1728 μετά
1581 1653 1835 1729 μεγάλων
1886 1650 1985 1724 μό-

327 1754 481 1816 χθων
506 1742 597 1796 καὶ
627 1742 881 1817 γενναίων
911 1740 1162 1819 ἱδρώτων
1200 1743 1363 1812 αὐτὴν
1411 1742 1700 1813 ἐκτήσαντο
1746 1743 1797 1797 οἱ
1828 1761 1985 1796 κατα-

326 1832 630 1901 ξιωθέντες.
652 1830 731 1888 Ού
781 1830 936 1903 μέλει
967 1832 1171 1902 αὐτοῖς,
1204 1832 1329 1887 ὅσον
1375 1831 1461 1886 ἰὰν
1492 1830 1821 1887 κοπιάσωσιν
1850 1828 1978 1887 ὦδε.

2170 1032 2255 1086 18.
2301 1032 2431 1088 Ideo
2482 1033 2637 1089 hunc
2693 1035 2977 1089 mundum
3018 1036 3261 1090 oderant
3307 1034 3513 1100 sancti,
3570 1034 3737 1105 gnari

2095 1120 2292 1191 qualia
2322 1122 2472 1177 bona
2504 1123 2832 1194 possessuri
2865 1128 3080 1179 essent.
3114 1128 3313 1195 Itaque
3363 1124 3633 1197 quisquis
3678 1128 3736 1184 in

2093 1208 2203 1264 hoc
2235 1212 2455 1265 mundo
2488 1212 2747 1283 requiem
2781 1211 2973 1280 habet,
3008 1228 3078 1267 ne
3127 1216 3318 1283 speret
3363 1230 3424 1269 se
3472 1218 3735 1287 requiem

2094 1304 2467 1370 accepturum
2501 1304 2798 1355 aeternam.
2851 1301 2996 1355 Nam
3038 1317 3279 1370 regnum
3321 1303 3593 1359 ccelorum
3639 1323 3733 1361 eo-

2094 1404 2225 1442 rum
2260 1404 2373 1443 non
2406 1394 2495 1444 est
2526 1389 2623 1459 qui
2656 1390 2915 1460 requiem
2964 1389 3057 1444 hic
3102 1389 3336 1456 habent,
3388 1393 3485 1447 sed
3531 1411 3733 1450 eorum

2094 1477 2194 1547 qui
2228 1480 2284 1532 in
2317 1479 2593 1532 aerumnis
2621 1483 2677 1532 et
2705 1478 2996 1550 angustiis
3026 1479 3228 1534 multis
3279 1479 3428 1535 hanc
3477 1483 3738 1551 degerint

2095 1566 2292 1621 vitam.
2322 1566 2467 1621 Illud
2490 1567 2644 1622 enim
2670 1583 2915 1639 regnum
2939 1585 3050 1623 non
3074 1569 3257 1639 gratis
3283 1570 3584 1635 datur,sed
3609 1590 3733 1628 ma-

2093 1673 2207 1728 gno
2239 1656 2454 1724 labore,
2478 1656 2749 1712 maximis
2770 1657 3087 1712 sudoribus
3110 1657 3304 1728 ipsum
3329 1659 3520 1730 adepti
3573 1666 3730 1731 sunt,

2094 1745 2193 1818 qui
2217 1762 2283 1801 eo
2302 1745 2463 1817 digni
2501 1750 2643 1800 sunt
2679 1744 2882 1800 habiti.
2924 1746 3049 1800 Non
3083 1751 3295 1801 curant
3334 1753 3733 1819 qustumcun-

2093 1852 2205 1906 que
2236 1834 2329 1889 hic
2360 1833 2767 1890 laboraverint.
2812 1834 2887 1890 Eo
2939 1834 3094 1889 enim
3143 1835 3413 1907 ingressi,
3464 1837 3728 1895 laborum

326 1918 679 1983 Εἰσελθόντες
727 1920 832 1994 γὰρ
872 1920 1004 1990 ἐκεῖ,
1046 1919 1481 1984 ἐπιλανθάνονται
1530 1919 1637 1975 τῶν
1684 1919 1862 1974 πόνων
1891 1918 1978 1973 καὶ

2095 1922 3736 1997 dolorumquemoxobliviscunturquantumcumquesint

322 2010 433 2063 τῶν
462 2006 691 2075 ὀδυνῶν,
725 2008 824 2062 ὅσα
853 2005 1051 2073 ἔπαθον
1099 2007 1150 2063 ἐν
1186 2014 1265 2081 τῷ
1302 2008 1511 2081 ματαίῳ
1538 2007 1730 2081 κόσμῳ
1755 2007 1933 2079 τούτῳ
1962 2051 1977 2077 ,

329 2098 436 2151 ἀπὸ
483 2103 586 2167 τῆς
639 2095 860 2167 πολλῆς
894 2097 984 2151 καὶ
1036 2095 1427 2172 ἀνεκδιηγήτω
1482 2097 1824 2159 ἀναπαύσεως
1880 2103 1980 2165 τῆς

329 2184 628 2259 διδομένης
658 2186 864 2248 αὐτοῖς.
896 2186 958 2240 Τί
987 2185 1184 2262 λέγεις,
1217 2188 1461 2262 ἄνθρωπε
1492 2206 1505 2256 ;
1537 2184 1677 2242 Ἰδοὺ
1722 2184 1816 2241 δύο
1861 2182 1979 2240 ὁδοὶ

328 2275 698 2350 παρετέθησαν
738 2275 964 2330 ἐνώπιόν
994 2297 1110 2345 σου,
1160 2278 1193 2346 ἠ
1230 2278 1341 2345 ζωὴ
1373 2275 1462 2331 καὶ
1494 2278 1522 2331 6
1555 2278 1795 2339 θάνατος·
1842 2273 1979 2330 ὅπου

331 2363 417 2419 ἰὰν
446 2366 615 2438 θέλῃς
647 2365 903 2433 πορεύου.
939 2365 1035 2420 Καὶ
1068 2363 1183 2420 ἰδοὺ
1223 2370 1330 2441 πῦρ
1361 2364 1449 2419 καὶ
1500 2363 1667 2440 ὕδωρο
1711 2365 1848 2420 ὀπου
1896 2364 1983 2419 ἐαν

332 2452 501 2528 θέλῃς
536 2451 768 2509 ἔκτεινον
794 2456 895 2523 τήν
923 2453 1083 2529 χεῖρά
1114 2474 1227 2508 σου·
1263 2454 1348 2509 ἐπὶ
1381 2453 1467 2509 σοί
1506 2454 1666 2526 ἐστιν,
1699 2453 1785 2509 ἐὰν
1815 2455 1981 2529 θέλῃς

328 2545 631 2613 κτήσασθαι
687 2544 786 2611 τήν
845 2546 1010 2615 ζωὴν,
1068 2544 1158 2598 καὶ
1217 2543 1304 2598 ἐπὶ
1360 2544 1444 2598 σοί
1488 2545 1646 2613 ἐστιν,
1700 2545 1785 2598 ἐὰν
1815 2542 1980 2618 θέλῃς

328 2634 630 2702 κτήσασθαι
661 2635 754 2687 τὸν
788 2632 1028 2696 θάνατον.
1062 2634 1124 2689 Ὀ
1153 2632 1245 2688 οὖν
1276 2632 1497 2697 θάνατός
1522 2635 1662 2689 ἐστιν
1698 2634 1726 2686 6
1756 2633 1979 2706 κόσμος·

329 2723 362 2790 ἡ
393 2719 449 2775 δὲ
512 2723 627 2791 ζωή
681 2722 823 2775 ἐστιν
853 2722 888 2790 ἠ
922 2718 1231 2792 δικαιοσύνη
1269 2741 1280 2753 ·
1322 2722 1528 2799 μακρὰν
1580 2721 1671 2776 οῦν
1704 2723 1731 2776 6
1778 2722 1984 2794 κόσμος

330 2811 432 2865 ἀπὸ
452 2819 555 2880 τῆς
581 2808 950 2882 δικαιοσύνης,
967 2813 1085 2874 καθ’
1107 2809 1233 2866 ὅσον
1262 2810 1289 2865 ὀ
1314 2814 1534 2875 θάνατος
1560 2812 1664 2865 ἀπὸ
1692 2819 1790 2880 τῆς
1817 2817 1980 2880 ζωῆς.

330 2901 449 2957 'an
491 2898 586 2954 οὖν
617 2900 825 2974 πορεύῃ
860 2901 912 2955 ἐν
957 2905 1037 2971 τῷ
1080 2900 1290 2973 κόσμῳ,
1326 2901 1377 2955 ἐν
1404 2905 1483 2972 τῷ
1532 2901 1738 2973 Θανάτῳ
1774 2900 1980 2976 πορεύῃ

332 2990 421 3043 καὶ
456 2990 612 3050 ἐκτὸς
643 2993 740 3043 τοῦ
770 2994 905 3045 Θεοῦ
935 2990 1080 3065 γίνῃ,
1112 2990 1246 3043 κατὰ
1289 2990 1387 3058 τὴν
1419 2989 1560 3053 θείαν
1598 2992 1832 3067 Γραφήν.
1864 2990 1983 3044 Ἐὰν

324 3076 377 3133 δὶ
410 3080 463 3134 ἐν
492 3082 563 3151 τῇ
608 3076 920 3151 δικαιοσύνῃ
949 3080 1057 3151 (45)
1106 3078 1337 3153 πορεύῃ,
1372 3079 1423 3133 ἐν
1451 3082 1519 3151 τῇ
1554 3083 1667 3152 ζωῇ
1714 3078 1980 3155 πεπόρευ-

320 3189 429 3235 σαι,
461 3167 557 3222 καὶ
590 3168 654 3221 ού
688 3189 765 3239 μη
797 3167 999 3241 ἅψηταί
1032 3188 1128 3221 σου
1160 3168 1404 3230 θάνατος.
1429 3167 1539 3222 Οὐκ
1568 3165 1677 3222 ἔστι
1707 3168 1808 3244 γὰρ
1839 3168 1984 3243 παρά

319 3264 432 3320 τοῖς
480 3255 715 3318 δικαίοις
774 3258 1016 3327 Θάνατος,
1066 3255 1213 3311 ἀλλὰ
1259 3256 1569 3328 μετάθεσις.
1623 3257 1977 3313 Μετατίθεται

320 3348 418 3422 γὰρ
450 3348 479 3401 6
513 3345 727 3407 δίκαιος
759 3346 893 3419 ἀνὴρ
926 3346 986 3400 ἐκ
1012 3350 1110 3400 τοῦ
1141 3346 1348 3417 κόσμου
1377 3346 1574 3400 τούτου
1606 3346 1682 3408 εἷς
1710 3347 1810 3414 τήν
1839 3346 1979 3400 αἰώ-

320 3456 430 3488 νιον
462 3433 782 3488 ἀνάπαυσιν·
814 3434 903 3487 καὶ
935 3432 1116 3507 ὥσπερ
1148 3456 1231 3495 τις
1264 3434 1368 3489 ἀπὸ
1425 3436 1676 3513 φυλακῆς
1719 3433 1923 3506 ἐξέλθοι
1961 3477 1976 3502 ,

323 3523 464 3579 οὕτω
496 3523 589 3577 καὶ
633 3523 683 3576 οἱ
718 3523 861 3597 ἅγιοι
920 3523 1225 3598 ἐξέρχονται
1256 3523 1363 3577 ἀπὸ
1400 3528 1496 3579 τοῦ
1530 3528 1820 3600 μοχθηροῦ
1856 3522 1977 3598 βίου

319 3613 515 3667 τούτου
539 3613 619 3674 εἷς
649 3614 716 3666 τὰ
732 3613 905 3687 ἀγαθᾶ
922 3613 990 3667 τὰ
1008 3614 1384 3686 ἡτοιμασμὲνα
1406 3613 1611 3676 αὐτοῖς·
1638 3639 1664 3667 ι(
1688 3615 1756 3669 "A
1780 3612 1979 3691 ὀφθαλ-

326 3703 422 3773 μὸς
454 3700 556 3756 ούκ
580 3698 695 3755 οἶδε
724 3704 857 3773 (46),
880 3701 969 3755 καὶ
1002 3701 1094 3764 οὖς
1127 3702 1226 3757 ούκ
1253 3700 1475 3771 ἤκουσε,
1506 3704 1597 3757 καὶ
1640 3703 1726 3758 ἐπὶ
1756 3700 1975 3778 καρδίαν

320 3790 614 3865 ἀνθρώπου
645 3790 745 3844 οὐκ
782 3785 967 3861 ἀνέϐη,
1001 3791 1032 3846 ἃ
1062 3791 1357 3861 ἤτοίμασεν
1391 3792 1417 3846 6
1449 3794 1577 3853 Θεὸς
1604 3798 1722 3854 τοῖς
1763 3790 1976 3868 ἀγαπῶ-

318 3901 398 3934 σιν
428 3879 614 3935 αύτόν.
651 3904 680 3929 η
711 3880 773 3933 Ol
807 3876 863 3934 δέ
885 3878 1206 3955 ἁμαρτωλοὶ
1236 3881 1325 3935 καὶ
1375 3878 1483 3935 ὧδε
1514 3879 1693 3943 κακῶς
1738 3885 1976 3956 μοχθοῦ-

317 3990 388 4037 σι,
418 3970 511 4023 καὶ
554 3971 668 4024 ἐκεῖ
698 3968 863 4023 πάλιν
908 3969 972 4023 τὸ
1003 3974 1110 4044 πῦρ
1140 3968 1338 4032 αὐτοὺς
1370 3970 1620 4044 ἀναμένει
1656 4014 1669 4027 .
1720 3969 1817 4024 Καὶ
1846 3970 1976 4032 τοὺς

314 4058 605 4118 τοιούτους
663 4055 873 4119 διπλῶς
934 4055 1015 4112 δεῖ
1069 4056 1302 4113 κλαῦσαι
1361 4061 1474 4134 (47)
1510 4106 1525 4132 ,
1558 4058 1640 4115 ὅτι
1667 4058 1756 4113 καὶ
1787 4056 1892 4113 ὦδε
1923 4060 1973 4113 ἐν

318 4147 656 4223 στενοχωρίᾳ
687 4146 810 4218 εἰσὶ,
842 4146 933 4201 καὶ
964 4148 1075 4202 ἐκεῖ
1101 4147 1202 4215 τὴν
1232 4146 1567 4224 ιύρτχωρίαν
1598 4147 1697 4203 οὐκ
1724 4147 1973 4221 ἀπολαμ-

320 4230 539 4290 ϐάνουσι
580 4278 595 4291 .
646 4235 743 4289 Διά
779 4241 940 4290 τοῦτο
980 4233 1193 4309 εἷ’ρηκεν
1231 4237 1265 4306 ἠ
1319 4236 1434 4300 θεία
1482 4240 1689 4315 Γραφή’
1731 4260 1758 4292 α
1794 4239 1973 4293 ’Ὀπου

319 4325 404 4379 ἐὰν
434 4328 651 4401 στραιρῇ
714 4325 743 4379 6
800 4318 1021 4393 ἀσεϐής,
1078 4324 1464 4402 ἀφανίζεται.»
1502 4327 1667 4380 Στινὰ
1710 4326 1811 4401 γὰρ
1861 4328 1973 4399 (48)

322 4414 469 4485 αὐτῷ
498 4415 779 4476 πάντοθεν
812 4414 902 4467 καὶ
933 4414 1046 4467 ἐκεῖ
1075 4410 1280 4485 ὀδύναι,
1311 4414 1400 4469 καὶ
1431 4412 1538 4469 ὦδε
1566 4412 1777 4488 θλίψεις
1813 4459 1825 4470 .
1860 4413 1975 4471 Ούκ

324 4500 391 4555 ἔνι
424 4503 529 4576 γὰρ
564 4503 846 4578 ἄνθρωπος
876 4504 904 4557 6
939 4504 1015 4575 μὴ
1067 4501 1275 4557 κοπιῶν
1333 4504 1384 4557 ἐν
1436 4509 1516 4576 τῷ
1569 4508 1839 4579 μοχθηρῷ
1870 4502 1973 4579 βίῳ

324 4593 497 4664 τούτῳ
527 4611 542 4623 ·
580 4592 669 4646 καὶ
713 4592 741 4646 6
771 4592 994 4666 πτωχὸς
1051 4592 1140 4645 καὶ
1172 4594 1200 4647 6
1240 4590 1526 4660 πλούσιος,
1558 4613 1645 4647 και
1697 4594 1725 4647 6
1773 4590 1971 4655 δοῦλος

2090 2014 2347 2085 perpessi
2371 2014 2430 2067 in
2451 2012 2557 2068 hoc
2580 2029 2725 2068 vano
2750 2013 2990 2080 mundo,
3016 2013 3087 2068 ob
3112 2030 3385 2085 magnam
3424 2020 3480 2070 et
3504 2017 3731 2072 inenar-

2090 2102 2332 2158 rabilem
2356 2101 2467 2158 sibi
2490 2102 2685 2157 datam
2720 2102 3000 2172 requiem.
3028 2101 3173 2167 Quid
3198 2102 3304 2169 ais,
3338 2103 3556 2159 homo?
3587 2106 3730 2162 Ecce

2090 2192 2238 2247 bina:
2269 2190 2373 2245 viae
2402 2190 2507 2245 tibi
2539 2194 2678 2246 sunt
2705 2190 3033 2262 propositas,
3083 2190 3201 2246 vita
3251 2196 3309 2247 et
3356 2209 3515 2247 mors
3551 2211 3562 2247 :
3615 2211 3732 2266 qua

2089 2278 2362 2344 volueris,
2384 2278 2607 2333 incede.
2630 2279 2774 2334 Ecce
2796 2278 2989 2351 ignem
3027 2284 3084 2335 et
3127 2296 3360 2351 aquam,
3382 2298 3737 2355 quocunque

2090 2367 2346 2423 volueris
2372 2367 2615 2422 extende
2639 2384 2878 2422 manum
2902 2373 3088 2423 tuam.
3116 2369 3296 2425 Penes
3317 2374 3373 2425 te
3402 2376 3511 2440 est,
3554 2372 3602 2427 si
3642 2372 3737 2428 lu-

2091 2458 2243 2522 beat,
2277 2456 2453 2512 vitam
2501 2457 2835 2527 possidere;
2873 2474 3051 2529 penes
3090 2462 3146 2513 te
3193 2464 3304 2525 est,
3345 2461 3390 2514 si
3446 2461 3733 2531 placuerit

2093 2551 2341 2602 mortem
2399 2545 2667 2617 adipisci.
2719 2546 2871 2601 Mors
2916 2546 3113 2618 itaque
3157 2547 3248 2602 hic
3291 2551 3549 2605 mundus
3590 2558 3721 2608 est:

2092 2636 2208 2690 vita
2239 2650 2370 2690 vero
2402 2634 2761 2705 estjustitia.
2801 2636 3189 2699 Quamobrem
3231 2641 3393 2693 tanto
3430 2638 3731 2695 intervallo

2093 2724 2353 2779 mundus
2401 2723 2582 2778 distat
2611 2723 2919 2793 ajustitia,
2972 2730 3190 2795 quanto
3243 2742 3399 2781 mors
3432 2745 3463 2781 a
3494 2727 3629 2782 vita.
3682 2727 3739 2783 Si

2094 2814 2275 2885 igitur
2299 2811 2566 2867 ambulas
2588 2811 2646 2865 in
2672 2812 2913 2876 mundo,
2937 2810 2996 2866 in
3022 2818 3206 2869 morte
3226 2814 3518 2882 ambulas,
3542 2823 3598 2869 et
3637 2833 3739 2870 ex-

2094 2908 2186 2959 tra
2204 2908 2383 2958 Deum
2407 2918 2489 2967 es,
2510 2901 2833 2957 secundum
2855 2902 3108 2957 divinam
3146 2903 3501 2974 Scripturam
3530 2922 3541 2958 :
3582 2904 3737 2975 quod

2092 2990 2478 3061 siinjustitia
2508 2989 2777 3045 ambulas
2822 2989 2882 3045 in
2937 2990 3052 3046 vita
3101 2992 3371 3047 ambulas
3407 2997 3463 3047 et
3514 3009 3734 3064 nequa-

2094 3098 2269 3152 quam
2302 3085 2358 3135 te
2388 3079 2635 3151 attinget
2664 3095 2841 3134 mors.
2866 3080 3036 3151 Apud
3059 3081 3255 3151 justos
3285 3081 3442 3136 enim
3479 3099 3588 3137 non
3648 3088 3738 3139 est

2093 3186 2273 3237 mors,
2306 3170 2408 3225 sed
2441 3167 2770 3223 translatio.
2803 3168 3180 3224 Transfertur
3222 3169 3374 3226 enim
3418 3172 3620 3240 justus
3666 3188 3737 3227 ex

2093 3259 2203 3314 hoc
2234 3258 2453 3313 mundo
2477 3259 2533 3312 in
2558 3257 2816 3328 requiem
2852 3263 3153 3313 aeternam.
3187 3258 3255 3313 Et
3288 3260 3455 3329 quasi
3489 3260 3620 3331 quis
3668 3278 3736 3317 ex

2094 3363 2324 3404 carcere
2345 3348 2571 3417 evadat,
2598 3347 2681 3401 sic
2707 3346 2890 3401 sancti
2913 3364 2979 3402 ex
3002 3347 3110 3402 hac
3135 3347 3349 3403 misera
3378 3349 3497 3403 vita
3547 3350 3735 3405 disce-
3780 3364 3787 3373 ·

2089 3439 2237 3492 dunt
2267 3438 2338 3492 ad
2370 3438 2522 3492 bona
2551 3435 2663 3491 sibi
2695 3440 2935 3507 parata:
2971 3458 3000 3486 ‹‹
3034 3438 3167 3501 Quae
3197 3437 3403 3492 oculus
3432 3455 3541 3491 non
3569 3438 3734 3504 vidit,

2089 3544 2195 3582 nec
2218 3527 2377 3583 auris
2411 3525 2652 3591 audivit,
2681 3540 2786 3580 nec
2815 3524 2873 3580 in
2907 3541 3005 3580 cor
3027 3525 3284 3581 hominis
3316 3528 3733 3597 ascenderunt,

2088 3633 2215 3688 quae
2248 3615 2591 3687 preparavit
2618 3614 2769 3669 Deus
2802 3613 3187 3685 diligentibus
3218 3632 3279 3670 se
3309 3616 3373 3669 τι.
3414 3638 3439 3661 ››
3477 3617 3735 3671 Peccato-

2087 3722 2181 3761 res
2227 3709 2422 3759 autem
2476 3703 2567 3758 hic
2618 3703 2832 3758 misere
2878 3702 3166 3768 laborant,
3220 3705 3280 3757 et
3325 3702 3443 3757 illic
3494 3721 3729 3759 rursum

2084 3794 2239 3866 ignis
2273 3793 2431 3863 ipsos
2481 3796 2796 3861 exspectat.
2833 3791 2941 3855 Qui
2973 3790 3191 3861 duplici
3242 3791 3312 3845 de
3360 3808 3537 3844 causa
3585 3792 3721 3847 flere

2088 3884 2319 3947 debent,
2354 3881 2493 3952 quia
2522 3879 2582 3933 in
2614 3884 2863 3949 angusto
2883 3884 3041 3945 sunt,
3075 3895 3179 3933 nec
3212 3883 3407 3933 tamen
3442 3880 3519 3933 ibi
3553 3879 3727 3933 liber-

2084 3976 2265 4027 tatem
2312 3969 2728 4040 adipiscentur.
2779 3968 2968 4030 Quare
3015 3968 3095 4022 ait
3142 3966 3340 4021 divina
3387 3968 3725 4038 Scriptura:

2084 4061 2268 4125 Quam
2326 4074 2387 4114 se
2444 4072 2675 4128 cunque
2729 4055 2789 4109 in
2850 4059 3070 4125 partem
3115 4059 3414 4111 convertat
3486 4056 3724 4127 impius,

2083 4147 2390 4206 subruitur
2418 4147 2484 4200 7’.
2520 4167 2548 4194 »
2574 4144 2869 4217 Angustias
2899 4144 3054 4199 enim
3099 4144 3182 4199 illi
3232 4150 3374 4200 sunt
3430 4145 3725 4215 undique:

2083 4238 2203 4294 illic
2254 4235 2503 4301 dolores,
2555 4234 2647 4289 hic
2680 4248 2975 4289 arumnis.
3028 4232 3236 4289 Nullus
3285 4236 3503 4306 quippe
3554 4234 3727 4290 homo

2084 4325 2355 4397 est,quin
2382 4322 2683 4379 laboretin
2711 4321 2817 4377 hac
2863 4322 3081 4377 misera
3118 4322 3254 4389 vita,
3302 4340 3523 4394 pauper
3562 4329 3619 4378 et
3650 4324 3729 4378 di-

2083 4435 2205 4483 ves,
2239 4430 2439 4471 servus
2470 4418 2525 4468 et
2553 4411 2721 4480 liber,
2755 4414 3023 4482 peccator
3045 4411 3341 4482 etjustus.
3376 4411 3590 4467 Omnes
3637 4430 3727 4483 pa-

2085 4507 2224 4561 riter
2251 4504 2538 4571 lahorant,
2574 4516 2847 4571 unusque
2882 4517 3055 4555 casus
3103 4499 3379 4555 omnibus
3436 4501 3726 4569 obveniet,

2084 4595 2205 4653 sive
2237 4590 2523 4665 peccatori
2555 4590 2673 4645 sive
2691 4589 2876 4659 justo,
2900 4590 2958 4643 in
2990 4589 3099 4643 hoc
3127 4588 3348 4645 scilicet
3378 4592 3621 4643 mundo.

325 4683 410 4765 καὶ
442 4683 471 4736 6
502 4681 808 4765 ἐλεύθερος,
837 4682 925 4764 καὶ
958 4682 987 4735 6
1018 4680 1356 4765 ἁμαρτωλὸς
1387 4681 1477 4765 καὶ
1600 4679 1826 4765 δίκαιος,
1870 4686 2064 4765 πάντες
2114 4681 2320 4765 ὁμοίως
2366 4678 2619 4746 κοπιῶσι,
2665 4676 2756 4731 καὶ
2802 4675 2858 4731 ἓν
2899 4676 3208 4749 συνάντημα
3253 4682 3371 4737 τοῖς
3428 4684 3555 4731 πᾶσι
3592 4699 3726 4749 συμ-

328 4746 571 4821 ϐήσεται,
601 4746 703 4808 καῖ
722 4746 805 4825 τῷ
829 4746 1144 4829 ἀμαρτωλῷ
1173 4753 1261 4807 καὶ
1290 4758 1370 4825 τῷ
1401 4750 1613 4826 δικαίῳ,
1645 4751 1752 4808 ὦδε
1781 4746 1833 4809 ἐν
1861 4776 1940 4829 τῳ
1970 4746 2164 4830 κόσμῴ
2191 4752 2389 4824 τούτῳ.

400 4861 482 4917 19.
512 4864 662 4914 Ἐκεῖ
689 4856 745 4914 δὶ
761 4858 860 4914 οὐκ
887 4856 1026 4915 ἔστιν
1048 4857 1397 4931 οὕτως,ἀλλᾶ
1412 4857 1557 4929 ἄλλη
1580 4859 1669 4915 καὶ
1688 4856 1833 4930 ἄλλη
1859 4864 1970 4933 (49)

2151 4862 2237 4917 19.
2270 4865 2342 4915 At
2375 4858 2456 4914 ibi
2486 4874 2599 4914 non
2625 4856 2707 4912 ita
2738 4872 2800 4911 se
2831 4872 2923 4911 res
2955 4854 3150 4924 habet,
3197 4856 3297 4911 sed
3349 4856 3499 4912 alius
3550 4863 3725 4928 atque

324 4949 467 5018 τάξις
503 4993 517 5006 .
553 4948 767 5011 ’Ἄλλος
799 4950 902 5025 γὰρ
934 4948 962 5004 ὀ
992 4948 1161 5010 κόπος
1204 4953 1301 5004 τοῦ
1332 4945 1541 5005 δικαίου
1573 4949 1625 5004 ἐν
1652 4954 1732 5022 τῷ
1783 4944 1976 5024 κόσμῳ

395 5154 409 5186 ¹
443 5148 465 5204 Ι
495 5148 629 5216 Cor,
660 5163 724 5217 ιι,
752 5146 807 5201 9.
842 5146 889 5182 ⁷³
917 5147 1079 5203 Prov.
1112 5162 1215 5215 xu,
1244 5146 1300 5202 7.

393 5319 505 5461 (43)
528 5315 910 5389 Anglicanus,
937 5311 1330 5389 κληρονομεῖν.

393 5391 480 5461 (μ
538 5387 935 5461 Anglicanus,
949 5382 1330 5461 διαλλαξάντω·

391 5391 505 5461 (44)
538 5391 899 5514 Anglicanus
949 5391 1351 5471 διαλλαξάντων
1384 5391 1475 5441 τὸν
1530 5391 1667 5461 βίον.
1721 5391 1873 5469 Mox,
1918 5391 1966 5441 ot

331 5455 593 5520 λαϐόντες
660 5462 785 5531 eest
811 5475 873 5531 in
903 5428 1289 5531 basiliensiet
1318 5459 1661 5531 Anglicano.
1722 5460 1966 5531 Ibidem.

330 5534 549 5606 Anglic.
573 5537 644 5606 et
674 5529 824 5606 Felc.
854 5528 1185 5606 2,μεγάῌλου
1218 5528 1453 5604 μόχθοιῖ.
1487 5532 1663 5587 Paulo
1717 5537 1867 5602 post,
1916 5530 1967 5583 οἱ

335 5600 747 5672 υτᾶξιωθέντις
779 5601 945 5672 deest
971 5600 1036 5656 iri
1053 5602 1207 5672 ‘l-‘elc.
1224 5600 1293 5659 '2.

403 5668 512 5746 (£5)
544 5672 805 5745 Anglia,
833 5669 921 5726 ἰὰν
949 5674 1020 5745 τῇ
1050 5668 1157 5729 δικ.
1185 5674 1337 5732 Felc.
1366 5675 1425 5745 2,
1454 5672 1539 5729 ἐὰν
1574 5670 1633 5728 δι
1659 5676 1729 5747 τῇ
1753 5670 1860 5728 δικ.

538 5382 1351 5461 AnglicanusLSIaDaﬁd'mwy
1384 5386 1487 5461 16v
1530 5384 1667 5461 βίον.
1721 5386 1873 5461 Mox,
1918 5386 1969 5441 οἱ
2079 5384 2130 5439 οἱ

2086 4949 2239 5007 alius
2260 4949 2421 5006 ordo.
2447 4946 2612 5003 Alius
2637 4945 2853 5019 quippe
2873 4948 2965 5001 est
2983 4943 3306 5014 laborjusti
3336 4944 3393 5001 in
3419 4946 3527 5001 hoc
3549 4963 3727 5001 mun-

2151 5314 2262 5386 (46)
2293 5311 2591 5386 Sic‘Basil.
2622 5309 2777 5367 Editi
2823 5325 2977 5377 vero,
3030 5304 3155 5364 εἶδε.
3208 5309 3366 5368 Infra
3411 5310 3587 5377 idem,
3636 5309 3725 5363 καὶ

2160 5381 2503 5460 ἁμαρτωλοί.

2151 5458 2263 5525 (47)
2293 5456 2669 5528 Anglicanus,
2696 5448 2903 5528 κλαίειν

2150 5522 2263 5599 (48)
2296 5522 2443 5585 Fere.
2475 5530 2529 5599 2,
2577 5522 2765 5579 Στεναὶ
2809 5522 2933 5598 γάρ.
2986 5523 3162 5593 Infra,
3211 5522 3388 5595 τούτῳ
3438 5527 3565 5595 post
3617 5523 3723 5595 βίῳ

2079 5602 2242 5657 deest
2270 5601 2329 5655 in
2362 5598 2531 5656 Basil.
2560 5632 2567 5635 -

2150 5671 2264 5745 (49)
2294 5671 2443 5740 Haec,
2475 5667 2563 5723 καὶ
2595 5664 2765 5736 ἄλλη.
2789 5667 3005 5725 desunt
3033 5666 3096 5723 in
3130 5665 3277 5724 Felc.
3308 5668 3363 5720 2.
