2068 3109
178 165 239 195 278

767 164 801 194 8.
823 162 1088 194 ATHANASIUS.
1110 179 1150 185 —
1170 162 1302 193 DUBIA.

1824 161 1885 193 2⁸16

178 231 226 262 do.
243 233 271 257 et
284 229 360 258 alius
388 229 559 265 peccatoris.
582 229 654 257 Nam
675 230 777 265 justus
797 229 919 262 laborat,
945 238 1003 257 non

1073 228 1159 265 'odtqs,
1175 228 1219 255 καὶ
1237 227 1321 259 ἄλλος
1336 228 1351 256 ὁ
1364 230 1413 255 τοῦ
1424 227 1600 263 ἀμαρτωλοῦ.
1611 227 1642 255 Ὁ
1658 227 1705 263 μὲν
1717 227 1768 264 1&9
1780 225 1885 256 δίκαιος

181 283 238 311 quo
251 277 383 302 ventrem
396 273 530 310 impleat:
543 274 652 302 nullam
672 275 780 311 quippe
790 275 887 303 carnis
899 273 1003 302 sollici-

182 320 315 348 tudinem
331 319 430 353 habet,
447 327 542 355 neque
557 319 665 355 cogitat
689 327 720 348 se
735 327 852 347 carnem
868 322 1002 356 gestare;

180 365 231 393 sed
248 366 332 392 nocte
346 364 452 399 dieque
466 363 580 391 laborat
590 366 681 392 Deum
690 365 856 400 quaerendo,
866 372 1003 392 somnum

180 410 356 446 plerumque
371 408 521 436 modicum
538 408 626 444 capit,
647 417 721 445 pane
731 411 760 436 et
771 417 847 445 aqua
859 417 914 436 non
927 410 1005 436 satu-

178 456 278 482 ratur:
296 453 325 480 in
341 453 467 480 desertis
481 454 560 480 errat
574 452 657 486 locis,
668 461 775 487 corpus
789 461 876 480 suum
903 452 1005 480 multis

176 498 267 527 afﬁcit
283 497 433 531 aerumnis,
450 498 542 525 donec
566 497 843 526 immarcescibilem
868 504 1005 525 coronam

178 542 313 579 accipiat,
323 550 387 578 quas
397 541 453 577 ipsi
470 541 599 578 reposita
618 544 674 570 est.
695 543 802 570 Contra
823 544 957 578 peccator
968 540 1007 569 la-

178 587 263 615 borib
269 595 303 614 us
309 589 337 614 et
345 586 484 614 aerumnis
496 586 709 622 premitur,non
721 586 1006 623 propterjustitism,

178 633 230 660 sed
242 633 360 668 propter
370 630 446 658 hanc
460 630 597 658 miseram
609 639 738 664 carnem,
749 631 787 659 ob
809 633 924 667 turpem
943 639 1007 658 mu-

184 677 299 710 lierem,
312 675 377 703 aliis
392 677 480 711 atque
491 675 557 703 aliis
567 674 784 703 calamitatibus
792 675 941 712 afﬂigitur,
956 676 1008 704 98

185 729 238 749 nec
255 719 448 756 praesentibus
464 721 629 753 contentus,
646 719 675 747 in
692 719 813 748 miseria
828 722 913 756 atque
933 720 1009 748 invi-

183 766 231 794 dia
245 764 333 800 degit.
364 764 419 792 Sed
450 763 522 791 nihil
553 771 654 791 eorum
685 766 869 800 perspectum
902 765 1012 793 habent

183 812 336 838 amentes:
353 808 505 836 excascavit
516 808 595 836 enim
609 808 675 837 illos
703 808 835 844 materia,
861 812 890 837 et
912 809 1012 837 multa:

184 853 289 883 mundi
300 853 390 888 hujus
401 861 477 880 cura;
490 861 497 880 :
509 855 666 889 errantque
676 854 769 881 donec
782 853 811 881 in
827 861 876 881 eos
901 854 1012 882 immit-

1057 275 1151 308 κοπιᾷ,
1185 272 1239 310 οὐχ
1262 270 1308 300 ἵνα
1332 272 1426 309 πλήσῃ
1449 272 1574 310 γαστὲρω
1603 270 1665 299 οὐδὶ
1678 271 1729 309 1&9
1749 270 1822 302 ὅλως
1835 275 1886 307 τῆς

1057 316 1155 355 σαρκὸς
1181 317 1310 353 πρόνοιαν
1335 319 1464 351 ποιεῖται,
1490 315 1554 344 οὐδὲ
1576 315 1726 354 λογίζεται,
1743 315 1786 344 ὅτι
1801 316 1887 353 σάρκα

1059 364 1147 401 φορεῖ·
1164 360 1237 389 ἀλλᾶ
1251 363 1335 397 κοπιᾷ
1348 361 1443 392 νυκτὸς
1463 361 1508 388 καὶ
1523 361 1628 399 ἡμέρας
1644 363 1732 396 ζητῶν
1748 361 1793 388 τὸν
1810 361 1887 395 Θεὸν,

1059 405 1154 434 πολλὰ
1167 408 1217 433 τοῦ
1232 405 1317 434 ὕπνου
1334 406 1373 442 μή
1387 405 1603 444 χορταζόμενος,
1631 404 1714 439 ἄρτου
1727 405 1773 433 καὶ
1790 404 1888 437 ὕδατος

1062 457 1100 488 μη
1127 450 1272 487 ἰμπιπλῶν
1298 450 1347 484 τὴν
1373 450 1478 488 ψυχὴν,
1503 449 1546 477 ἐπὶ
1562 449 1677 488 ἐρήμοις
1692 449 1888 487 πλανώμενος,

1062 495 1219 530 ὑποπιάζων
1234 495 1265 522 τὸ
1280 496 1360 531 σῶμα
1375 494 1402 522 ἐν
1418 494 1584 530 κακοπαθείᾳ
1598 493 1758 531 πολλῇ,ἕως
1772 493 1803 522 οὗ
1820 495 1890 522 ἀπο-

1061 537 1135 577 λάϐῃ
1146 540 1190 567 τὸν
1207 539 1389 577 ἀμαράντινον
1403 539 1531 578 στέφανον
1546 539 1592 567 τὸν
1607 538 1785 576 ἀποκείμενον
1802 539 1889 567 αύτῶ.

1061 585 1093 614 Ὁ
1108 583 1137 612 δὲ
1152 583 1316 621 ἁμαρτωλὸς
1330 582 1414 619 κοπιᾷ
1427 583 1472 611 καὶ
1489 584 1590 621 μοχθεῖ
1604 583 1658 621 οὐχ
1680 582 1766 611 ’ἐνικεν
1784 582 1890 612 δικαιο-

1062 628 1156 664 σύνης,
1183 628 1246 657 ἀλλ’
1266 626 1352 656 ἕνεκεν
1373 631 1424 663 τῆς
1450 628 1628 665 ταλαιπώρου
1656 628 1754 666 σαρκὸς
1774 627 1890 663 ταύτης,

1063 673 1149 702 ὶνικιν
1165 676 1216 708 τῆς
1232 672 1347 711 αἶσχρεκ
1362 672 1497 710 γυναικὸς,
1507 671 1600 703 ἄλλως
1611 672 1654 700 καί
1667 671 1760 704 ἄλλως
1774 675 1888 710 μοχθῶν

1066 722 1104 755 μή
1135 716 1300 755 ἀρκούμενος
1322 720 1380 748 τοῖς
1404 719 1547 754 παροῦσιν,
1577 716 1603 744 ὲν
1626 716 1708 752 κακίᾳ
1729 716 1774 744 καὶ
1798 717 1891 756 φθόνῳ

1066 759 1223 799 διατρίϐων.
1241 760 1329 790 Ἀλλά
1343 761 1446 789 τούτων
1464 760 1541 789 οὐδὲν
1557 761 1711 790 ἐπίστανται
1726 762 1753 789 οἱ
1763 762 1890 801 ἄφρονες

1066 806 1243 845 ἀπετύφλωσε
1258 806 1310 844 1&9
1326 806 1453 841 αὐτοὺς-ἧ
1475 805 1527 841 ὕλη
1556 806 1601 833 καὶ
1629 806 1656 833 αἱ
1681 804 1785 834 πολλαὶ
1811 816 1893 844 σρον-

1065 849 1137 882 τίδες
1164 853 1213 879 τοῦ
1227 851 1344 888 κόσμου,
1357 850 1402 878 καὶ
1418 849 1586 887 πλανῶνται,
1607 848 1659 882 ἕως
1682 849 1825 887 ἁποσταλῇ
1851 850 1894 878 ἐπ’

189 901 270 927 tatur
286 897 370 926 miles
386 897 435 925 ille
449 897 608 932 violentus,
622 898 672 934 qui
688 906 741 926 nec
755 906 911 934 personam
935 906 1013 927 vere-

1073 895 1163 927 ιύτοίις
1192 896 1206 923 ὁ
1231 896 1371 932 ἀπότομος
1405 896 1585 934 στρατιώτης,
1606 895 1681 926 ὅστις
1705 894 1736 923 ού
1761 895 1895 932 θαυμάζει

187 944 278 977 bitur,
291 950 344 970 nec
360 950 484 969 munera
500 942 632 978 accipiet.
648 942 759 970 Anime
776 942 884 978 quippe
897 942 1014 971 illorum

1073 940 1224 979 πρόσωπον,
1250 939 1307 968 οὐδ’
1331 940 1363 967 οὐ
1388 940 1427 977 μὴ
1449 937 1522 975 λάϐη
1546 938 1631 977 δῶρα.
1647 940 1827 977 Ἀχθήσοπαι
1842 940 1895 978 γὰρ

186 988 213 1015 vi
230 987 414 1015 abducentur
429 986 465 1014 ab
482 986 594 1023 angelis
624 986 801 1022 immitibus,
828 995 973 1023 suamque
998 996 1015 1016 a

189 1033 248 1061 Deo
264 1031 441 1060 sententiam
454 1031 610 1067 accipient.
627 1031 702 1059 Vani
717 1031 796 1059 enim
812 1040 879 1060 cum
899 1032 968 1068 sint,
985 1033 1014 1060 in

192 1084 302 1104 vanum
317 1076 525 1104 laboraverunt
539 1075 569 1103 in
585 1075 640 1104 hoc
655 1076 783 1104 mundo:
807 1078 922 1105 terrena
945 1079 1017 1106 sunt

194 1121 317 1157 operati,
328 1120 465 1156 quocirca
475 1121 504 1148 et
527 1120 583 1156 ipsi
606 1120 636 1147 in
661 1120 854 1156 perditionem
870 1121 1015 1150 abierunt.

193 1166 256 1193 Non
267 1165 346 1193 enim
363 1172 508 1192 memores
519 1164 599 1192 fuere
610 1164 659 1192 Dei
671 1165 741 1193 dum
753 1165 782 1192 in
802 1167 880 1194 terra
898 1169 997 1195 essent
1009 1175 1017 1195 :

199 1217 292 1246 neque
305 1217 381 1237 curae
396 1208 455 1236 illis
471 1208 527 1236 fuit
540 1211 574 1236 ut
599 1209 647 1237 Dei
676 1209 812 1238 timorem
842 1218 899 1246 pres
924 1210 1018 1239 oculis

197 1254 354 1282 haberent:
371 1261 462 1289 quare
476 1261 529 1281 nec
540 1252 605 1281 illos
619 1256 702 1281 curat
715 1253 803 1283 Deus.
818 1254 924 1283 Justus
939 1256 1017 1283 enim

195 1301 239 1326 est
256 1301 342 1333 Ueus,
358 1300 387 1325 et
398 1298 515 1334 justum
527 1297 674 1333 judicium
704 1298 769 1333 ejus
793 1299 826 1326 ⁷³.
851 1299 924 1327 Nam
950 1308 1017 1327 cum

193 1342 306 1370 venerit
316 1342 504 1378 judicaturus
521 1342 677 1377 mundum,
692 1344 763 1370 tunc
779 1343 881 1371 reddet
903 1343 1018 1372 unicui-

194 1396 249 1422 que
260 1388 346 1423 juxta
361 1395 449 1423 opera
463 1394 527 1415 sua.
541 1386 663 1415 Beatum
677 1395 727 1415 cor
742 1388 819 1423 quod
844 1388 906 1416 haec
927 1389 1020 1417 susci-

198 1431 250 1467 pit.

231 1476 276 1503 20.
293 1475 390 1503 Media
404 1477 488 1503 nocte
510 1475 693 1510 excitaberis,
710 1478 739 1504 et
759 1476 876 1513 hymnis
891 1477 1019 1505 celebra-

198 1521 244 1548 bis
260 1520 417 1548 Dominum
434 1520 526 1548 Deum
541 1521 636 1548 tuum.
653 1520 692 1548 Ea
707 1520 785 1548 enim
800 1521 865 1557 ipsa
881 1521 951 1550 hora
974 1529 1019 1550 re-

199 1564 326 1592 surrexit
341 1563 483 1591 Dominus
511 1566 610 1592 ncster
630 1573 665 1592 ex
689 1565 823 1601 mortuis,
851 1568 880 1594 et
904 1566 1019 1595 Patrem

198 1616 287 1635 suum
298 1607 417 1643 hymnis
429 1607 692 1644 celebravitzquare
702 1609 869 1645 injunctum
881 1611 967 1639 nobis
976 1613 1021 1639 est

200 1654 232 1679 ut
241 1660 275 1680 ea
285 1652 350 1688 ipsa
360 1652 431 1679 hora
444 1652 570 1687 hymnos
581 1653 639 1681 Deo
653 1653 797 1682 dicamus.
817 1654 945 1691 Surgens
958 1663 1022 1691 por-

200 1705 230 1724 ro
246 1696 293 1724 dic
307 1696 401 1731 primo
417 1696 495 1724 hunc
510 1705 645 1725 versum:
666 1707 677 1721 ι
693 1698 790 1726 Media
813 1701 896 1727 nocte
921 1707 1021 1735 surge-

201 1742 267 1768 bam
283 1740 319 1768 ad
343 1740 540 1768 conﬁtendum
570 1741 621 1769 tibi
653 1750 742 1777 super
766 1743 880 1778 judicia
899 1743 1023 1779 justitiaa

200 1788 256 1813 tua
264 1786 302 1819 7‘;
312 1795 326 1810 »
334 1787 497 1820 etprecare,
511 1785 567 1812 inci
572 1794 666 1821 peque
672 1786 794 1814 recitare
813 1788 1024 1824 quinquagesi-

200 1838 281 1858 mum
293 1829 441 1865 psalmum
453 1830 545 1858 donec
558 1830 703 1858 absolvas.
714 1830 778 1859 Haec
789 1831 849 1859 sint
865 1833 1024 1860 constituta

199 1873 251 1902 tibi
263 1881 315 1910 per
325 1873 458 1910 singulos
475 1873 548 1902 dies.
563 1874 619 1903 Tot
631 1874 762 1911 psalmos
771 1876 871 1910 recita,
884 1878 956 1912 quot
977 1885 1025 1913 po-

200 1918 269 1947 teris
282 1918 387 1946 stando
402 1919 543 1947 recitare:
562 1921 650 1956 atque
665 1928 717 1956 per
731 1920 862 1956 psalmos
891 1921 1024 1957 singulos

200 1963 292 1991 oratio
308 1966 336 1991 et
359 1963 524 1999 genuﬂsxio
549 1964 743 2000 persolvatur,
766 1965 933 1993 conﬁtendo
957 1974 1025 1994 cum

201 2007 338 2043 lacrymis
357 2007 478 2036 Domino
494 2010 614 2044 peccata
632 2010 695 2042 tua,
707 2011 737 2037 et
759 2010 889 2046 rogando
913 2013 946 2038 ut
973 2010 1025 2038 tibi

202 2051 409 2089 dimittantur:
426 2054 493 2088 post
508 2054 606 2080 ternos
620 2054 752 2089 psalmos
776 2054 866 2090 dices,
890 2054 1026 2089 Alleluia,

182 2090 281 2132 κοῖιοά
295 2095 319 2123 si
334 2097 431 2123 tecum
449 2096 705 2132 fuerintvirgines,
727 2097 799 2134 ipsa»
816 2107 929 2135 quoque
952 2098 1028 2135 psal-

201 2141 274 2174 lant,
290 2142 318 2167 et
333 2139 389 2166 alia
401 2143 466 2176 post
476 2140 565 2169 aliam
577 2141 737 2170 orationem
759 2142 911 2171 absolvite.
935 2143 1028 2171 Matu-

203 2185 263 2212 tina
288 2184 370 2217 hora,
400 2184 479 2212 hunc
508 2185 597 2213 dicite
620 2186 789 2221 psalmum:
815 2199 829 2212 «
847 2188 925 2216 Deus
950 2188 1028 2216 Deus

203 2228 335 2260 meus,ad
346 2231 372 2256 te
384 2228 449 2256 luce
458 2228 701 2265 vigilo.Sitivitin
720 2233 749 2258 te
768 2231 868 2260 anima
889 2233 995 2260 mea“.
1011 2243 1026 2258 »

1069 985 1096 1012 αἰ
1111 984 1198 1023 ψυχαὶ
1219 984 1307 1012 αὐτῶν
1326 985 1393 1021 μετὰ
1408 983 1467 1022 βίας
1482 984 1535 1012 ὐπὸ
1551 983 1675 1022 ἀγγέλων
1689 983 1897 1021 ἁνελιημόνων,

1069 1029 1115 1058 καὶ
1144 1029 1279 1066 λήψονται
1307 1029 1357 1063 τήν
1386 1028 1517 1068 ἀπόφασιν
1543 1028 1631 1056 αὐτῶν
1656 1029 1730 1067 παρὰ
1752 1030 1801 1055 τοῦ
1815 1030 1896 1057 Θιοῦ.

1070 1073 1149 1102 Κενοὶ
1171 1074 1224 1111 1&9
1237 1070 1322 1108 ὄντες,
1340 1073 1377 1105 είς
1394 1073 1458 1101 κενὰ
1472 1073 1517 1101 καὶ
1529 1072 1687 1111 ἐμόχθησαν
1702 1072 1728 1100 ἐν
1742 1075 1783 1109 τῷ
1798 1072 1896 1109 κόσμῳ

1069 1118 1171 1155 τούτῳ,
1199 1119 1234 1146 τὰ
1255 1119 1305 1153 τῆς
1328 1122 1380 1155 γῆς
1406 1117 1583 1156 είργάσαντες·
1606 1116 1651 1145 διὰ
1665 1116 1802 1145 τοῦτοκαὶ
1818 1116 1896 1145 αύτοὶ

1073 1163 1112 1195 εἴς
1127 1162 1264 1191 ἀπώλειαν
1280 1162 1435 1201 ἐχώρησαν.
1450 1161 1491 1191 Ού
1505 1161 1554 1200 γὰρ
1570 1161 1741 1199 ἐμνήσθησαν
1755 1164 1803 1189 τοῦ
1827 1163 1896 1190 Θεοῦ

1073 1207 1117 1236 ἐπὶ
1139 1211 1190 1242 τῆς
1213 1210 1264 1245 γῆς
1286 1205 1370 1244 ὄντες,
1397 1205 1454 1234 οὐδ’
1478 1205 1611 1243 ἐμέλησεν
1632 1205 1724 1237 αὐτοῖς
1742 1207 1895 1243 μνησθῆναι

1072 1254 1121 1280 τοῦ
1136 1250 1222 1292 φόϐου
1237 1254 1285 1280 τοῦ
1300 1254 1377 1280 Θεοῦ·
1394 1250 1439 1279 διὰ
1452 1253 1532 1279 τοῦτο
1557 1249 1621 1279 οὐδὲ
1642 1251 1716 1279 αὐτῶ
1742 1251 1819 1288 μέλει
1832 1250 1896 1288 περὶ

1071 1297 1172 1326 αὐτῶν.
1188 1297 1295 1328 Δίκαιος
1307 1297 1358 1336 1&9
1374 1296 1388 1324 ὁ
1403 1296 1478 1330 θεὸς,
1493 1296 1538 1324 καὶ
1554 1294 1644 1323 δικαία
1657 1296 1675 1331 ἡ
1700 1296 1787 1333 κρίσις
1801 1295 1894 1323 αὐτοῦ.

1073 1343 1155 1371 Ὅταν
1179 1342 1230 1380 1&9
1257 1340 1324 1376 ἔλθη
1355 1343 1444 1377 κρῖναι
1466 1340 1514 1368 τὸν
1543 1340 1659 1376 κόσμον,
1679 1339 1742 1367 τότε
1757 1338 1897 1367 ἀποδώσει

1073 1385 1178 1422 ὶκάστῳ
1192 1386 1260 1413 κατὰ
1273 1385 1307 1413 τὰ
1321 1384 1385 1423 ἔργα
1399 1384 1494 1414 αὖτοῦ.
1515 1383 1638 1423 Μακαρία
1652 1385 1670 1420 ἠ
1692 1383 1789 1423 καρδία
1812 1385 1830 1419 ἡ
1857 1383 1899 1412 δι-

1073 1441 1109 1470 χο
1113 1430 1180 1468 μὲνη
1195 1432 1288 1458 ταῦτα.

1107 1477 1154 1504 20.
1176 1473 1359 1504 Μεσονύκτιον
1386 1474 1534 1512 ἐγερθήση,
1563 1474 1608 1502 καὶ
1638 1474 1769 1511 ὑμνήσεις
1797 1474 1899 1512 Κύριον

1074 1520 1120 1549 τὸν
1143 1519 1207 1548 Θεόν
1234 1530 1293 1548 σου.
1319 1520 1362 1547 Ἐν
1386 1518 1454 1556 αὐτῇ
1480 1518 1531 1557 1&9
1553 1520 1588 1556 τῇ
1604 1518 1663 1557 ὥρᾳ
1678 1518 1774 1555 ἀνέστη
1802 1519 1816 1546 ὁ
1844 1518 1903 1547 Κύ-

1076 1575 1135 1604 ριος
1158 1565 1239 1601 ἡμῶν
1264 1563 1295 1591 ἆκ
1323 1565 1437 1601 νεκρῶν,
1463 1562 1508 1591 καὶ
1531 1562 1636 1600 ὕμνησε
1649 1563 1695 1591 τὸν
1711 1563 1826 1602 Πατέρα·
1856 1562 1904 1591 διὰ

1074 1608 1155 1638 τοῦτδ
1183 1608 1252 1646 αὐτῇ
1284 1610 1319 1646 τῇ
1348 1607 1407 1646 ὥρᾳ
1432 1607 1587 1646 προσιτάγη
1629 1609 1697 1645 ἡμῖν
1736 1608 1829 1645 ὑμνεῖν
1853 1608 1901 1636 τὸν

1076 1654 1150 1682 Θεόν.
1193 1653 1369 1690 Ἀνισταμὲνη
1408 1651 1438 1680 δὲ
1472 1655 1583 1691 πρῶτον
1610 1655 1706 1681 τοῦτον
1733 1653 1780 1681 τὸν
1806 1652 1902 1691 στίχον

1077 1699 1145 1727 ιῖπὲ·
1163 1710 1177 1724 ι(
1193 1697 1373 1726 Μεσονύκτιον
1398 1697 1578 1736 ἐξηγιιρόμην
1603 1699 1652 1725 τοῦ
1677 1696 1903 1736 ἐξομολογεῖσθαί

1077 1753 1120 1771 σοι
1142 1741 1185 1770 ἐπὶ
1211 1742 1246 1770 τὰ
1273 1742 1393 1780 κρίματα
1414 1745 1466 1777 τῆς
1488 1740 1660 1777 δικαιοσύνης
1682 1752 1740 1770 σου·
1768 1754 1782 1768 n
1797 1742 1842 1770 καὶ
1858 1741 1904 1770 εὖ·

1078 1789 1132 1825 εαι,
1159 1787 1204 1815 καὶ
1227 1785 1303 1824 ἄρξαι
1326 1786 1413 1825 λέγειν
1437 1786 1483 1814 τὸν
1504 1786 1687 1821 πεντηκοστὸν
1703 1786 1767 1814 ὅλον
1781 1786 1902 1823 ψαλμὸν,

1077 1831 1130 1863 ἓως
1158 1831 1188 1859 ἂν
1216 1830 1342 1866 τελέσης.
1371 1831 1421 1858 Καὶ
1449 1833 1534 1859 ταῦτα
1561 1829 1679 1859 ἔστωσάν
1704 1841 1747 1858 σοι
1766 1832 1825 1863 καθ’
1840 1831 1904 1859 ἐκά-

1079 1887 1144 1912 στην
1184 1876 1289 1914 ἡμέραν
1327 1874 1485 1914 τεταγμένα.
1520 1874 1673 1907 Τοσούτους
1710 1873 1739 1903 δὶ
1775 1874 1904 1913 ψαλμοὺς

1079 1920 1149 1956 εῑπὶ,
1165 1920 1244 1952 ὅσους
1270 1919 1336 1956 ὀύνη
1362 1921 1498 1955 στήκουσα
1516 1919 1613 1948 εἰπεῖν’
1637 1919 1682 1948 καὶ
1697 1920 1765 1948 κατὰ
1791 1918 1904 1957 ψαλμὸν

1080 1965 1150 2003 εὐχὴ
1187 1965 1232 1993 καὶ
1269 1964 1428 2003 γονυκλισία
1462 1963 1650 2000 ἐπιτελείσθω,
1689 1964 1757 2001 μετᾶ
1779 1963 1903 2003 δακρύων

1081 2009 1276 2048 ἱξαγορεύουσα
1296 2011 1336 2045 τῷ
1360 2009 1452 2047 Κυρίῳ
1479 2009 1528 2040 τὰς
1549 2009 1681 2047 ἁμαρτίας
1697 2011 1756 2045 σοῦ,
1772 2009 1817 2037 καὶ
1845 2009 1908 2045 ἀξι-

1081 2056 1148 2083 οῦσα
1159 2053 1205 2083 ἵνα
1218 2053 1335 2094 ἀφεθῶσι
1350 2064 1403 2083 σοι.
1419 2054 1493 2082 Μετὰ
1507 2052 1537 2081 δὲ
1550 2056 1623 2092 τρεῖς
1637 2052 1765 2091 ψαλμοὺς
1781 2053 1844 2092 λέγε
1863 2054 1908 2089 τὸ,

1082 2098 1265 2135 Ἀλληλούῒα.
1282 2098 1342 2127 Ἐὰν
1359 2097 1388 2126 δὲ
1401 2098 1446 2126 καὶ
1461 2099 1591 2137 παρθένοι
1613 2098 1664 2126 εἰσὶ
1691 2098 1758 2135 μετὰ
1784 2100 1844 2134 σοῦ,
1859 2098 1907 2126 καὶ

1081 2143 1158 2172 αὗται
1189 2143 1378 2181 ψαλλὲτωσαν,
1408 2142 1453 2171 καὶ
1480 2143 1529 2179 μία
1556 2143 1631 2180 παρὰ
1660 2142 1722 2179 μίαν
1744 2143 1794 2178 τὴν
1821 2143 1908 2181 εὐχὴν

1083 2188 1241 2217 ἰπιτελεῖτε.
1272 2188 1342 2226 Πρὸς
1369 2185 1466 2225 ὄρθρον
1490 2186 1519 2215 Si
1546 2187 1592 2215 τὸν
1612 2187 1722 2224 ψαλμὸν
1736 2189 1833 2215 τοῦτον
1862 2186 1910 2215 λέ-

1081 2243 1150 2271 γετε·
1177 2244 1192 2259 «
1215 2233 1245 2261 '0
1274 2232 1338 2264 Θεὸς
1363 2232 1377 2260 ὁ
1393 2231 1458 2264 Θιός
1477 2241 1539 2269 μου,
1555 2232 1623 2269 πρὸς
1639 2232 1669 2259 σὲ
1684 2231 1811 2270 ὀρθρίζω.
1835 2230 1910 2259 Ἐδί-

202 2272 262 2299 Sub
272 2271 437 2300 diluculum
448 2280 536 2301 vero:
556 2284 566 2298 ι
580 2274 756 2310 Benedicite,
766 2276 865 2304 omnia
875 2284 963 2312 opera
974 2277 1013 2304 Do

1082 2277 1152 2314 ψησὲ
1181 2288 1209 2304 σε
1232 2277 1250 2312 ἠ
1274 2277 1350 2315 ψυχή
1377 2286 1438 2313 μου·
1466 2288 1480 2303 »ι
1497 2275 1637 2315 διάφαυμα
1652 2275 1690 2303 δι·
1718 2288 1732 2302 ιι
1749 2275 1908 2314 Εύλογεττι,

203 2316 286 2350 mini,
300 2316 420 2345 Domino
431 2318 462 2345 ⁷ο.
477 2328 488 2342 ι
501 2329 558 2343 -ιι
571 2318 669 2347 Gloria
679 2319 709 2347 in
721 2319 844 2348 excelsis
859 2320 929 2353 Deo,
954 2323 982 2348 et
997 2321 1017 2349 ir

1083 2320 1168 2348 πάντα
1186 2320 1220 2348 τὰ
1243 2319 1307 2359 ἔργα
1333 2320 1443 2358 Κυρίου,
1469 2319 1515 2348 τὸν
1532 2319 1641 2358 Κύριον.
1659 2319 1727 2356 Δόξα
1741 2319 1767 2348 ἐν
1784 2319 1909 2357 ὑψίστοις

201 2363 279 2388 terra
294 2369 361 2397 pax,
376 2361 406 2389 in
422 2361 593 2390 hominibus
609 2363 836 2399 beneplacitum.
863 2364 1028 2394 Laudamus

201 2407 240 2439 te,
257 2405 458 2434 henedicimus
469 2408 508 2440 te,
525 2407 684 2435 adoramus
698 2409 728 2436 te
742 2408 774 2442 ⁷⁷,
793 2419 808 2434 »
820 2410 874 2436 etc.

236 2494 281 2522 21.
294 2494 470 2524 Charitatem
482 2499 593 2533 autem,
604 2505 667 2533 qua)
676 2497 809 2526 omnium
829 2499 957 2527 maxima
971 2501 1026 2533 est,

205 2540 522 2574 custodiamus.Nam,u
536 2541 655 2578 Diliges,
665 2553 679 2566 ιι
688 2543 755 2577 ait,«
765 2542 923 2571 Dominum
936 2546 1027 2572 Deum

202 2584 286 2611 tuum
298 2591 333 2612 ex
348 2587 408 2612 toto
421 2586 507 2613 corde
522 2588 583 2619 tuo,
599 2589 628 2614 et
643 2594 677 2614 ex
692 2589 754 2615 tota
767 2587 874 2616 virtute
888 2590 939 2616 tua
954 2590 983 2617 et
992 2596 1027 2617 ex

200 2627 262 2655 tota
276 2628 375 2656 anima
388 2630 449 2663 tua,
479 2631 507 2657 et
536 2630 701 2666 proximum
731 2633 816 2660 tuum
846 2632 924 2661 sicut
952 2633 1026 2670 teip-

1082 2367 1152 2401 Θεῷ,
1176 2364 1221 2392 καὶ
1239 2364 1283 2392 ἐπὶ
1305 2365 1356 2402 γῆς
1449 2364 1557 2402 ιῗρήνη,
1572 2363 1599 2392 ἄν
1615 2365 1770 2403 ἀνθρώποις
1785 2363 1906 2393 εὐδοκία.

1081 2409 1233 2446 ’Υμνοῦμὲν
1249 2419 1288 2445 σε,
1305 2408 1471 2447 ιύλογοῦμὲν
1487 2419 1527 2445 σε,
1540 2407 1745 2446 προσκυνοῦμιν
1758 2419 1797 2445 σε,
1822 2421 1837 2435 n
1861 2408 1908 2437 καί

1080 2453 1115 2481 τᾶ
1129 2454 1202 2489 ἑξῆς.

1115 2498 1229 2533 21.Τήν
1260 2496 1290 2526 δὲ
1318 2497 1426 2536 ἀγάπην
1455 2497 1626 2537 φυλάξωμεν,
1643 2499 1693 2533 τὴν
1708 2498 1816 2526 πάντων
1848 2497 1910 2535 μιί-

1083 2546 1156 2578 ζονα.
1187 2554 1202 2569 ‹‹
1228 2542 1390 2581 Ἀγαπήσεις
1414 2554 1428 2569 n
1453 2543 1517 2581 1&9,
1541 2543 1620 2582 φησὶ,
1636 2555 1650 2569 ‹‹
1667 2543 1765 2581 Κύριον
1782 2542 1827 2571 τὸν
1843 2542 1909 2571 θιόν

1082 2598 1129 2615 σου
1159 2588 1214 2624 (51)
1238 2587 1263 2623 ἐξ
1290 2586 1360 2622 ὅλης
1386 2588 1435 2621 τῆς
1463 2585 1575 2625 καρδίας
1599 2597 1658 2619 σου,
1671 2586 1716 2615 καὶ
1732 2587 1757 2624 ἐξ
1774 2586 1844 2623 ὅλης
1855 2590 1909 2622 τῆς

1082 2631 1176 2670 ἰσχύος
1190 2643 1248 2666 σου,
1264 2632 1308 2660 καὶ
1324 2631 1350 2667 ἐξ
1365 2631 1435 2667 ὅλης
1448 2635 1500 2666 τῆς
1514 2633 1607 2670 ψυχῆς
1622 2642 1681 2668 σου,
1697 2632 1742 2660 καὶ
1764 2632 1809 2660 τὸν
1830 2630 1906 2667 πλη-

233 2701 256 2719 ⁷³
272 2702 336 2731 Psal
355 2724 362 2730 .
387 2712 493 2738 cxvm,
523 2705 574 2732 137
591 2726 598 2733 .
629 2706 652 2723 ⁷⁵
678 2706 750 2735 ibid.
778 2707 823 2735 62.
862 2708 884 2726 ⁷⁵
899 2708 966 2737 Psal
983 2730 990 2736 .
1015 2718 1017 2736 λ

1074 2729 1082 2743 ,
1096 2710 1125 2738 2.
1162 2708 1185 2726 ⁷⁸
1201 2709 1261 2737 Dan
1279 2729 1285 2737 .
1315 2716 1348 2737 ιιι
1360 2729 1369 2744 ,
1383 2708 1428 2737 57.
1466 2708 1488 2726 ⁷⁷
1499 2710 1567 2736 Luc.
1593 2716 1614 2736 ιι
1629 2729 1639 2741 ,
1651 2708 1684 2736 14
1700 2716 1707 2742 ;
1723 2707 1807 2737 Cant.
1822 2707 1901 2736 Eccl.

194 2779 288 2851 ἒξ
303 2781 472 2811 Basiliensis
486 2785 515 2811 et
530 2782 653 2820 Anglic.,
672 2782 697 2811 ἂν
715 2783 837 2821 ὑψίστοις
854 2787 912 2822 Θεῷ
926 2785 970 2814 καὶ
985 2785 1020 2814 τὰ

1109 2787 1165 2822 (51)
1179 2785 1369 2823 Anglicanus,
1386 2785 1551 2824 Ἀγαπήσεις
1567 2785 1665 2823 Κύριον
1678 2784 1723 2813 τὸν
1740 2784 1817 2813 Θεόν.
