4136 6218
188 6 649 61 ’να-νῖκος

321 358 443 420 377
1702 360 1800 421 DE
1846 361 2375 424 VIBGlNlTA'l‘E.
3614 360 3732 421 278

326 489 440 544 σίον
500 510 618 561 σου,
670 487 745 550 ὡς
792 487 999 545 ἑαυτόν.
1054 489 1139 544 Ἐν
1188 487 1407 550 ταύταις
1450 494 1569 551 ταῖς
1618 487 1787 559 δυσίν,
1822 492 1971 545 ὶντο-

2090 512 2245 550 sum.
2308 494 2365 550 In
2420 495 2510 550 his
2552 495 2779 550 duobus
2837 492 3130 549 mandatis
3152 496 3271 547 tota
3300 491 3390 547 lex
3423 494 3629 562 pendet
3677 499 3732 548 et

325 576 453 639 λαῖς
503 577 635 639 ὅλος
687 576 718 632 ὖ
761 576 932 650 νόμος
981 578 1071 632 καὶ
1105 578 1155 632 οἳ
1185 584 1462 655 προφῆται
1493 580 1817 654 κράμανται.
1852 605 1880 632 ››
1914 582 1974 639 Ὀ

326 667 457 728 Θεὸς
513 665 694 741 ἀγάπη
755 666 888 738 ἐστὶ,
939 666 1029 721 καὶ
1076 665 1232 728 αὐτὸς
1296 671 1514 742 πρῶτος
1575 666 1825 743 ἠγάπησε
1882 668 1972 723 τὸν

326 757 638 831 ἄνθρωπον,
687 755 776 810 καὶ
826 756 1011 812 ἑαυτὸν
1062 753 1369 829 παρέδωκεν
1447 755 1578 832 ὑπὲρ
1645 759 1830 828 ἡμῶν,
1884 755 1976 813 ⁸’ίνα

324 846 474 917 ἡμᾶς
526 843 875 920 λυτρώσηται
932 843 1040 899 ἆ.πό
1086 844 1264 914 πάσης
1294 844 1547 917 ἀνομίας.
1591 844 1653 898 Εἰ
1690 843 1779 898 οῦν
1813 844 1972 907 αὐτὸς

324 933 354 987 ὁ
404 933 601 1008 Κύριος
649 933 905 988 ἀπέθανεν
961 932 1092 1004 ὑπὲρ
1140 936 1325 1005 ἡμῶν,
1386 934 1477 986 καὶ
1532 936 1697 1005 ἡμεῖς
1755 932 1976 1010 ὀφείλο-

327 1044 424 1094 μεν
457 1023 589 1094 ὑπὲρ
614 1021 881 1093 ἀλλήλων
911 1022 1006 1084 τὰς
1056 1022 1236 1096 ψυχὰς
1281 1024 1440 1094 ἡμῶν
1493 1023 1682 1077 θεῖναι.
1727 1025 1787 1079 Ὀ
1846 1024 1976 1085 Θεὸς

320 1110 503 1187 ἀγάπη
559 1110 694 1184 εστὶ,
744 1110 832 1165 καὶ
889 1112 916 1166 ὀ
969 1109 1112 1186 ἔχων
1159 1112 1257 1179 τήν
1291 1110 1501 1187 ἀγάπην
1528 1112 1618 1165 τὸν
1650 1112 1777 1166 Θεὸν
1837 1105 1974 1187 ἔχει.

319 1200 499 1261 Αὐτὸς
545 1200 648 1275 γάρ
706 1197 941 1275 εἴρηκεν·
996 1224 1023 1251 α
1073 1200 1159 1254 Ἐν
1207 1198 1385 1272 τούτῳ
1428 1200 1726 1275 γνώσονται
1759 1199 1974 1271 πάντες,

318 1288 407 1343 ὅτι
454 1288 584 1360 έμοί
635 1288 872 1361 μαθηταί
918 1287 1056 1357 έστε,
1105 1287 1192 1343 ἐὰν
1237 1288 1454 1362 ἀγάπην
1493 1284 1660 1363 ἔχητε
1691 1288 1742 1341 έν
1796 1286 1978 1358 ἀλλή-

319 1376 441 1439 λοις
490 1379 626 1451 (52).
679 1400 707 1429 »ι
755 1380 926 1434 Ὅσον
971 1377 1071 1453 γὰρ
1122 1376 1209 1432 ἰὰν
1260 1379 1497 1451 κοπιάσῃ
1541 1375 1844 1453 ἄνθρωπος,
1885 1390 1977 1443 καὶ

323 1468 402 1541 μὴ
436 1465 539 1542 ἔχῃ
579 1467 681 1535 τῆν
715 1466 929 1542 ἀγάπην
963 1466 1039 1527 εἰς
1069 1468 1157 1521 τὸν
1186 1464 1448 1539 πλησίον,
1501 1465 1576 1528 εἷς
1630 1468 1803 1539 μάτην
1854 1465 1975 1521 ἐκο-

318 1555 528 1612 πίασεν.
579 1553 735 1610 Οὕτω
793 1552 851 1610 δὲ
909 1552 1096 1627 δείξεις
1151 1557 1249 1624 τήν
1295 1556 1507 1632 ἀγάπην
1560 1555 1636 1618 εἷς
1684 1556 1776 1610 τὸν
1837 1554 1979 1625 πλη-

317 1644 458 1715 σίον,
520 1644 582 1699 οῦ
634 1644 784 1719 λόγῳ
833 1644 1022 1717 μόνον,
1065 1642 1211 1699 ἀλλὰ
1265 1645 1354 1699 καὶ
1388 1642 1552 1721 ἔργῳ.
1583 1644 1660 1703 Οὐ
1688 1648 1974 1721 κρατήσεις

317 1733 509 1789 κακίαν
553 1734 703 1794 τινὸς
752 1732 830 1795 εἷς
874 1734 974 1802 τήν
1023 1731 1242 1807 καρδίαν
1287 1753 1402 1787 σου·
1438 1734 1483 1789 εί
1516 1732 1574 1788 δὲ
1629 1736 1704 1807 μή
1736 1755 1816 1811 γε,
1877 1734 1976 1789 οὐκ

314 1822 633 1899 ἀνέρχεται,
688 1824 724 1892 ἡ
783 1821 920 1897 εὐχή
980 1843 1075 1877 σου
1122 1823 1328 1898 καθαρὰ
1369 1823 1507 1897 πρὸς
1557 1822 1646 1879 τὸν
1676 1822 1803 1877 Θεόν
1837 1824 1973 1896 (53)·

324 1936 347 1963 ε
403 1910 520 1968 Οὐκ
565 1908 871 1965 ἐπιδόσεται
921 1911 1026 1985 γὰρ
1070 1911 1098 1964 ὁ
1147 1907 1308 1979 ἥλιος
1372 1909 1460 1964 ἐπὶ
1508 1912 1589 1983 τῷ
1619 1911 1978 1987 παροργίσμῷ

324 2000 502 2073 ὑμῶν,
540 2023 571 2052 n
628 1999 915 2075 Πραότητα
946 1994 1059 2075 ἔχε,
1087 2000 1370 2071 ὑπομονὴν
1404 1998 1517 2076 ἔχε,
1580 2000 1976 2076 μακροθυμίαν,

321 2088 659 2160 νηπιότητα.
691 2089 846 2163 Λέγει
877 2088 981 2163 γὰρ
1009 2089 1037 2143 ὁ
1069 2088 1281 2159 Κύριος·
1318 2113 1345 2141 α
1380 2090 1501 2143 Ἐὰν
1547 2091 1623 2163 μὴ
1683 2092 1974 2168 στραφῆτε,

320 2177 413 2233 καὶ
443 2179 678 2253 γένησθε
706 2178 781 2240 ὡς
812 2178 879 2231 τὰ
908 2174 1115 2249 παιδία,
1149 2176 1210 2232 οὐ
1246 2177 1322 2251 μὴ
1354 2176 1635 2249 εἰσέλθητε
1663 2177 1738 2242 είς
1759 2180 1859 2248 τὴν
1888 2179 1978 2255 βα-

321 2264 531 2321 σιλείαν
563 2270 669 2320 τῶν
704 2265 970 2342 οὐρανῶν.
1004 2289 1034 2318 ››

395 2360 484 2413 22.
521 2354 595 2408 Οὐ
648 2357 725 2428 μὴ
776 2356 1074 2429 λυπηθήσῃ
1130 2354 1381 2430 χαλεποῦ
1409 2376 1556 2418 τινος
1584 2351 1978 2430 συμϐαίνοντός

316 2465 426 2515 σοι,
460 2442 585 2499 οὔτε
633 2442 721 2497 ἐπὶ
775 2442 948 2516 ζημίᾳ
996 2445 1288 2519 λυπηθήσῃ
1343 2447 1477 2518 (54),
1531 2444 1654 2501 οὔτε
1683 2445 1770 2501 ἐπὶ
1802 2442 1975 2521 ὕϐρει⁸

321 2557 352 2583 α
403 2534 465 2588 Ἠ
514 2532 665 2603 λύπη
714 2535 819 2609 γὰρ
856 2537 952 2587 τοῦ
982 2528 1199 2606 κόσμου
1227 2534 1423 2589 τούτου
1456 2534 1675 2598 θάνατον
1707 2536 1978 2612 κατεργά-

318 2627 491 2691 ζεται.
528 2644 557 2671 ››
603 2621 763 2695 ’Υπὲρ
809 2625 920 2676 τῶν
972 2623 1248 2697 ἁμαρτιῶν
1299 2644 1395 2678 σου
1447 2623 1606 2696 μόνον
1658 2622 1976 2699 λυπηθήσῃ,

319 2712 455 2786 ὑπὲρ
511 2709 690 2766 ἄλλου
738 2708 795 2766 δὲ
832 2713 1153 2787 πράγματος
1189 2720 1389 2787 μικροῦ
1440 2714 1501 2769 οὐ
1535 2714 1847 2789 λυπηθήσῃ.
1883 2717 1974 2784 Μὴ

318 2800 543 2875 ὀψώσῃς
596 2802 693 2870 τὴν
746 2803 933 2878 φωνήν
984 2823 1080 2856 σου
1132 2802 1458 2879 ὀργιζομένη
1509 2804 1646 2878 πρός
1676 2823 1814 2859 τινα’
1849 2802 1974 2859 δού-

321 2887 427 2959 λην
480 2891 587 2964 γὰρ
656 2890 853 2966 Κυρίου
903 2890 965 2945 οὗ
1018 2889 1100 2946 δεῖ
1149 2894 1435 2968 μάχεσθαι·
1490 2892 1606 2950 Οὐκ
1646 2891 1975 2963 ἐξελεύσεται

320 2980 529 3054 κατάρα
577 2977 637 3032 ἐκ
674 2983 772 3033 τοῦ
820 2978 1089 3053 στόματός
1136 3002 1251 3049 σου,
1304 2981 1411 3057 οὐχ
1436 2977 1613 3057 ὕϐρις,
1646 2981 1709 3037 οὗ
1738 2980 1979 3037 κακολο-

318 3067 431 3144 γία.
496 3067 576 3124 Τὸ
634 3066 809 3140 στόμα
866 3089 961 3123 σου
1009 3070 1110 3145 γὰρ
1163 3071 1515 3144 ἠγιασμένον¹
1549 3070 1691 3125 ἐστὶν
1751 3069 1803 3126 έν
1860 3077 1978 3135 τοῖς

320 3155 515 3229 θμνοις
563 3156 656 3210 καὶ
709 3153 1048 3233 δοεολογίαις
1092 3163 1191 3213 τοῦ
1221 3163 1375 3215 Θεοῦ.
1410 3158 1521 3215 Οὐκ
1549 3156 1659 3214 ἔστι
1691 3158 1858 3215 καλὸν
1912 3161 1975 3216 τὸ

2087 584 2475 655 prophetas".
2515 606 2534 633 ι
2600 584 2752 640 Deus
2810 583 3066 639 charitas
3115 586 3221 649 est,
3276 585 3334 636 et
3393 581 3518 651 ipse
3577 583 3735 651 prior

2087 672 2289 728 dilexit
2319 672 2638 743 hominem,
2683 690 2748 729 ac
2781 690 2842 728 se
2886 673 3011 743 ipse
3041 670 3281 727 tradidit
3310 687 3412 741 pro
3447 671 3633 733 nobis,
3669 675 3733 724 ut

2086 779 2191 816 nos
2230 762 2501 818 liberaret
2531 764 2600 817 ad
2635 762 2793 818 omni
2827 761 3156 832 iniquitate.
3189 759 3247 815 Si
3280 759 3458 831 igitur
3480 760 3603 830 ipse
3637 765 3735 813 Do-

2087 853 2284 906 minus
2316 867 2418 922 pro
2450 852 2616 907 nobis
2649 857 2917 906 mortuus
2949 855 3055 917 est,
3088 854 3145 904 et
3174 848 3287 920 ipsi
3346 866 3446 918 pro
3481 848 3609 902 aliis
3633 850 3737 903 de-

2087 940 2292 996 bemus
2342 940 2568 995 animas
2628 946 2858 995 nostras
2890 955 3119 1011 ponere.
3158 943 3309 992 Deus
3340 939 3593 991 Charitas
3625 942 3732 1003 est,

2085 1032 2142 1085 et
2170 1028 2268 1099 qui
2302 1028 2475 1084 habet
2503 1028 2867 1094 charitatem,
2893 1032 3071 1082 Deum
3105 1027 3297 1082 habet.
3322 1027 3449 1097 Ipse
3484 1042 3739 1096 namque

2086 1117 2267 1173 dixit:
2306 1140 2333 1166 ‹‹
2365 1117 2428 1172 In
2463 1118 2567 1172 hoc
2598 1122 2947 1187 cognoscent
2993 1132 3200 1171 omnes
3259 1117 3405 1185 quod
3460 1115 3735 1185 discipuli

2087 1204 2200 1260 mei
2232 1205 2453 1270 estis,si
2484 1205 2852 1260 dilectionem
2886 1204 3209 1260 habueritis
3240 1203 3310 1257 ad
3344 1203 3589 1256 invicem
3615 1206 3677 1256 79.
3710 1226 3730 1251 υ

2088 1297 2618 1366 Quantumcunque
2646 1294 2801 1348 enim
2821 1291 3168 1348 laboraverit
3200 1292 3448 1357 homo,si
3476 1292 3734 1346 dilectio-

2088 1400 2219 1439 nem
2254 1401 2367 1437 non
2386 1384 2595 1439 habeat
2612 1399 2747 1454 erga
2763 1382 3342 1454 proximum,frustra
3368 1381 3733 1434 laboraverit.

2088 1474 2174 1528 Ita
2204 1473 2479 1527 ostendas
2505 1472 2874 1527 dilectionem
2908 1488 3046 1542 erga
3066 1470 3541 1541 proximum,non
3565 1472 3739 1524 verbo

2086 1567 2336 1629 tantum,
2370 1562 2471 1616 sed
2520 1561 2692 1615 etiam
2744 1577 2936 1631 opere.
2988 1560 3112 1614 Non
3150 1549 3426 1614 retinebis
3458 1560 3738 1612 oil‘ensam

2086 1651 2337 1721 alicujus
2367 1651 2426 1704 in
2461 1650 2631 1706 corde
2652 1648 3037 1719 tuo,alioquin
3057 1650 3309 1720 precatio
3332 1652 3434 1702 tua
3465 1649 3531 1700 ad
3560 1655 3739 1701 lieum

2088 1756 2235 1811 pura
2256 1757 2368 1795 non
2430 1740 2726 1794 ascendet.
2753 1760 2780 1788 «
2812 1738 2939 1792 Non
2967 1736 3192 1792 occidet
3248 1737 3401 1790 enim
3452 1737 3534 1789 sol
3566 1753 3743 1807 super

2087 1828 2452 1883 iracundiam
2502 1832 2755 1883 vestram
2790 1827 2902 1882 8°.»
2949 1824 3478 1891 Mansuetudinem,
3516 1824 3737 1894 patien-

2088 1918 2250 1987 tiam,
2282 1917 2651 1971 tolerantiam
2694 1921 2750 1970 et
2770 1914 3210 1984 simplicitatem
3244 1914 3497 1968 infantiae
3532 1913 3733 1967 retine.

2087 2006 2182 2061 Ait
2209 2006 2425 2078 quippe
2456 2005 2777 2060 Dominus:
2815 2027 2841 2052 «ι
2874 2003 2998 2057 Nisi
3055 2002 3495 2066 convertamini,
3533 2008 3587 2055 et
3618 2003 3737 2055 efﬁ-

2087 2094 2324 2152 ciamini
2346 2095 2497 2150 sicut
2523 2091 2768 2166 parvuli,
2794 2108 2909 2147 non
2942 2090 3236 2146 intrabitis
3268 2090 3324 2145 in
3359 2108 3599 2161 regnum
3626 2108 3736 2146 cm-

2086 2182 2277 2239 lorum
2297 2184 2365 2239 ⁸¹.
2400 2204 2428 2232 ››

2158 2364 2246 2417 ‘22.
2269 2360 2351 2417 Ne
2382 2360 2726 2416 contristere
2755 2359 2804 2414 si
2837 2357 2977 2430 quid
3012 2359 3327 2414 adversum
3356 2359 3582 2411 accidat
3616 2359 3746 2426 tibi,

2088 2468 2276 2523 neque
2307 2451 2377 2506 de
2422 2453 2659 2521 accepto
2707 2449 2924 2504 damno
2979 2447 3066 2503 vel
3110 2448 3463 2503 contumelia
3497 2447 3694 2501 doleas
3730 2452 3743 2489 ε

2087 2564 2114 2591 ‹‹
2150 2540 2413 2595 Tristitia
2438 2538 2593 2594 enim
2617 2538 2797 2608 hujus
2829 2534 3599 2607 mundi,mortemoperatur
3621 2539 3685 2589 κλ.
3718 2558 3744 2585 ››

2092 2635 2166 2684 De
2195 2627 2312 2683 tuis
2342 2627 2535 2684 solum
2589 2624 2840 2695 peccatis
2888 2623 3123 2680 doleas:
3182 2624 3254 2678 de
3312 2624 3425 2679 alia
3477 2642 3534 2678 re
3582 2612 3745 2694 parvi

2087 2717 2369 2773 momenti
2420 2732 2491 2771 ne
2523 2714 2887 2771 contristere.
2920 2712 3003 2769 Ne
3032 2711 3267 2767 attollas
3296 2729 3492 2766 vocem
3544 2715 3599 2765 in
3638 2714 3742 2765 ali-

2086 2822 2261 2878 quem
2293 2823 2407 2878 prae
2438 2804 2783 2869 iracundia;
2820 2800 3091 2857 ancillam
3126 2800 3341 2873 quippe
3377 2802 3596 2855 Domini
3627 2819 3740 2856 non

2086 2898 2249 2953 decet
2278 2894 2755 2965 disceptare.Non
2780 2891 2959 2947 exibit
2991 2892 3060 2945 de
3091 2906 3190 2946 ore
3210 2894 3310 2946 tuo
3335 2891 3741 2957 maledictum,

2088 3004 2200 3042 non
2233 2982 2607 3050 contumelia,
2640 2998 2752 3037 non
2813 2980 3176 3036 obtrectatio.
3225 2978 3302 3034 Os
3359 2981 3511 3033 enim
3572 2983 3741 3035 tuum

2087 3073 2516 3131 sanctificatum
2545 3075 2633 3128 est
2672 3070 2908 3143 hymnis
2939 3073 2997 3123 et
3025 3066 3301 3124 laudibus
3331 3067 3451 3123 Dei.
3490 3067 3594 3120 Par
3624 3085 3739 3123 non

2087 3169 2176 3220 est
2203 3164 2306 3219 94
2338 3160 2568 3234 prodire
2599 3165 2654 3215 te
2686 3159 2909 3230 absque
2940 3173 3154 3228 magna
3183 3156 3550 3211 necessitate.
3571 3157 3740 3219 Quie-

320 3245 696 3321 προέρχεσθαί
726 3266 783 3300 σε
812 3231 989 3322 χωρὶς
1021 3245 1269 3322 μεγάλης
1299 3246 1559 3323 ἀνάγκης.
1590 3250 1697 3318 Τήν
1738 3248 1971 3325 ἡσυχίαν

2087 3258 2204 3309 tem
2239 3231 2373 3308 ama
2429 3253 2718 3320 quantum
2752 3252 2932 3319 potes.
2963 3247 3274 3302 Servorum
3306 3245 3404 3301 Dei
3466 3262 3535 3299 ne
3594 3245 3743 3299 obli-

317 3333 505 3409 ἀγάπα
552 3333 679 3389 ὅσον
727 3332 966 3392 δύνασαι.
1017 3340 1130 3388 Τῶν
1166 3333 1379 3390 δούλων
1428 3340 1525 3390 τοῦ
1554 3342 1689 3393 Θεοῦ
1723 3340 1798 3411 μὴ
1857 3338 1973 3393 έπι-

319 3421 482 3497 λάθῃ,
541 3421 685 3496 μηδὶ
738 3421 1230 3502 ἀπαλειφθήτωσαν
1299 3425 1360 3480 έκ
1424 3432 1524 3494 τῆς
1580 3425 1803 3502 καρδίας
1853 3448 1971 3484 σου.

319 3512 441 3568 Ἐάν
507 3513 662 3587 ἅγιος
721 3509 853 3586 ἔλθῃ
910 3513 985 3574 είς
1037 3514 1136 3583 τὴν
1197 3512 1372 3568 οἰκίαν
1430 3535 1549 3580 σου,
1590 3513 1762 3577 οὕτως
1816 3515 1974 3573 αὐτὸν

319 3598 633 3675 πρόσδεξαι,
681 3600 755 3662 ὡς
800 3601 891 3656 τὸν
941 3602 1061 3657 Υἱὸν
1109 3606 1207 3658 τοῦ
1236 3605 1389 3659 Θεοῦ·
1443 3602 1593 3678 λέγει
1643 3605 1747 3679 γὰρ
1804 3605 1833 3660 ὁ
1864 3603 1969 3660 Κό-

322 3711 439 3766 ριος
490 3692 654 3762 ἡμῶν
714 3694 926 3762 Ἰησοῦς
983 3690 1235 3767 Χριστός·
1302 3713 1325 3743 ε
1382 3693 1444 3748 Ὁ
1474 3688 1773 3768 δεχόμενος
1830 3694 1971 3767 ὑμᾶς

321 3780 418 3854 ἐμὲ
478 3778 722 3856 δέχεται.
781 3804 812 3831 ››
866 3782 990 3838 Ἐάν
1046 3780 1259 3856 εἰσέλθῃ
1316 3782 1452 3859 ἀνὴρ
1511 3779 1714 3843 δίκαιος
1744 3782 1821 3844 είς
1875 3783 1969 3838 τὸν

321 3869 473 3924 οἶκόν
504 3890 621 3941 σου,
657 3869 793 3943 μετᾶ
822 3864 994 3947 φόϐου
1025 3869 1114 3925 καὶ
1160 3870 1372 3947 τρόμου
1417 3870 1742 3942 ἀπαντήσεις
1802 3872 1968 3946 αὐτῷ,

318 3959 409 4015 καὶ
480 3960 878 4035 προσκυνήσεις
954 3956 1182 4014 ἐνώπιον
1252 3963 1360 4014 τῶν
1417 3957 1601 4016 ποδῶν
1656 3960 1821 4016 αὐτοῦ
1880 3960 1968 4017 ἰπὶ

316 4050 418 4117 τήν
461 4054 591 4123 γῆν.
624 4047 705 4105 Οὐ
734 4049 838 4123 γὰρ
868 4047 1027 4103 αὐτὸν
1059 4050 1473 4124 προσκυνήσεις,
1515 4048 1661 4104 ἀλλὰ
1704 4051 1795 4105 τὸν
1836 4051 1965 4107 Θεὸν

316 4139 406 4193 τὸν
461 4136 861 4192 ἀποστείλαντα
907 4136 1089 4194 αὐτὸν.
1131 4139 1295 4212 Avi-im
1342 4135 1399 4193 δέ
1443 4136 1613 4214 ὕδωρ,
1659 4139 1750 4193 καὶ
1792 4140 1967 4215 νίψεις

316 4226 441 4289 τοὺς
496 4223 671 4288 πόδας
718 4225 904 4296 αὐτοῦ,
952 4226 1040 4282 καὶ
1094 4228 1228 4300 μετὰ
1268 4226 1445 4298 πάσης
1470 4223 1773 4302 εὐλαϐείας,
1807 4228 1967 4284 ἀκού-

317 4337 424 4379 σεις
477 4336 588 4371 των
636 4313 821 4390 λόγων
858 4314 1043 4373 αὐτοῦ.
1103 4315 1177 4371 Οὔ
1208 4316 1285 4390 μὴ
1315 4315 1586 4393 θαῤῥήσῃς
1644 4316 1731 4372 ἐπὶ
1761 4321 1828 4391 τῇ
1863 4339 1969 4372 σω-

319 4405 559 4483 φροσύνῃ
619 4426 738 4476 σου,
790 4403 883 4458 ’ίνα
942 4406 1017 4478 μὴ
1075 4403 1259 4479 πέσῃςο
1294 4404 1441 4461 ἀλλὰ
1482 4401 1674 4480 φοϐοῦ·
1705 4406 1784 4483 ἐφ’
1840 4405 1963 4461 ὅσον

317 4497 414 4570 γίρ
473 4490 645 4574 φοϐῇ,
705 4491 962 4549 οὐδεποτε
1020 4493 1255 4556 πίπτεις.
1314 4496 1583 4570 Συμφέρει
1766 4496 1965 4571 ἐγκρα-

2081 3342 2325 3404 viscere,
2380 3355 2570 3410 neque
2619 3337 2925 3392 deleantur
2952 3335 3036 3390 illi
3092 3351 3161 3391 ex
3191 3336 3363 3390 corde
3397 3342 3517 3389 tuo.
3561 3336 3613 3388 Si
3658 3335 3744 3389 vir

2083 3436 2326 3486 sanctus
2355 3430 2580 3484 venerit
2611 3426 2670 3481 in
2696 3427 2933 3481 domum
2958 3429 3143 3493 tuam,
3178 3423 3515 3494 itaexcipito
3552 3423 3741 3490 illum,

2083 3518 2253 3593 quasi
2284 3518 2495 3574 Filium
2529 3516 2627 3573 Dei
2655 3532 2670 3583 ;
2704 3515 2785 3571 ait
2815 3516 2971 3572 enim
3020 3513 3302 3569 Dominus
3336 3518 3536 3567 noster
3566 3514 3740 3569 Jesus

2081 3610 2386 3665 Christus:
2421 3629 2448 3657 «
2482 3606 2589 3671 Qui
2640 3621 2743 3661 vos
2767 3602 3037 3675 suscipit,
3078 3619 3173 3658 me
3230 3602 3477 3671 suscipit
3511 3601 3579 3656 ⁸³.
3622 3625 3648 3650 ››
3680 3602 3737 3657 Si

2081 3700 2383 3771 ingressus
2414 3696 2588 3751 fuerit
2614 3694 2703 3750 vir
2742 3694 2948 3765 justus
3000 3692 3061 3746 in
3108 3691 3347 3746 domum
3379 3696 3563 3754 tuam,
3600 3705 3735 3745 cum

2079 3788 2287 3842 timore
2332 3790 2389 3839 et
2418 3790 2669 3839 tremore
2700 3797 2969 3837 occurres
2999 3780 3133 3852 ipsi,
3181 3783 3239 3834 et
3270 3781 3534 3849 procitles
3570 3780 3737 3832 humi

2079 3877 2151 3932 ad
2180 3877 2355 3947 pedes
2376 3875 2504 3944 ejus
2520 3869 3051 3942 adorans(55).Ncn
3081 3866 3415 3922 enimillum
3443 3868 3731 3919 adorabis:

2078 3966 2177 4021 sed
2215 3965 2394 4021 Deum
2426 3962 2524 4034 qui
2558 3960 2716 4016 misit
2766 3959 2983 4030 ipsum.
3020 3963 3189 4027 Aqua
3221 3963 3475 4026 accepta,
3511 3954 3730 4009 lavabis

2078 4055 2253 4127 pedes
2285 4054 2499 4124 ejus,et
2529 4065 2663 4104 cum
2697 4046 2856 4104 omni
2888 4044 3211 4101 reverentia
3232 4044 3409 4099 verba
3440 4044 3594 4098 illius
3626 4061 3727 4097 au-

2077 4144 2222 4198 dies.
2281 4140 2405 4195 Non
2439 4138 2697 4195 confidas
2720 4137 2779 4191 in
2811 4140 2913 4191 tua
2941 4134 3231 4197 castitate,
3282 4150 3352 4188 ne
3380 4134 3553 4187 cadas
3581 4152 3592 4199 ;
3628 4135 3726 4188 sed

2077 4232 2253 4287 timo:
2284 4232 2499 4301 quanto
2529 4232 2791 4296 tempore
2842 4222 3078 4279 timebis
3126 4238 3243 4277 non
3304 4223 3587 4291 peccabis.
3624 4224 3726 4276 Ex-

2076 4320 2235 4392 pedit
2255 4318 2646 4374 continentem
2678 4329 2943 4370 seorsum
2975 4327 3185 4383 panem
3208 4327 3381 4367 suum
3407 4312 3725 4366 comedere.

2076 4407 2135 4463 Si
2159 4407 2381 4463 sederis
2411 4406 2481 4460 ad
2512 4419 2770 4458 mensam
2804 4418 2938 4457 cum
2960 4399 3309 4472 virginibus,
3336 4402 3404 4453 de
3436 4400 3579 4453 cibis
3603 4417 3726 4453 om-

2075 4497 2251 4551 nibus
2276 4493 2589 4567 propositis
2647 4492 2917 4547 comedes
2965 4506 3099 4545 cum
3150 4487 3287 4543 illis.
3332 4489 3471 4541 Nam
3509 4489 3554 4540 si
3612 4506 3723 4543 non

320 4584 583 4657 τευομὲνῃ
636 4582 943 4658 καταμόνας
982 4584 1073 4639 τὸν
1130 4585 1324 4653 ἑαυτῆς
1384 4580 1542 4660 ἄρτον
1578 4584 1791 4641 ἐσθίειν.
1843 4586 1963 4640 Ἐάν

2083 4585 2416 4652 comederis,
2444 4582 2711 4637 videbere
2760 4579 2893 4634 illas
2923 4577 3275 4649 improbare.
3311 4577 3431 4630 Non
3469 4577 3723 4631 declara-

322 4673 542 4748 καθίσῃς
595 4674 731 4745 μετὰ
777 4673 1054 4749 παρθένων
1116 4670 1203 4728 έπὶ
1239 4672 1537 4748 τραπέζης,
1565 4677 1669 4727 πᾶν
1695 4671 1758 4728 τὸ
1790 4693 1962 4750 παρα-

323 4762 539 4835 θέμενον
600 4760 745 4826 ἶσοιε
804 4768 918 4835 μετ’
972 4762 1171 4819 αὐτῶν.
1225 4760 1345 4817 Ἐὰν
1382 4759 1485 4838 γὰρ
1518 4762 1594 4835 μὴ
1626 4760 1817 4839 φάγῃς,
1877 4763 1963 4817 εὖ·

325 4852 476 4925 ρίσκῃ
523 4851 601 4913 ὡς
656 4851 1044 4926 κατακρίνουσα
1098 4848 1279 4913 αὐτάς.
1340 4849 1451 4905 Οὐκ
1498 4849 1811 4926 ἀναηελεῖς
1864 4851 1965 4919 τὴν

324 4940 543 5010 ἂσκησίν
593 4961 715 4996 σου.
760 4940 883 4995 Ἐάν
938 4937 994 4994 δὶ
1036 4940 1125 4993 καὶ
1176 4940 1320 4994 οἶνον
1362 4938 1598 5007 πίνουσι,
1629 4938 1718 4993 καὶ
1749 4939 1811 4994 οὐ
1868 4938 1964 4994 πί-

2075 4675 2166 4730 bis
2196 4672 2421 4729 ascesin
2445 4688 2546 4727 seu
2579 4668 3049 4726 exercitationem
3079 4670 3264 4722 tuam.
3285 4664 3343 4719 Si
3378 4666 3574 4719 vinum
3610 4682 3723 4720 non

2074 4762 2243 4818 bibas
2272 4770 2326 4818 et
2374 4760 2575 4816 bibant
2602 4759 2763 4830 ipsae,
2827 4772 3034 4828 parum
3064 4755 3249 4809 bibito
3277 4769 3474 4809 earum
3512 4755 3721 4824 gratia.

2075 4853 2237 4918 Quod
2285 4851 2332 4906 si
2392 4849 2588 4905 adsint
2618 4863 2842 4919 magna:
2899 4861 3068 4913 anus,
3095 4847 3152 4899 et
3192 4842 3411 4915 largius
3444 4849 3496 4896 te
3530 4844 3724 4897 bibere

2076 4945 2305 5013 cogant,
2366 4955 2438 4994 ne
2468 4936 2673 4993 audias
2712 4934 2974 5000 illas,sed
3005 4932 3098 4987 dic
3118 4930 3272 4986 illis:
3305 4931 3420 4986 Vos
3447 4932 3503 4984 in
3538 4933 3723 4985 ascesi

384 5113 429 5149 τ’
458 5112 668 5170 Matth.
700 5129 839 5180 nu,
861 5113 952 5181 37,
985 5112 1076 5168 40.
1152 5113 1199 5148 ⁷⁸
1225 5111 1395 5168 Joan.
1428 5129 1553 5181 xm,
1585 5111 1675 5168 35.
1707 5113 1753 5149 ⁸ο
1783 5111 1971 5184 Ephes

2088 5153 2102 5181 ,
2131 5112 2225 5166 26.
2257 5110 2303 5146 ⁸³
2334 5107 2535 5165 Matth.
2565 5122 2725 5172 xvm,
2753 5106 2806 5159 3.
2860 5103 2907 5139 ⁸³
2959 5102 3009 5160 ΙΙ
3031 5101 3161 5157 Cor.
3192 5117 3291 5171 vn,
3328 5104 3411 5156 10.
3472 5102 3515 5135 ⁸³
3542 5102 3718 5155 Marc.

325 5201 401 5253 rx,
427 5186 514 5241 36.

409 5334 496 5405 52)
532 5332 871 5390 Basiliensis
897 5336 956 5390 et
981 5331 1234 5460 Vnglic.,
1266 5330 1354 5388 ἐὰν
1386 5329 1629 5408 ἀγαπᾶτε
1659 5330 1961 5405 ἀλλήλους,

410 5407 500 5460 53)
534 5407 595 5460 In
629 5404 810 5460 Basil.
842 5410 902 5460 et
953 5406 1080 5460 Ana
1104 5406 1177 5460 ic.
1210 5405 1334 5460 hmo
1379 5405 1516 5460 ποὸς
1544 5405 1635 5460 τὸν
1680 5404 1832 5460 Θεόν.
1864 5406 1961 5460 de-

410 5407 500 5479 53)
534 5407 595 5462 In
629 5404 810 5461 Basil.
842 5410 902 5461 et
953 5404 1177 5479 Anglic.
1210 5405 1334 5464 hac
1379 5404 1516 5479 πρὸς
1544 5405 1635 5460 τὸν
1680 5404 1833 5476 Θεόν,
1864 5404 1964 5463 de-

327 5484 508 5674 ἓξὲξ)
556 5548 653 5605 Sic
700 5562 909 5605 omnes
958 5564 1102 5605 mss.
1136 5548 1193 5603 in
1242 5548 1419 5605 editis
1469 5566 1626 5616 vero,
1674 5545 1966 5620 λυπηθήσῃ

372 5627 597 5766 In
627 5691 752 5749 hoc
804 5690 988 5749 verba
1015 5694 1180 5750 notat
1228 5690 1381 5750 Felc.
1420 5692 1576 5763 Quod
1625 5693 1718 5751 hic
1762 5694 1968 5750 mentio

2073 5341 2150 5388 est
2195 5331 2387 5387 domus
2436 5326 2671 5383 moniali
2715 5324 2976 5397 proprias,
3006 5322 3227 5397 ridetur
3263 5320 3320 5376 id
3368 5324 3595 5397 innucre
3624 5336 3725 5373 au-

2073 5413 2279 5460 ctorem
2310 5402 2457 5472 loqui
2486 5398 2551 5455 de
2576 5394 2773 5469 genere
2800 5396 3201 5472 monachorum
3235 5408 3360 5464 qua
3398 5408 3503 5445 non
3539 5394 3594 5444 in
3619 5406 3725 5446 cae-

2074 5476 2274 5540 nobiis,
2304 5468 2393 5527 sed
2422 5468 2708 5527 domiisuz
2755 5468 3575 5540 vivunt:observfantestanicn
3634 5479 3727 5516 re-

2073 5535 2775 5619 gulam-claustraliuniuia
2820 5544 2965 5619 uictu
2992 5547 3042 5619 ςι
3088 5539 3317 5619 amictu.
3358 5535 3506 5619 Quod
3542 5551 3724 5619 genus

2072 5606 2331 5703 frequens
2352 5616 2620 5700 videasjn
2661 5613 2955 5680 Walachia,
2988 5612 3184 5667 Riusiu
3213 5614 3264 5665 et
3290 5609 3502 5665 caeteris
3535 5606 3726 5661 Orien-

2076 5687 2277 5747 talibus
2303 5687 2626 5761 provimn'is.
