4372 6214
522 363 639 423 2⁵19

1711 360 1774 423 8.
1820 359 2344 423 ATHANASIUS.
2374 390 2453 407 -—
2480 360 2747 423 DUBIA.

3820 368 3946 430 280

522 516 627 554 seu
659 498 1072 556 exercitatione
1105 500 1289 556 multa
1311 501 1684 571 juventutem
1719 502 1968 554 vestram
1988 502 2176 553 trans-

2310 515 2402 567 νῃς,
2463 491 2541 549 δι’
2599 494 2759 558 αὑτὰς
2818 495 2909 552 πίε
2972 496 3182 576 ὀλίγον.
3245 501 3362 556 Ἐὰν
3423 499 3480 556 δέ
3537 501 3637 555 είσι
3701 501 3942 575 μεγάλαι

526 588 734 659 egistis
761 605 773 642 :
807 592 867 642 at
895 605 999 660 ego
1034 605 1101 641 ne
1133 590 1202 642 ad
1229 589 1483 660 primum
1509 588 1741 659 quidem
1768 592 2027 642 vestrum
2050 603 2179 655 gra-

528 679 667 731 dum
703 676 1133 747 perveni.Porro
1168 678 1236 732 de
1269 677 1661 749 hospitalitate
1686 680 1744 731 et
1772 675 2181 746 eleemosynis,

530 782 647 820 non
681 782 828 838 opus
858 771 944 821 est
969 770 1033 821 ut
1063 766 1452 823 admonearis.
1482 765 1543 821 Id
1569 766 1727 821 enim
1749 770 1811 820 tu
1844 768 2053 837 sponte
2082 768 2186 818 tua

533 855 731 910 facies.

2292 578 2661 658 πρεσϐύτιδες,
2721 586 2807 639 καὶ
2868 588 3204 663 ἀναγκάζωσί
3264 611 3320 644 σε
3366 596 3508 645 πιεῖν
3546 591 3821 661 περισσὸν,
3863 593 3939 662 μή

2294 672 2522 746 ἀκούσῃς
2582 674 2781 744 αὐτῶν,
2832 676 2975 732 ἀλλὰ
3034 678 3157 754 λέγε
3208 679 3414 740 αὐταῖς·
3465 680 3645 751 Ὑμεῖς
3698 680 3947 751 κατετρί-

2293 765 2426 835 ψατε
2454 764 2555 831 τὴν
2614 763 2842 834 νεότητα
2891 766 3043 837 ὑμῶν
3093 766 3143 821 έν
3203 769 3424 839 ἀσκήσει
3476 765 3686 841 πολλῇ·
3746 768 3853 843 ἐγὼ
3886 766 3945 823 δὲ

2295 848 2449 905 οὔπω
2506 848 2705 927 ἔφθασα
2762 850 2885 907 οὐδὶ
2944 854 3019 916 εἷς
3075 860 3288 931 πρῶτον
3354 857 3561 932 βαθμὸν
3622 858 3773 931 ὑμῶν
3804 860 3947 930 (56),

534 941 665 1016 Περὶ
724 940 780 996 δὲ
834 950 932 1011 τῆς
979 942 1286 1021 φιλοξενίας
1344 943 1434 997 καὶ
1489 950 1588 1012 τῆς
1643 939 2013 1014 ἐλεημοσύνης
2070 940 2133 993 οὑ
2189 938 2378 1015 χρείαν
2438 936 2584 1014 ἔχεις
2639 943 3024 1001 νουθετεῖσθαι.
3085 945 3223 1000 Ἀπὸ
3298 953 3523 1016 σεαυτῆς
3599 947 3701 1021 γὰρ
3775 949 3942 1016 ποιή-

536 1053 664 1094 σεις.

600 1143 779 1197 23.1n
810 1141 1057 1198 ecclesia
1089 1146 1235 1208 tace,
1268 1158 1373 1197 nec
1408 1142 1732 1213 quidquam
1764 1139 2005 1210 loquare
2038 1155 2052 1206 ;
2086 1138 2187 1192 sed
2216 1140 2265 1205 B

534 1232 774 1287 attende
836 1230 1027 1286 solum
1088 1230 1339 1285 lectioni.
1376 1230 1435 1285 Si
1464 1230 1567 1284 tibi
1595 1230 1653 1283 in
1687 1234 1939 1283 mentem
1972 1227 2192 1281 venerit

535 1320 771 1390 aliquod
808 1336 953 1387 opus
988 1334 1277 1390 peragere,
1313 1336 1382 1373 ne
1413 1324 1628 1373 temere
1660 1318 1714 1372 id
1768 1334 1928 1389 agas,
1963 1333 2034 1371 ue
2064 1315 2191 1369 illu-

539 1410 635 1463 dat
670 1407 775 1461 tibi
796 1406 1101 1477 inimicus;
1128 1409 1226 1463 sed
1251 1424 1383 1462 cum
1409 1407 1648 1462 consilio
1681 1407 1969 1476 majorum
1995 1403 2193 1459 omnia

540 1513 878 1568 exsequare.
904 1498 1043 1551 Cum
1092 1496 1303 1568 psalles
1334 1500 1435 1551 aut
1465 1497 1680 1565 orabis,
1726 1511 1797 1549 ne
1829 1494 2003 1550 sinito
2028 1509 2191 1565 pere-

543 1586 744 1658 grinas
775 1586 1153 1657 cogitationes
1193 1603 1291 1641 cor
1320 1586 1516 1640 subire
1550 1584 1906 1655 tuum.Rogo
1940 1588 2016 1652 te,
2052 1582 2194 1637 dile-

543 1681 658 1744 cta,
706 1680 768 1729 ut
818 1677 1086 1730 attendas
1144 1677 1469 1747 audiasque
1501 1680 1784 1746 praecepta
1817 1673 1923 1727 hoc
1955 1673 2012 1727 in
2044 1673 2194 1726 libro

543 1764 779 1835 scripta.
822 1764 936 1819 Nec
970 1764 1159 1819 solum
1192 1764 1377 1820 oculis
1406 1763 1790 1819 exterioribus
1821 1778 1947 1833 quis
1981 1760 2197 1831 scripta

543 1858 683 1909 sunt
714 1853 1021 1925 percipias,
1046 1854 1147 1908 sed
1180 1854 1357 1909 etiam
1390 1851 1787 1909 interioribus.
1820 1850 2198 1923 Singulisque

543 1942 850 2015 przeceptis
881 1942 1146 1997 animum
1165 1943 1463 2009 adhibs,et
1493 1941 1593 1997 illa
1611 1939 2006 2012 exsequere.Si
2040 1938 2196 1993 enim

543 2032 657 2087 ista
688 2032 1029 2099 servaveris,
1081 2032 1239 2103 regio
1289 2032 1545 2087 thalamo
1605 2030 1783 2101 digna
1831 2027 2086 2083 baberis.
2118 2027 2200 2083 Ne

548 2121 765 2176 dixeris
798 2120 855 2174 in
889 2121 1061 2175 corde
1091 2125 1228 2175 tuo:
1262 2120 1524 2184 Quonam
1560 2120 1730 2173 modo
1760 2118 1881 2173 haec
1927 2122 2201 2188 praestare

551 2210 796 2281 potero?
825 2209 907 2264 Ne
940 2209 1149 2265 timore
1191 2208 1523 2280 corripiaris
1578 2210 1637 2262 in
1688 2207 2035 2279 cogitatione
2062 2212 2200 2272 tua;

552 2300 655 2355 sed
687 2298 737 2353 si
770 2315 902 2353 cum
926 2297 1084 2352 omni
1106 2297 1404 2353 alacritate
1432 2315 1500 2353 ea
1528 2296 2083 2365 custodieris,Deum
2104 2295 2204 2349 ha-

548 2387 715 2443 bebis
738 2387 1087 2458 adjutorem.
1121 2387 1266 2441 Nam
1322 2387 1669 2441 timentibus
1701 2386 1881 2440 Deum
1937 2384 2031 2439 Dei
2068 2402 2203 2457 pra:-

2364 1138 2453 1191 23.
2490 1136 2573 1190 Ἐν
2625 1136 2886 1210 ἐκκλησίᾳ
2941 1142 3141 1210 σιώπα,
3197 1142 3285 1196 καὶ
3340 1140 3508 1215 μηδὲν
3560 1141 3738 1212 λάλει,
3801 1142 3952 1198 ἀλλὰ,

2298 1227 2366 1297 τῇ
2420 1225 2715 1299 ἀναγνώσει
2770 1227 2933 1299 μόνον
2983 1230 3241 1305 πρόσεχε.
3287 1232 3408 1287 Ἐὰν
3460 1228 3697 1305 ἒπαναϐῇ
3741 1231 3813 1291 εἲς
3845 1234 3947 1298 τήν

2298 1311 2520 1388 καρδίαν
2580 1336 2676 1369 σου
2734 1315 3021 1391 λογισμός,
3064 1319 3152 1373 ’ἱνα
3183 1322 3419 1391 ποιήσης
3449 1320 3675 1396 πρᾶγμά
3728 1342 3803 1388 τι,
3872 1322 3951 1392 μή

2301 1408 2583 1473 προπετῶς
2641 1405 2770 1459 αὐτὸ
2818 1407 2985 1476 ποίει,
3032 1408 3121 1463 ’ἱνα
3180 1411 3255 1481 μή
3317 1410 3546 1483 ἑμπαίξῃ
3578 1430 3634 1463 σε
3665 1410 3692 1463 6
3726 1410 3950 1484 ἐχθρός·

2303 1488 2447 1545 ἀλλὰ
2508 1494 2640 1564 μετὰ
2683 1492 2889 1568 βουλῆς
2935 1500 3043 1550 τῶν
3090 1498 3415 1572 μειζοτὲρων
3449 1519 3543 1553 σου
3574 1497 3744 1553 πάντα
3775 1499 3952 1553 ποίει.

2302 1583 2461 1633 ’Ὀταν
2496 1579 2731 1655 ψάλλῃς,
2764 1584 2797 1652 ἧ
2831 1586 2943 1657 (57)
2996 1584 3119 1640 ὅταν
3149 1586 3449 1663 προσεύχῃ,
3486 1589 3562 1659 μὴ
3597 1586 3718 1665 ἄφιε
3771 1587 3957 1656 ξένους

2306 1669 2607 1745 λογισμοὺς
2664 1672 2879 1728 εἰσιέναι
2933 1675 3006 1736 είς
3054 1677 3149 1744 τὴν
3202 1674 3422 1753 καρδίαν
3470 1698 3585 1733 σου.
3642 1676 3957 1751 Παρακαλῶ

2305 1780 2382 1828 σε,
2416 1759 2699 1834 ἀγαπητὴ,
2751 1763 2989 1839 πρόσεχε
3043 1766 3131 1819 καὶ
3190 1766 3351 1821 ἄκουε
3394 1771 3501 1821 τῶν
3560 1765 3794 1821 ὶντολων
3825 1766 3960 1820 τοῦ-

2303 1870 2410 1902 των
2463 1853 2570 1903 τῶν
2624 1852 3017 1926 γεγραμμένων
3069 1853 3119 1908 έν
3164 1859 3242 1927 τῷ
3277 1850 3481 1931 βιϐλίῳ
3509 1855 3703 1928 τούτῳ.
3738 1856 3835 1909 Καὶ
3874 1857 3957 1927 μή

2310 1936 2470 2011 μόνον
2523 1944 2643 1999 τοῖς
2693 1939 2999 2018 ὀφθαλμοῖς
3046 1948 3161 2004 τοῖς
3184 1943 3528 2020 φαινομένοις
3584 1945 3828 1999 κατανόει
3888 1944 3961 1997 τα

2306 2026 2696 2102 γεγραμμένα,
2757 2028 2901 2084 ἀλλὰ
2957 2030 3045 2085 καὶ
3098 2038 3213 2093 τοῖς
3274 2029 3507 2096 ἔνδοθεν.
3568 2033 3663 2087 Καὶ
3714 2032 3961 2107 πρόσεχε

2313 2120 2409 2188 μ.ιᾷ
2464 2117 2654 2190 ἑκάστῃ
2710 2116 2927 2191 ἐντολῇ,
2986 2120 3074 2174 καὶ
3132 2121 3275 2175 ποίει
3324 2121 3505 2184 αὐτάς·
3570 2121 3689 2177 Ἐὰν
3719 2121 3819 2197 γὰρ
3853 2143 3961 2198 φυ-

2311 2203 2471 2277 λάξῃς
2516 2209 2704 2274 ταῦτα,
2758 2208 3132 2279 καταξιωθήση
3182 2214 3278 2263 τοῦ
3308 2214 3600 2288 νυμφῶνος
3652 2215 3746 2264 τοῦ
3806 2212 3966 2285 βασι-

2312 2290 2490 2347 λικοῦ*
2550 2296 2637 2363 Μὴ
2692 2293 2847 2370 eiii-rp;
2879 2296 2928 2351 ἐν
2956 2302 3023 2370 τῇ
3056 2296 3249 2374 καρδίᾳ
3281 2320 3397 2365 σου,
3433 2299 3537 2367 ὅτι,
3574 2304 3693 2360 [Ιῶς
3724 2296 3967 2370 δύναμαι

2312 2388 2534 2449 ποιῆσαι
2586 2388 2790 2451 ταῦτα;
2843 2387 2930 2454 Μὴ
2982 2383 3184 2440 δειλίαν
3238 2382 3381 2461 λάϐῃ
3434 2389 3462 2442 6
3513 2386 3782 2463 λογισμός
3838 2409 3962 2442 σου·

549 2480 718 2548 cepta
748 2492 863 2532 non
898 2480 1037 2531 sunt
1061 2474 1339 2531 difﬁcilia.
1374 2475 1543 2531 Nulla
1588 2475 1733 2529 hora
1755 2471 2199 2528 deficiatoleum

2313 2468 2438 2525 ἀλλ’
2488 2471 2545 2524 ἂν
2606 2475 2718 2541 (58)
2782 2476 2915 2545 μετα
2967 2476 3143 2545 πάσης
3173 2475 3476 2552 προθυμίας
3508 2476 3742 2554 φυλάξῃς
3802 2478 3964 2549 αὐτὰ,

550 2568 609 2621 in
642 2567 911 2638 lampade
941 2571 1141 2631 tua,ne
1158 2565 1819 2637 venienssponsus,eam
1850 2563 2198 2617 exstinctam

545 2656 823 2711 inveniat.
862 2655 1101 2727 Ignoras
1148 2655 1303 2709 enim
1329 2671 1447 2726 qua
1474 2654 1609 2709 hora
1641 2657 1924 2707 venturus
1956 2651 2053 2719 sit,
2083 2651 2199 2722 pri-

542 2761 715 2801 mone
748 2761 954 2799 somno
985 2760 1057 2798 an
1094 2760 1281 2798 mane.
1319 2744 1523 2798 Parata
1556 2742 1738 2814 igitur
1784 2744 1931 2804 esto,
1972 2744 2035 2793 ut
2065 2755 2200 2793 cum

539 2833 781 2903 venerit,
817 2850 933 2887 una
963 2849 1096 2887 cum
1132 2832 1522 2904 prudentibus
1568 2831 1798 2886 obviam
1833 2828 1944 2901 ipsi
1976 2827 2198 2896 venias,

539 2923 763 2979 habens
795 2922 983 2978 oleum
1018 2922 1076 2976 in
1108 2921 1379 2993 lampade
1411 2927 1529 2991 tua,
1564 2920 1671 2975 hoc
1701 2923 1811 2986 est,
1855 2919 2007 2973 bona
2028 2934 2204 2989 opera

541 3018 664 3069 tua.
696 3011 957 3083 Singulis
988 3010 1149 3066 horis
1182 3015 1473 3065 memento
1516 3010 1704 3065 exitus
1757 3007 1841 3062 tui
1897 3025 1909 3062 :
1944 3005 2205 3076 quotidie

548 3106 793 3157 mortem
830 3105 962 3155 ante
993 3100 1192 3155 oculos
1215 3100 1424 3155 habeto
1451 3117 1463 3155 :
1499 3099 1805 3154 recordare
1828 3097 1981 3168 apud
2027 3110 2203 3166 quem

496 3184 501 3185 ί
547 3195 603 3245 te
636 3189 765 3245 sisti
786 3193 1031 3259 Oportet.

558 3277 749 3351 μόνευε
823 3282 921 3345 τῆς
1000 3273 1184 3346 ἐξόδου
1260 3294 1374 3331 σου’
1453 3271 1547 3351 ἔχε
1620 3274 1737 3329 καθ’
1812 3272 2020 3347 ἡμέραν
2096 3270 2203 3347 πρὸ

556 3374 835 3444 ραστῆναι.

622 3476 711 3529 24.
745 3474 931 3529 Grave
962 3473 1241 3545 quiddam
1273 3478 1361 3528 est
1382 3470 1882 3542 aecesis,difﬁcilis
1906 3469 2205 3525 continen-

552 3564 669 3631 tia;
703 3564 805 3619 sed
867 3561 1011 3618 nihil
1063 3562 1297 3617 dulcius
1327 3562 1547 3617 ccelesti
1596 3577 1831 3632 sponso.
1865 3559 1967 3614 Hic
1998 3575 2205 3631 parum

552 3653 911 3718 laboramus,
972 3657 1031 3707 et
1061 3652 1180 3707 illic
1212 3654 1389 3707 vitam
1439 3657 1712 3707 aeternam
1745 3666 2204 3720 consequemur;

554 3742 635 3797 ait
666 3743 823 3798 enim
861 3742 1065 3797 beatus
1086 3742 1335 3797 Paulus:
1366 3764 1392 3790 ‹‹
1413 3740 1535 3795 Non
1587 3744 1725 3795 sunt
1756 3740 2055 3810 condignae
2074 3755 2205 3809 pas-

552 3832 748 3889 siones
778 3831 957 3901 hujus
987 3831 1274 3903 temporis
1298 3830 1367 3886 ad
1402 3831 1659 3885 futuram
1690 3828 1934 3901 gloriam
1960 3845 2085 3899 quae
2117 3844 2203 3883 re-

552 3921 840 3977 velabitur
872 3920 927 3974 in
964 3919 1132 3976 nobis
1170 3920 1235 3975 3‘.
1268 3938 1294 3970 ιι
1335 3920 1558 3975 Bonum
1593 3924 1683 3975 est
1722 3919 1919 3991 fugere
1949 3917 2200 3985 turbam,

2312 2560 2555 2634 εὑρήσεις
2615 2560 2907 2638 σύμμαχον
2966 2565 3055 2618 τὸν
3108 2566 3257 2621 Θεόν.
3290 2571 3414 2628 Τοῖς
3442 2562 3806 2644 φοϐουμένοις
3862 2568 3971 2642 γὰρ

2306 2648 2395 2701 τὸν
2429 2649 2555 2703 Θεὸν
2591 2650 2643 2703 ui
2678 2650 2892 2705 ἐντολαὶ
2923 2657 3017 2706 τοῦ
3047 2658 3180 2707 Θεοῦ
3215 2655 3429 2730 βαρεῖαι
3480 2657 3578 2709 οὑκ
3635 2655 3755 2711 εἶσί.
3812 2658 3968 2728 [liam

2311 2735 2427 2807 ὥρα
2488 2739 2563 2809 μὴ
2617 2737 2857 2813 λειψάτω
2906 2739 3086 2796 ἔλαιον
3145 2747 3213 2815 τῇ
3256 2741 3502 2815 λαμπάδι
3539 2765 3654 2815 σου,
3719 2746 3969 2816 μήποτε

2312 2820 2443 2894 ἔλθη
2500 2828 2528 2880 6
2586 2828 2835 2905 νυμφίος,
2867 2830 2954 2883 καὶ
2981 2831 3109 2906 εὕρῃ
3141 2832 3307 2900 αὑτὴν
3344 2828 3671 2889 σϐεσθεῖσαν.
3732 2834 3844 2887 Οὗκ
3876 2832 3965 2886 οἷο

2314 2910 2405 2974 δας
2435 2913 2537 2990 γὰρ
2596 2916 2726 2971 πότε
2782 2916 3021 2993 ἔρχεται,
3080 2920 3114 2989 ἢ
3148 2920 3535 2994 προτοΰπνιον,
3568 2922 3601 2990 ἢ
3636 2920 3799 2996 πρωΐ.
3866 2928 3967 2976 Γε-

2310 3002 2405 3057 νοῦ
2438 3003 2527 3058 οὗν
2580 3001 2823 3078 ἕτοιμος·
2870 3006 2977 3075 'ivu,
3035 3007 3159 3063 ὅταν
3192 3007 3349 3081 ἔλθη,
3382 3010 3515 3082 μετά
3543 3015 3649 3065 τῶν
3683 3011 3970 3087 φρονίμων

2313 3090 2631 3163 ἀπαντήσης
2678 3096 2846 3167 αὐτῷ,
2904 3095 3106 3173 ἔχουσα
3161 3099 3222 3153 τὸ
3262 3096 3443 3153 ἔλαιον
3497 3099 3547 3154 έν
3595 3099 3661 3174 τῇ
3707 3098 3969 3171 λαμπάδι

2316 3202 2433 3252 σου,
2463 3185 2703 3238 τουτέστι
2734 3185 2799 3239 τὰ
2830 3184 2959 3261 ἔργα
2991 3208 3086 3242 σου
3134 3189 3201 3243 τὰ
3238 3188 3398 3244 καλά.
3437 3195 3615 3243 Πᾶσαν
3643 3189 3783 3265 ὥραν
3821 3213 3970 3261 μνη-

2265 3270 2563 3349 ὀφθαλμῶν
2622 3274 2713 3327 τὸν
2772 3274 3016 3331 θάνατον’
3082 3277 3394 3351 μνημόνευε
3453 3278 3559 3333 τίνι
3616 3300 3671 3333 σε
3728 3275 3810 3333 δεῖ
3866 3301 3973 3334 πα-

2386 3469 2476 3523 24.
2513 3468 2650 3543 Βαρύ
2709 3469 2847 3525 ἐστιν
2909 3470 3156 3543 ἄσκησις,
3200 3473 3288 3529 καὶ
3340 3470 3733 3529 δυσὸἀπακτον
3769 3474 3972 3551 ἐγκρα-

2313 3575 2449 3610 τεια”
2505 3556 2629 3613 ἀλλ’
2687 3558 2837 3615 οὐδέν
2898 3560 3008 3615 έστι
3064 3560 3394 3637 γλυκύτερον
3469 3568 3565 3619 τοῦ
3642 3564 3970 3639 ἐπουρανίου

2316 3647 2567 3723 νυμφίου.
2627 3647 2751 3704 Ὧδε
2803 3652 3079 3724 κάμνομεν
3143 3652 3355 3727 ὀλίγον,
3416 3652 3527 3709 ἐκεῖ
3585 3652 3641 3709 δὲ
3668 3657 3767 3722 τὴν
3826 3656 3969 3709 αἰώ-

2315 3756 2427 3789 νιον
2510 3739 2623 3809 (59)
2694 3740 2837 3807 ζωὴν
2886 3739 3307 3814 ἀποληψόμεθα·
3368 3740 3509 3817 λέγει
3572 3744 3673 3817 γὰρ
3736 3744 3764 3797 ὁ
3814 3746 3972 3818 ἅγιος

2316 3824 2550 3887 Παῦλος·
2609 3852 2636 3878 ‹‹
2697 3829 2811 3885 Οὑκ
2868 3826 2985 3900 ἄξια
3044 3832 3110 3884 τὰ
3163 3833 3459 3904 παθήματα
3501 3836 3598 3886 τοῦ
3647 3829 3736 3885 νῦν
3769 3839 3970 3905 καιροῦ

2314 3915 2447 3990 πρὸς
2477 3916 2577 3984 τὴν
2614 3914 2923 3987 μέλλουσαν
2959 3916 3111 3989 δόξαν
3139 3919 3586 3998 ἀποκαλυφθῆναι
3620 3920 3693 3983 είς
3722 3924 3902 3993 ἡμᾶς.
3942 3949 3969 3975 ››

554 4016 610 4067 et
641 4025 906 4066 seorsum
964 4010 1254 4065 secedere.
1325 4010 1535 4081 Magna
1584 4009 1767 4064 virtus
1828 4006 2202 4073 continentia,

2316 4002 2491 4058 Καλὸν
2568 4004 2888 4082 ἀποφεύγειν
3134 4009 3223 4063 τὸν
3284 4004 3456 4084 ὄχλον
3507 4009 3595 4064 xui
3656 4011 3967 4085 ἀναχωρεῖν

559 4114 772 4167 magna
802 4096 986 4167 gloria
1014 4098 1507 4169 castitas,magna
1535 4097 1803 4152 encomia
1832 4095 2207 4168 virginitatis.

560 4187 606 4241 Ο
636 4184 1271 4257 virginitasﬁmmensm
1302 4186 1516 4240 divitias
1545 4186 1555 4240 !
1582 4203 1614 4241 ο
1642 4186 1973 4257 virginitas,
1998 4201 2213 4241 corona

561 4273 1109 4329 immarcescibilisl
1144 4274 1525 4346 ovirginitas,
1557 4274 1841 4346 templum
1876 4275 1972 4329 Dei
1995 4278 2052 4329 et
2080 4274 2210 4346 Spi-

561 4363 710 4417 ritus
759 4362 942 4417 sancti
996 4361 1429 4416 habitaculuml
1463 4379 1495 4417 ο
1534 4363 1858 4435 virginitas,
1894 4364 2212 4435 margarita

562 4450 836 4522 pretiosa,
862 4450 1065 4505 multis
1095 4450 1305 4518 latens,
1352 4468 1384 4507 a
1416 4452 1617 4523 paucis
1648 4454 1882 4507 inventa
1916 4452 1928 4507 l
1964 4470 1995 4507 ο
2027 4455 2209 4508 conti-

562 4540 781 4606 nentia,
806 4540 905 4595 Dei
939 4540 1148 4603 amica,
1195 4544 1249 4595 et
1279 4558 1312 4595 a
1342 4541 1565 4595 sanctis
1610 4540 1935 4596 celebrata!
1971 4559 2003 4597 ο
2024 4542 2209 4597 conti-

561 4630 777 4696 nentia,
815 4629 1015 4684 multis
1047 4628 1270 4696 odiosa,
1306 4629 1377 4685 iis
1404 4629 1505 4701 qui
1527 4635 1583 4685 te
1614 4630 1776 4703 digni
1810 4635 1948 4685 sunt
1971 4632 2207 4703 agnita!

561 4736 593 4775 0
625 4719 1001 4786 continentia,
1029 4736 1155 4790 quae
1187 4719 1395 4790 effugis
1430 4724 1679 4773 mortem
1727 4726 1783 4773 et
1813 4720 2128 4791 infernum,
2156 4726 2214 4777 et

561 4809 635 4864 ab
693 4808 1132 4864 immortalitate
1179 4808 1533 4879 possideris!
1581 4824 1613 4863 ο
1643 4808 2023 4874 continentia,
2072 4826 2211 4882 gau-

563 4896 725 4950 dium
778 4896 1214 4968 prophetarum,
1266 4900 1322 4949 et
1344 4894 1739 4966 apostolorum
1792 4895 2209 4968 gloriatiol95

564 5003 596 5041 ο
628 4984 1003 5053 continentia,
1040 4982 1379 5055 angelorum
1412 4984 1550 5053 vita,
1574 4988 1631 5039 et
1663 4989 2002 5041 sanctorum
2036 4985 2217 5042 homi-

564 5090 704 5130 num
739 5073 986 5129 coronal
1022 5074 1235 5128 Beatus
1264 5077 1351 5128 est
1380 5073 1481 5145 qui
1539 5077 1594 5129 te
1649 5077 1828 5141 tenet,
1878 5074 2085 5132 beatus
2114 5078 2213 5148 qui

634 5235 680 5269 ⁸⁸
710 5234 878 5290 Rom.
910 5248 1031 5303 vm,
1070 5234 1153 5287 18.

608 5406 763 5493 ‘(56)~
808 5404 1067 5493 In‘Felc.
1134 5406 1155 5459 1
1220 5404 1369 5477 ὑμῶν
1419 5406 1602 5465 deest.
1665 5405 1811 5462 Ibid.
1840 5404 2040 5475 Basil.,
2077 5406 2207 5481 Περὶ

564 5472 665 5553 γὰρ
696 5472 945 5602 τῆςὲοιλ.
1256 5472 1264 5477 ⁷

634 5550 748 5618 (57)
782 5553 801 5567 ”
873 5550 1032 5602 deest
1061 5547 1115 5600 in
1153 5546 1297 5601 Felc.
1332 5549 1385 5602 2.

778 5619 877 5672 'Av
911 5619 1161 5704 deest‘i’n.
1194 5618 1365 5704 Basil'.
1404 5619 1742 5704 Μοῖς’-ἱρείη,
1776 5614 2016 5704 φυλάξης
2050 5619 2202 5704 αὑτά.

564 5687 943 5765 Anglicanus,
993 5687 1242 5767 φυλάξεις
1297 5690 1477 5751 αὑτάς.
1532 5691 1702 5759 Editi,
1756 5687 1964 5767 φύλάξη
2024 5691 2201 5750 αὑτάς.

2320 4092 2644 4166 καταμόνας.
2678 4095 2902 4170 Μεγάλη
2936 4095 3097 4170 ἀρετὴ
3144 4096 3445 4173 ἐγκράτεια,
3499 4100 3638 4174 μέγα
3694 4099 3973 4175 καύχημα

2322 4178 2463 4236 ἐστιν
2520 4181 2716 4258 ἁγνεία,
2796 4182 3009 4259 μεγάλα
3074 4185 3318 4261 ἐγκώμια
3370 4192 3469 4255 τῆς
3529 4186 3835 4262 παρθενίας.
3904 4190 3974 4243 Ὦ

2319 4270 2600 4344 παρθενία,
2649 4269 2889 4332 πλοῦτος
2934 4271 3356 4343 ἀκατάληπτοςί
3412 4274 3457 4327 ὧ
3504 4274 3785 4349 παρθενία,
3844 4275 3972 4330 στέσ

2321 4380 2481 4433 φανος
2548 4358 2949 4435 ἀμαράντινοςί
3031 4362 3074 4415 ὧ
3139 4360 3420 4437 παρθενία,
3479 4363 3603 4423 ναὸς
3661 4366 3815 4429 Θεοῦ,
3875 4364 3971 4417 καὶ

2322 4448 2476 4525 ἁγίου
2535 4448 2843 4523 υνεύματος
2901 4449 3258 4526 οἱκητήριονί
3320 4452 3364 4504 ὧ
3412 4451 3690 4525 παρθενία,
3753 4472 3973 4525 μαργα-

2324 4543 2443 4613 ρῖτα
2498 4538 2646 4611 τίμιε
2696 4538 2842 4614 παρὰ
2896 4537 3131 4601 πολλοῖς
3185 4539 3411 4616 ἀφανὴς,
3445 4538 3651 4615 ὀλίγοις
3682 4538 3738 4594 δέ
3774 4540 3971 4612 μόνοις

2323 4627 2742 4702 εὑρισκόμενοςί
2813 4630 2879 4681 Ὦ
2936 4627 3213 4705 έγκράτεια
3271 4627 3402 4707 φίλη
3464 4634 3616 4700 Θεοῦ,
3674 4630 3759 4683 καὶ
3822 4632 3975 4705 παρᾶ

2324 4716 2499 4791 ἁγίοις
2558 4715 3041 4793 ἐγκωμιαζομένηί
3102 4719 3146 4771 ὦ
3206 4716 3487 4793 ἐγκράτεια
3544 4718 3687 4793 παρᾶ
3730 4716 3975 4780 πολλοῖς

2327 4805 2656 4880 μισουμένη,
2686 4811 2800 4868 τοῖς
2823 4804 2879 4861 δὲ
2905 4806 3078 4877 ἀξίοις
3118 4828 3213 4861 σου
3244 4806 3620 4882 γνωριζομένη
3651 4808 3661 4862 i
3697 4808 3742 4859 ὦ
3774 4806 3974 4883 ἐγκρά-

2321 4916 2459 4965 τεια,
2520 4895 2741 4959 θάνατον
2800 4896 2887 4950 xui
2943 4893 3074 4966 ᾅδην
3133 4894 3531 4975 ἀποφεύγουσα,
3583 4894 3669 4951 καὶ
3706 4895 3809 4950 ὑπὸ
3840 4895 3975 4950 ἀθα-

2323 4985 2503 5046 νασίας
2547 4983 2932 5059 κατεχομένηί
2993 4986 3039 5039 ὦ
3097 4984 3401 5061 ἐγκράτεια,
3444 4985 3592 5061 χαρά
3644 4990 3973 5061 προφητῶν,

2325 5075 2414 5132 καὶ
2446 5072 2765 5129 ἀποστόλων
2797 5072 3102 5149 καόχημαί
3137 5075 3181 5128 ὦ
3213 5070 3512 5149 ἐγκράτεια,
3545 5070 3789 5149 ἀγγέλων
3828 5074 3975 5148 βίος,

2319 5406 2539 5480 ibidem
2570 5406 2714 5480 hac,
2759 5403 3003 5480 εὑρήσεις
3028 5402 3321 5480 σόμμαχον
3354 5403 3443 5480 τᾷν
3478 5403 3630 5480 Θεόν,
3662 5405 3880 5480 desunt
3910 5407 3977 5463 in

2317 5478 2620 5535 Basiliensi
2679 5484 2737 5534 et
2795 5475 3023 5550 Anglic.
3060 5475 3190 5533 de
3225 5475 3345 5551 ’γάρ
3378 5478 3540 5532 deest
3596 5477 3651 5531 in
3694 5477 3985 5537 omnibus

2316 5551 2781 5615 editie,habetur
2812 5550 2869 5604 in
2903 5550 3179 5605 omnibus
3212 5550 3356 5606 mss.

2387 5624 2499 5690 (59)
2523 5622 2878 5688 Basiliensis,
2908 5620 3153 5675 αἰωνίαν.

2388 5695 2501 5765 (60)
2535 5692 2894 5759 Basiliensis,
2926 5691 3243 5769 ἀποφυγεῖν.
