4372 6214
522 329 640 394 983
1710 336 1775 399 s.
1821 336 2201 399 ATHANAs:

2308 340 2345 398 5.
2380 370 2457 381 —
2500 337 2767 402 DUBIA.
3821 338 3950 401 284

525 467 656 531 tius,
690 466 780 520 hic
813 482 934 521 vero
962 468 1199 537 scriptor
1226 469 1580 524 multitudine
1609 471 1894 526 verborum
1940 472 2408 541 epithetorumque
2433 472 2798 543 superef/luit.
2859 470 3110 541 Exempli
3137 485 3325 539 causa,
3371 474 3495 540 post
3537 472 3753 541 [actam
3785 474 3949 543 prio-

532 571 653 612 rem
688 553 963 611 librorum
1006 555 1310 629 Scriptura
1355 564 1846 629 enumerationem,
1878 561 2201 631 quibusdam

2308 562 2564 616 ramissis
2611 562 2690 615 ila
2718 560 2915 616 habet:
2954 557 3103 613 Ἐπεί
3158 557 3243 612 τοί
3275 577 3337 631 γε
3396 557 3613 634 ὕστερον
3643 560 3781 613 κατὰ
3835 561 3949 627 τὴν

534 640 751 697 ἰκείνων
779 639 1104 707 ἀκολουθίαν
1137 644 1225 699 καὶ
1259 647 1571 724 συμφωνίαν
1605 645 1749 702 ἄλλα
1783 647 1952 722 μυρία
1995 647 2083 702 καὶ
2138 645 2481 721 ἀναρίθμητοι
2540 642 2727 723 βιϐλία
2787 646 3177 717 ὶξεπονήθησαν
3233 646 3335 699 ὑπὸ
3389 649 3497 700 τῶν
3556 646 3690 700 κατᾶ
3717 648 3954 722 καιροὺς

539 728 788 805 μεγάλων
820 732 909 785 καὶ
941 732 1264 810 σοφωτάτων
1299 734 1574 812 θεοφόρων
1608 737 1884 810 Πατὲρων,
1944 736 2020 798 εἷς
2074 735 2365 809 μαρτυρίαν
2425 740 2529 789 τῶν
2590 729 2979 811 προλαϐόντων
3030 733 3119 789 καὶ
3179 730 3520 810 διαφώτισιν.
3557 740 3697 807 Qua
3724 753 3862 791 sane
3896 742 3953 791 et

540 820 715 875 multa
728 821 813 876 his
838 822 1053 879 similia
1079 826 1257 896 quivis
1287 834 1546 882 emuncta
1578 829 1733 883 naris
1762 829 1917 883 homo
1947 843 2056 883 non
2086 828 2395 897 Athanasii,
2427 826 2519 881 sed
2546 826 2784 882 alterius
2825 827 3115 897 cujusdam
3144 826 3430 897 scriptoris
3460 826 3753 881 Athanasio
3772 830 3955 882 atate

535 908 824 981 inferioris
853 926 967 967 esse
994 916 1294 968 censuerit.
1331 912 1466 969 Nam
1496 914 1671 972 Graeci
1698 917 1969 987 sequioris
2026 918 2137 972 avi
2190 916 2446 987 epithetis
2503 925 2552 970 et
2608 916 2893 971 verborum
2920 913 3274 969 multitudine
3324 914 3650 985 gaudebant.
3711 916 3957 981 Insuper

538 997 827 1053 nonnulla
881 1016 1031 1056 voces
1071 1001 1161 1056 hic
1209 1006 1428 1059 exstant
1483 1020 1616 1075 quas
1672 1006 1897 1060 nonnisi
1931 1009 2046 1074 post
2075 1004 2367 1059 Athanasii
2385 1008 2607 1060 atatem
2636 1005 2867 1058 usitatas
2890 1020 3207 1075 reperimus,
3242 1003 3403 1074 quale
3430 1006 3528 1072 est,
3558 1002 3697 1057 illud
3726 1005 3788 1056 in
3820 1018 3950 1072 cap.

538 1086 611 1141 de
640 1086 781 1144 libro
810 1088 1086 1161 iudicum,
1109 1094 1397 1146 ποσοῦνται
1427 1109 1526 1164 pro
1556 1098 1961 1161 numerantur,
2015 1101 2066 1149 et
2092 1093 2201 1148 alib

2308 1091 2858 1164 συμποσοσουμὲνων.
2901 1092 3096 1165 Cyri".
3152 1092 3303 1147 Alex.
3363 1092 3656 1144 ποσοῦσθαι
3688 1101 3952 1163 usurpat,

538 1191 639 1231 nec
670 1180 832 1234 antea
860 1195 1044 1235 vocem
1075 1182 1228 1236 illam
1256 1198 1345 1237 me
1372 1185 1640 1255 reperisse
1665 1184 1897 1238 memini
1924 1200 1936 1239 :
1968 1184 2029 1238 in
2062 1182 2339 1253 Logarica
2372 1184 2500 1238 item
2529 1182 2715 1238 Alexii
2748 1184 3013 1238 Comneni
3040 1198 3074 1237 a
3102 1181 3256 1237 nobis
3281 1180 3427 1237 edita
3466 1182 3697 1251 legimus
3725 1200 3957 1252 συμπο-

539 1263 799 1334 σούντων,
829 1270 1021 1324 eadem
1049 1272 1361 1326 sententia:
1391 1272 1532 1343 quod
1576 1274 1911 1342 conjectura
1967 1277 2181 1328 tantum
2211 1275 2322 1327 loco
2350 1273 2629 1343 ponimus.
2689 1273 2816 1328 Hac
2870 1288 2931 1326 in
2959 1287 3126 1326 causa
3156 1271 3315 1325 nobis
3342 1272 3518 1340 fuere,
3563 1274 3622 1325 ut
3651 1270 3952 1343 Synopsin

538 1354 643 1410 96
676 1356 989 1427 Scriptum
1020 1374 1197 1413 sacra:
1231 1361 1375 1415 inter
1395 1361 1565 1415 dubia
1612 1369 1664 1416 et
1700 1365 1949 1432 suspecta
1976 1378 2141 1432 opera
2170 1376 2595 1417 recenseremus.
2628 1362 2889 1415 Mittimus
2938 1360 3050 1415 alia
3082 1358 3335 1430 quadam
3364 1367 3707 1429 argumenta,
3737 1376 3772 1413 a
3802 1376 3951 1414 non-

538 1444 715 1498 nullis
744 1444 937 1510 allata,
969 1455 1029 1501 ut
1060 1448 1352 1520 Synopsin
1386 1450 1683 1505 Athanasio
1712 1450 2108 1519 abjudicarent,
2143 1464 2268 1521 qua
2298 1450 2529 1504 minoris
2550 1450 2811 1504 momenti
2839 1463 2952 1503 esse
2978 1447 3338 1502 arbitramur.

616 1533 708 1590 III.
736 1533 1041 1591 Theodorus
1068 1553 1228 1608 porro
1258 1539 1545 1594 Balsamor
1572 1539 1643 1594 ad
1671 1556 1933 1596 canonem
1962 1541 2032 1592 27
2062 1539 2257 1611 synod-
2310 1538 2603 1609 Carthag.,
2662 1554 2719 1607 p.
2769 1538 2897 1604 636,
2955 1546 3221 1593 memorat
3250 1538 3517 1592 canonica
3574 1535 3867 1591 Athanasii
3894 1541 3954 1590 et

534 1621 933 1693 Amphilochii,
962 1624 1276 1698 indicatque
1305 1628 1385 1683 ibi
1408 1644 1571 1683 veros
1620 1632 1671 1683 et
1700 1630 1991 1684 canonicos
2020 1628 2297 1683 contineri
2324 1628 2622 1700 Scriptura
2663 1628 2855 1683 libros.
2890 1625 3151 1679 Κανονικά
3182 1641 3309 1681 vero
3338 1627 3448 1681 ista
3488 1628 3777 1681 autumant
3805 1641 3955 1681 non:

535 1712 687 1768 nulli
704 1729 818 1768 esse
845 1712 988 1770 hanc
1015 1714 1329 1788 Scriptum
1354 1718 1634 1789 synopsin
1662 1734 1676 1779 ;
1706 1716 1799 1772 sed
1824 1734 2094 1788 nusquam
2144 1720 2444 1789 reperimus
2494 1717 2639 1773 hunc
2677 1718 2904 1783 librum,
2948 1717 3275 1772 canonicum
3305 1731 3405 1770 seu
3452 1713 3727 1783 κανονικά,
3756 1713 3959 1786 appel-

538 1801 650 1856 lari
676 1818 698 1863 ;
727 1800 981 1855 κανονικά
1012 1806 1183 1874 igitur
1212 1804 1501 1860 Athanasii
1527 1809 1579 1861 et
1604 1805 1992 1876 Amphilochii,
2049 1815 2180 1860 sunt
2234 1805 2484 1877 epistola
2512 1822 2607 1861 seu
2639 1806 2755 1861 alia
2810 1805 3072 1877 opuscula
3100 1804 3412 1860 earumdem
3440 1806 3695 1873 Patrum,
3728 1818 3857 1876 qua
3886 1807 3953 1858 in

536 1890 945 1947 collectionibus
975 1908 1249 1949 caronum
1278 1896 1484 1951 Gracis
1507 1892 1691 1950 locum
1714 1894 1938 1961 habent,
1966 1899 2016 1949 et
2063 1904 2326 1952 vocantur
2372 1895 2491 1950 illic
2546 1899 2610 1951 ut
2663 1896 2969 1966 plurimum
3026 1894 3268 1965 epistola
3320 1896 3603 1952 canonica
3630 1915 3650 1949 :
3679 1895 3959 1963 eiusmodi

537 1987 667 2035 sunt
712 1987 821 2036 tres
862 1982 1111 2052 epistola
1160 1982 1452 2038 Athanasii
1478 2000 1597 2055 qua
1652 1999 1724 2039 ex
1749 1999 2019 2039 canonum
2065 1985 2375 2040 collectione
2432 1984 2734 2055 desumpta
2788 1992 2917 2039 sunt
2958 1988 3013 2039 et
3040 1982 3111 2039 ad
3140 1984 3341 2039 calcem
3366 1984 3538 2054 primi
3565 1986 3698 2039 tomi
3724 2001 3757 2039 a
3785 1985 3957 2040 nobis

539 2070 814 2139 reposita,
842 2069 903 2124 in
924 2084 1159 2140 quarum
1186 2071 1450 2137 secunda,
1476 2072 1569 2128 cui
1591 2072 1810 2138 titulus,
1864 2070 2123 2144 Epistola
2151 2070 2395 2138 fontalis,
2428 2072 2661 2127 habetur
2697 2071 2980 2141 catalogus
3034 2070 3309 2126 librorum
3337 2069 3657 2142 Scriptura,
3688 2070 3761 2126 ad
3788 2088 3961 2143 quem

540 2158 635 2213 hic
663 2156 810 2213 haud
835 2158 999 2214 dubie
1030 2161 1258 2233 respicit
1300 2160 1597 2217 Theodorus
1626 2159 1950 2225 Balsamon,
1985 2162 2043 2217 in
2100 2161 2301 2217 iisdem
2359 2160 2765 2217 collectionibus
2822 2160 3106 2215 Canonum
3147 2156 3497 2216 mss.’e.rstat
3541 2176 3763 2217 carmen
3822 2161 3958 2215 Am-

540 2245 828 2320 philochii,
887 2248 946 2303 in
978 2264 1085 2320 quo
1143 2256 1461 2307 recensetur
1485 2252 1741 2307 canonici
1762 2250 2066 2322 Scriptura
2098 2251 2250 2319 libri,
2274 2266 2377 2323 quo
2406 2254 2614 2321 spectat
2645 2249 2787 2305 idem
2819 2248 3006 2305 Theod.
3041 2250 3358 2305 Balsamon.
3392 2248 3661 2305 Caeterum
3691 2253 3799 2305 tres
3830 2253 3960 2320 epi-

538 2337 709 2393 stola
735 2336 855 2394 illa
882 2336 1193 2405 Athanasii,
1223 2340 1535 2412 pariterque
1557 2356 1779 2396 carmen
1809 2339 2206 2411 Amphilochii,
2237 2355 2367 2395 cusa
2391 2344 2525 2395 sunt
2554 2342 2613 2395 in
2642 2347 2919 2411 postrema
2938 2338 3287 2395 Collectione
3312 2355 3605 2395 canonum
3628 2339 3963 2411 Anglicana,

548 2425 782 2481 secundo
812 2435 957 2481 tomo
986 2428 1130 2483 inter
1157 2430 1425 2499 Epistolas
1453 2431 1769 2485 canonicos.
3256 2430 3271 2438 ’

623 2515 718 2570 IV.
752 2516 971 2571 Eximio
998 2533 1134 2573 sane
1160 2522 1237 2573 est
1266 2520 1379 2574 hac
1408 2519 2089 2591 Synopsis,cujuscunque
2116 2517 2333 2575 tandem
2352 2521 2425 2575 sit
2454 2519 2719 2583 auctoris,
2742 2526 2797 2574 et
2826 2525 2981 2573 tanta
3008 2533 3164 2586 cura,
3181 2518 3822 2588 sagacitate,eruditione
3843 2520 3966 2573 eta-

552 2602 771 2671 borata,
804 2609 863 2660 ut
888 2606 1037 2661 nihil
1064 2622 1251 2674 supra.
1284 2608 1399 2663 Non
1437 2609 1597 2664 modo
1652 2610 1853 2680 quippe
1879 2610 2097 2681 singuli
2126 2608 2424 2681 Scriptura
2456 2609 2588 2663 libri
2615 2610 3025 2664 accuratissime
3059 2609 3116 2662 in
3137 2624 3202 2663 ea
3230 2612 3585 2662 recensentur
3611 2616 3664 2663 et
3691 2608 3750 2661 in
3777 2609 3965 2675 epito-

548 2707 673 2747 men
703 2694 989 2764 aptissime
1017 2696 1351 2767 rediguntur
1376 2715 1390 2765 ;
1422 2697 1513 2753 sed
1538 2699 1714 2752 multa
1745 2699 2138 2769 disquiruntur
2167 2714 2286 2769 qua
2312 2704 2562 2769 spectant
2582 2697 3007 2769 chronologiam,
3044 2697 3309 2753 librorum
3347 2695 3651 2768 Scriptura
3678 2699 3961 2762 auctores,

544 2782 784 2837 nominis
807 2782 1157 2853 singulorum
1200 2784 1468 2839 librorum
1497 2786 1764 2841 rationem
1796 2789 1847 2840 et
1880 2801 2127 2852 causam,
2182 2787 2479 2842 variarum
2534 2785 2842 2841 versionum
2899 2784 3193 2840 historiam
3236 2784 3425 2856 paucis
3481 2784 3960 2856 comprehensam.

543 2869 772 2926 Demum
792 2872 937 2926 nihil
960 2888 1102 2943 pene
1129 2876 1274 2929 retro
1304 2876 1593 2947 reliquisse
1612 2876 1830 2931 videtur
1855 2875 2087 2947 scripwr
2115 2878 2237 2943 iste,
2269 2874 2412 2947 qnod
2467 2876 2554 2929 vir
2579 2874 2765 2932 Grace
2810 2876 2987 2931 solum
3012 2874 3262 2930 eruditus
3299 2881 3566 2945 prastare
3596 2875 3781 2945 possit.
3816 2873 3962 2928 lul-

546 2960 612 3013 ta
637 2974 811 3030 porro
838 2958 1056 3017 menda
1084 2959 1146 3015 in
1173 2962 1491 3016 nominibus
1516 2964 1761 3017 maxime
1784 2964 2049 3035 propriis,
2082 2964 2165 3018 uti
2190 2964 2415 3019 solitum
2447 2965 2544 3034 est,
2570 2964 2924 3035 irrepserunt,
2958 2978 3094 3035 quas
3123 2960 3298 3033 quoad
3329 2962 3487 3016 licuit
3508 2961 3957 3017 emendavimus:

548 3045 685 3102 etad
714 3048 881 3118 ﬁnem
907 3064 1018 3105 non
1043 3065 1224 3121 pauca
1242 3064 1365 3124 qua
1391 3052 1585 3108 Latine
1606 3058 1826 3108 tantum
1854 3068 1983 3109 cusa
2011 3055 2168 3108 erant
2216 3054 2277 3110 in
2297 3055 2462 3126 prius
2507 3053 2688 3122 editis,
2711 3069 2779 3109 ex
2815 3053 3207 3125 manuscriptis
3244 3052 3534 3123 desumpta
3565 3049 3748 3107 Grace
3779 3050 3963 3105 edidi-

544 3151 687 3191 mus.

1718 3368 1842 3420 ΤΟΥ
1879 3369 1968 3420 EN
2010 3367 2246 3425 ΔΓΙΟῙΣ
2286 3368 2555 3425 ῙΙΔΤΡΟΣ
2597 3370 2787 3422 ΠΜΩΝ

1892 3523 2621 3622 ΑΘΑΝΑΣΙΟΥ

949 3713 1250 3766 ΣΥΝΟΨΙΣ
1292 3712 1633 3769 ΕΠΙΤΟΜΟΣ
1674 3717 1805 3769 ΤΗΣ
1846 3714 2050 3770 ΘΕΙΑΣ
2092 3718 2395 3786 ΓΡΑΦΗΣ,
2436 3715 2749 3770 ΠΔΛΑΙΑΣ
2794 3715 2909 3769 ΚΑΙ
2951 3714 3131 3769 NEA}:
3173 3711 3543 3767 ΔΙΑΘΗΚΗΣ.

1673 3993 1764 4087 S.
1820 3992 1924 4087 P.
1976 3993 2087 4089 N.
2158 3991 2836 4089 ATHANASII

865 4179 1117 4237 BREVIS
1160 4181 1419 4238 DlVlN/E
1455 4180 1851 4239 SCRIPTUR/E
1894 4181 2491 4314 VETlZgIAS’
2526 4181 2939 4242 ΤΕεΤΑΜΕΝτι
2972 4178 3336 4250 SYNOPSIS,
3379 4179 3444 4235 ID
3484 4177 3619 4244 EST,

630 4530 679 4585 1.
712 4529 919 4586 Omnis
952 4534 1218 4587 nostrum
1241 4530 1703 4587 Christianorum
1726 4532 2020 4605 Scripura,
2056 4532 2201 4588 divi-

2388 4535 2438 4589 1.
2500 4537 2649 4589 [lina
2708 4533 2893 4609 Γραφή
2962 4532 3123 4604 ἡμῶν
3200 4530 3555 4605 Χριστιανῶν,
3612 4521 3971 4583 θεόπνευστός

554 4620 715 4677 nitus
744 4619 1030 4694 inspirata
1059 4627 1168 4689 est,
1202 4621 1501 4695 librosque
1532 4623 1708 4681 habet
1758 4641 1870 4679 non
1927 4624 2200 4679 indefini-

2309 4620 2468 4677 ἐστιν.
2500 4620 2612 4677 Οὐκ
2667 4620 2892 4694 ἀόριστα
2946 4617 3025 4687 δὲ,
3073 4617 3219 4676 ἀλλὰ
3279 4614 3491 4691 μᾶλλον
3539 4612 3815 4689 ὡρισμένα
3871 4612 3970 4666 καὶ

550 4713 663 4779 tos,
697 4710 798 4766 sed
854 4711 1149 4780 deﬂnitoe,
1182 4728 1250 4768 ac
1274 4720 1428 4769 certo
1458 4729 1679 4769 canone
1724 4714 2199 4786 comprehensos.

2309 4712 2729 4785 κεκανονισμὲνα
2780 4709 2895 4787 ἔχει
2946 4711 3014 4766 τὰ
3067 4704 3275 4784 βιϐλία.
3309 4706 3407 4763 Καὶ
3448 4701 3559 4763 ἔστι
3594 4710 3693 4773 τῆς
3725 4701 3823 4774 μὶν
3855 4706 3971 4757 Πα-

552 4797 620 4854 Et
647 4798 873 4856 Veteris
900 4800 1137 4873 quidem
1166 4802 1526 4858 Testamenti
1558 4801 1616 4856 hi
1648 4805 1821 4858 sunt:

2312 4800 2469 4863 λαιᾶς
2500 4801 2776 4871 Διαθήχης
2804 4802 2990 4855 ταῦτα’

622 4886 886 4959 Genesis,
943 4891 1115 4961 cujus
1172 4890 1410 4947 initium
1440 4895 1529 4949 est
1561 4908 1574 4945 :
1609 4896 1729 4948 «In
1767 4892 2053 4965 principio
2071 4892 2206 4948 fecit

550 4983 706 5036 Deus
734 4979 942 5037 oculum
965 4986 1021 5037 et
1048 4986 1285 5039 terram.
1317 5002 1345 5035 ι

622 5068 874 5137 Exodus,
928 5072 1097 5143 cuiius
1128 5070 1365 5128 initium
1390 5076 1520 5129 est:
1555 5096 1581 5121 ‹‹
1616 5073 1743 5128 llaec
1772 5077 1915 5129 sunt
1961 5072 2203 5129 nomina

550 5156 801 5215 ﬁliorum
829 5160 1027 5229 Israel,
1062 5162 1242 5234 quiin
1264 5162 1572 5236 Egyptum
1592 5162 1841 5236 ingressi
1873 5167 2032 5219 sunt.
2065 5184 2093 5211 »

620 5247 927 5317 Leviticus,
979 5252 1150 5324 cujus
1201 5252 1551 5326 principium
1604 5257 1729 5309 est:
1765 5274 1794 5300 ι(
1852 5252 1923 5308 Et
1978 5251 2204 5308 vocavit

548 5338 831 5395 Dominus
863 5339 1123 5414 Moysen,
1145 5346 1202 5398 et
1228 5341 1456 5399 locutus
1486 5348 1575 5399 est
1602 5341 1685 5397 illi
1734 5342 1793 5397 in
1825 5340 2202 5399 tabernaculo

550 5426 895 5485 testimonii.
933 5453 961 5479 η

621 5516 879 5588 Numeri,
912 5522 1080 5593 cujus
1123 5520 1357 5578 initium
1392 5525 1476 5578 est
1506 5539 1519 5578 :
1561 5542 1583 5570 ι
1620 5526 1685 5577 Et
1716 5520 1946 5577 locutus
1976 5524 2066 5577 est
2088 5524 2197 5576 Do-

549 5605 748 5663 minus
777 5607 849 5664 ad
881 5609 1199 5686 Moysen,in
1230 5611 1551 5669 solitudine
1572 5610 1791 5678 Sina,in
1820 5610 2200 5669 tabernaculo

550 5694 892 5759 testimonii.
924 5720 956 5754 si

330 5782 403 5803 “’
496 5798 575 5841 ηε.

2382 4887 2615 4960 Γένεσις,
2647 4888 2711 4943 οὗ
2756 4890 2792 4958 ἡ
2826 4888 2995 4964 ἀρχή·
3033 4911 3063 4940 «ι
3110 4887 3197 4941 Ἔν
3253 4885 3403 4961 ἀρχῇ
3452 4882 3703 4953 ἐποίησεν
3750 4879 3778 4934 ὁ
3829 4878 3969 4941 Θεὸς

2308 4979 2400 5034 τὸν
2433 4978 2655 5054 οὐρανὸν
2682 4977 2772 5033 καὶ
2802 4978 2901 5046 τήν
2935 4983 3063 5052 γῆν.
3098 4998 3127 5028 ››

2382 5064 2625 5139 ’Έξοδος,
2677 5065 2740 5121 οὗ
2796 5068 2831 5135 ἡ
2892 5065 3061 5142 ἀρχήο
3124 5087 3153 5117 ‹‹
3209 5065 3388 5120 Ταῦτα
3440 5059 3509 5117 τὰ
3556 5057 3797 5131 ὀνόματα
3848 5059 3967 5112 τῶν

2310 5157 2442 5212 υἱῶν
2477 5154 2698 5233 Ἰσραὴλ
2726 5160 2833 5211 τῶν
2868 5152 3334 5230 εἰσπορευομένων
3366 5151 3443 5213 εἷς
3476 5147 3771 5224 Αἴγυπτον.
3804 5170 3835 5199 ››

2382 5246 2685 5319 Λευῖτικὸν,
2714 5245 2775 5301 οὗ
2823 5247 2857 5315 ἠ
2890 5244 3068 5321 ams-
3098 5266 3128 5296 ι(
3160 5242 3258 5298 Καὶ
3309 5238 3530 5297 ἐκάλεσε
3581 5242 3843 5305 Emito-71v,
3875 5234 3969 5291 καὶ

2310 5333 2549 5407 ἐλάλησα
2576 5336 2774 5411 Κύριος
2802 5334 2951 5408 αὐτῷ
2982 5333 3034 5389 ιν
3054 5336 3125 5407 τῇ
3156 5334 3332 5405 σκηνῇ
3359 5333 3457 5386 τοῦ
3493 5324 3809 5403 μαρτυρίου.
3862 5348 3893 5378 ω

2383 5516 2662 5593 Ἀριθμοὶ,
2696 5516 2759 5571 οὗ
2811 5516 2847 5585 ἡ
2887 5513 3058 5591 ἀρχή.
3098 5534 3127 5569 ι
3155 5510 3251 5568 Καὶ
3302 5506 3542 5579 ἐλάλησι
3580 5505 3775 5581 Κύριος
3821 5505 3966 5578 πρὸς

2308 5611 2544 5675 Μωϋσῆν
2574 5602 2626 5661 ἐν
2657 5607 2726 5680 τῇ
2758 5603 2953 5681 ἐρήμῳ
2978 5605 3046 5677 τῇ
3079 5606 3214 5658 Σινᾶ
3243 5599 3293 5655 ἐν
3332 5601 3401 5671 τῇ
3450 5597 3623 5671 σκηνῇ
3670 5596 3768 5649 τοῦ
3816 5612 3965 5669 μαρ-

2306 5694 2515 5774 τυρίου.
2547 5718 2579 5748 ι»
