4372 6214
420 332 538 393 285

421 461 863 537 Δευτερονόμιον,
921 464 985 517 οὗ
1042 466 1075 533 ἡ
1135 465 1308 541 ἀρχή⁸
1358 491 1387 519 ‹‹

420 549 657 622 ἐλάλησε
688 558 923 623 Μωυσῆς
954 554 1111 609 παντὶ
1158 555 1377 631 Ἰσραὴλ
1426 558 1590 632 πέραν
1646 560 1742 613 τοῦ
1775 553 2064 627 Ἰορδάνου,

421 637 472 693 ἐν
524 641 594 711 τῇ
652 641 866 717 ἐρήμῳ,
894 643 1033 719 πρὸς
1089 641 1340 718 δυσμαῖς,
1372 645 1608 716 πλησίον
1656 652 1757 715 τῆς
1807 647 2065 720 Ἐρυθρᾶς

417 726 714 801 θαλάσσης.
751 754 779 781 ››

490 819 699 888 Ἰησοῦς
731 821 758 874 ὁ
788 824 883 874 τοῦ
914 825 1087 891 Ναυῆ,
1119 823 1181 877 οῦ
1212 826 1246 892 ἡ
1298 824 1468 899 ἀρχήο
1505 849 1532 875 ‹‹
1574 826 1687 897 (63)
1714 823 1812 878 Καὶ
1857 822 2067 899 ἐγένετο

421 908 557 981 μετᾶ
600 910 699 978 τὴν
748 909 1003 979 τελευτὴν
1062 909 1263 968 δούλου
1323 914 1539 990 Κυρίου,
1576 912 1691 968 εἷπε
1747 913 1941 989 Κύριος
1989 918 2068 985 τῷ

420 998 623 1067 Ἰησοῦ,
657 999 757 1070 υίῷ
787 1001 963 1072 Ναυῆ,
999 999 1304 1078 λειτουργῷ
1338 1006 1569 1073 Μωυσῆ,
1603 1001 1797 1077 λέγων.
1829 1026 1854 1053 ››

490 1087 702 1160 Κριταὶ,
736 1088 797 1143 οὗ
832 1091 866 1159 ἡ
902 1091 1070 1166 ἀρχή·
1108 1115 1134 1141 ‹‹
1170 1094 1264 1146 Καὶ
1299 1091 1507 1167 ἐγένετο
1552 1093 1686 1165 μετὰ
1734 1093 1832 1161 την
1881 1104 2066 1147 τελευ-

418 1176 527 1263 τὴν.
554 1176 753 1247 Ἰησοῦ,
784 1178 873 1232 καὶ
927 1178 1284 1256 ἐπηρώτησαν
1342 1183 1392 1236 οἱ
1453 1181 1561 1236 υἱοὶ
1621 1181 1842 1257 Ἰσραὴλ
1874 1183 1985 1254 (64)
2015 1180 2065 1235 ἐν

422 1263 609 1338 Κυρίῳ
640 1265 907 1341 λέγοντες·
942 1270 1028 1331 Τίς
1059 1266 1381 1341 ἀναϐήσεται
1420 1272 1555 1344 πρὸς
1587 1270 1713 1333 τοὺς
1737 1277 2067 1333 Χαναναιους

422 1353 803 1430 ἀφηγούμενος
830 1377 843 1427 ;
880 1381 909 1408 »

493 1442 687 1513 Ῥοὺθ’,
720 1444 782 1499 οὗ
814 1448 848 1515 ἡ
883 1446 1051 1521 ἀρχή·
1087 1472 1115 1499 ‹‹
1149 1448 1246 1503 Καὶ
1278 1447 1483 1524 ἐγένετο
1516 1448 1566 1503 ἐν
1596 1454 1672 1521 τῷ
1700 1448 1900 1525 κρίνειν
1942 1448 2067 1511 τοὺς

418 1534 628 1607 κριτὰς,
664 1532 873 1609 ἐγένετο
906 1535 1067 1609 λιμὸς
1102 1536 1151 1591 ἐν
1183 1542 1251 1611 τῇ
1293 1542 1388 1611 γῇ.
1426 1562 1453 1589 ››

492 1620 787 1678 Βασιλειῶν
821 1626 1013 1700 πρώτη
1064 1629 1153 1680 καὶ
1205 1624 1443 1701 δευτέρα,
1478 1627 1553 1689 εἷς
1585 1628 1640 1682 ἓν
1676 1626 2067 1701 ἀριθμούμεναι

423 1705 663 1786 βιϐλίον.
689 1712 785 1766 Καὶ
841 1716 941 1782 τῆς
995 1714 1088 1787 μὲν
1134 1714 1355 1790 πρώτης
1397 1718 1431 1785 ἡ
1465 1716 1634 1791 ἀρχή·
1669 1740 1697 1768 ‹‹
1730 1715 1826 1770 Καὶ
1858 1714 2069 1791 ἅνθρω-

1529 336 1907 399 SYNOPSIS
1954 335 2421 399 SGRIPTURIE
2463 336 2764 400 SACRE.

1442 466 1607 522 Οὗτοι
1662 467 1714 521 οἱ
1762 463 1939 541 λόγοι,
1972 464 2064 526 οὓς

2254 467 2791 536 Denteronomium,
2827 470 2997 541 cujus
3047 468 3281 523 initium
3312 471 3436 523 est:
3487 490 3518 519 «
3549 468 3648 524 Isti
3682 472 3823 526 sunt

3702 337 3822 401 286

2178 572 2497 622 sermones,
2512 574 2659 630 quos
2678 558 2908 614 locutus
2932 564 3020 615 est
3041 558 3269 629 Moyses
3291 558 3361 612 ad
3378 573 3614 613 omnem
3634 558 3817 614 Israe-

2178 645 2291 701 lem
2325 651 2488 702 trans
2536 648 2876 717 Jordanem,
2937 647 2996 702 in
3046 646 3363 703 solitudine
3418 646 3490 702 ad
3523 660 3818 715 occasum,

2177 751 2354 807 prope
2387 753 2544 793 mare
2575 738 2857 793 Rubrum.
2894 758 2923 787 ››

2247 829 2419 882 Jesus
2450 826 2609 882 ﬁlius
2659 827 2834 896 Nave,
2882 827 3052 898 cujus
3109 825 3346 881 initium
3396 829 3519 881 est:
3553 846 3581 875 ››
3639 825 3708 880 Et
3738 824 3825 879 fa-

2180 920 2338 971 ctum
2370 920 2459 971 est
2490 922 2622 987 post
2646 921 2893 973 mortem
2917 914 3067 972 servi
3089 914 3509 982 Domini,dixit
3539 912 3824 970 Dominus

2179 1005 2247 1059 ad
2281 1005 2443 1075 Jesu,
2477 1004 2662 1059 ﬁlium
2695 1006 2869 1073 Nave,
2906 1004 3193 1060 famulum
3227 1003 3462 1077 Moysis.
3499 1025 3527 1052 »

2247 1095 2505 1160 Judices,
2539 1094 2709 1165 cujus
2734 1092 2968 1149 initium
3001 1097 3126 1149 est:
3164 1115 3190 1143 ‹‹
3221 1093 3289 1148 Et
3322 1092 3539 1147 factum
3573 1096 3664 1147 est
3694 1094 3827 1164 post

2180 1188 2428 1240 mortem
2450 1183 2613 1255 Jesu,
2637 1188 2691 1239 et
2713 1183 3150 1256 interrogarunt
3164 1180 3266 1237 ﬁlii
3293 1180 3470 1238 Israel
3492 1180 3826 1251 Dominum,

2178 1272 2474 1328 dicentes:
2536 1272 2676 1336 Quis
2735 1272 3007 1328 ascendet
3076 1272 3194 1326 dux
3250 1271 3529 1326 adversus
3585 1269 3822 1325 Chana-

2177 1379 2334 1418 naeos
2354 1363 2382 1417 ?
2414 1382 2437 1414 η

2250 1451 2427 1518 Ruth,
2460 1451 2630 1521 cujus
2662 1450 2895 1507 initium
2945 1454 3071 1506 est:
3100 1472 3127 1500 «
3168 1450 3237 1505 Et
3280 1449 3497 1504 factum
3547 1451 3653 1512 est,
3684 1461 3817 1502 cum

2168 1540 2504 1612 judicarent
2525 1541 2777 1612 judices,
2814 1540 2963 1596 facta
2992 1545 3082 1596 est
3110 1539 3291 1594 fames
3323 1537 3381 1593 in
3411 1541 3583 1593 terra.
3611 1558 3639 1584 ››

2252 1630 2496 1701 Regum,
2528 1630 2756 1701 primus
2786 1634 2845 1685 et
2891 1629 3208 1698 secundus,
3239 1628 3299 1682 in
3350 1642 3533 1682 unum
3573 1640 3821 1696 compu-

2176 1723 2377 1774 tantur
2407 1718 2646 1788 librum,
2678 1723 2737 1774 et
2782 1717 2954 1790 primi
2993 1717 3231 1789 quidem
3280 1715 3515 1771 initium
3546 1717 3655 1770 est.
3687 1734 3716 1762 «
3752 1712 3822 1769 Et

417 1820 519 1861 πος
664 1799 981 1909 ’.ἣρμαθαΐμ
1028 1808 1188 1881 Σιφᾶ,
1223 1804 1275 1875 ἐξ
1326 1800 1485 1879 ὅρους
1518 1806 1776 1883 Ἐφραῖμ,
1805 1805 1895 1861 καὶ
1944 1801 2065 1859 ὅνο-

2177 1807 2352 1863 homo
2376 1812 2497 1862 erat
2512 1823 2581 1862 ex
2608 1806 2969 1862 Armathaim
2995 1806 3192 1877 Sipba,
3212 1806 3283 1860 de
3305 1808 3502 1859 monte
3518 1802 3817 1874 prraim,

422 1909 497 1963 μα
526 1888 673 1961 αύτῷ
704 1889 954 1961 Ἐλκανᾶ,
989 1891 1102 1954 υἱὸς
1132 1893 1439 1966 Ἱερεμεὴλ,
1468 1897 1579 1967 (65)
1612 1896 1731 1950 υἱοῦ
1761 1894 1932 1952 Ἡλεί.
1968 1919 1997 1946 ››

488 1984 596 2048 Τῆς
649 1976 707 2034 δὲ
755 1976 1003 2057 δευτέρας
1032 1984 1065 2051 ἡ
1100 1981 1270 2059 ἀρχήο
1307 2006 1334 2035 ‹‹
1369 1984 1605 2057 Ἐγένετο
1660 1986 1796 2057 μετὰ
1839 1986 1901 2039 τὸ
1931 1984 2067 2039 ἀπο-

422 2069 593 2123 θανεῖν
626 2067 833 2139 Σαοὺλ,
863 2070 953 2125 καὶ
985 2066 1150 2127 Δαϐὶδ
1194 2072 1483 2149 ἀνέστρεψε
1523 2073 1738 2129 τύπτων
1768 2074 1860 2129 τὸν
1892 2079 2070 2147 Ἀμα-

422 2154 552 2228 Mx.
590 2181 612 2209 ι
1019 2217 1022 2220 .

497 2244 792 2303 Βασιλειῶν
852 2246 1005 2324 τρίτη
1058 2249 1148 2303 καὶ
1204 2249 1455 2326 τετάρτη,
1490 2251 1565 2314 εἷς
1621 2251 1676 2307 ’ἐν
1728 2252 1892 2310 πάλιν
1950 2252 2069 2327 ἀρι-

427 2335 730 2408 θμούμεναι
767 2332 1002 2411 βιϐλίον.
1037 2339 1133 2393 Καὶ
1162 2346 1263 2408 τῆς
1298 2340 1392 2411 μὶν
1420 2341 1611 2416 τρίτης
1641 2344 1676 2411 ἡ
1709 2343 1880 2417 ἀρχή·
1920 2367 1941 2394 ι
1971 2341 2071 2396 Καὶ

428 2425 457 2478 ὁ
502 2423 755 2498 βασιλεὺς
836 2420 1002 2481 Δαϐὶδ
1073 2423 1454 2503 πρεσϐύτερος,
1506 2425 1865 2505 προϐεϐηκὼς
1932 2431 2071 2503 ἡμέ-

431 2532 571 2588 ραις·
605 2514 694 2568 καὶ
742 2510 1102 2590 περιέϐαλλον
1153 2515 1311 2571 αὐτὸν
1350 2517 1613 2590 ἱματίοις,
1645 2518 1734 2573 καὶ
1787 2519 1887 2575 οὐκ
1933 2519 2074 2596 ἐθερ·

434 2601 676 2674 μαίνετο.
710 2627 738 2655 )›

499 2695 605 2761 Τῆς
653 2689 711 2747 δὲ
754 2692 1015 2769 τετάρτης
1059 2695 1093 2764 ἡ
1146 2694 1315 2770 ἀρχή
1351 2720 1379 2747 ‹‹
1412 2696 1511 2751 Καὶ
1558 2697 1787 2769 ἠθέτησε
1814 2695 1986 2755 Μωάϐ
2018 2699 2069 2756 ἐν

430 2780 671 2857 Ἰσραὴλ,
708 2782 844 2855 μετὰ
871 2783 933 2837 τὸ
965 2783 1248 2847 ἀποθανεῖν
1277 2780 1510 2860 Ἀχαάϐ.
1546 2810 1573 2837 ››

498 2867 994 2945 Παραλειπομένων
1042 2877 1263 2947 πρῶτον
1306 2874 1394 2928 καὶ
1446 2872 1714 2951 δεύτερον,
1746 2876 1820 2939 εἰς
1868 2877 1923 2933 ’ὲν
1952 2880 2071 2953 ἀρι-

425 2958 709 3032 θμούμενα
742 2955 980 3036 βιϐλίον.
1015 2961 1113 3015 Καὶ
1143 2956 1253 3017 ἔστι
1283 2966 1380 3017 τοῦ
1431 2964 1526 3036 μὲν
1576 2966 1798 3040 πρώτου
1828 2968 1864 3037 ἡ
1895 2966 2066 3043 ἀρχή·

423 3074 453 3104 ‹‹
510 3048 707 3124 Ἀδὰμ,
768 3052 902 3119 Σὴθ.
960 3053 1148 3126 Ἐνὼς,
1211 3060 1428 3122 Καϊνᾶν,
1508 3055 1825 3126 Μαλελεήλ,
1877 3055 2070 3134 Ἰαρὲδ,

420 3139 619 3215 Ἑνὼχ,
652 3138 1000 3208 Μαθουσάλα,
1036 3143 1252 3218 Λάμεχ,
1284 3147 1425 3201 Νῶε.
1460 3168 1489 3197 »

490 3233 594 3283 Τοῦ
653 3226 711 3284 δὲ
759 3226 1008 3303 δευτέρου
1058 3233 1092 3301 ἡ
1143 3231 1311 3307 ἀρχή·
1362 3257 1391 3285 ‹‹

426 3318 540 3390 μὼν
576 3318 690 3380 υἱὸς
723 3312 888 3399 Δαϐἱδ
923 3318 1011 3375 ἐπὶ
1040 3319 1139 3389 τήν
1195 3320 1470 3396 βασιλείαν
1520 3321 1706 3394 αὐτοῦ,
1738 3323 1828 3379 καὶ
1871 3324 2067 3402 Κύριος

423 3407 451 3460 ὁ
483 3406 612 3469 Θεὸς
656 3406 819 3463 αὐτοῦ
871 3415 982 3481 μετ’
1030 3401 1216 3479 αὐτοῦ,
1255 3410 1345 3465 καὶ
1394 3410 1717 3489 ἐμεγάλυνεν
1771 3401 1958 3470 αὐτὸν
1989 3414 2067 3478 είς

403 3495 578 3569 ὕψος.
613 3520 643 3548 ››

493 3582 725 3661 Ἔσδρας
782 3591 997 3661 πρῶτος
1042 3586 1132 3642 καὶ
1182 3585 1450 3664 δεύτερος,
1483 3589 1556 3652 εἷς
1586 3589 1641 3645 ἓν
1676 3591 2069 3665 ἀριθμούμενοι

424 3669 662 3750 βιϐλίον.
697 3675 795 3731 Καὶ
843 3680 939 3731 τοῦ
973 3677 1067 3750 μὲν
1101 3678 1321 3754 πρώτου
1375 3677 1547 3754 ἀρχή’
1584 3704 1610 3731 ‹‹
1780 3680 1877 3735 Καὶ
1927 3677 2065 3756 ἤγα-

419 3785 509 3839 γεν
568 3763 777 3827 Ἰωσίας
831 3765 896 3820 τὸ
944 3765 1137 3841 Πάσχα
1193 3766 1245 3821 ἐν
1302 3768 1669 3843 Ἰερουσαλήμ
1721 3770 1800 3841 τῷ
1885 3768 2066 3844 Κυρίῳ

419 3853 612 3909 ἑαυτοῦ
639 3858 709 3929 τῇ
756 3853 1303 3931 τεσσαρεσκαιδεκάτῃ
1359 3858 1543 3931 ἡμέρᾳ
1594 3862 1694 3914 τοῦ
1753 3858 1928 3931 μηνὸς
1968 3862 2069 3914 τοῦ

415 3941 659 4020 πρώτου.
694 3967 723 3995 ››

486 4036 593 4088 Τοῦ
625 4029 684 4088 δὶ
714 4030 965 4109 δευτέρου
998 4036 1033 4103 ἡ
1068 4035 1238 4110 ἀρχή.
1267 4059 1295 4088 ‹‹
1328 4035 1427 4091 Καί
1467 4035 1518 4091 ἐν
1571 4035 1651 4109 τῷ
1700 4036 1905 4113 πρώτῳ
1959 4031 2065 4095 ἔτει

412 4121 592 4196 Κύρου
622 4118 719 4177 τοῦ
771 4120 1038 4197 βασιλέως
1098 4128 1340 4199 Περσῶν,
1370 4128 1469 4179 τοῦ
1525 4124 1840 4196 τελεσθῆναι
1902 4125 2066 4201 λόγον

412 4210 519 4266 ἀπὸ
549 4210 816 4285 στόματος
864 4210 1149 4288 Ἰερεμίου,
1183 4212 1427 4289 ἐξήγειρε
1482 4214 1685 4289 Κύριος
1732 4219 1795 4271 τό
1851 4220 2067 4289 πνεῦμα

416 4298 592 4374 Κύρου
620 4304 717 4354 τοῦ
751 4298 1017 4374 βασιλέως
1050 4306 1289 4376 Περσῶν.
1322 4326 1351 4354 ›)

410 4451 418 4459 ,
487 4391 808 4464 Ψαλτήριον
868 4385 1178 4458 Δαϐιτικὸν,
1234 4387 1363 4467 ἔχον
1423 4390 1678 4466 ψαλμοὺς
1738 4395 1867 4469 ρνα’”
1916 4394 1980 4450 οὗ
2025 4399 2063 4466 ἡ

417 4477 589 4552 ἀρχὴ,
622 4473 789 4551 ἤγουν
815 4478 843 4531 ὁ
874 4481 1090 4553 πρῶτος
1138 4478 1380 4551 ψαλμός·
1416 4504 1444 4531 ‹‹
1476 4479 1752 4553 Μακάριος
1810 4482 1946 4556 ἀνὴρ
2003 4483 2062 4547 ὃς

417 4565 520 4621 οὐκ
546 4565 809 4632 ἐποθεύθη
841 4566 894 4620 ὲν
930 4563 1106 4642 βουλῇ
1140 4562 1367 4622 ἀσεϐῶν.
1400 4590 1430 4620 ››

486 4652 787 4732 Παροιμίαι
820 4654 1180 4727 Συλομῶντος
1212 4657 1423 4731 (67),οὗ
1454 4659 1487 4729 ἠ
1517 4659 1732 4735 ἀρχή·«
1762 4661 2059 4738 Παροιμίαι

412 4742 782 4818 Σολομῶντος
838 4745 959 4800 υἱοῦ
1016 4739 1203 4817 Δαϐἱδ,
1234 4745 1293 4809 ὃς
1349 4742 1688 4805 ἐϐασίλευσεν
1729 4748 1781 4806 ἐν
1816 4750 2057 4827 Ἰσραὴλ,

408 4838 614 4911 γνῶναι
643 4832 830 4911 σοφίαν
861 4833 950 4890 καὶ
981 4830 1246 4892 παιδείαν.
1282 4860 1312 4887 ››

478 5011 909 5083 Ἐκκλησιαστὴς
960 5016 1058 5068 τοῦ
1095 5013 1282 5085 αὐτοῦ,
1315 5015 1379 5069 οῦ
1435 5018 1470 5085 ἡ
1524 5015 1692 5091 ἀρχή·
1728 5041 1757 5069 ‹‹
1815 5018 2059 5092 Ῥήματα

476 5174 590 5247 (63)
615 5173 1078 5253 ‘Initi_um_=losue
1135 5174 1219 5253 sic
1268 5176 1442 5253 habet
1473 5193 1486 5233 :
1522 5176 1617 5231 Καὶ
1651 5177 1863 5253 ἐγένετο
1924 5181 2059 5253 μετὰ

404 5244 502 5324 τὴν
530 5244 811 5324 Δτελευτὴν
866 5245 1101 5324 Minuci),
1150 5244 1294 5324 sine_
1324 5246 1525 5324 Κύριος
1581 5253 1660 5320 τῷ
1691 5244 1935 5323 ”Ιησοῦ,’
1956 5253 2058 5324 υίῷ

408 5318 585 5394 Ναυῆ,
609 5320 689 5388 τῷ
720 5317 980 5394 ὑπουργῷ
1013 5318 1244 5394 Μώϋσῆ,
1280 5317 1478 5394 λέγών.

409 5389 689 5515 “(gain
738 5389 936 5447 Graeco
991 5389 1297 5462 Scriptura
1354 5389 1514 5448 textu
1566 5391 1799 5466 legitur,
1836 5389 1924 5448 διὰ
1957 5398 2056 5451 τοῦ

456 5480 629 5514 υοιου.

502 5534 595 5604 65)
626 5534 861 5589 Graecus
920 5532 1229 5604 Scriptura)
1265 5537 1500 5604 textus,
1556 5534 1687 5590 υἱοῦ
1732 5534 1946 5595 Ἠλιοῦ.
1988 5543 2055 5596 In

411 5602 609 5687 Graeco
629 5604 959 5687 Scriptura
979 5602 1141 5687 tgitu
1161 5602 1379 5687 legit-ur
1398 5622 1649 5687 semper,
1663 5604 1826 5687 Δαυΐὸ
1846 5626 1981 5668 cum
2004 5632 2054 5669 υ.

481 5676 592 5749 (66)
624 5676 732 5743 Qui
757 5675 975 5732 dicitur
1004 5675 1197 5733 Esdras
1226 5675 1455 5750 primus
1484 5675 1547 5737 iu
1593 5675 1807 5740 Grecis
1859 5697 2056 5743 exem-

2177 1901 2234 1954 et
2264 1912 2475 1951 nomen
2510 1895 2593 1952 illi
2628 1894 2862 1964 Elcana,
2896 1894 3052 1950 ﬁlius
3079 1892 3383 1959 Jeremeel,
3414 1891 3518 1947 ﬁlii
3549 1890 3690 1946 Heli.
3722 1911 3752 1941 ι)

2250 1986 2501 2042 Secundi
2533 2002 2664 2041 vero
2718 1984 2950 2040 initium
2983 1988 3074 2040 est
3105 2001 3118 2039 :
3152 2007 3179 2035 «
3225 1983 3291 2039 Et
3322 1982 3538 2037 factum
3569 1982 3659 2037 est
3686 1980 3820 2050 post

2178 2080 2427 2131 mortem
2459 2073 2676 2143 Saulis,
2725 2074 2906 2130 David
2954 2089 3231 2145 percusso
3280 2070 3516 2128 Amalec
3553 2083 3818 2125 reversus

2180 2169 2288 2221 est.
2321 2186 2349 2215 »

2251 2254 2471 2325 Regum
2502 2252 2709 2309 tertius
2741 2256 2798 2309 et
2849 2256 3118 2324 quartus,
3148 2253 3205 2307 et
3254 2248 3368 2320 ipsi
3397 2265 3501 2321 pro
3530 2262 3647 2303 uno
3676 2261 3817 2302 con-

2180 2347 2570 2400 numerantur
2598 2342 2765 2397 libro.
2817 2342 2887 2397 Et
2929 2340 3084 2397 tertii
3128 2340 3366 2411 quidem
3412 2337 3647 2393 initium
3686 2339 3813 2391 est:

2183 2453 2212 2484 ‹‹
2243 2432 2311 2488 Et
2341 2448 2439 2487 rex
2470 2431 2646 2487 David
2695 2430 2909 2502 senior,
2940 2435 3108 2486 astate
3149 2430 3270 2499 jam
3302 2426 3543 2500 grandis
3572 2428 3717 2492 erat.
3750 2424 3819 2480 Et

2180 2521 2521 2595 aperiebant
2548 2537 2683 2577 eum
2713 2520 2995 2591 vestibus,
3030 2534 3133 2574 nec
3162 2524 3359 2574 tamen
3397 2514 3718 2572 caleﬁebat.
3751 2536 3781 2565 »

2250 2702 2450 2765 Quarti
2483 2718 2615 2758 vero
2668 2700 3022 2772 principium
3054 2702 3177 2754 est:
3231 2719 3259 2747 «
3292 2696 3362 2752 Et
3409 2692 3820 2767 prmvaricatus

2180 2795 2269 2848 est
2296 2791 2457 2846 Moab
2490 2790 2770 2846 adversus
2791 2786 3087 2853 Israelem,
3122 2789 3253 2858 post
3275 2788 3523 2841 mortem
3547 2780 3764 2837 Achab.
3791 2801 3819 2829 »

2252 2879 2735 2951 Paralipomenon
2761 2876 2987 2947 primus
3012 2880 3069 2931 et
3097 2875 3415 2940 secundus,
3440 2889 3542 2945 pro
3572 2886 3690 2926 uno
3718 2870 3816 2925 91

2178 2967 2327 3024 libro
2360 2971 2811 3040 computantur:
2844 2966 2914 3021 Et
2942 2963 3117 3038 primi
3158 2963 3395 3036 quidem
3426 2960 3663 3017 initium
3693 2962 3819 3014 est:

2180 3080 2210 3108 α
2242 3058 2450 3124 Adam,
2510 3056 2670 3121 Setb,
2720 3056 2893 3125 Encs,
2952 3053 3236 3120 Cbainan,
3287 3048 3571 3119 Malaleel,
3622 3046 3819 3118 Jared,

2176 3146 2398 3212 Enocb,
2431 3144 2779 3213 Mathusala,
2814 3143 3085 3209 Lamecb,
3110 3142 3250 3198 Noe.
3283 3162 3312 3191 »

1443 3233 1540 3288 Καὶ
1599 3232 1846 3311 ἐνίσχυσε
1888 3233 2065 3291 Σαλο-

2252 3235 2505 3293 Secundi
2535 3251 2668 3291 vero
2688 3233 2924 3290 initium
2948 3250 2961 3288 :
2996 3255 3024 3283 (ι
3053 3232 3119 3288 Et
3139 3230 3523 3287 conﬁrmatus
3544 3230 3634 3284 est
3659 3227 3822 3285 Salo-

2180 3343 2315 3383 mon
2347 3324 2505 3381 ﬁlius
2535 3323 2768 3380 Davidis
2794 3323 2854 3379 in
2886 3337 3063 3395 regno
3093 3337 3221 3377 suo.
3254 3320 3325 3376 Et
3358 3318 3635 3376 Dominus
3674 3318 3822 3373 Deus

2177 3416 2366 3487 ipsius
2395 3430 2530 3471 cum
2561 3414 2707 3486 ipso,
2737 3416 2795 3469 et
2844 3410 3244 3484 magniﬁcavit
3290 3424 3426 3466 eum
3465 3407 3537 3464 ad
3568 3405 3822 3464 sublime

2178 3520 2387 3576 usque.
2425 3526 2447 3553 ι»

2248 3593 2461 3649 Esdras
2486 3592 2714 3664 primus
2742 3594 2801 3647 et
2829 3588 3125 3647 secundus
3156 3604 3272 3644 uno
3304 3584 3818 3658 comprehendun-

2177 3687 2275 3740 tur
2303 3683 2621 3739 volumine.
2654 3683 2725 3739 Et
2753 3679 2929 3755 primi
2978 3680 3215 3753 quidem
3265 3677 3501 3733 initium
3532 3679 3658 3730 est:
3692 3696 3717 3723 ‹‹
3752 3673 3821 3728 Et

2176 3772 2389 3829 obtulit
2439 3773 2634 3829 Josias
2684 3771 2908 3835 Pascha
2936 3769 2997 3825 in
3041 3765 3369 3825 Jerusalem
3417 3764 3659 3820 Domino
3688 3776 3815 3828 suo,

2176 3866 2389 3934 quarta
2418 3860 2646 3917 decima
2675 3860 2769 3916 die
2797 3857 3021 3915 mensis
3052 3854 3247 3928 primi.
3273 3876 3303 3904 »

2247 4037 2500 4095 Secundi
2528 4052 2661 4093 vero
2687 4053 2700 4093 :
2735 4057 2764 4087 «
2795 4036 2865 4091 Et
2883 4034 2943 4090 in
2965 4032 3156 4108 primo
3178 4046 3332 4089 anno
3353 4029 3485 4105 Cyri
3506 4029 3660 4102 regis
3687 4032 3817 4085 Per-

2175 4143 2397 4194 sarum,
2432 4130 2497 4182 ut
2524 4124 2944 4197 adimpleretur
2962 4138 3177 4191 sermo,
3208 4120 3310 4193 qui
3330 4119 3404 4176 ab
3431 4135 3529 4177 ore
3551 4118 3816 4176 Jeremias

2174 4220 2559 4289 processerat,
2592 4214 2862 4270 excitavit
2892 4212 3177 4269 Dominus
3205 4210 3478 4284 spiritum
3508 4208 3637 4279 Cyri
3664 4209 3816 4282 regis

2174 4305 2506 4362 Persarum.
2541 4325 2570 4353 »

2246 4391 2591 4450 Psalterium
2621 4391 2986 4462 Davidicum,
3018 4390 3240 4448 habens
3272 4388 3531 4463 psalmos
3561 4403 3669 4443 cu.
3703 4387 3815 4443 Cu-

2167 4485 2269 4555 jus
2300 4483 2536 4539 initium
2568 4486 2693 4539 est:
2727 4504 2755 4533 α
2788 4483 3000 4538 Beatus
3016 4480 3103 4536 vir
3132 4479 3233 4551 qui
3265 4494 3381 4535 non
3414 4474 3735 4534 ambulavit
3756 4475 3815 4531 in

2093 4584 2141 4651 Ῑ)
2173 4573 2417 4629 consilio
2446 4572 2786 4644 impiorum.
2822 4593 2852 4621 ››

2242 4660 2536 4718 Parabolas
2566 4658 2914 4729 Salomonis,
2939 4659 3107 4731 cujus
3130 4655 3486 4730 principium
3508 4663 3630 4713 est:
3660 4678 3681 4705 ι
3708 4654 3815 4711 Pa-

2167 4750 2379 4807 rabolas
2408 4750 2759 4817 Salomonis,
2817 4748 2920 4804 ﬁlii
2973 4745 3244 4804 Davidis:
3303 4744 3406 4817 qui
3456 4744 3721 4817 regnavit
3752 4744 3813 4799 in

2167 4839 2364 4909 Israel,
2423 4841 2495 4896 ad
2571 4837 3035 4909 cognoscendam
3106 4834 3453 4908 sapientiam
3523 4836 3581 4889 et
3635 4831 3813 4888 disci-

2398 4951 2475 4984 ,υ

2206 4928 2247 4983 li
2398 4969 2411 4984 .
2445 4951 2475 4979 υ

2166 4945 2202 5000 p
2237 4945 2615 5080 ἕέοἷεὶαιῐθε
2644 5016 2932 5089 ejusdem,
2952 5015 3122 5085 cujus
3144 5012 3379 5069 initium
3409 5016 3533 5069 est:
3572 5031 3600 5066 α
3619 5010 3814 5067 Verba

2166 5180 2430 5264 plaribus
2460 5179 2555 5264 bis
2606 5178 2814 5264 tertius
2870 5180 2960 5264 est
2992 5176 3049 5264 in
3081 5174 3285 5264 Bibliis
3334 5173 3572 5264 nostris,
3603 5172 3807 5243 etjam

2165 5246 2317 5328 inter
2338 5250 2709 5328 apocbrypba
2731 5252 3127 5328 computatur.
3150 5246 3578 5328 inchoatur-que
3608 5261 3642 5299 a
3660 5259 3810 5328 χειν

2166 5323 2353 5406 capite
2376 5316 2887 5406 Paralipomenon,
2921 5338 3027 5406 nec
3056 5320 3271 5403 legitur
3290 5318 3350 5406 in
3371 5316 3669 5406 Περι·ῃοὶρ.
3697 5316 3807 5399 Qui

2165 5387 2361 5451 autem
2384 5387 2678 5452 secundus
2704 5394 2799 5451 hic
2829 5387 3062 5460 dicitur,
3086 5387 3314 5466 primus
3332 5394 3422 5446 est
3438 5388 3499 5445 in
3527 5387 3807 5445 Hebraico

2378 5538 2442 5620 ln
2494 5537 2717 5620 graecis.
2752 5536 3063 5620 Scriptura
3110 5532 3538 5607 exemplaribus
3567 5528 3801 5602 legitur,

2164 5609 2464 5683 Σαλομών,
2494 5610 2590 5668 hic
2618 5614 2674 5666 et
2703 5609 2970 5666 inferius.
