4372 6214
597 362 720 424 287
1799 374 1864 434 S.
1909 371 2429 433 ATHANASIUS.
2450 402 2529 415 —
2557 369 2824 468 DIIBIA.
3872 375 3969 437 288

599 495 988 567 Ecclesiastaa,
1024 500 1124 553 filii
1156 501 1388 557 Davidis
1421 506 1568 575 regis
1601 505 1773 561 Israel
1804 506 1863 560 in
1896 503 2240 561 Jerusalem.
2276 506 2325 570 Α

2276 502 2810 575 ΑἘκχλησιαστοῦ,
2873 504 2993 556 υἱοῦ
3062 498 3247 573 Δαϐὶδ,
3330 500 3595 576 βασιλέως
3668 502 3876 577 Ἰσραὴλ
3928 505 3966 559 ὲν

602 584 847 641 Vanitas
879 588 1199 646 vanitatum
1230 596 1287 648 et
1314 594 1513 650 omnia
1546 595 1793 651 vanitas.
1828 616 1857 645 »

2356 590 2719 663 Ἰερουσαλήν.
2805 591 3120 662 Ματαιότης
3204 592 3621 663 ματαιοτήτων,
3688 592 3756 647 τὰ
3829 592 3970 647 πάντα

2363 679 2681 752 ματαιότης.
2719 707 2741 736 ι

682 764 985 821 Canticum
1040 770 1423 839 canticorum,
1482 775 1768 844 ejusdem,
1818 774 1987 844 cujus
2036 771 2249 843 princi-

2246 802 2249 811 -
2431 770 2615 841 ’ᾼσμα
2674 770 2926 843 ᾀσμάτων
2981 775 3078 825 τοῦ
3134 768 3319 838 αὐτοῦ,
3354 766 3416 822 οὗ
3465 770 3500 837 ἡ
3551 768 3721 844 ἀρχή·
3765 795 3790 821 ‹‹
3821 773 3972 843 ’ᾼσμι

611 852 771 924 pium
806 859 928 909 est:
964 880 990 906 ‹‹
1025 858 1328 915 Canticum
1375 864 1757 927 canticorum,
1789 863 1944 936 quod
1982 866 2071 917 est
2097 859 2252 915 Salo-

2245 889 2252 898 -
2361 855 2638 928 ᾀσμάτων,
2672 858 2702 912 ὅ
2733 859 2841 913 ἐστι
2871 864 2950 930 τῷ
2982 858 3275 931 Σολομών.
3311 854 3608 926 Φιλησάτω
3641 878 3710 930 με
3756 858 3854 913 ἀπὸ
3904 882 3971 936 φι.

612 943 790 998 moni.
824 942 1130 1001 Osculetur
1161 965 1253 1003 me
1285 950 1504 1006 osculis
1549 952 1667 1007 oris
1698 953 1810 1020 sui,
1844 950 1982 1023 quia
2011 949 2254 1005 meliora

2247 974 2254 1002 ι
2363 944 2433 1015 λη
2445 945 2627 1017 μάτων
2656 943 2925 1021 στόματος
2954 947 3141 1020 αὐτοῦ,
3173 946 3254 1001 ὅτι
3286 945 3479 1021 ἀγαθοὶ
3514 946 3710 1018 μαστοί
3754 968 3843 1002 σου
3872 949 3973 1023 ὑπὲρ

612 1039 744 1085 sunt
777 1032 956 1088 ubera
986 1039 1087 1089 tua
1116 1035 1268 1093 vino.
1298 1057 1325 1089 ι

865 1049 956 1088 era
986 1039 1087 1089 tua
1116 1035 1268 1093 vino.
1298 1057 1325 1089 ι
2362 1034 2529 1091 οἶνον.
2565 1061 2591 1087 ››

681 1120 812 1187 Job,
845 1123 1015 1193 cujus
1050 1124 1400 1198 principium
1435 1132 1558 1183 est:
1598 1150 1624 1177 «
1657 1128 1838 1184 Homo
1870 1128 2257 1199 quidam‘erat

2248 1144 2257 1182 ι
2435 1120 2580 1195 Ἰὼϐ,
2615 1125 2677 1179 οὗ
2731 1127 2765 1194 ἡ
2827 1126 2996 1201 ἀρχή·
3033 1150 3059 1175 ‹‹
3116 1120 3438 1199 ’Ἄνθρωπός
3494 1146 3578 1187 τις
3628 1126 3695 1194 ἦν
3757 1127 3807 1180 ἓν
3850 1129 3974 1200 χώρᾳ

611 1207 671 1262 in
706 1210 942 1280 regione
972 1213 1258 1283 Ausitide,
1292 1216 1525 1271 nomine
1547 1217 1677 1271 Joh.
1713 1218 1780 1272 Et
1810 1223 1934 1272 erat
1963 1216 2135 1271 homo
2160 1214 2255 1270 ille

2248 1236 2255 1267 ι
2361 1211 2614 1268 Δύσέτιδι
2674 1216 2809 1287 (68),
2857 1213 2904 1287 ᾧ
2956 1211 3127 1287 ὄνομα
3183 1209 3331 1281 Ἰὼϐ,
3363 1215 3452 1268 καὶ
3510 1215 3575 1283 ἦν
3634 1214 3663 1269 ὁ
3724 1212 3974 1287 ἅνθρωπος

610 1296 951 1369 inculpatus
981 1304 1036 1354 et
1066 1300 1393 1374 religiosus.
1428 1328 1457 1353 »

2362 1300 2560 1363 ἐκεῖνος
2595 1300 2879 1375 ἄμεμπτος
2912 1303 2999 1357 καὶ
3033 1298 3312 1372 θεοσεϐής.
3345 1323 3370 1354 η

686 1386 1003 1442 Duodecim
1036 1390 1353 1463 Prophetas,
1380 1411 1493 1449 uno
1516 1394 1809 1450 volumine
1830 1394 2253 1467 comprehensi.

2246 1435 2253 1450 .
2436 1396 2717 1469 Προφῆται
2777 1388 3006 1464 δώδεκα,
3062 1392 3139 1453 εἱς
3190 1391 3244 1446 ’ὲν
3306 1390 3701 1465 ἀριθμούμενοι
3775 1386 3972 1467 βιϐλίον.

615 1479 764 1531 Sunt
794 1480 985 1533 autem
1018 1478 1134 1549 isti,
1183 1481 1325 1538 Osee
1356 1482 1601 1554 primus,
1653 1485 1821 1554 cujus
1864 1484 2095 1539 initium
2128 1489 2251 1539 est:

2249 1529 2251 1535 ,
2363 1478 2481 1534 Εἰσὶ
2518 1478 2574 1534 δὲ
2604 1481 2775 1552 οὗτοι,
2806 1481 2962 1551 Ὠσηὲ
3015 1485 3251 1557 πρῶτος,
3286 1481 3348 1535 οὗ
3395 1480 3607 1555 ἡάρχή’
3641 1506 3668 1532 ‹‹
3705 1480 3866 1555 Λόγος
3896 1483 3975 1536 Κυ-

619 1585 648 1615 ‹‹
677 1565 876 1620 Sermo
906 1566 1157 1638 Domini,
1190 1571 1289 1641 qui
1323 1572 1510 1628 factus
1539 1578 1629 1629 est
1658 1574 1729 1629 ad
1762 1573 1905 1629 Osee
1938 1572 2123 1628 ﬁlium
2157 1578 2254 1626 Be-

2250 1604 2254 1613 ›
2366 1569 2505 1644 ρίου,
2538 1570 2595 1630 ’ὀς
2652 1568 2882 1644 ἐγενήθη
2937 1569 3073 1645 πρὸς
3125 1569 3304 1639 Ὠσηὲ,
3335 1569 3427 1623 τὸν
3455 1573 3552 1623 τοῦ
3583 1570 3771 1642 Βεηρὶ,
3801 1569 3976 1639 ἐνὴμέ-

617 1653 722 1716 eri,
753 1654 814 1708 in
845 1654 1052 1712 diebus
1101 1658 1245 1714 Ozias
1277 1665 1333 1715 et
1372 1661 1644 1717 Joatham
1686 1668 1744 1717 et
1791 1662 2001 1732 Achaz,
2035 1667 2092 1716 et
2120 1666 2254 1715 Eze-

2250 1691 2254 1700 ι
2367 1677 2483 1733 ραις
2544 1658 2747 1729 Ὀζίου,
2799 1658 2887 1713 καὶ
2944 1658 3319 1731 Ἰωαθὰμ,καὶ
3380 1658 3574 1733 Ἀχάζ,
3632 1659 3723 1712 καὶ
3780 1658 3976 1726 Ἐζεκίου

616 1742 783 1811 chizn,
810 1760 1010 1815 regum
1036 1746 1280 1814 Juda,et
1303 1750 1361 1804 in
1383 1750 1591 1806 diebus
1614 1752 1945 1820 Jeroboam,
1971 1750 2072 1804 filii
2094 1750 2255 1819 Joas,

2251 1792 2255 1814 ,
2370 1745 2636 1821 βασιλέων
2670 1744 2865 1817 Ἰούδα,
2898 1746 2986 1801 καὶ
3020 1746 3071 1801 ἐν
3104 1747 3338 1821 ἡμέραις
3368 1741 3660 1822 Ἰεροϐοᾶμ
3707 1750 3801 1801 τοῦ
3836 1753 3977 1815 ἰωᾶς,

617 1833 769 1905 regis
803 1833 1361 1909 Israel.Principium
1387 1841 1676 1895 sermonis
1701 1840 1927 1897 Domini
1954 1840 2010 1894 in
2039 1840 2200 1895 Osee.
2227 1861 2255 1888 »ι
2287 1872 2336 1937 Β

2171 1857 2200 1894 3.
2227 1861 2255 1888 »ι
2287 1872 2336 1937 Β
2372 1835 2638 1909 βασιλέως
2667 1836 2907 1912 Ἰσραήλ.
2942 1837 3119 1912 ’Δρχὴ
3149 1834 3315 1911 λόγου
3346 1835 3549 1937 Ῐξυρίου
3581 1835 3633 1890 ἐν
3671 1834 3853 1937 Ὠσηὲ,
3876 1860 3897 1884 n

688 1921 905 1978 Deinde
933 1931 1133 1992 Amos,
1159 1927 1327 1998 cujus
1350 1928 1705 2001 principium
1736 1935 1826 1985 est
1850 1946 1861 1984 :
1896 1952 1923 1978 «
1952 1932 2260 1986 Sermones
2288 1921 2336 1937 ὐ

2255 1921 2336 1983 tu
2442 1924 2569 1979 Εἶτα
2623 1925 2831 1997 ’Δμὼς,
2866 1925 2929 1979 οὗ
2963 1925 2997 1994 ἡ
3028 1925 3196 2000 ἀρχή·
3232 1948 3261 1975 ‹‹
3305 1924 3475 1999 Λόγοι
3537 1926 3748 1997 ’Δμὼς,
3807 1923 3854 1978 οἳ
3899 1921 3981 1996 ἐγί-

615 2014 813 2075 Amos,
848 2012 944 2081 qui
976 2012 1109 2069 facti
1141 2021 1281 2071 sunt
1322 2016 1380 2072 in
1413 2018 1698 2083 Accarim,
1732 2035 1799 2072 ex
1836 2018 2083 2086 Thecua,
2117 2037 2260 2090 quos

2253 2039 2260 2073 ι
2366 2034 2521 2067 νοντο
2547 2013 2597 2067 ἐν
2628 2014 2948 2090 ’Δκκαρεὶμ,
2980 2013 3039 2067 ἐκ
3070 2014 3287 2081 Θεκουὶ,
3319 2013 3410 2075 οὓς
3465 2011 3600 2068 εἶδεν
3664 2015 3795 2089 ὑπὲρ
3822 2014 3979 2087 Ἰερου-

614 2100 762 2155 vidit
790 2117 967 2173 super
992 2103 1337 2172 Jerusalem,
1371 2106 1430 2160 in
1477 2106 1686 2162 diebus
1712 2106 1859 2162 Ozias
1899 2107 2053 2179 regis
2082 2108 2257 2177 Juda,

2251 2152 2257 2174 ,
2369 2101 2560 2175 σαλὴμ
2615 2102 2666 2156 ἐν
2722 2102 2954 2175 ἡμέραις
3012 2102 3196 2171 Ὀζίου
3266 2101 3533 2178 βασιλέως
3590 2102 3768 2158 Ἰούδα
3817 2102 3895 2155 καὶ
3942 2100 3977 2153 ἐν

615 2194 672 2245 et
702 2190 761 2244 in
791 2190 999 2246 diebus
1026 2192 1338 2253 Jerohoam
1368 2194 1469 2249 lilii
1501 2196 1659 2266 Joas,
1689 2197 1841 2268 regis
1873 2196 2069 2265 Israel,
2104 2197 2261 2253 bien-

2250 2228 2261 2239 -
2368 2190 2600 2264 ἡμὲραις
2660 2187 2946 2267 Ἰεροϐοὰμ
3021 2197 3120 2246 τοῦ
3203 2194 3383 2262 ’1ωᾶς,
3442 2190 3715 2267 βασιλέως
3773 2188 3976 2264 Ἰσραὴλ,

617 2278 715 2334 nio
745 2284 880 2335 ante
909 2284 1074 2336 terrae
1106 2288 1352 2338 motum.
1386 2306 1415 2334 ››

2368 2281 2474 2354 πρὸ
2505 2277 2599 2333 δύο
2630 2278 2761 2334 ἐτῶν
2792 2284 2889 2334 τοῦ
2919 2284 3164 2353 σεισμοῦ.
3200 2306 3226 2331 ››

690 2368 983 2434 Μίοἰιωοε,
1014 2371 1183 2441 cujus
1230 2373 1585 2445 principium
1614 2381 1736 2429 est:
1773 2395 1800 2424 ‹‹
1850 2376 1916 2429 Et
1955 2376 2143 2431 factus
2171 2380 2263 2431 est

2250 2381 2263 2431 ί
2441 2369 2700 2444 Μιχαίας,
2731 2371 2798 2423 οὗ
2828 2370 2862 2438 ἡ
2896 2369 3067 2445 ἀρχή’
3102 2395 3129 2420 ‹‹
3174 2369 3275 2426 Καὶ
3328 2369 3534 2445 ἐγένετο
3592 2369 3763 2445 λόγος
3819 2368 3976 2443 Κυρίου

622 2474 813 2513 sermo
842 2458 1065 2513 Domini
1097 2461 1168 2514 ad
1198 2460 1491 2516 Michaam
1541 2462 1930 2528 Morathitem,
1964 2465 2021 2518 in
2052 2465 2261 2521 diebus

2250 2483 2261 2521 ι
2369 2457 2504 2532 πρὸς
2562 2456 2801 2532 Μιχαίαν
2858 2458 2950 2513 τὸν
3008 2463 3105 2512 τοῦ
3155 2458 3379 2534 Μωραθὶ
3411 2457 3461 2513 ἐν
3494 2458 3731 2535 ἡμέραις
3761 2458 3976 2527 Ἰωάθαμ.

619 2546 890 2602 Joatham
922 2553 979 2603 et
1007 2549 1201 2604 Achaz
1231 2555 1288 2605 et
1334 2551 1587 2607 Ezechias
1629 2568 1833 2624 regum
1880 2554 2053 2621 Juda,
2086 2571 2261 2625 quem

2250 2574 2261 2611 ι
2369 2546 2458 2601 καὶ
2493 2546 2804 2621 Ἀχὰζ,καὶ
2865 2546 3103 2616 Ἐζεκίου
3167 2546 3431 2623 βασιλέων
3493 2546 3697 2617 Ἰούδα,
3756 2547 3877 2622 ὑπὲρ
3923 2546 3976 2597 ὧν

620 2634 768 2689 vidit
796 2652 971 2707 super
999 2636 1325 2694 Samariam
1356 2644 1412 2695 et
1441 2639 1787 2696 Jerusalem.
1826 2664 1854 2690 »

1830 2664 1854 2690 ι)
2372 2632 2479 2689 εἶδε
2509 2635 2632 2708 περὶ
2661 2634 2967 2708 Σαμαρείας
2998 2635 3087 2689 καὶ
3116 2634 3497 2712 Ἰερουσαλήμ.
3530 2661 3556 2687 ››

690 2724 836 2791 Joel,
869 2727 1036 2796 cujus
1084 2727 1319 2783 initium
1370 2733 1494 2784 est:
1561 2752 1588 2780 ‹‹
1617 2733 1815 2785 Sermo
1867 2730 2120 2797 Domini,
2162 2732 2261 2803 qui

2252 2732 2261 2785 i
2442 2723 2715 2792 Ἰωὴλ,οὗ
2773 2725 2807 2793 ἡ
2870 2725 3046 2799 ἀρχή·
3089 2749 3116 2775 ‹‹
3179 2726 3355 2799 Λόγος
3415 2724 3637 2799 Κυρίου,
3664 2726 3734 2787 ὃς
3794 2724 3978 2799 ἐγενήθη

621 2814 811 2870 lactus
843 2819 930 2870 est
961 2815 1032 2871 ad
1079 2816 1320 2880 .loelem,
1366 2817 1552 2873 ﬁlium
1586 2818 1851 2875 Bathuel.
1905 2820 2113 2875 Audite
2143 2819 2263 2875 haec

2250 2836 2263 2875 ι
2370 2812 2507 2884 πρὸς
2540 2811 2705 2879 Ἰωήλ
2760 2812 2851 2866 τὸν
2908 2816 3005 2866 τοῦ
3063 2812 3333 2883 Βαθουὴλ.
3388 2813 3680 2869 Ἀκούσατε
3737 2811 3802 2881 δὴ
3848 2816 3976 2866 ταῦτα

618 2904 835 2973 omnia,
869 2920 1061 2972 senes,
1094 2909 1151 2960 et
1180 2907 1423 2962 auribus
1468 2906 1765 2980 percipite,
1799 2924 2005 2964 omnes
2036 2908 2262 2963 habita-

2249 2941 2262 2950 .
2370 2900 2543 2955 πάντα
2596 2900 2648 2954 οἱ
2722 2896 3095 2975 πρεσϐύτεροι,
3152 2902 3241 2956 καὶ
3318 2901 3657 2974 ἐνωτίσασθε,
3710 2902 3889 2962 πάντες
3938 2898 3975 2951 οἳ

617 2997 773 3048 tores
802 2998 991 3049 terras.
1028 3017 1056 3043 ››

2370 2992 2747 3051 κατοικοῦντες
2774 2990 2872 3058 τήν
2904 2996 3028 3065 γῆν.
3058 3016 3084 3041 ››

688 3082 926 3150 Ahdias,
973 3084 1145 3154 cujus
1194 3084 1549 3156 principium
1594 3090 1721 3142 est:
1773 3109 1801 3137 ‹‹
1836 3085 1994 3143 Visio
2026 3086 2259 3143 Ahdiaa:

2257 3107 2259 3140 ζ
2445 3073 2669 3133 Ἀϐδιοῦ
2728 3080 2860 3151 (69),
2897 3079 2959 3133 οὗ
3009 3079 3042 3147 ἡ
3102 3078 3273 3154 ἀρχή·
3304 3103 3332 3131 ‹‹
3366 3081 3583 3155 Ὃρασις
3617 3076 3855 3135 ’Δϐδιοῦο
3883 3072 3983 3131 Τάδε

617 3170 750 3226 Haec
781 3171 922 3226 dicit
952 3171 1237 3228 Dominus
1268 3174 1419 3230 Deus
1452 3176 1523 3229 ad
1557 3175 1894 3231 Idumaam.
1931 3198 1958 3226 ι)
2298 3231 2335 3243 ,-

1745 3192 1894 3231 eam.
1931 3198 1958 3226 υ
2298 3231 2335 3243 Α
2374 3167 2523 3243 λέγει
2558 3169 2751 3243 Κύριος
2786 3168 2814 3221 ὃ
2847 3168 2978 3229 Θεὸς
3005 3172 3073 3241 τῇ
3106 3165 3413 3241 Ἰδουμαίας
3443 3192 3471 3220 ››

686 3260 889 3330 Jonas,
923 3261 1093 3330 cujus
1126 3262 1356 3317 initium
1387 3268 1514 3319 est:
1566 3286 1592 3314 «
1626 3264 1693 3319 Et
1736 3264 1923 3319 factus
1953 3269 2042 3320 est
2072 3280 2262 3319 sermo
2292 3231 2336 3298 θ

2255 3231 2336 3315 lc
2446 3231 2741 3326 ;Ιωνᾶς;οὗ
2800 3258 2834 3326 ἡ
2888 3231 3121 3332 ἀρχήῖα
3171 3231 3269 3314 Καί
3329 3231 3531 3333 ἐγένετο
3590 3254 3761 3333 λόγος
3817 3253 3981 3328 Κυρίου

616 3346 846 3402 Domini
894 3348 966 3402 ad
1014 3347 1222 3404 Jonam
1275 3350 1459 3405 lilium
1510 3351 1764 3419 Amathi,
1806 3352 2263 3422 dicens:Surge

2255 3370 2263 3404 ι
2369 3346 2505 3420 πρὸς
2534 3348 2715 3401 Ἰωνᾶν
2779 3346 2869 3400 τὸν
2925 3351 3022 3400 τοῦ
3072 3346 3295 3419 Ἀμαθῖ,
3329 3346 3522 3421 λέγων’
3587 3347 3869 3415 Ἀνάστηθι
3918 3340 3981 3397 ιιαέ

616 3440 678 3491 et
706 3437 854 3491 vade
884 3436 941 3490 in
974 3436 1237 3493 Ninivem
1272 3439 1566 3495 civitatem
1599 3456 1896 3511 magnam.
1932 3463 1961 3490 »

2371 3435 2663 3510 πορεύθητι
2700 3434 2773 3496 είς
2804 3435 2983 3489 Νινευὶ
3018 3438 3131 3508 (70)
3159 3436 3257 3503 τὴν
3318 3436 3479 3491 πόλιν
3538 3437 3638 3504 τήν
3696 3434 3939 3511 μεγάλην.
3964 3453 3980 3478 ιι

696 3524 944 3587 Nahum,
980 3527 1146 3596 cujus
1178 3528 1409 3583 initium
1442 3533 1565 3584 est:
1602 3552 1628 3577 ι(
1667 3530 2005 3601 Assumptio
2038 3530 2261 3598 Ninive,

2257 3575 2261 3593 ,
2445 3523 2654 3596 Ναοὺμ,
2690 3524 2752 3577 οὗ
2802 3525 2836 3594 ἡ
2869 3524 3040 3599 ἀρχή
3074 3548 3101 3574 ‹‹
3136 3531 3348 3596 Λῆμμα
3407 3524 3608 3581 Νινευί.
3643 3520 3842 3585 Βίϐλος
3886 3519 3983 3595 ὁρᾶ.

617 3614 767 3670 liber
793 3614 1037 3669 visionis
1069 3615 1299 3670 Nahum
1332 3616 1586 3673 Eleesaai.
1624 3640 1650 3665 »ι

1580 3659 1586 3671 ,
1624 3640 1650 3665 ι)
2374 3634 2507 3675 σεως
2544 3612 2735 3686 Ναοὺμ
2763 3617 2860 3668 τοῦ
2892 3613 2944 3668 ἐν
2977 3612 3246 3668 Ἐλκεσαί.
3280 3638 3306 3663 ››

689 3704 975 3769 Abacum,
1009 3706 1180 3773 cujus
1214 3704 1443 3760 initium
1478 3711 1602 3762 est:
1645 3727 1670 3757 α
1705 3708 2064 3778 Assumptio,
2090 3724 2265 3779 quam

2257 3728 2265 3762 ι
2447 3698 2791 3775 Ἀμϐακοὺμ,
2822 3704 2882 3756 οὗ
2940 3704 2974 3772 ἡ
3027 3702 3202 3777 ἀρχὴ’
3233 3726 3260 3753 ‹‹
3292 3703 3367 3759 Τὸ
3418 3699 3620 3775 λῆμμα
3649 3702 3677 3757 ὃ
3714 3700 3843 3757 εἶδεν
3880 3700 3983 3768 Ἀμ-

612 3793 758 3849 vidit
784 3794 1043 3849 Abacum
1080 3794 1381 3865 propheta.
1418 3820 1441 3848 ι

1330 3812 1381 3849 a.
1418 3820 1441 3848 ι
2375 3787 2591 3865 ϐακοὺμ
2620 3792 2649 3846 ὁ
2680 3794 2989 3870 προφήτης.
3026 3815 3052 3843 ››

686 3885 1037 3957 Sophonias,
1072 3886 1241 3956 cujus
1274 3887 1506 3942 initium
1553 3892 1679 3943 est:
1725 3909 1751 3940 α
1780 3892 1979 3943 Sermo
2012 3887 2264 3954 Domini,

2256 3929 2264 3953 ,
2447 3880 2751 3959 Σοφωνίας,
2784 3881 2845 3935 οὗ
2877 3882 2911 3951 ἡ
2942 3880 3113 3956 ἀρχή·
3150 3904 3176 3931 ‹‹
3214 3879 3387 3955 Λόγος
3438 3880 3656 3954 Κυρίου,
3691 3881 3751 3943 ὃς
3800 3875 3982 3954 ἐγενήθη

616 3975 717 4046 qui
752 3976 940 4030 factus
966 3981 1055 4029 est
1084 3977 1151 4030 ad
1188 3976 1543 4047 Sophoniam
1578 3977 1760 4033 ﬁlium
1806 3977 1983 4045 Chus,
2021 3976 2123 4033 filii
2155 3978 2263 4033 Go-

2250 4008 2263 4018 -
2374 3970 2508 4047 πρὸς
2565 3969 2841 4048 Σοφωνίαν
2889 3970 2981 4024 τὸν
3037 3973 3135 4024 τοῦ
3190 3968 3331 4031 Χοὺς
3390 3971 3523 4042 (71),
3571 3969 3685 4023 υἱὸν
3750 3964 3976 4023 Γοδολίου

616 4063 805 4127 ἀοιὶω,
839 4063 942 4117 filii
973 4064 1239 4131 Amoriaz,
1272 4066 1375 4119 filii
1406 4066 1646 4134 Ezekizs,
1676 4067 1755 4121 .in
1815 4067 2024 4121 diebus
2058 4067 2262 4134 Josiaa,

2258 4110 2262 4128 ,
2371 4064 2469 4115 τοῦ
2500 4058 2764 4133 ’Δμορίου
2818 4063 2915 4113 τοῦ
2964 4058 3232 4128 Ἐζεκίου,
3264 4057 3315 4113 ἐν
3378 4057 3610 4133 ἡμέραις
3638 4058 3848 4115 Ἰωσίου
3893 4053 3984 4107 υἱοῦ

622 4149 727 4203 filii
756 4152 953 4213 Amos,
989 4152 1142 4222 regis
1171 4152 1343 4208 Juda.
1378 4172 1404 4203 ι
2185 4214 2188 4217 Α

2185 4214 2188 4217 λ
2375 4151 2434 4204 ’Δ
2448 4149 2564 4220 μὼς
2600 4148 2867 4224 βασιλέως
2896 4145 3092 4205 Ἰούδα.
3124 4171 3152 4199 ))

694 4242 961 4309 Aggazus,
993 4242 1162 4309 cujus
1209 4241 1438 4296 initium
1491 4248 1617 4297 est:
1652 4265 1679 4292 «
1720 4244 1779 4297 In
1830 4260 1981 4299 anno
2008 4244 2265 4299 secundo

2256 4261 2265 4297 ι
2443 4242 2715 4313 Ἀγγαῖος,
2749 4238 2811 4291 οὗ
2861 4239 2895 4306 ἠ
2944 4238 3112 4313 ἀρχή·
3149 4260 3178 4288 ‹‹
3212 4237 3298 4293 Ἐν
3351 4240 3431 4308 τῷ
3489 4234 3725 4311 δευτέρῳ
3776 4234 3869 4291 ἔτει
3919 4226 3982 4284 ἐπὶ

622 4327 780 4383 Darii
808 4327 980 4398 regis,
1014 4344 1213 4383 mense
1244 4334 1426 4397 sexto,
1459 4330 1550 4384 die
1583 4330 1771 4401 prima
1804 4332 2044 4397 mensis,
2078 4332 2267 4387 factus

2258 4351 2267 4387 ι
2376 4326 2603 4403 Δαρείου
2650 4330 2746 4381 τοῦ
2809 4325 3077 4400 βασιλέως
3119 4325 3170 4380 ἐν
3196 4330 3275 4397 τῷ
3308 4325 3440 4398 μηνὶ
3471 4330 3551 4398 τῷ
3580 4322 3746 4397 ἕκτῳ,
3780 4328 3869 4397 μιᾷ
3914 4320 3984 4373 τοῦ

622 4418 918 4472 esteermo
933 4416 1163 4471 Domini
1186 4417 1241 4470 in
1264 4434 1440 4472 manu
1463 4418 1646 4490 Aggzei
1673 4420 1964 4492 propheta)
1991 4421 2210 4477 dicens.
2238 4444 2265 4470 ιι

2259 4445 2265 4468 ι
2379 4418 2573 4489 μηνὸς,
2606 4415 2818 4490 ἐγένετο
2851 4414 3014 4491 λόγος
3048 4414 3249 4488 Κυρίου
3280 4414 3330 4470 ἐν
3381 4414 3529 4490 χειρὶ
3580 4414 3835 4489 Ἀγγαίου
3886 4427 3985 4479 προ-

2375 4508 2551 4584 φήτου
2584 4504 2781 4579 λέγων.
2820 4528 2846 4555 ››

695 4593 1021 4659 Zacharias,
1055 4595 1223 4663 cujus
1251 4595 1482 4650 initium
1508 4602 1631 4651 est:
1668 4620 1695 4646 «
1723 4598 1779 4651 In
1812 4602 2011 4653 octavo
2044 4614 2264 4668 mense,
2298 4598 2343 4663 D

2255 4644 2264 4668 ,
2298 4598 2343 4663 D
2446 4593 2741 4668 Ζαχαρίας,
2773 4593 2834 4647 οὗ
2867 4594 2900 4661 ἡ
2933 4592 3103 4668 ἀρχή·
3142 4617 3168 4642 ‹‹
3199 4594 3284 4648 Ἐν
3330 4593 3408 4664 τῷ
3459 4589 3637 4667 ὀγδόῳ
3690 4591 3817 4665 μηνὶ
3864 4585 3981 4642 ἔτους

622 4699 777 4739 anno
808 4684 1065 4737 secundo
1118 4685 1293 4747 Darii,
1336 4685 1523 4740 factus
1553 4691 1641 4740 est
1693 4701 1884 4741 sermo
1931 4686 2161 4741 Domini
2192 4688 2262 4741 ad

2257 4691 2262 4740 l
2377 4681 2626 4758 δευτέρου
2658 4681 2744 4737 ἐπὶ
2778 4682 2999 4757 Δαρείου
3030 4682 3233 4758 ἐγένετο
3266 4680 3433 4756 λόγος
3466 4680 3668 4757 Κυρίου
3707 4680 3793 4735 ἐπὶ
3838 4685 3983 4749 Ζαχα-

623 4772 981 4839 Zachariam,
1028 4772 1214 4827 ﬁlium
1265 4773 1578 4838 Barachiaa,
1632 4772 1732 4828 filii
1779 4774 1965 4841 Addo,
2018 4774 2266 4845 prophe-

2256 4806 2266 4818 ι
2377 4771 2517 4848 ρίαν,
2548 4772 2638 4826 τὸν
2695 4775 2792 4826 τοῦ
2849 4770 3145 4846 Βαραχίου,
3180 4770 3295 4825 υἱὸν
3334 4767 3507 4827 ’Δδδὼ
3560 4770 3651 4825 τὸν
3712 4768 3982 4845 προφήτην,

622 4866 767 4927 tam,
799 4861 1020 4916 dicens.
1057 4884 1085 4909 υ

910 4877 1020 4916 ens.
1057 4884 1085 4909 υ
2377 4860 2572 4937 λέγων.
2610 4884 2636 4911 ››

694 4949 796 5005 98
830 4949 1165 5017 Malachias,
1213 4952 1383 5021 cujus
1429 4951 1663 5007 initium
1696 4956 1821 5008 est:
1876 4951 2268 5024 «Assumptio

2257 4969 2268 5007 ι
2448 4948 2761 5025 Μαλαχίας,
2793 4948 2855 5003 οὗ
2886 4950 2921 5017 ἠ
2952 4947 3124 5023 ἀρχή
3159 4972 3187 4999 ‹‹
3222 4954 3433 5021 Λῆμμα
3465 4947 3635 5025 λόγου
3688 4945 3876 5023 Κυρίου
3919 4938 3983 4996 ἐπὶ

623 5039 912 5095 sermonis
944 5040 1169 5094 Domini
1202 5042 1273 5095 ad
1326 5040 1497 5097 Israel
1530 5040 1588 5095 in
1627 5058 1801 5096 manu
1834 5039 2025 5113 angeli
2057 5041 2205 5109 ejus.
2240 5064 2267 5090 ››

1990 5039 2025 5095 li
2057 5041 2205 5109 ejus.
2240 5064 2267 5090 ››
2375 5040 2467 5096 τὸν
2500 5038 2719 5113 Ἰσραὴλ
2752 5037 2803 5093 ἐν
2838 5036 2984 5113 χειρὶ
3015 5035 3250 5111 ἀγγέλοτ
3282 5036 3466 5093 αὐτοῦ.
3501 5060 3529 5089 »δ
3709 5069 3716 5076 ~

696 5128 761 5182 Hi
797 5133 934 5183 sunt
965 5130 1271 5184 duodecim
1308 5131 1599 5203 propheta:
1637 5147 1748 5185 uno
1784 5130 2079 5187 volumine
2109 5147 2263 5186 com-

2260 5165 2263 5173 ι
2452 5128 2610 5182 Οὗτοι
2668 5128 2762 5199 μὲν
2819 5126 2908 5181 οὖν
2965 5126 3017 5180 οἱ
3065 5123 3277 5181 δώδεκα
3304 5125 3379 5188 εἰς
3408 5125 3465 5180 ’ὲν
3514 5122 3749 5202 βιϐλίον.
3783 5124 3918 5195 Ἑξῆς
3944 5115 3986 5172 δῖ

624 5216 916 5289 prehensi.
951 5218 1288 5289 Sequuntur
1318 5218 1524 5289 reliqui
1560 5226 1835 5291 quatuor,
1869 5236 2118 5290 quorum
2152 5220 2269 5276 cui-

2256 5251 2269 5261 -
2377 5214 2554 5293 ἕτεροι
2609 5216 2882 5292 τέσσαρες,
2941 5215 3077 5289 πρὸς
3133 5213 3189 5270 ’ἑν
3241 5212 3468 5278 ’ἕκαστος
3551 5211 3789 5293 βιϐλίον,
3845 5212 3982 5266 οὗτοι·

624 5321 737 5377 que
769 5306 1066 5377 proprium
1110 5313 1533 5363 annumeratur
1579 5308 1871 5364 volumen.
1906 5309 1971 5363 Et
2002 5308 2060 5363 hi
2091 5313 2267 5365 sunt:

700 5396 899 5461 Isaias,
934 5397 1104 5465 cujus
1154 5396 1386 5451 initium
1436 5402 1559 5453 est:
1611 5419 1637 5447 ‹‹
1688 5397 1847 5451 Visio
1900 5412 2077 5468 quam
2128 5397 2273 5454 vidit

2258 5402 2273 5454 ι
2447 5390 2686 5466 Ἠσαίας,
2720 5392 2782 5447 οὗ
2836 5393 2869 5461 ἡ
2911 5393 3081 5468 ἀρχή·
3136 5416 3164 5445 ι(
3214 5395 3456 5467 Ὅρασις,
3488 5394 3555 5463 ἣν
3614 5390 3748 5449 εἶδεν
3802 5382 3984 5447 Ἡσαΐας

701 5556 814 5627 (68)
847 5554 1080 5611 Graecus
1110 5556 1422 5627 Scriptura;
1454 5561 1663 5621 textus,
1700 5550 1960 5611 Αὑσίτιδι.
2034 5626 2039 5627 7
2102 5621 2148 5627 Α,
2236 5626 2241 5627 7
2380 5556 2409 5611 ὁ

1173 5556 1422 5627 :ripturm
1454 5561 1663 5621 textus,
1700 5550 1960 5611 Αὑσίτιδι.
2034 5626 2039 5627 7
2102 5621 2148 5627 Α,
2236 5626 2241 5627 7
2380 5556 2409 5611 ὁ
2436 5559 2533 5609 τοῦ
2564 5552 2899 5611 Ἐλκεσαίου.

847 5629 906 5710 L0
940 5628 1134 5710 Graeco
1182 5621 1700 5710 :Scripturzetextu
1739 5628 1985 5710 legitur,
2032 5621 2270 5710 ’06_8_Loi3.
2384 5702 2417 5710 _
2452 5630 2567 5710 (ᾙ)
2598 5629 2835 5710 Graecus
2861 5626 3172 5710 Scriptura
3204 5624 3722 5710 @{t.7XOUci.Infra
3748 5626 3807 5681 in
3826 5624 3987 5681 Gmco

352 5695 811 5809 ῆσο)
845 5699 1023 5758 ϐιαιο.
1075 5699 1284 5773 Script.
1308 5695 1548 5768 'Nmmﬁ,
1599 5704 1656 5755 et
1703 5700 1786 5756 sic
1802 5695 2078 5759 inferius.

1828 5695 2083 5759 inferius.
2118 5700 2271 5773 Mox,
2383 5695 2698 5774 Scriptura:
2724 5703 2886 5759 textu
2924 5695 3161 5773 legitur,
3192 5696 3316 5751 υἱοῦ
3348 5695 3554 5769 ’Δμώς.

680 5810 709 5849 ‘7.
