4372 6214
402 367 529 434 289

1538 360 1915 429 SYNOPSIS
1962 362 2425 432 SGRIPTURIE
2466 372 2767 439 SACRE.

3708 400 3829 462 290

406 502 528 563 υἱὸς
556 503 776 575 Ἀμὼς,
831 503 898 571 ἢν
929 498 1036 555 εἶδε
1090 498 1227 555 κατᾶ
1271 505 1371 568 τῆς
1401 494 1661 559 Ἰουδαίας
1689 496 1779 551 καὶ
1804 498 1939 552 κατὰ
1968 503 2066 567 τῆς

2190 502 2366 597 Isaias
2396 503 2553 561 ﬁlius
2583 508 2781 578 Amos,
2831 526 3008 582 quam
3041 513 3186 571 vidit
3227 518 3509 577 adversus
3537 525 3827 597 Judazam,

405 589 791 667 Ἰερουσαλὴμ
844 590 896 645 ἐν
960 589 1209 667 βασιλείᾳ
1269 588 1473 657 Ὀζίου,
1532 587 1621 641 καὶ
1674 588 1930 659 Ἰωάθαμ,
1983 586 2073 641 καὶ

402 682 609 755 ³Λχάζ,
667 680 759 735 καὶ
820 678 1078 748 Ἐζεκίου,
1140 678 1190 732 οἶ
1248 672 1599 731 ἐϐασίλευσαν
1655 678 1751 744 τῆς
1787 673 2071 738 Ἰουδαίας.

408 770 633 840 Ἀκουε,
668 768 885 845 οὐρανὶ,
917 767 1004 822 καὶ
1051 765 1326 837 ἐνωτίζου,
1358 768 1393 834 ἡ
1425 772 1521 839 γῆ,
1553 762 1637 818 ὅτι
1691 763 1884 839 Κύριος
1946 762 2074 817 ἐλά-

415 855 489 927 λη
500 878 611 913 σεν.

486 947 787 1023 Ἵερεμίας,
819 946 881 1000 οὗ
912 948 946 1015 ἡ
975 944 1146 1020 ἀρχή·
1183 968 1211 995 ‹‹
1237 944 1308 998 Τὸ
1342 942 1494 1019 ῥῆμα
1521 946 1620 997 τοῦ
1652 945 1806 1013 Θεοῦ,
1866 940 1896 996 ὅ
1952 940 2075 1017 ἐγέ-

415 1056 541 1089 νετο
594 1034 683 1090 ἐπί
735 1034 967 1111 Ἰρεμίαν
1026 1034 1118 1088 τὸν
1175 1037 1272 1088 τοῦ
1330 1030 1584 1103 Χελκίου,
1641 1030 1697 1093 ὅς
1749 1031 1815 1099 ἦν
1873 1028 1931 1084 ἐκ
1968 1034 2075 1084 τῶν

415 1123 632 1201 ἱερέων.
662 1148 691 1175 ››

490 1212 747 1283 Ἐζεκιήλ
779 1214 917 1286 (72),
946 1211 1008 1267 οὗ
1039 1214 1074 1281 ἡ
1108 1211 1276 1287 ἀρχή
1319 1235 1345 1261 ‹(
1379 1210 1479 1265 Καὶ
1503 1208 1712 1284 ἐγένετο
1746 1207 1797 1263 ἐν
1820 1206 1900 1280 τῷ
1928 1227 2082 1281 τρια-

414 1306 596 1373 κοστῷ
628 1298 739 1356 ἔτει
769 1308 820 1356 έν
853 1306 930 1372 τῷ
959 1302 1198 1376 τετάρτῳ
1232 1299 1484 1373 μηνὶ,καὶ
1517 1297 1633 1371 ἐμὼ
1659 1295 1812 1369 ἤμην
1843 1296 1894 1351 ἐν
1932 1296 2081 1367 μέσῳ

413 1398 517 1460 τῆς
549 1389 942 1465 αἰχμαλωσίας
977 1389 1063 1443 ἐπὶ
1094 1393 1191 1443 τοῦ
1219 1392 1470 1460 ποταμοῦ
1501 1382 1709 1462 Χοϐὰρ,
1758 1386 1848 1440 καὶ
1888 1385 2083 1458 ἠνοίχ-

416 1490 590 1549 θησαν
627 1480 681 1532 oi.
720 1478 963 1552 οὐρανοὶ,
996 1477 1084 1532 καὶ
1118 1474 1258 1532 εἶδον
1294 1478 1505 1552 ὁράσεις
1534 1480 1689 1532 Θεοῦ.
1724 1498 1751 1525 ››

486 1567 723 1638 Δανιὴλ,
759 1566 821 1621 οὗ
848 1570 884 1636 ἡ
937 1566 1106 1642 ἀρχή
1175 1590 1202 1618 ‹‹
1233 1569 1347 1637 (73)
1376 1565 1474 1620 Καὶ
1504 1566 1571 1634 ἦν
1628 1564 1764 1639 ἀνὴρ
1808 1563 1972 1619 οἷγῶν
2027 1561 2078 1616 ἐν

413 1653 736 1725 Βαϐυλῶνι,
781 1656 872 1711 καὶ
934 1651 1109 1728 ὄνομα
1138 1656 1285 1726 αὑτῷ
1338 1654 1613 1727 Ἰωακεὶμ,
1654 1652 1745 1708 καὶ
1804 1647 1965 1707 ἔλαϐε
1988 1653 2081 1726 γυὲ

413 1752 578 1801 ναῖκα
610 1745 646 1820 ᾔ
681 1744 859 1818 ὄνομα
890 1746 1185 1816 Σουσάννα,
1219 1745 1459 1821 θυγάτηρ
1485 1741 1742 1811 Χελκίου,
1775 1740 1917 1810 καλὴ
1951 1738 2082 1817 σφό-

417 1833 520 1909 δρα
554 1836 648 1889 καὶ
680 1829 995 1912 φοϐουμένη
1028 1833 1118 1888 τὸν
1152 1832 1376 1909 Κύριον.
1416 1856 1443 1883 ››
1872 1896 1875 1897 ν

492 1928 550 1982 2.
576 1928 750 1997 Ὁμοῦ
797 1923 863 1977 τὰ
918 1922 1306 1995 κανονιζόμενα
1363 1928 1461 1991 τῆς
1522 1920 1763 1982 Παλαιᾶς
1806 1920 2080 1989 Διαθήκης

428 2009 625 2089 βιϐλία
686 2011 854 2067 εἴκοσι
924 2010 1041 2082 δύο,
1105 2012 1366 2087 ἰσάριθμα
1420 2015 1537 2071 τοῖς
1604 2009 1887 2086 γράμμασι
1972 2012 2079 2062 τῶν

420 2100 714 2178 Ἐδραίων.
745 2105 989 2157 Τοσαῦτα
1018 2102 1117 2177 γάρ
1152 2101 1251 2155 εἶσι
1282 2102 1410 2174 παρ’
1431 2100 1615 2161 αὐτοῖς
1645 2100 1712 2153 τὰ
1744 2102 2009 2172 στοιχεῖα.

495 2192 689 2253 Ἐκτὸς
723 2188 780 2246 δὲ
810 2190 1014 2245 τούτων
1049 2190 1149 2245 εἰσὶ
1180 2188 1342 2244 πάλιν
1377 2185 1530 2265 ἔτερα
1558 2183 1749 2265 βιϐλία
1778 2193 1875 2256 τῆς
1914 2186 2083 2254 αὑτῆς

424 2279 694 2351 Παλαιᾶς,
728 2281 1023 2351 Διαθήκης,
1056 2279 1118 2333 οὑ
1148 2278 1540 2352 κανονιζόμενα
1574 2279 1694 2350 μὲν,
1723 2274 2087 2351 ἀναγινωσκό-

431 2388 565 2441 μενα
598 2366 657 2423 δὲ
690 2368 853 2441 μόνον
883 2373 1001 2428 τοῖς
1032 2368 1473 2442 κατηχουμένοις
1502 2371 1693 2422 ταῦτα’

504 2456 682 2533 Σοφία
714 2455 1069 2527 Σολομῶνος,
1130 2454 1191 2509 οὗ
1222 2458 1256 2525 ἡ
1289 2456 1459 2531 ἀρχή*
1494 2479 1521 2508 ‹‹
1559 2456 1903 2530 Ἀγαπήσατε
1934 2450 2084 2507 δικα-

436 2545 682 2617 ιοσύνην,
717 2547 769 2600 οἱ
800 2544 1043 2620 κρίνοντς
1070 2545 1170 2612 τήν
1201 2551 1326 2620 γῆν.
1357 2569 1384 2596 ››

506 2633 683 2710 Σοφία
743 2634 921 2702 Ἰησοῦ
979 2633 1098 2686 υἱοῦ
1143 2634 1343 2707 Σιράχ,
1377 2633 1439 2686 οὗ
1470 2634 1504 2701 ἡ
1528 2631 1699 2707 ἀρχή·
1734 2655 1762 2683 ‹‹
1816 2636 1963 2685 Πᾶσα
1994 2650 2084 2684 σο-

432 2722 531 2800 φία
587 2720 751 2798 παρὰ
783 2721 1001 2796 Κυρίου,
1078 2722 1167 2775 καὶ
1246 2722 1359 2795 μετ’
1432 2722 1597 2776 αὑτοῦ
1675 2720 1813 2775 ἐστιν
1860 2720 1935 2781 είς
1992 2720 2083 2774 τὸν

436 2811 630 2867 αἰῶνα.
667 2835 694 2862 ‹(

506 2901 730 2975 Ἐσθήρ,
789 2898 850 2953 οὗ
906 2901 941 2970 ἡ
1004 2898 1173 2976 ἀρχή*
1237 2924 1264 2951 ‹‹
1316 2902 1505 2962 Ἕτους
1537 2896 1785 2973 δευτέρου
1819 2901 1950 2969 (74),
1989 2898 2087 2973 βα-

434 2989 749 3051 σιλεύοντος
780 2989 1127 3063 Ἀρταξέρξου
1164 2994 1260 3043 τοῦ
1296 2988 1558 3065 μεγάλου,
1606 2992 1676 3063 τῇ
1711 2992 1810 3060 μιᾷ
1835 2992 1931 3042 τοῦ
1963 2994 2086 3042 Νει-

434 3084 528 3151 σᾷν
592 3079 838 3134 ἐνύπνιον
908 3074 1017 3133 εἶδε
1076 3075 1426 3154 Μαρδοχαῖος
1483 3078 1513 3132 ὁ
1566 3081 1665 3133 τοῦ
1711 3077 1933 3153 Ἰαείρου
1987 3078 2084 3130 τοῦ

433 3168 628 3241 Σεμεεὶ
657 3167 754 3223 τοῦ
785 3166 1029 3236 Κισαίου,
1059 3166 1119 3222 ἐκ
1147 3167 1323 3244 φυλῆς
1352 3164 1626 3239 Βενιαμίν.
1664 3190 1693 3218 ››

502 3237 742 3326 Ἶουδὴθ,
804 3253 865 3309 οὗ
919 3254 1089 3330 ἀρχήο
1151 3237 1177 3307 (Ii
1222 3256 1413 3317 Ἐτους
1467 3237 1775 3310 δωδεκάτου
1803 3256 1901 3324 τῆς
1935 3256 2081 3330 βασι·
2110 3237 2153 3306 C

432 3344 586 3407 λείας
639 3339 1163 3418 Ναϐουχοδονόσωρ,
1224 3343 1281 3405 ὅς
1326 3338 1668 3398 ἐϐασίλευσεν
1697 3342 1994 3419 ’Δσσυρίων
2027 3342 2080 3397 ἐν

434 3433 638 3501 Νινευὶ,
672 3436 740 3506 τῇ
774 3432 932 3487 πόλει
964 3436 1031 3505 τῇ
1070 3431 1364 3507 μεγαλῃ,ἒΰ
1392 3438 1509 3495 ταῖς
1541 3429 2080 3510 ἠμέραιςἈρφαξάδ,

436 3521 497 3584 ὅς
529 3516 842 3576 ἐϐασίλευσε
872 3518 1073 3591 Μήδων
1105 3520 1155 3575 ἐν
1191 3516 1560 3583 Ἐκϐατάνοις,
1594 3545 1622 3573 ››

506 3604 710 3675 Τωϐὶτ,
768 3608 829 3664 οὗ
888 3610 922 3679 ἠ
958 3610 1126 3685 ἀρχή·
1187 3635 1214 3661 ‹‹
1264 3605 1465 3672 Βίϐλος
1515 3609 1691 3686 λόγων
1730 3605 1929 3677 Τωϐὶτ,
1985 3615 2083 3666 τοῦ

437 3694 691 3769 Τωϐιήλ,
723 3702 820 3753 τοῦ
852 3697 1132 3766 Ἀνανιήλ.
1162 3703 1263 3753 τοῦ
1294 3695 1557 3767 Ἀδουήλ,
1585 3702 1683 3753 τοῦ
1724 3694 1966 3769 Γαϐαήλ,
2027 3699 2086 3755 ἐκ

429 3793 530 3843 τοῦ
563 3789 869 3862 σπέρματος
901 3786 1099 3855 Ἀσεήλ
1134 3790 1266 3860 (75),
1302 3786 1363 3841 ἐκ
1389 3790 1487 3855 τῆς
1518 3785 1697 3865 φυλῆς
1749 3787 2084 3865 Νεφθαλεὶμ,

437 3877 497 3940 ὅς
556 3875 969 3953 ᾑχμαλωτεύθη
1031 3875 1081 3930 ἐν
1128 3874 1360 3951 ἡμέραις
1391 3875 1777 3952 Ἐννεμεσάρου
1801 3880 1899 3931 τοῦ
1935 3878 2087 3951 βασι-

444 3966 585 4028 λέως
617 3965 932 4039 Ἀσσυρίων.
968 3987 997 4015 ››

514 4059 755 4110 Τοσαῦτα
783 4054 872 4108 καὶ
930 4053 997 4108 τὰ
1030 4054 1106 4127 μὴ
1138 4052 1547 4126 κανονιζόμενα.
1580 4054 1728 4115 Τινὲς
1765 4054 1949 4126 μέντοι
1977 4058 2086 4108 τῶν

443 4141 692 4199 παλαιῶν
754 4143 1002 4219 εἰρήκασι
1056 4140 1425 4211 κανονίζεσθαι
1482 4142 1609 4218 παρ’
1665 4137 1941 4215 Ἑϐραίοις
1998 4141 2089 4197 καὶ

442 4233 542 4301 τὴν
599 4233 819 4305 Ἐσθήρὲ
884 4230 973 4286 καὶ
1029 4231 1129 4299 τήν
1167 4232 1262 4303 μὲν
1315 4228 1493 4298 Ῥουθ,
1556 4229 1821 4301 μετὰτῶν
1874 4231 2087 4305 Κριτῶν

443 4320 760 4393 ἑνουμένην,
842 4319 919 4381 εἷς
1002 4315 1057 4373 ’ἐν
1138 4313 1351 4394 βιϐλίον
1436 4317 1799 4392 ἀριθμεῖσθαι·
1868 4319 1965 4387 τήν
2034 4316 2093 4373 δὲ

441 4407 638 4481 Ἐσθήρ
696 4405 772 4467 είς
828 4401 1010 4479 ἓτερον
1065 4401 1141 4459 ἓν·
1176 4404 1267 4459 καὶ
1299 4404 1440 4459 οὕτω
1471 4403 1636 4458 πάλιν
1669 4402 1746 4466 εἲς
1797 4401 1963 4459 εἹκοσι
1996 4402 2091 4460 δύο

451 4490 911 4566 συμπληροῦσθαι
940 4494 1030 4548 τὸν
1060 4491 1289 4569 ἀριθμὸν
1320 4497 1428 4547 τῶν
1488 4492 1914 4566 κανονιζομένων
1966 4495 2091 4567 παρ’

448 4582 635 4644 αὐτοῖς
671 4577 927 4657 βιϐλίων.
1078 4596 1081 4599 ’
2028 4582 2035 4586 ’

518 4673 570 4727 3.
604 4670 705 4727 Καὶ
737 4671 801 4724 τὰ
849 4670 943 4742 μὲν
975 4676 1072 4739 τῆς
1105 4667 1344 4731 Παλαιᾶς
1375 4671 1647 4740 Διαθήκης
1698 4665 1889 4745 βιϐλία
1918 4672 1984 4725 τά
2034 4691 2094 4726 τε

444 4759 836 4832 κανονιζόμενα
888 4761 977 4814 καὶ
1036 4762 1102 4813 τὰ
1160 4761 1235 4832 μή
1289 4758 1700 4831 κανονιζόμενα,
1731 4765 1954 4815 τοιαῦτα
2001 4760 2092 4816 καὶ

443 4847 697 4905 τοσαῦτα.

510 4938 584 4992 Τὰ
614 4934 671 4992 δὲ
698 4945 798 5007 τῆς
830 4940 1031 5007 Καινῆς
1064 4939 1357 5008 Διαοήκης,
1402 4936 1566 4993 πάλιν
1601 4936 1876 5015 ὠρισμένα
1921 4958 1980 4994 τε
2004 4938 2092 4994 καὶ

447 5025 866 5100 κεκανονισμένα
903 5021 1112 5101 βιϐλία,
1141 5031 1327 5081 ταῦτα·

519 5115 668 5172 Κατὰ
698 5116 996 5184 Ματθαῖον,
1031 5114 1092 5168 οὗ
1122 5116 1155 5185 ἡ
1189 5115 1357 5191 ἀρχή·
1394 5140 1421 5168 ‹‹
1476 5110 1666 5171 Βίϐλοι
1689 5117 1947 5192 γενέσεως
1980 5118 2096 5188 Ἰη-

447 5204 541 5260 σοῦ
574 5208 835 5280 Χριστοῦ,
866 5204 990 5259 υἱοῦ
1022 5197 1292 5279 Ἀϐραάμ,
1327 5226 1380 5254 »ι

517 5423 630 5495 (72)
662 5423 726 5478 In
777 5422 975 5495 Graeco
1034 5421 1369 5495 Scriptura,
1398 5426 1581 5487 textu,
1642 5421 1922 5495 Ἰεζεκιήλ.
1971 5427 2098 5479 Mox

449 5491 734 5566 in‘Gr‘eco
770 5493 1092 5566 Scriptura
1149 5491 1309 5550 textu
1356 5492 1590 5566 legitur,
1646 5491 1886 5565 τετάρτῳ
1939 5494 2093 5565 μηνὶ,

449 5563 670 5637 πίμπτη
703 5561 801 5618 τοῦ
836 5561 1030 5637 μηνός.

518 5634 632 5707 (73)
664 5637 780 5693 Nec
810 5634 871 5693 in
901 5635 1137 5706 Grecis,
1170 5651 1276 5691 nec
1314 5634 1375 5707 in
1406 5635 1632 5692 Latinis
1663 5635 2097 5707 exemplaribus

450 5706 756 5785 prephetia
786 5707 1041 5765 Danielis
1062 5707 1188 5779 jam
1220 5706 1429 5780 incipit
1459 5724 1495 5765 a
1520 5707 1807 5765 Susanna:
1827 5706 2098 5782 historia,

2184 595 2242 680 et
2296 594 2574 651 adversus
2628 597 2978 671 Jerusalem,
3039 603 3096 658 in
3130 622 3308 678 regno
3365 609 3532 680 Ozie,
3580 619 3638 670 et
3690 594 3831 673 Joa;

2184 679 2370 751 tham,
2403 692 2457 737 et
2488 684 2697 751 Achaz,
2748 693 2804 742 et
2837 690 3109 763 Ezechias,
3145 696 3244 767 qui
3294 708 3613 768 regnarunt
3642 704 3700 760 in
3731 709 3831 763 Ju-

2186 768 2326 867 daaa.
2361 772 2535 868 audi,
2569 774 2805 844 caelum,
2839 782 2896 833 et
2928 782 3171 839 auribus
3196 787 3449 860 preeipe,
3479 795 3655 858 terra,
3688 812 3833 868 quo.

2186 857 2343 912 niam
2377 859 2664 917 Dominus
2696 863 2925 922 locutus
2958 875 3065 924 est.
3104 894 3124 920 ι

2255 946 2562 1016 Jeremias,
2622 953 2793 1022 cujus
2854 955 3087 1014 initium
3146 966 3271 1019 est:
3331 988 3359 1016 ‹‹
3410 968 3665 1030 Verbum
3711 975 3837 1043 Dei,

2189 1036 2344 1139 quod
2377 1036 2595 1093 factum
2627 1044 2815 1139 est-ad
2846 1044 3163 1105 Jeremiam
3206 1053 3393 1111 ﬁlium
3425 1058 3699 1129 Chelkias,
3733 1036 3835 1139 qui

2188 1129 2313 1179 erat
2344 1141 2411 1179 ex
2445 1130 2866 1188 sacerdotibus.
2901 1156 2930 1184 »

2261 1212 2542 1279 Ezechiel,
2574 1220 2746 1287 cujus
2776 1222 3131 1296 principium
3166 1233 3291 1286 est:
3337 1256 3366 1283 «
3398 1236 3468 1291 Et
3498 1238 3714 1297 factum
3747 1250 3838 1300 est

2202 1301 2258 1355 in
2292 1319 2444 1397 anno
2474 1304 2790 1377 tricesimo,
2825 1326 3025 1370 mense
3070 1324 3299 1389 quarto,
3335 1326 3391 1377 et
3428 1341 3532 1397 ego
3586 1346 3743 1385 eram
3779 1334 3838 1389 in

2191 1391 2384 1486 medio
2407 1393 2756 1486 captivitatis
2779 1400 2850 1455 ad
2884 1401 3100 1459 ﬁumen
3133 1407 3384 1479 Chobar,
3408 1391 3676 1486 et—aperti
3700 1427 3839 1478 sunt

2191 1478 2316 1533 coeli
2345 1496 2356 1532 :
2391 1488 2447 1535 et
2479 1482 2591 1537 vidi
2630 1485 2881 1545 visiones
2914 1491 3032 1548 Dei.
3067 1516 3095 1545 »

2266 1570 2483 1637 Daniel,
2519 1575 2687 1643 cujus
2719 1579 3021 1634 exordium
3065 1588 3189 1639 est:
3226 1610 3253 1636 ‹‹
3288 1588 3359 1643 Et
3396 1598 3519 1647 erat
3548 1595 3634 1649 vir
3670 1598 3837 1655 habi-

2191 1658 2325 1712 tans
2356 1658 2412 1713 in
2447 1661 2757 1761 Babylone,
2786 1670 2847 1761 et
2877 1685 3087 1726 nomen
3124 1672 3219 1729 ille
3249 1676 3501 1747 Joakim,
3527 1690 3583 1737 et
3616 1689 3839 1761 accepit

2192 1761 2453 1849 uxorem,
2496 1753 2731 1849 nomine
2781 1755 3110 1816 Susannam
3162 1764 3342 1821 ﬁliam
3387 1769 3657 1844 Chelkias,
3707 1753 3837 1849 pul-

2194 1838 2395 1893 chram
2427 1840 2611 1911 valde,
2645 1860 2711 1899 ac
2740 1846 3045 1906 timentem
3080 1852 3413 1913 Dominum.
3454 1884 3479 1910 ››

2261 1928 2316 1981 2.
2351 1928 2500 1985 Sunt
2530 1930 2724 2003 itaque
2750 1938 3012 1993 canonici
3064 1940 3284 1999 Veteris
3316 1947 3671 2009 Testamenti
3706 1956 3840 2013 libri

2196 2018 2677 2117 numerooviginti
2708 2024 2843 2093 duo,
2877 2025 3085 2083 litteris
3131 2033 3428 2092 Hebraicis
3461 2058 3702 2099 numero
3735 2064 3836 2117 pa-

2194 2121 2306 2160 res.
2342 2106 2605 2163 Totidem
2638 2111 2792 2167 enim
2826 2118 2980 2185 apud
3015 2118 3145 2176 illos
3175 2129 3314 2179 sunt
3350 2126 3657 2188 elementa.

2271 2198 2479 2288 Draiter
2512 2197 2654 2253 istos
2685 2207 2880 2257 autem
2913 2212 3053 2262 sunt
3081 2210 3271 2267 adhuc
3302 2214 3399 2269 alii
3431 2218 3694 2288 ejusdem
3728 2225 3834 2283 Ve-

2195 2282 2715 2379 terisTestamenti
2770 2290 2898 2346 libri
2953 2312 3063 2351 non
3100 2304 3383 2373 canonici,
3436 2282 3533 2379 qui
3568 2314 3837 2371 catechu-

2197 2370 2386 2427 menis
2415 2377 2646 2431 tantum
2681 2377 2974 2451 leguntur.
3010 2385 3259 2445 Scilicet.

2268 2460 2565 2532 Sapientia
2595 2466 2947 2537 Salomonis,
2979 2476 3146 2544 cujus
3185 2483 3487 2541 exordium
3521 2495 3644 2545 est:
3680 2515 3706 2540 ‹‹
3745 2493 3842 2547 Di-

2193 2548 2354 2621 ligite
2376 2552 2689 2623 justitiam,
2724 2560 2820 2628 qui
2844 2562 3125 2630 judicatis
3156 2571 3391 2627 terram.
3425 2595 3454 2625 »

2266 2639 2564 2711 Sapientia
2600 2645 2739 2701 Jesu
2792 2648 2892 2703 filii
2943 2652 3163 2722 Sirach,
3214 2660 3382 2729 cujus
3430 2662 3659 2721 initium
3710 2676 3835 2729 est:

2196 2752 2225 2779 ‹‹
2258 2730 2462 2788 Omnis
2494 2736 2781 2806 sapientia
2810 2756 2842 2795 a
2885 2741 3133 2801 Domino
3164 2753 3271 2813 est,
3303 2756 3360 2806 et
3408 2769 3541 2810 cum
3591 2759 3717 2829 ipso
3748 2767 3840 2819 est

2195 2820 2255 2874 in
2287 2821 2588 2878 saeculum.
2624 2847 2652 2875 ››

2276 2911 2499 2979 Esther,
2534 2915 2704 2985 cujus
2733 2915 2969 2974 initium
3002 2927 3126 2978 est:
3161 2948 3189 2975 ‹‹
3223 2932 3391 2985 Anno
3436 2936 3712 3001 secundo,
3750 2955 3836 2995 re-

2194 3008 2409 3076 gnante
2440 3007 2751 3060 Artaxerxe
2800 3005 3032 3080 Magno,
3067 3028 3182 3068 una
3240 3016 3333 3073 die
3382 3023 3600 3078 mensis
3633 3024 3832 3094 Nisan,

2194 3093 2488 3149 somnium
2533 3092 2680 3148 vidit
2725 3096 3141 3171 Mardocheus,
3195 3103 3350 3161 ﬁlius
3397 3108 3564 3180 Jairi,
3600 3111 3699 3169 filii
3734 3092 3832 3171 Se4

2196 3182 2330 3249 mei,
2363 3181 2467 3236 ﬁlii
2498 3180 2688 3252 Kisasi,
2721 3199 2789 3238 ex
2821 3185 3011 3243 tribus
3040 3191 3365 3262 Benjamin.
3401 3218 3430 3245 »

2261 3270 2489 3336 Juditb,
2512 3272 2681 3341 cujus
2702 3272 3053 3346 principium
3078 3283 3167 3334 est
3192 3298 3203 3335 :
3244 3301 3267 3331 ι
3295 3289 3464 3341 Anno
3486 3288 3833 3349 duodecimo

2192 3359 2353 3449 regni
2387 3359 2942 3449 Nabuch-sdonosor,
2976 3367 3075 3438 qui
3107 3367 3166 3424 in
3188 3374 3425 3445 Assyria
3456 3380 3738 3449 regnavit,
3771 3380 3832 3436 in

2192 3448 2396 3541 Ninive
2440 3447 2672 3541 civitate
2716 3468 2950 3541 magna,
3002 3456 3061 3511 in
3117 3458 3322 3518 diebus
3365 3447 3697 3537 Arphaxad,
3726 3447 3834 3541 qui

2192 3538 2489 3593 Medorum
2521 3555 2617 3593 rex
2651 3539 2757 3594 fuit
2786 3541 2842 3595 in
2877 3544 3209 3605 Ecbatanis.
3243 3573 3269 3600 »

2264 3626 2454 3694 Tobit,
2484 3628 2653 3698 cujus
2696 3631 2997 3688 exordium
3053 3641 3177 3691 est:
3214 3661 3240 3688 ι(
3299 3640 3468 3698 Liber
3495 3660 3835 3703 sermonum

2194 3715 2387 3782 Tobit,
2425 3715 2529 3769 filii
2575 3717 2796 3789 Tobiel.
2848 3720 2951 3775 filii
3007 3726 3268 3796 Ananiel,
3320 3728 3421 3784 ﬁlii
3479 3734 3684 3800 Aduel,
3732 3735 3834 3789 ﬁlii

2197 3802 2434 3873 Gabael,
2480 3819 2548 3859 ex
2595 3806 2820 3862 semine
2877 3810 3036 3864 Asiel
3084 3813 3153 3868 de
3202 3816 3358 3871 tribu
3418 3818 3835 3890 Nephthalim:

2198 3892 2294 3965 qui
2330 3892 2386 3947 in
2419 3893 2809 3965 captivitatem
2843 3898 3136 3956 adductus
3182 3903 3291 3957 fuit
3320 3905 3380 3961 in
3411 3907 3619 3966 diebus
3650 3911 3841 3968 Eune-

2198 3981 2409 4037 mesari
2437 3982 2589 4054 regis
2617 3985 3009 4055 Assyriorum.
3044 4012 3072 4039 ››

2267 4070 2374 4125 Tot
2403 4075 2542 4126 sunt
2570 4070 2701 4125 libri
2738 4073 2954 4130 Veteris
2984 4077 3364 4150 Testamenti,
3403 4102 3517 4142 non
3550 4089 3838 4146 canonici.

2198 4158 2443 4221 Quidam
2476 4174 2608 4213 vero
2640 4175 2708 4215 ex
2737 4162 3046 4236 veteribus,
3069 4169 3223 4238 apud
3254 4169 3523 4231 Hebraeos
3540 4193 3641 4247 pro
3674 4196 3841 4235 cano-

2200 4246 2349 4301 nicis
2381 4248 2637 4318 reputari
2679 4248 2969 4319 dixerunt,
3024 4253 3240 4313 librum
3293 4260 3500 4319 Esther
3522 4246 3624 4331 ;7et
3654 4265 3843 4324 hieto-

2201 4335 2347 4389 riam
2381 4334 2530 4389 Ruth
2559 4352 2692 4391 cum
2737 4338 2997 4398 historiis
3024 4343 3301 4403 Judicum
3354 4367 3468 4407 uno
3496 4352 3645 4409 libro
3685 4372 3843 4411 com-

2202 4423 2483 4495 prehendi
2514 4429 2569 4480 et
2598 4431 2970 4485 annumerari
2999 4450 3012 4486 :
3044 4433 3250 4491 Esther
3270 4454 3401 4495 vero
3427 4458 3531 4512 pro
3561 4442 3674 4499 alio
3697 4444 3844 4500 libro

2202 4513 2524 4584 computari
2552 4530 2565 4568 :
2597 4520 2772 4587 atque
2803 4519 2882 4573 ita
2912 4536 3117 4577 rursus
3149 4542 3461 4584 numerum
3494 4531 3698 4603 viginti
3729 4534 3845 4587 duo

2120 4592 2171 4659 D
2202 4601 2617 4658 canonicorum
2649 4603 2953 4675 librorum,
2980 4612 3131 4681 apud
3160 4613 3289 4669 illos
3314 4592 3591 4689 compleri
3623 4621 3843 4676 volunt.

2274 4691 2325 4744 3.
2363 4691 2431 4745 Et
2461 4696 2546 4747 tot
2577 4693 2809 4765 quidem
2845 4704 2986 4754 sunt
3015 4706 3071 4755 et
3099 4702 3389 4772 ejusmodi
3420 4723 3552 4763 cum
3588 4710 3643 4764 in
3679 4725 3849 4764 cano-

2205 4796 2296 4847 ne,
2330 4785 2453 4835 tum
2486 4787 2645 4839 extra
2674 4800 2979 4857 canonem,
3013 4789 3236 4847 Veteris
3265 4794 3623 4852 Testamenti
3656 4798 3808 4854 libri.

2276 4958 2416 5014 Novi
2448 4976 2603 5028 vero,
2639 4963 3009 5020 determinati
3041 4970 3097 5022 et
3126 4972 3394 5028 canonici
3426 4980 3570 5032 sunt
3601 4976 3695 5033 isti
3725 4996 3737 5033 :

2276 5138 2612 5216 Secundum
2635 5140 3002 5216 _Mattha_eu_m,
3024 5148 3195 5216 cujus
3212 5148 3448 5209 initium
3471 5159 3561 5209 est
3585 5173 3597 5211 :
3629 5179 3655 5206 α
3682 5156 3850 5211 Liber

2204 5210 2597 5280 generationis
2624 5212 2761 5268 Jesu
2796 5214 3030 5283 Christi,
3065 5210 3167 5273 ﬁ'lii
3204 5222 3517 5281 Abraham.
3554 5249 3580 5275 ››

2204 5421 2264 5477 in
2282 5421 2493 5503 [greco
2524 5425 2737 5503 Scriptt
2761 5417 2886 5503 jam
2919 5427 3151 5503 legitur,
3178 5433 3447 5493 Σωσάννα.

2275 5494 2386 5565 (74)
2418 5496 2546 5551 Haac
2576 5494 2691 5553 non
2726 5494 3017 5557 habentur
3045 5503 3101 5559 in
3123 5494 3401 5564 Hebraico
3427 5514 3607 5568 textu.
3630 5513 3691 5567 In
3709 5510 3848 5567 Vul-

2205 5569 2567 5645 gat_a_autem
2600 5569 2855 5645 legitur,
2869 5589 2994 5645 cap.
3034 5575 3119 5629 11.

2277 5637 2386 5711 (75)
2420 5639 2482 5696 In
2511 5637 2705 5698 Graec—0
2736 5637 3049 5716 Scriptum
3080 5650 3237 5703 textu
3266 5648 3499 5722 legitur.
3532 5650 3745 5721 Ἀσιήλ.
