4372 6214
555 414 673 475 291

1762 412 1827 476 S.
1876 413 2401 478 ATHANASIUS.
2426 446 2506 462 —
2533 418 2796 481 DUBlA.

3855 444 3989 507 292

629 546 966 602 Secundum
997 545 1282 611 Marcum,
1311 546 1484 615 cujus
1503 545 1737 601 initium
1771 549 1862 602 est
1887 563 1899 602 :
1926 569 1953 596 «
1986 546 2199 602 Princi-

2322 636 2357 645 μ
2394 546 2540 645 Κατὰ
2560 549 2807 645 ἂίάρκον,
2840 550 2902 606 οῦ
2933 556 2966 624 ἡ
3001 556 3169 633 ἀρχή
3207 584 3233 610 ‹‹
3279 561 3450 637 Ἀρχή
3483 568 3579 620 τοῦ
3629 567 3987 645 Εὖαγγελίου

559 634 726 706 pium
755 634 1048 706 Evangelii
1078 632 1215 690 Jesu
1264 633 1501 698 Christi,
1535 634 1661 689 Filii
1695 634 1795 689 Dei
1826 652 1839 689 :
1881 636 2035 691 sicut
2066 636 2210 690 scri-

561 728 731 795 ptum
762 722 937 778 estin
991 723 1140 778 Isaia
1189 722 1505 794 propheta:
1559 724 1700 779 Ecce
1748 739 1853 796 ego
1905 724 2071 778 mitto
2105 741 2208 778 an-

2322 636 2499 733 Ἰησοῦ
2559 641 2814 714 Χριστοῦ,
2876 645 3003 697 Υἱοῦ
3056 651 3154 700 τοῦ
3212 654 3366 703 Θεοῦ·
3404 636 3605 717 Ῠκαθὼς
3670 636 3985 733 γέγραπται

2321 723 2372 815 ἐν
2404 731 2483 815 τῷ
2508 727 2705 815 ,Ἠσαίᾳ
2734 735 2812 802 τῷ
2846 737 3118 810 προφήτῃ
3175 734 3315 792 Ἰδοὸ
3364 739 3467 815 ἐγὼ
3509 723 3838 803 ἀποστὶλλω
3888 754 3983 806 τὸν

561 811 758 885 gelum
790 826 987 867 meum
1038 816 1174 866 ante
1230 811 1440 867 faciem
1469 816 1658 881 tuam,
1707 813 1807 885 qui
1856 812 2199 885 prmparabit

2318 810 2545 889 ἄγγελόν
2577 838 2681 889 μου
2712 820 2816 894 πρὸ
2850 823 3145 896 προσώπου
3178 847 3295 896 σου,
3330 827 3389 890 ὅς
3438 831 3827 892 κατασλευάσιι
3873 843 3979 909 τήν

560 901 714 955 viam
747 904 933 955 tuam.
972 921 1000 949 »

610 990 964 1046 ‘Becundum
996 994 1234 1056 Lucam,
1258 990 1429 1060 cujus
1450 988 1683 1046 initium
1708 995 1794 1047 est
1819 1007 1832 1045 :
1868 1014 1897 1042 «
1921 991 2205 1055 Quoniam

558 1079 725 1135 multi
759 1078 953 1134 conati
985 1082 1125 1133 sunt
1154 1083 1458 1133 contexere
1489 1080 1882 1136 narrationem
1913 1081 1984 1136 de
2013 1080 2087 1136 iis
2118 1097 2206 1135 re-

556 1169 690 1236 bus,
722 1184 847 1240 quas
877 1165 1220 1224 certissimae
1251 1173 1390 1222 sunt
1418 1166 1571 1223 inter
1606 1186 1711 1224 nos
1746 1170 1897 1225 fidei.
1939 1193 1959 1219 ι

626 1256 966 1313 Secundum
994 1255 1304 1323 Joannem,
1337 1257 1506 1326 cujus
1536 1256 1889 1329 principium
1919 1263 2042 1314 est:
2079 1280 2106 1309 (ι
2139 1261 2202 1314 [ιι

557 1345 847 1418 principio
867 1349 992 1400 erat
1010 1344 1290 1413 Verbum,
1310 1349 1367 1400 et
1390 1347 1647 1402 Verbum
1669 1351 1794 1401 erat
1816 1349 1969 1419 apud
2000 1349 2200 1416 Deum,

555 1440 613 1491 et
642 1434 798 1490 Deus
828 1438 950 1489 erat
979 1432 1257 1488 Verbum.
1309 1433 1427 1489 Hoc
1461 1441 1581 1490 erat
1636 1436 1694 1490 in
1728 1436 2014 1508 principio
2045 1438 2200 1510 apud

557 1524 764 1580 Deum.
794 1523 1000 1578 Omnia
1030 1539 1133 1594 per
1168 1522 1365 1594 ipsum
1422 1524 1571 1579 facta
1602 1530 1762 1593 sunt,
1812 1530 1872 1582 et
1900 1526 2027 1582 sine
2075 1527 2203 1595 ipso

556 1612 777 1669 factum
807 1615 897 1667 est
924 1611 1068 1666 nihil
1098 1612 1250 1682 quod
1285 1611 1505 1667 factum
1540 1617 1648 1668 est.
1686 1636 1715 1663 ››

624 1702 729 1758 99
757 1703 898 1756 Acta
926 1700 1349 1771 apostolorum,
1382 1718 1634 1773 quorum
1682 1702 2037 1775 principium
2071 1710 2199 1761 est:

561 1810 586 1841 σ
620 1791 881 1847 Primum
931 1790 1167 1861 quidem
1217 1806 1550 1846 sermonem
1584 1792 1691 1847 feci
1738 1793 1809 1848 de
1840 1795 2137 1862 omnibus,
2166 1811 2200 1850 ο

550 1879 893 1953 Theophila,
925 1895 1051 1951 quis
1082 1879 1258 1951 cmpit
1283 1879 1457 1935 Jesus
1489 1880 1677 1937 facere
1708 1885 1764 1936 et
1793 1882 2017 1939 docere.
2064 1905 2090 1932 ››

624 1968 930 2026 Catholica
951 1967 1223 2041 Epistolis
1241 1969 1609 2025 diversorum
1627 1970 2047 2042 apostolorum,
2071 1988 2202 2028 om-

2318 899 2444 956 ὁδόν
2473 925 2588 961 σου.
2628 930 2655 956 ››

2389 993 2532 1089 Κατά
2590 1002 2820 1089 Λουκᾶν,
2859 998 2928 1089 οῦ
2985 1002 3019 1069 ἡ
3079 1001 3248 1079 ἀρχή·
3303 1031 3331 1057 ‹‹
3386 1008 3716 1089 Ἐπιιδήπερ
3762 1017 3979 1073 πολλοὶ

2317 1077 2674 1157 ἐπεχείρησαν
2705 1085 3057 1157 ἀνατάξασθαι
3091 1089 3347 1167 διήγησιν
3380 1099 3502 1170 περὶ
3544 1105 3649 1154 τῶν
3683 1077 3977 1177 πεπληρο-

2316 1170 2640 1245 φορημὲνων
2665 1173 2715 1229 ἐν
2748 1178 2883 1249 ἡμῖν
2917 1180 3271 1255 πραγμάτων.
3308 1208 3328 1235 ι

2386 1261 2859 1359 βατὰ.’ῐωάννην,
2894 1266 2955 1321 οῦ
2988 1271 3022 1337 ἡ
3054 1270 3223 1345 ἀρχή·
3263 1296 3291 1324 ‹‹
3325 1275 3409 1329 Ἐν
3442 1275 3588 1352 ἀρχῇ
3612 1282 3677 1347 ἦν
3706 1282 3735 1336 6
3766 1284 3973 1359 Λόγος,

2312 1348 2400 1449 καὶ
2433 1351 2460 1403 ὁ
2496 1350 2671 1449 ⁴ἶόγος
2702 1356 2765 1421 ἦν
2800 1357 2935 1429 πρὸς
2966 1358 3055 1411 τὸν
3079 1361 3227 1429 Θεὸν,
3260 1363 3349 1416 καί
3382 1348 3628 1436 Θεὸς-*ἦν
3688 1372 3717 1424 6
3766 1348 3971 1449 Λόγοςί

2312 1436 2481 1499 Οὗτος
2610 1440 2661 1495 ἐν
2690 1442 3001 1538 ἀρχῇήπρὸς
3038 1448 3129 1502 τὸν
3162 1449 3314 1509 Θεόν.
3350 1453 3526 1508 Πάντα
3558 1452 3629 1509 δι’
3659 1459 3827 1514 αὐτοῦ
3861 1436 3975 1538 ὲγέο

2310 1547 2451 1597 νετο,
2481 1528 2569 1582 καὶ
2602 1530 2776 1604 χωρὶς
2808 1532 2972 1589 αὐτοῦ
3006 1534 3212 1612 ἐγένετο
3240 1537 3418 1611 οῦδὶν,
3446 1542 3477 1597 8
3508 1548 3747 1621 γέγονεν.

2382 1706 2607 1804 Πράξεις
2638 1713 2744 1804 τιῖιν
2778 1709 3191 1785 ἀποστόλων,οῦ
3221 1719 3255 1786 ἡ
3285 1718 3456 1795 ἀρχή·
3492 1747 3519 1772 ‹‹
3550 1724 3649 1777 Τὸν
3683 1727 3777 1799 μὲν
3811 1735 3972 1804 πρῶ-

2307 1796 2415 1894 ἷῶν
2444 1793 2613 1894 λόγον
2668 1797 3017 1874 ἐποιησάμην
3066 1806 3189 1879 περὶ
3237 1793 3477 1882 πάντων,
3528 1813 3573 1867 ὧ
3602 1793 3970 1894 Θεόφιλεξῶν

2232 1919 2279 1985 Β
2308 1879 2508 1954 ἤρξατο
2540 1885 2568 1939 ὁ
2600 1886 2809 1956 Ἰησοῦς
2842 1896 3016 1945 ποιεῖν
3044 1914 3101 1948 τι
3129 1894 3219 1948 καὶ
3248 1879 3539 1957 διδάσκειν.
3573 1926 3602 1952 ››

2384 1971 2679 2030 Καθολικαὶ
2712 1978 3025 2035 Ἐπιστολαὶ
3058 1978 3329 2061 διαφόρων
3364 1986 3766 2065 ἆποστόλων,αἱ
3794 2003 3968 2053 uice:

556 2076 660 2117 nes
689 2074 937 2114 numero
966 2062 1213 2130 septem,
1246 2074 1364 2113 uno
1411 2059 1846 2130 comprehensas
1885 2060 2199 2117 volumine.

622 2148 823 2205 Jacobi
856 2164 974 2202 una
1004 2148 1173 2217 cujus
1207 2147 1559 2218 principium
1592 2153 1718 2203 est:
1753 2172 1780 2199 «
1814 2150 2070 2206 Jacobus
2106 2151 2201 2205 Dei

2311 2059 2464 2129 ἑπτὰ,
2499 2062 2575 2126 εἷς
2606 2063 2661 2119 ἓν
2689 2065 3082 2141 ἀριθμούμεναι
3119 2059 3356 2147 βίϐλίον.

2383 2148 2643 2207 Ἰακώϐου
2695 2154 2814 2226 μία,
2844 2160 2909 2226 ἧς
2943 2162 2975 2227 ἡ
3009 2158 3181 2235 ἀρχή·
3218 2189 3246 2214 ‹‹
3278 2161 3533 2229 Ἰάκωϐος
3567 2175 3698 2224 Θεοῦ
3729 2173 3820 2227 καὶ
3860 2182 3967 2231 Κυ-

554 2256 621 2294 ac
656 2236 879 2293 Domini
912 2236 1093 2291 nostri
1152 2239 1292 2291 Jesu
1342 2236 1557 2291 Christi
1618 2254 1841 2309 servus,
1890 2240 2199 2295 duodecim

2313 2238 2432 2313 ρίου
2484 2240 2659 2336 ⁹Ξησοῦ
2708 2245 2943 2318 Χριστοῦ
2985 2245 3203 2323 δοῦλος,
3229 2258 3345 2315 ταῖς
3379 2251 3586 2311 δώδεκα
3614 2258 3811 2336 φυλαῖς
3846 2272 3967 2327 ταῖς

552 2327 826 2383 tribubus
859 2342 987 2397 quae
1010 2330 1150 2381 sunt
1180 2325 1236 2379 in
1270 2324 1655 2396 dispersione,
1689 2327 1960 2382 salutem.
1994 2351 2021 2377 η

2311 2326 2363 2382 ἐν
2392 2329 2463 2399 τῇ
2493 2326 2781 2405 διασπορᾷ,
2814 2336 3046 2411 χαίρειν,
3082 2363 3109 2389 ι)

626 2417 774 2472 Petri
797 2415 945 2481 duis,
970 2419 1027 2469 et
1048 2413 1259 2485 prioris
1280 2414 1516 2485 quidem
1540 2415 1775 2470 initium
1794 2422 1921 2472 est:
1948 2440 1969 2466 ι
1996 2418 2199 2474 Petrus

2319 2503 2333 2517 .
2382 2416 2586 2517 Πέτρου
2618 2417 2733 2517 διξοο
2766 2422 2855 2476 καὶ
2886 2431 2983 2494 τῆς
3019 2427 3115 2498 μὶν
3148 2430 3373 2503 πρώτης
3402 2435 3437 2502 ἡ
3466 2434 3634 2511 ἀρχή⁶
3671 2463 3697 2489 ‹‹
3754 2439 3969 2517 Πέτρος

553 2504 849 2578 apostolus
879 2504 1018 2559 Jesu
1048 2503 1285 2568 Christi,
1316 2502 1515 2558 electis
1545 2504 1785 2559 advenis
1816 2506 2199 2577 dispersionis

2308 2503 2615 2603 ἀπόστολος
2670 2510 2850 2603 Ἰησοῦ
2898 2514 3154 2589 Χριστοῦ,
3192 2502 3511 2585 γέκλικτοῖςΙ
3539 2502 3970 2603 ’παρεπιδήμοις

552 2595 743 2664 Ponti,
791 2592 1048 2658 Galatia,
1098 2591 1458 2663 Capadocicn,
1492 2592 1637 2648 Asia:
1677 2598 1733 2648 et
1772 2594 2073 2667 Bithyniae,
2108 2614 2198 2651 se-

2310 2590 2881 2691 Stamiopieﬂdwou,
2932 2603 3220 2675 Γαλατίας,
3279 2590 3684 2686 Καππαδοκία-ς,
3745 2590 3967 2691 Ἀσίας,

551 2684 809 2738 cundum
826 2680 1250 2753 praecientiam
1265 2681 1362 2736 Dei
1380 2681 1657 2748 Patris,in
1675 2682 2198 2741 sanctiﬁcationem

2306 2682 2395 2736 καί
2446 2685 2717 2757 Βιθυνίας,
2765 2690 2902 2745 κατὰ
2946 2693 3253 2770 πρόγνωσιν
3300 2706 3435 2755 Θεοῦ
3469 2680 3694 2779 Πατρὸςί,
3724 2704 3777 2760 ἐν

548 2770 823 2842 Spiritus,
856 2769 917 2823 in
948 2767 1339 2824 obedientiam
1372 2773 1428 2823 et
1457 2770 1859 2841 aspersionem
1892 2773 2197 2844 sanguinis

2307 2776 2430 2844 σμῷ
2477 2775 2812 2848 Πνεῦματος,
2864 2779 2940 2843 είς
2992 2782 3233 2854 ὑπακοήν
3282 2788 3370 2843 καὶ
3404 2790 3693 2866 ῥαντισμὸν
3721 2794 3964 2868 αἵματος

546 2860 686 2916 Jesu
717 2858 957 2926 Christi,
989 2857 1178 2929 gratia
1206 2857 1369 2912 vobis
1401 2861 1458 2912 et
1489 2874 1598 2929 pax
1620 2858 2057 2931 multiplicetur.
2097 2884 2124 2909 ››

624 2946 964 3003 Posterioris
1010 2962 1147 3000 vero
1194 2944 1462 3000 initium:
1519 2967 1545 2995 ‹‹
1594 2947 1828 3003 Simeon
1891 2953 2092 3005 Petrus
2140 2955 2197 3005 et

551 3034 852 3109 apostolus
881 3038 1021 3090 Jesu
1051 3033 1292 3102 Christi,
1331 3034 1425 3090 his
1472 3034 1571 3106 qui
1617 3036 1968 3109 coaequalem
2018 3040 2193 3094 fidem

551 3124 863 3180 nobiscum
909 3122 1101 3179 sortiti
1156 3128 1317 3191 sunt,
1345 3122 1407 3179 in
1448 3123 1682 3193 justitia
1728 3126 1959 3182 Domini
2010 3128 2191 3184 nostri

550 3214 688 3269 Jesu
714 3212 952 3268 Christi.
991 3232 1021 3261 η

622 3301 865 3358 Joannis
921 3305 1065 3368 tres,
1121 3304 1180 3356 et
1233 3300 1432 3373 prima;
1490 3302 1728 3373 quidem
1776 3304 2013 3361 initium
2063 3312 2186 3365 est:
2222 3278 2266 3345 Ο

559 3409 581 3439 ι
615 3389 776 3454 Quod
800 3394 922 3444 erat
952 3389 1023 3444 ab
1054 3388 1245 3459 initio,
1278 3392 1429 3461 quod
1463 3392 1821 3461 audivimus,
1859 3398 2008 3466 quod
2052 3396 2198 3451 vidi-

551 3495 685 3535 mus
715 3477 902 3534 oculis
933 3479 1170 3549 nostris,
1219 3482 1278 3533 et
1310 3496 1521 3535 manus
1564 3486 1772 3537 nostris
1805 3488 2195 3541 contrectave-

549 3572 705 3635 runt,
736 3569 809 3624 de
839 3568 1012 3624 verbo
1042 3568 1194 3623 vita.
1229 3590 1257 3617 »

617 3657 896 3714 Secundis
926 3672 1061 3713 vero
1086 3657 1325 3712 initium
1353 3674 1366 3712 :
1401 3680 1429 3709 «
1461 3658 1667 3715 Senior
1691 3660 1894 3717 Electae
1926 3662 2191 3735 dominae,

542 3750 600 3803 et
630 3746 768 3803 ﬁliis
798 3747 1009 3819 ipsius,
1040 3762 1191 3820 quos
1220 3762 1326 3819 ego
1359 3746 1539 3821 diligo
1572 3748 1629 3804 in
1664 3754 1922 3807 veritate.
1960 3773 1988 3800 ››

612 3926 816 3985 Tertia
845 3926 1186 3984 exordium:
1225 3949 1254 3977 ‹‹
1286 3916 1494 3984 Senior
1553 3928 1695 3985 Gaio
1748 3928 1980 3997 dilecto,
2014 3947 2188 4003 quem

538 4034 645 4090 ego
677 4016 855 4089 diligo
889 4018 946 4072 in
977 4016 1235 4072 veritate.
1266 4036 1292 4067 ι

608 4108 771 4163 Judas
803 4125 941 4173 una,
972 4108 1141 4179 cujus
1162 4108 1397 4164 initium
1422 4115 1547 4166 est:
1587 4134 1614 4162 «
1640 4112 1826 4168 Judas
1855 4112 1993 4167 Jesu
2022 4112 2188 4167 Chri-

538 4196 613 4250 sti
647 4211 869 4262 servus,
902 4196 1080 4251 frater
1127 4213 1260 4253 vero
1310 4199 1532 4267 Jacobi,
1580 4200 1809 4257 dilectis
1841 4201 1897 4255 in
1931 4201 2047 4257 Deo
2082 4206 2187 4258 Pa-

537 4288 646 4350 tre,
677 4289 736 4339 et
763 4283 901 4339 Jesu
933 4284 1162 4339 Christo
1194 4288 1460 4355 servatis,
1493 4289 1727 4345 vocatis.
1766 4313 1794 4339 »

608 4371 769 4429 Pauli
800 4372 1049 4444 apostoli
1081 4373 1336 4444 epistolas
1386 4378 1853 4446 quatuordecim,
1887 4378 1947 4433 in
1999 4396 2185 4435 unum

535 4459 810 4517 volumen
843 4466 1223 4518 enumeratis.
1638 4484 1639 4487 η

606 4548 822 4615 Prima,
849 4549 918 4605 ad
944 4549 1434 4621 Romanos,cujus
1457 4551 1809 4625 principium
1834 4560 1922 4612 est
1948 4573 1960 4611 :
1986 4581 2010 4607 ‹‹
2041 4558 2186 4613 Pau-

2307 2862 2486 2954 Ἰησοῦ
2515 2864 2769 2954 Χριστοῦ,
2804 2870 2965 2943 χάρις
3000 2870 3125 2945 ὑμῖν
3158 2876 3249 2930 καὶ
3280 2862 3471 2953 εἰρήνη
3522 2862 3893 2954 πληθυνθείη.
3932 2911 3962 2939 ιι

2374 2952 2488 3045 Τῆς
2525 2949 2581 3045 δὲ
2612 2950 2859 3031 δευτέρας
2889 2961 2923 3027 ἡ
2947 2958 3117 3036 ἀργή⁸
3153 2988 3180 3015 ι(
3215 2949 3441 3038 Συμεών
3472 2949 3673 3045 Πέτρος
3700 2973 3794 3028 καὶ
3824 2949 3968 3030 ἀπὸ·

2303 3038 2496 3137 στολος
2530 3042 2707 3137 Ἰησοῦ
2736 3047 2970 3122 Χριστοῦ
2999 3056 3113 3112 τοῖς
3148 3052 3391 3128 ἰσότιμον
3424 3059 3557 3130 ἡμῖν
3582 3038 3829 3137 ’λαχοῦσι
3862 3064 3959 3120 πί-

2304 3148 2415 3182 στιν
2466 3128 2517 3184 ἐν
2585 3129 2896 3210 δικαιοσύνῃ
2950 3142 3048 3192 τοῦ
3107 3141 3303 3217 Κυρίου
3362 3128 3521 3219 ἡμων
3579 3128 3761 3219 Ἰησοῦ
3820 3158 3963 3228 Χριο

2306 3237 2454 3274 στου.
2491 3243 2519 3270 ))

2375 3308 2623 3363 Ἰωάννου
2668 3317 2837 3386 τρεῖς·
2888 3314 2977 3369 καὶ
3024 3320 3122 3386 τῆς
3181 3319 3275 3391 μὶν
3302 3322 3526 3396 πρώτης
3554 3327 3587 3394 ἡ
3620 3324 3794 3402 ἀρχή.
3834 3355 3863 3383 ι(
3897 3338 3964 3387 ’Ὁ

2305 3396 2495 3497 ἦν-ἀπ’
2527 3400 2787 3497 ἀρχῆς-δ
2814 3401 3144 3497 ἀκηκόαμεν,
3178 3408 3208 3463 6'
3247 3409 3558 3485 ἑωράκαμεν
3598 3396 3729 3478 τόῖῖ
3749 3396 3967 3497 δφθαλ-

2309 3491 2431 3582 μοῖς
2455 3489 2639 3560 ἡμῶν,
2670 3490 2757 3544 καὶ
2790 3492 2842 3545 αἱ
2880 3499 3061 3568 χεῖρες
3090 3498 3249 3570 ἡμῶν
3291 3498 3667 3579 ἐψηλάφησαν,
3700 3489 3832 3582 περὶ
3861 3516 3964 3565 τοῦ

2305 3574 2471 3650 λόγου
2499 3583 2599 3646 τῆς
2636 3582 2801 3649 ζωῆς.
2836 3606 2864 3633 ››

2374 3667 2487 3759 Τῆς
2544 3663 2604 3759 δὶ
2654 3664 2901 3759 δευτέρας
2950 3673 2984 3742 ἡ
3032 3672 3202 3749 ἀρχή·
3259 3679 3373 3733 «Ὁ
3401 3675 3764 3759 πρεσϐύτερος
3802 3684 3960 3744 ἐκλε-

2432 3753 2589 3830 κυρίᾳ
2636 3756 2724 3810 καὶ
2768 3764 2884 3822 τοῖς
2915 3760 3123 3825 τέκνοις
3157 3763 3345 3837 αὐτῆς,
3380 3768 3471 3831 οὕς
3526 3768 3629 3847 ἐγὼ
3660 3753 3866 3847 ἀγαπῶ
3900 3777 3956 3833 ἒν

2299 3839 2547 3914 ἀληθείᾳ.
2585 3868 2612 3894 ››

2369 3933 2485 4000 Τῆς
2518 3930 2575 3986 δὲ
2616 3933 2803 4027 τρίτης
2944 3937 3114 4015 ἀρχή·
3147 3966 3175 3993 ‹‹
3208 3943 3268 4000 Ὁ
3294 3941 3655 4023 πρεσϐύτερος
3689 3950 3841 4026 Γαίῳ
3874 3961 3957 4027 τῷ

2296 4018 2582 4095 ἀγαπητῷ,
2614 4018 2669 4076 ὄν
2705 4022 2813 4098 ἐγὼ
2842 4024 3036 4101 ἀγαπῶ
3069 4028 3120 4083 ἐν
3158 4018 3405 4105 ἀληθείᾳ.
3444 4060 3471 4086 ››

2371 4106 2698 4205 Ἰούδα-μία,
2726 4116 2897 4205 ’ἧςμὴ
2950 4116 3118 4205 ἀρχη·
3176 4142 3203 4173 ιι
3264 4120 3467 4186 Ἰούδας
3502 4126 3680 4197 Ἰησοῦ
3712 4135 3959 4205 Χριστοῦ

2298 4193 2511 4297 δοῦλρς,
2547 4197 2778 4297 ἀδελφὸς
2811 4199 2867 4256 δὲ
2894 4200 3183 4277 Ἰακώϐου,
3219 4215 3336 4271 τοῖς
3369 4212 3420 4266 ἐν
3454 4193 3575 4287 Θεῷ.
3604 4193 3772 4294 Πατρί
3810 4222 3953 4297 ἠγα-

2296 4285 2585 4376 πημένοις,
2634 4288 2722 4343 καὶ
2753 4291 2931 4361 Ἰησοῦ
2963 4294 3180 4368 Χριστῷ
3207 4285 3596 4375 τετηρημένοις
3627 4285 3891 4376 κλητοῖς..
3928 4338 3949 4363 ι

2366 4374 2586 4471 Παύλου
2632 4376 2942 4435 ἀποστόλου
3000 4380 3281 4440 ἐπιστολαί
3340 4386 3427 4459 δι’,
3482 4390 3557 4454 εἷς
3587 4388 3641 4447 ἓν
3675 4374 3957 4471 ἀριθμοῦσι

2297 4484 2451 4535 μιναι
2486 4458 2723 4539 βιϐλίον.

2365 4555 2627 4651 (ἿΘλἙνΑ
2919 4561 2954 4628 ἡ
3013 4561 3149 4635 πρὸς
3205 4565 3535 4637 Ῥωμαίους,
3582 4572 3709 4641 ﬁci;
3768 4571 3952 4651 ἀρχή-

534 4638 629 4694 lus
660 4654 863 4694 servus
891 4642 1028 4693 Jesu
1077 4638 1313 4706 Christi,
1348 4646 1585 4697 vocatus
1622 4644 1955 4716 Apostolus,
1991 4661 2188 4719 segre-

2304 4664 2329 4691 ‹‹
2360 4642 2571 4706 Παῦλος
2603 4642 2799 4709 δοῦλος
2834 4648 3010 4718 Ἰησοῦ
3042 4656 3295 4727 Χριστοῦ,
3326 4653 3532 4727 κλητὸς
3586 4638 3951 4737 Ἀπόστολδς,

532 4731 708 4799 gatus
739 4727 797 4782 in
828 4725 1211 4800 Evangelium
1253 4727 1372 4784 Dei.
1407 4750 1435 4779 ››

602 4816 688 4871 Ad
719 4815 1050 4873 Corinthios
1098 4817 1248 4884 duae,
1302 4817 1503 4889 primae
1532 4818 1764 4876 initium
1818 4826 1943 4877 est:
1978 4846 2005 4873 ‹‹
2044 4823 2184 4879 Pau-

531 4903 626 4960 lus
655 4910 893 4962 vocatus
922 4906 1239 4977 Apostolus
1260 4906 1397 4964 Jesu
1431 4908 1667 4976 Christi,
1695 4926 1797 4982 per
1826 4910 2182 4967 voluntatem

532 4992 657 5064 Dei,
697 4998 753 5049 et
809 4995 1123 5051 Sosthenes
1172 4997 1370 5065 frater,
1426 4997 1694 5053 Ecclesiae
1748 5001 1866 5069 Dei,
1920 5017 2047 5072 quas
2095 5006 2185 5058 est

532 5081 814 5138 Corinthi.
853 5105 881 5133 »

601 5171 882 5228 Secundis
937 5172 1293 5246 principium
1353 5180 1477 5233 est:
1513 5200 1541 5228 ι(
1602 5177 1820 5236 Paulus
1877 5179 2181 5253 apostolus

527 5259 559 5315 J
566 5277 669 5317 esu
701 5260 939 5333 Christi,
964 5280 1066 5335 per
1082 5262 1438 5321 voluntatem
1464 5266 1586 5333 Dei,
1611 5272 1669 5323 et
1697 5268 2039 5328 Timotheus
2065 5271 2181 5328 fra-

530 5355 638 5417 ter,
671 5349 937 5406 Ecclesias
968 5350 1095 5421 Dei,
1126 5368 1254 5423 quas
1285 5360 1375 5409 est
1405 5355 1688 5410 Corinthi.
1723 5379 1752 5405 ››

602 5436 838 5510 Quarta,
918 5440 991 5495 ad
1068 5439 1325 5509 Galatas,
1401 5443 1572 5513 cujus
1630 5443 1983 5517 principium
2049 5453 2175 5505 est:

532 5548 560 5577 κ
590 5526 805 5584 Paulus
835 5528 1137 5601 apostolus
1188 5546 1301 5587 non
1336 5531 1409 5587 ab
1461 5531 1821 5603 hominibus,
1856 5550 2044 5609 neque
2074 5553 2180 5611 per

599 5749 709 5823 (76)
731 5748 916 5820 Forte,
947 5747 1022 5802 ὧν
1053 5747 1206 5827 πρώτ
1259 5793 1271 5807 .

2295 4731 2671 4809 ἀφωρισμένος
2704 4734 2779 4797 είς
2810 4735 3141 4814 Εὐαγγὲλιον
3170 4746 3323 4799 Θεοῦ.

2364 4823 2504 4917 Πρὸς
2552 4824 2877 4917 Κορινθίους
2907 4823 3023 4917 δύο·
3068 4829 3158 4917 καὶ
3195 4837 3293 4901 τῆς
3329 4833 3422 4905 μὲν
3453 4836 3674 4909 πρώτης
3698 4839 3734 4908 ἡ
3767 4837 3947 4917 ἀρχήο

2293 4933 2321 5000 ι(
2354 4908 2568 4973 Παῦλος
2614 4911 2819 4984 κλητὸς
2868 4915 3203 4982 ’Δπόστολος
3248 4921 3429 4993 Ἰησοῦ
3473 4929 3704 5000 Χριστοῦ
3736 4908 3949 4995 διὲι”ὀέ-

2292 4996 2539 5071 λήματος
2570 5005 2725 5072 Θεοῦ,
2757 5000 2847 5057 καί
2878 5005 3159 5079 Σωσθίνης
3192 5009 3220 5063 6
3249 4996 3601 5090 ἀδελφὸς,’τῇ
3643 5015 3949 5091 Ἐκκλησία

2289 5092 2386 5142 τοῦ
2419 5094 2553 5145 Θεοῦ
2581 5095 2649 5165 τῇ
2682 5091 2814 5167 οὑσῃ
2844 5091 2896 5147 ἐν
2930 5095 3193 5172 Κορίνθῳ.
3226 5124 3255 5151 ››

2360 5183 2465 5248 Τῆς
2508 5176 2565 5234 δὲ
2596 5177 2846 5257 δευτέρας
2876 5185 2910 5253 ἡ
2943 5183 3117 5260 ἀρχή·
3149 5210 3178 5238 ‹‹
3210 5186 3424 5253 Παῦλος
3472 5190 3781 5257 ἀπόστολος
3832 5198 3945 5266 ’[η-

2288 5271 2384 5321 σοῦ
2406 5273 2640 5343 Χριστοῦ
2670 5268 2759 5325 διὰ
2788 5270 3099 5346 θελήματος
3123 5282 3276 5350 Θεοῦ,
3306 5278 3396 5333 καὶ
3427 5280 3690 5354 Τιμόθεος
3722 5285 3751 5339 ὁ
3784 5283 3948 5344 ἁδελ-

2288 5356 2412 5435 φὸς,
2432 5360 2501 5447 τῇ
2536 5357 2834 5434 Ἐκκλησία
2863 5366 2959 5416 τοῦ
2991 5369 3124 5419 Θεοῦ
3153 5369 3221 5440 τῇ
3255 5366 3387 5443 οὔσῃ
3422 5367 3475 5424 ἂν
3500 5371 3766 5447 Κορίνθῳ,
3799 5398 3829 5425 η

2356 5446 2591 5523 Τετάρτη
2646 5448 2781 5522 πρὸς
2838 5451 3100 5527 Γαλάτας,
3159 5457 3227 5524 ἧς
3277 5459 3311 5527 ἡ
3388 5446 3587 5534 ἀρχή(
3624 5485 3653 5512 ‹‹
3713 5461 3945 5529 Παῦλος

2287 5533 2591 5599 ἀπόστολος
2647 5537 2747 5593 οὐκ
2800 5539 2893 5595 ἀπ’
2943 5543 3260 5617 ἀνθρώπων,
3318 5543 3445 5603 οὐδὶ
3491 5533 3563 5603 δι’
3616 5550 3943 5629 ἀνθρώπων,
