4372 6214
439 398 557 460 293

438 528 584 585 ἀλλὰ
614 527 702 584 διὰ
729 530 907 599 Ἰησοῦ
940 535 1178 606 Χριστοῦ
1206 533 1294 586 καὶ
1327 532 1459 588 Θεοῦ
1491 533 1577 589 καὶ
1612 537 1842 612 Πατρός.
1878 563 1905 590 n

511 706 738 781 Πέμπτη
776 707 908 783 πρὸς
941 709 1238 786 Ἐφεσίους,
1260 713 1329 779 ἧς
1354 713 1388 780 ἡ
1423 714 1591 789 ἀρχή·
1628 740 1653 766 ιι
1688 714 1902 778 Παῦλος
1953 717 2086 772 ἀπό-

438 793 632 858 στολος
665 798 844 868 Ἰησοῦ
875 802 1106 873 Χριστοῦ
1140 796 1228 854 διὰ
1258 799 1568 874 θελήματος
1601 807 1883 876 Θεοῦ,τοῖς
1918 806 2088 882 ἁγίοις

435 891 551 947 τοῖς
583 883 729 940 οῦσιν
760 885 810 941 ἐν
846 888 1076 964 Ἐφέσῳ,
1105 889 1193 942 καὶ
1223 896 1437 953 πιστοῖς
1488 891 1538 946 ἐν
1584 894 1798 969 Χριστῷ
1829 897 2022 962 Ἰησοῦ.
2057 920 2085 947 ››

508 996 678 1062 "Exn;
738 994 873 1068 πρὸς
928 995 1357 1068 Φιλιππησίους,
1390 1000 1456 1066 ἧς
1488 1001 1521 1067 ἡ
1565 1002 1733 1076 ἀρχή·
1782 1026 1811 1053 ‹‹
1870 1002 2084 1066 Παῦλος

439 1083 528 1137 καὶ
555 1081 838 1154 Τιμόθεος,
871 1079 1060 1138 δοῦλοι
1096 1085 1273 1154 Ἰησοῦ
1306 1092 1556 1161 Χριστοῦ,
1591 1096 1717 1144 πᾶσι
1763 1097 1878 1154 τοῖς
1912 1093 2084 1168 ἁγίοις

434 1176 551 1232 τοῖς
601 1169 746 1225 οὖσιν
795 1170 846 1226 ἐν
899 1171 1222 1243 Φιλίπποις,
1258 1174 1348 1228 σὺν
1405 1175 1719 1241 ἐπισκόποις
1768 1180 1856 1235 καὶ
1908 1178 2087 1236 διακό-

436 1280 574 1321 νοις.
609 1283 637 1311 ³)

508 1342 750 1419 Ἑϐδόμη
809 1350 945 1423 πρὸς
1006 1347 1357 1418 Κολασσαεῖς,
1388 1355 1516 1423 ἧςή
1551 1356 1726 1431 ἀρχή·
1789 1380 1816 1411 υ
1868 1358 2082 1421 Παῦλος

435 1435 739 1498 ἀπόστολος
795 1443 1031 1512 Χριστοῦ
1089 1441 1267 1510 Ἰησοῦ
1326 1439 1414 1496 διὰ
1463 1443 1776 1517 θελήματος
1808 1452 1963 1518 Θεοῦ,
1993 1449 2084 1502 καὶ

433 1524 696 1598 Τιμόθεος
730 1527 757 1580 ὁ
788 1523 1042 1605 ἀδελφὸς,
1073 1534 1188 1592 τοῖς
1217 1528 1267 1583 ἐν
1301 1530 1606 1595 Κολασσαῖς
1634 1534 1806 1611 ἁγίοις
1847 1537 1935 1591 καὶ
1990 1560 2083 1592 πι-

437 1620 584 1676 στοῖς
617 1613 876 1692 ἀδελφοῖς
907 1615 958 1671 ἐν
991 1617 1229 1692 Χριστῷ.
1264 1646 1286 1673 ι

508 1721 650 1794 Πρὸς
709 1719 1120 1785 Θεσσαλονικεὶς
1179 1724 1295 1779 δύο⁶
1328 1725 1417 1780 καί
1471 1731 1568 1796 τῆς
1624 1729 1719 1801 μὶν
1769 1733 1993 1807 πρώτης
2046 1736 2081 1803 ἡ

435 1807 611 1882 ἀρχή“
653 1832 681 1860 ‹‹
715 1808 928 1872 Παῦλος
967 1811 1057 1866 καὶ
1091 1811 1387 1876 Σιλουανὸς
1418 1815 1504 1870 καί
1549 1819 1834 1890 Τιμόθεος,
1865 1825 1933 1895 τῇ
1963 1823 2082 1876 Ἐκ-

1536 398 1914 466 SYNOPSIS
1961 406 2430 472 SCRIPTURJE
2471 409 2771 478 SACRE.

3733 438 3853 501 294

2113 544 2168 610 Α
2199 543 2633 617 homines;sed
2663 568 2766 622 per
2794 552 2996 610 Jcsum
3046 557 3342 618 Christum
3398 569 3455 620 et
3510 571 3687 626 Deum
3748 578 3851 628 Pa~

2199 635 2367 689 trem.
2404 657 2431 684 ››

2270 722 2504 792 Quinta,
2538 727 2606 781 ad
2640 728 2942 800 Ephesios,
2979 736 3147 806 cujus
3181 738 3411 797 initium
3444 749 3567 800 est:
3617 771 3642 797 «
3704 754 3849 806 Pau.

2197 808 2290 864 lus
2323 813 2622 884 apostolus
2647 817 2783 874 Jesu
2812 821 3022 878 Christi
3057 842 3158 895 per
3184 827 3538 889 voluntatem
3567 837 3684 908 Dei,
3711 856 3843 895 san-

2197 899 2305 954 ctis
2329 901 2428 970 qui
2458 909 2597 958 sunt
2627 907 2923 978 Ephesi,et
2953 912 3227 971 fidelibus
3259 917 3317 973 in
3351 919 3581 979 Christo
3627 899 3787 983 Jesu.
3818 952 3846 978 ››

2268 1008 2460 1077 Sexta,
2521 1012 2591 1065 ad
2646 1013 3077 1087 Philippenses,
3129 1025 3298 1094 cujus
3346 1031 3648 1091 exordium
3708 1042 3842 1094 est:

2203 1117 2229 1148 α
2260 1096 2475 1153 Paulus
2508 1105 2564 1154 et
2593 1101 3110 1172 Timotheus,servi
3131 1111 3270 1168 Jesu
3303 1116 3539 1190 Christi,
3567 1129 3842 1185 omnibus

2195 1189 2437 1254 sanctis,
2471 1191 2570 1262 qui
2600 1199 2741 1248 sunt
2768 1195 3078 1270 Philippis,
3110 1218 3244 1259 cum
3277 1209 3567 1282 episcopis
3618 1223 3676 1271 et
3718 1219 3836 1275 dia-

2195 1276 2377 1332 conis.
2408 1298 2436 1329 ιι

2265 1366 2625 1438 Septima,ad
2657 1371 3057 1446 Colossenses,
3114 1382 3284 1453 cujus
3344 1391 3644 1446 exordium
3703 1403 3837 1452 est:

2196 1476 2221 1503 ‹‹
2257 1455 2470 1512 Paulus
2504 1461 2804 1529 apostolus
2833 1465 2968 1520 Jesu
3012 1468 3246 1541 Christi,
3315 1493 3414 1545 per
3469 1481 3834 1543 voluntatem

2195 1543 2295 1597 Dei
2328 1551 2384 1599 et
2413 1547 2754 1605 Timotheus
2786 1553 3078 1622 frater,his
3101 1562 3198 1628 qui
3233 1543 3373 1619 sunt
3412 1567 3843 1643 Colossis,san-

2194 1631 2305 1688 ctis
2331 1650 2396 1688 ac
2427 1636 2701 1693 fidelibus
2735 1640 3018 1700 fratribus
3050 1645 3108 1700 ln
3139 1649 3391 1709 Christo.
3428 1679 3456 1705 ››

2265 1743 2350 1797 Ad
2379 1743 2931 1806 Thessalonicenses
2992 1754 3140 1822 dum,
3191 1758 3391 1829 prima;
3435 1764 3668 1826 initium
3719 1780 3840 1833 est:

2195 1853 2223 1881 «
2252 1833 2467 1889 Paulus
2490 1841 2546 1890 et
2575 1836 2847 1896 Silvanus
2878 1847 2936 1897 et
2965 1844 3331 1922 Timotheus,
3366 1855 3631 1916 Ecclesiae
3659 1864 3846 1922 Thes-

432 1894 638 1968 κλησίᾳ
667 1898 1124 1971 Θεσσαλονικέων,
1159 1901 1211 1957 ἐν
1244 1905 1361 1976 Θεῷ
1401 1906 1570 1980 Πατρὶ
1616 1908 1706 1962 καὶ
1755 1894 1943 1984 Κυρίῳ
1976 1913 2085 1982 Ἰη-

2830 1894 2840 1896 _
2887 1894 2932 1897 μ
2974 1894 3331 1922 νώτων-αν,
3366 1894 3631 1916 auo-uana:
3669 1894 3833 1922 suum

2195 1920 2669 1997 salonicensium,
2743 1929 2801 1983 in
2875 1931 2989 1987 Deo
3036 1935 3220 2005 Patre,
3283 1947 3342 1997 et
3400 1948 3641 2005 Domino
3690 1954 3833 2012 Jesu

440 1989 536 2040 σοῦ
566 1988 804 2061 Χριστῷ.
845 2013 866 2039 ιι

508 2080 615 2143 Τῆς
650 2073 706 2129 δὲ
755 2073 1002 2152 δευτέρας
1034 2081 1069 2147 ἡ
1101 2079 1272 2155 ἀρχή’
1307 2106 1335 2134 ‹‹
1367 2082 1583 2147 Παῦλος
1640 2087 1728 2140 καὶ
1789 2085 2087 2152 Σιλουανὸς

441 2163 528 2217 καὶ
586 2164 870 2237 Τιμόθεος,
928 2171 996 2240 τῇ
1030 2167 1327 2240 Ἐκκλησία
1380 2173 1837 2249 Θεσσαλοκικιων,
1871 2176 1924 2232 ἐν
1974 2180 2088 2251 Θεῷ

440 2253 607 2328 [Ιατρὶ
639 2255 800 2326 ἡμῶν
830 2255 919 2309 καὶ
953 2257 1132 2332 Κυρίω
1161 2263 1340 2328 Ἰησοῦ
1364 2264 1598 2333 Χριστῷ.
1631 2288 1660 2317 ››

509 2359 714 2429 Δεκάτη
747 2362 781 2428 ἠ
813 2363 947 2435 πρὸς
1004 2358 1307 2436 Ἐϐραίους,
1351 2370 1418 2435 ἧς
1471 2371 1506 2437 ἡ
1567 2369 1739 2446 ἀρχή’
1772 2396 1801 2423 ‹‹
1834 2372 2087 2446 Πολυμι-

439 2451 548 2522 ρῶς
580 2446 669 2501 καὶ
700 2447 1062 2523 πολυτρόπως
1092 2452 1260 2506 πάλαι
1293 2456 1320 2509 ὁ
1351 2457 1477 2518 Θεὸς
1510 2456 1758 2528 λαλήσας
1813 2467 1928 2524 τοῖς
1987 2483 2090 2517 πα-

433 2535 624 2608 τράσιν
657 2535 707 2588 ἐν
747 2543 861 2598 τοῖς
911 2541 1240 2615 προφήταις,
1273 2541 1356 2596 ἐπ’
1414 2543 1647 2620 ἐσχάτου
1699 2553 1808 2603 τῶν
1868 2553 2088 2627 ἡμερῶν

440 2621 706 2693 ἐλάλησεν
735 2627 872 2697 ἡμῖν
906 2626 958 2681 ἐν
995 2629 1122 2699 Υίῷ.
1157 2653 1185 2680 )›

514 2714 655 2782 Πρὸς
703 2714 966 2785 Τιμόθεον
1011 2713 1126 2770 δύο·
1177 2719 1266 2773 καὶ
1313 2728 1411 2791 τῆς
1461 2724 1554 2796 μὲν
1596 2727 1822 2801 πρώτης
1850 2730 1885 2797 ὴ
1917 2729 2087 2804 ἀρχη·

439 2825 468 2852 ‹‹
496 2798 709 2864 Παῦλος
741 2801 1045 2866 ἀπόστολος
1072 2807 1250 2877 Ἰησοῦ
1271 2798 1932 2892 Χριστοῦ,κατ⁵ἐπιταγὴν
1955 2798 2092 2873 Θεοῦ

442 2896 702 2966 Σωτῆρος
732 2894 893 2964 ἡμῶν
923 2895 1012 2948 καὶ
1045 2896 1278 2970 Χριστοῦ
1310 2899 1483 2964 Ἰησοῦ
1512 2909 1613 2971 τῆς
1642 2902 1861 2967 ἐλπίδος
1906 2911 2090 2982 ἡμῶν,

437 2980 690 3052 Τιμοθέῳ
715 2981 928 3054 γνησίῳ
958 2982 1128 3056 τέκνῳ
1160 2983 1210 3039 ἐν
1247 2986 1444 3045 πίστει.
1481 3013 1508 3040 ››

512 3090 620 3154 Τῆς
654 3083 711 3139 δὶ
750 3083 996 3162 δευτέρας
1044 3091 1078 3159 ἡ
1122 3090 1293 3167 ἀρχή·
1332 3119 1359 3147 ‹‹
1390 3095 1605 3160 Παῦλος
1647 3099 1953 3166 ἀπόστολος
1985 3106 2091 3176 Ἰη-

442 3177 538 3227 σοῦ
595 3175 827 3248 Χριστοῦ
887 3173 976 3231 διὰ
1037 3179 1346 3253 θελήματος
1405 3190 1559 3260 Θεοῦ,
1587 3190 1703 3244 κατ’
1762 3190 2088 3267 ἐπαγγελίαν

2199 2009 2449 2067 Christo.
2484 2038 2506 2067 ι

2267 2101 2542 2156 Secunda;
2576 2103 2808 2161 initium
2837 2125 2848 2161 :
2884 2133 2912 2160 ‹‹
2944 2111 3159 2170 Paulus
3181 2122 3236 2172 et
3265 2119 3534 2180 Silvanus
3565 2132 3619 2182 ct
3649 2131 3843 2189 Timo-

2199 2185 2395 2253 theus,
2455 2189 2720 2246 Ecclesia:
2779 2194 3416 2279 Thessalonicensium,
3457 2211 3514 2266 in
3544 2219 3651 2271 Deo
3681 2185 3844 2278 Patre

2201 2283 2415 2342 nostro,
2447 2283 2504 2330 et
2538 2279 2779 2336 Domino
2809 2286 2946 2339 Jesu
2980 2287 3230 2346 Christo.
3261 2314 3288 2344 ιι

2274 2383 2528 2455 Decima,
2564 2387 2636 2441 ad
2668 2387 3138 2466 Hebraeos,cujus
3172 2403 3472 2463 exordium
3505 2416 3611 2466 est:
3646 2437 3671 2464 α
3701 2415 3847 2473 Mul-

2199 2469 2456 2526 tifariam
2488 2477 2545 2528 et
2575 2476 2783 2532 multis
2818 2482 3007 2538 modis
3036 2485 3176 2542 olim
3210 2494 3359 2548 Deus
3381 2493 3612 2556 locutus
3663 2469 3842 2575 patri-

2201 2559 2311 2614 bus
2334 2576 2437 2631 per
2466 2567 3126 2635 prophetas,novissime
3141 2582 3416 2638 extremis
3451 2559 3848 2651 diebus‘locu-

2199 2651 2398 2703 tusest
2431 2651 2677 2706 nobisin
2715 2655 2876 2712 Filio.
2915 2679 2943 2706 »

2273 2737 2358 2791 Ad
2390 2737 2761 2798 Timotheum
2795 2745 3152 2819 duas,primss
3184 2754 3418 2816 initium
3446 2770 3597 2820 estzu
3634 2770 3848 2832 Paulus

2203 2827 2504 2896 apostolus
2536 2829 2674 2885 Jesu
2709 2832 2945 2901 Christi,
2986 2844 3308 2900 secundum
3345 2862 3694 2926 praeceptum

2200 2913 2515 2971 Salvatoris
2546 2920 2727 2974 nostri
2752 2926 2808 2975 et
2829 2922 3043 2981 Christi
3075 2930 3232 3002 Jesu,
3267 2913 3368 3007 qui
3415 2948 3504 2997 est
3532 2913 3666 3017 spes
3710 2913 3843 3008 nos:

2201 3007 2310 3068 tra,
2334 3004 2632 3062 Timotheo
2664 3024 2941 3080 germano
2975 3015 3092 3073 ﬁlio
3123 3019 3180 3075 in
3214 3004 3347 3080 fide.
3381 3050 3409 3078 ι)

2273 3110 2554 3168 Secundae
2583 3131 2714 3171 vero
2740 3117 2972 3177 initium
3027 3131 3215 3182 est:«
3269 3131 3483 3194 Paulus
3541 3149 3840 3214 apostolus

2200 3197 2334 3254 Jesu
2361 3200 2575 3257 Christi
2600 3220 2700 3275 per
2729 3207 3088 3268 voluntatem
3118 3215 3238 3288 Dei,
3289 3223 3458 3291 juxta
3505 3197 3847 3300 promissio:

436 3266 586 3332 ζωῆς
644 3270 743 3332 τῆς
792 3263 844 3318 ἐν
897 3271 1112 3341 Χριστῷ
1153 3270 1351 3340 Ἰησοῦ,
1383 3276 1634 3351 Τιμοθέῳ
1689 3263 1953 3356 ἀγαπητῷ
2000 3284 2085 3338 τὲ-

2205 3303 2336 3343 nem
2371 3291 2523 3361 vitae,
2557 3263 2683 3362 quae
2721 3301 2810 3351 est
2840 3297 2898 3353 in
2930 3299 3160 3360 Christo
3190 3263 3349 3378 J’esil,
3374 3263 3846 3384 Ti-mkothelolxiz-

434 3371 566 3406 κνω.
613 3376 641 3402 ))

554 3394 566 3406 ,
613 3376 641 3402 ››

500 3373 950 3513 (Τρισκαιδικάτη,
983 3446 1016 3513 ἡ
1063 3446 1199 3521 πρὸς
1255 3447 1433 3520 Τίτον,
1466 3455 1533 3521 ἧς
1583 3455 1753 3533 ἀρχή·
1790 3484 1818 3511 ‹‹
1873 3460 2089 3524 Παῦλος

435 3523 632 3590 δοῦλος
664 3533 820 3597 Θεοῦ,
853 3531 1156 3597 ἀπόστολος
1205 3534 1261 3590 δὲ
1308 3538 1490 3609 Ἰησοῦ
1539 3523 1795 3618 Χριστοῦ,
1827 3551 1963 3604 κατὰ
1994 3523 2089 3605 πίέ

438 3635 551 3669 στιν
609 3615 876 3673 ἐκλεκτῶν
930 3626 1083 3688 Θεοῦ,
1135 3624 1224 3678 καὶ
1301 3615 1596 3703 ἐπίγνωσιν.
1660 3615 1935 3706 ἀληθείας,
1993 3641 2092 3708 τῆς

433 3704 552 3757 κατ’
581 3701 849 3761 εὐσέϐειαν
885 3707 936 3763 ἐν
971 3709 1152 3766 ἐλπίδι
1189 3717 1333 3785 ζωῆς
1361 3701 1608 3777 αίωνίου.
1641 3745 1671 3773 ››

506 3899 1081 3976 Τισσαρεσκαιδεκάτη,
1110 3908 1143 3975 ἡ
1177 3909 1312 3982 πρὸς
1371 3912 1689 3987 Φιλήμονα,
1737 3921 1803 3988 ἧς
1848 3921 1883 3991 ἡ
1916 3922 2088 3998 ἀργή’

437 4009 465 4037 ι(
500 3986 715 4050 Παῦλος
746 3985 966 4064 δέσμιος
1001 3994 1181 4064 Ἰησοῦ
1211 4002 1444 4066 Χριστοῦ
1473 3985 1560 4057 καὶ
1581 3985 1850 4078 Τιμόθεος
1872 3985 1906 4065 ⁷ὁ
1938 3985 2096 4070 ἀδελ.

435 4074 554 4152 φὸς,
588 4076 872 4151 Φιλήμονι
901 4085 982 4153 τῷ
1014 4082 1276 4160 ἀγαπητῷ
1308 4089 1398 4143 καὶ
1431 4074 1675 4168 συνεργῷ
1706 4097 1892 4170 ἡμῶν.

507 4183 626 4236 Ἐπὶ
659 4184 874 4248 τούτοις
907 4186 1018 4242 ἐστὶ
1071 4190 1159 4245 καὶ
1192 4194 1225 4261 ἡ
1262 4194 1633 4272 Ἀποκάλυψις
1687 4203 1940 4260 Ἰωάννου
1997 4213 2096 4263 τοῦ

434 4268 721 4347 Θεολόγου,
781 4271 1033 4350 δειχθεῖσα
1093 4279 1167 4341 ὡς
1220 4279 1422 4338 ἐκείνου
1482 4268 1569 4340 καί
1640 4289 1941 4366 ἐγκριθεῖσα
1993 4297 2096 4352 ὑπὸ

433 4357 604 4413 πάλαι
638 4360 806 4435 ἁγίων
866 4365 956 4419 καὶ
1007 4372 1472 4448 πνευματυφόρων
1531 4357 1805 4453 Πατέρων,
1840 4382 1902 4436 οὗ
1932 4386 1966 4453 ἡ
1997 4385 2096 4461 ἀρ,

430 4448 531 4520 χή·
594 4470 622 4498 ‹‹
680 4449 1055 4525 Ἀπολάλυψις
1109 4455 1290 4526 Ἰησοῦ
1329 4466 1585 4535 Χριστοῦ,
1757 4448 1965 4526 ἔδωκεν.
2001 4448 2095 4530 alii;

429 4538 510 4605 τῷ
543 4535 570 4588 ὁ
620 4536 750 4598 Θεὸς
789 4534 956 4611 δεῖξαι
1014 4547 1132 4604 τοῖς
1165 4542 1398 4610 δούλοις
1455 4534 1684 4608 αὐτοῦᾶ
1733 4554 1816 4612 δεῖ
1856 4561 2094 4634 γενέσθαι

434 4621 488 4676 ἐν
538 4621 717 4699 τάχει,
749 4626 836 4679 καὶ
871 4627 1156 4702 ἐσήμανεν,
1190 4634 1513 4701 ἀποστείλας
1574 4639 1661 4698 διὰ
1687 4650 1786 4700 τοῦ
1845 4649 2085 4724 ἀγγέλου

483 4709 598 4735 ν-,βε
638 4717 698 4735 _~
749 4711 773 4735 δ
824 4715 867 4735 I\
1005 4719 1018 4735 ν
1094 4725 1121 4734 ~
1165 4724 1202 4735 π
1271 4723 1280 4735 ι

2197 4621 2316 4710 teat
2347 4621 2470 4711 ﬁeri
2501 4659 2638 4730 cito,
2663 4621 2726 4715 et
2755 4663 2984 4735 signiﬁc

437 4709 602 4765 αὐτοῦ
633 4717 710 4784 τῷ
745 4711 928 4790 δούλῳ
959 4719 1124 4774 αὐτοῦ
1165 4723 1402 4800 Ἰωάννῃ.
1443 4751 1470 4778 ››

501 4819 553 4872 4.
587 4823 824 4876 Τοσαῦτα
854 4824 942 4877 καὶ
974 4825 1040 4880 τὰ
1067 4831 1166 4896 τῆς
1217 4835 1414 4901 Καινῆς
1452 4839 1738 4910 ,Διαθήκης
1787 4838 1974 4918 βιϐλία
2019 4849 2087 4903 τά

427 4924 489 4977 γε
518 4909 930 4982 κανονιζόμενα,
954 4915 1042 4968 καὶ
1069 4924 1173 4985 τῆς
1203 4919 1438 4984 πίστεως
1486 4927 1647 4998 ἡμῶν
1696 4909 1869 4986 οἱονεὶ
1917 4933 2084 5006 ἀκρο-

427 4992 568 5048 θίνια
599 4993 883 5074 ἢᾶγκυραι
935 5003 1022 5056 καὶ
1083 5004 1393 5081 ἐρείσματα·
1429 4992 1689 5091 ὡςίπαρ’
1742 5019 1918 5075 αὐτῶν
1972 4992 2079 5078 τῶν

427 5083 747 5140 ἀποστόλων
828 5094 926 5144 τοῦ
1011 5095 1265 5167 Χριστοῦ,
1322 5104 1428 5154 τῶν
1507 5105 1596 5157 ναὶ
1673 5113 2078 5184 συγγενομένων

427 5169 614 5245 ἐκείνῳ
668 5175 756 5229 καὶ
819 5177 907 5232 ὑπ’
954 5179 1120 5237 αὐτοῦ
1179 5187 1641 5262 μαθητευθέντων,
1671 5169 1937 5275 γραφέντα
1989 5203 2080 5257 καὶ

427 5259 719 5325 ἐκτεθέντα.
777 5266 924 5322 Ἐπεί
980 5270 1065 5324 τοί
1120 5294 1179 5349 γι
1234 5274 1453 5352 ὕστερον
1511 5284 1647 5336 κατά
1861 5287 2075 5345 ἐκείνων

425 5347 753 5453 ἀκολουθίας
805 5355 893 5409 καὶ
953 5347 1266 5436 συμφωνίαν
1327 5347 1471 5422 ἄλλα
1522 5371 1686 5443 μυρία
1741 5347 1829 5428 ιῖαὶ
1887 5376 2077 5453 ἀναρί-

426 5447 610 5509 θμητα
644 5436 833 5514 βιϐλία
885 5442 1280 5520 ἐξεπονήθησαν
1341 5454 1445 5509 ὑπὸ
1666 5462 1802 5517 κατά
1855 5436 2077 5542 καιροὺς

426 5526 678 5601 μεγάλων
713 5531 800 5586 καὶ
832 5535 1157 5613 σοφωτάτων
1192 5542 1465 5618 θεοφόρων
1505 5548 1755 5624 Πατὲρων
1807 5553 1883 5615 εἰς
1935 5526 2076 5631 μαρέ

420 5615 605 5690 τυρίαν
661 5624 768 5675 τῶν
828 5620 1219 5697 προλαϐόντων
1266 5615 1367 5685 καί
1423 5615 1761 5714 διαφώτίσιν·
1821 5615 1946 5718 περί
2001 5615 2076 5699 (Tw

424 5702 487 5759 οὗ
516 5709 606 5762 νῦν
642 5704 827 5788 λόγος,
862 5713 939 5776 ὡς
970 5714 1319 5789 παμπόλλων
1352 5723 1442 5778 καὶ
1488 5702 1785 5802 ἀορίστων,
1814 5702 1905 5788 καί
1962 5734 2074 5809 ἅμα

2200 3380 2291 3431 cto
2325 3377 2461 3434 filio.
2499 3401 2525 3428 ι)

2271 3466 2465 3522 Tertia
2496 3469 2821 3537 decima,ad
2843 3476 3234 3554 Titum,oujus
3265 3487 3496 3549 initium
3517 3503 3606 3555 est
3624 3517 3673 3555 τι(
3698 3505 3847 3562 Pau-

2199 3553 2292 3609 lus
2322 3572 2524 3612 servus
2553 3560 2669 3627 Dei,
2693 3565 2995 3633 apostolus
3038 3553 3168 3628 vero
3198 3577 3332 3633 Jesu
3365 3582 3602 3658 Christi,
3636 3609 3847 3650 secun-

2201 3644 2337 3698 dum
2363 3645 2538 3702 ﬁdem
2571 3649 2725 3704 100
2757 3652 3074 3714 electorum
3113 3663 3293 3731 Dei,et
3321 3644 3850 3742 agnitionem‘ueri-

2199 3732 2339 3788 tatis
2369 3734 2519 3804 ejus,
2551 3752 2678 3807 quea
2702 3744 2789 3795 est
2821 3747 3143 3805 secundum
3173 3732 3444 3822 pietatem
3470 3761 3528 3817 in
3559 3732 3680 3837 spe

2201 3827 2448 3878 satorum.
2489 3847 2509 3873 ι

2272 3931 2492 3995 Quarta
2520 3930 2766 4005 decima,
2791 3937 2860 3990 ad
2918 3939 3337 4016 Philemonem,
3391 3958 3560 4027 cujus
3609 3963 3845 4025 initium

2202 4024 2327 4074 est:
2367 4038 2389 4066 ι
2438 4020 2650 4076 Paulus
2681 4023 2912 4081 vinctus
2959 4028 3098 4086 Jesu
3151 4035 3360 4095 Christi
3393 4020 3480 4099 etv
3504 4020 3849 4115 Timotheus

2203 4107 2379 4162 frater
2407 4107 2732 4164 Philemoni
2763 4111 2975 4171 dilecto
3009 4124 3064 4173 et
3090 4123 3338 4193 adjutori
3373 4141 3645 4194 nostro.»

2274 4213 2377 4267 Est
2413 4218 2689 4284 praeterea
2713 4221 2769 4271 Θι
2799 4222 3177 4320 Apocalypsis
3207 4230 3453 4295 Joannis
3486 4243 3759 4321 theologi,
3814 4272 3849 4312 α

2206 4301 2414 4372 priscis
2445 4304 2750 4370 sanctis,et
2779 4307 3060 4378 Spiritum
3095 4315 3192 4372 Dei
3239 4330 3608 4393 gestantibus
3652 4301 3846 4398 *ῥ’ᾼὶπῇ

2206 4389 2337 4458 bus,
2368 4390 2526 4445 velut
2555 4408 2681 4462 quas
2713 4394 2872 4452 illius
2894 4389 3310 4477 sit,acceptaet
3331 4389 3849 4502 approbata,_cuj.us

2205 4478 2557 4550 principium
2590 4485 2712 4538 est:
2747 4504 2769 4532 ι
2803 4490 3181 4564 Apocalypsis
3224 4478 3844 4590 Jesu-Christi,ﬂ’qu‘a;

2205 4568 2364 4622 dedit
2391 4567 2473 4622 illi
2502 4570 2676 4636 Deus,
2711 4579 2776 4628 ut
2824 4581 3094 4635 ostendat
3149 4590 3331 4645 servis
3361 4597 3485 4652 suis
3516 4567 3643 4670 qua:

2990 4670 3107 4727 avit
3131 4676 3370 4737 mittens
3418 4702 3521 4756 per
3567 4670 3838 4766 angelum

2199 4761 2373 4800 suum
2405 4763 2571 4802 servo
2602 4766 2707 4805 suo
2735 4751 2966 4810 Joanni.
3002 4780 3029 4807 ››

2269 4854 2320 4908 4.
2355 4855 2424 4909 Hi
2451 4861 2590 4911 sunt
2620 4861 2676 4911 et
2704 4862 2789 4913 tot
2816 4861 2956 4918 Novi
2988 4870 3340 4933 Testamenti
3371 4879 3500 4939 libri
3554 4895 3843 4965 canonici,

2195 4946 2253 4996 et
2285 4942 2417 4998 ﬁdei
2446 4951 2658 5000 nostra:
2680 4947 2857 5003 veluti
2885 4953 3150 5022 primitias
3174 4942 3841 5042 qi.1a3dam,velianch-o;;

2193 5034 2250 5085 et
2281 5034 2905 5108 sustentacula,utpote
2932 5042 3005 5097 ab
3028 5044 3170 5116 ipsis
3187 5034 3468 5125 apostolis
3494 5034 3840 5144 Christiquwi

2193 5123 2250 5174 et
2282 5136 2413 5174 cum
2447 5121 2546 5176 illo
2578 5129 2927 5198 conversati,
2962 5137 3017 5187 et
3047 5135 3118 5192 ab
3145 5121 3422 5204 eo-edocti
3484 5161 3641 5226 sunt,
3701 5121 3837 5216 83n-

2192 5207 2391 5277 soripti
2422 5213 2479 5264 et
2508 5211 2667 5268 editi.
2699 5216 3044 5291 Quanquam
3087 5234 3287 5297 postea
3318 5239 3386 5291 ad
3422 5207 3670 5302 ister—uim
3702 5207 3838 5305 Xo;-

2193 5311 2349 5351 mam
2382 5303 2439 5352 et
2467 5304 2932 5377 consonantiam,
2967 5317 3022 5366 et
3040 5313 3136 5370 alii
3172 5317 3462 5383 innumeri
3496 5339 3636 5390 sunt
3659 5354 3692 5391 a
3714 5354 3838 5394 ma-

2189 5383 2342 5455 gnis,
2375 5388 2832 5458 sapientissimis
2890 5398 3122 5460 deiferis
3172 5412 3464 5486 Patribus,

2185 5478 2564 5545 successu,ad
2594 5481 3031 5551 prmmissorum
3064 5496 3468 5562 testimonium
3491 5515 3548 5566 et
3578 5478 3835 5573 illustra-

2185 5561 2404 5620 tionem
2444 5565 2724 5625 elaborati
2751 5590 2763 5626 :
2797 5574 2870 5630 de
2899 5580 3115 5648 quibus
3147 5602 3302 5644 nunc
3332 5561 3546 5652 nobis“
3569 5561 3834 5662 έιᾏῖξᾍξι

2184 5667 2536 5723 sermo,oum
2566 5657 2686 5756 sint
2717 5662 3037 5726 admodum
3070 5673 3240 5730 multi
3272 5685 3330 5736 et
3358 5682 3591 5756 inﬁniti,

2184 5754 2298 5812 que
2328 5758 2535 5802 omnes
2565 5747 2829 5817 ejusdem
2880 5770 3117 5827 normae,
3167 5768 3387 5824 veteres
3447 5747 3590 5832 illos,
3632 5782 3834 5840 subse-
