2068 3109
18 2832 24 2870 λι

18 2875 35 2916 ἰν

166 187 225 218 303

759 180 792 209 S.
815 175 1076 208 ATHANASIUS.
1093 192 1130 197 -—
1146 175 1276 206 DUBlA.

1812 176 1873 205 304

202 254 244 282 De
267 252 335 280 ﬁliis
364 253 434 283 Dan,
461 248 599 277 Achiezer
622 246 701 274 ﬁlius
727 243 890 276 Amisadai;
916 250 987 278 quo-

1080 241 1141 268 Τῶν
1179 241 1229 267 Δάν
1259 241 1395 278 Ἀχιέζερ,
1422 241 1480 271 υἱὸς
1511 239 1668 276 “Δμισαδαΐ·
1708 240 1752 267 καὶ
1787 241 1820 274 ἦν
1858 240 1872 267 ὁ

168 307 235 327 rum
250 304 390 325 numerus
414 296 476 322 erat
500 292 651 328 sexaginta
679 290 736 318 duo
760 288 853 317 millia
877 287 991 323 septin-

170 342 263 380 genti.
973 344 976 345 '

206 390 243 415 De
271 385 339 414 ﬁliis
367 386 448 416 Aser,
475 381 597 418 Phageel
623 380 700 408 ﬁlius
725 379 849 411 Echran,
866 383 992 413 quorum

169 439 311 461 numerus
332 431 394 457 erat
409 427 604 465 quadraginta
626 428 656 453 et
679 432 772 453 unum
798 421 892 450 millia
906 421 992 457 quin-

170 477 259 514 genti.
760 503 763 504 ν

205 522 244 549 De
260 520 327 548 ﬁliis
344 518 415 550 Gad,
430 517 545 552 Eliseph
562 515 639 543 ﬁlius
656 513 781 550 Ragucl;
798 519 922 550 quorum
938 518 993 537 nu-

170 574 269 594 merus
294 567 356 592 erat
380 562 576 598 quadraginta
595 560 726 596 quinque
750 557 840 586 millia
867 554 994 584 sexcenti

170 608 395 647 quinquaginta.

207 658 245 683 De
259 654 329 681 ﬁliis
342 650 519 688 Nepbtalim,
537 649 641 677 Achire
655 648 735 676 ﬁlius
750 647 853 680 Euan,
870 653 994 681 quorum

170 706 312 727 numerus
336 700 399 725 erat
422 693 636 731 quinquaginta
659 693 716 720 tria
740 691 832 719 millia
856 690 995 726 quadrin-

171 743 262 779 genti.

208 788 265 816 Iste
289 789 335 814 est
361 785 458 821 populi
484 782 580 811 bellici
607 789 758 815 numerus,
783 781 918 808 sexcenta
941 778 996 806 tria

174 832 267 860 millia
282 830 433 866 quingenti
450 829 680 864 quinquagenta.

208 876 329 904 Tribum
345 883 411 902 vero
433 873 510 905 Levi,
529 873 642 907 Moyses
666 873 694 898 et
714 871 820 903 Aaron,
837 867 995 896 secundum

173 929 272 950 vocem
301 918 429 953 Domini,
459 917 616 953 separatim
647 914 701 943 soli
731 916 950 945 recensuerunt,
980 919 997 938 a

174 973 275 994 mense
290 972 348 991 uno
364 966 392 991 et
412 970 512 998 supra,
529 963 647 996 eratque
666 966 806 987 numerus
824 957 940 985 illorum
957 955 997 983 vi-

173 1010 247 1047 ginti
262 1010 319 1037 duo
335 1007 437 1035 millia.
768 1014 772 1019 -

210 1062 357 1091 Masculos
379 1063 474 1088 autem
502 1057 712 1095 primogenitos
728 1055 861 1084 omnium
879 1054 1002 1082 aliarum

173 1108 305 1136 tribuum
323 1106 404 1134 solus
430 1107 541 1139 Moyses
558 1101 732 1133 numeravit,
747 1103 774 1128 et
790 1100 923 1127 inventus
939 1098 1002 1125 illo-

174 1161 239 1181 rum
256 1159 398 1179 numerus
410 1153 453 1177 est
465 1147 567 1184 viginti
581 1147 638 1175 duo
653 1145 744 1173 millia
755 1143 872 1172 ducenti
889 1145 994 1178 septua

175 1198 257 1235 ginta
276 1199 347 1223 tres.
363 1195 529 1228 Horumque
556 1190 819 1228 primogenitorum
844 1188 907 1215 loco
930 1186 1004 1214 assi-

176 1232 256 1279 énati
272 1243 342 1268 sunt
359 1242 413 1266 Deo
436 1237 546 1265 Levitre.
559 1235 691 1264 Totidem
714 1235 792 1261 enim
807 1236 837 1260 et
851 1232 893 1260 illi
910 1233 1003 1259 erant-

179 1276 364 1321 l‘hjubentur
380 1286 407 1311 et
422 1282 470 1309 isti
496 1279 672 1308 sanctiﬁcari
689 1287 741 1315 per
760 1278 877 1313 Moysen
902 1279 930 1303 et
954 1276 1003 1303 ds-

176 1332 318 1366 putantur
338 1337 390 1364 per
412 1331 568 1360 Aaronem,
585 1327 617 1352 ut
632 1324 695 1351 loco
721 1322 832 1358 populi,
848 1329 1004 1357 operaren-

176 1365 226 1403 tur
241 1382 328 1410 opera
354 1371 478 1405 Domini,
495 1373 523 1397 et
542 1371 692 1405 portarent
715 1375 784 1394 vasa
808 1365 1002 1398 tabernaculi,

135 1421 142 1425 ”
156 1418 377 1453 "servirentque
392 1416 447 1451 ipsi
465 1414 571 1442 Aaroni
587 1416 615 1441 et
630 1412 699 1440 ﬁliis
714 1414 788 1451 ejus.
806 1409 1002 1446 Comprehen~

177 1463 257 1492 ditur
285 1462 353 1489 item
385 1461 439 1488 hoc
469 1460 541 1486 libro
567 1460 596 1485 et
624 1455 888 1492 dispositio,juxta
913 1461 1002 1489 quam

176 1507 303 1544 populus
329 1505 472 1542 proﬁcisci
494 1503 662 1537 jubebatur,
684 1503 712 1528 et
735 1498 916 1527 tabernaculi
940 1505 1002 1524 ere-

175 1553 248 1585 ctio,
279 1552 455 1586 praeceptum
486 1548 521 1574 de
550 1546 644 1577 tubis,
673 1548 704 1572 ut
732 1544 769 1571 iis
795 1544 1003 1571 convocaretur

176 1585 320 1632 populus.
331 1594 389 1621 Hoc
406 1593 474 1620 item
491 1591 564 1618 libro
581 1592 717 1617 narratur
733 1587 875 1615 dedicatio
891 1585 1001 1618 altaris,

178 1643 207 1668 et
231 1639 377 1675 quomodo
403 1635 622 1664 tabernaculum
649 1632 773 1665 unxerit,
795 1632 952 1668 ipsumque
976 1632 1005 1657 et

181 1690 362 1720 quaecunque
379 1683 406 1709 in
434 1681 482 1707 illo
507 1682 599 1711 erant,
615 1675 853 1709 sanctiﬁcaverit;
871 1683 927 1710 quo
955 1682 1004 1702 or-

183 1719 250 1757 dine
265 1727 445 1755 offerendum
466 1724 553 1751 fuerit
569 1723 598 1750 in
616 1721 797 1750 dedicatione
816 1719 929 1752 altaris;
945 1726 1003 1754 quo

183 1776 313 1808 tempore
349 1770 550 1797 ministrarent
579 1767 699 1799 Levites;
734 1765 811 1801 quod
841 1764 877 1790 ab
910 1762 1004 1790 atatis

182 1807 258 1845 anno
277 1816 416 1844 vicesimo
439 1814 539 1849 quinto
565 1811 741 1847 principium
765 1809 824 1836 illis
848 1810 926 1835 esset
949 1807 1004 1834 mi-

181 1861 345 1894 nistrandi;
362 1857 607 1895 quinquagesimo
623 1862 687 1882 vere
707 1854 794 1881 ﬁnem
818 1851 1004 1879 ministrandi

182 1907 320 1939 facerent,
343 1904 392 1932 sed
420 1904 460 1930 ita
489 1904 521 1929 ut
549 1903 649 1937 postea
676 1897 858 1926 tabernaculi
888 1898 1004 1924 tantum

181 1950 346 1979 custodiam
362 1949 512 1976 baberent.

214 2048 293 2074 I04
306 2046 452 2081 Scriptum
478 2050 593 2079 quoque
607 2044 652 2069 est
666 2041 702 2068 de
716 2048 793 2075 aqua
815 2038 1005 2067 convictionis

181 2099 244 2127 quae
261 2090 417 2118 maledicta
431 2091 492 2116 crat
505 2097 511 2115 :
529 2088 565 2114 de
579 2086 642 2122 lege
657 2085 844 2116 votariorum,
858 2084 1004 2120 quomodo

179 2135 246 2162 vino
271 2134 426 2164 abstinere,
453 2140 505 2158 nec
531 2133 617 2165 caput
640 2130 759 2157 tondere
783 2129 916 2156 debeant.
934 2128 1003 2155 Item

181 2179 327 2215 quomodo
344 2176 540 2204 murmuranti
566 2176 683 2210 propter
705 2173 800 2201 carnis
815 2172 1004 2208 cupiditatem

181 2223 300 2260 populo,
313 2222 476 2249 coturnices
490 2220 576 2252 Deus,
589 2218 693 2246 deinde
707 2220 735 2245 et
749 2217 869 2251 sitienti,
881 2217 1004 2244 iterum-

182 2275 239 2304 que
264 2266 471 2298 murmuranti,
485 2272 590 2299 aquam
616 2271 650 2290 ex
674 2265 756 2297 petra
778 2261 899 2293 dederit,
915 2268 1004 2296 quam

1050 284 1162 321 ἀριθμὸς
1177 285 1264 312 αὐτῶν
1282 284 1406 323 χιλιάδες
1423 283 1460 320 ξδ’
1475 285 1519 312 καὶ
1536 285 1702 313 ἑπτακόσιοι.

1083 374 1143 401 Τῶν
1155 374 1240 411 ’Δσήρ
1262 374 1387 411 Φαγεήλ,
1403 374 1460 404 υἱὸς
1477 373 1586 412 Ἐχράνο
1601 373 1646 401 καὶ
1669 375 1702 408 ῆν
1727 374 1741 400 ὁ
1758 374 1874 411 ἀριθμὸς

1048 416 1135 444 αὐτῶν
1152 416 1277 455 χιλιάδες
1295 421 1338 454 μα’
1352 418 1397 445 καὶ
1413 418 1596 445 πεντακόσιοι.

1084 505 1144 534 Τῶν
1168 505 1220 534 Γὰδ
1245 505 1369 546 Ἐλισὰφ,
1397 507 1455 538 υἱὸς
1479 505 1625 544 Ῥαγουήλ·
1650 507 1694 534 καὶ
1716 508 1748 541 ἦν
1772 508 1786 534 ὁ
1813 507 1876 545 ἀρι-

1050 551 1118 586 θμὸς
1134 550 1220 578 αὐτῶν
1237 550 1362 589 χιλιάδες
1378 552 1417 588 με’
1432 551 1475 579 καὶ
1493 551 1625 588 ἑξακόσιοι
1641 552 1820 586 πεντήκοντα.

1087 640 1148 667 Τῶν
1177 639 1333 678 Νεφθαλεὶμ
1361 641 1481 679 Ἀχιιρὶ,
1510 641 1568 671 υἱὸς
1604 640 1694 669 Αἱνάν·
1725 641 1770 668 καὶ
1798 642 1831 675 ἦν
1863 642 1877 668 ὀ

1052 683 1166 721 ἀριθμὸς
1181 683 1268 711 αὐτῶν
1285 683 1410 722 χιλιάδες
1426 685 1463 722 vf
1479 685 1523 712 καὶ
1539 685 1720 723 τετρακόσιοι.

1086 772 1170 803 Οὗτος
1198 773 1212 799 ὁ
1242 773 1356 810 ἀριθμὸς
1382 775 1430 800 τοῦ
1455 773 1624 809 πολεμιστοῦ
1654 773 1732 807 λαοῦ,
1753 773 1878 811 χιλιάδες

1051 816 1185 850 ἑξακόσιαι
1202 817 1246 844 καὶ
1262 817 1415 855 τρισχίλιοι
1431 817 1604 845 πεντακόσιοι
1620 806 1797 853 πεντήκοντα.

1087 861 1142 895 Τήν
1169 860 1198 888 δὲ
1227 861 1314 900 φυλὴν
1342 862 1407 889 Aeci
1431 863 1488 889 καθ’
1509 862 1619 893 ἑαυτοὺς
1649 862 1806 900 ἠρίθμησαν
1836 861 1881 890 διὰ

1052 909 1145 944 φωνῆς
1169 905 1267 943 Κυρίου
1305 906 1383 942 μόνοι
1406 910 1524 941 Μωυσῆς
1547 907 1592 934 καὶ
1615 907 1719 945 Ἀαρὼν
1750 907 1803 934 ἀπὸ
1825 918 1879 944 μη-

1055 950 1143 977 νιαίου
1171 950 1216 977 καὶ
1237 949 1337 978 ἐπάνω·
1354 950 1398 978 καὶ
1426 952 1459 985 ἦν
1474 952 1488 978 ὁ
1504 951 1618 989 ἀριθμὸς
1643 950 1729 979 αὐτῶν
1754 950 1882 989 χιλιάδες

1057 993 1142 1022 ιῖίκοσι
1156 994 1199 1022 καὶ
1216 994 1274 1023 δύο.

1093 1048 1242 1085 Ἠρίθμησε
1259 1047 1287 1076 δὲ
1313 1050 1357 1076 καὶ
1387 1049 1419 1076 τὰ
1448 1049 1571 1087 ἀρσενικὰ
1599 1049 1760 1086 πρωτότοκα
1788 1052 1881 1077 πασῶν

1057 1094 1111 1119 τῶν
1128 1092 1220 1120 ἄλλων
1237 1092 1329 1132 φυλῶν
1347 1094 1466 1128 Μωυσῆς
1485 1093 1577 1129 μόνος,
1593 1094 1637 1121 καὶ
1662 1094 1755 1131 εὑρέθη
1782 1095 1796 1122 6
1820 1094 1882 1132 ἀριο

1059 1138 1127 1173 θμὸς
1144 1137 1228 1164 αὐτῶν
1245 1137 1368 1175 χιλιάδες
1392 1138 1434 1176 κβ¹
1458 1138 1502 1165 καὶ
1532 1138 1664 1166 διακόσιοι
1694 1136 1884 1175 ἑϐδομήκοντα

1058 1185 1140 1217 τρεῖς.
1173 1182 1220 1208 Καὶ
1255 1182 1313 1209 ἀντὶ
1349 1185 1400 1208 νῶν
1439 1183 1620 1220 πρωτοτόκων
1658 1182 1761 1211 τούτων
1795 1182 1885 1221 ἐλογί-

1059 1227 1159 1260 σθησαν
1176 1227 1202 1253 οἱ
1219 1229 1325 1253 Λευῖται
1346 1229 1384 1262 τῷ
1400 1229 1466 1262 Θεῷ-
1484 1229 1608 1255 τοσοῢτοι
1632 1228 1682 1265 γὰρ
1707 1228 1774 1261 ἦσαν
1789 1227 1833 1255 καὶ
1859 1228 1885 1254 οἱ

1059 1273 1178 1299 Λευῖται.
1210 1270 1256 1297 Καί
1298 1271 1453 1299 κελεύονται
1494 1271 1538 1299 καὶ
1577 1271 1653 1299 αὖτοὶ
1687 1272 1886 1310 ἀφαγνισθῆναι

1059 1314 1103 1341 διὰ
1127 1316 1273 1346 Μωυσέως.
1297 1316 1341 1343 καὶ
1372 1315 1545 1353 ἀφορίζονται
1580 1316 1676 1344 λοιπὸν
1713 1315 1757 1343 διὰ
1782 1317 1887 1354 Ἀαρὼν

1059 1359 1213 1396 ἐργάζεσθαι
1237 1360 1270 1386 τὰ
1295 1359 1358 1397 ἔργα
1384 1360 1483 1398 Κυρίου
1508 1360 1567 1387 ἀντὶ
1590 1363 1641 1388 τοῦ
1670 1360 1747 1395 λαοῦ,
1772 1361 1816 1388 καὶ
1842 1360 1884 1387 α’ἰ-

1058 1414 1112 1440 ρειν
1137 1405 1170 1448 τά
1192 1404 1271 1439 σκεύη
1297 1407 1346 1438 τῆς
1372 1408 1486 1439 σκηνῆς,
1506 1404 1550 1432 καὶ
1575 1403 1743 1442 λειτουργεῖν
1769 1405 1883 1442 Ἀαρὼν,

1057 1448 1101 1474 καί
1125 1451 1184 1478 τοῖς
1210 1448 1278 1479 υἱοῖς
1304 1448 1396 1477 αὐτοῦ.
1415 1452 1493 1476 ’Ἐστι
1518 1447 1547 1476 δὲ
1570 1448 1595 1476 ἓν
1618 1449 1692 1485 αὑτῷ
1714 1452 1753 1485 τῷ
1781 1447 1884 1487 βιϐλίῳ

1056 1492 1100 1519 καὶ
1130 1494 1147 1527 ἡ
1172 1491 1335 1524 διατύπωσις
1362 1496 1412 1527 τῆς
1438 1492 1596 1531 ὁδοιπορίας
1623 1496 1671 1520 τοῦ
1701 1493 1780 1525 λαοῦ,
1796 1493 1841 1521 καὶ

1057 1537 1198 1568 ἀνάστασις
1222 1541 1271 1572 τῆς
1297 1538 1409 1572 σκηνῆς,
1425 1536 1470 1565 καί
1493 1539 1511 1572 ἡ
1539 1537 1714 1575 πρόσταξιςὴ
1730 1538 1791 1574 περὶ
1815 1537 1882 1565 σαλ-

1055 1581 1172 1619 πίγγων,
1202 1581 1238 1612 εἷς
1266 1582 1297 1609 τὸ
1324 1581 1349 1609 ἐν
1378 1581 1471 1613 αὐταῖς
1505 1582 1697 1610 ἀνακαλεῖσθαι
1725 1583 1770 1609 τὸν
1802 1582 1881 1610 λαόν.

1020 1616 1041 1649 C
1060 1624 1124 1652 Ὧδε
1152 1625 1311 1662 σημαίνεται
1338 1626 1382 1653 καὶ
1412 1627 1425 1653 ὁ
1454 1625 1626 1664 ἐγκαινισμὸς
1663 1629 1711 1654 τοῦ
1738 1628 1881 1661 θυσιαστη-

1059 1668 1130 1706 ρίου,
1145 1669 1189 1697 καὶ
1204 1672 1261 1700 πῶς
1276 1669 1368 1708 ἔχρισε
1393 1670 1443 1705 τὴν
1460 1671 1573 1705 σκηνὴν,
1590 1671 1635 1698 καὶ
1664 1671 1773 1709 ἡγίασεν
1798 1671 1883 1705 αὐτήν

1057 1724 1087 1740 τε
1127 1714 1171 1741 καὶ
1209 1714 1294 1742 πάντα
1335 1715 1368 1742 τὰ
1396 1714 1421 1742 ἰν
1450 1714 1529 1752 αὐτῇ
1560 1714 1577 1749 ἥ
1606 1725 1635 1743 τε
1672 1714 1789 1750 διάταξις
1829 1718 1885 1742 τῶν

1059 1761 1220 1798 προσφορῶν
1249 1759 1303 1787 τῶν
1332 1760 1370 1791 εἰς
1399 1760 1443 1787 τὸν
1467 1760 1641 1797 ἶ·γκαινισμὸν
1663 1762 1712 1788 τοῦ
1737 1761 1882 1795 (lucina—.1;-

1059 1803 1128 1840 ρίου,
1154 1804 1198 1831 καὶ
1227 1804 1291 1842 ὅρος
1312 1806 1366 1831 τῶν
1401 1804 1508 1842 χρόνων
1545 1808 1596 1839 τῆς
1629 1803 1799 1842 λειτουργίας
1828 1805 1885 1831 τῶν

1060 1850 1190 1875 Λευιτῶν·
1216 1848 1285 1876 ὥστε
1306 1848 1359 1876 ἀπὸ
1383 1849 1428 1884 μὲν
1454 1847 1540 1875 εἶ’κοσι
1568 1849 1612 1876 καὶ
1642 1848 1728 1884 πέντε,
1749 1849 1814 1876 ἐτῶν
1840 1850 1888 1886 ἁρ-

1059 1893 1155 1930 χεσθαι
1199 1891 1295 1923 αὐτοὺς
1338 1892 1517 1931 λειτουργεῖν·
1546 1894 1715 1928 πεντήκοντα
1752 1892 1780 1920 δὲ
1818 1893 1886 1920 ἐτῶν

1059 1937 1232 1974 γενομένους,
1249 1937 1408 1976 ἀφίστασθαι
1435 1937 1481 1973 μὶν
1509 1941 1559 1972 τῆς
1588 1937 1771 1975 λειτουργίας,
1787 1936 1888 1976 φυλάτ-

1059 1992 1112 2009 τειν
1128 1980 1156 2009 δὲ
1173 1981 1254 2018 μόνον
1267 1982 1317 2016 τὴν
1335 1983 1445 2017 σκηνήν.

1098 2034 1247 2072 Γέγραπται
1277 2033 1306 2062 δὲ
1334 2035 1378 2062 καὶ
1407 2035 1467 2071 περὶ
1496 2037 1545 2062 τοῦ
1569 2033 1666 2065 ὕδατος
1680 2037 1728 2062 τοῦ
1753 2034 1885 2072 ὲλεγμοῦ,

1058 2082 1106 2107 τοῦ
1133 2079 1381 2117 ἐπικαταρωμὲνου·
1398 2080 1442 2106 καὶ
1466 2080 1480 2106 ὁ
1499 2079 1584 2115 νόμος
1600 2080 1614 2106 ὁ
1629 2079 1690 2117 περὶ
1718 2081 1772 2106 τῶν
1801 2079 1887 2117 εὐχο-

1061 2123 1148 2160 μένων
1165 2112 1312 2161 ἀπέχεσθαι
1327 2122 1410 2157 οἷ’νου,
1425 2124 1469 2150 καὶ
1496 2112 1539 2160 μὴ.
1562 2112 1694 2161 κείρεσθαι
1724 2124 1772 2158 τὴν
1802 2112 1886 2162 κεξα-

1060 2168 1121 2204 λήν·
1137 2168 1181 2196 καὶ
1209 2167 1251 2196 ὅτι
1276 2167 1437 2207 γογγύσαντι
1467 2168 1550 2196 πάλαι
1580 2167 1635 2198 διὰ,
1653 2169 1732 2206 κρέας
1757 2167 1797 2204 τῷ
1824 2167 1886 2205 λαῷ

1060 2211 1174 2241 δέδωκεν
1192 2213 1397 2251 όρτυγομήτραν
1427 2214 1441 2240 ὁ
1468 2213 1542 2247 Θεὸς,
1560 2212 1603 2240 καὶ
1633 2211 1747 2249 διψῶντι
1776 2212 1810 2250 ,δὲ
1840 2214 1886 2240 καὶ

1059 2257 1141 2285 πάλιν
1157 2258 1318 2296 γογγύσαντι
1337 2257 1377 2294 τῷ
1393 2257 1451 2293 λαῷ
1474 2256 1588 2285 δέδωκεν
1616 2257 1644 2285 ἐν
1672 2258 1771 2295 πέτρας
1799 2257 1886 2295 ὕδωρ,

182 2312 278 2340 Moses
293 2319 399 2346 aquam
422 2306 661 2337 contradictionis
680 2306 801 2334 vocavit.
818 2305 898 2332 Misit
912 2308 940 2332 et
955 2312 1000 2331 ex«

1063 2302 1088 2336 ἣν
1105 2301 1216 2330 ἐκάλεσε
1244 2303 1361 2336 Μωυσῆς
1392 2301 1464 2340 ὕδωρ
1493 2302 1660 2340 ἀντιλογίας.
1678 2301 1834 2330 Ἀπέστειλε
1857 2313 1889 2330 τε

183 2356 342 2392 ploratores
357 2363 392 2382 ex
413 2360 589 2388 unaquaque
610 2351 688 2379 tribu
715 2357 817 2382 unum,
833 2349 909 2377 inter
933 2357 1005 2384 quos

181 2403 265 2430 erant
278 2401 365 2428 Jesus
380 2399 457 2426 Nave
476 2400 504 2425 et
526 2395 632 2424 Chaleb
656 2393 797 2429 Jepbone.
810 2393 861 2420 Hic
876 2396 904 2420 et
919 2401 1004 2429 syna-

181 2453 257 2482 goga
268 2447 338 2473 Core
359 2446 460 2472 contra
485 2442 593 2469 Mnsem
610 2438 777 2471 insurrexit,
790 2437 904 2473 vivique
929 2437 1006 2464 intra

182 2492 289 2518 terram
306 2497 372 2517 cum
388 2487 501 2516 Datban
518 2488 544 2513 et
561 2484 670 2511 Abiron
685 2482 816 2518 absorpti
832 2484 902 2510 sunt
918 2490 925 2510 :
940 2484 1003 2509 tum

182 2534 274 2562 Maria
288 2542 371 2562 soror
392 2531 513 2559 Aaronis
540 2530 620 2565 lepra
634 2535 773 2564 percussa
796 2529 850 2559 est,
866 2526 1005 2562 virgaque

182 2579 304 2607 Aaronis
331 2576 505 2613 germinavit
534 2581 648 2601 nucem.
673 2572 778 2599 Postea
802 2574 937 2599 mortuus
961 2574 1005 2599 est

180 2626 278 2651 Aaron
300 2623 329 2649 in
347 2624 444 2649 monte
471 2620 537 2652 Hor,
557 2618 604 2645 cui
629 2615 772 2644 successit
786 2615 902 2643 Eleazar
927 2615 1004 2643 ﬁlius

180 2668 256 2703 ejus.
273 2667 331 2694 Hoc
345 2666 420 2693 libro
435 2667 463 2692 et
477 2663 600 2690 historia
613 2661 731 2689 Balaam
754 2663 781 2688 et
806 2660 894 2687 asinae
910 2660 1005 2696 ipsius

181 2712 313 2740 humana
336 2719 404 2738 voce
428 2710 529 2736 locum;
555 2706 715 2734 scribitur:
733 2707 761 2732 et
785 2705 931 2740 quomodo
956 2714 1004 2732 rcx

182 2757 299 2793 quidem
329 2755 522 2782 Moabilurum
552 2751 644 2785 lialac,
670 2750 811 2777 confusus
835 2750 874 2776 sit
898 2749 1004 2785 populo

182 2803 280 2829 autem
297 2809 348 2836 per
364 2798 517 2826 consilium
535 2796 649 2824 Balaam
666 2793 788 2831 polluto,
804 2793 927 2821 Phineas
943 2803 1005 2822 mu-

180 2845 281 2873 lierem
292 2843 512 2873 Madianitidem
523 2849 589 2867 cum
599 2839 721 2867 Zambre
735 2837 911 2872 lsraelita,ex
926 2838 1003 2867 tribu

1058 2346 1246 2376 κατασκόπους
1273 2344 1320 2373 ἕνα
1348 2346 1416 2373 κατὰ
1453 2346 1553 2385 φυλὴν,
1581 2346 1606 2373 ὲν
1634 2347 1676 2377 οἷς
1705 2347 1750 2373 καὶ
1781 2347 1887 2381 Ἰησοῦν

1059 2391 1104 2418 τὸν
1124 2392 1173 2418 τοῦ
1189 2394 1275 2425 Ναυῆ,
1292 2390 1337 2417 καὶ
1366 2388 1455 2417 Χάλεῧ
1483 2391 1529 2418 τὸν
1558 2393 1606 2418 τοῦ
1622 2394 1736 2429 Ἰεφονῆ.
1754 2390 1816 2418 Ὧδε
1841 2391 1889 2419 καὶ

1059 2437 1076 2470 ἡ
1107 2435 1250 2472 συναγωγή
1289 2435 1358 2473 Κορὲ
1392 2435 1523 2470 ἐπανέστη
1562 2436 1630 2463 κατὰ
1667 2435 1803 2466 Μωϋσέως
1842 2435 1888 2463 καὶ

1061 2482 1157 2515 ζῶντες
1185 2477 1370 2514 κατιπόθησαν
1399 2479 1436 2510 εἰς
1467 2480 1514 2514 τήν
1541 2483 1592 2517 γῆν
1629 2480 1695 2516 μετὰ
1724 2480 1809 2512 Δαθὰν
1841 2480 1888 2507 καὶ

1059 2522 1201 2562 Ἀϐειρών·
1218 2523 1262 2551 ὅτε
1283 2523 1327 2551 καὶ
1344 2524 1433 2562 Μαρία
1448 2525 1465 2558 ὴ
1483 2522 1587 2564 ἀδελφὴ
1602 2524 1705 2562 Ἀαρὼν
1729 2523 1886 2561 ἐλεττριὲιθη⁸

1059 2569 1103 2597 καὶ
1132 2570 1150 2604 ἡ
1181 2566 1279 2606 ῥάϐδος
1295 2568 1400 2606 Ἀαρὼν
1431 2565 1580 2603 ἐϐλάστησε
1608 2568 1707 2606 κάρυον
1741 2568 1788 2595 Καὶ
1820 2569 1889 2605 μετᾶ

1058 2616 1142 2642 ταῦτα
1170 2613 1332 2647 ἀποθνήσκει
1359 2612 1464 2650 ’Δαρὼν
1495 2612 1521 2640 ἐν
1545 2615 1584 2649 τῷ
1607 2610 1665 2651 ὄρει
1679 2616 1739 2651 Ὣρ,
1755 2613 1800 2640 καὶ
1828 2611 1887 2640 δια-

1060 2657 1166 2696 δὲχεται
1182 2657 1261 2685 αὐτὸν
1278 2655 1408 2694 Ἐλεάζαρ
1425 2657 1438 2684 ὁ
1455 2658 1512 2688 υἱὸς
1528 2656 1620 2685 αὐτοῦ.
1636 2656 1699 2685 Ὧδε
1728 2657 1772 2684 καὶ
1796 2657 1810 2684 ὁ
1838 2661 1888 2684 Βα-

1060 2702 1135 2739 λαὰμ
1163 2701 1207 2729 καὶ
1223 2703 1241 2736 ἠ
1259 2700 1402 2735 λαλήσασα
1430 2701 1511 2728 αὐτοῦ
1540 2699 1600 2732 ὅνος
1625 2701 1780 2739 ἀνθρωπίνῃ
1808 2703 1888 2740 φωνῇ

1059 2748 1216 2785 ἱστορεῖται*
1232 2745 1277 2773 καὶ
1292 2745 1334 2773 ὅτι
1351 2746 1365 2772 ὁ
1383 2745 1430 2782 μὶν
1446 2745 1541 2773 Βαλὰκ
1558 2745 1686 2783 βασιλεὺς
1711 2743 1799 2779 Mulis
1824 2756 1889 2773 κατ-

1060 2791 1185 2829 ῃσχύνθη
1223 2792 1272 2818 τοῦ
1301 2788 1330 2817 δὲ
1358 2789 1426 2818 λαοῦ
1457 2788 1661 2828 βεϐηλωθὲντος
1691 2790 1716 2825 ἐξ
1746 2787 1888 2825 ὑποϐολῆς

1059 2838 1108 2865 τοῦ
1121 2835 1248 2872 Βαλαὰμ,
1264 2835 1278 2863 δ
1294 2834 1393 2870 Φινιῆς
1421 2834 1555 2873 ἀνέτρωσι
1578 2834 1628 2869 τὴν
1655 2834 1814 2863 Μαδιανῐτιν
1844 2835 1890 2862 καὶ
