4136 6218
405 352 526 411 305

1512 353 1893 416 SYNOPSIS
1936 352 2399 414 SCRIPTURJE
2442 351 2738 413 SACRE.

3711 347 3832 407 306

403 483 500 535 τὸν
557 479 903 556 ’ῐσραηλίτην
953 477 1180 558 Ζαμϐρῆ
1233 481 1293 538 ἐκ
1343 481 1524 557 ψυλῆς
1572 483 1797 555 Συμεὼν
1857 479 1946 537 διὰ
1973 483 2038 537 τὰ

2181 485 2416 540 Simeon
2450 489 2684 556 propter
2712 482 3125 538 scortationem
3157 479 3500 548 confoderit,
3532 483 3708 550 atque
3761 497 3830 537 ea

407 568 684 641 πορνείας,
717 569 805 622 καὶ
841 569 986 624 οὕτω
1032 571 1300 624 πέπαυται
1358 574 1393 640 ἡ
1447 571 1608 647 ὀργή.
1674 570 2066 642 Σαταλαλήσας

407 655 522 712 8ὲὸ
583 657 712 718 λαὸς
759 658 892 734 πρὸς
939 658 1031 713 τὸν
1083 659 1208 713 Θεὸν
1253 661 1388 716 κατὰ
1435 660 1728 730 Μωυσέως,
1780 657 2066 715 ὲδάκνοντο

407 748 515 802 ὑπὸ
563 742 759 824 ὄφεων,
809 746 900 801 καὶ
963 747 1182 824 ὕστερον
1251 747 1592 819 ἀξιωσάντων
1647 749 1845 821 αὐτῶν,
1903 770 2066 822 προσ-

405 837 584 904 έταξεν
636 837 666 888 6
713 836 842 897 Θεὸς
884 835 1127 910 γενέσθαι
1159 831 1278 913 ὄφιν
1304 835 1575 911 χαλκοῦν,
1636 839 1723 892 καὶ
1755 846 2064 914 κρεμασθῆ-

403 946 490 977 ναι
525 923 710 977 αὐτόν’
754 921 847 976 ἵνα
904 924 934 977 ὁ
980 920 1203 1000 δηχθεὶς
1253 923 1471 1000 βλέπων
1521 925 1680 980 αὐτὸν
1936 924 2078 982 Ὧδε.

402 1012 611 1068 κελεύει
649 1012 677 1066 ὀ
708 1013 838 1073 Θεὸς
867 1016 949 1084 τῷ
980 1017 1181 1087 Μωυσῇ
1215 1014 1302 1068 καί
1343 1013 1602 1087 Ἐλεάζαρ
1649 1019 1727 1086 τῷ
1777 1017 1912 1088 ἱερεῖ
1967 1037 2059 1088 με·

400 1108 599 1175 τρῆσαι
656 1099 820 1155 πάλιν
869 1101 962 1154 τὸν
1016 1099 1145 1154 λαὸν
1194 1099 1300 1155 ἀπὸ
1342 1101 1682 1165 εἷκοσαετοῦς
1738 1104 1828 1157 καὶ
1859 1101 2054 1174 ἐπάνω,

400 1190 491 1244 καὶ
551 1190 742 1265 εὑρέθη
805 1189 833 1244 6
891 1189 1124 1265 ἀριθμὸς
1201 1190 1375 1245 αὐτῶν
1464 1189 1713 1265 χιλιάδες
1789 1191 2055 1262 ἑξακόσιαι

401 1277 491 1332 καὶ
574 1277 758 1352 χίλιοι
843 1278 1153 1333 ἑπτακόσιοι
1229 1279 1539 1354 τριάκοντα.
1618 1280 1716 1336 Καθ
1785 1281 1835 1334 οὶ
1895 1283 2052 1336 Λευῖ-

397 1389 486 1422 ται
549 1363 606 1420 δὲ
665 1364 827 1420 πάλιν
886 1369 1006 1431 καθ’
1065 1367 1284 1430 ἑαυτοὺς
1323 1370 1733 1444 ῆριθμήθησαν,
1791 1370 1882 1424 καὶ
1963 1369 2052 1424 εὐ-

401 1457 632 1528 ρέθησαν
687 1453 938 1530 χιλιάδες
995 1458 1098 1531 κγ’.
1153 1458 1214 1511 Ἡ
1278 1458 1372 1529 μὲν
1433 1457 1524 1511 οὗν
1580 1457 1856 1532 ἐπίσκεψις
1913 1457 2048 1529 αὕτη

398 1544 584 1620 γέγονε
642 1544 692 1598 ἐν
757 1540 1004 1620 Ἀραϐὼθ
1062 1540 1252 1617 Μωὰὸ,
1316 1545 1403 1600 ἐπὶ
1458 1551 1556 1602 τοῦ
1587 1545 1862 1623 ’Ῑορδάνου
1917 1548 2054 1603 κατὰ

397 1635 632 1709 Ἱεριχιῖκ
671 1634 756 1687 Ἐν
787 1633 1002 1695 τούτοις
1034 1631 1090 1688 δὲ
1135 1632 1308 1696 οὐδεὶς
1338 1635 1405 1703 ἦν
1436 1640 1543 1690 τῶν
1577 1635 1841 1712 πρότερον
1894 1637 2052 1692 ἔπεσ-

397 1722 705 1793 κεμμὲνων·
740 1721 821 1776 ὅτι
856 1722 1144 1792 ἀπέθανον,
1177 1723 1322 1792 πλὴν
1358 1719 1538 1778 Χαλὲϐ
1596 1726 1686 1779 καὶ
1746 1726 1961 1798 Ἰησοῦς
2020 1727 2048 1781 6

393 1815 490 1864 τοῦ
521 1817 674 1878 Ναυῆ
685 1855 698 1867 .

465 1901 550 1954 Ἐν
581 1900 762 1974 τούτῳ
788 1905 868 1972 τῷ
929 1895 1132 1976 βιϐλίῳ
1177 1899 1378 1979 ἔγραψε
1423 1907 1661 1972 Μωϋσῆς
1718 1901 1808 1958 διὰ
1863 1902 2043 1980 ῥημά-

391 2011 500 2042 των
554 1989 753 2064 Κυρίου
811 1991 1066 2066 ἀπάρσεις
1127 1994 1300 2045 αὐτῶν
1341 1991 1430 2045 καὶ
1463 1991 1590 2054 τοὺς
1623 1992 1900 2065 σταθμοὺς
1955 1993 2045 2047 αύ-

393 2083 524 2144 τῶν,
584 2076 638 2131 ἐν
699 2077 778 2139 οἷς
837 2075 1108 2140 ὁδεύοντες
1165 2079 1271 2134 ἀπὸ
1314 2087 1413 2150 τῆς
1455 2079 1738 2156 Αἰγύπτου
1784 2081 2044 2138 κατέλυον

397 2166 818 2239 ἀναπαυόμενοι.
877 2168 972 2222 Καὶ
1033 2167 1162 2222 εἰσὶν
1223 2167 1398 2224 οὗτοι·
1441 2170 1580 2225 Ἀπὸ
1618 2175 1884 2242 Ῥαμεσσῆ
1943 2177 2044 2240 τῆς

395 2255 677 2329 Αἰγύπτου
753 2255 977 2326 ἐξῆλθον
1050 2261 1128 2328 τῷ
1189 2257 1378 2332 πρότῳ
1438 2258 1569 2330 μηνί
1630 2257 1884 2334 ἐπαύριον
1944 2264 2042 2314 τοῦ

397 2347 611 2420 Πάσχα,
643 2345 732 2399 καὶ
761 2342 934 2414 ἦλθον
969 2346 1043 2407 εἷς
1077 2347 1295 2421 Σοχὼθ,
1346 2347 1451 2401 ἀπὸ
1485 2343 1686 2422 Σοχὼϐ
1709 2347 1784 2410 εἰς
1821 2349 2040 2423 βουθάν,

393 2433 496 2487 ἀπὸ
557 2434 755 2487 Βουθὰν
819 2434 895 2495 εἰς
951 2433 1328 2510 Βεελσεπφὼν,
1388 2436 1643 2490 ἀπέναντι
1703 2434 2038 2510 Μαγδώλου·

389 2522 498 2576 ἀπὸ
577 2521 930 2599 Βεελσεπφὼν
1007 2519 1264 2593 διέϐησαν
1337 2525 1497 2597 μέσον
1579 2531 1679 2594 τῆς
1745 2523 2038 2596 θαλάσσης·

389 2612 497 2664 ἀπὸ
570 2610 846 2682 θαλάσσης
922 2611 999 2674 εἷς
1057 2612 1306 2688 Πικρίας,
1363 2614 1451 2668 καὶ
1511 2613 1616 2668 ἀπὸ
1675 2619 1912 2688 Πικριῶν
1969 2615 2042 2676 εἰς

389 2699 590 2771 Έλεὶμ
837 2699 976 2754 ὅπου
1035 2702 1086 2755 οἱ
1143 2700 1410 2762 Φοίνικες·
1471 2701 1558 2756 καὶ
1594 2701 1700 2756 ἀπὸ
1731 2701 1927 2775 Ἐλεὶμ
1966 2703 2041 2766 εἷς

391 2789 522 2861 Σεὶρ
764 2789 865 2856 τήν
917 2786 1146 2864 ἔρημον·
1206 2790 1311 2844 ἀπὸ
1357 2797 1456 2859 τῆς
1507 2790 1716 2866 ἐρήμου
1774 2792 1899 2867 Σεὶρ
1965 2792 2042 2855 εἷς

386 2877 651 2954 Ῥάφακα·
733 2877 838 2930 ἀπὸ
917 2877 1149 2955 Ῥάφακα
1225 2879 1300 2940 εἰς
1360 2877 1551 2951 Ἐλεῖμ
1609 2882 1738 2953 (87),
1795 2879 1885 2934 καὶ
1938 2881 2044 2935 ἀπὸ

389 2963 588 3037 Ἐλεὶμ
633 2965 709 3027 εἷς
770 2962 1070 3044 Ῥαφιδείμ·
1130 2966 1234 3021 ἀπὸ
1289 2966 1573 3044 Ῥαφιδιῖμ
1633 2968 1710 3030 εἰς
1759 2975 1894 3024 Σινᾶ
1945 2971 2045 3039 τὴν

387 3053 624 3126 ἔρημον
685 3054 791 3108 ἀπὸ
835 3054 1051 3128 ἐρήμου
1101 3061 1234 3110 Σινᾶ
1280 3057 1354 3117 εἷς
1400 3058 1673 3129 Μνήματα
1716 3065 1816 3128 τῆς
1857 3057 2041 3123 ἐπιθυ-

391 3141 543 3214 μίας·
579 3141 686 3196 ἀπό
717 3142 1028 3215 Μνημάτων
1060 3150 1159 3212 τῆς
1191 3143 1479 3216 ἐπιθυμίας
1529 3145 1604 3207 εἷς
1654 3147 1884 3223 Ἀσιρώθ
1931 3152 2043 3221 (88)

387 3231 763 3304 ἀπὸἈσιρὼθ
823 3230 899 3292 εἰς
958 3233 1216 3305 Ῥαθάμα·
1263 3233 1370 3288 ἀπὸ
1428 3234 1692 3307 Ῥαθαμά,
1749 3236 1824 3298 εἷς
1883 3238 2040 3310 Ῥεμ-

387 3321 510 3390 μὼν
542 3319 741 3395 Φαρές·
776 3319 866 3374 καὶ
915 3320 1018 3374 ἀπὸ
1049 3323 1299 3395 Ῥεμμὼν
1333 3324 1507 3398 Φαρὲς
1538 3323 1613 3386 εἰς
1646 3329 1875 3398 Λεμᾶωα
1903 3327 2036 3399 (89)’

387 3407 501 3462 ἀπὸ
532 3412 765 3479 Λεμῶνα
795 3409 872 3470 εἷς
903 3409 1118 3463 Δεσσάψ
1178 3409 1283 3464 ἀπὸ
1342 3411 1536 3465 ΔεσσάΑ
1593 3409 1666 3473 εἵς
1724 3413 2042 3477 ΜακεΛλάθο

385 3497 495 3551 ἀπὸ
553 3495 848 3560 Μακελλὰθ
876 3497 948 3558 εἷς
983 3497 1187 3574 Σαφάρ·
1221 3499 1326 3554 ἀπὸ
1379 3501 1563 3577 Σαφὰρ
1632 3501 1706 3562 εἷς
1766 3499 2033 3576 Χαραδάθ·

379 3587 494 3640 ἀπὸ
527 3583 778 3658 Χαραδᾶθ
811 3586 884 3648 εἰς
929 3587 1226 3658 Μσκηλώθ.
1299 3588 1404 3642 ἀπὸ
1463 3589 1744 3659 Μακηλὼθ
1795 3589 1870 3653 εἷς
1929 3597 2036 3645 Κα-

371 3673 537 3726 ταάθ·
604 3674 709 3728 ἐπὸ
767 3675 976 3729 Καταάθ
1033 3675 1109 3738 εἰς
1157 3677 1352 3752 Ταράθ·
1402 3677 1508 3732 ἀπὸ
1532 3679 1706 3754 Ταρὰο
1765 3679 1840 3741 εἷς
1889 3687 2034 3734 Ματ-

369 3767 529 3816 τεκᾶ·
589 3763 696 3817 ἀπὸ
759 3770 1008 3819 Ματτεκᾶ
1038 3764 1111 3828 εἲς
1147 3765 1434 3840 Σελμῶνα·
1493 3767 1599 3821 ἀπὸ
1633 3767 1929 3841 Σελμῶνος
1960 3769 2037 3831 εἰς

373 3851 709 3923 Μασουρώθ·
772 3853 877 3907 ἀπὸ
928 3856 1229 3928 Μασουρὼθ
1262 3855 1339 3916 εἰς
1399 3854 1616 3910 Βάναια·
1676 3857 1764 3910 καὶ
1798 3857 1904 3911 ἀπὸ
1937 3858 2036 3912 Βά-

371 3960 503 3993 ναια
555 3939 632 4001 εἶς
686 3942 748 3995 τὸ
804 3937 930 4017 ὅρος
997 3941 1227 4018 Γαδγάδ·
1284 3944 1374 3999 καὶ
1439 3944 1546 4001 ἀπὸ
1603 3941 1763 4020 ὅρους
1826 3944 2034 4022 Γαόγὰδ

373 4029 458 4088 εἰς
519 4024 807 4085 Ἐταϐαθᾶ·
857 4031 946 4085 καὶ
1003 4032 1108 4086 ἀπὸ
1159 4028 1425 4098 Ἐταϐαθᾶ
1472 4034 1547 4096 εἰς
1597 4029 1853 4102 Σεϐρῶνα
1897 4039 2032 4107 (90)·

369 4117 469 4170 καὶ
529 4115 636 4170 ἀπὸ
699 4114 954 4194 Σεϐρῶνα
1019 4119 1096 4182 εἵς
1165 4118 1547 4200 Γεσιωνγαϐἑρ·
1635 4125 1724 4180 καὶ
1782 4125 1888 4180 ἀπὸ
1947 4133 2036 4181 Γε-

373 4201 687 4281 σιωνγαὸὲρ
748 4207 823 4268 εἷς
879 4211 980 4278 τὴν
1036 4207 1244 4285 ἔρημον
1314 4218 1459 4267 Σεῖν·
1519 4213 1608 4268 καὶ
1665 4213 1771 4268 ἀπὸ
1824 4213 2035 4291 ἐρήμυυ

375 4300 505 4348 Σεῖν
569 4295 612 4348 εἰ
671 4297 772 4364 τήν
803 4293 1007 4372 ἔρημον
1042 4301 1243 4374 Φαράν·
1306 4300 1441 4372 αὕτη
1504 4301 1614 4356 ἐστὶ
1675 4301 1867 4366 Κάδες·
1927 4303 2037 4359 ἐκεῖ

373 4382 639 4446 ἀπέθανεν
693 4387 918 4459 Μαριὰμ
967 4386 1026 4442 ἐκ
1071 4386 1234 4463 Κάδῃο
1306 4391 1411 4444 ἀπὸ
1484 4389 1665 4462 Κάδης
1716 4391 1791 4454 εἷς
1851 4395 1951 4469 ’Ὠρ
1973 4395 2034 4448 τὸ

375 4471 508 4544 ὄρος
539 4471 779 4543 πλησίον
811 4481 912 4550 γῆς
941 4473 1153 4549 Ἐδὼμ,
1187 4478 1261 4540 εἷς
1292 4474 1320 4530 ὅ
1368 4474 1566 4542 ἀναϐὰς
1599 4482 1809 4556 Ἀαρὼν
1843 4484 1870 4536 6
1902 4485 2035 4558 ἁρχ-

2181 574 2402 628 ratione
2425 574 2568 628 iram
2605 573 2702 628 Dei
2736 570 3044 626 sedaverit.
3105 569 3185 623 Ad
3254 568 3372 622 haec
3437 573 3822 640 posteaquam

2175 667 2375 737 contra
2401 663 2583 717 Deum
2607 668 2662 716 et
2681 666 2910 733 Moysen
2933 659 3166 713 locutus
3191 663 3346 712 esset
3365 657 3647 728 populus,
3699 674 3825 713 ser-

2177 755 2414 822 pentum
2451 750 2749 806 morsibus
2780 747 3189 803 cruciabatur:
3225 751 3282 800 at
3306 747 3541 800 demum
3565 746 3824 815 roganti-

2172 839 2284 894 bus
2316 838 2456 907 illis,
2489 843 2819 909 serpentem
2869 851 3095 890 zeueum
3149 835 3269 890 fieri
3316 835 3504 905 jussit
3557 834 3709 889 Deus
3757 850 3823 890 ac

2172 929 2605 1000 suspendi,quo
2645 927 2767 982 viso
2817 926 3054 988 viveret,
3077 923 3174 994 qui
3199 923 3624 994 aserpeutibus
3667 929 3824 980 esset

2171 1016 2528 1071 vulneratus.
2560 1015 2836 1086 Praecepit
2879 1015 3053 1068 etiam
3087 1011 3194 1068 hoc
3234 1011 3381 1066 libro
3432 1013 3577 1065 Deus
3636 1012 3819 1083 Moysi

2169 1111 2224 1159 et
2249 1104 2516 1159 Eleazaro
2540 1105 2852 1166 sacerdoti,
2874 1103 3064 1157 denuo
3107 1115 3405 1156 recensere
3450 1099 3756 1170 populum,
3785 1118 3820 1156 a

2169 1194 2443 1248 vicesimo
2461 1209 2613 1248 anno
2631 1198 2685 1246 et
2710 1207 2910 1262 supra,
2935 1193 3105 1260 cujus
3128 1195 3252 1243 tum
3276 1189 3547 1247 iuventus
3570 1195 3658 1243 est
3703 1206 3815 1244 uu-

2170 1299 2388 1346 merus,
2422 1289 2695 1338 sexcenta
2725 1279 2908 1334 millia
2939 1279 3098 1334 mille
3149 1279 3498 1350 septingenti
3549 1278 3812 1349 triginta.

2167 1375 2233 1425 Et
2256 1370 2459 1426 Levita
2486 1387 2716 1441 quoque
2738 1370 2950 1423 iterum
2982 1370 3300 1438 separatim
3325 1367 3616 1420 numerati
3649 1371 3809 1434 sunt,

2164 1465 2220 1515 et
2242 1460 2514 1515 inventus
2539 1464 2629 1514 est
2647 1457 2884 1512 illorum
2911 1473 3193 1511 numerus
3214 1455 3414 1526 viginti
3446 1455 3560 1509 tria
3602 1453 3808 1509 millia.

2163 1549 2454 1605 Receusiti
2484 1553 2624 1604 sunt
2653 1553 2848 1603 autem
2882 1547 2941 1600 iu
2971 1544 3227 1600 Arabotb
3261 1544 3452 1605 Moab,
3501 1544 3568 1596 ad
3603 1543 3813 1597 Jorda--

2162 1655 2294 1694 nem
2327 1646 2529 1692 contra
2558 1636 2813 1692 Jericho.
2848 1637 2908 1689 In
2944 1635 3072 1689 istis
3100 1639 3311 1703 .autem
3373 1648 3541 1684 nemo
3605 1648 3808 1685 eorum

2160 1733 2303 1796 erat,
2337 1728 2436 1798 qui
2468 1731 2642 1782 antea
2672 1723 2964 1778 numerati
3027 1724 3275 1776 fuerant.
3332 1721 3544 1775 Mortui
3593 1720 3807 1790 quippe

2081 1849 2125 1914 Β
2157 1822 2344 1883 erant,
2379 1823 2586 1889 praeter
2613 1813 2824 1869 Chaleb
2854 1819 2909 1868 et
2937 1812 3110 1867 Iesus
3148 1811 3325 1914 Nunc.

2226 1905 2572 1972 Complexus
2617 1908 2708 1958 est
2765 1901 2873 1955 hoc
2929 1915 3164 1970 quoque
3220 1897 3513 1952 volumine
3574 1908 3796 1968 Moyses

2144 1995 2316 2064 juxta
2349 1993 2575 2048 Domini
2600 1991 2794 2057 verba,
2829 1988 3238 2060 profectiones‘
3264 1993 3319 2041 et
3351 1986 3688 2040 mansiones
3720 1985 3799 2040 Is-

2153 2082 2346 2150 raelis,
2381 2083 2594 2152 quibus
2616 2097 2684 2134 ex
2707 2083 2944 2150 Egypto
2989 2077 3226 2148 profecti
3273 2075 3522 2129 subinde
3565 2075 3801 2144 quieve-

2153 2175 2301 2227 rant.
2330 2172 2395 2224 Et
2415 2169 2733 2224 euntisth
2776 2173 3074 2232 Ramesse,
3121 2164 3344 2237 [Egypti
3372 2165 3561 2235 primo
3599 2180 3797 2219 mense

2152 2258 2431 2331 postridie
2458 2257 2752 2313 Paschatis
2778 2255 3042 2328 protecti,
3074 2259 3356 2309 venerunt
3397 2253 3455 2306 iu
3501 2253 3748 2308 Sochotb
3776 2272 3789 2322 ;

2152 2351 2224 2404 de
2253 2346 2504 2402 Sochotb
2537 2347 2594 2400 in
2632 2345 2894 2411 Ratbau;
2925 2344 2998 2398 de
3029 2343 3262 2398 Pinthan
3297 2343 3351 2396 in
3409 2342 3804 2413 Beelsepbou-

2153 2444 2353 2494 contra
2385 2435 2686 2509 Magdolon
2713 2453 2727 2504 ;
2760 2436 2831 2490 de
2861 2434 3220 2504 Beelsephon
3256 2451 3354 2504 per
3387 2451 3547 2487 mare
3598 2439 3800 2488 trans-

2153 2529 2346 2583 ierunt
2381 2545 2394 2594 ;
2427 2527 2500 2581 de
2530 2525 2676 2581 mari
2706 2523 2766 2579 in
2792 2523 3233 2579 Amaritudiues
3260 2521 3805 2589 ;deAmaritudiui-

2154 2618 2261 2672 bus
2281 2617 2353 2672 ad
2375 2613 2669 2680 Elim,ubi
2689 2618 2856 2670 erant
2881 2612 3123 2683 palmae;
3167 2612 3236 2664 de
3293 2611 3438 2664 Elim
3500 2611 3558 2665 in
3607 2612 3807 2666 deser-

2152 2704 2758 2772 tumSeir;edeserto
2778 2701 2984 2758 Seiriu
3031 2699 3339 2771 Raphaca;
3402 2701 3471 2753 de
3524 2699 3796 2769 Rnphaca

2153 2795 2213 2850 in
2245 2794 2430 2860 Elim;
2463 2793 2535 2848 de
2589 2791 2738 2846 Elim
2781 2789 2842 2844 in
2872 2789 3222 2861 Raphidim;
3255 2789 3325 2842 de
3357 2787 3671 2858 Rapbidiiu
3734 2787 3795 2842 in

2154 2881 2530 2940 solitudinem
2563 2881 2741 2948 Sina;
2777 2880 2846 2934 de
2877 2878 3190 2934 solitudine
3220 2877 3361 2934 Sina
3390 2877 3461 2931 ad
3521 2875 3802 2948 Sepulcra

2153 2971 2673 3044 concupiscentia;
2699 2970 2769 3025 de
2783 2966 3574 3040 Sepulcriscoucupiscentia:
3595 2965 3801 3020 inAsi-

2153 3062 2280 3117 roth
2309 3080 2322 3130 ;
2347 3063 2418 3117 de
2443 3059 2674 3116 Asiroth
2698 3059 2756 3113 in
2779 3057 3088 3113 Rathama:
3123 3057 3193 3112 de
3213 3055 3502 3112 Rathama
3531 3054 3590 3108 in
3615 3055 3752 3109 Rem
3789 3087 3793 3091 -

2157 3167 2292 3206 mon
2326 3150 2574 3205 Phares:
2609 3149 2679 3204 de
2719 3153 3003 3204 Remmou
3053 3145 3267 3201 Phares
3307 3145 3365 3198 in
3409 3144 3697 3208 Lemoua;
3731 3144 3802 3198 de

2075 3217 2118 3284 (ἶ
2155 3241 2410 3297 Lemoua
2435 3239 2494 3294 iu
2525 3243 2739 3294 Dessau
2773 3261 2788 3293 :
2819 3235 2892 3290 de
2951 3239 3166 3290 Dessau
3196 3233 3259 3288 in
3315 3233 3618 3289 Macellath
3647 3249 3661 3299 ;
3725 3233 3798 3288 de

2150 3328 2540 3386 Macellathin
2573 3325 2840 3398 Saphar;
2899 3325 2971 3380 de
3027 3323 3254 3396 Saphar
3309 3322 3366 3376 in
3418 3323 3792 3390 Charadath;

2149 3421 2221 3475 de
2251 3417 2586 3474 Cbaradath
2647 3417 2706 3470 in
2737 3413 3063 3480 Macelotb;
3096 3413 3169 3468 de
3223 3411 3509 3467 Maceloth
3569 3412 3627 3466 in
3685 3411 3794 3467 Ca-

2147 3507 2308 3564 taath
2335 3525 2347 3574 ;
2382 3506 2455 3562 de
2485 3503 2819 3560 Cataatb'in
2851 3501 3068 3559 Tarath
3097 3519 3111 3569 ;
3144 3501 3216 3556 de
3271 3501 3488 3556 Tarath
3538 3500 3595 3554 in
3647 3499 3797 3554 Mat-

2145 3601 2273 3652 teca
2299 3621 2313 3664 ;
2343 3595 2414 3650 de
2447 3594 2690 3650 Matteca
2722 3593 2779 3647 in
2813 3592 3120 3656 Selmona;
3153 3591 3224 3645 de
3255 3589 3530 3645 Selmona
3559 3589 3616 3642 in
3679 3589 3800 3644 Ma-

2146 3683 2351 3741 suroth
2377 3702 2392 3753 ;
2424 3685 2496 3738 de
2527 3681 2827 3738 Mazuroth
2861 3680 2921 3736 in
2953 3681 3161 3735 Bauaea
3185 3697 3197 3734 :
3223 3679 3294 3735 de
3316 3679 3522 3733 Banaea
3543 3679 3613 3732 ad
3637 3693 3800 3732 mon-

2144 3779 2263 3828 tem
2295 3773 2532 3844 Gadgad
2561 3789 2574 3838 ;
2608 3771 2678 3826 de
2711 3774 2907 3825 monte
2953 3767 3191 3840 Gadgad
3240 3767 3298 3820 in
3346 3765 3628 3820 Etabatho
3657 3782 3670 3832 ;
3725 3767 3797 3821 de

2145 3862 2431 3918 Etabatha
2460 3861 2520 3916 iu
2551 3861 2846 3925 Sebroua;
2880 3858 2950 3912 de
2981 3857 3236 3912 Sebroua
3269 3856 3326 3910 in
3359 3854 3791 3925 Gesiongaber;

2146 3953 2216 4006 de
2245 3949 2638 4021 Gesiougaber
2694 3947 2754 4002 in
2814 3945 3192 4002 solitudinem
3241 3943 3380 4010 Sin;
3416 3958 3445 3996 e
3475 3942 3793 3998 solitudine

2145 4039 2246 4097 Sin
2281 4039 2338 4093 in
2389 4035 2766 4093 solitudinem
2816 4035 3066 4097 Pharan,
3118 4049 3244 4104 quae
3298 4035 3387 4086 est
3432 4032 3652 4087 Cades:
3710 4031 3787 4086 ibi

2147 4133 2377 4184 mortua
2405 4131 2492 4182 est
2523 4126 2724 4182 Maria.
2758 4129 2800 4178 Ε
2830 4123 3013 4178 Gades
3043 4122 3115 4176 ad
3147 4125 3406 4176 montem
3440 4121 3575 4186 Hor,
3610 4137 3794 4192 prope

2143 4219 2361 4272 terram
2395 4215 2598 4277 Edom,
2631 4228 2747 4285 quo
2777 4227 3098 4268 conscenso
3135 4212 3324 4265 Aaron
3375 4226 3647 4264 summus
3697 4226 3794 4264 sa-

2144 4305 2348 4360 cerdos
2370 4305 2546 4374 jussu
2577 4302 2811 4358 Domini
2843 4305 3111 4356 mortuus
3158 4303 3268 4363 est,
3309 4315 3461 4355 anno
3503 4299 3797 4370 egressio-

2144 4393 2237 4448 nis
2270 4393 2521 4448 filiorum
2556 4390 2734 4446 Israel
2765 4389 3240 4462 quadragesimo,
3303 4403 3504 4442 mense
3564 4387 3794 4458 quinio,

2147 4483 2332 4554 prima
2365 4481 2622 4536 mensis:
2658 4497 2789 4534 cum
2820 4479 3059 4536 vixisset
3083 4479 3272 4533 annos
3301 4481 3536 4532 centum
3589 4477 3796 4547 viginti

377 4562 552 4634 ιερεὺς
629 4561 861 4617 ἀπέθανε
936 4561 1024 4618 διὰ
1086 4567 1516 4644 προσταγμάτων
1593 4570 1790 4646 Κυρίου
1846 4572 1897 4625 ἰν
1954 4575 2032 4644 τῷ

2156 4579 2280 4627 :res.
2319 4576 2390 4627 De
2425 4576 2620 4626 monte
2646 4575 2767 4626 Hor
2792 4569 2863 4625 ad
2920 4567 3228 4634 Selmona;
3289 4567 3360 4622 de
3408 4565 3683 4621 Selmone
3731 4567 3794 4621 in

375 4655 791 4724 τεσσαρακοστῷ
852 4648 955 4707 ἔτει
1013 4657 1109 4722 τῆς
1158 4653 1342 4725 ἐξόδου
1389 4661 1498 4712 τῶν
1544 4659 1676 4714 υἱῶν
1705 4659 1947 4734 Ἰσραὴλ,
1983 4661 2033 4714 ἐν

373 4740 455 4809 τῷ
489 4740 622 4810 μηνὶ
656 4744 736 4810 τῷ
768 4741 1021 4814 πέμπτῳ,
1059 4749 1156 4816 μιᾷ
1215 4749 1312 4799 τοῦ
1348 4748 1540 4819 μηνὸς,
1601 4747 1730 4801 ἐτῶν
1765 4751 1895 4824 ρκγ’·
1928 4749 2032 4804 ἀπὸ

377 4829 476 4900 Ὧρ
504 4833 604 4882 τοῦ
636 4830 800 4902 ’ὀρους
843 4831 917 4892 εἰς
978 4832 1267 4906 Σελμῶνω
1329 4834 1418 4889 καὶ
1472 4837 1576 4890 ἀπὸ
1635 4836 1929 4910 Σελμῶνος
1961 4839 2035 4900 εἰς

379 4915 575 4970 Φεινώ·
606 4918 697 4971 καὶ
760 4919 864 4972 ἀπὸ
896 4921 1074 4975 Φεινὼ
1107 4922 1180 4982 εἷς
1214 4920 1423 4988 Σωὸώθ
1454 4926 1584 4998 (91)·
1644 4925 1734 4979 καὶ
1782 4928 1886 4981 ἀπὸ
1920 4935 2035 4982 Σω-

380 4999 494 5058 δὼθ
527 5004 578 5059 ἐν
614 5007 733 5078 Γαί,
767 5006 818 5062 ἐν
845 5013 925 5081 τῷ
951 5012 1115 5085 πὲραν
1145 5011 1360 5066 ἐπὶτῶν
1395 5012 1556 5088 ὁρίων
1590 5009 1768 5069 Μοάϐ·
1804 5017 1907 5071 ἀπὸ
1938 5019 2033 5072 Γαὶ

384 5091 457 5153 εἷς
516 5089 855 5171 Δαιϐωνγάδ·
917 5099 1021 5153 ἀπὸ
1079 5095 1398 5175 Δαιϐωνγὰδ
1456 5102 1530 5164 εἰς
1579 5100 2032 5177 Γελμωνδαιϐλα-

385 5179 489 5253 θᾶμ
531 5187 668 5254 (92)⁶
723 5185 812 5240 καὶ
855 5187 958 5242 ἀπὸ
1007 5185 1549 5264 Γελμωνδαιῦλαθὲμ
1579 5191 1665 5246 ἰπὶ
1722 5193 1788 5247 τὰ
1837 5194 1938 5267 ’ὸρη
1969 5196 2035 5250 τὰ

461 5378 566 5455 (a5)
593 5380 673 5448 0',
704 5381 903 5455 Αιλιμ.

596 5458 670 5520 0',
702 5451 821 5510 Σίν.

468 5524 570 5594 (87)
604 5525 682 5594 Ο’,
717 5523 936 5586 Αἰλοῦς³

470 5593 578 5673 (ἓξ.)
609 5593 689 5673 93
717 5598 977 5673 Marcia.

473 5663 574 5735 (89)
604 5667 684 5736 0',
718 5663 962 5728 Λεϐὧνά.
997 5671 1241 5740 Ibidem,
1272 5673 1314 5726 o'
1345 5673 1594 5743 Ῥεσσών,
1650 5695 1748 5747 pro
1811 5677 2026 5749 Δεσσάν,

2145 4661 2327 4716 Phino
2355 4679 2368 4727 ;
2402 4661 2474 4716 de
2507 4660 2686 4715 Phiuo
2716 4660 2776 4714 in
2809 4657 3030 4714 Soboth
3057 4674 3070 4725 ;
3104 4657 3175 4711 de
3203 4655 3420 4711 Soboth
3457 4656 3514 4709 in
3547 4655 3661 4721 Gae,
3724 4659 3788 4710 in

2145 4750 2404 4806 ulteriori
2437 4750 2585 4807 105
2622 4753 2786 4821 parte
2817 4748 2888 4802 ad
2921 4746 3206 4802 terminos
3237 4744 3442 4810 Moab;
3479 4745 3546 4798 de
3576 4744 3671 4799 Ger.
3725 4745 3787 4799 in

2144 4840 2512 4911 Daebongad;
2546 4856 2580 4896 a
2609 4837 2936 4908 Daabougad
2971 4837 3041 4890 ad
3075 4833 3650 4890 Gelmoudeblathem
3679 4846 3783 4898 :ae

2144 4927 2725 4984 Gelmondeblathem
2784 4927 2856 4981 ad
2916 4929 3144 4980 montes
3191 4922 3427 4978 Abarim
3485 4938 3514 4976 e
3553 4923 3790 4993 regione

2147 5018 2302 5073 Abau
2329 5035 2344 5083 ;
2376 5018 2448 5072 de
2478 5016 2780 5072 montibus
2809 5013 3046 5070 Abarim
3078 5013 3150 5068 ad
3182 5011 3542 5069 occidentem
3600 5012 3788 5080 Moab,

2144 5120 2325 5180 prope
2350 5105 2668 5162 Jordanem
2690 5105 2863 5176 juxta
2918 5102 3174 5169 Jericl.o,
3232 5101 3333 5158 ubi
3391 5102 3790 5157 castramelati

2143 5201 2300 5253 sunt.
2336 5195 2673 5252 Mausioues
2702 5199 2844 5251 sunt
2873 5194 3264 5268 quadraginta
3291 5199 3432 5252 tres.

2141 5411 2210 5451 ex
2238 5391 2480 5459 proclivi
2509 5392 2857 5459 mutatione,
2888 5393 2986 5445 τοῦ
3015 5403 3047 5454 '1
3078 5391 3136 5448 in
3197 5405 3252 5453 τ.

2210 5459 2323 5609 (90)
2357 5465 2436 5534 0',
2471 5463 2548 5525 εἷς
2582 5461 2842 5539 Ἐορωνά,
2875 5480 2944 5518 ex
2988 5463 3252 5537 repetito,
3284 5485 3334 5536 σ,
3369 5459 3640 5539 Σεϐρωνά.

2233 5539 2325 5605 91)
2357 5537 2438 5601 0',
2473 5533 2779 5609 ’QBubybex
2811 5537 3074 5608 repetito.
3109 5555 3140 5588 σ
3169 5538 3617 5609 praepositionis,

2233 5533 2325 5605 91)
2357 5533 2438 5601 0',
2473 5533 2779 5609 Ὠδώιξξιςχ
2811 5533 3074 5608 repetito.
3109 5555 3140 5588 σ
3169 5533 3617 5609 ρτὲεροείιὶὸηὶε,
3679 5533 3781 5602 εἰς,

2139 5601 2359 5664 factum
2391 5614 2500 5673 est,
2540 5601 2768 5662 Σωϐώθ.

2209 5681 2322 5752 (92)
2352 5680 2427 5748 Ο’,
2460 5673 2794 5750 Δεϐλαθαῒμ·

4097 1819 4099 1836 l

4097 1881 4099 1898 i

4097 1917 4099 1934 1

4097 2065 4099 2084 l

4097 2113 4099 2128 l

4097 2131 4099 2144 1

4097 2147 4099 2158 l

4097 2203 4099 2222 1

4096 2281 4099 2296 i

4097 2339 4099 2352 l

4097 2355 4099 2378 1

4097 2407 4099 2430 |

4097 2445 4099 2512 ἓ

4097 2533 4099 2556 1

4097 2637 4099 2654 l
