4372 6214
537 327 651 386 307

1744 327 1808 384 S.
1857 318 2470 384 ATHANASIUS.—-
2507 318 2766 381 DUBlA.

3840 323 3942 384 308

537 453 809 532 Ἀϐαρεὶμ
838 457 1090 510 ἀπέναντι
1123 452 1295 511 Ἀϐαὖ
1325 458 1459 529 (93)’
1485 457 1589 510 ἀπὸ
1625 457 1792 528 ὀρέων
1826 452 2088 530 Ἀϐαρεὶμ
2119 453 2195 515 εἷς
2223 451 2430 525 δυσμὰς
2465 446 2656 519 Μωάϐ,
2690 452 2834 524 παρᾶ
2861 455 2958 504 τοῦ
2999 450 3270 527 Ἰορδάνου
3294 452 3429 507 κατὰ
3458 454 3702 530 Ἰιριχὼ,
3731 455 3820 509 καὶ
3841 477 3934 511 πα-

542 544 830 624 ρενέϐαλον
865 548 1009 623 παρὰ
1035 545 1336 622 Ἰορδάνην.
1368 549 1433 605 Οἳ
1468 551 1562 619 μὲν
1597 549 1826 619 σταθμοὶ
1863 554 1964 624 μγ⁹.

613 641 718 694 Hic
749 655 883 694 vero
913 639 1149 694 tandem
1180 644 1346 695 trans
1377 640 1694 696 Jordanem
1730 641 1878 696 fusis
1931 655 1997 694 ac
2031 639 2189 693 devi-
2225 639 2273 703 Α

547 727 659 783 ctis
685 726 960 799 gentibus
991 727 1240 799 Moyses,
1264 744 1329 783 ac
1356 728 1566 783 occisis
1597 728 1790 784 Sebon
1823 743 1956 800 rege
1988 733 2194 782 Amor-

543 817 856 884 rbazorum,
889 820 943 871 et
976 815 1062 887 0g
1113 832 1247 888 rege
1306 816 1520 883 Basan,
1578 817 1676 888 qui
1737 833 1806 871 ex
1857 816 2194 889 gigantibus

544 910 690 970 erat,
719 923 816 961 eas
860 906 1126 978 regiones
1179 906 1506 976 Rubenitis,
1561 906 1787 961 Gaditis
1834 912 1892 962 et
1938 904 2195 960 dimidiae

542 995 698 1050 tribu
723 995 990 1049 Manasse
1021 994 1145 1048 dari
1187 997 1456 1066 jubetur,
1510 993 1864 1066 disponique
1889 1001 1954 1049 ut
1986 994 2195 1048 Levitis

546 1084 647 1138 ﬁlii
680 1083 855 1139 Israel
888 1085 960 1138 de
987 1083 1382 1153 'possesionis
1415 1101 1533 1139 suae
1561 1084 1820 1139 sortibus
1849 1084 2058 1138 darent
2116 1083 2194 1137 ci-

542 1173 750 1227 vitates
796 1174 866 1228 ad
923 1171 1337 1237 habitandum,
1397 1178 1455 1228 et
1510 1172 1812 1227 civitatum
1872 1172 2192 1228 suburbia:

544 1262 756 1316 deinde
787 1267 844 1315 et
872 1260 1132 1316 civitates
1165 1260 1396 1330 refugii,
1429 1267 1550 1316 tres
1577 1270 1738 1317 trans
1768 1261 2108 1324 Jordanem,
2143 1266 2198 1314 et

547 1355 665 1406 tres
726 1351 786 1404 in
845 1355 1002 1405 terra
1037 1350 1336 1417 Chanaan,
1397 1368 1522 1423 qua:
1566 1350 1638 1406 ad
1694 1349 1804 1406 hoc
1861 1351 2063 1422 posita
2113 1365 2198 1406 es-

547 1444 698 1504 sent,
734 1445 798 1492 ut
827 1439 896 1493 ad
931 1455 1028 1493 eas
1062 1440 1306 1511 fugeret,
1342 1439 1393 1494 si
1425 1439 1722 1511 quispiam
1749 1439 2044 1495 hominem
2069 1454 2200 1494 con-

545 1531 636 1581 tra
668 1527 848 1581 animi
882 1527 975 1582 sui
1000 1529 1351 1583 sententiam
1381 1528 1711 1598 occidisset,
1737 1544 1808 1583 ne
1833 1527 2198 1600 praecipitan-

547 1621 637 1670 ter
663 1616 735 1669 ab
768 1616 942 1670 occisi
974 1620 1222 1686 cognato
1284 1615 1684 1685 deprehensus
1742 1615 2198 1686 interimeretur,

549 1707 730 1760 donec
752 1704 976 1774 judicio
1007 1721 1203 1759 coram
1237 1704 1545 1777 Synagoga
1569 1705 1698 1760 sisti
1732 1710 1949 1776 posset.
2011 1705 2197 1761 Jube-

553 1800 651 1848 tur
667 1793 943 1848 boclibro
966 1794 1220 1864 p0pulus
1251 1793 1513 1848 ﬁmbrias
1565 1793 1622 1848 in
1675 1793 1868 1865 palliis
1908 1794 2113 1859 facere,
2146 1801 2202 1849 et

555 1881 805 1936 ﬁmbriis
828 1882 1133 1935 adnectere
1160 1881 1331 1936 vittas
1353 1882 1788 1954 byacintbinas,
1819 1888 1883 1937 ut
1907 1882 2022 1938 illis
2065 1899 2200 1937 con-

549 1971 766 2042 spectis
789 1971 1202 2025 mandatorum
1228 1970 1328 2026 Dei
1355 1987 1425 2025 ne
1447 1971 1949 2027 obliviscerentur.
1979 1972 2081 2026 Hic
2103 1988 2194 2026 ac-

548 2060 777 2131 cipiunt
807 2063 863 2113 et
892 2058 1024 2115 ﬁliae
1051 2057 1299 2130 Salpaad
1333 2064 1550 2115 sortem
1584 2060 1767 2131 patris
1797 2061 1909 2125 sui,
1961 2066 2017 2115 et
2063 2059 2191 2116 illa-

545 2166 678 2203 rum
707 2148 1011 2203 occasione
1033 2149 1376 2203 mandatum
1400 2149 1633 2203 Domini
1656 2149 1848 2218 datur,
1875 2157 1930 2204 et
1978 2152 2064 2204 lex
2091 2167 2190 2222 po-

544 2238 846 2308 nitur,qua
867 2254 970 2308 pro
990 2237 1270 2308 legitimis
1291 2238 1690 2293 decernuntur
1714 2254 1846 2293 cum
1889 2239 2190 2294 consobri-

541 2325 634 2381 nis
655 2325 806 2381 inita
826 2327 1118 2398 conjugis.
1145 2326 1370 2398 Moyses
1394 2343 1528 2381 vero
1544 2331 1759 2382 terram
1785 2327 2192 2399 promissionis

538 2415 684 2470 vidit
714 2416 785 2470 de
818 2421 1013 2469 monte
1044 2415 1303 2483 Abarim,
1331 2415 1441 2469 hoc
1470 2419 1559 2469 est
1590 2415 1754 2470 Abau
1783 2431 1796 2470 :
1847 2417 2191 2488 audivitque

539 2520 572 2559 a
620 2504 758 2569 Deo,
794 2504 950 2576 quod
973 2503 1536 2575 illamingressurus
1564 2520 1677 2560 non
1728 2509 1902 2567 esset,
1956 2509 2194 2578 propter

541 2593 1043 2649 exacerbationem
1080 2595 1150 2648 ad
1184 2609 1396 2664 aquam
1430 2593 1920 2648 contradictionis
1954 2596 2190 2648 factam.

542 2681 810 2738 Mortuus
837 2687 925 2737 est
954 2686 1150 2737 autem
1183 2684 1370 2736 Aaron
1403 2696 1695 2736 annorum
1727 2686 1958 2736 centum
1990 2679 2194 2753 viginti

539 2772 742 2839 trium,
779 2787 930 2826 anno
963 2775 1098 2842 post
1154 2769 1375 2825 exitum
1433 2770 1661 2842 Egypti
1721 2768 2194 2842 quadragesimo,

542 2877 745 2917 mense
776 2861 1002 2932 quinto.
1036 2859 1143 2923 Qui
1175 2863 1372 2914 autem
1401 2860 1471 2914 ad
1503 2859 1918 2930 explorandam
1976 2865 2192 2914 terram

543 2949 710 3006 missi
739 2954 900 3020 sunt,
933 2948 1185 3020 quisque
1226 2949 1297 3004 de
1329 2965 1437 3003 sua
1467 2948 1834 3019 tribu,juxta
1849 2950 2192 3005 mandatum

545 3039 782 3094 Domini
817 3038 1114 3109 desumpti
1145 3041 1326 3104 sunt;
1359 3037 1568 3093 horum
1603 3038 1843 3093 nomina
1873 3045 2013 3093 sunt
2042 3039 2191 3093 ista:

549 3129 627 3183 De
650 3127 809 3182 tribu
832 3127 1059 3192 Ruben,
1084 3125 1358 3181 Salamiel
1380 3127 1538 3182 ﬁlius
1592 3127 1887 3194 Zaccbur;
1923 3127 1994 3181 de
2041 3128 2195 3181 tribu

551 3216 814 3280 Simeon,
847 3214 1072 3286 Sapbat
1093 3215 1251 3269 ﬁlius
1280 3215 1408 3270 Suri
1438 3233 1450 3270 :
1485 3217 1557 3271 de
1586 3216 1744 3270 tribu
1776 3215 1949 3283 Juda,
1983 3215 2196 3270 Cbaleb

549 3302 710 3357 ﬁlius
737 3301 996 3373 .lephone
1025 3327 1038 3368 ;
1071 3301 1140 3356 de
1160 3303 1317 3356 tribu
1346 3303 1600 3358 Isacbar"
1624 3301 1763 3358 Ilaal
1784 3303 1940 3359 ﬁlius
1961 3302 2197 3375 Josepb;

549 3391 620 3445 de
651 3389 807 3445 tribu
840 3388 1138 3461 prraim,
1174 3389 1398 3445 Nauses
1447 3391 1606 3445 ﬁlius
1663 3391 1852 3458 Nave;
1915 3392 1986 3446 de
2041 3392 2196 3446 tribu
2231 3377 2273 3443 C

548 3477 880 3549 Benjamin,
916 3478 1142 3534 Phaltin
1177 3478 1336 3533 ﬁlius
1369 3479 1574 3550 Rapbu
1605 3496 1618 3546 ;
1649 3481 1718 3534 de
1742 3478 1897 3534 tribu
1919 3479 2198 3550 Zabulon,

552 3566 756 3624 Gudiel
793 3567 950 3622 ﬁlius
984 3568 1124 3623 Sudi
1155 3587 1168 3635 ;
1205 3569 1276 3622 de
1305 3567 1459 3622 tribu
1492 3567 1736 3639 Josepb,
1770 3567 2024 3623 ﬁliorum
2089 3569 2204 3623 Ma-

557 3673 782 3722 nasses,
817 3656 1006 3712 Gaddi
1037 3656 1195 3712 ﬁlius
1228 3657 1435 3722 Sussi;
1469 3659 1537 3711 de
1595 3658 1752 3712 tribu
1805 3657 1950 3723 Dan,
2009 3657 2204 3713 Amies

555 3746 715 3802 ﬁlius
747 3745 976 3814 Games;
1009 3747 1078 3802 de
1109 3747 1266 3802 tribu
1298 3749 1464 3813 Aser,
1497 3746 1715 3802 Sathur
1745 3746 1902 3801 ﬁlius
1923 3746 2203 3814 Michael;

556 3837 627 3891 de
657 3836 810 3890 tribu
848 3835 1244 3906 Nephthslim,
1282 3835 1425 3891 Nabi
1459 3836 1617 3890 ﬁlius
1677 3835 1858 3902 Nabi;
1919 3835 1989 3890 de
2049 3837 2204 3890 tribu

554 3924 700 3991 Gad,
735 3924 1128 3980 Gaddidudiel
1163 3925 1318 3979 ﬁlius
1352 3925 1560 3980 Macbi.
1602 3931 1782 3979 Locus
1841 3940 1994 3992 vero,
2055 3924 2208 3979 unde

555 4013 719 4067 missi
749 4017 906 4078 sunt,
931 4018 1020 4067 est
1043 4014 1265 4078 Pharao
1291 4020 1348 4069 et
1373 4015 1556 4070 Cades
1579 4015 1784 4069 Barne.
1816 4013 1981 4068 Tunc
2013 4017 2207 4068 Nause

554 4099 743 4154 ﬁlium
773 4099 927 4155 Nave
959 4101 1184 4172 Moyses
1211 4102 1409 4156 Jesum
1444 4103 1787 4158 nominavit.
1823 4103 2082 4174 Tempus
2105 4119 2208 4158 au-

555 4193 698 4255 tem,
731 4204 848 4260 quo
880 4189 1043 4243 missi
1077 4194 1235 4259 sunt,
1269 4193 1394 4245 erat
1423 4192 1571 4246 veris
1633 4193 1918 4258 medium,
1977 4192 2036 4246 in
2093 4208 2208 4262 quo

549 4278 677 4348 jam
709 4277 1045 4348 praematuri
1080 4277 1228 4331 botri
1261 4294 1466 4346 erant;
1502 4285 1559 4334 et
1617 4281 1762 4346 dies,
1825 4279 2043 4352 quibus
2098 4285 2210 4336 ter-

558 4383 685 4421 ram
718 4365 1118 4437 explorarunt,
1151 4366 1387 4422 fuerunt
1417 4369 1826 4440 quadraginta.

2375 631 2502 688 Ὦδε
2533 630 2591 688 δὲ
2620 632 2905 708 τροπώσας
2937 632 3025 687 καὶ
3056 635 3327 708 κρατήσας
3363 633 3551 702 ἐθνῶν,
3611 636 3666 691 ἦν
3726 643 3807 708 τῷ
3861 639 3938 693 πέ.

2306 741 2398 796 ραν
2479 726 2576 776 τοῦ
2633 719 2912 795 Ἰορδάνου
2969 729 3226 792 Μωυσῆς,
3284 723 3373 776 καὶ
3434 725 3806 799 ἀναιρεθέντος
3858 733 3938 781 τοῦ

2307 813 2468 881 Σηὼν
2505 810 2773 884 βασιλέως
2804 815 2910 864 τῶν
2945 810 3317 885 ’Δμορραίων,
3366 812 3455 866 καὶ
3486 818 3582 867 τοῦ
3642 816 3747 889 Ὠγ
3807 816 3939 889 βασιο

2306 897 2447 962 λέως
2502 905 2603 968 τῆς
2663 899 2860 968 Βασὰ-ι,
2909 899 2966 960 ὃς
3014 900 3080 968 ἦν
3113 898 3170 953 ἐκ
3194 905 3300 954 τῶν
3331 901 3620 976 γιγάντων,
3681 903 3942 958 κελεύεται

2307 985 2585 1042 διαδοῦναι
2641 988 2736 1049 τὰς
2786 989 2973 1062 χώρας
3021 993 3101 1060 τῷ
3155 985 3512 1061 Ῥουϐὶμ,καῖ
3568 996 3651 1063 τῷ
3715 990 3944 1058 Γὰδ,καὶ

2306 1083 2384 1148 τῷ
2417 1076 2603 1150 ἡμίσει
2659 1075 2838 1155 φυλῆς
2899 1081 3175 1149 Μανασσῆ,
3226 1078 3315 1132 καὶ
3368 1080 3611 1149 συντάξαι
3671 1088 3791 1143 τοῖς
3822 1083 3942 1142 υἱοῖς

2308 1164 2527 1237 Ἰσραήλ
2590 1163 2776 1220 δοῦναι
2817 1172 2935 1226 τοῖς
2981 1168 3228 1228 Αευῒταις
3284 1168 3389 1221 ἀπὸ
3434 1174 3540 1222 τῶν
3574 1168 3808 1245 κλήρων
3861 1174 3941 1238 τῆς

2307 1255 2685 1329 κατασχέσεως
2761 1255 2934 1308 αὐτῶν
2997 1254 3186 1311 πόλεις
3246 1261 3516 1310 κατοικεῖν
3567 1259 3657 1312 καὶ
3721 1261 3786 1314 τὰ
3833 1281 3944 1333 προ-

2309 1343 2490 1397 άστεια
2517 1349 2624 1397 τῶν
2658 1341 2894 1397 πόλεων·
2928 1343 3016 1397 καὶ
3044 1343 3206 1399 πάλιν
3241 1341 3422 1398 δοῦναι
3466 1343 3656 1407 πόδεις
3694 1346 3945 1422 φυγαδευ-

2306 1431 2536 1506 τηρίων,
2573 1436 2720 1507 τρεῖς
2770 1432 2863 1503 μὶν
2925 1432 3086 1506 πέραν
3135 1437 3233 1486 τοῦ
3293 1431 3584 1508 Ἰορδάνου,
3620 1443 3771 1507 τρεῖς
3802 1435 3856 1491 δὲ
3898 1438 3939 1490 ἐν

2309 1525 2383 1595 γῇ
2412 1521 2642 1589 Χαναὰν,
2690 1521 2778 1575 καὶ
2831 1521 2962 1575 εἶναι
3013 1520 3209 1583 ταύτας
3248 1520 3335 1576 in?
3365 1527 3442 1594 τῷ
3469 1531 3804 1602 καταφυγεῖν
3853 1527 3947 1580 ἐκεῖ

2309 1611 2400 1664 τὸν
2476 1610 2736 1672 ἀκουσίως
2783 1610 3131 1688 φονεύσαντα,
3185 1612 3274 1666 καὶ
3335 1613 3410 1682 μή
3458 1619 3751 1687 προπετῶς
3818 1617 3945 1669 ἀναι-

2315 1701 2518 1774 ρεῖσθαι
2548 1698 2651 1754 ὑπὸ
2679 1705 2776 1754 τοὺ
2809 1705 3097 1774 συγγενοῦς
3126 1705 3224 1754 τοῦ
3268 1700 3640 1778 φονευθέντος,
3705 1701 3810 1765 ἓως

2312 1785 2484 1842 ἔναντι
2515 1796 2613 1857 τῆς
2646 1796 2964 1864 συναγωγῆς
2997 1789 3072 1850 εἷς
3126 1789 3323 1864 κρίσιν.
3377 1792 3461 1845 Ἐν
3510 1791 3698 1864 τούτῳ
3741 1797 3819 1864 τῷ
3873 1793 3941 1866 βι-

2313 1871 2456 1949 ϐλίῳ
2486 1875 2760 1932 κελεύεται
2794 1876 2821 1930 ὀ
2855 1874 2984 1938 λαὸς
3017 1885 3263 1947 ποιῆσαι,
3297 1877 3569 1954 κράσπεδα
3596 1881 3649 1934 έν
3684 1888 3803 1942 τοῖς
3831 1881 3942 1952 ἱμα-

2309 1964 2448 2025 τίοις
2505 1966 2730 2035 ὶαυτῶν,
2777 1966 2865 2019 καὶ
2917 1964 3002 2019 ἐπὶ
3049 1971 3154 2020 τῶν
3206 1965 3521 2042 κρασπέδων
3551 1967 3817 2047 ,κλῶσμα
3863 1970 3946 2024 ὑα-

2302 2053 2561 2122 κίνθινον,
2587 2053 2674 2108 ’ίνα
2709 2054 3004 2130 βλέποντες
3034 2055 3168 2110 αὐτὰ
3219 2057 3294 2128 μῆ
3345 2055 3812 2112 ἐπιλανθάνωνται
3857 2063 3944 2111 τῶν

2305 2142 2542 2198 ἑντολών
2601 2148 2698 2198 τοῦ
2744 2147 2898 2200 Θεοῦ.
2933 2141 3060 2199 Ὧδε
3093 2140 3432 2217 λαμϐάνουσι
3464 2147 3677 2223 κλῆρον
3712 2149 3766 2202 αἱ
3799 2159 3942 2221 θυγα-

2301 2233 2450 2306 τέρες
2501 2231 2782 2302 Σαλπαὰδ,
2836 2231 2928 2288 τδν
2976 2238 3074 2288 τοῦ
3104 2235 3306 2309 πατρὸς
3339 2235 3564 2290 ἑαυτῶν·
3618 2237 3715 2292 καὶ
3778 2236 3827 2291 ἐν
3855 2242 3939 2304 τῆς

2302 2321 2622 2400 προφάσεως
2669 2321 2845 2376 αὐτῶν
2895 2321 3098 2397 γίνεται
3148 2321 3470 2399 πρόσταγμα
3521 2325 3726 2400 Κυρίου
3757 2322 3940 2380 καὶνό-

2305 2430 2430 2482 μος,
2487 2410 2726 2482 νόμιμον
2786 2411 2914 2465 εἶναι
2971 2411 3143 2486 γάμον
3201 2414 3300 2481 τήν
3347 2413 3483 2488 πρὸς
3515 2414 3775 2487 ἀνεψιοὺς
3807 2419 3942 2482 συζυ-

2299 2498 2434 2575 γίαν.
2471 2499 2570 2555 Καὶ
2603 2506 2836 2568 Μωυσῆς
2869 2498 2975 2555 ὦδε
3007 2498 3142 2556 εἶδεν
3176 2502 3280 2556 ἀπὸ
3309 2507 3406 2556 τοῦ
3439 2502 3598 2578 ὅρους
3628 2507 3730 2558 τοῦ
3799 2498 3940 2557 ’Δϐα-

2303 2589 2448 2663 ρεὶμ,
2482 2588 2748 2643 τοντέστιν
2800 2584 2989 2658 Ἀϐαὔ,
3037 2591 3134 2659 τὴν
3183 2597 3284 2666 γῆν
3326 2598 3425 2660 τῆς
3457 2591 3807 2668 ἐπαγγελίας⁸
3863 2591 3936 2645 καὶ

2299 2675 2546 2746 ἤκουσεν
2599 2677 2670 2732 Οὐ
2868 2677 3106 2753 εἰσέλθῃς
3176 2679 3287 2734 ἐκεῖ
3342 2678 3430 2735 διὰ
3476 2682 3566 2735 τὸν
3600 2681 3936 2757 παροξυσμὸν

2299 2766 2388 2820 τὸν
2424 2765 2474 2818 ἐν
2507 2771 2586 2838 τῷ
2619 2764 2770 2822 ὕδατι
2801 2774 2901 2835 τῆς
2935 2767 3265 2843 ἀντιλογίας.
3322 2771 3585 2826 Ἀπέθανε
3637 2767 3696 2825 δὲ
3757 2769 3940 2844 Ἀαρὼν

2305 2861 2435 2919 ἑτῶν
2471 2857 2580 2932 ρκγ¹
2627 2860 2705 2928 τῷ
2753 2863 3167 2930 τεσσαρακοστῷ
3222 2855 3324 2912 ἔτει
3348 2865 3452 2927 τῆς
3484 2857 3694 2929 ἐξόδου,
3725 2864 3804 2932 τῷ
3831 2856 3942 2932 μηνὶ

2301 2952 2381 3020 τῷ
2431 2945 2686 3018 πέμπτῳ.
2739 2945 2802 3001 Οἱ
2847 2942 2903 2999 δὲ
2954 2945 3345 3009 ἀποσταλέντες
3391 2950 3824 3023 κατασκέψασθαι
3853 2949 3937 3014 τὴν

2304 3041 2434 3112 γῆν,
2487 3034 2547 3089 ἐκ
2589 3035 2682 3108 μὶν
2743 3033 3160 3110 προστάγματος
3220 3035 3420 3111 Κυρίου
3481 3038 3757 3108 ἀπεστάλη
3820 3037 3936 3110 ἀνὴρ

2301 3121 2530 3185 ἕκαστος
2586 3124 2722 3177 κατὰ
2777 3121 2996 3200 φυλήνο,
3035 3124 3102 3178 τὰ
3160 3121 3216 3178 δὶ
3285 3124 3526 3197 ὀνόματα
3604 3126 3780 3180 αὐτῶν
3846 3124 3939 3179 ἐστι

2305 3217 2491 3268 ταῦτα·
2551 3220 2651 3281 τῆς
2703 3209 2881 3290 φυλῆς
2930 3217 3027 3267 τοῦ
3080 3208 3311 3287 Ῥουϐἱμ
3359 3214 3656 3287 Σαλαμιῆλ
3704 3218 3816 3287 (94)
3847 3213 3940 3272 υἱὸς

2311 3301 2578 3376 Ζακχούρ·
2635 3308 2736 3370 τῆς
2799 3301 2976 3378 φυλῆς
3033 3302 3262 3374 Συμεὼν
3329 3304 3508 3380 Σαφὰτ
3589 3303 3705 3366 υἱὸς
3760 3301 3944 3376 Σουρεὶ·

2307 3394 2409 3471 τῆς
2459 3389 2635 3468 φυλῆς
2697 3388 2872 3444 Ἰούδα
2925 3386 3103 3446 Χαλὲϐ
3162 3392 3276 3453 υἱὸς
3336 3393 3570 3471 ’Ῑετρονῆ·
3628 3398 3729 3463 τῆς
3788 3390 3941 3468 φυλῆς

2314 3469 2532 3556 ’Ῑσαχάρ
2593 3477 2776 3534 Ἰλαὰλ
2837 3481 2951 3541 υἱὸς
2999 3481 3220 3559 Ἰωσῆιρθ
3299 3469 3429 3552 τῆς
3477 3481 3657 3560 φυλῆς
3735 3482 3945 3559 Ἐφραῒμ

2316 3575 2532 3638 Ναυσῆς
2593 3570 2702 3639 (95)
2762 3568 2876 3630 υἱὸς
2935 3570 3113 3636 Ναυῆ·
3174 3576 3272 3639 τῆς
3315 3567 3494 3647 φυλῆς
3529 3572 3782 3644 Βενιαμὶν
3814 3567 3944 3624 Φαλο

2313 3658 2421 3712 τεὶν
2457 3658 2569 3718 υἱὸς
2599 3661 2812 3734 Ῥαφοῗν
2870 3664 2970 3726 τῆς
3002 3656 3180 3736 φυλῆς
3242 3655 3533 3714 Ζαϐουλὼν
3566 3659 3804 3729 Γουδιῆλ
3851 3658 3944 3715 υἱὸς

2317 3743 2503 3801 Σουδί·
2561 3753 2661 3814 τῆς
2694 3745 2870 3823 φυλῆς
2905 3747 3131 3824 Ἰωσὴφ,
3164 3751 3272 3801 τῶν
3306 3749 3436 3802 υἱῶν
3476 3755 3757 3819 Μανασσῆ,
3808 3741 3943 3803 Γαδδὶ

2317 3835 2433 3896 υἱὸς
2467 3834 2681 3889 Σουσσί⁵
2739 3841 2840 3903 τῆς
2875 3834 3055 3912 φυλῆς
3087 3837 3185 3890 Δᾶν
3231 3834 3432 3910 Ἀμίης
3463 3839 3574 3910 (96)
3608 3839 3722 3900 υἱὸς
3776 3834 3942 3908 Γαμαί·

2315 3931 2416 3994 τῆς
2448 3923 2626 4002 φυλῆς
2680 3925 2845 4000 Ἀσὴρ
2901 3924 3112 4001 Σαθοὺρ
3163 3927 3278 3988 υἱὸς
3334 3926 3586 4002 Μιχαήλ’
3645 3936 3750 3997 τῆς
3801 3928 3950 4005 φυλῆς

2318 4012 2634 4090 Νεφθαλεῖμ
2691 4008 2828 4066 Nam
2899 4012 3014 4074 υἱὸς
3097 4009 3232 4068 Nam
3282 4017 3414 4087 (97)
3471 4024 3573 4085 τῆς
3630 4017 3807 4093 φυλῆς
3861 4006 3945 4067 Γᾶδ

2318 4099 2713 4169 Γαδδιδουδιῆλ
2746 4102 2860 4162 υἱὸς
2892 4102 3067 4178 Μαχέ.
3101 4104 3161 4159 Ὁ
3193 4101 3249 4157 δὲ
3280 4104 3468 4172 τύπος,
3504 4106 3591 4182 ἀφ’
3621 4107 3682 4159 οὗ
3735 4101 3942 4160 ἀπεστά-

2319 4190 2491 4261 λησαν
2549 4190 2658 4244 ἔστι
2719 4191 2900 4266 Φαράν
2951 4190 3039 4245 sui
3102 4190 3287 4263 Κάδης
3340 4194 3537 4268 Βάρνη.
3583 4194 3713 4250 Τότε
3767 4186 3943 4249 ἐπωνό-

2324 4300 2457 4352 μασε
2514 4285 2749 4348 Μωϋσῆς
2800 4280 2890 4333 τὸν
2944 4287 3124 4348 Ναυσῆ
3171 4281 3262 4334 τὸν
3309 4281 3424 4335 υἱὸν
3470 4289 3618 4352 Ναυῆ
3653 4285 3873 4354 Ἰησοῦν,
3902 4278 3944 4329 '0

2321 4367 2381 4424 δὲ
2413 4370 2623 4444 καιρὸς,
2657 4368 2709 4422 ἂν
2742 4369 2787 4440 ᾧ
2818 4367 3191 4446 έπεμφθησαν,
3223 4371 3286 4424 τὸ
3351 4371 3510 4444 μέσον
3562 4377 3657 4426 τοῦ
3704 4371 3852 4448 ἔαρος
3877 4369 3948 4435 ἦν,

561 4453 612 4507 ἐν
674 4453 720 4524 ᾧ
777 4450 1087 4530 πρόδρομοι
1146 4454 1424 4532 σταφυλῆς
1484 4455 1636 4510 εἰσιν⁶
1700 4457 1727 4510 ὁ
1787 4453 1843 4510 δὲ
1902 4456 2124 4532 χρόνος.
2184 4456 2242 4512 δν
2319 4457 2577 4528 ἐποίησαν
2643 4462 3133 4528 κατασκοπΟὖντες,
3195 4458 3246 4513 ἐν
3296 4461 3690 4535 τεσσαράκοντα
3743 4459 3945 4532 ἡμέραις

561 4542 800 4618 γέγονεν,

989 4637 1152 4692 Liber
1187 4641 1249 4705 ν,
1283 4637 1784 4693 Deuterouomium.

634 4724 688 4777 9.
717 4724 786 4779 Et
816 4742 974 4781 nunc
1007 4726 1225 4780 librum
1260 4726 1484 4798 Moyses
1537 4726 1909 4797 conscripsit,
1970 4732 2028 4781 et
2086 4743 2216 4797 quae

561 4811 622 4867 in
655 4812 755 4868 illo
788 4819 928 4869 sunt
958 4815 1188 4870 locutus
1215 4821 1322 4870 est.
1359 4815 1614 4871 Vocatur
1656 4822 1850 4870 autem
1884 4814 1992 4870 hoc
2029 4815 2215 4870 nomi-

562 4919 656 4970 ne,
691 4903 847 4973 qund
881 4909 1011 4974 post
1041 4909 1336 4976 acceptam
1368 4903 1425 4959 in
1460 4903 1679 4959 tabulis
1702 4904 1978 4973 scriptam
2005 4904 2213 4975 legem,

560 4992 741 5049 veluti
779 4993 1098 5047 secundam
1133 4993 1344 5064 legem,
1380 4993 1552 5048 hosce
1585 4993 1711 5047 libri
1748 4992 2050 5064 praesentis
2096 5009 2214 5047 ser-

561 5097 788 5146 mones,
821 5097 889 5135 ex
920 5087 1206 5151 pragcepto
1238 5081 1466 5137 Domini
1505 5082 1734 5154 Moyses
1795 5081 1991 5136 lsraeli
2051 5079 2214 5136 locu-

560 5177 656 5226 tus
691 5173 786 5225 sit.
819 5171 962 5225 Nam
998 5176 1379 5240 posteaquam
1441 5171 1668 5243 Moyses
1724 5187 1850 5241 qua:
1909 5171 2015 5225 hoc
2064 5170 2214 5226 libro

562 5261 936 5315 continentur
977 5258 1210 5312 locutus
1255 5264 1430 5321 esset,
1465 5262 1531 5313 ad
1561 5259 1716 5314 hunc
1740 5259 1980 5313 modum
2009 5259 2068 5312 in
2102 5259 2215 5314 isto

566 5347 1010 5404 Deuterouomio
1029 5362 1095 5400 ea
1112 5347 1442 5417 conscripta
1462 5353 1601 5402 sunt
1631 5363 1644 5401 :
1681 5371 1706 5396 ‹‹
1738 5348 1868 5402 Haec
1884 5351 2024 5402 sunt
2039 5348 2216 5402 verba

637 5508 751 5578 (93)
782 5507 860 5571 0',
893 5499 1096 5559 Νάϐαύ.

642 5575 758 5649 (94)
785 5578 864 5642 0⁷,
899 5575 1187 5649 Σαμουῆλ.

641 5645 754 5723 (95)
785 5649 863 5720 0',
898 5645 1070 5715 Αὐσή.
1105 5654 1232 5703 Mox
1263 5647 1342 5712 0',
1377 5645 1572 5702 Φαλεί.

2243 4642 2290 4706 D

2751 4631 2976 4693 Βιϐλίου
3009 4637 3066 4709 ε’,
3101 4639 3547 4713 Δευτερονόμιον.

2394 4729 2448 4782 9.
2481 4725 2579 4780 Καὶ
2609 4730 2769 4780 τοῦτο
2824 4720 3040 4800 βιϐλίον
3092 4727 3332 4796 Μωυσῆς
3373 4726 3611 4798 ἐλάλησε
3635 4728 3722 4783 καὶ
3756 4725 3942 4802 ἔγραψε.

2326 4815 2578 4869 Καλεῖται
2630 4812 2688 4869 δὲ
2736 4814 2932 4884 οὕτως,
2985 4812 3169 4882 ἐπειδὴ
3227 4817 3359 4889 μετὰ
3411 4817 3477 4870 τὰ
3520 4816 3859 4892 γεγραμμένα
3907 4807 3944 4861 ἓν

2323 4909 2442 4964 ταῖς
2493 4904 2679 4976 πλαξὶ,
2751 4901 2997 4978 δεύτερον
3056 4903 3234 4980 ὥσπερ
3277 4905 3445 4977 νόμον
3498 4906 3624 4967 τοὺς
3655 4905 3846 4980 λόγους
3869 4900 3945 4952 τοὖ

2331 4987 2548 5066 βιϐλίου
2613 4993 2811 5046 τούτου
2887 4990 3125 5061 έλάλησε
3201 4999 3440 5063 Μωυσῆς
3511 4995 3590 5066 τῷ
3651 4990 3858 5070 Ἰσραήλ
3901 4984 3946 5038 ἐκ

2324 5081 2746 5155 προστάγματος
2809 5079 3029 5155 Κυρίου.
3081 5083 3226 5136 Μετά
3254 5083 3436 5158 γὰρτὸ
3470 5081 3707 5151 λαλῆσαι
3741 5080 3941 5141 Μωυσῆν

2321 5170 2388 5223 τὰ
2419 5168 2468 5222 ἐν
2539 5174 2618 5241 τῷ
2679 5165 2882 5244 βιϐλίῳ
2930 5168 3126 5242 τούτῳ,
3179 5170 3477 5246 γέγραπται
3522 5171 3695 5233 οὓτως
3725 5171 3776 5226 ἓν
3822 5164 3939 5231 αὐτῷ

2321 5257 2499 5330 τούτῳ
2547 5263 2626 5313 τῶ
2678 5259 3106 5331 Δευτερονομίῳ·
3157 5285 3181 5309 ι(
3242 5259 3400 5314 Οὗτοι
3434 5261 3485 5313 οἱ
3519 5260 3673 5335 λόγοι
3704 5267 3802 5328 τῆς
3850 5253 3940 5308 δια“

2325 5349 2520 5419 θήκης,
2570 5347 2666 5402 ὅσα
2713 5345 3015 5401 ἐνετείλατο
3068 5347 3266 5421 Κύριος
3335 5352 3539 5423 Μωυσῇ
3611 5355 3798 5419 στῆσαι
3849 5344 3941 5396 τοῖς

2405 5509 2514 5578 (96)
2547 5510 2618 5574 θ’,
2656 5507 2887 5581 Ἀμιῇλ.

2403 5575 2514 5653 (97)
2546 5581 2623 5650 0',
2661 5575 2820 5633 Σαϐίέ
2850 5585 2949 5647 τῆς
2985 5576 3163 5648 φυλῆς
3196 5576 3588 5650 ΓὰδΓονδιήλ.
