4372 6214
438 399 557 461 309

1538 396 1915 457 SYNUPSIS
1963 398 2426 459 SCRIPTUli/E
2471 403 2769 463 SAClt/E.

3734 404 3853 464 310

439 531 584 592 υἱοῖς
618 528 839 605 Ἰσραὴλ
899 528 949 583 ἐν
998 531 1072 603 γῇ
1123 524 1321 597 Μωᾶϐ,
1356 526 1502 596 πλὴν
1557 534 1657 597 τῆς
1713 526 1995 599 διαθήκης,
2026 532 2074 597 ἦ.

2208 529 2461 602 foederis,
2495 552 2621 607 qua
2679 536 2965 592 Dominus
2993 535 3172 608 Moysi
3207 534 3477 607 prmcepit
3536 552 3853 606 proponere

439 617 647 683 διέθετο
704 618 887 681 αὐτοῖς
949 616 999 672 ἐν
1057 612 1281 690 Χωρήϐ.
1318 617 1475 671 »Διὰ
1530 621 1689 671 τοῦτο
1747 619 1849 692 γὰρ
1906 618 1958 671 αἱ
1997 618 2089 689 μὲν

437 706 647 769 πλάκες
692 706 742 762 ἐν
790 701 992 779 Χωρήϐ
1024 704 1287 781 εἴρηνται,
1316 706 1403 762 καὶ
1454 704 1503 761 ἐν
1559 707 1707 778 μέσῳ
1761 714 1860 776 τῆς
1918 700 2094 760 κιϐω-

435 802 534 852 τοῦ
581 795 854 867 ἐτέθησαν·
888 794 949 850 τὸ
1000 792 1057 849 δὲ
1104 792 1317 871 βιϐλίον
1368 799 1529 850 ταῦτο
1578 792 1876 850 ἐνετείλατο
1926 801 2090 849 Μωυ-

437 894 540 956 σῆς
586 890 701 948 τοῖς
753 887 950 961 ἱερεῦσι
1000 891 1117 947 τοῖς
1170 882 1382 960 αἴρουσι
1430 885 1526 954 τὴν
1560 880 1790 939 κιϐωτὸν
1819 885 1984 938 θεῖναι
2035 880 2093 939 ἔκ

435 973 688 1050 πλαγίων
732 981 831 1044 τῆς
881 968 1119 1030 κιϐωτοῦ
1171 973 1247 1036 είς
1296 972 1611 1050 μαρτύριον·
1643 973 1775 1049 ὅπερ
1822 970 1909 1028 καί
1958 974 2090 1027 κατά

436 1064 573 1120 ἒπτὰ
603 1060 695 1135 ἔτη
730 1062 1028 1119 ἐνετείλατο
1060 1064 1513 1138 ἀναγινώσκεσθαι
1545 1061 1595 1116 ἐν
1647 1065 1715 1135 τῇ
1764 1062 1946 1137 ἡμέρᾳ
1989 1069 2089 1132 τῆς

436 1153 698 1233 ἀφέσεως,
760 1152 849 1209 ὅτε
902 1153 991 1207 καὶ
1048 1155 1083 1222 ἡ
1144 1151 1481 1223 Σκηνοποιία
1535 1150 1761 1226 ἐγένετο.
1794 1150 1941 1220 Αὕτη
1993 1151 2086 1224 μὶν

433 1245 627 1319 πρώτη
678 1242 822 1298 αἰτία
865 1243 962 1311 τῆς
1011 1241 1304 1315 ὀνομασίας
1334 1246 1430 1296 τοῦ
1485 1235 1725 1316 βιϐλίου’
1771 1237 1989 1314 δευτέρα
2032 1238 2091 1295 δὲ

433 1333 598 1389 πάλιν
654 1331 828 1408 ἑτέρα,
878 1328 1064 1399 ἐπειδή
1126 1329 1178 1385 ἐν
1239 1328 1385 1403 αὐτῷ
1444 1327 1706 1397 δευτεροῖ,
1765 1328 1852 1384 καὶ
1912 1326 2088 1384 διεσά-

433 1445 573 1502 φησε
601 1422 774 1478 πάντα
819 1422 887 1478 τὰ
930 1422 1303 1499 προειρημένα
1335 1420 1386 1475 ἔν
1418 1443 1477 1476 τε
1504 1425 1573 1494 τῇ
1606 1417 1811 1493 Ἐξόδῳ
1869 1420 1957 1475 καὶ
2010 1427 2089 1494 τῷ

431 1518 723 1585 Λευῖτικῷ,
756 1512 843 1566 καὶ
876 1516 994 1574 τοῖς
1028 1512 1337 1588 Ἀριθμοῖς,
1368 1507 1581 1583 νόμιμά
1623 1531 1681 1565 τε
1722 1510 1811 1564 καὶ
1860 1507 2087 1564 δικαιώ-

434 1623 580 1676 ματα
636 1602 728 1656 καὶ
802 1599 1211 1677 προστάγματαο
1271 1598 1359 1655 καὶ
1439 1600 1846 1671 ὑπομιμνήσκει
1922 1598 2084 1653 πάλιν

427 1691 526 1746 τὸν
556 1688 709 1762 λαὸν,
733 1686 827 1744 ’ίνα
854 1688 1061 1768 φυλάξῃ
1113 1687 1265 1746 αὐτά.
1301 1688 1398 1743 Καὶ
1447 1684 1881 1761 ἐπαναλαμϐάνει
1928 1684 1985 1742 δὲ
2033 1687 2084 1742 ἐν

429 1780 579 1852 αὐτῷ
606 1782 705 1851 τήν
732 1801 792 1835 τε
823 1780 913 1834 ἀπ’
944 1777 1218 1856 Αἰγύπτου
1270 1774 1474 1847 ἔξοδον,
1508 1777 1597 1831 καὶ
1645 1776 1816 1839 πάσας
1865 1778 1958 1839 τὰς
2002 1799 2087 1852 γε·

428 1869 729 1944 γενημὲνας
784 1866 968 1930 αὐτοῖς
1024 1866 1348 1943 εὐεργεσίας,
1383 1867 1472 1921 καὶ
1519 1868 1585 1920 τὰ
1637 1871 1860 1938 σημεῖα,
1890 1864 1979 1920 καί
2021 1869 2087 1921 τὰ
2117 1903 2165 1969 Β

428 1960 647 2034 τέρατα·
694 1956 783 2013 ’ίνα
843 1958 921 2032 μή
982 1956 1341 2022 ἐπιλάθωνται
1412 1959 1510 2011 τοῦ
1566 1958 1899 2027 ποιήσαντος
1956 1955 2089 2010 αὐτᾶ

428 2053 585 2104 Θεοῦ.
617 2045 817 2122 Ὁρίζει
876 2044 934 2102 δὲ
992 2046 1044 2101 ἐν
1096 2045 1242 2118 αὐτῷ
1299 2046 1422 2122 περί
1452 2067 1510 2101 τε
1533 2049 1631 2115 τῆς
1668 2042 1916 2121 εὐλογίας
1971 2050 2085 2108 τυῖς

427 2135 761 2215 φυλάσσουσι
820 2136 914 2192 τὸν
954 2135 1148 2209 νόμον,
1190 2135 1278 2190 καὶ
1326 2142 1425 2205 τῆς
1466 2136 1699 2211 κατάρας
1742 2140 1857 2196 τοῖς
1915 2155 2085 2210 παρα-

426 2220 724 2281 ϐαίνουσινο
754 2223 845 2280 ’ίνα
868 2228 902 2295 ἡ
940 2226 1034 2298 μὲν
1069 2222 1295 2299 εὐλογία
1333 2221 1561 2298 λέγηται
1596 2223 1647 2278 ἐν
1706 2227 1785 2296 τῷ
1841 2217 1955 2299 ὄρει
2008 2228 2087 2295 τῷ

426 2314 671 2387 Γαριζεὶν
726 2311 815 2368 διὰ
860 2313 1090 2369 τούτων·
1127 2309 1215 2367 διά
1246 2311 1497 2385 Συμεὼν,
1536 2311 1684 2381 Aeni,
1717 2309 1917 2381 Ἰούδα,
1949 2313 2085 2369 Ἰσα-

425 2402 557 2479 χᾶρ,
593 2402 818 2478 Ἰωσὴφ,
849 2401 939 2456 καὶ
1000 2400 1267 2473 Βενιαμίν·
1302 2403 1337 2470 ἡ
1393 2396 1451 2455 δὲ
1497 2399 1703 2473 κατάρα
1751 2399 1801 2455 ἐν
1850 2405 1929 2473 τῷ
1968 2397 2083 2475 ὄρει

427 2484 634 2546 Γαιϐάλ
694 2490 801 2545 ἀπὸ
853 2484 1104 2562 Ῥουϐὶμ,
1156 2486 1284 2561 Γὰδ,
1333 2491 1523 2564 Ἀσὴρ,
1579 2486 1896 2558 Ζαϐουλὼν,
1957 2490 2081 2562 Δάν,

425 2581 515 2636 καὶ
549 2577 884 2658 Νεφθαλείμ.
910 2580 1053 2653 Πρὸς
1086 2577 1387 2652 ὑπόμνησιν
1423 2576 1480 2633 δὲ
1528 2578 1619 2633 καὶ
1668 2579 1766 2647 τήν
1814 2576 1903 2633 διά
1948 2600 2082 2634 παν·-

420 2670 517 2732 τὸς
562 2667 819 2742 μελέτην,
850 2664 1077 2745 ἔγραψεν
1139 2668 1197 2723 ὲκ
1256 2667 1671 2743 προστάγματος
1726 2666 1925 2742 Κυρίου
1982 2670 2081 2738 τήν

425 2758 675 2833 μεγάλην
731 2757 909 2830 Ὠδήν·
956 2757 1067 2830 ἵνα,
1116 2756 1316 2827 ταύτην
1378 2756 1700 2831 ἐκμαθόντες
1754 2758 1834 2812 ἀεί
1882 2779 1939 2813 τε
1991 2781 2080 2831 με·

422 2844 686 2909 λετῶντες
718 2847 909 2918 αὐτὴν,
942 2848 1020 2919 μὴ
1062 2845 1424 2901 ἐπιλάθωνται
1482 2851 1577 2901 τοῦ
1637 2852 1791 2902 Θεοῦ.
1824 2847 2074 2923 Εὐλογη-

420 2958 516 2999 σας
583 2958 643 2991 τε
703 2936 929 3007 ἑκάστην
989 2934 1165 3014 φυλήν
1196 2936 1309 2990 εκαὶ
1368 2935 1579 3012 γράψας
1637 2937 1735 3005 την
1798 2935 2072 3013 εὐλογίαν,

419 3026 508 3080 καὶ
568 3025 771 3090 ἐπιθεὶς
829 3026 923 3088 τὰς
981 3031 1169 3102 χεῖρας
1225 3025 1389 3080 αὐτοῦ
1434 3025 1521 3080 ἐπὶ
1569 3026 1660 3080 τὸν
1710 3027 1919 3096 Ἰησοῦν
1977 3032 2073 3082 τοῦ

418 3121 597 3185 Ναυῆ,
630 3114 707 3177 εἷς
762 3116 825 3169 τὸ
885 3109 1129 3185 δέξασθαι
1188 3113 1346 3168 αὐτὸν
1402 3115 1537 3168 κατά
1567 3114 1886 3191 πρόσταγμα
1916 3120 2070 3188 Θεοῦ,

422 3198 587 3274 άνὲϐη
650 3203 841 3259 λοιπὸν
904 3203 979 3265 εἷς
1036 3204 1097 3258 τὸ
1156 3198 1281 3278 ὅρος
1337 3204 1397 3258 τὸ
1457 3198 1743 3279 Ἀϐαρεῖμ,
1800 3204 2072 3260 τουτέστιν

2203 619 2342 677 ﬁliis
2378 624 2554 680 Israel
2600 626 2656 679 in
2690 631 2846 681 terra
2876 625 3067 695 Moab,
3101 630 3306 696 praeter
3338 624 3525 678 fcedus
3555 624 3707 694 quod
3758 640 3851 695 pe-

2202 709 2349 783 pigit
2371 729 2502 768 cum
2523 714 2606 769 eis
2638 714 2694 769 in
2727 715 2933 770 Horeb.
2961 737 2989 763 ››
3014 716 3377 786 Quapropter
3400 718 3454 767 et
3485 712 3695 767 tabulae
3719 712 3850 781 qui-

2201 798 2334 854 dem
2368 799 2425 855 in
2457 800 2644 858 Horeb
2677 804 2948 869 recitatae,
2984 809 3040 859 et
3068 804 3126 859 in
3160 803 3351 858 medio
3383 818 3527 857 areae
3560 801 3848 857 collocatae

2202 894 2377 946 sunt:
2406 889 2563 947 hunc
2592 909 2725 947 vero
2773 892 2990 948 librum
3038 893 3442 949 sacerdotibus
3475 891 3721 963 Moyses,
3755 907 3848 945 ar-

2201 994 2330 1033 cam
2370 982 2760 1053 portantibus,
2794 984 2863 1037 ad
2919 982 3103 1037 latera
3133 999 3278 1037 arcae
3326 982 3385 1036 in
3442 980 3847 1036 testimonium

2200 1070 2629 1140 ponerejussit,
2654 1077 2708 1125 et
2739 1072 2986 1143 septimo
3008 1088 3237 1143 quoque
3259 1088 3411 1128 anno
3432 1070 3491 1125 in
3523 1070 3617 1126 die
3639 1069 3848 1125 remis-

2200 1155 2401 1223 sionis,
2424 1160 2655 1228 quando
2686 1164 2745 1215 et
2767 1160 2983 1216 festum
3017 1160 3558 1217 Tabernaculorum
3590 1158 3848 1216 celebra-

2198 1246 2393 1317 batur,
2425 1246 2535 1319 legi
2571 1250 2862 1321 przecepit.
2896 1250 3024 1305 Haec
3058 1250 3246 1321 prima
3276 1250 3513 1321 quidem
3545 1254 3634 1304 est
3672 1248 3841 1317 ratio,

2199 1335 2272 1390 ob
2303 1353 2477 1407 quam
2521 1337 2614 1391 hic
2665 1337 2814 1394 liber
2867 1339 3387 1394 Deuteronomium
3448 1341 3682 1393 vocatus
3737 1343 3847 1393 est.

2198 1422 2393 1479 Altera
2420 1441 2554 1481 vero
2586 1428 2854 1499 est,quod
2874 1428 2933 1482 in
2956 1426 3399 1500 ipso,quidquid
3426 1432 3560 1482 ante
3580 1427 3733 1481 ιθθ
3760 1425 3846 1481 di-

2198 1518 2359 1568 ctum
2392 1515 2579 1571 fuerat
2607 1516 2725 1573 sive
2755 1517 2814 1572 in
2880 1518 3091 1585 Exodo,
3125 1519 3246 1572 sive
3301 1518 3359 1571 in
3422 1516 3690 1583 Levitico,
3725 1517 3846 1573 sive

2198 1604 2258 1659 in
2290 1603 2563 1660 Numeris
2588 1625 2600 1672 ;
2626 1607 2824 1661 omnia
2854 1606 3134 1679 legitima,
3153 1606 3601 1677 justiﬁcationes
3623 1610 3679 1660 et
3700 1623 3842 1677 pra:-

2198 1700 2385 1763 cepta,
2416 1696 2623 1765 repetit
2653 1699 2709 1750 et
2756 1695 3037 1762 declarat,
3069 1702 3125 1750 et
3156 1694 3437 1767 populum
3470 1694 3680 1749 iterum
3740 1696 3844 1749 ad-

2197 1787 2397 1838 monet
2426 1788 2490 1838 ut
2539 1801 2607 1839 ea
2639 1785 2947 1841 custodiat.
2990 1785 3257 1839 Resumit
3285 1785 3457 1839 etiam
3492 1783 3667 1838 isthic
3725 1784 3841 1838 exi-

2196 1875 2321 1927 tum
2355 1873 2557 1945 populi
2587 1891 2655 1929 ex
2684 1875 2950 1947 ngypto,
2983 1879 3041 1929 et
3070 1880 3277 1928 cuncta
3306 1873 3422 1928 illis
3454 1872 3714 1944 praestita
3744 1874 3841 1928 be-

2197 1962 2423 2029 neﬁcia,
2458 1963 2626 2035 signa
2654 1980 2885 2035 quoque
2919 1968 2975 2018 et
3019 1967 3308 2034 portenta,
3340 1979 3409 2017 ne
3439 1962 3561 2029 Dei,
3596 1962 3692 2033 qui
3744 1961 3845 2017 illa

2194 2054 2539 2119 patraverat,
2572 2051 3073 2107 obliviscerentur.
3108 2051 3375 2107 Decernit
3396 2050 3571 2106 etiam
3605 2050 3842 2106 benedi-

2193 2138 2445 2195 ctionem
2479 2140 2573 2207 iis,
2608 2140 2706 2211 qui
2750 2139 2934 2213 legem
2986 2140 3339 2206 custodiunt,
3376 2139 3842 2195 maledictionem

2193 2244 2325 2283 vero
2354 2228 2450 2293 iis,
2483 2229 2578 2300 qui
2610 2228 2772 2285 illam
2806 2229 3343 2301 transgrediuntur,
3376 2233 3432 2283 et
3482 2228 3842 2283 benedictio-

2194 2332 2329 2371 nem
2359 2316 2415 2371 in
2449 2323 2645 2373 monte
2676 2317 2903 2373 Garizin
2937 2317 3295 2389 promulgari
3330 2318 3571 2372 mandat
3603 2334 3704 2387 per
3751 2317 3841 2373 Si-

2192 2422 2386 2475 meon,
2422 2407 2575 2473 Levi,
2607 2406 2781 2477 Juda,
2826 2407 3081 2474 Isachar,
3114 2406 3331 2478 Joseph
3378 2411 3430 2461 et
3486 2406 3787 2476 Benjamin
3824 2424 3837 2461 :

2192 2495 2659 2551 maledictionem
2692 2512 2822 2551 vero
2853 2496 2910 2553 in
2974 2501 3168 2551 monte
3213 2495 3427 2561 Gmbal,
3462 2512 3564 2566 per
3609 2495 3838 2561 Ruben,

2189 2584 2332 2652 Gad,
2384 2591 2545 2651 Azer,
2594 2584 2875 2651 Zabulon,
2912 2589 3031 2639 Dan
3081 2590 3138 2639 et
3182 2582 3577 2656 Nephthalim.
3619 2584 3703 2639 Ad
3755 2602 3839 2639 re—

2186 2674 2581 2730 cordationem
2606 2691 2736 2730 vero
2758 2676 3030 2746 etjugem
3055 2673 3516 2741 meditationem,
3544 2673 3835 2744 prolixam

2185 2763 2369 2819 Odam
2414 2755 2483 2819 ex
2522 2765 2696 2835 jussu
2748 2762 2978 2819 Domini
3013 2762 3376 2833 conscripsit,
3409 2768 3474 2816 ut
3513 2761 3674 2817 illam
3707 2778 3836 2833 per-

2185 2853 2478 2908 discentes
2505 2868 2570 2908 ac
2602 2868 2834 2923 semper
2866 2852 3239 2918 meditantes,
3272 2868 3344 2905 ne
3384 2850 3485 2905 Dei
3534 2848 3835 2906 oblivisce-

2185 2946 2407 2998 rentur.
2441 2927 2757 3012 Postquam
2784 2957 2917 2996 vero
2939 2939 3192 3013 singulis
3214 2939 3489 2995 tribubus
3519 2937 3835 3006 benedixit,

2182 3030 2762 3101 benedictionemque
2784 3028 3014 3085 illarum
3038 3027 3248 3084 litteris
3280 3026 3600 3093 mandavit,
3625 3042 3689 3081 ac
3712 3043 3836 3081 ma-

2183 3137 2295 3175 nus
2338 3137 2475 3175 suas
2528 3136 2705 3190 super
2760 3119 2957 3175 Jesum
3016 3117 3188 3189 Nave,
3217 3122 3281 3172 ut
3340 3117 3449 3172 sibi
3510 3116 3835 3172 secundum

2185 3210 2529 3265 mandatum
2589 3208 2689 3263 Dei
2747 3209 3105 3274 succederet,
3148 3206 3395 3279 posuit;
3455 3206 3513 3259 in
3574 3210 3834 3260 montem

416 3272 608 3361 ¹Λϐαῦ,
668 3292 757 3347 καὶ
833 3272 1197 3363 ἰτελεύτησεν
1248 3291 1358 3347 ἐκεῖ
1427 3290 1516 3347 διὰ
1573 3272 1817 3368 βήματος
1876 3296 2072 3370 Κυρίου

2184 3299 2444 3367 Abarim,
2478 3298 2577 3369 qui
2633 3300 2723 3353 est
2771 3297 2935 3351 Abau
2995 3272 3335 3351 conscendit
3366 3272 3389 3348 :7
3414 3294 3613 3367 ibique
3664 3294 3836 3364 juxta

421 3380 551 3435 ἐτῶν
613 3382 711 3456 ρκ’,
743 3381 819 3452 μή
880 3381 1307 3455 ἀμαυρωθὲντων
1362 3381 1525 3435 αὐτοῦ
1581 3386 1689 3436 τῶν
1749 3380 2072 3459 ὀφθαλμῶν,

420 3471 455 3539 ἢ
486 3473 583 3525 τοῦ
616 3470 914 3546 προσώπου
961 3470 1125 3525 αὐτοῦ
1156 3470 1463 3548 φθαρέντος·
1496 3470 1583 3524 καὶ
1642 3470 1740 3525 οὐκ
1787 3468 1927 3526 οἶδεν
1978 3472 2069 3527 οὐ-

423 3557 532 3621 δεὶς
561 3560 665 3628 τήν
691 3560 867 3636 ταφὴν
901 3557 1065 3613 αὐτοῦ
1094 3555 1197 3620 ἕως
1224 3566 1324 3629 τῆς
1354 3560 1564 3635 ημὲρας
1594 3558 1815 3630 ταύτης.

752 3767 978 3828 Βιϐλίον
1011 3774 1075 3843 ς’,
1109 3773 1318 3841 Ἰησοῦς
1351 3772 1378 3825 ὁ
1407 3777 1503 3827 τοῦ
1535 3780 1709 3842 Ναυῆ.

482 3862 568 3917 10.
602 3860 686 3917 Τὰ
744 3857 802 3914 δὶ
858 3859 1091 3915 ἐντεῦθεν
1155 3854 1344 3935 βιϐλία
1403 3860 1566 3937 μέχρι
1613 3866 1711 3917 τοῦ
1750 3860 1969 3938 Ἔσδρα,
2004 3862 2065 3917 οὐ

407 3947 579 4004 πάντα
636 3949 849 4004 ἐκείνων
910 3948 1012 4003 εἰσὶ
1061 3950 1386 4025 συγγραφαὶ,
1438 3951 1510 4004 ὧν
1560 3952 1650 4005 καὶ
1696 3952 1790 4013 τὰς
1840 3952 2063 4027 ἐπιγρα-

410 4041 509 4117 φὰς
561 4038 805 4116 φέρουσι,
832 4038 921 4093 καὶ
979 4039 1102 4113 περὶ
1154 4038 1227 4092 ὧν
1289 4034 1747 4111 διαλαμϐάνουσι.
1780 4040 1958 4115 Λόγος
2006 4038 2063 4095 δὲ

410 4128 645 4206 φέρεται,
678 4129 825 4203 παρά
860 4131 968 4182 τῶν
1000 4128 1137 4182 κατά
1162 4127 1288 4181 τοῦε
1349 4128 1603 4191 ἑκάστους
1654 4129 1876 4204 καιροὺς
1926 4150 2059 4205 προ-

410 4221 590 4293 φητῶν
652 4217 1048 4293 συγγεγράφθαι
1103 4214 1255 4270 αὐτά.
1310 4214 1439 4289 Περὶ
1496 4222 1625 4291 γοῦν
1678 4222 1783 4271 τῶν
1836 4217 2057 4292 ἐπιγρα-

410 4309 521 4379 φῶν
551 4303 724 4359 αὐτῶν
754 4305 889 4365 τὲως
920 4300 1249 4371 διαληπτέον
1310 4305 1388 4360 Τὸ
1419 4306 1587 4359 παοὸν
1615 4306 1791 4359 τοίνυν
1847 4301 2061 4381 βιϐλίον

409 4392 790 4468 ἐπιγέγραπται
857 4394 1067 4461 Ἰησοῦς
1144 4392 1172 4444 ὁ
1245 4397 1343 4446 τοῦ
1418 4399 1588 4461 Ναυῆ
1644 4391 1831 4461 ἐπειδὴ
1898 4394 2057 4456 αὐτὸς

408 4483 615 4549 Ἰησοῦς
667 4482 695 4534 ὁ
738 4484 835 4533 τοῦ
890 4481 1065 4549 Ναυῆ,
1128 4477 1504 4552 διαδεξάμενος
1565 4489 1823 4553 Μωυσῆν,
1876 4482 2057 4558 ἐστρα-

408 4572 620 4644 τήγησε
648 4572 747 4623 τοῦ
783 4566 938 4636 λαοῦ,
970 4568 1059 4621 καὶ
1089 4569 1187 4635 τὴν
1211 4570 1326 4622 κατ’
1357 4569 1514 4623 αὐτὸν
1546 4571 1781 4647 ἱστορίαν
1832 4572 1921 4626 καὶ
1960 4574 2053 4634 τὰς

2182 3387 2423 3441 verbum
2454 3382 2685 3441 Domini
2718 3390 2985 3441 mortuus
3014 3390 3127 3449 est,
3160 3400 3449 3440 annorum
3482 3387 3721 3438 centum
3747 3381 3830 3437 vi-

2179 3475 2349 3547 ginti,
2382 3492 2514 3529 cum
2568 3475 2815 3530 necdum
2868 3473 3018 3530 oculi
3078 3472 3263 3545 ipsius
3323 3472 3694 3543 caligassent,
3724 3487 3829 3526 nec

2178 3563 2356 3619 facies
2386 3564 2513 3634 ejus
2546 3564 2860 3635 quidquam
2886 3562 3042 3618 tabis
3075 3561 3363 3617 sensisset
3406 3560 3587 3615 Nemo
3628 3564 3825 3613 autem

2178 3650 2514 3723 sepulcrum
2544 3652 2706 3707 illius
2737 3650 2895 3706 novit
2922 3653 2981 3705 in
3028 3650 3373 3705 hodiernum
3411 3664 3596 3719 usque
3646 3647 3821 3702 diem.

2567 3776 2732 3830 Liber
2764 3777 2850 3841 VI,
2878 3777 3039 3831 Jesus
3067 3774 3216 3843 ﬁlius
3248 3772 3413 3826 Nave.

2247 3866 2333 3919 1ῡ.
2366 3865 2473 3928 Qui
2506 3866 2781 3935 deinceps
2806 3863 2879 3918 ad
2910 3863 3157 3918 Esdram
3189 3876 3377 3932 usque
3409 3862 3737 3930 sequuntur
3760 3858 3826 3913 li-

2173 3954 2284 4021 bri,
2317 3970 2432 4008 non
2483 3970 2723 4024 prorsus
2755 3953 2829 4007 ab
2870 3950 2988 4007 illis
3035 3954 3177 4006 sunt
3202 3947 3540 4020 conscripti,
3573 3963 3824 4017 quorum

2170 4041 2585 4114 inscriptiones
2615 4038 2947 4112 preferunt,
2980 4043 3038 4094 et
3065 4039 3137 4093 de
3166 4037 3384 4109 quibus
3411 4040 3687 4092 tractant.
3723 4038 3825 4093 Fe-

2170 4135 2384 4185 runtur
2414 4136 2606 4184 autem
2642 4146 2674 4183 a
2704 4127 3025 4200 prophetis,
3056 4125 3157 4197 qui
3178 4125 3427 4197 singulis
3456 4126 3822 4198 temporibus

2169 4220 2458 4283 vixerunt,
2490 4235 2618 4273 esse
2668 4217 2893 4288 scripti.
2931 4215 3347 4271 Disserendum
3388 4214 3586 4286 itaque
3617 4220 3706 4270 est
3751 4217 3823 4271 de

2169 4307 2405 4363 illorum
2457 4306 2962 4377 inscriptionibus.
2996 4305 3257 4359 Praesens
3289 4303 3438 4359 liber
3486 4304 3818 4375 inscriptio-

2170 4411 2302 4449 nem
2338 4393 2513 4448 habet
2540 4394 2713 4449 Jesus
2744 4392 2936 4447 Nave:
2974 4398 3273 4464 propterea
3305 4391 3461 4462 quod
3492 4391 3618 4461 ipse
3647 4391 3821 4447 Jesus

2167 4481 2320 4537 Nave
2351 4482 2564 4553 Moysis
2605 4496 2935 4547 successor,
2968 4479 3286 4552 populique
3317 4479 3435 4535 dux
3482 4479 3613 4547 fuit,
3646 4481 3818 4550 cujus

2168 4570 2276 4625 hoc
2306 4570 2453 4626 libro
2484 4570 2730 4625 historia
2750 4574 2808 4626 et
2832 4587 2924 4625 res
2945 4574 3119 4642 gestae
3151 4568 3545 4625 continentur.
3572 4570 3819 4624 Enarra-

410 4657 626 4733 πράξεις
657 4656 823 4711 αὐτοῦ
852 4656 1118 4732 περιέχει.
1152 4658 1298 4711 Ἔστι
1331 4655 1388 4712 δὲ
1419 4658 1469 4711 ἐν
1501 4660 1678 4731 τούτῳ
1711 4659 1787 4732 τῷ
1833 4655 2056 4735 βιϐλίῳ,

2182 4677 2266 4714 ιυιθ
2293 4660 2390 4715 hic
2419 4660 2711 4731 quomodo
2748 4660 2993 4715 Jordani
3042 4658 3199 4713 ﬂuvii
3248 4674 3381 4728 pars
3433 4658 3701 4731 superior
3754 4675 3822 4714 ex

411 4751 526 4808 πῶς
581 4751 680 4801 τοῦ
713 4743 982 4821 Ἰορδάνου
1038 4751 1287 4817 ποταμοῦ
1341 4748 1404 4801 τὸ
1466 4747 1559 4818 μὲν
1614 4749 1810 4803 ἄνωθεν
1862 4750 1922 4804 ἐκ
1955 4758 2053 4819 τῆς

412 4838 593 4910 πηγῆς
627 4831 752 4905 ἔστη
789 4834 980 4910 ῥεῦμα,
1010 4835 1074 4889 τὸ
1106 4832 1162 4889 δὲ
1191 4834 1390 4913 φθάσαν
1428 4835 1737 4907 ἐξεκενώθη,
1769 4839 1857 4893 καὶ
1908 4840 2054 4913 ξηρῷ

403 4930 484 4997 τῷ
514 4922 642 4980 ποδὶ
675 4918 927 4990 διέϐησαν
975 4923 1157 4979 αὐτόν·
1193 4924 1280 4979 καὶ
1330 4924 1412 4979 ὅτι
1456 4926 1506 4979 ἐν
1554 4925 1856 5001 Γαλγάλοις
1902 4949 2051 5003 περι-

409 5014 560 5087 ἑτεμε
603 5013 730 5075 τοὺς
780 5013 829 5066 ἐν
881 5017 951 5086 τῇ
1001 5012 1195 5088 ἐρήμῳ
1230 5017 1580 5088 γεννηθέντας
1613 5016 1815 5078 πάντας
1860 5017 1911 5073 ἐν
1960 5039 2052 5072 πε-

405 5103 615 5180 τρίναις
670 5100 987 5177 μαχαίραις,
1047 5103 1136 5156 καὶ
1193 5101 1415 5158 ἐκάλεσε
1461 5106 1552 5159 τὸν
1600 5105 1763 5160 τόπον
1816 5105 2050 5182 Γαλγάλ·

408 5192 494 5247 καὶ
527 5191 631 5259 ὅτι,
663 5189 997 5263 περάσαντος
1026 5194 1120 5243 τοῦ
1159 5189 1317 5260 λαοῦ,
1349 5192 1438 5246 καὶ
1486 5192 1747 5270 φαγόντος
1794 5194 1900 5249 ἀπὸ
1946 5199 2051 5249 τῶν

409 5284 626 5358 καρπῶν
686 5285 787 5348 τῆς
836 5284 965 5353 γῆς,
998 5277 1209 5348 ἐξέλιπε
1257 5277 1449 5335 λοιπὸν
1501 5282 1562 5336 τὸ
1593 5282 1778 5354 μάννα·
1813 5284 1901 5337 καὶ
1953 5291 2051 5352 τῆς

414 5373 505 5443 μὲν
547 5371 814 5444 Ἱεριγοῦς
874 5365 1153 5438 αὐτόματα
1208 5369 1275 5422 τὰ
1329 5369 1487 5444 τείχη
1547 5370 1847 5425 πὲπτωκεν’
1907 5374 1942 5441 ἡ
1999 5369 2056 5426 δὲ

405 5453 561 5514 Ῥαὰϐ
592 5460 626 5525 ἦ
674 5455 849 5531 πόρνη
910 5453 1111 5527 ἐσώθη,
1144 5455 1420 5534 φυλάξασα
1474 5458 1601 5521 τοὺς
1659 5458 2052 5523 κατασκόπους*

299 5580 307 5589 .
409 5548 492 5605 καὶ
523 5545 605 5600 ὅτι
639 5543 852 5613 ὁῆλιος
909 5543 962 5598 ἐν
1008 5548 1091 5617 τῷ
1143 5548 1585 5619 μεσουρανήματι
1634 5545 1729 5620 ὢν,
1762 5549 2055 5622 εὐξαμένου

407 5640 585 5708 Ἰησοῦ
641 5638 739 5689 τοῦ
795 5634 915 5688 υἱοῦ
969 5638 1069 5690 τοῦ
1120 5640 1291 5704 Ναυῆ,
1323 5633 1449 5706 ἔστη
1501 5638 1636 5691 κατά
1661 5633 1882 5693 Γαϐαὼν
1915 5638 2054 5711 ἡμὲ-

411 5747 499 5803 ρας
551 5722 866 5799 ὁλοκλήρου
912 5718 1206 5797 διάστημα,
1236 5720 1340 5787 ἕως
1390 5726 1737 5800 τροπώσηται
1778 5724 1908 5789 τοὺς
1956 5725 2054 5801 ἐχ-

2170 4752 2332 4820 parte
2362 4748 2539 4803 fontis
2573 4747 2835 4805 deﬂuens
2868 4748 3117 4803 immota
3146 4746 3390 4815 steterit,
3420 4746 3660 4802 inferior
3688 4763 3819 4802 vero

2166 4838 2483 4893 decurrens
2533 4842 2811 4893 evacuate
2866 4840 2966 4904 sit,
3016 4840 3074 4892 et
3129 4835 3381 4907 populus
3442 4835 3596 4891 sicco
3675 4837 3821 4915 pede

2163 4925 2504 4995 transierit;
2530 4930 2588 4981 et
2616 4926 2909 4997 quomodo
2928 4926 2987 4980 in
3018 4923 3272 4996 Galgalis
3294 4941 3500 4980 omnes
3520 4924 3579 4979 in
3612 4924 3818 4981 solitu-

2164 5017 2299 5071 dine
2332 5023 2499 5071 natos
2528 5015 2734 5070 cultris
2780 5015 2971 5071 saxeis
3017 5014 3475 5083 circumciderit,
3508 5013 3819 5084 locumque

2163 5107 2331 5162 illum
2360 5106 2562 5178 Galgal
2585 5108 2874 5162 vocaverit
2898 5126 2911 5173 ;
2936 5108 3091 5179 quod
3124 5123 3257 5162 cum
3282 5112 3537 5177 primum
3563 5106 3818 5178 populus

2160 5196 2416 5251 Jordane
2436 5197 2788 5251 transmisso
2810 5196 2881 5251 de
2904 5202 3070 5252 terra:
3094 5196 3254 5250 illius
3277 5196 3548 5267 frugibus
3578 5196 3817 5264 edisset,

2167 5301 2381 5339 manna
2412 5284 2683 5355 deinceps
2713 5284 2951 5340 desierit
2978 5302 2989 5351 ;
3025 5286 3176 5356 quod
3212 5285 3374 5340 urbis
3417 5284 3651 5340 Jericho
3682 5302 3819 5339 mua-

2167 5374 2263 5428 nia
2292 5373 2449 5427 ultro
2481 5374 2842 5441 corruerint;
2870 5375 3026 5429 Raab
3050 5374 3324 5429 meretrix
3354 5382 3587 5445 propter
3615 5373 3819 5445 hospi-

2163 5462 2243 5516 tio
2300 5467 2607 5534 susceptos
2664 5467 2722 5518 et
2766 5462 3086 5518 occultatos
3141 5461 3531 5533 exploratores
3590 5466 3818 5516 servata

2166 5550 2278 5616 sit;
2310 5549 2398 5605 sol
2430 5549 2489 5604 in
2548 5550 2741 5605 medio
2770 5550 2899 5605 σαιΙί
2949 5552 3198 5605 decursu
3228 5552 3398 5620 juxta
3453 5548 3811 5618 Gabaonem,

2164 5643 2363 5694 orante
2390 5639 2530 5694 Jesu
2588 5639 2762 5711 Nave,
2797 5639 3011 5712 integri
3062 5638 3175 5694 diei
3234 5638 3444 5710 spatio,
3477 5637 3659 5692 donec
3716 5636 3816 5691 ille

2166 5728 2364 5784 hostes
2413 5730 2739 5799 devicisset,
2774 5731 3014 5786 steterit.
3071 5730 3386 5799 Postquam
3418 5744 3552 5781 vero
3603 5728 3809 5780 Amor-

4166 5430 4167 5487 l

4166 5616 4167 5661 l

4166 5674 4167 5713 ι

4165 5736 4167 5795 l

4166 5798 4167 5879 ί
