4136 6218
281 373 399 436 317

1396 376 1771 439 SYNOPSIS
1819 374 2285 439 SGHIP’I‘URE
2329 377 2623 441 SACRE.

3584 387 3706 447 318

281 507 572 583 Ἐλεάζαρ,
605 507 723 569 υἱὸς
758 506 1179 585 Δωδεθαρχωνί*
1211 509 1300 563 καὶ
1332 508 1513 579 οὗτος,
1565 507 1802 584 μερίδος,
1858 506 1919 563 οὔ

2063 514 2322 583 secutus,
2353 512 2635 569 hordeum
2689 513 2948 570 defendit
2977 530 3043 571 ac
3081 515 3353 573 servavit.
3384 518 3527 574 Tres
3572 536 3704 577 vero

285 616 389 665 σης
436 596 665 672 κρίθῶν,
716 597 807 651 καὶ
856 597 1196 661 ἐπελθόντων
1240 602 1346 652 τῶν
1380 598 1735 677 ἀλλοφύλων,
1768 601 1865 652 τοῦ
1892 620 1950 653 τε

284 682 425 739 λαοῦ
456 685 749 762 φυγόντος,
787 686 953 758 μόνος
981 685 1287 757 ἐστηλώθη·
1318 688 1409 741 καί
1458 688 1584 749 τοὺς
1632 688 1725 760 μὲν
1776 685 1944 742 ἀλλο-

281 772 493 849 φύλους
521 772 732 844 ἐδίωξε,
786 777 888 843 τήν
937 772 995 829 δὲ
1043 777 1233 852 κριθὴν
1286 771 1477 833 ἔσῶσε.
1524 782 1677 852 Τρεῖς
1710 775 1765 831 δὲ
1795 774 1947 831 δυνα-

280 864 370 917 τοὶ
401 861 512 918 ἀπὸ
539 866 648 917 τῶν
677 862 970 939 τριάκοντα
1006 868 1139 934 ἦσαν
1177 867 1308 937 μετὰ
1335 869 1432 920 τοῦ
1466 862 1651 933 Δαϐξδ,
1696 864 1784 919 καὶ
1833 868 1941 919 τῶν

282 951 620 1029 ἀλλοφύλων
645 951 1045 1008 κυκλωσάντων
1079 956 1176 1022 τήν
1211 952 1487 1028 Βηθλεὲμ,
1522 959 1618 1010 τοῦ
1667 952 1723 1010 δὲ
1778 949 1941 1009 Δαόίδ

281 1039 726 1114 ἐπιθυμήσαντος
759 1047 902 1096 πιεῖν
931 1041 993 1097 ἐκ
1019 1048 1116 1097 τοῦ
1163 1045 1365 1098 λάκκου
1411 1048 1505 1099 τοῦ
1569 1044 1619 1099 ἐν
1664 1042 1938 1115 Βηθλεὲμ,

279 1125 542 1198 διέϐησαν
576 1131 628 1184 οἱ
669 1134 842 1206 τρεῖς,
869 1131 963 1185 καὶ
997 1129 1382 1208 διαρρήξαντες
1429 1134 1526 1201 τήν
1578 1128 1937 1208 παρεμϐολὴν

274 1221 385 1271 τῶν
436 1217 795 1295 ἀλλοφύλων,
849 1217 1172 1291 ὑδρεύσαντο
1224 1221 1282 1276 ἐκ
1323 1226 1420 1276 τοῦ
1452 1220 1677 1287 λάκκου,
1711 1221 1800 1276 καὶ
1826 1220 1940 1291 ἤνε-

274 1327 413 1381 γκαν
466 1305 613 1381 ὕδωρ
657 1312 739 1380 τῷ
792 1305 979 1365 Δαϐίδ.
1033 1312 1317 1382 Θαυμάσας
1365 1308 1421 1365 δὲ
1451 1313 1479 1366 6
1511 1306 1674 1365 Δαϐὶδ
1704 1312 1801 1379 τὴν
1849 1308 1939 1364 δύ-

276 1416 444 1467 ναμιν
485 1394 686 1465 αὐτῶν,
720 1398 784 1451 τὸ
822 1397 915 1469 μὲν
947 1394 1093 1472 ὓδωρ
1126 1396 1363 1469 ἐδέξατο,
1396 1406 1537 1454 πιεῖν
1572 1397 1629 1454 δὲ
1682 1397 1779 1453 οὐκ
1828 1399 1937 1462 ἐθέ-

280 1482 471 1555 λησεν’
507 1483 638 1541 ἀλλ’
669 1485 909 1541 ἔσπεισεν
944 1485 1074 1540 αὐτὸ
1102 1493 1180 1560 τῷ
1215 1489 1394 1564 Κυρίῳ
1424 1486 1618 1562 λέγων·
1671 1513 1697 1539 α
1748 1486 1937 1549 Ἵλεώς

282 1594 404 1645 μοι,
450 1573 638 1647 Κύριε,
680 1579 843 1629 τοῦτο
892 1575 1139 1644 ποιῆσοιι⁸
1199 1578 1246 1631 εί
1306 1578 1440 1649 αἷμα
1486 1582 1594 1632 τῶν
1638 1576 1935 1653 ἀνθρώπων

275 1666 389 1715 τῶν
437 1664 810 1739 πορευθὲντων
866 1670 984 1725 ταῖς
1034 1667 1236 1740 ψυχαῖς
1286 1666 1461 1720 αὐτῶν
1501 1667 1739 1738 πίομαι;
1775 1690 1802 1716 ››
1836 1671 1936 1719 Βα-

272 1751 424 1821 νέας,
476 1752 593 1814 υἱὸς
641 1749 851 1821 Ἰωδαὲ,
902 1752 1088 1808 πολλὰ
1141 1756 1233 1827 μὲν
1276 1753 1523 1824 ἐποίησεν
1560 1753 1685 1830 ἔργα
1718 1752 1932 1809 δυνατά·

2059 600 2237 655 fortes
2267 618 2333 657 ex
2366 600 2609 673 triginta
2638 608 2805 657 erant
2851 619 2983 659 cum
3036 605 3266 661 Davide.
3299 606 3370 661 Et
3398 623 3529 662 cum
3564 609 3705 665 Phi-

2055 687 2265 744 listhaei
2299 690 2635 745 Bethlehem
2686 693 2991 747 obsidione
3039 694 3381 757 cinxissent,
3416 702 3588 768 atque
3638 714 3704 754 ex

2055 777 2310 834 cisterna
2339 778 2676 834 Bethlehem
2732 780 2927 835 bibere
2976 789 3212 853 cuperet
3256 783 3460 853 David,
3497 786 3554 839 hi
3585 791 3704 843 tres

2053 869 2243 921 castra
2262 867 2748 923 Philisthinorum
2780 877 3190 941 perruperunt,
3215 870 3605 945 haustamque
3635 890 3705 931 ex

2051 954 2306 1011 cisterna
2336 972 2549 1027 aquam
2573 956 2774 1010 Davidi
2800 956 3141 1014 attulerunt.
3161 960 3498 1016 Admiratus
3521 963 3699 1018 David

2052 1042 2313 1116 ipsorum
2346 1045 2618 1100 virtutem
2669 1062 2881 1115 aquam
2941 1047 3176 1118 quidem
3228 1051 3469 1122 accepit,
3503 1052 3700 1110 bibere

2051 1149 2184 1187 vero
2241 1133 2453 1199 noluit,
2512 1135 2611 1189 sed
2671 1134 2869 1189 libavit
2931 1152 3057 1190 eazn
3120 1138 3383 1205 Domino,
3434 1140 3635 1197 dicens
3684 1160 3697 1197 :

2053 1242 2079 1270 α
2115 1222 2405 1293 Pr0pitius
2438 1223 2515 1277 sit
2555 1222 2699 1277 mihi
2748 1222 3053 1294 Dominus,
3087 1241 3160 1281 ne
3192 1226 3299 1282 hoc
3350 1229 3577 1283 faciam.
3610 1234 3695 1286 An

2049 1310 2398 1382 sanguinem
2428 1310 2674 1366 istorum
2709 1311 3041 1378 hominum,
3069 1314 3165 1384 qui
3196 1331 3329 1371 cum
3364 1317 3694 1373 animarum

2049 1414 2291 1453 suarum
2324 1399 2579 1471 periculo
2611 1399 2849 1470 profecti
2896 1405 3035 1478 sunt
3077 1401 3275 1457 bibam
3297 1404 3343 1438 ⁸⁸
3365 1405 3393 1459 ?
3415 1428 3438 1453 ››
3477 1406 3697 1462 Baneas

2050 1487 2209 1542 ﬁlius
2241 1486 2420 1554 Jodae,
2455 1488 2552 1559 qui
2586 1488 2772 1543 multa
2803 1488 2973 1544 fortia
3002 1490 3153 1547 facta
3182 1492 3527 1565 designavit,
3553 1500 3606 1549 et
3636 1495 3699 1549 ﬁ-

2048 1574 2157 1631 lios
2189 1575 2336 1630 Ariel
2376 1576 2543 1632 Moab
2576 1577 2886 1648 percussit,
2919 1583 2977 1633 et
3008 1596 3139 1634 cum
3191 1579 3248 1635 in
3300 1582 3393 1637 die
3442 1584 3592 1638 nivis
3624 1586 3692 1639 ad

2046 1666 2359 1721 cisternam
2410 1667 2830 1730 descendisset,
2873 1667 3099 1724 leonem
3148 1672 3453 1740 percussit.
3492 1673 3593 1727 Hic
3640 1679 3698 1728 st

2048 1754 2253 1809 fortem
2289 1755 2603 1826 quemdam
2631 1756 2819 1810 virum
2844 1756 3175 1828 .‘Egyptium
3199 1759 3459 1831 quinque
3480 1762 3698 1818 cubito-

274 1838 506 1911 ἐπάταξε
553 1838 613 1895 δὲ
653 1840 745 1896 καὶ
803 1842 931 1903 τοὺς
980 1842 1130 1903 υἱοὺς
1184 1842 1379 1918 Ἀριήλ
1450 1848 1547 1897 τοῦ
1597 1838 1788 1911 Μωάϐ,
1847 1843 1924 1897 καί

418 1924 479 1943 ρ.
578 1926 595 1943 .
694 1930 708 1943 .
780 1928 789 1943 .
1009 1930 1019 1943 .
1194 1931 1206 1943 .
1286 1930 1348 1943 ..
1561 1930 1573 1943 .
1645 1930 1654 1943 .
1735 1930 1754 1943 .
1881 1932 1892 1943 .

2048 1858 2178 1897 rum
2218 1846 2506 1898 staturam
2557 1843 2893 1911 habentem,
2927 1851 2983 1899 et
3013 1845 3241 1901 hastam
3290 1847 3479 1903 instar
3525 1851 3693 1905 scalae

274 1924 520 1989 καταϐάς
576 1926 630 1983 ἐν
683 1928 867 2002 ἡμέρᾳ
926 1930 1116 2005 χιόνος
1164 1931 1241 1993 είς
1286 1930 1509 1999 λάκκον,
1561 1930 1784 2001 ἐπάταξε
1840 1932 1930 1985 τὸν

273 2014 490 2073 λέοντα.
539 2016 707 2079 Οὗτος
759 2019 987 2089 ἐπάταξε
1042 2020 1132 2074 καὶ
1184 2017 1349 2093 ἄνδρα
1380 2017 1599 2074 δυνατὸν
1634 2020 1929 2095 Αίγύπτιον

264 2106 628 2182 πεντάπηχυν
678 2103 827 2177 ὄντα,
878 2107 968 2161 καὶ
1026 2107 1225 2184 ἔχοντα
1274 2107 1402 2183 δόρυ
1442 2109 1515 2171 ὡς
1549 2108 1707 2179 ξύλον
1742 2104 1927 2163 διαϐά-

267 2207 427 2270 θρας*
474 2195 719 2271 ἁρπάσας
764 2196 866 2273 γάρ
915 2194 1007 2249 ἀπ’
1068 2197 1233 2251 αὐτοῦ
1284 2197 1348 2251 τὸ
1402 2195 1531 2273 δόρυ
1594 2197 1706 2270 μετ’
1763 2196 1926 2251 αύτοῦ

263 2286 466 2339 τοῦτον
526 2282 850 2339 ἀπέκτεινεν.
918 2280 1109 2339 Ἀϐισᾶ
1163 2282 1610 2364 ἀδελφὸςίωάϐ,
1644 2286 1759 2345 υἱὸς
1821 2291 1923 2339 Σα-

265 2372 461 2449 ρουίας
498 2379 600 2443 τῆς
631 2370 872 2444 ἀδελφῆς
901 2369 1089 2429 Δαϐἶδ.
1122 2376 1345 2450 Ἀρχων
1385 2375 1479 2449 μὶν
1528 2378 1593 2444 ἦν
1644 2377 1732 2430 καὶ
1764 2373 1926 2436 οὗτος

261 2461 320 2517 ἒν
356 2467 475 2524 τοῖς
526 2463 950 2539 προειρημένοις
1002 2463 1190 2517 τΘισίν’
1220 2464 1378 2525 αὐτὸς
1424 2461 1481 2519 δὲ
1513 2462 1734 2534 ἐπάταξε
1761 2483 1923 2539 τραυ-

268 2550 472 2625 ματίας
527 2551 815 2625 τριάκοντα
873 2549 1061 2626 δόρατι
1091 2551 1140 2607 ἐν
1174 2557 1349 2627 καιρῷ
1376 2574 1506 2622 τινι,
1562 2553 1652 2607 καὶ
1706 2551 1925 2629 ’ἔτρεχεν

265 2640 350 2701 ὡς
406 2630 607 2711 δορκὰς
664 2639 716 2695 ὲν
765 2646 881 2701 τοῖς
926 2637 1093 2715 ὄρεσι.
1143 2641 1239 2695 Καὶ
1284 2642 1447 2697 πάλιν
1498 2640 1658 2704 αὐτὸς
1702 2640 1924 2711 ἐπάταξε

263 2731 367 2783 καὶ
427 2728 731 2792 ἐθανάτωσε
780 2731 869 2783 τὸν
923 2725 1153 2799 Ἐσϐιὲν,
1214 2730 1440 2794 θέλοντα
1499 2732 1779 2805 ἁναιρῆσαι
1830 2730 1922 2785 τὸν

268 2813 464 2875 Δαὸίδ.
519 2822 615 2874 Ἦν
667 2816 724 2872 δὲ
767 2819 795 2872 6
828 2814 1034 2875 Ἐσῧιὶν
1064 2817 1286 2894 ’ἔκγονος
1340 2825 1437 2874 τοῦ
1467 2820 1650 2898 Ῥαφᾶ·
1707 2817 1834 2895 δόρυ
1866 2816 1922 2873 δὲ

265 2908 391 2983 εἶχε
445 2910 690 2978 σταθμοῦ
750 2906 922 2978 ὁλκῆς
972 2907 1185 2984 χαλκοῦ
1232 2910 1520 2985 τριάκοντα
1551 2908 1773 2976 σίκλων,
1831 2909 1920 2963 καὶ

2045 1931 2289 1986 nauticae
2342 1937 2697 2003 gestantem,
2737 1934 3075 2004 percussit:
3109 1934 3337 1993 hastam
3396 1938 3550 1993 enim
3610 1938 3695 1995 illi

2044 2020 2283 2087 ademit,
2308 2036 2374 2076 ac
2405 2020 2505 2075 illa
2534 2036 2669 2076 sum
2703 2022 2934 2077 occidit.
2964 2023 3142 2080 Abisa
3169 2026 3350 2080 frater
3367 2025 3511 2081 Joab
3535 2027 3693 2084 illius

2042 2108 2250 2165 Servius
2280 2110 2497 2165 sororis
2528 2110 2783 2181 Davidis,
2817 2111 3089 2183 princeps
3133 2117 3257 2168 erat
3302 2118 3359 2169 et
3400 2114 3510 2169 ists
3542 2116 3694 2173 inter

2036 2202 2176 2268 tres,
2201 2198 2271 2253 de
2303 2199 2518 2270 quibus
2552 2199 2777 2254 dictum
2826 2203 2934 2254 est.
2970 2200 3264 2256 Percussit
3293 2207 3485 2258 autem
3539 2209 3692 2260 tem-

2037 2302 2175 2359 pore
2205 2289 2457 2359 quodam
2489 2287 2730 2359 triginta
2759 2287 3095 2345 vulneratos
3127 2290 3325 2346 lancea
3353 2308 3478 2360 sua,
3507 2298 3562 2349 et
3593 2309 3690 2350 ca-

2036 2391 2186 2449 preis
2238 2376 2425 2431 instar
2470 2377 2740 2431 currebat
2789 2376 2847 2431 in
2909 2376 3212 2434 montibus
3248 2398 3262 2435 :
3296 2386 3353 2435 et
3415 2388 3693 2452 praeterea

2037 2464 2325 2537 percussit
2354 2469 2411 2520 et
2437 2464 2649 2520 occidit
2696 2465 2929 2534 Esbien,
2954 2467 3052 2537 qui
3097 2468 3368 2525 Davidsm
3421 2472 3687 2529 occidere

2032 2553 2280 2611 volebat.
2310 2553 2446 2609 Erat
2488 2557 2683 2609 autem
2726 2553 2933 2609 Esbien
2988 2555 3061 2610 de
3109 2569 3320 2626 genere
3370 2557 3590 2630 Rapha,
3625 2566 3684 2616 et

2034 2642 2203 2699 hasta
2232 2643 2418 2716 ipsius
2455 2646 2745 2698 trecentos
2792 2642 2922 2697 aeris
2978 2643 3151 2698 siclos
3209 2645 3586 2717 ponderabat,
3624 2654 3685 2703 et

2033 2730 2253 2787 clavam
2284 2732 2567 2803 gestabat.
2603 2736 2805 2802 Itaque
2833 2731 2931 2786 isti
2962 2736 3127 2788 erant
3156 2732 3353 2805 magni
3382 2738 3438 2788 et
3471 2740 3686 2804 poten-

2030 2822 2138 2875 tes.
2173 2819 2527 2875 Bellatorum
2569 2824 2765 2874 autem
2795 2819 2854 2874 in
2888 2820 3224 2875 universum
3259 2820 3463 2877 habuit
3499 2825 3683 2880 David

2035 2908 2325 2981 myriades
2356 2908 2600 2980 triginta
2626 2912 2879 2980 quatuor
2907 2914 2963 2964 et
2988 2909 3291 2965 ducentos.

262 2995 711 3071 περιεζωσμένος
756 2996 824 3065 ἦν
882 2997 1136 3072 κορύνην.
1197 2995 1357 3052 Οὗτοι
1411 2999 1504 3070 μὶν
1552 2996 1643 3051 οὖν
1698 2995 1925 3073 μεγάλοι
2000 2996 2091 3050 καὶ
2158 2992 2372 3049 δυνατοὶ
2426 2997 2583 3064 ἦσαν·
2641 2994 2772 3057 τοὺς
2828 2992 2886 3049 δὲ
2928 2995 3263 3069 πολεμιστάς
3313 2998 3515 3061 πάντας
3572 2997 3688 3075 εἶχε

265 3080 443 3139 Δαῦὶδ
478 3081 745 3161 μυριάδας
774 3086 1063 3158 τριάκοντα
1090 3085 1345 3163 τὲσσαρας
1373 3086 1464 3141 καὶ
1496 3084 1823 3149 διακοσίους.

510 3167 738 3229 Βιϐλίον
774 3175 825 3238 ι’,
859 3174 1113 3231 Βασιλιῖα
1138 3175 1292 3251 τρίτη
1328 3176 1417 3230 καὶ
1447 3177 1702 3252 τετάρτη.

344 3264 434 3319 15.
473 3263 561 3318 Ἐν
624 3263 720 3334 μὶν
782 3261 871 3317 οὖν
931 3267 999 3336 τῇ
1049 3265 1203 3341 τρίτῃ
1232 3264 1395 3320 πάλιν
1428 3266 1761 3342 περιέχεται,
1821 3265 1925 3337 ὅτι,

256 3352 614 3427 γηράσαντος
670 3354 769 3405 τοῦ
827 3347 1016 3424 Δαϐἒδ,
1074 3352 1282 3428 ἐπαίρει
1334 3353 1519 3407 ἑαυτὸν
1586 3352 1849 3415 Ἀδωνίας
1899 3356 1926 3409 ὁ

256 3440 382 3499 υἱὸς
412 3439 607 3509 αὐτοῦ,
658 3441 749 3494 καὶ
800 3442 977 3515 χωρὶς
1022 3446 1121 3496 τοῖ’)
1170 3442 1377 3516 πατρὸς
1425 3442 1736 3519 ἀναγορεύει
1802 3443 1926 3497 ἑαυ-

253 3531 354 3583 τὸν
409 3528 660 3602 βασιλέα.
723 3530 817 3582 Καὶ
874 3534 1034 3584 τοῦτο
1072 3533 1257 3602 μαθὼν
1294 3533 1320 3585 ὁ
1353 3527 1541 3598 Δαϐὶδ,
1600 3530 1925 3586 ἀποστέλλει

256 3619 439 3672 Ναθάν
472 3617 565 3671 τὸν
596 3619 908 3694 προφήτην,
957 3619 1045 3673 καὶ
1107 3617 1300 3674 Σαδὼκ
1328 3620 1418 3674 τὸν
1452 3620 1618 3696 ἱερέα,
1673 3621 1761 3674 καὶ
1818 3622 1919 3675 Βά-

257 3708 379 3761 νέαν
440 3706 560 3759 υἱὸν
591 3702 793 3775 Ἰωδαὶ,
822 3707 911 3759 καὶ
960 3706 1263 3763 ἐντέλλεται
1316 3708 1518 3775 αὐτοῖς,
1567 3709 1657 3763 καὶ
1706 3708 1925 3784 χρίουσι

257 3796 353 3849 τὸν
412 3793 733 3865 Σαλομῶνα
784 3793 858 3856 είς
914 3793 1138 3869 βασιλέα
1188 3794 1265 3850 ἔτι
1316 3801 1516 3865 ζῶντος
1590 3802 1687 3852 τοῦ
1734 3792 1919 3852 Δαϐἶδ.

259 3884 319 3940 Ὀ
507 3882 602 3936 οὖν
652 3880 911 3944 Ἀδωνίας
961 3884 1115 3947 εὐθὺς
1162 3884 1502 3940 κατολύεται·
1542 3888 1570 3941 6
1628 3883 1687 3941 δὲ
1746 3885 1921 3942 Σαλο-

265 3975 408 4044 pii»,
472 3967 875 4043 διαδεξάμενος,
927 3970 1211 4044 οἰκοδομεῖ
1266 3974 1356 4027 τὸν
1407 3974 1553 4029 οἷκον
1599 3979 1695 4029 τοῦ
1720 3974 1921 4050 Κυρίου

259 4062 347 4113 καὶ
408 4083 475 4115 τι)
522 4064 711 4135 τεῖχος
775 4060 1138 4134 Ἰερουσαλὴμ
1168 4062 1220 4116 εν
1252 4062 1386 4116 ἑπτά
1441 4060 1631 4120 ἓτεσιν.
1666 4066 1829 4118 Ἦσαν
1866 4061 1922 4118 δὲ

260 4150 410 4221 αὐτῷ
452 4148 562 4203 ἀπὸ
591 4153 699 4203 τῶν
731 4148 1091 4221 προσηλύτων
1123 4149 1366 4225 αἶ’ροντες
1421 4152 1514 4223 μὶν
1566 4149 1717 4227 ἄρσιν
1764 4147 1919 4207 ἑϐδο-

263 4240 515 4309 μήκοντα
546 4235 817 4312 χιλιάδες
856 4238 1089 4310 λατόμοι
1123 4236 1180 4293 δὲ
1210 4239 1373 4294 πάλιν
1433 4239 1538 4295 ἀπὸ
1567 4245 1675 4295 τῶν
1708 4261 1921 4317 προση-

259 4326 441 4381 λύτων
479 4324 739 4399 μυριάδες
773 4327 938 4383 ὀκτώ.
974 4329 1418 4390 Ἐπιστατοῦντας
1462 4326 1519 4384 δὲ
1564 4336 1679 4392 τοῖς
1739 4328 1918 4405 ἔργοις

258 4415 373 4491 εἶχε
400 4415 754 4490 τρισχιλίους
786 4418 898 4487 (10)
934 4416 1124 4471 εἶ’κοσι.
1160 4417 1263 4473 Καὶ
1318 4417 1391 4478 εἰς
1421 4418 1516 4490 μὲν
1562 4420 1660 4486 τήν
1708 4420 1916 4497 τροφὴν

258 4504 436 4558 αὐτῶν
486 4503 579 4558 καί
635 4504 703 4559 τὰ
755 4502 945 4559 δέοντα
996 4502 1206 4560 δώδεκα
1262 4508 1393 4573 ⁵ἦσαν
1445 4508 1496 4561 oi
1546 4511 1917 4583 χορηγοῦντες
1952 4547 1998 4611 D

258 4590 281 4607 .-
404 4592 421 4597 -
604 4595 616 4609 .
772 4595 811 4611 .,
858 4595 869 4611 η
932 4595 954 4611 ν
1085 4595 1098 4611 ι
1226 4596 1271 4611 ,υ
1315 4597 1327 4611 .
1407 4594 1417 4611 ι
1594 4594 1605 4611 ι
1658 4600 1681 4610 -
1824 4601 1849 4611 η

256 4590 483 4648 Eudoxo
549 4595 712 4665 μήνα.
771 4595 872 4650 Καὶ
927 4595 987 4662 ἦν
1045 4595 1108 4648 τὸ
1155 4596 1271 4649 καθ’
1304 4594 1514 4668 ἡμέραν
1551 4594 1724 4649 αὐτῶν
1758 4601 1918 4651 τοῦτο

264 4682 309 4737 λ’
346 4683 505 4758 κόροι
564 4679 930 4753 σεμιδάλεως,
1124 4683 1277 4758 κόροι
1308 4682 1541 4757 ἀλεύρου
1592 4705 1920 4739 κεκουπανι-

264 4772 487 4841 «μένου,
552 4771 755 4846 μόσχοι
814 4771 1058 4827 ὶκλεκτοί
1113 4770 1257 4841 δέκα,
1312 4772 1432 4847 βόες
1474 4770 1531 4827 δὲ
1558 4771 1791 4847 νομάδες
1845 4771 1919 4828 εἷ’-

265 4880 407 4916 κοσι.
466 4855 716 4933 πρόϐατα
773 4864 839 4935 ρ’,
897 4862 1050 4923 ἐκτὸς
1098 4860 1311 4939 ἑλάιρων
1344 4862 1432 4915 καὶ
1466 4859 1767 4935 δορκάδων,
1830 4863 1919 4917 καὶ

268 4947 494 5021 ὀρνίθων
552 4949 822 5004 ἒχλεκτῶν
871 4956 1149 5006 σιτευτῶν.
1185 4950 1414 5026 Ἀγέλην
1449 4948 1506 5005 δὲ
1538 4952 1656 5027 εἶχε
1686 4950 1920 5021 Θηλειῶν

268 5039 365 5108 μὲν
416 5036 603 5092 ἳππων
654 5035 898 5092 τοκάδων
952 5037 1217 5114 μυριάδας
1276 5042 1561 5113 τέσσαρας,
1618 5040 1800 5095 ἳππων
1863 5038 1921 5095 δὲ

266 5126 343 5187 εἰς
378 5126 587 5197 ἅρματα
609 5124 870 5201 χιλιάδας
906 5128 995 5203 ιβ’.
1052 5127 1293 5183 Πλοῦτον
1347 5125 1404 5183 δὲ
1463 5128 1579 5204 εἶχε
1633 5126 1828 5183 πολύν·
1864 5130 1917 5184 ἒν

266 5216 370 5287 γάρ
426 5220 505 5285 τῷ
565 5216 636 5269 ivi
684 5216 912 5287 ἒνιάυτῷ
964 5221 1061 5271 τοῦ
1117 5218 1471 5289 κομισθέντος
1510 5218 1657 5289 αὐτῷ
1689 5218 1919 5292 χρυσίου

266 5304 335 5369 ἦν
371 5303 401 5355 ὀ
432 5305 689 5375 σταθμὸς,
723 5303 958 5359 τάλαντά
990 5308 1130 5380 χξς“,
1191 5305 1369 5381 χωρίς
1417 5307 1525 5361 τῶν
1581 5306 1761 5383 ιρόρων
1809 5310 1918 5361 τῶν

272 5392 735 5466 ὴοτεταγμένων.
786 5392 881 5447 Καὶ
940 5396 975 5462 ἡ
1038 5393 1325 5469 βασίλισσα
1371 5394 1429 5449 δὲ
1482 5390 1633 5449 Σαϐὰ
1689 5393 1920 5449 ἐλθοῦσα

274 5481 412 5551 πρὸς
442 5479 619 5547 αὐτόν,
670 5478 902 5536 δέδωκεν
954 5484 1103 5554 αύτῳ
1131 5484 1359 5560 χρυσίου
1386 5483 1623 5539 τάλαντα
1673 5491 1770 5560 ρκ’,
1830 5483 1918 5538 καὶ

350 5622 546 5677 “HR

623 5665 635 5677 .
668 5640 830 5694 χχιιι,
866 5624 952 5678 17.

356 5694 464 5761 110)
491 5693 550 5749 Ο⁹

632 5693 908 5754 ακοσίους,

2281 3174 2437 3231 Liber
2464 3175 2521 3238 X,
2558 3176 2862 3243 Regnorum
2892 3178 3083 3231 tertius
3111 3192 3175 3230 ac
3203 3182 3450 3248 quartus.

2113 3266 2199 3321 15.
2234 3265 2296 3321 In
2326 3265 2496 3320 tertio
2541 3264 2873 3335 Regnorum
2924 3265 3298 3320 continentur
3342 3268 3455 3322 ista
3489 3285 3501 3321 :
3537 3268 3689 3323 Ado-

2037 3354 2187 3422 nias,
2208 3353 2370 3409 senio
2393 3354 2519 3423 jam
2553 3357 2787 3425 gravato
2819 3352 3037 3408 Davide
3080 3357 3262 3424 patre,
3295 3355 3554 3425 seipsum
3591 3372 3687 3411 ex-

2036 3443 2209 3513 tollit,
2240 3447 2298 3497 et
2327 3443 2451 3498 sine
2484 3442 2664 3514 patris
2705 3441 3062 3497 conscientia
3091 3458 3284 3515 regem
3320 3460 3381 3499 se
3408 3444 3687 3499 declarat.

2036 3534 2157 3596 Quo
2205 3531 2439 3604 cognito
2489 3531 2692 3601 David,
2746 3531 2929 3585 mittit
2974 3530 3203 3586 Nathan
3260 3533 3600 3603 prophetam
3634 3540 3691 3589 et

2036 3621 2261 3677 Sadoch
2295 3621 2679 3687 sacerdotem,
2712 3636 2779 3675 ac
2809 3620 3060 3675 Baneam
3113 3621 3271 3675 illius
3301 3622 3458 3676 Jodze
3495 3639 3507 3675 :
3538 3640 3687 3692 pra:-

2034 3711 2295 3783 cipitque
2324 3711 2432 3775 eis,
2466 3714 2532 3763 ut
2559 3708 2925 3764 Salomonem
2961 3714 3189 3780 ungant
3218 3710 3274 3764 in
3310 3714 3688 3780 regem,quod

2033 3805 2091 3855 et
2140 3800 2382 3865 faciunt,
2418 3798 2609 3853 adhuc
2657 3798 2883 3853 vivente
2937 3797 3171 3852 Davide.
3207 3798 3438 3852 Adoniae
3493 3800 3693 3868 itaque

2035 3905 2126 3943 res
2172 3887 2478 3943 confestim
2533 3886 3011 3957 pessumdantur.
3041 3884 3312 3941 Salomon
3365 3902 3519 3951 vero,
3553 3904 3686 3941 cum

2032 3976 2415 4033 successisset
2439 3974 2929 4046 patri.septennio
2953 3974 3192 4027 domum
3227 3974 3471 4043 Domini,
3489 3980 3545 4029 et
3563 3992 3691 4030 mu-

2032 4083 2129 4122 ros
2158 4064 2484 4121 Jerusalem
2530 4062 2856 4117 tediiicavit.
2882 4061 3058 4116 Erant
3099 4067 3296 4117 autem
3330 4062 3413 4117 illi
3450 4070 3688 4135 septua-

2030 4155 2194 4228 ginta
2225 4152 2408 4208 millia
2439 4150 2889 4223 prosslytorum,
2923 4152 3021 4221 qui
3057 4166 3236 4206 onera
3268 4153 3599 4223 portabant,
3631 4160 3691 4210 et

2031 4242 2329 4313 octoginta
2380 4239 2563 4295 millia
2619 4238 2991 4308 latomorum,
3045 4242 3181 4294 item
3240 4241 3685 4312 proselytorum.

2031 4331 2138 4394 Qui
2178 4336 2372 4386 autem
2428 4329 2704 4400 operibus
2754 4335 3056 4399 praeerant,
3090 4346 3334 4385 numero
3387 4337 3552 4385 erant
3602 4338 3690 4388 ter

2033 4421 2192 4475 mille
2214 4420 2438 4492 viginti.
2460 4417 2807 4473 Alimoniam
2834 4434 2969 4472 vero
3000 4417 3233 4472 illorum
3253 4419 3505 4491 singulis
3530 4436 3690 4475 men-

2030 4509 2197 4565 sibus
2228 4508 2533 4564 duodecim
2567 4506 2674 4561 viri
2709 4506 3227 4561 administrabant.
3265 4509 3685 4578 Impendeban-

2032 4602 2129 4653 tur
2158 4601 2354 4653 autem
2389 4595 2641 4667 singulis
2663 4595 2873 4650 diebus
2895 4596 3009 4651 cori
3036 4595 3391 4664 similaginis
3425 4598 3686 4668 triginta,

2032 4685 2230 4741 farinae
2262 4689 2519 4740 contusas
2550 4683 2669 4739 cori
2700 4685 3027 4756 sexaginta,
3056 4683 3218 4738 vituli
3243 4684 3438 4739 selecti
3464 4687 3684 4757 decem,

2030 4774 2203 4828 boves
2249 4773 2450 4845 pascui
2484 4772 2716 4845 viginti,
2746 4789 2880 4827 oves
2924 4777 3182 4841 centum,
3217 4774 3470 4845 exceptis
3503 4778 3683 4832 cervis

2030 4868 2088 4917 et
2117 4864 2365 4933 capreis,
2398 4868 2573 4933 atque
2619 4860 2885 4916 altilibus
2915 4861 3226 4933 saginatis.
3256 4862 3499 4933 Gregem
3552 4882 3684 4921 vero

2030 4951 2239 5006 habuit
2286 4968 2594 5022 equarum.
2627 4966 2776 5020 quas
2827 4950 3026 5004 feturae
3058 4950 3244 5020 gratia
3292 4951 3506 5015 alebat,
3542 4970 3682 5023 qua-

2030 5040 2302 5111 draginta
2324 5039 2529 5101 millia,
2549 5055 2831 5108 equorum
2858 5055 2989 5093 vero
3020 5038 3343 5093 currulium
3369 5042 3681 5097 duodecim

2031 5129 2236 5184 millia.
2273 5127 2489 5182 Divitiis
2540 5126 2698 5181 illius
2753 5132 2920 5181 erant
2971 5126 3185 5181 multis.
3217 5127 3474 5197 Singulis
3526 5132 3681 5185 enim

2030 5218 2201 5273 annis
2246 5216 2640 5272 efferebantur
2671 5215 2749 5269 illi
2785 5216 2909 5270 auri
2960 5215 3177 5270 talenta
3209 5223 3481 5270 sexcenta
3515 5235 3683 5273 sexa-

2030 5306 2193 5379 ginta
2219 5323 2338 5374 sex,
2363 5306 2583 5374 absque
2609 5302 2865 5373 tributis,
2894 5320 3019 5375 quae
3053 5304 3457 5374 pendebantur
3487 5324 3517 5358 a
3550 5307 3681 5360 sub-

2030 5396 2187 5449 ditis.
2212 5396 2319 5450 Sed
2353 5401 2409 5449 et
2441 5395 2642 5465 regina
2687 5394 2857 5454 Saba,
2883 5409 3015 5447 cum
3049 5394 3116 5447 ad
3156 5393 3347 5463 ipsum
3404 5396 3677 5461 venisset,

2029 5484 2191 5540 dedit
2220 5484 2271 5538 ei
2304 5483 2430 5538 auri
2483 5481 2701 5537 talenta
2732 5486 2960 5537 centum
3012 5480 3241 5553 viginti,
3274 5480 3493 5553 lapides
3548 5498 3679 5551 pre-
