4136 6218
18 449 90 560 3"

69 495 84 510 ο
153 519 164 526 .-

73 523 180 580 iter"
213 573 224 582 .

45 595 110 628 θ’..
131 613 138 622 ³
159 621 166 628 ι
235 599 238 606 Ι

55 645 88 678 '.'..'
201 671 206 682 .

67 723 156 788 νέξ-,³
229 787 236 796 .

77 813 172 874 ξιτ]
323 843 330 848 -

77 875 188 922 ἐἶτ-

63 921 134 954 TI
171 925 178 938 ,
399 923 414 960 Ι.

61 977 114 1012 ν--Γι
145 963 206 1010 ,³-ε

53 1031 56 1034 -
83 1009 122 1062 il“.
205 1015 224 1028 “

51 1155 106 1208 ἐξ
151 1197 162 1208 ι

77 1229 124 1274 ἰσι-
193 1269 200 1274 ,

73 1273 100 1292 .,
137 1277 146 1284 ,

73 1311 100 1326 οι
139 1309 154 1338 Ἰ
207 1309 210 1312 ’

33 1367 46 1390 δ
77 1343 150 1412 ’.μ-υ

37 1433 40 1438 .
77 1415 88 1430 δ’
219 1423 238 1436 ο
425 1413 428 1416 ’

53 1445 62 1460 1

35 1465 98 1526 ζῇς·-
139 1469 142 1476 ι
207 1473 228 1484 .,
339 1475 346 1480 .

33 1663 64 1686 ,β

31 1693 64 1716 ³.
107 1695 116 1698 -
165 1699 206 1716 ,ι

35 1719 108 1774 ἐν
157 1751 166 1760 .

47 1775 60 1782 ”
85 1777 118 1812 ’ἰ
149 1807 154 1812 .

131 1889 178 1920 θ’
317 1893 322 1896 “
383 1907 388 1914 ,

95 1927 120 1948 ρ
167 1935 170 1942 .
387 1939 392 1944 .

53 2069 96 2126 εξ

37 2131 104 2198 δεῖ·
137 2167 140 2170 .

59 2227 110 2268 ε-

103 2317 130 2348 ..I

149 2389 156 2400 .
193 2387 202 2396 .,

53 2513 84 2616 ι

37 2713 74 2736 ,τ

51 2989 72 3026 'I
91 2999 110 3036 ἰ
227 3025 236 3032 _

37 3037 64 3062 ‘
123 3063 146 3080 ’δ

37 3091 128 3158 fr;
149 3107 180 3140 .“

55 3165 120 3200 δ’..

55 3211 98 3234 ιδ,-
145 3235 152 3238 _

35 3521 76 3564 ⁵..

37 3619 64 3634 ν
125 3603 130 3608 .

35 3691 44 3702 .
77 3705 96 3744 ll
119 3731 128 3742 ι

41 3761 72 3792 ⁵
127 3783 130 3788 ’
197 3801 204 3806 .

43 3895 64 3914 ν

20 3927 130 3978 ,ἶι.’.’
169 3957 176 3964 ·

20 3975 88 4040 ιζ’·

20 4025 54 4056 με

20 4057 60 4112 Β·
103 4073 114 4114 “.

20 4117 62 4176 [9'

37 4157 68 4186 τ

39 4189 86 4214 .r.

20 4417 108 4478 βυ».-

22 4479 66 4514 F.’

22 5055 74 5898 ξ

28 84 92 140 ’ί
111 83 236 150 ἶῗ·η.’⁶ξ
252 104 265 123 “
289 75 384 136 πί
401 113 412 124 ⁸
447 85 766 142 ·’¹δί·--’⁴ῗ“τ·ί-ί¹3““-

227 137 294 180 ,ιν
329 133 400 168 ε-ι.
435 133 466 160 .--
513 159 518 166 .

28 218 43 239 ε
77 195 114 222 α’
139 213 152 228 ο
247 187 280 224 ’.Ι
433 193 442 198 “
471 203 476 206 “
505 225 512 230 _
539 201 546 204 ’
621 183 652 226 ο.
683 193 694 200 ”
731 229 736 234 _

57 243 64 248 .
93 281 96 284 Ι
129 263 138 274 .
191 233 198 240 '
411 257 434 266 Ἰ
551 237 568 254 ,·
669 257 674 260 _

18 299 20 306 :
615 317 630 326 '-

20 338 25 361 ξ
73 339 98 366 ι,
773 355 788 366 .

30 364 37 371 ’
83 379 94 390 ·
451 361 580 422 319

34 408 49 419 .
77 413 102 440 ι,
243 423 248 430 ,
775 443 778 446 Ι

1659 365 1725 424 S.
1768 359 2282 424 ATHANASIUS.
2321 391 2396 404 -—
2433 360 2694 422 DUBIA.

3760 363 3888 423 320

463 489 670 562 tiosos,
692 494 748 548 et
777 495 1042 548 aromata
1070 492 1319 551 infinita.
1347 494 1484 550 Post
1514 499 1762 550 mortem
1787 492 2115 548 Salomonis

2233 487 2382 552 λίθον
2411 489 2621 562 τίμιον,
2652 491 2739 545 καὶ
2762 487 3048 564 ἡδύσματα
3091 491 3360 564 ἀμύθητα.
3412 492 3559 546 Μετᾶ
3616 489 3674 546 δὲ
3712 494 3878 548 θάναν

467 577 532 652 in
561 595 810 652 regnum
841 582 1102 637 succedit
1139 585 1394 638 Roboam
1447 583 1604 639 ﬁlius
1655 583 1784 652 ejus
1813 599 1826 636 :
1861 583 1970 637 sub
2002 598 2116 652 quo

467 667 722 724 scissum
778 674 866 725 est
915 672 1288 743 regnum,ita
1339 677 1403 727 ut
1449 674 1647 728 decem
1681 672 1870 726 tribus
1916 681 2116 725 sama-

471 756 620 812 riam
651 757 1064 829 abscesserint,
1097 761 1224 815 duae
1262 779 1394 818 vero
1436 761 1671 833 reliquas
1703 761 1760 815 in
1789 759 2116 816 Jerusalem

469 846 826 912 manserint;
857 847 1012 902 Juda
1054 850 1322 905 videlicet
1371 856 1426 906 et
1476 848 2118 920 Bcniamin,Complec-

399 923 414 960 -’
467 933 615 988 titur
647 934 842 1005 itaque
889 938 1094 992 tertius
1144 937 1237 993 hic
1286 939 1432 995 liber
1463 956 1554 994 res
1585 944 1780 1010 gestas
1829 943 1885 993 et
1934 953 2119 992 annos

469 1037 677 1093 regum
725 1024 1022 1079 istorum:
1067 1025 1419 1092 Salomonis,
1472 1027 1571 1098 qui
1622 1027 1796 1082 simul
1852 1026 2118 1080 omnium

469 1109 732 1166 tribuum
794 1129 891 1166 rex
950 1119 1090 1168 erat.
1127 1115 1381 1186 Postque
1429 1137 1438 1166 ι
1502 1121 1694 1170 autem
1747 1116 2000 1169 divisum
2032 1119 2122 1168 est

474 1214 744 1270 regnum,
779 1206 842 1254 ut
885 1201 1165 1267 diximus,
1197 1203 1254 1258 in
1303 1205 1505 1259 .ludtea
1555 1206 1805 1259 duarum
1855 1204 2117 1258 tribuum

474 1287 872 1360 principatum
924 1298 1234 1362 gesserunt
1274 1294 1554 1356 Roboam,
1587 1294 1752 1359 Abia,
1785 1297 1898 1347 Asa
1927 1299 1983 1347 et
2023 1291 2120 1347 Jo-

425 1413 428 1416 -
475 1376 686 1448 sapbat
719 1395 731 1431 :
766 1378 964 1433 decem
998 1396 1129 1435 vero
1165 1381 1524 1452 reliquarum
1557 1383 1611 1436 in
1645 1382 1924 1448 Samaria,
1953 1381 2121 1435 Jero-

473 1462 668 1528 boatu,
732 1468 884 1521 no
951 1467 1212 1539 Nabath,
1275 1471 1474 1540 Baasa,
1537 1471 1706 1534 Elan,
1764 1471 2008 1524 Zambre
2065 1472 2124 1524 et

476 1553 733 1608 Acbaab.
767 1555 1005 1610 Tractat
1052 1565 1110 1612 et
1157 1559 1228 1614 de
1278 1560 1594 1630 prophetis,
1627 1560 1893 1614 videlicet
1941 1559 2120 1614 istis:

479 1641 550 1697 de
580 1641 832 1709 Nathan,
864 1646 982 1700 Gad
1033 1653 1088 1701 et
1131 1648 1312 1702 Acbia
1357 1649 1636 1715 Selonita,
1670 1665 1892 1703 necnon
1942 1649 2014 1702 de
2058 1663 2123 1702 eo

479 1730 580 1802 qui
621 1739 823 1788 contra
878 1734 1060 1790 altare
1115 1737 1389 1792 Samaria:
1446 1737 1745 1804 clamavit;
1795 1739 1865 1791 de
1917 1737 2042 1791 Elia
2069 1742 2126 1790 et

477 1818 689 1885 Eliseo,
714 1825 772 1875 et
799 1838 886 1892 eo,
919 1824 1018 1894 qui
1047 1825 1213 1896 (regi)
1245 1826 1479 1881 Achaab
1513 1827 1875 1898 prophetavit
1903 1828 1974 1880 de
2007 1824 2124 1879 tilio

317 1893 322 1896 ’
383 1907 392 1944 ’-
476 1907 648 1978 Ader,
676 1915 734 1964 et
765 1909 923 1964 illius
941 1893 1318 1983 percussore,
1342 1915 1440 1986 qui
1471 1893 1529 1970 et
1557 1893 1788 1970 Achaab
1821 1915 2127 1986 reprehen-

480 1995 599 2064 dit;
635 1998 788 2068 quod
835 2000 934 2052 lilii
984 2003 1398 2072 prophetarum
1445 2021 1710 2059 seorsum
1743 2003 1917 2058 vitam
1949 2004 2120 2058 duce-

479 2089 629 2139 rent.
663 2084 925 2142 Habetur
970 2089 1144 2144 etiam
1195 2090 1302 2146 hoc
1333 2091 1501 2162 libro,
1531 2094 1822 2158 quomodo
1872 2091 2121 2164 prophe-

477 2173 690 2228 taverit
737 2173 1017 2242 Elias,_et
1065 2195 1178 2232 non
1231 2179 1444 2248 pluerit
1497 2195 1598 2251 per
1655 2186 1772 2234 tres
1829 2196 2034 2243 annos,
2065 2184 2125 2235 et

477 2260 631 2316 corvi
660 2268 896 2334 propter
926 2265 1162 2320 verbum
1202 2267 1428 2321 Domini
1461 2285 1633 2323 mane
1665 2284 1862 2340 panes,
1899 2269 2122 2340 vesperi

477 2364 684 2405 carnes
734 2351 844 2422 ipsi
894 2353 1228 2410 detulerint.
1262 2356 1461 2411 Ell‘ecit
1501 2361 1678 2414 etiam
1731 2357 1789 2411 in
1839 2357 2122 2428 Serephta

475 2437 724 2495 Sidoniae
755 2457 858 2511 per
894 2443 1136 2498 verbum
1183 2444 1435 2516 Domini,
1470 2450 1534 2501 ut
1565 2446 1768 2518 hydria
1813 2446 2007 2501 farinae
2039 2446 2120 2499 vi-

474 2525 603 2582 dua
634 2545 748 2583 non
792 2530 1086 2600 defecerit,
1117 2537 1176 2587 et
1204 2532 1418 2589 oleario
1460 2534 1695 2590 vasculo
1743 2535 1887 2590 nihil
1919 2537 2120 2590 deces-

475 2615 634 2672 serit.
679 2616 957 2674 Praaterea
1009 2629 1060 2675 et
1119 2620 1304 2676 tilium
1362 2623 1490 2692 ejus
1546 2629 1842 2679 mortuum
1901 2625 2120 2680 orando

474 2704 604 2760 vitae
653 2706 928 2774 restituit,
971 2714 1028 2763 et
1078 2711 1390 2782 prOphetas
1438 2711 1574 2767 Baal
1632 2713 1816 2769 occidi
1874 2713 2120 2782 curavit,

475 2806 726 2863 quorum
769 2811 1049 2852 numerus
1093 2804 1216 2853 erat
1247 2801 1644 2873 quadringinti
1674 2801 2119 2874 quinquaginta.

473 2879 787 2936 Jordanem
823 2900 1056 2956 quoque
1085 2886 1293 2942 melote
1327 2889 1632 2960 percussit,
1661 2891 1934 2962 undaque
1969 2889 2122 2945 illius

475 2969 751 3042 utrinque
799 2973 1006 3040 divisa,
1065 2976 1241 3046 pedes
1290 2976 1530 3032 fluvium
1581 2979 1865 3034 transivit.
1896 2981 2121 3034 Termi-

474 3063 651 3113 natur
694 3065 888 3116 autem
942 3064 1150 3119 tertius
1199 3064 1292 3119 hic
1343 3065 1487 3122 liber
1537 3073 1722 3123 morte
1771 3068 2000 3124 Achaab
2035 3085 2120 3124 re-

473 3146 564 3218 gis
617 3148 809 3214 lerael,
861 3155 917 3204 et
967 3158 1150 3207 morte
1205 3154 1490 3225 Josaphat
1548 3158 1699 3228 regis
1751 3156 1924 3226 Juda,
1969 3159 2120 3212 desi-

2224 597 2316 632 τον
2371 576 2729 651 Σαλομῶνος,
2793 577 3060 650 διεδέξατο
3114 581 3140 634 ὁ
3173 581 3286 641 υἱὸς
3317 579 3480 634 αὐτοῦ
3513 575 3750 654 Ῥοϐοαμ
3775 583 3883 650 τήν

2231 663 2530 742 βασιλείαν·
2562 669 2648 722 καί
2683 667 2764 723 ἐπ’
2790 669 2956 723 αὐτοῦ
2986 668 3210 744 ἐσχίσθη
3233 673 3267 739 ἡ
3302 670 3472 745 ἀρχή·
3507 670 3595 724 καὶ
3627 667 3753 725 δέκα
3778 672 3881 744 μὲν

2228 755 2390 833 φυκαὶ
2422 755 2666 825 ἀπῆλθον
2701 757 2774 819 εἰς
2809 759 3136 832 Σαμάρειαν·
3172 755 3267 812 δύο
3298 756 3355 812 δὶ
3402 755 3614 831 ἔμειναν
3667 758 3718 814 ἐν
3773 761 3882 816 Ἰε-

2230 846 2521 920 ρουσαΛῆμ
2565 847 2600 914 ἡ
2653 843 2832 902 Ἰούδα
2882 847 2972 901 καὶ
3019 849 3055 916 ἡ
3108 847 3382 920 Βενιαμίν.
3444 847 3590 902 Εἰσὶν
3661 845 3750 902 οὗν
3807 848 3884 902 τὰ

2228 931 2668 1009 ἐμπεριεχόμενα
2718 933 2898 1007 τούτῳ
2944 939 3023 990 τῶ
3079 935 3248 1009 τρίτῳ
3301 930 3503 1010 βιϐλίῳ
3535 936 3754 1010 πράξεις
3782 937 3882 991 καὶ

2229 1019 2321 1092 ἔτη
2386 1021 2652 1098 βασιλὲὦν
2708 1023 2934 1078 τούτων’
2998 1023 3332 1097 Σαλομῶνος
3414 1024 3682 1100 βασιλέως
3741 1026 3883 1080 πάν-

2228 1131 2335 1164 των
2389 1111 2550 1181 ὁμοῦ.
2601 1111 2749 1165 Μετὰ
2797 1109 2853 1165 δὲ
2880 1113 2978 1180 τήν
3013 1109 3266 1185 διαίρεσιν
3298 1119 3399 1181 τῆς
3438 1112 3736 1187 βασιλείας,
3804 1114 3886 1174 ὡς

2232 1198 2463 1273 εἷ’ρητπι,
2495 1204 2603 1253 τῶν
2666 1200 2760 1272 μὲν
2807 1200 2858 1254 ἑν
2910 1197 3143 1272 Ἰουδαίᾳ
3198 1200 3465 1276 βασιλέων
3514 1206 3622 1256 τῶν
3657 1199 3750 1256 δύο
3778 1211 3881 1280 ιρυέ

2230 1285 2361 1357 λῶν,
2418 1283 2678 1362 Ῥοϐοὰμ,
2731 1284 2939 1357 Ἀϐιοῦ,
2987 1291 3139 1360 Ἀσᾶ,
3198 1290 3285 1344 καὶ
3337 1289 3621 1366 Ἰωσαφάθ’
3680 1295 3785 1344 τῶν
3823 1288 3884 1345 δὲ

2231 1375 2283 1430 ὲν
2347 1377 2621 1449 Σαμαρείᾳ
2681 1376 2947 1452 βασιλέων
3004 1382 3108 1432 τῶν
3170 1376 3296 1432 δέκα
3326 1376 3533 1456 φυλῶν.
3568 1379 3880 1452 Ἰεροοοὰμ,

2233 1460 2442 1530 Ναϐἀθ,
2509 1472 2704 1535 Βαασᾶ,
2779 1465 2968 1536 Ἠλὼμ,
3031 1461 3282 1542 Ζαμϐρῆ,
3338 1467 3428 1522 καὶ
3483 1463 3715 1542 ’Δχαάϐ.
3778 1467 3882 1521 Καὶ

2231 1553 2354 1622 περὶ
2415 1560 2708 1632 φροφητῶν
2758 1551 2815 1609 δὲ
2864 1550 3223 1628 διαλαμϐάνει
3270 1556 3499 1612 τούτων.
3553 1557 3752 1624 Ναθὰν,
3785 1556 3881 1610 καὶ

2235 1640 2361 1714 Γὰδ,
2412 1644 2502 1697 καὶ
2553 1645 2715 1718 Ἀχιᾶ
2756 1644 2852 1698 τοῦ
2905 1644 3244 1715 Σηλωνίτου,
3290 1645 3379 1699 καὶ
3427 1649 3526 1699 τοῦ
3557 1643 3881 1700 ἐπικαλεσα-

2238 1731 2400 1804 μένου
2434 1730 2520 1786 ἐπὶ
2550 1733 2612 1788 τὸ
2643 1735 3022 1807 θυσιαστήριον
3073 1741 3173 1803 τῆς
3227 1733 3554 1811 Σαμαρείας·
3608 1735 3697 1788 καὶ
3757 1734 3886 1811 περί

2237 1819 2426 1876 Ἠλίου
2473 1820 2562 1874 καὶ
2611 1820 2941 1890 Ἐλισσαίου,
2990 1822 3077 1876 καὶ
3125 1827 3221 1876 τοῦ
3269 1822 3742 1900 προφητεύσαντος
3801 1827 3886 1894 τῷ

2234 1903 2440 1984 Ἀχαὰϐ
2471 1909 2592 1980 περὶ
2630 1915 2727 1964 τοῦ
2759 1911 2878 1965 υἱοῦ
2910 1908 3090 1986 Ἀδὲρ,
3122 1912 3209 1966 καὶ
3267 1916 3364 1965 τοῦ
3408 1911 3733 1984 πατάξαντος
3785 1912 3888 1966 αὖ-

2230 1995 2346 2066 τὸν,
2403 2001 2491 2052 καί
2536 1997 2848 2074 ἐλέγξαντος
2897 2000 2986 2054 τὸν
3039 1995 3264 2075 Ἀχαάἕ·
3317 2000 3406 2054 καὶ
3456 2000 3539 2055 δτι
3589 2001 3724 2070 ἦσαν
3768 2001 3884 2054 u'toi

2231 2091 2336 2140 τῶν
2387 2088 2682 2165 προφητῶν
2735 2089 2852 2150 καθ’
2895 2088 3114 2149 ἑαυτοὺς
3151 2089 3577 2164 ἀναχωροῦντες.
3638 2091 3788 2145 Ἐστι
3823 2087 3888 2145 δὲ

2232 2175 2283 2230 ἐν
2312 2175 2494 2248 τούτῳ
2540 2181 2618 2248 τῷ
2670 2172 2895 2251 βιϐλίῳ,
2946 2181 3064 2238 πῶς
3112 2175 3299 2238 Ἠλίας
3341 2180 3730 2255 προεφήτευσε,
3788 2179 3884 2233 καθ

2231 2264 2330 2319 οὐκ
2375 2260 2581 2338 ἔϐρεξεν
2633 2265 2720 2320 ἐπὶ
2776 2262 2867 2337 ἔτη
2917 2266 3061 2341 τρία,
3112 2268 3199 2321 καὶ
3232 2266 3314 2320 ὅτι
3347 2268 3400 2321 οἳ
3428 2267 3654 2342 κόρακες
3688 2265 3884 2345 ἔφερον

2231 2353 2376 2424 αὐτῷ
2418 2351 2507 2408 διὰ
2614 2375 2754 2427 ματα
2787 2355 2986 2429 Κυρίου
3017 2353 3226 2430 πρωίας
3289 2356 3382 2428 μὶν
3444 2352 3661 2431 ἄρτους,
3690 2353 3887 2427 δείλης

2231 2439 2290 2497 δὲ
2317 2443 2465 2516 κρὲα.
2513 2444 2607 2498 Ἐν
2651 2463 2710 2497 τε
2755 2447 2822 2516 τῇ
2878 2443 3126 2518 Σαρεφθᾶι
3173 2450 3269 2513 τῆς
3305 2441 3572 2506 Σιδωνίας
3609 2443 3886 2512 πεποίηκε

2231 2529 2320 2585 διὰ
2352 2530 2570 2606 ῥήματα
2600 2531 2798 2606 Κυρίου
2831 2532 2906 2604 μή
2939 2530 3182 2605 ἐκλεῖψαι
3215 2539 3312 2600 τῆς
3354 2535 3533 2607 χήρας
3565 2533 3660 2601 τὴν
3692 2530 3882 2606 ὑδρίαν

2227 2624 2325 2674 τοῦ
2354 2619 2606 2689 ἀλεύρου,
2651 2619 2740 2674 καὶ
2777 2620 2868 2674 τὸν
2910 2619 3202 2694 καμψάκην
3246 2625 3342 2674 τοῦ
3377 2619 3563 2674 ἐλαίου
3598 2623 3673 2693 μή
3719 2619 3882 2677 ἐλατ-

2228 2715 2516 2777 τονηθῆναι
2590 2709 2689 2764 Καὶ
2737 2711 2827 2770 τὸν
2876 2709 2969 2780 μὲν
3016 2709 3129 2763 υἱὸν
3164 2709 3329 2777 αὐτῆς
3365 2710 3696 2764 ἀποθανόντα
3729 2710 3890 2785 ἤγει-

2232 2820 2316 2874 ρεν
2368 2800 2670 2872 εὐξάμενος·
2727 2800 2852 2862 τοὺς
2903 2797 2959 2854 δὲ
2999 2803 3286 2877 προφήτας
3315 2806 3414 2855 τοῦ
3449 2799 3595 2855 Βάαλ
3628 2801 3888 2870 ἐποίησεν

2232 2890 2597 2964 ἀναιρεθῆναι,
2653 2889 2809 2950 όντας
2841 2891 2930 2943 τὸν
2965 2889 3193 2965 ἀριθμὸν
3227 2891 3321 2944 ον’.
3385 2889 3480 2943 Καὶ
3537 2893 3604 2962 τῇ
3642 2887 3888 2963 μηλωτῇ

2232 2975 2288 3032 δὲ
2320 2977 2540 3049 ἐπάταξε
2596 2979 2684 3031 τὸν
2732 2976 3028 3051 Ἰορδάνην,
3081 2979 3170 3032 καὶ
3222 2975 3439 3053 διῃρέθη
3491 2976 3614 3041 ἔνθα
3641 2978 3730 3032 καὶ
3763 2975 3894 3042 ἔνθα

2227 3068 2289 3122 τὸ
2341 3065 2508 3139 ὕδωρ,
2539 3067 2628 3120 καὶ
2663 3061 2816 3136 διέϐη
2849 3071 2926 3139 τῷ
2961 3064 3085 3121 ποδὶ
3116 3067 3216 3121 τὸν
3251 3067 3521 3140 παταμόν.
3557 3069 3728 3141 Λήγει
3761 3061 3819 3121 δὲ
3849 3069 3891 3136 ἡ

2236 3151 2424 3230 βίϐλος
2471 3156 2606 3224 αὐτη
2668 3156 2740 3216 εἷς
2796 3156 2886 3210 τὸν
2942 3155 3164 3211 θάνατον
3212 3161 3309 3210 τοῦ
3361 3153 3573 3232 Ἀχαάϐ
3611 3155 3892 3232 βασιλέως

475 3250 622 3290 nens
666 3235 724 3290 in
777 3237 1128 3310 principium
1191 3243 1348 3311 regni
1390 3243 1644 3299 Ochozizn
1703 3245 1804 3298 filii
1861 3246 2116 3310 Achaab,

2233 3243 2472 3317 Ἰσραὴλ,
2522 3244 2610 3298 καὶ
2672 3245 2746 3306 εἷς
2803 3245 2893 3298 τὸν
2965 3247 3188 3306 θάνατον
3270 3246 3531 3322 Ἰωσαφὰτ
3612 3243 3890 3320 βασιλέως

467 3328 531 3466 ει
561 3323 620 3378 in
653 3324 1006 3398 principium
1060 3331 1221 3401 regni
1272 3331 1470 3386 Joram
1509 3333 1608 3386 ﬁlii
1640 3334 1923 3404 Josapbat
1969 3337 2122 3406 regis

514 3412 646 3466 uda.

514 3412 646 3467 uda.

973 3632 1136 3686 Liber
1171 3634 1255 3698 IV,
1293 3635 1620 3702 Regnorum.

551 3716 637 3770 16.
673 3717 735 3772 In
771 3724 978 3788 quarto
1012 3720 1158 3776 libro
1187 3729 1513 3792 enarratur,
1545 3725 1837 3794 quomodo
1867 3726 1983 3780 duo
2016 3729 2123 3780 du-

429 3817 432 3820 '
477 3822 573 3861 ces
603 3805 1090 3880 quinquagenarii
1133 3811 1284 3881 regis
1315 3812 1573 3867 Ochoziaa
1604 3815 1735 3884 igne
1765 3813 1992 3869 coalitus
2025 3832 2126 3886 per

476 3897 718 3972 verbum
753 3896 879 3951 Elia:
917 3900 1212 3970 prOpheta:
1240 3902 1597 3973 consumpti,
1619 3909 1675 3957 et
1705 3903 1859 3958 Elias
1891 3905 2124 3959 tandem

479 3985 748 4040 sublatus
798 3987 890 4052 sit,
923 3989 1284 4060 spiritusque
1337 3991 1468 4045 Elite
1519 3991 1707 4047 Eliseo
1759 3994 2124 4064 requieverit,

475 4071 558 4126 ita
592 4079 654 4126 ut
673 4081 870 4128 essent
891 4076 938 4130 ei
964 4079 1221 4148 duplicia
1245 4081 1300 4133 in
1325 4080 1554 4150 spiritu.
1575 4083 1874 4146 Quomodo
1899 4081 2126 4137 Eliseus

475 4162 863 4217 Sunamitidis
895 4164 1077 4219 lilium
1113 4174 1408 4222 mortuum
1443 4171 1730 4240 precando
1769 4171 2123 4239 excitaverit,

477 4253 534 4303 et
552 4247 820 4304 Neaaman
844 4252 1051 4322 Syrum
1078 4271 1111 4307 a
1134 4256 1294 4326 lepra
1322 4259 1711 4328 mandaverit,
1735 4261 1967 4314 vascula
1995 4275 2129 4316 uxo-

479 4335 563 4391 ris
595 4337 890 4408 prophetae
943 4342 1156 4396 mortui
1190 4344 1247 4397 in
1281 4347 1450 4399 verbo
1485 4346 1714 4402 Domini
1768 4348 1893 4403 oleo
1942 4347 2126 4418 reple-

477 4425 629 4480 verit
659 4442 672 4482 :
709 4429 845 4482 item
880 4431 1032 4499 quod
1075 4447 1252 4501 super
1301 4450 1435 4488 ossa
1467 4434 1652 4503 ipsius
1685 4438 1896 4490 mortui
1929 4439 2126 4507 cujus-

479 4515 617 4569 dam
651 4517 894 4572 accincti
937 4517 1188 4573 hominis
1221 4521 1466 4575 cadaver
1502 4524 1849 4592 conjectum,
1879 4542 2009 4580 mox
2040 4531 2125 4579 at-

2231 3331 2428 3400 Ἰούδα,
2481 3335 2568 3387 καὶ
2629 3334 2702 3396 εἷς
2760 3335 2858 3401 τὴν
2910 3333 3088 3412 ἀρχὴν
3147 3333 3424 3410 βασιλείας
3469 3334 3726 3410 Ὀχοζίου
3760 3335 3890 3390 υἱοῦ

2232 3417 2466 3497 Ἀχαιὶϐ,
2501 3423 2586 3476 καὶ
2621 3424 2695 3484 εἰς
2725 3424 2822 3490 τήν
2857 3422 3033 3497 ἀρχὴν
3069 3423 3274 3499 Ἰωρὰμ
3302 3424 3422 3478 υἱοῦ
3472 3424 3734 3500 Ἰωσαφὰτ
3786 3423 3890 3497 βα-

2233 3509 2426 3572 σιλέως
2459 3509 2651 3568 Ἰούδα.

2735 3628 2932 3694 Βίϐλος
2964 3630 3026 3698 δ’,
3061 3631 3379 3689 Βασιλειῶν.

2307 3725 2389 3778 16.
2417 3728 2500 3774 ‘le
2537 3719 2592 3775 δὲ
2624 3727 2690 3794 τῇ
2720 3723 2944 3796 τετάρτῃ
2979 3720 3156 3797 βίϐλῳ
3199 3723 3328 3790 ἐστὶ,
3363 3728 3478 3785 πῶς
3511 3725 3561 3777 οἱ
3611 3722 3705 3778 δύο
3756 3745 3892 3778 πενσ

2230 3811 2601 3886 τηκὸνταρχοι
2644 3815 2740 3865 τοῦ
2793 3811 3049 3886 Ὀχοζίου
3099 3811 3228 3886 πυρὶ
3264 3809 3623 3881 ἀνηλώθησαν
3659 3809 3749 3866 διὰ
3783 3811 3892 3886 ῥή-

2238 3920 2376 3973 ματα
2407 3899 2596 3954 Ἠλίου
2626 3903 2723 3954 τοῦ
2753 3902 3065 3976 προφήτου,
3099 3900 3187 3954 καὶ
3220 3899 3302 3954 ὅτι
3343 3898 3622 3977 ἀνελήφθη
3672 3899 3893 3971 Ἠλίας,

2233 3989 2321 4044 καὶ
2379 3987 2780 4043 ἐπανεπαύσατο
2837 3988 2923 4042 ἐπὶ
2983 3986 3255 4043 Ἐλισσαιὲ
3311 3989 3372 4043 τὸ
3421 3987 3628 4061 πνεῦμα
3673 3988 3893 4055 Ἠλίου,

2233 4077 2322 4132 καὶ
2378 4077 2590 4152 γέγονεν
2650 4077 2796 4148 αὖτῷ
2855 4075 3025 4132 διπλᾶ
3083 4077 3134 4132 ἐν
3191 4077 3478 4150 πνεύματι’
3529 4077 3618 4132 καὶ
3678 4081 3799 4138 πῶς
3863 4079 3893 4131 ὁ

2237 4164 2550 4227 Ἠλισσαῖος
2607 4165 2698 4220 τὸν
2753 4166 2848 4238 μὶν
2910 4167 3022 4220 υἱὸν
3083 4173 3180 4235 τῆς
3233 4163 3622 4239 Σουναμίτιδος
3679 4165 3891 4220 ἀποθα-

2232 4253 2394 4309 νόντα
2450 4252 2662 4330 ἤγειρεν
2720 4255 3026 4327 εὐξάμενος,
3074 4255 3164 4310 τὸν
3213 4253 3270 4310 δὲ
3311 4255 3550 4328 Νεαιμὰν
3581 4255 3671 4309 τὸν
3708 4254 3890 4330 Σύρον

2236 4344 2542 4416 ἐκαθάρισεν
2603 4344 2707 4399 ἀπὸ
2762 4351 2862 4413 τῆς
2922 4343 3145 4419 λέπρας,
3205 4351 3304 4412 τῆς
3357 4365 3417 4398 τε
3473 4344 3728 4419 γυναικὸς
3788 4349 3893 4398 τοῦ

2235 4434 2520 4510 προφήτου
2549 4432 2884 4508 πεπλήρωκε
2909 4433 2976 4486 τά
3004 4432 3195 4507 ἀγγεῖα
3233 4430 3418 4486 ἐλαίου
3464 4431 3516 4486 ἐν
3578 4431 3730 4506 λόγῳ
3779 4439 3892 4486 Κυ-

2240 4521 2380 4596 ρίου,
2438 4522 2526 4576 καὶ
2589 4521 2675 4576 ἐπὶ
2729 4521 2796 4576 τὰ
2852 4519 2983 4576 ὅστᾶ
3040 4519 3096 4576 δὲ
3148 4521 3311 4576 αὐτοῦ
3358 4521 3492 4594 μετὰ
3521 4519 3746 4584 θάνατον
3807 4520 3897 4597 ὲῤ-

479 4619 592 4674 que
625 4605 915 4674 prophetae
955 4622 1088 4661 ossa
1138 4608 1426 4679 tetigerat,
1459 4611 1725 4666 revixerit
1757 4630 1770 4668 :
1803 4614 1955 4684 quod
1992 4630 2121 4666 cum

2239 4611 2366 4686 ρίφη
2427 4611 2612 4682 νεκρὸς
2673 4611 3004 4683 μονόζωνος,
3065 4610 3152 4664 καὶ
3205 4611 3279 4670 ὡς
3322 4609 3501 4683 ἥψατο
3543 4613 3651 4664 τῶν
3683 4609 3890 4664 ὀστέων

479 4691 687 4748 melote
751 4693 878 4747 Eliae
937 4697 1244 4750 Jordanem
1300 4700 1672 4766 percusserit,
1725 4701 2126 4772 diremptaque

480 4777 586 4835 bac
608 4788 784 4852 atque
810 4781 941 4837 illac
967 4786 1143 4852 unda,
1170 4786 1415 4855 pedibus
1437 4794 1494 4840 et
1523 4787 1647 4857 ipse
1673 4788 1914 4842 fluvium
1937 4796 2127 4843 trans-

479 4869 664 4923 iverit.
717 4871 1061 4926 Continetur
1107 4875 1281 4928 etiam
1332 4875 1442 4929 isto
1492 4875 1784 4931 volumine
1831 4880 2125 4947 quomodo

477 4960 847 5013 Senacherim
882 4965 941 5014 et
981 4961 1276 5032 Rapsakes
1321 4969 1448 5034 post
1481 4964 1696 5020 multas
1729 4965 2125 5037 blasphemiae

479 5047 765 5118 proﬂigati
799 5055 958 5114 sunt,
992 5051 1180 5121 deque
1218 5053 1471 5107 exercitu
1515 5054 1776 5124 ipsorum
1815 5073 1928 5110 una
1958 5061 2123 5110 nocte

477 5136 668 5190 occisa
728 5144 867 5190 sunt
922 5145 1156 5194 centum
1211 5141 1509 5213 octoginta
1558 5143 1818 5214 quinque
1865 5145 2118 5199 virorum

476 5223 663 5278 millia
693 5241 706 5280 :
741 5230 798 5278 et
828 5231 1117 5296 quomodo
1147 5229 1338 5285 Josias
1371 5249 1467 5285 rex
1500 5232 1773 5287 universa
1807 5234 2123 5289 simulacra

476 5312 807 5379 sustulerit,
843 5314 1005 5370 lucos
1050 5320 1380 5388 succiderit,
1415 5327 1471 5374 et
1519 5320 1758 5386 Pascha,
1794 5323 1943 5377 sicut
1973 5325 2120 5378 scri-

476 5404 641 5474 ptum
683 5408 790 5468 est,
828 5406 932 5458 rite
981 5408 1312 5460 servaverit.
1351 5408 1529 5462 Habet
1579 5409 1673 5464 hic
1723 5409 1866 5466 liber
1897 5412 2118 5483 Regum

478 5506 711 5561 quoque
741 5496 904 5560 gesta
935 5497 990 5546 et
1018 5510 1203 5548 annos
1225 5511 1449 5558 eorum,
1474 5496 1573 5566 qui
1602 5497 1656 5550 in
1688 5498 1892 5553 Judaea
1924 5517 2123 5572 regna-

479 5583 634 5646 runt,
683 5578 880 5634 Joram
933 5579 1212 5646 choziae,
1261 5586 1422 5651 Joas,
1470 5586 1737 5655 Amasiae,
1773 5587 1940 5651 Osiaa,
1992 5591 2121 5644 Joa-

477 5665 664 5734 tham,
686 5667 896 5739 Achaz,
931 5669 1205 5740 Ezechias,
1239 5671 1528 5743 Manasse,
1560 5675 1755 5744 Amos,
1778 5677 1968 5746 Josize,
1991 5679 2125 5733 Joa-

2234 4697 2328 4752 τοῦ
2358 4701 2667 4776 προφήτου,
2702 4700 2945 4769 ἀνέζησε’
2975 4699 3062 4753 καὶ
3112 4703 3178 4772 τῇ
3235 4697 3469 4772 μηλωτῇ
3521 4698 3709 4754 Ἠλίου
3756 4699 3891 4753 ἐπά-

2233 4785 2354 4855 ταξε
2401 4787 2489 4839 τὸν
2551 4784 2847 4860 Ἰορδάνην,
2905 4787 2994 4841 καὶ
3029 4785 3248 4861 διῃρέθη
3285 4786 3428 4840 ἔνθεν
3479 4786 3568 4840 καὶ
3620 4785 3762 4841 ἔνθεν
3825 4787 3891 4842 τὸ

2235 4872 2401 4949 ὕδωρ,
2434 4876 2521 4929 καὶ
2557 4871 2708 4946 διέϐη
2744 4882 2878 4950 πεζῃ
2908 4877 2996 4930 καὶ
3028 4876 3206 4937 αὐτός.
3240 4877 3389 4930 ’Ἐστι
3425 4874 3481 4930 δὲ
3513 4875 3563 4931 ἐν
3594 4877 3777 4949 τούτῳ
3806 4882 3891 4948 τῷ

2238 4959 2440 5038 βιϐλίῳ
2470 4964 2558 5018 καὶ
2591 4970 2707 5026 πῶς
2740 4966 2768 5018 ὁ
2806 4966 2899 5039 μὲν
2931 4966 3282 5040 Σεναχηρείμ
3315 4965 3403 5019 καὶ
3429 4966 3718 5037 Ῥαψάκης,
3748 4964 3890 5019 πολ-

2235 5051 2304 5106 λὰ
2340 5051 2856 5131 βλασφημήσαντες,
2891 5050 3237 5128 ἐδιώχθησαν
3265 5053 3355 5106 καὶ
3389 5050 3642 5128 χιλιάδες
3675 5051 3889 5128 ἀνδρῶν

2233 5141 2407 5196 αὐτῶν
2438 5149 2548 5217 pm'
2578 5142 2629 5196 ἐν
2669 5147 2765 5212 αιᾷ
2793 5142 2964 5199 νυκτί.
2996 5142 3057 5195 ’0
3088 5139 3146 5195 δὲ
3180 5139 3433 5216 βασιλεὺς
3485 5143 3694 5202 Ἰωσιας
3752 5153 3887 5205 καθ-

2232 5229 2348 5284 εῖλε
2392 5232 2566 5284 πάντα
2610 5231 2677 5284 τὰ
2729 5229 2952 5301 εἶ’δωλα,
2983 5230 3072 5284 καὶ
3102 5230 3169 5284 τὰ
3199 5229 3339 5299 ἄλση
3375 5228 3611 5304 ἐξέκοψε,
3670 5231 3761 5284 καὶ
3792 5251 3888 5285 πε-

2231 5319 2428 5388 ποίηκε
2480 5320 2542 5374 τὸ
2602 5321 2812 5395 Πάσχα,
2872 5321 2946 5381 ὡς
2977 5318 3274 5394 γέγραπται
3316 5319 3592 5391 νομίμως.
3627 5318 3887 5395 Περιέχει

2233 5405 2290 5462 δὲ
2319 5411 2353 5476 ἡ
2417 5404 2609 5481 βίϐλος
2666 5409 2753 5462 καὶ
2785 5409 3002 5484 πράξεις
3045 5405 3310 5483 βασιλέων
3346 5407 3435 5461 καὶ
3467 5405 3581 5476 ἔτη·
3613 5412 3720 5462 τῶν
3785 5409 3885 5480 μὲν

2231 5495 2284 5551 ἐν
2361 5494 2592 5568 Ἰουδαίᾳ
2663 5498 2887 5573 Ἰωρὰμ,
2963 5496 3051 5552 καὶ
3130 5495 3385 5571 Ὀχοσίου
3439 5496 3529 5550 καὶ
3587 5497 3744 5558 Ἰωᾶς
3793 5498 3888 5553 καὶ

2233 5586 2514 5658 Ἀμεσσία,
2559 5587 2647 5641 καὶ
2699 5586 2906 5657 Ὀζίου,
2955 5587 3042 5641 καὶ
3091 5585 3331 5654 ἰωάθαν,
3391 5585 3480 5639 καί
3540 5586 3738 5662 Ἀχὰζ,
3792 5588 3886 5641 καὶ

2233 5675 2492 5745 Ἐζεκίου,
2542 5679 2630 5730 καὶ
2681 5683 2960 5746 Μανασσῆ,
3011 5675 3099 5731 καὶ
3147 5675 3351 5748 Ἀμὼς,
3411 5676 3498 5730 καὶ
3531 5676 3732 5748 Ἰωσία,
3791 5675 3886 5730 καὶ
