4136 6218
12 3870 79 3989 λ

86 3848 309 3874 w-

384 361 504 426 313

1582 358 1647 426 S.
1692 358 2217 427 ATHANASIUS.
2251 389 2330 411 -ι
2359 358 2624 427 DUBIA.

3674 368 3794 428 324

388 519 420 557 a
452 516 567 573 quo
600 500 1036 566 instituebatur,
1072 497 1207 554 fecit
1228 501 1381 571 quod
1430 506 1653 556 rectum
1687 504 1833 555 erat.
1863 498 2028 555 Hune

2144 493 2280 569 οἷ’κῳ
2347 495 2608 561 Μαελώθ.
2671 497 2790 552 Ἑπῖ
2866 495 3062 551 τούτου
3121 495 3482 575 ἐπροφήτευεν
3543 498 3793 572 Ἀζαρίας

386 591 801 645 interfecerunt
828 587 1020 661 ipsius
1055 589 1203 644 servi
1234 588 1293 643 in
1327 589 1499 644 domo
1531 586 1818 656 Maeloth;
1853 589 2032 659 hujus

384 684 645 749 tempore
680 675 1043 748 prophetavit
1072 676 1304 732 Azarias
1336 675 1495 733 ﬁlius
1524 675 1703 734 Jodae.
1765 679 2033 734 Amesias

386 767 541 823 ﬁlius
575 766 703 835 ejus
735 764 997 837 regnavit
1026 781 1212 820 annos
1245 765 1453 838 viginti
1513 780 1739 834 novem,
1790 772 1849 822 et
1899 764 2033 822 fecit

385 855 552 910 initio
585 855 743 927 regni
778 854 933 925 quod
966 859 1191 910 rectum
1221 860 1363 920 erat,
1398 854 1499 910 sed
1552 869 1667 911 non
1725 851 1880 911 sicut
1927 857 2032 911 Da-

385 948 507 1002 vid:
534 963 669 1000 nam
693 944 885 1001 adhuc
907 944 1159 1016 populus
1180 944 1526 1001 immolabat
1570 946 1627 1000 in
1680 944 1945 1017 excelsis,
1978 951 2033 1002 et

383 1035 545 1089 lucos
568 1048 681 1089 non
707 1032 946 1090 excidit:
974 1034 1084 1090 sub
1138 1033 1246 1090 hoc
1280 1032 1706 1107 prophetarunt
1738 1033 2030 1108 propheta:

384 1123 644 1194 quidam,
670 1138 915 1193 quorum
972 1128 1168 1179 tamen
1208 1124 1449 1179 nomina
1475 1125 1692 1196 scripta
1723 1141 1835 1179 non
1870 1127 2029 1180 sunt.

382 1213 700 1283 Postquam
722 1226 855 1267 vero
877 1226 977 1267 eos
992 1212 1093 1283 qui
1115 1215 1175 1267 in
1202 1212 1330 1268 Seir
1361 1210 1707 1269 habitabant
1720 1214 2030 1284 percussit,

382 1302 439 1354 in
456 1302 791 1373 superbiam
806 1301 993 1356 elatus
1010 1304 1119 1367 est,
1145 1300 1299 1356 idola
1316 1298 1711 1357 habitantium
1727 1300 1784 1357 in
1797 1302 1921 1358 Seir
1936 1316 2032 1357 co-

379 1388 575 1457 luit,et
590 1390 644 1443 in
663 1405 873 1445 manus
887 1389 1145 1445 hostium
1161 1390 1760 1463 traditus,percussus
1777 1393 2030 1461 est,Aza-

383 1478 628 1549 rias,qui
648 1483 704 1532 et
718 1478 1098 1549 Ozias,annos
1116 1478 1546 1553 quinquaginta
1558 1478 1757 1548 duo;et
1771 1479 2028 1552 primum

384 1567 536 1638 quod
562 1572 783 1622 rectum
803 1575 928 1623 erat
946 1568 1100 1635 fecit,
1126 1568 1282 1624 sicut
1303 1574 1359 1625 et
1384 1572 1546 1640 pater
1564 1569 1775 1641 ipsius,
1802 1569 2032 1625 excelsa

384 1663 576 1710 tamen
601 1673 714 1710 non
738 1655 1151 1712 abstulit.Cum
1173 1661 1367 1713 autem
1383 1672 1657 1730 prospere
1674 1674 1798 1714 rem
1817 1662 2029 1729 ageret,

384 1744 572 1799 elatus
595 1749 683 1799 est
712 1744 928 1815 animo,
962 1744 1262 1817 voluitque
1293 1760 1396 1817 per
1424 1744 1688 1818 seipsum
1716 1744 1948 1803 adolere
1970 1747 2029 1802 in

2142 586 2455 661 [Ζαχαρίας]
2515 586 2629 647 υἱὸς
2690 583 2895 643 ’[ωδαέ.
2960 585 3211 659 Ἀμεσίας
3271 587 3386 647 υἱὸς
3475 586 3639 640 αὐτοῦ
3699 585 3791 657 ἔτη

2139 676 2240 737 κθ’.
2272 674 2361 727 καὶ
2420 673 2669 744 ἐποίησεν
2730 673 2779 727 ἐν
2842 676 2990 749 ἀρχῇ
3043 675 3105 728 τὸ
3164 672 3497 745 εὐθὲς,ἀλλ’
3551 675 3659 751 οὐχ
3718 677 3794 739 ὡς

2143 758 2326 816 Δαϐίδ’
2361 760 2437 818 ἔτι
2467 764 2570 838 γὰρ
2603 764 2630 816 6
2665 762 2793 824 λαὸς
2845 762 3111 831 ἐθυσίαζεν
3165 762 3217 817 ἐν
3261 768 3378 825 τοῖς
3413 763 3673 836 ὑψηλοῖς,
3704 764 3795 819 καὶ

2138 852 2205 906 τὰ
2264 850 2401 922 ἄλση
2463 852 2562 906 οὐκ
2611 851 2786 928 ἐξῆρε.
2829 851 2927 906 Καὶ
2988 851 3074 906 ἐπὶ
3137 851 3334 906 τούτου
3390 852 3793 930 ἐπροφήτευσαν

2140 947 2436 1019 προφῆται·
2470 938 2598 995 ἀλλ’
2650 940 2748 994 οὐκ
2806 938 3110 1018 ἐγράφησαν
3169 941 3235 994 τά
3295 940 3537 1014 ὀνόματα
3593 942 3794 1000 αὐτῶν.

2142 1030 2291 1085 Μετά
2370 1033 2537 1084 ταῦτα
2615 1029 2819 1103 μέντοι,
2880 1028 3159 1103 Ἀμεσίας,
3228 1030 3461 1100 πατάξας
3536 1032 3663 1091 τοὺς
3742 1031 3794 1085 ἐν

2142 1118 2682 1194 Σηεὶρ,ὲπήρθη,καῖ
2717 1114 3003 1191 ἐλάτρευσε
3031 1122 3146 1180 τόῖς
3180 1116 3432 1181 εἰδώλοις
3462 1124 3570 1174 τῶν
3605 1120 3797 1194 Σηεὶρ,

2139 1208 2227 1261 καὶ
2286 1207 2566 1283 ἐπατάχθη
2630 1205 2954 1284 παραδοθεὶς
3033 1214 3150 1269 τοῖς
3230 1207 3474 1284 ἐχθροῖς.
3527 1209 3798 1285 Ἀζαρίας,

2139 1296 2300 1357 αὐτός
2359 1296 2496 1351 ἐστιν
2531 1297 2735 1367 Ὀζίας,
2778 1295 2870 1367 ἔτη
2928 1298 3029 1372 νβ”
3091 1297 3180 1351 καὶ
3238 1296 3461 1367 ἐποίησε
3510 1297 3645 1351 κατᾶ
3692 1299 3796 1365 τὴν

2139 1384 2319 1461 ἀρχὴν
2351 1387 2413 1440 τὸ
2460 1385 2632 1455 εὐθὶς,
2665 1387 2739 1447 ὡς
2774 1387 2801 1439 6
2837 1386 3023 1460 Πατὴρ
3085 1386 3269 1440 αὐτοῦ’
3306 1385 3451 1454 πλὴν
3501 1387 3567 1441 τὰ
3613 1386 3803 1459 ὑψηλᾶ

2141 1475 2240 1528 οὐκ
2296 1473 2501 1550 ἐξῆρεν.
2557 1471 2934 1547 Εὐοδούμενος
2996 1471 3053 1528 δὲ
3107 1474 3342 1549 ἐπήρθη,
3384 1475 3473 1529 καὶ
3530 1474 3799 1544 ἠθέλησεν

2140 1564 2311 1635 ἐαυτῷ
2341 1564 2597 1634 θυμιάσαι
2630 1562 2681 1618 ἐν
2713 1568 2791 1636 τῷ
2818 1564 2953 1635 ναῷ,
2986 1563 3115 1625 δπες
3152 1564 3339 1636 μόνοις
3397 1569 3515 1626 τοῖς
3568 1565 3797 1636 ἱερεῦσιν

2139 1650 2329 1721 ἔξεστι.
2361 1653 2455 1706 Διὸ
2503 1652 2593 1706 καὶ
2648 1651 2957 1728 ἐλεπρώθη,
2995 1652 3247 1714 ἀκούσας·
3291 1674 3316 1706 α
3356 1653 3433 1710 Οὐ
3485 1653 3591 1723 σοὶ,
3626 1653 3802 1726 Ὀζία,

2141 1741 2399 1813 θυμιάσαι
2456 1746 2535 1813 τῷ
2592 1741 2793 1814 Κυρίῳ,
2842 1740 2989 1796 ἀλλὰ
3056 1746 3173 1803 τοῖς
3232 1743 3428 1818 ἱερεῦσι
3482 1746 3599 1804 τοῖς
3658 1744 3804 1804 υἱοῖς

380 1832 623 1904 templo,
648 1834 800 1904 quod
829 1833 971 1890 solis
996 1836 1402 1891 sacerdotibus
1426 1834 2029 1908 licebat.Quapropter

2142 1829 2376 1905 Ἀαρὼν,
2435 1836 2552 1891 τοῖς
2612 1829 2991 1905 ἡγιασμένοις.
3029 1854 3056 1881 n
3100 1831 3221 1884 Ἐπὶ
3276 1829 3494 1897 τούτου,
3554 1834 3800 1907 προεφή-

2380 1920 2440 1935 η.
2521 1917 2533 1935 ι
2678 1921 2715 1935 ,.
2784 1918 2828 1935 ιι.
3030 1920 3074 1935 η
3216 1918 3228 1935 .
3305 1923 3332 1934 -
3411 1917 3434 1935 ν
3617 1920 3628 1935 ,
3784 1919 3798 1935 .

381 1928 433 1977 et
464 1922 621 1993 lepra
655 1939 970 1993 percussus
999 1927 1108 1990 est,
1143 1928 1453 1994 postquam
1485 1926 1784 1980 audisset:
1850 1947 1878 1975 «
1902 1925 2028 1981 Non

380 2009 548 2065 tu'um
582 2016 690 2077 est,
724 2011 882 2082 Ozia,
916 2010 1145 2067 adolere
1171 2011 1443 2079 Domino,
1498 2014 1598 2069 sed
1661 2012 2030 2071 sacerdotum

382 2098 635 2154 ﬁliorum
669 2102 880 2167 Aaron,
914 2100 1017 2172 qui
1046 2101 1394 2156 sanctiﬁcati
1426 2107 1567 2157 sunt
1593 2102 1670 2157 ’σε
1712 2126 1731 2151 ι
1768 2103 1877 2158 sub
1924 2103 2033 2158 hoc

382 2188 749 2259 prophetavit
779 2188 982 2244 Isaias.
1014 2188 1269 2245 Joathan
1300 2188 1460 2245 ﬁlius
1490 2188 1619 2261 ejus
1650 2204 1836 2246 annos
1866 2191 2032 2247 sede-

388 2278 525 2347 cim,
558 2281 613 2333 et
646 2276 779 2333 iecit
834 2278 987 2348 quod
1045 2282 1269 2334 rectum
1325 2278 1470 2344 erat,
1528 2276 2029 2349 quemadmodum

387 2370 551 2438 pater
577 2367 725 2435 ejus,
758 2370 1160 2422 verumtamen
1190 2364 1417 2423 excelsa
1434 2382 1551 2423 non
1578 2372 1667 2424 est
1689 2364 2029 2436 demolitus,

387 2461 443 2510 et
467 2456 575 2510 sub
615 2456 721 2510 hoc
751 2458 874 2510 erat
904 2454 1102 2511 Isaias.
1138 2454 1329 2511 Achaz
1378 2453 1535 2511 ﬁlius
1590 2457 1718 2526 ejus
1773 2458 2033 2529 regnavit

387 2560 571 2599 annos
595 2543 873 2613 sedecim,
895 2548 953 2599 et
976 2543 1111 2599 fecit
1136 2545 1293 2615 quod
1318 2544 1537 2599 malum
1563 2551 1718 2612 erat;
1744 2544 1803 2600 in
1822 2544 2031 2601 diebus

387 2636 514 2705 ejus
535 2638 704 2687 erant
726 2631 1020 2704 propheta
1053 2632 1230 2687 Isaias
1263 2638 1319 2688 et
1349 2632 1529 2689 Oded.
1563 2630 1839 2689 Ezechias
1872 2632 2029 2689 ﬁlius

388 2724 515 2793 ejus
548 2736 735 2776 annos
765 2720 970 2794 viginti
1001 2737 1227 2789 novem,
1288 2725 1345 2777 et
1398 2721 1534 2778 fecit
1591 2725 1745 2795 quod
1804 2726 2027 2779 rectum

385 2815 507 2866 erat
537 2810 689 2866 sicut
743 2809 924 2865 David
975 2809 1259 2881 perfecte;
1321 2809 1433 2865 iste
1489 2807 1736 2866 abstulit
1791 2824 2027 2882 serpen-

386 2905 501 2954 tem
534 2914 780 2964 eeneum,
815 2913 987 2969 quem
1020 2899 1412 2970 suspenderat
1441 2896 1707 2971 Moyses;
1750 2896 1861 2954 sub
1920 2896 2029 2956 hoc

385 3004 619 3058 quoque
649 2991 774 3042 erat
800 2986 1000 3041 Isaias.
1034 2987 1153 3042 Isto
1212 2990 1488 3059 regnante
1543 2984 1916 3044 Senacherim
1973 2993 2030 3045 et

380 3078 677 3148 Rapsakes
707 3075 928 3146 Assyrii
985 3073 1301 3131 Dominum
1358 3075 1865 3148 blasphemarunt,
1927 3074 2028 3149 qui

378 3167 611 3237 quidem
644 3169 843 3235 postea
865 3166 1131 3236 percussi
1152 3171 1315 3232 sunt,
1346 3170 1473 3221 tum
1496 3171 1692 3221 autem
1712 3180 1830 3222 una
1861 3170 2028 3223 nocte

2140 1940 2321 1974 τευσεν
2380 1917 2618 1981 Ἠσαίας.
2678 1918 2914 1992 Ἰωάθαμ
2998 1920 3114 1981 υἱὸς
3172 1918 3335 1974 αὐτοῦ
3410 1917 3501 1987 ἔτη
3564 1920 3647 1983 ις”
3707 1919 3801 1975 καὶ

2146 2007 2369 2078 ἐποίησε
2395 2008 2459 2063 τὸ
2500 2007 2670 2075 εὐθές,
2693 2009 2767 2070 ὡς
2802 2009 2829 2062 6
2858 2008 3039 2084 πατὴρ
3088 2006 3272 2062 αὐτοῦ·
3302 2008 3450 2077 πλὴν
3495 2010 3563 2063 τὰ
3612 2008 3802 2082 ὑψηλά

2143 2097 2243 2152 οὐκ
2298 2097 2471 2174 ἐξῆρε.
2524 2098 2621 2151 Καὶ
2679 2096 2767 2152 ἐπὶ
2825 2097 3020 2152 τούτου
3078 2097 3145 2166 ἦν
3178 2096 3419 2159 Ἠσαίας.
3457 2098 3648 2174 ’Δχάζ,
3684 2099 3804 2160 υἱὸς

2141 2186 2327 2258 αὐτοῦ,
2388 2181 2477 2257 ἔτη
2546 2188 2628 2250 ις’·
2682 2186 2770 2240 καὶ
2823 2186 3043 2257 ἐποίησε
3098 2187 3160 2241 τὸ
3219 2185 3481 2263 πονηρόν.
3542 2188 3637 2241 Καὶ
3708 2187 3801 2241 ἐπὶ

2139 2275 2335 2331 τούτου
2390 2279 2457 2346 ἧν
2515 2273 2736 2337 Ἡσαΐας
2808 2275 2899 2330 καὶ
2953 2272 3116 2344 Ὠδήδ
3196 2276 3493 2353 προφῆται.
3558 2276 3799 2345 Ἐζεκίας

2141 2366 2256 2428 υἱὸς
2290 2366 2453 2420 αὐτοῦ
2501 2362 2594 2435 ἔτη
2640 2366 2735 2418 κθ”·
2768 2364 2858 2419 καὶ
2910 2363 3134 2434 ἰποίησε
3179 2366 3241 2419 τὸ
3290 2365 3461 2432 εὐθὲς,
3494 2366 3568 2426 ὡς
3628 2359 3799 2419 Δαϐἲδ

2138 2454 2384 2517 τελείως.
2445 2453 2617 2516 Οὗτος
2674 2451 2892 2517 καθεῖλε
2952 2452 3041 2508 τὸν
3102 2448 3222 2517 ὅφιν
3280 2454 3371 2508 τὸν
3434 2453 3699 2529 χαλκοῦν,
3734 2455 3797 2509 ὃν

2143 2544 2403 2620 ἐκρέμασε
2434 2546 2690 2612 Μωυσῆς.
2728 2542 2823 2597 Καὶ
2875 2541 2961 2596 ἐπὶ
3018 2542 3213 2597 τούτου
3273 2546 3337 2613 ἦν
3398 2541 3635 2605 Ἠσαίας.
3675 2542 3802 2599 Ἐπὶ

2138 2634 2333 2687 τούτου
2408 2632 2758 2707 Σεναχηρεὶμ
2837 2632 2925 2685 καὶ
3003 2631 3296 2705 Ῥαψάκης,
3357 2629 3409 2686 oi.
3495 2632 3799 2709 Ἀσσῦριοι,

2144 2721 2619 2799 βλασφημοῦντες,
2652 2719 3033 2795 ἐπατάχθησαν
3066 2722 3159 2793 μὲν
3204 2718 3357 2775 αὐτοὶ
3417 2722 3551 2793 μετά
3604 2724 3802 2789 ταῦτα,

2139 2811 2189 2866 ἐν
2255 2816 2353 2885 μιᾷ
2406 2808 2462 2865 δὲ
2518 2810 2668 2864 νυκτί
2727 2807 2977 2885 χιλιάδες
3038 2811 3172 2885 ρπε’.
3233 2808 3501 2879 Ἐξελθὼν
3559 2807 3799 2886 ἄγγελος

2140 2899 2339 2956 ἀνεῖλε.
2398 2900 2646 2969 Νοσήσας
2727 2895 2785 2953 δὲ
2868 2898 3126 2967 Ἑζεκίας,
3174 2897 3262 2953 καί
3344 2897 3564 2972 μέλλων
3654 2901 3796 2954 ἀπο-

2140 2990 2413 3061 θνήσκειν,
2445 2982 2609 3044 ἔλαϐε
2666 2974 2983 3062 προσθῇκην
3042 2984 3133 3055 ἔτη
3198 2989 3275 3043 ιε’.
3338 2988 3632 3056 Μανασσῆς
3674 2988 3798 3051 υἱὸς

2137 3078 2301 3134 αὐτοῦ
2333 3074 2425 3148 ἔτη
2458 3078 2548 3132 νε’·
2582 3076 2670 3131 καὶ
2703 3074 2921 3146 ἐποίησε
2948 3074 3011 3131 τὸ
3044 3075 3305 3151 πονηρόν.
3340 3075 3443 3134 Οἷα
3499 3074 3602 3152 γὰρ
3657 3097 3759 3131 κατ
3780 3110 3791 3116 -

2137 3166 2358 3241 ἐσκαψεν
2416 3166 2675 3235 Ἐζεκίας,
2734 3169 2900 3220 ταῦτα
2969 3165 3125 3227 οὗτος
3204 3166 3476 3242 ἀνήγειρεο
3537 3165 3626 3219 καὶ
3697 3163 3792 3239 γέ-

376 3256 505 3308 (ιωεὶ
532 3260 669 3307 sunt
700 3254 771 3308 ab
805 3253 1009 3326 angelo
1059 3254 1310 3319 185,000.
1367 3252 1642 3310 Ezechias
1699 3270 1832 3311 vero
1891 3270 2024 3311 cum

2138 3278 2293 3331 γονεν
2322 3253 2491 3317 ἄλλος
2521 3248 2807 3328 Ἱεροϐοάμ
2849 3258 2928 3326 τῷ
2979 3252 3172 3324 Ἰούδα,
3206 3253 3343 3310 ὥστε
3386 3254 3475 3309 καὶ
3530 3251 3599 3308 δι’
3628 3254 3792 3309 αὐτὸν

382 3347 711 3413 aegrotaret,
745 3347 801 3397 et
820 3342 949 3412 jam
981 3343 1301 3397 moriturus
1333 3349 1507 3411 esset,
1540 3345 1610 3399 ad
1669 3344 2027 3416 prorogatio-

380 3448 512 3485 nem
546 3431 673 3484 vitae
706 3446 889 3486 annos
923 3430 990 3484 15
1020 3431 1263 3502 accepit.
1318 3431 1618 3488 Manasses
1676 3430 1833 3488 filius
1891 3432 2027 3489 Eze-

381 3520 545 3587 chiae,
575 3536 760 3574 annos
780 3520 870 3587 55,
901 3523 959 3574 et
987 3519 1204 3574 malum
1242 3518 1395 3576 fecit.
1429 3522 1564 3586 Quas
1603 3505 1858 3592 namque
1886 3523 2028 3578 Eze-

378 3609 540 3664 chias
564 3615 726 3680 pater
746 3612 873 3678 ejus
893 3607 1211 3665 demolitus
1235 3610 1443 3677 fuerat,
1477 3610 1600 3680 ipse
1623 3609 1915 3677 restituit;
1948 3611 2029 3666 al-

379 3703 465 3753 ter
488 3698 796 3753 Jeroboam
829 3696 1020 3753 factus
1039 3695 1226 3767 Judse,
1251 3696 1331 3752 ita
1356 3702 1420 3752 ut
1438 3697 1617 3768 hujus
1666 3712 1843 3753 causa
1871 3698 2028 3753 idem

368 3788 656 3843 acciderit
684 3785 1038 3853 Jerusalem,
1071 3786 1227 3857 quod
1263 3786 1416 3842 1‘12
1448 3785 1750 3842 Samariae.
1799 3783 1880 3842 De
1928 3782 2028 3843 illo

376 3893 630 3946 namque
652 3876 870 3931 dictum
889 3880 1010 3931 est:
1037 3898 1065 3924 «
1092 3877 1199 3942 Qui
1222 3890 1463 3947 peccare
1512 3874 1643 3931 fecit
1669 3874 1880 3931 ludam
1911 3874 1975 3931 ⁸⁷.
2000 3899 2028 3925 ››

374 3967 561 4029 Quare
583 3966 719 4019 etin
772 3965 1120 4036 Babylonem
1178 3965 1447 4036 captivus
1492 3963 1783 4020 adductus
1818 3968 1926 4020 est.
1960 3965 2025 4019 In

374 4056 707 4126 captivitate
737 4060 930 4112 tamen
963 4056 1344 4123 constitutus,
1396 4056 1539 4111 utin
1564 4054 2028 4128 Paralipomenis

374 4145 661 4216 scriptum
693 4148 798 4213 est,
832 4144 1240 4216 paenitentiam
1263 4145 1382 4217 egit
1408 4161 1421 4200 :
1456 4158 1583 4216 quae
1619 4158 1798 4200 causa
1827 4142 1936 4200 fuit
1966 4149 2030 4200 ut

376 4233 546 4287 illum
583 4238 727 4288 Deus
758 4233 818 4287 in
850 4231 1180 4289 Jerusalem
1215 4234 1530 4300 reduxerit,
1565 4232 1663 4289 ubi
1694 4234 1751 4290 et
1781 4248 2027 4307 regnum

376 4322 756 4393 recuperavit.
792 4321 1108 4393 Postquam
1154 4337 1286 4377 vero
1333 4322 1736 4394 paenitentiam
1787 4324 2027 4395 egisset,

376 4415 432 4465 et
464 4411 768 4481 populum,
804 4415 866 4465 ut
915 4415 1027 4466 Deo
1086 4410 1349 4480 serviret,
1410 4410 1730 4477 docuisset,
1789 4412 2028 4469 tandem

379 4506 647 4555 mortuus
674 4504 781 4554 est.
807 4498 865 4554 in
898 4499 1133 4555 civitate
1156 4503 1353 4555 tamen
1378 4498 1555 4555 David
1582 4516 1695 4556 non
1725 4506 1815 4557 est
1837 4501 2027 4574 sepul-

2133 3350 2321 3409 παθεῖν
2351 3346 2449 3413 τήν
2485 3341 2865 3421 Ἰερουσαλήμ,
2900 3345 2974 3405 ὡς
3026 3346 3124 3411 τὴν
3170 3343 3500 3419 Σαμάρειαν.
3536 3341 3634 3398 Καὶ
3685 3342 3796 3419 γὰρ

2137 3434 2219 3489 ἐπ’
2251 3435 2417 3489 αὐτοῦ
2450 3430 2680 3508 ἐλέχθη⁶
2716 3458 2743 3484 ‹‹
2775 3434 2872 3493 ’Ὸς
2906 3431 3179 3508 ἐξήμαρτε
3232 3433 3325 3487 τὸν
3385 3429 3612 3487 Ἰούδανο
3646 3458 3674 3484 ››
3707 3429 3800 3487 διὸ

2134 3520 2224 3578 καὶ
2277 3521 2636 3598 αἰχμάλωτος
2668 3520 2897 3596 ἀπήχθη
2953 3521 3029 3583 εἷς
3090 3516 3407 3578 Βαϐυλῶνα.
3441 3517 3596 3579 Ἀλλ’
3626 3520 3678 3576 ἐν
3722 3519 3802 3597 τῇ

2138 3609 2517 3688 αἰχμαλωσίᾳ,
2553 3609 2629 3671 ὡς
2661 3609 2710 3664 ἐν
2762 3614 2878 3671 ταῖς
2938 3608 3413 3684 Παραλιπομέναις
3472 3607 3801 3686 γέγραπται,

2142 3702 2547 3774 μετανοήσαντα
2605 3698 2765 3753 αὐτὸν
2820 3697 3134 3774 ἐπέστρεψεν
3170 3699 3198 3753 6
3246 3698 3374 3760 Θεὸς
3435 3694 3509 3761 είς
3566 3698 3665 3767 τήν
3697 3702 3797 3754 Ἱεο

2139 3785 2563 3865 ρουσαλὴμ,καὶ
2615 3786 2778 3842 πάλιν
2832 3782 3155 3842 ἀντελάϐετο
3202 3794 3301 3857 τῆς
3364 3786 3659 3864 βασιλείας*
3699 3811 3798 3862 με-

2135 3883 2341 3933 τανοῶν
2373 3897 2431 3932 τε
2460 3878 2551 3932 καὶ
2579 3873 2845 3931 διδάσκων
2877 3877 2966 3931 τὸν
3029 3874 3159 3932 λαὸν
3222 3874 3496 3932 δουλεύειν
3550 3880 3629 3949 τῷ
3677 3883 3800 3951 Θεῷ

2136 3962 2507 4037 ἐτελεύτησεν.
2541 3964 2655 4022 Οὐκ
2714 3966 2879 4042 ἐτάφη
2941 3962 2999 4019 δὲ
3046 3962 3097 4019 ἐν
3156 3963 3312 4020 πόλιι
3365 3961 3548 4020 Δαϐίδ·
3582 3965 3708 4023 ἀλλ’
3739 3966 3794 4021 ἐν

2134 4060 2214 4128 τῷ
2243 4058 2406 4128 κήπῳ
2438 4055 2622 4124 αὐτοῦ,
2655 4054 2705 4109 ἐν
2738 4057 2902 4127 κήπῳ
2964 4055 3110 4123 Ὀζᾶ.
3164 4053 3349 4127 Ἀμὼς
3386 4053 3412 4109 6
3443 4056 3567 4117 υἱὸς
3626 4055 3796 4111 αὐτοῦ

2138 4139 2474 4200 ἐϐασίλευσεν
2535 4143 2626 4213 ἔτη
2693 4144 2757 4219 β’·
2812 4143 2900 4199 καὶ
2961 4143 3183 4213 ἐποίησε
3229 4145 3293 4198 τὸ
3349 4144 3613 4220 πονηρὸν,
3645 4143 3719 4207 ὡς
3765 4145 3796 4201 ὁ

2138 4232 2316 4309 πατὴρ
2350 4234 2512 4289 αὐτοῦ
2543 4236 2854 4301 Μανασσῆς·
2880 4232 2969 4287 καὶ
3030 4232 3243 4288 ἀνεῖλον
3306 4231 3463 4288 αὐτὸν
3519 4235 3571 4287 oi
3601 4231 3795 4297 παῖδες

2137 4322 2323 4391 αὐτοῦ,
2354 4323 2443 4377 καὶ
2471 4322 2637 4400 ἐτάφη
2671 4322 2721 4376 ἐν
2781 4325 2860 4393 τῷ
2904 4323 3066 4394 κήπῳ
3096 4322 3240 4391 Ὀζᾶ,
3275 4318 3400 4386 ἔνθα
3456 4320 3546 4377 καὶ
3607 4322 3636 4376 ὀ
3693 4343 3800 4378 πα-

2135 4413 2239 4483 τὴρ
2271 4410 2454 4468 αὐτοῦ.
2491 4411 2695 4473 Ἰωσίας
2731 4411 2846 4473 υἱὸς
2878 4410 3041 4464 αὐτοῦ
3071 4408 3161 4480 ἔτη
3212 4410 3315 4468 λα’,
3348 4414 3547 4466 Τοῦτον
3580 4411 3608 4466 ὁ
3660 4408 3797 4475 λαὸς

2137 4497 2320 4576 ἤγειρε
2356 4499 2600 4576 βασιλέα,
2636 4500 2765 4555 ἐτῶν
2798 4494 2926 4554 ὄντα
2975 4498 3137 4554 ὀκτὼ
3170 4501 3259 4554 καὶ
3310 4496 3530 4571 ἐποίησε
3582 4500 3646 4556 τὸ
3707 4501 3795 4558 εὖ-

378 4596 495 4657 tus,
530 4591 631 4645 sed
664 4589 721 4642 in
754 4587 920 4643 horto
954 4604 1085 4656 suo,
1118 4588 1179 4643 in
1208 4588 1376 4644 horto
1408 4588 1579 4644 Hoza.
1640 4592 1816 4645 Amos
1871 4588 2029 4646 ﬁlius

2138 4589 2222 4650 Θὶς
2252 4588 2302 4642 ἐν
2336 4590 2479 4662 πάσῃ
2528 4586 2638 4660 ὁδῷ
2696 4584 3005 4657 Δαϐὶδ,καὶ
3066 4586 3163 4642 οὐκ
3218 4588 3420 4660 ἀπέστη
3479 4586 3644 4660 δεξιᾷ,
3669 4587 3803 4647 οὖδὶ

377 4680 501 4748 ejus
524 4677 784 4750 regnavit
804 4694 988 4733 annos
1016 4677 1186 4743 duos,
1205 4682 1262 4733 et
1280 4676 1413 4732 fecit
1453 4676 1606 4747 quod
1637 4675 1857 4733 malum
1880 4683 2026 4749 erat,

378 4769 531 4823 sicut
554 4773 709 4837 pater
731 4767 858 4837 ejus
882 4770 1177 4821 Manassae
1202 4770 1259 4820 et
1279 4765 1621 4820 occiderunt
1643 4762 1813 4820 illum
1862 4765 2028 4837 pueri

376 4856 584 4927 ipsius,
610 4855 997 4927 sepultusque
1022 4859 1113 4909 est
1155 4854 1215 4909 in
1269 4853 1441 4909 horto
1475 4854 1647 4922 Hoza,
1682 4854 1740 4908 in
1773 4868 1891 4925 quo
1937 4870 2026 4911 se-

380 4946 579 5017 pultus
611 4951 701 4999 est
730 4950 787 4999 et
818 4948 981 5015 pater
1011 4942 1222 5014 ipsius.
1255 4941 1451 4999 Josias
1484 4941 1642 4997 ﬁlius
1673 4942 1798 5012 ejus
1828 4957 2030 5017 regna-

379 5036 462 5089 vit
494 5051 680 5089 annos
711 5034 797 5088 3i.
833 5037 1000 5088 Hunc
1049 5031 1323 5104 populus
1353 5047 1547 5105 regem
1603 5032 1837 5097 creavit,
1895 5046 2029 5088 cum

380 5140 567 5179 annos
600 5128 726 5178 octo
757 5127 929 5178 natus
960 5125 1135 5191 esset,
1168 5127 1228 5177 et
1259 5120 1393 5177 iecit
1424 5120 1580 5193 quod
1613 5125 1834 5177 rectum
1884 5126 2030 5192 erat,

382 5212 815 5283 ambulavitque
838 5212 897 5265 in
921 5210 1081 5266 omni
1104 5208 1198 5265 via
1222 5210 1421 5280 David,
1446 5226 1550 5266 nec
1601 5208 1914 5267 declinavit
1957 5212 2030 5269 ad

383 5303 699 5370 dexteram,
727 5300 814 5356 vel
846 5298 917 5355 ad
951 5298 1281 5355 sinistram.
1314 5297 1542 5355 Etenim
1577 5298 1737 5356 lucos
1762 5300 2031 5369 succidit,

380 5396 436 5446 et
466 5392 664 5446 omnia
695 5387 1013 5445 simulacra
1043 5387 1306 5460 sustulit,
1339 5405 1472 5444 cum
1530 5404 1819 5444 annorum
1878 5392 2034 5446 esset

383 5481 637 5536 sedecim
667 5498 679 5539 :
711 5478 899 5551 legem
931 5493 1065 5534 vero
1092 5476 1193 5533 Dei
1222 5478 1507 5548 quaesivit,
1541 5482 1597 5533 et
1652 5493 1786 5534 cum
1836 5477 2033 5551 negle-

457 5694 500 5728 ⁸⁸
536 5693 580 5747 Il
617 5692 801 5749 Paral.
836 5709 1025 5760 xxxvx,
1063 5693 1147 5747 18.
1225 5692 1268 5726 ⁸⁷
1303 5692 1347 5746 II
1382 5689 1565 5747 Paral.
1599 5707 1785 5759 XXXIX,
1815 5692 1869 5746 9.

2135 4676 2408 4753 ἀριστερᾷ.
2442 4676 2539 4731 Καὶ
2596 4677 2695 4753 γὰρ
2753 4677 2842 4731 καὶ
2898 4677 2965 4731 τὰ
3020 4675 3160 4748 ἄλση
3210 4675 3447 4752 ἐξέκοψε,
3482 4676 3570 4733 καὶ
3618 4680 3686 4735 τὰ
3721 4676 3801 4734 εἷ’·-

2137 4760 2290 4819 δωλα
2319 4764 2490 4819 πάντα
2520 4765 2757 4837 καθεῖλε,
2789 4764 3080 4841 γενόμενος
3123 4765 3252 4821 ἐτῶν
3308 4769 3392 4831 ις’.
3451 4766 3541 4822 τόν
3586 4788 3644 4822 τε
3700 4765 3801 4822 νό-

2140 4875 2239 4927 μον
2304 4856 2563 4925 ζητήσας,
2594 4854 2682 4908 καὶ
2732 4855 2900 4931 εὑρὼν
2961 4853 3321 4928 ἀμεληθέντα,
3376 4858 3796 4932 ἀναγνωσθῆναι

2135 4939 2422 5014 πεποίηκε.
2458 4943 2553 4998 Κυὶ
2580 4944 2644 4998 τὸ
2677 4945 2870 5019 Πάσχα
2899 4943 3141 5020 ἐκήρυξε,
3171 4944 3261 4998 καὶ
3322 4942 3575 5016 ἐποίησεν
3639 4946 3797 5013 αὐτο,

2138 5032 2212 5094 ὡς
2244 5032 2564 5110 γέγραπται.
2598 5037 2794 5088 Τοῦτον
2829 5030 2886 5087 δὶ
2942 5032 3122 5088 ἀνεῖλε
3181 5033 3384 5109 Φαραὼ
3444 5034 3641 5110 Νεχαὼ
3700 5030 3796 5089 ἐπὶ

2135 5124 2232 5176 τοῦ
2306 5121 2611 5200 Εὐφράτου,
2689 5118 3143 5199 φιλονεικήσαντα
3220 5122 3356 5199 πρὸς
3424 5121 3605 5178 αὐτόν.
3668 5122 3798 5179 Ἐπὶ

2136 5208 2331 5266 τούτου
2362 5210 2621 5285 Ἱερεμίας
2655 5208 2745 5264 καὶ
2792 5211 3056 5289 Σοφονίας
3087 5213 3219 5280 ἦσαν
3276 5212 3329 5266 οἱ
3377 5214 3674 5290 προφῆται,
3702 5212 3798 5267 καὶ

2139 5296 2306 5355 Ὠλδὰ
2334 5302 2368 5368 ἡ
2402 5305 2697 5376 προφῆτις,
2731 5300 2867 5374 γυνή
2924 5299 3130 5369 Σελλῆ.
3165 5298 3403 5376 Ἰωάχαζ
3451 5301 3567 5361 υἱὸς
3627 5301 3799 5357 αὐτοῦ

2144 5395 2317 5462 μῆνας
2373 5392 2538 5464 τρεῖς·
2573 5387 2660 5442 καὶ
2720 5388 2941 5459 ἐποίησε
2987 5390 3049 5444 τὸ
3080 5390 3346 5463 πονηρὸν,
3375 5387 3467 5444 καὶ
3529 5388 3797 5462 μετέστη-

2140 5497 2225 5531 σεν
2286 5476 2446 5531 αὐτὸν
2501 5476 2702 5552 Φαραὼ
2735 5478 2953 5552 Νεχαώ·
2988 5477 3086 5532 Καὶ
3120 5477 3206 5532 ἐπὶ
3253 5475 3452 5533 τούτου
3508 5480 3573 5548 ἦν
3626 5476 3797 5555 Ἱερε-
