4136 6218
156 8 167 15 -τ
608 30 611 31 ν
706 24 727 35 0
776 0 895 23 νγ*-

514 34 517 35 ,
616 34 627 51 .
662 36 669 45 ι

202 0 503 89 ml."
540 0 613 81 gl
698 0 749 79 εἳ

306 88 391 103 ,λθ-,ν

282 347 392 408 325

1349 341 1733 403 SYNOPSIS
1780 342 2248 405 SCRIPTURIE
2288 339 2588 404 SACRE.

3554 344 3677 408 326

290 477 423 549 μίας.
453 474 745 546 Ἐλιαιιεὶμ
768 470 950 546 ἕτερος
984 473 1101 536 υἱὸς
1149 471 1382 541 Ἰωσίου,
1428 470 1487 533 ὃς
1533 470 1624 526 καὶ
1677 490 1913 545 μετωνο-

2057 474 2206 529 ιιίαω
2227 474 2685 546 invenisset,legi
2717 474 2961 540 curavit,
2987 490 3054 529 ao
3074 474 3299 531 Pascha
3336 479 3678 547 praedicavit

288 567 449 639 μάσθη
510 564 788 636 Ἰωαχεὶμ,
844 561 937 633 ἔτη
1002 563 1086 617 ια’·
1144 562 1235 617 καὶ
1293 560 1518 631 ἐποίησε
1546 561 1609 615 τὸ
1656 560 1922 635 πονηρόν.

284 653 525 725 Ἰωακεῖμ
579 653 608 706 6
664 652 753 706 καὶ
814 649 1081 727 Ἰεχονίας
1139 651 1254 711 υἱὸς
1300 648 1463 703 αὐτοῦ
1500 656 1676 721 μῆνας
1706 650 1771 725 γ’⁶
1831 648 1919 704 καὶ

288 742 494 812 ἐποίησε
520 742 582 795 τὸ
611 740 875 815 πονηρὸν,
908 739 999 794 καὶ
1028 739 1259 814 ἀπήχθη
1292 737 1369 793 εἷς
1402 733 1731 795 Βαϐυλῶνα.
1777 745 1924 794 Μαν-

286 831 431 887 Θανὰν
486 831 601 892 υἱὸς
659 828 846 886 αὐτοῦ.
900 833 1098 884 Τοῦτον
1151 822 1655 903 Ναϐουχοδονόσωρ
1701 825 1925 897 ἐποίησε

290 919 521 996 βασιλία,
572 918 662 973 καὶ
722 918 1079 991 μετωνόμασε
1133 917 1291 971 αὐτὸν
1324 913 1629 971 Σεδεκίαν.
1667 915 1765 970 Καὶ
1796 910 1925 969 ἐϐα-

287 1007 515 1064 σίλευσεν
576 1005 671 1077 ἔτη
733 1013 816 1061 ια’·
877 1006 966 1061 καὶ
1025 1005 1247 1075 ἐποίησε
1299 1006 1362 1060 τὸ
1408 1003 1669 1077 πονηρόν.
1702 1003 1806 1060 Καὶ
1837 1002 1924 1059 ἰπὶ

285 1098 471 1152 τούτου
517 1099 583 1165 ἦν
639 1094 928 1171 Ἱερεμίας.
975 1097 1117 1156 "Eun;
1170 1094 1369 1150 τούτου
1431 1096 1465 1163 ἡ
1525 1092 1776 1169 βασιλεία
1828 1096 1927 1147 τοῦ

286 1184 453 1243 Ἰούδα
499 1185 732 1260 ἐκράτει,
794 1185 885 1239 καὶ
941 1182 1233 1249 κατελύθη,
1295 1181 1479 1255 ὥσπερ
1534 1182 1623 1236 καὶ
1680 1187 1781 1249 τῆς
1816 1184 1928 1235 Σα-

290 1275 522 1351 μαρείας,
574 1275 664 1329 καὶ
719 1275 822 1350 γὰρ
884 1272 972 1327 καὶ
1032 1275 1066 1342 ἡ
1124 1269 1288 1332 πόλις
1349 1268 1517 1340 ἑάλω,
1585 1267 1674 1324 καί
1740 1267 1929 1329 πάντες

287 1366 602 1439 ἀπήχθησαν
669 1361 1024 1437 αἰχμάλωτοι
1100 1359 1177 1421 εἷς
1256 1353 1559 1415 Βαϐυλῶνα
1630 1357 1767 1429 μετὰ
1819 1362 1927 1412 τῶν

286 1458 475 1507 σκευῶν
485 1496 497 1508 .

2032 562 2482 634 celebravitque,
2514 563 2670 618 sicut
2727 564 3012 633 scriptum
3073 569 3181 618 est.
3243 564 3408 620 Hunc
3466 568 3679 622 occidit

2033 649 2254 705 Pharao
2280 651 2510 706 Nechao
2540 653 2611 705 ad
2645 652 3024 723 Euphratem,
3058 668 3191 707 cum
3216 655 3508 708 contentio
3534 656 3686 710 inter

2032 755 2132 794 eos
2161 743 2290 793 orta
2317 744 2492 794 esset.
2527 739 2716 810 Hujus
2776 745 3035 811 tempore
3091 741 3332 796 fuerunt
3386 745 3682 815 prephetaa

2030 827 2337 883 Jeremias.
2362 828 2690 899 SOphonias
2703 833 2760 884 et
2774 828 2920 885 Olda
2932 829 3324 902 prophetissa,
3346 847 3490 886 uxor
3510 832 3681 889 Selle.

2032 915 2248 972 Joakaz
2278 915 2435 972 ﬁlius
2467 918 2595 989 ejus
2627 919 2892 990 regnavit
2948 934 3182 974 menses
3239 925 3380 988 tres,
3442 928 3498 976 et
3553 922 3688 977 fecit

2034 1005 2185 1075 quod
2219 1004 2437 1061 malum
2466 1012 2607 1074 erat,
2644 1007 3061 1078 transtulitque
3092 1008 3254 1064 illum
3301 1009 3522 1065 Pharao
3580 1012 3686 1069 Ne-

2036 1093 2221 1149 chao:
2254 1095 2364 1149 sub
2396 1095 2503 1150 hoc
2534 1111 2768 1167 quoque
2800 1096 2945 1150 vixit
2975 1096 3278 1152 Jeremias.
3307 1098 3554 1154 Eliakim
3611 1099 3689 1153 a1-

2040 1189 2124 1237 ler
2171 1181 2329 1238 ﬁlius
2352 1182 2654 1255 Josias,qui
2678 1190 2734 1239 et
2752 1185 2980 1239 Joakim
3002 1189 3225 1239 mutato
3241 1188 3475 1241 nomine
3497 1190 3691 1243 dictus

2039 1277 2146 1337 est,
2182 1272 2446 1341 regnavit
2476 1288 2662 1327 annos
2694 1274 2780 1339 11,
2812 1277 2867 1327 et
2898 1274 3036 1329 fecit
3065 1274 3219 1343 quod
3263 1274 3484 1331 malum
3542 1282 3684 1331 erat.

2038 1358 2293 1427 Joakim,
2325 1362 2427 1432 qui
2450 1366 2509 1416 et
2534 1361 2849 1417 Jechonias
2882 1362 3038 1417 ﬁlius
3069 1362 3217 1431 ejus,
3249 1365 3514 1435 regnavit
3536 1380 3691 1419 men-

2042 1465 2136 1504 ses
2170 1456 2309 1518 tres,
2340 1456 2397 1504 et
2456 1450 2593 1506 fecit
2647 1452 2801 1523 quod
2863 1451 3085 1507 malum
3144 1457 3270 1507 erat
3332 1453 3691 1508 translatus-

291 1569 396 1625 que
423 1552 599 1608 estin
633 1551 1010 1624 Babylonem.
1043 1549 1357 1605 Mathanan
1390 1548 1549 1604 ﬁlius
1593 1549 1744 1619 ejus.
1801 1547 1968 1603 Nunc
2023 1546 2561 1603 Nabuchodonosor
2617 1550 2923 1605 constituit
2983 1567 3201 1623 regem,
3256 1552 3686 1622 Sedekiamque

292 1646 503 1696 mutato
534 1640 771 1696 nomine
802 1639 1065 1706 vocavit;
1097 1638 1365 1710 regnavit
1389 1653 1573 1694 annos
1607 1638 1696 1703 11,
1726 1641 1785 1693 et
1816 1635 1951 1691 fecit
1979 1637 2135 1707 quod
2171 1636 2391 1691 malum
2424 1643 2568 1693 erat.
2605 1639 2721 1693 Sub
2751 1637 2866 1693 isto
2923 1655 3156 1711 quoque
3206 1645 3332 1695 erat
3377 1641 3684 1695 Jeremias.

294 1731 405 1785 Huc
431 1746 617 1802 usque
645 1729 879 1784 duravit
909 1744 1155 1801 regnum
1184 1727 1357 1793 Juda,
1390 1733 1648 1797 tuncque
1679 1726 2028 1781 subversum
2062 1729 2171 1794 est,
2233 1725 2387 1780 sicut
2441 1732 2499 1781 et
2558 1743 2803 1798 regnum
2864 1728 3143 1785 Samaria
3171 1747 3185 1797 ;
3244 1731 3387 1785 urbs
3439 1746 3693 1800 namque

287 1819 648 1891 (Jerusalem)
680 1820 849 1890 capta
878 1822 937 1873 et
968 1816 1221 1873 universi
1254 1817 1312 1870 in
1344 1815 1699 1888 Babylonem
1730 1813 1965 1885 captivi,
1998 1831 2134 1870 cum
2164 1815 2342 1879 vasis,
2375 1816 2608 1871 abducti
2643 1821 2802 1872 sunt.

356 1911 516 1977 Ὁμοῦ
546 1905 600 1960 οἱ
649 1900 932 1981 γεγονότες
984 1903 1226 1979 βασιλεῖς
1274 1902 1640 1979 Ἰερουσαλὴμ
1677 1902 1784 1957 ἀπὸ
1838 1904 1937 1955 τοῦ

2118 1903 2303 1975 Reges
2332 1904 2531 1976 itaque
2562 1906 2620 1959 in
2649 1906 2976 1962 Jerusalem
3000 1924 3034 1964 a
3058 1908 3268 1964 Davide
3292 1924 3477 1980 usque
3507 1909 3577 1962 ad
3602 1924 3694 1962 ca-

294 1990 448 2050 Δαϐὶδ
478 1994 565 2050 καὶ
603 1993 766 2070 μέχρι
796 2000 895 2063 τῆς
938 1993 1012 2054 είς
1066 1987 1371 2050 ΒαόυΛῶνα
1414 1990 1799 2068 αἰχμαλωσίας
1859 1988 1934 2043 εί-

291 2106 403 2139 κοσι
430 2085 519 2139 καὶ
552 2083 656 2151 εἷς⁹
685 2084 807 2138 ἄνευ
839 2080 1099 2152 δηλονότι
1154 2088 1254 2151 τῆς
1286 2080 1569 2147 Γοθολίας,
1614 2078 1936 2155 βασιλευσάι

295 2195 386 2243 σης
430 2173 518 2228 καὶ
548 2172 740 2244 αὐτῆς,
800 2172 878 2234 ὡς
922 2169 1159 2247 εἷ’ρηται,
1214 2170 1348 2243 μετὰ
1392 2168 1651 2238 τελευτὴν
1685 2172 1784 2223 τοῦ
1814 2168 1936 2223 υἱσῦ

293 2263 451 2331 αὐτῆς
483 2261 735 2337 Ὀχοζίου
766 2258 858 2332 ἔτη
892 2260 1045 2315 ἑπτά·

844 2366 1096 2429 Βασιλεῖς
1127 2366 1371 2440 Ἰσραήλ.

366 2463 445 2517 18.
476 2459 635 2528 Ἑξῆς
667 2454 733 2511 δᾶ
763 2457 956 2533 ῥητὲον
986 2457 1074 2511 καὶ
1104 2455 1229 2532 περὶ
1256 2460 1366 2512 τῶν
1409 2454 1462 2509 ἐν
1517 2455 1798 2530 Σαμαρείᾳ
1848 2474 1936 2529 γει

294 2549 529 2619 νομένων
593 2544 859 2622 βασιλὲων
916 2549 1015 2600 τοῦ
1075 2544 1318 2621 Ἰσραήλ·
1383 2548 1502 2605 πῶς
1558 2564 1618 2598 τε
1690 2542 1941 2598 ἐκαλεῖτο

296 2636 503 2697 ἕκαστος
547 2635 785 2708 τούτων,
834 2634 924 2689 καὶ
954 2633 1096 2689 πόσα
1125 2628 1465 2689 ἐϐασίλευσεν
1495 2627 1612 2704 ἔτη,
1668 2631 1757 2686 καὶ
1788 2631 1939 2692 ὅπως

212 2722 215 2725 λ
298 2720 533 2780 ἐϐίωσεν.

363 2818 589 2889 Πρῶτος
625 2807 915 2887 Ἰεροϐοᾶμ
943 2812 1058 2874 υἱὸς
1088 2806 1274 2874 Ναϐαθ
1320 2806 1661 2865 ἐϐασίλευσεν
1720 2808 1774 2864 ἐν
1834 2814 1944 2862 Σα-

302 2903 507 2977 μαρείᾳ,
585 2900 902 2977 σχισθείσης
987 2902 1087 2969 τῆς
1173 2899 1478 2976 βασιλείας,
1550 2897 1795 2953 ἀνελθὼν
1847 2896 1942 2950 ἀπ’

294 2994 591 3067 Αἰγύπτου.
650 2990 747 3046 Καὶ
793 2989 1018 3060 ἐποίησε
1072 2989 1135 3044 τὸ
1192 2986 1436 3064 πονηρὰν
1494 2988 1572 3049 ὡς
1620 2984 1799 3048 οὐδεὶς
1826 2982 1946 3040 ἓτε-

298 3103 407 3159 ρος.
438 3075 805 3153 Φοῦούμενος
833 3078 936 3155 γὰρ
972 3080 1046 3151 μὴ
1076 3074 1380 3150 καταλυθῇ,
1408 3075 1630 3146 ἐποίησε
1678 3073 1944 3147 δαμάλεις

295 3175 492 3247 χρυσᾶς
525 3166 653 3237 δύο,
683 3167 774 3222 καὶ
803 3166 1052 3237 ἡπάτησε
1077 3168 1171 3221 τὸν
1201 3165 1330 3221 λαὸν
1378 3164 1577 3240 λέγων·
1615 3189 1641 3215 ‹‹
1699 3162 1860 3219 Οὗτυι
1892 3165 1945 3218 οἱ

2046 1992 2368 2063 ptivitatem
2397 1994 2805 2066 Babylonicam
2831 1998 3067 2052 fuerunt
3085 1997 3289 2069 viginti
3316 2012 3469 2052 unus
3498 2015 3511 2051 :
3547 2014 3691 2068 praa~

2042 2086 2131 2137 ter
2162 2079 2516 2149 Gotholiam,
2548 2100 2678 2154 qua
2709 2089 2767 2139 et
2794 2085 2925 2155 ipsa
2954 2084 3108 2141 sicut
3135 2086 3362 2141 dictum
3395 2091 3506 2152 est,
3566 2090 3697 2156 post

2046 2169 2307 2226 Oobosia
2336 2168 2441 2225 ﬁlii
2475 2177 2725 2228 mortem
2757 2178 2981 2245 septem
3014 2191 3201 2231 annos
3234 2175 3521 2248 regnavit.

2674 2370 2838 2438 Reges
2866 2369 3060 2425 Israel.

2119 2456 2207 2512 18.
2241 2461 2678 2529 Consequenter
2708 2463 2765 2513 et
2794 2459 2865 2513 de
2895 2459 3132 2531 regibus
3164 2460 3363 2531 Israel,
3383 2461 3482 2532 qui
3507 2461 3564 2515 in
3589 2462 3693 2516 Sa-

2049 2544 2235 2602 maria
2266 2551 2603 2619 regnarunt,
2637 2546 2952 2602 dicendum
2984 2553 3107 2603 est:
3140 2564 3369 2621 nempe,
3394 2566 3507 2621 quo
3536 2551 3694 2620 quis-

2050 2648 2164 2706 que
2192 2636 2432 2690 vocatus
2461 2634 2540 2690 sit
2568 2634 2826 2700 nomine,
2859 2641 3005 2706 quot
3034 2652 3218 2691 annos
3261 2638 3607 2709 regnaverit,
3643 2642 3699 2691 et

2049 2724 2344 2794 quomodo
2370 2722 2598 2779 vixerit.

2120 2808 2430 2868 Jeroboam
2452 2812 2608 2867 ﬁlius
2631 2812 2855 2868 Nabath
2884 2829 3036 2878 ,cum
3057 2814 3306 2870 redisset
3328 2829 3395 2870 ex
3434 2817 3695 2887 Egypto,

2051 2899 2236 2956 diviso
2270 2914 2445 2971 regno
2477 2901 2704 2971 primus
2734 2902 3002 2973 regnavit
3030 2902 3089 2958 in
3118 2902 3403 2959 Samaria.
3456 2907 3540 2958 Ita
3588 2920 3697 2958 au-

2052 2992 2170 3044 tem
2201 2988 2356 3059 quod
2392 2988 2615 3043 malum
2645 2994 2771 3045 erat
2799 2990 2952 3056 fecit,
2985 2996 3046 3045 ut
3079 2989 3292 3046 similis
3323 2990 3409 3046 illi
3441 3009 3555 3047 non
3577 2994 3698 3049 fue-

2054 3077 2149 3133 rit.
2180 3077 2415 3133 Veritus
2444 3077 2601 3133 enim
2632 3092 2705 3133 ne
2752 3094 2999 3151 regnum
3059 3080 3187 3150 ejus
3243 3080 3698 3150 dissolveretur;

2054 3167 2203 3222 duos
2232 3182 2440 3222 aureos
2467 3165 2681 3222 vitulos
2712 3167 2866 3237 fecit,
2897 3174 2952 3223 et
2984 3168 3265 3240 populum
3298 3171 3551 3238 seduxit,
3612 3171 3700 3226 di-

294 3260 399 3323 θεοί
428 3259 565 3314 εἰσιν
601 3258 653 3312 οἱ
682 3256 1035 3333 ἀναγαγόντες
1066 3258 1214 3327 ἡμᾶς
1245 3254 1297 3326 ἐξ
1335 3253 1633 3332 Αἰγύπτου.
1682 3278 1715 3344 ξ)Δ
1740 3251 1941 3308 Ἐπλά-

2057 3271 2192 3311 cens
2217 3268 2233 3311 :
2263 3274 2290 3307 ι
2327 3255 2397 3311 Hi
2428 3259 2569 3311 sunt
2597 3255 2676 3310 dii
2708 3256 2808 3327 qui
2856 3256 3184 3313 eduxerunt
3241 3275 3348 3314 nos
3403 3277 3472 3314 ex
3528 3262 3695 3333 lEgy-

293 3369 416 3403 σατο
446 3345 505 3402 δὲ
552 3345 644 3402 καὶ
702 3347 877 3423 ἱερέας
928 3344 1137 3415 αὐταῖς,
1167 3344 1257 3399 καὶ
1288 3344 1463 3406 οὕτως
1491 3343 1649 3405 αὐτὸς
1678 3342 1947 3417 ἐξήμαρτε

292 3440 380 3493 τὸν
409 3434 655 3512 Ἰσραήλ.
706 3436 871 3507 Αὐτῷ
920 3434 1021 3511 γὰρ
1071 3433 1266 3495 πάντες
1298 3434 1350 3487 οἱ
1385 3438 1496 3506 μετ’
1524 3432 1686 3487 αὐτὸν
1714 3451 1957 3502 κατηκο-

297 3529 593 3596 Αοῦθησαν.
615 3519 829 3580 Ἐϐασί)
845 3545 965 3579 ευσε
994 3521 1051 3579 δε
1080 3518 1173 3592 ἔτη
1200 3520 1299 3579 κδ’.
1334 3518 1452 3577 Ἐπὶ
1482 3526 1671 3577 τοῦτον
1712 3522 1777 3591 ἦν
1809 3540 1946 3597 προ-

294 3620 471 3695 Ῡήτης
501 3617 667 3690 Ἀχιᾶ
697 3615 725 3668 6
760 3612 1109 3682 Σηλωνίτης,
1140 3612 1228 3667 καὶ
1279 3613 1308 3666 6
1357 3610 1813 3684 ἐπικαλεσάμενος
1860 3609 1947 3664 ἐπὶ

294 3707 355 3761 τὸ
377 3704 763 3778 θυσιαστήριον
796 3704 912 3757 κατ’
944 3701 1132 3759 αὐτοῦ.

366 3788 556 3857 Ναϐἁθ
585 3793 701 3853 υἱὸς
731 3792 897 3846 αὐτοῦ
922 3787 1016 3861 ἔτη
1055 3791 1123 3866 β’*
1154 3789 1245 3844 καὶ
1294 3788 1515 3859 ἐποίησε
1568 3789 1632 3844 τὸ
1681 3788 1946 3863 πονηρόν.

294 3884 387 3939 Καὶ
422 3882 529 3937 οὐκ
574 3878 655 3936 ἔτι
711 3884 808 3935 τοῦ
836 3882 1023 3957 γένους
1054 3879 1220 3934 αὐτοῦ
1250 3873 1580 3934 ἐϐασίλευσε.
1644 3880 1826 3934 Βαασᾶ
1854 3875 1952 3932 ἆλ-

293 3972 395 4027 λου
452 3971 646 4045 γὲνους
703 3967 796 4039 ἔτη
857 3965 956 4023 κδ’·
1016 3969 1106 4024 καὶ
1151 3967 1374 4038 ἐποίησε
1420 3968 1483 4021 τὸ
1525 3966 1781 4043 πονθρόν.
1816 3966 1955 4022 ἨΑὰ

290 4064 407 4123 υἱὸς
461 4060 629 4115 αὐτοῦ
672 4056 769 4129 ἔτη
817 4058 882 4134 β’⁶
938 4058 1027 4112 καὶ
1086 4057 1311 4128 ἐποίησε
1336 4057 1398 4111 τὸ
1429 4055 1691 4132 πονηρόν.
1726 4055 1823 4113 Καὶ
1855 4055 1957 4111 οὐκ

292 4150 369 4207 ἔτι
402 4153 507 4206 τοῦ
563 4151 755 4226 γένους
805 4146 969 4203 αὐτοὖ
1026 4140 1363 4202 ἆϐασίλευσε.
1423 4139 1648 4220 Ζαμϐρῆ
1708 4147 1822 4219 (12)
1848 4144 1956 4200 ὲτέο

292 4261 390 4315 ρον
455 4240 648 4314 γὲνους
707 4235 803 4307 ἔτη
850 4237 938 4312 ιβ’·
978 4236 1069 4291 καὶ
1102 4234 1328 4305 ἐποίησε
1356 4234 1420 4290 τὸ
1449 4233 1707 4310 πονηρόν.
1739 4229 1953 4310 Ἀχαὰό

292 4333 411 4392 υἱὸς
462 4329 629 4384 αὐτοῦ
671 4326 767 4396 ἔτη
826 4327 932 4400 κβ”
994 4324 1086 4379 καὶ
1142 4322 1366 4394 ἐποίησε
1403 4323 1466 4377 τὸ
1496 4324 1735 4398 πονηρὸν
1784 4321 1954 4378 πλέον

288 4418 403 4475 τῶν
468 4416 680 4473 ἄλλων.
737 4414 859 4470 Ἐπὶ
912 4413 1110 4469 τούτου
1156 4414 1433 4491 προφῆται
1481 4413 1617 4481 ἦσαν
1642 4411 1834 4473 Ἠλίας
1863 4411 1954 4466 καὶ

290 4509 615 4569 Ἐλισσαῖος
689 4505 779 4560 καὶ
856 4503 1118 4579 Μιχαίας,
1189 4502 1280 4557 καὶ
1357 4503 1386 4556 6
1443 4500 1822 4571 προφητεύσας
1875 4504 1955 4572 τῷ

287 4591 517 4673 Ἄχαὸὸ
576 4595 701 4670 περί
756 4600 858 4663 τῆς
902 4591 1101 4669 Συρίας
1148 4592 1237 4647 καὶ
1286 4588 1384 4645 τοῖ’)
1413 4590 1534 4644 υἱοῦ
1578 4586 1758 4665 Ἄδερ,
1786 4590 1875 4644 καὶ
1925 4589 1954 4644 6

286 4686 537 4757 πατάξας
598 4682 758 4738 αὐτὸν
817 4681 1108 4756 τραύματι,
1157 4680 1246 4734 καὶ
1307 4675 1526 4754 ἐλέγξας
1555 4679 1649 4733 τὸν
1716 4673 1954 4753 Ἀχαὰϐ,

284 4773 385 4828 καὶ
418 4772 633 4829 πολλοὶ
663 4773 782 4835 καθ’
811 4769 1032 4831 ὶαυτοὺς
1060 4768 1174 4823 υἱοὶ
1202 4772 1311 4824 τῶν
1339 4772 1655 4844 προθητῶν,
1704 4768 1956 4842 Ὀχοζίας

286 4863 417 4924 υἱὸς
452 4861 619 4918 αὐτοῦ
679 4857 773 4929 ἔτη
956 4859 1047 4912 καὶ
1078 4855 1302 4927 ἐποίησε
1328 4857 1395 4912 τὸ
1421 4855 1684 4930 πονηρόν.
1718 4855 1815 4911 Καὶ
1867 4855 1956 4911 ἐπὶ

282 4950 503 5005 τούτου
552 4949 691 5018 ἦσαν
738 4946 927 5008 Ἠλίας
974 4947 1063 5001 καὶ
1113 4943 1442 5006 Ἐλισσαῖος.
1477 4944 1655 4999 Αὐτοῦ
1682 4944 1784 5019 γὰρ
1830 4945 1959 5006 τοὺς

288 5039 823 5113 πεντηκοντάρχους
856 5034 1108 5105 ἐπάταξεν
1143 5032 1194 5088 ἰν
1225 5032 1355 5108 πυρὶ
1385 5030 1577 5095 Ἠλίας
1633 5032 1684 5087 ἐν
1748 5033 1958 5109 ματε

288 5126 525 5193 Κυρίου.
587 5125 846 5200 Ίωαρὰμ,
904 5124 1021 5185 υἱὸς
1078 5120 1261 5198 ἕτερος
1311 5116 1547 5197 Ἀχαὰϐ,
1593 5120 1684 5193 ἔτη
1719 5123 1805 5195 ιβ’·
1866 5121 1955 5176 καὶ

286 5214 529 5284 ἐποίησε
577 5214 643 5269 τὸ
689 5211 946 5288 πονηρόν.
1006 5210 1104 5266 Καὶ
1156 5207 1259 5266 οὐκ
1302 5206 1380 5264 ἔτι
1419 5214 1518 5264 τοῦ
1548 5208 1737 5284 γένους
1793 5209 1957 5264 αὐτοῦ

286 5298 646 5360 ἐϐασίλευσε.
679 5303 777 5357 Καὶ
810 5302 840 5356 6
872 5320 967 5376 μὶν
1002 5297 1191 5362 Ἠλίας
1252 5298 1341 5353 ἐπὶ
1394 5298 1591 5353 τούτου
1648 5295 1954 5374 ἀνελήφθη.

374 5454 429 5490 ⁸⁸
462 5456 537 5513 ΙΙΙ
566 5454 706 5528 Reg.
740 5470 841 5520 ιιι,
871 5453 963 5507 28.

2059 3349 2159 3417 pto
2187 3345 2252 3399 ⁸⁸.
2279 3365 2309 3394 η
2332 3344 2597 3400 Instituit
2614 3345 2791 3400 etiam
2820 3345 2966 3417 ipsis
2998 3348 3350 3419 sacerdotes,
3384 3354 3559 3421 atque
3620 3351 3702 3405 ita

2058 3449 2296 3506 peccare
2324 3434 2458 3490 fecit
2491 3433 2785 3489 lsraelem.
2819 3438 3018 3506 Ipsum
3070 3436 3229 3491 enim
3260 3453 3466 3493 omnes
3499 3445 3701 3509 postea

2058 3539 2223 3595 reges
2253 3522 2466 3579 imitati
2495 3528 2637 3579 sunt
2663 3540 2679 3592 ;
2712 3524 2983 3595 regnavit
3002 3529 3198 3581 autem
3230 3543 3416 3583 annos
3444 3528 3534 3597 24,
3587 3528 3697 3582 sub

2057 3612 2165 3667 hoc
2186 3616 2312 3667 erat
2340 3612 2624 3684 propheta
2652 3612 2835 3668 Achia
2890 3612 3170 3679 Selonita.
3227 3620 3285 3671 et
3341 3617 3442 3688 qui
3498 3622 3702 3672 contra

2056 3700 2254 3772 ipsum
2284 3716 2460 3770 super
2489 3700 2674 3757 altare
2700 3700 3050 3758 vociferatus
3091 3708 3200 3758 est.

2128 3788 2354 3845 Nabath
2387 3790 2547 3846 ﬁlius
2575 3790 2703 3859 ejus
2735 3791 2996 3862 regnavit
3022 3805 3208 3846 annos
3242 3791 3411 3862 duos,
3452 3798 3507 3846 et
3569 3794 3705 3848 fecit

2060 3879 2215 3950 quod
2249 3878 2468 3934 malum
2499 3884 2642 3934 erat.
2676 3878 2792 3933 Nec
2822 3878 3078 3950 amplius
3113 3885 3243 3950 post
3273 3878 3441 3934 illum
3478 3882 3547 3935 de
3605 3898 3703 3953 ge-

2062 3980 2199 4022 nere
2218 3968 2407 4037 ipsius
2426 3968 2720 4038 quispiam
2745 3966 3027 4038 regnavit.
3053 3966 3239 4023 Baasa
3262 3969 3332 4023 de
3362 3968 3477 4024 alia
3501 3969 3703 4040 stirpe,

2062 4055 2327 4128 regnavit
2352 4070 2539 4111 annos
2562 4057 2653 4123 24,
2677 4062 2736 4110 et
2766 4058 2897 4111 fecit
2923 4057 3075 4127 quod
3126 4058 3346 4113 malum
3405 4064 3545 4113 erat.
3608 4059 3710 4114 Ela

2063 4145 2224 4200 ﬁlius
2252 4146 2381 4215 ejus
2411 4161 2597 4200 annos
2626 4146 2682 4213 2,
2713 4150 2772 4200 et
2800 4145 2934 4199 fecit
2964 4146 3118 4217 quod
3153 4146 3375 4202 malum
3410 4154 3551 4213 erat,
3603 4165 3709 4203 nec

2063 4233 2133 4289 de
2164 4234 2292 4303 ejus
2320 4234 2504 4305 stirpe
2533 4239 2733 4305 postea
2764 4234 3074 4304 quisquam
3135 4237 3416 4308 regnavit.
3469 4238 3712 4291 Zambre

2061 4321 2303 4378 alterius
2333 4323 2566 4394 generis
2596 4322 2859 4393 regnavit
2890 4340 3076 4378 annos
3123 4326 3212 4391 12,
3263 4330 3319 4379 et
3370 4326 3503 4380 fecit
3554 4326 3708 4397 quod

2063 4410 2287 4466 malum
2317 4415 2460 4467 erat.
2495 4411 2731 4467 Achaab
2764 4411 2922 4467 ﬁlius
2953 4415 3083 4481 ejus
3116 4415 3379 4485 regnavit
3409 4432 3593 4470 annos
3621 4419 3711 4482 22,

2063 4506 2142 4570 et,
2181 4499 2495 4573 plusquam
2527 4500 2739 4567 ceteri,
2772 4501 2907 4557 fecit
2932 4502 3086 4571 quod
3121 4502 3345 4558 malum
3379 4510 3543 4559 erat:
3605 4506 3715 4558 sub

2063 4590 2173 4645 hoc
2203 4589 2496 4661 prophetas
2526 4595 2693 4646 erant
2751 4589 2926 4660 Elias,
2987 4590 3235 4659 Eliseus,
3303 4593 3595 4661 Michaeas,
3658 4599 3717 4648 et

2066 4678 2164 4751 qui
2198 4678 2317 4751 regi
2347 4678 2589 4735 Achaab
2619 4680 2691 4735 de
2720 4679 2887 4751 Syria
2930 4684 2987 4735 et
3016 4679 3135 4735 ﬁlio
3192 4683 3347 4736 Ader
3402 4683 3714 4753 propheta-

2065 4767 2169 4837 vit,
2200 4767 2302 4839 qui
2333 4768 2566 4839 proprio
2617 4769 2793 4837 jussu
2853 4784 3171 4839 percussus
3227 4786 3295 4825 ac
3351 4770 3715 4838 vulneratus,

2067 4872 2261 4928 regem
2294 4857 2529 4912 Achaab
2558 4857 2877 4927 redarguit.
2912 4857 2977 4911 Et
3008 4864 3285 4929 praeterea
3319 4875 3583 4914 seorsum
3610 4861 3717 4914 ha-

2066 4945 2321 5001 bitantes
2355 4944 2529 5000 multi
2559 4944 2978 5017 prophetarum
3041 4946 3167 5001 ﬁlii.
3228 4948 3383 5003 118
3437 4949 3719 5004 Ochozias

2067 5034 2226 5090 ﬁlius
2254 5038 2402 5103 eius,
2430 5033 2691 5106 regnavit
2716 5050 2903 5089 annos
2935 5034 3105 5100 duos,
3140 5042 3197 5091 et
3227 5036 3361 5091 fecit
3389 5039 3540 5107 quod
3589 5056 3719 5092 ma-

2066 5121 2190 5178 lum
2222 5128 2365 5177 erat.
2400 5120 2589 5192 Hujus
2620 5136 2852 5194 quoque
2879 5126 3140 5194 tempore
3170 5130 3335 5179 erant
3359 5126 3513 5181 Elias
3535 5130 3589 5179 et
3611 5125 3723 5179 Eli-

2067 5227 2241 5267 seus:
2278 5210 2815 5282 quinquagenarias
2847 5210 3003 5266 enim
3036 5211 3189 5267 alius
3236 5214 3372 5285 igne
3431 5217 3723 5285 percussit

2069 5299 2224 5356 Elias
2252 5300 2310 5355 in
2336 5300 2511 5356 verbo
2545 5299 2797 5355 Domini.
2827 5300 3047 5369 Joram,
3079 5298 3226 5359 alter
3256 5303 3413 5360 ﬁlius
3463 5305 3718 5385 Achaab,

390 5599 509 5669 (12)
536 5599 601 5656 In
628 5597 781 5654 libro
812 5599 890 5654 m
920 5599 1059 5671 Reg.
1092 5595 1320 5655 dieitur
1346 5595 1577 5654 Zambri
1608 5611 1885 5670 regnasse
1915 5601 2136 5670 septem
2173 5603 2399 5654 tantum
2433 5594 2580 5664 dies,
2613 5602 2669 5652 et
2699 5602 2834 5670 post
2888 5614 3019 5656 eum
3068 5598 3233 5655 Amai
3284 5605 3446 5672 pater
3492 5599 3722 5653 Acheab

318 5669 632 5727 duodecim
666 5686 873 5726 annos.
