2068 3109
193 179 252 210 237

786 178 818 208 S.
842 177 1102 208 A'I‘HANASIUS.
1115 193 1154 199 —
1170 177 1301 208 DUBIA.

1837 179 1895 209 228

194 243 327 281 regnavit
336 251 428 270 annos
437 242 603 276 duodecim,
617 245 646 270 et
655 243 723 271 fecit
733 243 811 278 quod
823 242 933 270 malum
945 244 1015 270 erat.

1080 241 1088 268 5
1105 239 1133 269 δὲ
1149 240 1301 272 Ἐλισσαῖος
1315 240 1450 277 ὂιάμεινεν
1465 239 1517 272 ἓως
1533 240 1688 279 Ίεροϐοᾶμ,
1717 242 1778 269 υἱοῦ
1807 243 1895 278 Ἰωᾶς,

194 290 262 317 Post
278 289 354 316 hunc
370 295 455 314 nemo
472 286 600 322 amplius
620 288 655 315 de
671 287 726 315 hac
745 288 834 323 stirpe
862 286 993 323 regnavit
1007 294 1013 314 :

196 334 249 361 sub
267 334 321 359 isto
338 335 507 366 assumptus
524 333 569 359 est
582 331 669 359 Elias.
685 331 799 359 Eliseus
814 339 880 359 vero
908 331 1016 366 perdu-

195 378 268 405 ravit
284 385 377 412 usque
394 377 427 403 ad
444 376 597 403 Jeroboam
615 375 708 403 ﬁlium
723 376 793 404 Joas
807 383 903 412 regem
914 375 1015 403 Israel.

195 423 283 449 Erant
299 425 395 448 autem
413 420 468 447 sub
483 420 548 447 istis
564 419 652 448 etiam
668 419 719 447 ﬁlii
735 420 955 456 prophetarum.
970 420 1015 448 Je-

196 467 232 494 hu
251 467 286 493 de
302 465 357 492 alia
373 465 463 499 stirpe
491 463 570 492 ﬁlius
593 464 744 499 Namesse,
767 464 900 500 regnavit
924 472 1017 492 annos

194 510 295 546 viginti
312 512 386 537 octo.
399 509 450 535 Hic
462 517 555 544 genus
565 508 683 536 Achaab
695 508 826 542 sustulit,
848 511 876 536 et
891 509 1017 544 prophe-

195 559 239 583 tas
250 555 316 581 Baal
331 562 381 589 per
395 553 518 580 insidias
529 553 645 586 occidit,
659 556 848 589 statuamque
860 553 939 580 illius
949 562 1017 580 cou-

195 600 285 627 trivit.
303 600 335 625 Et
351 607 415 625 cum
433 598 460 624 in
478 597 559 625 hisce
576 597 691 625 fecisset
706 598 781 633 quod
808 600 917 625 rectum
945 600 1016 631 erat,

197 644 420 680 promissionem
438 642 549 677 accepit
565 642 642 678 quod
658 642 751 677 ipsius
768 641 818 669 ﬁlii
835 642 869 669 ad
883 644 1017 677 quartam

1073 284 1207 323 βασιλέως
1224 285 1342 323 Ἰσραήλ.
1361 287 1443 314 Ἦσαν
1460 284 1489 313 δὲ
1510 285 1553 313 ἐπὶ
1567 286 1675 317 τούτοις
1691 286 1737 313 καὶ
1763 287 1818 314 υἱοὶ
1842 290 1896 314 τῶν

1070 332 1229 368 προφητῶν.
1261 331 1313 358 ’[οὖ
1342 330 1434 368 ἑτέρου
1464 330 1568 369 γένους⁷
1599 331 1656 362 υἱὸς
1682 334 1823 367 Napeae-7,,
1848 330 1894 367 ἔτη

1070 378 1123 410 κη’.
1139 374 1222 405 οὗτος
1239 374 1329 402 ἀνεῖλε
1343 375 1373 402 τὸ
1386 375 1464 412 γένος
1480 373 1596 413 Ἀχαάϐ,
1620 375 1665 403 καὶ
1693 375 1758 406 τοὺς
1787 377 1894 415 προφή-

1070 429 1117 450 τας
1131 421 1180 446 τοῦ
1212 419 1284 446 Βάαλ
1309 419 1334 446 ὲν
1359 421 1526 457 πτερνισμῷ,
1557 420 1600 446 καὶ
1626 420 1676 454 τήν
1691 419 1796 455 στήλην
1814 421 1895 448 αὐτοῦ

1071 463 1219 500 συνέτριψε,
1249 463 1295 490 Καὶ
1325 463 1350 491 έν
1380 463 1469 500 τούτῳ
1498 465 1616 499 ποιήσας
1643 464 1675 492 τὸ
1705 465 1791 499 εὐθὲς,
1816 464 1894 503 ἔσχεν

1072 507 1244 545 ἐπαγγελίαν,
1276 508 1318 534 ὅτι
1354 507 1412 535 Υἱοί
1448 509 1570 545 τέταρτοι
1599 508 1753 540 καθίσονταί
1780 520 1821 536 σοι
1851 509 1895 537 ἐπὶ

1072 551 1169 589 θρόνου
1193 551 1313 589 Ἰσραήλ.
1335 550 1411 586 Πλήν
1428 552 1478 579 οὐκ
1493 551 1620 591 ἐφύλαξεν
1634 552 1659 580 ἐν
1674 552 1725 590 ὅλῃ
1740 552 1837 591 καρδίᾳ
1851 554 1896 581 τὸν

1071 596 1167 632 νόμον·
1184 596 1234 623 οὐκ
1248 596 1349 631 ἀπέστη
1365 596 1415 634 γὰρ
1440 599 1494 624 τῶν
1516 597 1655 635 ἁμαρτιῶν
1679 595 1822 635 Ἱεροϐοὰμ
1852 597 1896 626 διὰ

1071 641 1119 671 τὰς
1136 639 1277 677 δαμάλεις.

196 697 290 723 usque
309 688 524 723 generationem
541 686 650 714 sessuri
667 689 765 714 essent
780 695 868 722 super
880 686 1019 714 thronum
1034 685 1133 715 Israel.
1148 685 1356 714 Verumtamen
1383 686 1476 722 legem
1493 686 1607 714 Domini
1624 695 1681 714 non
1697 688 1819 715 servsvil
1835 690 1896 716 toto

195 734 280 761 corde
295 741 301 760 :
321 740 412 767 neque
429 732 505 758 enim
522 740 539 758 a
550 731 675 766 peccatis
689 731 844 759 Jeroboam
860 731 1011 764 abstinuit,
1030 729 1108 759 circa
1126 729 1237 758 vitulos
1252 730 1328 758 illos.

230 786 354 814 Joacbaz
369 785 447 811 ﬁlius
463 785 536 820 ejus,
554 784 684 820 regnavit
699 793 791 812 annos
812 785 864 818 47;
890 784 1016 820 fecitque

195 831 269 866 quod
285 830 396 857 malum
414 832 483 856 erat.
500 828 567 856 Joas
582 828 660 856 ﬁlius
675 829 739 865 ejus
768 829 900 865 regnavit
922 837 1015 857 annos

195 875 332 907 sedecim,
345 877 373 901 et
390 875 454 901 fecit
470 874 547 909 quod
563 873 673 901 malum
690 875 760 901 erat.
776 873 938 901 Jerusalem
967 881 1015 901 ex-

194 920 344 955 pugnavit,
359 927 462 946 aurum
477 920 505 946 et
515 926 584 946 vasa
599 918 728 948 abstulit.
758 918 913 946 Jeruboam
937 917 1016 945 ﬁlius

1106 782 1218 820 Ἰοάχαζ
1241 783 1297 813 υἱὸς
1322 782 1403 810 αὐτοῦ
1430 781 1475 818 ἔτη
1495 783 1536 817 ιζ’·
1552 783 1596 810 καὶ
1626 782 1736 818 ἐποίησε
1750 784 1779 811 τὸ
1808 794 1895 819 πονη-

1071 826 1126 865 ρόν.
1145 827 1221 857 Ἰωᾶς
1237 827 1295 858 υἱὸς
1322 827 1404 854 αὐτοῦ
1432 825 1478 861 ἔτη
1506 827 1546 858 ις’·
1572 827 1616 854 καὶ
1631 826 1743 862 ἐποίησε
1758 828 1788 855 τὸ
1809 838 1895 863 πονη-

1072 871 1129 908 ρόν.
1154 871 1203 899 Καὶ
1233 871 1360 907 ἐπολέμει
1389 872 1439 906 τὴν
1465 870 1656 908 Ἰερουσαλὴμ,
1685 872 1729 899 καὶ
1760 870 1842 899 ἔλαϐε
1866 872 1895 899 τὸ

1072 916 1185 953 χρυσίον
1214 915 1257 943 καὶ
1280 915 1313 943 τὰ
1337 915 1430 951 σκεύη.
1447 913 1591 953 Ἰεροϐοὰμ.
1605 916 1663 947 υἱὸς
1677 916 1761 944 αὐτοῦ
1776 915 1822 951 ἔτη
1841 918 1893 953 μα’·

196 952 259 999 ἐδυὲ
271 952 402 999 regnavit
418 971 510 990 annos
526 962 569 995 41,
585 965 614 990 et
630 962 695 989 fecit
709 962 786 998 quod
803 962 913 990 malum
944 964 1014 990 erat.

1080 952 1115 988 ιαὶ
1131 959 1244 995 ἐποίησε
1264 960 1295 987 τὸ
1316 960 1445 998 πονηρόν⁷
1475 952 1612 997 Ζαχαρίας
1634 961 1692 992 υἱὸς
1708 961 1790 988 αὐτυῦ
1808 962 1894 998 μῆνας

196 1008 351 1036 Zacharius
364 1007 440 1034 ﬁlius
451 1006 605 1034 Jeroboam
621 1006 751 1043 regnavit
767 1014 883 1034 menses
898 1014 958 1041 sex,
988 1008 1018 1034 et

196 1056 331 1089 operatus
343 1055 387 1079 est
398 1051 517 1078 malum.
533 1051 678 1078 Hactenus
687 1058 780 1086 genus
789 1050 863 1078 Jebu
887 1051 916 1078 in
933 1059 1018 1087 quar-

194 1102 253 1125 tam
271 1096 486 1133 generationem
498 1095 622 1123 duravit.
635 1095 746 1123 Selium
757 1103 791 1123 ex
803 1094 860 1122 alia
878 1095 1017 1131 progenie

195 1143 273 1168 ﬁlius
288 1141 378 1172 labis,
397 1139 528 1174 regnavit
542 1138 603 1166 dies
631 1138 762 1175 triginta,
786 1140 815 1166 et
841 1138 910 1166 fecit
938 1138 1015 1173 quod

196 1186 306 1213 malum
320 1188 390 1211 erat.
409 1185 540 1211 Manaem
555 1191 590 1210 ex
605 1182 662 1210 alio
678 1190 783 1219 genere
806 1182 885 1209 ﬁlius
907 1182 1016 1216 Gadde,

196 1230 325 1265 regnavit
342 1237 434 1256 annos
450 1228 494 1261 20,
510 1229 539 1255 et
555 1227 622 1255 fecit
636 1228 714 1262 quod
730 1228 840 1254 malum
857 1229 928 1254 erat.
942 1226 1017 1254 Pha-

195 1275 285 1308 keias,
302 1274 379 1300 ﬁlius
396 1275 537 1305 Manaem,
554 1271 684 1307 regnavit
712 1279 805 1299 annos
829 1272 872 1304 10,
898 1273 927 1299 et
951 1271 1018 1299 fecit

195 1319 271 1353 quod
289 1321 349 1345 erat
369 1317 489 1344 malum.
520 1316 614 1352 Hujus
643 1318 774 1351 tempore
803 1315 1017 1351 prophetarunt

195 1364 283 1390 Isaias
296 1365 323 1389 et
337 1362 418 1389 Osee.
437 1361 560 1394 Phakee,
577 1361 612 1388 de
627 1361 685 1388 alia
698 1361 799 1396 stirpe,
813 1360 892 1388 ﬁlius
910 1360 1017 1388 Rome-

195 1407 251 1440 lize,
266 1407 394 1441 regnavit
406 1414 498 1433 annos
508 1406 543 1432 20
557 1414 564 1439 ;
576 1405 623 1432 hic
638 1404 745 1433 occidit
760 1404 928 1438 Pbakeiam,
938 1408 966 1431 et
977 1405 1017 1432 fe-

196 1452 235 1478 cit
250 1452 325 1486 quod
343 1450 452 1477 malum
471 1452 542 1477 erat.
559 1449 619 1477 Sub
635 1449 690 1477 hoc
704 1457 819 1485 quoque
828 1452 912 1476 erant
926 1449 1018 1477 isaies

196 1499 224 1522 et
239 1496 310 1522 Osee
327 1495 483 1530 prophetae.
500 1494 572 1522 Osee
591 1494 709 1521 aliunde
735 1496 822 1521 natus
850 1493 929 1521 ﬁlius
959 1493 1017 1526 Eia,

1070 1003 1108 1040 ἓξ,
1138 1004 1183 1032 καὶ
1210 1004 1321 1039 ἐποίησε
1348 1005 1379 1032 τὸ
1403 1005 1535 1042 πονηρόν.
1565 1006 1638 1036 Ἕως
1660 1005 1758 1033 τούτου
1772 1006 1803 1033 τὸ
1818 1006 1895 1043 γένος

1072 1049 1125 1077 Ἰοῦ
1148 1048 1289 1087 γεγόνασιν
1315 1049 1368 1076 υἱοὶ
1392 1048 1525 1087 τέταρτοι,
1548 1048 1679 1086 Σελλοὺμ
1693 1050 1785 1088 ἑτέρου
1801 1050 1896 1088 γένους

1072 1093 1130 1124 υἱὸς
1160 1091 1243 1124 Ἰαϐὶς
1272 1094 1376 1130 ἡμέρας
1407 1092 1439 1121 λ’·
1469 1093 1514 1121 καὶ
1551 1093 1661 1127 ἐποίησε
1697 1095 1728 1122 τὸ
1764 1094 1895 1132 πονηρόν.

1072 1138 1191 1173 Μαναήμ
1205 1137 1291 1165 ἄλλου
1307 1138 1401 1174 γένους
1416 1138 1473 1168 υἱὸς
1490 1136 1590 1173 Γαδδὴ,
1616 1137 1662 1174 ἔτη
1676 1140 1710 1165 κ’·
1726 1139 1769 1166 καὶ
1786 1139 1898 1174 ἐποίησα

1071 1182 1102 1209 τὸ
1129 1181 1259 1217 πονηρόν.
1292 1181 1409 1213 Φακείας
1439 1182 1495 1213 υἱὸς
1511 1182 1603 1218 αὐτοῦ,
1619 1181 1666 1218 ’ἐτη
1684 1184 1709 1209 ι’·
1726 1184 1770 1211 καί
1786 1183 1898 1219 ἐποίησε

1071 1226 1102 1253 τὸ
1140 1226 1271 1263 πονηρόν.
1312 1226 1372 1254 Ἑπί
1399 1226 1497 1254 τούτου
1513 1227 1622 1257 Ἦσαῒις
1650 1227 1695 1254 καὶ
1723 1228 1801 1263 Ὡσηέ
1829 1229 1895 1262 ἦσαν

1072 1270 1298 1310 προφητεύοντες.
1330 1271 1415 1298 Φακεὶ
1443 1271 1530 1299 ἄλλου
1543 1270 1649 1308 γένους,
1666 1272 1724 1303 υἱὸς
1739 1271 1897 1309 Ῥομελίου,

1070 1313 1118 1350 έτη
1148 1318 1180 1342 κ’.
1208 1314 1291 1346 Οὗτος
1306 1314 1400 1353 ἔσφαξε
1422 1315 1467 1342 τὸν
1497 1315 1624 1351 Φακείαν,
1653 1316 1698 1344 καὶ
1728 1316 1838 1351 ἐποίησε
1867 1317 1898 1344 τὸ

1071 1359 1204 1397 πονηρὸν,
1231 1360 1275 1386 καὶ
1300 1359 1344 1386 ἐπὶ
1372 1359 1470 1387 τούτου
1498 1360 1688 1394 ἧσανἨσαῒας
1715 1361 1758 1388 καὶ
1774 1361 1854 1396 Ὠσηέ
1870 1362 1896 1388 οἳ

1072 1407 1220 1443 προφῆται.
1239 1404 1319 1439 Ὠσηὲ
1334 1403 1425 1442 ἐτέρου
1440 1405 1548 1441 γένους,
1563 1404 1621 1435 υἱὸς
1638 1403 1718 1440 Ἠλᾶ,
1732 1403 1778 1440 ἔτη
1796 1408 1827 1437 θ’.
1844 1404 1897 1432 οὖ-

1072 1459 1118 1479 τος
1135 1446 1230 1487 ἕσφαξε
1243 1450 1289 1475 τὸν
1306 1448 1402 1484 Φακεὶ,
1418 1449 1463 1476 καὶ
1479 1448 1590 1484 ἐποίησε
1603 1450 1634 1477 τὸ
1663 1449 1793 1487 πονηρὸν,
1823 1448 1897 1484 πλὴν

1073 1492 1127 1530 οὐχ
1142 1492 1179 1523 ὡς
1196 1493 1221 1520 οἱ
1237 1492 1290 1530 πρὸ
1305 1492 1397 1521 αὐτοῦ.

197 1540 328 1575 regnavit
344 1548 435 1566 annos
450 1539 477 1565 9.
494 1540 552 1566 Iste
567 1538 673 1566 occidit
688 1545 785 1574 regem
810 1537 934 1571 Pbakee,
951 1540 979 1565 et
994 1537 1060 1566 fecit
1082 1538 1159 1574 quod
1190 1538 1302 1566 malum
1331 1540 1404 1573 erat,
1433 1541 1635 1566 verumtamen
1665 1547 1722 1566 non
1751 1540 1828 1567 sicut
1849 1540 1901 1575 qui

196 1586 262 1610 ante
277 1584 342 1619 ipsu
349 1592 372 1610 m
387 1585 554 1619 regnarunt.

235 1640 263 1663 In
282 1637 337 1663 isto
353 1637 423 1663 Osee
440 1637 553 1663 ﬁnitum
571 1638 616 1663 est
630 1643 752 1671 regnum
766 1635 914 1663 Samaria.
940 1635 1021 1663 Tunc
1036 1637 1058 1670 ρ

199 1681 275 1708 enim
295 1681 417 1707 cessavit
433 1689 464 1707 ac
480 1679 565 1715 periit
592 1680 735 1712 Samaria,
765 1688 854 1716 quam
884 1679 1022 1715 deinceps

200 1725 310 1761 Assyrii
327 1725 538 1757 inhabitarunt,
554 1732 587 1751 ex
602 1724 709 1759 quibus
722 1724 776 1751 orti
794 1726 864 1752 sunt
894 1723 1023 1752 haeretici

201 1770 360 1800 Samaritae,
380 1770 426 1803 qui
449 1771 477 1796 et
491 1768 642 1797 Sadducmi
656 1771 807 1797 vocantur.

238 1858 361 1885 Collecta
378 1858 474 1892 itaque
487 1865 588 1885 eorum
604 1859 746 1893 tempore,
763 1857 812 1893 qui
835 1857 1024 1893 Jerosolymis

204 1912 218 1930 a
236 1902 342 1930 Davide
359 1910 450 1937 usque
467 1902 503 1929 ad
525 1901 678 1929 Sedekiam
703 1903 907 1937 regnaverunt,
932 1909 1025 1929 annos

203 1948 389 1975 constituunt
404 1946 643 1982 quadringentos.
656 1946 749 1982 Reges
765 1946 892 1974 universi
908 1945 1027 1974 fuerunt

202 1992 302 2027 viginti
320 2000 406 2021 unus.
424 1992 543 2026 dempta
558 1989 702 2024 Gotholia,
718 1992 747 2018 et
770 1990 867 2018 cuncti
892 1991 1026 2025 ejusdem

204 2036 304 2070 stirpis
322 2036 437 2062 Davidis
452 2035 596 2069 videlicet,
613 2037 646 2062 ut
661 2034 697 2063 ab
712 2034 796 2062 initio
812 2035 848 2063 ad
864 2034 952 2062 ﬁnem
975 2043 1026 2062 us-

204 2088 261 2115 que
276 2080 353 2105 ﬁlius
370 2089 385 2105 a
403 2083 482 2113 patre
507 2087 629 2115 regnum
653 2078 837 2107 hereditario
855 2079 924 2115 jure
948 2087 1028 2107 acce-

205 2125 288 2159 perit.
306 2124 345 2150 Ex
362 2124 407 2150 his
424 2126 521 2151 autem
545 2131 649 2151 novem
677 2124 753 2159 quod
778 2126 901 2158 rectum,
918 2123 1027 2151 duode-

206 2169 261 2195 cim
280 2176 346 2195 vero
377 2169 452 2202 quod
470 2167 581 2196 malum
596 2169 669 2203 erat,
687 2168 799 2204 operati
815 2171 895 2202 sunt,
911 2169 1030 2204 dempta

205 2212 348 2240 Gotholia.

240 2258 345 2284 Eorum
363 2265 428 2283 vero
459 2258 601 2292 tempore,
627 2255 676 2291 qui
712 2256 742 2284 in
772 2256 1030 2285 Samarianero-

1112 1636 1184 1666 Ἕως
1208 1634 1305 1662 τούτου
1333 1635 1477 1670 τοῦὨσηὶ
1499 1634 1630 1670 κατέληξε
1658 1635 1702 1662 καὶ
1732 1636 1749 1671 ἠ
1777 1635 1903 1673 βασιλεία

1078 1679 1242 1716 Σαμαρείας.
1272 1679 1383 1707 Ἔκτοτε
1411 1679 1463 1717 γὰρ
1487 1680 1631 1716 πέπαυται,
1647 1680 1691 1707 καὶ
1707 1680 1833 1708 ἀπώλετο
1850 1684 1903 1708 Σα-

1079 1724 1185 1761 μαρεία,
1214 1723 1258 1751 καὶ
1288 1723 1383 1752 λοιπὸν
1412 1723 1549 1762 ’Δσσύριοι
1564 1724 1724 1760 κατῴκησαν
1741 1724 1767 1752 ἐν
1781 1724 1861 1762 αὐτῇ,
1880 1724 1906 1760 ἐξ

1078 1769 1114 1795 ὧν
1129 1769 1155 1795 οἱ
1171 1768 1301 1806 αἱρετικοὶ
1318 1771 1484 1806 Σαμαρεῖται
1509 1768 1644 1807 γεγόνασι,
1674 1768 1840 1805 καλούμενοι
1860 1769 1907 1797 καὶ

1080 1811 1260 1840 Σαδδουκαῖοι
1277 1814 1308 1849 [ι.
1324 1814 1476 1849 Χουθαῖο·].

1115 1857 1280 1895 Συνάγονται
1309 1856 1354 1884 οὖν
1385 1858 1411 1884 οἱ
1438 1857 1534 1895 χρόνοι
1562 1860 1616 1885 τῶν
1649 1858 1696 1894 μὲν
1724 1857 1908 1895 Ἰερουσαλὴμ

1082 1901 1298 1937 βασιλευσάντων
1329 1901 1381 1928 ἀπὸ
1409 1903 1457 1929 τοῦ
1484 1899 1566 1929 Δαϐἱδ
1595 1902 1639 1929 καὶ
1662 1902 1807 1939 μέχριτοῦ
1825 1900 1908 1929 Σεδε-

1080 1945 1134 1978 κία,
1164 1945 1208 1972 καί
1242 1945 1337 1980 αὐτοῦ,
1365 1945 1399 1972 τὰ
1419 1946 1505 1973 πάντα
1533 1943 1579 1981 ἔτη
1610 1946 1644 1982 ω’,
1676 1945 1798 1983 βασιλεῖς
1822 1956 1851 1973 τε
1880 1947 1908 1973 οἱ

1080 1990 1176 2020 πάντες
1205 1990 1245 2016 κα¹
1274 1988 1339 2026 δίχα
1359 1992 1409 2024 τῆς
1436 1989 1578 2025 Γοθολίας,
1607 1990 1652 2017 καὶ
1676 1990 1773 2028 γένους
1792 1990 1909 2022 ἅπαντες

1081 2034 1140 2064 ἑνὸς
1165 2035 1214 2061 τοῦ
1239 2031 1333 2067 Δαϐἶδ,
1363 2036 1426 2065 παῖς
1449 2035 1522 2071 παρὰ
1554 2035 1655 2071 πατρὸς
1669 2035 1737 2062 κατᾶ
1757 2033 1908 2072 διαδοχὴν,

1082 2078 1108 2113 ἐξ
1136 2077 1226 2116 ἀρχῆς
1256 2077 1321 2115 ἄχρι
1348 2077 1445 2109 τέλους
1467 2079 1517 2112 τήν
1548 2078 1686 2116 βασιλείαν
1703 2078 1905 2116 κληρούμενοι.

1083 2123 1131 2151 Ἐκ
1153 2122 1257 2149 τοῦτων
1286 2121 1315 2149 δὲ
1342 2121 1425 2149 πάλιν
1454 2123 1480 2149 οἱ
1511 2122 1558 2159 μὲν
1589 2124 1752 2158 ποιήσαντες
1777 2123 1809 2150 τὸ
1831 2123 1910 2155 εὐθὶς

1084 2167 1149 2194 εἰσὶν
1173 2167 1205 2202 0’,
1231 2167 1257 2194 οἱ
1280 2165 1308 2194 δὲ
1331 2168 1494 2202 ποιήσαντες
1517 2167 1548 2194 τὸ
1563 2167 1683 2206 πονηρὸν
1702 2167 1737 2206 ιβ’
1752 2167 1841 2205 χωρὶς
1856 2171 1911 2202 τῆς

1085 2210 1171 2239 Γοθολ
1177 2211 1216 2242 ίας
1222 2233 1228 2240 .
1237 2218 1240 2221 ’

1122 2257 1183 2284 Τῶν
1212 2254 1240 2283 δὲ
1267 2255 1291 2282 ἐν
1323 2255 1461 2293 Σαμαρείᾳ
1488 2255 1571 2283 πάλιν
1611 2255 1827 2293 βασιλευσάντων
1859 2257 1916 2284 ἀπὸ

204 2302 289 2328 boam
309 2309 400 2335 usque
415 2301 448 2327 ad
467 2301 538 2328 Osee
553 2302 723 2336 regnarunt,
740 2301 809 2327 anni
825 2305 895 2328 sunt
910 2300 1022 2329 ducent

1087 2298 1230 2337 Ἰεροϐοάμ
1258 2300 1302 2327 καὶ
1333 2299 1417 2337 μέχρι
1446 2300 1525 2335 Ὠσηὲ
1552 2299 1586 2327 τὰ
1613 2301 1699 2327 πάντα
1728 2298 1774 2335 ἔτη
1793 2300 1838 2335 σξ”
1866 2300 1916 2327 καὶ

204 2347 354 2381 sexaginta
370 2354 374 2372 :
390 2353 471 2379 rcges
483 2347 581 2372 autem
603 2344 731 2372 universi
746 2345 846 2372 decem
871 2347 900 2372 et
916 2348 981 2373 octo
995 2354 1030 2373 ex

205 2390 326 2417 diversis
338 2390 490 2424 stirpibus.
504 2389 614 2417 Horum
630 2391 694 2417 octo
711 2397 832 2425 regnum
847 2388 1027 2418 invaserunt:

206 2443 305 2462 omnes
320 2443 385 2461 vero
402 2434 479 2469 quod
495 2433 608 2462 malum
622 2435 685 2461 erat
698 2433 839 2469 fecerunt,
856 2434 936 2469 juxta
959 2442 1028 2470 pee-

206 2482 304 2507 catum
320 2479 484 2506 Jeroboam.

369 2550 445 2577 Liber
462 2550 503 2582 XI,
518 2549 750 2586 Paralipomenon
763 2550 774 2577 ι
787 2553 813 2577 δι
832 2549 866 2578 ιι.

244 2614 285 2639 it).
304 2612 362 2639 Hoc
379 2612 496 2638 nomine
515 2613 656 2639 vocantur
679 2611 726 2639 isti
750 2611 828 2646 libri,
845 2612 921 2647 quod
936 2612 1030 2640 multa

207 2657 235 2683 in
268 2657 349 2683 libris
366 2657 529 2691 Regnorum
554 2656 750 2691 prastermissa
777 2655 807 2683 in
836 2656 908 2691 ipsis
937 2656 1031 2684 conti-

207 2703 339 2727 neuntul'.
358 2701 484 2727 Habetur
499 2701 597 2727 autem
628 2700 657 2726 in
681 2700 773 2735 primo
799 2699 873 2727 libro
898 2702 1029 2729 omnium

206 2745 337 2772 tribuum
353 2743 522 2780 genealogis
538 2743 574 2770 ab
589 2743 681 2771 Adam
699 2751 790 2778 usque
814 2744 851 2771 ad
878 2752 960 2781 reges
985 2754 1030 2773 se-

207 2790 336 2817 cundum
353 2789 459 2820 tribus,
475 2790 504 2816 et
519 2787 653 2823 populos,
668 2790 697 2815 et
713 2787 849 2822 familias,
865 2790 894 2816 et
915 2788 1029 2817 domos.

207 2836 238 2860 In
254 2833 384 2861 secunda
398 2840 464 2859 vero
480 2833 665 2868 exponuntur
679 2833 762 2868 gesta
775 2839 888 2868 regum.

1087 2344 1207 2381 βασιλεῖς
1237 2344 1284 2381 μὶν
1308 2344 1334 2371 οἱ
1360 2344 1457 2375 πάντες
1485 2344 1531 2380 ιη’,
1547 2344 1578 2372 ἐκ
1603 2343 1738 2383 διαφόρων
1762 2343 1791 2372 δὲ
1814 2346 1916 2382 γενῶν.

1085 2388 1134 2415 Καὶ
1156 2388 1259 2426 τούτων
1291 2389 1362 2416 ὀκτὼ
1401 2387 1446 2415 ἐπὶ
1486 2388 1518 2416 τὸ
1562 2387 1655 2426 ἄρχειν
1697 2386 1915 2424 ἀναϐεϐηκότες·

1083 2432 1127 2459 καὶ
1143 2424 1251 2463 πάντες.
1270 2432 1396 2466 ἐποίησαν
1424 2432 1455 2460 τὸ
1470 2432 1604 2471 πονηρὸν,
1631 2432 1699 2461 κατὰ
1714 2433 1762 2468 τὴν
1773 2429 1916 2471 ’ἁμαρτίαν

1084 2475 1235 2515 Ἱεροϐοάμ.

1216 2519 1326 2549 Βιϐλίον
1344 2522 1387 2557 ια’,
1403 2520 1628 2557 Πασαλιπόμεναι
1644 2522 1666 2548 α’
1681 2521 1726 2549 καὶ
1744 2522 1777 2559 β’.

1123 2567 1163 2594 19.
1180 2565 1258 2595 Οὕτω
1273 2565 1397 2593 καλεῖται
1411 2566 1444 2594 τὰ
1460 2563 1555 2604 βιϐλία
1577 2568 1671 2601 ταῦτα,
1701 2564 1794 2600 ἐπειδὴ
1823 2576 1917 2604 παρα-

1085 2610 1225 2649 λειφθέντα
1240 2609 1332 2637 πολλὰ
1346 2610 1371 2637 ἐν
1388 2613 1446 2642 ταῖς
1462 2610 1615 2642 Βασιλείαις
1634 2611 1789 2649 περιέχεται
1804 2610 1830 2638 έν
1846 2611 1917 2638 τού-

1084 2665 1152 2685 τοις.
1178 2655 1254 2682 ’Έστι
1279 2654 1307 2681 δὶ
1332 2654 1357 2681 ἐν
1385 2655 1433 2691 μὲν
1457 2657 1497 2691 τῷ
1513 2655 1615 2693 πρώτῳ
1633 2653 1735 2693 βιϐλίῳ
1749 2654 1919 2693 γενεαλογία

1085 2701 1177 2726 πασῶν
1202 2701 1256 2726 τῶν
1278 2698 1370 2737 φυλῶν
1386 2699 1440 2727 ἀπὸ
1455 2697 1604 2736 Ἀδάμὲως
1620 2702 1674 2727 τῶν
1693 2698 1827 2736 βασιλέων
1845 2700 1921 2728 κατὰ

1086 2743 1183 2783 φυλὰς,
1199 2743 1242 2770 καὶ
1259 2743 1326 2771 κατὰ
1343 2743 1458 2781 δήμους,
1476 2744 1521 2771 καὶ
1544 2743 1613 2771 κατὰ
1634 2744 1761 2782 πατριὰς,
1785 2744 1831 2772 καὶ
1855 2752 1923 2772 κατ’

1086 2788 1172 2816 οἶκον·
1189 2787 1214 2814 ἐν
1232 2786 1260 2815 δὲ
1274 2790 1314 2824 τῷ
1327 2786 1445 2826 δευτέρῳ
1458 2786 1700 2825 διαλαμϐάνοπαι,
1724 2788 1834 2826 πράξεις
1858 2791 1920 2816 τῶν

1088 2831 1222 2871 βασιλέων
1227 2853 1234 2861 .
