4136 6218
309 367 428 427 341

1413 372 1790 433 SYNOPSIS
1840 375 2166 436 SCRIPTU
2181 375 2302 434 [UE
2347 379 2642 437 SACHAZ.

3602 380 3722 438 342

307 493 890 572 μεταλαμϐανόμενον.
936 501 1116 554 Ἔστιν
1165 498 1254 554 οὗν
1306 499 1357 554 ἐν
1401 500 1480 573 τῷ
1533 497 1736 577 βιϐλίῳ
1783 503 1936 574 τούτο

2075 511 2279 565 rentur
2308 508 2598 566 homines.
2623 509 2936 565 Paraamias
2970 509 3164 580 itaque
3196 510 3264 563 ad
3299 508 3455 563 hunc
3481 509 3717 566 modum

305 593 514 662 γνῶσις
573 587 760 666 σοφίας
817 589 908 641 καὶ
963 587 1229 661 παιδείας,
1277 589 1464 660 νόησις
1526 589 1705 666 λόγων
1761 596 1960 668 φρονή-

306 698 470 744 σεως,
518 676 744 753 στροφαὶ
812 676 1014 751 λόγων,
1067 677 1406 749 οικαιοσύνης
1465 678 1702 750 ἀληθοῦς
1751 681 1959 752 νόησις,

309 764 553 841 κρίματα
606 765 968 836 κατευθύνειν,
1023 767 1110 821 καὶ
1168 765 1458 842 ἐπαγγελία
1516 773 1612 822 τοῦ
1678 770 1956 845 γινώσκειν

311 853 376 909 ἐκ
444 853 653 909 τούτων
729 850 1068 929 παραϐολὰς,
1127 855 1310 931 ῥήσεις
1384 861 1587 934 σοφῶν,
1647 858 1954 934 αἰνίγματα,

311 947 620 1005 σκοτεινοὺς
649 940 874 1018 λόγους.
910 945 1009 997 Καὶ
1057 943 1154 998 sic?
1196 944 1421 1020 γνώσεις
1471 946 1660 1026 σοφίας
1703 947 1789 1002 καὶ
1839 969 1958 1002 παι-

307 1030 478 1093 δείας·
521 1029 708 1099 ἐπειδή
756 1031 845 1085 καὶ
895 1030 1165 1101 ’Έλληνες
1212 1033 1304 1104 μὲν
1358 1034 1544 1112 σοφίαν
1591 1033 1734 1111 ἔχειν
1786 1036 1953 1111 ἐπαγ-

302 1119 623 1197 γέλλονται,
671 1121 935 1192 αἶρετικοί
1003 1117 1060 1174 δὲ
1118 1120 1400 1194 νομίζουσι
1468 1120 1711 1177 παιδείαν
1782 1119 1950 1200 ἔχειν.

302 1211 404 1263 Διὰ
449 1212 612 1262 τοῦτο
661 1209 818 1269 οὗτος
863 1211 963 1278 τήν
998 1208 1174 1280 ἀληθῆ
1209 1209 1394 1288 σοφίαν
1439 1212 1528 1266 καὶ
1576 1211 1818 1268 παιδείαν
1871 1211 1950 1268 δι-

301 1295 630 1366 δάσκει,⁰ίνα
663 1299 738 1366 μὴ
770 1301 839 1371 τῇ
872 1299 1098 1372 ὁμονοίᾳ
1147 1302 1246 1367 τῆς
1294 1300 1484 1378 σοφίας
1538 1301 1614 1364 εἷς
1669 1303 1735 1356 τὰ
1791 1303 1952 1381 σοφί-

299 1408 484 1460 σματα
509 1391 617 1442 τῶν
650 1385 936 1457 Ἑλλήνων
985 1388 1072 1442 καὶ
1119 1392 1226 1442 τῶν
1259 1389 1541 1463 αἱρετικῶν
1591 1412 1672 1452 τις
1722 1390 1948 1466 ἐμπέσῃ.

297 1476 400 1530 Καῖ
468 1477 570 1552 γὰρ
630 1474 898 1545 Ἕλληνες
979 1477 1070 1550 μὲν
1148 1476 1387 1550 οἰόμενοι
1443 1500 1583 1540 τινες
1644 1480 1797 1548 εἶναι,
1863 1482 1949 1536 καὶ

309 1589 329 1616 ι
368 1567 661 1642 φάσκοντες
731 1563 864 1619 εἶναι
911 1565 1096 1642 σοφοὶ,
1147 1565 1551 1641 ἐμωράνθησαν.
1601 1591 1627 1617 ››
1678 1567 1949 1644 Αἱρετικοῖ

301 1652 382 1721 δὲ,
413 1651 758 1709 παιδεύεσθαι
805 1654 1144 1726 νομίζοντες,
1191 1654 1600 1734 ἐξεστράφησαν,
1639 1658 1726 1711 καὶ
1781 1660 1951 1732 ἁμαρ-

295 1745 571 1812 τάνουσιν,
657 1735 802 1804 ὄντες
889 1741 1374 1819 αὖτοκατάκριτοι.
1452 1749 1564 1798 Τῶν
1651 1743 1708 1800 δὲ
1791 1747 1946 1802 θείων

2071 599 2338 654 nonuulli
2388 600 2696 665 definiunt,
2733 599 2954 653 dictum
3008 597 3314 668 purodium
3353 599 3477 668 (seu
3527 598 3582 650 in
3628 599 3719 653 via

2069 689 2374 760 positum),
2407 689 2480 744 ab
2514 707 2626 744 uno
2678 689 2933 760 quodam
2986 687 3056 741 ad
3110 687 3293 741 multa
3340 686 3716 742 translatum.

2071 779 2132 832 In
2165 777 2274 832 hoc
2305 777 2485 852 igitur
2514 775 2665 833 libro
2693 778 2938 832 scientia
2965 776 3264 848 sapientiae
3294 780 3349 830 et
3369 775 3715 847 disciplinae,

2066 865 2400 922 intellectus
2446 883 2784 922 sermonum
2837 865 3179 936 prudentiae,
3209 863 3460 936 stropha:
3511 864 3717 918 verbo-

2067 973 2220 1025 rum,
2249 956 2494 1026 justitiaa
2525 972 2662 1010 verae
2712 954 3062 1022 intellectus,
3097 954 3165 1008 ad
3220 951 3593 1023 dirigentium
3617 955 3714 1022 ju-

2066 1045 2220 1100 dicia
2251 1051 2306 1100 et
2337 1044 2676 1117 pollicitatio
2708 1042 3246 1115 cognoscendarum
3280 1057 3348 1096 ex
3376 1041 3508 1096 istis
3541 1059 3711 1113 para-

2064 1135 2355 1200 bolarum,
2381 1135 2669 1188 dictorum
2703 1133 3080 1204 sapientium,
3106 1131 3504 1202 aenigmatum,
3531 1136 3584 1185 et
3617 1132 3714 1185 ob-

2064 1240 2369 1278 scurorum
2403 1238 2762 1277 sermonum.
2798 1219 2865 1274 Et
2903 1225 3042 1274 sunt
3073 1218 3326 1274 scientiae
3359 1217 3709 1289 sapientiam

2063 1329 2128 1367 ac
2151 1311 2517 1384 disciplinam
2552 1311 2867 1366 tradentes.
2896 1309 3039 1364 Cum
3066 1314 3121 1362 et
3149 1305 3330 1362 Graeci
3361 1306 3706 1378 sapientiam

2062 1418 2124 1456 se
2154 1401 2365 1456 habere
2399 1399 2805 1470 polliceantur,
2829 1401 2884 1453 et
2913 1397 3166 1452 haeretici
3199 1396 3412 1451 habere
3445 1412 3505 1449 se
3538 1396 3708 1450 disci-

2059 1489 2280 1561 plinam
2318 1487 2676 1543 arbitrentur
2704 1505 2716 1542 :
2750 1487 2878 1543 ideo
2909 1486 3002 1542 hic
3032 1502 3222 1541 veram
3257 1484 3607 1555 sapientiam
3641 1501 3707 1540 ac

2060 1577 2427 1649 disciplinam
2473 1577 2658 1647 docet,
2691 1594 2761 1631 ne
2817 1575 3007 1647 specie
3057 1592 3124 1630 ac
3171 1573 3558 1629 similitudine
3609 1590 3704 1627 sa-

2058 1666 2288 1738 pientiae
2320 1668 2633 1739 quisquam
2670 1663 2726 1720 in
2755 1664 3120 1736 sophismata
3146 1662 3476 1717 Graecorum
3509 1672 3564 1715 et
3594 1661 3703 1715 ha:-

2058 1755 2369 1810 reticorum
2400 1753 2637 1811 incidat.
2671 1754 2849 1810 Graeci
2901 1768 3154 1824 namque
3195 1755 3470 1822 putantes
3503 1768 3562 1804 so
3595 1751 3700 1803 ali-

297 1829 484 1906 λόγων
520 1831 548 1884 ὁ
594 1830 825 1892 ἀκούσας
874 1832 1060 1908 σοφὸς,
1110 1834 1416 1910 σοφώτερος
1467 1829 1632 1892 ἔσται.
1684 1840 1797 1890 Τῶν
1844 1837 1936 1912 γὰρ

413 1921 426 1938 ι
659 1923 690 1934 η.
745 1928 777 1938 Α
842 1925 872 1935 .-
935 1922 949 1938 ,
1039 1920 1052 1938 .
1295 1922 1310 1938 π
1424 1927 1448 1937 -
1641 1921 1736 1938 «η
1864 1925 1876 1938 ,
1935 1933 1936 1938 η

2058 1861 2204 1917 quos
2251 1861 2398 1910 esse,
2451 1851 2508 1900 et
2544 1864 2564 1891 α
2599 1843 2858 1898 dicentes
2899 1859 2961 1897 se
2999 1841 3294 1912 sapientes
3352 1856 3478 1894 esse
3537 1838 3701 1893 stulti

289 1921 552 1992 νομίμων
594 1923 694 1974 τοῦ
741 1925 875 1974 Θεοῦ
925 1920 1175 1992 ἀκούσας,
1224 1922 1312 1976 καὶ
1354 1927 1521 1977 ταῦτα
1567 1921 1824 2000 φυλάξας,
1859 1925 1945 1980 ἐπί

289 2029 350 2063 τε
377 2009 450 2083 τῇ
484 2006 701 2080 παιδείᾳ
750 2010 948 2084 Κυρίου
983 2011 1056 2083 μὴ
1109 2009 1480 2087 ὀλιγωρήσαςι
1517 2011 1656 2086 μηδέ
1705 2012 1946 2078 ἐκλυθεὶς

285 2099 372 2152 ἐπ’
429 2098 590 2171 αὐτῇ,
631 2098 746 2159 υἱὸς
805 2100 967 2177 σοφὸς
1022 2101 1326 2174 γενήσεται,
1370 2101 1460 2154 καὶ
1516 2099 1942 2176 πεπαιδευμένος

282 2186 612 2262 γενόμενος,
643 2187 857 2264 ταχέως
889 2187 977 2242 καὶ
1007 2190 1104 2256 τὴν
1134 2187 1255 2262 περὶ
1291 2191 1424 2243 Θεοῦ
1467 2193 1664 2262 γνῶσιν
1715 2189 1938 2265 δέξεται.

281 2274 499 2346 Ταΰτην
542 2277 648 2352 γὰρ
707 2277 757 2330 οἱ
809 2277 965 2354 σοφοὶ
1015 2277 1380 2334 παιδεύονται.
1413 2279 1616 2350 Νόησις
1665 2277 1722 2334 δὲ
1763 2280 1938 2358 λόγων

281 2367 609 2441 φρονήσεως
638 2367 672 2434 ἡ
704 2365 826 2440 περί
874 2370 970 2420 τοῦ
1021 2365 1186 2438 μόνου
1233 2366 1321 2421 καί
1372 2367 1636 2437 ἀληθινοῦ
1679 2375 1811 2425 Θεοῦ
1859 2368 1938 2426 δι-

282 2451 579 2509 δασκαλία.
613 2454 734 2508 Ἐπὶ
782 2457 885 2531 γὰρ
939 2453 1217 2526 Ἐλλήνων
1252 2457 1303 2510 οἱ
1341 2458 1434 2530 μὲν
1484 2463 1642 2531 σῶμα
1689 2459 1782 2514 τὸν
1809 2461 1937 2516 Θεὸν

284 2543 465 2598 εἶπον·
500 2543 552 2597 οἳ
585 2539 642 2597 δὲ
667 2543 753 2598 καὶ
805 2540 1057 2605 είδώλοις
1103 2544 1262 2600 αὐτὸν
1314 2547 1625 2618 ὡμοίωσαν.
1659 2550 1938 2622 Αἶρετικοί

282 2631 364 2702 ἃ,
425 2631 518 2685 καὶ
582 2630 740 2686 αὗτοί
816 2634 938 2708 περὶ
1012 2639 1108 2688 τοῦ
1157 2629 1306 2697 ὄντος
1357 2636 1783 2714 παρεφρόνησαν.
1843 2640 1940 2694 Διὰ

277 2726 448 2775 τοῦτο
483 2721 642 2781 οὗτος
670 2721 768 2788 τήν
817 2720 995 2791 ἀληθῆ
1047 2723 1167 2798 περὶ
1220 2729 1352 2778 Θεοῦ
1395 2729 1591 2800 γνῶσιν
1643 2727 1934 2802 ἐξηγεῖται,

277 2809 340 2863 τὸ
369 2811 470 2881 μὲν
522 2808 884 2887 ἀνέκφραστον
933 2811 1115 2866 αὐτοῦ·
1151 2812 1345 2883 «Δόξα
1394 2819 1526 2869 Θεοῦ
1574 2815 1796 2891 κρύπτει
1842 2816 1935 2872 λό-

276 2919 448 2971 γον.»
465 2899 540 2952 Τὸ
575 2895 632 2952 δὲ
661 2900 1020 2974 προνοητικὸν
1047 2899 1209 2954 αὐτοῦ
1241 2923 1423 2979 φησιν⁹
1442 2928 1468 2956 ιι
1496 2905 1580 2957 Ἐν
1601 2905 1760 2960 παντὶ
1779 2906 1934 2980 τόπῳ

276 2985 565 3062 οφθαλμοὶ
600 2986 808 3060 Κυρίου
839 2988 1156 3043 σκοπεύουσι
1188 2991 1384 3053 κακούς
1414 3013 1472 3046 τε
1504 2994 1593 3046 καὶ
1623 2993 1873 3070 ἀγαθούς·
1905 3020 1931 3047 ))

271 3076 360 3130 καὶ
400 3073 602 3130 πάλιν
635 3101 663 3126 ‹‹
699 3074 968 3138 Πλούσιος
1023 3077 1108 3132 καὶ
1166 3079 1390 3156 πτωχός
1449 3085 1782 3154 συνήντησαν
1833 3083 1930 3140 ἀλο

273 3163 500 3234 λήλοιςο
565 3163 906 3242 ἀμφοτέρους
955 3163 1011 3220 δὲ
1058 3166 1304 3239 ἐποίησεν
1360 3170 1388 3223 ὁ
1444 3170 1664 3246 Κύριοςθ
1733 3198 1753 3224 ιι
1813 3174 1924 3246 καὶ,

273 3279 298 3306 υ
331 3258 629 3309 Δανειστοῦ
659 3253 748 3308 καὶ
782 3255 1184 3334 χρεωφειλέτου
1205 3238 1488 3330 ἀλλήλοις
1527 3238 1923 3334 ¹συνελθόντων,
1958 3238 2000 3302 C

273 3343 586 3410 ἐπισκοπὴν
665 3348 897 3397 ποιεῖται
969 3345 996 3398 ὁ
1065 3344 1258 3420 Κύριος
1333 3347 1674 3425 ἀμφοτέρων·
1730 3376 1758 3402 ››
1815 3353 1928 3424 καὶ,

277 3455 302 3482 α
333 3432 616 3486 Ἐνὼπιον
644 3430 746 3507 γάρ
775 3429 874 3486 εἶσι
901 3437 1008 3487 τῶν
1057 3438 1154 3488 τοῦ
1194 3433 1326 3490 Θεοῦ
1361 3436 1658 3515 ὀφθαλμῶν
1692 3437 1812 3494 ὁδοὶ
1845 3441 1928 3495 ἀν-

276 3517 428 3593 δρόςο
459 3519 540 3580 εἷς
577 3515 633 3573 δὲ
663 3521 834 3581 πάσας
863 3523 1092 3597 τροχιὰς
1143 3523 1307 3579 αὐτοῦ
1355 3526 1623 3584 σκοπεύει.
1659 3552 1687 3578 ››
1724 3509 1818 3584 Καὶ
1865 3532 1927 3584 τὸ

279 3610 372 3679 μὲν
404 3609 655 3682 κριτικὸν
695 3608 857 3664 αὐτοῦ
907 3631 1060 3688 φησι·
1099 3637 1120 3662 ι
1155 3613 1338 3668 Θυσίαι
1388 3613 1593 3669 ἀσεϐῶν
1644 3614 1930 3694 βδέλυγμα

276 3696 504 3773 Κυρίου·
551 3696 710 3771 εὐχαὶ
745 3695 800 3751 δὲ
829 3700 1276 3774 κατευθυνόντων,
1311 3700 1488 3758 δεκταὶ
1539 3708 1664 3781 παρ’
1695 3707 1860 3779 αὐτῷ·
1898 3731 1926 3758 ››

274 3787 354 3838 καὶ
427 3785 624 3841 πάλιν
693 3808 719 3838 α
782 3783 971 3850 Οἶκους
1046 3784 1309 3866 ὑϐριστῶν
1389 3798 1630 3864 κατασπᾷ
1705 3795 1924 3871 Κύριος,

279 3873 461 3942 ἔστησε
519 3872 580 3928 δὲ
640 3873 789 3950 ὅριον
837 3878 1040 3951 χήρας.
1075 3903 1100 3927 n
1132 3879 1202 3932 Τὸ
1235 3877 1290 3933 δὲ
1321 3878 1714 3958 δημιουργικὸν
1763 3881 1926 3938 αὐτοῦ

279 3963 377 4039 οὐχ
405 3962 622 4032 ἁπλῶς,
656 3961 783 4018 ἀλλ’
813 3963 895 4018 ὅτι
929 3963 1018 4020 διὰ
1054 3971 1150 4021 τοῦ
1195 3965 1334 4022 ἰδίου
1387 3970 1560 4044 ⁴Χόγου
1603 3971 1691 4025 καὶ
1737 3972 1924 4043 σοφίας

279 4053 436 4106 πάντα
474 4057 652 4106 ποιεῖ’
705 4053 734 4106 ’ὀ
789 4050 1023 4126 μάλιστα
1069 4054 1158 4110 καί
1204 4059 1597 4132 χαρακτηρίζει
1637 4061 1728 4114 τὸν
1781 4058 1924 4132 ἀλη-

279 4141 408 4200 θινὸν
467 4143 628 4210 Θεὸν,
665 4138 746 4194 ὅτι
806 4141 934 4196 Υἱοῦ
992 4145 1179 4218 Πατήρ
1234 4144 1364 4218 ἐστι,
1417 4145 1559 4222 λέγει
1618 4153 1767 4223 γοῦν’
1803 4175 1830 4200 ‹‹
1865 4150 1925 4207 Ὀ

281 4229 399 4289 Θεὸς
453 4233 526 4301 τῇ
585 4227 747 4306 σοφίᾳ
803 4227 1132 4304 ἑθεμελίωσε
1181 4233 1279 4302 τὴν
1335 4241 1455 4310 γῆψ
1514 4260 1540 4286 ››
1587 4237 1675 4290 καὶ
1735 4236 1921 4293 πάλιν·

285 4341 314 4364 ιι
343 4319 534 4394 Κύριος
563 4317 788 4386 εποίησε
816 4319 1025 4394 χώρας,
1058 4321 1145 4375 καὶ
1177 4320 1488 4392 ἀοικήτους,
1523 4325 1611 4379 καὶ
1663 4322 1795 4401 ἄκρα
1845 4327 1923 4381 οἶ-

283 4405 510 4478 κοῦμενα
553 4409 654 4474 τῆς
700 4407 789 4461 ὁπ’
830 4407 1077 4482 οὐρανόν.
1107 4410 1294 4467 Ἡνίκα
1343 4411 1610 4486 ἡτοίμαζε
1651 4415 1741 4469 τὸν
1772 4416 1927 4492 οὐρα-

279 4493 382 4563 νὸν,
430 4495 809 4569 συμπαρήμην
862 4496 1028 4569 αὐτῷ,
1058 4500 1146 4553 καὶ
1195 4499 1280 4561 ὅςε
1327 4501 1566 4578 ἀφώριζε
1612 4505 1702 4559 τὸν
1736 4505 1926 4560 ἑαυτοῦ

2054 1933 2188 1988 facti
2221 1937 2359 1989 sunt
2379 1935 2451 2001 90;
2481 1957 2499 1981 ι
2539 1932 2790 1989 haeretici
2825 1948 2956 1986 vero
3001 1930 3260 1985 eruditos
3291 1945 3439 1994 esse,
3475 1945 3536 1982 se
3571 1929 3698 1992 rati,

2055 2023 2238 2079 aversi
2271 2026 2429 2092 sunt,
2461 2025 2517 2077 et
2547 2025 2789 2094 peccant
2828 2018 3059 2091 proprio
3091 2017 3314 2088 judicio
3348 2018 3698 2072 condemna-

2051 2114 2093 2168 ti
2118 2114 2184 2167 9‘.
2216 2113 2460 2184 Sapiens
2506 2127 2639 2166 vero
2680 2111 2728 2165 si
2779 2109 2976 2163 divina
3024 2107 3257 2178 eloquia
3303 2106 3570 2170 audierit,
3606 2123 3695 2160 sa-

2051 2201 2304 2273 pientior
2344 2201 2471 2258 erit.
2509 2197 2730 2255 Etenim
2789 2198 2834 2253 si
2886 2196 3149 2269 legitima
3195 2195 3312 2248 Diei
3362 2195 3612 2249 audierit
3645 2201 3700 2249 et

2051 2289 2413 2360 custodierit,
2445 2295 2500 2344 et
2542 2288 2600 2342 in
2642 2286 2955 2358 disciplina
2983 2284 3211 2340 Domini
3247 2282 3548 2355 negligens
3584 2301 3694 2336 non

2049 2380 2243 2449 fuerit,
2277 2395 2380 2435 nec
2415 2379 2469 2432 in
2502 2395 2568 2432 ea
2600 2377 2893 2441 defecerit,
2930 2375 3086 2429 filius
3117 2373 3352 2446 sapiens
3383 2374 3606 2440 evadet,
3641 2377 3696 2426 et

2047 2470 2314 2526 eruditus
2361 2469 2549 2524 factus
2598 2465 2988 2539 cognitionem
3041 2463 3134 2518 Dei
3188 2462 3493 2517 confestim
3544 2463 3692 2515 acci-

2048 2559 2186 2630 piet.
2219 2559 2338 2613 Hac
2367 2556 2522 2612 enim
2562 2556 2856 2626 sapientes
2896 2552 3305 2608 instituuntur.
3341 2551 3691 2606 Sermonum

2046 2665 2178 2704 vero
2219 2648 2575 2720 prudentum
2627 2641 2974 2710 intellectus,
3006 2641 3273 2697 doctrina
3321 2645 3410 2695 est
3451 2641 3520 2694 de
3568 2639 3689 2694 solo

2044 2754 2177 2793 vero
2209 2737 2340 2793 Deo.
2366 2740 2695 2790 Graecorum
2731 2749 2982 2803 namque
3013 2729 3107 2785 alii
3140 2746 3352 2802 corpus
3375 2745 3502 2784 esse
3536 2729 3691 2782 dixe-

2044 2831 2184 2883 runt
2221 2831 2423 2892 Deum,
2456 2823 2550 2879 alii
2584 2819 2914 2877 simulacris
2947 2819 3119 2876 etiam
3170 2819 3365 2890 ipsum
3399 2817 3687 2872 assimila-

2044 2919 2204 2971 runt.
2273 2911 2538 2970 Haeretici
2607 2928 2738 2966 vero
2806 2914 2863 2964 et
2927 2907 3036 2980 ipsi
3101 2908 3160 2962 in
3226 2905 3347 2960 veri
3406 2906 3687 2976 cognitio-

2045 3019 2117 3058 ne
2171 3001 2573 3071 desipuerunt.
2613 3002 2924 3068 Propterea
2983 2996 3076 3051 hic
3125 2996 3194 3050 de
3229 3011 3362 3049 vera
3407 2993 3686 3064 cognitio-

2043 3109 2116 3148 ne
2180 3091 2282 3148 Dei
2351 3090 2472 3146 hch
2536 3091 2788 3144 enarrat.
2849 3085 3008 3150 Quod
3071 3084 3308 3155 quidem
3375 3081 3687 3136 ineffalﬁlis

2043 3183 2120 3237 sit
2152 3199 2164 3238 :
2191 3205 2219 3231 «
2250 3179 2447 3237 Gloria
2495 3177 2594 3232 Dei
2643 3175 2950 3231 abscondit
2993 3175 3233 3228 verbum
3256 3173 3322 3226 92.
3352 3193 3380 3221 ››
3424 3171 3504 3226 De
3556 3188 3686 3242 pro-

2038 3267 2296 3322 videntia
2324 3282 2460 3321 vero
2509 3263 2666 3318 illius
2711 3261 2794 3318 sic
2841 3261 3102 3333 loquitur
3134 3277 3200 3314 :«
3239 3261 3300 3315 In
3351 3260 3510 3314 omni
3559 3261 3685 3314 loco

2038 3359 2192 3412 119
2226 3353 2378 3411 oculi
2421 3351 2651 3408 Domini
2701 3349 3176 3422 oontemplantur
3221 3350 3407 3405 bonos
3456 3355 3512 3404 et
3562 3365 3682 3403 ma-

2039 3445 2125 3502 los
2147 3447 2210 3500 93.
2239 3468 2266 3493 »
2299 3446 2368 3499 Et
2406 3444 2614 3498 iterum
2651 3458 2662 3494 :
2695 3463 2718 3492 α
2753 3440 2923 3495 Dives
2953 3444 3009 3494 et
3056 3455 3277 3510 pauper
3323 3437 3470 3492 alter
3516 3437 3683 3492 alteri

2037 3538 2439 3602 occurrerunt,
2479 3535 2756 3601 utrosque
2787 3545 2919 3584 vero
2971 3525 3107 3582 fecit
3137 3527 3420 3581 Dominus
3447 3527 3545 3579 9‘.»
3576 3527 3677 3580 Et:

2039 3647 2066 3673 ‹‹
2103 3625 2247 3678 Dum
2294 3620 2649 3677 conveniunt
2691 3625 2998 3674 Luanerator
3025 3633 3091 3671 ac
3122 3616 3365 3679 debitor,
3404 3621 3680 3684 utrosque

2037 3711 2376 3784 speculatur
2445 3708 2730 3763 Dominus
2768 3707 2832 3760 οδ.
2882 3729 2908 3754 ››
2958 3706 3023 3759 Et
3074 3721 3088 3758 :
3137 3727 3156 3751 ει
3205 3707 3351 3757 Sunt
3405 3703 3561 3756 enim
3621 3703 3680 3755 in

2011 3793 2348 3872 conspectu
2403 3797 2706 3853 oculorum
2761 3794 2858 3849 Dei
2909 3793 3010 3847 vize
3057 3791 3188 3856 viri,
3229 3795 3284 3846 et
3334 3807 3535 3844 omnes
3588 3806 3680 3844 or-

2036 3890 2189 3946 bitas
2239 3889 2366 3960 ejus
2415 3885 2751 3958 speculatur
2770 3884 2831 3936 “.
2867 3904 2895 3931 ››
2925 3879 3218 3935 Judicium
3275 3894 3506 3949 quoque
3555 3878 3680 3948 ejus

2037 3979 2473 4041 commemorat,
2507 3973 2708 4028 dicens
2741 3989 2753 4026 :
2791 3992 2821 4020 «
2854 3967 3150 4024 Sacriﬁcia
3175 3966 3510 4039 impiorum,
3545 3966 3680 4021 abo-

2037 4064 2393 4120 minationes
2440 4065 2579 4116 sunt
2631 4057 2854 4114 Domini
2892 4076 2904 4113 :
2938 4061 3072 4113 vota
3113 4060 3307 4110 autem
3357 4058 3509 4110 recte
3559 4072 3680 4108 am-

2037 4153 2389 4219 bulantium,
2413 4154 2652 4221 accepta
2681 4151 2821 4203 sunt
2851 4145 3003 4218 apud
3026 4162 3159 4202 eum
3187 4145 3251 4199 θτ.
3279 4167 3306 4195 ››
3335 4147 3399 4199 Et
3429 4142 3637 4198 iterum
3667 4162 3679 4197 :

2038 4267 2063 4292 ‹‹
2101 4247 2310 4298 Domos
2349 4237 2804 4296 conviciatorum
2858 4233 3111 4306 dissipat
3148 4233 3454 4302 Dominus,
3489 4233 3687 4288 firmat

2037 4337 2233 4386 autem
2283 4327 2605 4384 terminum
2638 4325 2824 4380 viduae
2845 4325 2907 4378 9⁸.
2939 4348 2965 4374 ››
3002 4322 3310 4395 Opiﬁcium
3342 4339 3473 4378 vero
3523 4321 3682 4377 illius

2038 4437 2150 4477 non
2181 4417 2546 4491 simpliciter,
2579 4413 2678 4470 sed
2727 4431 2792 4468 eo
2842 4414 2995 4484 quod
3048 4429 3150 4484 per
3174 4412 3454 4478 Verbum,
3491 4429 3556 4465 ac
3590 4429 3680 4466 sa-

2038 4509 2316 4580 pientiam
2351 4521 2516 4561 suam
2552 4508 2764 4558 cuncta
2805 4501 2977 4557 faciat
3011 4517 3023 4556 :
3059 4501 3156 4574 qui
3192 4499 3536 4573 potissimus
3565 4501 3682 4554 veri

287 4580 468 4653 θρόνον
497 4582 582 4636 ἐπ’
611 4582 846 4657 ἀνέμων,
877 4586 1038 4654 ἡνίκα
1069 4587 1266 4664 ἰσχυρὰ
1297 4590 1468 4646 ἐποίει
1514 4592 1580 4646 τὰ
1624 4589 1733 4648 ἄνω
1771 4595 1927 4673 νέφη,

2048 4598 2139 4654 Dei
2173 4596 2472 4652 character
2501 4597 2610 4661 est,
2647 4593 2801 4664 quod
2839 4590 2914 4646 sit
2946 4591 3072 4645 Filii
3106 4593 3296 4644 Pater.
3329 4588 3424 4643 Ait
3455 4588 3638 4661 igitur
3670 4607 3680 4642 :

287 4667 434 4739 ἤμην
490 4673 618 4746 παρ’
675 4672 821 4744 αὖτῷ
879 4675 1208 4748 ἁρμόζουσα.
1264 4680 1406 4754 Ἐγὼ
1464 4679 1616 4752 ἥμην
1675 4683 1711 4758 ᾖ
1759 4667 1928 4760 προσ-

289 4758 492 4831 ἐχαιρε,
523 4761 638 4812 καθ’
668 4760 874 4835 ἡμέραν
909 4759 967 4816 δὲ
1011 4763 1378 4841 εὐφραινὸμην
1429 4767 1480 4822 ὲν
1527 4758 1809 4846 προσώπω
1837 4774 1928 4827 αὐ-

283 4850 464 4936 10-5.}:
499 4849 730 4936 Στροφαὶ
789 4849 966 4926 λόγων
1020 4851 1280 4928 εἶξοηνταγ
1329 4855 1516 4926 ἐπειδὴ
1569 4859 1808 4936 στρέφων
1851 4882 1932 4923 τις

295 4931 486 4996 αὐτους
514 4940 581 5010 τῇ
622 4935 849 5012 διανοίᾳ,
882 4940 1080 5016 ἀνοίγει
1113 4943 1200 4996 καὶ
1236 4944 1464 5020 εὑρίσκει
1511 4949 1602 5002 τὸν
1651 4931 1717 5003 ἰν·
1750 4950 1931 5013 αὐτοῖς

297 5022 595 5094 ἐγκείμενον
640 5032 785 5081 νοῦν·
833 5029 920 5082 οἷα
974 5031 1098 5084 εἰσι·
1132 5056 1158 5082 ‹‹
1212 5035 1452 5104 Διεσώθη
1506 5035 1614 5091 ἀπὸ
1661 5041 1758 5092 τοῦ
1805 5039 1934 5094 καύ-

305 5130 472 5201 ματος
500 5113 607 5175 υίὸς
639 5119 886 5190 νοήμων,
920 5118 1296 5198 ἀνεμόφθορος
1330 5120 1387 5177 δὲ
1416 5123 1620 5199 γίνεται
1654 5125 1704 5180 ἐν
1739 5127 1936 5201 ἀμητῷ

297 5197 422 5257 υἷος
463 5203 780 5276 παράνομος·
835 5233 863 5257 ››
915 5209 1004 5262 καὶ
1063 5208 1248 5264 πάλιν·
1301 5236 1329 5263 ‹‹
1375 5213 1674 5286 Ἐπιμελοῦ
1725 5197 1830 5271 τῶν
1884 5197 1934 5273 ἐν

298 5289 390 5390 τοξΐ
441 5287 594 5363 πεδίῳ
647 5292 911 5370 χλωρῶν,
941 5296 1031 5352 καῖ
1087 5305 1260 5370 κερεῖς
1317 5301 1476 5368 πόαν,
1535 5305 1623 5358 καὶ
1684 5306 1940 5383 συνάγαγε

309 5380 507 5448 χόρτον
559 5380 898 5456 ὀρεινὸν,Ἰνα
957 5381 1087 5462 ἔχῃς
1145 5383 1392 5462 πρόϐατα
1441 5391 1514 5453 εἷς
1565 5380 1938 5468 ἱματισμόν-»

317 5658 368 5692 ,ε
395 5587 614 5692 ’ἑὲἑῗσῖς
646 5598 808 5692 £2.12-
832 5670 874 5692 ,η
901 5599 1087 5692 1LT??-
1120 5619 1204 5670 ¹¹¹ν
1227 5603 1322 5692 ἑί·
1357 5675 1399 5692 ι...
1418 5605 1465 5692 '3
1495 5606 1670 5692 Rm}.
1692 5625 1823 5692 “Y2
1846 5613 1908 5692 ἓ·

407 5656 551 5717 Prov.
583 5651 808 5734 v.31:
832 5670 874 5704 θη
904 5651 1204 5744 Ρι-ὀὶγῖιὲἰῖζ
1225 5651 1322 5730 εἷ’
1357 5675 1400 5711 σε
1429 5651 1823 5734 ίδῖᾱῖὲεῗᾛ

2006 5610 2051 5646 ³³
2079 5611 2242 5668 Prov.
2275 5629 2368 5682 xv,
2401 5613 2454 5668 3.

1773 5681 1817 5716 ⁹⁹
1846 5681 2013 5738 Prov.
2040 5699 2124 5753 In,
2160 5684 2242 5739 19.

2043 4710 2068 4737 ‹‹
2102 4685 2394 4758 Sapientia
2425 4683 2579 4738 Deus
2631 4680 2894 4737 fundavit
2942 4685 3155 4735 terram
3179 4680 3242 4732 99.
3269 4700 3296 4727 ››
3329 4679 3395 4735 Et
3422 4679 3630 4733 iterum
3669 4694 3682 4732 :

2042 4799 2068 4826 α
2105 4774 2388 4830 Dominus
2419 4772 2552 4828 fecit
2575 4771 2842 4844 regiones
2873 4776 2927 4825 et
2959 4771 3208 4834 deserta,
3233 4773 3290 4823 et
3312 4770 3687 4823 summitates

2040 4863 2333 4920 habitatas
2362 4864 2489 4933 ejus
2521 4879 2648 4933 que
2680 4860 2790 4914 sub
2822 4859 2962 4914 coelo
2993 4863 3100 4914 est.
3125 4858 3366 4924 Quando
3401 4874 3686 4930 przepara-

2045 4956 2144 5009 bat
2171 4953 2400 5016 coelum,
2430 4951 2662 5006 aderam
2713 4949 2823 5021 ipsi
2861 4965 2874 5004 :
2910 4949 3142 5020 quando
3187 4946 3497 5018 separabat
3529 4947 3686 5000 thro-

2047 5061 2186 5098 num
2217 5057 2390 5096 suum
2425 5055 2604 5112 supra
2647 5043 2873 5105 ventos,
2909 5037 3142 5109 quando
3173 5035 3399 5091 validas
3443 5036 3691 5090 faciebat

2048 5134 2297 5202 desuper
2324 5130 2533 5194 nubes,
2568 5145 2696 5184 cum
2749 5145 2815 5184 eo
2862 5143 3018 5182 eram
3054 5130 3264 5180 cuncta
3311 5141 3688 5196 componens.

2051 5221 2164 5292 Ego
2192 5236 2348 5274 eram
2381 5219 2438 5273 in
2465 5235 2580 5290 qua
2599 5215 3194 5287 lzetabatur,singulis
3217 5215 3422 5268 diebus
3456 5213 3696 5266 laetabar

2048 5309 2107 5363 in
2136 5312 2448 5378 conspectu
2501 5305 2723 5361 illius‘.
2754 5329 2779 5353 ››
2810 5305 3071 5376 Strophze
3108 5320 3340 5376 quoque
3387 5302 3691 5356 verborum

2052 5398 2255 5453 insunt
2285 5395 2380 5450 isti
2413 5395 2563 5450 libro
2597 5411 2610 5448 :
2645 5411 2779 5450 nam
2813 5395 2861 5449 si
2895 5395 3027 5464 quis
3055 5409 3120 5447 ea
3153 5397 3345 5446 mente
3374 5394 3581 5451 verset,
3613 5407 3694 5442 re-

2548 5612 2594 5646 “
2621 5615 2786 5666 Prov.
2817 5626 2958 5677 xxn,
2987 5611 3043 5664 2.
3137 5609 3181 5643 ⁸⁸
3210 5611 3374 5666 Prov.
3421 5621 3571 5665 xxxx,
3606 5602 3694 5657 13.

2323 5685 2337 5718 ¹
2374 5685 2516 5739 ibid.
2548 5683 2737 5737 26-31.
