4136 6218
305 356 428 415 345

1403 357 1780 418 SYNOPSIS
1827 354 2295 415 SCRIPTURIE
2340 353 2630 413 SAGBAE.

3598 353 3712 410 346

311 509 332 534 ι
375 487 476 538 Δια
502 488 663 537 τοῦτο
693 482 744 536 ἐν
778 478 1122 557 παραϐολαῖς
1151 483 1355 555 αὐτοῖς,
1388 481 1564 540 λαλῶ.
1599 506 1628 534 ››
1661 481 1808 540 Εῗσὶν
1869 480 1960 535 οὗν

2080 483 2392 538 admodum
2437 484 2592 539 enim
2626 485 2724 556 qui
2772 483 2884 540 iter
2931 481 3087 552 facit,
3132 483 3182 537 si
3214 493 3363 536 recta
3416 484 3714 552 gradiatur

303 577 554 626 τοιαῦται
613 573 664 624 αἱ
723 567 1116 646 παραϐολαί·‹‹
1159 573 1361 646 ’Ὠσπερ
1420 569 1600 640 ἔξοδος
1662 571 1847 646 χιόνος
1907 567 1958 622 ἐν

309 664 509 733 ἀμητῴ
573 662 891 732 κατάκαυμα
949 659 1172 738 ὠφελεῖ,
1232 657 1406 722 οὕτως
1486 659 1718 736 ἄγγελος
1777 659 1962 719 πιστὸς

305 750 440 811 τοὺς
498 748 923 810 ἀποστείλαντας
986 749 1164 803 αὐτόν·
1229 774 1256 801 ‹‹
1320 750 1409 804 καὶ
1464 748 1649 804 πάλιν·
1681 774 1706 800 ‹‹
1760 751 1961 820 Ὥσπερ

287 841 500 912 ’ἄνεμοι
528 837 615 892 καὶ
646 838 777 914 νέφη
809 839 900 892 καὶ
951 838 1115 910 ὑετοὶ,
1147 839 1321 900 οὕτως
1371 839 1421 892 οἱ
1469 839 1823 913 καυχώμενοι
1875 835 1966 890 ἐπὶ

306 926 455 982 δόσει
484 924 687 1000 ψευδεῖ·
726 952 747 980 ι
784 926 874 981 καὶ
903 929 970 980 τα
1000 928 1168 998 ὅμοια
1223 927 1458 988 τούτοις.
1491 929 1701 996 Ῥήσεις
1761 923 1818 980 δὲ
1873 946 1962 979 σο-

306 1022 421 1094 φῶν
455 1015 556 1070 εἶσι
591 1013 747 1088 λόγοι
781 1013 842 1068 οὐ
895 1013 1298 1093 σεσοφισμένοι,
1332 1013 1456 1070 οὐδὲ
1514 1013 1565 1068 ἐν
1626 1019 1704 1086 τῷ
1756 1015 1965 1085 πιθανῷ

303 1106 640 1172 ἀπατῶντες,
671 1102 818 1159 ἀλλὰ
847 1099 1247 1178 ήκριϐωμὲνου
1285 1103 1393 1179 οὐχ
1444 1105 1517 1166 ὡς
1557 1106 1691 1158 κατὰ
1730 1102 1963 1177 πρόστα-

311 1195 388 1264 ξιν
451 1192 509 1248 δὲ
559 1191 871 1268 λεγόμενοι,
904 1191 1030 1248 ἀλλ’
1061 1193 1134 1255 ὡς
1193 1194 1318 1268 παρ’
1375 1191 1549 1248 αὐτῶν
1611 1191 1960 1268 γνωσθὲντες’

308 1285 398 1337 καὶ
462 1283 536 1342 ὡς
583 1282 878 1359 ἀποφάσεις
935 1281 1110 1336 αὐτῶν
1171 1281 1628 1360 προσφερόμενοι.
1663 1281 1784 1339 Οἷοί
1843 1281 1964 1350 εἰσι,

304 1399 330 1421 η
399 1369 635 1444 Καρδίας
701 1370 1157 1447 εὐφραινομὲνης,
1205 1370 1496 1446 πρόσωπον
1559 1368 1770 1434 θάλλεν
1807 1369 1858 1424 ἐν
1909 1367 1966 1423 δὲ

307 1461 507 1519 λύπαις
567 1456 755 1528 οὔσης,
812 1460 1208 1534 σκυθρωπάζει·
1277 1483 1304 1511 ››
1361 1460 1473 1528 καὶ,
1508 1483 1535 1512 ››
1569 1456 1776 1534 Καρδία
1831 1459 1964 1535 ὀρθή

309 1554 462 1617 ζητεῖ
490 1547 764 1617 αἴσθησιν·
825 1547 1002 1619 στόμα
1063 1545 1120 1602 δὲ
1175 1545 1508 1602 ἀπαιδεύτων
1563 1553 1822 1622 γνώσεται
1869 1569 1963 1602 κα-

303 1639 391 1692 κά·
430 1638 604 1704 undi,
637 1663 665 1688 ‹‹
729 1644 899 1699 Μῖσος
959 1637 1148 1713 ἐγείρει
1205 1643 1406 1698 νεῖκος’
1467 1638 1667 1699 πάντας
1725 1635 1780 1692 δὲ
1839 1638 1966 1700 τοὺς

309 1729 386 1798 μή
448 1726 895 1804 φιλονεικοῦντας
964 1724 1227 1780 καλύπτει
1291 1724 1465 1803 φιλία·
1535 1751 1554 1775 ι
1615 1726 1727 1797 καὶ,
1787 1752 1814 1778 ‹‹
1873 1729 1963 1788 Ὃς

297 1822 632 1893 καταρρρονεῖ
661 1815 1006 1889 πράγματος,
1039 1817 1576 1892 καταφρονηθήσεται
1639 1815 1725 1869 ὑπ’
1779 1814 1961 1870 αὐτοῦ·
1999 1853 2042 1917 Β

306 1905 320 1917 ο
379 1902 420 1917 \I
556 1899 586 1917 ο
637 1903 649 1917 1
874 1903 888 1917 ς
995 1903 1012 1917 \
1044 1905 1056 1917 ι
1192 1903 1213 1917 ιν
1371 1904 1384 1917 ρ
1496 1903 1507 1917 l
1703 1908 1775 1917 ι-αι
1908 1904 1922 1917 \

299 1905 330 1957 ὁ
375 1902 432 1958 δὲ
480 1899 822 1980 φοϐούμενος
871 1903 1120 1971 ἐντολὴν,
1153 1903 1312 1964 οὗτος
1366 1903 1609 1980 ὑγιαίνει.
1648 1930 1672 1952 ι)
1703 1908 1817 1957 Τῶν
1868 1904 1960 1976 μὶν

301 1995 404 2067 γαρ
439 1991 630 2047 ἄλλων
665 1992 966 2067 ἀνθρώπων
1009 1993 1060 2046 οἱ
1110 1991 1268 2067 λόγοι
1304 1993 1437 2046 κατά
1485 1993 1738 2046 πλεῖστον
1795 1992 1962 2070 ἀμφί-

300 2080 469 2137 ϐολοι
502 2084 868 2156 τυγχάνουσιν
901 2075 1066 2142 ὄντες·
1103 2082 1155 2135 οἱ
1188 2079 1245 2135 δὲ
1276 2085 1379 2135 τῶν
1437 2085 1642 2157 σοφῶν,
1675 2082 1784 2136 οἷοί
1831 2082 1961 2136 εἰσιν

303 2171 480 2239 οὗτοι,
515 2168 744 2238 ἀληθεῖς
777 2167 902 2238 εἶσι,
932 2169 1020 2224 καὶ
1052 2169 1388 2244 πανταχόθεν
1449 2165 1796 2246 ἧκρίϐωνται,
1829 2169 1967 2225 ὥστε

307 2257 451 2331 μηδέ
483 2259 853 2333 ἀντιλέγεσθαι
910 2258 1126 2320 αὐτούς.
1161 2259 1259 2313 Καὶ
1295 2259 1346 2312 oi.
1407 2259 1500 2331 μὲν
1553 2257 1718 2316 ἄλλοι
1767 2258 1968 2335 ἄνθρω-

303 2369 397 2401 ποι
433 2348 542 2402 ἀπὸ
573 2351 668 2402 τοῦ
698 2345 893 2408 τὲλους
917 2349 1014 2415 τῆς
1056 2348 1299 2423 πράξεως
1332 2346 1660 2424 γνωρίζουσι
1716 2349 1776 2402 τὸ
1825 2355 1961 2422 πρᾶο

301 2459 444 2510 γμα,
479 2438 616 2490 οἷον·
653 2435 734 2490 ὅτι
784 2437 840 2488 Ὃ
891 2433 1075 2498 ἄδικος
1134 2435 1338 2510 φαῦλόν
1383 2436 1514 2508 ἆστι,
1545 2437 1635 2491 καί
1685 2438 1713 2490 ὁ
1765 2438 1966 2512 μοιχὸς

299 2526 493 2580 κακόν·
527 2529 692 2578 τοῦτο
723 2522 782 2578 δὲ
812 2526 900 2578 καὶ
933 2526 1090 2579 παντί
1121 2547 1200 2598 τῳ
1233 2520 1402 2595 δῆλον
1438 2525 1496 2580 ἂν
1549 2523 1653 2596 εἶἠ·
1691 2527 1742 2581 οἱ
1774 2524 1830 2580 δὲ
1879 2547 1967 2581 σο-

303 2615 397 2692 ςαοί
429 2616 529 2676 τὰς
582 2614 756 2688 ἀρχὰς
811 2619 919 2668 τῶν
975 2614 1215 2689 πράξεων
1271 2613 1619 2690 προλέγουσι,
1649 2615 1739 2669 καὶ
1788 2615 1968 2689 ὥσπερ

305 2698 570 2776 σύμϐολα
600 2707 707 2754 τῶν
738 2709 838 2771 τῆς
881 2707 1066 2779 ψυχῆς
1115 2703 1424 2776 κινημάτων
1471 2703 1964 2779 προαπαγγέλλω-

305 2813 408 2844 7w-
458 2791 536 2843 ’ἐν’
593 2787 838 2860 ἕκαστος,
888 2795 1169 2867 γινώσκων
1229 2792 1321 2854 τὰς
1381 2793 1554 2868 ἀρχὰς
1599 2797 1706 2847 τῶν
1766 2799 1969 2864 κακῶν,

306 2879 679 2958 φυλάττηται,
709 2880 797 2934 οἷά
839 2879 948 2935 ἐστι
998 2882 1063 2934 τὰ
1105 2881 1496 2956 προειρημένα·
1533 2906 1559 2933 ‹‹
1611 2884 1785 2944 Μῖσος
1837 2881 1970 2958 ἐγεί-

311 2991 390 3045 ρει
455 2975 658 3030 νεῖκος
713 2970 908 3030 πάντας
938 2967 994 3025 δὲ
1022 2970 1147 3031 τοὺς
1201 2971 1275 3042 μή
1323 2969 1761 3046 φιλονεικοῦντας
1810 2970 1973 3026 καλύ-

311 3080 434 3113 πτει
494 3057 671 3135 νξιιλία.
714 3060 826 3112 ,Ὀ
857 3060 960 3135 γὰρ
1019 3059 1230 3136 φίλερις
1289 3058 1392 3112 ἀπὸ
1455 3055 1813 3134 μίσουςυέχει
1870 3062 1969 3129 τήν

309 3147 495 3222 ἆρχήν
527 3155 628 3215 τῆς
657 3147 911 3216 τοιαύτης
941 3147 1145 3217 κακίας,
1176 3146 1265 3202 καὶ
1298 3147 1394 3201 οὐκ
1427 3145 1484 3200 ἄν
1545 3169 1626 3208 τις
1660 3146 1802 3202 εἷ’ποι
1842 3149 1970 3224 ἀγα-

2072 571 2182 642 via,
2216 572 2287 626 ad
2319 571 2494 626 finem
2536 572 2641 628 vim
2687 571 2983 644 pervenit;
3017 570 3125 640 sic,
3178 571 3277 641 qui
3314 578 3469 624 recte
3501 574 3714 640 profert

2064 659 2308 730 judicia,
2351 661 2552 731 justus
2599 665 2952 734 agnoscatur
3003 663 3060 714 et
3107 658 3362 732 sapiens,
3427 659 3712 712 Parabolas

2074 755 2265 806 autem
2301 751 2578 806 dicuntur
2621 767 2943 820 sermones,
2977 749 3145 822 quasi
3177 749 3462 818 imagines
3513 766 3711 803 eorum

2074 856 2200 911 quae
2232 840 2529 908 dicuntur,
2577 855 2643 894 ex
2700 838 2847 910 ipsis
2876 839 3033 894 enim
3091 853 3192 910 per
3238 837 3713 900 similitudinem,

2075 929 2230 1000 quod
2263 928 2495 996 dicitur,
2518 927 2887 1000 intelligitur.
2922 927 3008 982 Ita
3033 943 3283 998 namque
3317 928 3622 989 Dominus,
3657 931 3719 978 ut

2075 1017 2156 1071 ait
2187 1017 2446 1086 Marcus,
2489 1016 2672 1071 dixit:
2706 1039 2725 1064 ι
2763 1015 2863 1070 Cui
2916 1014 3254 1071 assimilabo
3288 1033 3529 1084 regnum
3567 1015 3717 1068 Dei?

2076 1110 2177 1160 aut
2205 1122 2322 1175 qua
2353 1104 2628 1176 parabole
2678 1105 3042 1159 adumbrabo
3069 1102 3210 1158 illud
3253 1106 3342 1156 1ίῖ
3382 1128 3401 1148 ››
3444 1105 3508 1156 lit
3546 1105 3715 1157 nimi-

2077 1210 2208 1248 rum
2241 1192 2514 1264 parabole
2538 1194 2616 1248 sit
2638 1193 2708 1248 de
2729 1193 2906 1249 rebus
2934 1210 3036 1264 per
3058 1192 3501 1247 similitudinem
3525 1193 3714 1245 «lictis.

2074 1286 2217 1337 Cum
2247 1281 2491 1337 dixisset
2537 1282 2692 1337 enim
2723 1300 2736 1337 :
2773 1303 2802 1331 ‹‹
2854 1281 3060 1337 Simile
3091 1286 3178 1335 est
3231 1297 3468 1351 regnum
3523 1282 3654 1334 υριε
3690 1306 3715 1329 ››

2077 1371 2285 1427 deinde
2320 1371 2562 1426 intulit:
2597 1394 2624 1421 α
2661 1371 2793 1426 Ideo
2826 1373 2883 1424 in
2914 1369 3440 1442 parabolisloquor
3465 1371 3577 1422 illis
3602 1373 3663 1421 ’³.
3695 1395 3712 1417 η

2077 1460 2425 1531 Hujusmodi
2458 1460 2655 1531 itaque
2699 1463 2840 1516 sunt
2869 1457 3193 1531 parabolas:
3226 1481 3255 1508 «
3295 1459 3454 1512 Sicut
3482 1460 3719 1512 emissio

2078 1550 2230 1604 nivis
2259 1550 2318 1604 in
2347 1565 2537 1604 messe
2577 1547 2786 1604 allevat
2831 1553 3064 1616 aestum,
3098 1547 3180 1602 sic
3234 1549 3479 1602 nuntius
3536 1547 3721 1600 fidelis

2076 1639 2148 1694 iis
2179 1638 2278 1709 qui
2329 1637 2622 1693 miserunt
2669 1636 2836 1692 illum
2870 1638 2933 1691 1³.
2985 1658 3015 1686 ››
3072 1637 3138 1691 Et
3171 1653 3441 1691 rursum:
3481 1661 3505 1683 ‹‹
3562 1636 3721 1689 Sicut

2076 1727 2229 1781 venti
2251 1731 2308 1782 et
2339 1727 2526 1781 nubes
2546 1731 2604 1782 et
2624 1724 2850 1797 pluviaa,
2886 1725 2969 1780 sic
2992 1725 3093 1796 qui
3123 1723 3448 1796 gloriantur
3482 1724 3537 1776 in
3573 1725 3720 1777 dono

2078 1814 2342 1871 mendaci
2369 1817 2430 1885 “,
2469 1839 2488 1864 ι
2543 1819 2601 1870 et
2633 1814 2725 1870 his
2774 1813 3012 1870 similia.
3065 1813 3229 1868 Dicta
3269 1830 3436 1885 porro
3490 1814 3718 1882 sapien-

2076 1907 2220 1960 tium
2255 1909 2414 1973 sunt,
2447 1921 2562 1960 non
2593 1903 2960 1974 sophismata
3007 1902 3338 1965 verborum,
3379 1919 3562 1970 neque
3597 1918 3717 1954 srr-

2074 2011 2278 2050 mones
2323 1992 2756 2066 probabilitatis
2807 1991 2997 2063 specie
3045 1990 3423 2063 decipientes,
3460 1992 3558 2043 sed
3602 1992 3719 2042 veri

2072 2089 2129 2138 et
2155 2083 2447 2138 accurati:
2480 2098 2594 2137 non
2645 2080 2810 2152 quasi
2855 2081 3165 2152 cujusdam
3213 2080 3479 2150 jussione
3513 2078 3716 2145 habiti,

2075 2172 2175 2226 sed
2210 2187 2308 2244 per
2335 2187 2396 2225 se
2420 2169 2564 2240 noti,
2597 2173 2654 2225 et
2693 2169 2860 2240 quasi
2902 2168 3205 2224 sententias
3255 2184 3452 2222 eorum
3491 2167 3716 2238 prolati.

2076 2262 2288 2328 Quales
2318 2268 2492 2314 sunt:
2533 2279 2560 2311 α
2587 2259 2770 2314 Corde
2821 2257 3075 2320 laetante,
3107 2257 3275 2312 ﬂoret
3324 2258 3549 2310 vultus:
3585 2273 3715 2309 cum

2077 2357 2269 2405 autem
2303 2349 2363 2402 in
2415 2347 2653 2403 tristitia
2677 2352 2784 2414 est,
2835 2346 3186 2418 deprimitur
3217 2346 3279 2398 ιδ.
3319 2370 3343 2393 ››
3395 2347 3498 2398 Et:
3555 2368 3576 2395 ‹‹
3613 2348 3721 2400 Cor

2078 2441 2302 2495 rectum
2327 2437 2786 2510 quaeritsensum
2804 2453 2818 2502 ;
2833 2452 2899 2492 os
2911 2442 3106 2491 autem
3124 2435 3329 2490 indisci
3344 2436 3718 2504 plinatorum,

2079 2531 2387 2600 cognoscet
2415 2525 2570 2581 mala
2592 2525 2654 2579 1⁸.
2691 2549 2712 2577 ι
2767 2526 2870 2580 Et:
2911 2546 2939 2574 «
2982 2524 3196 2580 Odium
3245 2526 3452 2580 excitat
3486 2530 3718 2577 conten-

2081 2617 2302 2671 tionem
2329 2631 2343 2671 :
2375 2630 2579 2670 omnes
2595 2617 2791 2668 autem
2814 2629 2912 2668 eos
2944 2612 3042 2683 qui
3070 2613 3412 2668 contentiosi
3447 2630 3557 2665 non
3585 2619 3722 2666 sunt

2081 2704 2336 2776 contegit
2359 2703 2619 2759 amicitia
2647 2703 2709 2755 ιτ.
2762 2702 2865 2756 Et:
2901 2724 2928 2751 (ι
2976 2702 3082 2765 Qui
3133 2703 3429 2773 negotium
3467 2708 3719 2754 contem-

2080 2793 2188 2861 nit,
2221 2795 2626 2849 contemnetur
2664 2790 2736 2846 ab
2770 2791 2935 2862 ipso;
2969 2789 3067 2861 qui
3095 2806 3229 2845 vero
3259 2792 3597 2843 mandatum
3630 2806 3719 2842 ve-

2082 2888 2264 2948 retur,
2293 2880 2390 2936 ille
2420 2897 2603 2935 sanus
2651 2884 2741 2935 est
2765 2879 2827 2932 η.
2864 2901 2891 2928 ››
2943 2877 3197 2934 Aliorum
3244 2896 3498 2947 namque
3533 2878 3718 2930 homi-

2085 2989 2226 3028 num
2297 2986 2619 3039 sermones,
2681 2977 2744 3025 ut
2819 2971 3142 3042 plurimum
3221 2970 3479 3037 ambigui
3547 2975 3724 3030 sunt;

2083 3059 2436 3133 sapientium
2494 3075 2651 3127 vero,
2710 3059 2916 3130 quales
2973 3063 3112 3114 sunt
3159 3057 3279 3126 isti,
3342 3060 3452 3110 veri
3509 3065 3643 3110 sunt
3678 3062 3731 3108 et

2085 3152 2240 3206 omni
2271 3166 2339 3204 ex
2371 3153 2532 3219 parte
2553 3149 2833 3214 accurati,
2858 3147 2938 3202 ita
2969 3152 3034 3202 ut
3054 3147 3296 3201 minime
3330 3148 3471 3214 ipsis
3501 3151 3729 3198 contra-

308 3241 412 3305 πᾷν
473 3235 568 3288 τὸν
637 3233 1071 3310 φιλονεικοῦντα.
1107 3233 1276 3290 Πάλιν
1308 3233 1365 3289 δὲ
1395 3233 1456 3289 ἐκ
1508 3239 1603 3288 τοῦ
1650 3234 1911 3305 ἐναντίου,
1946 3237 1968 3290 ὁ

2084 3241 2331 3294 dicatur.
2364 3239 2429 3292 Et
2458 3236 2556 3292 alii
2587 3236 2826 3308 quidem
2851 3236 3122 3292 homines
3168 3251 3237 3290 ex
3258 3235 3370 3289 ﬁne
3400 3236 3588 3304 operis
3615 3253 3730 3288 rem

315 3327 391 3395 μή
429 3323 759 3400 φιλονεικῶν
791 3324 1076 3399 γνώρισμα
1105 3324 1320 3397 ἀγάπης
1355 3321 1490 3399 ἔχει·
1525 3325 1613 3378 καὶ
1663 3324 1766 3378 οὐκ
1809 3324 1864 3378 ἄν
1893 3347 1974 3386 τις

313 3411 456 3467 εἴποι
504 3411 821 3489 φιλόνεικον
869 3413 961 3467 τὸν
1011 3411 1321 3486 ἀγαπῶντα,
1373 3413 1447 3470 ὠς
1492 3411 1655 3467 πάλιν
1704 3413 1787 3468 τό·
1823 3438 1850 3464 ιι
1886 3415 1973 3469 Ἐν

322 3500 645 3573 ἐπιθυμίαις
707 3500 817 3554 ἐστὶ
873 3507 975 3562 πᾶς
1027 3501 1240 3575 ἀεργὸς,
1270 3501 1358 3554 καὶ
1426 3501 1690 3574 ὀξύθυμος
1751 3501 1973 3577 πράσσει

328 3591 463 3662 μετὰ
491 3585 787 3652 ἀϐουλίας.
827 3616 848 3640 ι
882 3593 986 3644 Τοῦ
1019 3590 1119 3666 γὰρ
1151 3590 1348 3665 ἀεργοῦ
1381 3589 1615 3664 ἐσήμανε
1641 3592 1741 3659 τὴν
1792 3593 1975 3667 ψυχὴν

329 3678 378 3733 ἐν
425 3677 624 3739 πάσαις
676 3677 983 3746 ἐπιθυμίαις
1036 3673 1366 3754 βεϐυθίσθαι,
1417 3680 1506 3733 καὶ
1557 3680 1647 3734 τὸν
1710 3679 1974 3753 ὀξύθυμον

335 3767 472 3838 μηδὲ
506 3769 634 3840 μίαν
669 3764 868 3843 ἔχοντα
901 3768 1108 3844 βουλὴν
1161 3768 1328 3844 ὀρθὴν
1380 3766 1646 3839 ἐδήλωσε.
1679 3771 1779 3824 Καὶ
1828 3769 1975 3833 ὅλως

329 3858 470 3912 οὗτοι
501 3857 573 3911 τὰ
597 3859 764 3926 ἠθικὰ
798 3856 1009 3929 μᾶλλον
1039 3856 1466 3933 ἀπαγγέλλουσι,
1495 3860 1593 3928 τήν
1649 3859 1828 3934 ἀρχὴν
1874 3867 1975 3929 τῆς

327 3947 567 4016 πράξεως
618 3945 741 4009 ὅθεν
792 3946 1117 4018 συνίσταται,
1153 3947 1420 4023 λέγοντες,
1455 3946 1537 4002 ὅτι
1588 3955 1684 4016 τῆς
1745 3950 1838 4020 μὲν
1889 3971 1976 4026 φι-

329 4033 593 4097 λονεικίας
649 4041 972 4110 προηγεῖται
1039 4041 1216 4107 μῖσος’
1248 4041 1346 4091 τοῦ
1404 4033 1460 4090 δὲ
1519 4038 1596 4109 μὴ
1648 4035 1973 4111 φιλονεικεῖν

329 4129 651 4198 προηγεῖται
711 4124 916 4198 ἀγάπη·
951 4124 1040 4179 καὶ
1098 4127 1193 4193 τῆς
1257 4126 1350 4196 μὲν
1405 4125 1620 4201 ἀεργίας
1649 4131 1977 4199 προηγεῖται

331 4209 492 4281 ἡδονὴ
526 4219 693 4282 κακή·
754 4218 851 4266 τοῦ
909 4211 968 4267 δὲ
1025 4212 1296 4286 ὀξυθύμου
1344 4219 1663 4288 προηγεῖται
1721 4208 1972 4270 ἀϐουλίαο

329 4303 405 4354 καί
431 4308 531 4357 τοῦ
567 4302 664 4375 μεν
694 4301 1116 4374 ἐξουθενημένου
1155 4302 1301 4378 ἀρχή
1354 4302 1466 4357 ἐστι
1512 4304 1573 4357 τὸ
1623 4309 1972 4381 καταφρονεῖν

335 4389 476 4444 αὐτὸν
527 4395 626 4444 τοῦ
672 4390 862 4460 νόμου·
898 4399 997 4458 τῆς
1045 4389 1101 4445 δὲ
1148 4391 1325 4465 ὑγείας
1375 4398 1694 4466 προηγεῖται
1726 4394 1754 4446 ὁ
1804 4387 1973 4470 φόϐος

339 4484 418 4531 τοῦ
472 4485 627 4534 eeo-3‘
664 4480 754 4532 καί
814 4487 913 4548 τῆς
976 4480 1068 4551 μὲν
1129 4479 1400 4540 ἀπωλείας
1452 4487 1552 4548 τῆς
1597 4485 1780 4555 ψυχῆς
1831 4481 1969 4536 ἐστιν

2087 3328 2402 3390 declarant,
2423 3325 2594 3397 quale
2623 3332 2712 3382 est
2737 3343 2749 3380 :
2788 3325 3030 3397 Iniquus
3062 3342 3154 3380 res
3183 3329 3277 3380 e=t
3299 3325 3471 3389 male,
3513 3330 3565 3376 et
3593 3341 3732 3376 mur.—

2086 3416 2232 3472 chus
2264 3432 2505 3488 pravum
2529 3415 2668 3487 quid
2693 3419 2804 3479 est,
2829 3415 2984 3486 quod
3017 3413 3200 3469 cuivis
3223 3414 3598 3468 manifestum
3624 3421 3728 3466 est.

2086 3506 2390 3577 Sapientes
2445 3510 2642 3559 autem
2702 3503 2937 3558 initium
2991 3518 3236 3574 operum
3299 3503 3642 3572 prmdicunl,
3677 3508 3728 3554 et

2087 3594 2256 3665 quasi
2307 3593 2574 3666 symbols
2629 3593 2807 3648 animi
2860 3597 3130 3647 motuum
3193 3594 3617 3661 praanuntiunt;
3670 3595 3730 3641 ut

2088 3683 2360 3753 quisque,
2390 3682 2606 3752 agnitis
2655 3680 2943 3736 malorum
2989 3677 3315 3751 principiis,
3371 3679 3478 3730 sibi
3515 3684 3729 3740 caveat,

2087 3771 2283 3843 qualia
2337 3775 2480 3825 sunt
2535 3769 2806 3840 superius
2864 3769 3060 3822 dicta:
3122 3790 3149 3816 ‹‹
3209 3766 3418 3821 Odium
3488 3766 3727 3818 suscitat

2087 3859 2538 3924 contentionem,
2578 3873 2781 3913 omnes
2810 3863 3007 3912 autem
3057 3856 3154 3925 qui
3187 3871 3301 3909 non
3350 3855 3729 3918 contendunt,

2087 3952 2344 4023 contegit
2390 3949 2734 4005 amicitia-9.
2770 3971 2797 3998 ‹‹
2849 3946 3262 4002 Contentiosus
3311 3946 3464 3998 enim
3502 3945 3727 3998 exodio

2087 4037 2324 4094 malitiae
2375 4037 2554 4106 hujus
2613 4036 2963 4107 principium
3026 4033 3220 4098 habet,
3271 4050 3373 4086 nec
3433 4032 3726 4101 quispiam

2086 4127 2296 4183 dixerit
2325 4125 2750 4182 contentiosum
2795 4141 2855 4179 se
2900 4123 3160 4193 diligere.
3194 4123 3430 4185 Contra,
3465 4122 3560 4190 qui
3595 4138 3728 4173 con-

2084 4215 2370 4273 tentiosus
2423 4231 2538 4269 non
2596 4218 2705 4279 est,
2752 4211 3108 4267 dilectionis
3171 4210 3449 4264 indicium
3512 4211 3728 4263 habet:

2085 4321 2190 4362 nec
2222 4303 2646 4360 contentiosum
2675 4299 2969 4373 quispiam
2993 4299 3204 4354 dixerit
3223 4315 3357 4353 eum
3389 4299 3484 4367 qui
3519 4298 3730 4365 diligit,

2086 4403 2152 4450 ut
2187 4409 2420 4448 rursum
2452 4392 2703 4446 dicitur:
2739 4413 2766 4439 «
2801 4393 2864 4444 In
2897 4388 3386 4461 concupiscentiis
3422 4393 3506 4439 est
3540 4389 3731 4440 omnis

2085 4481 2392 4547 otiosus,et
2420 4481 2739 4534 iracundus
2761 4479 2984 4550 absque
3013 4475 3257 4532 consilio
3284 4478 3402 4546 agit
3423 4478 3482 4528 ³ο.
3522 4499 3547 4523 ››
3582 4477 3725 4529 Nam

339 4565 468 4641 ἀρχὴ
499 4568 563 4621 τὸ
593 4567 905 4644 ἀφύλακτον
959 4567 1103 4642 ἔχειν
1153 4569 1214 4622 τὸ
1257 4568 1447 4641 στόμα·
1480 4574 1576 4623 τοῦ
1608 4567 1665 4623 δὲ
1695 4571 1968 4624 πτοεῖσθαί

2084 4569 2254 4626 otiosi
2304 4569 2560 4624 animam
2621 4568 2916 4639 signiﬁcat
2969 4565 3028 4622 in
3088 4564 3364 4621 omnibus
3426 4566 3726 4631 concupis-

333 4673 438 4708 τινα
466 4662 788 4731 προηγεῖται
820 4659 854 4726 ἡ
893 4656 1200 4730 προπέτεια.
1235 4656 1388 4711 Οὕτω
1440 4655 1498 4711 δὲ
1547 4657 1772 4727 ὶκάστην
1817 4657 1969 4733 ῥῆσιν

335 4740 590 4814 ἀναλῦων,
623 4745 872 4818 εὑρήσεις
934 4743 1227 4820 εἰρημένην
1279 4743 1367 4799 καί
1424 4745 1812 4821 γεγραμμένην
1842 4747 1974 4822 ὑπὲρ

331 4836 424 4883 τοῦ
450 4833 570 4894 τοὺς
603 4833 897 4894 ἀκούοντας
953 4835 1041 4887 καὶ
1091 4836 1452 4905 μανθάνοντας
1494 4835 1588 4896 τὰς
1648 4835 1821 4910 ἀρχὰς
1865 4841 1972 4890 τῶν

336 4924 502 4972 κακῶν
533 4921 618 4974 καί
647 4927 755 4974 τῶν
785 4922 1017 4996 ἀγαθῶν,
1052 4921 1260 4999 φεύγειν
1307 4925 1400 4994 μὲν
1449 4923 1514 4977 τὰ
1572 4923 1774 5000 φαῦλα,
1806 4924 1971 4994 πράτ-

338 5025 442 5058 τειν
473 5005 525 5062 δὶ
553 5011 616 5063 τὰ
648 5011 834 5084 ἀγαθά.
875 5011 1179 5085 Αἰνίγματα
1227 5009 1284 5065 δὲ
1330 5012 1418 5066 καὶ
1477 5013 1746 5067 σκοτεινοὶ
1788 5013 1972 5087 λόγοι,

340 5091 522 5156 οῗτινες
551 5097 804 5175 ἀσφαλεῖς
835 5100 930 5169 μὲν
966 5099 1137 5160 οὕτως
1185 5099 1338 5162 εἰσὶν,
1373 5098 1510 5154 ὥστε
1561 5102 1710 5171 ἀνιᾷν
1759 5101 1848 5155 τὸν
1893 5101 1972 5155 ἐν·

339 5187 660 5257 τυγχάνοντα
687 5192 766 5258 τῷ
799 5185 966 5258 μηδὲν
1027 5186 1324 5263 ἐμφαίνειν,
1361 5185 1501 5260 μηδέ
1549 5210 1670 5242 τινα
1719 5189 1972 5243 ὑπόνοιαν

343 5272 587 5346 παρεχειν
666 5275 1022 5346 ἐςευνώμενοι
1083 5275 1140 5330 ὸὲ
1198 5274 1348 5347 ὅμως
1429 5273 1730 5330 δεικνύουσι
1781 5279 1869 5331 τὸν
1921 5277 1972 5332 ἐν

342 5355 516 5420 αὐτοῖς
544 5367 681 5418 νοῦν.
714 5363 835 5420 Oiei
879 5363 1002 5417 εἶσιο
1044 5385 1066 5412 ι
1099 5367 1174 5437 Τῇ
1236 5362 1439 5438 βδέλλῃ
1493 5370 1638 5440 τρεῖς
1698 5366 1976 5442 θυνατὲρες

437 5573 466 5642 ‘_'
495 5574 652 5632 Marc.
685 5595 762 5642 xv,
820 5578 911 5632 30.

989 5579 1033 5650 α
1087 5579 1296 5636 Matth.
1329 5599 1452 5650 xm,
1512 5583 1600 5640 43.

353 5640 408 5676 ιτ
443 5640 578 5701 Prov.
607 5665 660 5717 x,
693 5640 778 5702 12.

857 5649 899 5682 ³⁸
931 5648 1071 5704 ibid.
1107 5651 1194 5707 13.
1273 5654 1314 5687 ¹⁹
1343 5648 1486 5710 ibid.
1528 5655 1607 5710 12.

1680 5583 1725 5618 ¹³
1758 5585 1920 5636 Prov.
1973 5598 2102 5649 xxv,
2165 5581 2251 5636 13.

1686 5655 1732 5689 ²⁰
1761 5653 1924 5709 Prov.
1957 5670 2073 5720 xxv,
2113 5653 2200 5706 17.

2085 4659 2292 4715 centiis
2355 4675 2483 4714 esse
2540 4657 2905 4724 demersam;
2965 4660 3022 4711 et
3078 4655 3449 4717 iracundum,
3502 4653 3727 4705 nullum

2085 4754 2310 4804 rectum
2341 4747 2556 4802 habere
2585 4744 2897 4802 consilium
2929 4742 3206 4799 ostendit.
3242 4741 3308 4796 Hi
3337 4741 3527 4809 itaque
3565 4741 3729 4810 plane

2085 4853 2278 4892 mores
2308 4835 2626 4899 declarant,
2659 4839 2716 4890 et
2758 4833 3004 4888 actionis
3056 4830 3410 4903 principium
3453 4831 3603 4882 unde
3638 4847 3730 4880 0r-

2085 4925 2298 4989 diatur,
2376 4924 2512 4977 dum
2593 4923 2779 4990 aiunt,
2857 4920 3056 4976 odium
3137 4921 3457 4990 praecedere
3534 4919 3726 4971 rixas:

2085 5014 2430 5069 charitatem
2455 5027 2582 5066 esse
2605 5009 2958 5080 principium
2982 5015 3041 5064 et
3069 5023 3307 5062 causam
3338 5024 3453 5074 qua
3476 5007 3732 5058 vitantur

2086 5100 2522 5157 contentiones:
2582 5097 2697 5152 otio
2771 5098 2972 5166 praire
3038 5111 3278 5167 pravam
3359 5095 3730 5164 voluptatem,

2087 5189 2367 5248 iracundo
2400 5187 2600 5258 praeire
2620 5184 2848 5241 consilii
2875 5185 3133 5256 in0piam
3167 5201 3179 5238 :
3208 5188 3266 5238 et
3294 5200 3530 5237 causam
3558 5200 3733 5252 quare

2086 5279 2221 5350 quis
2251 5275 2625 5347 despiciatur,
2651 5289 2779 5329 esse
2810 5276 3207 5343 contemptum
3239 5272 3383 5342 legis
3413 5287 3423 5325 :
3462 5274 3610 5341 quod
3647 5291 3733 5324 sa-

2085 5368 2328 5422 nitatem
2353 5363 2641 5436 praacedat
2661 5363 2841 5418 timor
2861 5362 2960 5417 Dei
2987 5379 3000 5417 :
3027 5361 3164 5416 item
3197 5363 3346 5432 quod
3381 5362 3730 5431 principium

2330 5580 2377 5614 ¹⁴
2407 5577 2551 5634 ibid.
2605 5578 2691 5632 14.
2774 5577 2818 5614 ιδ
2877 5575 3040 5632 Prov.
3071 5593 3164 5646 xv,
3198 5579 3284 5633 13.
3367 5579 3406 5610 ιδ
3466 5577 3606 5629 ibid.
3648 5576 3725 5626 14.
