2068 3109
197 173 255 204 3H
787 178 819 208 S.
845 179 1156 211 ATHANASIUS.—
1173 181 1304 212 DUBIA.
1839 181 1900 212 3A8

198 240 369 276 perditionis
398 242 500 270 animo
529 243 579 277 sit,
609 252 667 272 non
695 244 842 273 custodire
867 253 1015 279 ossuum,

1079 245 1139 279 ἦσαν
1156 245 1287 283 ἀγαπήσει
1316 246 1504 284 ἂγαπώμεναι’
1521 246 1567 274 καὶ
1593 247 1621 274 αἱ
1649 249 1723 285 τρεῖς
1748 257 1837 281 αυται,
1852 247 1898 274 καὶ

199 285 274 319 quod
291 286 392 312 terrori
411 289 516 321 praeest
539 289 698 317 temeritas.
710 289 739 317 Si
751 297 784 317 eo
800 290 886 317 modo
901 290 1019 326 singula

198 329 275 356 dicta
290 331 472 365 expenderis,
489 332 690 368 deprehendes
705 342 739 362 ea
752 334 815 361 ideo
831 342 895 362 esse
910 335 1020 370 scripta

198 376 285 408 atque
316 375 436 409 prolata,
454 379 485 402 ut
513 376 564 412 qui
580 377 726 405 audierint
754 378 900 406 malorum
925 379 1019 407 bono-

198 427 322 453 rumque
353 420 496 455 principia
530 421 636 455 edocti,
674 431 762 458 prava
791 423 913 459 fugiant,
943 424 1020 452 bona

198 466 363 497 operentur.
382 464 545 499 xEnigmata
571 474 656 502 porro
671 469 701 494 et
724 468 841 495 obscuri
857 475 1018 502 sermones,

199 507 239 534 ita
255 511 336 535 caute
352 511 421 535 sunt
443 509 548 544 posita,
566 512 598 538 ut
622 519 688 538 eum
705 512 755 547 qui
779 511 882 548 legerit
896 521 1020 541 mmrore

199 552 337 584 afﬁciant,
369 554 444 587 quod
475 553 547 581 nihil
577 555 677 583 statim
706 555 871 589 exhibeant,
904 557 1019 585 nullum

199 604 317 623 sensum
334 598 521 626 subindicent
531 608 537 626 :
549 601 677 627 attamen
688 601 758 628 dum
771 604 905 630 accurate
917 610 1021 638 expen—

199 640 318 675 duntur,
335 650 417 668 suam
445 644 620 671 sententiam
646 645 787 673 indicant.
811 645 914 677 Qualia.
928 649 1018 674 sunt:

200 696 213 709 ‹‹
231 685 418 721 Sanguisugzc
436 690 492 714 tres
514 690 597 716 erant
620 688 685 716 tilias
707 690 865 718 admodum
889 690 1019 719 dilecta:

1074 291 1090 324 ἡ
1106 290 1220 327 τετάρτη
1252 290 1300 318 οὐκ
1326 290 1443 329 ἠρκέσθη
1473 291 1568 323 εἰπεῖν,
1585 291 1697 319 Ἱκανόν.
1728 290 1825 327 ᾍδης,
1850 290 1895 318 καὶ

1075 333 1143 372 ἔρως
1164 335 1302 372 γυναικὸς,
1317 336 1362 362 καὶ
1386 336 1527 374 τάρταρος,
1543 335 1588 363 καὶ
1617 339 1653 373 γῆ
1684 335 1734 362 οὐκ
1757 335 1897 371 ἐμπιπλα-

1076 378 1141 415 μένη
1160 378 1267 415 ὕδατος,
1283 380 1328 406 καὶ
1343 378 1428 418 ὕδωρ,
1443 379 1487 407 καὶ
1503 379 1567 418 πῦρ,
1585 379 1616 407 ού
1633 381 1671 416 μή
1696 378 1819 414 εἶ’πωσιν,
1835 380 1899 417 Ἀρ-

1073 426 1124 451 κιῖ’
1146 434 1159 448 ι)
1178 424 1222 451 καὶ
1251 424 1345 451 πάλινι
1364 436 1374 449 ι
1392 424 1458 462 Τρία
1485 423 1514 452 δὲ
1538 424 1607 452 ἐστιν
1625 423 1741 451 ἀδύνατά
1757 434 1803 460 μοι
1831 425 1898 458 νοῆ-

1075 478 1128 501 σαι,
1157 468 1202 495 καὶ
1230 468 1261 495 τὸ
1289 468 1413 506 τέταρτον
1441 468 1491 496 οὐκ
1518 468 1695 507 ἐπι-γινώσκω·
1724 467 1788 506 ἴχνη
1818 469 1899 495 ἀετοῦ

1073 511 1234 549 πετομένου,
1250 513 1294 540 καὶ
1311 512 1390 544 ὁδοὺς
1411 511 1498 552 ὄφεως
1522 513 1565 541 ἐπὶ
1590 512 1700 550 πέτροις,
1715 514 1760 540 καὶ
1787 509 1899 550 τρίϐους

1073 557 1140 592 νηὸς
1155 557 1389 595 ποντοπορούσης,
1405 559 1449 585 καὶ
1465 556 1544 585 ὁδοὺς
1567 556 1663 596 ἀνδρὸς
1692 557 1719 584 ἐν
1745 557 1865 593 νεότητι,
1885 569 1899 582 ιι

1074 602 1118 628 καὶ
1134 601 1183 628 δαὶ
1193 602 1306 629 τοιαῦτά
1321 602 1389 629 ἐστιν
1410 602 1564 640 αἰνίγματα·
1581 600 1659 639 ἕτερα
1686 602 1737 640 γάρ
1762 611 1821 629 τινα
1847 599 1897 636 δη-

1075 645 1131 680 λοῖ,
1146 646 1191 673 καὶ
1222 646 1319 684 ὶτὲρων
1346 645 1448 674 ἔννοιαν
1478 645 1634 683 παρίστησι·
1655 647 1700 674 καὶ
1730 647 1818 684 ἀσαφῆ
1850 646 1898 682 μὲν

1076 690 1142 725 ἔστι,
1158 691 1346 727 κεκρυμμένον
1362 690 1390 718 ὂὶ
1405 690 1462 729 ἔχει
1477 692 1523 719 τὸν
1543 694 1619 720 νοῦν.

199 731 226 756 et
242 730 284 756 hae
311 733 379 765 tres,
397 735 423 757 et
454 735 559 766 quarta
573 741 630 761 non
659 734 770 768 dicunt,
789 735 865 762 Satis
893 738 947 763 est.
972 736 1118 770 Infernae,
1147 739 1175 764 et
1190 745 1274 764 amor
1302 736 1445 769 mulieris,
1474 740 1503 765 et
1530 739 1668 772 tartarus,
1685 738 1714 764 et
1740 738 1819 763 terra
1833 743 1899 771 qua;

200 782 256 800 non
273 778 420 802 saturatur
448 785 535 812 aqua,
551 779 580 805 et
607 786 694 813 aqua,
710 781 740 806 et
754 778 841 814 ignis,
869 788 1020 816 nunquam
1049 781 1160 815 dicunt,
1177 781 1253 809 Satis
1280 784 1324 809 est
1338 783 1371 809 η.
1389 792 1403 806 ››
1430 782 1464 809 Et
1487 782 1613 809 iterum:
1644 781 1712 808 Tria
1739 782 1819 813 sunt,
1835 787 1900 815 qua!

201 818 345 846 intellectu
377 820 449 847 mihi
465 825 533 849 sunt
561 822 765 857 impossibilia,
793 826 822 851 et
850 826 988 860 quartum
1002 833 1058 853 non
1083 833 1245 861 cognosco:
1269 826 1390 862 vestigia
1419 826 1522 862 aquilas
1551 825 1686 859 volantis,
1716 827 1744 853 et
1759 824 1821 852 vias
1836 832 1900 852 ser-

199 863 294 897 pentis
324 873 414 899 supra
442 868 565 901 petram,
595 869 624 894 et
651 868 713 895 vias
741 868 770 895 in
799 869 872 896 mari
902 869 1010 904 euntis,
1040 871 1069 897 et
1096 869 1158 897 vias
1187 870 1259 898 12]
1292 870 1346 897 viri
1374 870 1403 897 in
1432 869 1629 897 adolescentia
1652 870 1685 904 ²¹,
1716 880 1730 894 ιο
1760 870 1790 896 et
1818 875 1899 904 qua-

198 915 313 942 cunque
329 909 472 943 ejusmodi
501 912 571 938 sunt
598 911 771 948 enigmata:
792 912 849 940 alia
877 920 1004 948 namque
1017 913 1117 941 statim
1147 914 1287 948 indicant,
1304 913 1393 941 aliam
1420 917 1519 942 tamen
1534 913 1710 941 sententiam
1739 912 1897 940 exhibent:

198 954 226 978 et
242 952 364 980 obscura
381 954 499 988 quidem
515 958 595 988 sunt,
611 956 816 984 absconditum
831 965 898 985 vero
913 965 1034 985 sensum
1050 957 1159 985 habent

448 999 527 1027 Liber
539 1000 589 1035 XV,
606 1001 784 1029 Ecclesiastes.

235 1043 279 1069 23.
297 1043 329 1068 Et
347 1042 424 1069 hunc
448 1044 555 1071 librum
577 1045 696 1081 scripsit
720 1046 869 1081 Salomon,
883 1048 915 1074 ut
929 1054 1020 1082 supra

201 1086 311 1113 dictum
328 1090 382 1114 est.
401 1088 512 1115 Dicitur
537 1091 634 1117 autem
659 1089 858 1124 Ecclesiastes,
880 1091 1019 1126 quoniam

201 1131 240 1158 ita
255 1132 332 1158 hunc
346 1133 505 1160 nominavit
516 1134 699 1170 auctoripee,
709 1134 759 1170 qui
771 1135 888 1171 scripsit
899 1135 927 1162 in
940 1136 1021 1171 prino

201 1176 275 1210 cipio
288 1176 379 1211 ipsius
396 1178 495 1205 dicens
509 1185 515 1205 :
533 1189 547 1203 ‹‹
565 1178 655 1206 Verba
669 1179 849 1207 Ecclesiaste:
865 1179 917 1208 ﬁlii
934 1180 1019 1207 Davi-

201 1220 246 1247 dis
263 1221 338 1255 regis
356 1221 441 1248 Israel
458 1222 486 1249 in
510 1222 692 1251 Jerusalem:
709 1224 829 1252 Vanitas
844 1225 1019 1257 vanitatum,

202 1264 274 1291 dixit
290 1266 488 1294 Ecclesiastes.
507 1278 521 1292 υ
544 1267 639 1295 Variis
661 1276 730 1296 vero
754 1268 923 1296 nominibus
937 1276 1021 1297 voca-

201 1311 249 1336 tus
265 1312 309 1336 est
325 1310 459 1337 Salomon
474 1320 479 1337 τ
497 1311 703 1348 Sapiens,quia
717 1313 866 1348 sapientia:
878 1316 1022 1348 particeps

202 1353 274 1386 fuit;
292 1354 431 1384 Prudens,
446 1363 478 1381 eo
503 1356 578 1390 quod
594 1357 725 1384 veritatis
749 1357 778 1385 in
803 1358 867 1393 ipso
883 1357 938 1385 fuit
952 1366 1021 1394 pru-

200 1397 297 1425 dentia
311 1408 317 1430 ;
332 1399 448 1428 Doctus.
471 1400 609 1435 quoniam
630 1409 727 1429 veram
744 1410 761 1430 a
776 1402 896 1430 Domino
911 1402 1022 1430 doctri-

201 1450 268 1469 nam
301 1444 411 1471 habuit.
441 1443 627 1473 Ecclesiastes
653 1454 720 1474 vero
735 1449 854 1475 vocatus
881 1449 936 1482 est,
951 1447 1022 1483 quia

200 1488 235 1514 ad
253 1489 392 1523 populum
412 1490 472 1524 ipse
488 1490 689 1525 concinnatus,
701 1493 729 1519 et
739 1500 804 1528 quea
820 1491 941 1527 spiritus
952 1497 1022 1522 sunt

201 1532 315 1560 locutus
332 1536 421 1561 estin
441 1535 493 1562 hoc
509 1538 606 1563 autem
622 1536 696 1564 libro
712 1537 747 1564 de
762 1537 890 1565 naturali
908 1538 1020 1566 theoria

201 1579 432 1614 philosophatur.
452 1580 592 1612 Quoniam
610 1581 687 1609 enim
696 1582 820 1618 Egyptii
836 1583 872 1610 de
887 1582 938 1610 illa
952 1592 1020 1612 suas

197 1624 258 1658 jam
276 1623 421 1650 habebant
436 1624 667 1659 imaginationes,
684 1628 713 1653 et
725 1625 813 1653 αι’ωοὶ
830 1625 909 1654 hisce
924 1628 960 1654 de
975 1635 1021 1655 re-

202 1667 256 1693 bus
275 1668 431 1693 tabulnturi
444 1671 545 1696 erant:
563 1669 600 1697 ob
610 1677 674 1697 eam
688 1670 751 1705 ipse
760 1678 878 1698 causam
891 1671 1021 1708 impulsu

201 1711 325 1746 Spiritus
338 1713 428 1738 sancti
447 1721 506 1746 eos,
523 1713 572 1748 qui
584 1713 619 1741 de
634 1714 700 1741 istis
713 1714 860 1749 inquirere
872 1716 1021 1743 conaban-

204 1759 260 1788 tur,
278 1757 444 1790 compescit,
470 1757 590 1791 dicens;
608 1768 621 1781 ‹ι
637 1766 693 1785 non
711 1759 816 1793 poterit
838 1760 925 1787 homo
944 1760 1024 1788 inve-

205 1800 265 1827 nire
276 1802 440 1835 opus,quod
457 1802 511 1828 sub
527 1801 588 1829 sole
600 1802 706 1830 factum
720 1805 783 1830 est:
801 1803 934 1838 quamvis
948 1812 1023 1838 qu-

204 1845 293 1871 rendo
316 1845 461 1879 fatigetur,
488 1853 544 1873 non
570 1846 696 1874 inveniet
707 1847 739 1874 ’³.
759 1860 768 1873 ι
796 1847 921 1875 Damnat
937 1849 1024 1876 etiam

204 1890 402 1924 [Egyptiorum
443 1890 613 1926 religionem
648 1891 725 1919 circa
752 1892 961 1920 divinationem
990 1901 1024 1920 ex

205 1934 333 1961 hominis
350 1935 509 1968 nntivitate,
522 1935 640 1963 dicens:
658 1947 672 1960 «
688 1936 741 1968 Qui
756 1937 890 1964 observat
905 1939 1024 1964 ventum

206 1987 260 2005 non
279 1982 364 2012 seret,
391 1982 418 2005 ct
435 1980 483 2014 qui
509 1979 614 2015 aspicit
629 1980 662 2008 ad
690 1981 783 2009 nubes
807 1989 862 2009 non
880 1983 978 2014 metet,
997 1982 1025 2009 in

205 2024 312 2058 quibus
328 2026 444 2058 agnosci
472 2033 528 2052 non
557 2027 664 2060 potest,
680 2034 742 2061 quas
770 2026 808 2053 sit
833 2026 878 2053 via
893 2026 1024 2062 spiritus.

205 2067 287 2094 Sicut
302 2076 368 2094 ossa
380 2068 406 2093 iu
426 2074 522 2096 ventre
538 2072 653 2096 uterum
670 2070 823 2106 gestantis,
842 2071 881 2098 ita
906 2079 962 2098 non
978 2078 1026 2099 co-

206 2115 324 2146 gnoscet
341 2120 427 2146 opera
439 2113 499 2145 Dei,
517 2121 709 2148 quaecumque
722 2114 806 2142 faciet
820 2115 956 2143 universa
966 2115 999 2142 ³⁸.
1011 2126 1026 2141 ››

206 2156 315 2183 Deinde
331 2159 358 2183 et
375 2158 408 2182 de
425 2157 607 2191 singulorum
623 2158 736 2186 tbeoria
751 2162 890 2192 tractans,
908 2161 1028 2192 fatetur,

207 2202 283 2236 quod
300 2202 333 2227 de
352 2202 459 2228 talibus
471 2210 542 2229 vane
552 2205 730 2237 querantur,
747 2204 865 2238 etquod
882 2205 1026 2239 ejusmodi

208 2246 279 2272 nihil
297 2247 409 2281 pariant
433 2246 524 2279 aliud,
547 2254 635 2282 quam
666 2247 805 2274 laborem.
822 2248 884 2275 Non
901 2256 978 2276 enim
995 2256 1028 2275 ex

208 2290 323 2317 illorum
342 2291 517 2325 cognitione,
534 2290 583 2318 sed
607 2299 641 2318 ex
656 2290 714 2318 vita
737 2295 765 2318 et
781 2292 896 2319 actibus
911 2293 1029 2328 sapiens

208 2337 235 2362 et
246 2335 347 2370 justus
358 2335 452 2370 quivis
465 2335 680 2370 comprobatur.
700 2335 773 2362 Dicit
785 2335 925 2371 namquid
938 2344 945 2362 τ
959 2347 973 2360 ιι
984 2336 1030 2363 Et-

1279 999 1389 1029 Βιϐλίον
1407 1003 1446 1035 ιε’,
1463 1001 1687 1037 Ἐκκλησιαστής.

1110 1047 1154 1075 23.
1170 1046 1220 1074 Καὶ
1244 1049 1325 1074 τοῦτο
1342 1046 1477 1083 Σολομὼν
1504 1045 1604 1084 ἔγραψε
1626 1046 1658 1073 τὸ
1675 1043 1796 1083 βιϐλίον,
1810 1045 1897 1072 καθά-

1074 1100 1124 1128 περ
1153 1091 1324 1127 προείρηται.
1350 1091 1462 1127 Λέγεται
1492 1090 1520 1118 δὲ
1548 1090 1776 1125 Ἐκκλησιαοτής,
1801 1088 1897 1124 ἐπειδὴ

1075 1136 1161 1166 οὕτως
1188 1136 1328 1172 ὠνόμασεν
1363 1136 1442 1166 αὐτὸς
1471 1136 1485 1163 ὁ
1511 1136 1626 1173 γράψας,
1653 1135 1736 1162 εἰπὼν
1761 1135 1786 1162 ἐν
1810 1135 1899 1172 ἀρχῇ·

1075 1193 1089 1206 (ι
1102 1181 1223 1216 Ῥήματα
1236 1180 1449 1216 Ἐκκλησιαποῦ
1464 1181 1524 1208 ι)ἱοῦ
1539 1178 1622 1207 Δαϐὶδ
1639 1179 1772 1218 βασιλέως
1788 1178 1902 1217 Ἰσραὴλ

1075 1225 1101 1253 ὲν
1139 1224 1328 1262 Ἰερουσαλήμ·
1358 1225 1513 1259 Ματαιότης
1554 1226 1754 1261 ματαιοτήτων,
1784 1224 1858 1251 εἶπεν
1886 1224 1901 1251 ὸ

1075 1270 1299 1305 Ἐκκλησιαο-τής.
1318 1282 1332 1296 ι)
1347 1269 1485 1300 Ποικίλως
1501 1268 1524 1296 δ’
1549 1271 1578 1297 ἂν
1602 1269 1705 1304 ἐκλήθη
1722 1270 1736 1295 ὁ
1753 1268 1901 1304 Σολομὼν.

1076 1314 1158 1353 σοφὸς
1190 1315 1246 1351 μὲν,
1275 1314 1316 1341 ὅτι
1345 1314 1439 1353 σοφίας
1479 1313 1602 1351 μετέσχε
1633 1313 1765 1352 φρόνιμος
1795 1311 1834 1348 δὲ,
1859 1312 1903 1339 ὅτι

1076 1358 1206 1397 φρόνησις
1236 1358 1362 1394 ἀληθείας
1390 1360 1422 1393 ἦν
1451 1358 1476 1386 ὲν
1505 1357 1588 1394 αὐτῷ’
1617 1357 1832 1394 πεπαιδευμένος
1857 1356 1899 1391 Et,

1075 1403 1117 1431 ὅτι
1152 1404 1200 1437 τήν
1241 1403 1372 1438 ἀληθινὴν
1412 1401 1534 1430 παιδείαν
1569 1403 1642 1440 παρὰ
1680 1402 1778 1440 Κυρίου
1813 1402 1902 1440 εἶχεν.

1077 1447 1197 1483 Ἐκλήθη
1228 1446 1272 1475 οὖν
1300 1447 1528 1483 Ἐκκλησιαστής,
1554 1446 1595 1475 ὅτι
1624 1447 1704 1478 αὐτὸς
1728 1447 1903 1483 ἑξεκλησίαζε

1074 1492 1138 1523 τοὺς
1154 1491 1232 1527 λαοὺ,
1248 1493 1291 1520 καὶ
1315 1491 1407 1520 ἐλάλει
1428 1493 1462 1520 τὰ
1484 1494 1533 1519 τοῦ
1557 1492 1720 1529 πνεύματος.
1742 1491 1785 1520 Ἐν
1809 1491 1902 1528 τούτῳ

1076 1536 1105 1564 δὶ
1118 1539 1157 1573 τῷ
1172 1534 1272 1575 βιϐλίῳ
1297 1537 1358 1575 περί
1382 1540 1431 1571 τῆς
1456 1540 1570 1576 φυσικῆς
1599 1537 1713 1573 θεωρίας
1742 1535 1902 1575 φιλοσοφῶν

1076 1581 1206 1620 φαίνεται.
1238 1580 1348 1615 Ἐπειδή
1379 1581 1431 1618 γὰρ
1462 1580 1605 1619 Αἰγύπτιοι
1634 1581 1682 1617 μὲν
1711 1581 1902 1619 ἐφαντάζοντο,

1076 1624 1210 1660 Ἕλληνες
1238 1624 1265 1653 δὲ
1294 1623 1412 1661 ἔμελλον
1440 1625 1501 1663 περὶ
1527 1625 1631 1652 τούτων
1663 1625 1835 1663 μυθολογεῖν·
1858 1623 1906 1652 διὰ

1077 1672 1157 1697 τοῦτο
1185 1670 1272 1704 οὗτος,
1291 1669 1426 1706 Πνεύματι
1452 1669 1520 1707 ἁγίῳ
1548 1669 1721 1707 κινούμενος,
1745 1669 1824 1696 παύει
1855 1670 1906 1705 μὶν

1077 1715 1140 1746 τοὺς
1178 1713 1383 1752 ἐπιχειροῦντας
1423 1714 1485 1752 περῖ
1519 1714 1624 1741 τούτων
1652 1716 1754 1749 ζητεῖν,
1784 1713 1906 1753 φάσκων·

1082 1770 1092 1784 ιι
1110 1758 1146 1785 Οὐ
1163 1757 1303 1793 δυνήσεται
1334 1757 1475 1796 ἅνθρωπος
1503 1761 1551 1785 τοῦ
1580 1759 1666 1796 εὑρεῖν
1690 1759 1721 1786 τὸ
1745 1758 1853 1794 ποίημα
1875 1758 1907 1786 τὸ

1079 1803 1264 1839 πεποιημένον
1283 1803 1333 1830 ὑπὸ
1348 1803 1393 1829 τὸν
1407 1802 1497 1837 ἥλιονε
1516 1802 1564 1830 ὅσα
1590 1803 1619 1830 ἂν
1646 1803 1776 1840 μοχθῆσῃ
1803 1803 1909 1840 ἅνθρω-

1079 1857 1130 1878 πος
1153 1849 1202 1874 τοῦ
1234 1850 1359 1882 ζητῆσαι,
1388 1847 1433 1874 καὶ
1463 1847 1516 1884 οὐχ
1545 1847 1662 1884 εὑρήσει·
1679 1858 1692 1873 ιι
1711 1845 1854 1874 διαϐάλλει
1877 1846 1908 1874 δὲ

1079 1892 1124 1919 καὶ
1145 1892 1194 1925 τήν
1218 1891 1371 1929 Αἰγυπτίων
1398 1892 1459 1930 περὶ
1488 1891 1709 1930 γενεθλιαλογίας
1735 1892 1839 1926 νόησιν,
1860 1891 1906 1919 λι-

1079 1945 1145 1974 γων’
1166 1947 1179 1963 ι
1193 1938 1287 1973 Τηρῶν
1306 1936 1404 1971 ἄνεμον
1428 1935 1459 1963 οὐ
1484 1939 1585 1974 σπερεῖ,
1608 1937 1652 1963 καὶ
1674 1935 1783 1974 βλέπων
1805 1935 1832 1963 ἐν
1845 1938 1906 1966 ταῖς

1080 1979 1205 2019 νεφέλαις
1228 1979 1259 2007 οὐ
1283 1980 1391 2018 θερίσει,
1408 1979 1434 2007 ἐν
1458 1981 1500 2011 οἷς
1526 1980 1576 2008 οὐκ
1599 1979 1653 2007 ἔστι
1676 1979 1828 2018 γινώσκων,
1845 1980 1870 2007 τί
1886 1981 1906 2015 ἠ

1082 2023 1143 2055 ὁδὸς
1157 2027 1205 2052 τοῦ
1220 2024 1383 2061 πνεύματος.
1399 2025 1443 2055 Ὡς
1462 2025 1527 2052 ὀστᾶ
1541 2025 1567 2052 ἰν
1583 2025 1678 2062 γαστρὶ
1702 2024 1906 2063 κυοφορούσης,

1082 2068 1168 2099 οὕτως
1185 2068 1216 2095 οὐ
1231 2069 1322 2105 γνώσῃ
1335 2069 1368 2095 τὰ
1383 2069 1525 2105 ποιήματα
1550 2071 1597 2096 τοῦ
1625 2071 1703 2104 Θεοῦ,
1720 2068 1769 2096 ὅσα
1795 2070 1908 2103 ποιήσει

1081 2113 1115 2140 τὰ
1137 2113 1288 2149 σύμπαντα.
1308 2124 1321 2138 ν
1339 2113 1401 2140 Εἶτα
1425 2113 1470 2140 καὶ
1495 2112 1555 2150 περὶ
1578 2113 1626 2147 τήν
1653 2113 1767 2151 θεωρίαν
1793 2113 1910 2140 ῑκάστου

1082 2157 1242 2195 γιγνόμενος
1273 2156 1400 2191 συνεῖδεν,
1418 2156 1458 2184 ὅτι
1490 2158 1577 2193 μάτην
1600 2157 1656 2185 ἐστι
1685 2157 1746 2195 περὶ
1775 2157 1911 2185 τοιούτων

1084 2204 1185 2236 ζητεῖν,
1199 2201 1243 2228 καὶ
1274 2201 1355 2237 μόνον
1379 2202 1413 2228 τὰ
1432 2204 1544 2228 τοιαῦτα
1569 2201 1672 2239 μόχθον
1696 2204 1784 2240 γεννᾷ.
1801 2201 1837 2229 οὗ
1856 2202 1910 2239 γὰρ

1082 2245 1136 2272 ἀπὸ
1149 2247 1198 2272 τοῦ
1212 2246 1352 2283 γινώσκειν
1374 2246 1408 2272 τὰ
1430 2248 1552 2279 τοιαῦτα,
1569 2245 1631 2274 ἀλλ’
1646 2246 1699 2273 ἀπὸ
1721 2248 1770 2273 τοῦ
1794 2255 1910 2281 πρακτιι

1083 2292 1132 2316 κοῦ
1147 2290 1207 2327 βίου
1224 2290 1237 2317 ὸ
1253 2290 1334 2328 σοφὸς
1359 2289 1404 2317 καὶ
1429 2289 1533 2321 δίκαιος
1557 2290 1720 2319 συνίσταται.
1738 2291 1816 2327 Λὲγει
1842 2291 1908 2328 γάρ·

1087 2346 1096 2358 ι
1117 2337 1164 2360 Kal
1180 2344 1211 2370 γε
1226 2333 1276 2361 ὅσα
1291 2334 1333 2361 ἐὰν
1351 2333 1411 2371 εἴπῃ
1427 2334 1509 2369 σοφὸς
1533 2337 1581 2361 τοῦ
1604 2336 1717 2371 γνῶναι,
1735 2334 1766 2361 οὐ
1793 2333 1907 2369 δυνήσα-

207 2380 284 2406 enim
301 2387 492 2414 quacumque
508 2378 583 2407 scire
608 2387 639 2406 se
654 2378 758 2406 dixerit
778 2379 906 2415 sapiens.
921 2387 956 2407 ea
970 2388 1023 2407 non

1082 2387 1125 2404 ται
1152 2380 1201 2404 τοῦ
1230 2378 1326 2415 εὑρεῖν·
1344 2380 1402 2405 Ὅτι
1433 2378 1540 2415 σύμπαν
1569 2381 1649 2406 τοῦτο
1675 2377 1762 2406 ἔδωκα
1787 2378 1822 2409 εἷς
1839 2388 1908 2416 καρ-

209 2424 313 2458 poterit
331 2424 466 2450 invenire.
484 2423 625 2455 Quoniam
643 2426 736 2450 totum
756 2423 811 2450 hoc
826 2423 932 2451 tradidi
948 2424 1028 2452 cordi

208 2471 312 2500 rneo,et
331 2471 423 2494 totum
442 2469 495 2495 hoe
518 2467 590 2494 vidit
605 2467 703 2494 anima
728 2476 801 2500 mea,
821 2468 897 2503 quod
910 2468 983 2503 justi
1000 2470 1029 2495 et

207 2512 365 2546 sapientes,
383 2516 408 2539 et
426 2521 513 2547 opera
528 2520 627 2539 eorum
657 2515 725 2540 sunt
741 2512 769 2539 in
796 2520 885 2540 manu
903 2513 950 2540 Dei
962 2513 995 2539 ⁸⁸.
1013 2523 1028 2538 ι»

207 2556 291 2583 Recte
308 2556 511 2591 igiturtalium
542 2564 638 2584 rerum
665 2556 884 2592 inquisitionem
910 2559 1028 2594 printer-

206 2609 335 2636 gressus,
354 2602 418 2627 etin
432 2600 655 2636 contemplanda
667 2601 834 2629 mortalium
846 2601 946 2637 politis
958 2609 1027 2629 eon-

207 2645 337 2678 stitntus,
355 2654 420 2672 cum
439 2645 547 2673 multos
568 2648 597 2673 et
622 2646 717 2673 varios
739 2646 849 2674 videret
872 2646 1027 2674 hominum

206 2698 301 2718 casus.
319 2690 477 2719 concludit,
494 2690 571 2725 quod
591 2690 771 2724 providentia
786 2690 1029 2717 administrentur

206 2735 315 2767 omnia,
341 2734 458 2760 dicens:
491 2733 628 2761 «Cursus
658 2742 714 2761 non
739 2738 784 2761 est
806 2734 958 2769 velocium,
975 2742 1028 2761 nec

1084 2420 1142 2448 δίαν
1169 2432 1232 2456 μου,
1249 2423 1292 2449 καὶ
1317 2424 1393 2460 ψυχή
1420 2433 1471 2459 μου
1496 2422 1603 2459 σύμπαν
1633 2422 1686 2450 εἶδε
1713 2425 1805 2457 τοῦτο,
1821 2423 1858 2453 ὡς
1882 2424 1909 2450 οὶ

1083 2465 1181 2493 δίκαιοι
1210 2467 1253 2493 καὶ
1281 2468 1306 2494 οἱ
1337 2467 1415 2506 σοφοὶ
1440 2467 1484 2494 καὶ
1508 2468 1535 2494 αἱ
1551 2467 1669 2505 ἐργασίαι
1687 2467 1774 2494 αὐτῶν
1791 2467 1816 2494 ἐν
1833 2476 1910 2504 χειρι

1083 2513 1159 2539 Θεοῦ.
1178 2511 1328 2542 »Εἰκότως
1349 2512 1437 2539 τοίνυν
1469 2512 1525 2549 περὶ
1548 2514 1602 2539 τῶν
1632 2512 1763 2539 τοιούτων
1795 2512 1910 2547 ζήτησιν

1083 2553 1186 2588 διαϐὰς,
1203 2555 1247 2582 καὶ
1277 2556 1338 2593 περὶ
1367 2557 1417 2590 κήν
1446 2556 1614 2593 ἀνθρωπίνην
1642 2556 1780 2584 πολιτείαν
1797 2566 1910 2594 καταγι-

1081 2600 1222 2637 γνόμενος,
1239 2601 1308 2636 ὀρῶν
1324 2611 1353 2627 τε
1367 2599 1459 2628 πολλᾶ
1476 2600 1521 2627 καὶ
1546 2600 1659 2628 ποικίλα
1681 2601 1714 2627 τὰ
1737 2603 1791 2628 τῶν
1807 2601 1912 2638 ἀνθρώ-

1082 2654 1140 2671 πων
1157 2645 1357 2680 συμπτώματα,
1378 2645 1540 2680 συνίστησιν,
1556 2643 1597 2672 8τι
1622 2645 1738 2682 προνοίᾳ
1761 2645 1795 2672 τὰ
1823 2646 1913 2672 πάντα

1083 2687 1236 2720 διοικεῖται,
1252 2688 1350 2725 λὲγων*
1371 2702 1380 2714 ι
1399 2690 1437 2718 Οὐ
1453 2692 1511 2720 τοῖς
1526 2689 1639 2728 κούφοις
1655 2690 1669 2717 ὁ
1685 2688 1799 2726 δρόμος,
1813 2689 1858 2717 καὶ
1879 2689 1912 2716 οὗ

1081 2735 1138 2763 τοῖς
1153 2736 1271 2763 συνετοῖς
1287 2732 1432 2770 [δυνατοῖς]
1448 2735 1462 2761 ὁ
1478 2733 1611 2770 πόλεμος,
1627 2734 1670 2761 καί
1685 2745 1716 2771 γε
1731 2734 1763 2761 ού
1778 2736 1817 2769 τῷ
1833 2736 1912 2772 σοφῷ

240 2805 260 2822 ²¹
291 2805 371 2832 Prov.
403 2814 465 2837 xxx,
495 2805 538 2839 15,
571 2805 613 2832 16.
651 2804 675 2822 ²¹
703 2804 774 2833 ibid.
805 2805 849 2839 18,
879 2805 922 2833 19.
961 2805 984 2823 ⁵³
1011 2805 1023 2833 Ε

1079 2813 1104 2833 e.
1134 2811 1195 2839 νιιι,
1225 2805 1268 2833 17.
1306 2806 1329 2824 "
1359 2804 1449 2835 Eccle.
1480 2814 1519 2842 x1,
1549 2806 1576 2842 4,
1604 2807 1632 2834 5.
1670 2806 1694 2823 ³⁸
1722 2806 1814 2834 Eccle.
1840 2815 1906 2841 vm,

206 2841 248 2867 17.
