4136 6218
321 344 444 403 349

1425 354 1801 417 SYNOPSIS
1847 351 2315 415 SCRIPTUIUE
2360 348 2656 412 SACBE.

319 473 351 527 ὁ
382 475 567 546 ἄρτος,
597 475 687 529 καί
715 497 780 550 γε
811 477 873 531 οὗ
901 484 1017 541 τοῖς
1045 488 1281 544 συνετοῖς
1313 485 1341 538 ὁ
1371 483 1632 558 πλοῦτος,
1663 485 1751 540 καί
1799 506 1861 561 γε
1913 483 1976 537 οὔ

2095 481 2306 538 bellum
2339 479 2739 554 prudentium,
2773 493 2881 532 nec
2910 474 3194 547 sapientis
3223 471 3414 546 panis,
3447 488 3553 528 nec
3601 489 3740 544 pru-

319 569 437 624 τοῐς
488 564 840 637 γινώσκουσιν
872 569 908 636 ἡ
947 571 1130 643 χάρις·
1164 570 1244 626 ὅτι
1290 575 1476 647 καιρὸς
1535 595 1622 629 και
1681 573 1976 645 ἀπάντημα

323 654 702 721 συναντήσεται
752 658 870 717 τοῖς
920 663 1082 711 πᾶσιν
1130 659 1336 722 αὐτοῖς.
1369 663 1455 716 Ἐν
1508 662 1666 717 παντὶ
1723 664 1822 738 γάρ
1865 662 1972 716 ἐστι

325 740 582 815 βασιλεὺς
608 745 706 796 τοῦ
736 743 907 819 ἆγροῦ
937 746 1317 822 εἰργασμένου.
1351 752 1448 805 Καὶ
1498 753 1600 825 γὰρ
1653 750 1828 812 οὐδεὶς
1877 747 1974 804 κό-

321 830 438 904 ριιός
491 849 650 906 φησιν
701 830 752 886 ἐν
804 834 1019 896 τούτοις
1065 841 1165 905 τῆς
1217 838 1408 893 ἑαυτοῦ
1460 839 1684 914 βουλῆς.
1722 842 1846 898 ’Ότι
1897 839 1974 900 τίς

321 918 630 994 ἄνθρωπος,
659 921 719 981 ’ὸς
753 919 1096 978 ἐπελεύσεται
1157 925 1330 982 ὀπίσω
1373 936 1471 997 τῆς
1515 926 1722 1003 βουλῆς
1768 928 1835 983 τὰ
1882 926 1980 983 ὅσα

318 1005 572 1076 ἐποίησεν
633 1008 840 1078 αὖτήν;
890 1012 980 1065 καὶ
1026 1012 1106 1067 ὅτι
1157 1013 1308 1069 οὐδὲν
1379 1016 1544 1072 πλέον
1597 1017 1878 1093 ἅνθρωπος
1929 1016 1978 1069 ἐν

315 1099 396 1166 τῷ
457 1096 564 1170 βίῳ
607 1097 788 1170 τούτῳ
841 1099 1230 1169 ἐξουσιάσαιτο,
1285 1105 1319 1173 ἢ
1369 1111 1466 1159 τοῦ
1523 1112 1697 1160 ποιεῖν
1741 1107 1976 1181 πονηρὸν

318 1183 773 1261 καίἆγαθὸν,καὶ
825 1187 1135 1261 ἑτοιμάζειν
1196 1191 1271 1254 εἰς
1329 1194 1426 1261 τὴν
1481 1191 1666 1264 ἔξοδον
1726 1196 1793 1249 τὰ
1850 1191 1982 1269 ἔργα

321 1271 508 1328 αὐτοῦ.
543 1274 639 1328 Καὶ
667 1275 769 1351 γὰρ
803 1276 890 1330 οιαὶ
923 1278 953 1331 ’ὀ
984 1279 1206 1354 φάγεται
1251 1282 1340 1335 καὶ
1391 1281 1592 1350 πίεται,
1625 1287 1784 1338 τοῦτο
1838 1280 1982 1354 δόμα

317 1365 460 1414 θεοῦ
516 1359 863 1419 ἑστιν.“οθεν
927 1363 1033 1420 εἴτε
1093 1369 1315 1439 ζήτησίς
1368 1369 1478 1424 ἐστι
1535 1373 1657 1444 περῖ
1713 1377 1830 1440 τοῦ,
1864 1375 1980 1433 πῶς

313 1451 505 1524 γέγονε
555 1451 624 1505 τὰ
680 1453 1004 1528 φαινόμενα,
1064 1455 1168 1510 εἴτε
1224 1460 1415 1528 κτῆσίς
1477 1460 1585 1514 ἐστι
1648 1461 1978 1536 χρημάτων,

316 1538 424 1592 εἴτε
471 1541 648 1616 τρυφή
693 1541 1030 1616 περιουσίας,
1084 1545 1254 1600 πάντα
1296 1553 1460 1602 ταῦτα
1522 1549 1819 1621 ματαιότης
1881 1571 1982 1621 μα-

312 1630 621 1698 ταιοτήτων
661 1629 793 1698 ἐστί,
825 1632 918 1685 καὶ
967 1632 1132 1688 πλέον
1181 1631 1334 1690 οὐδὲν
1377 1639 1410 1706 ἢ
1446 1638 1721 1714 περισσεία
1774 1637 1985 1714 βουλῆς

318 1718 411 1771 καὶ
469 1718 841 1794 προαιρέσεως
917 1721 1272 1799 ἐπιχήρησις.
1335 1751 1362 1776 ››
1422 1728 1505 1782 Ἐν
1562 1725 1619 1781 δὲ
1675 1733 1752 1799 τῷ
1805 1727 1982 1802 λέγειν

315 1810 488 1860 ταῦτα
529 1808 888 1880 ματαιότητα,
921 1811 1167 1890 ἐμφαίνει
1217 1818 1323 1868 τῶν
1373 1813 1690 1887 μελλόντων
1738 1818 1799 1871 τὸ
1843 1815 1980 1870 αίώ-
2016 1851 2062 1920 Β

318 1915 431 1920 -.ΔΑΗ
496 1897 575 1920 .-λ
612 1895 700 1920 μμ-μ“
762 1919 793 1920 7,
817 1900 829 1920 ἱ
995 1900 1007 1920 ε
1127 1897 1185 1920 ρὶ
1511 1911 1532 1920 ε.
1625 1911 1649 1920 «-
1784 1905 1798 1920 ο
1894 1905 1904 1920 1

317 1897 582 1952 novumc
611 1895 702 1951 καὶ
760 1900 930 1953 πάντα
989 1897 1247 1976 ὑπερϐὰς,
1279 1911 1532 1978 παραινεῖ
1586 1911 1692 1960 τῶν
1748 1905 1979 1960 αἰωνίων

326 1984 838 2056 μνημονεῦειν,καῖ
889 1985 1083 2042 εἶδὲναι
1137 1989 1294 2053 τὲλος
1356 1989 1564 2046 ἔσεσθαι
1621 1997 1718 2048 τοῦ
1773 1993 1984 2066 κόσμοα

313 2071 538 2145 τούτου,
585 2073 636 2127 ὲν
686 2078 766 2145 τῷ
819 2073 1023 2150 λέγειν,
1075 2079 1260 2154 ἀργεῖν
1315 2081 1410 2144 τὰς
1468 2081 1801 2152 ἀληθούσας,
1849 2108 1874 2134 ‹‹
1927 2081 1978 2137 ἓν

317 2160 502 2236 ἡμέρᾳ
655 2162 715 2216 ἂν
771 2161 1070 2228 σαλευθῶσι
1149 2166 1384 2244 φύλακες
1460 2177 1561 2239 τῆς
1637 2171 1832 2244 οἰκίας,
1889 2165 1979 2225 καὶ

317 2247 722 2327 ἓιαστραφῶσιν
771 2251 962 2328 ἄνδρες
1009 2263 1110 2324 τῆς
1173 2252 1476 2330 δυνάμεως,
1509 2259 1598 2314 καὶ
1645 2258 1890 2335 ἤργησκν
1925 2259 1979 2314 αἱ

311 2338 722 2408 ἀλήθουσαι.)
779 2341 882 2396 Καὶ
939 2344 1006 2396 τὰ
1065 2343 1200 2415 μετὰ
1246 2346 1308 2400 τὸ
1363 2346 1524 2408 τέλος
1579 2345 1635 2402 δὲ
1691 2347 1976 2425 ἐξηγεῖταιο

315 2450 343 2476 υ
373 2430 496 2481 Ὅτι
556 2427 772 2499 σύμπαν
821 2429 882 2483 τὸ
931 2430 1145 2504 ποίημα
1196 2434 1224 2488 ὁ
1274 2436 1402 2497 Θεὸς
1447 2435 1556 2505 ἄξει
1609 2436 1660 2490 ἐν
1703 2438 1878 2514 κρίσει
1925 2437 1975 2492 ἐν

311 2517 480 2570 παντὶ
531 2517 961 2592 παρεωραμένῳ,
997 2519 1083 2574 ἐὰν
1136 2523 1351 2598 ἀγαθὸν,
1385 2524 1475 2578 καὶ
1529 2525 1614 2579 ἐὰν
1660 2526 1918 2597 πονηρόν.
1947 2552 1974 2578 ››

313 2612 409 2660 Ἐκ
461 2603 530 2672 δὴ
574 2607 782 2662 τούτων
834 2607 1120 2680 δείκνυσιν,
1154 2611 1236 2665 ὅτι
1280 2613 1413 2687 ἅπερ
1464 2609 1638 2688 ἔλεγε,
1671 2640 1698 2667 ‹‹
1741 2615 1980 2671 Ματαιό-

317 2715 440 2784 ταῖς
481 2699 884 2784 ματαιοτήτων⁹
939 2721 966 2748 ››
1016 2697 1077 2752 οὐ
1121 2701 1222 2768 τήν
1277 2702 1447 2755 κτίσιν
1506 2697 1820 2758 διαϐάλλων
1852 2703 1978 2784 ἔφη,

315 2782 444 2837 ἀλλ’
477 2782 585 2856 ὅτι,
616 2784 686 2838 τὰ
711 2784 903 2838 αἰώνια
939 2791 1178 2862 θεωρῶν,
1213 2777 1363 2864 ἔλεγε
1411 2792 1511 2858 τὴν
1559 2795 1665 2844 τῶν
1717 2777 1980 2868 προσκαί-

321 2891 427 2942 ρων
459 2870 750 2945 ἐπιθυμίαν
806 2875 937 2928 εἶναι
990 2876 1344 2947 ματαιότητα.
1381 2878 1479 2932 Καὶ
1524 2878 1700 2956 κρίσιν
1759 2879 1815 2936 δὲ
1864 2879 1982 2936 δια-

319 2957 616 3031 διδάσκων,
666 2959 914 3035 σημαίνει
965 2965 1064 3033 τήν
1112 2965 1394 3020 ἀνάστασιν
1454 2973 1559 3022 τῶν
1617 2975 1840 3046 νεκρῶν,
1891 2969 1981 3026 καί

319 3053 432 3104 τῶν
477 3049 725 3123 πράξεων
776 3050 1152 3111 ἀνταπόδοσιν.
1201 3061 1426 3111 Ἔπειτα
1483 3056 1681 3135 λέγων,
1716 3085 1744 3112 ‹‹
1775 3063 1984 3137 ’Ήργη-

323 3159 414 3191 σαν
452 3140 507 3191 αἱ
537 3137 864 3211 ἀλήθουσαι,
905 3168 923 3190 υ
962 3139 1195 3196 δείκνυσι
1227 3144 1392 3200 πάλιν
1443 3147 1517 3218 μὴ
1569 3147 1702 3202 εἶναι
1755 3150 1982 3222 ματαίαν

2084 572 2348 627 dentium
2411 568 2732 641 Opnlentia,
2793 582 2897 620 nec
2957 563 3433 635 cognoscentium
3509 561 3737 633 gratia:

2085 660 2362 732 quoniam
2389 664 2622 728 tempus
2652 661 2708 710 et
2738 655 2964 710 occasio
2987 651 3163 706 simul
3196 650 3473 704 omnibus
3499 648 3630 704 istis
3651 663 3744 706 oc-

2085 751 2321 806 current
2350 748 2414 801 ’5.
2453 749 2512 802 ln
2563 745 2836 801 omnibus
2869 745 3028 798 enim
3077 746 3185 806 est,
3237 755 3337 794 rex
3397 739 3520 811 agri
3576 737 3741 794 culti.

2087 840 2278 910 Neque
2309 838 2460 893 enim
2495 837 2809 908 quisquam
2839 835 2894 886 in
2927 831 3060 887 istis
3087 829 3316 886 consilii
3341 829 3432 885 sui
3464 829 3743 884 dominus

2087 933 2194 984 est.
2217 927 2357 991 Quis
2388 929 2478 980 est
2497 923 2652 979 enim
2675 922 2872 991 homo,
2904 919 3002 992 qui
3054 919 3240 990 possit
3267 917 3351 973 ire
3399 923 3554 972 retro
3601 925 3742 972 cun—

2089 1015 2308 1076 silium,
2335 1027 2697 1084 quaecunque
2730 1011 2992 1064 fecerunt
3017 1007 3208 1079 ipsum
3234 1007 3261 1060 ‘I
3293 1007 3358 1060 Et
3388 1005 3541 1077 quod
3593 1001 3743 1058 nihil

2091 1102 2396 1176 potestatis
2429 1099 2686 1171 amplius
2715 1098 2774 1152 in
2808 1099 2915 1153 hac
2945 1097 3064 1152 vita
3093 1095 3303 1151 habeat
3346 1095 3541 1160 homo,
3563 1107 3740 1162 quam

2092 1190 2338 1248 faciendi
2371 1191 2587 1246 bonum
2621 1193 2678 1243 et
2697 1186 3004 1252 malum,et
3035 1183 3398 1257 praeparandi
3430 1196 3606 1252 opera
3635 1195 3744 1235 sua

2091 1284 2162 1337 ad
2195 1279 2597 1336 exitum.Nam
2630 1283 2686 1331 et
2717 1276 2869 1346 quod
2903 1273 3023 1328 edit
3051 1279 3106 1328 et
3137 1271 3305 1335 bibit,
3365 1269 3474 1325 hoc
3522 1270 3739 1324 donum

2092 1371 2191 1426 Dei
2215 1373 2325 1424 est.
2359 1368 2520 1424 Unde
2552 1365 2669 1420 sive
2700 1369 3012 1436 quaeratur,
3046 1361 3339 1432 quomodo
3396 1360 3547 1414 facta
3601 1356 3742 1423 sint,

2093 1476 2221 1532 qua;
2248 1457 2540 1521 videntur,
2575 1453 2693 1508 sive
2725 1451 2922 1508 adsint
2954 1449 3231 1522 pecuniae,
3293 1447 3414 1503 sive
3470 1445 3743 1516 voluptas

2093 1546 2503 1603 abundantiae:
2539 1543 2737 1597 omnia
2767 1541 2888 1595 haec
2913 1540 3141 1594 vanitas
3170 1537 3521 1603 vanitatum,
3554 1537 3612 1590 et
3651 1533 3747 1588 ni-

2094 1635 2176 1692 hil
2207 1633 2463 1707 amplius
2493 1648 2671 1704 quam
2703 1629 3077 1701 superﬂuit-as
3099 1625 3326 1682 consilii
3349 1631 3406 1680 et
3425 1622 3745 1694 voluntatis

2095 1728 2338 1780 conatus
2367 1723 2430 1777 ’⁷.
2470 1744 2491 1772 ι
2529 1721 2674 1775 Cum
2708 1719 2789 1775 ait
2813 1723 3032 1786 autem,
3067 1717 3185 1770 hac
3218 1731 3347 1770 esse
3401 1712 3742 1782 vanitatem,

2097 1813 2423 1869 futurorum
2482 1809 2862 1865 aeternitatem
2913 1805 3224 1876 signiﬁcat.
3276 1806 3640 1875 Quapropter
3689 1804 3748 1857 et

2092 1904 2363 1958 universa
2419 1897 2859 1963 transcendens,
2911 1895 3177 1949 hortatur
3258 1897 3322 1947 ut
3394 1897 3744 1947 aeternorum

2094 1991 2435 2047 memoriam
2495 2003 2816 2052 servemus,
2877 1989 2934 2039 et
2981 1984 3240 2039 sciamus
3301 1981 3568 2036 futurum
3639 1976 3746 2034 ali-

2090 2079 2345 2155 quando,
2383 2081 2444 2133 ut
2473 2077 2732 2132 mundus
2766 2075 2855 2129 hic
2888 2073 3142 2139 finiatur,
3177 2088 3311 2127 cum
3334 2071 3496 2142 dicit,
3530 2070 3650 2126 fore
3679 2073 3748 2126 ut

2093 2170 2375 2225 molentes
2406 2171 2656 2233 cessent,
2710 2187 2738 2214 «
2788 2164 2847 2217 in
2895 2163 2988 2218 die
3041 2179 3158 2234 qua
3215 2159 3748 2217 commovebuntur

2089 2257 2361 2314 custodes
2390 2257 2604 2311 domus
2626 2259 2682 2309 et
2711 2254 3004 2308 nutabunt
3044 2252 3151 2306 viri
3182 2253 3470 2323 potentes,
3502 2252 3560 2304 et
3618 2264 3748 2304 mo-

2088 2347 2274 2402 lentes
2296 2347 2672 2400 cessaverunt
2700 2341 2766 2396 ’3.
2798 2362 2829 2391 »
2863 2341 2930 2394 Et
2960 2357 3086 2410 quae
3121 2340 3296 2393 tinem
3340 2336 3544 2392 mundi
3601 2336 3745 2392 sub-

2088 2442 2412 2507 sequuntur
2450 2431 2706 2506 exponit,
2766 2431 3011 2485 dicens:
3067 2451 3096 2478 «
3146 2427 3432 2491 Quoniam
3502 2429 3736 2493 cuncta,

2087 2541 2213 2598 qua:
2247 2523 2609 2587 fiunt,ducet
2641 2525 2789 2574 Deus
2819 2519 2877 2574 in
2917 2516 3252 2588 judicium;
3313 2517 3372 2571 in
3433 2514 3593 2570 omni
3644 2530 3738 2570 er-

2088 2619 2233 2683 rato,
2267 2615 2390 2668 sive
2421 2613 2660 2672 bonum,
2707 2609 2826 2664 sive
2884 2607 3194 2663 malum”.
3244 2628 3271 2655 ››
3335 2603 3435 2660 His
3485 2601 3745 2658 ostendit

2088 2705 2241 2776 quod
2277 2701 2421 2758 illud
2455 2719 2468 2756 :
2507 2725 2528 2751 ι
2561 2699 2806 2755 Vanitas
2851 2697 3200 2762 vanitatum,
3239 2717 3258 2743 ιι
3324 2711 3440 2749 non
3499 2693 3573 2747 ad
3627 2691 3739 2746 hoc

2087 2791 2317 2857 dixerit,
2387 2794 2451 2844 ut
2501 2791 2825 2843 creaturam
2880 2784 3324 2849 criminaretur;
3395 2780 3496 2835 sed
3583 2779 3744 2850 quod

2089 2885 2303 2935 aeterna
2335 2874 2790 2946 contemplatus,
2825 2888 3019 2928 rerum
3045 2867 3454 2941 temporalium
3513 2865 3742 2922 deside-

2089 2967 2238 3022 rium
2275 2965 2612 3021 admoneret
2641 2979 2769 3018 esse
2799 2961 3139 3016 vanitatem.
3189 2963 3256 3012 Et
3312 2957 3412 3012 ubi
3450 2955 3748 3027 judicium

2091 3059 2352 3113 futurum
2403 3070 2531 3110 esse
2590 3053 2777 3121 docet,
2831 3051 3027 3105 innuit
3084 3049 3204 3103 fore
3261 3044 3749 3102 resurrectionem

2093 3150 2481 3213 mortuorum,
2513 3146 2569 3197 et
2601 3145 2857 3196 actorum
2892 3133 3586 3193 retributionem.Deinde
3615 3145 3750 3188 cum

322 3226 490 3294 αὖτὴν
520 3227 622 3295 τὴν
655 3228 850 3298 κτίσιν,
892 3228 1036 3285 ἀλλὰ
1062 3231 1155 3285 καὶ
1189 3231 1401 3305 μᾶλλον
1454 3219 1779 3292 διδάσκαλον
1825 3245 1983 3292 πᾶσιν

2095 3235 2273 3290 dicit:
2307 3255 2334 3283 «
2369 3234 2752 3289 Cessaverunt
2778 3227 3084 3294 molentes,
3120 3225 3316 3295 n.122
3348 3222 3605 3278 ostendit
3635 3235 3752 3276 non

321 3315 489 3383 αὗτήν
546 3313 710 3369 οὖσαν
770 3317 845 3379 εἷς
895 3314 1185 3376 εὐσέϐειαν.
1218 3323 1280 3376 Ἠ
1326 3324 1425 3398 γὰρ
1478 3325 1624 3394 τάξις
1673 3326 1840 3396 αὐτῆς
1893 3327 1984 3381 καὶ

321 3405 355 3471 ἡ
398 3399 762 3475 διακόσμησις
811 3403 1067 3480 διήγησίς
1119 3408 1230 3464 ἐστι
1289 3412 1409 3484 περὶ
1469 3417 1564 3466 τοῦ
1618 3415 1984 3484 πεποιηκότος

322 3491 410 3545 καὶ
466 3491 752 3554 κτίσαντος
807 3492 997 3562 αὐτὴν,
1039 3495 1092 3550 ἐν
1138 3498 1177 3566 ᾗ
1221 3498 1311 3551 καὶ
1360 3499 1412 3553 οἱ
1459 3509 1736 3577 προφῆται
1792 3504 1880 3557 καὶ
1934 3504 1986 3557 οἱ

326 3579 729 3656 ιῦαγγελισταὶ,
762 3584 851 3637 καὶ
885 3585 934 3637 οἱ
963 3581 1279 3639 διδάσκαλοί
1328 3587 1481 3656 εἶσιν,
1515 3589 1696 3666 ὥσπερ
1747 3590 1986 3661 ἀλήθον-

329 3689 410 3730 τες
440 3670 656 3743 ἑκάστῳ
685 3672 893 3748 τροφήν
943 3671 1030 3726 διὰ
1079 3681 1180 3742 τῆς
1223 3673 1570 3740 διδασκαλίας
1617 3681 1716 3749 τὴν
1776 3680 1852 3742 εἷς
1901 3682 1984 3736 εὖ·

331 3753 536 3813 1533”
588 3763 812 3833 γνῶσιν·
848 3759 1038 3823 οἵτινες
1069 3762 1379 3834 ’ἀλήθοντες
1441 3765 1740 3841 ἇργήσουσι
1790 3769 1984 3824 λοιπὸν

332 3845 380 3900 ἐν
506 3847 810 3919 συντελείᾳ.
843 3849 958 3906 Οὐκ
987 3848 1064 3905 ἔτι
1117 3853 1219 3928 γὰρ
1269 3853 1368 3916 ὡς,
1393 3852 1690 3924 ἀλήθοντες
1741 3855 1986 3928 διδάξου-

335 3954 410 3989 σιν
466 3932 646 4006 αὐτοὶ,
679 3933 806 3992 ἀλλ’
865 3938 923 3992 ἐκ
979 3944 1084 3993 τῶν
1145 3943 1386 4018 πράξεων
1449 3944 1676 3999 ἑκάστου
1725 3948 1758 4014 ἡ
1811 3949 1987 4023 κρίσις

335 4025 558 4097 γίνεται.

726 4109 956 4170 Βιϐλίον
989 4123 1066 4177 ις¹⁴
1103 4119 1287 4191 ’ᾼσμα
1318 4118 1596 4192 ᾀσμάτων.

399 4205 485 4258 24.
514 4198 624 4256 Τοῦ
660 4201 1029 4276 Σολομῶντός
1062 4205 1172 4260 ἐστι
1202 4207 1289 4261 καὶ
1322 4213 1481 4262 τοῦτο
1519 4210 1580 4264 τὸ
1615 4205 1830 4286 βιϐλίον
1866 4232 1991 4288 συγ-

344 4295 528 4369 Τραφῆ,
561 4294 704 4356 καθὰ
756 4291 1204 4367 προδεδήλωται·
1264 4297 1435 4353 Ὅλον
1496 4293 1553 4353 δὲ
1608 4298 1754 4372 αὐτῷ
1803 4301 1994 4376 γέγρα-

346 4400 456 4434 πται
489 4381 581 4434 ἀπ’
611 4379 794 4458 ἀρχῆς
826 4383 991 4458 μέχρι
1032 4385 1223 4445 τέΑους
1288 4391 1561 4457 μυστικῶς
1623 4389 1758 4460 μετά
1814 4387 1990 4458 ἀλλη-

355 4470 522 4542 γορίας
575 4468 1040 4543 αἰνιγματώδους.
1077 4471 1148 4526 Οὐ
1197 4473 1297 4548 γὰρ
1348 4473 1400 4528 ἐν
1438 4479 1518 4546 τῷ
1546 4481 1831 4553 προφανεῖ,
1863 4473 1992 4532 ἀλλ’

2093 3337 2303 3378 vanam
2335 3337 2462 3376 esse
2493 3320 2684 3392 ipsam
2718 3321 3066 3383 creaturam,
3105 3314 3208 3369 sed
3242 3313 3437 3384 potius
3470 3308 3748 3366 omnibus

2095 3427 2223 3466 esse
2256 3409 2486 3482 pietatis
2521 3407 2884 3479 magistram.
2918 3403 3221 3474 Siquidem
3254 3401 3442 3472 ipsius
3493 3397 3634 3453 ordo
3692 3399 3752 3453 et

2095 3504 2360 3564 ornatus,
2419 3499 2490 3553 de
2538 3498 2752 3552 factore
2807 3495 2934 3566 ipso
2987 3509 3054 3547 ac
3111 3495 3370 3546 creatore
3404 3484 3752 3561 praedicatio

2095 3593 2220 3643 est:
2255 3587 2313 3641 in
2347 3603 2460 3658 qua
2491 3589 2629 3640 sunt
2677 3588 2734 3638 et
2789 3581 3083 3653 propheta
3143 3585 3199 3634 ct
3255 3576 3646 3648 evangelista,
3697 3575 3756 3630 et

2097 3679 2674 3746 doctores,tanquam
2710 3671 2994 3727 molentes
3037 3669 3352 3738 unicuique
3383 3665 3748 3730 alimoniam,

2065 3781 2200 3836 'per
2258 3763 2608 3830 doctrinam,
2666 3759 2936 3815 videlicet
2969 3756 3198 3828 pietatis
3230 3753 3540 3809 scientiam
3576 3770 3589 3806 :
3651 3751 3752 3822 qui

2099 3854 2386 3909 molentes
2418 3852 2652 3905 tandem
2711 3848 2769 3902 in
2827 3845 3336 3901 consummatione
3389 3841 3750 3896 otiabuntur.

2097 3946 2242 4001 Tum
2276 3943 2433 4000 enim
2466 3957 2579 3995 non
2613 3938 2907 3993 docebunt
2949 3933 3226 4007 amplius,
3285 3932 3472 3986 instar
3531 3929 3752 3985 molen-
3817 3959 3824 3964 υ

2097 4035 2266 4102 tium,
2301 4031 2402 4089 sed
2431 4031 2678 4103 quisque
2709 4027 3033 4083 secundum
3065 4029 3191 4079 acta
3212 4021 3600 4094 judicabitur.

2429 4120 2588 4175 Liber
2616 4119 2741 4181 XVI,
2767 4115 3046 4171 Canticum
3076 4115 3439 4168 canticorum.

2169 4214 2258 4267 24.
2309 4211 2412 4264 Hic
2465 4223 2696 4280 quoque
2744 4205 2892 4260 liber
2944 4202 3272 4258 Salomonis
3321 4205 3409 4256 est
3458 4214 3630 4270 opus,
3690 4201 3758 4253 ut

2101 4300 2373 4372 superius
2405 4296 2762 4352 declaratum
2793 4294 3240 4362 est.Totumque
3273 4291 3342 4344 ab
3367 4287 3532 4343 initio
3567 4301 3756 4356 usque

2103 4391 2172 4447 ad
2209 4391 2380 4445 finem
2416 4385 2659 4458 mystice
2690 4389 2746 4438 et
2777 4399 2910 4438 cum
2945 4380 3217 4453 allegoria
3233 4377 3602 4450 aanigmatica
3625 4391 3757 4430 con-

2105 4478 2360 4550 scripsit.
2416 4472 2713 4530 Sententia
2773 4471 2989 4542 quippe
3045 4470 3384 4539 dogmatum
3430 4467 3578 4534 ejus,
3640 4477 3756 4517 non

357 4555 399 4608 ἒν
444 4558 739 4632 ἆπορῥτςτῳ
795 4557 1086 4633 κέκρυπται
1135 4565 1244 4614 τῶν
1303 4560 1353 4615 ἐν
1414 4563 1560 4634 αὐτῴ
1619 4559 1906 4638 δογμάτων
1959 4567 1983 4619 ὁ

2102 4565 2428 4641 aperta,sed
2472 4561 2701 4618 occulta
2732 4565 2840 4615 est.
2873 4561 3142 4613 Attamen
3185 4558 3235 4611 si
3275 4558 3575 4610 accurrate
3631 4565 3758 4622 per-

357 4648 487 4705 νοῦς.
525 4649 927 4722 Ἐρευνώμενος
981 4645 1036 4702 δὲ
1085 4649 1405 4725 εὑρίσκεται.
1435 4648 1575 4706 διότι
1627 4654 1760 4724 μετᾶ
1805 4652 1990 4724 ἀλλη-

360 4735 525 4807 γορίας
575 4735 918 4811 ἐντυγχάνειν
970 4736 1088 4809 ὅλῳ
1142 4739 1322 4811 τούτῳ
1371 4743 1635 4814 προσήκει
1691 4741 1818 4803 τοὺς
1869 4764 1991 4797 συν·

366 4819 634 4882 ετοΰςστίνα
684 4826 760 4897 μὴ
813 4821 884 4878 δι’
925 4824 1144 4900 ἄγνοιαν
1197 4833 1304 4882 τῶν
1361 4829 1582 4902 ἀμαθῶν
1645 4829 1719 4891 εἷς
1774 4830 1990 4904 ἀτιμίαν

370 4905 550 4984 ἐμπέσῃ
597 4913 663 4967 τὰ
717 4911 999 4988 εἰρημένα.
1034 4917 1218 4989 ’ᾼσμα
1272 4914 1329 4971 δὲ
1382 4916 1635 4990 ᾀσμάτων
1693 4916 1781 4974 διὰ
1830 4924 1993 4976 τοῦτο

373 4995 609 5072 καλεῖται,
663 4999 850 5070 ἒπειδὴ
913 5006 1047 5075 μετὰ
1107 5007 1200 5076 μὲν
1256 5006 1324 5060 τὰ
1369 5005 1514 5061 ἄλλα
1569 5005 1783 5080 ᾅσματα
1809 5013 1991 5082 τοῦτο,

380 5085 492 5171 μετὰ
515 5085 567 5142 δὲ
592 5094 751 5144 τοῦτο
799 5089 899 5145 οὐκ
955 5089 1031 5146 ἔτι
1090 5090 1230 5149 ἄλλο
1287 5091 1593 5171 προσδοκᾷν
1655 5092 1816 5150 ἔστιν·
1852 5093 1993 5152 ἄλλο

379 5165 425 5224 δὲ
449 5172 580 5248 λὲγω
603 5178 666 5232 οὐ
700 5172 937 5253 βιϐλίον,
972 5179 1116 5236 ἀλλὰ
1144 5183 1205 5236 τὸ
1238 5182 1296 5237 ἐκ
1319 5165 1416 5238 τοῦ
1460 5165 1681 5260 βιϐλίου
1730 5183 1992 5258 σημαινό-

385 5280 532 5328 μενον·
554 5267 616 5322 Ὀ
645 5264 702 5321 δὲ
729 5267 878 5342 λὶγω
927 5271 1170 5324 τοιοῦτόν
1227 5271 1357 5326 ἐστι·
1395 5278 1544 5326 Πᾶσα
1574 5275 1608 5342 ἡ
1643 5273 1756 5336 θεία
1807 5276 1992 5349 Γραφή

386 5351 598 5420 πεὲἶτῆς
625 5355 698 5416 εἷς
729 5359 877 5428 ἡμᾶς
926 5355 1158 5412 καθόδου
1204 5365 1302 5414 τοῦ
1355 5361 1528 5437 ⁴λόγου
1589 5361 1678 5416 καὶ
1737 5339 1995 5436 ἐνσάρκου

391 5444 637 5510 πιρουσίας
665 5445 826 5499 αὐτοῦ
857 5447 1210 5523 προφητεύει.
1241 5453 1410 5504 Τοῦτο
1463 5451 1565 5525 γὰρ
1613 5453 1676 5504 τὸ
1737 5450 1996 5526 βούλημα

2103 4637 2390 4731 quiratur,
2423 4651 2770 4707 invenietur.
2806 4651 3180 4718 ,QuaprOpter
3235 4643 3484 4716 expedit,
3529 4645 3592 4695 ut
3657 4637 3758 4712 qui

2102 4745 2419 4818 prudentes
2448 4745 2610 4804 sunt,
2643 4738 2702 4792 in
2737 4742 2855 4792 toto
2888 4737 2996 4792 hoc
3022 4735 3170 4789 libro
3195 4733 3502 4804 allegorice
3538 4743 3762 4784 versen-

2103 4815 2298 4900 tur,ne
2332 4836 2567 4902 propter
2598 4826 2998 4896 imperitorum
3033 4821 3445 4894 ignorantiam,
3482 4834 3609 4889 quae
3666 4815 3761 4870 hic

2103 4922 2400 4984 dicuntur,
2433 4914 2810 4986 comtemptui
2842 4913 3192 4967 habeantur.
3226 4908 3529 4963 Canticum
3563 4910 3760 4960 autem

2103 5009 2458 5067 canticorum
2491 5007 2618 5060 ideo
2658 5009 2916 5066 vocatur,
2968 5001 3114 5071 quod
3178 5003 3309 5070 post
3365 4997 3475 5051 alia
3535 4992 3762 5048 cantica

2103 5098 2586 5169 subsequatur,et
2615 5093 2768 5164 quod
2819 5108 2932 5146 non
2997 5089 3154 5144 aliud
3206 5092 3406 5158 postea
3455 5081 3760 5137 Canticum

2105 5189 2180 5243 sit
2209 5183 2700 5257 exspectandum:
2736 5180 2890 5234 aliud
2916 5183 3112 5234 autem
3155 5178 3302 5241 dico,
3339 5191 3451 5229 non
3500 5171 3758 5236 librum;

2105 5273 2377 5346 sedquod
2404 5269 3038 5340 inlibrosigniticatnr.
3083 5265 3244 5330 Quod
3287 5263 3436 5328 dico,
3471 5261 3584 5312 tale
3635 5259 3759 5310 est:

2104 5365 2303 5418 Omnis
2329 5363 2526 5417 divina
2545 5361 2870 5430 Scriptura,
2906 5359 2976 5412 de
3010 5356 3176 5411 Verbi
3213 5355 3495 5408 descensu
3527 5347 3597 5401 ad
3634 5361 3760 5410 nos,

2105 5459 2161 5508 et
2191 5453 2260 5508 de
2294 5452 2543 5506 adventu
2578 5451 2706 5520 ejus
2738 5448 2795 5502 in
2828 5462 3001 5503 carne
3035 5443 3396 5518 prophetiam
3428 5435 3760 5492 habet.Haao

449 5636 488 5670 ³⁸
512 5639 681 5697 Eccle.
711 5659 785 5710 rx,
823 5645 907 5698 11.
938 5645 1003 5700 ’⁷.
1033 5646 1218 5703 Eccle.
1253 5665 1306 5715 v,
1338 5650 1395 5718 9,
1431 5649 1519 5713 10,
1553 5650 1744 5704 16-18.
1777 5649 1822 5685 ³⁸
1847 5649 1983 5706 Εοοιι

2095 5669 2162 5716 ηιι,
2199 5652 2250 5706 3.
2285 5653 2328 5686 ’θ
2362 5650 2500 5704 ibid.
2543 5648 2624 5702 14.

3621 335 3744 402 350
