2043 3111
182 175 239 205 851

772 175 804 204 S.
830 171 1095 203 ATHANASIUS.
1113 188 1151 193 —
1165 172 1297 203 DUBIA.

1828 178 1889 208 352

183 250 311 277 namque
321 241 456 270 voluntas
472 241 523 269 Dei
547 244 605 274 est;
636 241 785 277 prophetis
812 242 840 268 et
868 239 1008 267 universae

1066 239 1113 264 τοῦ
1129 239 1195 265 Θεοῦ
1211 237 1276 266 ἐστι·
1293 242 1352 271 τοῖς
1376 250 1402 267 τε
1427 243 1579 280 προφήταις
1604 242 1647 269 καὶ
1672 243 1743 278 πάσῃ
1766 244 1800 279 τῇ
1830 244 1890 279 θείᾳ

180 286 284 314 divina
300 286 469 322 Scriptura,
487 285 557 313 illud
588 286 775 322 potissimum
802 287 864 313 erat
890 292 1006 311 annun-

176 331 322 359 tiandum.
341 331 410 358 Huic
422 333 519 358 autem
536 331 640 358 divinae
654 330 1007 365 narrationi,consequen-

178 377 222 403 ter
237 376 374 403 addidere
394 383 544 403 sermones
560 375 596 403 de
611 375 749 411 gentibus
769 374 933 411 Babylonis.
951 374 1005 400 Da-

177 421 379 454 masci,Moab,
396 420 591 456 aliorumque.
609 423 704 454 Atque
722 420 750 447 in
776 418 901 455 singulis
928 418 1005 445 Scri-

176 465 271 500 pturis
287 467 441 500 peccantes
465 464 629 500 increpant,
656 467 823 500 peccatores
852 463 1007 490 hortantur

177 510 211 537 ad
229 509 441 545 paenitentiam,
457 509 673 536 comminantes
690 509 820 536 futurum
837 506 1004 543 ignisjudi-

176 554 339 581 cium.Alia3
356 554 445 589 igitur
461 553 618 589 Scriptura:
631 553 837 589 praenuntiant,
850 555 880 580 ut
893 552 1006 586 Moyses

175 606 243 626 eum
259 598 319 625 ait:
338 609 351 622 α
377 598 551 633 Prophetam
587 598 670 625 vobis
699 597 836 625 excitabit
863 596 1006 624 Dominus

178 643 251 670 Deus
269 645 368 670 noster
394 651 428 669 ex
458 642 599 669 fratribus
628 642 746 676 nostris,
778 642 854 669 sicut
883 649 928 668 me
942 640 973 667 '°.
993 651 1002 664 ι

176 687 266 714 Isaias
277 695 363 715 vero:
382 697 395 711 ι(
414 687 482 714 Ecce
499 686 587 721 Virgo
603 686 631 713 in
650 689 731 714 utero
757 685 876 713 habebit
903 687 931 712 et
954 693 1003 720 pa-

175 732 229 759 riet
244 731 335 758 [ilium
351 732 384 758 ³¹.
405 743 418 755 ››
437 731 573 758 Michaeas
589 733 704 758 autem:
726 741 738 756 ι
756 730 815 758 Erit
830 730 857 756 in
883 729 1005 757 novissi-

177 776 232 803 mis
248 775 351 803 diehus
366 775 491 802 illustris
508 783 591 802 mons
608 774 723 802 Domini
735 775 766 802 3'.
781 786 794 798 ιι
808 775 843 801 Et
858 773 934 801 alius
949 773 1005 801 alio

178 820 274 854 modo,
291 820 453 847 secundum
469 819 596 855 Spiritus
618 819 754 856 gratiam,
786 818 925 854 praedicit.
955 818 1006 846 His

177 867 273 891 autem
290 864 428 891 omnibus
443 863 643 899 loquentibus,
660 863 883 899 exspectabatur
910 862 1006 890 adhuc

177 908 227 944 qui
243 907 456 944 praenuntiatus
469 907 522 935 fuit
546 907 696 936 Dominus.
713 908 894 943 Quapropter
921 906 1006 933 multi

177 961 244 980 eum
261 952 516 988 praenuntiabant:
534 955 564 980 et
578 952 670 980 donec
685 951 772 983 venit,
800 950 1007 986 prophetantes

179 1004 235 1023 non
251 995 447 1023 cessavere.Et
462 995 523 1023 haec
538 996 637 1023 omnia
662 997 731 1022 sunt
760 994 883 1022 cantica.
913 993 1008 1020 Canti-

179 1049 245 1069 cum
262 1049 327 1068 vero
343 1041 535 1073 canticorum,
563 1048 658 1076 neque
685 1039 888 1075 prophetandi,
915 1046 1008 1074 neque

179 1085 394 1121 praenuntiandi
411 1086 497 1112 modo
513 1084 655 1121 scripturn
672 1086 717 1111 est
733 1092 739 1111 :
770 1083 819 1110 sed
850 1090 936 1118 quem
959 1082 1007 1109 alii

179 1130 423 1165 prwnuntiarunt,
447 1137 513 1156 eum
542 1129 625 1164 quasi
650 1129 713 1164 jam
743 1128 863 1162 venerit,
892 1129 921 1155 et
946 1127 1008 1162 jam

179 1182 297 1203 carnem
317 1174 522 1210 assumpserit.
535 1173 673 1201 ostendit.
690 1173 784 1204 Quare
795 1171 878 1208 quasi
894 1171 924 1198 in
940 1179 1007 1198 con-

175 1218 258 1254 jugio
273 1218 361 1246 Verbi
386 1220 413 1246 et
442 1218 539 1245 carnis
577 1217 800 1253 epithalamium
831 1215 910 1244 canit
935 1215 1007 1243 Can-

179 1262 269 1290 ticum
285 1262 479 1290 canticorum.
498 1262 531 1290 Et
554 1261 617 1289 aliae
647 1261 764 1297 quidem
791 1261 944 1295 Scriptura:
973 1260 1009 1287 de

179 1306 325 1334 Salvatore
352 1306 525 1342 loquuntur,
554 1308 582 1334 et
620 1305 732 1333 interea
775 1305 832 1332 alia
874 1304 1007 1340 quaedam

178 1351 379 1378 annuntiant:
411 1350 458 1378 hic
485 1359 552 1378 vero
582 1349 655 1377 liber
683 1349 853 1385 conjugium
893 1350 1007 1376 tantum

180 1395 266 1422 Verbi
282 1397 312 1423 et
327 1395 423 1423 carnis
446 1395 534 1423 canit.
565 1394 759 1427 Quamobrem
789 1394 817 1421 in
847 1393 913 1420 aliis
942 1393 1007 1428 qui-

178 1441 243 1468 dem
260 1441 428 1476 Scripturis,
443 1440 513 1476 quia
543 1439 602 1468 alia
629 1439 764 1475 quadam
795 1438 1007 1475 signiﬁcantur,

179 1485 389 1520 indignationis
402 1487 430 1512 et
442 1485 491 1512 irae
502 1492 655 1512 sermones
667 1492 699 1511 ac
711 1484 911 1511 formidabiles
923 1483 1008 1511 minas

180 1529 301 1556 insunt:
318 1537 446 1565 praesens
462 1538 528 1557 vero
544 1528 628 1561 liber,
656 1529 794 1565 quoniam
813 1528 884 1556 nihil
916 1528 1007 1561 aliud,

180 1581 268 1608 quam
300 1573 382 1601 Verbi
416 1573 600 1609 presentiam
640 1573 786 1608 signiﬁcat
813 1573 1008 1607 jucunditatis

180 1619 306 1649 tantum,
322 1617 421 1652 gaudii
440 1626 472 1644 ac
490 1616 594 1644 laetitiae
611 1625 761 1645 sermones
785 1616 881 1644 habet.
894 1617 1008 1652 Sponso

181 1661 326 1696 siquidem
343 1663 586 1697 praesente,omne
603 1661 694 1689 laetari
720 1661 865 1694 convenit,
882 1670 934 1689 nec
949 1661 1010 1689 cui—

180 1713 267 1740 quem
283 1704 443 1741 lugendum
461 1705 609 1733 estzsicut
624 1708 652 1732 et
671 1706 732 1741 ipse
764 1705 904 1732 Dominus
928 1706 1010 1734 dixit.

182 1748 293 1776 Etenim
305 1749 367 1784 ipse
383 1756 510 1784 presens
526 1748 713 1776 inﬁrmitates
729 1750 845 1776 nostras
876 1749 1011 1784 portavit,

182 1796 209 1821 et
232 1792 386 1820 mmstitias
414 1793 499 1820 vertit
516 1793 543 1819 in
574 1792 727 1828 gaudium.
759 1793 1012 1824 Quemadmodum

184 1837 273 1872 igitur
289 1839 354 1873 post
369 1836 528 1864 Salvatoris
541 1837 800 1872 dispensationem,
819 1837 932 1864 nullum
950 1846 1013 1864 am-

187 1881 264 1916 plius
278 1881 449 1917 prophetam
467 1881 725 1917 exspectamus,ita
741 1880 880 1916 postilla,
897 1889 960 1916 qua:
983 1881 1013 1908 in

188 1926 241 1953 hoc
257 1925 438 1953 canticorum
460 1925 578 1952 Cantico
601 1924 764 1960 signiﬁcata
780 1927 859 1957 sunt,
889 1933 946 1952 non
971 1928 1016 1952 est

186 1969 278 2002 aliud,
295 1970 371 2004 quod
387 1969 532 1996 recentius
547 1968 656 2003 aliquid
674 1969 830 2004 signiticet,
845 1972 1015 2004 exspectan-

185 2014 267 2040 dum.
299 2013 411 2040 Etenim
442 2022 505 2049 quae
535 2013 562 2040 in
588 2014 639 2040 hoc
655 2013 772 2040 Cantico
802 2013 1015 2048 signiﬁcantur,

186 2057 286 2084 eadem
303 2061 331 2084 et
346 2058 374 2084 in
394 2057 543 2092 prophetis
560 2060 588 2084 et
603 2057 669 2084 aliis
686 2058 843 2092 Scripturis
861 2066 911 2093 per
927 2058 1015 2084 inter-

186 2101 261 2128 valla
276 2101 352 2128 dicta
368 2101 756 2136 deprehenduntur.Rursus
767 2102 1016 2137 quemadmodum

188 2147 303 2182 Agnum
320 2146 368 2173 Dei
385 2147 511 2173 Joannes
526 2146 667 2177 ostendit.
681 2148 769 2181 atque
786 2148 820 2174 ad
832 2146 951 2174 Joanem
969 2156 1017 2175 us-

189 2197 245 2225 que
260 2189 304 2217 lex
322 2193 365 2217 est
381 2192 408 2216 et
423 2189 588 2225 prophetae:
607 2189 648 2216 ita
663 2198 725 2224 qme
742 2190 769 2216 in
797 2190 916 2218 Cantico
950 2199 1018 2218 can-

189 2234 313 2262 ticorum
330 2234 625 2269 Iﬁasigniﬁcantur,
643 2233 710 2261 ﬁnis
728 2236 798 2261 sunt
813 2234 945 2262 omnium
972 2244 1017 2263 eo-

1062 283 1156 321 Γραφῇ
1177 284 1257 310 τοῦτο
1281 285 1487 322 προηγούμενον
1512 287 1545 320 ἦν
1575 286 1768 323 ἀπαγγέλλειν.
1795 290 1888 325 Παρα-

1060 325 1257 363 κολουθήματα
1272 326 1300 355 δὲ
1314 331 1353 364 τῷ
1369 329 1433 365 Θείῳ
1449 328 1602 367 διηγήματι
1626 330 1716 367 τούτῳ
1746 333 1887 359 ποιοῦνται

1062 368 1160 408 λόγους
1188 372 1250 409 περὶ
1278 374 1332 399 τῶν
1363 373 1445 405 ἐθνῶν
1468 371 1644 408 Βαϐυλῶνος,
1659 378 1709 409 τῆς
1731 379 1887 412 Δαμασκοῦ,

1061 412 1157 448 Manis,
1174 416 1218 442 mi
1233 418 1286 443 τῶν
1303 416 1406 444 ἄλλων.
1424 418 1473 445 Καὶ
1497 416 1532 445 δι’
1553 418 1667 454 ἑκάστης
1696 421 1803 458 Γραφῆς
1830 423 1889 451 τοῖς

1062 459 1109 495 μὲν
1137 460 1334 498 ἁμαρτάνουσιν
1360 461 1516 498 ἐπιτιμῶσι·
1533 463 1596 493 τοὺς
1625 462 1654 490 δὲ
1681 463 1889 503 προληφθέντας

1060 503 1256 541 προτρέπονται
1284 508 1434 541 μετανοεῖν,
1451 505 1625 538 ἀπειλοῦντες
1651 508 1702 542 τὴν
1734 508 1888 544 μέλλουσαν

1059 550 1108 575 τοῦ
1124 549 1208 586 πυρὸς
1223 549 1321 587 κρίσιν.
1338 550 1371 577 Αἱ
1401 551 1449 586 μὲν
1479 550 1523 578 οὗν
1554 551 1636 579 ἄλλαι
1655 552 1756 590 Γραφαῖ
1787 553 1891 590 προλέ-

1060 602 1165 629 γουσιν,
1182 594 1238 620 οἷον
1267 597 1368 628 Μωσῆς
1394 595 1452 630 μέν·
1471 597 1649 634 «Προφήτην
1680 597 1743 633 ὑμῖν
1771 597 1887 633 ἀναστή-

1061 647 1112 670 σει,
1129 649 1143 662 ››
1159 637 1259 674 λὲγων,
1277 651 1290 663 ‹‹
1306 638 1404 677 Κύριος
1420 640 1433 667 ὁ
1448 639 1512 671 Θεὸς
1527 641 1608 676 ἡμῶν
1636 640 1666 667 ἐκ
1690 643 1744 668 τῶν
1760 641 1887 681 ἀδελφῶν

1060 682 1152 717 ἡμῶν,
1176 681 1214 712 ὡς
1236 681 1294 718 ἐμὲ·
1311 693 1323 709 ιι
1343 682 1453 714 Ἠσαίας
1478 682 1516 711 δὲ·
1538 696 1548 710 ι
1566 683 1636 712 Ἰδοὺ
1660 686 1677 719 ἡ
1703 685 1838 723 Παρθένος
1864 686 1891 714 ἐν

1061 726 1156 763 γαστρὶ
1184 725 1246 763 ἕξει,
1263 727 1307 754 καὶ
1335 727 1436 763 τέξεται
1465 728 1533 756 υἱόν·
1552 740 1566 754 ››
1583 729 1596 756 ὸ
1610 728 1639 756 δὲ
1664 730 1797 767 Μιχαίας·
1813 744 1826 756 ‹‹
1844 731 1888 758 Ἑν

1060 772 1119 801 ταῖς
1146 770 1272 808 ἐσχάταις
1301 773 1417 809 ἡμέραις
1442 772 1557 812 ἐμφανὲς
1586 772 1659 801 ἔσται
1687 774 1718 801 τὸ
1747 772 1811 812 ὅρος
1839 778 1890 802 Ku-

1062 814 1132 852 ρίου.
1151 827 1164 840 ››
1191 815 1235 842 καὶ
1265 814 1351 847 ἄλλος
1381 814 1473 848 ἄλλως
1498 815 1640 855 προλέγει,
1668 818 1737 846 κατᾶ
1761 820 1810 853 τήν
1840 822 1889 847 τοῦ

1062 859 1217 895 Πνεύματος
1233 860 1324 897 χάριν.
1341 860 1452 888 Τούτων
1468 860 1497 888 δὲ
1515 862 1622 889 πάντων
1653 861 1786 900 λεγόντων
1802 873 1888 901 προσ-

1062 901 1173 931 εδοκᾶτο
1190 904 1204 930 ὁ
1220 903 1460 942 ἀπαγγελλόμενος
1476 905 1584 942 Κύριος.
1602 906 1650 933 Διά
1664 909 1744 934 τοῦτο
1760 907 1806 935 καὶ
1820 907 1890 936 πολ-

1064 947 1108 975 λοὶ
1137 947 1324 986 ἀπήγγελλον⁸
1353 949 1397 976 καὶ
1426 948 1481 981 ἕως
1513 950 1607 985 ἦλθεν,
1632 950 1682 978 οὐκ
1709 951 1841 979 ἐπαύοντο
1864 953 1891 980 οἱ

1063 992 1286 1031 προφητεύοντες.
1317 993 1365 1020 Καὶ
1394 993 1450 1021 ἔστι
1478 997 1563 1022 ταῦτα
1590 995 1677 1022 πάντα
1706 995 1822 1032 ᾅσματα.
1853 997 1891 1024 Τὸ

1063 1035 1092 1064 δὲ
1116 1038 1208 1073 ⁷ᾼσμα
1230 1039 1283 1064 τῶν
1312 1037 1439 1074 ᾀσμάτων
1463 1038 1520 1076 οὐχ
1541 1039 1578 1070 ὡς
1604 1040 1775 1078 προφητεῦόν
1806 1040 1891 1079 ἐστιν,

1063 1079 1126 1108 οὐδὲ
1153 1081 1190 1111 ὡς
1217 1084 1417 1118 προσημαῖνον·
1434 1081 1507 1110 άλλὰ
1532 1083 1561 1110 ’ὸν
1587 1083 1670 1111 ἄλλοι
1694 1084 1891 1123 προαπηγγελ-

1063 1124 1123 1160 λον,
1138 1124 1233 1152 τοῦτον
1250 1125 1287 1156 ὡς
1302 1124 1357 1161 ἤδη
1387 1126 1500 1158 ἐλθόντα
1529 1126 1657 1162 δείκνυσι,
1673 1128 1717 1155 καὶ
1742 1127 1797 1163 ἤδη
1826 1129 1891 1156 ἂνα-

1063 1167 1181 1197 λαϐόντα
1195 1170 1245 1204 τήν
1263 1169 1356 1207 σάρκα·
1379 1169 1421 1198 διὸ
1440 1171 1484 1198 καὶ
1505 1171 1543 1202 ὡς
1566 1171 1610 1199 ἐπὶ
1634 1172 1746 1209 συζυγίᾳ
1768 1175 1817 1200 τοῦ
1834 1173 1891 1201 Λό-

1061 1224 1110 1251 γου
1127 1213 1171 1241 καὶ
1187 1217 1236 1248 τῆς
1265 1215 1361 1252 σαρκὸς
1390 1215 1571 1252 ἐπιθαλάμιον
1595 1215 1652 1252 ᾅδει
1667 1217 1698 1244 τὸ
1714 1219 1804 1254 ’ᾼσμα
1833 1220 1889 1245 τῶν

1063 1257 1200 1294 ᾀσμάτων.
1217 1257 1266 1285 Καὶ
1283 1258 1309 1285 αἱ
1327 1258 1374 1294 μὶν
1390 1258 1473 1287 ἄλλαι
1490 1260 1591 1299 Γραφαί
1607 1260 1718 1298 λέγουσι
1748 1261 1810 1298 περὶ
1839 1264 1889 1289 τοῦ

1063 1305 1204 1339 Σωτῆρος,
1223 1302 1319 1339 μεταξὺ
1336 1301 1364 1330 δὲ
1378 1303 1422 1330 καὶ
1438 1304 1500 1341 περὶ
1517 1303 1609 1332 ἄλλων
1637 1307 1718 1332 τινῶν
1746 1304 1889 1343 ἀπαγγέλ-

1063 1345 1151 1373 λουσι·
1168 1348 1198 1374 τὸ
1214 1345 1242 1374 δὲ
1260 1344 1366 1384 βιϐλίον
1378 1349 1458 1375 τοῦτο
1475 1348 1560 1384 μόνηι
1577 1349 1626 1382 τήν
1641 1351 1690 1375 τοῦ
1707 1349 1794 1386 Λόγου
1822 1350 1891 1386 πρὸς

1061 1391 1092 1418 τὸ
1107 1393 1186 1427 σῶμα
1202 1391 1326 1429 συζυγίαν
1341 1390 1408 1426 ᾅδει.
1426 1392 1472 1419 Διὸ
1498 1392 1542 1420 καὶ
1572 1392 1598 1419 ἐν
1625 1393 1672 1428 μὲν
1700 1396 1761 1424 ταῖς
1789 1391 1892 1424 ἄλλαις

1063 1438 1181 1474 Γραφαῖς
1208 1434 1252 1462 διὰ
1278 1436 1311 1463 τά
1342 1436 1438 1472 μεταξὺ
1464 1435 1621 1473 δηλούμενα
1650 1437 1702 1465 εἰσὶ
1730 1437 1774 1465 καὶ
1803 1439 1893 1473 θυμοῦ

1062 1482 1106 1507 καὶ
1124 1479 1208 1517 ὀργῆς
1237 1479 1325 1517 λόγοι,
1341 1480 1384 1507 καὶ
1416 1478 1507 1519 φόϐων
1537 1480 1656 1509 ἀπειλαί·
1687 1483 1704 1516 ἡ
1733 1480 1762 1509 δὲ
1793 1479 1892 1519 βίϐλος

1063 1524 1142 1559 αὕτη,
1159 1523 1251 1559 ἐπειδὴ
1283 1523 1358 1552 οὐδὲν
1386 1523 1476 1562 ἓτερον
1502 1525 1519 1559 ἢ
1544 1525 1594 1560 τήν
1622 1525 1770 1562 παρουσίαν
1801 1525 1889 1562 μόνην

1062 1571 1110 1595 τοῦ
1140 1569 1228 1606 Λόγου
1257 1569 1393 1605 σημαίνει,
1411 1568 1546 1605 θυμηδίας
1573 1569 1617 1597 καὶ
1649 1573 1747 1608 χαρᾶς,
1772 1570 1817 1598 καὶ
1847 1569 1892 1598 εὖ·

1064 1612 1199 1652 φροσύνης
1218 1613 1303 1649 μόνης
1319 1612 1376 1651 ἔχει
1394 1613 1506 1651 λόγους.
1524 1614 1649 1653 Νυμφίου
1679 1614 1729 1652 γὰρ
1745 1614 1892 1652 παρόντος,

1064 1657 1164 1687 πάντας
1192 1658 1296 1695 χαίρειν
1327 1659 1470 1695 προσήκει,
1499 1658 1543 1685 καὶ
1572 1657 1676 1694 μηδένα
1705 1659 1821 1694 πενθεῖν,
1852 1658 1890 1689 ὡς

1066 1702 1146 1733 αὐτὸς
1163 1702 1175 1728 ὁ
1194 1702 1289 1739 Κύριος
1307 1702 1423 1739 εἶ’ρηκεν.
1440 1702 1526 1733 Αὐτὸς
1547 1703 1597 1740 γὰρ
1623 1703 1716 1736 παρὼν
1745 1702 1793 1733 τὰς
1816 1702 1894 1730 ἀσθε-

1066 1745 1136 1775 νείας
1165 1746 1245 1780 ἡμῶν
1277 1743 1414 1777 ἐϐάστασε,
1438 1746 1481 1773 καὶ
1510 1745 1558 1777 τὰς
1588 1742 1675 1777 λύπας
1702 1745 1826 1783 ἔστρεψεν
1855 1747 1894 1777 εἷς

1068 1789 1165 1826 χαράν.
1183 1791 1283 1826 Ὥσπερ
1300 1790 1344 1816 οὖν
1364 1790 1430 1825 με.τᾶ
1445 1790 1493 1824 τήν
1511 1790 1668 1825 οἰκονομίαν
1689 1791 1738 1824 τήν
1762 1793 1811 1817 τοῦ
1838 1793 1898 1818 Σω-

1067 1837 1151 1870 τῆρος
1168 1834 1217 1860 οὐκ
1245 1833 1283 1860 ἔτι
1312 1835 1454 1872 προφήτην
1485 1833 1692 1871 προσδοκῶμεν,
1710 1834 1796 1866 οὕτως
1829 1835 1897 1871 μετά

1067 1877 1101 1904 τὰ
1130 1876 1156 1904 ἐν
1185 1876 1224 1912 τῷ
1243 1877 1361 1913 ’ᾼσματι
1388 1879 1441 1904 τῶν
1471 1877 1598 1914 ᾀσμάτων
1629 1878 1819 1915 σημαινόμινα
1846 1878 1899 1905 οὐκ

1069 1921 1139 1949 ἔστιν
1167 1921 1238 1949 ἄλλο
1259 1932 1286 1949 τι
1313 1922 1468 1959 καινότερον
1499 1922 1650 1960 προσδοκᾷν
1680 1923 1896 1960 σημαινόμενον.

1070 1967 1118 1993 Καὶ
1147 1966 1199 2004 γὰρ
1222 1966 1255 1993 τὰ
1279 1965 1303 1993 ἐν
1327 1969 1367 2002 τῷ
1382 1970 1501 2003 ’ᾋσματι
1531 1968 1729 2004 σημαινόμενα,
1743 1970 1828 1995 ταῦτα
1851 1968 1898 1994 καὶ

1070 2011 1096 2038 ἐν
1112 2014 1171 2041 τοῖς
1186 2012 1339 2049 προφήταις
1353 2011 1399 2038 καὶ
1414 2011 1439 2038 ἰν
1455 2014 1514 2043 ταῖς
1531 2011 1629 2043 ἄλλαις
1645 2015 1764 2051 Γραφαῖς
1789 2012 1819 2039 ἐκ
1837 2011 1899 2039 δια-

1071 2056 1216 2091 στημάτων
1233 2055 1371 2092 λεγόμενα
1386 2055 1545 2093 εὑρίσκεται.
1558 2055 1644 2083 Πάλιν
1671 2067 1699 2084 τε
1725 2056 1814 2093 ὥσπερ
1844 2054 1900 2083 δει-

1071 2099 1181 2130 κνύντος
1195 2101 1243 2126 τοῦ
1259 2099 1382 2126 Ἰωάννου
1397 2100 1442 2127 τὸν
1460 2098 1631 2136 Ἀμνὸν,ἓως
1643 2100 1768 2129 Ἰωάννου
1783 2101 1798 2127 ὁ
1813 2100 1900 2136 νόμος

1071 2144 1115 2172 καὶ
1132 2145 1157 2171 οἱ
1172 2147 1309 2183 προφῆται
1335 2144 1409 2171 εἰσίν·
1427 2144 1513 2175 οὕτως
1535 2145 1568 2171 τὰ
1591 2144 1616 2172 ἐν
1641 2147 1680 2180 τῷ
1694 2145 1813 2181 ’ᾍσματι
1843 2147 1899 2172 τῶν

1073 2189 1199 2225 ᾀσμάτων
1216 2188 1403 2225 σημαινόμενα
1416 2187 1494 2219 τέλος
1509 2188 1564 2216 ἐστὶ
1584 2188 1692 2216 πάντων
1719 2188 1745 2216 ἐν
1769 2188 1841 2225 πάσῃ
1865 2190 1901 2226 τῇ

1074 2233 1131 2269 θείᾳ
1146 2235 1237 2272 Γραφῇ
1254 2233 1472 2269 σημαινομένων.
1489 2233 1521 2261 Τί
1535 2233 1586 2271 γὰρ
1602 2232 1673 2261 ἄλλο
1692 2233 1758 2269 μετά
1774 2234 1823 2266 τὴν
1851 2235 1902 2260 τοῦ

190 2286 332 2313 rum,quaa
349 2277 378 2305 in
394 2278 530 2305 universa
545 2277 696 2312 Scriptura
712 2277 925 2313 signiﬁcantur.
942 2279 1010 2310 Quid

1071 2278 1187 2315 Χριστοῦ
1212 2277 1358 2313 παρουσίαν
1390 2275 1542 2314 προσδοχᾳν
1574 2275 1646 2312 δεῖῆ
1663 2277 1749 2314 κρίσιν
1776 2278 1822 2304 καὶ
1853 2278 1901 2304 ἁν-

189 2322 267 2349 υυὶω
286 2321 365 2349 aliud
382 2323 448 2356 post
462 2320 570 2348 Christi
599 2320 758 2348 adventum
787 2322 1017 2356 exspectandum

189 2369 243 2402 rat,
260 2375 348 2402 quam
362 2366 509 2401 judicium
526 2369 554 2393 et
567 2365 746 2393 retributio?
763 2368 918 2402 Propterea
934 2367 1019 2395 Cata-

191 2413 315 2447 p‘iryges
338 2410 496 2446 prophetas
526 2412 592 2446 post
620 2410 775 2437 Dominum
801 2410 1020 2439 introducentes

191 2457 341 2488 falluntur,
358 2458 445 2491 atque
460 2455 524 2483 ideo
537 2458 676 2489 tanquam
693 2455 818 2483 haeretici
835 2457 1019 2487 condemnati

191 2504 269 2528 sunt.
280 2500 432 2527 Canticum
446 2500 536 2536 igitur
555 2502 600 2527 est
612 2499 791 2527 canticorum
811 2509 816 2527 :
848 2500 919 2535 quia
949 2499 1021 2527 nihil

192 2545 267 2572 aliud
286 2547 351 2580 post
366 2553 410 2578 ea,
422 2553 486 2580 qua:
500 2544 546 2571 hic
561 2544 950 2580 canuntur,exspectandum
967 2547 1021 2572 est.

192 2590 224 2616 Et
239 2589 316 2616 sicut
331 2597 358 2615 ιη
375 2587 558 2622 lege.Sancta
573 2590 698 2620 erant,et
715 2590 780 2623 post
804 2588 919 2621 Sancta,
948 2589 1021 2616 San-

192 2637 238 2661 cta
252 2636 434 2664 sanctorum,
451 2635 517 2668 post
540 2632 643 2659 Sancta
666 2641 733 2659 vero
763 2636 941 2664 sanctorum.
959 2633 1022 2660 nul-

194 2679 239 2705 lus
255 2676 465 2705 aliusinterior
481 2676 561 2703 locus
586 2676 767 2710 habebatur;
795 2677 835 2704 ita
863 2679 929 2712 post
952 2679 1023 2704 Can-

192 2724 260 2755 tica.
291 2722 442 2750 Canticum
471 2724 516 2749 est
545 2722 740 2754 canticorum,
771 2725 836 2757 post
872 2722 1023 2750 Canticum

229 2821 252 2839 ³⁰
267 2820 350 2849 Deut.
368 2827 447 2854 xvm,
463 2819 506 2846 15.
522 2819 545 2836 ³¹
562 2819 617 2847 lea.
633 2826 683 2853 vn,
712 2819 755 2846 14.
781 2819 804 2836 ⁸³
821 2819 906 2847 Mich.
932 2828 968 2856 ιν,
985 2820 1011 2848 1.

1073 2320 1236 2354 ταπόδοσιν;
1253 2321 1302 2348 Καὶ
1331 2320 1375 2348 διὰ
1401 2323 1481 2348 τοῦτο
1503 2322 1530 2349 οἳ
1554 2321 1622 2349 κατὰ
1651 2322 1761 2359 Φρύγας
1789 2332 1904 2359 παρεισ-

1076 2366 1184 2402 άγοντες
1200 2366 1342 2404 προφήτας
1374 2365 1441 2402 μετὰ
1463 2366 1508 2393 τὸν
1535 2365 1644 2403 Κύριον,
1661 2364 1840 2404 σφάλλονται,
1857 2365 1903 2393 καὶ

1079 2410 1115 2439 ὡς
1138 2409 1268 2445 αἱρετικοὶ
1289 2409 1494 2447 κατεκρίθησαν.
1511 2412 1604 2445 ’ᾼσμα
1628 2409 1673 2436 οὖν
1702 2409 1842 2445 ᾀσμάτων,
1860 2409 1906 2437 διὰ

1078 2454 1109 2481 τὸ
1136 2454 1202 2490 μετὰ
1223 2454 1256 2481 τὰ
1278 2453 1307 2481 ἐκ
1330 2453 1427 2481 τούτου
1452 2452 1535 2490 μηδὲν
1551 2452 1642 2490 ἓτερον
1667 2453 1831 2491 προσδοκᾷν.
1854 2454 1905 2481 Καὶ

1078 2498 1167 2536 ὥσπερ
1190 2498 1258 2525 κατὰ
1280 2498 1325 2525 τὸν
1350 2498 1433 2534 νόμον
1449 2499 1532 2535 ’Ἅγια
1555 2498 1600 2532 ἦν,
1615 2498 1660 2525 καὶ
1687 2499 1754 2534 μετᾶ
1776 2498 1809 2525 τὰ
1823 2500 1908 2535 ’Ἅγια

1077 2543 1160 2580 Ἀγια
1175 2542 1269 2580 ἁγίων,
1287 2543 1354 2578 μετὰ
1370 2541 1398 2569 δὲ
1412 2542 1444 2569 τὰ
1460 2545 1541 2580 ’Άγια
1555 2544 1609 2570 τῶν
1627 2542 1710 2580 ἁγίων
1732 2542 1781 2569 οὐκ
1805 2541 1844 2569 ἔτι
1871 2543 1906 2576 ἧν

1078 2587 1208 2624 ἐσώτερος
1222 2586 1316 2617 τόπος·
1333 2586 1420 2617 οὕτως
1435 2587 1502 2623 μετᾶ
1517 2587 1550 2613 τὰ
1564 2586 1671 2623 ᾄσματα
1691 2587 1723 2613 τὸ
1738 2589 1828 2622 ⁷ᾼσμα
1851 2588 1907 2613 τῶν

1078 2631 1217 2667 ᾀσμάτων,
1235 2631 1301 2667 μετᾶ
1325 2629 1353 2658 δὲ
1383 2631 1414 2658 τὸ
1429 2632 1522 2667 ’ᾼσμα
1550 2633 1602 2658 τῶν
1631 2630 1759 2666 ᾀσμάτων
1789 2630 1840 2658 οὐκ
1868 2629 1908 2658 ἔτι

1078 2675 1230 2714 προσδοκᾷν
1259 2674 1328 2703 ἔστιν
1356 2674 1486 2712 ἐσωτέραν
1517 2675 1561 2702 καὶ
1598 2674 1755 2712 καινοτέραν
1791 2674 1908 2712 ἐπάγγε-

1080 2721 1150 2749 λίαν.
1165 2720 1254 2755 ’Ἀπαξ
1269 2720 1321 2758 γὰρ
1337 2720 1351 2747 ὁ
1367 2719 1457 2757 Λόγος
1472 2719 1577 2757 ἐγένετο
1593 2719 1667 2756 σὰρξ,
1683 2718 1728 2746 καὶ
1750 2718 1910 2746 τετελείωκε

1078 2766 1110 2793 τὸ
1125 2763 1216 2802 ἔργον.
1234 2765 1312 2792 ’Ἐστι
1336 2762 1365 2791 δὲ
1389 2762 1456 2791 ὅλον
1478 2764 1510 2791 τὸ
1537 2760 1644 2801 βιϐλίον
1667 2765 1749 2790 τοῦτο
1772 2761 1909 2801 διαλόγων
