2043 3111
143 175 196 205 353

676 173 867 205 SYNOPSIS
890 174 1124 205 SCRIPTURE
1146 174 1217 204 SAC
1223 175 1296 204 ΗΔΕ.

1779 176 1836 207 354

143 239 237 277 πλῆρες
253 242 301 266 τοῦ
317 239 445 266 παλαιοῦ·
462 238 529 276 πρὸς
544 239 589 266 τὸν
604 238 698 276 Δόγον,
714 239 758 266 καὶ
774 239 894 270 καθόλου
908 241 956 266 τοῦ

1027 247 1080 267 'ero
1107 240 1299 274 canticorum,
1318 249 1374 268 non
1403 243 1449 268 est
1478 239 1601 267 interior
1629 239 1727 275 aliqua
1751 243 1780 268 et
1798 250 1843 270 re-

144 284 306 321 ἆνθρωπίνου
322 284 417 320 γὲνοος
431 283 500 320 πρὸς
514 282 560 310 τὸν
577 282 674 320 Λόγον,
691 283 735 310 καὶ
758 286 808 317 τῆς
833 282 859 318 ἐξ
879 283 960 310 ἐθνῶν

145 327 298 362 Ἐκκλτρίας
325 327 392 364 πρὸς
418 326 511 361 αὐτὸν,
536 327 580 354 καὶ
603 329 652 354 τοῦ
674 327 764 364 Λόγου
788 327 870 354 πάλιν
894 327 961 364 πρὸς

145 372 217 407 αὐτὴν
233 372 278 399 καὶ
294 372 362 409 πρὸς
377 371 409 398 τὸ
434 372 600 407 ἀνθρώπινον
626 372 714 408 γένος·
732 371 788 398 εἶτα
809 374 862 398 τῶν
879 371 961 403 ἐθνῶν

145 417 203 453 πρὸς
231 419 280 451 τήν
312 415 512 454 Ἰερουσαλὴμ,
541 417 585 443 καὶ
611 420 661 451 τῆς
692 416 873 454 Ἰερουσαλὴμ
901 416 963 454 περὶ

145 465 188 496 τῆς
202 461 227 496 ἐξ
243 461 326 488 ἐθνῶν
341 461 386 488 καὶ
408 461 470 499 περὶ
496 461 579 495 αότῆς
603 459 741 499 διάλογος·
759 461 816 488 εἶτα
840 461 884 488 καὶ
909 463 961 488 τῶν

148 505 334 533 διακονούντων
354 505 479 543 ἀγγέλων
504 505 571 541 πρὸς
594 504 657 536 τοὺς
682 504 832 540 κληθέντας
857 505 962 542 ἀνθρώ-

147 561 206 580 πους
221 550 252 576 τὸ
267 550 406 587 κήρυγμα.
422 551 475 576 Τοῦ
492 549 538 585 μὲν
564 548 609 576 οὖν
634 549 752 577 παλαιοῦ
776 549 844 577 λαοῦ
859 549 963 585 ἀξιοῦν-

143 605 184 625 τος
198 594 276 621 αὐτὸν
291 593 432 621 κατελθεῖν
456 594 501 621 καὶ
526 597 690 632 συνοφθῆναι
706 596 740 630 τῇ
767 594 845 632 σαρκὶ
869 596 962 621 ταῦτα·

146 638 310 673 ιφιλησάτω
330 648 364 674 με
379 638 434 665 ἀπὸ
459 637 622 677 φιλημάτων
647 636 781 674 στόματος
804 638 895 665 αὐτοῦ·
922 638 963 665 ὅτι

144 682 233 719 ἀγαθοὶ
250 682 347 718 μαστοί
373 693 421 709 σου
445 682 510 720 ὑπὲρ
534 682 618 710 οἶνον.
637 694 650 708 υ
667 682 717 710 Καὶ
741 682 822 710 πάλιν
844 682 888 710 διὰ
901 682 965 710 τού-

144 738 192 754 των
216 727 414 764 προτρέπεται·
431 739 444 752 ‹‹
461 730 513 753 Νέα
536 726 604 764 πρὸς
629 726 734 754 παλαιὰ
763 727 882 763 ἐτήρησα
911 737 965 760 σοι,

145 769 266 809 ἀδελφιδὲ
282 782 346 807 μου.
363 783 378 796 »
395 771 444 798 Καὶ
458 773 536 807 κοινῇ
553 770 582 798 δὲ
596 770 704 798 πάντων
720 771 788 805 πρὸς
804 771 850 798 τὸν
867 771 965 809 Λόγον,

142 813 181 841 ’ἶνα
193 815 224 841 τὸ
239 815 319 850 ἡμων
336 811 459 851 ἀναλάϐῃ
485 816 564 850 σῶμα
592 826 605 840 ι‹
622 814 670 845 Τίς
693 813 750 850 δῴη
776 825 814 850 σε,
837 813 966 853 ἀδελφιδὲ

146 869 205 894 μου,
233 858 386 893 θηλάζοντα
416 857 533 894 μαστοὺς
565 858 668 895 μητρός
699 869 774 895 μου;
796 859 909 897 εὑροῦσα
939 870 967 887 σε

145 902 200 938 ἔξω,
215 902 325 941 φιλήσω
341 913 379 936 σε,
396 903 441 929 καὶ
466 902 515 930 οὔκ
540 901 744 938 ἐξουδενήσουσ(
768 914 813 940 με.
838 904 966 941 ιιαραλή-

143 947 226 983 ψομαί
241 957 280 981 σε,
296 947 392 982 εἶπά-ξω
407 957 436 974 σε
451 947 489 977 εἷς
506 947 578 974 οἷκον
604 947 708 985 μητρός
728 959 790 984 μου,
805 948 850 976 καὶ
875 949 912 980 εἲς
936 949 968 976 τὸ

142 994 249 1028 ταμεῖον
264 995 315 1026 τῆς
341 989 533 1026 συλλαϐούσης
560 1002 603 1028 με.
622 1004 636 1017 n
651 992 687 1019 οὗ
710 993 761 1030 γὰρ
782 992 888 1028 ἔξωθεν,
906 992 970 1020 ἀλλ’

144 1036 184 1074 ἀφ’
207 1037 241 1070 ἧς
257 1036 439 1074 ἐγεννήθημεν
457 1038 571 1074 μήτρας,
598 1034 744 1064 ἀναλαϐεῖν
769 1037 849 1065 αὐτὸν
876 1038 968 1073 ἠξίουν

144 1081 172 1108 τὸ
187 1083 277 1116 σῶμα,
293 1080 315 1107 εἰ
335 1082 379 1107 καὶ
399 1081 437 1116 μή
454 1081 491 1111 ὡς
507 1082 587 1116 ἡμεῖς
603 1081 628 1116 ἐξ
644 1080 741 1119 ἀνδρὸς
765 1083 809 1109 καὶ
833 1083 968 1119 γυναικός,

144 1126 189 1153 Ἐκ
202 1125 253 1162 γὰρ
279 1124 366 1160 μόνης
396 1125 541 1162 Παρθένου,
558 1125 595 1156 ὡς
619 1125 754 1162 πλάστης,
779 1127 865 1162 ἑαυτῷ
890 1124 971 1154 ἔλαϐε

143 1170 173 1196 τὸ
189 1171 280 1205 σῶμα,
299 1168 374 1203 πλὴν
399 1169 440 1196 ὅτι
461 1169 487 1205 ἐξ
513 1169 668 1207 ἀνθρώπου·
700 1171 846 1206 ἅνθρωπος
871 1171 922 1209 γὰρ
952 1172 970 1205 ἡ

143 1213 275 1244 eeo-tom:
292 1213 399 1249 Μαρία.
424 1214 472 1241 Καὶ
486 1216 535 1241 τοῦ
553 1214 642 1251 Λόγου
669 1213 697 1241 δὲ
722 1215 791 1252 πρὸς
814 1215 877 1246 τοὺς
890 1216 971 1251 ἀξιώ-

143 1268 248 1290 σαντας,
266 1255 505 1294 ἀναλαμϐάνοντος
529 1257 583 1293 ἤδη
609 1259 658 1293 τήν
684 1258 768 1296 σάρκα
789 1259 818 1287 ἐκ
832 1263 881 1294 τῆς
898 1263 971 1294 Παρ-

142 1303 228 1336 θένου,
244 1304 339 1329 ταῦτα·
357 1315 369 1326 ιι
388 1302 521 1336 Εἷσῆλθον
537 1302 574 1333 εἰς
598 1303 686 1337 κῆπόν
706 1314 768 1339 μου,
786 1302 891 1342 ἀδελφή
919 1315 972 1340 μου

140 1347 245 1385 νύμφη,
263 1346 398 1384 ἐτρύγησα
415 1347 533 1384 σμύρναν
562 1358 613 1383 μου
640 1348 707 1383 μετᾶ
730 1347 882 1385 ἀρωμάτων
909 1359 971 1384 μου,

141 1390 241 1429 ἔφαγον
258 1390 339 1427 ἔρυον
358 1401 410 1426 μου
435 1391 502 1426 μετά
518 1390 628 1427 μέλιτός
657 1402 721 1428 μου⁹
737 1391 812 1419 ἔπιον
830 1392 901 1419 οἶνόν
920 1403 973 1429 μου

144 1436 209 1471 μετᾶ
223 1434 362 1472 γάλακτός
378 1445 443 1471 μου.
462 1447 475 1460 »ι
492 1435 538 1466 Εἷς
554 1436 605 1472 γὰρ
620 1435 667 1462 τὸν
683 1434 752 1463 ἴδιον
774 1439 862 1471 κῆπον
886 1436 974 1464 εἰσελ-

142 1480 206 1513 θὼν,
228 1479 281 1512 τήν
304 1478 401 1512 κτίσιν,
428 1476 523 1506 ἔλαϐεν
549 1480 635 1515 δαυτῷ
657 1479 687 1507 ἐκ
711 1484 761 1515 τῆς
787 1480 924 1517 Παρθένου
943 1481 974 1508 τὸ

143 1526 232 1559 σῶμα,
247 1524 294 1549 καὶ
310 1523 421 1560 γέγονεν
439 1522 593 1560 ἇνθρωπας.
617 1525 720 1559 Θνητὸν
748 1525 795 1560 μὶν
820 1526 852 1560 ἦν
875 1526 906 1552 τὸ
922 1528 975 1552 σῶ-

145 1578 191 1604 μα,
208 1566 283 1595 ἀλλὰ
300 1568 367 1603 μετὰ
381 1566 493 1598 εὐωδίας
510 1570 557 1595 τοῦ
582 1569 714 1607 παναγίου
731 1569 821 1606 Λόγου
843 1574 973 1604 συνῆπτο-

1019 283 1129 311 centior
1148 284 1343 320 exspectanda
1369 283 1534 318 promissio.
1560 283 1655 311 Semel
1681 284 1758 311 enim
1774 284 1842 312 Ver-

1019 328 1088 355 bum
1106 336 1172 355 caro
1188 329 1298 355 factum
1314 330 1369 360 est,
1393 335 1526 363 opusque
1551 329 1775 356 consummavit.
1793 329 1843 356 Est

1019 376 1116 400 autem
1133 375 1212 400 totus
1233 372 1280 399 hic
1310 372 1384 399 liber
1408 372 1512 408 plenus
1542 372 1725 408 dialogorum
1740 373 1845 401 veteris

1018 416 1117 452 populi
1134 417 1169 444 ad
1186 416 1357 448 Verbum,et
1372 416 1544 444 summatim
1552 416 1673 444 humani
1685 417 1844 453 generisad

1019 460 1158 493 Verbum,
1175 463 1203 487 et
1218 461 1351 488 Ecclesiae
1368 469 1401 487 ex
1416 461 1554 496 gentibus
1574 464 1678 489 coactas
1702 462 1738 489 ad
1754 461 1845 494 idem,

1019 508 1047 532 et
1058 514 1162 532 rursus
1177 505 1264 533 Verbi
1273 506 1308 533 ad
1320 506 1496 537 eamdem,et
1508 506 1544 533 ad
1557 513 1650 542 genus
1666 506 1843 535 humanum.

1020 550 1127 577 Deinde
1143 550 1276 585 gentium
1306 550 1342 577 ad
1367 549 1542 586 Jerusalem,
1571 553 1601 578 et
1618 551 1792 586 Jerusalem,
1809 551 1845 579 de

1020 594 1147 621 Ecclesia
1161 603 1195 621 ex
1209 594 1345 630 gentibus
1360 597 1461 622 coacta
1475 598 1504 622 et
1517 595 1553 623 de
1577 595 1684 630 seipsa,
1700 595 1844 632 dialogus.

1019 641 1123 666 Postea
1139 642 1167 665 et
1184 638 1416 666 ministrantium
1428 639 1599 675 angelorum
1607 639 1642 666 ad
1655 639 1788 668 homines
1799 648 1846 668 vo-

1019 685 1101 710 catos
1131 683 1306 718 praedicatio.
1331 683 1443 711 Veteris
1466 684 1567 719 itaque
1583 684 1683 719 populi
1697 685 1846 720 precantis

1020 727 1117 762 ipsum
1131 727 1278 762 (Verbum)
1296 730 1328 755 ut
1338 727 1537 761 descenderet,
1550 731 1578 755 et
1593 728 1673 755 carni
1689 730 1847 765 conjunge—

1021 774 1111 805 retur,
1139 771 1199 798 haec
1215 773 1304 799 sunt:
1319 783 1333 796 «
1355 771 1510 800 Osculetur
1526 780 1573 800 me
1588 772 1698 800 osculis
1714 773 1773 801 oris
1783 774 1846 806 sui;

1021 815 1160 851 quoniam
1176 816 1297 844 meliora
1313 819 1384 844 sunt
1401 817 1490 844 ubera
1513 819 1564 843 tua
1579 817 1647 845 vino
1661 817 1693 844 ³⁸.
1716 828 1730 841 n
1745 818 1780 845 Et
1795 818 1847 845 itc-

1021 868 1086 888 rum
1099 860 1234 888 hortatur
1259 860 1305 888 his
1321 860 1416 888 verbis
1429 869 1435 888 :
1452 872 1466 886 α
1481 861 1560 888 Νονο.
1574 863 1603 889 et
1626 864 1722 890 vetera
1737 864 1847 890 servavi

1022 904 1088 938 tibi,
1117 904 1221 932 dilecte
1234 905 1269 932 mi
1286 905 1318 932 δ”.
1340 916 1353 930 n
1385 905 1415 932 In
1442 913 1599 933 commune
1624 914 1692 933 vero
1716 906 1847 934 omnium

1022 957 1076 977 vox
1091 952 1135 977 est
1149 950 1184 977 ad
1201 949 1338 984 Verbum,
1366 953 1397 977 ut
1413 958 1529 977 carnem
1547 953 1677 978 nostram
1689 954 1824 979 assumat
1840 960 1846 978 :

1024 1004 1038 1017 «
1052 994 1122 1026 Quis
1139 996 1185 1020 det
1201 996 1239 1026 te,
1255 994 1428 1021 consobrine
1448 994 1497 1027 mi,
1515 997 1667 1029 sugentem
1686 995 1775 1022 ubera
1785 1004 1848 1023 ma-

1022 1037 1077 1064 tris
1093 1037 1184 1065 meae?
1201 1038 1346 1065 inveniam
1363 1040 1388 1065 te
1406 1038 1645 1070 roris,r>sculabor
1660 1041 1698 1069 te.
1712 1047 1764 1066 nec
1779 1047 1847 1067 con-

1024 1083 1157 1109 temnent
1170 1089 1225 1109 me.
1245 1082 1470 1117 Apprehendam
1483 1082 1631 1116 te,ducam
1640 1086 1666 1110 te
1682 1083 1711 1110 in
1728 1084 1847 1111 domum

1027 1125 1128 1152 matris
1140 1133 1220 1158 mea},
1237 1128 1266 1153 et
1290 1125 1319 1153 in
1340 1125 1508 1153 cubiculum
1526 1127 1590 1162 ejus
1606 1127 1655 1162 qui
1686 1135 1732 1155 me
1747 1136 1848 1155 conce-

1027 1169 1068 1205 pit
1084 1170 1135 1196 ³⁸.»
1151 1170 1261 1198 Precati
1277 1171 1483 1204 suntenim,ut
1493 1179 1609 1199 carnem
1622 1175 1848 1200 assumeretnon

1025 1213 1207 1247 aliunde,sed
1220 1222 1254 1241 ex
1268 1222 1303 1242 ea
1319 1214 1384 1250 ipsa
1400 1215 1567 1248 matrice,ex
1582 1224 1639 1251 qua
1657 1217 1718 1244 nati
1733 1225 1850 1249 sumus,

1028 1257 1094 1285 licet
1109 1266 1167 1285 non
1178 1258 1292 1292 eodem,
1302 1267 1376 1294 quos
1392 1267 1456 1292 nos,
1470 1260 1566 1293 modo,
1584 1268 1688 1296 nempe
1698 1269 1731 1288 ex
1746 1260 1807 1288 viro
1824 1264 1852 1288 et

1029 1301 1159 1329 muliere.
1176 1302 1288 1338 Corpus
1304 1302 1380 1330 enim
1398 1303 1466 1335 sibi,
1483 1306 1582 1339 utpote
1597 1303 1724 1337 Greater,
1741 1312 1775 1332 ex
1789 1305 1853 1332 sola

1028 1346 1146 1382 Virgine
1170 1347 1350 1382 assumpsit:
1377 1349 1505 1374 attamen
1530 1356 1564 1375 ex
1594 1348 1732 1376 homine:
1763 1349 1850 1376 homo

1028 1390 1106 1417 enim
1123 1391 1177 1418 fuit
1200 1390 1329 1427 genitrix
1352 1390 1402 1418 Dei
1418 1391 1520 1419 Maria.
1536 1391 1619 1419 Verbi
1643 1400 1721 1426 vero,
1738 1400 1773 1420 ex
1787 1393 1851 1420 Vir-

1027 1434 1095 1471 gine
1107 1435 1169 1470 jam
1183 1443 1300 1463 carnem
1312 1436 1540 1469 assumentis,ad
1557 1439 1709 1471 precantes
1724 1445 1765 1470 se,
1783 1440 1852 1465 sunt

1029 1479 1100 1507 ista:
1120 1490 1132 1504 «
1148 1479 1301 1515 Ingressus
1313 1488 1379 1507 sum
1391 1479 1420 1507 in
1437 1480 1555 1508 hortum
1573 1488 1681 1515 meum,
1693 1490 1775 1510 soror
1786 1491 1852 1510 mea

1030 1532 1148 1560 sponsa,
1166 1524 1340 1552 vindemiavi
1357 1524 1506 1561 myrrham
1521 1533 1614 1553 meam
1630 1534 1698 1553 cum
1714 1527 1851 1554 aromati-

1034 1569 1088 1597 bus
1102 1569 1303 1601 meis,comedi
1318 1577 1423 1605 panem
1431 1577 1602 1597 meumcum
1618 1569 1703 1607 melle
1715 1571 1853 1606 meo,bibi

142 1613 191 1639 Καὶ
209 1611 233 1639 εἴ
247 1611 333 1648 γάλα,
364 1612 400 1643 ὡς
431 1612 583 1650 ἅνθρωπος,
613 1605 686 1652 ἠφίει
716 1613 747 1641 τὸ
771 1605 851 1651 σῶμα
871 1617 971 1653 φαγεῖνῖ

1034 1613 1134 1640 vinum
1146 1621 1244 1640 meum
1260 1621 1325 1640 cum
1344 1613 1418 1640 lacte
1426 1621 1489 1641 meo
1504 1614 1600 1641 “.nln
1617 1605 1853 1650 propriumenim

144 1656 217 1684 ἀλλὰ
235 1654 378 1692 μετεδίδου
394 1655 466 1692 αύτῷ
491 1656 536 1684 καὶ
563 1655 638 1684 οἷ’νου
653 1661 703 1692 τῆς
727 1658 823 1685 ἑαυτοῦ
838 1658 977 1694 τελειότη¹

143 1711 200 1731 τος.
217 1700 267 1727 Καὶ
292 1701 345 1738 γὰρ
370 1698 460 1738 ὥσπερ
484 1700 563 1735 ἤσθιε
586 1701 666 1739 γάλα.
693 1702 779 1733 οὕτως
805 1702 831 1730 ἓν
856 1703 929 1739 αὖτῷ
944 1705 977 1731 τὰ

142 1749 191 1779 τῆς
207 1744 339 1780 θεότητος
355 1744 439 1772 ἐποίει
464 1745 540 1783 ἔργα.
562 1746 626 1774 Εἶτα
643 1747 656 1774 ὁ
673 1747 760 1784 Λόγος
788 1747 883 1775 λοιπὸν
900 1747 974 1775 ἐνδυ-

142 1789 259 1825 σάμενος
274 1790 305 1816 τὸ
332 1792 410 1825 σῶμα
435 1790 630 1827 προσκαλεῖται
645 1792 690 1818 τὸν
707 1791 822 1819 παλαιὸν
845 1792 921 1826 λαὸν,
937 1793 974 1824 ὡς

141 1836 249 1869 πρῶτον
266 1837 441 1865 πιστευθέντα
462 1835 496 1861 τὰ
522 1834 612 1872 λόγια,
630 1834 675 1862 διὰ
688 1836 801 1863 τούτων·
819 1849 832 1862 ι.
849 1837 973 1872 Ἀνάστα,

143 1877 205 1909 ἰλθὲ
220 1878 342 1912 πλησίον
359 1888 423 1913 μου,
438 1877 509 1914 καλή
529 1889 592 1915 μου,
608 1880 752 1918 περιστερά
774 1890 835 1916 μου·
853 1880 894 1908 ὅτι
916 1880 974 1908 ἰδοὺ

141 1923 154 1948 ὁ
167 1923 278 1960 χειμὼν
295 1922 446 1959 παρῆλθεν,
463 1923 477 1950 ὁ
494 1923 570 1954 ὑετὸς
598 1923 729 1958 ἀπῆλθεν,
756 1924 888 1962 ἐπορεύθη
914 1926 974 1954 ἑαυ-

140 1968 188 2001 τῷ.
217 1967 257 1993 Τὰ
287 1967 355 2001 ἄνθη
381 1964 459 2005 ὥτρθη
491 1966 516 1994 ἐν
547 1970 580 2004 τῇ
609 1970 656 2006 γῇ,
685 1969 780 2006 καιρὸς
807 1973 857 2004 τῆς
885 1974 974 2007 τομῆς

141 2008 251 2048 ἔῩθικε,
269 2011 348 2048 φωνή
361 2012 409 2037 τοῦ
424 2011 553 2048 τρυγόνος
569 2012 690 2047 ἠκούσθη
709 2012 734 2040 ἐν
751 2016 784 2050 τῇ
801 2016 837 2051 γῇ
853 2015 944 2050 ἡμῶν,
955 2016 973 2050 ἡ

141 2059 209 2089 συκῆ
242 2054 384 2092 ἐξήνεγκεν
416 2054 547 2086 ὀλύνθους
577 2055 672 2092 αὐτῆς,
697 2057 724 2083 αἱ
749 2057 868 2093 ἄμπελοι
893 2059 973 2094 ἡμῶν

143 2099 332 2136 ιυπρῑζουσιν.
352 2113 363 2125 ι
391 2099 434 2129 Ὧς
455 2099 505 2137 γὰρ
531 2098 662 2131 λαϐόντος
690 2103 738 2128 τοῦ
767 2102 877 2139 πρώτου
907 2102 975 2130 λαοῦ

142 2141 193 2173 ἓως
209 2145 310 2178 καιροῦ
325 2143 376 2176 τήν
390 2143 465 2170 σκιὰν
489 2144 538 2177 τήν
563 2143 589 2171 ἐν
611 2145 698 2181 νόμῳ.
726 2144 855 2180 διδάσκει,
877 2146 921 2174 καὶ
936 2148 974 2179 ὡς

145 2185 235 2214 εἰδότα
249 2188 300 2221 τὴν
319 2188 411 2224 ῳωνήν
427 2189 475 2214 τοῦ
490 2188 632 2225 τρυγόνος,
658 2189 871 2226 ὑπομιμνήσκει.
890 2195 975 2228 Προσ-

142 2231 330 2267 καλεσάμενος
357 2230 386 2258 δὲ
411 2232 425 2258 ὸ
449 2231 535 2270 Λόγος
559 2233 608 2267 τήν
633 2233 834 2270 Ἰερουσαλὴμ,
857 2246 974 2272 προσκα-

1032 1657 1329 1691 hortum,creaturam
1350 1657 1780 1693 videlicet,ingressus,carnem
1798 1659 1854 1687 sibi

1031 1709 1066 1729 ex
1080 1700 1196 1737 Virgine
1211 1701 1384 1737 assumpsit,
1398 1703 1426 1729 et
1446 1701 1533 1729 homo
1550 1702 1645 1730 factus
1660 1704 1715 1730 est.
1733 1703 1853 1731 Mortale

1031 1745 1149 1782 quidem
1166 1753 1271 1781 corpus
1287 1748 1359 1780 erat,
1380 1754 1483 1774 verum
1508 1755 1574 1774 cum
1591 1747 1673 1774 suavi
1689 1748 1778 1775 odore
1790 1756 1855 1776 san-

1029 1790 1153 1818 ctissimi
1169 1789 1254 1818 Verbi
1270 1791 1471 1826 conjunctum.
1488 1791 1522 1818 Et
1537 1791 1603 1819 licet
1619 1794 1651 1819 ut
1665 1791 1753 1819 homo
1769 1791 1854 1820 lactis

1029 1835 1127 1862 cibum
1144 1835 1256 1870 corpori
1273 1843 1326 1862 suo
1343 1835 1503 1870 admiserit,
1527 1838 1626 1863 tamen
1643 1838 1671 1864 et
1694 1836 1795 1863 vinum
1813 1836 1854 1863 illi

1029 1877 1214 1914 perfectionis
1236 1887 1296 1906 sua
1312 1878 1452 1914 impertit.
1476 1879 1589 1906 Etenim
1606 1880 1854 1915 quemadmodum

1028 1922 1074 1950 lac
1089 1922 1225 1955 comedit,
1242 1922 1281 1949 ita
1305 1924 1333 1949 et
1354 1922 1516 1950 divinitatis
1532 1931 1622 1957 opere
1641 1923 1671 1950 in
1687 1923 1750 1959 ipso
1765 1924 1857 1959 perfe-

1028 1967 1077 1995 cit.
1093 1967 1204 1994 Deinde
1218 1966 1478 2001 Verbum,oarnem
1494 1966 1643 2000 indutum,
1660 1969 1786 1995 veterem
1805 1976 1855 2003 po-

1029 2011 1147 2048 pulum,
1167 2013 1199 2038 ut
1215 2011 1261 2038 cui
1277 2010 1406 2046 primum
1423 2011 1541 2038 oracula
1555 2011 1605 2039 Dei
1621 2011 1786 2039 concredita
1798 2012 1858 2039 fue-

1031 2059 1113 2089 rant,
1129 2057 1164 2084 ad
1191 2065 1222 2084 se
1245 2058 1336 2089 vocat,
1363 2056 1411 2083 his
1425 2056 1538 2084 verbis:
1558 2067 1572 2083 ιι
1584 2057 1686 2093 Surge,
1702 2057 1807 2085 accede
1822 2058 1858 2085 ad

1031 2110 1087 2134 me,
1104 2101 1200 2129 amica
1211 2108 1286 2135 mea,
1312 2101 1441 2128 formosa
1458 2109 1532 2136 mea,
1545 2101 1681 2129 columba
1697 2110 1772 2135 mea,
1789 2110 1858 2137 quo-

1029 2146 1109 2174 niam
1125 2153 1191 2173 ecce
1206 2144 1303 2172 hiems
1318 2144 1544 2178 transiit,imber
1559 2145 1641 2178 abiit,
1659 2154 1692 2174 ac
1708 2146 1858 2182 profectus

1029 2192 1074 2218 est
1089 2188 1156 2217 sibi.
1168 2188 1264 2216 Flores
1281 2191 1480 2224 apparuerunt
1494 2189 1522 2217 in
1539 2192 1629 2223 terra,
1641 2192 1757 2226 tempus
1770 2193 1855 2226 puta-

1029 2233 1117 2262 tionis
1128 2232 1255 2266 advenit,
1282 2241 1335 2260 vox
1351 2234 1474 2261 turturis
1491 2233 1591 2261 audita
1605 2236 1650 2262 est
1666 2234 1694 2261 in
1714 2236 1790 2262 terra
1806 2243 1859 2262 no-

145 2274 231 2302 λιῖται
250 2275 350 2303 λοιπὸν
373 2276 417 2303 καὶ
444 2276 508 2307 τοὺς
524 2277 577 2304 ἀπὸ
599 2279 653 2304 τῶν
679 2277 761 2309 ἐθνῶν
788 2277 833 2306 διὰ
862 2280 965 2308 τούτων

1031 2281 1102 2312 atra,
1120 2278 1192 2305 ﬁcus
1208 2276 1328 2313 protulit
1343 2285 1461 2313 grossos
1485 2286 1566 2310 suos,
1585 2278 1674 2306 vineis
1687 2280 1794 2306 nostrae
1809 2281 1857 2306 ﬂo-

144 2320 193 2354 (εἶς
208 2320 335 2363 γάρᾲὲστι
351 2320 449 2358 Κύριος
465 2321 510 2348 καὶ
527 2320 665 2349 Ἰουδαίων
682 2322 726 2349 καὶ
752 2323 858 2360 ἐθνῶν)
870 2337 882 2350 α
896 2326 980 2363 Δεῦρο

148 2364 200 2390 ἀπὸ
227 2361 482 2404 Αιϐάνου,νύμφη.
509 2366 576 2394 Ἀπὸ
602 2366 720 2394 Λιοάνου
746 2366 857 2405 ἐλεύσῃ,
881 2369 927 2397 καὶ
942 2361 982 2397 δι-

150 2406 246 2444 ελεῦσῃ
263 2409 308 2435 ἀπ’
325 2410 414 2446 ἀρχῆς
435 2409 562 2443 πίστεως,
587 2411 639 2437 ἀπὸ
664 2410 787 2449 κεφαλῆς
815 2413 911 2451 Σανεῖρ
936 2413 981 2442 καὶ

149 2450 286 2496 ἱΔερμὼν,
308 2453 361 2480 ἀπὸ
386 2452 512 2489 μανδρῶν
538 2453 666 2490 λεόντων,
691 2456 743 2482 ἀπὸ
768 2456 852 2492 ὀρέων
877 2457 980 2496 παρδα-

152 2493 233 2523 λίων.
248 2510 258 2521 -
278 2498 345 2525 ’Δ-κὸ
360 2498 411 2535 γὰρ
434 2496 662 2536 εἷόωλολατρεῖας
678 2500 722 2526 καὶ
748 2500 900 2538 θηριώδους
917 2493 980 2541 τρό-

152 2548 206 2566 που
228 2541 424 2576 προσκαλεῖται
450 2541 549 2577 ταύτην
581 2543 618 2573 εἷς
646 2543 695 2577 τὴν
721 2554 822 2572 πιστιν.
846 2545 982 2581 Κληθεῖσα

152 2583 240 2610 τοίνυν
256 2584 282 2620 ιε
297 2585 380 2617 ἐθνῶν
397 2586 443 2613 καὶ
468 2584 522 2621 ἤδη
549 2589 737 2624 κατανυγεῖσα,
756 2587 827 2627 λέγει
852 2590 919 2627 πρὸς
935 2591 980 2618 τὸν

155 2626 240 2664 Λόγον
254 2631 344 2657 ταῦτα·
365 2641 378 2656 ι
396 2630 578 2667 ’Λπάγγειλόν
606 2641 664 2667 μοι,
686 2632 715 2659 ὃν
741 2626 880 2670 ἠγάπησεν
898 2636 914 2669 ἠ
931 2641 982 2671 ψυ-

156 2671 196 2706 χή
213 2683 272 2707 μου·
287 2677 340 2701 ποῦ
357 2675 523 2710 ποιμαίνεις,
539 2677 592 2702 ποῦ
613 2675 747 2710 κοιτάζεις
764 2677 790 2704 ἐν
814 2676 980 2715 μεσημϐρίᾳ·

160 2715 264 2749 μήποτε
280 2719 400 2756 γένωμαι
416 2719 454 2750 ὡς
476 2717 698 2757 περιϐαλλομένη
715 2720 756 2747 ἐπ’
781 2721 891 2759 ἀγέλαις
912 2723 982 2751 ἑταί-

1036 2324 1101 2350 rent
1114 2322 1146 2349 ⁸⁷.
1163 2332 1177 2346 ››
1207 2322 1250 2349 lta
1273 2321 1351 2349 enim
1381 2321 1474 2354 docet,
1495 2321 1578 2357 quasi
1594 2321 1707 2358 primus
1732 2322 1859 2358 populus

1036 2367 1171 2394 umbram
1186 2373 1248 2401 quze
1263 2365 1293 2393 in
1322 2365 1385 2401 lege
1400 2368 1455 2400 est,
1472 2366 1507 2393 ad
1524 2368 1640 2401 tempus
1650 2366 1795 2402 acceperit
1812 2374 1817 2394 :
1832 2367 1861 2394 et

1037 2413 1121 2448 quasi
1138 2420 1233 2440 vocem
1247 2411 1371 2439 turturis
1387 2414 1593 2448 agnoscentem
1613 2412 1760 2439 admonet.
1778 2412 1859 2439 Post-

1036 2465 1122 2492 quam
1135 2455 1401 2484 autemJerusalem
1415 2455 1576 2489 advocavit,
1589 2456 1711 2483 advocat
1723 2456 1860 2491 deinceps

1037 2503 1065 2529 et
1079 2509 1139 2533 eos,
1169 2499 1218 2535 qui
1238 2502 1308 2527 sunt
1323 2507 1357 2526 ex
1371 2499 1509 2535 gentibus
1522 2500 1611 2535 (unus
1621 2502 1666 2527 est
1681 2500 1759 2528 enim
1773 2500 1862 2528 etJu-

1037 2545 1164 2573 deorum
1185 2545 1213 2571 et
1241 2543 1372 2579 gentium
1388 2543 1550 2579 Dominus),
1568 2544 1613 2571 his
1625 2543 1720 2572 verbis
1738 2553 1744 2571 :
1763 2544 1863 2572 «Veni

1036 2590 1072 2617 de
1088 2588 1209 2620 Libano,
1220 2595 1338 2623 sponsa.
1351 2587 1391 2615 De
1406 2587 1515 2615 Libano
1530 2588 1672 2621 venias,et
1682 2590 1816 2616 transeas
1826 2588 1861 2616 ab

1036 2633 1120 2662 initio
1137 2632 1212 2660 fidei.
1228 2630 1269 2658 De
1284 2631 1390 2659 vertice
1406 2631 1491 2659 Sanir
1506 2634 1534 2659 et
1559 2633 1696 2665 Aermon,
1710 2632 1746 2660 de
1761 2631 1864 2659 cubili-

1037 2679 1093 2706 bus
1120 2676 1251 2709 leonum,
1267 2675 1302 2703 de
1323 2676 1473 2704 montibus
1502 2676 1662 2711 pardorum
1686 2676 1718 2703 ³⁸.
1753 2687 1766 2700 ››
1782 2678 1863 2703 Hanc

1038 2721 1115 2750 enim
1143 2720 1179 2747 ab
1205 2717 1369 2747 idololatria
1384 2719 1577 2755 moribusque
1599 2720 1702 2747 ferinis
1721 2719 1758 2747 ad
1775 2719 1862 2746 ﬁdem

194 2769 217 2786 ⁸³
246 2774 325 2800 Cant.
341 2782 360 2808 ι,
377 2774 401 2801 4.
421 2774 444 2791 ³⁸
475 2774 559 2802 Cant.
584 2775 695 2808 v11,13.
715 2775 738 2793 ⁸⁸
768 2776 850 2804 Cant.
875 2785 936 2813 VIII,
966 2781 971 2805 1

1029 2796 1036 2804 .
1053 2775 1075 2793 ³⁸
1108 2773 1191 2802 Cant.
1220 2780 1249 2805 ν,
1270 2771 1294 2799 1.
1310 2772 1332 2790 ³⁷
1361 2774 1442 2801 Cant.
1460 2781 1491 2806 Il,
1508 2772 1600 2800 10-43.
1628 2773 1651 2790 ⁵³
1682 2772 1766 2800 Cant.
1784 2780 1821 2805 ιν,
1834 2771 1862 2798 8.

196 2814 208 2826 ⁹
222 2815 337 2853 Suppls,
353 2816 432 2844 λαοῦ.
