  <div class='ocr_page' id='page_1' title='image "/cluster/home/n/w/nwhite01/storage/ocr_20150623/28/hvd.32044052794351/183.png"; bbox 0 0 2043 3111; ppageno 0'>
   <div class='ocr_carea' id='block_1_1' title="bbox 196 186 255 217">
    <p class='ocr_par' dir='ltr' id='par_1_1' title="bbox 196 186 255 217">
     <span class='ocr_line' id='line_1_1' title="bbox 196 186 255 217; baseline 0 -1"><span class='ocrx_word' id='word_1_1' title='bbox 196 186 255 217; x_wconf 72' lang='lat'><strong>355</strong></span> 
     </span>
    </p>
   </div>
   <div class='ocr_carea' id='block_1_2' title="bbox 787 177 1307 213">
    <p class='ocr_par' dir='ltr' id='par_1_2' title="bbox 787 177 1307 213">
     <span class='ocr_line' id='line_1_2' title="bbox 787 177 1307 213; baseline 0.004 -2"><span class='ocrx_word' id='word_1_2' title='bbox 787 181 819 211; x_wconf 86' lang='lat' dir='ltr'><strong>S.</strong></span> <span class='ocrx_word' id='word_1_3' title='bbox 843 177 1106 209; x_wconf 77' lang='lat' dir='ltr'><strong>ATHANASIUS.</strong></span> <span class='ocrx_word' id='word_1_4' title='bbox 1121 195 1161 202; x_wconf 92' lang='lat'><strong>-—</strong></span> <span class='ocrx_word' id='word_1_5' title='bbox 1175 181 1307 213; x_wconf 78' lang='lat' dir='ltr'><strong>DUBIA.</strong></span> 
     </span>
    </p>
   </div>
   <div class='ocr_carea' id='block_1_3' title="bbox 1837 186 1898 216">
    <p class='ocr_par' dir='ltr' id='par_1_3' title="bbox 1837 186 1898 216">
     <span class='ocr_line' id='line_1_3' title="bbox 1837 186 1898 216; baseline 0 0"><span class='ocrx_word' id='word_1_6' title='bbox 1837 186 1898 216; x_wconf 72' lang='lat'><strong>856</strong></span> 
     </span>
    </p>
   </div>
   <div class='ocr_carea' id='block_1_4' title="bbox 194 247 1009 287">
    <p class='ocr_par' dir='ltr' id='par_1_4' title="bbox 194 247 1009 286">
     <span class='ocr_line' id='line_1_4' title="bbox 194 247 1009 286; baseline -0.01 -6"><span class='ocrx_word' id='word_1_7' title='bbox 194 254 287 280; x_wconf 83' lang='lat' dir='ltr'><strong>vocat.</strong></span> <span class='ocrx_word' id='word_1_8' title='bbox 304 250 357 279; x_wconf 85' lang='lat' dir='ltr'><strong>Illa</strong></span> <span class='ocrx_word' id='word_1_9' title='bbox 383 249 475 286; x_wconf 77' lang='lat' dir='ltr'><strong>igitur</strong></span> <span class='ocrx_word' id='word_1_10' title='bbox 500 257 535 276; x_wconf 83' lang='lat' dir='ltr'><strong>ex</strong></span> <span class='ocrx_word' id='word_1_11' title='bbox 549 248 688 284; x_wconf 77' lang='lat' dir='ltr'><strong>gentibus</strong></span> <span class='ocrx_word' id='word_1_12' title='bbox 701 249 804 275; x_wconf 83' lang='lat' dir='ltr'><strong>vocata</strong></span> <span class='ocrx_word' id='word_1_13' title='bbox 822 249 851 274; x_wconf 91' lang='lat' dir='ltr'><strong>et</strong></span> <span class='ocrx_word' id='word_1_14' title='bbox 862 247 925 281; x_wconf 83' lang='lat' dir='ltr'><strong>jam</strong></span> <span class='ocrx_word' id='word_1_15' title='bbox 936 253 1009 273; x_wconf 88' lang='lat' dir='ltr'><strong>com-</strong></span> 
     </span>
    </p>
   </div>
   <div class='ocr_carea' id='block_1_5' title="bbox 1065 247 1898 287">
    <p class='ocr_par' dir='ltr' id='par_1_5' title="bbox 1067 248 1898 287">
     <span class='ocr_line' id='line_1_5' title="bbox 1067 248 1898 287; baseline 0.008 -15"><span class='ocrx_word' id='word_1_16' title='bbox 1067 254 1127 287; x_wconf 25' lang='grc' dir='ltr'>,ρων</span> <span class='ocrx_word' id='word_1_17' title='bbox 1144 256 1202 274; x_wconf 86' lang='grc' dir='ltr'>σου.</span> <span class='ocrx_word' id='word_1_18' title='bbox 1220 259 1235 272; x_wconf 83' lang='lat'><strong>»</strong></span> <span class='ocrx_word' id='word_1_19' title='bbox 1251 251 1348 286; x_wconf 73' lang='grc' dir='ltr'>Πεῖρκν</span> <span class='ocrx_word' id='word_1_20' title='bbox 1363 249 1414 287; x_wconf 70' lang='grc' dir='ltr'><strong>γὰρ</strong></span> <span class='ocrx_word' id='word_1_21' title='bbox 1439 248 1540 287; x_wconf 75' lang='grc' dir='ltr'>ἔχουσα</span> <span class='ocrx_word' id='word_1_22' title='bbox 1561 253 1611 284; x_wconf 87' lang='grc' dir='ltr'><strong>τῆς</strong></span> <span class='ocrx_word' id='word_1_23' title='bbox 1637 250 1675 281; x_wconf 73' lang='grc' dir='ltr'>εἷς</span> <span class='ocrx_word' id='word_1_24' title='bbox 1700 250 1793 279; x_wconf 82' lang='grc' dir='ltr'>πολλὰ</span> <span class='ocrx_word' id='word_1_25' title='bbox 1821 262 1898 287; x_wconf 80' lang='grc' dir='ltr'>μετα·</span> 
     </span>
    </p>
   </div>
   <div class='ocr_carea' id='block_1_6' title="bbox 198 286 1009 333">
    <p class='ocr_par' dir='ltr' id='par_1_6' title="bbox 198 290 1009 333">
     <span class='ocr_line' id='line_1_6' title="bbox 198 290 1009 333; baseline -0.01 -9"><span class='ocrx_word' id='word_1_26' title='bbox 198 299 317 333; x_wconf 84' lang='lat' dir='ltr'><strong>puncta,</strong></span> <span class='ocrx_word' id='word_1_27' title='bbox 336 295 429 322; x_wconf 87' lang='lat' dir='ltr'><strong>Verbo</strong></span> <span class='ocrx_word' id='word_1_28' title='bbox 446 294 481 321; x_wconf 87' lang='lat' dir='ltr'><strong>ad</strong></span> <span class='ocrx_word' id='word_1_29' title='bbox 499 293 578 320; x_wconf 88' lang='lat' dir='ltr'><strong>hunc</strong></span> <span class='ocrx_word' id='word_1_30' title='bbox 594 293 715 319; x_wconf 90' lang='lat' dir='ltr'><strong>modum</strong></span> <span class='ocrx_word' id='word_1_31' title='bbox 728 291 876 327; x_wconf 78' lang='lat' dir='ltr'><strong>loquitur:</strong></span> <span class='ocrx_word' id='word_1_32' title='bbox 895 301 909 315; x_wconf 85' lang='lat'><strong>«</strong></span> <span class='ocrx_word' id='word_1_33' title='bbox 926 290 1009 317; x_wconf 88' lang='lat' dir='ltr'><strong>lndic</strong></span> 
     </span>
    </p>
   </div>
   <div class='ocr_carea' id='block_1_7' title="bbox 1065 286 1898 333">
    <p class='ocr_par' dir='ltr' id='par_1_7' title="bbox 1065 286 1898 333">
     <span class='ocr_line' id='line_1_7' title="bbox 1065 286 1898 333; baseline 0.01 -18"><span class='ocrx_word' id='word_1_34' title='bbox 1065 286 1158 324; x_wconf 67' lang='grc' dir='ltr'>Ξολῆς,</span> <span class='ocrx_word' id='word_1_35' title='bbox 1185 291 1262 326; x_wconf 77' lang='grc' dir='ltr'>ἠξίου</span> <span class='ocrx_word' id='word_1_36' title='bbox 1289 295 1471 331; x_wconf 70' lang='grc' dir='ltr'><strong>στηριχθῆναι</strong></span> <span class='ocrx_word' id='word_1_37' title='bbox 1496 293 1598 322; x_wconf 83' lang='grc' dir='ltr'>λοιπὸν</span> <span class='ocrx_word' id='word_1_38' title='bbox 1628 295 1673 322; x_wconf 73' lang='grc' dir='ltr'><strong>καὶ</strong></span> <span class='ocrx_word' id='word_1_39' title='bbox 1704 286 1898 333; x_wconf 65' lang='grc' dir='ltr'>βιϐαιωθῆναν</span> 
     </span>
    </p>
   </div>
   <div class='ocr_carea' id='block_1_8' title="bbox 193 334 1013 375">
    <p class='ocr_par' dir='ltr' id='par_1_8' title="bbox 193 334 1013 375">
     <span class='ocr_line' id='line_1_8' title="bbox 193 334 1013 375; baseline -0.009 -7"><span class='ocrx_word' id='word_1_40' title='bbox 193 341 276 375; x_wconf 86' lang='lat' dir='ltr'><strong>mihi,</strong></span> <span class='ocrx_word' id='word_1_41' title='bbox 292 348 380 375; x_wconf 88' lang='lat' dir='ltr'><strong>quem</strong></span> <span class='ocrx_word' id='word_1_42' title='bbox 396 338 492 374; x_wconf 79' lang='lat' dir='ltr'><strong>diligit</strong></span> <span class='ocrx_word' id='word_1_43' title='bbox 504 337 603 365; x_wconf 87' lang='lat' dir='ltr'><strong>anima</strong></span> <span class='ocrx_word' id='word_1_44' title='bbox 618 344 693 370; x_wconf 84' lang='lat' dir='ltr'><strong>mea,</strong></span> <span class='ocrx_word' id='word_1_45' title='bbox 709 335 758 363; x_wconf 89' lang='lat' dir='ltr'><strong>ubi</strong></span> <span class='ocrx_word' id='word_1_46' title='bbox 774 343 886 371; x_wconf 82' lang='lat' dir='ltr'><strong>pascas,</strong></span> <span class='ocrx_word' id='word_1_47' title='bbox 898 334 949 362; x_wconf 88' lang='lat' dir='ltr'><strong>ubi</strong></span> <span class='ocrx_word' id='word_1_48' title='bbox 963 342 1013 361; x_wconf 89' lang='lat' dir='ltr'><strong>cu—</strong></span> 
     </span>
    </p>
   </div>
   <div class='ocr_carea' id='block_1_9' title="bbox 192 379 1016 416">
    <p class='ocr_par' dir='ltr' id='par_1_9' title="bbox 192 379 1016 416">
     <span class='ocr_line' id='line_1_9' title="bbox 192 379 1016 416; baseline -0.008 -3"><span class='ocrx_word' id='word_1_49' title='bbox 192 385 243 413; x_wconf 85' lang='lat' dir='ltr'><strong>bes</strong></span> <span class='ocrx_word' id='word_1_50' title='bbox 271 384 300 412; x_wconf 87' lang='lat' dir='ltr'><strong>in</strong></span> <span class='ocrx_word' id='word_1_51' title='bbox 318 383 450 415; x_wconf 80' lang='lat' dir='ltr'><strong>meridie.</strong></span> <span class='ocrx_word' id='word_1_52' title='bbox 478 390 514 409; x_wconf 85' lang='lat' dir='ltr'><strong>ne</strong></span> <span class='ocrx_word' id='word_1_53' title='bbox 530 382 597 409; x_wconf 77' lang='lat' dir='ltr'><strong>(iam</strong></span> <span class='ocrx_word' id='word_1_54' title='bbox 612 383 753 416; x_wconf 78' lang='lat' dir='ltr'><strong>tanquam</strong></span> <span class='ocrx_word' id='word_1_55' title='bbox 770 380 910 408; x_wconf 79' lang='lat' dir='ltr'><strong>oberrans</strong></span> <span class='ocrx_word' id='word_1_56' title='bbox 939 379 1016 406; x_wconf 89' lang='lat' dir='ltr'><strong>inter</strong></span> 
     </span>
    </p>
   </div>
   <div class='ocr_carea' id='block_1_10' title="bbox 191 424 1015 466">
    <p class='ocr_par' dir='ltr' id='par_1_10' title="bbox 191 424 1015 466">
     <span class='ocr_line' id='line_1_10' title="bbox 191 424 1015 466; baseline -0.007 -9"><span class='ocrx_word' id='word_1_57' title='bbox 191 437 294 466; x_wconf 78' lang='lat' dir='ltr'><strong>greges</strong></span> <span class='ocrx_word' id='word_1_58' title='bbox 310 427 454 455; x_wconf 74' lang='lat' dir='ltr'><strong>sodalium</strong></span> <span class='ocrx_word' id='word_1_59' title='bbox 470 429 587 454; x_wconf 89' lang='lat' dir='ltr'><strong>tuorum</strong></span> <span class='ocrx_word' id='word_1_60' title='bbox 603 426 635 453; x_wconf 66' lang='lat'><strong>3’.</strong></span> <span class='ocrx_word' id='word_1_61' title='bbox 650 436 663 450; x_wconf 72' lang='grc' dir='ltr'><strong>ν</strong></span> <span class='ocrx_word' id='word_1_62' title='bbox 688 425 800 453; x_wconf 84' lang='lat' dir='ltr'><strong>Etenim</strong></span> <span class='ocrx_word' id='word_1_63' title='bbox 817 432 885 452; x_wconf 89' lang='lat' dir='ltr'><strong>cum</strong></span> <span class='ocrx_word' id='word_1_64' title='bbox 900 424 1015 460; x_wconf 82' lang='lat' dir='ltr'><strong>experi-</strong></span> 
     </span>
    </p>
   </div>
   <div class='ocr_carea' id='block_1_11' title="bbox 192 468 1014 506">
    <p class='ocr_par' dir='ltr' id='par_1_11' title="bbox 192 468 1014 506">
     <span class='ocr_line' id='line_1_11' title="bbox 192 468 1014 506; baseline -0.007 -5"><span class='ocrx_word' id='word_1_65' title='bbox 192 476 290 501; x_wconf 89' lang='lat' dir='ltr'><strong>mento</strong></span> <span class='ocrx_word' id='word_1_66' title='bbox 306 472 469 504; x_wconf 86' lang='lat' dir='ltr'><strong>didicisset,</strong></span> <span class='ocrx_word' id='word_1_67' title='bbox 486 478 573 506; x_wconf 88' lang='lat' dir='ltr'><strong>quam</strong></span> <span class='ocrx_word' id='word_1_68' title='bbox 591 478 682 505; x_wconf 83' lang='lat' dir='ltr'><strong>prona</strong></span> <span class='ocrx_word' id='word_1_69' title='bbox 696 471 773 497; x_wconf 90' lang='lat' dir='ltr'><strong>esset</strong></span> <span class='ocrx_word' id='word_1_70' title='bbox 788 469 825 497; x_wconf 91' lang='lat' dir='ltr'><strong>ad</strong></span> <span class='ocrx_word' id='word_1_71' title='bbox 840 468 936 496; x_wconf 88' lang='lat' dir='ltr'><strong>varias</strong></span> <span class='ocrx_word' id='word_1_72' title='bbox 949 476 1014 496; x_wconf 84' lang='lat' dir='ltr'><strong>mu-</strong></span> 
     </span>
    </p>
   </div>
   <div class='ocr_carea' id='block_1_12' title="bbox 192 513 1014 551">
    <p class='ocr_par' dir='ltr' id='par_1_12' title="bbox 192 513 1014 551">
     <span class='ocr_line' id='line_1_12' title="bbox 192 513 1014 551; baseline -0.006 -6"><span class='ocrx_word' id='word_1_73' title='bbox 192 519 328 549; x_wconf 83' lang='lat' dir='ltr'><strong>tationes,</strong></span> <span class='ocrx_word' id='word_1_74' title='bbox 351 516 472 551; x_wconf 78' lang='lat' dir='ltr'><strong>rogabat</strong></span> <span class='ocrx_word' id='word_1_75' title='bbox 482 518 515 542; x_wconf 88' lang='lat' dir='ltr'><strong>ut</strong></span> <span class='ocrx_word' id='word_1_76' title='bbox 529 514 753 542; x_wconf 83' lang='lat' dir='ltr'><strong>conﬁrmaretur</strong></span> <span class='ocrx_word' id='word_1_77' title='bbox 771 516 799 541; x_wconf 89' lang='lat' dir='ltr'><strong>et</strong></span> <span class='ocrx_word' id='word_1_78' title='bbox 814 513 1014 541; x_wconf 86' lang='lat' dir='ltr'><strong>corroborare-</strong></span> 
     </span>
    </p>
   </div>
   <div class='ocr_carea' id='block_1_13' title="bbox 191 559 1016 596">
    <p class='ocr_par' dir='ltr' id='par_1_13' title="bbox 191 559 1016 596">
     <span class='ocr_line' id='line_1_13' title="bbox 191 559 1016 596; baseline -0.006 -6"><span class='ocrx_word' id='word_1_79' title='bbox 191 565 256 595; x_wconf 88' lang='lat' dir='ltr'><strong>tur;</strong></span> <span class='ocrx_word' id='word_1_80' title='bbox 275 569 310 589; x_wconf 88' lang='lat' dir='ltr'><strong>ne</strong></span> <span class='ocrx_word' id='word_1_81' title='bbox 326 561 454 596; x_wconf 88' lang='lat' dir='ltr'><strong>idipsum</strong></span> <span class='ocrx_word' id='word_1_82' title='bbox 465 562 565 596; x_wconf 86' lang='lat' dir='ltr'><strong>postea</strong></span> <span class='ocrx_word' id='word_1_83' title='bbox 574 559 630 586; x_wconf 87' lang='lat' dir='ltr'><strong>sibi</strong></span> <span class='ocrx_word' id='word_1_84' title='bbox 642 559 1016 594; x_wconf 81' lang='lat' dir='ltr'><strong>accideret.Exoratumque</strong></span> 
     </span>
    </p>
   </div>
   <div class='ocr_carea' id='block_1_14' title="bbox 192 602 1015 639">
    <p class='ocr_par' dir='ltr' id='par_1_14' title="bbox 192 602 1015 639">
     <span class='ocr_line' id='line_1_14' title="bbox 192 602 1015 639; baseline -0.005 -5"><span class='ocrx_word' id='word_1_85' title='bbox 192 606 333 639; x_wconf 80' lang='lat' dir='ltr'><strong>Verbum,</strong></span> <span class='ocrx_word' id='word_1_86' title='bbox 345 605 424 633; x_wconf 70' lang='lat'><strong>124</strong></span> <span class='ocrx_word' id='word_1_87' title='bbox 438 605 522 632; x_wconf 88' lang='lat' dir='ltr'><strong>docet</strong></span> <span class='ocrx_word' id='word_1_88' title='bbox 545 603 625 630; x_wconf 87' lang='lat' dir='ltr'><strong>illam</strong></span> <span class='ocrx_word' id='word_1_89' title='bbox 651 603 698 631; x_wconf 84' lang='lat' dir='ltr'><strong>his</strong></span> <span class='ocrx_word' id='word_1_90' title='bbox 722 603 837 631; x_wconf 89' lang='lat' dir='ltr'><strong>verbis:</strong></span> <span class='ocrx_word' id='word_1_91' title='bbox 854 615 868 628; x_wconf 88' lang='lat'><strong>«</strong></span> <span class='ocrx_word' id='word_1_92' title='bbox 885 603 913 631; x_wconf 88' lang='lat' dir='ltr'>Si</span> <span class='ocrx_word' id='word_1_93' title='bbox 929 602 1015 638; x_wconf 75' lang='lat' dir='ltr'><strong>igno-</strong></span> 
     </span>
    </p>
   </div>
   <div class='ocr_carea' id='block_1_15' title="bbox 191 648 1016 686">
    <p class='ocr_par' dir='ltr' id='par_1_15' title="bbox 191 648 1016 686">
     <span class='ocr_line' id='line_1_15' title="bbox 191 648 1016 686; baseline -0.005 -7"><span class='ocrx_word' id='word_1_94' title='bbox 191 661 239 679; x_wconf 84' lang='lat' dir='ltr'><strong>res</strong></span> <span class='ocrx_word' id='word_1_95' title='bbox 255 654 293 685; x_wconf 85' lang='lat' dir='ltr'><strong>te,</strong></span> <span class='ocrx_word' id='word_1_96' title='bbox 311 660 327 679; x_wconf 91' lang='grc' dir='ltr'><strong>ο</strong></span> <span class='ocrx_word' id='word_1_97' title='bbox 341 650 552 686; x_wconf 86' lang='lat' dir='ltr'><strong>pulchrainter</strong></span> <span class='ocrx_word' id='word_1_98' title='bbox 568 649 714 676; x_wconf 83' lang='lat' dir='ltr'><strong>mulieres-</strong></span> <span class='ocrx_word' id='word_1_99' title='bbox 727 649 863 685; x_wconf 82' lang='lat' dir='ltr'><strong>egredere</strong></span> <span class='ocrx_word' id='word_1_100' title='bbox 879 648 915 676; x_wconf 87' lang='lat' dir='ltr'><strong>ad</strong></span> <span class='ocrx_word' id='word_1_101' title='bbox 932 648 1016 676; x_wconf 92' lang='lat' dir='ltr'><strong>vesti-</strong></span> 
     </span>
    </p>
   </div>
   <div class='ocr_carea' id='block_1_16' title="bbox 190 692 1016 732">
    <p class='ocr_par' dir='ltr' id='par_1_16' title="bbox 190 692 1016 732">
     <span class='ocr_line' id='line_1_16' title="bbox 190 692 1016 732; baseline -0.005 -8"><span class='ocrx_word' id='word_1_102' title='bbox 190 697 238 732; x_wconf 80' lang='lat' dir='ltr'><strong>gia</strong></span> <span class='ocrx_word' id='word_1_103' title='bbox 250 697 416 732; x_wconf 77' lang='lat' dir='ltr'><strong>gregum,et</strong></span> <span class='ocrx_word' id='word_1_104' title='bbox 431 702 516 730; x_wconf 86' lang='lat' dir='ltr'><strong>pasce</strong></span> <span class='ocrx_word' id='word_1_105' title='bbox 531 693 630 721; x_wconf 66' lang='lat' dir='ltr'><strong>haedos</strong></span> <span class='ocrx_word' id='word_1_106' title='bbox 647 696 714 721; x_wconf 91' lang='lat' dir='ltr'><strong>tuos</strong></span> <span class='ocrx_word' id='word_1_107' title='bbox 725 694 811 729; x_wconf 82' lang='lat' dir='ltr'><strong>juxta</strong></span> <span class='ocrx_word' id='word_1_108' title='bbox 825 692 1016 721; x_wconf 84' lang='lat' dir='ltr'><strong>tabernacula</strong></span> 
     </span>
    </p>
   </div>
   <div class='ocr_carea' id='block_1_17' title="bbox 191 738 1014 777">
    <p class='ocr_par' dir='ltr' id='par_1_17' title="bbox 191 738 1014 777">
     <span class='ocr_line' id='line_1_17' title="bbox 191 738 1014 777; baseline -0.005 -8"><span class='ocrx_word' id='word_1_109' title='bbox 191 743 342 777; x_wconf 72' lang='lat' dir='ltr'><strong>pastorum</strong></span> <span class='ocrx_word' id='word_1_110' title='bbox 357 740 389 768; x_wconf 75' lang='grc' dir='ltr'><strong>⁸ο.</strong></span> <span class='ocrx_word' id='word_1_111' title='bbox 406 750 420 764; x_wconf 71' lang='grc' dir='ltr'><strong>η</strong></span> <span class='ocrx_word' id='word_1_112' title='bbox 437 738 527 766; x_wconf 85' lang='lat' dir='ltr'><strong>Nemo</strong></span> <span class='ocrx_word' id='word_1_113' title='bbox 544 738 651 774; x_wconf 83' lang='lat' dir='ltr'><strong>quippe</strong></span> <span class='ocrx_word' id='word_1_114' title='bbox 671 739 760 765; x_wconf 89' lang='lat' dir='ltr'><strong>Deum</strong></span> <span class='ocrx_word' id='word_1_115' title='bbox 777 745 951 773; x_wconf 74' lang='lat' dir='ltr'><strong>cognossem</strong></span> <span class='ocrx_word' id='word_1_116' title='bbox 965 746 1014 773; x_wconf 89' lang='lat' dir='ltr'><strong>po-</strong></span> 
     </span>
    </p>
   </div>
   <div class='ocr_carea' id='block_1_18' title="bbox 189 782 1015 820">
    <p class='ocr_par' dir='ltr' id='par_1_18' title="bbox 189 782 1015 820">
     <span class='ocr_line' id='line_1_18' title="bbox 189 782 1015 820; baseline -0.002 -7"><span class='ocrx_word' id='word_1_117' title='bbox 189 788 257 819; x_wconf 86' lang='lat' dir='ltr'><strong>test,</strong></span> <span class='ocrx_word' id='word_1_118' title='bbox 274 785 330 813; x_wconf 88' lang='lat' dir='ltr'><strong>nisi</strong></span> <span class='ocrx_word' id='word_1_119' title='bbox 347 784 474 820; x_wconf 88' lang='lat' dir='ltr'><strong>primum</strong></span> <span class='ocrx_word' id='word_1_120' title='bbox 492 786 648 819; x_wconf 76' lang='lat' dir='ltr'><strong>cognoscat</strong></span> <span class='ocrx_word' id='word_1_121' title='bbox 667 784 809 818; x_wconf 83' lang='lat' dir='ltr'><strong>seipsum.</strong></span> <span class='ocrx_word' id='word_1_122' title='bbox 831 783 905 810; x_wconf 86' lang='lat' dir='ltr'><strong>Nam</strong></span> <span class='ocrx_word' id='word_1_123' title='bbox 921 782 1015 818; x_wconf 79' lang='lat' dir='ltr'><strong>pietas</strong></span> 
     </span>
    </p>
   </div>
   <div class='ocr_carea' id='block_1_19' title="bbox 189 828 1012 867">
    <p class='ocr_par' dir='ltr' id='par_1_19' title="bbox 189 828 1012 867">
     <span class='ocr_line' id='line_1_19' title="bbox 189 828 1012 867; baseline -0.005 -8"><span class='ocrx_word' id='word_1_124' title='bbox 189 839 259 867; x_wconf 81' lang='lat' dir='ltr'><strong>erga</strong></span> <span class='ocrx_word' id='word_1_125' title='bbox 275 831 424 863; x_wconf 86' lang='lat' dir='ltr'><strong>Deum,est</strong></span> <span class='ocrx_word' id='word_1_126' title='bbox 439 828 615 865; x_wconf 86' lang='lat' dir='ltr'><strong>principium</strong></span> <span class='ocrx_word' id='word_1_127' title='bbox 629 837 735 856; x_wconf 83' lang='lat' dir='ltr'>sensus</span> <span class='ocrx_word' id='word_1_128' title='bbox 747 837 753 855; x_wconf 86' lang='lat'><strong>:</strong></span> <span class='ocrx_word' id='word_1_129' title='bbox 766 836 872 857; x_wconf 84' lang='lat' dir='ltr'><strong>sensus</strong></span> <span class='ocrx_word' id='word_1_130' title='bbox 882 836 948 856; x_wconf 89' lang='lat' dir='ltr'><strong>vero</strong></span> <span class='ocrx_word' id='word_1_131' title='bbox 959 830 1012 863; x_wconf 88' lang='lat' dir='ltr'><strong>est,</strong></span> 
     </span>
    </p>
   </div>
   <div class='ocr_carea' id='block_1_20' title="bbox 190 872 1013 906">
    <p class='ocr_par' dir='ltr' id='par_1_20' title="bbox 190 872 1013 906">
     <span class='ocr_line' id='line_1_20' title="bbox 190 872 1013 906; baseline -0.005 -3"><span class='ocrx_word' id='word_1_132' title='bbox 190 884 248 903; x_wconf 93' lang='lat' dir='ltr'><strong>non</strong></span> <span class='ocrx_word' id='word_1_133' title='bbox 264 878 400 903; x_wconf 84' lang='lat' dir='ltr'><strong>externus</strong></span> <span class='ocrx_word' id='word_1_134' title='bbox 414 873 476 906; x_wconf 89' lang='lat' dir='ltr'><strong>ille,</strong></span> <span class='ocrx_word' id='word_1_135' title='bbox 501 873 549 901; x_wconf 88' lang='lat' dir='ltr'><strong>sed</strong></span> <span class='ocrx_word' id='word_1_136' title='bbox 566 873 732 901; x_wconf 85' lang='lat' dir='ltr'><strong>intellectus</strong></span> <span class='ocrx_word' id='word_1_137' title='bbox 747 872 852 901; x_wconf 69' lang='lat' dir='ltr'><strong>animm</strong></span> <span class='ocrx_word' id='word_1_138' title='bbox 873 880 938 900; x_wconf 88' lang='lat' dir='ltr'><strong>cum</strong></span> <span class='ocrx_word' id='word_1_139' title='bbox 956 872 1013 899; x_wconf 85' lang='lat' dir='ltr'><strong>ﬁde</strong></span> 
     </span>
    </p>
   </div>
   <div class='ocr_carea' id='block_1_21' title="bbox 189 917 1010 955">
    <p class='ocr_par' dir='ltr' id='par_1_21' title="bbox 189 917 1010 955">
     <span class='ocr_line' id='line_1_21' title="bbox 189 917 1010 955; baseline -0.005 -7"><span class='ocrx_word' id='word_1_140' title='bbox 189 920 375 955; x_wconf 81' lang='lat' dir='ltr'><strong>conjunctae.</strong></span> <span class='ocrx_word' id='word_1_141' title='bbox 388 917 549 946; x_wconf 81' lang='lat' dir='ltr'><strong>Jerusalem</strong></span> <span class='ocrx_word' id='word_1_142' title='bbox 566 918 668 945; x_wconf 86' lang='lat' dir='ltr'><strong>videns</strong></span> <span class='ocrx_word' id='word_1_143' title='bbox 682 917 814 953; x_wconf 80' lang='lat' dir='ltr'><strong>gentium</strong></span> <span class='ocrx_word' id='word_1_144' title='bbox 830 917 1010 945; x_wconf 85' lang='lat' dir='ltr'><strong>vocationem</strong></span> 
     </span>
    </p>
   </div>
   <div class='ocr_carea' id='block_1_22' title="bbox 1071 335 1900 377">
    <p class='ocr_par' dir='ltr' id='par_1_22' title="bbox 1071 335 1900 377">
     <span class='ocr_line' id='line_1_22' title="bbox 1071 335 1900 377; baseline 0.007 -16"><span class='ocrx_word' id='word_1_145' title='bbox 1071 335 1178 370; x_wconf 80' lang='grc' dir='ltr'>μήποτε</span> <span class='ocrx_word' id='word_1_146' title='bbox 1193 336 1264 373; x_wconf 71' lang='grc' dir='ltr'>πάθῃ</span> <span class='ocrx_word' id='word_1_147' title='bbox 1279 337 1361 365; x_wconf 84' lang='grc' dir='ltr'>πάλιν</span> <span class='ocrx_word' id='word_1_148' title='bbox 1376 338 1408 365; x_wconf 83' lang='grc' dir='ltr'>τὸ</span> <span class='ocrx_word' id='word_1_149' title='bbox 1422 338 1497 366; x_wconf 69' lang='grc' dir='ltr'>αὐτὸ.</span> <span class='ocrx_word' id='word_1_150' title='bbox 1516 339 1704 376; x_wconf 71' lang='grc' dir='ltr'>Παρακληθεὶς</span> <span class='ocrx_word' id='word_1_151' title='bbox 1718 341 1732 366; x_wconf 85' lang='grc' dir='ltr'>ὁ</span> <span class='ocrx_word' id='word_1_152' title='bbox 1748 340 1846 377; x_wconf 81' lang='grc' dir='ltr'><strong>Λόγος,</strong></span> <span class='ocrx_word' id='word_1_153' title='bbox 1861 339 1900 367; x_wconf 83' lang='grc' dir='ltr'>δι·</span> 
     </span>
    </p>
   </div>
   <div class='ocr_carea' id='block_1_23' title="bbox 1070 377 1898 422">
    <p class='ocr_par' dir='ltr' id='par_1_23' title="bbox 1070 377 1898 422">
     <span class='ocr_line' id='line_1_23' title="bbox 1070 377 1898 422; baseline 0.006 -16"><span class='ocrx_word' id='word_1_154' title='bbox 1070 377 1162 407; x_wconf 69' lang='grc' dir='ltr'>δάε-κει</span> <span class='ocrx_word' id='word_1_155' title='bbox 1188 380 1284 409; x_wconf 84' lang='grc' dir='ltr'>λοιπὸν</span> <span class='ocrx_word' id='word_1_156' title='bbox 1315 382 1398 416; x_wconf 81' lang='grc' dir='ltr'>αὐτὴν</span> <span class='ocrx_word' id='word_1_157' title='bbox 1423 381 1468 410; x_wconf 71' lang='grc' dir='ltr'><strong>διὰ</strong></span> <span class='ocrx_word' id='word_1_158' title='bbox 1490 383 1604 411; x_wconf 70' lang='grc' dir='ltr'>τούτων·</span> <span class='ocrx_word' id='word_1_159' title='bbox 1631 396 1641 409; x_wconf 75' lang='grc' dir='ltr'><strong>ι</strong></span> <span class='ocrx_word' id='word_1_160' title='bbox 1670 384 1730 411; x_wconf 80' lang='grc' dir='ltr'>Ἐὰν</span> <span class='ocrx_word' id='word_1_161' title='bbox 1758 386 1796 420; x_wconf 80' lang='grc' dir='ltr'>μή</span> <span class='ocrx_word' id='word_1_162' title='bbox 1824 387 1898 422; x_wconf 80' lang='grc' dir='ltr'>γνῷς</span> 
     </span>
    </p>
   </div>
   <div class='ocr_carea' id='block_1_24' title="bbox 1070 423 1897 466">
    <p class='ocr_par' dir='ltr' id='par_1_24' title="bbox 1070 423 1897 466">
     <span class='ocr_line' id='line_1_24' title="bbox 1070 423 1897 466; baseline 0.007 -16"><span class='ocrx_word' id='word_1_163' title='bbox 1070 423 1178 460; x_wconf 66' lang='grc' dir='ltr'>ἑαυτὴν,</span> <span class='ocrx_word' id='word_1_164' title='bbox 1195 426 1212 459; x_wconf 78' lang='grc' dir='ltr'>ἡ</span> <span class='ocrx_word' id='word_1_165' title='bbox 1228 425 1300 460; x_wconf 75' lang='grc' dir='ltr'>καλή</span> <span class='ocrx_word' id='word_1_166' title='bbox 1326 426 1352 453; x_wconf 71' lang='lat' dir='ltr'><strong>tv</strong></span> <span class='ocrx_word' id='word_1_167' title='bbox 1375 427 1504 464; x_wconf 72' lang='grc' dir='ltr'>γυναιξὶν,</span> <span class='ocrx_word' id='word_1_168' title='bbox 1528 426 1619 462; x_wconf 77' lang='grc' dir='ltr'><strong>ἔξελθε</strong></span> <span class='ocrx_word' id='word_1_169' title='bbox 1642 428 1667 455; x_wconf 78' lang='grc' dir='ltr'>ἒν</span> <span class='ocrx_word' id='word_1_170' title='bbox 1693 428 1818 466; x_wconf 76' lang='grc' dir='ltr'>πτέρναις</span> <span class='ocrx_word' id='word_1_171' title='bbox 1843 432 1897 456; x_wconf 81' lang='grc' dir='ltr'>τῶν</span> 
     </span>
    </p>
   </div>
   <div class='ocr_carea' id='block_1_25' title="bbox 1069 468 1899 510">
    <p class='ocr_par' dir='ltr' id='par_1_25' title="bbox 1069 468 1899 510">
     <span class='ocr_line' id='line_1_25' title="bbox 1069 468 1899 510; baseline 0.007 -16"><span class='ocrx_word' id='word_1_172' title='bbox 1069 468 1216 504; x_wconf 83' lang='grc' dir='ltr'><strong>ποιμνίων,</strong></span> <span class='ocrx_word' id='word_1_173' title='bbox 1242 471 1286 497; x_wconf 78' lang='grc' dir='ltr'>καὶ</span> <span class='ocrx_word' id='word_1_174' title='bbox 1312 471 1439 507; x_wconf 75' lang='grc' dir='ltr'>ποίμαινε</span> <span class='ocrx_word' id='word_1_175' title='bbox 1457 471 1505 502; x_wconf 75' lang='grc' dir='ltr'><strong>τὰς</strong></span> <span class='ocrx_word' id='word_1_176' title='bbox 1531 472 1638 510; x_wconf 72' lang='grc' dir='ltr'>ἐρίφους</span> <span class='ocrx_word' id='word_1_177' title='bbox 1663 483 1710 499; x_wconf 78' lang='grc' dir='ltr'><strong>σου</strong></span> <span class='ocrx_word' id='word_1_178' title='bbox 1734 473 1777 500; x_wconf 76' lang='grc' dir='ltr'>ἐπὶ</span> <span class='ocrx_word' id='word_1_179' title='bbox 1793 473 1899 508; x_wconf 71' lang='grc' dir='ltr'>σκηνώι</span> 
     </span>
    </p>
   </div>
   <div class='ocr_carea' id='block_1_26' title="bbox 1072 514 1898 554">
    <p class='ocr_par' dir='ltr' id='par_1_26' title="bbox 1072 514 1898 554">
     <span class='ocr_line' id='line_1_26' title="bbox 1072 514 1898 554; baseline 0.007 -15"><span class='ocrx_word' id='word_1_180' title='bbox 1072 523 1137 548; x_wconf 84' lang='grc' dir='ltr'><strong>μασι</strong></span> <span class='ocrx_word' id='word_1_181' title='bbox 1151 515 1204 540; x_wconf 80' lang='grc' dir='ltr'>τῶν</span> <span class='ocrx_word' id='word_1_182' title='bbox 1219 514 1366 550; x_wconf 74' lang='grc' dir='ltr'>ποιμένων.</span> <span class='ocrx_word' id='word_1_183' title='bbox 1384 527 1398 541; x_wconf 76' lang='grc' dir='ltr'>›ι</span> <span class='ocrx_word' id='word_1_184' title='bbox 1411 515 1450 544; x_wconf 83' lang='grc' dir='ltr'><strong>Οὐ</strong></span> <span class='ocrx_word' id='word_1_185' title='bbox 1466 514 1575 543; x_wconf 73' lang='grc' dir='ltr'>δύναται</span> <span class='ocrx_word' id='word_1_186' title='bbox 1585 516 1634 554; x_wconf 85' lang='grc' dir='ltr'><strong>γάρ</strong></span> <span class='ocrx_word' id='word_1_187' title='bbox 1649 527 1691 547; x_wconf 88' lang='grc' dir='ltr'><strong>τις</strong></span> <span class='ocrx_word' id='word_1_188' title='bbox 1706 519 1807 554; x_wconf 78' lang='grc' dir='ltr'>γνῶναι</span> <span class='ocrx_word' id='word_1_189' title='bbox 1821 518 1898 551; x_wconf 82' lang='grc' dir='ltr'>Θεὸν,</span> 
     </span>
    </p>
   </div>
   <div class='ocr_carea' id='block_1_27' title="bbox 1073 557 1899 599">
    <p class='ocr_par' dir='ltr' id='par_1_27' title="bbox 1073 557 1899 599">
     <span class='ocr_line' id='line_1_27' title="bbox 1073 557 1899 599; baseline 0.006 -15"><span class='ocrx_word' id='word_1_190' title='bbox 1073 557 1110 592; x_wconf 84' lang='grc' dir='ltr'>μὴ</span> <span class='ocrx_word' id='word_1_191' title='bbox 1127 557 1258 595; x_wconf 75' lang='grc' dir='ltr'>πρότερον</span> <span class='ocrx_word' id='word_1_192' title='bbox 1273 559 1356 596; x_wconf 77' lang='grc' dir='ltr'>γνοὺς</span> <span class='ocrx_word' id='word_1_193' title='bbox 1371 560 1474 588; x_wconf 77' lang='grc' dir='ltr'>ἑαυτόν.</span> <span class='ocrx_word' id='word_1_194' title='bbox 1491 558 1619 588; x_wconf 68' lang='grc' dir='ltr'>Εὐσέϐεια</span> <span class='ocrx_word' id='word_1_195' title='bbox 1642 561 1693 598; x_wconf 76' lang='grc' dir='ltr'><strong>γὰρ</strong></span> <span class='ocrx_word' id='word_1_196' title='bbox 1719 561 1758 592; x_wconf 74' lang='grc' dir='ltr'>εἷς</span> <span class='ocrx_word' id='word_1_197' title='bbox 1773 562 1837 589; x_wconf 85' lang='grc' dir='ltr'><strong>Θεὸν</strong></span> <span class='ocrx_word' id='word_1_198' title='bbox 1854 563 1899 599; x_wconf 73' lang='grc' dir='ltr'>ἀρ-</span> 
     </span>
    </p>
   </div>
   <div class='ocr_carea' id='block_1_28' title="bbox 1071 602 1899 643">
    <p class='ocr_par' dir='ltr' id='par_1_28' title="bbox 1071 602 1899 643">
     <span class='ocr_line' id='line_1_28' title="bbox 1071 602 1899 643; baseline 0.007 -15"><span class='ocrx_word' id='word_1_199' title='bbox 1071 602 1110 639; x_wconf 74' lang='grc' dir='ltr'><strong>χὴ</strong></span> <span class='ocrx_word' id='word_1_200' title='bbox 1126 602 1287 637; x_wconf 78' lang='grc' dir='ltr'>αἰσθήσεως·</span> <span class='ocrx_word' id='word_1_201' title='bbox 1305 603 1428 639; x_wconf 75' lang='grc' dir='ltr'>αἶ’σθησις</span> <span class='ocrx_word' id='word_1_202' title='bbox 1444 604 1473 632; x_wconf 52' lang='lat' dir='ltr'><strong>Si</strong></span> <span class='ocrx_word' id='word_1_203' title='bbox 1488 605 1541 643; x_wconf 80' lang='grc' dir='ltr'>οὐχ</span> <span class='ocrx_word' id='word_1_204' title='bbox 1556 606 1573 640; x_wconf 78' lang='grc' dir='ltr'>ἡ</span> <span class='ocrx_word' id='word_1_205' title='bbox 1590 604 1697 642; x_wconf 74' lang='grc' dir='ltr'>ἔξωθεν,</span> <span class='ocrx_word' id='word_1_206' title='bbox 1714 605 1778 633; x_wconf 82' lang='grc' dir='ltr'>ἀλλ’</span> <span class='ocrx_word' id='word_1_207' title='bbox 1793 608 1810 641; x_wconf 83' lang='grc' dir='ltr'>ἡ</span> <span class='ocrx_word' id='word_1_208' title='bbox 1830 607 1899 634; x_wconf 75' lang='grc' dir='ltr'>κατὰ</span> 
     </span>
    </p>
   </div>
   <div class='ocr_carea' id='block_1_29' title="bbox 1071 645 1899 689">
    <p class='ocr_par' dir='ltr' id='par_1_29' title="bbox 1071 645 1899 689">
     <span class='ocr_line' id='line_1_29' title="bbox 1071 645 1899 689; baseline 0.006 -16"><span class='ocrx_word' id='word_1_209' title='bbox 1071 647 1163 683; x_wconf 76' lang='grc' dir='ltr'>ψυχὴν</span> <span class='ocrx_word' id='word_1_210' title='bbox 1180 645 1286 675; x_wconf 77' lang='grc' dir='ltr'>διάνοια</span> <span class='ocrx_word' id='word_1_211' title='bbox 1303 649 1369 684; x_wconf 77' lang='grc' dir='ltr'>μετὰ</span> <span class='ocrx_word' id='word_1_212' title='bbox 1388 649 1513 680; x_wconf 78' lang='grc' dir='ltr'>πίστεως.</span> <span class='ocrx_word' id='word_1_213' title='bbox 1536 650 1566 677; x_wconf 80' lang='grc' dir='ltr'><strong><em>Ἡ</em></strong></span> <span class='ocrx_word' id='word_1_214' title='bbox 1590 650 1781 687; x_wconf 75' lang='grc' dir='ltr'>Ἰερουσαλὴμ,</span> <span class='ocrx_word' id='word_1_215' title='bbox 1807 652 1899 689; x_wconf 79' lang='grc' dir='ltr'>ὁρῶσα</span> 
     </span>
    </p>
   </div>
   <div class='ocr_carea' id='block_1_30' title="bbox 1069 691 1900 732">
    <p class='ocr_par' dir='ltr' id='par_1_30' title="bbox 1069 691 1900 732">
     <span class='ocr_line' id='line_1_30' title="bbox 1069 691 1900 732; baseline 0.006 -14"><span class='ocrx_word' id='word_1_216' title='bbox 1069 691 1118 724; x_wconf 81' lang='grc' dir='ltr'><strong>τήν</strong></span> <span class='ocrx_word' id='word_1_217' title='bbox 1146 691 1244 726; x_wconf 79' lang='grc' dir='ltr'><strong>κλῆσιν</strong></span> <span class='ocrx_word' id='word_1_218' title='bbox 1274 695 1328 720; x_wconf 80' lang='grc' dir='ltr'><strong>τῶν</strong></span> <span class='ocrx_word' id='word_1_219' title='bbox 1355 693 1438 725; x_wconf 69' lang='grc' dir='ltr'>ἐθνῶν</span> <span class='ocrx_word' id='word_1_220' title='bbox 1462 693 1605 731; x_wconf 74' lang='grc' dir='ltr'><strong>γινομένην</strong></span> <span class='ocrx_word' id='word_1_221' title='bbox 1630 694 1655 721; x_wconf 83' lang='grc' dir='ltr'>ἐν</span> <span class='ocrx_word' id='word_1_222' title='bbox 1673 692 1835 732; x_wconf 68' lang='grc' dir='ltr'>ἀκροϐυστίᾳ</span> <span class='ocrx_word' id='word_1_223' title='bbox 1855 695 1900 723; x_wconf 83' lang='grc' dir='ltr'>πί-</span> 
     </span>
    </p>
   </div>
   <div class='ocr_carea' id='block_1_31' title="bbox 1070 736 1901 776">
    <p class='ocr_par' dir='ltr' id='par_1_31' title="bbox 1070 736 1901 776">
     <span class='ocr_line' id='line_1_31' title="bbox 1070 736 1901 776; baseline 0.006 -14"><span class='ocrx_word' id='word_1_224' title='bbox 1070 746 1164 771; x_wconf 79' lang='grc' dir='ltr'>ατεως,</span> <span class='ocrx_word' id='word_1_225' title='bbox 1192 737 1365 773; x_wconf 82' lang='grc' dir='ltr'><strong>θαυμάζουσα</strong></span> <span class='ocrx_word' id='word_1_226' title='bbox 1389 737 1473 776; x_wconf 74' lang='grc' dir='ltr'>λέγει·</span> <span class='ocrx_word' id='word_1_227' title='bbox 1493 751 1505 763; x_wconf 81' lang='grc' dir='ltr'>ι(</span> <span class='ocrx_word' id='word_1_228' title='bbox 1521 738 1551 765; x_wconf 86' lang='grc' dir='ltr'>Τί</span> <span class='ocrx_word' id='word_1_229' title='bbox 1575 736 1670 775; x_wconf 75' lang='grc' dir='ltr'>ὄψεσθε</span> <span class='ocrx_word' id='word_1_230' title='bbox 1690 738 1716 766; x_wconf 81' lang='grc' dir='ltr'>ἐν</span> <span class='ocrx_word' id='word_1_231' title='bbox 1741 741 1774 776; x_wconf 85' lang='grc' dir='ltr'><strong>τῇ</strong></span> <span class='ocrx_word' id='word_1_232' title='bbox 1800 743 1901 767; x_wconf 81' lang='grc' dir='ltr'>Σουνα-</span> 
     </span>
    </p>
   </div>
   <div class='ocr_carea' id='block_1_32' title="bbox 1071 779 1899 821">
    <p class='ocr_par' dir='ltr' id='par_1_32' title="bbox 1071 779 1899 821">
     <span class='ocr_line' id='line_1_32' title="bbox 1071 779 1899 821; baseline 0.006 -14"><span class='ocrx_word' id='word_1_233' title='bbox 1071 779 1167 816; x_wconf 78' lang='grc' dir='ltr'>μίτιδι,</span> <span class='ocrx_word' id='word_1_234' title='bbox 1181 782 1198 815; x_wconf 84' lang='grc' dir='ltr'>ἠ</span> <span class='ocrx_word' id='word_1_235' title='bbox 1214 781 1351 819; x_wconf 77' lang='grc' dir='ltr'>ἐρχομένη</span> <span class='ocrx_word' id='word_1_236' title='bbox 1378 783 1415 813; x_wconf 85' lang='grc' dir='ltr'>ὡς</span> <span class='ocrx_word' id='word_1_237' title='bbox 1439 783 1520 820; x_wconf 85' lang='grc' dir='ltr'>χοροὶ</span> <span class='ocrx_word' id='word_1_238' title='bbox 1535 786 1589 810; x_wconf 81' lang='grc' dir='ltr'>τών</span> <span class='ocrx_word' id='word_1_239' title='bbox 1611 781 1815 821; x_wconf 75' lang='grc' dir='ltr'>παρεμϐολῶν;</span> <span class='ocrx_word' id='word_1_240' title='bbox 1834 796 1846 809; x_wconf 82' lang='lat' dir='ltr'>n</span> <span class='ocrx_word' id='word_1_241' title='bbox 1862 784 1899 812; x_wconf 81' lang='grc' dir='ltr'><strong>Οὐ</strong></span> 
     </span>
    </p>
   </div>
   <div class='ocr_carea' id='block_1_33' title="bbox 1069 825 1899 868">
    <p class='ocr_par' dir='ltr' id='par_1_33' title="bbox 1069 825 1899 868">
     <span class='ocr_line' id='line_1_33' title="bbox 1069 825 1899 868; baseline 0.005 -16"><span class='ocrx_word' id='word_1_242' title='bbox 1069 825 1121 863; x_wconf 75' lang='grc' dir='ltr'><strong>γὰρ</strong></span> <span class='ocrx_word' id='word_1_243' title='bbox 1137 825 1162 861; x_wconf 77' lang='grc' dir='ltr'>ἐξ</span> <span class='ocrx_word' id='word_1_244' title='bbox 1178 825 1248 862; x_wconf 75' lang='grc' dir='ltr'>ὶνὸς,</span> <span class='ocrx_word' id='word_1_245' title='bbox 1272 826 1335 854; x_wconf 82' lang='grc' dir='ltr'>ἀλλ’</span> <span class='ocrx_word' id='word_1_246' title='bbox 1349 827 1378 854; x_wconf 75' lang='grc' dir='ltr'><strong>ἐκ</strong></span> <span class='ocrx_word' id='word_1_247' title='bbox 1399 827 1499 858; x_wconf 84' lang='grc' dir='ltr'>παντὸς</span> <span class='ocrx_word' id='word_1_248' title='bbox 1520 826 1612 859; x_wconf 75' lang='grc' dir='ltr'>ἔθνους</span> <span class='ocrx_word' id='word_1_249' title='bbox 1636 826 1769 865; x_wconf 80' lang='grc' dir='ltr'>ἤρχοντο,</span> <span class='ocrx_word' id='word_1_250' title='bbox 1789 828 1899 868; x_wconf 60' lang='grc' dir='ltr'>ἀφέντες</span> 
     </span>
    </p>
   </div>
   <div class='ocr_carea' id='block_1_34' title="bbox 1067 869 1897 911">
    <p class='ocr_par' dir='ltr' id='par_1_34' title="bbox 1067 869 1897 911">
     <span class='ocr_line' id='line_1_34' title="bbox 1067 869 1897 911; baseline 0.005 -15"><span class='ocrx_word' id='word_1_251' title='bbox 1067 870 1115 900; x_wconf 83' lang='grc' dir='ltr'><strong>τὰς</strong></span> <span class='ocrx_word' id='word_1_252' title='bbox 1132 869 1201 902; x_wconf 76' lang='grc' dir='ltr'>ἰδίας</span> <span class='ocrx_word' id='word_1_253' title='bbox 1225 869 1414 909; x_wconf 78' lang='grc' dir='ltr'>παρεμϐολὰς,</span> <span class='ocrx_word' id='word_1_254' title='bbox 1441 872 1486 899; x_wconf 77' lang='grc' dir='ltr'>καὶ</span> <span class='ocrx_word' id='word_1_255' title='bbox 1511 872 1700 910; x_wconf 77' lang='grc' dir='ltr'>συντρίψαντες</span> <span class='ocrx_word' id='word_1_256' title='bbox 1724 873 1770 904; x_wconf 75' lang='grc' dir='ltr'>τὰς</span> <span class='ocrx_word' id='word_1_257' title='bbox 1796 873 1897 911; x_wconf 83' lang='grc' dir='ltr'>μαχαί-</span> 
     </span>
    </p>
   </div>
   <div class='ocr_carea' id='block_1_35' title="bbox 1068 914 1896 954">
    <p class='ocr_par' dir='ltr' id='par_1_35' title="bbox 1068 914 1896 954">
     <span class='ocr_line' id='line_1_35' title="bbox 1068 914 1896 954; baseline 0.004 -13"><span class='ocrx_word' id='word_1_258' title='bbox 1068 924 1127 952; x_wconf 72' lang='grc' dir='ltr'>ρας,</span> <span class='ocrx_word' id='word_1_259' title='bbox 1156 915 1200 942; x_wconf 79' lang='grc' dir='ltr'>καὶ</span> <span class='ocrx_word' id='word_1_260' title='bbox 1231 914 1327 943; x_wconf 86' lang='grc' dir='ltr'>λοιπὸν</span> <span class='ocrx_word' id='word_1_261' title='bbox 1359 915 1482 953; x_wconf 73' lang='grc' dir='ltr'>εἰρηνικᾶ</span> <span class='ocrx_word' id='word_1_262' title='bbox 1511 919 1685 954; x_wconf 73' lang='grc' dir='ltr'>φτονοῦντες.</span> <span class='ocrx_word' id='word_1_263' title='bbox 1704 917 1734 944; x_wconf 85' lang='grc' dir='ltr'>Ἥ</span> <span class='ocrx_word' id='word_1_264' title='bbox 1762 916 1788 952; x_wconf 65' lang='grc' dir='ltr'>ἐξ</span> <span class='ocrx_word' id='word_1_265' title='bbox 1812 917 1896 949; x_wconf 79' lang='grc' dir='ltr'>ἐθνῶν</span> 
     </span>
    </p>
   </div>
   <div class='ocr_carea' id='block_1_36' title="bbox 189 954 1009 1000">
    <p class='ocr_par' dir='ltr' id='par_1_36' title="bbox 189 954 1009 999">
     <span class='ocr_line' id='line_1_36' title="bbox 189 954 1009 999; baseline -0.004 -7"><span class='ocrx_word' id='word_1_266' title='bbox 189 954 293 992; x_wconf 75' lang='lat' dir='ltr'><strong>factam</strong></span> <span class='ocrx_word' id='word_1_267' title='bbox 316 965 345 992; x_wconf 85' lang='lat' dir='ltr'><strong>in</strong></span> <span class='ocrx_word' id='word_1_268' title='bbox 372 962 513 999; x_wconf 67' lang='lat' dir='ltr'><strong>praeputio</strong></span> <span class='ocrx_word' id='word_1_269' title='bbox 539 961 617 995; x_wconf 85' lang='lat' dir='ltr'><strong>ﬁdei,</strong></span> <span class='ocrx_word' id='word_1_270' title='bbox 648 970 715 989; x_wconf 89' lang='lat' dir='ltr'><strong>cum</strong></span> <span class='ocrx_word' id='word_1_271' title='bbox 731 961 924 989; x_wconf 87' lang='lat' dir='ltr'><strong>admiratione</strong></span> <span class='ocrx_word' id='word_1_272' title='bbox 951 961 1009 989; x_wconf 82' lang='lat' dir='ltr'><strong>ait:</strong></span> 
     </span>
    </p>
   </div>
   <div class='ocr_carea' id='block_1_37' title="bbox 1065 954 1896 1000">
    <p class='ocr_par' dir='ltr' id='par_1_37' title="bbox 1067 958 1896 1000">
     <span class='ocr_line' id='line_1_37' title="bbox 1067 958 1896 1000; baseline 0.005 -14"><span class='ocrx_word' id='word_1_273' title='bbox 1067 958 1158 996; x_wconf 81' lang='grc' dir='ltr'>ὁρῶσα</span> <span class='ocrx_word' id='word_1_274' title='bbox 1172 960 1221 993; x_wconf 83' lang='grc' dir='ltr'><strong>τήν</strong></span> <span class='ocrx_word' id='word_1_275' title='bbox 1246 959 1437 997; x_wconf 83' lang='grc' dir='ltr'>Ἰερουσαλὴμ,</span> <span class='ocrx_word' id='word_1_276' title='bbox 1464 960 1555 998; x_wconf 83' lang='grc' dir='ltr'>ὥσπερ</span> <span class='ocrx_word' id='word_1_277' title='bbox 1580 961 1769 1000; x_wconf 68' lang='grc' dir='ltr'>μεμφομένην,</span> <span class='ocrx_word' id='word_1_278' title='bbox 1795 962 1896 991; x_wconf 77' lang='grc' dir='ltr'>ἀπολο-</span> 
     </span>
    </p>
   </div>
   <div class='ocr_carea' id='block_1_38' title="bbox 188 1006 1012 1042">
    <p class='ocr_par' dir='ltr' id='par_1_38' title="bbox 188 1006 1012 1042">
     <span class='ocr_line' id='line_1_38' title="bbox 188 1006 1012 1042; baseline -0.001 -8"><span class='ocrx_word' id='word_1_279' title='bbox 188 1021 202 1034; x_wconf 85' lang='grc'><strong>‹‹</strong></span> <span class='ocrx_word' id='word_1_280' title='bbox 217 1009 291 1041; x_wconf 85' lang='lat' dir='ltr'><strong>Quid</strong></span> <span class='ocrx_word' id='word_1_281' title='bbox 315 1007 451 1036; x_wconf 85' lang='lat' dir='ltr'><strong>videbitis</strong></span> <span class='ocrx_word' id='word_1_282' title='bbox 475 1007 504 1034; x_wconf 91' lang='lat' dir='ltr'><strong>in</strong></span> <span class='ocrx_word' id='word_1_283' title='bbox 534 1006 729 1039; x_wconf 85' lang='lat' dir='ltr'><strong>Sunamitide,</strong></span> <span class='ocrx_word' id='word_1_284' title='bbox 756 1015 819 1042; x_wconf 71' lang='lat' dir='ltr'><strong>quia</strong></span> <span class='ocrx_word' id='word_1_285' title='bbox 835 1006 913 1034; x_wconf 84' lang='lat' dir='ltr'><strong>venit</strong></span> <span class='ocrx_word' id='word_1_286' title='bbox 934 1006 1012 1034; x_wconf 82' lang='lat' dir='ltr'><strong>sicut</strong></span> 
     </span>
    </p>
   </div>
   <div class='ocr_carea' id='block_1_39' title="bbox 187 1051 1010 1088">
    <p class='ocr_par' dir='ltr' id='par_1_39' title="bbox 187 1051 1010 1088">
     <span class='ocr_line' id='line_1_39' title="bbox 187 1051 1010 1088; baseline -0.002 -7"><span class='ocrx_word' id='word_1_287' title='bbox 187 1054 268 1082; x_wconf 89' lang='lat' dir='ltr'><strong>chori</strong></span> <span class='ocrx_word' id='word_1_288' title='bbox 284 1056 447 1081; x_wconf 88' lang='lat' dir='ltr'><strong>castrorum</strong></span> <span class='ocrx_word' id='word_1_289' title='bbox 463 1053 484 1069; x_wconf 81' lang='grc'>⁴¹</span> <span class='ocrx_word' id='word_1_290' title='bbox 496 1052 510 1078; x_wconf 77' lang='grc' dir='ltr'>Ῡ</span> <span class='ocrx_word' id='word_1_291' title='bbox 526 1063 540 1076; x_wconf 83' lang='lat' dir='ltr'><em>n</em></span> <span class='ocrx_word' id='word_1_292' title='bbox 555 1051 617 1079; x_wconf 90' lang='lat' dir='ltr'><strong>Non</strong></span> <span class='ocrx_word' id='word_1_293' title='bbox 632 1051 707 1079; x_wconf 89' lang='lat' dir='ltr'><strong>enim</strong></span> <span class='ocrx_word' id='word_1_294' title='bbox 721 1060 756 1079; x_wconf 83' lang='lat' dir='ltr'><strong>ex</strong></span> <span class='ocrx_word' id='word_1_295' title='bbox 776 1060 835 1079; x_wconf 86' lang='lat' dir='ltr'><strong>una</strong></span> <span class='ocrx_word' id='word_1_296' title='bbox 851 1054 947 1088; x_wconf 83' lang='lat' dir='ltr'><strong>gente,</strong></span> <span class='ocrx_word' id='word_1_297' title='bbox 959 1052 1010 1079; x_wconf 82' lang='lat' dir='ltr'><strong>sed</strong></span> 
     </span>
    </p>
   </div>
   <div class='ocr_carea' id='block_1_40' title="bbox 187 1095 1010 1131">
    <p class='ocr_par' dir='ltr' id='par_1_40' title="bbox 187 1095 1010 1131">
     <span class='ocr_line' id='line_1_40' title="bbox 187 1095 1010 1131; baseline -0.002 -6"><span class='ocrx_word' id='word_1_298' title='bbox 187 1106 221 1125; x_wconf 85' lang='lat' dir='ltr'><strong>ex</strong></span> <span class='ocrx_word' id='word_1_299' title='bbox 237 1097 375 1125; x_wconf 87' lang='lat' dir='ltr'><strong>omnibus</strong></span> <span class='ocrx_word' id='word_1_300' title='bbox 389 1095 654 1129; x_wconf 86' lang='lat' dir='ltr'><strong>venerunt,relictis</strong></span> <span class='ocrx_word' id='word_1_301' title='bbox 669 1095 794 1131; x_wconf 83' lang='lat' dir='ltr'><strong>propriis</strong></span> <span class='ocrx_word' id='word_1_302' title='bbox 810 1095 925 1130; x_wconf 85' lang='lat' dir='ltr'><strong>castris,</strong></span> <span class='ocrx_word' id='word_1_303' title='bbox 942 1104 1010 1123; x_wconf 82' lang='lat' dir='ltr'><strong>oon-</strong></span> 
     </span>
    </p>
   </div>
   <div class='ocr_carea' id='block_1_41' title="bbox 187 1139 1010 1176">
    <p class='ocr_par' dir='ltr' id='par_1_41' title="bbox 187 1139 1010 1176">
     <span class='ocr_line' id='line_1_41' title="bbox 187 1139 1010 1176; baseline 0 -8"><span class='ocrx_word' id='word_1_304' title='bbox 187 1141 349 1176; x_wconf 77' lang='lat' dir='ltr'><strong>fractisque</strong></span> <span class='ocrx_word' id='word_1_305' title='bbox 361 1139 621 1176; x_wconf 85' lang='lat' dir='ltr'><strong>gladiis,deinceps</strong></span> <span class='ocrx_word' id='word_1_306' title='bbox 632 1148 696 1175; x_wconf 61' lang='lat' dir='ltr'><strong>quis</strong></span> <span class='ocrx_word' id='word_1_307' title='bbox 712 1140 792 1175; x_wconf 89' lang='lat' dir='ltr'><strong>pacis</strong></span> <span class='ocrx_word' id='word_1_308' title='bbox 808 1142 878 1167; x_wconf 90' lang='lat' dir='ltr'><strong>sunt</strong></span> <span class='ocrx_word' id='word_1_309' title='bbox 894 1140 1010 1175; x_wconf 87' lang='lat' dir='ltr'><strong>sapien-</strong></span> 
     </span>
    </p>
   </div>
   <div class='ocr_carea' id='block_1_42' title="bbox 187 1183 1009 1219">
    <p class='ocr_par' dir='ltr' id='par_1_42' title="bbox 187 1183 1009 1219">
     <span class='ocr_line' id='line_1_42' title="bbox 187 1183 1009 1219; baseline -0.001 -6"><span class='ocrx_word' id='word_1_310' title='bbox 187 1188 240 1213; x_wconf 87' lang='lat' dir='ltr'><strong>tes.</strong></span> <span class='ocrx_word' id='word_1_311' title='bbox 258 1184 388 1213; x_wconf 85' lang='lat' dir='ltr'><strong>Ecclesia</strong></span> <span class='ocrx_word' id='word_1_312' title='bbox 412 1192 479 1212; x_wconf 87' lang='lat' dir='ltr'><strong>vero</strong></span> <span class='ocrx_word' id='word_1_313' title='bbox 495 1192 530 1211; x_wconf 84' lang='lat' dir='ltr'><strong>ex</strong></span> <span class='ocrx_word' id='word_1_314' title='bbox 545 1184 692 1219; x_wconf 77' lang='lat' dir='ltr'><strong>gentibus,</strong></span> <span class='ocrx_word' id='word_1_315' title='bbox 709 1185 811 1211; x_wconf 87' lang='lat' dir='ltr'><strong>videns</strong></span> <span class='ocrx_word' id='word_1_316' title='bbox 834 1183 1009 1219; x_wconf 82' lang='lat' dir='ltr'><strong>Jerusalem,</strong></span> 
     </span>
    </p>
   </div>
   <div class='ocr_carea' id='block_1_43' title="bbox 187 1228 1011 1265">
    <p class='ocr_par' dir='ltr' id='par_1_43' title="bbox 187 1228 1011 1265">
     <span class='ocr_line' id='line_1_43' title="bbox 187 1228 1011 1265; baseline -0.001 -8"><span class='ocrx_word' id='word_1_317' title='bbox 187 1229 272 1265; x_wconf 87' lang='lat' dir='ltr'><strong>quasi</strong></span> <span class='ocrx_word' id='word_1_318' title='bbox 284 1237 315 1257; x_wconf 88' lang='lat' dir='ltr'><strong>se</strong></span> <span class='ocrx_word' id='word_1_319' title='bbox 330 1231 514 1264; x_wconf 82' lang='lat' dir='ltr'><strong>arguentem,</strong></span> <span class='ocrx_word' id='word_1_320' title='bbox 527 1236 590 1256; x_wconf 90' lang='lat' dir='ltr'><strong>sese</strong></span> <span class='ocrx_word' id='word_1_321' title='bbox 606 1228 746 1261; x_wconf 85' lang='lat' dir='ltr'><strong>defendit,</strong></span> <span class='ocrx_word' id='word_1_322' title='bbox 758 1229 860 1256; x_wconf 83' lang='lat' dir='ltr'><strong>dicens</strong></span> <span class='ocrx_word' id='word_1_323' title='bbox 875 1237 930 1256; x_wconf 88' lang='lat' dir='ltr'><strong>non</strong></span> <span class='ocrx_word' id='word_1_324' title='bbox 949 1230 1011 1256; x_wconf 87' lang='lat' dir='ltr'><strong>ina-</strong></span> 
     </span>
    </p>
   </div>
   <div class='ocr_carea' id='block_1_44' title="bbox 187 1273 1009 1310">
    <p class='ocr_par' dir='ltr' id='par_1_44' title="bbox 187 1273 1009 1310">
     <span class='ocr_line' id='line_1_44' title="bbox 187 1273 1009 1310; baseline 0 -9"><span class='ocrx_word' id='word_1_325' title='bbox 187 1282 254 1302; x_wconf 88' lang='lat' dir='ltr'><strong>nem</strong></span> <span class='ocrx_word' id='word_1_326' title='bbox 275 1274 367 1301; x_wconf 85' lang='lat' dir='ltr'><strong>fuisse</strong></span> <span class='ocrx_word' id='word_1_327' title='bbox 380 1273 562 1301; x_wconf 83' lang='lat' dir='ltr'><strong>vocationem</strong></span> <span class='ocrx_word' id='word_1_328' title='bbox 579 1281 681 1300; x_wconf 81' lang='lat' dir='ltr'><strong>suam:</strong></span> <span class='ocrx_word' id='word_1_329' title='bbox 698 1284 712 1297; x_wconf 76' lang='grc' dir='ltr'>(ι</span> <span class='ocrx_word' id='word_1_330' title='bbox 729 1273 817 1310; x_wconf 78' lang='lat' dir='ltr'><strong>Nigra</strong></span> <span class='ocrx_word' id='word_1_331' title='bbox 831 1282 897 1301; x_wconf 90' lang='lat' dir='ltr'><strong>sum</strong></span> <span class='ocrx_word' id='word_1_332' title='bbox 910 1276 938 1301; x_wconf 87' lang='lat' dir='ltr'><strong>et</strong></span> <span class='ocrx_word' id='word_1_333' title='bbox 954 1274 1009 1301; x_wconf 83' lang='lat' dir='ltr'><strong>for-</strong></span> 
     </span>
    </p>
   </div>
   <div class='ocr_carea' id='block_1_45' title="bbox 187 1316 1009 1352">
    <p class='ocr_par' dir='ltr' id='par_1_45' title="bbox 187 1316 1009 1352">
     <span class='ocr_line' id='line_1_45' title="bbox 187 1316 1009 1352; baseline 0.001 -7"><span class='ocrx_word' id='word_1_334' title='bbox 187 1325 280 1351; x_wconf 89' lang='lat' dir='ltr'><strong>mosa,</strong></span> <span class='ocrx_word' id='word_1_335' title='bbox 310 1317 376 1344; x_wconf 72' lang='lat' dir='ltr'><strong>ﬁliae</strong></span> <span class='ocrx_word' id='word_1_336' title='bbox 401 1317 574 1348; x_wconf 87' lang='lat' dir='ltr'><strong>Jerusalem,</strong></span> <span class='ocrx_word' id='word_1_337' title='bbox 601 1316 676 1344; x_wconf 81' lang='lat' dir='ltr'><strong>sicut</strong></span> <span class='ocrx_word' id='word_1_338' title='bbox 696 1317 886 1345; x_wconf 83' lang='lat' dir='ltr'><strong>tabernacula</strong></span> <span class='ocrx_word' id='word_1_339' title='bbox 908 1319 1009 1352; x_wconf 80' lang='lat' dir='ltr'><strong>Cedar,</strong></span> 
     </span>
    </p>
   </div>
   <div class='ocr_carea' id='block_1_46' title="bbox 186 1361 1009 1399">
    <p class='ocr_par' dir='ltr' id='par_1_46' title="bbox 186 1361 1009 1399">
     <span class='ocr_line' id='line_1_46' title="bbox 186 1361 1009 1399; baseline 0.001 -10"><span class='ocrx_word' id='word_1_340' title='bbox 186 1362 262 1390; x_wconf 83' lang='lat' dir='ltr'><strong>sicut</strong></span> <span class='ocrx_word' id='word_1_341' title='bbox 276 1361 366 1398; x_wconf 86' lang='lat' dir='ltr'><strong>pelles</strong></span> <span class='ocrx_word' id='word_1_342' title='bbox 382 1361 554 1389; x_wconf 85' lang='lat' dir='ltr'><strong>Salomonis.</strong></span> <span class='ocrx_word' id='word_1_343' title='bbox 568 1361 662 1388; x_wconf 86' lang='lat' dir='ltr'><strong>Nolite</strong></span> <span class='ocrx_word' id='word_1_344' title='bbox 677 1369 723 1389; x_wconf 88' lang='lat' dir='ltr'><strong>me</strong></span> <span class='ocrx_word' id='word_1_345' title='bbox 732 1362 1009 1399; x_wconf 83' lang='lat' dir='ltr'><strong>considerare,quod</strong></span> 
     </span>
    </p>
   </div>
   <div class='ocr_carea' id='block_1_47' title="bbox 186 1406 1011 1441">
    <p class='ocr_par' dir='ltr' id='par_1_47' title="bbox 186 1406 1011 1441">
     <span class='ocr_line' id='line_1_47' title="bbox 186 1406 1011 1441; baseline 0.002 -8"><span class='ocrx_word' id='word_1_346' title='bbox 186 1407 269 1433; x_wconf 87' lang='lat' dir='ltr'><strong>fusca</strong></span> <span class='ocrx_word' id='word_1_347' title='bbox 283 1406 350 1439; x_wconf 90' lang='lat' dir='ltr'><strong>sim,</strong></span> <span class='ocrx_word' id='word_1_348' title='bbox 373 1406 444 1441; x_wconf 88' lang='lat' dir='ltr'><strong>quia</strong></span> <span class='ocrx_word' id='word_1_349' title='bbox 468 1406 602 1433; x_wconf 90' lang='lat' dir='ltr'><strong>obtuitus</strong></span> <span class='ocrx_word' id='word_1_350' title='bbox 628 1408 673 1433; x_wconf 91' lang='lat' dir='ltr'><strong>est</strong></span> <span class='ocrx_word' id='word_1_351' title='bbox 701 1414 747 1433; x_wconf 91' lang='lat' dir='ltr'><strong>me</strong></span> <span class='ocrx_word' id='word_1_352' title='bbox 762 1406 816 1434; x_wconf 90' lang='lat' dir='ltr'><strong>sol.</strong></span> <span class='ocrx_word' id='word_1_353' title='bbox 830 1406 893 1434; x_wconf 85' lang='lat' dir='ltr'><strong>Filii</strong></span> <span class='ocrx_word' id='word_1_354' title='bbox 908 1408 1011 1435; x_wconf 86' lang='lat' dir='ltr'><strong>matris</strong></span> 
     </span>
    </p>
   </div>
   <div class='ocr_carea' id='block_1_48' title="bbox 187 1452 1010 1486">
    <p class='ocr_par' dir='ltr' id='par_1_48' title="bbox 187 1452 1010 1486">
     <span class='ocr_line' id='line_1_48' title="bbox 187 1452 1010 1486; baseline 0.004 -9"><span class='ocrx_word' id='word_1_355' title='bbox 187 1458 257 1478; x_wconf 75' lang='lat' dir='ltr'><strong>meae</strong></span> <span class='ocrx_word' id='word_1_356' title='bbox 286 1452 490 1486; x_wconf 86' lang='lat' dir='ltr'><strong>pugnaverunt</strong></span> <span class='ocrx_word' id='word_1_357' title='bbox 514 1452 614 1478; x_wconf 89' lang='lat' dir='ltr'><strong>contra</strong></span> <span class='ocrx_word' id='word_1_358' title='bbox 631 1458 678 1477; x_wconf 87' lang='lat' dir='ltr'><strong>me</strong></span> <span class='ocrx_word' id='word_1_359' title='bbox 694 1454 874 1485; x_wconf 87' lang='lat' dir='ltr'><strong>:posuerunt</strong></span> <span class='ocrx_word' id='word_1_360' title='bbox 888 1459 935 1479; x_wconf 86' lang='lat' dir='ltr'><strong>me</strong></span> <span class='ocrx_word' id='word_1_361' title='bbox 961 1459 1010 1480; x_wconf 84' lang='lat' dir='ltr'><strong>cu-</strong></span> 
     </span>
    </p>
   </div>
   <div class='ocr_carea' id='block_1_49' title="bbox 186 1494 1011 1524">
    <p class='ocr_par' dir='ltr' id='par_1_49' title="bbox 186 1494 1011 1524">
     <span class='ocr_line' id='line_1_49' title="bbox 186 1494 1011 1524; baseline -0.001 -2"><span class='ocrx_word' id='word_1_362' title='bbox 186 1495 299 1522; x_wconf 88' lang='lat' dir='ltr'><strong>stodem</strong></span> <span class='ocrx_word' id='word_1_363' title='bbox 312 1495 342 1522; x_wconf 84' lang='lat' dir='ltr'><strong>in</strong></span> <span class='ocrx_word' id='word_1_364' title='bbox 358 1494 460 1522; x_wconf 86' lang='lat' dir='ltr'><strong>vineis.</strong></span> <span class='ocrx_word' id='word_1_365' title='bbox 472 1494 594 1522; x_wconf 87' lang='lat' dir='ltr'><strong>Vineam</strong></span> <span class='ocrx_word' id='word_1_366' title='bbox 610 1502 705 1522; x_wconf 87' lang='lat' dir='ltr'><strong>meam</strong></span> <span class='ocrx_word' id='word_1_367' title='bbox 723 1503 779 1522; x_wconf 91' lang='lat' dir='ltr'><strong>non</strong></span> <span class='ocrx_word' id='word_1_368' title='bbox 791 1495 932 1524; x_wconf 86' lang='lat' dir='ltr'><strong>eustodivi</strong></span> <span class='ocrx_word' id='word_1_369' title='bbox 947 1497 978 1524; x_wconf 83' lang='lat'>&quot;.</span> <span class='ocrx_word' id='word_1_370' title='bbox 997 1507 1011 1521; x_wconf 77' lang='grc' dir='ltr'><strong>υ</strong></span> 
     </span>
    </p>
   </div>
   <div class='ocr_carea' id='block_1_50' title="bbox 185 1538 1010 1575">
    <p class='ocr_par' dir='ltr' id='par_1_50' title="bbox 185 1538 1010 1575">
     <span class='ocr_line' id='line_1_50' title="bbox 185 1538 1010 1575; baseline 0.005 -10"><span class='ocrx_word' id='word_1_371' title='bbox 185 1538 273 1575; x_wconf 77' lang='lat' dir='ltr'><strong>Nigra</strong></span> <span class='ocrx_word' id='word_1_372' title='bbox 284 1548 362 1574; x_wconf 86' lang='lat' dir='ltr'><strong>sum,</strong></span> <span class='ocrx_word' id='word_1_373' title='bbox 380 1539 430 1567; x_wconf 89' lang='lat' dir='ltr'><strong>sed</strong></span> <span class='ocrx_word' id='word_1_374' title='bbox 448 1538 503 1566; x_wconf 88' lang='lat' dir='ltr'><strong>sub</strong></span> <span class='ocrx_word' id='word_1_375' title='bbox 517 1538 581 1575; x_wconf 90' lang='lat' dir='ltr'><strong>ipso</strong></span> <span class='ocrx_word' id='word_1_376' title='bbox 592 1538 652 1566; x_wconf 91' lang='lat' dir='ltr'><strong>sole</strong></span> <span class='ocrx_word' id='word_1_377' title='bbox 667 1547 745 1567; x_wconf 88' lang='lat' dir='ltr'><strong>sum.</strong></span> <span class='ocrx_word' id='word_1_378' title='bbox 763 1540 841 1568; x_wconf 91' lang='lat' dir='ltr'><strong>Licet</strong></span> <span class='ocrx_word' id='word_1_379' title='bbox 850 1540 928 1568; x_wconf 86' lang='lat' dir='ltr'><strong>enim</strong></span> <span class='ocrx_word' id='word_1_380' title='bbox 943 1549 1010 1569; x_wconf 84' lang='lat' dir='ltr'><strong>cum</strong></span> 
     </span>
    </p>
   </div>
   <div class='ocr_carea' id='block_1_51' title="bbox 186 1583 1010 1621">
    <p class='ocr_par' dir='ltr' id='par_1_51' title="bbox 186 1583 1010 1621">
     <span class='ocr_line' id='line_1_51' title="bbox 186 1583 1010 1621; baseline 0.004 -10"><span class='ocrx_word' id='word_1_381' title='bbox 186 1583 328 1619; x_wconf 75' lang='lat' dir='ltr'><strong>praeputio</strong></span> <span class='ocrx_word' id='word_1_382' title='bbox 345 1584 414 1617; x_wconf 88' lang='lat' dir='ltr'><strong>sim,</strong></span> <span class='ocrx_word' id='word_1_383' title='bbox 426 1585 455 1611; x_wconf 86' lang='lat' dir='ltr'><strong>at</strong></span> <span class='ocrx_word' id='word_1_384' title='bbox 479 1583 565 1611; x_wconf 88' lang='lat' dir='ltr'><strong>idolis</strong></span> <span class='ocrx_word' id='word_1_385' title='bbox 581 1583 756 1617; x_wconf 83' lang='lat' dir='ltr'><strong>renuntiavi,</strong></span> <span class='ocrx_word' id='word_1_386' title='bbox 773 1587 801 1611; x_wconf 88' lang='lat' dir='ltr'><strong>et</strong></span> <span class='ocrx_word' id='word_1_387' title='bbox 815 1592 934 1621; x_wconf 80' lang='lat' dir='ltr'><strong>egressa</strong></span> <span class='ocrx_word' id='word_1_388' title='bbox 944 1594 1010 1614; x_wconf 91' lang='lat' dir='ltr'><strong>sum</strong></span> 
     </span>
    </p>
   </div>
   <div class='ocr_carea' id='block_1_52' title="bbox 1065 1004 1895 1043">
    <p class='ocr_par' dir='ltr' id='par_1_52' title="bbox 1065 1004 1895 1043">
     <span class='ocr_line' id='line_1_52' title="bbox 1065 1004 1895 1043; baseline 0.004 -13"><span class='ocrx_word' id='word_1_389' title='bbox 1065 1006 1151 1041; x_wconf 81' lang='grc' dir='ltr'>γεῖται</span> <span class='ocrx_word' id='word_1_390' title='bbox 1167 1005 1229 1039; x_wconf 77' lang='grc' dir='ltr'>περὶ</span> <span class='ocrx_word' id='word_1_391' title='bbox 1245 1005 1353 1039; x_wconf 70' lang='grc' dir='ltr'>ἑαυτῆς·</span> <span class='ocrx_word' id='word_1_392' title='bbox 1371 1005 1412 1032; x_wconf 75' lang='grc' dir='ltr'><strong>ὅτι</strong></span> <span class='ocrx_word' id='word_1_393' title='bbox 1430 1006 1467 1041; x_wconf 80' lang='grc' dir='ltr'>μὴ</span> <span class='ocrx_word' id='word_1_394' title='bbox 1483 1006 1551 1043; x_wconf 77' lang='grc' dir='ltr'>ἀργή</span> <span class='ocrx_word' id='word_1_395' title='bbox 1569 1004 1652 1040; x_wconf 81' lang='grc' dir='ltr'>αὐτῆς</span> <span class='ocrx_word' id='word_1_396' title='bbox 1669 1005 1739 1033; x_wconf 72' lang='grc' dir='ltr'>ἐστιν</span> <span class='ocrx_word' id='word_1_397' title='bbox 1751 1007 1767 1040; x_wconf 83' lang='grc' dir='ltr'><strong>ἡ</strong></span> <span class='ocrx_word' id='word_1_398' title='bbox 1785 1005 1895 1041; x_wconf 77' lang='grc' dir='ltr'>κλῆσις.</span> 
     </span>
    </p>
   </div>
   <div class='ocr_carea' id='block_1_53' title="bbox 1067 1048 1896 1087">
    <p class='ocr_par' dir='ltr' id='par_1_53' title="bbox 1067 1048 1896 1087">
     <span class='ocr_line' id='line_1_53' title="bbox 1067 1048 1896 1087; baseline 0.005 -13"><span class='ocrx_word' id='word_1_399' title='bbox 1067 1048 1214 1075; x_wconf 72' lang='grc' dir='ltr'>«Μέλαινά</span> <span class='ocrx_word' id='word_1_400' title='bbox 1230 1048 1286 1085; x_wconf 78' lang='grc' dir='ltr'>εἰμι</span> <span class='ocrx_word' id='word_1_401' title='bbox 1302 1048 1348 1076; x_wconf 75' lang='grc' dir='ltr'>καί</span> <span class='ocrx_word' id='word_1_402' title='bbox 1368 1049 1452 1084; x_wconf 80' lang='grc' dir='ltr'>καλὴ,</span> <span class='ocrx_word' id='word_1_403' title='bbox 1479 1049 1620 1087; x_wconf 71' lang='grc' dir='ltr'>θυγατέρες</span> <span class='ocrx_word' id='word_1_404' title='bbox 1642 1050 1832 1087; x_wconf 80' lang='grc' dir='ltr'>Ἰερουσαλὴμ,</span> <span class='ocrx_word' id='word_1_405' title='bbox 1857 1051 1896 1081; x_wconf 78' lang='grc' dir='ltr'>ὡς</span> 
     </span>
    </p>
   </div>
   <div class='ocr_carea' id='block_1_54' title="bbox 1066 1092 1896 1132">
    <p class='ocr_par' dir='ltr' id='par_1_54' title="bbox 1066 1092 1896 1132">
     <span class='ocr_line' id='line_1_54' title="bbox 1066 1092 1896 1132; baseline 0.005 -13"><span class='ocrx_word' id='word_1_406' title='bbox 1066 1093 1233 1128; x_wconf 77' lang='grc' dir='ltr'>σκηνώματα</span> <span class='ocrx_word' id='word_1_407' title='bbox 1250 1092 1354 1131; x_wconf 82' lang='grc' dir='ltr'>Κηδὰρ,</span> <span class='ocrx_word' id='word_1_408' title='bbox 1371 1094 1410 1125; x_wconf 79' lang='grc' dir='ltr'><strong>ὡς</strong></span> <span class='ocrx_word' id='word_1_409' title='bbox 1421 1092 1527 1132; x_wconf 78' lang='grc' dir='ltr'>δὲῥρεις</span> <span class='ocrx_word' id='word_1_410' title='bbox 1541 1093 1687 1130; x_wconf 84' lang='grc' dir='ltr'>Σαλομῶν.</span> <span class='ocrx_word' id='word_1_411' title='bbox 1706 1095 1753 1129; x_wconf 80' lang='grc' dir='ltr'><strong>Μὴ</strong></span> <span class='ocrx_word' id='word_1_412' title='bbox 1774 1094 1896 1132; x_wconf 74' lang='grc' dir='ltr'>βλὲψητὲ</span> 
     </span>
    </p>
   </div>
   <div class='ocr_carea' id='block_1_55' title="bbox 1068 1137 1896 1177">
    <p class='ocr_par' dir='ltr' id='par_1_55' title="bbox 1068 1137 1896 1177">
     <span class='ocr_line' id='line_1_55' title="bbox 1068 1137 1896 1177; baseline 0.004 -13"><span class='ocrx_word' id='word_1_413' title='bbox 1068 1148 1111 1174; x_wconf 85' lang='grc' dir='ltr'><strong>με,</strong></span> <span class='ocrx_word' id='word_1_414' title='bbox 1127 1137 1169 1164; x_wconf 76' lang='grc' dir='ltr'><strong>ὅτι</strong></span> <span class='ocrx_word' id='word_1_415' title='bbox 1193 1137 1245 1175; x_wconf 79' lang='grc' dir='ltr'><strong>ἐγώ</strong></span> <span class='ocrx_word' id='word_1_416' title='bbox 1274 1137 1492 1175; x_wconf 77' lang='grc' dir='ltr'>μεμελανωμένη</span> <span class='ocrx_word' id='word_1_417' title='bbox 1519 1138 1586 1174; x_wconf 74' lang='grc' dir='ltr'>εἷμὶ,</span> <span class='ocrx_word' id='word_1_418' title='bbox 1612 1138 1652 1166; x_wconf 75' lang='grc' dir='ltr'><strong>ὅτι</strong></span> <span class='ocrx_word' id='word_1_419' title='bbox 1677 1137 1832 1177; x_wconf 74' lang='grc' dir='ltr'>παρέὗλεψὲ</span> <span class='ocrx_word' id='word_1_420' title='bbox 1863 1150 1896 1175; x_wconf 87' lang='grc' dir='ltr'><strong>με</strong></span> 
     </span>
    </p>
   </div>
   <div class='ocr_carea' id='block_1_56' title="bbox 1066 1181 1896 1220">
    <p class='ocr_par' dir='ltr' id='par_1_56' title="bbox 1066 1181 1896 1220">
     <span class='ocr_line' id='line_1_56' title="bbox 1066 1181 1896 1220; baseline 0.002 -11"><span class='ocrx_word' id='word_1_421' title='bbox 1066 1182 1080 1209; x_wconf 87' lang='grc' dir='ltr'><strong>ὁ</strong></span> <span class='ocrx_word' id='word_1_422' title='bbox 1095 1181 1187 1216; x_wconf 73' lang='grc' dir='ltr'>ἥλιος.</span> <span class='ocrx_word' id='word_1_423' title='bbox 1208 1182 1263 1209; x_wconf 76' lang='grc' dir='ltr'><strong>Υἱοὶ</strong></span> <span class='ocrx_word' id='word_1_424' title='bbox 1281 1183 1386 1220; x_wconf 86' lang='grc' dir='ltr'>μητρός</span> <span class='ocrx_word' id='word_1_425' title='bbox 1413 1193 1466 1218; x_wconf 86' lang='grc' dir='ltr'><strong>μου</strong></span> <span class='ocrx_word' id='word_1_426' title='bbox 1489 1182 1657 1220; x_wconf 71' lang='grc' dir='ltr'>ἐμαχέσαντο</span> <span class='ocrx_word' id='word_1_427' title='bbox 1674 1182 1698 1210; x_wconf 69' lang='grc' dir='ltr'>ἦν</span> <span class='ocrx_word' id='word_1_428' title='bbox 1718 1183 1789 1219; x_wconf 69' lang='grc' dir='ltr'>ἐμοί·</span> <span class='ocrx_word' id='word_1_429' title='bbox 1806 1182 1896 1211; x_wconf 76' lang='grc' dir='ltr'>ἔθεντό</span> 
     </span>
    </p>
   </div>
   <div class='ocr_carea' id='block_1_57' title="bbox 1067 1227 1896 1265">
    <p class='ocr_par' dir='ltr' id='par_1_57' title="bbox 1067 1227 1896 1265">
     <span class='ocr_line' id='line_1_57' title="bbox 1067 1227 1896 1265; baseline 0 -11"><span class='ocrx_word' id='word_1_430' title='bbox 1067 1237 1101 1263; x_wconf 87' lang='grc' dir='ltr'><strong>με</strong></span> <span class='ocrx_word' id='word_1_431' title='bbox 1124 1227 1288 1265; x_wconf 70' lang='grc' dir='ltr'>φυλάκεσσαν</span> <span class='ocrx_word' id='word_1_432' title='bbox 1315 1227 1341 1254; x_wconf 70' lang='grc' dir='ltr'>ἰν</span> <span class='ocrx_word' id='word_1_433' title='bbox 1367 1227 1544 1263; x_wconf 82' lang='grc' dir='ltr'>ἆμπελῶσιν.</span> <span class='ocrx_word' id='word_1_434' title='bbox 1570 1227 1734 1263; x_wconf 78' lang='grc' dir='ltr'>Ἀμπελῶνα</span> <span class='ocrx_word' id='word_1_435' title='bbox 1756 1227 1821 1263; x_wconf 75' lang='grc' dir='ltr'>ἐμὸν</span> <span class='ocrx_word' id='word_1_436' title='bbox 1847 1228 1896 1255; x_wconf 76' lang='grc' dir='ltr'><strong>οὐκ</strong></span> 
     </span>
    </p>
   </div>
   <div class='ocr_carea' id='block_1_58' title="bbox 1066 1270 1894 1310">
    <p class='ocr_par' dir='ltr' id='par_1_58' title="bbox 1066 1270 1894 1310">
     <span class='ocr_line' id='line_1_58' title="bbox 1066 1270 1894 1310; baseline 0.001 -12"><span class='ocrx_word' id='word_1_437' title='bbox 1066 1270 1193 1310; x_wconf 65' lang='grc' dir='ltr'>ἐφύλαξα.</span> <span class='ocrx_word' id='word_1_438' title='bbox 1210 1285 1223 1297; x_wconf 74' lang='grc' dir='ltr'><strong>υ</strong></span> <span class='ocrx_word' id='word_1_439' title='bbox 1238 1271 1359 1299; x_wconf 74' lang='grc' dir='ltr'>Μάλαινά</span> <span class='ocrx_word' id='word_1_440' title='bbox 1388 1272 1454 1308; x_wconf 69' lang='grc' dir='ltr'>εἶμι·</span> <span class='ocrx_word' id='word_1_441' title='bbox 1484 1271 1548 1299; x_wconf 77' lang='grc' dir='ltr'>ἀλλ’</span> <span class='ocrx_word' id='word_1_442' title='bbox 1578 1272 1622 1299; x_wconf 83' lang='grc' dir='ltr'><strong>ὑπ’</strong></span> <span class='ocrx_word' id='word_1_443' title='bbox 1645 1272 1724 1300; x_wconf 76' lang='grc' dir='ltr'>αὐτὸν</span> <span class='ocrx_word' id='word_1_444' title='bbox 1747 1273 1792 1299; x_wconf 83' lang='grc' dir='ltr'><strong>τὸν</strong></span> <span class='ocrx_word' id='word_1_445' title='bbox 1814 1272 1894 1306; x_wconf 70' lang='grc' dir='ltr'>ἥλιόν</span> 
     </span>
    </p>
   </div>
   <div class='ocr_carea' id='block_1_59' title="bbox 1066 1314 1895 1355">
    <p class='ocr_par' dir='ltr' id='par_1_59' title="bbox 1066 1314 1895 1355">
     <span class='ocr_line' id='line_1_59' title="bbox 1066 1314 1895 1355; baseline 0.001 -12"><span class='ocrx_word' id='word_1_446' title='bbox 1066 1316 1133 1352; x_wconf 84' lang='grc' dir='ltr'>εἰμι.</span> <span class='ocrx_word' id='word_1_447' title='bbox 1151 1316 1182 1343; x_wconf 84' lang='grc' dir='ltr'><strong>Εἰ</strong></span> <span class='ocrx_word' id='word_1_448' title='bbox 1197 1317 1247 1354; x_wconf 75' lang='grc' dir='ltr'><strong>γὰρ</strong></span> <span class='ocrx_word' id='word_1_449' title='bbox 1261 1316 1305 1344; x_wconf 82' lang='grc' dir='ltr'><strong>καὶ</strong></span> <span class='ocrx_word' id='word_1_450' title='bbox 1322 1314 1487 1353; x_wconf 77' lang='grc' dir='ltr'>ἀκρόϐυστός</span> <span class='ocrx_word' id='word_1_451' title='bbox 1513 1316 1579 1352; x_wconf 74' lang='grc' dir='ltr'>εἰμι,</span> <span class='ocrx_word' id='word_1_452' title='bbox 1598 1316 1690 1355; x_wconf 78' lang='grc' dir='ltr'>φησὶν,</span> <span class='ocrx_word' id='word_1_453' title='bbox 1714 1315 1776 1343; x_wconf 77' lang='grc' dir='ltr'>ἀλλ’</span> <span class='ocrx_word' id='word_1_454' title='bbox 1795 1316 1895 1344; x_wconf 82' lang='grc' dir='ltr'>ἀπετα-</span> 
     </span>
    </p>
   </div>
   <div class='ocr_carea' id='block_1_60' title="bbox 1066 1359 1894 1401">
    <p class='ocr_par' dir='ltr' id='par_1_60' title="bbox 1066 1359 1894 1401">
     <span class='ocr_line' id='line_1_60' title="bbox 1066 1359 1894 1401; baseline 0.001 -14"><span class='ocrx_word' id='word_1_455' title='bbox 1066 1360 1152 1396; x_wconf 81' lang='grc' dir='ltr'>ξάμην</span> <span class='ocrx_word' id='word_1_456' title='bbox 1169 1359 1306 1394; x_wconf 75' lang='grc' dir='ltr'>εἰδώλοις,</span> <span class='ocrx_word' id='word_1_457' title='bbox 1322 1361 1366 1388; x_wconf 76' lang='grc' dir='ltr'>καὶ</span> <span class='ocrx_word' id='word_1_458' title='bbox 1383 1360 1495 1396; x_wconf 80' lang='grc' dir='ltr'>ἐξῆλθον</span> <span class='ocrx_word' id='word_1_459' title='bbox 1513 1360 1542 1387; x_wconf 73' lang='grc' dir='ltr'><strong>ἐκ</strong></span> <span class='ocrx_word' id='word_1_460' title='bbox 1564 1362 1613 1401; x_wconf 81' lang='grc' dir='ltr'><strong>τοῦ</strong></span> <span class='ocrx_word' id='word_1_461' title='bbox 1628 1359 1704 1387; x_wconf 56' lang='grc' dir='ltr'>οἲδιου</span> <span class='ocrx_word' id='word_1_462' title='bbox 1723 1363 1773 1395; x_wconf 79' lang='grc' dir='ltr'>τῆς</span> <span class='ocrx_word' id='word_1_463' title='bbox 1788 1360 1894 1398; x_wconf 82' lang='grc' dir='ltr'>μητρός</span> 
     </span>
    </p>
   </div>
   <div class='ocr_carea' id='block_1_61' title="bbox 1068 1403 1892 1443">
    <p class='ocr_par' dir='ltr' id='par_1_61' title="bbox 1068 1403 1892 1443">
     <span class='ocr_line' id='line_1_61' title="bbox 1068 1403 1892 1443; baseline 0 -12"><span class='ocrx_word' id='word_1_464' title='bbox 1068 1415 1130 1441; x_wconf 86' lang='grc' dir='ltr'><strong>μου⁷</strong></span> <span class='ocrx_word' id='word_1_465' title='bbox 1160 1404 1250 1443; x_wconf 76' lang='grc' dir='ltr'>ὥσπερ</span> <span class='ocrx_word' id='word_1_466' title='bbox 1278 1406 1353 1433; x_wconf 75' lang='grc' dir='ltr'><strong>καὶὸ</strong></span> <span class='ocrx_word' id='word_1_467' title='bbox 1380 1403 1511 1443; x_wconf 76' lang='grc' dir='ltr'>Ἀϐραάμ·</span> <span class='ocrx_word' id='word_1_468' title='bbox 1543 1404 1648 1439; x_wconf 79' lang='grc' dir='ltr'>ἐκείνης</span> <span class='ocrx_word' id='word_1_469' title='bbox 1675 1404 1726 1442; x_wconf 79' lang='grc' dir='ltr'><strong>γάρ</strong></span> <span class='ocrx_word' id='word_1_470' title='bbox 1756 1405 1813 1441; x_wconf 77' lang='grc' dir='ltr'>εἰμι</span> <span class='ocrx_word' id='word_1_471' title='bbox 1841 1409 1892 1440; x_wconf 84' lang='grc' dir='ltr'><strong>τῆς</strong></span> 
     </span>
    </p>
   </div>
   <div class='ocr_carea' id='block_1_62' title="bbox 1065 1448 1893 1487">
    <p class='ocr_par' dir='ltr' id='par_1_62' title="bbox 1065 1448 1893 1487">
     <span class='ocr_line' id='line_1_62' title="bbox 1065 1448 1893 1487; baseline 0 -11"><span class='ocrx_word' id='word_1_472' title='bbox 1065 1449 1192 1480; x_wconf 72' lang='grc' dir='ltr'>πίστεως.</span> <span class='ocrx_word' id='word_1_473' title='bbox 1210 1450 1259 1478; x_wconf 87' lang='grc' dir='ltr'><strong>Καὶ</strong></span> <span class='ocrx_word' id='word_1_474' title='bbox 1271 1448 1315 1477; x_wconf 77' lang='grc' dir='ltr'><strong>διὰ</strong></span> <span class='ocrx_word' id='word_1_475' title='bbox 1328 1452 1410 1477; x_wconf 75' lang='grc' dir='ltr'>τοῦτο</span> <span class='ocrx_word' id='word_1_476' title='bbox 1424 1450 1501 1485; x_wconf 76' lang='grc' dir='ltr'>ἀξιῶ,</span> <span class='ocrx_word' id='word_1_477' title='bbox 1520 1460 1533 1476; x_wconf 82' lang='lat' dir='ltr'><strong>a</strong></span> <span class='ocrx_word' id='word_1_478' title='bbox 1549 1449 1680 1487; x_wconf 81' lang='grc' dir='ltr'>Εἰσάγαγὲ</span> <span class='ocrx_word' id='word_1_479' title='bbox 1697 1459 1729 1485; x_wconf 70' lang='grc' dir='ltr'><strong>με</strong></span> <span class='ocrx_word' id='word_1_480' title='bbox 1754 1449 1791 1480; x_wconf 81' lang='grc' dir='ltr'><strong>εἰς</strong></span> <span class='ocrx_word' id='word_1_481' title='bbox 1816 1449 1893 1476; x_wconf 78' lang='grc' dir='ltr'>οἶκον</span> 
     </span>
    </p>
   </div>
   <div class='ocr_carea' id='block_1_63' title="bbox 1064 1492 1894 1531">
    <p class='ocr_par' dir='ltr' id='par_1_63' title="bbox 1064 1492 1894 1531">
     <span class='ocr_line' id='line_1_63' title="bbox 1064 1492 1894 1531; baseline 0 -10"><span class='ocrx_word' id='word_1_482' title='bbox 1064 1496 1114 1521; x_wconf 75' lang='grc' dir='ltr'>τοῦ</span> <span class='ocrx_word' id='word_1_483' title='bbox 1136 1492 1221 1530; x_wconf 76' lang='lat' dir='ltr'><strong>oi&#39;vou,</strong></span> <span class='ocrx_word' id='word_1_484' title='bbox 1245 1495 1341 1530; x_wconf 79' lang='grc' dir='ltr'>τάξατε</span> <span class='ocrx_word' id='word_1_485' title='bbox 1366 1494 1406 1521; x_wconf 67' lang='grc' dir='ltr'><strong>ἐπ’</strong></span> <span class='ocrx_word' id='word_1_486' title='bbox 1432 1494 1480 1531; x_wconf 72' lang='grc' dir='ltr'><strong>ἐμὲ</strong></span> <span class='ocrx_word' id='word_1_487' title='bbox 1503 1494 1623 1531; x_wconf 79' lang='grc' dir='ltr'><strong>ἀγάπην,</strong></span> <span class='ocrx_word' id='word_1_488' title='bbox 1647 1494 1784 1531; x_wconf 78' lang='grc' dir='ltr'>τηρήσατέ</span> <span class='ocrx_word' id='word_1_489' title='bbox 1810 1504 1843 1530; x_wconf 87' lang='grc' dir='ltr'><strong>με</strong></span> <span class='ocrx_word' id='word_1_490' title='bbox 1868 1494 1894 1521; x_wconf 75' lang='grc' dir='ltr'>ἐν</span> 
     </span>
    </p>
   </div>
   <div class='ocr_carea' id='block_1_64' title="bbox 1068 1537 1894 1576">
    <p class='ocr_par' dir='ltr' id='par_1_64' title="bbox 1068 1537 1894 1576">
     <span class='ocr_line' id='line_1_64' title="bbox 1068 1537 1894 1576; baseline -0.001 -10"><span class='ocrx_word' id='word_1_491' title='bbox 1068 1538 1176 1576; x_wconf 75' lang='grc' dir='ltr'>μύροις,</span> <span class='ocrx_word' id='word_1_492' title='bbox 1190 1537 1349 1566; x_wconf 67' lang='grc' dir='ltr'>ποιεάσατὲ</span> <span class='ocrx_word' id='word_1_493' title='bbox 1366 1549 1398 1575; x_wconf 86' lang='grc' dir='ltr'><strong>με</strong></span> <span class='ocrx_word' id='word_1_494' title='bbox 1413 1538 1439 1566; x_wconf 78' lang='grc' dir='ltr'>ἐν</span> <span class='ocrx_word' id='word_1_495' title='bbox 1457 1538 1571 1575; x_wconf 81' lang='grc' dir='ltr'>μήλοις”</span> <span class='ocrx_word' id='word_1_496' title='bbox 1588 1537 1628 1565; x_wconf 77' lang='grc' dir='ltr'>δτι</span> <span class='ocrx_word' id='word_1_497' title='bbox 1644 1537 1801 1575; x_wconf 76' lang='grc' dir='ltr'>τετρωμένη</span> <span class='ocrx_word' id='word_1_498' title='bbox 1827 1539 1894 1576; x_wconf 72' lang='grc' dir='ltr'>ἀγά-</span> 
     </span>
    </p>
   </div>
   <div class='ocr_carea' id='block_1_65' title="bbox 1066 1580 1895 1621">
    <p class='ocr_par' dir='ltr' id='par_1_65' title="bbox 1066 1580 1895 1621">
     <span class='ocr_line' id='line_1_65' title="bbox 1066 1580 1895 1621; baseline -0.001 -11"><span class='ocrx_word' id='word_1_499' title='bbox 1066 1594 1121 1618; x_wconf 78' lang='grc' dir='ltr'><strong>πης</strong></span> <span class='ocrx_word' id='word_1_500' title='bbox 1137 1583 1200 1620; x_wconf 68' lang='grc' dir='ltr'><strong>ἐγώ.</strong></span> <span class='ocrx_word' id='word_1_501' title='bbox 1220 1596 1230 1608; x_wconf 80' lang='grc' dir='ltr'><strong>ι</strong></span> <span class='ocrx_word' id='word_1_502' title='bbox 1250 1584 1295 1618; x_wconf 81' lang='grc' dir='ltr'>Μὴ</span> <span class='ocrx_word' id='word_1_503' title='bbox 1311 1585 1345 1620; x_wconf 79' lang='grc' dir='ltr'><strong>τῇ</strong></span> <span class='ocrx_word' id='word_1_504' title='bbox 1357 1580 1522 1620; x_wconf 72' lang='grc' dir='ltr'>ἀκροϐυστίᾳ</span> <span class='ocrx_word' id='word_1_505' title='bbox 1533 1583 1698 1620; x_wconf 72' lang='grc' dir='ltr'>προσὲχητι,</span> <span class='ocrx_word' id='word_1_506' title='bbox 1715 1581 1777 1610; x_wconf 79' lang='grc' dir='ltr'>ἀλλ’</span> <span class='ocrx_word' id='word_1_507' title='bbox 1792 1582 1818 1609; x_wconf 74' lang='grc' dir='ltr'>ἐν</span> <span class='ocrx_word' id='word_1_508' title='bbox 1829 1583 1895 1621; x_wconf 82' lang='grc' dir='ltr'>ἀγά-</span> 
     </span>
    </p>
   </div>
   <div class='ocr_carea' id='block_1_66' title="bbox 186 1625 1009 1668">
    <p class='ocr_par' dir='ltr' id='par_1_66' title="bbox 186 1628 1009 1665">
     <span class='ocr_line' id='line_1_66' title="bbox 186 1628 1009 1665; baseline 0.004 -10"><span class='ocrx_word' id='word_1_509' title='bbox 186 1635 201 1655; x_wconf 87' lang='lat' dir='ltr'><strong>e</strong></span> <span class='ocrx_word' id='word_1_510' title='bbox 217 1628 305 1655; x_wconf 87' lang='lat' dir='ltr'><strong>domo</strong></span> <span class='ocrx_word' id='word_1_511' title='bbox 326 1628 428 1656; x_wconf 83' lang='lat' dir='ltr'><strong>matris</strong></span> <span class='ocrx_word' id='word_1_512' title='bbox 449 1635 530 1662; x_wconf 82' lang='lat' dir='ltr'><strong>mese,</strong></span> <span class='ocrx_word' id='word_1_513' title='bbox 547 1628 623 1655; x_wconf 88' lang='lat' dir='ltr'><strong>sicut</strong></span> <span class='ocrx_word' id='word_1_514' title='bbox 651 1630 680 1655; x_wconf 87' lang='lat' dir='ltr'><strong>et</strong></span> <span class='ocrx_word' id='word_1_515' title='bbox 693 1628 860 1657; x_wconf 81' lang='lat' dir='ltr'><strong>Abraham:</strong></span> <span class='ocrx_word' id='word_1_516' title='bbox 876 1630 1009 1665; x_wconf 87' lang='lat' dir='ltr'><strong>ejusdem</strong></span> 
     </span>
    </p>
   </div>
   <div class='ocr_carea' id='block_1_67' title="bbox 1065 1625 1894 1668">
    <p class='ocr_par' dir='ltr' id='par_1_67' title="bbox 1065 1625 1894 1665">
     <span class='ocr_line' id='line_1_67' title="bbox 1065 1625 1894 1665; baseline 0 -11"><span class='ocrx_word' id='word_1_517' title='bbox 1065 1638 1103 1664; x_wconf 83' lang='grc' dir='ltr'>πῃ</span> <span class='ocrx_word' id='word_1_518' title='bbox 1117 1625 1275 1664; x_wconf 76' lang='grc' dir='ltr'>προσλάῦου</span> <span class='ocrx_word' id='word_1_519' title='bbox 1293 1638 1336 1664; x_wconf 74' lang='grc' dir='ltr'><strong>με,</strong></span> <span class='ocrx_word' id='word_1_520' title='bbox 1353 1627 1375 1654; x_wconf 85' lang='grc' dir='ltr'><strong>ὦ</strong></span> <span class='ocrx_word' id='word_1_521' title='bbox 1389 1627 1457 1663; x_wconf 85' lang='grc' dir='ltr'>νόμε</span> <span class='ocrx_word' id='word_1_522' title='bbox 1480 1627 1525 1654; x_wconf 80' lang='grc' dir='ltr'>καὶ</span> <span class='ocrx_word' id='word_1_523' title='bbox 1548 1630 1695 1665; x_wconf 80' lang='grc' dir='ltr'>προφῆται.</span> <span class='ocrx_word' id='word_1_524' title='bbox 1724 1625 1771 1655; x_wconf 83' lang='grc' dir='ltr'>Καί</span> <span class='ocrx_word' id='word_1_525' title='bbox 1791 1625 1815 1654; x_wconf 69' lang='grc' dir='ltr'><strong>εί</strong></span> <span class='ocrx_word' id='word_1_526' title='bbox 1831 1625 1894 1654; x_wconf 76' lang='grc' dir='ltr'>δυσ-</span> 
     </span>
    </p>
   </div>
   <div class='ocr_carea' id='block_1_68' title="bbox 185 1670 1006 1706">
    <p class='ocr_par' dir='ltr' id='par_1_68' title="bbox 185 1670 1006 1706">
     <span class='ocr_line' id='line_1_68' title="bbox 185 1670 1006 1706; baseline 0.005 -8"><span class='ocrx_word' id='word_1_527' title='bbox 185 1671 264 1699; x_wconf 89' lang='lat' dir='ltr'><strong>enim</strong></span> <span class='ocrx_word' id='word_1_528' title='bbox 279 1679 346 1699; x_wconf 84' lang='lat' dir='ltr'><strong>sum</strong></span> <span class='ocrx_word' id='word_1_529' title='bbox 375 1670 452 1698; x_wconf 83' lang='lat' dir='ltr'><strong>ﬁdei.</strong></span> <span class='ocrx_word' id='word_1_530' title='bbox 469 1671 663 1703; x_wconf 82' lang='lat' dir='ltr'><strong>Quamobrem</strong></span> <span class='ocrx_word' id='word_1_531' title='bbox 679 1679 758 1706; x_wconf 77' lang='lat' dir='ltr'><strong>rogo.</strong></span> <span class='ocrx_word' id='word_1_532' title='bbox 775 1682 785 1696; x_wconf 86' lang='grc' dir='ltr'><strong>ι</strong></span> <span class='ocrx_word' id='word_1_533' title='bbox 804 1673 941 1701; x_wconf 86' lang='lat' dir='ltr'><strong>Introduc</strong></span> <span class='ocrx_word' id='word_1_534' title='bbox 960 1681 1006 1702; x_wconf 88' lang='lat' dir='ltr'><strong>me</strong></span> 
     </span>
    </p>
   </div>
   <div class='ocr_carea' id='block_1_69' title="bbox 186 1715 1006 1752">
    <p class='ocr_par' dir='ltr' id='par_1_69' title="bbox 186 1715 1006 1752">
     <span class='ocr_line' id='line_1_69' title="bbox 186 1715 1006 1752; baseline 0 -6"><span class='ocrx_word' id='word_1_535' title='bbox 186 1717 216 1746; x_wconf 74' lang='lat' dir='ltr'><strong>in</strong></span> <span class='ocrx_word' id='word_1_536' title='bbox 240 1715 344 1744; x_wconf 84' lang='lat' dir='ltr'><strong>cellam</strong></span> <span class='ocrx_word' id='word_1_537' title='bbox 374 1715 529 1748; x_wconf 87' lang='lat' dir='ltr'><strong>vinariam,</strong></span> <span class='ocrx_word' id='word_1_538' title='bbox 557 1715 691 1742; x_wconf 85' lang='lat' dir='ltr'><strong>ordinate</strong></span> <span class='ocrx_word' id='word_1_539' title='bbox 706 1715 734 1742; x_wconf 93' lang='lat' dir='ltr'>in</span> <span class='ocrx_word' id='word_1_540' title='bbox 760 1723 807 1743; x_wconf 91' lang='lat' dir='ltr'><strong>me</strong></span> <span class='ocrx_word' id='word_1_541' title='bbox 821 1716 1006 1752; x_wconf 85' lang='lat' dir='ltr'><strong>cbaritatem,</strong></span> 
     </span>
    </p>
   </div>
   <div class='ocr_carea' id='block_1_70' title="bbox 186 1759 1008 1796">
    <p class='ocr_par' dir='ltr' id='par_1_70' title="bbox 186 1759 1008 1796">
     <span class='ocr_line' id='line_1_70' title="bbox 186 1759 1008 1796; baseline 0 -6"><span class='ocrx_word' id='word_1_542' title='bbox 186 1763 296 1790; x_wconf 81' lang='lat' dir='ltr'><strong>servate</strong></span> <span class='ocrx_word' id='word_1_543' title='bbox 311 1768 357 1787; x_wconf 88' lang='lat' dir='ltr'><strong>me</strong></span> <span class='ocrx_word' id='word_1_544' title='bbox 374 1759 543 1794; x_wconf 81' lang='lat' dir='ltr'><strong>unguentis,</strong></span> <span class='ocrx_word' id='word_1_545' title='bbox 560 1759 666 1795; x_wconf 76' lang='lat' dir='ltr'><strong>stipato</strong></span> <span class='ocrx_word' id='word_1_546' title='bbox 682 1767 728 1787; x_wconf 89' lang='lat' dir='ltr'><strong>me</strong></span> <span class='ocrx_word' id='word_1_547' title='bbox 739 1760 836 1793; x_wconf 82' lang='lat' dir='ltr'><strong>malis,</strong></span> <span class='ocrx_word' id='word_1_548' title='bbox 852 1761 921 1796; x_wconf 86' lang='lat' dir='ltr'><strong>quia</strong></span> <span class='ocrx_word' id='word_1_549' title='bbox 936 1762 1008 1790; x_wconf 85' lang='lat' dir='ltr'><strong>dile-</strong></span> 
     </span>
    </p>
   </div>
   <div class='ocr_carea' id='block_1_71' title="bbox 185 1802 1008 1839">
    <p class='ocr_par' dir='ltr' id='par_1_71' title="bbox 185 1802 1008 1839">
     <span class='ocr_line' id='line_1_71' title="bbox 185 1802 1008 1839; baseline 0.002 -7"><span class='ocrx_word' id='word_1_550' title='bbox 185 1805 280 1833; x_wconf 88' lang='lat' dir='ltr'><strong>ctione</strong></span> <span class='ocrx_word' id='word_1_551' title='bbox 295 1803 444 1831; x_wconf 86' lang='lat' dir='ltr'><strong>vulnerata</strong></span> <span class='ocrx_word' id='word_1_552' title='bbox 454 1811 520 1829; x_wconf 90' lang='lat' dir='ltr'><strong>sum</strong></span> <span class='ocrx_word' id='word_1_553' title='bbox 535 1803 568 1829; x_wconf 76' lang='grc'><strong>⁸³.</strong></span> <span class='ocrx_word' id='word_1_554' title='bbox 586 1813 600 1827; x_wconf 80' lang='grc' dir='ltr'><strong>η</strong></span> <span class='ocrx_word' id='word_1_555' title='bbox 615 1802 709 1830; x_wconf 88' lang='lat' dir='ltr'><strong>Nolite</strong></span> <span class='ocrx_word' id='word_1_556' title='bbox 724 1805 898 1839; x_wconf 68' lang='lat' dir='ltr'><strong>praeputium</strong></span> <span class='ocrx_word' id='word_1_557' title='bbox 914 1809 1008 1834; x_wconf 83' lang='lat' dir='ltr'><strong>atten-</strong></span> 
     </span>
    </p>
   </div>
   <div class='ocr_carea' id='block_1_72' title="bbox 184 1847 1008 1887">
    <p class='ocr_par' dir='ltr' id='par_1_72' title="bbox 184 1847 1008 1887">
     <span class='ocr_line' id='line_1_72' title="bbox 184 1847 1008 1887; baseline 0.001 -10"><span class='ocrx_word' id='word_1_558' title='bbox 184 1850 262 1881; x_wconf 86' lang='lat' dir='ltr'><strong>dere,</strong></span> <span class='ocrx_word' id='word_1_559' title='bbox 279 1847 329 1876; x_wconf 88' lang='lat' dir='ltr'><strong>sed</strong></span> <span class='ocrx_word' id='word_1_560' title='bbox 346 1848 376 1874; x_wconf 88' lang='lat' dir='ltr'><strong>in</strong></span> <span class='ocrx_word' id='word_1_561' title='bbox 389 1848 530 1875; x_wconf 80' lang='lat' dir='ltr'><strong>charitate</strong></span> <span class='ocrx_word' id='word_1_562' title='bbox 540 1848 657 1883; x_wconf 88' lang='lat' dir='ltr'><strong>suscipe</strong></span> <span class='ocrx_word' id='word_1_563' title='bbox 672 1856 729 1881; x_wconf 87' lang='lat' dir='ltr'><strong>me,</strong></span> <span class='ocrx_word' id='word_1_564' title='bbox 749 1857 765 1875; x_wconf 94' lang='grc' dir='ltr'><strong>ο</strong></span> <span class='ocrx_word' id='word_1_565' title='bbox 781 1848 825 1876; x_wconf 81' lang='lat' dir='ltr'><strong>lex</strong></span> <span class='ocrx_word' id='word_1_566' title='bbox 840 1852 869 1877; x_wconf 86' lang='lat' dir='ltr'><strong>et</strong></span> <span class='ocrx_word' id='word_1_567' title='bbox 884 1851 1008 1887; x_wconf 89' lang='lat' dir='ltr'><strong>prophe-</strong></span> 
     </span>
    </p>
   </div>
   <div class='ocr_carea' id='block_1_73' title="bbox 185 1892 1007 1929">
    <p class='ocr_par' dir='ltr' id='par_1_73' title="bbox 185 1892 1007 1929">
     <span class='ocr_line' id='line_1_73' title="bbox 185 1892 1007 1929; baseline 0.002 -8"><span class='ocrx_word' id='word_1_568' title='bbox 185 1897 231 1921; x_wconf 71' lang='lat' dir='ltr'><strong>tis.</strong></span> <span class='ocrx_word' id='word_1_569' title='bbox 248 1892 370 1920; x_wconf 85' lang='lat' dir='ltr'><strong>Etiamsi</strong></span> <span class='ocrx_word' id='word_1_570' title='bbox 386 1892 500 1920; x_wconf 77' lang='lat' dir='ltr'><strong>feritate</strong></span> <span class='ocrx_word' id='word_1_571' title='bbox 515 1892 617 1928; x_wconf 84' lang='lat' dir='ltr'><strong>putida</strong></span> <span class='ocrx_word' id='word_1_572' title='bbox 629 1892 695 1926; x_wconf 91' lang='lat' dir='ltr'><strong>sim,</strong></span> <span class='ocrx_word' id='word_1_573' title='bbox 709 1893 759 1920; x_wconf 89' lang='lat' dir='ltr'><strong>sed</strong></span> <span class='ocrx_word' id='word_1_574' title='bbox 770 1895 801 1920; x_wconf 90' lang='lat' dir='ltr'><strong>tu</strong></span> <span class='ocrx_word' id='word_1_575' title='bbox 819 1901 864 1922; x_wconf 89' lang='lat' dir='ltr'><strong>me</strong></span> <span class='ocrx_word' id='word_1_576' title='bbox 876 1893 1007 1929; x_wconf 87' lang='lat' dir='ltr'><strong>institue,</strong></span> 
     </span>
    </p>
   </div>
   <div class='ocr_carea' id='block_1_74' title="bbox 184 1937 1007 1971">
    <p class='ocr_par' dir='ltr' id='par_1_74' title="bbox 184 1937 1007 1971">
     <span class='ocr_line' id='line_1_74' title="bbox 184 1937 1007 1971; baseline 0.006 -7"><span class='ocrx_word' id='word_1_577' title='bbox 184 1940 212 1965; x_wconf 88' lang='lat' dir='ltr'><strong>et</strong></span> <span class='ocrx_word' id='word_1_578' title='bbox 220 1937 302 1965; x_wconf 80' lang='lat' dir='ltr'><strong>suavi</strong></span> <span class='ocrx_word' id='word_1_579' title='bbox 317 1939 368 1964; x_wconf 90' lang='lat' dir='ltr'><strong>tuo</strong></span> <span class='ocrx_word' id='word_1_580' title='bbox 381 1937 468 1964; x_wconf 91' lang='lat' dir='ltr'><strong>odore</strong></span> <span class='ocrx_word' id='word_1_581' title='bbox 483 1937 625 1965; x_wconf 80' lang='lat' dir='ltr'><strong>conﬁrma</strong></span> <span class='ocrx_word' id='word_1_582' title='bbox 637 1946 643 1971; x_wconf 82' lang='lat'>;</span> <span class='ocrx_word' id='word_1_583' title='bbox 660 1945 725 1965; x_wconf 86' lang='lat' dir='ltr'><strong>nam</strong></span> <span class='ocrx_word' id='word_1_584' title='bbox 738 1937 893 1967; x_wconf 82' lang='lat' dir='ltr'><strong>dilectione</strong></span> <span class='ocrx_word' id='word_1_585' title='bbox 907 1940 1007 1969; x_wconf 87' lang='lat' dir='ltr'><strong>vulne-</strong></span> 
     </span>
    </p>
   </div>
   <div class='ocr_carea' id='block_1_75' title="bbox 185 1981 1006 2018">
    <p class='ocr_par' dir='ltr' id='par_1_75' title="bbox 185 1981 1006 2018">
     <span class='ocr_line' id='line_1_75' title="bbox 185 1981 1006 2018; baseline 0.005 -9"><span class='ocrx_word' id='word_1_586' title='bbox 185 1985 247 2010; x_wconf 83' lang='lat' dir='ltr'><strong>rata</strong></span> <span class='ocrx_word' id='word_1_587' title='bbox 263 1989 339 2009; x_wconf 89' lang='lat' dir='ltr'><strong>sum.</strong></span> <span class='ocrx_word' id='word_1_588' title='bbox 358 1981 435 2014; x_wconf 90' lang='lat' dir='ltr'><strong>Ideo,</strong></span> <span class='ocrx_word' id='word_1_589' title='bbox 452 1992 465 2005; x_wconf 87' lang='lat'><strong>«</strong></span> <span class='ocrx_word' id='word_1_590' title='bbox 483 1981 592 2016; x_wconf 81' lang='lat' dir='ltr'><strong>Adjuro</strong></span> <span class='ocrx_word' id='word_1_591' title='bbox 617 1990 678 2014; x_wconf 87' lang='lat' dir='ltr'><strong>vos,</strong></span> <span class='ocrx_word' id='word_1_592' title='bbox 704 1981 772 2009; x_wconf 65' lang='lat' dir='ltr'><strong>ﬁlia</strong></span> <span class='ocrx_word' id='word_1_593' title='bbox 785 1982 959 2018; x_wconf 83' lang='lat' dir='ltr'><strong>Jesuralem,</strong></span> <span class='ocrx_word' id='word_1_594' title='bbox 977 1985 1006 2013; x_wconf 89' lang='lat' dir='ltr'><strong>in</strong></span> 
     </span>
    </p>
   </div>
   <div class='ocr_carea' id='block_1_76' title="bbox 184 2025 1008 2064">
    <p class='ocr_par' dir='ltr' id='par_1_76' title="bbox 184 2025 1008 2064">
     <span class='ocr_line' id='line_1_76' title="bbox 184 2025 1008 2064; baseline 0.006 -11"><span class='ocrx_word' id='word_1_595' title='bbox 184 2026 344 2054; x_wconf 85' lang='lat' dir='ltr'><strong>virtutibus</strong></span> <span class='ocrx_word' id='word_1_596' title='bbox 368 2028 398 2053; x_wconf 86' lang='lat' dir='ltr'><strong>et</strong></span> <span class='ocrx_word' id='word_1_597' title='bbox 427 2025 651 2053; x_wconf 87' lang='lat' dir='ltr'><strong>fortitudinibus</strong></span> <span class='ocrx_word' id='word_1_598' title='bbox 665 2026 738 2061; x_wconf 78' lang='lat' dir='ltr'><strong>agri,</strong></span> <span class='ocrx_word' id='word_1_599' title='bbox 768 2035 804 2054; x_wconf 88' lang='lat' dir='ltr'><strong>ne</strong></span> <span class='ocrx_word' id='word_1_600' title='bbox 822 2028 964 2064; x_wconf 76' lang='lat' dir='ltr'><strong>evigiletie</strong></span> <span class='ocrx_word' id='word_1_601' title='bbox 979 2032 1008 2058; x_wconf 85' lang='lat' dir='ltr'><strong>et</strong></span> 
     </span>
    </p>
   </div>
   <div class='ocr_carea' id='block_1_77' title="bbox 183 2069 1006 2109">
    <p class='ocr_par' dir='ltr' id='par_1_77' title="bbox 183 2069 1006 2109">
     <span class='ocr_line' id='line_1_77' title="bbox 183 2069 1006 2109; baseline 0.006 -11"><span class='ocrx_word' id='word_1_602' title='bbox 183 2070 314 2098; x_wconf 83' lang='lat' dir='ltr'><strong>excitetis</strong></span> <span class='ocrx_word' id='word_1_603' title='bbox 329 2069 526 2102; x_wconf 84' lang='lat' dir='ltr'><strong>dilectionem,</strong></span> <span class='ocrx_word' id='word_1_604' title='bbox 544 2069 635 2098; x_wconf 90' lang='lat' dir='ltr'><strong>donec</strong></span> <span class='ocrx_word' id='word_1_605' title='bbox 658 2070 721 2106; x_wconf 86' lang='lat' dir='ltr'><strong>ipsa</strong></span> <span class='ocrx_word' id='word_1_606' title='bbox 736 2071 805 2098; x_wconf 85' lang='lat' dir='ltr'><strong>velit</strong></span> <span class='ocrx_word' id='word_1_607' title='bbox 818 2072 850 2099; x_wconf 80' lang='lat'><strong>“.</strong></span> <span class='ocrx_word' id='word_1_608' title='bbox 870 2083 883 2096; x_wconf 75' lang='grc' dir='ltr'>»ι</span> <span class='ocrx_word' id='word_1_609' title='bbox 898 2074 1006 2109; x_wconf 80' lang='lat' dir='ltr'><strong>Adjuro</strong></span> 
     </span>
    </p>
   </div>
   <div class='ocr_carea' id='block_1_78' title="bbox 182 2114 1005 2153">
    <p class='ocr_par' dir='ltr' id='par_1_78' title="bbox 182 2114 1005 2153">
     <span class='ocr_line' id='line_1_78' title="bbox 182 2114 1005 2153; baseline 0.006 -12"><span class='ocrx_word' id='word_1_610' title='bbox 182 2124 242 2148; x_wconf 81' lang='lat' dir='ltr'><strong>vos,</strong></span> <span class='ocrx_word' id='word_1_611' title='bbox 254 2123 270 2142; x_wconf 94' lang='lat' dir='ltr'><strong>o</strong></span> <span class='ocrx_word' id='word_1_612' title='bbox 286 2114 396 2147; x_wconf 84' lang='lat' dir='ltr'><strong>Patres,</strong></span> <span class='ocrx_word' id='word_1_613' title='bbox 410 2122 467 2141; x_wconf 87' lang='lat' dir='ltr'><strong>non</strong></span> <span class='ocrx_word' id='word_1_614' title='bbox 483 2122 534 2149; x_wconf 90' lang='lat' dir='ltr'><strong>per</strong></span> <span class='ocrx_word' id='word_1_615' title='bbox 549 2114 735 2149; x_wconf 84' lang='lat' dir='ltr'><strong>potentias,id</strong></span> <span class='ocrx_word' id='word_1_616' title='bbox 750 2116 828 2143; x_wconf 90' lang='lat' dir='ltr'><strong>enim</strong></span> <span class='ocrx_word' id='word_1_617' title='bbox 845 2124 902 2144; x_wconf 91' lang='lat' dir='ltr'><strong>non</strong></span> <span class='ocrx_word' id='word_1_618' title='bbox 914 2117 981 2146; x_wconf 88' lang='lat' dir='ltr'><strong>licet</strong></span> <span class='ocrx_word' id='word_1_619' title='bbox 998 2128 1005 2153; x_wconf 86' lang='lat'><strong>;</strong></span> 
     </span>
    </p>
   </div>
   <div class='ocr_carea' id='block_1_79' title="bbox 182 2157 1005 2200">
    <p class='ocr_par' dir='ltr' id='par_1_79' title="bbox 182 2157 1005 2200">
     <span class='ocr_line' id='line_1_79' title="bbox 182 2157 1005 2200; baseline 0.005 -13"><span class='ocrx_word' id='word_1_620' title='bbox 182 2159 232 2187; x_wconf 88' lang='lat' dir='ltr'><strong>sed</strong></span> <span class='ocrx_word' id='word_1_621' title='bbox 248 2160 277 2187; x_wconf 88' lang='lat' dir='ltr'><strong>in</strong></span> <span class='ocrx_word' id='word_1_622' title='bbox 292 2157 450 2186; x_wconf 84' lang='lat' dir='ltr'><strong>virtutibus</strong></span> <span class='ocrx_word' id='word_1_623' title='bbox 466 2158 647 2194; x_wconf 83' lang='lat' dir='ltr'><strong>paradisi,ut</strong></span> <span class='ocrx_word' id='word_1_624' title='bbox 660 2158 690 2186; x_wconf 88' lang='lat' dir='ltr'><strong>in</strong></span> <span class='ocrx_word' id='word_1_625' title='bbox 706 2159 789 2187; x_wconf 87' lang='lat' dir='ltr'><strong>illum</strong></span> <span class='ocrx_word' id='word_1_626' title='bbox 806 2161 1005 2200; x_wconf 79' lang='lat' dir='ltr'><strong>respicientes,</strong></span> 
     </span>
    </p>
   </div>
   <div class='ocr_carea' id='block_1_80' title="bbox 181 2203 1006 2239">
    <p class='ocr_par' dir='ltr' id='par_1_80' title="bbox 181 2203 1006 2239">
     <span class='ocr_line' id='line_1_80' title="bbox 181 2203 1006 2239; baseline 0.005 -6"><span class='ocrx_word' id='word_1_627' title='bbox 181 2206 258 2233; x_wconf 89' lang='lat' dir='ltr'><strong>sicut</strong></span> <span class='ocrx_word' id='word_1_628' title='bbox 273 2203 475 2238; x_wconf 84' lang='lat' dir='ltr'><strong>Adamum,ita</strong></span> <span class='ocrx_word' id='word_1_629' title='bbox 486 2205 514 2231; x_wconf 87' lang='lat' dir='ltr'><strong>et</strong></span> <span class='ocrx_word' id='word_1_630' title='bbox 526 2211 571 2231; x_wconf 93' lang='lat' dir='ltr'><strong>me</strong></span> <span class='ocrx_word' id='word_1_631' title='bbox 585 2204 838 2239; x_wconf 87' lang='lat' dir='ltr'><strong>suseipiatis.Nam</strong></span> <span class='ocrx_word' id='word_1_632' title='bbox 851 2210 880 2235; x_wconf 88' lang='lat' dir='ltr'><strong>et</strong></span> <span class='ocrx_word' id='word_1_633' title='bbox 895 2207 935 2236; x_wconf 81' lang='lat' dir='ltr'><strong>ibi</strong></span> <span class='ocrx_word' id='word_1_634' title='bbox 947 2217 1006 2237; x_wconf 90' lang='lat' dir='ltr'><strong>non</strong></span> 
     </span>
    </p>
   </div>
   <div class='ocr_carea' id='block_1_81' title="bbox 181 2247 1004 2281">
    <p class='ocr_par' dir='ltr' id='par_1_81' title="bbox 181 2247 1004 2281">
     <span class='ocr_line' id='line_1_81' title="bbox 181 2247 1004 2281; baseline 0.005 -4"><span class='ocrx_word' id='word_1_635' title='bbox 181 2252 243 2277; x_wconf 86' lang='lat' dir='ltr'><strong>erat</strong></span> <span class='ocrx_word' id='word_1_636' title='bbox 271 2247 465 2277; x_wconf 85' lang='lat' dir='ltr'><strong>circumcisio.</strong></span> <span class='ocrx_word' id='word_1_637' title='bbox 492 2247 574 2275; x_wconf 90' lang='lat' dir='ltr'><strong>Nunc</strong></span> <span class='ocrx_word' id='word_1_638' title='bbox 602 2248 672 2275; x_wconf 71' lang='lat' dir='ltr'><strong>Adae</strong></span> <span class='ocrx_word' id='word_1_639' title='bbox 695 2250 824 2278; x_wconf 88' lang='lat' dir='ltr'><strong>conditio</strong></span> <span class='ocrx_word' id='word_1_640' title='bbox 839 2255 1004 2281; x_wconf 88' lang='lat' dir='ltr'><strong>renovatur.</strong></span> 
     </span>
    </p>
   </div>
   <div class='ocr_carea' id='block_1_82' title="bbox 1066 1669 1895 1710">
    <p class='ocr_par' dir='ltr' id='par_1_82' title="bbox 1066 1669 1895 1710">
     <span class='ocr_line' id='line_1_82' title="bbox 1066 1669 1895 1710; baseline -0.001 -12"><span class='ocrx_word' id='word_1_641' title='bbox 1066 1671 1142 1706; x_wconf 84' lang='grc' dir='ltr'>ὠδης</span> <span class='ocrx_word' id='word_1_642' title='bbox 1171 1671 1227 1708; x_wconf 74' lang='grc' dir='ltr'><strong>εΐμὶ</strong></span> <span class='ocrx_word' id='word_1_643' title='bbox 1253 1674 1287 1708; x_wconf 83' lang='grc' dir='ltr'><strong>τῇ</strong></span> <span class='ocrx_word' id='word_1_644' title='bbox 1316 1671 1467 1710; x_wconf 74' lang='grc' dir='ltr'>ἀγριότητι,</span> <span class='ocrx_word' id='word_1_645' title='bbox 1497 1671 1570 1699; x_wconf 73' lang='grc' dir='ltr'>ἀλλὰ</span> <span class='ocrx_word' id='word_1_646' title='bbox 1596 1670 1627 1698; x_wconf 81' lang='grc' dir='ltr'>σύ</span> <span class='ocrx_word' id='word_1_647' title='bbox 1654 1680 1687 1707; x_wconf 75' lang='grc' dir='ltr'><strong>με</strong></span> <span class='ocrx_word' id='word_1_648' title='bbox 1711 1669 1832 1704; x_wconf 77' lang='grc' dir='ltr'>παίδευε,</span> <span class='ocrx_word' id='word_1_649' title='bbox 1848 1671 1895 1698; x_wconf 72' lang='grc' dir='ltr'>καί</span> 
     </span>
    </p>
   </div>
   <div class='ocr_carea' id='block_1_83' title="bbox 1062 1713 1894 1754">
    <p class='ocr_par' dir='ltr' id='par_1_83' title="bbox 1062 1713 1894 1754">
     <span class='ocr_line' id='line_1_83' title="bbox 1062 1713 1894 1754; baseline -0.001 -11"><span class='ocrx_word' id='word_1_650' title='bbox 1062 1714 1161 1751; x_wconf 76' lang='grc' dir='ltr'>εὐωδίᾳ</span> <span class='ocrx_word' id='word_1_651' title='bbox 1184 1726 1232 1743; x_wconf 81' lang='grc' dir='ltr'><strong>σου</strong></span> <span class='ocrx_word' id='word_1_652' title='bbox 1257 1717 1400 1754; x_wconf 74' lang='grc' dir='ltr'>στήριξον·</span> <span class='ocrx_word' id='word_1_653' title='bbox 1425 1716 1564 1753; x_wconf 70' lang='grc' dir='ltr'>τέτρωμαι</span> <span class='ocrx_word' id='word_1_654' title='bbox 1587 1716 1638 1753; x_wconf 77' lang='grc' dir='ltr'><strong>γὰρ</strong></span> <span class='ocrx_word' id='word_1_655' title='bbox 1661 1717 1695 1752; x_wconf 86' lang='grc' dir='ltr'><strong>τῇ</strong></span> <span class='ocrx_word' id='word_1_656' title='bbox 1721 1714 1820 1752; x_wconf 77' lang='grc' dir='ltr'>ἀγάπῃ.</span> <span class='ocrx_word' id='word_1_657' title='bbox 1844 1713 1894 1742; x_wconf 76' lang='grc' dir='ltr'><strong>Καὶ</strong></span> 
     </span>
    </p>
   </div>
   <div class='ocr_carea' id='block_1_84' title="bbox 1063 1758 1894 1798">
    <p class='ocr_par' dir='ltr' id='par_1_84' title="bbox 1063 1758 1894 1798">
     <span class='ocr_line' id='line_1_84' title="bbox 1063 1758 1894 1798; baseline -0.002 -10"><span class='ocrx_word' id='word_1_658' title='bbox 1063 1759 1108 1788; x_wconf 82' lang='grc' dir='ltr'><strong>διὰ</strong></span> <span class='ocrx_word' id='word_1_659' title='bbox 1121 1762 1211 1794; x_wconf 75' lang='grc' dir='ltr'>τοῦτο,</span> <span class='ocrx_word' id='word_1_660' title='bbox 1229 1773 1243 1786; x_wconf 89' lang='grc'><strong>‹‹</strong></span> <span class='ocrx_word' id='word_1_661' title='bbox 1259 1762 1372 1798; x_wconf 79' lang='grc' dir='ltr'>’Ὼρχισα</span> <span class='ocrx_word' id='word_1_662' title='bbox 1388 1761 1469 1797; x_wconf 79' lang='grc' dir='ltr'>ὑμᾶς,</span> <span class='ocrx_word' id='word_1_663' title='bbox 1489 1760 1632 1798; x_wconf 67' lang='grc' dir='ltr'>θυγατέρες</span> <span class='ocrx_word' id='word_1_664' title='bbox 1654 1758 1850 1797; x_wconf 80' lang='grc' dir='ltr'>Ἱερουσαλήμ,</span> <span class='ocrx_word' id='word_1_665' title='bbox 1866 1759 1894 1786; x_wconf 69' lang='grc' dir='ltr'>ἰν</span> 
     </span>
    </p>
   </div>
   <div class='ocr_carea' id='block_1_85' title="bbox 1061 1803 1893 1842">
    <p class='ocr_par' dir='ltr' id='par_1_85' title="bbox 1061 1803 1893 1842">
     <span class='ocr_line' id='line_1_85' title="bbox 1061 1803 1893 1842; baseline -0.002 -10"><span class='ocrx_word' id='word_1_666' title='bbox 1061 1808 1122 1836; x_wconf 84' lang='grc' dir='ltr'>ταῖς</span> <span class='ocrx_word' id='word_1_667' title='bbox 1145 1804 1272 1841; x_wconf 82' lang='grc' dir='ltr'>δυνάμεσι</span> <span class='ocrx_word' id='word_1_668' title='bbox 1295 1806 1339 1832; x_wconf 79' lang='grc' dir='ltr'><strong>καὶ</strong></span> <span class='ocrx_word' id='word_1_669' title='bbox 1364 1808 1424 1836; x_wconf 81' lang='grc' dir='ltr'>ταῖς</span> <span class='ocrx_word' id='word_1_670' title='bbox 1451 1804 1542 1842; x_wconf 82' lang='grc' dir='ltr'>ἷσχύσι</span> <span class='ocrx_word' id='word_1_671' title='bbox 1566 1806 1615 1831; x_wconf 78' lang='grc' dir='ltr'><strong>τοῦ</strong></span> <span class='ocrx_word' id='word_1_672' title='bbox 1640 1805 1736 1842; x_wconf 76' lang='grc' dir='ltr'>ἀγροῦ,</span> <span class='ocrx_word' id='word_1_673' title='bbox 1761 1803 1805 1831; x_wconf 74' lang='grc' dir='ltr'>ἐὰν</span> <span class='ocrx_word' id='word_1_674' title='bbox 1821 1803 1893 1842; x_wconf 63' lang='grc' dir='ltr'>ἐγεί-</span> 
     </span>
    </p>
   </div>
   <div class='ocr_carea' id='block_1_86' title="bbox 1063 1846 1891 1888">
    <p class='ocr_par' dir='ltr' id='par_1_86' title="bbox 1063 1846 1891 1888">
     <span class='ocr_line' id='line_1_86' title="bbox 1063 1846 1891 1888; baseline -0.005 -11"><span class='ocrx_word' id='word_1_675' title='bbox 1063 1859 1139 1888; x_wconf 79' lang='grc' dir='ltr'>ρη-ε,</span> <span class='ocrx_word' id='word_1_676' title='bbox 1164 1850 1208 1876; x_wconf 64' lang='grc' dir='ltr'>καί</span> <span class='ocrx_word' id='word_1_677' title='bbox 1231 1849 1381 1888; x_wconf 74' lang='grc' dir='ltr'>ὲξεγείρητε</span> <span class='ocrx_word' id='word_1_678' title='bbox 1403 1850 1453 1883; x_wconf 85' lang='grc' dir='ltr'>τὴν</span> <span class='ocrx_word' id='word_1_679' title='bbox 1476 1849 1595 1886; x_wconf 79' lang='grc' dir='ltr'>ἀγάπην,</span> <span class='ocrx_word' id='word_1_680' title='bbox 1617 1846 1670 1879; x_wconf 65' lang='grc' dir='ltr'><strong>ἓως</strong></span> <span class='ocrx_word' id='word_1_681' title='bbox 1695 1847 1726 1874; x_wconf 73' lang='grc' dir='ltr'><strong>οὗ</strong></span> <span class='ocrx_word' id='word_1_682' title='bbox 1741 1847 1856 1883; x_wconf 63' lang='grc' dir='ltr'><strong>⁸δελήση,</strong></span> <span class='ocrx_word' id='word_1_683' title='bbox 1876 1859 1891 1873; x_wconf 70' lang='lat' dir='ltr'><strong>s</strong></span> 
     </span>
    </p>
   </div>
   <div class='ocr_carea' id='block_1_87' title="bbox 1061 1891 1892 1932">
    <p class='ocr_par' dir='ltr' id='par_1_87' title="bbox 1061 1891 1892 1932">
     <span class='ocr_line' id='line_1_87' title="bbox 1061 1891 1892 1932; baseline -0.004 -10"><span class='ocrx_word' id='word_1_684' title='bbox 1061 1894 1178 1932; x_wconf 79' lang='grc' dir='ltr'>Ὀρχίζω</span> <span class='ocrx_word' id='word_1_685' title='bbox 1195 1895 1274 1930; x_wconf 79' lang='grc' dir='ltr'>ὑμᾶς,</span> <span class='ocrx_word' id='word_1_686' title='bbox 1289 1895 1311 1921; x_wconf 85' lang='grc' dir='ltr'>ὦ</span> <span class='ocrx_word' id='word_1_687' title='bbox 1326 1895 1449 1930; x_wconf 67' lang='grc' dir='ltr'>πατέρες,</span> <span class='ocrx_word' id='word_1_688' title='bbox 1466 1893 1497 1920; x_wconf 86' lang='grc' dir='ltr'>οὐ</span> <span class='ocrx_word' id='word_1_689' title='bbox 1512 1893 1580 1920; x_wconf 79' lang='grc' dir='ltr'>κατὰ</span> <span class='ocrx_word' id='word_1_690' title='bbox 1601 1894 1656 1919; x_wconf 85' lang='grc' dir='ltr'>τῶν</span> <span class='ocrx_word' id='word_1_691' title='bbox 1672 1891 1823 1928; x_wconf 75' lang='grc' dir='ltr'>δυνάμεων,</span> <span class='ocrx_word' id='word_1_692' title='bbox 1840 1892 1892 1919; x_wconf 75' lang='grc' dir='ltr'><strong>οὐκ</strong></span> 
     </span>
    </p>
   </div>
   <div class='ocr_carea' id='block_1_88' title="bbox 1063 1935 1892 1977">
    <p class='ocr_par' dir='ltr' id='par_1_88' title="bbox 1063 1935 1892 1977">
     <span class='ocr_line' id='line_1_88' title="bbox 1063 1935 1892 1977; baseline -0.004 -11"><span class='ocrx_word' id='word_1_693' title='bbox 1063 1938 1146 1974; x_wconf 77' lang='grc' dir='ltr'>ἔξεστι</span> <span class='ocrx_word' id='word_1_694' title='bbox 1161 1939 1224 1977; x_wconf 75' lang='grc' dir='ltr'>γὰρ,</span> <span class='ocrx_word' id='word_1_695' title='bbox 1240 1938 1303 1967; x_wconf 78' lang='grc' dir='ltr'>ἀλλ’</span> <span class='ocrx_word' id='word_1_696' title='bbox 1324 1938 1350 1966; x_wconf 77' lang='grc' dir='ltr'>ἐν</span> <span class='ocrx_word' id='word_1_697' title='bbox 1376 1937 1504 1974; x_wconf 77' lang='grc' dir='ltr'>δυνάμεσι</span> <span class='ocrx_word' id='word_1_698' title='bbox 1527 1939 1575 1964; x_wconf 79' lang='grc' dir='ltr'><strong>τοῦ</strong></span> <span class='ocrx_word' id='word_1_699' title='bbox 1598 1935 1772 1974; x_wconf 77' lang='grc' dir='ltr'>παραδείσου,</span> <span class='ocrx_word' id='word_1_700' title='bbox 1786 1935 1834 1970; x_wconf 69' lang='grc' dir='ltr'>ἵν’,</span> <span class='ocrx_word' id='word_1_701' title='bbox 1852 1936 1892 1967; x_wconf 72' lang='grc' dir='ltr'><strong>εἱς</strong></span> 
     </span>
    </p>
   </div>
   <div class='ocr_carea' id='block_1_89' title="bbox 1062 1979 1890 2020">
    <p class='ocr_par' dir='ltr' id='par_1_89' title="bbox 1062 1979 1890 2020">
     <span class='ocr_line' id='line_1_89' title="bbox 1062 1979 1890 2020; baseline -0.004 -10"><span class='ocrx_word' id='word_1_702' title='bbox 1062 1983 1162 2011; x_wconf 73' lang='grc' dir='ltr'>ἐκεῖνον</span> <span class='ocrx_word' id='word_1_703' title='bbox 1182 1983 1338 2020; x_wconf 71' lang='grc' dir='ltr'>βλέποντες,</span> <span class='ocrx_word' id='word_1_704' title='bbox 1355 1983 1391 2013; x_wconf 84' lang='grc' dir='ltr'><strong>ὡς</strong></span> <span class='ocrx_word' id='word_1_705' title='bbox 1415 1983 1461 2010; x_wconf 85' lang='grc' dir='ltr'><strong>τὸν</strong></span> <span class='ocrx_word' id='word_1_706' title='bbox 1486 1981 1584 2018; x_wconf 81' lang='grc' dir='ltr'>Ἀδὰμ,</span> <span class='ocrx_word' id='word_1_707' title='bbox 1608 1981 1694 2012; x_wconf 72' lang='grc' dir='ltr'>οὕτως</span> <span class='ocrx_word' id='word_1_708' title='bbox 1720 1991 1752 2017; x_wconf 78' lang='grc' dir='ltr'><strong>με</strong></span> <span class='ocrx_word' id='word_1_709' title='bbox 1773 1979 1890 2018; x_wconf 65' lang='grc' dir='ltr'>προσδε-</span> 
     </span>
    </p>
   </div>
   <div class='ocr_carea' id='block_1_90' title="bbox 1061 2023 1892 2065">
    <p class='ocr_par' dir='ltr' id='par_1_90' title="bbox 1061 2023 1892 2065">
     <span class='ocr_line' id='line_1_90' title="bbox 1061 2023 1892 2065; baseline -0.004 -10"><span class='ocrx_word' id='word_1_710' title='bbox 1061 2028 1151 2063; x_wconf 76' lang='grc' dir='ltr'>ξησθι.</span> <span class='ocrx_word' id='word_1_711' title='bbox 1179 2028 1225 2055; x_wconf 79' lang='grc' dir='ltr'>Καὶ</span> <span class='ocrx_word' id='word_1_712' title='bbox 1249 2028 1300 2065; x_wconf 73' lang='grc' dir='ltr'>γὰρ</span> <span class='ocrx_word' id='word_1_713' title='bbox 1325 2027 1402 2055; x_wconf 73' lang='grc' dir='ltr'>κάκεῖ</span> <span class='ocrx_word' id='word_1_714' title='bbox 1427 2026 1477 2054; x_wconf 81' lang='grc' dir='ltr'><strong>οὐκ</strong></span> <span class='ocrx_word' id='word_1_715' title='bbox 1499 2027 1532 2060; x_wconf 76' lang='grc' dir='ltr'><strong>ἧν</strong></span> <span class='ocrx_word' id='word_1_716' title='bbox 1553 2027 1700 2063; x_wconf 75' lang='grc' dir='ltr'><strong>περιτομή⁸</strong></span> <span class='ocrx_word' id='word_1_717' title='bbox 1726 2024 1785 2063; x_wconf 76' lang='grc' dir='ltr'>ἄρτι</span> <span class='ocrx_word' id='word_1_718' title='bbox 1810 2023 1839 2052; x_wconf 75' lang='grc' dir='ltr'><strong>δὲ</strong></span> <span class='ocrx_word' id='word_1_719' title='bbox 1857 2025 1892 2052; x_wconf 72' lang='grc' dir='ltr'><strong>τὰ</strong></span> 
     </span>
    </p>
   </div>
   <div class='ocr_carea' id='block_1_91' title="bbox 1060 2069 1892 2108">
    <p class='ocr_par' dir='ltr' id='par_1_91' title="bbox 1060 2069 1892 2108">
     <span class='ocr_line' id='line_1_91' title="bbox 1060 2069 1892 2108; baseline -0.005 -9"><span class='ocrx_word' id='word_1_720' title='bbox 1060 2074 1108 2100; x_wconf 79' lang='grc' dir='ltr'><strong>τοῦ</strong></span> <span class='ocrx_word' id='word_1_721' title='bbox 1137 2070 1226 2108; x_wconf 81' lang='grc' dir='ltr'><strong>Ἀδὰμ</strong></span> <span class='ocrx_word' id='word_1_722' title='bbox 1250 2070 1457 2105; x_wconf 77' lang='grc' dir='ltr'>ἀναχαινίζεται.</span> <span class='ocrx_word' id='word_1_723' title='bbox 1480 2071 1508 2096; x_wconf 85' lang='grc' dir='ltr'><strong>Ὀ</strong></span> <span class='ocrx_word' id='word_1_724' title='bbox 1532 2069 1616 2107; x_wconf 81' lang='grc' dir='ltr'>Κόγος</span> <span class='ocrx_word' id='word_1_725' title='bbox 1641 2070 1710 2107; x_wconf 83' lang='grc' dir='ltr'>ὁρῶν</span> <span class='ocrx_word' id='word_1_726' title='bbox 1733 2070 1782 2103; x_wconf 80' lang='grc' dir='ltr'>τὴν</span> <span class='ocrx_word' id='word_1_727' title='bbox 1801 2069 1892 2096; x_wconf 82' lang='grc' dir='ltr'>πίστιν</span> 
     </span>
    </p>
   </div>
   <div class='ocr_carea' id='block_1_92' title="bbox 1060 2113 1892 2154">
    <p class='ocr_par' dir='ltr' id='par_1_92' title="bbox 1060 2113 1892 2154">
     <span class='ocr_line' id='line_1_92' title="bbox 1060 2113 1892 2154; baseline -0.005 -9"><span class='ocrx_word' id='word_1_728' title='bbox 1060 2120 1114 2146; x_wconf 79' lang='grc' dir='ltr'><strong>τῶν</strong></span> <span class='ocrx_word' id='word_1_729' title='bbox 1131 2117 1224 2151; x_wconf 73' lang='grc' dir='ltr'>ἐθνῶν,</span> <span class='ocrx_word' id='word_1_730' title='bbox 1248 2117 1292 2144; x_wconf 80' lang='grc' dir='ltr'>καὶ</span> <span class='ocrx_word' id='word_1_731' title='bbox 1317 2115 1522 2154; x_wconf 74' lang='grc' dir='ltr'>ἀποδεχόμενος</span> <span class='ocrx_word' id='word_1_732' title='bbox 1548 2114 1633 2152; x_wconf 71' lang='grc' dir='ltr'>λέγει·</span> <span class='ocrx_word' id='word_1_733' title='bbox 1650 2127 1663 2140; x_wconf 75' lang='grc' dir='ltr'>(ι</span> <span class='ocrx_word' id='word_1_734' title='bbox 1679 2114 1767 2149; x_wconf 75' lang='grc' dir='ltr'>Καλὴ,</span> <span class='ocrx_word' id='word_1_735' title='bbox 1783 2115 1800 2149; x_wconf 81' lang='grc' dir='ltr'><strong>ἡ</strong></span> <span class='ocrx_word' id='word_1_736' title='bbox 1816 2113 1892 2148; x_wconf 83' lang='grc' dir='ltr'>πλη-</span> 
     </span>
    </p>
   </div>
   <div class='ocr_carea' id='block_1_93' title="bbox 1062 2157 1894 2199">
    <p class='ocr_par' dir='ltr' id='par_1_93' title="bbox 1062 2157 1894 2199">
     <span class='ocr_line' id='line_1_93' title="bbox 1062 2157 1894 2199; baseline -0.006 -9"><span class='ocrx_word' id='word_1_737' title='bbox 1062 2162 1118 2190; x_wconf 82' lang='grc' dir='ltr'>σίον</span> <span class='ocrx_word' id='word_1_738' title='bbox 1137 2172 1201 2199; x_wconf 81' lang='grc' dir='ltr'>μου,</span> <span class='ocrx_word' id='word_1_739' title='bbox 1227 2162 1265 2192; x_wconf 84' lang='grc' dir='ltr'>ὡς</span> <span class='ocrx_word' id='word_1_740' title='bbox 1291 2159 1409 2196; x_wconf 71' lang='grc' dir='ltr'>εὐδοκία,</span> <span class='ocrx_word' id='word_1_741' title='bbox 1431 2160 1518 2198; x_wconf 86' lang='grc' dir='ltr'>ὡραία</span> <span class='ocrx_word' id='word_1_742' title='bbox 1543 2159 1582 2190; x_wconf 87' lang='grc' dir='ltr'><strong>ὡς</strong></span> <span class='ocrx_word' id='word_1_743' title='bbox 1606 2157 1797 2196; x_wconf 77' lang='grc' dir='ltr'>Ἰερουσαλὴμ,</span> <span class='ocrx_word' id='word_1_744' title='bbox 1822 2159 1894 2195; x_wconf 81' lang='grc' dir='ltr'>θάμ-</span> 
     </span>
    </p>
   </div>
   <div class='ocr_carea' id='block_1_94' title="bbox 1061 2203 1893 2244">
    <p class='ocr_par' dir='ltr' id='par_1_94' title="bbox 1061 2203 1893 2244">
     <span class='ocr_line' id='line_1_94' title="bbox 1061 2203 1893 2244; baseline -0.005 -10"><span class='ocrx_word' id='word_1_745' title='bbox 1061 2204 1110 2239; x_wconf 77' lang='grc' dir='ltr'><strong>ϐος</strong></span> <span class='ocrx_word' id='word_1_746' title='bbox 1125 2207 1162 2238; x_wconf 82' lang='grc' dir='ltr'><strong>ὡς</strong></span> <span class='ocrx_word' id='word_1_747' title='bbox 1186 2206 1359 2244; x_wconf 67' lang='grc' dir='ltr'>τεταγμέναι.</span> <span class='ocrx_word' id='word_1_748' title='bbox 1387 2218 1400 2230; x_wconf 84' lang='grc'>››</span> <span class='ocrx_word' id='word_1_749' title='bbox 1426 2204 1462 2231; x_wconf 80' lang='grc' dir='ltr'><strong>Οὐ</strong></span> <span class='ocrx_word' id='word_1_750' title='bbox 1476 2204 1528 2242; x_wconf 68' lang='grc' dir='ltr'><strong>γὰρ</strong></span> <span class='ocrx_word' id='word_1_751' title='bbox 1553 2203 1658 2238; x_wconf 80' lang='grc' dir='ltr'>ἄλλως,</span> <span class='ocrx_word' id='word_1_752' title='bbox 1682 2203 1700 2237; x_wconf 77' lang='grc' dir='ltr'><strong>ἢ</strong></span> <span class='ocrx_word' id='word_1_753' title='bbox 1717 2203 1754 2234; x_wconf 84' lang='grc' dir='ltr'><strong>ὡς</strong></span> <span class='ocrx_word' id='word_1_754' title='bbox 1772 2203 1822 2237; x_wconf 78' lang='grc' dir='ltr'>τὴν</span> <span class='ocrx_word' id='word_1_755' title='bbox 1846 2203 1893 2230; x_wconf 75' lang='grc' dir='ltr'><strong>Ἱε-</strong></span> 
     </span>
    </p>
   </div>
   <div class='ocr_carea' id='block_1_95' title="bbox 1062 2246 1893 2289">
    <p class='ocr_par' dir='ltr' id='par_1_95' title="bbox 1062 2246 1893 2289">
     <span class='ocr_line' id='line_1_95' title="bbox 1062 2246 1893 2289; baseline -0.006 -10"><span class='ocrx_word' id='word_1_756' title='bbox 1062 2251 1208 2289; x_wconf 79' lang='grc' dir='ltr'>ρουσαλὴμ</span> <span class='ocrx_word' id='word_1_757' title='bbox 1223 2250 1265 2278; x_wconf 83' lang='grc' dir='ltr'><strong>δεῖ</strong></span> <span class='ocrx_word' id='word_1_758' title='bbox 1279 2251 1346 2278; x_wconf 67' lang='grc' dir='ltr'>εἶναι</span> <span class='ocrx_word' id='word_1_759' title='bbox 1362 2249 1426 2279; x_wconf 78' lang='grc' dir='ltr'>τοὺς</span> <span class='ocrx_word' id='word_1_760' title='bbox 1442 2248 1494 2276; x_wconf 81' lang='grc' dir='ltr'><strong>ἀπὸ</strong></span> <span class='ocrx_word' id='word_1_761' title='bbox 1516 2250 1570 2275; x_wconf 78' lang='grc' dir='ltr'><strong>τῶν</strong></span> <span class='ocrx_word' id='word_1_762' title='bbox 1596 2247 1689 2281; x_wconf 80' lang='grc' dir='ltr'>ἐθνῶν,</span> <span class='ocrx_word' id='word_1_763' title='bbox 1701 2246 1747 2274; x_wconf 69' lang='grc' dir='ltr'>’ίνα</span> <span class='ocrx_word' id='word_1_764' title='bbox 1770 2247 1808 2277; x_wconf 76' lang='grc' dir='ltr'>εἷς</span> <span class='ocrx_word' id='word_1_765' title='bbox 1824 2247 1893 2278; x_wconf 81' lang='grc' dir='ltr'>λαὸς</span> 
     </span>
    </p>
   </div>
   <div class='ocr_carea' id='block_1_96' title="bbox 182 2291 1009 2345">
    <p class='ocr_par' dir='ltr' id='par_1_96' title="bbox 182 2292 1008 2345">
     <span class='ocr_line' id='line_1_96' title="bbox 182 2292 1008 2345; baseline 0.008 -26"><span class='ocrx_word' id='word_1_766' title='bbox 182 2293 309 2321; x_wconf 89' lang='lat' dir='ltr'><strong>Verbum</strong></span> <span class='ocrx_word' id='word_1_767' title='bbox 324 2301 402 2345; x_wconf 65' lang='lat' dir='ltr'><strong>vero,</strong></span> <span class='ocrx_word' id='word_1_768' title='bbox 419 2292 552 2328; x_wconf 78' lang='lat' dir='ltr'><strong>gentium</strong></span> <span class='ocrx_word' id='word_1_769' title='bbox 578 2292 635 2319; x_wconf 87' lang='lat' dir='ltr'><strong>ﬁde</strong></span> <span class='ocrx_word' id='word_1_770' title='bbox 650 2296 806 2328; x_wconf 88' lang='lat' dir='ltr'><strong>conspecta</strong></span> <span class='ocrx_word' id='word_1_771' title='bbox 829 2298 857 2322; x_wconf 88' lang='lat' dir='ltr'><strong>et</strong></span> <span class='ocrx_word' id='word_1_772' title='bbox 871 2298 1008 2332; x_wconf 85' lang='lat' dir='ltr'><strong>probata,</strong></span> 
     </span>
    </p>
   </div>
   <div class='ocr_carea' id='block_1_97' title="bbox 1065 2291 1892 2345">
    <p class='ocr_par' dir='ltr' id='par_1_97' title="bbox 1065 2291 1892 2334">
     <span class='ocr_line' id='line_1_97' title="bbox 1065 2291 1892 2334; baseline -0.006 -10"><span class='ocrx_word' id='word_1_773' title='bbox 1065 2298 1182 2334; x_wconf 72' lang='grc' dir='ltr'>γίνηται.</span> <span class='ocrx_word' id='word_1_774' title='bbox 1197 2298 1281 2322; x_wconf 77' lang='grc' dir='ltr'>Τοῦτο</span> <span class='ocrx_word' id='word_1_775' title='bbox 1305 2293 1333 2322; x_wconf 75' lang='grc' dir='ltr'><strong>δὲ</strong></span> <span class='ocrx_word' id='word_1_776' title='bbox 1357 2294 1468 2332; x_wconf 81' lang='grc' dir='ltr'>γίνεται,</span> <span class='ocrx_word' id='word_1_777' title='bbox 1494 2291 1556 2319; x_wconf 76' lang='grc' dir='ltr'>ὅταν</span> <span class='ocrx_word' id='word_1_778' title='bbox 1580 2293 1647 2328; x_wconf 84' lang='grc' dir='ltr'>μετὰ</span> <span class='ocrx_word' id='word_1_779' title='bbox 1669 2294 1718 2319; x_wconf 79' lang='grc' dir='ltr'>τοῦ</span> <span class='ocrx_word' id='word_1_780' title='bbox 1738 2294 1820 2328; x_wconf 79' lang='grc' dir='ltr'>τιμᾷν</span> <span class='ocrx_word' id='word_1_781' title='bbox 1843 2292 1892 2319; x_wconf 81' lang='grc' dir='ltr'>τὸν</span> 
     </span>
    </p>
   </div>
   <div class='ocr_carea' id='block_1_98' title="bbox 183 2335 1005 2377">
    <p class='ocr_par' dir='ltr' id='par_1_98' title="bbox 183 2335 1005 2377">
     <span class='ocr_line' id='line_1_98' title="bbox 183 2335 1005 2377; baseline 0.005 -12"><span class='ocrx_word' id='word_1_782' title='bbox 183 2338 263 2371; x_wconf 86' lang='lat' dir='ltr'><strong>dicit,</strong></span> <span class='ocrx_word' id='word_1_783' title='bbox 282 2348 295 2362; x_wconf 86' lang='grc' dir='ltr'>ι(</span> <span class='ocrx_word' id='word_1_784' title='bbox 311 2335 436 2364; x_wconf 82' lang='lat' dir='ltr'><strong>Pulchra</strong></span> <span class='ocrx_word' id='word_1_785' title='bbox 445 2343 486 2370; x_wconf 83' lang='lat' dir='ltr'><strong>es,</strong></span> <span class='ocrx_word' id='word_1_786' title='bbox 500 2335 595 2362; x_wconf 86' lang='lat' dir='ltr'><strong>amica</strong></span> <span class='ocrx_word' id='word_1_787' title='bbox 610 2337 764 2371; x_wconf 87' lang='lat' dir='ltr'><strong>mea,sicut</strong></span> <span class='ocrx_word' id='word_1_788' title='bbox 779 2338 1005 2377; x_wconf 87' lang='lat' dir='ltr'><strong>beneplacitum,</strong></span> 
     </span>
    </p>
   </div>
   <div class='ocr_carea' id='block_1_99' title="bbox 181 2379 1005 2413">
    <p class='ocr_par' dir='ltr' id='par_1_99' title="bbox 181 2379 1005 2413">
     <span class='ocr_line' id='line_1_99' title="bbox 181 2379 1005 2413; baseline 0.006 -5"><span class='ocrx_word' id='word_1_789' title='bbox 181 2383 209 2408; x_wconf 85' lang='lat' dir='ltr'><strong>et</strong></span> <span class='ocrx_word' id='word_1_790' title='bbox 226 2381 354 2408; x_wconf 80' lang='lat' dir='ltr'><strong>formosa</strong></span> <span class='ocrx_word' id='word_1_791' title='bbox 370 2379 446 2407; x_wconf 90' lang='lat' dir='ltr'><strong>sicut</strong></span> <span class='ocrx_word' id='word_1_792' title='bbox 457 2379 632 2411; x_wconf 85' lang='lat' dir='ltr'><strong>Jerusalem,</strong></span> <span class='ocrx_word' id='word_1_793' title='bbox 653 2380 794 2409; x_wconf 87' lang='lat' dir='ltr'><strong>terribilis</strong></span> <span class='ocrx_word' id='word_1_794' title='bbox 809 2382 886 2410; x_wconf 86' lang='lat' dir='ltr'><strong>sicut</strong></span> <span class='ocrx_word' id='word_1_795' title='bbox 896 2388 1005 2413; x_wconf 84' lang='lat' dir='ltr'><strong>castro-</strong></span> 
     </span>
    </p>
   </div>
   <div class='ocr_carea' id='block_1_100' title="bbox 184 2423 1008 2464">
    <p class='ocr_par' dir='ltr' id='par_1_100' title="bbox 184 2423 1008 2464">
     <span class='ocr_line' id='line_1_100' title="bbox 184 2423 1008 2464; baseline 0.008 -13"><span class='ocrx_word' id='word_1_796' title='bbox 184 2433 247 2453; x_wconf 83' lang='lat' dir='ltr'><strong>rum</strong></span> <span class='ocrx_word' id='word_1_797' title='bbox 262 2425 338 2452; x_wconf 82' lang='lat' dir='ltr'><strong>acies</strong></span> <span class='ocrx_word' id='word_1_798' title='bbox 368 2423 502 2451; x_wconf 80' lang='lat' dir='ltr'><strong>ordinata</strong></span> <span class='ocrx_word' id='word_1_799' title='bbox 514 2424 546 2451; x_wconf 71' lang='lat'><strong>‘5.</strong></span> <span class='ocrx_word' id='word_1_800' title='bbox 560 2433 575 2448; x_wconf 83' lang='lat'><strong><em>»</em></strong></span> <span class='ocrx_word' id='word_1_801' title='bbox 592 2423 711 2459; x_wconf 82' lang='lat' dir='ltr'><strong>Oportet</strong></span> <span class='ocrx_word' id='word_1_802' title='bbox 731 2425 808 2454; x_wconf 89' lang='lat' dir='ltr'><strong>enim</strong></span> <span class='ocrx_word' id='word_1_803' title='bbox 830 2435 889 2463; x_wconf 88' lang='lat' dir='ltr'><strong>eos,</strong></span> <span class='ocrx_word' id='word_1_804' title='bbox 907 2429 957 2464; x_wconf 85' lang='lat' dir='ltr'><strong>qui</strong></span> <span class='ocrx_word' id='word_1_805' title='bbox 973 2438 1008 2458; x_wconf 81' lang='lat' dir='ltr'><strong>ex</strong></span> 
     </span>
    </p>
   </div>
   <div class='ocr_carea' id='block_1_101' title="bbox 183 2468 1007 2509">
    <p class='ocr_par' dir='ltr' id='par_1_101' title="bbox 183 2468 1007 2509">
     <span class='ocr_line' id='line_1_101' title="bbox 183 2468 1007 2509; baseline 0.007 -12"><span class='ocrx_word' id='word_1_806' title='bbox 183 2469 320 2505; x_wconf 75' lang='lat' dir='ltr'><strong>gentibus</strong></span> <span class='ocrx_word' id='word_1_807' title='bbox 335 2471 415 2501; x_wconf 90' lang='lat' dir='ltr'><strong>sunt,</strong></span> <span class='ocrx_word' id='word_1_808' title='bbox 425 2477 483 2496; x_wconf 89' lang='lat' dir='ltr'><strong>non</strong></span> <span class='ocrx_word' id='word_1_809' title='bbox 498 2476 562 2496; x_wconf 88' lang='lat' dir='ltr'><strong>esse</strong></span> <span class='ocrx_word' id='word_1_810' title='bbox 577 2468 739 2497; x_wconf 83' lang='lat' dir='ltr'><strong>dissimiles</strong></span> <span class='ocrx_word' id='word_1_811' title='bbox 754 2470 1007 2509; x_wconf 62' lang='lat' dir='ltr'><strong>Hierosolymamt</strong></span> 
     </span>
    </p>
   </div>
   <div class='ocr_carea' id='block_1_102' title="bbox 184 2513 1006 2550">
    <p class='ocr_par' dir='ltr' id='par_1_102' title="bbox 184 2513 1006 2550">
     <span class='ocr_line' id='line_1_102' title="bbox 184 2513 1006 2550; baseline 0.007 -8"><span class='ocrx_word' id='word_1_812' title='bbox 184 2516 232 2542; x_wconf 71' lang='lat' dir='ltr'><strong>tiat</strong></span> <span class='ocrx_word' id='word_1_813' title='bbox 249 2522 326 2542; x_wconf 89' lang='lat' dir='ltr'><strong>unus</strong></span> <span class='ocrx_word' id='word_1_814' title='bbox 342 2513 479 2549; x_wconf 88' lang='lat' dir='ltr'><strong>populus.</strong></span> <span class='ocrx_word' id='word_1_815' title='bbox 501 2513 558 2540; x_wconf 84' lang='lat' dir='ltr'><strong>Hoc</strong></span> <span class='ocrx_word' id='word_1_816' title='bbox 570 2515 668 2541; x_wconf 86' lang='lat' dir='ltr'><strong>autem</strong></span> <span class='ocrx_word' id='word_1_817' title='bbox 680 2513 722 2548; x_wconf 90' lang='lat' dir='ltr'><strong>ﬁt,</strong></span> <span class='ocrx_word' id='word_1_818' title='bbox 739 2517 858 2550; x_wconf 91' lang='lat' dir='ltr'><strong>quando</strong></span> <span class='ocrx_word' id='word_1_819' title='bbox 873 2518 961 2547; x_wconf 86' lang='lat' dir='ltr'><strong>simul</strong></span> <span class='ocrx_word' id='word_1_820' title='bbox 978 2523 1006 2548; x_wconf 88' lang='lat' dir='ltr'><strong>et</strong></span> 
     </span>
    </p>
   </div>
   <div class='ocr_carea' id='block_1_103' title="bbox 183 2557 1006 2595">
    <p class='ocr_par' dir='ltr' id='par_1_103' title="bbox 183 2557 1006 2595">
     <span class='ocr_line' id='line_1_103' title="bbox 183 2557 1006 2595; baseline 0.01 -10"><span class='ocrx_word' id='word_1_821' title='bbox 183 2559 276 2595; x_wconf 77' lang='lat' dir='ltr'><strong>legem</strong></span> <span class='ocrx_word' id='word_1_822' title='bbox 292 2558 482 2590; x_wconf 78' lang='lat' dir='ltr'><strong>honoramus,</strong></span> <span class='ocrx_word' id='word_1_823' title='bbox 500 2560 528 2585; x_wconf 90' lang='lat' dir='ltr'><strong>et</strong></span> <span class='ocrx_word' id='word_1_824' title='bbox 552 2557 582 2585; x_wconf 88' lang='lat' dir='ltr'><strong>in</strong></span> <span class='ocrx_word' id='word_1_825' title='bbox 597 2557 747 2586; x_wconf 84' lang='lat' dir='ltr'><strong>Christum</strong></span> <span class='ocrx_word' id='word_1_826' title='bbox 771 2560 928 2590; x_wconf 83' lang='lat' dir='ltr'><strong>credimus.</strong></span> <span class='ocrx_word' id='word_1_827' title='bbox 955 2565 1006 2593; x_wconf 81' lang='lat' dir='ltr'><strong>Est</strong></span> 
     </span>
    </p>
   </div>
   <div class='ocr_carea' id='block_1_104' title="bbox 183 2602 1004 2645">
    <p class='ocr_par' dir='ltr' id='par_1_104' title="bbox 183 2602 1004 2645">
     <span class='ocr_line' id='line_1_104' title="bbox 183 2602 1004 2645; baseline 0.009 -15"><span class='ocrx_word' id='word_1_828' title='bbox 183 2603 262 2631; x_wconf 88' lang='lat' dir='ltr'><strong>enim</strong></span> <span class='ocrx_word' id='word_1_829' title='bbox 276 2611 351 2630; x_wconf 88' lang='lat' dir='ltr'><strong>unus</strong></span> <span class='ocrx_word' id='word_1_830' title='bbox 367 2602 455 2635; x_wconf 85' lang='lat' dir='ltr'><strong>Deus,</strong></span> <span class='ocrx_word' id='word_1_831' title='bbox 468 2606 495 2630; x_wconf 82' lang='lat' dir='ltr'><strong>et</strong></span> <span class='ocrx_word' id='word_1_832' title='bbox 518 2602 591 2638; x_wconf 82' lang='lat' dir='ltr'><strong>legis</strong></span> <span class='ocrx_word' id='word_1_833' title='bbox 607 2604 636 2630; x_wconf 89' lang='lat' dir='ltr'><strong>et</strong></span> <span class='ocrx_word' id='word_1_834' title='bbox 650 2603 883 2640; x_wconf 80' lang='lat' dir='ltr'><strong>Evangeliarum.</strong></span> <span class='ocrx_word' id='word_1_835' title='bbox 907 2608 942 2636; x_wconf 87' lang='lat' dir='ltr'><strong>Et</strong></span> <span class='ocrx_word' id='word_1_836' title='bbox 954 2610 1004 2645; x_wconf 88' lang='lat' dir='ltr'><strong>qui</strong></span> 
     </span>
    </p>
   </div>
   <div class='ocr_carea' id='block_1_105' title="bbox 182 2646 1006 2682">
    <p class='ocr_par' dir='ltr' id='par_1_105' title="bbox 182 2646 1006 2682">
     <span class='ocr_line' id='line_1_105' title="bbox 182 2646 1006 2682; baseline 0.007 -6"><span class='ocrx_word' id='word_1_837' title='bbox 182 2647 346 2676; x_wconf 83' lang='lat' dir='ltr'><strong>Jerusalem</strong></span> <span class='ocrx_word' id='word_1_838' title='bbox 358 2646 540 2675; x_wconf 79' lang='lat' dir='ltr'><strong>assimilatas</strong></span> <span class='ocrx_word' id='word_1_839' title='bbox 550 2655 609 2674; x_wconf 87' lang='lat' dir='ltr'><strong>non</strong></span> <span class='ocrx_word' id='word_1_840' title='bbox 625 2647 721 2681; x_wconf 78' lang='lat' dir='ltr'><strong>fuerit,</strong></span> <span class='ocrx_word' id='word_1_841' title='bbox 733 2657 790 2677; x_wconf 87' lang='lat' dir='ltr'><strong>non</strong></span> <span class='ocrx_word' id='word_1_842' title='bbox 801 2651 928 2680; x_wconf 75' lang='lat' dir='ltr'><strong>efﬁcitur</strong></span> <span class='ocrx_word' id='word_1_843' title='bbox 937 2653 1006 2682; x_wconf 84' lang='lat' dir='ltr'><strong>Ver-</strong></span> 
     </span>
    </p>
   </div>
   <div class='ocr_carea' id='block_1_106' title="bbox 183 2691 1006 2732">
    <p class='ocr_par' dir='ltr' id='par_1_106' title="bbox 183 2691 1006 2732">
     <span class='ocr_line' id='line_1_106' title="bbox 183 2691 1006 2732; baseline 0.011 -14"><span class='ocrx_word' id='word_1_844' title='bbox 183 2691 212 2719; x_wconf 87' lang='lat' dir='ltr'><strong>bi</strong></span> <span class='ocrx_word' id='word_1_845' title='bbox 232 2692 356 2719; x_wconf 84' lang='lat' dir='ltr'><strong>amicus.</strong></span> <span class='ocrx_word' id='word_1_846' title='bbox 381 2691 544 2718; x_wconf 77' lang='lat' dir='ltr'><strong>Jerusalem</strong></span> <span class='ocrx_word' id='word_1_847' title='bbox 570 2691 658 2718; x_wconf 87' lang='lat' dir='ltr'><strong>ﬁdem</strong></span> <span class='ocrx_word' id='word_1_848' title='bbox 688 2692 813 2721; x_wconf 84' lang='lat' dir='ltr'><strong>ﬁliorum</strong></span> <span class='ocrx_word' id='word_1_849' title='bbox 838 2696 949 2732; x_wconf 86' lang='lat' dir='ltr'><strong>videns,</strong></span> <span class='ocrx_word' id='word_1_850' title='bbox 977 2701 1006 2727; x_wconf 90' lang='lat' dir='ltr'><strong>et</strong></span> 
     </span>
    </p>
   </div>
   <div class='ocr_carea' id='block_1_107' title="bbox 183 2735 1002 2772">
    <p class='ocr_par' dir='ltr' id='par_1_107' title="bbox 183 2735 1002 2772">
     <span class='ocr_line' id='line_1_107' title="bbox 183 2735 1002 2772; baseline 0.009 -8"><span class='ocrx_word' id='word_1_851' title='bbox 183 2736 270 2764; x_wconf 87' lang='lat' dir='ltr'><strong>Verbi</strong></span> <span class='ocrx_word' id='word_1_852' title='bbox 290 2736 516 2769; x_wconf 83' lang='lat' dir='ltr'><strong>humanitatem,</strong></span> <span class='ocrx_word' id='word_1_853' title='bbox 541 2735 629 2763; x_wconf 91' lang='lat' dir='ltr'><strong>dicit:</strong></span> <span class='ocrx_word' id='word_1_854' title='bbox 646 2746 660 2761; x_wconf 85' lang='lat'>«</span> <span class='ocrx_word' id='word_1_855' title='bbox 676 2736 817 2765; x_wconf 86' lang='lat' dir='ltr'><strong>Descendi</strong></span> <span class='ocrx_word' id='word_1_856' title='bbox 843 2739 871 2767; x_wconf 89' lang='lat' dir='ltr'><strong>in</strong></span> <span class='ocrx_word' id='word_1_857' title='bbox 886 2740 1002 2772; x_wconf 86' lang='lat' dir='ltr'><strong>hortum</strong></span> 
     </span>
    </p>
   </div>
   <div class='ocr_carea' id='block_1_108' title="bbox 1062 2336 1894 2377">
    <p class='ocr_par' dir='ltr' id='par_1_108' title="bbox 1062 2336 1894 2377">
     <span class='ocr_line' id='line_1_108' title="bbox 1062 2336 1894 2377; baseline -0.006 -9"><span class='ocrx_word' id='word_1_858' title='bbox 1062 2341 1146 2377; x_wconf 78' lang='grc' dir='ltr'>νόμον</span> <span class='ocrx_word' id='word_1_859' title='bbox 1170 2340 1338 2376; x_wconf 75' lang='grc' dir='ltr'>πιστεύωμεν</span> <span class='ocrx_word' id='word_1_860' title='bbox 1363 2339 1408 2366; x_wconf 84' lang='grc' dir='ltr'>τὸν</span> <span class='ocrx_word' id='word_1_861' title='bbox 1434 2337 1620 2375; x_wconf 76' lang='grc' dir='ltr'>Χριστόν.Ε’ίς</span> <span class='ocrx_word' id='word_1_862' title='bbox 1644 2337 1696 2374; x_wconf 81' lang='grc' dir='ltr'><strong>γὰρ</strong></span> <span class='ocrx_word' id='word_1_863' title='bbox 1721 2336 1735 2363; x_wconf 83' lang='grc' dir='ltr'><strong>ὁ</strong></span> <span class='ocrx_word' id='word_1_864' title='bbox 1760 2336 1824 2367; x_wconf 79' lang='grc' dir='ltr'>Θεὸς</span> <span class='ocrx_word' id='word_1_865' title='bbox 1842 2339 1894 2364; x_wconf 76' lang='grc' dir='ltr'>τοῦ</span> 
     </span>
    </p>
   </div>
   <div class='ocr_carea' id='block_1_109' title="bbox 1061 2380 1894 2422">
    <p class='ocr_par' dir='ltr' id='par_1_109' title="bbox 1061 2380 1894 2422">
     <span class='ocr_line' id='line_1_109' title="bbox 1061 2380 1894 2422; baseline -0.007 -9"><span class='ocrx_word' id='word_1_866' title='bbox 1061 2385 1148 2422; x_wconf 88' lang='grc' dir='ltr'>νόμου</span> <span class='ocrx_word' id='word_1_867' title='bbox 1165 2385 1209 2412; x_wconf 80' lang='grc' dir='ltr'>καὶ</span> <span class='ocrx_word' id='word_1_868' title='bbox 1223 2387 1277 2412; x_wconf 82' lang='grc' dir='ltr'><strong>τῶν</strong></span> <span class='ocrx_word' id='word_1_869' title='bbox 1301 2382 1481 2421; x_wconf 78' lang='grc' dir='ltr'>Εὐαγγελίων.</span> <span class='ocrx_word' id='word_1_870' title='bbox 1500 2382 1547 2409; x_wconf 77' lang='grc' dir='ltr'><strong>Καὶ</strong></span> <span class='ocrx_word' id='word_1_871' title='bbox 1564 2381 1578 2408; x_wconf 87' lang='grc' dir='ltr'><strong>ὁ</strong></span> <span class='ocrx_word' id='word_1_872' title='bbox 1596 2381 1633 2417; x_wconf 84' lang='grc' dir='ltr'>μή</span> <span class='ocrx_word' id='word_1_873' title='bbox 1649 2381 1687 2412; x_wconf 85' lang='grc' dir='ltr'><strong>ὡς</strong></span> <span class='ocrx_word' id='word_1_874' title='bbox 1707 2380 1894 2418; x_wconf 84' lang='grc' dir='ltr'>Ἱερουσαλήμ</span> 
     </span>
    </p>
   </div>
   <div class='ocr_carea' id='block_1_110' title="bbox 1061 2425 1894 2468">
    <p class='ocr_par' dir='ltr' id='par_1_110' title="bbox 1061 2425 1894 2468">
     <span class='ocr_line' id='line_1_110' title="bbox 1061 2425 1894 2468; baseline -0.007 -10"><span class='ocrx_word' id='word_1_875' title='bbox 1061 2431 1204 2468; x_wconf 84' lang='grc' dir='ltr'>γενόμενος</span> <span class='ocrx_word' id='word_1_876' title='bbox 1230 2429 1261 2456; x_wconf 78' lang='grc' dir='ltr'>οὐ</span> <span class='ocrx_word' id='word_1_877' title='bbox 1285 2428 1387 2466; x_wconf 81' lang='grc' dir='ltr'>γίνεται</span> <span class='ocrx_word' id='word_1_878' title='bbox 1413 2426 1531 2462; x_wconf 83' lang='grc' dir='ltr'>πλησίον</span> <span class='ocrx_word' id='word_1_879' title='bbox 1557 2428 1605 2453; x_wconf 76' lang='grc' dir='ltr'>τοῦ</span> <span class='ocrx_word' id='word_1_880' title='bbox 1622 2425 1722 2462; x_wconf 85' lang='grc' dir='ltr'>Λόγου.</span> <span class='ocrx_word' id='word_1_881' title='bbox 1746 2426 1778 2452; x_wconf 86' lang='grc' dir='ltr'>Ἣ</span> <span class='ocrx_word' id='word_1_882' title='bbox 1793 2425 1894 2462; x_wconf 81' lang='grc' dir='ltr'>Ἰερου-</span> 
     </span>
    </p>
   </div>
   <div class='ocr_carea' id='block_1_111' title="bbox 1062 2469 1892 2512">
    <p class='ocr_par' dir='ltr' id='par_1_111' title="bbox 1062 2469 1892 2512">
     <span class='ocr_line' id='line_1_111' title="bbox 1062 2469 1892 2512; baseline -0.008 -10"><span class='ocrx_word' id='word_1_883' title='bbox 1062 2473 1167 2511; x_wconf 76' lang='grc' dir='ltr'>σαλὴμ,</span> <span class='ocrx_word' id='word_1_884' title='bbox 1184 2474 1274 2512; x_wconf 78' lang='grc' dir='ltr'>ὁρῶσα</span> <span class='ocrx_word' id='word_1_885' title='bbox 1296 2475 1350 2500; x_wconf 84' lang='grc' dir='ltr'>τῶν</span> <span class='ocrx_word' id='word_1_886' title='bbox 1374 2471 1473 2510; x_wconf 55' lang='grc' dir='ltr'>τέκνων</span> <span class='ocrx_word' id='word_1_887' title='bbox 1495 2470 1546 2504; x_wconf 77' lang='grc' dir='ltr'><strong>τήν</strong></span> <span class='ocrx_word' id='word_1_888' title='bbox 1571 2469 1673 2503; x_wconf 83' lang='grc' dir='ltr'>πίστιν,</span> <span class='ocrx_word' id='word_1_889' title='bbox 1697 2469 1741 2497; x_wconf 70' lang='grc' dir='ltr'>καὶ</span> <span class='ocrx_word' id='word_1_890' title='bbox 1766 2469 1815 2502; x_wconf 68' lang='grc' dir='ltr'>τὴν</span> <span class='ocrx_word' id='word_1_891' title='bbox 1841 2471 1892 2496; x_wconf 79' lang='grc' dir='ltr'>τοῦ</span> 
     </span>
    </p>
   </div>
   <div class='ocr_carea' id='block_1_112' title="bbox 1062 2513 1890 2558">
    <p class='ocr_par' dir='ltr' id='par_1_112' title="bbox 1062 2513 1890 2558">
     <span class='ocr_line' id='line_1_112' title="bbox 1062 2513 1890 2558; baseline -0.01 -11"><span class='ocrx_word' id='word_1_892' title='bbox 1062 2520 1151 2557; x_wconf 85' lang='grc' dir='ltr'>Δόγου</span> <span class='ocrx_word' id='word_1_893' title='bbox 1167 2516 1385 2558; x_wconf 56' lang='grc' dir='ltr'>φιλανθρωπίαν,</span> <span class='ocrx_word' id='word_1_894' title='bbox 1410 2515 1495 2552; x_wconf 69' lang='grc' dir='ltr'>λέγει·</span> <span class='ocrx_word' id='word_1_895' title='bbox 1515 2526 1529 2540; x_wconf 68' lang='grc' dir='ltr'>ι(</span> <span class='ocrx_word' id='word_1_896' title='bbox 1547 2513 1591 2545; x_wconf 81' lang='grc' dir='ltr'><strong>Εἷς</strong></span> <span class='ocrx_word' id='word_1_897' title='bbox 1607 2517 1696 2548; x_wconf 78' lang='grc' dir='ltr'>κῆπον</span> <span class='ocrx_word' id='word_1_898' title='bbox 1706 2513 1807 2558; x_wconf 72' lang='grc' dir='ltr'>καρύας</span> <span class='ocrx_word' id='word_1_899' title='bbox 1823 2523 1890 2540; x_wconf 80' lang='grc' dir='ltr'>κατ-</span> 
     </span>
    </p>
   </div>
   <div class='ocr_carea' id='block_1_113' title="bbox 1061 2556 1892 2600">
    <p class='ocr_par' dir='ltr' id='par_1_113' title="bbox 1061 2556 1892 2600">
     <span class='ocr_line' id='line_1_113' title="bbox 1061 2556 1892 2600; baseline -0.008 -9"><span class='ocrx_word' id='word_1_900' title='bbox 1061 2562 1126 2600; x_wconf 75' lang='grc' dir='ltr'>έϐην</span> <span class='ocrx_word' id='word_1_901' title='bbox 1148 2556 1213 2590; x_wconf 73' lang='grc' dir='ltr'><strong>ἰδεῖν</strong></span> <span class='ocrx_word' id='word_1_902' title='bbox 1238 2562 1263 2589; x_wconf 71' lang='grc' dir='ltr'>ἰν</span> <span class='ocrx_word' id='word_1_903' title='bbox 1289 2561 1438 2599; x_wconf 77' lang='grc' dir='ltr'>γεννήματι</span> <span class='ocrx_word' id='word_1_904' title='bbox 1461 2561 1510 2586; x_wconf 83' lang='grc' dir='ltr'>τοῦ</span> <span class='ocrx_word' id='word_1_905' title='bbox 1533 2558 1698 2596; x_wconf 58' lang='grc' dir='ltr'>χειμάρρου,</span> <span class='ocrx_word' id='word_1_906' title='bbox 1721 2559 1743 2585; x_wconf 72' lang='grc' dir='ltr'>αἱ</span> <span class='ocrx_word' id='word_1_907' title='bbox 1768 2556 1892 2593; x_wconf 75' lang='grc' dir='ltr'>ἤνθησαν</span> 
     </span>
    </p>
   </div>
   <div class='ocr_carea' id='block_1_114' title="bbox 1060 2601 1887 2646">
    <p class='ocr_par' dir='ltr' id='par_1_114' title="bbox 1060 2601 1887 2646">
     <span class='ocr_line' id='line_1_114' title="bbox 1060 2601 1887 2646; baseline -0.01 -10"><span class='ocrx_word' id='word_1_908' title='bbox 1060 2609 1088 2636; x_wconf 77' lang='grc' dir='ltr'>αἱ</span> <span class='ocrx_word' id='word_1_909' title='bbox 1104 2608 1175 2646; x_wconf 67' lang='grc' dir='ltr'>ῥοιαί</span> <span class='ocrx_word' id='word_1_910' title='bbox 1191 2617 1197 2623; x_wconf 92' lang='grc'><strong>·</strong></span> <span class='ocrx_word' id='word_1_911' title='bbox 1215 2607 1270 2635; x_wconf 73' lang='grc' dir='ltr'>ἐκεῖ</span> <span class='ocrx_word' id='word_1_912' title='bbox 1293 2605 1372 2633; x_wconf 80' lang='grc' dir='ltr'>δώσω</span> <span class='ocrx_word' id='word_1_913' title='bbox 1394 2603 1459 2634; x_wconf 82' lang='grc' dir='ltr'>τοὺς</span> <span class='ocrx_word' id='word_1_914' title='bbox 1484 2603 1602 2640; x_wconf 78' lang='grc' dir='ltr'>μαστούς</span> <span class='ocrx_word' id='word_1_915' title='bbox 1628 2613 1689 2639; x_wconf 88' lang='grc' dir='ltr'>μου.</span> <span class='ocrx_word' id='word_1_916' title='bbox 1707 2602 1763 2629; x_wconf 78' lang='grc' dir='ltr'><strong>Οὐκ</strong></span> <span class='ocrx_word' id='word_1_917' title='bbox 1784 2601 1854 2639; x_wconf 75' lang='grc' dir='ltr'>ἔγνω</span> <span class='ocrx_word' id='word_1_918' title='bbox 1869 2603 1887 2628; x_wconf 57' lang='grc' dir='ltr'>ᾖ</span> 
     </span>
    </p>
   </div>
   <div class='ocr_carea' id='block_1_115' title="bbox 1060 2644 1890 2691">
    <p class='ocr_par' dir='ltr' id='par_1_115' title="bbox 1060 2644 1890 2691">
     <span class='ocr_line' id='line_1_115' title="bbox 1060 2644 1890 2691; baseline -0.01 -11"><span class='ocrx_word' id='word_1_919' title='bbox 1060 2644 1137 2691; x_wconf 64' lang='grc' dir='ltr'>ψυχὴ</span> <span class='ocrx_word' id='word_1_920' title='bbox 1165 2662 1227 2689; x_wconf 83' lang='grc' dir='ltr'><strong>μιου⁷</strong></span> <span class='ocrx_word' id='word_1_921' title='bbox 1257 2649 1331 2678; x_wconf 81' lang='grc' dir='ltr'>ἔθετό</span> <span class='ocrx_word' id='word_1_922' title='bbox 1362 2660 1395 2686; x_wconf 84' lang='grc' dir='ltr'><strong>με</strong></span> <span class='ocrx_word' id='word_1_923' title='bbox 1418 2647 1525 2686; x_wconf 76' lang='grc' dir='ltr'>ἅρματα</span> <span class='ocrx_word' id='word_1_924' title='bbox 1546 2644 1716 2691; x_wconf 67' lang='grc' dir='ltr'><strong>ΔἊμινιαιδάϐ.</strong></span> <span class='ocrx_word' id='word_1_925' title='bbox 1734 2658 1748 2672; x_wconf 77' lang='grc' dir='ltr'>ι)</span> <span class='ocrx_word' id='word_1_926' title='bbox 1762 2646 1810 2676; x_wconf 73' lang='grc' dir='ltr'><strong>Εἲς</strong></span> <span class='ocrx_word' id='word_1_927' title='bbox 1835 2646 1890 2683; x_wconf 80' lang='grc' dir='ltr'><strong>γὰρ</strong></span> 
     </span>
    </p>
   </div>
   <div class='ocr_carea' id='block_1_116' title="bbox 1058 2689 1889 2732">
    <p class='ocr_par' dir='ltr' id='par_1_116' title="bbox 1058 2689 1889 2732">
     <span class='ocr_line' id='line_1_116' title="bbox 1058 2689 1889 2732; baseline -0.012 -6"><span class='ocrx_word' id='word_1_928' title='bbox 1058 2689 1205 2732; x_wconf 35' lang='grc' dir='ltr'>τὸν-κῆπον</span> <span class='ocrx_word' id='word_1_929' title='bbox 1230 2699 1281 2730; x_wconf 80' lang='grc' dir='ltr'><strong>τῆς</strong></span> <span class='ocrx_word' id='word_1_930' title='bbox 1304 2693 1415 2732; x_wconf 72' lang='grc' dir='ltr'>καρύας,</span> <span class='ocrx_word' id='word_1_931' title='bbox 1439 2692 1512 2719; x_wconf 74' lang='grc' dir='ltr'>τοῦτ’</span> <span class='ocrx_word' id='word_1_932' title='bbox 1536 2689 1606 2718; x_wconf 78' lang='grc' dir='ltr'>ἔστιν</span> <span class='ocrx_word' id='word_1_933' title='bbox 1630 2691 1669 2722; x_wconf 74' lang='grc' dir='ltr'>εἲς</span> <span class='ocrx_word' id='word_1_934' title='bbox 1691 2691 1739 2722; x_wconf 68' lang='grc' dir='ltr'><strong>τὰς</strong></span> <span class='ocrx_word' id='word_1_935' title='bbox 1766 2691 1889 2729; x_wconf 71' lang='grc' dir='ltr'>Γραφὰς,</span> 
     </span>
    </p>
   </div>
   <div class='ocr_carea' id='block_1_117' title="bbox 1059 2733 1891 2781">
    <p class='ocr_par' dir='ltr' id='par_1_117' title="bbox 1059 2733 1891 2781">
     <span class='ocr_line' id='line_1_117' title="bbox 1059 2733 1891 2781; baseline -0.017 -10"><span class='ocrx_word' id='word_1_936' title='bbox 1059 2742 1203 2781; x_wconf 74' lang='grc' dir='ltr'>ἐγενόμην,</span> <span class='ocrx_word' id='word_1_937' title='bbox 1227 2739 1326 2769; x_wconf 72' lang='grc' dir='ltr'>αἵτινες</span> <span class='ocrx_word' id='word_1_938' title='bbox 1348 2737 1385 2769; x_wconf 82' lang='grc' dir='ltr'>ὡς</span> <span class='ocrx_word' id='word_1_939' title='bbox 1406 2737 1502 2772; x_wconf 83' lang='grc' dir='ltr'>καρύαι</span> <span class='ocrx_word' id='word_1_940' title='bbox 1527 2735 1602 2770; x_wconf 79' lang='grc' dir='ltr'>εἷ’σὶν,</span> <span class='ocrx_word' id='word_1_941' title='bbox 1619 2733 1714 2772; x_wconf 77' lang='grc' dir='ltr'>ἔξωθεν</span> <span class='ocrx_word' id='word_1_942' title='bbox 1731 2736 1779 2772; x_wconf 61' lang='grc' dir='ltr'>μὶν</span> <span class='ocrx_word' id='word_1_943' title='bbox 1800 2734 1891 2770; x_wconf 74' lang='grc' dir='ltr'>σκλη-</span> 
     </span>
    </p>
   </div>
   <div class='ocr_carea' id='block_1_118' title="bbox 217 2806 1009 2851">
    <p class='ocr_par' dir='ltr' id='par_1_118' title="bbox 217 2806 1007 2851">
     <span class='ocr_line' id='line_1_118' title="bbox 217 2806 1007 2851; baseline 0.008 -16"><span class='ocrx_word' id='word_1_944' title='bbox 217 2807 332 2851; x_wconf 59' lang='lat' dir='ltr'><strong>&quot;nCant.</strong></span> <span class='ocrx_word' id='word_1_945' title='bbox 367 2815 387 2843; x_wconf 79' lang='grc' dir='ltr'><strong>ι,</strong></span> <span class='ocrx_word' id='word_1_946' title='bbox 421 2806 485 2842; x_wconf 78' lang='grc'>6,⁸⁰</span> <span class='ocrx_word' id='word_1_947' title='bbox 504 2806 575 2834; x_wconf 88' lang='lat' dir='ltr'><strong>ibid.</strong></span> <span class='ocrx_word' id='word_1_948' title='bbox 591 2807 617 2834; x_wconf 89' lang='lat'><strong>7.</strong></span> <span class='ocrx_word' id='word_1_949' title='bbox 634 2806 653 2824; x_wconf 83' lang='lat'><strong>&quot;</strong></span> <span class='ocrx_word' id='word_1_950' title='bbox 689 2807 771 2836; x_wconf 82' lang='lat' dir='ltr'><strong>Cant.</strong></span> <span class='ocrx_word' id='word_1_951' title='bbox 788 2818 837 2846; x_wconf 84' lang='lat' dir='ltr'><strong>vu,</strong></span> <span class='ocrx_word' id='word_1_952' title='bbox 875 2812 899 2840; x_wconf 78' lang='grc'><strong>1.</strong></span> <span class='ocrx_word' id='word_1_953' title='bbox 931 2814 955 2832; x_wconf 68' lang='grc' dir='ltr'><strong>δ’</strong></span> <span class='ocrx_word' id='word_1_954' title='bbox 985 2815 1007 2844; x_wconf 80' lang='lat' dir='ltr'><strong>G</strong></span> 
     </span>
    </p>
   </div>
   <div class='ocr_carea' id='block_1_119' title="bbox 1065 2806 1888 2851">
    <p class='ocr_par' dir='ltr' id='par_1_119' title="bbox 1065 2807 1888 2851">
     <span class='ocr_line' id='line_1_119' title="bbox 1065 2807 1888 2851; baseline -0.016 -7"><span class='ocrx_word' id='word_1_955' title='bbox 1065 2824 1103 2851; x_wconf 76' lang='lat'><strong>.1,</strong></span> <span class='ocrx_word' id='word_1_956' title='bbox 1118 2815 1145 2851; x_wconf 80' lang='grc'>4,</span> <span class='ocrx_word' id='word_1_957' title='bbox 1175 2815 1203 2842; x_wconf 86' lang='lat'><strong>5.</strong></span> <span class='ocrx_word' id='word_1_958' title='bbox 1228 2813 1251 2831; x_wconf 67' lang='grc' dir='ltr'><strong>ιε</strong></span> <span class='ocrx_word' id='word_1_959' title='bbox 1284 2810 1364 2840; x_wconf 87' lang='lat' dir='ltr'><strong>Cant.</strong></span> <span class='ocrx_word' id='word_1_960' title='bbox 1380 2818 1413 2843; x_wconf 81' lang='grc' dir='ltr'><strong>ιι,</strong></span> <span class='ocrx_word' id='word_1_961' title='bbox 1447 2808 1474 2843; x_wconf 72' lang='grc' dir='ltr'><strong>ι,</strong></span> <span class='ocrx_word' id='word_1_962' title='bbox 1501 2807 1528 2835; x_wconf 84' lang='lat'><strong>5.</strong></span> <span class='ocrx_word' id='word_1_963' title='bbox 1552 2808 1576 2825; x_wconf 74' lang='grc' dir='ltr'><strong>ιι</strong></span> <span class='ocrx_word' id='word_1_964' title='bbox 1604 2807 1676 2835; x_wconf 90' lang='lat' dir='ltr'><strong>ibid.</strong></span> <span class='ocrx_word' id='word_1_965' title='bbox 1711 2807 1775 2835; x_wconf 62' lang='grc' dir='ltr'>λιι</span> <span class='ocrx_word' id='word_1_966' title='bbox 1804 2809 1888 2844; x_wconf 61' lang='grc' dir='ltr'>ουλε,</span> 
     </span>
    </p>
   </div>
   <div class='ocr_carea' id='block_1_120' title="bbox 183 2843 263 2878">
    <p class='ocr_par' dir='ltr' id='par_1_120' title="bbox 183 2843 263 2878">
     <span class='ocr_line' id='line_1_120' title="bbox 183 2843 263 2878; baseline -0.013 -7"><span class='ocrx_word' id='word_1_967' title='bbox 183 2846 220 2878; x_wconf 90' lang='lat' dir='ltr'><strong>vi,</strong></span> <span class='ocrx_word' id='word_1_968' title='bbox 236 2843 263 2870; x_wconf 90' lang='lat'><strong>3.</strong></span> 
     </span>
    </p>
   </div>
  </div>
