2043 3111
139 184 198 214 36³1

686 183 876 214 SYNOI’SIS
899 182 1132 214 SCRIPTUth
1154 184 1306 214 SACRE.

1785 189 1846 220 358

140 249 197 287 ραί,
214 249 312 281 ἕσώθεν
334 248 363 276 δὲ
378 249 569 285 πνευματικαί.
589 248 682 285 Εἶδον,
697 249 738 277 ὅτι
766 249 910 287 ζευχθῆναί
937 259 971 286 με

1029 258 1147 285 nucum,
1164 253 1195 278 ut
1210 251 1335 280 viderem
1347 253 1481 287 germina
1493 254 1632 282 torrentis
1645 262 1651 281 :
1665 263 1734 282 num
1752 255 1843 284 ﬂorue

140 293 183 321 δεῖ
211 294 248 324 ὠς
272 294 299 321 ἐν
326 294 427 332 ἅρματι
514 293 540 329 ἐξ
565 293 646 321 ἰθνῶν
669 294 777 329 κλήσει.
798 293 968 332 Ζευχθέντων

141 339 232 365 τοίνυν
248 339 409 377 ἀμφοτέρων
425 341 480 366 τῶν
497 338 580 372 λαῶν,
598 338 694 366 λοιπὸν
709 341 850 376 πανταχοῦ
869 339 900 366 τὸ
922 338 970 373 κή-

142 392 235 420 ρυγμα
249 383 452 417 ἀπεστάλη,καὶ
465 383 564 410 τούτου
578 383 696 421 γίνονται
713 382 833 410 διάκονοι
850 383 875 410 οἳ
892 383 970 420 ἅγγε-

142 428 199 462 λοι,
216 426 352 464 λέγοντες·
370 441 383 453 u
399 427 535 462 Ἐξὲλθετε
553 429 597 455 καὶ
624 427 693 455 ἴδετε
717 427 742 455 ἰν
766 430 805 464 τῷ
835 426 971 463 Σαλομὼν

142 472 169 499 ἰν
182 474 223 508 τῷ
240 472 372 511 στεφάνῳ,
389 472 412 507 ᾧ
436 471 617 511 ἐστεφάνωσεν
642 472 722 499 αὑτὸν
739 473 756 507 ὴ
774 473 866 509 μήτηρ
889 471 970 499 αὑτοῦ

141 516 167 544 ὲν
191 516 283 553 ἡμέρᾳ
308 516 487 555 νυμφεύσεως
522 516 614 550 αὐτοῦ,
635 516 681 544 καὶ
704 516 730 543 ἐν
758 517 849 554 ἡμίρᾳ
873 515 969 555 εὖφρο-

140 559 225 595 σῦνης
247 559 361 596 καρδίας
389 560 482 588 αὐτοῦ.
501 574 511 585 ι
526 561 557 598 ὀ
580 561 632 599 γὰρ
648 560 828 598 ἐξερχόμενος
846 560 897 587 ἀπὸ
923 561 971 594 τῆς

140 604 236 635 κακίας
248 603 343 641 ὄψεται
358 605 403 632 καὶ
418 605 468 639 τήν
481 607 530 632 τοῦ
546 605 634 643 Λόγου
650 605 718 643 πρὸς
732 605 764 632 τὸ
788 607 868 641 σῶμα
893 603 970 642 ἅτρε-

141 659 209 676 πτον
224 648 332 678 ἕνωσιν.
348 649 413 677 ’Ότι
428 649 480 687 γὰρ
505 648 599 686 γὲγονι
627 649 777 688 νόμφευσις
805 650 854 676 τοῦ
882 648 970 686 Λόγου

140 694 211 730 πρὸς
237 695 311 730 ἡμᾶς
338 692 382 721 διὰ
402 694 452 728 τῆς
477 695 526 721 τοῦ
549 694 677 730 σώματος
698 693 830 729 ἒνώσεως,
845 692 907 720 τότε
926 692 970 719 καὶ

140 740 190 773 τήν
207 738 275 765 κατᾶ
288 740 337 765 τοῦ
353 738 468 770 θανάτου
484 737 563 773 νίκην
577 738 721 774 πεποίηκε,
737 736 772 765 δι’
788 738 818 772 ἣν
843 736 970 775 εὐφροσύ-

139 794 190 817 νης
213 782 301 810 πάντα
321 782 500 820 πεπλήρωκε.
516 785 630 810 Τοιαῦτα
655 782 681 810 ἰν
708 781 748 818 τῷ
772 785 892 818 ᾊσματι
916 783 969 809 τῶν

140 827 271 863 ᾀσμάτων
286 827 321 854 τά
334 829 388 854 τῶν
405 825 544 864 διαλόγων
566 826 648 854 ἐστίν’
665 826 691 862 ἐξ
716 827 752 853 ὧν
779 826 906 865 ἀφορμήν
927 836 970 856 τις

140 869 244 905 λαϐὼν,
261 870 371 898 δύναται
387 871 432 898 ἀπ’
446 870 530 898 αὐτοῦ
543 873 592 898 τοῦ
618 868 727 909 βιϐλίου
749 870 783 898 τὰ
806 869 889 906 ὅμοια
911 871 969 897 τοῖς

138 915 253 952 ὁμοίοις
269 916 413 943 συνάπτειν
428 915 497 943 κατὰ
512 915 558 942 τὸν
574 917 649 943 νοῦν.

1025 295 1084 322 rint
1099 295 1176 323 mala
1191 296 1297 331 punica
1309 304 1315 324 :
1327 297 1366 324 ibi
1383 297 1458 325 dabo
1470 298 1560 325 ubera
1576 307 1648 326 mea.
1661 299 1722 327 Non
1739 308 1842 335 cogno-

1024 339 1065 366 vit
1080 339 1179 367 anima
1203 349 1277 375 mea,
1295 342 1393 377 posuit
1417 350 1462 369 me
1487 350 1590 370 currus
1613 343 1777 371 Aminadab
1787 345 1845 371 κ.»

1024 383 1056 410 In
1068 383 1185 411 hortum
1200 385 1276 412 enim
1290 395 1408 420 nucum,
1421 386 1475 414 hoc
1487 390 1540 419 est,
1553 388 1581 414 in
1593 388 1759 424 Scripturas
1772 389 1847 424 veni,

1025 436 1088 463 qua
1104 428 1196 456 instar
1211 437 1319 457 nucum
1336 433 1416 463 sunt,
1431 430 1500 459 foris
1512 432 1603 465 durae,
1616 432 1696 460 intus
1711 433 1850 469 spiritua-

1025 471 1076 500 les.
1090 472 1165 506 Vidi,
1179 474 1255 509 quod
1267 475 1420 510 jungenda
1439 484 1515 509 sum,
1528 476 1606 504 velut
1622 477 1651 504 in
1667 486 1767 510 curru,
1778 486 1849 514 gen-

1025 516 1098 544 tium
1115 518 1270 545 vocationi.
1282 519 1452 554 Conjunctis
1469 520 1557 555 igitur
1572 521 1705 557 utrisque
1721 522 1849 558 populis,

1025 560 1055 588 in
1071 561 1169 589 orbem
1188 564 1331 590 terrarum
1347 564 1456 591 emissa
1469 569 1513 592 est
1528 566 1704 600 praedicatio,
1716 570 1744 594 et
1758 567 1848 603 hujus

1026 605 1151 633 ministri
1169 609 1238 634 sunt
1252 607 1357 643 angeli,
1372 608 1519 636 dicentes:
1533 620 1547 633 ‹‹
1563 610 1753 645 Egredimini,
1764 614 1792 639 et
1806 611 1847 639 vi-

1024 650 1089 676 dete
1112 649 1296 678 Salomonem
1313 651 1342 678 in
1365 660 1481 683 corona,
1501 661 1559 688 qua
1579 655 1726 682 coronavit
1750 655 1847 690 ipsum

1026 696 1119 721 mater
1133 694 1208 727 eius,
1226 695 1254 722 in
1282 695 1328 722 die
1343 695 1586 731 desponsationis.
1606 698 1679 733 ejus,
1696 701 1724 726 et
1747 699 1776 726 in
1802 699 1848 726 die

1024 737 1131 765 laetitia:
1147 739 1243 766 cordis
1258 740 1322 775 ejus
1333 740 1364 766 ‘7.
1380 752 1389 763 η
1404 740 1457 773 Qui
1468 749 1595 777 namque
1609 751 1625 770 e
1641 742 1754 771 malitia
1767 751 1848 779 egre-

1025 782 1113 815 ditur,
1130 782 1345 811 immutabilem
1361 784 1446 812 Verbi
1464 787 1491 812 et
1505 786 1600 813 carnis
1616 787 1757 815 unitatem
1770 788 1848 815 vide-

1025 826 1077 854 bit.
1103 827 1224 858 Quando
1248 828 1326 855 enim
1351 828 1438 856 Verbi
1462 829 1627 866 nobiscum,
1645 839 1697 867 per
1720 833 1849 868 corporis

1025 870 1175 904 unionem,
1192 872 1268 900 facta
1281 875 1326 900 est
1341 873 1539 910 desponsatio,
1550 877 1621 902 tunc
1644 878 1672 902 et
1696 876 1732 903 de
1755 879 1849 905 morte

1024 915 1174 943 victoriam
1200 916 1308 949 retulit,
1322 920 1440 953 propter
1459 925 1548 953 quam
1572 921 1601 946 et
1626 920 1725 947 omnia
1748 920 1850 948 laetitia

140 969 324 1005 adimplevit.
341 969 516 1005 Hnjnsmodi
531 972 602 997 sunt
616 969 734 1005 dialogi,
751 969 781 997 in
796 969 914 997 Canticc
929 968 1120 1003 canticorum,
1136 977 1170 997 ex
1186 969 1293 1005 quibus
1312 970 1464 999 occasione
1486 973 1604 1007 sumpta
1619 973 1724 1008 poterit
1738 973 1803 1010 quis
1819 973 1849 1001 in

141 1015 208 1049 ipsa
225 1013 315 1041 libelli
331 1013 465 1046 lectione,
481 1013 591 1041 similia
605 1013 753 1041 similibus
767 1013 906 1049 adsptare
921 1012 1083 1040 secundum
1099 1014 1287 1041 sententiam.

427 1064 542 1094 Βιϐλίον
561 1067 602 1100 ιζ’,
619 1062 690 1094 Ἰὼϐ.

178 1122 226 1148 25.
255 1118 322 1148 Ἰὼϐ
353 1119 549 1158 ἐπιγέγραπται
581 1119 613 1147 τὸ
648 1116 767 1157 βιϐλίον,
797 1117 891 1152 ἐπειδὴ
923 1119 972 1152 τὴν

143 1166 203 1192 κατ’
219 1165 301 1192 αὑτὸν
327 1164 447 1201 ἱστορίαν
472 1163 606 1201 περιεχει,
631 1165 690 1194 πῶς
718 1174 748 1190 τε
770 1163 898 1196 πέπονθε,
914 1173 973 1190 πει-

142 1209 251 1247 ρασθεὶς
268 1209 320 1237 ὑπὸ
334 1211 383 1236 τοῦ
399 1205 540 1236 διαϐόλου·
556 1207 601 1235 καὶ
622 1209 734 1243 νικήσας
756 1207 801 1234 καὶ
826 1206 973 1243 ὑπομείνας

139 1251 261 1285 εὐσεϐῶς
305 1253 353 1284 τὰς
390 1253 578 1290 ἐπενεχθείσας
615 1252 690 1288 αὒτῷ
728 1252 851 1289 πληγὰς,
889 1250 974 1279 διπλᾶ

137 1298 225 1326 πάλιν
251 1299 341 1325 πάντα
365 1294 495 1333 ἀπέλαϐε,
511 1296 556 1324 καὶ
580 1297 689 1335 γέγονεν
714 1295 883 1335 ἐνδοξότερος
907 1296 973 1332 ὑπὲρ

135 1343 151 1370 ὃ
180 1343 229 1378 ἦν,
251 1343 297 1369 καὶ
321 1340 386 1380 ἔσχε
410 1341 493 1369 πάλιν
515 1342 596 1369 τὲιινα
619 1341 692 1369 δέκα.
714 1340 832 1368 Πὲπονθε
856 1339 885 1368 δὲ
908 1340 975 1368 ἑτῶν

139 1385 177 1414 ὢν
196 1390 228 1423 o’,
246 1387 286 1418 ὡς
310 1386 377 1414 εἶναι
405 1384 493 1413 πάντα
514 1385 549 1413 τὰ
569 1384 616 1420 ἔτη
644 1388 696 1420 τῆς
724 1388 796 1420 ζωῆς
819 1384 902 1412 αὐτοῦ
918 1384 974 1421 σμ’,

140 1432 217 1459 Μετὰ
239 1432 293 1469 γὰρ
316 1431 364 1462 τὰς
385 1430 496 1468 πληγὰς
521 1428 614 1465 ἔζησεν
640 1428 719 1467 ἕτερα
743 1428 790 1465 ἔτη
816 1433 864 1468 ρο¹.
881 1428 975 1467 Γέγονε

141 1475 171 1503 at
196 1473 263 1504 Ἰὼϐ
288 1476 343 1513 πρὸ
365 1475 514 1506 Μωυσέως
539 1474 593 1502 ἀπὸ
621 1475 671 1512 γὰρ
697 1471 824 1511 Ἀϐραὰμ
851 1473 974 1510 πέμπτος

140 1521 185 1557 ἦν,
217 1518 334 1557 ἔκγονος
366 1521 414 1546 τοῦ
443 1519 539 1548 Ἡσαῦ.
573 1519 622 1546 Διὰ
655 1519 705 1553 τὴν
744 1518 892 1556 γινομένην
916 1516 974 1545 κατ’

142 1565 227 1593 αὑτοῦ
250 1563 366 1601 πληγὴν
391 1562 475 1598 ἦλθον
495 1566 569 1599 τρεῖς
597 1562 680 1590 αὐτοῦ
697 1562 772 1602 φίλοι
789 1561 973 1598 παρακαλέσαι

145 1610 238 1645 αὐτὸν,
252 1607 369 1647 Ἐλιφὰζ
393 1609 406 1635 ὁ
426 1609 569 1644 Θαιμανῶν
595 1606 731 1645 βασιλεὺς,
747 1605 855 1635 Βαλδὰδ
876 1607 889 1634 ὁ
906 1610 974 1634 Σαυ-

142 1655 230 1692 χαῖων
260 1652 404 1691 τύραννος,
438 1651 529 1691 Σοφᾶρ
556 1652 570 1679 ὁ
598 1651 718 1680 Μιναίων
756 1650 894 1689 βασιλεύς.
925 1650 974 1678 Καὶ

144 1698 310 1736 ῳιλονείκως
341 1696 388 1733 μὲν
417 1697 461 1724 καὶ
499 1695 693 1733 ἀνελεημόνως
726 1695 802 1723 αὐτοὶ
836 1694 973 1730 ἐλάλησαν

144 1744 225 1779 αᾶτῷ,
255 1739 437 1778 ἐναλλόμενοι
460 1742 518 1768 κατ’
544 1740 635 1768 αὐτοῦ·
667 1740 735 1767 ὥστε
762 1740 807 1767 καὶ
837 1740 970 1777 ἁμαρτίαν
987 1750 1008 1783 c

144 1788 232 1818 αὗτοῖς
248 1786 390 1814 heroi-.0»
415 1785 582 1824 λογισθῆναι·
598 1785 626 1812 ’0
647 1783 676 1812 δὲ
701 1783 762 1813 Ἰὼϐ
790 1783 970 1823 παρεκάλεσεν

144 1833 207 1869 bis;
225 1830 315 1859 αὖτῶν
341 1830 386 1857 τὸν
411 1830 487 1865 Θεὸν,
509 1830 554 1857 καὶ
573 1830 752 1867 συνεχωρήθη
769 1829 875 1860 αὐτοῖς.
896 1828 970 1856 Είσὶν

146 1876 188 1903 (ὧν
216 1879 267 1903 τοῖν
298 1876 346 1912 μὶν
363 1872 423 1903 Ἰὼῦ
449 1872 574 1912 διάλογοι
588 1874 656 1912 πρὸς
682 1873 745 1904 τοὺς
771 1873 867 1912 φίλους
887 1872 970 1900 ἐννέα·

145 1924 189 1948 τοῦ
205 1920 234 1948 δὲ
249 1919 368 1958 Ἐλιφὰζ
382 1918 450 1956 πρός
465 1918 544 1945 αὐτὸν
559 1921 644 1956 τρεῖς,
659 1920 708 1945 τοῦ
732 1916 761 1945 δὲ
786 1918 878 1956 Σοφᾶρ
903 1917 971 1955 πρὸς

147 1966 222 1993 αὑτὸν
240 1963 302 1998 δύο,
326 1963 370 1991 καὶ
392 1965 442 1991 τοῦ
465 1961 572 1990 Βαλδὰδ
594 1965 678 2000 τρεῖς.
702 1963 778 1989 ’Ἐστι
803 1960 832 1989 δὲ
855 1961 900 1989 καὶ
924 1963 973 1988 τοῦ

149 2011 254 2040 Ἐλιοῧς
279 2010 330 2036 τοῦ
350 2006 506 2046 Βαραχιὴλ,
522 2009 572 2034 τοῦ
598 2007 737 2043 Βουζίτου,
754 2010 784 2034 α’.
802 2006 850 2034 Καὶ
876 2005 973 2033 λοιπὸν

149 2055 163 2081 ὁ
189 2055 289 2092 Κῦριος
317 2052 483 2090 χρηματίζει
516 2053 556 2087 τῷ
583 2049 645 2080 Ἰὼϐ
682 2049 727 2078 διὰ
764 2050 899 2082 λαίλαπος
927 2050 972 2077 καὶ

151 2101 243 2137 νεφῶν.
259 2097 449 2135 ’Δποκρίνεται
472 2095 501 2124 δὲ
522 2096 566 2124 καὶ
590 2094 653 2124 ’1ὼὸ
677 2098 717 2132 τῷ
744 2095 833 2135 Κυρίῳ
858 2094 902 2122 διὰ
925 2094 973 2123 λό-

153 2153 202 2179 γω·-
218 2142 358 2181 δεύτερον.

262 2201 374 2232 Βιϐλίαν
392 2206 437 2239 ιη’,
452 2203 486 2232 Οἱ
502 2203 536 2240 ιβ’
551 2206 700 2241 προφῆται.
716 2202 807 2237 Ὠσηὶ,
822 2206 853 2230 α’.

185 2260 227 2288 26.
244 2258 370 2296 Γεγόνασι
402 2257 450 2293 μὶν
479 2255 524 2283 καὶ
554 2256 606 2293 πρὸ
628 2255 729 2284 τούτου
756 2259 906 2294 προφῆταν
931 2254 975 2282 ἐπὶ

1268 1067 1343 1095 125
1361 1067 1441 1095 Liber
1452 1068 1532 1102 XVII,
1547 1070 1609 1097 Job.

1066 1120 1111 1147 25.
1126 1119 1181 1148 Job
1197 1121 1358 1156 inscriptus
1372 1124 1417 1148 est
1441 1122 1488 1149 hic
1508 1122 1592 1155 liber,
1606 1124 1744 1158 quoniam
1760 1124 1851 1152 histo-

1030 1163 1103 1191 riam
1115 1164 1194 1192 illius
1205 1165 1407 1200 complectitur
1419 1174 1425 1193 :
1438 1174 1543 1202 nempe
1554 1167 1623 1203 quid
1635 1176 1792 1204 perpessus
1803 1169 1852 1203 sit,

1029 1210 1159 1236 tentatus
1178 1217 1196 1236 a
1219 1208 1346 1244 diabolo,
1361 1212 1389 1237 et
1413 1212 1560 1245 quomodo
1576 1212 1685 1246 vicerit,
1699 1221 1733 1240 ac
1756 1212 1852 1241 illatas

1029 1251 1132 1288 plagas
1147 1253 1193 1288 pie
1208 1253 1360 1281 toleravit:
1373 1262 1476 1282 rursus
1491 1255 1591 1283 omnia
1608 1256 1758 1292 duplicata
1772 1265 1852 1285 rece-

1029 1297 1115 1332 perit,
1132 1296 1346 1334 illnstriorque,
1357 1306 1446 1333 quam
1462 1299 1557 1327 fuerat
1572 1303 1668 1335 antea,
1684 1301 1787 1334 factus,
1799 1302 1852 1329 ite-

1029 1350 1095 1369 rum
1111 1342 1210 1369 decem
1226 1342 1334 1369 liberos
1349 1343 1520 1379 susceperit.
1537 1346 1646 1372 Passus
1671 1347 1716 1372 est
1740 1348 1851 1380 autem,

1030 1394 1095 1413 cum
1112 1394 1205 1414 annos
1225 1386 1411 1422 septuaginta
1436 1390 1522 1415 natus
1545 1390 1633 1421 esset,
1649 1389 1688 1416 ita
1703 1392 1736 1416 ut
1750 1398 1852 1417 omnes

1029 1430 1124 1465 ipsius
1139 1430 1208 1458 anni
1225 1430 1333 1458 fuerint
1346 1431 1409 1459 240.
1425 1432 1494 1459 Post
1509 1436 1641 1468 acceptas
1657 1433 1734 1461 enim
1751 1433 1852 1470 plagas

1029 1483 1122 1502 annos
1150 1474 1246 1502 adhuc
1274 1475 1345 1502 vixit
1373 1476 1433 1503 170.
1462 1476 1540 1504 Vixit
1571 1480 1670 1505 autem
1700 1478 1755 1506 Job
1786 1481 1853 1506 ante

1030 1519 1158 1555 Moysem
1171 1528 1178 1547 :
1195 1522 1257 1547 erat
1271 1519 1350 1547 enim
1362 1520 1483 1556 quintus
1497 1522 1533 1548 ab
1545 1522 1692 1550 Abraham
1708 1531 1742 1550 ex
1757 1525 1853 1558 poste-

1029 1563 1070 1591 ris
1085 1563 1172 1591 Esau.
1183 1562 1333 1592 Venerunt
1343 1564 1378 1591 ad
1394 1573 1461 1592 eum
1477 1564 1647 1593 consolandi
1662 1566 1766 1602 gratia,
1784 1575 1853 1602 pro-

1030 1609 1093 1643 pter
1108 1606 1224 1643 plagam
1235 1615 1324 1643 quam
1341 1608 1461 1642 ferebat,
1470 1611 1529 1637 tres
1545 1609 1632 1637 amici
1646 1611 1720 1645 ejus,
1732 1610 1853 1646 Eliphaz

1028 1651 1252 1679 Thamanorum
1268 1660 1327 1686 rex,
1340 1652 1449 1680 Baldad
1468 1653 1674 1681 Sauchaaornm
1695 1656 1851 1691 tyrannus,

1030 1697 1058 1723 et
1072 1696 1185 1731 Sophar
1199 1704 1248 1724 rex
1266 1696 1447 1724 Minaaorum.
1465 1697 1625 1734 Locutiquo
1639 1701 1709 1726 sunt
1722 1698 1764 1726 illi
1781 1707 1850 1727 con-

1027 1740 1184 1768 tentiosius
1203 1742 1232 1767 et
1252 1740 1314 1768 sine
1328 1733 1595 1776 commiseratione,
1606 1743 1782 1771 insultantes
1807 1743 1848 1771 af—
1899 1733 1907 1743 κ

1028 1783 1116 1817 ﬂicto,
1132 1784 1209 1820 quod
1227 1784 1254 1811 in
1272 1788 1421 1821 peccatum
1447 1785 1505 1813 illis
1520 1789 1565 1814 est
1588 1786 1777 1822 imputatum.
1792 1787 1848 1814 Job

1029 1835 1093 1855 vero
1107 1827 1199 1856 Deum
1216 1837 1267 1864 pro
1292 1828 1351 1857 illis
1374 1832 1511 1865 precatus
1535 1833 1590 1863 est,
1601 1833 1630 1857 et
1654 1831 1850 1858 condonatum

1027 1874 1072 1900 est
1086 1872 1128 1900 eis
1152 1877 1311 1908 peccalum.
1335 1873 1411 1901 Sunt
1439 1877 1536 1901 autem
1562 1873 1671 1910 dialogi
1698 1875 1851 1910 Job,quos

1028 1925 1094 1944 cum
1111 1916 1215 1944 amicis
1238 1917 1351 1950 habuit,
1373 1926 1495 1945 novem:
1513 1917 1632 1953 Eliphaz
1646 1926 1712 1946 vero
1736 1919 1772 1946 ad
1795 1919 1850 1947 Job

1028 1963 1103 1993 tres;
1120 1961 1233 1996 Sophar
1248 1961 1316 1995 duo,
1333 1964 1360 1988 et
1376 1961 1484 1989 Baldad
1501 1964 1568 1989 tres.
1586 1962 1620 1990 Et
1640 1961 1720 1990 Elius
1735 1971 1851 1999 quoque

1030 2005 1081 2032 filii
1103 2004 1262 2037 Barachiel,
1280 2005 1383 2039 Buziti,
1401 2014 1477 2033 unus
1501 2008 1546 2033 est
1564 2006 1709 2042 dialogus.
1721 2007 1851 2035 Tandem

1029 2057 1095 2077 vero
1112 2049 1252 2076 Dominus
1267 2049 1350 2076 illum
1368 2057 1419 2084 per
1430 2050 1578 2078 turbinem
1595 2059 1629 2079 ac
1644 2051 1738 2079 nubes
1753 2052 1852 2087 appel-

1029 2093 1115 2127 lavit;
1132 2095 1161 2121 et
1173 2093 1229 2120 Job
1246 2093 1367 2121 Domino
1388 2095 1516 2122 secundo
1532 2103 1598 2123 cum
1615 2095 1664 2123 illo
1677 2095 1793 2124 locutus
1808 2105 1852 2124 re-

1029 2137 1158 2173 spondit.

1066 2199 1148 2227 Liber
1162 2198 1251 2234 XVIII,
1268 2199 1415 2228 Duodecim
1431 2202 1580 2236 propheta.
1598 2204 1677 2237 Osee,
1697 2203 1815 2238 primus.

1065 2253 1111 2280 26.
1128 2252 1222 2280 Etiam
1233 2255 1301 2281 ante
1316 2252 1393 2281 hunc
1405 2253 1524 2282 fuerunt
1534 2255 1690 2291 prophetis.
1700 2256 1772 2284 Nam
1784 2259 1855 2284 tem-

159 2303 201 2337 μὶν
222 2305 271 2330 τοῦ
291 2299 387 2337 Δαὸὶδ,
414 2299 559 2337 Σαμουὴλ,
584 2300 628 2326 καὶ
654 2299 750 2334 Ναϐὰν,
774 2299 819 2326 καὶ
846 2297 911 2326 Γάδο
933 2298 972 2326 ἰπῑ

1033 2305 1101 2332 pore
1120 2296 1234 2325 Davidis
1250 2297 1370 2325 fuerunt
1392 2298 1520 2330 Samuel,
1535 2299 1647 2327 Nuthan
1659 2303 1688 2328 et
1702 2300 1775 2328 Gad.
1792 2301 1852 2328 Ro-

160 2345 185 2374 8ὶ
206 2349 252 2374 toi
275 2344 399 2382 Ῥοὸοὰμ
420 2345 465 2373 καὶ
491 2342 570 2374 Ἀὃιᾶ
590 2344 636 2372 καὶ
661 2344 738 2378 ’Δσᾶ,
759 2343 855 2381 Ἀχίας
880 2343 895 2370 6
920 2338 972 2378 Ση-

1033 2342 1130 2375 boam,
1146 2340 1220 2370 Abia
1244 2345 1273 2369 et
1294 2343 1352 2370 Asa
1367 2343 1570 2379 regnantibus,
1586 2344 1690 2372 Achias
1705 2344 1853 2379 Silonites,

162 2389 281 2426 λωνίτης,
296 2391 342 2418 καὶ
367 2389 501 2426 Σαμαίας,
516 2388 561 2416 καὶ
583 2387 683 2424 ’Δδδὼ,
707 2388 751 2415 καὶ
769 2387 906 2424 Ἀζαρίας,
931 2391 972 2414 καῖ

1034 2386 1165 2421 Sameas,
1178 2386 1271 2419 Addo,
1287 2386 1404 2414 Azarias
1418 2390 1446 2415 et
1465 2388 1578 2416 Anemi.
1595 2388 1655 2415 Sub
1671 2389 1813 2425 Josaphat
1826 2391 1856 2417 et

164 2435 264 2471 ’Δνεμῆτ
279 2435 324 2462 ἐπὶ
348 2434 378 2463 δὲ
395 2436 444 2462 τοῦ
459 2433 591 2472 Ἰωσαφὰτ
612 2432 657 2460 καὶ
681 2434 730 2459 τοῦ
749 2429 855 2469 ’Δχαὰὅ
881 2431 972 2461 Ἠλίας

1032 2430 1141 2463 Achab,
1166 2430 1244 2459 Elias
1268 2433 1297 2459 st
1320 2431 1450 2466 Elisaaus,
1465 2434 1494 2459 et
1514 2433 1564 2468 qui
1588 2433 1771 2469 prophetavit
1794 2434 1854 2470 regi

166 2479 206 2505 καὶ
226 2479 386 2513 Ἐλισσαῖος,
405 2478 449 2506 καὶ
474 2478 489 2504 ό
509 2477 700 2516 προφητεύσας
723 2478 763 2512 τῷ
787 2473 892 2514 Ἀχαὰϐ
916 2475 972 2514 περῖ

1033 2474 1149 2503 Achaah
1165 2474 1201 2503 de
1215 2475 1308 2511 Syria,
1318 2478 1347 2503 et
1361 2475 1411 2511 qui
1433 2476 1562 2512 seipsum
1577 2476 1724 2505 vulnerari
1739 2478 1815 2511 fecit,
1827 2480 1857 2506 et

167 2526 210 2557 τῆς
236 2524 328 2561 Συρίας
357 2523 403 2551 καὶ
432 2524 446 2550 ὁ
473 2523 591 2558 πατάξας
629 2521 721 2549 ἑαυτὸν
755 2520 901 2559 τραύματι,
930 2519 975 2547 καὶ

169 2565 262 2605 ἱλέγξας
282 2570 326 2596 τὸν
352 2565 471 2606 ’Δχαὰϐ,
484 2567 529 2594 καί
545 2567 600 2595 Ἰοῦ
614 2566 628 2593 ὁ
642 2567 692 2593 τοῦ
706 2566 790 2602 ’Δμῆ,
806 2563 850 2592 καὶ
867 2564 976 2600 Ὀζιήλ,

167 2611 328 2641 ιιὶἘλιάόα.
345 2612 424 2640 Ἀλλ’
443 2611 475 2638 οὐ
499 2610 606 2649 φέρεται
630 2609 733 2638 τούτων
757 2607 812 2636 ἴδια
837 2609 976 2646 συγγράμ-

172 2666 239 2693 ματι,
253 2658 274 2684 εὶ
290 2658 328 2694 μὴ
345 2656 427 2693 μόνον
449 2656 474 2683 οἱ
491 2654 571 2693 λόγοι
586 2655 674 2682 αὐτῶν
696 2653 722 2681 ἐν
741 2656 801 2685 ταῖς
827 2653 977 2683 Βασιλείαις

170 2701 209 2726 καὶ
230 2705 283 2732 ταῖς
304 2700 569 2741 Παραλιιπομέναις.
585 2699 628 2727 Ἐν
654 2697 683 2726 δὶ
703 2701 761 2729 τοῖς
780 2699 976 2736 συγγράψασιν,

171 2744 205 2770 ὧν
224 2746 263 2773 καὶ
285 2748 317 2774 τὰ
339 2745 538 2784 συγγράμματα
561 2745 680 2782 φερε-ται,
704 2745 807 2781 πρῶτοι
837 2742 976 2781 γεγόνασιν

210 2844 227 2862 ⁸⁸
240 2847 315 2873 Cant.
330 2853 371 2880 νι,
388 2845 432 2878 10,
448 2844 492 2871 11.
529 2843 551 2861 ⁸⁷
565 2843 648 2872 Cant.
664 2850 707 2877 ιιι,
723 2843 765 2870 11.

1031 2527 1126 2555 regem
1144 2519 1264 2547 Achaab
1274 2520 1427 2556 corripuit,
1436 2523 1465 2548 et
1473 2521 1549 2548 Jehu
1565 2521 1644 2549 ﬁlius
1658 2523 1728 2550 Ame
1739 2525 1768 2550 et
1778 2521 1856 2550 Oziel

1030 2566 1059 2591 et
1073 2563 1184 2591 Eliada.
1200 2563 1307 2591 Verum
1331 2563 1412 2592 nulla
1431 2564 1577 2593 habentur
1592 2566 1718 2594 istorum
1734 2567 1857 2603 scripta,

1032 2607 1088 2635 nisi
1105 2610 1219 2635 tantum
1236 2616 1300 2643 qua:
1323 2608 1351 2635 in
1377 2608 1543 2645 Regnorum
1569 2610 1700 2638 historiis
1720 2615 1749 2639 et
1773 2611 1856 2640 libris

1031 2651 1274 2687 Paralipomenon
1290 2652 1399 2680 dixisse
1414 2652 1560 2690 leguntur.
1574 2656 1653 2683 inter
1667 2663 1716 2683 eos
1727 2664 1794 2684 vero
1805 2664 1856 2691 qui

1032 2696 1228 2732 scripserunt,
1254 2705 1380 2732 quorum
1409 2700 1439 2725 et
1467 2698 1576 2735 scripta
1599 2700 1854 2732 circumferuntur,

1032 2740 1120 2777 primi
1150 2740 1267 2768 fuerunt
1292 2741 1365 2769 Osee
1391 2743 1419 2770 st
1446 2742 1548 2771 Isaias.
1565 2744 1625 2772 Sub
1650 2744 1755 2772 iisdem
1777 2743 1855 2771 enim
