2043 3111
136 170 183 200 361
668 167 856 199 SYNOPSIS
878 166 1110 197 SCRIPTURIE
1132 167 1276 197 SACRzE.

607 245 621 258 ι)
650 232 729 260 Ἀλλ’
760 232 862 267 Ἰωνᾶς,
883 231 944 270 φεύ-

1006 232 1064 259 dics
1080 235 1108 259 ct
1122 232 1225 259 Ninive
1253 233 1437 259 subvortctur
1453 233 1483 259 W.
1501 243 1514 257 ››
1540 232 1595 260 Sed
1610 233 1701 260 Jonas
1717 233 1826 268 pradi-

136 234 173 261 ιιιιὶ
199 234 446 272 καταστραφήσεται
475 233 575 260 Nive-ai.

139 290 186 316 γων
207 279 237 306 τὸ
260 280 400 316 κήρυγμα,
425 275 508 312 ἀνέϐη
543 277 580 308 είς
617 276 726 310 πλοῖον,
756 278 893 314 χειμῶνος
921 285 949 303 τε

138 324 282 359 γενομένου,
308 320 454 357 ἐξεϐλήθη,
478 323 522 349 καὶ
546 322 681 357 κατεπόθη
710 321 760 348 ὑπὸ
783 321 884 355 κήτους
906 320 949 346 θα-

137 368 249 396 λασσίου.
275 368 340 396 Εἶτα
365 368 434 403 μετὰ
455 370 528 405 τρεῖς
552 366 656 404 ἡμέρας
680 364 788 401 ἐξέϐαλε
812 365 843 393 τὸ
867 368 949 399 κῆτος

134 414 174 440 τὸν
189 415 277 440 Ὶωνᾶν
295 415 381 447 ζῶντα
396 412 448 440 Καὶ
464 411 544 439 πάλιν
561 411 590 438 ἐκ
605 410 729 448 δευτέρου
746 410 831 448 λόγος
849 409 949 447 Κυρίου

135 457 236 494 ἐγένετο
254 457 322 495 πρὸς
342 456 434 492 αὐτὸν,
459 456 503 483 καὶ
528 455 654 483 ἀπελθὼν
682 455 806 493 ἐκήρυξεν
837 454 874 485 είς
897 455 947 488 τήν

135 502 226 529 Nave-ai.
253 501 367 528 Ἐκεῖνοί
391 511 430 535 τε,
455 499 627 535 ἀκούσαντες,
646 499 820 536 μετενόησαν,
836 498 880 525 καὶ
895 509 948 525 πα-

134 547 228 583 ρήγαγε
243 545 340 582 Κύριος
354 546 404 579 τήν
423 544 506 582 ὀργήν
523 544 568 571 ἀπ’
583 544 680 572 αὐτῶν.
697 545 750 577 Τῆς
777 544 869 580 μέντοι
894 553 948 570 πα-

134 590 232 628 ρουσίος
246 592 293 617 τοῦ
311 593 442 627 Σωτῆρος
459 591 572 625 σημεῖον
589 588 668 619 αὐτὸς
684 588 710 623 ἐξ
727 587 811 626 ἔργων
830 587 946 625 ἐγένετο,

132 635 283 665 καταποθεῖς
309 634 362 661 ὑπὸ
389 636 440 660 τοῦ
468 634 577 668 κήτους,
602 633 646 660 καὶ
673 633 740 669 μιτὰ
753 635 825 669 τρεῖς
841 632 946 670 ἡμέρας

133 682 197 710 σῶος
209 678 290 706 πάλιν
304 677 433 710 ἐκδοθιίς.

316 731 412 768 Nician
428 732 442 758 ὁ
456 733 504 759 τοῦ
520 730 692 765 Ἐλκεσαίου,
718 731 747 765 ζ’·

159 787 200 814 32.
225 788 330 822 Λῆμμα
367 785 428 822 περὶ
457 788 506 819 τῆς
535 783 674 815 ἀπωλείας
702 784 803 820 Νινευῒ,
834 781 942 821 βιϐλίον

127 830 239 868 ὁράσεως
263 829 428 868 προφητεύει
463 830 477 855 ὁ
505 831 640 859 τοιοῦτος·
669 828 714 856 καὶ
739 829 866 865 κηρύττει
896 827 944 864 μὶν

126 875 167 902 καὶ
188 874 248 912 περὶ
270 874 375 912 ἑορτῆς
406 874 588 910 προσημαίνει
619 872 648 901 δὲ
671 872 696 900 ἐν
722 873 790 910 αὐτῇ
806 873 867 910 περὶ
893 874 942 900 τοῦ

1765 169 1825 199 362

1004 276 1146 303 cationem
1159 276 1234 303 bsnc
1248 276 1374 312 fugiens,
1405 284 1507 304 navem
1523 276 1702 310 conscendit,
1720 284 1754 304 ex
1768 285 1826 312 qua

1006 322 1115 355 postea,
1132 321 1233 348 oborta
1246 322 1419 354 tempestate
1434 322 1591 355 ejectus,et
1605 329 1621 347 a
1637 322 1699 348 ceto
1715 320 1828 348 marino

1004 364 1159 392 devoratus
1174 368 1227 392 est.
1246 367 1314 392 Post
1329 367 1388 392 tres
1402 367 1498 392 autem
1514 365 1577 392 dies
1591 365 1676 400 eiecit
1687 366 1770 392 cetus
1780 364 1827 391 Jo-

1004 417 1072 436 nam
1088 410 1243 437 viventem.
1261 412 1356 446 Atque
1385 410 1426 437 ita
1438 410 1568 438 secundo
1590 410 1699 438 factum
1730 411 1775 437 est
1789 409 1826 437 ad

1004 462 1071 481 eum
1086 455 1206 482 verbum
1221 455 1347 487 Domini,
1364 458 1391 482 et
1412 455 1484 482 ubiit
1499 457 1528 482 et
1542 455 1708 490 praedicavit
1732 454 1761 481 in
1776 453 1826 481 Ni-

1003 498 1077 526 nive.
1095 498 1262 533 llli,sudite
1291 499 1345 526 hac
1374 499 1592 535 praedicatione,
1622 499 1825 535 pcenitentiam

1002 547 1134 580 egerunt,
1150 547 1178 572 et
1193 546 1300 572 amovit
1328 545 1363 572 ab
1394 544 1452 573 illis
1481 546 1623 573 Dominus
1637 546 1710 573 irem
1727 555 1823 575 suam.

999 588 1150 616 Adventus
1167 588 1279 616 Domini
1308 589 1427 625 signum
1457 589 1520 625 ipse
1535 598 1569 617 ex
1587 590 1674 617 rebus
1689 589 1763 626 ipsis
1779 591 1824 618 fa-

1001 635 1064 703 ctas
1079 636 1134 666 est,
1150 634 1305 662 devoratus
1320 642 1337 661 ι
1361 637 1435 670 ceto,
1452 637 1480 662 et
1495 637 1562 670 post
1579 634 1710 662 triduum
1726 635 1825 664 salvus

1001 684 1030 703 re
1053 676 1144 703 ditus.

1001 676 1144 704 redditus.

1203 732 1311 760 Nahum
1334 734 1445 761 Εἰσαεκί
1450 755 1456 767 ,
1471 734 1614 767 septimus.

1034 786 1079 814 32.
1095 786 1175 814 Onus
1190 787 1227 814 de
1254 787 1416 823 perditione
1444 787 1554 820 Ninive,
1575 787 1684 815 librum
1700 788 1821 817 visionis

1001 831 1154 867 prophetat
1168 831 1243 860 iste:
1259 834 1287 859 et
1312 833 1449 868 praedicat
1464 833 1583 868 quidem
1600 833 1636 860 de
1656 833 1747 860 festo:
1776 842 1821 861 ve-

997 883 1063 903 rum
1080 875 1168 903 simul
1184 876 1214 903 in
1231 876 1294 913 ipse
1310 877 1345 904 de
1360 877 1509 905 Salvatore
1524 877 1712 913 praenuntiat.
1729 878 1763 905 Et
1778 887 1820 905 re-

129 923 264 957 Σιινεῆρος.
292 919 341 946 Καὶ
364 918 398 945 τὰ
427 917 510 945 λοιπὰ
538 919 624 945 πάντα
646 917 714 945 κατὰ
727 921 776 952 τῆς
794 917 884 944 Νινευὶ
898 917 943 944 καὶ

1008 919 1078 955 ique.
1093 920 1192 948 omnis.
1218 924 1320 949 contra
1334 921 1456 949 Niniven
1472 924 1551 957 sunt,
1574 924 1603 949 et
1621 922 1710 950 ﬁnem
1726 922 1821 958 ipsius

126 966 170 991 τοῦ
183 963 279 994 τέλους
304 963 387 997 αὐτῆς
412 962 456 990 καὶ
476 965 528 990 τῶν
546 962 652 1000 ἐχθρῶν
666 965 715 989 τοῦ
731 961 841 999 Ἰσραήλ
857 962 943 999 ἀπαγ-

125 1007 224 1046 γέλλει.

421 1061 450 1089 Ἀ
455 1057 593 1097 μϐακοὺμ,
610 1064 645 1096 η’.

156 1115 198 1142 33.
218 1116 325 1150 Λῆμμα
339 1113 384 1140 καὶ
400 1113 481 1144 αὐτὸς
496 1112 558 1147 εἶδε,
576 1113 620 1140 καὶ
644 1113 821 1152 προφητεύει,
848 1112 942 1150 δεόμε-

123 1169 164 1189 νος
192 1159 239 1194 μὶν
267 1158 328 1195 περὶ
357 1161 408 1192 τῆς
434 1156 562 1188 ἁλώσεως
586 1161 637 1192 τῆς
663 1158 854 1195 ’[ερουσαλήμ’
874 1168 942 1196 προ-

124 1202 260 1238 σημαίνων
285 1200 315 1229 δὲ
334 1201 396 1240 περὶ
414 1205 465 1235 τῆς
479 1201 627 1237 παρουσίας
640 1204 689 1229 τοῦ
705 1205 847 1239 Σωτῆρος.
864 1201 941 1239 Λέγει

123 1246 152 1274 δὲ
177 1246 222 1273 καὶ
251 1246 416 1285 προφητεύει
442 1245 510 1273 κατὰ
546 1248 599 1273 τῶν
627 1248 847 1285 καταφσονητῶν.
877 1246 943 1274 Εἶτα

126 1290 220 1327 μεταξύ
237 1290 298 1320 ,ἐστι
322 1290 463 1327 προσευχὴ
489 1289 538 1317 τοῦ
563 1291 705 1329 προφήτου
722 1290 779 1326 μετ’
797 1288 883 1326 ᾠδῆς,
898 1290 943 1317 καὶ

124 1335 181 1373 τρία
207 1333 385 1370 διαψίλματά
407 1333 477 1361 ἐστιν
503 1333 529 1361 ἐν
545 1336 578 1370 τῇ
599 1334 732 1372 λεγομὲνη
747 1333 815 1370 ᾠδῇ,
833 1332 942 1369 ᾅδοντος

123 1380 202 1407 αὑτοῦ
216 1378 278 1416 περί
293 1381 344 1413 τῆς
359 1378 506 1416 παρουσίας
521 1380 569 1405 τοῦ
586 1381 727 1416 Σωτῆρος,
743 1378 787 1406 καὶ
802 1382 852 1413 τῆς
876 1378 944 1406 κατὰ

121 1425 166 1451 τοῦ
182 1422 297 1455 θανάτου
312 1422 402 1457 νίκης.

336 1475 468 1513 Σοφονίας
485 1476 499 1503 ὁ
514 1478 563 1504 τοῦ
577 1477 674 1511 Χουσὶ,
688 1478 718 1506 θ’.

153 1531 196 1558 3ί.
222 1528 309 1560 Οὗτος
336 1529 381 1556 καὶ
408 1529 540 1567 Ἱερεμίας
571 1530 761 1568 συνεχρόνισαν
792 1529 940 1566 ἀλλήλοις.

118 1574 281 1612 ’Λιιφᾶτεροι
312 1573 365 1611 γὰρ
392 1573 436 1600 ἐπὶ
464 1576 513 1601 τοῦ
542 1575 646 1603 Ἰωσίου
683 1574 816 1612 βασιλέως
854 1573 942 1602 Ἰούδα

119 1618 331 1656 ἐπροφήτευσαν.
357 1617 445 1655 Λόγος
470 1617 498 1645 δὲ
522 1619 624 1656 Κυρίου
646 1618 750 1657 ἐγένετο
767 1620 833 1657 πρὸς
849 1619 939 1654 αὐτὸν,

116 1664 158 1689 καὶ
174 1661 342 1701 προφητεύει
358 1662 384 1689 ἐν
400 1665 434 1699 τῇ
451 1662 642 1700 Ἰερουσαλὴμ,
662 1664 706 1690 καὶ
736 1664 815 1691 παντὶ
843 1662 940 1699 Ἰούδᾳ·

118 1707 159 1734 καὶ
174 1706 307 1745 προλέγει
336 1706 399 1744 περί
424 1706 529 1745 ἡμέρας
558 1707 701 1744 ἐσομένης,
718 1708 787 1735 ὥστε
802 1708 942 1746 ἐξαρθῆναι

120 1752 197 1778 πένεα
221 1752 257 1778 τὰ
283 1750 396 1786 εἴδωλα,
426 1752 471 1779 καὶ
500 1752 534 1779 τὰ
559 1752 641 1787 ἄλση,
662 1752 707 1780 καὶ
732 1752 818 1780 πολὺν
833 1753 942 1791 θρῆνον,

118 1796 161 1822 καὶ
183 1795 299 1823 κοπετὸν
315 1795 455 1832 γίνεσθαι.
486 1796 655 1835 Προφητεύει
685 1795 712 1824 δὶ
736 1797 780 1824 καὶ
810 1797 872 1834 περὶ
894 1799 944 1825 τοῦ

121 1843 261 1876 Σωτῆρος,
288 1839 334 1866 καὶ
363 1843 412 1874 τῆς
441 1840 621 1877 ἀναστάσεως,
650 1841 684 1876 ἦν
709 1840 743 1868 δι’
758 1843 831 1878 ἡμᾶς
859 1844 943 1871 ποιεῖ.

121 1883 291 1922 Προφητεύει
307 1882 336 1910 δὲ
350 1884 478 1911 καὶκατὰ
502 1885 600 1921 Γάζης,
625 1885 669 1913 καὶ
695 1885 876 1922 ’Δσ-ιάλωνος,
899 1886 945 1914 καὶ

119 1928 252 1962 Ἀζώτου,
268 1928 314 1955 καὶ
332 1931 381 1963 τῆς
398 1929 549 1967 ’Δκκαρών,
563 1929 608 1957 καὶ
622 1930 690 1957 κατά
705 1928 801 1966 Μωὰϐ,
818 1931 863 1958 καὶ
878 1931 946 1967 Ἀμ-

119 1973 188 2007 μὼν,
203 1973 252 2000 καὶ
266 1973 336 2000 κατᾶ
360 1973 514 2010 Δαμασκοῦ,
538 1974 582 2001 καὶ
606 1975 674 2001 κατὰ
693 1975 794 2010 Νινευῖ,
819 1974 864 2002 καὶ
879 1975 947 2003 κατὰ

117 2019 168 2044 τῶν
184 2016 341 2045 Αἰθιόπων.

445 2071 583 2109 Ἀγγαῖος,
601 2073 625 2101 ι’.

151 2126 198 2152 35.
227 2123 318 2154 Οὗτος
344 2125 412 2160 μετὰ
435 2125 485 2159 τὴν
510 2124 703 2163 αἰχμαλωσίαν
729 2125 755 2154 ἐν
776 2126 947 2164 τῇὲπανόὸῳ

117 2169 286 2207 προφητεύει
303 2167 330 2195 ἐν
347 2170 381 2205 τῇ
407 2168 588 2206 Ἰερουσαλὴμ
603 2169 646 2197 ἐπὶ
671 2171 783 2208 Δαρείου
812 2170 947 2209 βασιλέως

117 2215 242 2249 Περσῶν,
269 2213 293 2250 β’
321 2213 399 2244 ’ἔτους
427 2213 519 2247 αὐτοῦ,
549 2216 587 2249 τῷ
605 2212 676 2251 ἓκτῳ
692 2215 769 2251 μηνὶ,
786 2214 868 2254 λόγος
898 2219 948 2243 Κυ-

999 967 1029 993 et
1043 964 1229 993 inimicorum
1240 965 1357 994 Israelis
1370 966 1535 994 denuntiat.

1261 1064 1419 1098 Ambacum,
1438 1066 1560 1092 octavus.

1035 1116 1078 1144 33.
1095 1116 1176 1144 Onus
1191 1118 1220 1144 et
1234 1117 1283 1144 hic
1297 1117 1369 1145 vidit
1384 1119 1413 1145 et
1427 1117 1593 1153 prophetat,
1604 1117 1640 1144 de
1652 1117 1821 1153 captivitate

1000 1160 1119 1195 quidem
1143 1161 1331 1197 Jerosolyme
1358 1163 1504 1197 precatus,
1534 1161 1570 1189 de
1598 1162 1723 1189 adventu
1748 1161 1819 1188 item

999 1204 1157 1233 Salvatoris
1164 1205 1378 1241 praenuntiavit.
1388 1205 1538 1233 Invehitur
1545 1207 1645 1233 autem
1655 1208 1684 1233 et
1695 1205 1820 1241 prophe-

999 1250 1042 1276 tat
1063 1251 1163 1276 contra
1186 1251 1413 1285 contemptores.
1432 1249 1539 1277 Deinde
1556 1249 1681 1277 habetur
1695 1250 1823 1285 precatio

999 1292 1146 1328 propheta
1161 1301 1227 1320 cum
1244 1292 1404 1324 cantico.in
1419 1300 1477 1328 quo
1494 1292 1550 1320 tria
1563 1296 1632 1320 sunt
1640 1292 1821 1329 dispsslma-

998 1338 1038 1371 te,
1054 1339 1176 1364 canente
1190 1337 1332 1373 propheta
1347 1338 1382 1365 de
1394 1338 1518 1365 adventu
1534 1336 1703 1370 Salvatoris,
1733 1338 1762 1364 et
1785 1336 1821 1364 de

998 1381 1118 1409 victoria
1132 1382 1168 1409 de
1184 1384 1278 1410 morte
1293 1382 1480 1418 reportsnda.

1176 1479 1327 1515 Sophonias
1341 1478 1419 1515 ﬁlius
1435 1479 1533 1513 Ghuu,
1543 1486 1642 1506 nonus.

1032 1533 1074 1561 34.
1094 1533 1146 1560 Hic
1161 1535 1190 1561 et
1206 1533 1363 1561 Hieremiae
1378 1532 1615 1568 contemporanei
1628 1531 1821 1559 fuerint.Nam

998 1580 1121 1614 uterque
1136 1578 1191 1605 sub
1206 1577 1287 1606 Josia
1302 1586 1368 1614 rege
1386 1578 1464 1605 Juda
1492 1576 1684 1613 prophetnvit.
1701 1576 1819 1603 Factum

997 1624 1041 1650 est
1060 1624 1158 1650 autem
1176 1622 1212 1649 ad
1228 1630 1294 1650 eum
1310 1621 1430 1649 verbum
1446 1621 1573 1655 Domini,
1589 1623 1618 1647 et
1638 1619 1820 1655 prophetavit

998 1666 1027 1693 in
1042 1666 1216 1699 Jerusalem,
1229 1669 1257 1694 et
1267 1666 1347 1694 omni
1361 1666 1457 1694 Juda:
1475 1665 1666 1702 pradixitque
1681 1664 1771 1698 diem,
1789 1664 1818 1691 in

998 1719 1056 1746 quo
1071 1711 1200 1739 tollenda
1215 1714 1313 1739 essent
1328 1711 1428 1738 omnis.
1441 1710 1530 1743 idola,
1556 1712 1584 1737 et
1599 1717 1727 1742 nemora,
1743 1709 1822 1735 futu-

999 1764 1108 1791 rusque
1118 1758 1196 1784 esset
1210 1755 1296 1783 ﬂetus
1311 1755 1422 1783 multus
1449 1763 1481 1782 ac
1497 1755 1571 1783 127
1590 1754 1736 1790 planctus.
1753 1753 1821 1780 Pro-

998 1799 1100 1835 phetat
1112 1802 1210 1827 autem
1221 1802 1251 1827 et
1275 1799 1311 1827 de
1331 1798 1486 1832 Salvatore,
1502 1801 1531 1826 et
1546 1799 1582 1825 de
1597 1797 1819 1828 resurrectione,

1000 1851 1059 1879 qua.
1074 1844 1166 1871 nostri
1181 1844 1276 1879 gratis
1291 1843 1458 1871 resurrexit.
1475 1842 1583 1870 Deinde
1613 1841 1767 1877 prophetat
1791 1842 1821 1867 et

999 1890 1101 1916 contra
1116 1888 1234 1921 Gazam,
1250 1887 1472 1921 etAscalonem,
1488 1889 1516 1913 et
1529 1887 1662 1920 Azotum,
1678 1887 1707 1912 et
1733 1886 1820 1911 Acce-

1001 1940 1113 1967 ronem,
1130 1935 1158 1960 et
1168 1935 1269 1960 contra
1283 1932 1376 1966 Moab,
1391 1934 1420 1958 et
1434 1935 1571 1962 Ammon,
1588 1930 1617 1957 et
1631 1929 1820 1962 Damascum,

1001 1980 1030 2005 et
1041 1977 1175 2011 Niniven,
1191 1978 1220 2005 et
1234 1975 1395 2011 Ethiopas.

1273 2076 1405 2111 Aggwus,
1420 2073 1552 2101 decimus.

1036 2129 1081 2156 35.
1098 2128 1150 2156 Hic
1166 2130 1232 2163 post
1246 2127 1444 2162 captivitatem
1461 2125 1587 2154 solutam
1603 2125 1631 2152 in
1649 2124 1744 2152 reditu
1757 2131 1826 2159 pro-

1002 2173 1132 2209 phetavit
1146 2171 1346 2208 Jerosolymis,
1372 2171 1426 2198 sub
1456 2170 1540 2198 Dsrio
1568 2177 1635 2206 rege
1662 2169 1825 2200 Persarum,

1003 2227 1081 2246 anno
1097 2217 1178 2254 regni
1194 2217 1275 2245 illius
1290 2216 1430 2251 secundo,
1446 2223 1548 2244 mense
1558 2217 1649 2249 sexto,
1666 2214 1774 2241 factum
1783 2216 1827 2240 est

117 2257 177 2292 ρίου
193 2257 304 2294 hin-to
332 2257 359 2284 ἐν
384 2257 458 2294 χειρὶ
474 2257 566 2291 αὐτοῦ,
583 2259 627 2286 καὶ
642 2259 808 2297 προφητεύει
832 2262 871 2296 τῷ
898 2263 946 2287 Ζο-

153 2299 206 2309 ‘1‘
224 2301 234 2309 \
308 2301 315 2309 I
353 2303 366 2308 α-
388 2302 405 2309 ι·
463 2303 475 2309 ο
514 2301 527 2306 ”·¹
547 2302 563 2309 ι.
625 2301 645 2309 ne
731 2303 737 2309 ι
773 2306 786 2309 -
809 2303 817 2309 κ
849 2306 861 2309 _
943 2304 946 2309 I

1006 2264 1034 2290 in
1051 2270 1140 2291 manu
1156 2263 1220 2297 ejus
1235 2262 1356 2290 verbum
1384 2260 1511 2294 Domini,
1527 2262 1556 2287 et
1584 2257 1765 2295 prophetevit
1780 2259 1828 2285 Zo-

119 2299 254 2336 ροῦάῦιλ,
270 2301 316 2328 καὶ
332 2303 372 2337 τῷ
388 2302 477 2336 Ἰησοῦ
491 2301 531 2337 τῷ
547 2301 678 2335 Ἰωσεδὲκ,
695 2303 739 2330 καὶ
754 2306 793 2338 τῷ
809 2303 877 2339 λαῷ,
889 2304 946 2342 περῑ

1006 2307 1147 2340 robsbeli,
1163 2306 1242 2340 Jesu,
1259 2309 1287 2334 et
1300 2306 1420 2333 Josedec
1435 2313 1468 2333 ac
1483 2304 1601 2340 populo,
1614 2303 1650 2330 de
1660 2302 1830 2330 sadificanda

117 2348 171 2379 τῆς
197 2344 354 2381 οἰκοδομῆς
377 2349 427 2380 τῆς
450 2346 642 2383 Ἰερουσαλήμ.
669 2347 835 2386 Ιιροφητεύει
863 2346 891 2375 δὲ
905 2349 951 2376 καὶ

118 2390 183 2424 περὶ
207 2393 261 2424 τῆς
277 2389 465 2426 παρελεύσεως
477 2392 530 2417 τῶν
548 2390 666 2424 οἰκείων,
683 2391 727 2418 καὶ
741 2392 803 2429 περὶ
817 2393 867 2427 τῆς
881 2394 951 2428 κλή-

125 2443 193 2464 σεως
208 2436 264 2461 τῶν
279 2434 360 2461 ἐθνῶν
366 2456 372 2462 .

344 2488 481 2525 Ζαχαρίας
502 2488 560 2519 υἱὸς
577 2487 672 2522 ’.ιδδὼ,
691 2490 734 2516 ια’.

163 2540 207 2583 ᾧ.
228 2541 276 2567 Καὶ
305 2541 383 2572 οὗτος
409 2543 449 2577 τῷ
474 2540 592 2579 δευτέρῳ
617 2539 668 2569 ἔτει
703 2542 816 2580 Δαρείου
845 2553 954 2583 προφη-

131 2582 210 2609 τεύιιι
241 2584 312 2612 ἄλλά
338 2588 377 2620 τῷ
405 2584 496 2624 ὀγδόῳ
524 2585 589 2622 μηνί
619 2585 702 2623 λόγος
731 2586 830 2624 Κυρίου
850 2586 955 2625 ἐγένετο

136 2627 203 2661 πρὸς
230 2628 305 2656 αὐτὸν
333 2630 377 2657 καὶ
406 2628 522 2668 ἄγγελος
551 2630 650 2667 Κυρίου
663 2629 793 2664 ἐλάλησεν
810 2631 894 2668 αὐτῷ,
910 2632 955 2660 καὶ

139 2672 297 2716 ῗὲνιςητεύει
324 2674 392 2710 πρὸς
417 2674 480 2705 τοὺς
508 2674 626 2712 πατέρας
661 2675 706 2702 καὶ
734 2676 784 2710 τὴν
824 2676 957 2715 Ἰερουσα-

141 2714 210 2749 λήμ..
234 2716 338 2749 Πολλὰς
367 2717 395 2745 δὲ
420 2718 465 2746 καί
489 2718 619 2750 ποικίλας
641 2719 746 2757 ὁράσεις
777 2714 883 2757 βλέπει,
911 2722 956 2749 καὶ

182 2804 204 2822 ⁸⁸
218 2805 279 2835 Jon.
293 2816 333 2843 ιιι,
348 2809 376 2836 4.

284 2870 410 2902 Ρλτιιοι..
434 2872 488 2903 Gn.
510 2873 649 2904 XXVIII.

1007 2351 1217 2386 Hierosolyma.
1234 2349 1421 2386 Prophetavit
1429 2349 1518 2377 etiam
1529 2349 1565 2375 de
1580 2347 1769 2375 derelictione
1783 2346 1832 2373 do-

1009 2396 1210 2428 mesticorum,
1232 2397 1261 2423 et
1276 2395 1311 2422 de
1325 2394 1474 2422 vocatione
1492 2393 1633 2429 gentium.

1151 2492 1298 2520 Zacharia:
1321 2491 1397 2526 ﬁlius
1411 2490 1500 2523 Adda,
1518 2489 1686 2517 undecimus.

1045 2547 1089 2574 36.
1107 2546 1140 2573 Et
1156 2545 1203 2573 hic
1228 2545 1257 2572 in
1288 2544 1416 2572 secundo
1446 2551 1523 2571 anno
1538 2542 1615 2570 Darii
1630 2540 1832 2578 prophetsvit:

1011 2593 1040 2618 at
1054 2591 1084 2618 in
1101 2597 1203 2618 mense
1231 2591 1330 2617 octavo
1358 2589 1465 2615 factum
1495 2589 1540 2615 est
1567 2586 1603 2614 ad
1629 2594 1697 2614 eum
1712 2585 1833 2613 verbum

1011 2634 1137 2668 Domini,
1155 2635 1183 2661 et
1199 2634 1314 2661 locutus
1328 2636 1373 2660 est
1387 2631 1429 2659 illi
1446 2631 1567 2667 angelus
1581 2630 1709 2662 Domini,
1725 2631 1754 2657 et
1768 2636 1834 2663 pro-

1013 2679 1143 2715 phetavit
1157 2678 1193 2706 ad
1210 2679 1309 2705 Patres
1325 2679 1354 2704 et
1364 2676 1400 2704 ad
1416 2675 1590 2703 Jerusalem.
1607 2674 1715 2702 Multas
1736 2675 1835 2700 autem

1012 2732 1046 2752 ac
1061 2722 1156 2752 varias
1170 2722 1297 2751 visiones
1312 2721 1384 2749 vidit
1398 2723 1427 2748 et
1441 2720 1477 2748 de
1491 2718 1641 2747 Salvntore
1651 2717 1752 2746 multis
1765 2722 1835 2751 pro-

1659 2870 1697 2898 12
