2043 3111
96 149 158 167 ana-4

225 39 293 107 II

178 127 216 153 si

159 151 242 204 Γ363

185 238 326 276 phetavit,
337 233 571 271 signiﬁcavittu
583 230 661 266 quod
674 236 763 264 super
779 226 863 254 asino
880 226 909 252 et
920 222 1000 260 pullo
1017 223 1044 256 Α

187 282 352 320 subjugalis
367 281 509 308 venturus
526 278 614 305 esset.

419 367 580 401 Malachias,
591 364 775 392 duodecimm.

224 418 268 445 37.
286 416 337 444 Hic
353 420 469 450 quoque
484 413 550 448 post
564 408 763 445 caplivitatem
776 405 830 433 sub
843 403 930 432 Dario
942 401 1007 430 fuit.

189 466 270 492 Onus
285 464 383 489 autem
399 457 478 486 verbi
496 454 610 483 Domini
627 453 656 480 in
670 460 760 480 manu
785 449 881 485 angeli
892 448 967 483 ejus,
982 448 1011 473 et

190 490 348 545 prophetat
377 506 479 531 contra
504 499 603 528 Israel.
629 497 789 533 Ekprobrat
802 496 898 522 autem
911 490 1011 519 Israeli

192 538 445 587 transgressiones
457 547 533 581 ejus,
562 544 681 571 accusat
707 540 791 568 illum
813 538 1011 574 neglecturum

193 583 418 626 deciniarumpt
433 590 550 617 omissas
561 583 837 615 communicationis
861 589 927 609 cum
944 588 1013 615 pau-

193 624 487 677 peribus.Prcpbetat
501 632 589 661 etiam
603 632 638 658 de
646 627 815 665 diejudicii,
829 628 857 654 et
872 626 908 653 de
916 624 1012 660 splen-

196 668 266 713 dore
280 668 449 712 Salvatcris,
465 677 619 711 Eliamque
635 676 702 702 ante
717 673 872 700 adventum
888 668 1013 697 Salvato-

195 730 237 757 ris
253 726 427 755 mittendum
439 721 623 759 praenuntiat.

375 814 457 842 Liber
471 811 534 846 XIX,
562 809 649 838 Isaia:
661 808 735 843 ﬁlius
750 807 839 834 Amos.

234 863 279 890 38.
296 860 347 888 Hic
374 861 402 886 et
430 857 513 888 Osee,
542 855 620 883 sicut
635 861 724 888 supra
748 849 886 882 diximus,
916 848 1017 875 eodem

199 910 330 942 tempore
345 903 489 931 vixerunt.
506 900 578 928 Nam
595 900 623 926 et
639 898 694 925 iste
714 895 775 942 sub
801 894 927 942 Ozia,_et
950 891 1018 920 Joa-
1034 905 1058 938 Β

202 936 295 982 ibam,
311 950 339 976 et
354 947 460 978 Achaz,
478 947 506 972 et
525 942 646 971 Ezechia
661 940 778 976 regibus
792 938 869 967 Juda
886 936 948 964 fuit.
965 938 1019 963 Ac-

202 980 292 1030 cepta
302 995 399 1021 autem
419 989 531 1017 visione
547 984 730 1023 prophetavit
760 985 862 1011 contra
888 980 1020 1008 Judaaam

201 1043 228 1068 et
238 1024 416 1067 lJerusalem.
431 1035 466 1061 Et
479 1033 588 1060 factum
604 1033 648 1058 est
662 1029 698 1057 ad
712 1037 779 1056 eum
790 1027 910 1055 verbum
922 1024 1022 1053 Domi-

204 1085 243 1112 ni.
261 1084 295 1111 Et
309 1080 438 1109 maxime.
466 1085 534 1113 pars
559 1074 718 1111 prophetia:
746 1073 822 1108 ejus,
837 1069 1021 1105 evangelium

204 1131 248 1157 est
260 1129 295 1155 de
309 1126 434 1155 adventu
450 1112 537 1149 Verbi
547 1120 598 1148 Dei
608 1120 637 1146 in
648 1125 777 1151 carnem,
794 1118 822 1144 et
832 1116 867 1143 de
878 1112 1022 1151 passioni-

203 1174 269 1206 bus,
286 1178 360 1207 quas
377 1167 468 1196 nostri
485 1165 578 1201 gratia
593 1162 733 1198 suscepit.
759 1160 919 1196 Prophetat
933 1158 1021 1186 etiam

204 1201 280 1245 circa
294 1201 407 1252 gentes,
433 1210 569 1239 videlicet
592 1210 695 1236 contra
715 1205 896 1241 Babylonem,
914 1203 943 1230 in
960 1201 1024 1230 Phi-

202 1246 340 1294 listhahs,
357 1261 385 1286 et
399 1259 501 1284 contra
513 1257 698 1282 Damascum.
724 1250 873 1278 Visionem
897 1246 1022 1283 Egypti,

201 1305 343 1333 visionem
355 1298 648 1332 ldumem,visionem
660 1295 815 1332 phalangis
843 1294 921 1324 Sion,
936 1291 1024 1319 visio-

204 1358 269 1378 nem
284 1347 362 1384 Tyri,
378 1345 520 1373 visionem
547 1340 783 1378 quadrupedium
799 1338 830 1365 in
852 1336 1021 1365 solitudine.

203 1395 327 1422 Enarrat
342 1391 428 1419 etiam
438 1394 590 1424 egressum
609 1383 808 1415 Sanacherim,
825 1380 1022 1417 arrogantiam

204 1438 386 1475 Rapsacis,et
400 1434 554 1468 utriusque
569 1438 668 1459 casum
686 1438 718 1456 ac
733 1427 1022 1464 perditionem.Prm-

205 1469 284 1511 terea
312 1480 382 1508 dicit
409 1476 571 1510 Ezechiam,
585 1482 652 1502 cum
668 1474 698 1500 in
714 1471 849 1500 morbum
861 1469 1024 1501 incidisset,

206 1530 234 1555 et
248 1525 409 1554 moriturus
425 1523 513 1556 esset,
530 1519 661 1548 oratione
676 1525 729 1545 sua
740 1523 884 1544 annorum
900 1513 1023 1550 quinde-

207 1571 263 1599 cim
277 1570 343 1597 vitae
355 1566 552 1596 accessionem
569 1563 751 1598 impetrasse.
765 1559 921 1596 Prophetat
935 1557 1024 1585 etiam

208 1613 352 1643 eunuchis
363 1614 392 1640 et
402 1610 549 1647 gentibus,
561 1610 590 1635 et
604 1608 634 1634 in
647 1606 704 1634 ﬁne
716 1605 751 1633 de
767 1602 937 1639 diejudicii.

223 1712 303 1739 Liber
317 1710 368 1743 XX,
380 1706 534 1736 Hieremias
549 1705 625 1740 ﬁlius
641 1703 745 1731 Helciz
760 1701 794 1729 de
807 1700 1007 1729 sacerdotibus.

241 1760 285 1787 39.
302 1759 354 1786 Hic
368 1759 398 1785 et
415 1754 589 1791 Sophonias,
608 1751 860 1788 quemadmodum
875 1757 967 1785 supra
980 1748 1026 1776 di-

206 1805 316 1836 ximus,
344 1797 583 1835 contemporsnei
613 1796 741 1823 fuerunt.
771 1793 905 1822 Pervenit
932 1794 1028 1820 autem

208 1846 369 1876 Hieremias
384 1851 478 1880 usque
493 1842 529 1869 ad
556 1843 673 1875 tempus
700 1837 828 1871 Joakim,
857 1839 886 1865 et
913 1836 1029 1864 undeci-

210 1901 291 1921 mum
305 1897 415 1919 annum
431 1886 556 1916 Sedecias
573 1884 649 1920 regis
675 1884 769 1915 Judea,
783 1884 812 1910 et
826 1889 919 1917 usque
929 1881 965 1909 ad
981 1889 1028 1908 ca-

211 1937 372 1974 ptivitatem
385 1932 495 1971 pepuli.
513 1931 637 1960 Verbum
653 1936 720 1957 vero
745 1928 795 1956 Dei
810 1927 918 1955 factum
933 1929 979 1954 est
992 1926 1028 1954 ad

212 1972 289 2017 eum,
301 1981 352 2009 ubi
381 1986 477 2008 sermo
507 1975 623 2005 Domini
637 1974 672 2003 ad
689 1974 787 2010 ipsum
799 1973 894 2001 factus
909 1974 963 2001 est.
981 1972 1031 1999 Est

212 2030 310 2054 autem
326 2030 526 2061 saepenumero
554 2022 589 2049 ad
618 2027 685 2048 eum
701 2019 805 2047 factus.
821 2018 856 2045 Et
871 2017 973 2045 multis
986 2025 1030 2045 re-

212 2070 367 2108 prehendit
393 2067 554 2102 injustitias
575 2063 769 2093 Hierusalem.
799 2061 985 2098 Prophetavit
1000 2062 1029 2088 in

211 2113 404 2145 Hierusalem,
420 2112 456 2139 de
472 2111 571 2138 futura
598 2108 739 2142 siccitate,
769 2109 798 2135 et
818 2109 919 2134 contra
929 2108 1032 2142 gentes

211 2160 333 2194 Aeilem,
346 2160 375 2186 et
389 2158 424 2184 de
440 2157 565 2184 adventu
583 2154 661 2190 regis
676 2151 828 2188 Babylonii
846 2152 882 2179 ad
898 2152 1031 2180 exciden-

212 2207 277 2232 dam
294 2206 401 2231 terram
415 2199 539 2236 Egypti,
552 2200 581 2226 et
595 2197 736 2225 adversus
751 2195 828 2223 I28
845 2195 1031 2232 Babylonem.

214 2250 262 2276 Est
276 2247 363 2276 etiam
389 2244 418 2273 in
448 2245 501 2271 hoc
531 2242 605 2269 libro
632 2240 766 2276 verbum,
796 2240 874 2276 quod
889 2240 1032 2267 Dominus

213 2291 364 2321 llieremim
393 2287 553 2320 mandavit,
568 2288 600 2313 ut
618 2285 727 2312 diceret
743 2284 843 2311 Seram
853 2283 912 2311 {ilio
929 2283 1030 2316 Nerius,

214 2340 243 2365 et
257 2337 402 2368 ldumaeae,
432 2334 461 2360 et
488 2331 557 2358 ﬁliis
587 2330 725 2361 Ammon,
755 2330 782 2355 et
809 2328 900 2355 Gedar
929 2327 1035 2364 reginas

214 2381 303 2414 Aulis,
320 2387 410 2416 quam
425 2375 571 2413 percussit
583 2373 852 2402 Nabuchodonosor
866 2380 915 2399 rex
940 2372 1034 2408 Baby-

216 2426 301 2461 lonis,
319 2415 346 2452 et
356 2424 510 2454 Damasco,
526 2422 555 2448 et
566 2418 662 2452 Moab,
679 2419 708 2445 et
723 2417 752 2444 in
767 2416 931 2445 Jerusalem
942 2418 971 2444 et
982 2415 1034 2444 Ju-

215 2471 293 2502 dam,
309 2471 337 2496 et
349 2468 468 2495 domu‘n
485 2463 629 2497 Achabin,
646 2464 674 2490 et
688 2462 724 2489 de
740 2460 807 2488 filiis
824 2460 915 2495 Adab,
932 2462 960 2488 et
983 2460 1034 2488 Ju-

215 2515 285 2543 desis
300 2510 503 2541 habitantibus
517 2509 547 2537 in
562 2510 641 2536 terra
669 2505 795 2543 Egypti,
812 2507 840 2534 et
865 2505 1035 2543 sedentibus

215 2540 405 2594 invﬁagdolo,
422 2557 451 2583 et
465 2555 495 2581 in
511 2551 653 2588 Tephnis,
677 2540 759 2578 etnin
776 2552 854 2577 terra
876 2540 1010 2577 Pathum
1027 2556 1033 2576 :

214 2606 242 2631 et
257 2603 292 2631 ad
307 2599 431 2633 Baruch,
443 2607 510 2626 cum
521 2603 673 2625 sermones
687 2595 759 2623 istos
774 2594 803 2622 in
814 2593 923 2622 librum
938 2601 974 2621 ex
987 2601 1036 2622 ore

215 2646 366 2676 Hieremia:
382 2643 590 2673 conscriberet.
621 2640 757 2668 Continet
783 2638 871 2667 etiam
889 2638 935 2666 hic
950 2638 1034 2672 liber,

214 2692 291 2720 circa
303 2691 402 2723 finem,
432 2686 578 2724 quomodo
603 2684 697 2712 Judaei
726 2683 850 2711 insidias
878 2683 1038 2711 struxerint

215 2736 374 2772 prephetsa,
390 2732 462 2761 etin
478 2731 576 2758 locum
591 2728 665 2756 caeni
694 2736 761 2755 cum
778 2727 954 2763 abjecerint:
979 2727 1037 2754 Ab-

215 2780 363 2810 demelech
377 2785 443 2807 vero
459 2775 588 2811 [Eihiops
605 2774 687 2802 illum
699 2772 839 2802 eduxerit.

783 162 815 190 S.
839 155 1102 189 A’I‘HANASIUS.
1114 169 1154 175 —
1168 151 1299 183 DUBIA.

1057 216 1223 256 προφητεύει
1247 215 1309 253 περὶ
1332 216 1380 242 τοῦ
1403 216 1532 251 Σωτῆρος
1551 211 1596 239 διὰ
1616 209 1742 246 πολλῶν,
1767 208 1810 237 κατ
1841 219 1890 244 ση-

1829 144 1890 175 364

1062 262 1150 298 μαίνει
1178 260 1258 288 αὐτὸν
1286 258 1438 296 ἐξὲρχεσθαι
1470 257 1514 285 ἐπὶ
1543 253 1604 283 ὄνον
1629 254 1675 282 καὶ
1700 253 1796 281 πῶλον
1819 253 1885 280 ὑπο-

1062 306 1164 344 ζυγίου.

1366 345 1521 384 Μαλαχίας,
1536 345 1571 382 ιβ’
1578 366 1585 372 .

1098 396 1143 423 37,
1160 393 1210 421 Καὶ
1226 392 1304 423 οὗτος
1331 391 1398 428 μετὰ
1415 391 1465 424 τήν
1489 387 1684 427 αἰχμαλωσίαν
1711 386 1819 425 γέγονεν
1845 385 1891 413 ἐπὶ

1064 439 1186 476 Δαρείου.
1212 441 1319 474 Λῆμμα
1343 435 1372 463 δὲ
1396 435 1479 473 λόγου
1508 433 1607 470 Κυρίου
1629 432 1654 460 ἐν
1680 431 1754 470 χειρὶ
1771 430 1891 468 ἀγγέλου

1065 474 1157 518 αὑτοῦ,
1180 482 1224 510 καὶ
1252 480 1416 520 προφητεύει
1444 479 1488 507 ἐπὶ
1516 478 1562 506 τὸν
1583 476 1713 520 Ἰσραήλ.
1753 474 1890 509 Ὀνειδίζει

1067 527 1095 555 δὲ
1121 527 1167 555 τὸν
1203 519 1318 563 Ἰσραήλγ
1339 524 1383 552 ἐπὶ
1411 526 1471 554 ταῖς
1500 519 1679 559 παραϐάσεσι,
1694 520 1740 548 καὶ
1758 520 1892 558 μέμφεται

1067 572 1111 599 ἐπὶ
1132 573 1167 608 τῇ
1195 569 1311 607 ἀμελείᾳ
1344 571 1398 596 τῶν
1430 567 1558 601 δεκάτων,
1587 565 1633 593 καὶ
1661 568 1711 599 τῆς
1740 564 1808 602 πρὸς
1824 563 1894 594 ποὺς

1067 614 1196 653 πτωχοὺς
1222 613 1374 643 κοινωνίας.
1401 611 1569 650 Προφητεύει
1599 609 1627 637 δὲ
1650 609 1711 647 περὶ
1726 612 1776 643 τῆς
1789 608 1895 645 ἡμέρας

1067 664 1118 695 τῆς
1132 656 1257 697 κρίσεως,
1281 657 1326 685 καὶ
1340 661 1391 692 τῆς
1414 658 1465 683 τοῦ
1491 658 1621 691 Σωτῆρος
1646 653 1834 690 ἐπιλάμψεως,
1850 651 1896 679 καὶ

1069 705 1122 740 πρὸ
1150 696 1199 738 τῆς
1223 701 1372 740 παρουσίας
1399 702 1448 728 τοῦ
1474 702 1604 737 Σωτῆρος
1621 696 1833 726 ἀποστέλλεσθαι
1849 696 1896 724 τὸν

1071 748 1164 776 Ἠλίαν
1182 758 1214 782 ση
1221 746 1319 784 μαίνει.

1231 788 1344 820 Βιϐλίαν
1362 791 1403 818 ιθ“.
1419 789 1532 820 Ἦσαῗας
1548 788 1606 818 υἱὸς
1622 787 1725 823 Ἀμώς.

1107 838 1152 865 38.
1170 835 1253 867 Οὗτος
1279 834 1323 863 καὶ
1352 834 1442 870 Ὠσηὲ,
1471 833 1541 865 καθὰ
1569 832 1748 868 προείπομεν,
1764 826 1896 868 συνεχρὸ-

1073 891 1147 908 νισαν
1164 880 1312 916 ἀλλήλοις.
1329 879 1378 907 Καὶ
1393 879 1444 917 γὰρ
1472 878 1516 905 καὶ
1546 876 1625 907 οὗτος
1654 875 1697 903 ἐπὶ
1726 875 1827 910 Ὀζίου,
1852 874 1898 901 καὶ

1073 926 1201 962 Ίωάθαμ,
1231 924 1276 952 καὶ
1302 924 1400 961 Ἀχᾶζ,
1423 923 1468 950 καὶ
1493 922 1624 958 Ἐζεκίου,
1649 919 1782 959 βασιλέων
1798 917 1899 953 Ἰούδα,

1075 970 1196 1008 γέγονεν.
1219 970 1331 1005 ’Ὀρασιν
1357 967 1386 995 δὲ
1411 967 1550 1003 ἑωρακὼς,
1573 964 1739 1004 προφητεύει
1767 963 1834 991 κατὰ
1849 964 1899 997 τῆς

1076 1013 1207 1044 Ἰουδαίας
1230 1013 1275 1040 καὶ
1298 1012 1366 1040 κατὰ
1395 1010 1587 1049 Ἰερουσαλήμ.
1613 1009 1662 1038 Καὶ
1687 1008 1772 1046 λόγος
1793 1007 1822 1035 δὲ
1846 1009 1901 1036 Κυ-

1077 1059 1136 1096 ρίου
1158 1059 1225 1096 πρὸς
1244 1057 1323 1085 αὐτὸν
1349 1058 1456 1095 γέγονε,
1480 1055 1530 1083 Καὶ
1552 1055 1583 1082 τὸ
1607 1053 1736 1081 πλεῖστον
1759 1056 1809 1087 τῆς
1829 1062 1901 1089 προ-

1077 1103 1188 1142 φητείας
1213 1102 1296 1130 αὐτοῦ
1328 1101 1398 1129 ἐστιν
1422 1100 1566 1138 εὐαγγέλια
1589 1098 1651 1136 περὶ
1688 1101 1737 1132 τῆς
1773 1097 1903 1134 ἑνσεὶρκου

1076 1147 1224 1185 παρουσίας
1249 1148 1298 1174 τοῦ
1328 1146 1416 1184 Λόγου
1444 1147 1492 1172 τοῦ
1522 1146 1599 1179 Θεοῦ,
1626 1143 1671 1170 καὶ
1701 1143 1738 1169 ὧν
1765 1139 1905 1176 ἀνεδέξατο

1078 1191 1112 1219 δι’
1136 1193 1210 1227 ἡμᾶς
1235 1192 1338 1218 παθῶν.
1366 1188 1534 1228 Προφητεύει
1556 1187 1585 1215 δὲ
1610 1187 1655 1215 καὶ
1671 1186 1715 1214 ἐπὶ
1731 1185 1792 1221 ἔθνη
1809 1187 1905 1220 ταῦτα,

1077 1237 1145 1264 κατά
1170 1233 1346 1269 Βαϐυλῶνος,
1370 1234 1415 1261 ἐπὶ
1435 1233 1498 1264 τοὺς
1524 1231 1711 1271 ἀλλοφύλους,
1727 1230 1796 1258 κατὰ
1811 1234 1904 1265 Δαμα-

1077 1283 1152 1308 σκοῦ·
1170 1279 1262 1317 ὅρασιν
1277 1279 1429 1317 Αἰγύπτου,
1445 1279 1537 1316 ’ὸραμα
1549 1280 1600 1312 τῆς
1626 1275 1789 1312 Ἰδουμαίας,
1813 1274 1906 1312 ὅραμα

1076 1328 1127 1359 τῆς
1151 1324 1288 1363 φάλαγγος
1315 1325 1399 1357 Σιὼν,
1426 1322 1517 1361 ὅραμα
1541 1321 1639 1359 Τύρου,
1667 1320 1759 1357 ὅρασιν
1782 1320 1837 1346 τῶν
1861 1328 1906 1345 τε-

1076 1367 1219 1406 τραπόδων
1242 1371 1296 1395 τῶν
1320 1368 1345 1395 ἐν
1370 1369 1404 1405 τῇ
1430 1367 1537 1405 ἐρήμῳ.
1567 1368 1706 1403 Διηγεῖται
1728 1363 1758 1391 δὲ
1780 1363 1825 1391 καὶ
1852 1363 1905 1397 τὴν

1077 1412 1168 1449 ἔξοδον
1199 1412 1386 1450 Σεναχηριὶμ,
1412 1411 1458 1439 καὶ
1483 1411 1618 1447 Ῥαψάκου
1643 1411 1692 1444 τὴν
1730 1408 1903 1443 ἀλαζονιιαν,

1076 1459 1126 1492 τήν
1142 1468 1171 1484 τε
1186 1459 1288 1484 πτῶσιν
1304 1456 1348 1484 καὶ
1364 1455 1502 1484 ἀπώλειαν
1518 1454 1617 1483 αὐτῶν.
1644 1454 1696 1482 Καὶ
1719 1453 1760 1480 ὅτι
1784 1452 1902 1487 νοσήσας

1079 1501 1208 1537 Ἐζεκίας,
1236 1502 1281 1529 καὶ
1305 1500 1415 1538 μέλλων
1439 1500 1631 1535 ἀποθνήσκειν,
1648 1498 1804 1534 εὐξάμενος,
1819 1506 1907 1532 προσ-

1078 1547 1165 1582 θήκην
1190 1545 1255 1584 ἔσχε
1279 1548 1351 1580 ζωῆς
1366 1545 1432 1572 ἑτῶν
1461 1547 1499 1573 ιε’.
1522 1543 1691 1583 Προφητεύει
1717 1541 1746 1569 δὲ
1759 1541 1803 1569 καὶ
1819 1540 1912 1568 εὐνού-

1043 1584 1065 1617 C
1083 1601 1158 1628 χοις,
1174 1590 1218 1617 καὶ
1232 1592 1290 1621 τοῖς
1305 1588 1402 1625 ἔθνεσι,
1417 1588 1462 1616 καὶ
1473 1588 1499 1616 ἐν
1519 1591 1559 1625 τῷ
1583 1586 1657 1615 τέλει
1680 1586 1742 1625 περὶ
1765 1589 1816 1621 τῆς
1839 1584 1912 1621 ἠμὲ-

1084 1645 1131 1673 ρας
1146 1638 1196 1669 τῆς
1207 1633 1333 1673 κρίσεως.

1136 1685 1247 1716 Βιϐλίον
1263 1688 1296 1715 κ’.
1316 1686 1449 1725 Ἱερεμίας
1471 1686 1486 1714 ὁ
1501 1684 1618 1715 Χελκίου
1635 1684 1665 1712 bc
1679 1686 1732 1712 τῶν
1750 1683 1855 1721 ἱερίων.

1117 1742 1162 1770 39.
1184 1741 1267 1772 οὗτος
1290 1740 1373 1769 πάλιν
1404 1741 1449 1769 καὶ
1480 1739 1623 1779 Saepe-liae,
1648 1739 1717 1771 καθὰ
1730 1737 1914 1776 προείπομεν,

1083 1786 1273 1824 συνεχρόνισαν
1299 1785 1449 1821 ἀλλήλοις.
1476 1785 1625 1823 Παρέμιινι
1649 1781 1678 1810 δὲ
1697 1781 1827 1820 Ἱερεμίας
1855 1779 1912 1811 ἕως

1083 1831 1221 1867 Ἰωακεὶμ,
1245 1830 1290 1858 καὶ
1315 1830 1366 1862 ἕως
1397 1829 1539 1857 ἅνδεκάτου
1570 1826 1647 1858 ἓτους
1680 1826 1807 1854 Σεδεκίου
1837 1825 1915 1863 βασι-

1085 1874 1154 1906 λέως
1179 1874 1276 1909 Ἰούδα,
1301 1873 1354 1906 ἓως
1377 1878 1427 1909 τῆς
1444 1872 1636 1911 αἰχμαλωσίας
1651 1873 1700 1899 τοῦ
1717 1870 1796 1899 λαοῦ.
1824 1872 1915 1905 Ῥῆμα

1085 1918 1113 1946 δὲ
1136 1921 1203 1947 Θεοῦ
1228 1919 1332 1956 ἐγίνετο
1358 1919 1426 1956 πρὸς
1451 1917 1543 1952 αὐτὸν,
1569 1917 1599 1948 ὅς
1616 1916 1731 1954 ἐγενήθη
1749 1912 1834 1952 λόγος
1862 1917 1915 1941 Ku-

1085 1963 1146 2002 ρίου
1160 1964 1228 2001 πρὸς
1244 1964 1335 1992 αὐτόν,
1354 1964 1404 1991 Καὶ
1419 1962 1556 1994 πολλάκις
1568 1961 1598 1990 δὲ
1620 1961 1725 2000 ἐγένετο
1750 1959 1831 1998 λόγος
1857 1960 1915 1987 Κυ-

1086 2008 1145 2046 ρίου
1169 2008 1237 2046 πρὸς
1265 2008 1356 2045 αὐτὸν,
1381 2009 1425 2036 καὶ
1451 2006 1561 2045 ἂλὲγχει
1585 2007 1633 2037 τὰς
1657 2004 1763 2035 ἀδικίας
1787 2006 1839 2038 τῆς
1868 2004 1916 2031 Ἰε-

1086 2052 1231 2089 ρουσαλὴμ
1256 2051 1300 2080 διὰ
1324 2052 1448 2080 πολλῶν.
1477 2050 1645 2090 Προφητεύει
1671 2048 1700 2076 δὲ
1713 2048 1756 2076 ἰπὶ
1781 2049 1917 2085 Ἰερουσα-

1086 2096 1157 2133 λήμ,
1182 2097 1226 2124 καὶ
1249 2097 1311 2135 περὶ
1334 2098 1384 2131 τῆς
1410 2094 1559 2134 ἀϐροχίας,
1583 2095 1628 2122 καὶ
1644 2093 1687 2121 ἐπὶ
1715 2094 1750 2121 τὰ
1764 2092 1826 2127 ἔθνη
1844 2093 1918 2120 Ἀει-

1086 2140 1157 2177 λῆμ,
1172 2141 1217 2169 καὶ
1232 2144 1281 2169 τοῦ
1297 2141 1382 2169 ἐλθεῖν
1401 2140 1514 2179 βασιλέα.
1536 2137 1700 2169 Βαϐυλῶνος
1728 2140 1777 2165 τοῦ
1802 2136 1916 2173 ἐκκόψαι

1085 2185 1134 2220 τὴν
1159 2189 1210 2223 γῆν
1236 2185 1390 2223 Αἰγύπτου,
1414 2186 1459 2213 καὶ
1486 2185 1529 2212 ἰπὶ
1545 2181 1707 2212 Βαθυλῶνα.
1724 2181 1802 2209 Καὶὸ
1831 2180 1916 2218 λόγος

1087 2228 1116 2257 δν
1140 2230 1290 2258 ἐνετείλατο
1314 2230 1411 2268 Κύριος
1436 2232 1476 2266 τῷ
1498 2229 1615 2267 Ἱερεμίᾳ
1640 2227 1725 2255 εἰπεῖν
1749 2228 1788 2261 τῷ
1808 2224 1915 2262 Σαραία

1048 2268 1070 2299 Ι)
1085 2274 1136 2310 υἱῷ
1158 2275 1274 2312 Νηρίου,
1298 2274 1344 2302 καὶ
1369 2276 1402 2311 τῇ
1429 2273 1578 2310 Ἰδουμαίᾳ,
1603 2271 1649 2299 καὶ
1672 2274 1731 2302 τοῖς
1760 2270 1831 2300 υἱοῖς
1851 2270 1919 2306 ’Λμ-

1092 2320 1161 2355 μὼν,
1190 2319 1234 2346 καὶ
1258 2320 1293 2356 τῇ
1321 2317 1412 2357 Κηδᾶρ
1443 2317 1586 2354 βασιλίσσῃ
1614 2318 1663 2350 τῆς
1689 2314 1794 2350 Αύλῆς,
1810 2314 1841 2349 ἣν
1856 2313 1920 2341 ἐπά-

1088 2363 1149 2399 ταξε
1175 2361 1418 2401 Ναϐουχοδονόσορ
1450 2360 1575 2400 βασιλεὺς
1605 2357 1782 2393 Βαϐυλῶνος,
1812 2358 1858 2385 καὶ
1882 2359 1920 2394 τῇ

1090 2409 1234 2444 Δαμασκῷ,
1265 2408 1308 2435 καὶ
1336 2409 1370 2444 τῇ
1395 2404 1491 2441 Munia,
1520 2406 1565 2434 καὶ
1595 2405 1628 2433 ἐπ
1667 2401 1847 2442 Ἰερουσαλὴμ
1872 2413 1921 2430 και

1090 2443 1272 2487 Ἰούδανρκαὶ
1297 2451 1335 2483 εἷς
1356 2443 1430 2479 οἶκον
1448 2448 1572 2489 Ἀχαϐὶν,
1589 2448 1651 2487 περὶ
1667 2450 1719 2476 τῶν
1737 2447 1801 2474 υἱῶν
1819 2443 1918 2481 Ἀὂὰϐ,

1088 2500 1147 2528 τοῖς
1173 2507 1203 2524 τε
1229 2496 1369 2527 Ἰουδαίοις
1393 2497 1453 2526 τοῖς
1474 2492 1645 2522 κατοικοῦσιν
1670 2492 1696 2520 ἐν
1712 2493 1749 2530 γῇ
1765 2490 1919 2528 Λῗγύπτου,

1089 2542 1134 2570 καὶ
1155 2544 1215 2573 τοῖς
1238 2541 1403 2577 καθημένοις
1427 2540 1453 2567 ἐν
1478 2537 1636 2576 Μαγδωλῷ,
1659 2536 1705 2564 καὶ
1737 2535 1763 2563 ἐν
1787 2534 1919 2573 Τάφναις,

1089 2587 1134 2614 καὶ
1156 2586 1183 2614 ἐν
1205 2588 1242 2624 γῇ
1269 2585 1422 2623 Παθούρης·
1436 2583 1506 2622 πρός
1519 2594 1549 2611 τε
1562 2583 1609 2610 τὸν
1626 2580 1748 2620 Βαρουχ,
1763 2579 1809 2607 ὅτε
1819 2577 1921 2618 ἔγραφε

1089 2631 1153 2663 τοὺς
1168 2629 1268 2669 λόγους
1286 2631 1400 2660 τούτους
1416 2628 1443 2656 ὲν
1458 2630 1499 2665 τῷ
1515 2625 1618 2666 βιϐλίῳ
1633 2626 1687 2654 ἀπὸ
1707 2624 1842 2661 στόματος
1866 2623 1921 2651 Ἰε-

1092 2667 1348 2714 ρεμίουξΠεριέχει
1379 2672 1407 2700 δὲ
1434 2673 1466 2701 τὸ
1497 2670 1606 2710 βιϐλίον
1633 2670 1677 2698 ἐπὶ
1695 2668 1805 2714 τλέλους,
1821 2667 1863 2694 δτι
1894 2667 1921 2695 οἳ

1091 2711 1230 2755 Ἰουδαῖοι,
1247 2711 1471 2749 ἐπιϐουλεύοντας
1485 2717 1525 2753 τῷ
1540 2716 1679 2755 προφήτῃ,
1701 2711 1813 2752 ἕῤῥιψαν
1839 2711 1920 2739 αὐτὸν

1092 2763 1245 2839 εἰςτέιάκκον
1264 2760 1410 2800 βορϐόρου,
1426 2762 1471 2790 καὶ
1487 2758 1661 2797 Ἀϐδεμὲλεχ
1674 2757 1774 2795 Αἰθίοψ
1786 2756 1920 2795 ἀνήγαγεν

1092 2811 1124 2839 αύ
1158 2820 1183 2837 ν.

1092 2811 1171 2841 αὐτόν
1176 2829 1183 2837 .
