2043 3111
148 200 211 231 365

700 196 888 230 SYNOPSIS
913 198 1144 229 ΞΒΒΙΡΤΗΒᾹΞ
1166 197 1313 228 ΞΔΕΒΛΞ.

1798 195 1857 226 366

188 263 301 303 Βαροὺχ
315 263 343 292 δὲ
358 265 501 303 ἐπιγράφει
516 264 548 292 τὸ
565 261 682 302 βιϐλίον,
699 262 792 297 ἐπειδὴ
808 263 899 298 οὗτος,
912 262 977 300 γρά-

1071 263 1196 296 Baruch,
1212 262 1322 290 librum
1341 261 1501 297 inscripsit,
1516 261 1586 297 quia
1602 260 1650 288 ille
1666 269 1732 288 cum
1748 269 1858 289 sermo—

153 312 205 346 ψας
223 310 275 337 ἀπὸ
290 309 425 345 στόματος
441 309 573 346 Ἰερεμίου
587 308 651 339 τοὺς
667 308 693 335 ἐν
707 308 748 344 τῷ
765 305 865 345 βιϐλίῳ
882 307 981 344 Λόγους

155 355 260 391 ἀνέγνω
275 356 333 384 τοῖς
349 353 375 380 ἐν
390 352 425 390 τῇ
441 350 586 381 Βαϐυλῶνι
611 351 868 390 αἷχμαλωτισθεῖσι,
893 360 982 388 παρα-

156 397 329 435 μυθούμενος
351 397 459 430 αὐτοὺς,
483 396 528 424 καὶ
552 396 789 435 ἐπαγγελλόμενος
812 395 920 426 τούτοις
933 395 982 429 τὴν

155 442 229 479 παρὰ
243 444 311 470 Θεοῦ
326 440 434 469 ἐλπίδα.

191 490 293 524 Θρῆνοι
318 486 461 525 ἇπιγράφει
483 485 516 513 τό
543 484 663 523 βιλλίον,
683 483 777 519 ἐπειδὴ
792 483 905 514 τούτους
918 482 982 514 τοὺς

156 530 259 568 λόγους
283 531 429 568 ἐθρήνησεν
447 530 578 567 Ἱερεμίας
592 530 654 567 περὶ
669 532 719 564 τῆς
734 527 923 567 Ἰερουσαλὴμ,
940 526 984 554 ὅτε

157 575 232 610 ἑάλω
246 575 292 602 καὶ
307 574 509 612 ᾐχμαλωτίσθη
522 575 536 601 ὁ
547 573 625 606 λαός.

193 663 341 698 Ἐπιστολή
364 663 496 701 Ἱερεμίου
520 663 653 697 καλεῖται,
680 661 774 696 ἀπειδή
789 661 889 696 ταύτην
907 659 984 699 ἔγρα-

156 719 204 748 φεν
221 708 354 746 Ἱερεμίας
368 711 430 739 τοῖς
447 708 473 735 ἐν
487 710 521 744 τῇ
536 706 725 745 αἰχμαλωσίᾳ,
740 706 808 734 κατὰ
826 708 880 733 τῶν
906 704 985 732 εἰδώ-

158 754 216 781 λων
231 752 453 791 ἀσφαλιζόμενος
467 751 575 786 αὐτοὺς,
601 751 648 779 ’ίνα
675 753 713 788 μή
745 750 891 789 βλέποντες
917 748 985 777 αὐτὰ

157 798 353 835 ωναπαχθῶσι
369 800 425 828 τοῖς
440 794 600 833 σεϐομένοις
614 798 708 824 ταῦτα.

268 847 381 878 Βιϐλίον
396 850 446 878 κιί.
462 849 590 884 Ἑζεκιήλ
605 849 664 876 υἱὸς
680 848 762 883 Βουζὶ
779 847 877 886 ἱερεύς.

194 896 241 923 40.
266 893 350 925 Οὗτος
373 893 399 921 ἐν
424 894 459 931 τῇ
483 893 662 931 αἰχμαλωσίᾳ
690 893 784 930 γέγονε
809 892 876 928 μετὰ
909 892 986 928 Ἰερε-

1036 315 1087 335 nes
1104 307 1176 335 istos
1193 315 1227 335 ex
1239 315 1288 335 ore
1303 307 1454 334 Hieremiae
1471 306 1637 342 scripsisset
1653 306 1689 332 iis
1701 306 1749 340 qui
1766 305 1794 332 in
1810 305 1860 333 Ba-

1037 351 1140 388 bylone
1163 352 1270 388 captivi
1294 354 1387 384 erant,
1404 351 1483 387 legit,
1502 353 1535 378 ut
1558 350 1760 378 consolaretur
1782 350 1860 384 illos,

1037 399 1065 424 et
1080 404 1162 432 spem
1177 396 1206 424 in
1225 397 1313 424 Deum
1331 396 1529 423 annuntiaret.

1073 486 1293 514 Lamentationes
1313 486 1421 514 librum
1446 485 1607 521 inscripsit,
1617 485 1686 521 quia
1710 485 1776 513 istis
1798 491 1859 512 ser-

1038 531 1177 558 monibus
1192 531 1227 558 de
1247 530 1410 558 Jerusalem
1436 530 1613 558 lamentatus
1629 532 1673 557 est
1687 529 1860 563 Hieremias,

1038 575 1156 610 quando
1173 577 1257 611 capta
1271 577 1326 609 est,
1344 577 1373 603 et
1388 574 1515 611 populus
1541 574 1572 601 in
1595 574 1793 610 captivitatem
1809 573 1860 601 ab—

1039 619 1156 647 ductus.

1075 663 1203 700 Epistola
1219 664 1380 697 Hieremiae,
1397 664 1439 692 sic
1455 663 1533 691 dicta
1548 665 1603 696 est,
1615 663 1691 698 quod
1708 663 1783 690 hanc
1797 661 1862 689 Hie-

1039 708 1146 736 remias
1175 708 1326 747 scripserit
1355 708 1385 735 in
1409 708 1587 743 captivitate,
1607 710 1640 734 ut
1664 709 1763 735 contra
1788 706 1865 733 idola

1040 755 1141 780 cautos
1171 753 1314 785 redderet,
1341 761 1386 786 ne,
1412 752 1575 787 conspectis
1603 751 1673 785 illis,
1688 751 1723 779 ad
1753 750 1865 778 cultum

1040 797 1171 832 ipsorum
1184 805 1250 824 cum
1266 796 1428 824 idololatria
1444 796 1668 824 abducerentur.

1143 850 1225 878 Liber
1238 850 1301 883 XXI,
1317 850 1441 877 Ezechiel
1455 849 1530 885 ﬁlius
1546 851 1616 877 Βιλκὶ
1629 848 1762 877 sacerdos.

1076 895 1119 922 40.
1136 894 1188 922 Hic
1207 897 1273 930 post
1295 894 1473 922 Hieremiam
1501 894 1530 921 in
1560 893 1726 929 captivitate
1756 893 1821 923 fuit.
1839 895 1866 919 et

160 939 238 974 μίαν,
263 939 361 974 καὶτῷ
376 938 494 975 πιμπτῳ
514 937 566 965 ita:
580 941 630 972 τῆς
650 936 842 975 αἰχμαΛωσίας
860 934 987 971 Ἰωαχεὶμ

1051 939 1143 974 ιιιίυιο
1159 947 1235 966 anno
1251 939 1427 974 captivitatis
1441 938 1557 966 Joakim
1579 938 1752 974 prophetare
1768 937 1864 972 erepit.

157 982 262 1019 ἤρξατο
286 983 477 1022 προφητεύειν.
505 982 593 1020 Λόγος
618 980 647 1009 δὲ
670 981 770 1018 Κυρίου
785 980 890 1019 ἐγένετο
919 980 987 1017 πρὸς

158 1028 254 1062 αὐτὸν,
278 1028 324 1055 καὶ
348 1028 410 1065 χεὶρ
434 1027 534 1064 Κυρίου
559 1026 664 1064 ἐγένετο
688 1026 729 1053 ἐπ’
753 1024 843 1052 αὐτόν.
862 1025 911 1052 Καὶ
926 1024 990 1062 δρα-

159 1082 200 1099 σιν
228 1074 278 1108 μὲν
304 1071 332 1107 ἐξ
355 1072 446 1109 ἀρχῆς
472 1072 543 1106 ζώου
564 1070 794 1108 τετραπροσώπου
819 1069 988 1105 θαυμαστὴν,

159 1117 205 1144 καὶ
230 1115 505 1151 ἑκπληκτικωτάτην.
529 1115 574 1142 καὶ
599 1113 814 1153 δυσερμήνευτον
841 1114 899 1151 ὁρᾷ·
921 1122 989 1151 προ-

159 1161 274 1199 φητεύει
300 1159 330 1188 δὲ
353 1160 396 1187 ἐπὶ
420 1160 485 1191 τοὺς
499 1161 641 1198 προφήτας
655 1161 704 1186 τοῦ
731 1158 853 1196 Ἰσραὴλ,
868 1155 989 1193 καὶπερὶ

157 1208 211 1232 ταῦ
226 1205 310 1245 ξύλου
331 1208 381 1240 τῆς
398 1203 534 1241 ἀμπέλου,
549 1204 593 1231 καὶ
609 1202 736 1240 διήγημα
750 1202 812 1240 περὶ
828 1204 876 1229 τοῦ
899 1201 989 1237 ἀετοῦ,

160 1250 207 1277 καὶ
235 1248 447 1287 διαμαρτύρεται
474 1251 507 1285 τῇ
536 1247 719 1284 Ἰερουσαλὴμ
743 1247 790 1278 τὰς
809 1246 922 1283 ἀνομίας
944 1245 990 1272 καὶ

159 1295 210 1324 τὶς
235 1293 369 1331 ἁμαρτίας
393 1293 489 1328 αὐτῆς¹
508 1292 570 1330 περί
582 1302 611 1319 τε
625 1293 676 1326 τῆς
690 1288 863 1329 παραϐολῆς,
878 1290 913 1324 ἧς
929 1288 989 1316 ἔλε-

160 1348 222 1376 γον
239 1350 254 1364 ιι
281 1338 312 1365 Ol.
334 1338 447 1375 πατέρες
474 1335 572 1376 ἔφαγον
598 1334 719 1375 ὅμφανα,
738 1335 783 1363 καὶ
799 1334 908 1365 ἀδύντες
936 1336 988 1361 τῶν

160 1382 264 1410 τέκνων
296 1381 448 1418 ὲμωδίασαν
476 1382 542 1418 (19).
571 1394 586 1407 n
616 1381 665 1408 Καὶ
694 1383 753 1410 τοῖς
778 1380 848 1410 υἱοῖς
863 1378 989 1415 Ἀμμὼν,

161 1427 207 1454 καὶ
232 1426 297 1464 περὶ
317 1430 369 1461 τῆς
390 1426 498 1461 Ὁολᾶς,
518 1426 563 1453 καὶ
587 1429 638 1460 τῆς
661 1422 782 1459 ὀλιϐἆς,
797 1423 842 1451 καὶ
858 1423 902 1450 ἐπὶ
918 1422 989 1460 Σοὺρ

162 1472 276 1507 θρῆνον,
300 1471 346 1497 καὶ
372 1470 415 1497 ἐπὶ
441 1469 558 1505 Σιδῶνα,
582 1469 627 1497 καὶ
651 1469 713 1506 περὶ
735 1472 784 1503 τῆς
807 1468 912 1504 ἡμὲρας
940 1468 991 1495 Κυ-

164 1515 249 1550 ρίουι,
260 1515 306 1541 καὶ
331 1517 371 1551 τῷ
395 1515 496 1552 Φαραώ
520 1513 628 1552 βασιλεῖ
650 1512 799 1552 Αἰγύπτου,
824 1512 869 1539 χαὶ
890 1513 989 1549 θρῆνον

164 1558 207 1585 ἐπὶ
232 1559 348 1595 Φαραὼ,
366 1558 411 1585 καὶ
433 1558 484 1592 τήν
506 1556 652 1595 Αἴγυπτον,
681 1557 726 1584 καὶ
749 1555 793 1583 ἐπὶ
814 1553 878 1593 ὅρος
895 1555 990 1592 Σηεὶρ,

1045 983 1148 1011 Factus
1163 986 1207 1011 est
1221 986 1318 1011 autem
1335 991 1432 1011 sermo
1458 983 1574 1011 Domini
1589 983 1624 1010 ad
1641 990 1719 1016 eum,
1735 984 1764 1010 et
1777 991 1866 1017 super

1043 1036 1110 1055 eum
1126 1028 1182 1055 fuit
1203 1036 1309 1056 manus
1330 1028 1453 1063 Domini,
1470 1030 1498 1056 et
1514 1028 1654 1056 visionem
1673 1028 1708 1055 ab
1724 1027 1788 1055 initi
1804 1028 1864 1054 vio-

1044 1073 1086 1100 dit
1102 1073 1258 1100 animantis
1273 1075 1401 1108 quatuor
1416 1073 1567 1106 facierum,
1583 1072 1796 1105 admirabilem,
1816 1081 1866 1098 su-

1044 1125 1097 1152 pra
1112 1117 1231 1144 modum
1253 1118 1428 1152 stupendum
1445 1119 1474 1144 et
1489 1117 1678 1152 interpretatu
1705 1116 1865 1144 difﬁcilem.

1045 1160 1231 1197 Prophetavit
1244 1164 1346 1189 contra
1368 1161 1526 1197 prophetas
1542 1161 1668 1194 lsraelis,
1684 1161 1720 1188 de
1735 1161 1812 1196 ligno
1828 1161 1868 1187 vi-

1044 1205 1093 1237 tis,
1109 1207 1138 1233 et
1161 1205 1305 1233 enarratio
1320 1206 1356 1232 de
1372 1205 1481 1240 aquila,
1497 1207 1525 1233 et
1540 1208 1720 1233 contestatus
1735 1208 1780 1233 est
1805 1205 1870 1232 Hie-

1045 1249 1172 1277 rusalem
1188 1250 1224 1277 de
1249 1249 1455 1285 iniquitatibus
1479 1252 1507 1277 et
1531 1250 1656 1285 peccatis
1672 1250 1776 1285 ipsius,
1793 1254 1821 1277 et
1835 1250 1871 1276 de

1045 1293 1193 1329 parabole,
1210 1302 1298 1329 quam
1321 1294 1351 1321 in
1373 1302 1422 1321 ore
1438 1293 1594 1328 habebant,
1611 1302 1726 1329 nempe,
1739 1306 1752 1319 ιι
1771 1294 1870 1321 Patres

1045 1338 1234 1366 comederunt
1254 1346 1338 1365 uvam
1364 1338 1566 1371 immaturam,
1582 1341 1611 1365 et
1624 1338 1725 1365 dentes
1742 1338 1867 1365 ﬁliorum

1045 1382 1272 1418 obstupuerunt.
1285 1394 1299 1407 »
1317 1383 1350 1410 Et.
1378 1382 1447 1409 ﬁliis
1475 1383 1614 1416 Ammon,
1630 1385 1658 1409 et
1684 1382 1719 1409 de
1743 1382 1813 1409 Oola
1841 1385 1870 1408 et

1045 1426 1138 1458 Oliba,
1154 1429 1183 1454 et
1196 1426 1421 1454 lamentationes
1436 1426 1464 1453 in
1492 1426 1556 1460 Sur,
1574 1429 1603 1454 et
1625 1428 1727 1454 contra
1750 1427 1867 1458 Sidona,

1045 1473 1074 1498 et
1087 1471 1122 1497 de
1137 1471 1183 1498 die
1198 1470 1324 1504 Domini,
1342 1470 1483 1498 Pharaoni
1497 1470 1557 1506 regi
1573 1471 1697 1507 Egypti,
1713 1473 1742 1498 et
1756 1470 1865 1498 lamen-

1045 1514 1184 1542 tationem
1208 1515 1236 1542 in
1256 1515 1436 1542 Pharaonem
1452 1517 1481 1542 et
1496 1515 1662 1551 (Egyptum,
1679 1519 1706 1542 et
1729 1515 1757 1542 in
1783 1523 1865 1542 mon—

1044 1561 1103 1586 tem
1118 1559 1190 1592 Seir,
1206 1562 1235 1587 et
1252 1559 1287 1587 de
1302 1560 1420 1587 ossibus
1438 1567 1549 1593 eorum,
1568 1560 1616 1595 qui
1633 1560 1669 1587 ad
1684 1560 1772 1587 vitam
1789 1560 1866 1586 redi-

163 1603 208 1629 ιι.σί
224 1603 288 1640 περί
302 1604 356 1630 τῶν
373 1602 473 1630 ὀστίων
489 1604 542 1629 τῶν
559 1601 761 1637 ἀναζησάντων,
780 1600 825 1628 καὶ
851 1600 894 1627 ἐπὶ
918 1600 989 1637 Γὼγ,

1051 1604 1103 1631 turi
1123 1604 1193 1639 sint,
1209 1606 1238 1631 et
1254 1604 1282 1631 in
1298 1604 1369 1640 Gog.
1386 1612 1419 1631 ac
1440 1607 1548 1631 terram
1569 1604 1681 1640 Magog.
1700 1605 1770 1631 Item
1789 1604 1868 1640 prin-

166 1647 210 1673 καὶ
234 1648 284 1680 τὴν
310 1650 362 1684 γῆν
386 1649 435 1674 τοῦ
459 1646 572 1684 Μαγώγ.
588 1649 632 1682 Τῷ
645 1656 675 1673 τε
690 1644 802 1683 ἄρχοντι
817 1644 917 1680 Τύρου,
946 1643 991 1670 καὶ

167 1694 267 1726 θρῆνον
293 1691 352 1718 κατ’
367 1691 459 1726 αὐτοῦ,
475 1690 519 1717 καὶ
534 1693 592 1721 τοῖς
608 1691 677 1720 υἱοῖς
691 1692 740 1717 τοῦ
755 1688 823 1716 λαοῦ
837 1688 930 1722 αὐτοῦ,
948 1686 992 1715 καὶ

169 1734 210 1761 ἐπὶ
225 1735 291 1765 τοὺς
302 1735 436 1771 ποιμένας
452 1737 499 1762 τοῦ
517 1734 637 1772 Ἰσραήλ.
663 1733 714 1762 Καὶ
728 1733 759 1760 τὸ
774 1732 927 1761 τελευταῖον
943 1733 992 1767 τὴν

170 1778 322 1816 οίκοδομὴν
339 1782 388 1806 τοῦ
402 1781 481 1815 ναοῦ,
496 1779 542 1807 καὶ
555 1782 606 1814 τῆς
623 1776 804 1815 Ἰερουσαλὴμ.
826 1776 994 1815 διαγράφων,

169 1823 349 1863 προφητεύει.

428 1865 539 1895 Βιϐλίον
554 1868 608 1906 κβ“.
624 1866 737 1902 Δανιήλ.

203 1913 249 1941 41.
267 1912 319 1939 Καὶ
345 1910 424 1943 οὗτος
448 1912 474 1939 ἐν
493 1914 528 1949 τῇ
554 1911 733 1950 αἰχμαλωσίᾳ
756 1910 865 1948 γέγονεν
881 1909 933 1941 ἓως
948 1912 997 1937 τοῦ

171 1956 308 1994 βασιλέως
339 1956 427 1993 Κύρου
449 1957 563 1994 Πέρσου.
589 1955 637 1983 Καὶ
660 1955 694 1983 τὰ
721 1955 768 1991 μὶν
786 1955 854 1982 κατὰ
879 1955 998 1982 Σουσάν-

168 2011 211 2027 vn
237 2000 327 2038 κρίνει
353 2000 445 2036 αὐτὸς,
467 2000 513 2028 καὶ
534 2000 689 2038 κατακρίνει
712 1999 775 2030 τοὺς
790 1996 997 2037 πρεσϐυτέρους,

171 2045 206 2075 ὡς
230 2043 415 2083 συκοφάντας⁶
446 2045 480 2072 τὰ
509 2043 538 2072 δὶ
563 2047 613 2072 τοῦ
644 2043 778 2082 βασιλέως
794 2043 903 2071 ἐνύπνια
918 2043 998 2075 αὐτὸς

173 2088 343 2127 ἀπαγγέλλει
367 2099 397 2116 τε
419 2089 465 2116 καὶ
490 2088 642 2127 ἓρμηνεύει.
666 2087 765 2117 Βλέπει
790 2086 819 2115 δὲ
833 2088 877 2115 καὶ
895 2087 1000 2126 ὁράσεις

175 2133 281 2163 τελείας
304 2133 369 2169 περὶ
396 2132 443 2169 μὶν
462 2135 516 2160 τῶν
534 2132 678 2170 βασιλειῶν
695 2131 753 2167 δύο,
769 2133 831 2169 περὶ
847 2131 876 2160 δὲ
888 2135 938 2167 τῆς
952 2134 1000 2159 τοῦ

178 2180 311 2215 Σωτῆρος
335 2177 500 2214 παρουσίας,
526 2178 570 2204 καὶ
595 2177 788 2208 καταπαύσεως
824 2178 873 2211 τῆς
910 2177 1000 2214 Ιιρου-

176 2222 283 2258 σαλὴμ,
322 2221 368 2248 καὶ
401 2225 450 2256 τῆς
476 2223 526 2249 τοῦ
552 2220 726 2259 ἀντιχρίστου
754 2220 912 2258 παρουσίας,
943 2219 1000 2248 δύο.

176 2269 315 2321 Ain-{frias
347 2264 540 2321 6E\1tepi\~:ou
561 2265 715 2320 μαρτυρίου
745 2264 864 2319 Σεδρὰχ.
897 2265 1000 2316 Mne-ax,
1017 2288 1041 2321 Β

177 2311 214 2338 καὶ
239 2307 410 2348 Ἀϐδεναγὼ,
434 2310 480 2337 καὶ
506 2309 569 2348 περὶ
590 2311 639 2337 τοῦ
665 2309 752 2346 ὕμνου
776 2309 873 2337 αὐτῶν·
900 2310 944 2337 λιαὶ
959 2309 1002 2337 ὅτι

177 2355 247 2382 αὐτοὶ
287 2355 336 2391 μὲν
361 2353 540 2390 διεσώθησαν,
562 2354 590 2381 οἱ
615 2352 644 2381 δὲ
668 2353 843 2385 ὑποκαίοντες
869 2353 1002 2393 κατεφλέ-

179 2399 291 2435 χθησαν,
319 2398 364 2425 καὶ
390 2398 512 2435 μετέγνω
537 2398 551 2425 ό
577 2397 715 2435 βασιλεύς⁵
740 2398 785 2425 καὶ
809 2397 851 2425 ὅτι
866 2398 946 2429 αὐτὸς
962 2397 1003 2429 δὶς

180 2440 279 2477 κλήθη
298 2442 339 2473 εἷς
352 2441 399 2469 τὸν
415 2441 515 2470 λάκκον
539 2444 593 2469 τῶν
609 2442 738 2470 Λεόντων·
752 2442 785 2470 τὸ
812 2443 859 2480 μὲν
882 2445 1001 2481 πρῶτον,

180 2485 269 2521 licet”)
295 2488 351 2514 τῶν
372 2484 555 2515 Βαϐυλωνίων
578 2487 807 2525 προσευχομένων
839 2487 942 2524 Δαρείῳ
964 2489 1004 2524 τῷ

183 2530 285 2565 βασιλεῖ
316 2529 400 2567 pavo;
426 2530 506 2562 αὐτὸς
531 2530 589 2568 Θεῷ
617 2531 802 2570 προσηύχετο”
827 2532 858 2560 τὸ
874 2531 903 2559 δὶ
918 2531 1005 2560 δεύτε-

180 2583 234 2610 ρον,
260 2575 332 2603 διότι
357 2577 403 2603 τὸν
434 2576 495 2611 Βὴλ
524 2577 696 2615 κατέστρεψε,
721 2577 767 2604 καὶ
801 2577 847 2604 τὸν
874 2576 1006 2615 δράκοντα

182 2617 283 2647 ἀνεῖλεν
312 2620 357 2647 ἐπὶ
381 2620 472 2658 Κύρου
500 2623 549 2649 τοῦ
588 2620 737 2658 βασιλέως,
763 2621 809 2649 καὶ
845 2621 926 2653 αὐτὸς
957 2622 1004 2658 μὶν

180 2660 305 2699 διεσώθη.
321 2664 366 2691 καὶ
382 2664 435 2692 ἀπὸ
448 2667 503 2693 τῶν
521 2663 636 2694 λεόντων
661 2665 774 2701 ἀνῆλθεν
806 2666 836 2694 ἐκ
863 2668 911 2693 τοῦ
941 2664 1005 2693 λάκ-

1047 1647 1105 1683 oipi
1119 1648 1197 1684 Tyri,
1214 1650 1242 1675 et
1256 1648 1496 1675 lamentationem
1513 1650 1614 1675 contra
1628 1648 1726 1683 ipsum
1740 1657 1746 1675 :
1758 1651 1787 1675 et
1804 1649 1872 1674 liliis

1049 1692 1149 1728 populi
1163 1692 1226 1727 ejus
1243 1699 1249 1719 :
1269 1694 1298 1719 et
1318 1695 1420 1719 contra
1432 1694 1567 1727 pastores
1582 1691 1707 1719 lsraelis.
1725 1692 1873 1719 Postremo

1049 1736 1270 1764 aediﬁcationem
1302 1735 1406 1772 templi
1435 1738 1465 1763 et
1489 1736 1651 1764 Jerusalem
1676 1736 1817 1764 describit
1845 1745 1878 1763 ac

1049 1780 1216 1816 prophetat.

1318 1869 1402 1897 Liber
1414 1869 1491 1902 XXII,
1507 1870 1614 1897 Daniel.

1088 1913 1131 1941 41.
1148 1913 1182 1940 Et
1206 1913 1259 1940 iste
1275 1913 1304 1940 in
1320 1912 1498 1948 eapitivitete
1522 1913 1578 1940 fuit
1601 1921 1694 1948 usque
1718 1913 1754 1940 ad
1782 1921 1877 1949 regem

1053 1957 1159 1993 Cyrum
1176 1958 1302 1985 Persam.
1312 1957 1436 1984 Causam
1452 1957 1593 1984 Susannze
1607 1957 1670 1992 ipse
1681 1957 1835 1992 judicavit,
1851 1961 1878 1985 et

1053 2001 1184 2030 seniores
1193 2004 1332 2036 tanquam
1346 2001 1543 2037 sycophantas
1552 2001 1764 2029 condemnavit.
1773 2002 1880 2029 Deinde

1054 2047 1169 2074 somnia
1191 2045 1268 2081 regis
1284 2045 1420 2081 patefecit
1442 2048 1471 2073 et
1495 2045 1700 2081 interpretatus
1715 2049 1770 2074 est.
1788 2047 1880 2074 Visio-

1055 2099 1107 2118 nes
1123 2098 1239 2126 quoque
1264 2090 1407 2125 perfectas
1430 2090 1511 2124 vidit,
1529 2090 1564 2117 de
1588 2090 1685 2126 regnis
1701 2092 1786 2125 duas,
1802 2094 1831 2118 et
1846 2092 1881 2118 de

1056 2135 1180 2162 adventu
1196 2134 1355 2161 Salvatoris
1370 2136 1398 2161 et
1413 2134 1575 2161 cessatione
1591 2134 1766 2168 Jerusalem,
1780 2136 1883 2163 adven-

1056 2181 1148 2214 tuque
1162 2178 1333 2205 Antichristi
1355 2178 1440 2206 duas.
1456 2178 1560 2206 Narrat
1575 2179 1661 2206 etiam
1688 2179 1723 2207 de
1747 2181 1885 2215 martyrio

1056 2223 1195 2258 Sedrach,
1214 2222 1325 2250 Misach
1341 2225 1370 2250 et
1384 2223 1553 2258 Abdenago,
1565 2224 1656 2257 deque
1672 2224 1794 2251 illorum
1807 2224 1886 2260 hym-

1058 2276 1095 2295 no
1109 2275 1116 2294 z
1133 2269 1161 2294 et
1176 2267 1252 2302 quod
1269 2266 1325 2302 ipsi
1341 2267 1461 2302 quidem
1478 2268 1583 2295 servati
1599 2268 1641 2303 (in
1657 2267 1744 2304 igne),
1756 2269 1806 2304 qui
1823 2277 1886 2296 suo-

1057 2312 1218 2340 cenderant
1233 2319 1299 2338 vero
1316 2319 1333 2339 a
1352 2311 1472 2339 ﬂamma
1493 2312 1659 2348 consumpti
1677 2312 1746 2346 sint,
1764 2315 1792 2340 et
1806 2314 1883 2348 quod

1057 2364 1155 2392 regem
1170 2355 1240 2383 facti
1255 2355 1436 2391 paenituerit.
1452 2356 1495 2383 Ad
1511 2356 1583 2388 hare,
1600 2357 1747 2392 quomodo
1761 2358 1823 2393 ipse
1839 2357 1885 2385 bis

1057 2400 1096 2429 sit
1108 2401 1138 2428 in
1153 2400 1250 2428 laeum
1266 2399 1384 2427 leonum
1401 2399 1554 2434 abiectus:
1573 2401 1710 2436 primum,
1723 2402 1799 2437 quod
1816 2410 1882 2429 cum

1058 2444 1209 2481 Babylonii
1225 2452 1323 2480 regem
1338 2444 1458 2472 Darium
1475 2447 1602 2476 orarent,
1618 2444 1681 2481 ipse
1694 2445 1776 2473 solus
1791 2446 1882 2474 Deum

1058 2491 1180 2518 orasset.
1207 2488 1350 2522 Secundo,
1382 2489 1459 2524 quod
1492 2489 1547 2516 sub
1570 2488 1642 2524 Cyro
1670 2497 1736 2526 rege
1761 2489 1808 2518 Bel
1835 2490 1884 2517 de-

1058 2534 1227 2568 struxisset,
1243 2536 1271 2561 et
1285 2534 1440 2561 draconem
1461 2533 1659 2561 interemisset
1674 2542 1681 2561 :
1698 2536 1727 2561 et
1741 2535 1884 2569 quomodo

1057 2579 1121 2614 ipse
1146 2580 1279 2606 servatus
1295 2585 1311 2605 a
1327 2577 1472 2610 leonibus,
1486 2579 1515 2605 et
1529 2586 1544 2605 e
1560 2576 1623 2605 lacu
1650 2578 1824 2611 subductus,
1842 2579 1885 2606 in-

1059 2623 1213 2651 sidiatores
1233 2630 1300 2650 vero
1324 2622 1419 2658 ipsius
1439 2622 1468 2649 in
1484 2622 1619 2649 eumdem
1647 2623 1743 2650 lacum
1768 2623 1884 2650 leonum

1060 2667 1164 2703 dejecti
1180 2668 1334 2695 confestim
1351 2667 1388 2694 ab
1402 2667 1475 2702 ipsis
1490 2667 1618 2694 devorati
1635 2667 1703 2694 sint.

182 2715 243 2733 κου·
271 2709 298 2736 οἱ
328 2707 357 2736 δὶ
385 2707 626 2742 ἐπιϐουλεύσαντες
645 2710 719 2748 αὐτῷ
742 2709 896 2747 ἐϐλήθησαν
925 2711 964 2742 είς
993 2711 1038 2739 τὸν
1061 2711 1161 2739 λάκκον
1189 2713 1242 2738 τῶν
1271 2710 1399 2746 λεόντων,
1423 2710 1469 2738 καὶ
1499 2710 1576 2742 εὐθὺς
1604 2708 1811 2749 κατεϐρώθησαν
1840 2711 1887 2738 ὑπ’

182 2750 277 2782 αὐτῶν.

224 2815 420 2856 (19)]ιῇᾶοιύε
431 2818 491 2847 Pal.
506 2818 526 2847 l.
543 2827 582 2856 xv,
596 2819 682 2855 epist.
699 2818 831 2856 44,71egit
846 2818 968 2856 pluries,
984 2820 992 2844 ί

1051 2816 1151 2845 Βίασαν⁸
1169 2818 1293 2847 Hieroni.
1310 2827 1386 2854 xxxx,
1399 2819 1445 2855 29,
1462 2818 1572 2855 legitur
1585 2816 1763 2855 ᾑμωδίασαν;
1779 2817 1881 2846 Ezech.

180 2857 265 2886 nm,
276 2852 304 2886 2,
319 2851 497 2891 ἰγομφίοισαν,
513 2851 783 2884 eadem'sententia.
