2043 3111
178 201 181 208 ’
200 196 258 225 367

793 195 826 225 S.
849 194 1110 225 A'l‘HANASlUS.
1128 212 1166 217 —
1189 195 1320 227 DUBIA.

1847 197 1907 228 368

236 261 312 290 129
329 261 409 289 Finis
424 261 566 289 librorum
580 261 786 289 canonicorum
798 261 910 289 Veteris
925 261 1010 288 Testa

1117 259 1201 291 Τέλος
1228 262 1282 287 τῶν
1312 261 1528 296 κανονιζομὲνων
1561 258 1677 298 βιϐλίων
1703 264 1753 296 τῆς
1786 261 1907 293 Παλαιᾶς

201 306 301 339 menti,
315 314 436 333 numero
447 306 548 342 viginti
560 306 628 340 duo,
640 306 675 333 ad
689 314 845 334 numerum
859 305 1024 333 litterarum

201 350 385 377 Hebraaarum
402 350 571 386 computati.
583 350 716 378 Totidem
739 358 866 385 namque
882 349 959 385 apud
976 357 1025 376 eos

200 396 270 422 sunt
285 394 448 422 litterarum
464 394 618 427 elementa,
636 395 712 422 sicut
726 394 866 422 diximus.
883 392 1025 421 Similiter

200 439 236 466 de
265 438 330 466 aliis
346 438 457 466 Veteris
471 438 650 466 Testamenti
674 438 758 465 libris
786 438 944 465 dicendum
969 440 1022 470 est,

201 483 251 518 qui
267 482 296 510 in
313 490 423 510 canone
438 483 556 518 quidem
573 491 631 510 non
646 485 727 516 sunt,
742 483 793 510 sed
809 482 948 518 leguntur
963 484 1025 509 tan-

201 530 276 560 tum,
291 527 367 555 sicut
383 535 473 563 supra
486 527 597 554 dictum
613 529 668 554 est.

509 589 590 616 Liber
609 589 713 616 Esther.

233 634 278 661 42.
296 633 343 661 Sic
358 636 476 661 vocatur
491 633 538 660 hic
560 633 642 666 liber,
660 633 729 669 quia
745 632 898 660 historiam
921 632 1021 660 Esthe-

198 678 237 706 ris
254 678 468 713 complectitur,
485 678 631 713 quomodo
648 685 699 713 per
717 677 798 704 illam
815 676 892 704 Deus
908 676 1022 704 univer-

197 731 260 750 sam
276 722 447 750 Judaaorum
463 725 580 758 gentem
601 722 725 757 jamjam
749 721 908 757 perituram
925 729 1020 748 serva-

199 767 283 799 verit,
303 768 332 793 et
341 768 445 798 Aman,
467 766 515 801 qui
529 766 652 793 insidias
665 765 897 800 manichabatur,
907 773 1024 801 percus-

195 811 276 838 serit.
293 810 382 838 Gesta
406 813 476 838 sunt
501 813 598 838 autem
616 810 673 838 ista
688 810 716 837 in
734 810 827 842 Susis,
844 810 898 837 hoc
924 810 1019 836 modo.

197 857 368 882 Artaxerxes
379 863 438 886 rex.
450 855 603 890 repudiata
620 862 707 881 uxore
718 862 782 886 sua,
790 853 877 881 aliam
892 853 919 880 in
932 861 1021 889 regno

195 908 259 931 suo,
278 907 340 934 qua
356 899 489 926 omnium
515 903 593 926 esset
617 898 814 934 pulcherrima
827 901 855 925 et
871 898 1020 924 formosis-

1081 305 1218 339 Διαῢήκης
1247 305 1285 335 εἷς
1310 303 1395 332 rixam
1425 305 1470 332 καὶ
1498 304 1545 332 δύο
1570 306 1815 342 συμποσουμὲνων,
1840 307 1907 334 κατά

1079 348 1125 375 τὸν
1142 349 1255 386 ἀριθμὸν
1272 352 1325 376 τῶν
1342 349 1405 386 παρ’
1421 346 1557 386 Ἑϐραίοις
1580 349 1763 387 γραμμάτων.
1787 353 1908 378 Τοσαῦτα

1079 392 1128 430 γάρ
1145 392 1200 420 ἐστι
1215 394 1278 431 παρ’
1293 393 1385 424 αὐτοῖς
1400 393 1434 420 τὰ
1449 396 1583 431 στοιχεῖα,
1600 394 1638 424 ὡς
1649 394 1828 431 προείπομεν.
1844 395 1907 429 Ῥη-

1079 436 1137 464 τέον
1154 436 1183 464 δὲ
1198 438 1302 474 ὁμοίως
1316 438 1361 465 καί
1388 438 1446 475 περί
1461 440 1515 465 τῶν
1529 437 1627 476 ἐτέρων
1648 442 1700 472 τῆς
1727 438 1847 470 Παλαῖας
1863 439 1905 477 βί-

1079 479 1165 516 ϐλων,
1189 484 1242 509 τῶν
1268 482 1305 518 μὴ
1331 481 1546 517 κανονιζομένων
1570 482 1630 518 μὶν,
1645 482 1905 520 ἀναγινωσκομένων

1079 523 1108 552 ὂὶ
1125 525 1218 562 μόνον,
1234 526 1271 556 ὡς
1288 524 1506 563 προδεδήλωται.

1369 585 1482 615 meum
1498 588 1607 626 Ἐσθήρ.

1114 633 1157 659 42.
1175 631 1251 659 οὓτω
1277 631 1400 659 καλεῖται
1419 632 1450 659 τὸ
1468 629 1589 669 βιϐλίον,
1606 631 1699 666 ἐπειδή
1716 633 1761 660 καὶ
1775 634 1824 667 τήν
1842 633 1904 671 περὶ

1076 679 1126 710 τῆς
1151 676 1250 713 Ἐσθήρ
1275 676 1394 714 ἱστορίαν
1420 676 1554 714 περιέχει,
1569 678 1627 707 πῶς
1644 676 1658 703 ὀ
1674 677 1738 708 Θεὸς
1754 675 1788 704 δι’
1805 677 1902 712 αὐτῆς,

1079 719 1229 756 μέλλοντας
1244 720 1413 752 ἀπόλλυσθαι
1430 721 1555 758 παγγενεὶ
1580 720 1644 751 τοὺς
1671 719 1829 755 Ἰοκδαίους,
1857 721 1904 748 αὐ-

1075 764 1138 795 τοὺς
1164 764 1210 800 μὶν
1234 763 1355 799 διέσωσε,
1379 765 1423 792 τὸν
1450 763 1478 792 δὲ
1503 765 1600 801 Ἀμαν,
1615 765 1662 792 τὸν
1679 764 1831 800 θελήσαντα
1847 765 1903 793 ἔπι-

1076 806 1233 844 ϐουλεῦσαι,
1260 808 1396 845 ἐπάταξεν.
1427 810 1457 836 Ἡ
1486 808 1514 836 δὲ
1530 809 1636 847 ἱστορία
1650 809 1758 847 γέγονεν
1778 810 1804 837 ἐν
1837 810 1904 837 Σού-

1076 863 1145 886 σοις,
1162 853 1207 880 καὶ
1223 851 1292 880 ἔστιν
1309 853 1387 888 αὕτη.
1405 853 1581 891 ’Δρταξέρξης
1597 853 1611 881 ὀ
1628 853 1765 891 βασλεὺς,
1776 851 1900 882 ἐκϐαλὼν

1074 897 1123 930 τήν
1155 895 1223 923 ἰδίαν
1253 899 1375 934 γυναῖκα,
1401 896 1530 932 ἐζήτησεν
1561 897 1587 924 ἐν
1616 899 1650 934 τῇ
1666 897 1803 935 ’βασιλείᾳ
1817 898 1901 926 αὐτοῦ

196 943 282 976 sima,
299 952 388 979 quam
405 944 434 970 in
452 951 568 970 uxorem
590 942 744 978 acciperet,
757 942 898 977 quaesivit.
918 942 950 969 Et
976 941 1010 968 inv

1074 941 1123 975 τήν
1145 941 1251 968 πάντων
1275 940 1502 968 καλλιστεύουσαν
1528 941 1573 968 καὶ
1608 941 1772 979 ὡραιοτέραν
1806 940 1899 970 λαϐεῖν

195 990 279 1015 venta
295 990 340 1015 est
355 987 458 1014 Esther
478 987 596 1015 natione
609 986 720 1014 Judtsa.
738 986 780 1013 llli
803 988 945 1022 cognatus
959 988 1021 1013 erat

196 1031 312 1059 nomine
339 1031 549 1064 Mardochaeus,
564 1033 592 1058 et
617 1030 680 1067 ipse
704 1039 739 1058 ex
762 1030 939 1066 captivitate,
955 1038 1019 1065 quis

195 1076 250 1104 sub
271 1075 390 1104 Sedecia
413 1075 490 1103 facta
513 1076 617 1108 iuerat,
635 1075 663 1102 in
687 1075 788 1102 eadem
815 1075 942 1110 regione.
960 1074 1018 1101 Rex

193 1124 291 1147 autem
305 1128 372 1147 cum
384 1119 483 1155 magni
497 1120 603 1147 faceret
614 1118 774 1147 aulicorum
788 1126 908 1146 suorum
920 1126 1019 1154 quem-

193 1165 259 1192 dam
277 1165 395 1192 nomine
406 1165 647 1199 Aman,jusserat
657 1163 740 1191 illum
753 1164 788 1191 ab
799 1163 937 1191 omnibus
949 1163 1017 1189 ado-

193 1209 262 1236 rari.
278 1209 333 1236 Sed
350 1217 416 1236 cum
431 1207 641 1240 Mardocbasus.
652 1208 689 1235 ob
704 1207 750 1234 Dei
765 1207 945 1241 suicultum,
960 1215 1015 1233 non

193 1254 328 1281 adoraret
344 1252 437 1284 illum,
454 1260 515 1280 rem
540 1252 660 1287 indigne
685 1251 753 1279 tulit
778 1255 880 1284 Aman,
896 1254 924 1278 et
948 1259 1014 1278 cum

191 1297 375 1333 cognovisset
388 1297 464 1332 quod
476 1297 596 1324 Judaaus
609 1298 696 1328 esset,
708 1296 768 1331 regi
785 1295 932 1323 Artaxerxi
950 1303 1015 1330 per-

191 1342 287 1369 suasit
301 1344 334 1369 ut
356 1342 466 1376 scripto
485 1341 602 1376 juberet
618 1340 768 1367 universos
793 1339 822 1366 in
849 1347 937 1375 regno
960 1347 1015 1366 suo

190 1386 306 1413 Judeos
321 1394 377 1413 uno
392 1385 438 1413 die
465 1385 575 1413 mensis
590 1384 755 1412 duodecimi
772 1384 888 1419 penitus
903 1392 935 1411 ac
952 1384 1014 1410 fun-

190 1430 269 1457 ditus
285 1429 383 1457 deleri.
401 1430 438 1457 Re
454 1431 613 1464 comperta,
630 1428 829 1455 Mardochaaus
841 1427 915 1455 luxit
929 1432 957 1454 et
969 1429 1013 1463 je-

186 1475 313 1509 junavit,
325 1478 412 1510 atque
423 1475 489 1501 ante
500 1473 604 1501 Esther
615 1471 796 1508 provolutus,
807 1477 838 1499 ut
853 1472 918 1507 ipsa
927 1480 1011 1507 opem

190 1519 286 1551 ferret,
308 1521 444 1555 precatus
467 1520 520 1545 est.
538 1517 641 1545 Esther
662 1518 770 1553 itaque,
786 1516 947 1552 praemissis
967 1517 1011 1551 je-

183 1563 269 1597 junio
284 1565 313 1590 et
330 1562 547 1599 precationibus
569 1561 604 1589 ad
629 1561 733 1595 Deum,
750 1560 837 1596 regali
855 1569 886 1588 se
902 1561 1012 1589 mundo

187 1606 310 1638 ornavit,
326 1614 378 1633 nec
403 1608 502 1633 vocata
517 1607 589 1636 (erat
610 1607 707 1632 autem
727 1604 862 1632 illicitum
888 1613 944 1632 non
960 1614 1011 1633 vo-

187 1650 259 1678 catis
274 1650 354 1677 adire
379 1653 486 1686 regem)
499 1653 580 1677 extra
595 1650 736 1685 temporis
761 1649 1010 1684 opportunitatem

187 1694 223 1721 ad
239 1701 335 1730 regem
352 1693 486 1729 ingressa
496 1696 551 1726 est,
562 1701 684 1729 sperans
697 1693 891 1728 precationem
905 1701 1009 1729 oppor-

186 1737 320 1765 tunitatis
336 1737 399 1765 loco
415 1737 545 1765 futuram
562 1745 568 1765 :
586 1745 653 1765 cum
675 1736 862 1764 insolentiam
877 1736 944 1764 facti
959 1737 1008 1764 ad-

188 1781 312 1809 miratus
326 1784 403 1810 esset
417 1781 485 1814 Bex,
495 1780 546 1808 illa
557 1782 586 1809 in
601 1783 710 1808 terram
722 1789 779 1816 prce
792 1783 869 1808 metu
881 1780 1010 1817 collapsa

186 1828 240 1853 est.
256 1828 293 1854 At
307 1826 384 1862 regis
402 1825 582 1853 iracundiam
607 1826 682 1852 Deus
697 1825 726 1851 in
743 1832 861 1852 suavem
872 1825 1009 1852 affectum

186 1874 213 1897 et
230 1871 486 1908 mansuetudinem
513 1869 690 1902 immutavit,
708 1869 747 1896 ita
772 1871 804 1896 ut
818 1877 833 1896 e
847 1868 920 1896 solio
944 1878 1008 1897 sur-

187 1924 259 1951 gens
274 1916 430 1951 conjugem
448 1916 622 1950 prostratam
639 1913 772 1949 erigeret,
788 1915 816 1940 et
832 1916 942 1940 metum
959 1921 1008 1949 po-

188 1968 256 1987 ners
271 1960 446 1993 hortaretur,
459 1959 518 1987 imo
534 1959 681 1994 optionem
697 1958 778 1985 daret
794 1957 909 1993 petendi
924 1958 1008 1993 quid»

186 2004 257 2038 quid
271 2003 367 2032 vellet.
385 2003 447 2036 Illa,
464 2006 497 2031 ut
521 2012 570 2031 rex
594 2011 660 2030 cum
684 2003 775 2029 Aman
792 2002 828 2029 ad
843 2001 1006 2029 convivium

184 2056 271 2075 suum
288 2048 385 2075 venire
409 2048 589 2083 dignaretur,
606 2055 662 2074 non
689 2046 790 2078 semel,
804 2046 854 2073 sed
879 2047 1008 2074 secundo

184 2099 298 2127 quoque
309 2092 401 2127 petiit.
412 2092 505 2118 Aman
517 2100 574 2127 prie
585 2090 692 2126 gaudio
703 2091 813 2118 effusus
824 2098 857 2117 ac
867 2090 1007 2126 gestiens,

182 2136 260 2170 quod
280 2136 386 2171 dignus
412 2135 568 2162 haberetur
582 2144 599 2162 a
614 2135 714 2171 regina
739 2134 832 2162 vocari
847 2135 882 2162 sd
910 2135 1007 2162 convi-

180 2179 380 2213 vium,adhuc
401 2179 528 2214 amplius
554 2179 694 2206 adversus
719 2178 934 2206 Mardochasum
949 2180 1004 2207 eri-

180 2224 321 2258 gebatur:
336 2223 503 2257 curavitque
519 2222 631 2258 lignum
650 2222 776 2250 sublime
791 2222 894 2258 excidi,
906 2223 1005 2251 volens

180 2268 208 2294 in
226 2276 258 2295 eo
274 2270 416 2303 sequente
431 2267 477 2294 die
503 2267 681 2302 suspendere
705 2266 931 2294 Mardochieum.
945 2267 1005 2294 Rex

1074 985 1161 1021 ἑαυτῷ
1185 988 1308 1022 γυναῖκα.
1335 985 1384 1012 Καὶ
1410 985 1505 1022 εὑρέθη
1531 986 1548 1020 ἠ
1565 986 1674 1023 Ἐσθήρ,
1690 987 1722 1013 τὸ
1736 986 1812 1024 γένος
1826 987 1899 1014 Ἰου-

1074 1027 1136 1056 δαία
1159 1029 1342 1067 τυγχάνουφα.
1368 1030 1416 1056 Ἦν
1441 1028 1469 1056 ’ὀὶ
1496 1029 1541 1056 καὶ
1568 1028 1743 1067 Μαρδοχαῖος
1768 1032 1898 1068 συγγενὴς

1073 1073 1156 1108 αὐτῆς
1171 1074 1223 1100 ἀπὸ
1238 1077 1287 1107 τῆς
1302 1073 1495 1111 αἰχμαλωσίας
1511 1077 1562 1108 τῆς
1578 1074 1727 1111 γενομένης
1752 1075 1795 1101 ἐπὶ
1820 1074 1898 1103 Σεδε-

1072 1117 1131 1144 adeo
1147 1117 1172 1144 ἐν
1187 1117 1254 1154 αὐτῇ
1276 1118 1311 1152 τῇ
1326 1117 1415 1155 χώρᾳ.
1432 1118 1460 1143 ’0
1476 1117 1522 1144 οὖν
1539 1117 1677 1155 βασιλεὺς,
1696 1119 1765 1156 μέγα
1780 1120 1897 1154 ποιήσας

1071 1172 1130 1188 τινα
1158 1163 1211 1188 τῶν
1243 1161 1353 1196 ἑαυτοῦ,
1385 1161 1530 1198 λεγόμενον
1548 1162 1644 1198 ⁷Δμὰν,
1661 1162 1783 1190 ἐκέλευσε
1798 1163 1898 1194 πάντας

1071 1205 1149 1232 αὑτὸν
1172 1208 1340 1243 προσκυνιῖν.
1377 1204 1463 1233 Ἀλλὰ
1485 1204 1533 1233 τοῦ
1563 1204 1740 1244 Μαρδοχαίου
1775 1205 1820 1234 διὰ
1845 1208 1895 1242 τὴν

1070 1250 1138 1286 πρὸς
1153 1249 1197 1276 τὸν
1215 1250 1278 1277 Θεὸν
1293 1248 1419 1287 λατρείαν
1437 1250 1475 1286 μὴ
1493 1252 1711 1288 προσκυνοῦντος
1726 1251 1816 1288 αὐτον,
1841 1251 1897 1290 ὠρ-

1069 1293 1147 1330 γίσθη
1173 1294 1187 1321 ὁ
1213 1294 1307 1330 Ἀμᾶψ
1336 1294 1381 1321 καὶ
1407 1294 1512 1330 μαθὼν,
1538 1294 1579 1322 δτι
1603 1293 1734 1326 Ἰουδαῖός
1751 1295 1817 1330 ἐστι,
1836 1296 1896 1323 πεί-

1069 1343 1108 1369 θει
1132 1338 1178 1365 τὸν
1205 1337 1317 1375 βασιλέα
1341 1338 1527 1376 Ἀρταξέρξην,
1551 1339 1596 1366 καὶ
1611 1339 1720 1378 γράφει,
1744 1338 1813 1367 ὣστε
1828 1341 1894 1367 πάν-

1067 1392 1113 1412 τας
1127 1382 1189 1413 τοὺς
1206 1382 1231 1409 ἐν
1245 1384 1279 1419 τῇ
1298 1382 1420 1420 βασιλείᾳ
1444 1383 1526 1410 αὐτοῦ
1554 1382 1701 1414 Ἰουδαίους
1730 1382 1892 1421 ὀλοῤῥίζους

1068 1426 1215 1458 ἀπολέσθαι
1240 1426 1266 1453 έν
1296 1426 1344 1462 μίᾷ
1367 1426 1457 1464 ἡμέρᾳ
1480 1429 1520 1463 τῷ
1545 1427 1581 1465 ιβ’
1610 1427 1686 1463 μηνί.
1703 1430 1788 1455 Τοῦτο
1800 1428 1892 1456 τοίνυν

1070 1470 1161 1506 μαθὼν
1186 1471 1200 1498 ὁ
1224 1469 1410 1508 Μαρδοχαῖος,
1437 1470 1550 1507 ἔπένθει,
1579 1471 1623 1498 καὶ
1653 1472 1787 1507 νηστεύων
1811 1483 1895 1510 προσ-

1067 1515 1145 1542 έπεσε
1169 1517 1202 1551 τῇ
1230 1515 1341 1552 Ἐσθὴρ,
1366 1515 1447 1551 ἀξιῶν
1473 1516 1535 1552 παρ’
1564 1516 1648 1550 αὐτῆς
1675 1517 1801 1553 βοήθειαν
1816 1518 1891 1554 γενέ-

1066 1560 1136 1586 σθαι.
1165 1561 1193 1587 Ἠ
1223 1559 1311 1586 τοίνυν
1338 1560 1447 1597 Ἐσθὴρ,
1472 1558 1649 1595 νήπεῦσασα,
1684 1561 1729 1587 καὶ
1759 1561 1892 1598 εὐξαμένη

1066 1605 1106 1639 τῷ
1122 1606 1179 1639 Θεῷ
1205 1603 1353 1640 ἐκόσμησεν
1384 1604 1481 1638 ἑαυτήν
1504 1607 1543 1641 τῷ
1566 1604 1701 1642 βασιλικῷ
1724 1605 1831 1642 κόσμῳ,
1846 1606 1893 1633 καὶ

1069 1648 1107 1684 μή
1137 1647 1270 1682 κληθεῖσα
1298 1648 1360 1682 (οὐκ
1385 1650 1418 1682 ἦν
1443 1649 1495 1686 γὰρ
1520 1648 1577 1684 ἰξὸν
1609 1648 1738 1677 εἰσελθεῖν
1767 1649 1892 1686 ἄκλητί),

1065 1692 1141 1728 ’ὅμως
1171 1691 1281 1727 εἷσῆλθε
1309 1693 1381 1729 παρὰ
1408 1693 1454 1720 τὸν
1482 1694 1575 1731 καιρὸν
1602 1694 1670 1731 πρὸς
1695 1694 1740 1721 τὸν
1767 1693 1891 1732 βασιλέα,

1065 1735 1125 1763 ἀντὶ
1145 1738 1194 1763 τοῦ
1216 1738 1312 1773 καιροῦ
1337 1735 1472 1774 θαῤῥοῦσα
1495 1738 1529 1773 τῇ
1554 1736 1634 1775 εόχῇ·
1660 1737 1717 1765 εἶτα
1739 1740 1787 1765 τοῦ
1818 1739 1893 1773 βασι-

1065 1778 1134 1811 λέως
1167 1781 1352 1816 θαυμάζοντος
1373 1781 1404 1808 τὸ
1425 1781 1498 1816 ξένον
1530 1780 1620 1809 ἔπεσεν
1647 1781 1735 1816 ἐκείνη
1760 1782 1813 1809 ἀπὸ
1841 1784 1892 1809 τοῦ

1064 1821 1160 1863 φόϐου.
1176 1827 1202 1850 Ὁ
1231 1823 1261 1851 δὶ
1284 1825 1348 1855 Θεὸς
1374 1823 1506 1861 μετέϐαλε
1523 1825 1569 1853 τὸν
1586 1826 1672 1862 θυμὸν
1687 1828 1735 1853 τοῦ
1754 1825 1890 1864 βασιλέως

1064 1867 1102 1899 εἷς
1129 1867 1245 1896 διάθεσιν
1274 1869 1318 1896 καὶ
1347 1869 1498 1906 πρᾳότητα,
1535 1869 1579 1897 καὶ
1619 1869 1732 1901 ἀναστὰς
1759 1868 1891 1898 ἐϐάστασε

1062 1913 1111 1946 τὴν
1139 1915 1263 1950 γυναῖκα,
1291 1913 1335 1940 καὶ
1360 1913 1506 1950 παρεκάλει
1541 1913 1624 1948 αὐτὴν
1660 1915 1697 1951 μὴ
1733 1912 1887 1952 φοϐεῖσθαι’

1063 1956 1135 1984 ἀλλά
1156 1957 1200 1984 καὶ
1225 1957 1337 1992 ἠξίωσεν
1364 1957 1446 1992 αὐτὴν
1471 1958 1641 1994 αἰτήσασθαι,
1665 1957 1726 1986 εἴτι
1745 1958 1888 1996 βούλοιτο,

1062 2001 1092 2029 Ἡ
1117 1999 1146 2028 δὲ
1171 2001 1213 2028 ἐπὶ
1240 2000 1345 2028 δεῖπνον
1373 2001 1488 2037 ἠξίωσεν
1503 2001 1591 2034 ἐλθεῖν
1607 2002 1686 2030 αὐτόν
1702 2013 1731 2030 τε
1745 2002 1790 2030 τὸν
1809 2003 1888 2040 βασμ

1062 2044 1111 2073 λέα
1133 2045 1178 2072 καὶ
1201 2045 1247 2073 τὸν
1274 2046 1372 2083 Ἀμὰν,
1398 2046 1451 2084 οὐχ
1473 2047 1552 2082 ἅπαξ,
1577 2046 1649 2074 ἀλλᾶ
1673 2048 1717 2074 καὶ
1747 2045 1888 2084 δεύτερον.

1059 2085 1087 2117 ι0
1105 2090 1152 2126 μὶν
1169 2088 1215 2117 οὗν
1231 2090 1326 2127 Ἀμὰν,
1345 2089 1496 2128 διαχυθεὶς,
1512 2090 1556 2118 καί
1571 2091 1715 2128 γανωθεὶς,
1740 2091 1777 2122 ὡς
1804 2091 1888 2129 ἀξιω-

1062 2133 1116 2165 θεὶς
1133 2134 1184 2161 ὑπὸ
1207 2137 1257 2169 τῆς
1286 2134 1448 2172 βασιλίσσης
1470 2134 1605 2169 κληθῆναι
1626 2133 1665 2162 ἔτι
1697 2135 1803 2171 μᾶλλον
1822 2136 1890 2170 ὲπὴ-

1061 2188 1123 2216 ριτο
1151 2178 1218 2206 κατὰ
1240 2181 1288 2206 τοῦ
1315 2177 1503 2216 Μαρδοχαίου,
1540 2178 1584 2206 καὶ
1619 2180 1735 2214 ποιήσας
1766 2183 1888 2214 κοπῆναι

1060 2221 1139 2257 ξύλον
1168 2222 1247 2260 μέγα,
1276 2220 1404 2250 ἐϐούλετο
1433 2223 1478 2250 τὸν
1505 2221 1683 2260 Μαρδοχαῖον
1701 2222 1738 2253 είς
1755 2223 1820 2250 αὐτὸ
1849 2226 1886 2260 τῇ

1060 2266 1119 2301 ἑξῆς
1135 2265 1218 2303 ἔμὲρᾳ
1232 2266 1373 2303 κρεμάσαι·
1391 2267 1405 2294 ὁ
1422 2266 1451 2294 δὲ
1472 2266 1611 2304 βασιλεὺς,
1635 2267 1702 2294 κιοτά
1726 2268 1787 2294 τίνα
1814 2267 1887 2301 πρό-

178 2320 253 2346 vero,
267 2313 344 2340 bona
355 2312 481 2347 quadam
496 2310 684 2346 providentia,
697 2313 811 2338 noctem
824 2310 906 2338 illam
919 2312 1001 2339 duxit

1070 2320 1126 2336 οιαν
1165 2310 1269 2347 ἀγαθὴν
1306 2310 1478 2348 ἀγρυπνήσας
1507 2310 1611 2345 ἐκείνην
1637 2311 1686 2345 τήν
1711 2310 1803 2345 νύκτι,
1833 2312 1880 2339 καὶ

178 2356 354 2390 insomnem,
374 2358 404 2383 et
427 2364 494 2383 cum
519 2354 648 2383 dormire
674 2354 818 2390 nequiret,
831 2355 922 2389 jussit
945 2355 1000 2382 sibi

175 2400 400 2428 commentarios
416 2402 548 2427 actorum
564 2406 686 2426 suorum
699 2398 766 2434 legi.
779 2398 911 2434 Cumque
926 2398 1001 2434 lege-

175 2449 286 2480 rentur,
298 2447 414 2473 ventum
431 2446 476 2471 est
486 2443 522 2471 ad
536 2451 602 2471 eum
619 2442 727 2476 locum.
740 2442 769 2469 in
785 2450 842 2478 quo
857 2443 998 2478 scriptum

173 2492 234 2516 erat
249 2489 426 2517 beneﬁcium
442 2488 502 2524 regi
518 2496 535 2516 a
551 2487 733 2515 Mardochao
753 2486 903 2514 collatum.
922 2490 998 2515 Uuos

172 2533 248 2561 enim
264 2533 417 2561 eunuchos
443 2533 502 2568 regi
531 2531 714 2565 insidiantes,
732 2531 791 2567 regi
818 2531 996 2566 prodiderat,

172 2581 199 2604 et
214 2578 387 2605 oonvicerat.
401 2576 452 2604 Hic
468 2584 517 2604 rex
528 2577 564 2604 ob
581 2575 752 2604 Mardoehsai
770 2575 897 2603 ofﬁcium
914 2579 996 2612 grato

171 2623 290 2650 aliectus
305 2621 567 2656 animo,quierebat
579 2628 705 2656 quonam
722 2619 804 2647 illum
820 2620 928 2648 honore
943 2629 994 2657 pro

170 2666 223 2692 hoc
240 2666 379 2694 beneflcio
395 2665 528 2692 donaret.
540 2665 612 2692 Cum
636 2667 732 2691 autem
750 2672 835 2692 mane
850 2665 886 2692 ad
902 2673 932 2692 se
949 2665 993 2692 in-

167 2711 337 2745 grederetur
361 2711 465 2742 Aman,
483 2709 586 2744 querit
610 2709 646 2736 sb
670 2707 720 2736 illo
741 2716 799 2740 rex,
812 2716 938 2744 quonam
964 2712 993 2737 et

166 2755 245 2790 quali
268 2755 377 2782 honors
401 2753 509 2789 dignus
533 2753 573 2780 sit
598 2752 634 2785 is,
652 2752 701 2787 qui
728 2760 825 2788 regem
850 2752 990 2781 beneﬁcio

165 2800 320 2827 affecisset.
332 2799 373 2826 Ad
392 2799 446 2825 hoc
461 2798 565 2832 Aman,
579 2805 645 2825 cum
661 2804 692 2824 se
713 2796 907 2824 arbitraretur
921 2805 989 2826 eum

1056 2354 1093 2390 μή
1133 2352 1280 2390 δυνάμενος
1318 2355 1451 2387 ὑπνῶσαί,
1486 2354 1622 2382 ἐκέλευσεν
1652 2355 1884 2392 ἀναγινώσκεσθαι

1053 2397 1126 2433 αὖτῷ
1139 2400 1192 2425 τῶν
1217 2398 1339 2436 πράξεων
1367 2399 1447 2426 αὐτοῦ
1470 2399 1504 2426 τὰ
1527 2399 1721 2436 ὑπομνήματα.
1749 2399 1797 2426 Καὶ
1820 2399 1884 2427 ἀνα-

1052 2442 1261 2479 γινωσκομένων
1287 2442 1387 2477 αὐτῶν,
1410 2442 1470 2480 εὗρε
1497 2445 1591 2481 πρᾶξιν
1616 2443 1716 2482 ἀγαθὴν
1735 2443 1772 2474 είς
1795 2444 1877 2472 αὐτὸν

1051 2484 1198 2523 γενομένην
1228 2486 1279 2514 ὑπὸ
1300 2489 1348 2514 τοῦ
1375 2486 1562 2526 Μαρδοχαίου.
1580 2487 1632 2515 Δύο
1648 2488 1699 2525 γὰρ
1716 2487 1880 2527 εὐνούχους,

1053 2529 1203 2567 μέλλοντας
1235 2528 1422 2559 ἐπιϐουλεύειν
1457 2531 1496 2568 τῷ
1522 2531 1639 2570 βασιλεῖ,
1673 2532 1877 2570 προσήγγειλεν

1049 2573 1123 2610 αὐτῷ
1149 2576 1188 2610 τῷ
1219 2574 1335 2611 βασιλεῖ,
1359 2574 1404 2602 καέ
1428 2575 1550 2614 ἤλεγξεν.
1576 2576 1606 2604 Ὁ
1627 2575 1718 2602 τοίνυν
1735 2576 1878 2613 βασιλεὺς,

1047 2617 1246 2655 ἀποδεξάμενος
1260 2619 1309 2653 τήν
1325 2619 1482 2658 προαίρεσιν
1498 2623 1546 2648 τοῦ
1570 2618 1758 2658 Μαρδοχαίου,
1783 2620 1874 2655 ἐζήτει

1046 2664 1130 2699 τιμὴν
1159 2661 1231 2698 ἀξίαν
1262 2667 1410 2701 παρασχεῖν
1439 2666 1479 2701 τῷ
1503 2664 1632 2700 τοιούτῳ.
1659 2664 1702 2694 Ὧς
1716 2662 1745 2691 δὲ
1760 2664 1873 2699 εἰσῆλθε

1045 2710 1151 2744 πρωῖας
1180 2708 1248 2744 πρὸς
1274 2707 1353 2735 αὐτόν
1381 2709 1394 2736 ὸ
1421 2709 1507 2745 Ἀμᾶν
1534 2708 1694 2740 ἐπυνθάνετο
1710 2708 1724 2735 ὁ
1742 2708 1869 2745 βασιλεὺς

1045 2751 1138 2784 αὐτοῦ,
1154 2750 1249 2781 ὁποίας
1261 2751 1306 2778 καὶ
1321 2751 1443 2787 πηλίκης
1459 2756 1543 2789 τιμῆς
1569 2751 1642 2787 ἄξιός
1667 2751 1749 2787 ἐστιν,
1780 2752 1795 2779 ὁ
1827 2753 1879 2790 βα-

1044 2795 1122 2824 σιλέα
1136 2794 1321 2833 εὐεργετήσας.
1347 2796 1377 2824 Ὁ
1407 2796 1435 2824 δὲ
1458 2797 1555 2833 Ἀμὰν,
1579 2796 1702 2833 νομίζων
1731 2797 1793 2834 περὶ
1825 2798 1872 2825 αὖ-

164 2852 227 2872 esse
244 2845 279 2872 de
294 2851 352 2879 quo
377 2850 425 2870 rex
438 2842 596 2877 querebat,
611 2841 733 2876 dignum
758 2849 823 2869 esse
847 2841 921 2870 dixit
935 2842 987 2877 qui

1066 2842 1090 2868 ὤ
1105 2839 1281 2868 πυνθάνεσθαι
1294 2839 1340 2867 τὸν
1367 2840 1490 2878 βασιλέα,
1515 2841 1600 2877 εἶπεν,
1628 2839 1700 2876 ἄξιον
1726 2839 1792 2868 εἶναι
1823 2842 1871 2870 τὸν
