2043 3111
41 0 419 60 με’-μη»-τ-τί
475 0 490 13 ε
535 0 538 4 '

170 166 232 197 369

721 164 915 194 SYNOPSIS
937 164 1169 196 SCRIPTURJE
1191 165 1340 196 SACRE.

1821 168 1882 198 370

168 232 294 258 τοιοῦτον
309 229 433 267 δεύτερον
460 228 574 267 βασιλέα
598 228 750 260 καλεῖσθαι.
766 229 796 257 Ὁ
823 228 869 264 μὲν
887 228 931 256 οὖν
950 229 980 266 βα

1037 230 1130 264 ,δΙῐοι-
1145 239 1193 258 rex
1203 233 1367 258 vocaretur.
1397 231 1457 259 Rex
1480 231 1570 267 igitur
1592 232 1804 260 Mardocheum
1831 233 1881 262 illo

171 274 263 305 σιλεῖις
287 274 391 302 κελεύει
415 274 461 301 τὸν
488 272 666 311 Μαρδοχαῖον
686 276 737 307 τῆς
760 272 890 307 τοιαύτης
914 276 997 309 τιμῆς

171 320 327 354 ἀξιωθῆναι,
352 319 397 345 καὶ
419 319 466 346 τὸν
492 318 578 354 Ἀμὰν
605 316 756 355 ἔμπροσθεν
780 316 862 344 αὐτοῦ
884 328 996 355 περιπα-

169 367 237 392 τεῖν.
253 364 283 391 ἹΙ
310 362 339 390 ’δὶ
362 363 473 400 Ἐσθήρ,
498 362 630 401 πρόφασιν
661 362 785 400 εὑροῦσα,
811 361 910 396 ἠξίωσε
934 362 995 399 περί

169 411 222 435 τῶν
240 406 389 436 Ἰουδαίων.
407 407 473 435 Εἶτα
487 409 537 433 τοῦ
555 405 688 444 βασιλέως
705 405 874 441 λυπηθέντος
899 405 942 433 ἐπὶ
956 408 996 442 τῷ

169 452 322 489 παρανόμῳ
346 451 535 489 προστάγματι
558 453 598 486 τῷ
620 451 689 478 κατὰ
703 452 756 478 τῶν
783 449 933 485 Ἰουδαίων,
950 450 995 477 καί

170 496 343 533 ὀργισθέντος
358 496 427 523 κατὰ
444 494 493 523 τοῦ
517 495 614 531 ’Δμὰν,
640 495 718 526 αὐτὸς
736 495 750 521 ὁ
776 494 859 531 ’Ᾱμιὶν
878 494 993 532 παρεκά-

168 540 209 568 λει
236 542 286 575 τὴν
312 541 424 578 Ὲσθήρ,
449 540 566 571 ἀπόντος
593 542 641 567 τοῦ
668 538 814 576 βασιλέως,
838 539 992 566 ἐπικόπτων

168 586 213 613 καὶ
230 587 386 623 προσκυνῶν
408 585 442 612 τὰ
463 584 564 622 γόνατα
578 584 671 618 αὐτῆς.
689 584 719 612 Ὀ
734 582 763 611 δὲ
784 583 921 621 βασιλεὺς,
939 583 991 610 εἷσ-

165 628 263 665 alea»,
279 629 324 656 καὶ
352 629 480 667 ἑωρακὼς
494 628 540 655 τὸν
564 629 650 664 Ἀμὰν
676 625 827 664 ἁπτόμενον
844 629 897 655 τῶν
912 627 990 665 γονά-

163 684 217 701 των
232 677 284 708 τῆς
306 672 480 711 βασιλίσσης,
496 673 648 707 ὑπονοήσας
671 671 792 710 αἶ’σχρῶς
816 671 894 699 αὐτὸν
910 674 990 699 τοῦτο

162 721 264 753 ποιεῖν,
294 717 416 745 ἐκέλε.›σε
439 718 485 745 τὸν
517 718 564 753 μὲν
590 716 675 753 Ἀμὰν
700 716 738 747 εἰς
761 717 792 743 τὸ
816 715 907 751 ξύλον,
924 715 989 753 ὅπερ

162 763 195 797 ἦν
227 763 374 798 ἑτοιμάσας
398 764 437 798 τῷ
465 760 643 799 Μαρδοχαίῳ,
671 761 865 798 κρεμασθῆναι·
894 760 988 798 γράφει

162 806 190 834 ’ὄὶ
204 805 294 834 ἄνεσιν
320 806 367 842 μὲν
390 804 464 847 ἔχειν
489 805 588 837 πάντας
609 806 673 836 τοὺς
699 803 855 840 Ἰουδαίους,
881 804 946 835 τοὺς
962 803 990 831 δὲ

160 850 280 889 ἐχθροὺς
305 850 402 885 αὐτῶν,
418 851 590 888 ἀναιρεθῆναι
614 851 677 885 παρ’
701 849 799 877 αὐτῶν.
815 849 864 876 Καὶ
889 849 915 876 οἱ
940 849 987 885 μὲν

162 894 346 933 ἀναιρεθέντες
376 895 449 932 παρὰ
475 896 530 921 τῶν
558 892 694 922 Ἰουδαίων
724 893 774 921 εῒσὶ
806 893 899 931 μύριοι
928 904 1027 942 τῖεν-Β

158 938 343 977 ταχισχίλιοι·
360 939 456 976 γέγονε
480 937 508 966 δὲ
533 939 612 977 ἑορτή
630 937 674 965 δια
685 940 766 966 τοῦτο
781 937 884 973 αὐτοῖς,
900 940 934 974 τῇ
954 936 987 965 ιδ’

156 985 201 1011 καὶ
235 988 263 1011 ιε’
294 983 320 1011 ἐν
350 986 389 1019 τῷ
419 983 483 1020 μηνὶ
512 986 552 1019 τῷ
581 983 626 1021 ιβ’,
650 983 723 1013 ὅστις
747 982 870 1010 καλεῖται
892 981 985 1018 ”Αδερ.

157 1029 340 1065 Ὀνομέζεται
357 1027 386 1055 ὂὶ
410 1029 428 1063 ἡ
444 1028 535 1066 ἡμέρα
560 1028 626 1062 αὕτη
650 1029 684 1064 τῇ
710 1026 764 1062 ῐδίᾳ
788 1025 922 1063 διαλέκτῳ
942 1026 986 1054 αὖ-

156 1076 212 1100 τῶν
242 1072 362 1109 Φρουρέ.
391 1072 441 1099 Διὰ
467 1074 548 1099 τοῦτο
576 1072 645 1099 κατά
672 1072 721 1105 τὴν
750 1070 854 1108 ἡμέραν
883 1070 984 1106 ταύτην

156 1117 280 1144 καίουσιν
306 1117 333 1144 οἱ
356 1115 483 1144 ’ἰουδαῖοι
498 1116 543 1143 τὸν
561 1116 659 1152 Ἀμὰν,
674 1115 720 1143 καὶ
736 1114 902 1152 ἑορτάζουσι,
920 1126 985 1151 μνη-

155 1162 276 1198 μόσυνον
293 1160 374 1189 οὖσαν
390 1160 527 1198 σωτηρίας
540 1160 639 1188 αὐτῶν.

453 1202 563 1233 Βιϐλίον
580 1203 689 1236 Ἰουδίο.

190 1251 236 1278 43.
255 1249 366 1286 ,λέγεται
390 1250 421 1277 τὸ
449 1246 555 1286 βιϐλίον
573 1248 671 1283 οὕτως,
688 1247 780 1283 ἐπειδὴ
797 1249 841 1275 καὶ
856 1248 906 1283 τὴν
921 1248 982 1285 περὶ

150 1298 203 1329 τῆς
232 1293 332 1322 ’[ουόἶθ
358 1293 478 1331 ἱστορίαν
501 1294 634 1331 περιέχεν
650 1295 709 1324 πῶς
724 1294 738 1320 ὁ
762 1293 826 1323 Θεὸς
841 1292 980 1329 πολεμου-

153 1339 253 1375 μένους
271 1338 316 1365 καὶ
332 1337 584 1375 πολιορκουμένους
601 1338 652 1365 ὑπὸ
667 1339 714 1364 τοῦ
730 1337 896 1376 Ὁλοφὲρνου
917 1337 980 1367 τοὺς

151 1384 229 1414 υἱοὺς
247 1381 359 1419 Ἰσραὴλ
376 1380 410 1409 δι’
426 1381 531 1418 ἐκείνης
556 1381 638 1409 ἔσωσε
655 1382 701 1418 μὲν
727 1381 791 1412 τοὺς
816 1381 910 1414 λαοὺςἸ
934 1382 980 1409 τὸν

153 1426 183 1455 δὲ
198 1426 368 1465 Ὁλοφὲρνην
383 1425 519 1461 ἐπάταξεν.
536 1427 568 1453 Ἢ
593 1425 622 1453 δὲ
647 1425 751 1463 ἱστορία
775 1425 854 1460 αὕτη.
871 1423 979 1453 Ναϐου-

151 1469 308 1510 χοδονόσορ
325 1472 339 1498 ὁ
356 1470 484 1508 βασιλεὺς
505 1473 558 1498 τῶν
583 1470 744 1507 Ἀσσυρίων,
769 1470 891 1507 πόλεμον
905 1469 978 1508 ἔχων

151 1517 219 1554 πρὸς
245 1514 383 1554 Ἀρφαξὰδ
413 1514 525 1553 βασιλέα
554 1513 676 1550 Μήδων,
705 1512 791 1552 ᾔτησε
819 1514 977 1552 συμμαχίαν

150 1561 224 1598 παρά
238 1562 293 1587 τῶν
310 1559 394 1587 ἐθνῶν
418 1560 524 1587 πάντων
548 1558 600 1590 ἕως
625 1559 772 1597 Αἰγύπτου.
789 1560 832 1593 Μή
858 1557 978 1587 δεδωκό-

149 1616 203 1631 των
223 1603 253 1632 Si
268 1604 353 1639 αὐτῷ,
377 1603 450 1631 ἀλλά
478 1603 678 1641 ἀπειρηκότων
707 1602 827 1637 πάντων,
854 1604 920 1640 μετὰ
947 1604 979 1631 τὸ

151 1653 262 1684 νικῆσαι
285 1649 332 1676 καὶ
353 1649 539 1686 περιγενέσθαι
563 1650 612 1675 τοῦ
637 1647 791 1687 Ἀρφαξὰδ,
816 1646 889 1675 ἔθετο
912 1649 980 1675 κατὰ

149 1697 202 1721 τῶν
223 1696 264 1730 μή
283 1692 442 1721 δεδωκότων
465 1692 599 1728 πόλεμον,
613 1692 657 1720 καὶ
681 1691 823 1720 ἀπέστειλε
837 1693 883 1719 τὸν
901 1692 978 1719 Ὀλο‹

150 1739 251 1777 σὲρνην
281 1738 349 1774 μετὰ
374 1735 513 1773 δυνάμεως
536 1736 646 1771 πολλῆς
668 1737 726 1764 κατ’
744 1736 840 1765 αὐτῶν.
864 1737 906 1764 Τὰ
930 1736 977 1772 μὶν

149 1782 194 1810 οὖν
224 1781 300 1810 ἑιλλσ.
327 1782 413 1809 πάντα
442 1780 504 1816 ἔθνη
534 1778 626 1817 ἔλαϐε,
642 1781 686 1808 καὶ
714 1781 747 1808 τὰ
770 1779 871 1808 εἴδωλα
890 1780 976 1807 αὐτῶι

146 1827 315 1864 συνέτριψεν
343 1825 369 1852 οἱ
394 1824 423 1852 δὲ
445 1825 500 1852 υἱοὶ
527 1824 636 1862 Ἰσραὴλ
657 1824 840 1860 ἠσφαλίσαντο
856 1824 976 1858 ὶαυτοὺς,

147 1871 191 1898 καὶ
217 1870 275 1908 οὐχ
302 1870 457 1904 ὑπήκουσαν
487 1872 525 1905 τῷ
546 1868 706 1908 Ὀλοφέρνη,
723 1867 784 1896 οὔτε
807 1866 977 1907 ἐφοϐήθησαν

146 1915 228 1943 αὐτοῦ
243 1915 295 1948 τήν
313 1913 440 1949 ἀπειλήν.
456 1914 487 1942 Ὁ
511 1913 600 1941 τοίνυν
627 1913 714 1950 ἱερεὺς
735 1913 862 1950 Ἰωακεὶμ.
876 1912 976 1951 ἔγραψε

143 1962 201 1990 τοῖς
217 1959 246 1986 ἒν
263 1958 402 1994 Βετυλούᾳ
416 1957 511 1997 φράξαι
526 1958 582 1992 τὴν
598 1957 660 1985 ὁδὸν
675 1957 854 1996 ’ολοφέρνου,
881 1957 973 1992 ἐπειδὴ

145 2003 245 2031 ἐκεῖθεν
274 2003 310 2037 ἦν
340 2002 422 2030 αὐτοῦ
450 2003 467 2037 ἡ
498 2001 570 2033 ὁδός.
600 2002 649 2029 Καὶ
677 2000 797 2040 ἔφραξεν.
823 2002 901 2029 Καὶὸ
927 2002 973 2039 μὶν

145 2047 318 2086 Ὁλοφὲρνης
341 2047 521 2084 παρετάσσετο
547 2046 585 2076 εἷς
609 2045 753 2083 πόλεμον·
780 2046 883 2084 ’Δχιὼρ
909 2044 938 2073 δὲ
961 2046 975 2073 ὁ

144 2092 301 2130 ἡγούμενος
317 2093 369 2118 τῶν
390 2091 455 2118 υἱῶν
480 2091 595 2128 ’Λμμὼν
619 2088 812 2118 συνεϐούλευσε
836 2093 874 2126 τῷ
896 2090 973 2118 Ὀλο-

145 2137 229 2175 ῖνέρνῃ
257 2136 298 2172 μὴ
323 2134 456 2171 πολεμεῖν
480 2137 519 2171 τῷ
539 2133 608 2162 ἔθνει
631 2137 684 2162 τῶν
709 2132 852 2172 Ἐϐραίων,
877 2133 921 2162 διὰ
942 2135 974 2162 τὸ

146 2179 340 2218 ὑπερασπίζειν
358 2179 444 2207 αὐτῶν
469 2180 514 2207 τὸν
540 2179 615 2207 Θιόν.
640 2180 689 2206 Καὶ
716 2179 850 2217 ὀργισθεὶς
866 2179 880 2206 ὁ
895 2179 973 2207 Ὀλο-

143 2225 244 2263 φέρνης
270 2223 427 2251 ἀπέστειλεν
450 2224 529 2251 αὐτὸν
556 2223 593 2254 ε¹ς
627 2223 795 2258 Βειτυλοιῖιαν⁷
824 2223 973 2259 ἀπειλήσας

143 2269 303 2304 ἀναιρήσειν
328 2267 421 2301 αὐτὸν,
450 2267 473 2295 εί
503 2263 673 2305 περιγένοιτρ
701 2269 754 2294 τῶν
779 2265 921 2305 Ἐϐραίων.
942 2268 974 2295 Ὁ
991 2265 1012 2296 [)

145 2314 192 2349 μὲν
222 2312 271 2340 οὖν
303 2313 411 2349 Ἀχιὼρ
439 2313 472 2346 ἧν
498 2311 523 2339 ἐν
540 2311 574 2348 τῇ
599 2311 736 2346 Βετυλούᾳ
759 2311 971 2348 ἀναπαυόμενος·

144 2358 158 2383 Α
172 2356 201 2384 δὶ
216 2357 390 2395 Ὀλοφέρνης
407 2355 562 2394 ἐπολιόρκει
577 2357 626 2390 τὴν
647 2356 740 2392 πόλιν,
756 2354 972 2394 προκαταλαϐὼν

144 2402 176 2429 τὰ
189 2400 285 2428 ὕδατα.
303 2398 376 2435 Ἤδη
393 2399 422 2427 δὲ
435 2401 484 2427 τοῦ
501 2400 568 2428 λαοῦ
583 2399 740 2431 ἐκλυθέντος
764 2399 809 2428 διὰ
829 2401 861 2428 τὸ
882 2400 972 2438 δίψος,

145 2446 188 2473 καὶ
212 2444 373 2482 μελλόντων
399 2444 522 2472 ἐκδοῦναι
551 2446 600 2479 τὴν
628 2444 710 2472 πόλιν
738 2447 791 2472 τῶν
820 2444 971 2483 ἀρχόντων,

147 2491 164 2524 ἢ
192 2488 293 2519 Ἰουδὶθ
310 2512 317 2524 ,
349 2487 525 2517 ἀποϐαλοῦσα
552 2489 585 2516 τὰ
611 2493 662 2524 τῆς
695 2490 852 2527 χηρεύσεως
877 2491 973 2527 ἱμάτια

148 2533 260 2569 (ἐπένθει
277 2534 330 2571 γὰρ
353 2534 399 2561 τὸν
425 2532 517 2569 ἄνδρα,
533 2534 577 2560 καὶ
603 2532 637 2561 δι’
653 2533 721 2561 ὅλου
744 2532 836 2571 ἔμενεν
859 2536 972 2569 νηστεύ-

149 2581 243 2615 ουπ),
273 2578 423 2614 ἐκόσμησεν
454 2578 550 2617 ἑαυτὴν
578 2578 616 2609 ὡς
643 2578 753 2617 νύμφην
770 2589 776 2594 ·
807 2579 851 2607 καὶ
880 2580 972 2608 πολλά

149 2622 356 2660 παρακαλέσασα
378 2622 442 2653 τοὺς
467 2614 610 2660 ἄρχοντας,
626 2622 695 2650 ὥστε
721 2624 759 2660 μή
788 2623 908 2652 ἐκδοῦναι
922 2625 971 2659 τήν

150 2666 226 2694 πόλιν
251 2667 335 2704 ἄχρις
359 2668 470 2705 ἡμερῶν
488 2670 516 2701 ε’,
532 2666 641 2702 ἐξῆλθεν
655 2668 723 2703 αὐτὴ
748 2669 816 2706 πρὸς
830 2670 877 2697 τὸν
900 2669 970 2697 Ολο-

152 2711 247 2748 φὲρνην
265 2733 272 2745 ,
295 2711 340 2738 καί
365 2713 398 2747 τῇ
415 2710 496 2749 σοφίᾳ
518 2711 602 2746 αὐτῆς
630 2711 788 2748 ἀπατήσασα
815 2713 906 2748 αὑτὸν,
935 2717 969 2752 τῇ

1055 274 1164 302 honore
1179 275 1330 311 celebrari,
1361 278 1389 303 et
1404 278 1498 303 Aman
1529 278 1596 303 ante
1622 275 1703 303 illum
1726 278 1880 312 procedere

1050 319 1149 354 jussit.
1168 319 1271 346 Esther
1291 328 1358 347 vero
1388 320 1638 355 opportunitatem
1656 323 1742 348 nacta
1762 329 1812 355 pro
1827 322 1878 349 Ju-

1051 362 1120 390 dmis
1132 364 1233 390 oravit.
1251 363 1360 399 Deinde
1376 372 1441 391 cum
1459 372 1508 391 rex
1531 372 1653 392 mcerore
1669 364 1802 398 effectus,
1820 374 1879 400 pro-

1051 409 1115 443 pter
1130 408 1284 443 indignum
1300 411 1402 435 contra
1413 408 1532 436 Judaaos
1543 409 1683 443 edictum,
1696 412 1724 436 et
1739 409 1879 437 adversus

1049 453 1141 479 Aman
1168 452 1211 479 ire
1233 455 1399 480 commotus
1421 455 1507 488 esset,
1524 452 1587 489 ipse
1613 454 1717 486 Amen;
1744 461 1810 490 rege
1826 454 1877 481 ah-

1050 498 1140 530 sente,
1158 496 1262 532 regine:
1278 496 1464 532 supplicavit,
1481 497 1517 524 ad
1537 505 1633 533 genus
1648 497 1729 524 illius
1740 505 1877 533 procum-

1050 539 1119 566 bens
1136 543 1223 575 atque
1245 541 1382 568 adorans.
1412 541 1471 568 Rex
1493 549 1559 568 cum
1590 550 1740 577 regressus
1766 542 1878 569 videret

1047 585 1138 611 Amuu
1154 593 1251 620 genua
1278 585 1385 620 reginae
1412 585 1590 621 contingere,
1617 585 1782 621 suspicatus
1797 587 1874 621 quod

1047 628 1236 663 turpitudinis
1253 637 1342 656 causa
1358 630 1385 656 id
1403 630 1615 665 faceret,jussit
1627 631 1720 657 Amen
1737 630 1765 657 in
1783 630 1872 666 ligno.

1048 673 1125 707 quod
1143 672 1325 700 Mardocheo
1342 676 1504 708 paraverat,
1515 674 1658 709 suspendi
1670 683 1676 701 ι
1689 675 1807 710 scripsit.
1822 684 1872 702 au-

1046 718 1103 743 tem
1125 719 1157 743 ut
1181 717 1275 744 Judaai
1292 718 1370 744 180
1391 718 1510 753 quidem
1539 726 1641 745 omnes
1672 719 1872 746 incolumitate

1045 759 1323 795 fruerentur,bostes
1339 770 1404 789 vero
1420 769 1521 789 eorum
1534 762 1572 789 ab
1586 762 1658 798 ipsis
1669 763 1871 790 interimeret]-

1044 806 1101 831 tur.
1121 807 1264 833 Numerus
1289 809 1386 833 autem
1403 814 1514 839 eorum,
1532 807 1580 842 qui
1602 815 1619 833 a
1646 806 1756 834 Judaais
1783 807 1869 834 occisi

1043 851 1123 883 sunt,
1154 850 1208 876 fuit
1224 849 1389 885 quindecim
1407 849 1550 877 millium:
1569 851 1691 886 ideoque
1716 851 1782 878 testi
1811 851 1869 878 illis

1043 892 1122 920 fuere
1137 893 1199 921 dies
1223 896 1345 929 quartus
1361 894 1504 928 decimus,
1535 897 1562 922 et
1587 895 1708 930 quintus
1736 895 1867 922 decimus

1042 937 1151 964 mensis
1168 937 1396 973 duodecimi,qui
1411 942 1529 966 vocatur
1540 939 1624 966 Ader.
1642 939 1752 966 Dicitur
1768 942 1864 967 autem

1041 982 1090 1010 illa
1112 984 1175 1011 dies
1205 984 1335 1020 ipsorum
1352 984 1453 1020 lingua.
1477 985 1587 1013 Phrure
1602 986 1669 1020 (20).
1686 986 1868 1022 Quapropter

1040 1031 1068 1054 et
1081 1027 1170 1055 Judaei
1188 1029 1216 1055 in
1232 1028 1283 1056 illa
1294 1032 1385 1056 Aman
1404 1029 1591 1064 comburunt,
1610 1033 1637 1057 et
1663 1030 1772 1059 festum
1788 1030 1864 1058 diem

1039 1075 1131 1107 agunt
1145 1073 1250 1100 salutis
1266 1073 1397 1108 ipsorum
1411 1073 1623 1102 memorialem.

1352 1206 1433 1234 Liber
1446 1207 1550 1235 Iudith.

1073 1252 1116 1279 43.
1133 1251 1192 1279 Ηοο
1222 1251 1340 1280 nomine
1354 1255 1475 1280 vocatur
1499 1253 1553 1280 iste
1568 1253 1654 1286 liber,
1673 1254 1745 1289 quia.
1768 1254 1862 1282 histo—

1036 1296 1110 1323 riam
1124 1296 1227 1323 Judith
1253 1296 1392 1331 continet,
1407 1297 1553 1332 quomodo
1569 1298 1683 1326 scilicet
1697 1299 1773 1326 Deus
1785 1300 1861 1327 {ilics

1036 1340 1124 1367 Israel
1140 1341 1176 1368 ab
1195 1340 1376 1376 Holopberne
1391 1342 1578 1378 impugnetos
1586 1345 1615 1369 et
1632 1342 1780 1378 obsessos,
1797 1344 1860 1377 ejus

1035 1392 1123 1419 opera
1138 1384 1589 1421 liberaveril,Holophernemque
1605 1386 1791 1422 percusserit.
1812 1387 1860 1413 Est

1034 1431 1128 1456 autem
1144 1428 1265 1456 historia
1292 1429 1368 1457 talis.
1391 1429 1659 1457 Nabuchodonosor
1672 1429 1857 1465 Assyriorum

1034 1481 1093 1506 rex.
1109 1481 1176 1500 eum
1188 1472 1298 1501 bellum
1314 1476 1427 1509 gereret
1441 1474 1582 1502 adversus
1594 1473 1748 1508 Arphaxad
1761 1482 1857 1509 regem

1032 1516 1194 1550 Medorum,
1214 1517 1250 1544 ab
1276 1517 1411 1545 omnibus
1426 1518 1562 1554 gentibus
1583 1519 1619 1545 ad
1636 1518 1790 1554 Egyptum
1810 1527 1857 1545 us-

1034 1569 1091 1596 que
1101 1560 1210 1589 auxilia
1225 1561 1358 1596 petierat.
1374 1562 1447 1590 Cum
1463 1570 1529 1590 vero
1546 1570 1633 1590 nemo
1649 1561 1790 1590 auxilium
1804 1564 1856 1589 mi-

1035 1606 1186 1639 sisset,sed
1203 1607 1370 1635 tenuissent
1380 1611 1689 1643 omnes,posteequam
1707 1608 1858 1636 victoriam

1033 1654 1108 1678 esset
1125 1653 1288 1685 assecutus,
1304 1654 1332 1679 et
1347 1651 1498 1687 Arphexad
1522 1651 1598 1679 bello
1608 1654 1786 1687 superasset.
1799 1652 1858 1679 bel-

1035 1695 1096 1724 lum
1111 1696 1213 1724 intulit
1227 1697 1328 1733 iis,qui
1344 1697 1417 1724 nihil
1434 1697 1536 1725 auxilii
1554 1698 1705 1731 miserant,
1720 1698 1859 1734 misitque

1035 1741 1246 1777 Holophernem
1263 1743 1418 1770 adversum
1442 1751 1493 1770 eos
1517 1751 1584 1771 cum
1596 1751 1704 1779 magno
1719 1744 1857 1771 exercitu.

1034 1785 1083 1813 Hic
1098 1785 1170 1813 alias
1187 1787 1306 1821 quidem
1318 1789 1419 1822 gentes
1436 1795 1536 1814 omnes
1553 1787 1627 1815 bello
1643 1787 1728 1822 cepit,
1741 1790 1769 1814 et
1781 1787 1858 1814 idola

1031 1829 1162 1865 ipsarum
1180 1830 1332 1866 confregit.
1355 1829 1493 1858 Israelita:
1515 1838 1581 1858 vero
1597 1838 1661 1858 sese
1676 1830 1856 1858 communie-

1031 1876 1110 1908 runt,
1127 1881 1179 1901 nec
1207 1873 1383 1910 Holopherni
1397 1874 1540 1907 obsecuti,
1562 1882 1655 1910 neque
1672 1874 1760 1901 minis
1776 1874 1855 1901 illius

1031 1917 1177 1950 perterriti
1205 1920 1284 1946 sunt.
1312 1918 1435 1953 Scripsit
1464 1917 1563 1953 itaque
1589 1918 1723 1945 sacerdos
1738 1918 1853 1945 Joakim

1030 1961 1142 1990 civibus
1157 1962 1314 1998 Bethulye,
1331 1965 1362 1989 ut
1375 1962 1451 1989 viam
1467 1961 1645 1996 Holopherni
1657 1962 1852 1993 obstruerent,

1030 2005 1127 2034 isthsc
1142 2006 1220 2034 enim
1232 2006 1287 2033 iter
1298 2006 1427 2034 facturus
1442 2008 1513 2033 erat.
1532 2005 1576 2032 llli
1592 2008 1689 2033 autem
1714 2005 1791 2033 vium
1803 2006 1854 2033 ob-

1031 2053 1212 2078 struxerunt.
1229 2050 1430 2086 Holophernes
1455 2049 1547 2085 igitur
1562 2051 1653 2077 aciem
1665 2050 1806 2078 instruxit
1819 2051 1853 2077 ad

1032 2103 1170 2131 pugnem.
1188 2095 1295 2122 Achior
1311 2102 1375 2122 vero
1387 2094 1522 2130 princeps
1536 2094 1771 2122 Ammonitarum
1786 2103 1854 2123 con-

1030 2139 1129 2167 silium
1148 2139 1230 2167 dedit
1246 2139 1431 2175 Holopherni,
1448 2147 1484 2167 ne
1497 2139 1576 2175 genti
1594 2140 1777 2168 Hebreorum
1796 2140 1855 2167 bel-

1029 2183 1088 2211 lum
1105 2183 1234 2216 inferret,
1247 2184 1323 2219 quod
1337 2183 1379 2210 illi
1395 2192 1412 2211 a
1428 2187 1483 2211 Deo
1500 2187 1728 2220 protegerentur.
1746 2183 1796 2212 [lle
1809 2184 1854 2211 in-

1029 2229 1168 2265 dignatus
1185 2228 1265 2256 misit
1277 2237 1343 2257 eum
1362 2228 1538 2264 Hethuliem,
1554 2229 1705 2257 interitum
1718 2229 1761 2257 illi
1777 2237 1854 2257 com-

1028 2274 1167 2306 minatus,
1184 2273 1337 2309 siquando
1364 2273 1498 2301 Hebraeos
1526 2273 1662 2301 vinceret.
1679 2273 1785 2301 Achior
1799 2273 1852 2301 ita-

1028 2325 1085 2353 que
1100 2317 1246 2354 Betbulyas
1261 2318 1446 2354 quiescebat:
1466 2318 1661 2353 Holophernes
1673 2326 1740 2346 vero
1752 2318 1852 2346 civita-

1027 2364 1085 2389 tem
1113 2362 1277 2395 obsidebat,
1308 2364 1337 2389 et
1351 2363 1415 2397 jam
1439 2371 1530 2397 aquas
1556 2362 1635 2390 illius
1653 2365 1853 2398 occupaverat.

1027 2406 1099 2434 Cum
1116 2406 1165 2434 siti
1185 2407 1245 2442 jam
1272 2406 1486 2443 periclitaretur
1502 2407 1638 2443 populus,
1663 2410 1691 2435 et
1706 2407 1853 2443 principes

1026 2450 1171 2478 civitatem
1182 2451 1320 2478 tradituri
1336 2451 1710 2487 essent,Judith,depositis
1725 2451 1852 2479 viduita-

1026 2496 1064 2523 tis
1079 2495 1211 2523 vestibus
1241 2495 1395 2529 (maritum
1418 2495 1496 2523 enim
1513 2498 1662 2524 mortuum
1678 2496 1807 2532 lugebat,
1823 2499 1851 2523 et

1027 2539 1156 2574 quotidie
1168 2539 1475 2575 jejunabat),seipsam
1485 2539 1581 2568 instar
1595 2548 1712 2576 sponsa
1727 2541 1850 2573 ornavit,

1026 2585 1055 2610 et
1069 2583 1170 2611 multis
1187 2583 1340 2611 adhortatu
1349 2584 1493 2619 primores
1508 2584 1686 2620 civitatis,ne
1696 2584 1850 2618 civitatem,

1026 2627 1157 2662 adusque
1168 2628 1297 2663 quinque
1313 2628 1376 2656 dies
1392 2628 1468 2656 hosti
1477 2629 1675 2663 trederent,ad
1689 2628 1851 2664 Holopher-

1027 2680 1092 2699 nem
1103 2680 1222 2708 egressa
1236 2675 1292 2705 est,
1308 2674 1337 2700 et
1361 2681 1426 2700 cum
1445 2681 1498 2701 sua
1513 2673 1597 2701 illum
1613 2673 1758 2709 sapientia
1771 2673 1851 2700 dece—

1027 2717 1128 2752 pisset.
1143 2718 1229 2745 tertia
1256 2721 1321 2754 post
1335 2717 1392 2752 die,
1408 2717 1611 2754 ignorantibus
1627 2719 1681 2746 hoc
1705 2718 1785 2745 illius
1800 2718 1839 2744 mi

190 2808 245 2843 (20)
259 2808 289 2836 ln
305 2809 378 2837 festo
393 2809 511 2838 Phurim
527 2813 619 2839 Aman
631 2811 814 2840 comburitur
833 2821 850 2840 a
863 2813 985 2842 Judmis.
1003 2814 1071 2843 Vide
1091 2815 1122 2843 in
1136 2815 1205 2844 Cod.
1217 2815 1425 2844 Theodosiano
1442 2815 1497 2852 leg.
1516 2816 1559 2850 18,
1575 2816 1611 2843 de
1622 2814 1743 2843 Judais.
