2043 3111
153 158 208 188 3‘”

742 157 775 187 S.
798 156 1062 187 ATHANASIUS.
1085 174 1122 179 —
1144 158 1280 188 DUBIA.

1803 158 1864 188 3‘12

149 223 262 257 litibus,
288 231 355 250 eum
380 223 475 257 capite
490 222 645 250 truncavit.
664 223 725 254 Ouo
747 222 823 250 facto
833 222 973 258 fugerunt

1047 221 1107 259 ρίτῃ
1134 223 1226 260 ἡμέρᾳ
1249 222 1445 260 ἀπεκεφάλισεν
1477 222 1579 258 αὐτὸν,
1606 222 1775 261 ἀγνοούντων
1805 224 1863 251 τῶν

151 268 260 301 Assyrii
277 276 283 294 :
302 267 437 295 Israelita:
467 275 532 294 vero
555 267 753 302 undequaque
768 269 977 294 concurrentes

151 313 285 348 Assyrios
314 312 507 338 trucidarunt.
524 312 615 347 Atque
634 311 673 339 ita
689 311 801 339 liberati
818 314 898 344 sunt,
925 311 977 338 ho-

156 357 304 392 stiumque
320 355 424 392 spoliis
439 355 679 391 direptis,Judith
697 364 878 391 quacunque
894 355 979 383 Holo-

155 401 273 437 phernis
290 401 404 428 fuerant
418 400 611 428 tradiderunt.
624 400 691 436 Ipsa
701 408 769 428 vero
782 400 886 428 Judith
901 400 980 428 Jero-

155 446 298 482 solymam
315 445 442 481 profecta
457 445 557 472 omnia
572 445 679 472 obtulit
707 445 838 478 Domino,
855 445 981 480 indeque

155 491 275 518 domum
287 498 413 522 reversa,
435 489 511 517 idem
530 489 645 524 pietatis
661 489 832 517 exercitium
848 489 980 521 retinuit,

154 537 183 562 et
197 534 232 561 ad
250 536 371 561 mortem
388 541 481 569 usque
496 533 584 561 vidua
600 533 762 568 permansit
778 541 784 561 :
802 541 887 561 nemo
902 533 981 560 enim

154 579 196 606 illi
213 578 332 614 nuptias
349 578 523 613 persuadere
542 577 646 613 potuit.
677 578 792 605 Mortua
812 580 857 605 est
871 580 981 610 autem,

156 627 310 659 postquam
326 623 355 650 in
372 621 513 649 viduitate
529 621 650 649 honeste
663 621 893 655 vixisset,mtatis
904 629 982 649 anno

157 667 317 696 centesimo
333 666 449 702 quinto.

480 718 560 745 Liber
574 718 657 745 Tobit.

198 773 239 799 44.
254 771 312 800 Hoc
329 772 445 799 nomine
460 772 578 798 vocatur
593 770 640 798 hic
655 770 816 807 liber,quia
826 770 983 798 historiam

162 818 246 846 Tobit
262 817 399 845 continet.
419 818 484 844 Erat
496 819 594 844 autem
620 816 667 844 hic
681 816 717 844 de
741 817 819 844 tribu
835 816 984 853 Nephtha-

163 862 257 895 lim,in
274 861 810 897 captivitatemqueadductusdegebat
823 861 852 888 in
869 861 985 889 civitate

1034 269 1204 302 στρατιωτῶν
1229 267 1322 296 αὐτοῦ.
1347 268 1396 295 Καὶ
1422 267 1493 296 οὕτω
1517 266 1614 295 λοιπὸν
1638 268 1664 294 οἱ
1691 267 1739 303 μὶν
1766 266 1865 295 Ἀσσύ-

1035 320 1088 348 ριοι
1103 310 1212 349 ἔφυγον,
1235 313 1260 339 οἱ
1284 311 1313 339 δὲ
1336 312 1392 340 υἱοὶ
1414 311 1524 350 Ἰσραὴλ
1550 311 1718 349 πανταχόθεν
1745 310 1864 349 συνδρα-

1036 355 1142 391 μόντες,
1167 357 1317 393 κατέκοψαν
1342 356 1405 387 τοὺς
1431 356 1603 392 Ἀσσυρίους.
1625 356 1705 385 Οὕτω
1721 355 1750 383 δὶ
1765 355 1863 383 σωθὲν.

1034 410 1087 433 τες,
1100 401 1146 427 καί
1169 400 1363 432 σκυλεύσαντες
1388 400 1453 432 τοὺς
1477 401 1640 437 πολεμίους,
1669 399 1802 428 δεδώκασι
1827 403 1862 438 τῇ

1034 443 1132 472 Ἰουδὶο
1147 446 1234 472 πάντα
1258 446 1291 472 τὰ
1314 447 1362 473 τοῦ
1386 445 1562 483 ⁸ολοφέρνου.
1583 444 1659 479 Λῦτή
1677 443 1705 472 δὲ
1719 446 1736 479 ὴ
1752 443 1863 480 Ἰουδὶθ,

1035 487 1191 516 ἀπελθοῦσα
1220 489 1258 520 εἷς
1281 490 1331 524 τήν
1360 490 1551 527 Ἱερουσακήμ,
1582 489 1694 525 ἆνίθηκε
1709 489 1796 516 πάντα
1822 492 1863 525 τῷ

1037 532 1136 569 Κυρίῳ,
1161 533 1206 560 καὶ
1232 533 1419 572 ὑποστρέψασαι
1445 533 1484 565 είς
1506 534 1552 561 τὸν
1578 533 1653 561 οἶκον
1678 534 1785 567 ἑαυτῆς,
1810 534 1860 567 τὴν

1037 576 1119 611 αὐτὴν
1147 577 1219 615 εἶχεν
1249 579 1361 613 ἄσκησιν
1380 600 1386 612 ,
1413 578 1458 605 καί
1497 577 1629 615 διέμεινεν
1665 576 1718 609 ἕως
1736 578 1864 610 -θανάτου

1038 622 1130 659 χήρα,
1155 621 1271 658 μηδενὸς
1291 622 1374 657 αὐτὴν
1399 622 1558 660 ἰσχύσαντος
1582 625 1672 650 πεῖσαι
1695 623 1734 653 εἷς
1757 623 1859 659 γάμον,

1037 666 1082 693 καὶ
1094 666 1218 702 ἀπέθανε,
1246 668 1347 702 ζήσασα
1367 666 1459 698 καλῶς
1483 666 1509 694 ἐν
1534 668 1568 703 τῇ
1593 666 1704 704 χηρείᾳ,
1729 666 1796 694 ἑτῶν
1814 670 1867 704 ρι’.

1335 717 1446 747 Βιϐλίαν
1461 717 1565 748 Τωϐίτ.

1075 773 1117 801 Ui.
1136 772 1312 809 Ὀνὸμάζεται
1337 772 1425 804 οὕτως
1448 773 1480 800 τὸ
1506 770 1625 810 βιϐλίον,
1642 771 1735 807 ἐπειδὴ
1756 772 1801 800 καὶ
1815 773 1866 807 τήν

1038 816 1100 853 περὶ
1114 815 1196 843 αὐτοῦ
1210 819 1259 844 τοῦ
1282 814 1373 844 Τωϐὶτ
1398 816 1519 855 ἱστορίαν
1544 817 1678 855 περιέχει.
1704 818 1752 844 Ἦν
1778 815 1807 844 δὲ
1821 815 1866 844 οὗ-

1038 870 1084 891 τος
1113 860 1165 888 ἀπὸ
1197 861 1243 897 μὲν
1271 860 1360 901 φυλῆς
1389 861 1556 900 Νεφθαλείμ·
1592 862 1689 899 γέγονε
1718 860 1747 888 δὲ
1775 860 1800 888 ἐν
1832 863 1870 897 τῇ

162 906 444 939 Ninive,misericors
459 907 488 932 et
503 905 785 941 religiosus.Etenim
801 913 867 932 cum
884 905 913 932 in
923 913 986 941 cap-

1046 904 1229 942 ιίχμαλωσίᾳ,
1246 905 1289 932 καὶ
1305 905 1337 939 ἦν
1355 905 1380 932 ἐν
1396 907 1431 942 τῇ
1453 904 1555 940 Νινευΐ,
1572 905 1700 941 ἐλεήμων
1722 905 1767 932 καὶ
1782 906 1872 932 θεοσε-

162 952 555 983 tivitateesset,communem
568 958 673 986 panem
689 958 723 978 ex
737 950 935 985 gentibusnon
945 959 989 978 σοι

163 995 317 1030 medit,sed
334 995 464 1030 seipsum
481 994 639 1021 custodivit
656 994 733 1021 .Erat
749 996 846 1022 autem
863 1002 986 1022 annona:

165 1040 316 1076 praefectus
345 1039 421 1071 apud
450 1046 547 1074 regem
563 1039 784 1073 Enemesarum,
801 1041 828 1065 et
853 1039 990 1074 deposuit

166 1084 242 1120 apud
258 1083 428 1111 Gamaelum
443 1082 472 1109 in
502 1082 594 1110 Media
609 1082 709 1110 decem
733 1082 852 1110 talenta.
869 1083 919 1110 Isti
933 1083 989 1110 To-

171 1129 222 1155 biae
238 1127 370 1155 studium
386 1129 449 1154 erat
477 1126 636 1162 sepeliendi
661 1128 792 1154 m0rtuos
818 1134 852 1153 ex
867 1127 988 1154 Judaeis.

172 1174 265 1208 l-lujus
280 1170 492 1208 gratiadelatus
505 1171 541 1198 ad
551 1179 647 1206 regem
664 1171 838 1204 Achirelem,
852 1172 919 1207 fuge
934 1172 989 1200 sibi

171 1217 306 1245 consulit.
327 1217 545 1251 ltogrvssusque
564 1223 579 1242 e
595 1215 673 1251 fuga,
690 1223 757 1243 cum
774 1219 921 1243 mortuum
938 1216 990 1243 ali-

173 1270 257 1297 quem
276 1261 437 1295 sepelisset,
457 1262 536 1287 extra
553 1267 652 1287 muros
668 1259 853 1294 obdormivit,
881 1262 990 1287 etcum

174 1315 223 1341 pro
239 1313 318 1332 more
334 1313 387 1332 suo
415 1306 530 1340 apertos
559 1304 678 1331 haberet
697 1304 773 1331 inter
787 1305 991 1332 dormiendum

172 1350 281 1381 oculos,
312 1348 480 1384 albuginem
505 1348 564 1375 illis
587 1348 740 1381 contraxit,
771 1356 824 1376 nec
847 1348 923 1376 ultra
948 1350 991 1377 vi-

171 1395 268 1422 debat.
284 1393 358 1421 131
376 1393 444 1421 Erat
472 1395 570 1420 autem
585 1392 741 1421 Ecbatanis
772 1392 832 1420 illia
855 1393 992 1429 Raguelis

170 1438 285 1474 cognati
301 1437 404 1474 ipsius,
422 1437 538 1465 nomine
553 1437 632 1464 Sara.
651 1437 729 1464 Hanc
754 1438 867 1465 damon
885 1443 991 1465 Aemo-

170 1485 248 1511 dreus
258 1491 315 1510 non
327 1482 514 1518 permittebat
525 1481 721 1517 utquisquam
729 1490 846 1509 uxorem
859 1482 990 1511 haberet.

170 1527 319 1554 Occiderat
347 1525 424 1553 enim
437 1526 500 1560 jam
531 1527 654 1560 septem.
675 1525 725 1560 qui
748 1525 830 1552 illam
852 1534 992 1561 sponsam

171 1572 350 1606 occeperant.
366 1572 486 1606 Propter
497 1570 571 1597 hanc
587 1578 707 1597 causam
723 1578 789 1598 cum
806 1570 994 1599 vehementer
1007 1587 1029 1620 C

171 1615 342 1642 contristata
357 1615 698 1650 esset,oravit,misitque
706 1614 747 1641 illi
759 1615 992 1643 Deusauxiliato-

172 1668 231 1687 rem
248 1659 423 1694 Raphaelem
451 1659 668 1694 archangelum.
694 1659 779 1686 Tobit
808 1659 898 1694 igitur
926 1668 992 1687 cum

172 1703 231 1731 filio
246 1712 300 1731 suo
315 1703 413 1731 Tobiae
428 1711 496 1730 man
506 1703 647 1734 lasset,ne
659 1703 713 1730 sibi
728 1702 846 1730 aliunde
861 1712 991 1738 uxorem,

170 1756 256 1782 quam
272 1756 306 1775 ex
321 1747 398 1774 tribu
414 1749 442 1775 et
466 1746 638 1783 cognatione
668 1755 722 1774 sua
736 1751 876 1780 sumeret,
892 1748 992 1775 decem

170 1792 212 1818 illi
229 1791 406 1819 talentorum
417 1790 643 1826 chirographum
661 1790 993 1827 dedit,przecepitque,ut

171 1837 272 1871 abiret,
284 1839 313 1864 et
339 1838 448 1872 peteret
473 1844 516 1863 ea.
533 1835 623 1862 Filius
639 1837 749 1870 autem,
766 1843 832 1862 cum
847 1843 900 1863 nec
915 1836 992 1864 viam

171 1884 335 1916 nosset,nec
349 1881 499 1909 hominem
516 1880 551 1908 ad
561 1888 647 1915 quem
665 1883 726 1907 erat
736 1880 991 1917 proﬁciscendum,

170 1934 305 1962 egressus
329 1928 374 1953 est
398 1928 430 1953 ut
455 1925 505 1953 vim
536 1925 590 1952 sibi
607 1924 719 1952 socium
737 1928 888 1960 quaereret,
900 1928 928 1953 et
944 1926 991 1954 Dei

172 1970 352 2006 providentia
367 1970 470 1998 incidit
483 1970 511 1997 in
530 1969 719 2005 Raphaelem,
737 1969 787 2005 qui
806 1969 933 1998 hominis
947 1971 993 1998 in-

172 2018 232 2042 star
247 2015 318 2042 foris
334 2014 599 2049 stabat,pretioque
615 2013 698 2041 illum
713 2013 898 2047 conduxit,eo
914 2014 991 2050 quod

172 2068 201 2086 se
227 2059 277 2085 vite
304 2058 393 2093 hujus
409 2066 533 2093 gnarum
551 2066 615 2085 esse
630 2058 747 2085 diceret.
765 2058 927 2086 Comitatus
941 2059 993 2086 ita-

172 2111 228 2138 quc
242 2102 326 2129 illum
350 2104 395 2129 est
409 2102 537 2137 Angelus
552 2101 581 2129 in
595 2102 690 2137 specie
705 2102 844 2135 hominis,
862 2103 912 2138 qui
927 2104 994 2130 Aza-

172 2148 229 2174 rias
240 2146 394 2174 diceretur.
407 2145 478 2172 Cum
495 2148 593 2173 autem
609 2146 644 2173 ad
662 2146 810 2181 Tigridem
827 2155 921 2182 usque
936 2147 994 2174 flu-

171 2191 248 2217 vium
265 2190 475 2225 pervenissent,
492 2189 604 2217 volebst
622 2189 728 2217 Tobias
757 2190 787 2217 in
813 2190 861 2218 illo
877 2189 993 2218 lavandi

170 2235 264 2270 gratia
282 2234 468 2267 descendere,
494 2237 523 2261 et
552 2242 618 2260 mox
645 2233 734 2269 piscis
749 2234 869 2268 quidam
890 2235 994 2270 ingens

1043 946 1106 984 ϐής.
1121 949 1171 977 Καὶ
1188 950 1239 987 γὰρ
1262 949 1287 977 ἐν
1310 951 1344 986 τῇ
1360 949 1539 988 αἲχμαλωσίᾳ
1552 949 1710 987 γενόμενος,
1726 949 1776 977 οὐκ
1789 948 1870 983 ἤσθιε

1042 993 1133 1020 κοινὸν
1148 992 1227 1031 ἄρτον
1253 994 1306 1020 ἀπὸ
1329 996 1382 1021 τῶν
1406 994 1498 1028 ἐθνῶν,
1518 993 1590 1021 ἀλλὰ
1611 994 1703 1021 ἑαυτὸν
1719 994 1870 1031 συνετήρει.

1044 1038 1091 1065 Ἠν
1123 1036 1152 1064 δὲ
1179 1037 1223 1065 καὶ
1252 1039 1461 1076 προαγοραστής
1486 1040 1535 1065 τοῦ
1566 1038 1701 1076 βασιλέως
1727 1036 1871 1074 Ἐνεμεσά-

1045 1092 1104 1119 ρου,
1133 1082 1178 1109 καὶ
1200 1083 1331 1118 παρέθετο
1357 1081 1382 1110 ἐν
1409 1084 1443 1119 τῇ
1470 1081 1562 1118 Μηδίᾳ
1587 1081 1728 1119 Γαμαήλῳ
1751 1082 1872 1110 τάλαντα

1045 1125 1117 1154 δέκα.
1134 1126 1218 1157 Οὗτος
1241 1127 1254 1153 ὁ
1279 1124 1368 1154 Τωϐἰτ
1392 1125 1511 1161 σπουδὴν
1529 1127 1587 1164 εἶχε
1602 1126 1711 1159 θάπτειν
1724 1126 1791 1157 τοὺς
1805 1127 1873 1154 ἀπο-

1045 1171 1209 1205 θνήσκοντας
1230 1173 1282 1198 τῶν
1305 1170 1452 1199 Ἰουδαίων.
1478 1169 1641 1206 Διαϐληθεὶς
1657 1170 1687 1198 δὲ
1707 1173 1746 1207 τῷ
1763 1170 1874 1209 βασιλεῖ

1046 1214 1177 1252 ’Δχιρήλ,
1203 1213 1292 1253 ἔφυγε,
1316 1216 1360 1242 καὶ
1384 1215 1538 1247 ἐπανελθὼν
1563 1216 1608 1242 καὶ
1632 1214 1717 1252 θάψας
1741 1215 1802 1243 τινὰ
1816 1217 1871 1242 τῶν

1045 1258 1244 1294 ἀποθανόντων,
1274 1259 1409 1296 ἐκοιμήθη
1439 1258 1488 1296 ἔξω
1514 1262 1562 1287 τοῦ
1590 1259 1716 1297 τείχους,
1745 1259 1802 1294 καὶ,
1830 1259 1870 1290 ὡς

1046 1302 1157 1340 εἷ’ωθεν,
1188 1303 1213 1331 ἐν
1238 1306 1276 1340 τῷ
1304 1307 1450 1341 κοιμᾶσθαι
1479 1303 1664 1342 ἀνεῳγμένους
1704 1303 1776 1341 ἔχων
1804 1303 1870 1334 τοὺς

1046 1348 1205 1387 ὀφθαλμοὺς
1220 1348 1312 1384 αὐτοῦ,
1337 1348 1500 1385 λευκώματα
1523 1347 1596 1386 ἔσχε,
1612 1348 1656 1376 καὶ
1673 1347 1722 1375 οὐκ
1736 1347 1774 1375 ἔτι
1791 1345 1871 1375 ἔϐλε-

1046 1403 1105 1420 πεν.
1136 1394 1185 1420 Ἦν
1215 1391 1244 1420 δὲ
1272 1393 1316 1420 καὶ
1347 1392 1372 1420 ἐν
1400 1391 1573 1424 Ἐκϐατάνοις
1599 1393 1719 1430 Θυγάτηρ
1745 1393 1872 1419 τοῦῬα-

1050 1437 1139 1474 γουήλ
1169 1440 1312 1476 συγγενοῦς
1342 1438 1423 1465 αὐτοῦ
1441 1461 1448 1473 ,
1475 1437 1566 1476 Σάῤῥα
1592 1437 1707 1474 ὀνόματι
1725 1459 1731 1465 .
1760 1436 1870 1471 Ταύτην

1048 1485 1206 1518 γαμηθῆναι
1236 1481 1285 1509 οὐκ
1312 1481 1454 1520 ἐπέτρεπεν
1485 1483 1498 1509 6
1528 1481 1632 1517 δαίμων
1650 1482 1663 1508 6
1691 1480 1868 1517 Ἀσμοδαῖος.

1048 1528 1133 1555 Ἑπτά
1169 1528 1234 1563 γοῦν
1265 1527 1325 1561 ἑξῆς
1359 1524 1492 1558 λαϐόντας
1521 1526 1605 1560 αὐτὴν
1635 1526 1773 1553 ἀπέκτεινε
1790 1535 1796 1541 ⁵
1826 1525 1872 1552 καὶ

1048 1572 1116 1599 πάνυ
1132 1570 1283 1605 λυπηθεῖσα
1298 1572 1315 1605 ἡ
1331 1574 1406 1606 παῖς,
1432 1569 1543 1607 ηὔξατο,
1567 1570 1612 1597 καὶ
1633 1569 1788 1598 ἀπέστειλεν
1803 1569 1872 1605 αὐτῇ

1050 1615 1149 1653 βοηθὸν
1173 1616 1187 1642 6
1211 1615 1286 1648 Θεὸς,
1310 1615 1356 1642 τὸν
1382 1614 1553 1652 ἆρχάγγελον
1579 1614 1711 1653 Ῥαφαήλ.
1736 1614 1765 1640 Ὁ
1783 1613 1872 1640 τοίνυν

1047 1657 1145 1694 Τωϐἶτ,
1161 1659 1349 1696 παραγγείλας
1370 1659 1410 1695 τῷ
1434 1658 1486 1695 υἱῷ
1501 1658 1583 1686 αὐτοῦ
1606 1656 1707 1694 Τωϐία,
1725 1659 1762 1694 μή
1778 1655 1873 1684 λαϐεῖν

1048 1702 1201 1741 ἀλλαχόθεν
1217 1706 1330 1740 γυναῖκα
1346 1703 1368 1731 εἰ
1386 1704 1423 1739 μή
1440 1703 1470 1730 ἐκ
1484 1706 1532 1737 τῆς
1558 1702 1646 1742 φυλῆς
1667 1702 1751 1729 αὐτοῦ
1766 1702 1810 1728 καὶ
1824 1703 1874 1728 τοῦ

1048 1747 1155 1785 γένους,
1181 1746 1290 1775 δίδωσιν
1315 1747 1388 1784 αὐτῷ
1411 1748 1442 1775 τὸ
1465 1747 1648 1785 χειρόγραφον
1673 1748 1726 1774 τῶν
1750 1744 1813 1773 δέκα
1826 1755 1875 1772 τα-

1047 1791 1163 1824 λάντων,
1180 1792 1224 1819 καὶ
1248 1791 1399 1820 ἐντέλλεται
1425 1791 1497 1827 αὖτῷ
1512 1791 1637 1820 ἀπελθεῖν
1651 1791 1695 1818 καὶ
1712 1791 1871 1822 ἀπαιτῆσαι.

1048 1837 1169 1874 Ἀγνοῶν
1185 1835 1213 1863 δὲ
1229 1836 1242 1863 6
1254 1838 1317 1867 παῖς
1341 1837 1391 1870 τήν
1417 1834 1479 1863 ὁδὸν
1504 1835 1549 1863 καὶ
1563 1836 1608 1862 τὸν
1630 1834 1783 1872 ἄνθρωπον,
1801 1834 1873 1872 ἐξέρ-

1047 1890 1125 1918 χεται
1143 1883 1257 1915 ζητῆσαι
1283 1879 1488 1917 συνοδοιπόρον,
1504 1879 1548 1907 καὶ
1573 1882 1641 1907 Θεοῦ
1664 1878 1780 1916 προνοίᾳ
1799 1877 1873 1914 εὑρί-

1047 1935 1103 1952 σκει
1118 1925 1164 1952 τὸν
1178 1924 1311 1963 Ῥαφαὴλ,
1329 1925 1366 1956 ὡς
1393 1923 1534 1962 ἄνθρωπον
1561 1924 1664 1952 ἑστῶτα
1679 1923 1740 1959 ἔξω,
1764 1923 1808 1950 καὶ
1827 1934 1873 1959 μι-

1047 1970 1155 1996 σθοῦται
1185 1969 1263 1996 αὐτὸν
1294 1968 1409 2006 λέγοντα
1439 1968 1536 1996 εἰδέναι
1567 1969 1617 2003 τήν
1641 1967 1718 1996 ὁδόν.
1747 1967 1797 1995 Καὶ
1813 1978 1877 1994 συν-

1048 2012 1135 2041 οδεύει
1165 2013 1238 2050 αὐτῷ
1267 2013 1281 2040 ὁ
1306 2012 1430 2051 ἅγγελος,
1459 2013 1496 2044 ὡς
1524 2012 1665 2050 ἅνθρωπος
1683 2034 1689 2045 ,
1723 2012 1880 2049 λεγόμενος

1048 2057 1182 2096 Ἀζαρίας.
1210 2057 1362 2089 Ἐλθόντων
1386 2056 1415 2084 δὲ
1438 2057 1525 2085 αὐτων
1552 2057 1590 2088 είς
1617 2057 1662 2084 τὸν
1682 2056 1777 2094 Τίγριν
1795 2066 1878 2083 ποτα-

1052 2103 1117 2138 μὸν,
1133 2101 1267 2137 ἠθέλησεν
1295 2102 1308 2129 6
1332 2104 1395 2133 παῖς
1421 2101 1457 2132 εἷς
1482 2101 1560 2129 αὐτὸν
1577 2099 1726 2135 καταϐῆναι
1750 2101 1794 2127 καὶ
1809 2099 1877 2127 λούε-

1049 2147 1156 2180 σασθαι,
1182 2146 1226 2173 καὶ
1250 2146 1327 2177 εὐθὺς
1353 2145 1431 2184 ἲχθὺς
1447 2144 1602 2181 ἐπεπήδησε
1620 2147 1659 2181 τῷ
1673 2143 1809 2182 παιδαρίῳ
1828 2145 1875 2180 μὲ-

1049 2201 1098 2228 γας
1116 2212 1122 2218 .
1153 2191 1181 2217 Ὁ
1216 2189 1245 2217 δε
1271 2189 1388 2228 ἅγγελος
1417 2190 1487 2217 εἶπεν
1516 2189 1590 2226 αὐτῷ
1624 2186 1798 2216 ἐπιλαϐέσθαι
1827 2190 1877 2215 τοῦ

1051 2234 1157 2271 ἰχθύος,
1186 2234 1230 2262 καὶ
1259 2236 1350 2270 τεμεῖν
1376 2233 1466 2270 αὑτὸν,
1491 2234 1536 2260 καὶ
1562 2231 1654 2261 λαϐεῖν
1678 2234 1710 2260 τὸ
1730 2234 1815 2269 ἧπαρ,
1831 2233 1879 2259 καὶ

170 2269 283 2306 insiluit
296 2278 325 2306 in
356 2286 490 2313 puerum.
507 2279 636 2313 Angelus
651 2286 717 2305 vero
730 2278 821 2313 jussit
836 2278 889 2311 illi,
907 2269 939 2306 ut
954 2279 989 2315 pi-

1047 2279 1097 2313 τήν
1116 2277 1239 2317 καρδίαν,
1256 2278 1300 2305 καὶ
1324 2279 1373 2312 τήν
1399 2277 1500 2315 χολὴν,
1524 2277 1569 2305 καὶ
1582 2280 1666 2305 ταῦτα
1690 2279 1795 2315 τηρεῖ».
1813 2276 1879 2303 Εἶτα

170 2331 248 2351 scem
265 2323 343 2350 hunc
363 2323 594 2359 apprehenderet
609 2325 637 2350 et
661 2322 688 2349 in
707 2322 799 2349 frusta
828 2325 949 2357 secaret,
966 2326 994 2351 et

170 2368 248 2395 illius
265 2368 364 2403 bepar,
381 2375 429 2394 cor
457 2369 486 2394 et
496 2366 583 2394 bilem
611 2366 777 2394 desumeret
803 2369 831 2394 et
855 2369 993 2394 servaret.

174 2413 301 2447 Rogante
330 2413 431 2445 postea
447 2419 546 2447 puero,
559 2411 586 2438 in
604 2419 690 2446 quem
708 2410 759 2438 illa
776 2418 862 2437 usum
880 2411 993 2445 forent;

174 2455 341 2491 respondit:
361 2458 456 2491 Hepar
470 2457 498 2483 et
524 2463 573 2482 cor
587 2454 706 2482 incensa
722 2454 884 2482 daemonem
912 2455 994 2491 fuga-

175 2502 265 2528 bunt:
283 2500 351 2527 bilis
366 2508 431 2527 vero
447 2499 597 2527 oculorum
622 2499 789 2535 albuginem
814 2499 994 2535 repurgabit.

176 2547 268 2581 Hujus
276 2554 328 2581 ope
342 2548 370 2573 et
385 2545 506 2573 consilio
520 2544 626 2572 Tobias
643 2544 732 2572 tiliam
750 2545 883 2580 Raguelis
895 2545 996 2573 Seram

176 2598 293 2617 uxorem
310 2590 401 2622 duxit,
419 2598 485 2616 cum
501 2588 549 2616 ille
565 2589 664 2616 sumtu
679 2590 837 2617 daamonem
856 2590 997 2625 fugasset,

176 2634 225 2669 qui
256 2634 285 2660 in
306 2633 506 2668 superioribus
530 2632 643 2668 Egypti
674 2633 807 2668 partibus
833 2633 869 2660 ab
890 2632 998 2668 Angelo

180 2680 287 2715 ligatus
302 2679 434 2706 est.Dum
451 2680 547 2705 autem
557 2686 622 2705 cum
636 2686 723 2705 uxore
740 2680 870 2705 maneret
881 2678 997 2712 Tobias,

179 2724 310 2751 Azariam
319 2726 458 2758 tanquam
471 2721 617 2748 hominem
627 2722 654 2748 in
671 2722 794 2749 Mediam
811 2722 906 2750 misit:
916 2730 999 2749 cum-

181 2777 237 2803 que
254 2776 303 2803 per
318 2767 401 2794 illum
419 2767 518 2794 decem
531 2766 639 2793 talenta
656 2766 823 2802 recepisset,
839 2767 875 2793 ad
888 2769 999 2802 putrem

182 2822 239 2840 una
251 2820 317 2840 eum
334 2812 381 2839 illo
408 2815 434 2838 et
452 2818 539 2838 uxore
559 2819 613 2838 sua
641 2818 774 2839 reversus
790 2813 843 2839 est.
858 2813 1001 2839 Reversus

1052 2323 1256 2359 πυνθανομένου
1280 2324 1328 2350 τοῦ
1357 2321 1463 2356 παιδὸς,
1493 2322 1539 2353 Εἷς
1566 2322 1592 2349 τί
1617 2323 1745 2359 χρήσιμα
1770 2319 1879 2355 ταυτας

1053 2367 1156 2398 ἐκεῖνος
1185 2365 1247 2405 ἔφη·
1279 2366 1316 2395 Τὸ
1345 2367 1419 2403 ἧπαρ
1447 2366 1492 2394 καὶ
1521 2368 1538 2401 ἡ
1565 2365 1683 2404 καρδία,
1709 2365 1882 2401 θυμιώμενα,

1050 2410 1141 2446 διώξει
1160 2411 1206 2438 τὸν
1229 2410 1355 2447 δαίμονα
1372 2412 1389 2445 ἡ
1407 2410 1435 2438 δὲ
1459 2409 1536 2448 χολῆ
1559 2410 1696 2447 καθαρίσει
1725 2410 1759 2436 τὰ
1773 2409 1880 2436 λευκώ-

1052 2466 1134 2491 ματα.
1154 2456 1185 2483 Ὁ
1200 2456 1246 2491 μὲν
1262 2454 1307 2482 οὗν
1318 2457 1381 2485 παῖς
1398 2455 1516 2492 [τούτου]
1529 2452 1687 2490 συμϐουλίᾳ
1697 2453 1742 2481 καὶ
1753 2453 1881 2491 συνεργίᾳ

1051 2496 1183 2535 λαμϐάνει
1203 2500 1248 2533 τὴν
1264 2502 1313 2526 τοῦ
1339 2498 1473 2537 Ῥαγουήλ
1498 2498 1628 2536 θυγατέρα
1641 2498 1691 2532 τήν
1709 2496 1813 2536 Σάρραν
1830 2508 1881 2535 γυ-

1050 2546 1140 2576 ναῖκα,
1171 2542 1337 2581 διωχθέντος
1365 2545 1413 2570 τοῦ
1441 2542 1584 2579 δαιμονίου
1613 2542 1639 2570 ἐν
1664 2544 1703 2578 τῷ
1726 2542 1880 2578 θυμιάματι

1051 2587 1151 2624 τούτῳ,
1176 2588 1221 2614 καὶ
1244 2587 1366 2618 δεθέντος
1388 2587 1425 2618 εἷς
1449 2587 1483 2614 τὰ
1506 2587 1626 2625 ἀνώτερα
1655 2587 1722 2624 μέρη
1741 2585 1882 2623 Αἰγύπτου

1054 2632 1106 2659 ὑπὸ
1132 2634 1181 2659 τοῦ
1209 2631 1335 2669 ἀγγέλου.
1367 2631 1463 2662 Μείνας
1492 2630 1521 2659 δὲ
1551 2632 1618 2668 μετᾶ
1640 2635 1691 2667 τῆς
1715 2630 1842 2668 γυναικὸς
1866 2630 1881 2656 6

1054 2674 1159 2707 Τωϐίας
1177 2698 1184 2710 ,
1213 2675 1373 2703 ἀποστέλλει
1408 2675 1453 2702 τὸν
1486 2675 1611 2713 Ἀζαρίαν
1629 2699 1636 2711 ,
1661 2675 1698 2706 ὡς
1736 2677 1877 2712 ἄνθρωπον

1056 2718 1129 2754 ὄντα,
1146 2720 1185 2751 εἷς
1200 2721 1248 2754 τήν
1274 2718 1391 2755 Μηδίαν,
1416 2719 1461 2747 καὶ
1484 2720 1635 2755 ἀπαιτήσας
1651 2720 1755 2750 ἐκεῖνος
1768 2719 1802 2746 τὰ
1817 2717 1884 2745 δέκα

1056 2764 1183 2797 τάλαντα,
1214 2764 1371 2803 ὑποστρέφει
1403 2764 1470 2800 μετὰ
1496 2767 1547 2798 τῆς
1573 2764 1699 2802 γυναικὸς
1727 2763 1772 2790 καὶ
1797 2761 1882 2789 αὐτοῦ

1057 2809 1125 2846 πρὸς
1152 2809 1198 2836 τὸν
1225 2812 1336 2846 πατέρα.
1366 2807 1548 2846 Ὑποστρέψας
1577 2807 1606 2836 δὶ
1635 2808 1649 2835 6
1674 2810 1749 2843 παῖς,
1773 2806 1879 2844 ἑγγρίει
