2043 3111
136 188 192 218 3'13

134 255 166 290 τῇ
180 251 254 290 χολῇ
271 254 317 280 τοῦ
332 251 427 290 ἰχθύος
441 253 506 284 τοὺς
527 253 685 293 οφθαλμοὺς
709 256 758 282 τοῦ
781 254 895 292 πατρὸς,
909 264 943 281 κα

1011 262 1075 282 vero
1090 262 1171 290 puer,
1187 254 1288 282 oculos
1302 253 1394 289 patris
1410 251 1474 280 felle
1503 251 1593 287 piscis
1619 250 1744 283 obliniit,
1774 259 1832 287 quo

133 297 326 325 ἀποπίπτουσιν
356 298 382 324 αἱ
413 296 534 333 λεπίδες,
557 299 602 325 καὶ
633 298 710 330 εὐθὺς
744 296 865 335 ἔϐλεψεν.
891 299 953 326 Ὅτε

136 343 178 377 μὶν
202 340 248 368 οὖν
275 340 416 379 ἐτυφλώθη
433 342 447 369 ὁ
461 339 560 377 Τωϐἰτ,
577 343 610 377 ἧν
635 342 700 370 ἐτῶν
721 346 771 378 νη¹·
788 342 833 369 ὅτε
856 341 885 369 δὶ
907 343 951 369 ἀν-

134 383 240 422 έϐλεψεν
264 386 296 419 ἦν
322 385 388 413 ἇτῶν
414 387 456 422 Ec’.
485 387 536 415 Καὶ
560 386 657 414 λοιπὸν
684 387 835 424 βλέψαντος
857 386 952 421 αὐτοῦ,

133 429 291 468 ιφινιρωσιν
317 429 410 457 ἑαυτὸν
431 430 446 457 ὁ
461 430 588 468 ἄγγελος,
605 430 647 458 ὅτι
669 431 718 458 οὐκ
739 430 881 469 ἅνθρωπος
904 432 949 466 ἦν,

132 473 198 501 ἀλλὰ
219 473 294 512 παρᾶ
317 473 349 501 τὰ
369 477 418 501 τοῦ
442 477 509 502 Θιοῦ
531 474 668 510 ἀπεστάλη
686 475 724 506 είς
750 476 875 513 βοήθειαν
901 475 951 503 αύ-

130 521 178 545 τῶν
192 528 220 545 τι
233 518 279 545 καὶ
302 521 353 553 τῆς
377 518 496 557 Σάρῤας.
516 519 638 557 Γηράσας
658 518 687 547 δὲ
702 520 716 546 ὁ
727 517 828 554 Τωὸἱτ,
844 521 951 558 παρήγ-

129 562 197 601 γειλε
217 565 256 598 τῷ
278 563 330 598 υἱῷ
357 563 439 590 αὑτοῦ
462 560 551 599 Τωϐία
567 563 693 595 ἀπελθεῖν
708 564 746 595 εἰς
760 565 809 599 τήν
827 563 948 600 Μηδίαν,

129 605 169 634 διὰ
190 607 238 640 τὴν
263 606 397 643 ἐσομένην
422 608 608 646 καταστροφήν
633 612 685 643 τῆς
710 609 803 636 Νινευῒ
825 609 893 636 κατὰ
918 610 949 636 τὸ

130 650 198 688 ῥῆμα
219 654 300 679 Ἰωνᾶ
326 653 375 678 τοῦ
401 653 553 690 προφήτου.
584 653 635 681 Καὶ
663 652 795 688 ἐκλιπὼν,
819 653 947 681 ἀπέθανεν

130 694 189 722 ἑτῶν
203 695 271 732 ρνη’.
288 695 317 722 '0
332 693 361 722 δὲ
375 695 434 726 υἱὸς
453 696 535 723 αὐτοῦ
557 693 663 727 τωὸίας
683 696 810 729 ἀπελθὼν
835 697 873 728 ιίς
897 698 947 732 τήν

131 737 241 775 Μηδίαν,
269 739 317 766 καὶ
354 739 440 776 θάψας
475 740 538 771 τοὺς
575 740 718 778 πενθεροὺς
754 742 863 776 εαυτοῦ,
901 742 947 769 καὶ

130 783 234 815 ἀπιούσας
259 784 324 822 περὶ
348 785 399 819 τῆς
424 788 612 824 καταστροφῆς
631 786 679 819 τῆς
696 786 797 821 Νινευῒ,
815 785 944 814 ἀπέθανεν

132 827 189 855 ἑτῶν
203 831 251 866 ρξ’.

313 878 424 909 Βιϐλίον
443 881 542 920 Σοφίας
560 880 752 918 Σολομῶντος.

159 926 199 953 45.
218 925 309 965 Σοφία
337 925 518 970 Σολομῶντος
548 924 670 953 καλεῖται
693 927 725 953 τὸ
750 923 868 964 βιϐλίον.
892 927 945 955 Καὶ
961 938 984 970 Β

129 969 172 1007 γὰρ
193 970 236 997 καὶ
256 972 353 1005 τοῦτο,
370 969 444 1008 φασὶ,
461 969 596 1007 Σολομών
619 970 690 998 ἔστιν
706 971 720 997 ὁ
735 971 850 1009 γράψας.
867 972 943 1001 Ἔστι

129 1012 187 1040 δ’ὲέν
209 1014 284 1050 αὐτῷ
312 1012 472 1042 διδασκαλία
493 1013 676 1051 δικαιοσύνης,
692 1017 737 1042 καί
755 1015 786 1042 τὸ
805 1016 943 1053 γνωρίζειν

128 1057 182 1088 τούς
202 1069 232 1085 τε
260 1058 384 1098 φαύλους
412 1057 509 1096 ἄνδρας
538 1059 583 1086 καὶ
612 1058 674 1091 τοὺς
700 1058 875 1095 σπουδαίους,
900 1062 944 1088 καὶ

130 1103 270 1141 προφητεία
299 1104 361 1141 περὶ
390 1103 577 1141 Χριστοῖνκαὶ
607 1103 648 1130 ὅτι
677 1102 778 1140 πολλῷ
803 1104 878 1141 πόνῳ
899 1105 945 1133 καὶ

129 1147 194 1183 πόθῳ
215 1149 395 1185 κατορθοῦται
421 1148 511 1186 σοφία·
527 1146 565 1175 ἔτι
593 1147 621 1175 δὲ
642 1148 686 1175 καὶ
710 1147 874 1187 φυσιολογία
899 1160 946 1186 με.

130 1193 195 1228 ραή*
219 1194 264 1220 καὶ
294 1192 364 1220 κατὰ
389 1190 521 1226 εἰδώλων,
546 1192 590 1219 καὶ
615 1194 667 1220 τῶν
692 1192 759 1220 αὐτὰ
777 1192 945 1232 γλυφόντων,

129 1236 167 1263 καὶ
180 1236 204 1263 ιν
218 1237 315 1268 αὐτοῖς
331 1236 504 1272 ἐλπιζόντων,
520 1237 564 1264 καὶ
580 1234 778 1274 λατρευὸντων,
793 1237 838 1265 καὶ
861 1238 945 1275 ὕμνος

130 1281 168 1307 σὺν
192 1280 393 1319 ἐξομολογήσει
419 1283 473 1308 τῶν
506 1281 693 1319 γεγενημένων
723 1284 782 1312 τοῖς
806 1281 946 1320 Ἰσραηλί-

129 1335 179 1356 ταις
205 1325 364 1363 θαυμασίων
393 1326 509 1352 ἐνώπιον
536 1327 588 1352 τῶν
618 1325 723 1363 ἐχθρῶν
758 1325 845 1353 αὐτῶν
874 1327 947 1365 παρὰ

129 1371 169 1396 τηῦ
182 1372 256 1399 Θιοῦ,
274 1371 310 1397 Ἡ
326 1370 373 1405 μὲν
400 1368 446 1396 οὖν
468 1370 586 1407 περιοχὴ
613 1372 661 1397 τοῦ
686 1367 795 1407 βιϐλίου
819 1373 945 1398 τοιοῦτον

130 1411 236 1451 ily.sz
252 1413 368 1452 τρόπον’
384 1415 402 1449 ἡ
428 1412 457 1441 δὶ
481 1413 713 1453 ἀνακεφαλαίωσίς
737 1414 806 1442 ἐστιν
833 1414 859 1443 ἓν
883 1415 947 1443 τού-

129 1467 187 1488 τοις.
202 1459 245 1485 Ἐν
268 1457 432 1496 προοιμίοις
458 1458 505 1494 μὶν
529 1458 672 1496 προτροπὴ
694 1457 800 1486 δικαίου
824 1459 863 1490 εἰς
886 1461 947 1487 θεο-

132 1499 235 1538 σὲόεισν,
268 1502 318 1529 καὶ
348 1500 464 1540 ἔλεγχος
501 1499 614 1533 ἀσεϐοῦς
652 1501 827 1541 βλασφήμου.
858 1516 873 1530 ‹‹
901 1504 946 1539 Μὴ

131 1545 207 1581 ζήλου
234 1546 303 1585 γὰρ,
328 1546 405 1584 φησὶ,
434 1546 497 1577 τοὺς
537 1546 737 1584 ἀντιχρίστους,
768 1546 864 1579 οἵτινές
897 1548 947 1576 εἶσι

129 1589 235 1622 θάνατος·
263 1603 278 1616 »
311 1590 392 1618 πόθεν
419 1591 445 1618 οἱ
474 1588 578 1622 ἀσεϐεῖς
619 1591 681 1628 περὶ
719 1590 759 1627 τῷ
795 1594 947 1630 σταυρῶσαι

128 1635 166 1661 τὸν
184 1620 279 1673 Κύριον
306 1638 357 1669 τῆς
380 1634 459 1670 δόξης
482 1620 578 1670 ἦλθον,
594 1635 644 1676 τὸν,
656 1620 750 1662 Ιαἴῶνα
765 1620 866 1663 τοῦτονΙ
878 1647 945 1674 προ·
961 1620 983 1653 C

130 1679 265 1717 κρίναντες·
282 1679 327 1706 ὅτι
353 1679 398 1706 καὶ
421 1680 487 1710 τοὺς
511 1678 680 1710 ἀποστόλους
702 1678 813 1715 ἐδίωξαν
835 1681 879 1708 καὶ
895 1681 946 1709 ἀπ-

130 1722 246 1751 εκτειναν·
268 1724 311 1751 ὅτι
335 1724 406 1754 τινες
432 1723 535 1751 ἔσονται
561 1723 586 1751 οἷ
612 1723 811 1759 ὲξουθενοῦντες
830 1725 877 1752 τὸν
901 1726 947 1753 νό-

131 1778 173 1802 μον
196 1770 242 1796 τοῦ
267 1767 380 1806 Κυρίου,
393 1767 438 1794 καί
459 1778 529 1799 τινες
554 1769 580 1795 οἱ
602 1768 780 1806 ὑποταγέντες
804 1769 887 1805 αὐτῷ·
904 1769 946 1797 ὅτι

129 1810 184 1840 οὖδὶ
210 1812 337 1847 πλήθους
366 1809 534 1839 ἀσεϐούντων
565 1812 602 1843 είς
639 1813 752 1850 Χριστὸν
789 1813 906 1850 φείσεται
931 1815 945 1842 ὁ

129 1856 193 1887 Θεός.
220 1857 295 1888 Ἕνὸς
323 1855 374 1894 γὰρ
403 1854 508 1883 δικαίου
535 1855 708 1887 πιστεύοντος
733 1859 843 1894 Χριστῷ
868 1857 945 1893 μέλει

128 1900 161 1934 τῷ
180 1903 244 1936 Θεῷ,
261 1902 310 1928 κᾶν
337 1900 395 1931 νέος
420 1899 550 1936 ἀποθάνῃ.
575 1912 585 1925 ι
612 1903 700 1937 Γῆρας
724 1900 776 1938 γὰρ
800 1901 890 1937 τίμιον
914 1901 944 1929 οὐ

128 1944 154 1970 τὴ
177 1944 373 1982 πολυχρόνιον.
393 1956 403 1969 ι
431 1944 462 1971 Εἴ
484 1945 528 1971 καὶ
551 1941 650 1978 ἀσεϐὴς
672 1945 721 1979 τὴν
745 1944 873 1979 τελευτήν
895 1948 944 1973 τοῦ

129 1989 290 2020 πιστεύοντος
330 1990 439 2024 Χριστῷ
474 1987 658 2023 ἐξουθένωσεν,
692 1988 756 2016 ἀλλ’
788 1989 943 2027 ἐκλέγονται

130 2031 174 2059 ἀπὸ
192 2035 319 2071 Χριστοῦ.
337 2033 371 2061 Οἱ
394 2030 499 2063 ἀσεϐεῖς
520 2032 610 2068 ἀτίμῳ
634 2033 760 2069 πτώματι
785 2033 943 2070 παραδοθή-

130 2086 217 2111 σονται,
231 2078 278 2104 καὶ
295 2077 402 2115 μεγάλῃ
414 2077 498 2114 κρίσει
514 2074 767 2112 καταϐληθήσονται
790 2078 816 2104 οἱ
831 2077 942 2105 διῶκται

129 2122 175 2146 τῶν
201 2124 247 2149 τοῦ
270 2123 388 2159 Χριστοῦ
412 2120 519 2148 δούλων
544 2120 570 2148 ἂν
596 2123 630 2157 τῇ
654 2121 751 2159 κρίσει,
769 2121 870 2153 ἰδόντες
892 2123 941 2157 τὴν

131 2162 197 2199 δόξαν
223 2165 307 2193 aeto?»
335 2165 379 2192 καὶ
417 2165 516 2199 αὐτῶν,
539 2164 583 2192 καὶ
612 2165 722 2196 ἑαυτοὺς
752 2165 791 2196 εἰς
818 2165 940 2194 κόλασιν.

130 2209 180 2236 Ὀτι
207 2209 325 2241 πλοῦτος
356 2210 424 2246 μετὰ
449 2209 606 2244 ἀλαζονείας
637 2206 825 2246 συμϐέϐληται
861 2211 940 2246 ἡμῖν.

130 2252 167 2283 Τίς
197 2254 263 2292 ὀργὴ
292 2257 345 2282 τῶν
375 2251 542 2281 ἀσεϐούντων
573 2253 610 2285 εἷς
639 2254 765 2291 Χριστόν.
795 2256 939 2292 Προτροπὴ

128 2300 179 2327 τοῖς
202 2297 316 2336 ἄρχουσι
343 2301 391 2325 τοῦ
421 2299 542 2335 Ἰσραὴλ,
566 2297 634 2325 ὥστε
662 2298 795 2326 πιστεύειν
821 2299 939 2336 Χριστῷ,
956 2301 978 2332 D

132 2340 227 2376 μᾶλλον
250 2342 279 2370 δὲ
305 2344 449 2380 παράθεσις
478 2345 535 2373 τοῖς
565 2343 680 2380 ἄρχουσι
709 2344 759 2376 τῆς
785 2343 941 2378 Καθολικῆς

131 2384 294 2421 Ἑκκλησῖας,
314 2389 370 2418 πῶς
400 2386 494 2424 ἄρχειν
523 2385 563 2414 δεῖ
589 2387 804 2426 ἀποστραφέντος
829 2388 940 2417 ἐκείνου.

131 2428 170 2459 τίς
195 2431 212 2465 ἡ
240 2431 329 2469 σοφία,
345 2432 360 2458 ὁ
385 2431 445 2462 Υἱὸς
473 2433 521 2458 τοῦ
550 2433 635 2465 Θεοῦ;
653 2432 705 2460 Καὶ
733 2433 790 2463 πῶς
814 2433 828 2459 ὁ
853 2432 941 2469 Λόγος

134 2473 188 2509 σὶρξ
218 2474 318 2512 γέγονε,
352 2475 397 2502 καὶ
437 2475 586 2510 ἐσκήνωσεν
617 2474 642 2502 ἐν
671 2476 750 2512 ἡμῖν.
777 2477 838 2504 ’Ὁτι
867 2477 941 2514 κάγὼ

134 2516 294 2553 ὁμοιοπαθής
316 2520 390 2556 ὑμῖν,
414 2518 450 2546 ὢν
474 2518 625 2556 ἄνθρωπος,
648 2519 677 2546 ἐκ
698 2519 847 2552 κελεύσεως
875 2523 942 2548 θεοῦ

135 2561 312 2598 πεπαίδευμαι.
327 2564 390 2602 Περὶ
415 2563 542 2601 Χριστοῦ,
558 2565 592 2600 τῇ
616 2564 696 2603 σοφίᾳ
721 2566 767 2591 τοῦ
788 2565 864 2593 Θεοῦ.
880 2566 941 2594 ’Ὁτι

330 2611 428 2656 γνῶσιν
457 2608 582 2656 ἰξαῦτῆς
611 2607 702 2646 ἔσχον.
721 2609 764 2637 Ἐν
791 2610 841 2647 γὰρ
868 2609 941 2648 χειρὶ

136 2651 208 2676 αὐτοῦ
221 2651 266 2678 καὶ
281 2652 358 2688 ἡμεῖς
373 2652 417 2680 καὶ
433 2653 458 2680 οἱ
475 2652 555 2690 λόγοι
575 2653 666 2689 ἡμῶν,
682 2653 726 2683 Τίς
748 2654 765 2688 ἡ
791 2653 881 2692 σοφία,
898 2654 943 2682 καὶ

138 2694 189 2724 πῶς
202 2694 238 2725 εἷς
253 2695 407 2734 ἀνθρώπους
422 2696 499 2731 ἦλθε·
518 2697 566 2733 μία
588 2697 637 2735 γὰρ
662 2696 728 2725 οὖσα
754 2697 841 2725 πάντα
865 2697 943 2726 δύνα-

139 2745 186 2772 ται,
199 2739 242 2766 καὶ
268 2739 379 2777 μένουσα
404 2741 430 2770 ἐν
454 2741 532 2780 αὐτῇ,
553 2742 588 2770 τὰ
610 2741 696 2770 πάντα
719 2742 842 2778 καινίζει.
861 2756 873 2769 ι
889 2743 943 2778 Τήν

172 2826 193 2845 ⁸⁸
206 2828 271 2866 Sap.
288 2839 320 2868 iv,
334 2833 364 2861 8.

674 189 834 219 SYNOPS]
841 188 860 218 S
883 188 1117 219 SCRIPTUIME
1139 188 1287 218 SACRE.

1775 186 1833 215 3⁵14

1009 301 1095 335 facto,
1111 299 1283 327 deciderunt
1300 300 1335 326 ab
1352 298 1410 326 illis
1426 305 1567 333 squama,
1583 299 1612 324 et
1640 304 1707 324 mox
1735 296 1831 324 visum

1008 345 1219 380 recepitsenex.
1236 344 1322 372 Tobit
1333 351 1416 379 porro
1432 351 1496 370 cum
1508 344 1668 370 exczecatus
1682 343 1832 373 est,anno-

1007 398 1072 416 rum
1089 393 1151 417 erat
1166 398 1230 416 LVIII
1244 398 1250 422 ;
1268 397 1334 416 cum
1345 396 1411 416 vero
1420 388 1514 415 visum
1528 387 1668 422 reciperet
1678 386 1830 413 uvx.'l‘um

1006 433 1124 461 domum
1140 442 1207 461 cum
1223 433 1308 460 Tobit
1321 431 1569 467 videret,Augelns
1583 438 1648 459 sese
1663 430 1832 457 manifesta-

1005 478 1055 513 vit,
1085 478 1162 513 quod
1191 486 1247 505 non
1273 477 1360 505 homo
1376 479 1463 508 esset,
1480 476 1529 503 sed
1545 484 1561 502 a
1578 477 1633 503 Deo
1648 474 1769 509 missus,
1799 475 1832 501 ut

1005 522 1078 558 ipsis
1094 525 1123 550 et
1136 524 1211 549 Sara:
1221 530 1305 557 opem
1321 522 1416 549 ferret.
1444 520 1497 548 Ubi
1525 527 1592 547 vero
1618 527 1706 547 senex
1734 519 1830 546 factus

1005 568 1082 594 esset
1096 566 1193 598 Tobit,
1210 565 1268 593 {ilio
1281 573 1334 592 suo
1350 564 1445 592 Tobiae
1462 563 1621 597 mandavit,
1650 564 1683 590 ut
1710 562 1740 589 in
1765 562 1827 590 Me-

1004 610 1082 638 diam
1099 610 1203 642 abiret,
1220 610 1297 646 quod
1315 610 1445 636 futurum
1461 610 1539 636 esset
1555 610 1586 634 ut
1600 607 1703 635 Ninive
1723 614 1827 633 secun-

1003 655 1072 682 dum
1087 654 1207 682 verbum
1224 654 1303 682 Jonas
1322 653 1468 688 Prophetas
1490 652 1715 679 subverteretur.
1725 650 1760 677 Et
1775 650 1827 677 de-

1002 698 1103 726 ficiens
1115 700 1249 726 mortuus
1263 699 1307 725 est
1321 704 1465 724 annorum
1478 694 1664 723 cnvm.Filius
1678 702 1743 721 vero
1754 693 1827 729 :ejus

1002 744 1149 771 'l‘obiasin
1166 743 1289 771 Mediam
1306 742 1452 779 migravit,
1480 741 1529 768 ubi
1555 741 1673 768 tandem
1702 739 1825 775 sepultis

1002 796 1102 815 socero
1128 796 1160 816 ac
1191 796 1287 820 socru,
1315 789 1344 815 et
1366 787 1402 814 de
1429 785 1531 813 Ninive
1557 783 1746 812 subversione
1761 791 1828 819 per-

1001 835 1084 869 cepta
1099 833 1187 864 fama,
1203 834 1336 859 mortuus
1352 833 1396 859 est
1411 837 1554 858 annorum
1567 837 1633 856 cvu.

1200 884 1281 912 Liber
1295 883 1447 920 Sapientiae
1461 881 1622 910 Salomonis.

1034 930 1078 957 45.
1092 926 1241 965 Sapientia
1256 927 1420 956 Salomonis
1435 928 1553 954 vocatur
1571 926 1618 953 hic
1637 924 1719 952 liber.
1749 924 1821 952 Nam

999 975 1028 1002 et
1042 974 1121 1001 hunc
1137 982 1154 1001 a
1166 973 1320 1002 Salomone
1335 972 1477 1007 scriptum
1494 978 1558 998 esse
1574 968 1822 997 dicunt.Continet

1000 1021 1097 1045 autem
1113 1020 1141 1045 et
1155 1016 1318 1045 doctrinam
1330 1015 1464 1052 justitiaa,
1480 1017 1509 1043 et
1524 1024 1582 1051 qua
1594 1015 1704 1043 ratione
1717 1024 1820 1049 cogno-

1000 1063 1099 1091 scendi
1114 1065 1265 1090 suntcum
1282 1061 1418 1097 improbi,
1440 1062 1503 1088 tum
1521 1060 1602 1096 probi
1618 1060 1672 1087 viri
1689 1069 1695 1087 :
1712 1060 1747 1087 ad
1764 1060 1823 1087 haec

1000 1110 1028 1135 et
1047 1107 1230 1143 prophetiam
1257 1107 1291 1133 de
1305 1105 1429 1133 Christo.
1448 1107 1535 1132 Docet
1562 1104 1649 1132 etiam
1677 1104 1823 1140 quomodo

1000 1151 1093 1180 multo
1108 1160 1182 1188 opus
1198 1150 1236 1178 sit
1248 1150 1345 1178 labore
1360 1152 1388 1177 et
1402 1149 1545 1177 desiderio
1554 1149 1588 1177 ad
1599 1149 1825 1184 comparandam

1001 1195 1317 1233 sapientiam.Habetur
1331 1203 1448 1230 quoque
1461 1194 1508 1221 hic
1519 1194 1554 1221 de
1570 1193 1729 1221 nonnullus
1741 1196 1826 1220 natu-

1001 1250 1039 1268 ra:
1050 1240 1182 1277 partibus
1198 1238 1367 1274 disputatio.
1385 1241 1456 1266 Item
1468 1240 1568 1265 contra
1579 1237 1656 1265 idola
1671 1239 1699 1265 et
1709 1237 1825 1264 illorum

1002 1285 1174 1321 sculptores,
1186 1286 1287 1311 contra
1302 1291 1362 1315 eos,
1379 1282 1428 1318 qui
1445 1290 1527 1317 spem
1544 1282 1574 1309 in
1591 1281 1648 1309 illis
1664 1283 1788 1317 ponunt,
1800 1289 1828 1315 et

1001 1338 1034 1358 ea
1045 1330 1168 1357 adorant
1182 1336 1215 1355 ac
1229 1327 1340 1355 colunt.
1353 1327 1493 1354 Praeterea
1510 1328 1539 1353 et
1564 1325 1691 1360 hymnus
1721 1325 1826 1360 adjun-

1002 1376 1049 1401 cta
1063 1372 1245 1400 confessione
1256 1370 1435 1399 mirabilium
1447 1369 1726 1406 operationum,quie
1735 1369 1826 1396 Israe-

1001 1418 1061 1446 litis
1074 1426 1172 1445 coram
1189 1417 1319 1453 ipsorum
1335 1415 1463 1443 inimicis
1478 1423 1495 1443 a
1510 1415 1567 1442 Deo
1584 1414 1663 1442 facta:
1679 1417 1758 1441 sunt.
1770 1414 1825 1450 Igi-

1001 1465 1051 1491 tur
1064 1463 1128 1499 ipsa
1144 1462 1262 1498 quidem
1279 1461 1344 1488 libri
1360 1460 1449 1496 hujus
1460 1459 1619 1495 complexio
1631 1459 1709 1486 hunc
1723 1458 1753 1485 in
1765 1467 1826 1486 mo-

1003 1507 1073 1535 dum
1088 1507 1195 1535 habet:
1212 1504 1411 1541 recapitulatio
1427 1513 1493 1532 vero
1505 1503 1609 1531 inistis
1620 1505 1673 1531 est.
1690 1503 1723 1530 In
1738 1511 1827 1538 prooe-

1003 1551 1070 1580 miis
1086 1548 1330 1585 adhortatiojusti
1344 1551 1388 1577 est
1402 1549 1436 1577 ad
1453 1547 1562 1576 cultum
1587 1547 1648 1581 Dei,
1673 1550 1702 1575 et
1729 1555 1824 1582 repre-

1003 1596 1106 1624 hensio
1121 1594 1203 1630 impii
1215 1592 1390 1629 blasphemi.
1409 1603 1422 1616 ‹‹
1438 1594 1478 1619 Ne
1507 1591 1663 1624 semuleris,
1679 1601 1693 1616 »
1718 1590 1824 1626 inquit,

1005 1652 1018 1665 ‹‹
1034 1638 1238 1670 Antichristos,
1254 1637 1303 1673 qui
1318 1639 1387 1664 sunt
1401 1636 1465 1672 ipsa
1481 1644 1571 1663 mors.
1590 1646 1604 1660 ››
1618 1634 1700 1662 Unde
1717 1635 1825 1661 factum

1003 1685 1051 1718 sit,
1068 1683 1146 1719 quod
1162 1682 1245 1718 impii
1261 1689 1294 1709 eo
1307 1681 1486 1713 devenerint,
1499 1681 1532 1707 ut
1553 1679 1710 1707 Dominum
1730 1679 1829 1715 gloriae

1002 1728 1215 1764 cruciﬁgerent,
1232 1726 1301 1754 dum
1319 1733 1446 1760 praesens
1466 1723 1605 1752 saeculum
1630 1723 1671 1750 illi
1701 1724 1827 1751 antefer—

1001 1774 1088 1805 rent;
1118 1770 1195 1806 quod
1222 1770 1277 1805 ipsi
1305 1768 1450 1805 Apostolis
1474 1768 1617 1803 persecuti
1632 1768 1691 1795 sint
1706 1771 1731 1794 el
1756 1767 1827 1794 occi-

1001 1817 1113 1849 derint;
1126 1815 1201 1851 quod
1218 1813 1308 1841 futuri
1325 1814 1385 1841 sint
1400 1813 1530 1849 quidam,
1543 1812 1592 1847 qui
1609 1812 1701 1847 legem
1711 1810 1826 1838 Domini

999 1861 1197 1891 contemnant,
1215 1857 1335 1894 quidam
1350 1865 1417 1884 vero
1435 1856 1494 1891 alii,
1511 1856 1559 1892 qui
1576 1855 1617 1882 illi
1633 1855 1692 1882 sint
1713 1854 1825 1882 obtem-

999 1903 1146 1940 peraturi;
1172 1905 1200 1930 et
1219 1902 1296 1937 quod
1322 1904 1396 1928 Deus
1421 1909 1457 1928 ne
1490 1898 1672 1927 multitudini
1705 1897 1823 1933 quidem

998 1957 1110 1980 eorum,
1127 1946 1177 1983 qui
1193 1946 1282 1981 impie
1293 1945 1321 1973 in
1336 1944 1483 1972 Christum
1499 1944 1600 1979 agunt,
1617 1942 1656 1969 sit
1671 1949 1822 1977 parsurus.

998 1992 1111 2020 Etenim
1134 1990 1222 2019 unius
1243 1989 1328 2025 justi,
1348 1988 1463 2017 Christo
1488 1986 1644 2018 credentis,
1674 1993 1744 2014 cura
1780 1988 1825 2013 est

998 2037 1075 2065 I82
1094 2036 1162 2070 Deo,
1180 2033 1291 2062 etiamsi
1309 2034 1338 2060 in
1354 2031 1549 2060 adolescentia
1564 2031 1715 2058 moriatur.
1741 2041 1755 2055 «
1773 2030 1823 2057 Se-

997 2084 1100 2109 nectus
1116 2080 1223 2116 quippe
1238 2076 1412 2106 venerabilis
1441 2078 1495 2111 est,
1508 2084 1565 2103 non
1596 2075 1737 2103 diuturna
1746 2075 1778 2102 '0.
1809 2086 1822 2099 n

998 2126 1030 2154 Et
1043 2125 1070 2153 ei
1084 2124 1194 2161 impius
1211 2125 1334 2151 mortem
1350 2123 1425 2157 ejus,
1442 2121 1491 2158 qui
1508 2120 1623 2148 Christo
1639 2119 1740 2152 credit,
1756 2127 1823 2146 con-

998 2169 1115 2201 temnit,
1141 2177 1158 2196 α
1178 2167 1292 2195 (ιη-ἰεῑο
1322 2169 1420 2194 tamen
1449 2165 1523 2193 tales
1552 2164 1712 2200 eliguntur.
1738 2164 1823 2199 Impii

997 2212 1197 2250 ignominiosis
1212 2211 1303 2239 ruinae
1319 2210 1512 2243 tradentur,et
1522 2208 1624 2245 grandi
1647 2208 1822 2236 condemna-

995 2258 1073 2286 tione
1090 2257 1313 2293 prosternuntur
1327 2253 1468 2289 injudicii
1481 2253 1590 2289 die,qui
1603 2261 1701 2281 servos
1713 2252 1822 2280 Christi

995 2302 1221 2338 persequuntur,
1233 2299 1364 2327 videntes
1384 2298 1506 2333 gloriam
1517 2297 1623 2325 Christi
1636 2299 1663 2324 et
1687 2304 1822 2325 suorum.

996 2354 1028 2374 se
1054 2353 1120 2373 vero
1144 2345 1179 2372 ad
1200 2343 1378 2379 supplicium
1409 2341 1481 2378 rapi.
1508 2342 1586 2374 Quod
1603 2340 1708 2368 divitiae
1738 2341 1822 2368 nobis

996 2398 1063 2418 cum
1086 2388 1251 2425 arrogantia
1278 2386 1458 2423 contingant.
1475 2386 1542 2417 Quae
1558 2385 1597 2413 sit
1612 2385 1655 2412 ira
1671 2384 1718 2412 Dei
1734 2393 1823 2421 super

996 2442 1056 2469 eos,
1073 2433 1122 2469 qui
1139 2432 1227 2468 impie
1243 2432 1271 2459 in
1288 2431 1434 2459 Christum
1451 2430 1635 2466 delinquunt.
1651 2429 1822 2456 Adhortatio

997 2478 1032 2506 ad
1050 2477 1194 2513 principes
1208 2475 1370 2510 Israelis,ut
1385 2474 1499 2502 Christo
1509 2475 1638 2506 credant,
1650 2473 1709 2501 imo
1727 2473 1823 2509 potius

997 2521 1179 2550 denuntiatio
1188 2519 1370 2555 principibus
1376 2518 1523 2546 catholica
1532 2517 1824 2553 Ecclesiae,quomodo

998 2575 1095 2603 regere
1111 2566 1235 2593 debeant
1250 2565 1316 2600 post
1326 2563 1406 2590 illius
1431 2562 1611 2590 abscessum.
1637 2562 1703 2593 Quae
1724 2562 1763 2589 sit
1778 2569 1823 2589 sa-

997 2609 1116 2646 pientia,
1131 2616 1235 2643 nempe
1251 2606 1341 2634 Filius
1357 2606 1432 2634 Dei?
1461 2606 1495 2634 Et
1523 2606 1669 2641 quomodo
1696 2605 1824 2633 Verbum

998 2654 1037 2682 sit
1052 2661 1118 2681 caro
1135 2653 1255 2685 factum,
1269 2652 1357 2687 inque
1373 2650 1457 2678 nobis
1472 2650 1656 2678 habitaverit.
1681 2649 1824 2683 Quoniam

998 2701 1027 2727 et
1041 2707 1103 2735 ego,
1121 2697 1228 2734 inquit,
1243 2698 1343 2725 eadem
1359 2696 1508 2725 vobiscum
1525 2704 1629 2732 passus
1644 2704 1720 2728 sum,
1738 2695 1823 2723 homo

999 2743 1136 2777 existens,
1154 2745 1182 2770 et
1188 2742 1275 2778 jussu
1292 2740 1344 2770 Dei
1358 2740 1520 2777 disciplina
1536 2740 1728 2769 subditus.De
1740 2739 1821 2767 Chri-
