2043 3111
178 174 237 204 375

179 283 374 319 cognitionem
391 283 493 310 habeo.
512 284 543 310 In
568 292 658 311 manu
682 283 760 311 enim
790 283 870 311 illius
898 285 927 310 et
955 290 1007 310 nos

179 335 284 355 sumus
299 329 327 354 et
339 335 489 355 sermones
504 327 607 354 nostri.
637 327 704 358 Qu
733 327 772 355 sit
800 326 954 363 sapientia,
980 329 1008 353 et

180 372 325 407 quomodo
342 370 392 398 illa
407 372 443 398 ad
459 371 593 399 homines
609 372 731 399 venerit.
743 373 815 399 Cum
831 371 909 398 enim
921 370 1008 398 unica

179 414 227 449 sit,
244 415 343 442 omnia
354 417 459 450 potest,
471 417 500 442 et
514 423 581 442 cum
592 414 622 442 in
639 423 670 442 se
686 415 750 450 ipsa
767 417 893 448 maneat,
909 413 1009 442 omnia

179 461 277 486 tamen
293 459 422 486 innovat.
439 470 453 484 (‹
469 459 622 492 Quoniam,
652 470 666 484 ι)
694 459 802 495 inquit,
828 459 881 486 «ab
910 457 1008 485 adole-

180 503 291 531 scentis
306 502 480 538 sapientiam
494 503 640 537 adamavi,
657 504 757 531 omnia
767 503 844 531 bona
858 511 892 530 ex
901 501 950 529 illa
965 510 1008 529 ac-

180 546 243 582 cepi
258 547 291 580 “,
309 558 322 571 ιι
339 547 467 574 carnalia
482 550 511 574 et
521 547 695 583 spiritualia.
708 547 829 583 Cognita
847 547 926 575 enim
950 554 1010 573 ma-

181 591 335 627 gnitudine
348 591 657 627 sapientiae,postulavi
669 600 687 619 a
696 591 831 624 Domino,
849 593 881 618 ut
891 591 1010 618 daretur

182 635 253 663 mihi
271 635 397 671 Spiritus
413 637 543 669 sanctus,
559 636 607 670 qui
619 643 665 663 me
676 635 712 663 de
723 635 775 663 illa
789 635 1010 667 illuminaret,et

183 680 292 707 missus
306 682 360 710 est.
377 682 410 707 ut
424 687 539 707 mecum
555 680 709 707 laboraret.
727 679 922 716 Cogitationes
931 687 1010 706 nam-

182 731 239 759 que
255 723 420 750 mortalium
436 723 544 751 timides
560 726 639 751 sunt.
665 726 703 751 De
731 723 868 759 operibus
893 723 1008 759 sapien-

183 768 240 797 tiae.
270 767 420 799 Quomodo
438 767 567 803 primum
598 768 747 795 hominem
772 767 978 801 custodiverit,
995 775 1010 794 e

183 812 299 846 quantis
313 811 398 839 malis
414 812 490 839 Deus
505 812 656 839 credentes
672 812 728 840 sibi
743 815 878 847 servet,et
899 814 1011 847 quanta

183 857 242 884 illis
258 857 334 884 bona
344 859 470 892 praestet,
489 859 521 884 ut
537 857 633 884 videre
661 860 690 884 et
706 857 734 884 in
763 857 822 885 Noe
849 856 1008 890 Abraham,

186 901 247 933 Lot,
262 900 362 934 Jacob,
379 901 499 936 Joseph,
513 900 664 934 lsraelitis,
677 909 753 936 quos
777 909 792 928 e
816 909 905 928 manu
926 900 1010 935 [Egy-

186 946 312 980 ptiorum
322 953 373 980 per
387 945 505 980 Moysen
521 944 662 980 liberavit,
676 947 705 972 et
719 952 796 980 aqua
811 953 851 979 ,οι
866 947 1012 980 ριἐεῑυμι

186 993 268 1026 petra
285 990 557 1025 potavit.Quomodo
573 993 684 1025 septem
700 989 836 1025 gentibus
849 989 1012 1025 vespasmi-

186 1034 303 1061 serit.Et
315 1033 435 1061 lenitate
450 1042 522 1061 usus
537 1033 625 1062 etiam
641 1034 699 1061 illis
719 1036 820 1069 postea
835 1034 1011 1069 poenitentiae

185 1078 279 1105 locum
296 1077 473 1114 dederit,per
484 1078 542 1106 ista
571 1078 712 1114 populum
740 1079 900 1111 instruens,
913 1080 945 1104 ut
960 1078 1011 1104 be-

185 1122 293 1157 nignus
307 1124 385 1149 esset
412 1123 440 1149 et
465 1122 621 1149 humanus.
655 1122 762 1150 Contra
788 1122 1011 1153 elementorum,

185 1174 336 1199 ranarum,
352 1166 566 1202 sciniphorum,
583 1166 724 1199 murium,
743 1165 935 1200 locustarum,
964 1173 1014 1193 ve-

184 1218 316 1246 sparum,
331 1213 514 1246 serpentum,
531 1211 694 1247 imaginum
721 1218 755 1237 ex
778 1218 861 1243 auro,
880 1212 1013 1245 argento,

186 1254 343 1289 lapidibus,
360 1257 411 1281 aut
427 1253 506 1290 ligno
518 1254 737 1288 fabricatarum,
748 1253 1011 1285 adoratores.Quod

186 1298 359 1334 perlignum
376 1297 458 1326 salus
476 1298 524 1326 .sit
552 1299 749 1326 credentibus.
763 1301 802 1326 De
817 1298 1013 1333 sculptoribus

185 1343 227 1369 vel
246 1342 404 1377 pictoribus
419 1342 673 1378 idolorum,deque
689 1342 828 1370 omnibus
843 1342 1012 1369 idololatria:

185 1387 280 1413 malis.
297 1386 337 1414 De
351 1386 443 1422 impia
458 1386 608 1422 religione,
631 1390 659 1414 et
673 1389 744 1422 quot
759 1386 801 1414 illi
818 1387 910 1414 insint
925 1386 1013 1414 mala.

185 1432 222 1458 De
239 1430 328 1467 ligulo
339 1433 367 1458 et
388 1430 529 1459 ﬁctilibus
557 1431 655 1459 idolis.
685 1433 724 1458 De
748 1431 887 1459 omnibus
915 1430 1013 1464 idolis,

184 1484 249 1510 quae
265 1484 282 1503 ε
296 1476 433 1511 gentibus
449 1476 597 1509 coluntur,
614 1476 888 1504 inimicissimarum
908 1475 1013 1503 bestia-

185 1528 262 1553 rum,
280 1522 595 1555 serpentum,oatorum
612 1522 640 1547 et
655 1519 896 1552 similium.Quod
916 1518 1014 1547 lsraeli

186 1566 262 1590 Deus
280 1563 452 1591 beneﬁcium
477 1564 643 1598 contulerit,
671 1572 722 1599 pro
742 1565 822 1592 ranis
846 1564 1012 1591 coturnices

187 1608 402 1641 mittens.Quod
409 1611 510 1636 contra
518 1617 649 1636 morsum
657 1597 891 1644 serpentum,per
900 1616 1011 1636 ameum
1027 1597 1048 1630 (ἶ

187 1654 352 1686 serpentem
366 1651 396 1679 in
412 1660 498 1679 eruce
513 1661 689 1688 suspensum
706 1652 787 1680 salus
808 1652 917 1688 populo
939 1653 1014 1680 facta

188 1695 237 1727 sit,
254 1695 364 1723 inimici
381 1703 447 1723 vero
468 1696 598 1731 ipsorum
627 1705 677 1732 per
702 1696 831 1724 locustas
859 1699 887 1724 et
916 1704 1015 1724 mures

186 1738 282 1766 occisi.
313 1740 394 1771 Quod
425 1739 565 1775 populum
595 1739 766 1775 angelorum
803 1740 867 1768 cibo
899 1739 1014 1772 aluerit,

187 1791 394 1818 quamcunque
408 1782 587 1818 voluptatem
604 1783 741 1817 habente,
751 1786 780 1811 et
794 1784 829 1811 ad
859 1791 1017 1819 quemcun-

189 1835 244 1862 que
259 1829 379 1862 gustum
390 1827 534 1863 apposito.
557 1827 638 1859 Quod
655 1828 828 1863 grandinem
851 1835 917 1855 cum
949 1828 1016 1863 igne

191 1872 225 1898 ad
248 1872 478 1908 corrumpendae
494 1871 591 1907 fruges
600 1872 629 1899 in
640 1872 787 1908 [Egyptios
796 1872 918 1899 miserit.
935 1872 1016 1904 Quod

188 1917 347 1953 palpabiles
362 1917 497 1945 tenebras
511 1917 542 1944 in
558 1918 706 1953 Egyptios
722 1918 884 1950 demiserit,
900 1920 929 1945 et
953 1926 1016 1953 quin

189 1962 217 1988 in
232 1970 265 1989 ea
280 1970 310 1989 re
322 1962 438 1989 inerant
453 1961 548 1989 mala:
566 1962 676 1989 sanctis
690 1970 757 1990 vero
787 1962 849 1989 suis
867 1962 962 1990 lucem
987 1962 1016 1990 in

188 2007 321 2040 ngypto,
334 2008 363 2033 et
376 2006 540 2033 columnam
558 2005 635 2042 ignis
660 2006 689 2033 in
715 2005 883 2041 solitudine,
895 2010 924 2034 et
939 2007 1015 2042 quod

191 2052 307 2084 propter
322 2049 433 2077 occisos
449 2049 645 2077 lsraelitarum
663 2050 800 2083 infantes,
815 2051 1016 2087 Egyptiornm

190 2093 399 2128 primogenitos
415 2096 537 2126 mors,et
552 2094 717 2121 submersio
743 2094 835 2130 (ipsos
858 2095 1017 2131 Egyptios)

189 2137 360 2165 sustulerit:
386 2140 415 2165 et
438 2145 489 2172 pro
510 2140 603 2165 morte
628 2138 902 2175 primogenitorum,
937 2140 1018 2167 salus

194 2181 294 2209 lsraeli
321 2189 371 2217 per
395 2182 569 2217 sanguinem
589 2182 657 2218 agni
672 2191 809 2211 concessa
823 2184 870 2211 sit.
904 2186 938 2212 Et
966 2193 1018 2219 pro

191 2229 282 2253 morte
307 2227 458 2261 justorum
486 2227 515 2254 in
545 2226 712 2258 solitudine.
737 2231 832 2256 Aaron
862 2230 1017 2257 Dominum

772 174 806 204 S.
827 173 1091 204 ATHANASIUS.
1108 188 1146 193 —
1162 172 1292 202 DUBIA.

178 242 223 268 sto
238 239 412 275 sapientiam
430 240 476 266 Dei
489 239 775 273 habente.0mnium,
791 239 898 275 inquit,
909 238 1002 266 exilla

1067 236 1162 275 τοφίαν,
1190 249 1203 262 ›ι
1229 237 1318 276 φησὶν,
1337 250 1350 262 α

1822 173 1885 202 376

1380 237 1410 264 ἐκ
1434 247 1559 272 νεοτητος
1586 236 1716 275 φιλήσας,
1742 236 1826 263 πάντα
1851 238 1884 263 τὰ

1062 281 1147 319 ἄγαθά
1175 280 1199 317 ἐξ
1228 281 1313 315 αὐτῆς
1341 281 1433 318 ἔσχον,
1450 294 1463 307 1)
1488 280 1601 319 σαρκικὰ
1629 280 1673 307 καὶ
1702 281 1881 316 πνευματικά.

1061 327 1131 360 ”Ὀτι,
1148 326 1178 353 τὸ
1207 326 1318 363 μέγεθος
1345 329 1396 360 τῆς
1425 325 1518 364 σοφίας
1542 324 1678 362 ἐγνωκὼς,
1694 324 1819 362 ἐνέτυχον
1844 327 1885 360 τῷ

1063 370 1163 407 Κυρίῳ,
1181 369 1249 397 ὥστε
1264 380 1310 406 μοι
1327 368 1438 404 δοθῆναι
1461 370 1492 397 τὸ
1512 368 1586 407 ἅγιον
1611 371 1729 405 Πνεῦμα,
1745 369 1776 396 τὸ
1798 369 1880 407 φωτίν

1064 417 1107 448 ζον
1140 425 1173 450 με
1200 414 1263 450 περὶ
1290 414 1384 448 αὐτῆς,
1408 414 1453 441 καὶ
1483 413 1619 452 ἐπέμφθη,
1646 411 1690 440 ’ίνα
1718 414 1887 450 συγκοπιάσῃ

1065 469 1121 494 μοι.
1140 458 1276 495 Λογισμοῖ
1301 458 1352 496 γὰρ
1381 459 1485 492 θνητῶν
1513 455 1608 485 δειλοί.
1625 457 1691 494 Περὶ
1714 459 1768 484 τῶν
1798 454 1884 494 ἔργων

1061 506 1112 537 τῆς
1137 502 1242 541 σοφίας.
1272 504 1333 533 Πῶς
1361 502 1407 529 τὸν
1435 500 1649 539 πρωτόπλαστον
1676 500 1845 540 διεφύλαξεν,
1860 501 1887 535 ἐξ

1063 546 1132 574 ὅσων
1154 549 1241 574 κακῶν
1265 547 1345 580 σώζει
1374 545 1437 576 τοὺς
1465 545 1639 576 πιστεύοντας
1665 545 1738 581 αὐτῷ
1767 546 1780 572 ὁ
1808 545 1886 579 Θεὸς,

1063 591 1107 618 καὶ
1130 590 1178 618 ὅσα
1202 591 1286 628 ἀγαθὰ
1308 591 1433 627 παρέχει·
1450 591 1507 617 οἷον
1530 590 1576 617 τὸν
1600 592 1670 624 Νῶε,
1685 590 1731 617 τὸν
1753 587 1888 626 Ἀϐραὰμ.

1062 635 1108 662 τὸν
1127 636 1199 668 Adit),
1218 635 1263 661 τὸν
1293 632 1400 668 Ἰακὼϐ,
1424 635 1469 662 τὸν
1501 635 1613 673 Ἰωσὴφ,
1627 635 1690 665 τοὺς
1706 633 1888 670 Ἰσραηλίτας,

1064 680 1110 711 οὓς
1126 680 1155 707 ἐκ
1171 680 1262 717 χειρὸς
1285 682 1338 707 τῶν
1353 679 1508 716 Αἰγυπτίων
1526 678 1654 717 έρῥύσατο
1670 677 1714 705 διὰ
1738 678 1889 712 Μωϋσέιυς,

1063 723 1108 751 καί
1138 723 1167 751 ὲκ
1194 723 1291 761 πέτρας
1315 723 1471 761 ἀκροτόμου
1499 722 1578 758 ἐδόθη
1608 722 1701 753 αὐτοῖς
1730 720 1813 759 ὕδωρ.
1843 723 1888 753 Ὠς

1064 771 1121 799 τοῖς
1152 769 1171 803 ζ’
1200 767 1299 800 ἔθνεσιν
1330 767 1472 795 ἀπέστειλε
1500 771 1614 806 σφῆκας.
1646 767 1827 805 Μακροθυμίᾳ
1860 765 1891 794 δὲ

1064 814 1220 851 χρώμενος,
1238 812 1283 839 καὶ
1298 812 1407 843 τούτοις
1432 811 1521 839 ἐδίδου
1543 812 1626 839 τόπον
1654 811 1805 847 μετανοίας¹
1821 822 1889 838 παι-

1065 856 1148 885 δεύων
1165 855 1209 883 διὰ
1223 856 1327 884 τούτων
1352 856 1397 883 τὸν
1423 856 1488 884 λαὸν
1514 857 1581 883 εἶναι
1597 856 1799 894 φιλάνθρωπον.
1816 855 1891 882 Κατᾶ

1065 901 1307 939 στοιχειολατρῶν,
1325 900 1482 939 βατράχων,
1499 903 1624 939 σκνιφῶν,
1649 902 1734 936 μυῶν,
1759 898 1890 937 ἀκρίδων,

1065 948 1187 985 σφηκῶν,
1216 943 1313 984 ὄφεων.
1344 945 1418 973 Κατᾶ
1453 944 1672 982 ε’δωλολατρῶν,
1702 944 1731 971 ἐκ
1767 946 1891 982 χρυσῶν,

1065 991 1109 1017 καὶ
1140 990 1274 1028 ἁργύρων,
1303 990 1321 1024 ἢ
1351 989 1445 1023 λίθων,
1473 989 1489 1023 ἢ
1520 989 1633 1024 ξυλίνων
1672 987 1793 1016 εἰδώλων
1822 998 1892 1015 κατ-

1066 1034 1277 1070 εσκευασμένων.
1294 1035 1353 1061 Ὅτι
1368 1031 1422 1061 ἔστι
1438 1033 1482 1060 καὶ
1503 1033 1623 1069 σωτηρία
1649 1032 1692 1060 διὰ
1722 1032 1803 1067 ξύλου
1831 1035 1892 1063 τοῖς

1066 1078 1232 1106 πιστεύουσι.
1261 1078 1299 1105 Τὰ
1327 1078 1388 1115 περὶ
1425 1078 1479 1104 τῶν
1518 1076 1705 1104 εἰδωλοποιῶν
1735 1077 1752 1111 ἢ
1783 1079 1889 1114 ζωγρα-

1067 1123 1189 1162 φούντων
1218 1121 1330 1150 ε’ίδωλα.
1347 1125 1412 1157 Περι
1439 1121 1544 1148 πάντων
1574 1123 1627 1148 τῶν
1656 1123 1747 1148 κακῶν
1775 1123 1828 1147 τῶν
1863 1120 1891 1147 ἐν

1067 1166 1291 1204 είδωλολατρείᾳ.
1321 1166 1388 1203 Περὶ
1425 1163 1537 1196 ἀσεϐοῦς
1570 1165 1726 1202 θρησκείας,
1761 1166 1805 1192 καὶ
1843 1164 1895 1192 ὅσα

1067 1211 1092 1239 ἐν
1109 1210 1177 1247 αὐτῇ
1192 1211 1269 1238 κακά.
1292 1210 1357 1247 Περὶ
1383 1212 1431 1237 τοῦ
1461 1209 1612 1247 κεραμέως,
1627 1209 1672 1236 καὶ
1700 1211 1753 1236 τῶν
1779 1219 1894 1246 κεραμι-

1066 1258 1121 1283 κῶν
1152 1254 1273 1282 εἰδώλων
1297 1258 1348 1289 τῆς
1376 1257 1430 1281 τῶν
1456 1254 1538 1281 έθνῶν
1566 1253 1701 1291 λατρείας.
1731 1253 1795 1291 Περὶ
1835 1255 1892 1280 τῶν

1067 1299 1198 1337 ἐχθίστων
1229 1300 1316 1333 ζώων,
1341 1296 1440 1337 ὄφεων,
1462 1297 1609 1334 αἰλούρων,
1626 1297 1670 1324 καί
1692 1299 1744 1324 τῶν
1775 1296 1892 1333 ὁμοίων.

1067 1345 1127 1371 ’Ότι
1143 1343 1320 1380 εὐηργέτησεν
1338 1343 1351 1369 ὁ
1367 1342 1431 1372 Θεὸς
1453 1342 1498 1368 τὸν
1517 1340 1627 1378 Ἰσραὴλ
1657 1341 1715 1368 ἀντὶ
1746 1341 1894 1378 βατράχων

1068 1388 1286 1425 ὀρτυγομήτραν.
1311 1388 1370 1413 ’Ὁτι
1399 1387 1443 1413 καὶ
1472 1386 1515 1412 ἐπὶ
1542 1384 1683 1423 δήγματος
1705 1383 1791 1423 ὄφεων
1807 1396 1898 1420 σωτη-

1069 1433 1113 1470 ρία
1126 1434 1175 1459 τοῦ
1190 1432 1258 1459 λαοῦ
1283 1430 1317 1458 δι’
1345 1428 1432 1469 ὄφεως
1463 1429 1569 1468 χαλκοῦ
1598 1429 1814 1467 ἐσταυρωμένου·
1829 1429 1897 1461 τοὺς

1070 1476 1098 1504 δὲ
1128 1475 1242 1513 ἰχθρους
1271 1475 1359 1502 αὐτῶν
1376 1474 1410 1502 δι’
1426 1473 1542 1511 ἀκρίδων
1572 1474 1616 1501 καὶ
1635 1476 1709 1510 μυῶν
1727 1473 1896 1502 ἀπέκτεινεν.

1068 1521 1128 1547 ’Ότι
1144 1518 1268 1557 ἀγγέλων
1284 1519 1388 1557 τροφὴν
1405 1518 1525 1555 ἐψώμισε
1549 1518 1594 1545 τὸν
1619 1517 1685 1545 λαὸν
1715 1518 1782 1554 πρὸς
1807 1521 1896 1544 πᾶσαν

1069 1563 1169 1599 ἡδονὴν
1199 1563 1358 1601 ίσχύουσαν,
1373 1563 1417 1590 καὶ
1444 1563 1512 1600 πρὸς
1532 1565 1617 1589 πᾶσαν
1646 1562 1777 1599 ἁρμονίας
1793 1564 1896 1599 γεῦσιν.

1067 1610 1130 1637 ’Ὀτι
1146 1607 1267 1646 χάλαζαν
1285 1607 1445 1644 Αἰγυπτίοις
1463 1607 1529 1643 μετὰ
1543 1606 1628 1644 πυρὸς
1643 1606 1748 1643 ἔπεμψε
1757 1607 1825 1644 πρὸς
1839 1605 1899 1633 δια-

1069 1653 1169 1692 φθορὰν
1197 1653 1384 1689 γεννημάτων.
1417 1652 1474 1678 ’Ότι
1512 1654 1570 1681 τοῖς
1597 1651 1756 1688 Αἰγυπτίοις
1787 1650 1895 1687 ἔπεμψε

1069 1697 1232 1736 ψηλαφητόν
1257 1696 1364 1730 σκότος,
1389 1696 1434 1722 καὶ
1462 1696 1495 1723 τὰ
1525 1695 1550 1722 ἐν
1580 1694 1653 1731 αὗτῷ
1681 1695 1758 1722 κακά·
1783 1698 1841 1725 τοῖς
1866 1694 1897 1722 δὲ

1069 1742 1153 1773 ὁσίοις
1169 1741 1251 1769 αὐτοῦ
1266 1743 1322 1780 φῶς
1336 1740 1363 1767 ἐν
1379 1740 1572 1777 Αἰγύπτῳ,καὶ
1588 1740 1613 1767 ὲν
1633 1741 1667 1776 τῇ
1683 1739 1780 1777 ἐρήμῳ
1796 1739 1896 1766 στῦλον

1070 1786 1164 1822 πυρός,
1193 1785 1240 1813 Καὶ
1271 1785 1327 1812 ἐντὶ
1358 1785 1404 1820 μὲν
1431 1783 1544 1811 θανάτου
1573 1784 1678 1819 νηπίων
1704 1782 1813 1821 Ἰσραὴλ
1838 1785 1894 1810 τῶν

1071 1831 1227 1868 Αἰγυπτίων
1251 1829 1432 1867 πρωτοτόκων
1460 1828 1572 1859 θάνατος
1595 1828 1640 1855 καὶ
1665 1827 1897 1863 καταποντισμός·

1071 1875 1129 1903 ἀντὶ
1158 1873 1187 1902 δὲ
1215 1874 1329 1901 θανάτου
1355 1872 1549 1910 πρωτοτόκων,
1574 1872 1695 1910 σωτηρία
1721 1871 1831 1909 Ἰσραὴλ
1861 1870 1899 1898 δι’

1071 1918 1185 1955 α’ίματος
1210 1915 1359 1956 προϐάτου.
1377 1917 1425 1944 Καὶ
1453 1917 1497 1944 ἐπὶ
1528 1918 1574 1953 μὲν
1602 1916 1706 1952 θανάτῳ
1735 1914 1845 1943 δικαίων
1870 1915 1899 1942 ὲν

1072 1964 1169 2002 ἐρήμῳ
1199 1963 1302 1999 Ἀαρὼν
1345 1962 1498 1997 ἐξιλάσατο,
1537 1960 1626 1998 Κυρίῳ
1666 1960 1897 1997 προσευξάμενος,

1072 2008 1115 2034 καὶ
1141 2007 1283 2043 θυμιάσας·
1301 2006 1344 2033 ἐπὶ
1374 2004 1402 2033 δὲ
1431 2006 1536 2041 θανάτῳ
1566 2005 1721 2042 Αἰγυπτίων
1737 2004 1762 2031 ἐν
1781 2005 1899 2042 Ἐρυθρᾷ

1073 2051 1193 2088 θαλάσσῃ
1217 2050 1376 2086 ἆνελεήμων
1403 2050 1497 2086 θυμός
1513 2052 1562 2077 τοῦ
1591 2048 1619 2076 δὲ
1648 2048 1716 2076 λαοῦ
1744 2047 1896 2086 παράδοξος

1073 2095 1225 2133 ὁδοιπορία.
1241 2096 1300 2122 ’Ότι
1325 2093 1369 2122 διὰ
1395 2094 1541 2130 μισοξενίαν
1568 2093 1664 2121 ἔπαθον
1688 2095 1772 2120 ταῦτα
1796 2093 1821 2120 οἱ
1846 2093 1897 2121 Αί-

1071 2140 1192 2178 γύτιτιοι,
1209 2140 1246 2170 ὡς
1260 2139 1305 2166 καὶ
1321 2140 1346 2166 οἱ
1363 2138 1523 2175 Σοδομῖται.
1540 2139 1601 2167 ’Ότι
1625 2138 1659 2165 τὰ
1682 2140 1804 2176 στοιχεῖα
1829 2137 1897 2165 ὑπό-

1072 2195 1157 2212 κειται
1185 2184 1219 2221 τῇ
1255 2183 1313 2218 θείᾳ
1350 2183 1435 2219 κρίσει
1473 2184 1600 2220 Χριστοῦ,
1627 2182 1694 2220 πρὸς
1724 2182 1738 2209 ’ὁ
1769 2181 1897 2219 βούλεται

1074 2228 1268 2267 ῥυθμιζόμινα,
1294 2228 1330 2258 ὡς
1368 2225 1467 2264 χορδαὶ
1504 2226 1614 2264 κιθάρας
1642 2228 1681 2262 τῷ
1716 2225 1895 2263 κιθαρίζοντι’

190 2270 324 2305 precibus
350 2273 379 2297 et
411 2269 531 2298 incenso
561 2270 711 2306 placarit:
746 2280 797 2308 pro
829 2276 922 2300 morte
948 2281 1012 2301 vero

1071 2273 1096 2300 ἐν
1112 2274 1152 2303 οἷς
1169 2272 1246 2307 καὶὴ
1264 2274 1335 2299 πᾶσα
1359 2270 1471 2307 δύναμις
1499 2274 1549 2305 τῆς
1581 2270 1682 2309 Σοφίας
1712 2269 1897 2306 Σολομῶντος

190 2314 388 2349 [Εεγριίοιιιιω
406 2314 434 2341 in
451 2314 524 2342 mari
542 2314 650 2350 Rubro,
666 2315 754 2343 fuerit
768 2316 811 2343 ira
827 2316 876 2343 Dei
891 2317 1012 2352 absque,

1067 2320 1117 2350 τῆς
1134 2315 1286 2353 λεγομένης
1302 2316 1357 2352 (21)
1375 2314 1539 2351 Παναρέτου.

191 2358 434 2392 misericordia,et
448 2358 503 2386 iter
517 2359 615 2394 populi
630 2358 768 2387 insolens.
785 2360 866 2391 Quod
893 2364 1010 2396 propter
1033 2361 1281 2389 inhumanitatem
1300 2368 1368 2395 erga
1390 2360 1517 2387 advenas
1542 2359 1619 2387 mala
1644 2359 1701 2386 ista
1726 2359 1805 2394 passi
1833 2360 1895 2386 sint

190 2402 325 2438 zEgyptii,
341 2403 593 2438 quemadmodum
614 2406 643 2430 et
658 2403 910 2435 Sodomita.Quod
933 2404 1079 2433 elementa
1094 2405 1192 2433 divino
1207 2404 1436 2439 Cbristijudicio
1447 2404 1574 2437 subsint,
1588 2405 1623 2430 ad
1640 2403 1720 2430 illius
1735 2403 1893 2438 imperium

191 2455 242 2482 pro
262 2447 382 2474 arbitrio
414 2450 524 2483 parata,
547 2448 624 2475 sicut
647 2447 762 2475 chordae
781 2448 900 2475 citharis
922 2449 1065 2477 citharam
1090 2449 1230 2485 pulsanti.
1254 2450 1284 2476 In
1312 2449 1359 2475 hlB
1379 2448 1639 2483 comprehenditur
1666 2447 1763 2475 omnis
1802 2447 1895 2474 virtus

190 2491 342 2527 Sapientia
357 2491 532 2526 Salomonis,
547 2500 636 2527 quam
648 2491 810 2520 Panareton
821 2496 935 2520 vocant.

297 2550 373 2578 I82
390 2550 470 2578 Liber
483 2549 636 2585 Sapientiae
648 2552 714 2578 Iesu
728 2551 783 2585 ﬁlii
793 2550 898 2578 Sirach.

226 2604 269 2632 46.
289 2604 338 2632 Hic
352 2604 437 2632 Jesus
453 2604 532 2632 illius
557 2604 676 2639 quidem
699 2604 755 2632 fuit
778 2605 896 2633 Sirach:
923 2613 1015 2642 nepos

1209 2548 1319 2578 Βιϐλίον
1338 2550 1437 2588 Σοφίας
1454 2550 1543 2584 Ἰησοῦ
1560 2550 1621 2576 υἱοῦ
1638 2549 1747 2586 Σηράχ.

1105 2605 1148 2632 46.
1167 2604 1273 2638 Ἰησοῦς
1298 2602 1377 2633 οὗτος
1404 2602 1502 2639 Σηρὰχ
1525 2602 1572 2638 μὲν
1596 2602 1630 2636 ἦν
1653 2601 1720 2636 υίὸς,
1737 2600 1844 2639 ἔγγονος
1868 2600 1896 2628 δὲ

225 2675 246 2693 ⁸¹
262 2674 330 2710 Sap.
342 2682 390 2706 vn,
406 2674 449 2702 11.

226 2745 282 2784 (21)
307 2743 536 2784 [Ξαναρέτου.βίο
559 2744 630 2784 item
648 2747 769 2784 vocatur
802 2745 850 2773 hic
878 2745 952 2784 liber
977 2746 1012 2774 ab

1068 2746 1161 2784 ᾀρετον
1191 2745 1284 2784 σοφίαν
1309 2746 1417 2784 _vocant
1444 2743 1812 2784 librum__Proyerbiorum.
1837 2742 1892 2784 Alii

189 2778 293 2816 Epiph.
310 2781 347 2808 De
524 2780 657 2817 p.162,et
672 2780 708 2809 ab
723 2780 798 2809 aliis.
823 2785 859 2808 At
882 2781 1015 2810 Clemens
1069 2778 1109 2810 ita
1129 2778 1235 2811 vocant'
1248 2781 1428 2817 Sapientiam
1450 2780 1603 2814 Sirncidis,
1629 2783 1658 2808 et
1681 2779 1800 2815 quidem
1827 2778 1891 2806 vul—

190 2819 272 2844 Rom.
284 2816 368 2852 epist.
384 2816 395 2843 1
408 2816 443 2843 ad
459 2816 535 2851 Cor.,
548 2818 576 2843 et
590 2816 722 2844 Clemens
737 2817 815 2844 Alex.
832 2819 860 2844 et
875 2817 935 2853 alii,
950 2827 1014 2844 παν-
1068 2819 1173 2855 galius.
