2043 3111
76 39 90 57 ·.
103 39 219 66 ⁷ᾆξζῆ

148 80 164 91 ἐκ

155 193 213 222 3η

712 197 900 228 SYNOPSIS
923 197 1156 228 SGRIP’I‘UBIE
1178 198 1222 228 SA
1229 198 1327 227 ΕΒΔΞ.

1799 198 1859 228 3⁵78

155 257 246 291 ’[ησοῦ
271 257 425 294 ὁμωνύμως
448 258 532 295 αὐτῷ.
550 259 633 291 Οὗτος
650 259 695 288 οὗν
711 260 737 288 ἐν
753 261 866 299 χρόνοις
887 261 964 299 γέγον

1037 265 1136 290 autem
1151 263 1221 291 Jesu
1238 263 1293 290 sibi
1309 263 1504 299 cognominis.
1523 262 1576 290 Hie
1592 262 1692 297 itaque
1707 262 1736 289 in
1745 264 1858 298 tempo-

153 303 228 328 κάτω
259 303 326 337 μετὰ
354 303 403 335 τήν
430 303 643 341 αἲχμαλωσίαν,
671 305 715 332 xui
744 305 904 341 ἀνάκλησιν,
933 306 976 333 καὶ

155 347 223 381 μετὰ
243 346 306 377 τοὺς
326 349 467 386 προφήτας
493 348 618 379 ἅπαντας.
643 350 674 378 Ὁ
699 349 745 377 οὖν
761 351 870 381 πάππος
895 350 977 378 αὐτοῦ

153 390 271 426 ’Ῑησοῦς,
289 391 356 418 καθὰ
377 392 456 422 αὐτὸς
488 396 627 429 μαρτυρεῖ,
643 394 792 432 φιλόπονός
815 405 844 422 τε
867 393 975 432 γέγονεν

153 435 166 461 ὁ
181 434 252 472 ἀνὴρ
269 435 312 462 καὶ
329 435 549 473 φρονιμώτατος,
564 437 593 468 ’ὀς
617 437 648 465 οὐ
666 438 748 474 μόνον
762 439 794 466 τὰ
810 439 906 473 ἑτέρων
922 441 975 466 τῶν

151 478 205 513 πρὸ
230 479 313 506 αὐτοῦ
339 482 454 507 συνετῶν
475 479 577 517 ἀνδρῶν
602 481 801 521 ἀποφθέγματα
815 484 975 521 συνήγαγεν¹

151 522 226 550 ἀλλὰ
249 522 294 550 καί
313 523 394 554 αὐτὸς
425 523 479 551 ἴδιά
506 536 566 552 τινα
587 526 780 564 ἀπεφθέγξατο,
805 527 914 562 πολλῆς
930 538 976 554 σο-

151 567 215 603 pia;
242 567 288 594 καί
316 569 447 599 συνέσεως
476 569 605 606 γέμοντα.
633 571 706 598 Έπεί
737 571 781 598 οὖν
802 572 852 606 τήν
880 569 976 610 βίϐλον

148 612 253 646 ταύτην
276 612 291 639 ὁ
315 613 337 639 α’
361 613 466 647 Ἰησοῦς
493 615 549 650 (22)
572 614 730 643 καταλιπὼν
764 616 789 651 ἐξ
823 616 975 654 ἀνθρώπων

148 655 259 693 ᾤχητο,
278 656 375 694 Σηρὰχ
390 657 405 684 ὁ
421 658 478 688 υἱὸς
495 659 552 694 μετ’
567 658 646 686 αὐτὸν
664 657 767 693 λαϐὼν,
783 660 864 688 πάλιν
881 663 920 696 τῷ
935 661 974 688 οἷ-

148 701 216 737 κείῳ
231 700 309 728 παιδὶ
333 701 476 729 κατέλιπεν
501 704 600 738 Ἰησοῦ.
616 705 663 735 ’Ός
691 703 724 738 δὴ
739 704 839 740 ταύτης
854 703 974 742 λαϐόμε-

147 757 210 778 νος,
234 745 274 776 εἰς
297 745 325 772 ’ὲν
351 747 454 773 ἅπασαν
481 746 639 785 ἐναρμόνιον
661 749 799 787 σύνταγμα
821 750 974 785 ποιησάμεν

148 801 205 824 νος,
232 790 336 828 Σοφίαν
364 790 407 818 ἐπί
435 801 464 818 τε
492 794 532 827 τῷ
553 793 645 827 αὑτοῦ,
670 793 715 820 καί
729 796 769 829 τῷ
793 796 844 821 τοῦ
860 794 974 830 Πατρὸς,

147 835 190 862 καὶ
217 837 261 870 τῷ
282 837 331 862 toﬁ
352 835 463 862 πάππου
489 835 604 872 ὀνόματι
628 836 816 873 ἐπικέκληκεν,
840 838 866 873 ἒξ
893 838 976 865 αὐτοῦ

145 881 193 905 τοῦ
204 883 260 913 τῆς
286 879 380 918 σοφίας
396 879 528 916 ὀνόματος
543 882 690 919 ἀγαπητῶς
711 881 817 918 μᾶλλον
843 881 914 920 ἔχειν
928 883 974 909 τὸν

146 923 284 960 ἀκροατὴν
299 924 367 960 πρὸς
392 925 442 958 τὴν
468 925 551 959 αὐτὴν
576 929 625 960 τῆς
654 923 752 963 βίϐλου
778 926 894 963 μελέτην
916 927 973 954 ἐπι-

146 969 304 1004 σπώμενος.
322 969 426 1005 Λόγους
452 968 497 996 οὖν
523 971 692 1007 φρονήσεως,
718 970 862 1009 αἰνίγματά
885 982 914 999 τε
929 972 973 999 xui

146 1010 308 1055 παραξολὰς
325 1013 459 1051 περιέχει,
475 1014 519 1041 καὶ
547 1014 658 1050 μερικάς
681 1025 753 1045 τινας
779 1015 896 1046 παλαιὰς
916 1022 973 1048 θεο-

145 1056 235 1094 οιλεῖς
259 1057 393 1094 ἱστορίας,
410 1057 472 1095 περί
495 1068 525 1085 τε
549 1057 653 1096 ἀνδρῶν
679 1059 913 1096 εὐαρεστησάντων
933 1063 973 1096 τῷ

144 1103 212 1136 Θεῷ,
228 1101 277 1128 καὶ
304 1101 393 1139 εὐχὴν
409 1102 454 1129 καὶ
479 1102 562 1139 ὕμνον
587 1103 683 1130 αὐτῶν.
708 1104 767 1131 Ἔτι
784 1102 812 1131 δὶ
827 1105 864 1130 ὧν
881 1105 894 1131 ὁ
909 1105 973 1135 Θεὸς

145 1145 308 1182 εὐεργεσιῶν
335 1146 434 1181 ἠξίωσε
461 1147 505 1174 τὸν
537 1148 602 1174 Λαὸν
627 1147 720 1182 αὐτοῦ,
746 1148 792 1175 xui
816 1149 853 1175 ὧν
870 1146 973 1184 ἔπλησε

143 1192 231 1216 acva
246 1189 314 1220 τοὺς
337 1190 453 1228 ἐχθροὺς
474 1191 573 1220 αὐτῶν.
601 1190 717 1222 Ὀπαδὸς
741 1192 832 1219 τοίνυν
847 1195 896 1220 τοῦ
918 1196 972 1220 Σο-

144 1233 293 1269 λομῶντος
309 1234 388 1265 οὗτος
403 1236 417 1262 ὁ
444 1236 547 1270 Ἰήσοῦς
561 1237 694 1273 γεγονὼς,
710 1235 786 1264 οὐδὲν
809 1237 891 1271 ἧττον
908 1237 974 1265 ἐκεί-

142 1288 189 1305 νου
214 1279 282 1313 περὶ
307 1279 357 1313 τήν
382 1279 476 1318 σοφίαν
502 1280 545 1307 καὶ
567 1279 690 1308 παιδείαν
715 1280 865 1317 ἠρίστευσε,
889 1281 972 1309 πολυ-

144 1323 233 1357 μαθὴς
252 1322 361 1356 ἀληθῶς
384 1324 429 1351 xui
454 1323 490 1351 ὣν
513 1324 557 1352 καὶ
581 1324 760 1360 καλούμενος.
786 1325 873 1353 ’Λλλᾶ
899 1336 973 1364 περι-

143 1367 212 1403 οχὴν
244 1367 306 1402 μὲν,
329 1368 366 1398 ὡς
390 1368 420 1395 ἄν
445 1378 486 1399 τις
503 1367 587 1402 εἷ’ποι,
602 1369 702 1404 ταύτην
728 1368 785 1407 ἔχει
802 1370 833 1397 τὸ
849 1367 970 1399 Λιϐλίον.

142 1412 193 1443 Τήν
221 1409 254 1438 δὲ
279 1411 511 1450 ἀνακεφαλαίωσιν
538 1412 623 1440 ἰστέον
638 1412 735 1444 οὕτως.
751 1414 793 1441 Ἐν
809 1414 970 1451 προοιμίοις

144 1456 188 1489 μὲν
219 1457 286 1493 περέ
317 1457 407 1491 πάσης
435 1457 530 1496 σοφίας
560 1457 659 1495 Κυρίου
693 1457 826 1496 διηγεῖται
845 1481 851 1487 .
881 1457 971 1487 ἔπειτα

141 1500 200 1537 περὶ
229 1501 335 1536 θυμοῦ,
350 1501 395 1528 καὶ
420 1499 517 1539 φόϐου,
543 1503 587 1529 καὶ
617 1500 741 1542 ἀφοϐίας·
772 1504 834 1541 περί
864 1503 971 1539 ἐπιστή-

142 1554 194 1578 μης
226 1545 336 1582 σοφίας·
367 1545 428 1580 περὶ
457 1544 612 1583 θεοφοϐίις,
642 1547 704 1584 περὶ
725 1546 773 1574 τοῦ
798 1546 852 1575 δεῖν
881 1549 969 1586 χωρὶς

140 1588 315 1626 ὑποκρίσεως
351 1591 490 1627 προσιέναι
525 1591 593 1626 Θεῷ-
631 1591 693 1629 περὶ
731 1595 888 1629 πειρασμῶν
922 1593 967 1620 καὶ

1033 308 1115 335 ribus
1131 307 1201 335 vixit
1214 316 1276 343 quae
1291 308 1450 335 subsecuta
1465 309 1535 334 sunt
1562 306 1771 342 captivitatem,
1789 307 1852 333 red-

1033 351 1105 379 itum
1120 354 1149 379 et
1163 351 1319 388 prophetas
1335 359 1447 379 omnes.
1459 353 1537 379 Avus
1552 359 1620 387 ergo
1645 350 1733 385 hujus
1752 350 1851 384 Jeaus,

1032 396 1279 431 quemadmodum
1296 398 1326 423 et
1340 395 1402 431 ipse
1419 397 1552 429 lestatur,
1565 395 1608 422 vir
1617 394 1671 422 fuit
1688 394 1851 422 industrius

1031 444 1059 467 et
1069 439 1359 475 prudentissimus,et
1372 448 1428 467 non
1436 439 1530 468 solum
1547 439 1731 474 superiorum
1744 441 1812 466 ante
1819 447 1850 467 se

1031 485 1197 520 sapientum
1214 483 1596 520 apophthegmatacollegit,
1613 485 1662 511 sed
1688 486 1716 511 et
1733 482 1849 519 propria

1030 529 1163 564 quaedam
1179 529 1214 556 de
1229 537 1283 556 suo
1294 528 1410 563 adjecit,
1425 528 1518 555 multa
1529 527 1672 563 sapientia
1686 530 1714 555 et
1725 528 1850 564 pruden-

1031 573 1072 601 tia
1086 573 1200 601 referta.
1223 575 1294 601 Cum
1310 573 1399 609 igitur
1414 573 1491 600 hunc
1507 572 1613 600 librum
1632 573 1710 608 prior
1732 572 1819 600 Jesus
1835 581 1849 600 e

1031 618 1103 645 vivis
1118 617 1271 645 discedens
1297 619 1361 653 post
1389 625 1420 644 se
1445 616 1621 652 reliquisset,
1651 616 1751 644 Sirach
1773 616 1850 644 ﬁlius

1030 662 1093 697 ejus
1109 664 1272 697 acceptum,
1301 661 1370 688 Jesu
1401 660 1460 688 ﬁlio
1488 669 1542 688 suo
1562 660 1689 695 reliquit.
1709 663 1734 688 ls
1751 663 1851 695 postea

1030 706 1139 741 scripta
1150 705 1199 732 illa
1213 705 1242 732 in
1255 713 1346 733 unum
1361 713 1486 740 eumque
1502 713 1553 740 per
1565 705 1662 732 omnia
1678 704 1848 731 continuum

1030 749 1162 777 ordinem
1179 750 1302 785 digesta,
1319 750 1374 777 sub
1389 757 1443 777 suo
1458 750 1549 784 patris
1565 751 1594 776 et
1606 748 1650 776 avi
1667 747 1784 776 nomine
1799 750 1848 775 Sa-

1031 795 1169 830 pientiam
1183 793 1305 827 vocavit,
1324 796 1355 821 ut
1380 794 1442 829 ipso
1471 792 1624 829 Sapientia:
1636 793 1754 820 nomine
1765 793 1850 820 audi-

1030 841 1122 866 torem
1144 838 1285 871 alliceret,
1302 840 1330 865 et
1353 838 1388 865 ad
1419 838 1638 865 meditationem
1666 836 1733 864 libri
1761 837 1850 872 hujus

1031 885 1164 910 amanter
1178 882 1398 918 suscipiendam
1411 885 1590 917 provocaret.
1602 881 1738 909 Continet
1752 884 1848 909 autem

1031 927 1077 954 hic
1090 927 1163 955 liber
1187 935 1337 954 sermones
1350 926 1523 962 prudentie,
1539 926 1695 962 aenigmata
1723 928 1751 953 et
1766 934 1848 962 para-

1029 972 1122 1006 bolas,
1137 972 1173 999 ad
1189 971 1248 998 haec
1264 974 1291 999 et
1308 972 1370 1006 pias
1398 971 1542 1007 quaedam
1567 974 1697 998 veterum
1714 970 1848 998 historias

1029 1017 1064 1043 de
1079 1016 1148 1044 viris
1167 1016 1221 1044 Deo
1236 1016 1374 1051 acceptis,
1400 1018 1429 1043 et
1457 1014 1547 1042 simul
1571 1014 1688 1042 illorum
1706 1023 1804 1050 preces
1821 1019 1848 1042 et

1029 1060 1181 1097 hymnum.
1199 1060 1338 1088 Praeterea
1352 1060 1388 1087 de
1408 1060 1567 1094 beneﬂciis,
1582 1059 1689 1095 quibus
1705 1059 1844 1095 populum

1027 1113 1115 1133 suum
1129 1105 1206 1132 Deus
1220 1105 1358 1140 dignatus
1370 1107 1425 1139 est,
1435 1105 1510 1132 etde
1525 1104 1735 1140 malis,quibus
1750 1103 1848 1131 hostes

1028 1149 1158 1185 ipsorum
1174 1149 1279 1177 affecit.
1299 1149 1348 1176 Hic
1365 1149 1462 1184 itaque
1476 1148 1573 1183 Jesue,
1589 1155 1656 1176 cum
1672 1150 1748 1176 esset
1762 1148 1847 1175 Salo-

1028 1193 1123 1221 monis
1137 1195 1273 1226 sectator,
1290 1193 1366 1220 haud
1384 1193 1483 1220 minus
1496 1192 1547 1220 illo
1570 1192 1599 1220 in
1613 1191 1788 1220 illustranda
1803 1201 1847 1219 sa-

1029 1237 1138 1274 pientia.
1152 1240 1181 1265 et
1195 1237 1311 1273 pietatis
1337 1236 1494 1273 disciplina
1521 1239 1673 1264 strenuum
1699 1245 1731 1264 se
1746 1237 1847 1273 gessit,

1027 1290 1093 1309 vere
1109 1281 1274 1309 multiscius
1282 1281 1426 1309 exsistens
1437 1281 1512 1308 etita
1526 1280 1717 1308 dictust-lane
1727 1281 1845 1316 quidem

1028 1326 1270 1362 complexionem,
1287 1328 1319 1353 ut
1335 1327 1374 1352 ita
1388 1326 1494 1358 dicam,
1507 1325 1595 1353 habet
1616 1325 1671 1352 iste
1686 1324 1775 1352 liber:
1802 1334 1846 1351 re-

1026 1370 1196 1406 capitulatio
1213 1378 1278 1398 vero
1295 1370 1331 1397 ad
1347 1369 1426 1397 hunc
1441 1370 1559 1397 modum
1576 1369 1777 1404 cognoscenda
1789 1372 1844 1395 est.

1027 1416 1058 1444 In
1075 1414 1214 1451 prommio
1231 1414 1266 1442 de
1293 1415 1371 1442 omni
1400 1413 1549 1449 Sapientia
1577 1413 1689 1440 Domini
1706 1413 1842 1440 disserit:

1026 1459 1130 1487 deinde
1145 1459 1180 1486 de
1194 1458 1248 1493 ira,
1264 1458 1300 1486 de
1311 1461 1390 1485 metu
1400 1458 1466 1493 (24),
1479 1458 1571 1492 deque
1584 1457 1682 1484 animo
1694 1458 1843 1492 imperter-

1026 1504 1100 1535 rito;
1116 1503 1152 1530 de
1166 1501 1289 1530 scientia
1318 1502 1487 1538 sapientiae:
1504 1502 1540 1529 de
1568 1501 1673 1528 timore
1691 1500 1748 1534 Dei,
1766 1501 1842 1537 quod

1025 1549 1155 1583 oporteat
1170 1547 1282 1582 absque
1310 1545 1456 1582 hypocrisi
1481 1546 1616 1573 accedere
1627 1545 1662 1572 ad
1680 1545 1770 1573 Deum
1787 1554 1794 1578 ;
1813 1546 1845 1571 de

1026 1590 1238 1619 tentationibus
1253 1593 1282 1618 et
1298 1591 1453 1626 patientia;
1474 1591 1510 1618 de
1524 1589 1681 1617 timiditate
1705 1593 1733 1617 et
1748 1590 1845 1616 animo

141 1632 285 1669 ὑπομονῆς
304 1642 310 1648 ”
335 1633 396 1670 περὶ
416 1633 518 1665 δειλίας
541 1635 585 1661 xui
602 1626 736 1666 ἐκλύσεως
754 1656 760 1662 .
777 1626 838 1673 περί
864 1637 967 1674 ἀγάπης

1025 1636 1136 1670 drjccto
1153 1647 1160 1668 ς
1175 1635 1211 1662 de
1239 1634 1393 1662 dilectione
1408 1634 1524 1661 Domini
1537 1643 1544 1668 ;
1555 1634 1589 1661 de
1599 1633 1778 1661 honorandis
1795 1643 1844 1669 pa-

141 1676 255 1713 Κυρίου·
275 1678 337 1713 περὶ
359 1681 443 1714 τιμῆς
466 1681 516 1713 τῆς
541 1679 579 1709 εἷς
603 1680 666 1710 τοὺς
690 1683 789 1717 γονεῖς·
806 1681 867 1716 περὶ
883 1681 968 1719 πρᾳό-

140 1730 220 1754 τητος
251 1721 299 1748 καὶ
323 1721 465 1753 ἐπιεικείας
491 1723 618 1750 ταπεινοῦ
636 1733 641 1739 ·
659 1724 720 1762 περὶ
745 1727 897 1762 προπετοῦς
922 1725 967 1753 καὶ

141 1763 333 1792 ἀνυποτάκτου
361 1767 499 1802 ζητήσεως
537 1770 591 1794 τῶν
628 1768 665 1804 μὴ
700 1768 941 1807 προστεταγμένων
959 1778 966 1785 ⁶

140 1809 200 1845 περὶ
232 1809 454 1847 σκληροκαρδίου
482 1812 527 1838 καὶ
555 1812 727 1850 ὑπερηφάνου
745 1835 752 1847 ,
772 1813 833 1851 περὶ
858 1816 967 1841 συνετοῦ

140 1853 182 1879 ui
196 1854 336 1890 εὖμαθοῦς
351 1855 408 1891 (23)
425 1877 431 1890 ,
456 1857 500 1883 xui
528 1855 678 1892 ἇλεήμονος
692 1857 737 1884 καὶ
762 1857 883 1895 ὀρφανῶν
899 1868 966 1896 προ-

140 1897 248 1925 στάτου·
279 1899 349 1934 πρὸς
378 1899 455 1938 φίλον
485 1900 664 1928 ὑποτακτικὸν
689 1901 733 1928 καὶ
758 1901 875 1936 ἐπιεικῆ·
904 1903 966 1940 περὶ

141 1941 308 1978 ὶνυψώσεως
324 1943 389 1970 υἱῶν
412 1947 462 1978 τῆς
482 1944 584 1983 σοφίας·
612 1945 673 1982 περὶ
689 1945 865 1982 ἀνυποταξίας
879 1957 964 1981 πονη-

140 1984 202 2021 ρῶν·
249 1985 296 2013 καὶ
324 1986 387 2023 περὶ
424 1987 555 2025 αἴσχύνης
586 1986 720 2026 βλαϐερᾶς
742 1989 786 2016 καὶ
818 1989 964 2022 ἐπωελοῦς·

143 2029 179 2064 μή
193 2030 251 2067 πρὸ
265 2032 321 2057 τῶν
348 2029 433 2068 ἔργων
455 2031 519 2063 τοὺς
543 2032 651 2070 λόγους,
669 2032 739 2069 μηδὲ
762 2033 966 2066 ἕθελοδιδάσκα-

138 2072 184 2104 λος
198 2075 292 2118 γίνου.
309 2075 374 2112 Περὶ
398 2078 446 2103 τοῦ
472 2078 510 2112 μή
535 2076 590 2104 δεῖν
617 2077 735 2105 δεδέσθαι
759 2079 836 2115 πόθῳ
856 2081 965 2118 χρηΛά-

136 2126 199 2150 των,
226 2117 297 2152 ληδὶ
325 2119 427 2151 οἴεσθαι
451 2120 606 2158 ἀτιμωρητὶ
631 2122 803 2159 ἁμαρτάνειν,
824 2123 871 2150 κᾶν
895 2135 963 2162 παρ-

136 2161 230 2206 αυτίκα
262 2163 301 2198 μή
331 2162 421 2199 δῶμεν
448 2165 497 2199 τήν
525 2165 678 2203 τιμωρίαν¹
710 2166 885 2204 μακρόθυμος
912 2161 963 2206 γάρ

137 2202 205 2231 ἔστιν
222 2207 238 2233 ὁ
267 2207 344 2237 Θεός·
376 2206 430 2235 δεῖν
458 2219 487 2236 τε
516 2208 699 2245 ἐξιλάσκεσθαι
729 2211 818 2245 αὑτὸν,
847 2212 892 2238 καί

137 2251 302 2294 πορευθῆναι
334 2252 359 2278 ἓν
386 2253 515 2289 ἑπιθυμίᾳ
538 2253 650 2291 καρδίας
668 2276 673 2281 .
692 2256 755 2292 Περί
770 2258 818 2283 τοῦ
835 2257 872 2292 μή
889 2267 963 2294 περι-

1024 1680 1175 1713 rentibus;
1192 1680 1227 1707 de
1244 1678 1468 1707 mansuetudine
1482 1681 1512 1706 et
1526 1678 1663 1714 equitate
1682 1678 1772 1705 animi
1788 1678 1841 1705 hu-

1024 1724 1122 1757 milis;
1137 1724 1173 1751 de
1188 1726 1322 1759 proterva
1336 1725 1364 1751 et
1381 1723 1535 1751 temeraria
1564 1722 1770 1758 perquisitione
1799 1732 1842 1750 re-

1022 1776 1098 1801 rum,
1114 1776 1178 1804 qua:
1195 1770 1343 1804 praeceptis
1359 1776 1417 1795 non
1433 1770 1502 1795 sunt
1513 1777 1520 1799 ;
1532 1767 1569 1794 de
1583 1768 1735 1802 priel'racto
1746 1775 1778 1794 ac
1794 1776 1841 1794 su-

1022 1813 1130 1848 perbo;
1145 1813 1181 1839 de
1198 1812 1377 1848 intelligente
1392 1814 1420 1839 et
1434 1812 1536 1845 docto.;
1554 1812 1589 1838 de
1605 1811 1792 1839 misericorde
1814 1814 1841 1838 et

1022 1856 1200 1892 pupillorum
1217 1859 1350 1892 patrono,
1363 1856 1398 1883 ad
1410 1855 1536 1883 amicum
1553 1855 1803 1891 obtemperantem
1815 1858 1844 1882 et

1021 1902 1207 1935 modestum;
1224 1901 1260 1929 de
1274 1901 1453 1929 exaltatione
1469 1900 1595 1927 filiorum
1617 1899 1766 1935 sapientiae
1783 1908 1790 1932 ς
1808 1901 1843 1927 de

1020 1946 1207 1974 contumacia
1235 1945 1457 1981 improborum;
1485 1944 1521 1971 de
1534 1944 1643 1979 pudore
1668 1946 1727 1970 tam
1745 1945 1841 1977 noxio,

1020 1999 1108 2026 quam
1125 1990 1209 2022 utili;
1227 1989 1382 2024 daeoquod
1394 1989 1480 2016 verba
1493 1996 1549 2015 non
1565 1988 1690 2015 debeant
1702 1988 1841 2023 operibus

1019 2034 1158 2070 praeponi,
1171 2042 1223 2061 nec
1239 2033 1394 2068 quisquam
1411 2033 1514 2060 debeat
1529 2040 1582 2060 sua
1597 2035 1701 2067 sponte
1716 2032 1839 2059 docendi

1018 2079 1147 2107 ofﬁcium
1164 2085 1315 2113 usurpare.
1346 2077 1427 2108 Quod
1458 2085 1542 2104 nemo
1570 2077 1674 2104 debeat
1694 2077 1839 2105 desiderio

1019 2123 1210 2159 pecuniarum
1223 2121 1340 2157 irretiri,
1351 2129 1405 2149 nec
1427 2124 1528 2157 putare
1552 2121 1630 2157 quod
1655 2121 1775 2157 impune
1790 2122 1837 2149 de-

1017 2167 1141 2202 linquat,
1153 2165 1267 2193 etiamsi
1282 2173 1338 2192 non
1349 2164 1448 2192 statim
1466 2172 1567 2199 pmnas
1577 2164 1747 2192 damus.Est
1761 2165 1838 2192 enim

1017 2211 1094 2238 Deus
1110 2209 1287 2246 longanimis
1301 2217 1309 2242 ;
1325 2209 1403 2244 quod
1419 2209 1583 2236 curandum
1599 2208 1730 2241 nobis,ut
1744 2208 1838 2245 place—

1016 2258 1113 2288 tur,ne
1124 2254 1153 2281 in
1167 2252 1414 2289 concupiscientia
1420 2252 1515 2279 cordis
1524 2252 1838 2288 progrediamurﬂuod

136 2293 262 2329 φέρεσθαι
285 2296 365 2322 παντὶ
390 2296 483 2332 ἀνέμῳ
500 2320 506 2331 ,
522 2298 566 2325 xui
583 2299 644 2335 περί
670 2298 802 2337 φλυαρίας
821 2300 865 2327 καὶ
883 2301 961 2337 ὑπερ-

1024 2308 1074 2327 λοιι
1087 2299 1247 2326 debeamus
1262 2297 1364 2333 qu0vis
1380 2300 1464 2324 vento
1479 2296 1657 2324 circumferri
1673 2305 1679 2331 ;
1696 2297 1731 2324 de
1747 2305 1838 2333 nuga-

136 2337 250 2373 ηᾳανίας
303 2340 365 2377 περὶ
395 2339 547 2378 φιληδόνου
566 2352 572 2357 ’
603 2341 750 2378 δοκιμασία
790 2347 886 2371 πιστοῦ
914 2346 959 2372 καὶ

135 2380 263 2409 ἀπίστου·
276 2385 338 2421 περὶ
359 2384 483 2417 παιδείας
498 2387 599 2422 Κυρίου
616 2409 623 2421 ,
640 2387 681 2414 ὅτι
697 2388 750 2415 ἀπὸ
765 2388 891 2423 νεότητος
907 2388 958 2421 1ἕως

134 2426 228 2473 γήρως
258 2428 398 2464 ὶπιθδμεῖν
426 2430 509 2465 αὐτὴν
540 2429 590 2458 δεῖ⁵
620 2432 681 2469 περί
708 2432 862 2469 ἀκροάσεως
892 2434 958 2461 ἀνω-

135 2472 235 2505 φελοὺς
253 2480 258 2486 ’
276 2472 337 2509 περί
362 2476 410 2500 τοῦ
436 2474 474 2510 μὴ
499 2473 657 2509 προδιδόναι
674 2475 753 2514 φίλον
771 2499 778 2511 ,
796 2475 866 2512 μηδὲ
881 2477 957 2505 ἀστο-

135 2515 193 2547 χεῖν
205 2516 332 2550 γυναικὸς
348 2521 433 2555 σοφῆς
451 2527 458 2534 ’
475 2517 536 2554 περί
553 2518 664 2546 οἰκετῶν
683 2541 690 2551 ,
707 2520 767 2555 περὶ
783 2521 930 2557 κτημάτων
948 2532 954 2539 ·

135 2556 195 2591 περὶ
225 2558 346 2586 τέκνων·
374 2561 434 2598 περί
464 2564 609 2599 γυναικῶν⁸
639 2563 700 2601 περί
729 2566 777 2591 τοῦ
808 2565 845 2600 μή
874 2576 954 2594 κακο-

135 2602 267 2647 aciein-ﬁ
283 2603 438 2647 φιλαρχεῖν,
453 2605 470 2639 ἢ
491 2609 665 2644 καταφρονεῖν
691 2608 852 2644 ἁμαρτάνειν
866 2631 872 2637 .
890 2611 954 2647 Περὶ

133 2644 181 2689 τξῦ
204 2645 245 2679 μὴ
265 2645 403 2682 ψεύδεσθαι
426 2647 535 2687 ἁδελφῷ
551 2672 558 2683 ,
577 2648 646 2686 μηδὲ
670 2650 798 2689 φλυαριῖν
826 2653 868 2689 ἐπὶ
888 2644 953 2689 πρε-

136 2684 271 2724 σῦυτέρων
285 2712 294 2726 ,
320 2691 390 2728 μηδὲ
405 2684 565 2730 δευτερῶσαι
578 2684 582 2686 Ἴ
594 2684 680 2732 Λόγον.
693 2705 698 2711 ·
727 2684 788 2733 περὶ
804 2688 885 2732 δόξης
901 2684 952 2726 πα-

241 2803 323 2848 Ξᾴίῑξ.
339 2806 397 2838 υἱός
421 2808 506 2848 male.
525 2809 677 2839 Masculus
696 2810 814 2848 legerat,
831 2812 949 2847 Ἰησοῦς.

171 2838 229 2874 (23)
244 2839 289 2867 Sic
300 2841 440 2870 Commel.

1015 2344 1101 2371 citate
1115 2347 1144 2370 et
1159 2341 1338 2378 arrogantia;
1357 2341 1393 2368 de
1415 2340 1619 2376 voluptuario;
1637 2341 1769 2376 probatio
1786 2342 1836 2369 fidi

1014 2389 1043 2415 et
1056 2387 1156 2420 inﬁdi;
1173 2387 1209 2414 de
1224 2385 1382 2421 disciplina
1397 2384 1524 2419 Domini,
1540 2385 1618 2420 quod
1635 2384 1685 2412 illa
1713 2385 1750 2412 ab
1766 2385 1834 2413 ado-

1013 2431 1154 2460 lescentia
1173 2431 1207 2458 ad
1224 2432 1403 2458 senectutem
1421 2437 1513 2464 usque
1525 2429 1718 2456 desideranda
1732 2429 1769 2456 sit
1782 2439 1788 2463 ;
1800 2430 1836 2457 de

1013 2476 1115 2504 auditu
1131 2474 1238 2509 inutili,
1255 2474 1332 2510 quod
1349 2473 1462 2500 amicus
1477 2473 1560 2508 prodi
1576 2481 1633 2500 non
1649 2473 1763 2506 debeat,
1786 2482 1835 2500 ne-

1012 2528 1068 2556 que
1083 2519 1288 2547 declinandum
1315 2518 1353 2545 sit
1382 2525 1398 2544 a
1427 2516 1549 2544 muliere
1572 2517 1720 2552 sapiente;
1737 2517 1772 2545 de
1787 2518 1835 2545 do-

1012 2564 1153 2598 mesticis,
1169 2564 1205 2591 de
1230 2561 1476 2599 possessionibus,
1499 2562 1534 2588 de
1549 2560 1660 2594 liberis,
1678 2561 1714 2589 de
1737 2564 1833 2590 uxori-

1010 2610 1076 2637 bus.
1092 2608 1172 2640 Quod
1202 2606 1312 2635 nemini
1336 2606 1446 2633 malum
1476 2605 1569 2632 facere
1594 2606 1763 2640 debeamus,
1782 2615 1833 2634 nec

1008 2654 1192 2683 dominatum
1215 2652 1337 2685 ambire,
1368 2659 1462 2687 neque
1486 2653 1672 2680 contemnere
1687 2652 1711 2680 si
1732 2661 1831 2688 pecce-

1008 2707 1086 2727 mus.
1100 2697 1181 2729 Quod
1197 2705 1248 2724 nec
1263 2696 1404 2724 debemus
1420 2695 1537 2723 mentiri
1563 2694 1656 2729 fratri,
1674 2704 1768 2732 neque
1779 2704 1831 2723 nu-

1040 2815 1096 2851 (24)
1112 2814 1266 2844 Masculus
1282 2815 1376 2851 habet,
1407 2816 1510 2844 Deinde
1522 2816 1555 2843 de
1583 2816 1683 2843 timore
1708 2812 1829 2845 Domini,

1004 2850 1037 2878 de
1047 2850 1107 2887 ira,
1123 2852 1156 2880 de
1170 2853 1256 2885 metu,
1272 2853 1328 2879 etc.
