2043 3111
48 155 226 215 θνέθῆτθ

759 173 791 204 S.
814 174 1075 206 ATHANASIUS.
1090 191 1130 199 —
1143 176 1276 208 DUBIA.

1810 173 1871 204 380

167 239 229 274 gari
243 246 342 266 coram
357 239 533 275 senioribus,
552 249 604 268 nec
625 240 730 268 iterare
745 249 911 269 sermonem
926 250 933 275 ;
950 242 986 270 de

1054 242 1117 278 πρὸς,
1133 243 1150 276 ἢ
1169 242 1272 280 μητρὸς
1289 265 1296 278 ,
1312 242 1357 269 καὶ
1385 241 1447 280 περὶ
1470 245 1522 276 τῆς
1546 241 1614 268 κατὰ
1633 240 1697 268 Θεὸν
1714 236 1868 273 εὐλαϐείας,

167 281 260 317 gloria
276 282 366 316 patris
382 284 410 309 et
425 283 548 317 matris;
566 285 600 311 de
616 285 775 312 reverentia
790 293 822 313 ac
837 288 914 313 metu
925 285 986 320 Dei,

167 326 202 353 de
217 325 397 354 honorandis
410 327 653 361 sacerdotibus,et
667 329 703 356 de
715 329 987 357 curandisatﬂictis.

168 370 248 402 Quod
260 371 403 406 cujusque
419 371 458 398 rei
471 372 559 399 finem
575 372 657 408 prius
670 375 801 408 oporteat
811 374 987 409 prospicere,

168 421 256 449 quam
273 414 416 442 actionem
433 415 539 449 ordiri;
569 417 647 452 quod
676 417 818 453 cujusque
832 418 989 451 sermonis,

168 460 219 486 aut
246 458 353 494 negotii
378 460 517 494 postremi
544 464 665 490 eventus
694 462 889 498 prospiciendi
919 462 988 490 sint.

169 502 248 534 Quod
257 505 436 531 vetustorum
444 504 619 539 sapientium
631 505 853 534 dissertationes
863 509 990 535 contem-

169 547 271 574 nendis
287 555 345 574 non
360 548 429 576 sint.
446 548 528 576 Unde
546 549 660 577 oriatur
687 550 824 578 scortatio
841 559 849 584 ;
865 554 988 579 veterem

170 592 298 620 amicum
314 601 370 620 non
387 601 450 621 esse
465 595 712 629 deserendum,eo
728 597 804 632 quod
819 597 925 625 similis
953 597 991 625 sit

169 637 236 664 vino
252 645 325 665 novo
342 646 433 666 novus
449 639 578 667 amicus:
595 640 630 667 de
658 641 768 669 artiﬁce
783 641 923 677 sapiente,
939 642 990 669 do-

171 682 250 708 ctore
264 681 382 715 selecto,
392 684 420 709 et
434 691 500 719 rege
514 682 827 720 indisciplinato.Quod
855 685 990 715 morbum

171 725 343 753 diuturnum
359 729 477 762 expetat
490 728 641 756 medicus:
656 730 735 758 184
750 730 786 757 de
801 730 913 758 semine
940 730 991 757 bo-

172 769 294 797 norabili
311 771 340 797 et
354 770 463 805 infido;
481 772 516 799 de
531 772 642 801 famulo
658 774 790 809 sapiente
818 776 847 802 et
862 774 992 810 principe

172 813 318 849 opulento.
330 815 411 846 Quod
428 815 542 843 modica
556 824 622 844 cum
640 817 677 845 sit
689 818 766 846 inter
777 818 909 846 volucres
929 819 993 855 epl-

173 857 248 889 cula,
265 858 379 886 fructus
393 861 491 887 tamen
521 859 603 888 illius
632 861 743 897 primas
764 863 895 890 obtineat
921 862 997 891 inter

173 901 483 939 dulcia.Quodabsqus
494 905 605 940 judicio
615 908 643 933 et
658 914 688 933 re
701 907 831 934 nondum
847 907 995 943 explorata

173 955 231 974 non
246 946 286 974 sit
300 948 580 982 querendum.Quod
592 958 649 977 non
665 953 796 986 oporteat
810 959 875 979 esse
898 951 994 979 curio-

173 998 248 1022 sum.
265 992 313 1019 sed
327 992 453 1026 justum,
464 1001 497 1021 eo
514 995 590 1029 quod
608 997 684 1022 Deus
699 999 744 1023 est
758 996 809 1031 qui
824 996 993 1029 ditat.Quod

174 1034 246 1062 nihil
260 1044 295 1063 ex
311 1036 448 1064 humanis
464 1037 547 1066 bonis
563 1039 604 1066 ita
619 1042 757 1067 constans
768 1041 864 1076 putari
878 1041 993 1068 debeat.

173 1079 253 1111 Quod
271 1088 327 1107 non
343 1080 383 1107 sit
398 1081 581 1110 familiariter
588 1091 655 1110 cum
666 1084 769 1120 quovis
780 1084 896 1112 homine
905 1093 991 1120 agen-

175 1124 309 1156 dum,sed
326 1133 393 1153 cum
410 1125 466 1161 piis
480 1128 596 1154 tantum
608 1129 637 1155 et
649 1128 749 1162 justis.
761 1129 842 1160 Quod
866 1129 934 1156 mali
951 1138 997 1157 ca-

176 1168 261 1195 vendi
277 1169 356 1203 sint;
372 1170 448 1205 quod
478 1171 551 1198 nihil
566 1172 605 1199 sit
633 1172 801 1200 habendum
828 1173 996 1201 commercii

176 1220 242 1240 cum
260 1213 405 1249 superbis,
417 1217 535 1251 propter
548 1215 794 1251 inquinationem,
811 1225 874 1253 qua
902 1225 936 1245 ex
960 1217 995 1244 il.

176 1257 270 1284 lorum
287 1259 505 1287 conversatione
520 1260 630 1293 oritur;
647 1261 724 1296 quod
745 1270 761 1288 a
786 1261 889 1289 multis
903 1262 997 1289 colen-

178 1302 233 1328 dus
248 1302 286 1329 sit
301 1303 452 1338 proximus
468 1306 496 1331 et
524 1304 594 1339 quid
626 1307 858 1341 unumquodque
887 1306 996 1334 animal

178 1346 282 1381 diligat
296 1346 352 1373 sibi
368 1346 729 1380 simile.Quemadmodum
741 1350 819 1377 enim
830 1350 910 1377 nulla
917 1358 998 1378 com-

179 1390 280 1417 munio
295 1392 341 1417 est
354 1390 421 1426 lupo
433 1400 499 1419 cum
516 1401 601 1428 agno,
633 1401 725 1430 neque
746 1394 853 1430 hyeme
883 1403 938 1430 pax
954 1397 999 1422 est

179 1443 245 1461 cum
261 1442 342 1470 eane,
359 1435 400 1463 ita
416 1445 508 1472 neque
531 1438 675 1473 peccatori
690 1447 758 1466 cum
774 1439 821 1474 pio
834 1447 840 1472 ;
853 1439 889 1466 de
905 1439 999 1474 parcis

180 1479 228 1513 qui
247 1479 319 1506 nihil
335 1479 501 1516 largiuntur
515 1481 628 1509 aliis.Et
636 1483 713 1518 quod
726 1483 798 1510 nihil
811 1483 917 1511 habeat
931 1492 999 1511 con-

180 1523 272 1556 trarii,
288 1525 347 1551 tam
363 1524 393 1551 in
409 1525 528 1560 divitiis,
544 1535 632 1562 quam
649 1530 828 1563 paupertate,
839 1529 956 1563 justum
972 1530 1001 1556 et

181 1567 261 1602 pium
282 1576 363 1601 esse;
379 1569 498 1597 beatum
515 1571 644 1606 reputari
660 1580 738 1606 eum,
759 1572 809 1607 qui
825 1572 860 1599 ad
877 1574 1000 1600 mortem

180 1620 274 1647 usque
289 1613 436 1648 sapienter
448 1623 480 1642 ac
496 1616 653 1650 prudenter
671 1617 757 1651 vivat,
781 1625 837 1644 non
855 1617 904 1653 qui
920 1617 1000 1645 dives
1016 1608 1037 1641 (ἶ

180 1658 217 1685 sit
231 1658 260 1684 in
275 1657 329 1685 hoc
345 1659 465 1688 mundo.
483 1662 521 1687 De
536 1660 626 1689 libero
642 1662 762 1690 arbitrio
778 1671 784 1689 :
802 1663 878 1698 quod
891 1664 926 1690 de
935 1671 1002 1698 apo-

181 1702 272 1729 stasia
287 1710 343 1730 non
362 1703 400 1731 sit
415 1704 487 1732 ratio
503 1705 644 1740 exigenda
670 1715 687 1734 a
713 1706 846 1740 Domino,
877 1715 911 1734 eo
922 1707 1000 1742 quod

182 1745 280 1773 omnia
295 1746 348 1773 tibi
363 1748 540 1783 apposuerit.
557 1749 637 1781 Quod
670 1750 775 1778 melius
792 1751 831 1778 sit
855 1759 954 1779 carere
966 1750 1001 1777 li-

184 1790 270 1824 beris,
287 1799 375 1826 quam
392 1792 617 1821 liberoahabere
629 1794 733 1823 malos.
750 1795 830 1827 Quod
856 1795 926 1822 nihil
945 1795 1002 1823 Deo

182 1834 289 1863 lateat:
305 1835 340 1863 dc
355 1836 519 1872 cognitione
534 1839 562 1865 et
587 1838 699 1873 judicio
724 1838 770 1865 De!
785 1847 793 1872 ;
808 1841 835 1866 et
849 1839 926 1875 quod
946 1848 1002 1867 non

184 1879 346 1913 putandum
362 1879 399 1907 sit
415 1879 533 1915 iniquos
554 1890 640 1917 posse
661 1890 677 1909 a
709 1883 763 1910 Deo
787 1883 936 1916 abscondi,
953 1887 1004 1911 aut

181 1923 326 1956 judicium
355 1924 419 1959 ejus
439 1925 575 1961 effugere.
604 1928 642 1953 Ba
667 1927 773 1954 creatis
799 1927 873 1963 ejus.
891 1927 930 1955 De
947 1928 1003 1955 for-

186 1968 312 1997 matione
328 1969 466 2005 hominis,
494 1979 551 2006 qua
581 1971 741 2000 honoratus
764 1975 827 2006 est;
848 1972 883 2000 de
898 1972 1006 2000 latione

187 2013 277 2048 legis;
298 2013 333 2040 de
348 2013 531 2050 eleemosyna
545 2018 571 2043 et
589 2016 778 2051 pmnitentia;
808 2017 844 2044 de
874 2018 1007 2045 modesta

186 2056 385 2091 responsione.
402 2057 464 2084 Non
480 2066 543 2086 esse
561 2059 784 2094 vituperandum
797 2060 906 2088 bonum
921 2069 1005 2096 opus,
1023 2075 1026 2078 ι

187 2107 281 2134 neque
289 2100 399 2127 donum
416 2100 538 2129 molesto
548 2110 683 2130 sermons
700 2112 706 2130 :
730 2104 806 2139 quod
823 2105 873 2140 qui
900 2105 1006 2140 princi-

188 2146 286 2179 patum
302 2145 631 2181 concupiscit,petulans
640 2147 718 2178 sit.et
728 2148 757 2175 in
773 2148 910 2177 omnibus
922 2150 1007 2177 rebus

188 2192 375 2223 praeparatus.
388 2189 451 2216 Non
474 2197 537 2217 esse
558 2190 748 2219 difﬂuendum
765 2192 844 2224 luxu,
868 2197 897 2220 et
911 2202 927 2220 a
943 2193 1007 2228 qui-

188 2233 243 2260 bus
259 2233 465 2261 abstinendum
493 2234 549 2261 sit:
572 2234 607 2261 de
631 2235 766 2263 custodia
791 2236 1007 2271 mysteriorum.

1010 928 1033 961 B

1042 286 1086 312 καὶ
1115 290 1164 321 τῆς
1191 287 1229 317 εἷς
1257 287 1339 324 ἱερεῖς
1363 290 1458 322 τιμῆς,
1485 285 1530 313 καὶ
1553 288 1603 320 τῆς
1621 285 1658 316 είς
1680 284 1868 320 κακουμένους

1043 329 1218 367 ἐπισκέψεως.
1248 331 1308 359 Ὅτι
1338 330 1453 357 ἑκάστου
1481 329 1638 367 πράγματος
1661 329 1693 355 τὸ
1720 327 1798 358 τέλος
1825 326 1869 355 δεῖ

1043 377 1173 411 προορᾷν,
1201 374 1246 402 καὶ
1276 374 1363 405 οὕτως
1392 373 1542 411 ἄρχεσθαι·
1573 372 1684 400 ὶκάστου
1713 371 1817 409 λόγου,
1847 372 1866 405 ἢ

1043 418 1164 456 πράξεως
1181 422 1290 446 σκοπεῖν
1314 419 1348 446 τὰ
1369 418 1479 456 ἔσχατα.
1505 417 1556 446 Καὶ
1578 417 1641 454 πιρὶ
1655 419 1704 444 τοῦ
1727 417 1764 453 μὴ
1781 426 1865 453 παρο-

1044 465 1091 500 ρᾷν
1108 462 1232 501 διήγημα
1246 463 1380 501 γερόντων
1406 464 1506 501 σοφῶν.
1533 462 1576 496 Ἐξ
1589 461 1660 488 ὅσων
1680 460 1783 498 γίνεται
1798 470 1868 497 πορ-

1044 507 1110 534 νεία·
1140 508 1202 546 περὶ
1229 510 1277 535 τοῦ
1309 508 1346 544 μή
1369 505 1611 545 ἐγκαταλιμπάνειν
1636 505 1716 545 φίλον
1737 505 1866 542 ἀρχαῖον·

1045 551 1059 578 6
1073 551 1123 589 γὰρ
1145 552 1205 582 νὲος
1230 552 1301 582 οἶνος
1329 550 1401 590 φίλῳ
1423 550 1475 586 νὲῳ
1499 548 1678 588 συγκρίνεταιι
1694 548 1756 586 περὶ
1778 547 1870 586 τεχνίο

1043 606 1092 623 του
1121 598 1205 634 σοφοῦ
1222 618 1229 630 ,
1258 596 1303 623 καὶ
1331 597 1426 633 κριτοῦ
1456 593 1630 630 διδασκάλου,
1659 594 1704 621 καὶ
1735 592 1870 630 βασιλέως

1046 638 1207 667 ἀπαιδεύτου
1225 661 1231 668 .
1262 642 1321 667 Ὅτι
1352 639 1453 676 μακρὸν
1491 638 1661 676 ἀρῥώστημα
1692 640 1788 666 σκοπεῖ

1047 682 1137 722 ἰατρός
1155 693 1161 699 ·
1178 684 1240 721 περὶ
1264 683 1418 721 σπέρματος
1443 682 1553 719 ἐντίμου
1580 681 1626 709 καὶ
1655 680 1781 708 ἀπίστου·
1806 680 1870 718 περὶ

1047 728 1152 756 οἰκέτου
1176 730 1280 766 σοφοῦ,
1306 728 1351 755 καὶ
1371 727 1504 765 ἄρχοντος
1527 725 1672 754 πλουσίου.
1687 726 1746 752 ’Ότι
1772 725 1869 763 μικρὸν

1046 772 1071 801 ἐν
1088 775 1220 803 πετεινοῖς
1236 774 1252 807 ἡ
1271 772 1396 809 μέλισσα,
1410 771 1455 799 καὶ
1471 771 1545 809 ἀρχὴ
1561 769 1760 808 γλυκασμάτων
1774 770 1789 796 ὁ
1803 779 1871 807 καρ-

1046 817 1097 848 πὸς
1111 817 1207 851 αὐτῆς.
1231 817 1297 853 Περὶ
1318 819 1366 844 τοῦ
1394 817 1431 853 μὴ
1456 816 1586 853 ἀκρίτως,
1603 813 1673 852 μηδι
1691 813 1870 849 ἀνεξετάστως

1049 860 1211 900 μέμφεσθαι,
1230 859 1300 897 μηδὲ
1324 861 1389 888 εἶναι
1414 859 1644 897 πολυπράγμονα,
1660 857 1734 886 ἀλλὰ
1755 856 1874 891 δίκαιον,

1048 905 1169 936 ὅτιθεὸς
1193 906 1207 933 ὁ
1231 905 1395 939 πλουτίζων.
1421 905 1482 933 Ὅτι
1509 903 1593 941 μηδὲν
1616 905 1671 931 τῶν
1693 902 1872 941 ἀνθρωπίνων

1048 950 1154 988 ἀγαθῶν
1183 949 1371 986 ἀμετάκλητον
1401 950 1458 986 (26)
1486 949 1630 986 ἡγεῖσθαι.
1664 946 1727 984 Περὶ
1754 948 1803 974 τοῦ
1833 947 1871 982 μὴ

1048 995 1201 1033 γνησιάζειν
1228 994 1307 1021 παντὶ
1333 992 1484 1031 ἀνθρώπῳ,
1514 991 1586 1020 ἀλλᾶ
1612 988 1731 1019 εὐσεϐέσι
1759 990 1805 1017 καὶ
1835 988 1875 1016 δι-

1048 1039 1156 1069 καίοις·
1185 1038 1230 1065 καὶ
1258 1037 1320 1076 περὶ
1348 1040 1396 1064 τοῦ
1426 1036 1604 1076 φυλάττεσθαι
1632 1035 1695 1066 τοὺς
1723 1034 1872 1072 πονηρούς.

1050 1083 1115 1121 Περὶ
1130 1085 1178 1110 τοῦ
1197 1083 1234 1119 μή
1259 1084 1398 1109 κοινωνεῖν
1424 1080 1607 1119 ὑπερηφάνοις
1631 1078 1675 1107 διὰ
1688 1079 1733 1106 τὸν
1751 1078 1776 1114 ἐξ
1791 1077 1874 1105 αὑτοῦ

1053 1127 1205 1164 μολυσμὸν,
1221 1127 1265 1153 καὶ
1280 1127 1329 1161 τήν
1354 1123 1509 1163 συντριϐἠν,
1531 1124 1576 1152 καὶ
1592 1123 1653 1161 περὶ
1672 1126 1722 1158 τῆς
1737 1124 1786 1150 τοῦ
1800 1121 1877 1157 πλη-

1051 1172 1107 1199 σίον
1142 1170 1284 1209 θεραπείας
1312 1170 1384 1208 παρὰ
1411 1169 1551 1198 πολλῶν·
1581 1168 1625 1196 καὶ
1654 1168 1695 1196 ὅτι
1726 1170 1776 1194 πᾶν
1807 1168 1878 1201 ζῶον

1051 1217 1142 1254 ἀγαπᾷ
1169 1216 1200 1243 τὸ
1229 1215 1337 1251 ὅμοιον.
1366 1216 1466 1251 Ὥσπερ
1495 1213 1546 1251 γὰρ
1575 1213 1606 1240 οὖ
1634 1214 1759 1240 κοινωνεῖ
1789 1210 1876 1241 λύκος

1052 1261 1141 1298 ὀμνῷ,
1163 1258 1225 1288 οὔτε
1248 1260 1379 1298 ιὶρηνεύει
1396 1259 1473 1286 ὕαιναι
1496 1258 1565 1297 πρὸς
1591 1258 1666 1285 κύνα·
1685 1256 1771 1288 οὕτως
1786 1257 1878 1292 ἁμαρ-

1050 1298 1139 1336 τωλὸς
1154 1305 1222 1342 πρὸς
1239 1302 1344 1339 εὐσεϐῆ.
1363 1304 1427 1340 Περὶ
1451 1300 1626 1340 μικρολόγων
1647 1304 1701 1329 τῶν
1731 1301 1768 1337 μὴ
1795 1311 1877 1336 μετα-

1053 1349 1181 1377 διδόντων
1196 1349 1308 1386 ὲτὲροις,
1324 1348 1369 1375 καὶ
1384 1347 1424 1375 ὅτι
1448 1347 1474 1375 ὲν
1498 1346 1612 1383 πλούτῳ
1626 1346 1671 1374 καὶ
1693 1344 1817 1382 πτωχείᾳ
1832 1343 1878 1371 δί-

1052 1405 1128 1422 καιον
1145 1394 1211 1421 εἶναι
1225 1393 1270 1420 καὶ
1285 1392 1369 1427 ὅσιον,
1397 1393 1434 1429 μή
1458 1390 1625 1419 τούναντίον.
1646 1390 1785 1427 Μακάρων
1800 1390 1881 1426 ἠγεῖ-

1054 1445 1113 1471 σθαι
1128 1438 1174 1466 τὸν
1189 1437 1269 1477 σοφίᾳ
1291 1437 1336 1464 καὶ
1361 1436 1463 1464 συνέσει
1488 1438 1610 1470 συζῶντα
1635 1434 1717 1472 μὲχρι
1732 1433 1875 1468 τελευτῆς,

1055 1483 1086 1511 ού
1111 1483 1157 1510 τὸν
1185 1481 1316 1510 πλούσιον
1344 1481 1370 1509 ἐν
1399 1481 1506 1517 κόσμῳ.
1536 1477 1602 1518 Ηερὶ
1627 1478 1810 1514 αὐτεξουσίου,
1835 1477 1879 1505 δτι.

1055 1528 1117 1566 περῖ
1147 1526 1309 1557 ἀποστασίας
1341 1526 1378 1562 μὴ
1407 1525 1487 1553 aii-ria)
1514 1525 1560 1552 τὸν
1586 1524 1695 1560 Κύριον·
1720 1523 1806 1550 πάντα
1826 1521 1880 1559 γάρ

1057 1583 1098 1599 σοι
1119 1570 1259 1608 παρέθετο.
1285 1572 1348 1598 ⁶Ὸτι
1373 1572 1496 1606 κρεῖσσον
1523 1567 1623 1596 ἄπαιδα
1648 1567 1715 1595 εἶναι
1737 1567 1754 1601 ἢ
1771 1566 1881 1604 πονηρὰ

1056 1616 1135 1645 τὲκνα
1149 1613 1233 1653 ἔχειν.
1258 1615 1319 1643 ’Ότι
1344 1613 1420 1641 οὒόὶν
1446 1612 1570 1645 λανθάνει
1594 1612 1670 1640 Θεόν.
1695 1611 1760 1650 Περὶ
1784 1611 1880 1649 φωρά-

1054 1670 1121 1692 σεως
1147 1662 1214 1687 Θεοῦ
1241 1658 1285 1686 καὶ
1316 1658 1446 1696 κρίσεως,
1473 1657 1518 1685 καὶ
1548 1658 1585 1693 μή
1615 1656 1711 1692 νόμιζε
1737 1655 1785 1682 τὸν
1813 1655 1880 1682 Θεὸν

1054 1704 1217 1741 κρύπτεσθαι
1246 1703 1366 1739 ἀνόμους
1395 1702 1412 1736 ἢ
1444 1701 1580 1741 ἐκφεύγειν
1601 1700 1686 1728 αὐτοῦ
1711 1700 1760 1734 τὴν
1776 1698 1878 1736 κρίσιν.

1056 1748 1120 1785 Περὶ
1143 1750 1196 1775 τῶν
1220 1750 1385 1784 κτισμάτων.
1410 1746 1474 1784 Περῖ
1497 1749 1548 1780 τῆς
1571 1747 1619 1772 τοῦ
1640 1744 1783 1782 ἀνθρώπου
1806 1742 1879 1770 πλά-

1055 1803 1134 1827 σεως,
1149 1793 1183 1826 ἧς
1200 1791 1328 1827 ἐτιμήθη.
1354 1791 1419 1828 Περὶ
1444 1794 1493 1825 τῆς
1517 1792 1565 1817 τοῦ
1584 1789 1671 1826 νόμου
1687 1788 1798 1819 δόσεως·
1814 1787 1879 1824 περὶ

1057 1836 1244 1873 ἐλεημοσύνης
1271 1836 1315 1863 καὶ
1339 1835 1493 1872 μετανοίας·
1519 1834 1580 1872 περὶ
1605 1833 1740 1863 ἑπιιικοῦς
1764 1832 1881 1867 ἀποκρί-

1057 1891 1135 1911 σεως·
1152 1881 1214 1917 περὶ
1229 1882 1277 1907 τοῦ
1295 1880 1332 1916 μή
1352 1880 1504 1916 μωμιῖσθαι
1519 1879 1550 1906 τὸ
1576 1878 1675 1915 ἀγαθὸν
1700 1876 1790 1915 ἔργον,
1809 1875 1883 1912 μηδὶ

1058 1925 1130 1962 δόμα
1145 1925 1171 1952 ἐν
1187 1924 1304 1962 λυπηρῷ
1319 1923 1407 1961 λόγῳο
1430 1923 1499 1950 ὥστε
1521 1923 1566 1950 τὸν
1591 1921 1775 1958 ἐπιθυμοῦντα
1789 1920 1883 1958 ἀρχῆς

1058 1969 1280 2006 προπετιύισθαι,
1309 1968 1354 1995 καὶ
1379 1967 1404 1995 ἓν
1434 1970 1498 1994 πᾶσι
1529 1966 1791 2004 προετοιμάζεσθαι.
1816 1965 1885 2001 Περὶ

1058 2016 1107 2041 τοῦ
1132 2014 1169 2050 μὴ
1199 2012 1389 2048 ἀσωτεύεσθαι,
1420 2012 1464 2039 καὶ
1494 2012 1531 2039 ὢν
1561 2009 1602 2038 δεῖ
1630 2010 1788 2048 ἀπιχεσθαι.
1817 2008 1886 2044 Περὶ

1060 2058 1184 2097 φυλακῆς
1211 2056 1378 2094 μυστηρίων,
1403 2056 1449 2083 καὶ
1473 2056 1535 2093 περὶ
1562 2054 1687 2093 ἄφρονος,
1712 2053 1774 2090 περὶ
1790 2052 1888 2091 σοφίας

1060 2106 1110 2138 τῆς
1135 2101 1178 2129 διὰ
1199 2098 1373 2139 παραϐολῶν,
1401 2100 1446 2127 καὶ
1475 2100 1537 2137 περὶ
1569 2099 1642 2136 βίου,
1657 2098 1701 2125 καὶ
1726 2098 1824 2135 ἀρχῆς,
1841 2097 1888 2124 καὶ

1063 2148 1163 2186 σοφῶν,
1192 2146 1237 2173 καὶ
1268 2147 1378 2182 μωρῶν.
1411 2144 1473 2182 Περὶ
1504 2143 1635 2181 Θυγατρὸς
1663 2142 1810 2180 Θρασιίας·
1835 2141 1889 2186 ,καὶ

1062 2191 1124 2229 περὶ
1154 2189 1311 2228 ἀπροσεξίας
1343 2190 1448 2226 μωροῦ,
1474 2188 1519 2215 καὶ
1535 2186 1743 2225 περὶ.διανοίας
1763 2185 1890 2223 στερρᾶς,

1062 2235 1107 2262 καὶ
1133 2235 1158 2262 ἐν
1183 2234 1236 2261 τίσι
1262 2232 1400 2261 διαλύεται
1420 2232 1499 2271 φιλία
1521 2232 1567 2259 καὶ
1591 2231 1653 2269 περὶ
1678 2233 1725 2258 τοῦ
1743 2230 1894 2267 μὴ.ἀπρο-

190 2279 227 2304 De
242 2276 343 2311 stulto,
361 2277 397 2305 de
410 2277 553 2313 sapientia
569 2286 619 2313 per
634 2278 806 2313 parabolas;
823 2279 858 2306 de
887 2279 956 2313 vita,
974 2280 999 2307 d4

1064 2279 1208 2318 φυλάκτως
1237 2278 1395 2317 φθέγγεσθαι
1423 2279 1481 2307 τοῖς
1510 2277 1680 2319 ἁμαρτήσασι
1700 2297 1705 2303 .
1736 2275 1805 2319 Περὶ,
1827 2284 1894 2301 παι-

189 2321 351 2357 principio;
368 2322 402 2349 de
419 2322 603 2358 sapientibus
611 2325 640 2349 et
649 2322 760 2355 stultis,
775 2323 810 2350 de
825 2323 885 2350 ﬂlia
894 2324 1007 2357 audaci;

189 2366 223 2393 de
247 2366 494 2394 inconsiderantia
515 2366 616 2399 stulti;
642 2367 678 2394 de
702 2369 798 2394 mente
817 2367 901 2400 dura,
927 2370 955 2395 et
979 2368 1008 2394 in

188 2410 294 2445 quibus
310 2410 487 2438 dissolvatur
496 2410 634 2438 amicitia.
647 2411 708 2439 Non
725 2419 788 2438 esse
808 2412 1009 2446 peccatoribus

189 2454 402 2483 inconsiderate
414 2455 595 2490 loquendum
610 2464 616 2488 ;
629 2455 664 2482 de
682 2455 847 2491 disciplina.
864 2455 926 2483 Non
943 2464 1008 2484 esse

189 2499 399 2535 postulandum
411 2501 615 2536 juramentum
635 2509 640 2528 :
655 2501 689 2528 de
701 2501 837 2528 custodia
860 2501 967 2528 animas
981 2504 1011 2529 et

188 2545 316 2581 corporis
330 2554 336 2572 :
348 2546 383 2573 de
399 2545 517 2572 homine
533 2548 700 2573 scortatore.
723 2546 763 2573 De
786 2545 908 2573 muliere
934 2544 1011 2573 male

188 2593 215 2616 et
230 2589 372 2617 adultera.
383 2590 538 2625 Prophetia
552 2590 587 2617 de
602 2589 670 2617 Jesu
688 2590 812 2622 Christo,
829 2590 878 2625 qui
894 2592 940 2617 est
963 2598 1010 2617 sa-

191 2633 296 2668 pientia
312 2634 361 2662 Dei
373 2636 402 2662 et
416 2634 517 2667 Filius,
540 2634 634 2661 ﬂuviis
653 2637 850 2669 comparatus.
877 2636 914 2662 De
929 2634 1010 2661 addi.

188 2678 265 2706 tione
279 2679 451 2714 dtscipline,
470 2678 504 2706 de
520 2678 619 2706 decem
636 2678 876 2710 beatitudinibus,
890 2678 925 2705 de
938 2678 1010 2705 infe-

191 2724 280 2751 renda
301 2723 386 2759 plaga
410 2724 439 2751 et
466 2722 586 2757 ultione,
604 2723 640 2750 de
656 2722 825 2750 mercatoris
842 2722 955 2756 delicto,
977 2722 1011 2749 de

228 2822 284 2858 (25)
309 2822 340 2850 In
364 2821 462 2849 Graeco
478 2821 631 2857 Scriptum
656 2822 748 2855 textu,
763 2820 870 2857 legitur
897 2819 1014 2848 σκώπτει

1064 2323 1148 2356 δείας,
1176 2322 1221 2349 καὶ
1245 2325 1294 2349 τοῦ
1325 2322 1362 2358 μὴ
1392 2321 1523 2348 αῑτεῖσθαι
1551 2317 1649 2357 ὅρκον·
1677 2319 1739 2357 περὶ
1763 2318 1893 2357 φυλακῆς

1063 2369 1156 2405 ψυχῆς
1185 2366 1229 2394 καὶ
1260 2366 1388 2402 σώματος
1405 2389 1411 2400 ,
1441 2364 1487 2392 καὶ
1516 2364 1576 2401 περῖ
1609 2364 1752 2401 ἀνθρώπου
1775 2362 1890 2399 πόρνου,

1064 2412 1129 2448 Περὶ
1157 2414 1280 2447 πονηρᾶς
1295 2410 1432 2448 γυναικὸς,
1459 2409 1503 2436 καὶ
1533 2407 1710 2445 μοιχαλίδος.
1734 2407 1894 2445 Προφητεία

1064 2456 1125 2492 περῖ
1143 2456 1235 2490 Ἰησοῦ
1251 2456 1378 2492 Χριστοῦ,
1403 2453 1432 2484 ὅς
1458 2453 1513 2480 ἔστι
1537 2452 1617 2491 σοφία
1639 2452 1683 2479 καὶ
1704 2452 1777 2484 Υἱὸς,
1793 2461 1893 2487 παρει-

1064 2499 1169 2530 κασθεὶς
1194 2501 1352 2535 ποταμοῖς.
1384 2498 1449 2535 Περὶ
1477 2497 1635 2535 προςθήκης
1663 2494 1796 2526 παιδείας·
1827 2495 1894 2533 περὶ

1064 2547 1117 2572 τῶν
1140 2542 1203 2571 δὲκα
1229 2541 1419 2579 μακιρισμῶψ
1446 2542 1508 2579 περὶ
1533 2540 1645 2578 πληγῆς
1675 2540 1820 2577 ἐπαγωγῆς
1844 2540 1893 2566 καὶ

1066 2587 1240 2623 ἐκδικήσεως*
1271 2586 1333 2624 περὶ
1362 2585 1557 2622 πλημμελείας
1588 2584 1720 2622 ἐμπόρου·
1751 2584 1811 2622 περὶ
1836 2586 1894 2610 τῶν

1066 2631 1313 2667 ἀποκαλυπτόντων
1339 2629 1504 2667 μυστηρικὸν
1531 2629 1611 2666 Λόγον
1626 2649 1632 2655 .
1659 2628 1724 2665 Περὶ
1749 2627 1897 2664 ἀνθρώπου

1066 2675 1220 2712 θυμώδους·
1243 2675 1304 2712 περὶ
1329 2673 1513 2712 γλωσσώδους
1537 2672 1645 2711 ἀνδρός·
1671 2672 1733 2710 περὶ
1747 2674 1795 2699 τοῦ
1818 2671 1898 2699 δανί-

1068 2723 1120 2755 ζειν
1135 2723 1174 2756 τῷ
1188 2719 1317 2755 πλησίον,
1342 2719 1387 2746 καὶ
1411 2718 1508 2749 τόκους
1526 2718 1563 2754 μή
1588 2714 1747 2753 λαμϐάνειν,
1764 2715 1837 2744 ἀλλὰ
1851 2726 1897 2744 iu-

1104 2819 1161 2855 (26)
1175 2818 1195 2846 l.
1212 2818 1240 2845 ’A
1247 2814 1409 2854 μετάῧητον.
