2043 3111
119 170 176 200 381

667 169 852 201 SYNOPSIS
875 169 1107 202 SGHIP’I‘URE
1128 170 1277 202 SACRE.

1760 174 1822 205 382

119 238 190 272 χρᾷν
208 235 281 271 ιῦτῷ
307 234 438 271 δεομένῳ·
467 235 529 271 περὶ
557 235 712 273 ἐγγυήσεωε
740 238 788 263 τοῦ
812 235 942 270 πλησίον,

999 237 1036 265 iis
1051 237 1102 273 qui
1117 246 1178 265 rem
1194 240 1334 266 secretam
1346 238 1524 274 revelant,de
1538 239 1657 267 homine
1669 240 1820 276 iracundo,

118 279 163 307 καὶ
180 280 242 317 περὶ
259 282 342 314 ζωῆς·
358 279 420 317 περὶ
435 281 483 306 τοῦ
500 280 537 315 μὴ
553 281 609 317 (27)
631 280 781 319 ἐπιστροφῇ
805 279 940 308 παιδεύειν

116 323 208 359 τᾶκνα,
225 324 285 362 περὶ
300 323 400 361 ὑγιείας
424 327 561 360 σῷματος,
587 325 630 352 καὶ
661 324 798 363 βρώσεως,
824 325 868 352 καὶ
891 326 942 361 ψυ-

118 372 187 406 χῆς
213 369 276 406 περὶ
305 367 481 399 διδασκαλίας
511 370 674 407 χρημάτων,
706 368 941 407 μεγιστάνων,καὶ

117 412 279 451 ἡγουμένων
367 413 419 448 υἱῷ
433 413 478 440 καὶ
502 414 616 451 γυναικὶ,
645 413 755 452 ἀδελφῷ
781 413 827 441 xui
856 413 944 451 φίλῳ*

116 458 181 495 περὶ
209 457 317 485 οἰκέτου
336 456 499 495 κακούργου.
533 458 595 494 Περὶ
635 458 763 486 ἐνυπνίων
798 458 940 486 ἀσυνέτων·

115 502 180 540 περὶ
206 501 312 537 πλάνης
336 501 381 529 καὶ
405 501 593 539 πολυπειρίας,
617 502 662 529 καὶ
684 503 745 540 περῖ
769 505 823 530 τῶν
840 500 942 542 φοϐου-

117 546 207 582 μένων
233 546 280 573 τὸν
310 545 417 583 Κύριον.
449 546 513 583 Περὶ
542 548 651 581 θυσιῶν,
690 546 734 573 καὶ
767 548 941 585 προσφορῶν,

113 593 169 618 τῶν
201 590 226 625 ἐξ
252 589 368 622 ἀδικίας,
393 593 447 617 τῶν
473 601 503 617 τε
531 590 560 617 ἐκ
574 589 747 626 δικαιοσύνης
766 593 940 630 προσφορῶν·

114 636 180 673 περὶ
208 636 309 662 θυσιῶν
331 637 386 662 τῶν
410 634 440 662 ἐκ
463 634 649 674 φιλαργυρίας.
679 636 740 664 ’Ὁτι
764 639 869 676 τρυφῆς
897 636 942 663 καὶ

114 679 239 708 πλούτου
255 679 296 707 δεῖ
321 682 510 718 καταφρονεῖν.
536 680 600 717 Περὶ
631 679 792 718 λαιμάργων
820 681 864 708 καὶ
897 681 943 718 βα-

115 725 233 758 σκάνων,
255 724 300 751 καὶ
332 723 491 759 ἆπλήπων,
513 724 557 751 καὶ
590 724 720 752 ἀτάκτωνι
749 725 786 760 μὴ
814 724 942 762 μεθύσκε-

114 770 174 797 σθαι
201 768 276 804 εἷ’νῳ,
303 767 366 795 ἀλλ’
394 768 535 805 αὐτάρκως
559 769 688 806 χρᾶσθαι.
715 769 779 807 Περὶ
795 769 942 807 ἐπαιρομέ-

114 824 162 840 νου
192 813 340 848 ἐπιεικοῦς,
369 813 414 840 καὶ
443 813 505 850 περὶ
540 812 639 844 λαλιᾶς
674 811 872 852 πρεσϐυτέριον,
897 818 943 845 καὶ

115 858 179 894 περὶ
197 856 296 888 λαλιᾶς
312 857 460 886 νεανίσκου.
477 857 541 896 Περὶ
557 856 675 895 ἐκδοχῆς
699 857 821 889 παιδείας
845 858 940 895 νόμου,

114 902 162 929 καὶ
190 902 312 939 κρίματα
340 902 384 928 καί
414 900 594 938 δικαιώματα,
623 902 668 929 καὶ
696 902 829 930 πιστεύειν
852 903 941 940 νύμῳ.
958 920 982 952 Β

118 949 139 952 -
175 946 182 952 .
215 944 227 952 ρ.
266 946 293 952 ν.
383 949 395 952 -
430 948 445 952 -
529 946 536 952 .
633 947 639 952 .
733 947 740 952 .
773 947 785 952 ..
850 949 856 952 .
913 948 920 952 .

116 946 183 982 Περὶ
213 944 346 980 διαθήκης
379 948 446 973 θεοῦ
474 946 541 973 κατά
567 947 670 983 γενεὰν,
697 947 741 974 καὶ
770 947 810 974 ὅτι
844 949 861 982 ἡ
894 948 940 984 μὲν

114 990 269 1024 κατασκιυή
307 992 356 1024 τῆς
393 990 498 1028 φύσεως
529 993 588 1021 τοῖς
626 991 779 1028 ἀνθρώποις
820 992 877 1027 μία·
910 1002 941 1030 το

115 1033 142 1061 δὲ
182 1038 235 1068 τῆς
269 1035 437 1072 πραιρέσεως
482 1033 621 1074 διάφορον,
657 1035 702 1074 ἀφ’
738 1037 771 1069 ἧς
799 1036 862 1067 τοὺς
894 1037 941 1072 μὶν

111 1078 301 1115 εὐλογεῖσθαι,
330 1078 394 1109 τοὺς
424 1077 453 1105 δὲ
486 1079 536 1106 ὑπὸ
570 1079 685 1117 κατάραν
723 1079 843 1115 ἐποίησε.
876 1080 942 1119 Περὶ

113 1122 186 1150 tuo;
211 1122 423 1160 ἑκλελεγμίνου,
451 1123 494 1150 καὶ
518 1123 559 1151 ὅτι
584 1123 705 1151 ἀπέναντι
725 1126 773 1151 τοῦ
797 1124 897 1162 ἀγαθοῦ
912 1125 943 1152 τὸ

112 1167 212 1203 κακὸν,
228 1167 274 1194 καὶ
299 1167 425 1195 ἀπέναντι
448 1170 497 1195 τοῦ
521 1165 647 1199 εὐσεϐοῦς
664 1169 678 1195 ὁ
694 1168 869 1205 ἁμαρτωλός.
884 1169 942 1197 Τίσι

115 1211 158 1239 δεῖ
191 1215 343 1239 κοινωνεῖν·
373 1212 469 1239 ὁποίαν
493 1211 534 1240 δεῖ
554 1215 667 1250 γυναῖκα
697 1210 801 1240 λαϐεῖν·
832 1214 943 1246 ὁποίους

114 1255 156 1284 δεῖ
182 1255 282 1295 enim:
308 1255 392 1293 ἔχειν·
415 1257 468 1284 τίσι
498 1256 539 1284 δεῖ
562 1255 731 1293 συμϐούλοις
746 1259 875 1296 χρῆσθαι,
903 1259 943 1287 τί-

113 1311 159 1332 νας
187 1299 370 1332 διδασκάλους
394 1301 489 1339 ὁρίζει·
518 1302 579 1339 περὶ
606 1304 654 1329 τοῦ
670 1301 767 1329 είδὲναι
796 1303 827 1330 τὸ
842 1303 944 1342 συμφέ-

116 1356 162 1383 ρον
194 1344 321 1373 ἕκαστον.
345 1346 411 1383 Περὶ
434 1348 483 1373 τοῦ
507 1349 586 1382 τιμᾷν
609 1347 671 1377 τοὺς
687 1346 807 1384 iunpo-5c.
825 1349 886 1378 Πῶς
901 1347 944 1375 ἐπὶ

115 1391 206 1426 νεκρῷ
245 1388 289 1416 δεῖ
328 1392 441 1421 πενθεῖν.
479 1390 542 1428 Περὶ
578 1391 761 1428 γραμματέως
787 1392 832 1418 καὶ
861 1394 945 1431 σοφοῦ

116 1436 257 1471 γεωργοῦ¹
286 1434 332 1461 καὶ
347 1434 409 1471 περὶ
420 1434 569 1472 ἀγρυπνίας
581 1436 716 1468 τέκτονος,
745 1436 790 1463 καὶ
806 1437 944 1474 χαηκέως,

117 1479 161 1506 καὶ
189 1478 343 1516 κεραμέως.
371 1478 434 1517 Περὶ
459 1479 582 1517 φυλακῆς
604 1481 697 1517 ψυχῆς
721 1480 873 1517 ἀνθρώπου,
901 1481 946 1508 καὶ

115 1527 166 1557 τῆς
192 1522 405 1560 παραμενούσης
434 1523 540 1562 σοφίας,
566 1523 612 1550 καὶ
642 1523 703 1551 ὅσον
720 1524 856 1562 τυγχάνει.
881 1525 946 1562 Περὶ

114 1568 302 1605 προγνώσεως
318 1569 384 1594 Θεοῦ
399 1567 443 1594 καὶ
458 1567 570 1599 κτίσεως
595 1567 710 1604 κόσμου.
736 1570 795 1596 ’Ότι
817 1570 834 1604 ἡ
857 1569 944 1601 κτίσις

113 1614 172 1643 τοῖς
190 1608 328 1639 εὖσεῧὲσιν
344 1611 380 1641 εἰς
394 1611 519 1649 εὐλογίαν
534 1613 669 1649 τρέπεται·
698 1615 757 1643 τοῖς
782 1612 810 1640 δὲ
834 1613 945 1650 ἀνόμοις

116 1656 150 1686 εἷς
183 1655 311 1692 κατάραν.
346 1657 406 1684 Ὀτι
435 1655 554 1694 ἀσχολία
580 1656 686 1694 μεγάλη
723 1656 839 1685 ἔκτισται
868 1659 946 1685 παντί

116 1700 253 1736 ἀνθρώπῳ
281 1700 326 1726 καὶ
359 1700 437 1737 ζυγὸς
467 1700 549 1738 βαρὺς
578 1700 622 1728 ἐπὶ
661 1701 739 1732 υἱοὺς
760 1700 856 1738 Ἒδάμ.
886 1704 945 1730 Ὅτι

117 1744 202 1771 πάντα
234 1743 284 1770 ὅσα
314 1743 366 1770 ἀπὸ
391 1747 443 1780 γῆς
473 1744 510 1774 είς
537 1748 588 1781 γῆν
618 1744 783 1783 ἀναστρίφει,
812 1745 856 1772 καὶ
897 1745 947 1773 ὅσα

116 1788 169 1815 ἀπὸ
183 1790 237 1815 τοῦ
252 1786 352 1818 ὕδατος
368 1788 404 1818 εἰς
424 1787 568 1816 θάλασσαν,
600 1788 662 1825 Περὶ
687 1789 851 1827 συγκρίσεως
880 1790 946 1827 ἀγα-

116 1833 181 1867 θῶν,
203 1831 252 1859 καὶ
276 1831 337 1858 τίνα
366 1832 399 1859 τὰ
427 1833 540 1870 σαρκικὰ
569 1832 652 1870 ἀγαθὰ
680 1833 713 1860 τὰ
742 1832 851 1866 ἥττονα.
881 1833 945 1870 Περὶ

115 1879 163 1904 τοῦ
177 1877 241 1905 τίνα
265 1876 302 1904 τὰ
316 1874 379 1905 ὄντα
394 1876 477 1914 ἀγαθά
502 1877 535 1905 τὰ
556 1876 664 1912 μείζονα
691 1876 737 1904 καὶ
766 1877 944 1913 πνευματικά.

120 1921 184 1958 Περὶ
197 1924 273 1955 ζωῆς
290 1920 391 1955 ἆπαιτή
412 1922 479 1956 (29).
510 1921 574 1958 Περὶ
600 1920 711 1948 θανάτου
735 1923 833 1959 πικροῦ
858 1920 946 1949 πλου-

118 1965 188 1992 σίου·
216 1965 280 2003 περὶ
307 1965 421 1996 θανάτου
444 1965 530 1993 καλοῦ
549 1967 673 2003 πτωχοῦ.
697 1965 822 2002 Περὶτοῦ
840 1966 877 2003 μὴ
902 1966 945 1993 εὐ-

121 2007 263 2041 λαϐεῖσθαι
289 2010 321 2036 τὸ
351 2009 501 2037 ἀποθανεῖν.
532 2009 596 2047 Περὶ
624 2012 672 2036 τοῦ
688 2008 877 2040 ἐπονειδίστως
907 2011 945 2048 μή

119 2055 177 2088 ζῇν,
196 2053 270 2081 ἀλλὰ
287 2054 436 2092 φροντίζειν
452 2054 586 2090 ὀνόματος
601 2054 713 2091 ἀγαθοῦ.
730 2054 794 2091 Περὶ
821 2053 946 2088 παιδείας

118 2098 272 2135 εἰρηνικῆς,
305 2099 364 2137 Ἀφ’
392 2099 428 2125 ὧν
459 2098 653 2136 ἐντρεπόμενος
689 2098 860 2137 αἰσχύνεσθαι
894 2098 945 2127 δεῖ·

118 2143 179 2179 περῖ
197 2144 232 2170 ὧν
257 2143 291 2170 οὐ
317 2142 357 2170 δεῖ
379 2142 561 2181 αἰσχύνεσθαι.
587 2144 645 2170 Ὅτι
673 2142 713 2170 δεῖ
737 2143 798 2180 περὶ
814 2144 945 2181 Θυγατρὸς

118 2188 254 2224 παρθένου
280 2187 395 2214 πάντοτε
419 2189 559 2224 μεριμνᾷν·
585 2187 645 2222 περὶ
661 2189 709 2214 τοῦ
726 2187 763 2223 μή
780 2186 944 2224 συνεδρεύειν

117 2229 142 2256 ὲν
176 2232 251 2267 μέσῳ
276 2232 411 2268 γυναικῶν
436 2229 480 2258 διὰ
508 2231 641 2268 πορνείαν.
668 2230 731 2268 Περὶ
767 2230 946 2269 δημιουργίας

997 282 1032 309 de
1047 282 1107 309 viro
1124 282 1250 318 loquaci,
1267 284 1302 311 de
1331 284 1436 311 foenore
1451 292 1468 311 a
1493 283 1626 319 proximo
1648 286 1779 320 sumpto,
1794 288 1823 313 et

997 326 1073 361 quod
1092 334 1183 354 usura
1205 335 1262 354 non
1288 327 1467 363 accipienda,
1484 327 1534 355 sed
1562 330 1665 355 mutuo
1690 327 1821 355 dandum

997 369 1036 397 sit
1051 370 1158 406 egenti,
1175 371 1210 398 de
1226 371 1416 406 ﬁdejussione
1441 371 1564 407 proximi
1578 381 1584 405 ;
1601 372 1637 399 de
1657 371 1726 406 vita,
1743 372 1820 408 quod

998 413 1082 441 liberi
1098 414 1342 451 castigationibus
1361 415 1421 442 sint
1444 415 1628 449 instituendi,
1644 416 1680 444 de
1696 416 1822 444 sanitate

997 458 1147 494 corporis;
1165 459 1200 486 de
1215 458 1289 492 cibo,
1306 461 1334 486 et
1349 459 1466 492 anima;
1482 459 1615 488 dectrina
1639 460 1675 487 de
1691 459 1819 494 divitiis;

998 502 1033 529 de
1049 503 1235 538 magnatibus
1250 505 1276 530 et
1290 503 1434 536 ducibus;
1451 511 1514 538 quas
1540 503 1610 539 ﬁlio,
1627 504 1719 537 uxori,
1737 504 1819 532 fratri

998 548 1026 573 et
1041 546 1133 574 amico
1150 547 1314 582 praestanda
1335 547 1412 580 sint;
1430 548 1465 574 de
1478 555 1560 575 servo
1586 548 1747 576 facinoroso
1761 560 1769 582 ;
1785 549 1819 576 de

998 591 1120 618 somniis
1139 591 1365 627 insipientibus;
1382 592 1417 619 de
1433 592 1602 620 seductione
1617 594 1645 619 et
1661 592 1754 620 multa
1768 600 1818 620 ex-

999 636 1141 671 perientia
1153 645 1159 669 ;
1171 636 1206 663 de
1217 636 1388 663 timentibus
1400 636 1556 664 Dominum
1569 646 1576 670 ;
1586 637 1621 665 de
1632 637 1782 665 sacriﬁciis
1790 639 1819 665 et

998 680 1207 713 oblationibus,
1234 689 1300 708 cum
1314 690 1348 708 ex
1369 681 1495 716 justitia,
1512 684 1576 709 tum
1601 690 1635 709 ex
1648 682 1763 717 justitia
1777 683 1818 710 fa-

998 727 1053 754 ctis
1067 736 1074 760 ;
1087 727 1122 754 de
1135 726 1286 755 sacriﬁciis
1301 735 1335 755 ex
1350 728 1491 762 avaritia;
1510 729 1740 756 contemnendas
1755 737 1819 757 esse

998 770 1117 798 delicias
1133 773 1161 798 et
1176 771 1311 804 divitias;
1328 772 1363 799 de
1389 772 1587 806 belluonibus,
1604 775 1632 800 et
1655 773 1773 808 invidis,
1790 775 1819 800 et

997 814 1225 849 insatiabilibus,
1243 817 1270 843 et
1293 815 1457 844 inordinate
1480 816 1654 845 viventibus.
1675 819 1736 845 Non
1753 824 1817 845 esse

997 858 1202 886 inebriandum
1219 859 1294 894 vino,
1307 861 1355 887 sed
1368 861 1443 895 quod
1455 861 1527 888 satis
1538 860 1576 888 sit
1590 861 1752 888 bibendum
1764 870 1772 895 ',
1782 861 1818 888 de

997 903 1121 931 exaltato
1130 903 1249 931 homine
1255 904 1404 932 moderato
1413 913 1419 938 ;
1432 906 1468 932 de
1475 905 1650 941 loquacitate
1656 905 1815 940 seniorum,

996 950 1024 975 et
1038 947 1216 983 loquacitate
1231 948 1439 976 adolescentuli
1453 961 1460 982 ς
1476 950 1512 977 de
1527 949 1715 985 suscipienda
1730 949 1817 977 disci-

997 991 1076 1027 plina
1092 992 1174 1028 legis,
1191 994 1218 1020 et
1238 992 1272 1020 de
1284 992 1404 1027 judiciis
1419 995 1448 1020 et
1458 992 1739 1028 justiﬁcationibus;
1756 1001 1816 1021 cre-

997 1036 1126 1063 dendum
1142 1044 1207 1064 esse
1227 1035 1305 1072 legi;
1334 1037 1369 1064 de
1383 1039 1557 1065 testamento
1586 1038 1635 1065 Dei
1653 1038 1816 1065 secundum

997 1080 1212 1116 generationem
1227 1093 1233 1112 ς
1250 1083 1279 1109 et
1289 1082 1365 1117 quod
1380 1081 1550 1110 hominibus
1559 1085 1669 1110 natura:
1680 1082 1818 1110 constitu-

996 1125 1037 1152 tio
1052 1125 1153 1152 eadem
1170 1124 1220 1158 sit,
1235 1125 1393 1154 voluntatis
1405 1133 1472 1153 vero
1489 1126 1619 1154 diversa:
1638 1126 1714 1154 unde
1730 1126 1816 1154 bene-

997 1168 1133 1196 dictionis
1148 1169 1268 1204 quidam
1281 1169 1445 1205 participes,
1458 1170 1654 1198 maledictioni
1664 1178 1730 1198 vero
1744 1178 1816 1198 non-

998 1212 1071 1241 nulli
1087 1212 1211 1248 subjecti
1223 1215 1292 1240 sunt
1305 1222 1311 1241 :
1324 1213 1359 1241 de
1375 1213 1480 1250 populo
1494 1213 1583 1242 electo
1598 1216 1645 1242 :et
1654 1214 1730 1250 quod
1741 1214 1817 1241 bono

999 1257 1177 1285 contrarium
1194 1257 1233 1284 sit
1249 1257 1369 1292 malum,
1386 1260 1414 1285 et
1430 1258 1476 1294 pio
1488 1260 1638 1294 peccator:
1656 1258 1763 1294 quibus
1779 1258 1820 1286 sit

998 1301 1273 1330 communicandum
1290 1310 1296 1330 :
1313 1302 1407 1337 qualis
1422 1302 1461 1330 sit
1480 1303 1613 1330 ducenda
1637 1311 1726 1330 uxor:
1744 1311 1818 1338 qua-

999 1348 1041 1374 les
1057 1346 1184 1374 babendi
1200 1346 1287 1374 amici
1301 1355 1307 1374 :
1334 1346 1441 1382 quibus
1466 1347 1607 1374 utendum
1623 1347 1816 1375 consiliariis:

1000 1399 1074 1427 quos
1084 1391 1216 1418 doctores
1227 1390 1357 1427 assignat
1369 1400 1376 1418 :
1388 1391 1494 1427 cuique
1507 1391 1657 1419 sciendum
1673 1399 1737 1419 esse
1747 1391 1816 1426 quid

1000 1436 1074 1464 185
1093 1435 1253 1469 conducat;
1270 1435 1306 1462 de
1321 1435 1500 1463 bonorandis
1516 1435 1656 1469 medicis;
1672 1435 1817 1471 quomodo

1000 1479 1162 1516 lugendum
1179 1478 1218 1506 sit
1232 1487 1321 1514 super
1336 1482 1460 1506 mortuo.
1477 1479 1518 1507 De
1539 1479 1635 1507 scriba
1649 1481 1678 1507 et
1694 1478 1822 1515 agricola

1001 1522 1141 1559 sapiente.
1170 1522 1210 1550 De
1232 1522 1339 1558 vigiliis
1367 1523 1528 1558 architecti,
1558 1523 1618 1551 sive
1641 1522 1745 1557 aerarii,
1761 1522 1821 1550 sive

1002 1566 1102 1603 figuli:
1119 1567 1154 1594 de
1168 1567 1361 1594 custodienda
1384 1566 1513 1594 hominis
1537 1567 1645 1600 anima,
1669 1569 1698 1594 st
1721 1567 1756 1594 de
1771 1574 1821 1594 sa—

1002 1611 1110 1648 pientia
1125 1613 1324 1647 permanente,
1349 1613 1377 1638 et
1401 1611 1503 1646 quanti
1528 1611 1579 1639 illa
1603 1612 1642 1639 sit
1667 1611 1761 1647 pretii.
1782 1610 1821 1638 De

1001 1655 1182 1691 praiscientia
1197 1655 1248 1685 Dei
1263 1657 1291 1683 et
1305 1656 1451 1683 creatione
1465 1656 1578 1683 mundi.
1591 1655 1672 1688 Quod
1688 1658 1821 1683 creatura

1001 1699 1056 1736 piis
1073 1700 1101 1727 in
1114 1699 1357 1735 benedictionem,
1374 1701 1483 1736 iniquis
1508 1709 1575 1728 vero
1595 1700 1624 1728 in
1641 1699 1821 1728 maledictio-

1001 1752 1067 1771 nem
1082 1746 1219 1772 vertatur.
1232 1744 1312 1775 Quod
1324 1744 1475 1780 occupatio
1488 1753 1594 1781 magna
1603 1744 1695 1772 cuivis
1709 1743 1822 1771 homini

1001 1788 1039 1815 sit
1054 1790 1160 1820 creata,
1178 1790 1206 1815 et
1225 1789 1331 1824 jugum
1347 1796 1434 1824 grave
1458 1788 1629 1824 impositum
1654 1788 1722 1815 filiis
1742 1788 1820 1815 Adae.

1000 1833 1080 1865 Quod
1097 1833 1239 1869 quidquid
1256 1842 1290 1861 ex
1305 1836 1452 1867 terra.est,
1479 1835 1513 1861 ad
1529 1837 1635 1861 terram
1651 1835 1822 1867 revertatur,

1002 1879 1030 1906 et
1046 1877 1190 1913 quidquid
1205 1885 1239 1906 ex
1250 1886 1337 1913 aqua,
1345 1878 1379 1905 ad
1394 1886 1473 1905 mare
1484 1877 1602 1905 deﬂuat.
1614 1877 1654 1905 De
1670 1876 1824 1905 collatione

1004 1922 1157 1952 bonorum.
1174 1923 1203 1948 et
1217 1929 1279 1956 quae
1302 1921 1431 1948 carnalia
1446 1921 1522 1948 bona
1547 1921 1668 1948 minoris
1683 1920 1744 1947 sint
1758 1928 1823 1947 mo-

1002 1966 1104 1993 menti.
1121 1966 1188 1997 Quaa
1213 1965 1290 1993 bona
1313 1966 1425 2000 majora
1453 1965 1513 1993 sint
1539 1967 1569 1993 et
1591 1963 1766 2000 spiritualia.
1782 1963 1823 1991 De

1001 2010 1158 2046 repetenda
1184 2009 1248 2037 vita:
1278 2009 1400 2036 ratione.
1419 2011 1456 2037 De
1486 2012 1579 2036 morte
1606 2008 1717 2036 bomini
1739 2007 1821 2035 diviti

1001 2054 1114 2081 acerba.
1131 2053 1171 2080 De
1186 2053 1263 2081 bona
1278 2056 1371 2080 morte
1392 2053 1540 2089 pauperis.
1557 2053 1597 2081 De
1617 2061 1674 2081 non
1690 2052 1822 2080 timenda

1001 2101 1105 2127 morte.
1122 2099 1200 2131 Quod
1219 2106 1277 2126 non
1304 2098 1342 2126 sit
1366 2106 1432 2126 cum
1459 2099 1563 2134 probro
1588 2098 1754 2134 vivendum,
1771 2098 1821 2125 sed

1001 2143 1073 2171 ratio
1090 2142 1224 2171 habenda
1243 2142 1371 2170 nominis
1396 2143 1474 2171 boni.
1493 2144 1532 2172 De
1550 2142 1706 2178 disciplina
1720 2142 1819 2178 pacis;

1001 2195 1126 2224 quorum
1137 2187 1278 2222 gratiasit
1288 2187 1572 2220 erubescendum,de
1583 2187 1690 2222 quibus
1702 2194 1758 2214 non
1771 2185 1819 2221 sit,

1001 2231 1077 2267 quod
1099 2239 1249 2267 nunquam
1264 2232 1398 2267 ponenda
1420 2240 1489 2259 cura
1507 2231 1570 2259 tilia:
1586 2230 1725 2267 virginis:
1743 2230 1820 2266 quod

119 2274 232 2310 Κυρίου.
260 2275 324 2312 Περὶ
349 2274 441 2310 ἡλίου,
466 2274 506 2302 ὅτι
534 2277 627 2306 σκεῦος
644 2274 794 2312 θαυμαστὸν
810 2275 855 2302 καὶ
870 2274 943 2313 ἔργον

1000 2276 1160 2303 sedendum
1177 2284 1233 2303 non
1246 2276 1284 2303 sit
1295 2276 1322 2303 in
1336 2276 1431 2303 medio
1444 2275 1600 2303 mulierum
1617 2278 1734 2312 propter
1743 2283 1824 2302 scor-

118 2319 233 2355 Κυρίου.
259 2319 324 2357 Περὶ
348 2318 466 2354 σελήνης
489 2319 533 2346 καὶ
565 2318 680 2356 ἄστρων,
708 2318 753 2346 καὶ
782 2319 871 2356 τόξου,
900 2320 946 2347 καὶ

119 2362 237 2400 χιόνων,
266 2364 310 2390 καὶ
337 2364 490 2401 ἀστραπῶν,
523 2363 585 2400 Περὶ
615 2365 712 2402 νεφῶν,
737 2362 781 2390 καὶ
806 2363 942 2400 χαλάζης.

118 2407 184 2444 Περὲ
204 2410 320 2443 σεισμῶν
337 2408 380 2434 καὶ
399 2409 525 2444 βροντῆς.
552 2408 615 2445 Περὶ
641 2408 731 2442 ὑετοῦ,
755 2407 799 2434 καὶ
824 2406 944 2445 πάχνης,

117 2451 163 2477 καὶ
192 2451 328 2489 ὁμίχλης.
355 2452 418 2489 Περὶ
444 2451 542 2490 δρόσου
566 2452 619 2480 ἀπὸ
642 2452 789 2483 καύσωνος,
813 2452 858 2478 καὶ
883 2452 944 2490 περὶ

118 2492 243 2521 ἀῧῦσσου
270 2495 361 2533 ξηρᾶς.
390 2496 453 2533 Περὶ
479 2494 614 2533 Ἰορδάνου
641 2495 686 2523 καὶ
715 2495 861 2530 θαλάσσης.
879 2496 944 2533 Περί

122 2539 224 2570 παντὸς
250 2539 317 2573 ζώου
340 2539 384 2566 καὶ
407 2541 532 2575 κτήνους.
551 2540 614 2577 Περὶ
632 2538 818 2578 μεγαλοδόξου
833 2539 945 2572 κτίσεως

121 2582 239 2618 Κυρίου.
266 2584 329 2620 Περὶ
354 2583 407 2611 τῶν
438 2583 595 2621 εὐεργεσιῶν
611 2583 702 2612 αὐτοῦ.
721 2583 867 2621 Ἐπίλογος
883 2584 944 2620 περὶ

121 2626 216 2663 Ἐνῶχ
233 2628 274 2654 καὶ
289 2629 360 2657 Νῶε.
378 2627 523 2666 Ἑπίλογος
539 2628 600 2665 περὶ
628 2625 763 2665 Ἀϐραὰμ,
788 2627 831 2655 καὶ
856 2628 945 2655 Ἰσαὰκ

120 2671 164 2697 καὶ
196 2670 236 2697 ὧν
265 2671 466 2710 ἰπειράσθησαν.
496 2672 644 2710 Ἐπίλογος
667 2672 729 2708 περί
760 2669 867 2708 Ἰακὼϐ,
897 2672 942 2700 καὶ

164 2775 213 2809 27)
232 2774 404 2810 Particulam
422 2774 472 2810 μή,
488 2774 535 2802 bio
556 2775 734 2810 superﬂuere
749 2775 937 2803 arbitramur.

164 2776 213 2809 27)
232 2776 404 2802 Particulam
422 2776 472 2810 μή,

154 2776 215 2845 iss)
234 2809 323 2838 Locus
340 2810 473 2838 mutilus.

1000 2320 1152 2348 tationem.
1170 2322 1208 2347 De
1233 2320 1347 2356 opiﬁcio
1372 2320 1498 2347 Domini.
1525 2323 1563 2347 De
1586 2319 1656 2352 sole,
1679 2320 1754 2354 quod
1771 2327 1820 2346 vas

1000 2364 1171 2392 admirabile
1187 2364 1226 2392 sit
1241 2367 1269 2392 et
1284 2373 1359 2400 opus
1382 2364 1508 2392 Domini.
1528 2365 1564 2392 De
1579 2364 1651 2392 luna
1668 2367 1696 2391 et
1715 2364 1821 2398 astris;

1000 2409 1036 2436 de
1058 2416 1138 2443 arcu,
1167 2408 1295 2443 nivibus,
1324 2408 1498 2444 fulguribus,
1529 2408 1645 2442 nebula,
1670 2408 1821 2443 grandine,

1000 2452 1223 2485 terramotibus,
1238 2452 1359 2485 tonitru,
1376 2452 1483 2487 pluvia,
1502 2452 1616 2488 pruina,
1635 2451 1771 2488 caligine,
1786 2452 1821 2479 de

1000 2504 1063 2524 rore
1073 2496 1202 2529 zestivali,
1219 2496 1255 2523 de
1270 2497 1375 2532 abysso
1390 2499 1483 2524 terrae.
1500 2496 1540 2524 De
1553 2496 1680 2524 Jordane
1690 2499 1716 2523 et
1735 2496 1819 2524 mari.

999 2541 1038 2568 De
1054 2541 1132 2568 omni
1149 2541 1261 2569 vivente
1275 2543 1303 2568 et
1318 2541 1437 2576 pecude.
1454 2541 1494 2568 De
1506 2541 1661 2577 magniﬁca
1676 2540 1820 2568 creatione

1000 2584 1114 2612 Domini
1129 2594 1135 2618 ;
1153 2585 1187 2612 de
1203 2584 1352 2612 beneficiis
1367 2584 1442 2619 ejus.
1467 2584 1605 2620 Epilogus
1629 2585 1664 2611 de
1680 2584 1776 2611 Enocb
1793 2586 1821 2611 et

999 2629 1068 2657 Noe.
1086 2629 1223 2665 Epilogus
1248 2629 1282 2656 de
1304 2628 1447 2656 Abraham
1476 2631 1505 2656 et
1537 2629 1625 2661 Isaac,
1650 2630 1677 2655 et
1703 2627 1818 2654 illorum

999 2673 1219 2701 teutationibus.
1234 2672 1372 2709 Epilogus
1388 2674 1423 2700 de
1437 2673 1525 2701 Jacob
1541 2676 1569 2701 et
1590 2673 1694 2708 Moyse,
1710 2673 1739 2698 et
1754 2679 1818 2706 quae

1029 2775 1085 2810 (29)
1099 2774 1224 2802 Videtur
1239 2774 1408 2811 legendum,
1425 2772 1541 2801 ἀπαίτει.
