2043 3111
191 182 251 213 383

792 188 825 216 S.
847 186 1108 217 ATHANASIUS.
1120 202 1159 208 —
1173 186 1306 218 DUBIA.

1835 190 1897 220 384

192 249 242 276 ille
258 249 404 278 mirabilia
419 251 605 286 perpetravit.
635 251 773 289 Epilogus
797 252 832 280 de
860 255 972 280 Aarone
986 254 1015 279 et

1072 251 1220 287 Μωϋσιως,
1250 251 1293 279 καὶ
1332 252 1368 279 ὧν
1402 252 1624 291 ἐθαυματούργει,
1660 253 1805 291 Ἐπίλογος
1832 255 1897 293 περὶ

195 293 290 329 ipsius
299 293 460 322 ministerio
472 297 500 321 et
510 295 681 323 sacerdotio.
699 296 836 332 Epilogus
846 296 881 323 de
893 295 1015 330 Dathan,

196 337 303 365 Abiron
321 340 349 365 et
364 339 443 365 Core.
461 340 498 365 De
515 339 652 374 primitiis
669 339 1016 376 primogenitorum,qua3

195 382 231 408 ad
248 385 392 409 Aaronem
410 383 603 418 pertinebant.
619 383 756 420 Epilogus
772 385 807 412 de
823 384 946 412 Phinees
957 384 1016 411 tilio

195 426 334 458 Eleazari,
364 427 439 462 quod
478 428 580 455 tertius
617 431 682 464 post
718 430 859 457 Aarouem
894 428 1016 456 celebris

197 471 292 498 tuerit.
309 471 389 502 Quod
414 472 512 499 Davidi
542 473 681 501 Dominus
708 476 917 501 testamentum
933 472 1014 509 regni

194 515 372 551 disposuerit
381 524 387 543 :
400 517 475 551 quod
485 516 571 544 Jesus
580 517 656 545 Nave
664 526 816 545 successor
824 518 930 553 Moysis
941 517 1017 544 inter

193 560 350 595 prophetas
367 560 473 589 fuerit:
490 561 635 596 quomodo
648 562 676 588 in
693 562 796 589 diebus
808 562 916 598 Moysis
928 561 1014 589 Jesus

193 603 268 631 Nave
283 606 311 631 et
326 603 433 632 Chaleb
454 604 531 632 ﬁlius
554 605 684 641 Jephone
713 606 831 633 fecerint
847 605 1013 633 misericor-

192 648 282 683 diam,
299 650 327 675 et
349 657 383 676 ex
407 649 559 676 duodecim
587 651 692 677 servati
708 651 784 678 sint:
811 651 847 678 de
868 650 1013 683 Samuele,

194 693 244 728 qui
260 697 327 728 post
340 693 441 721 Jesum
455 694 530 721 inter
541 694 851 730 prophetasjudicavit
861 694 1012 730 populum.

194 737 234 764 De
250 737 363 765 Nathuu
381 738 531 774 propheta,
543 739 694 766 encomion
707 740 734 766 in
750 739 882 766 Davidem
897 739 1012 775 Regem.

194 782 272 814 Quod
291 782 425 810 Salomon
442 783 559 818 sapiens
575 783 691 819 quidem
705 783 800 817 fuerit,
817 784 933 811 tandem
948 791 1014 811 vero

192 826 349 854 mulierum
379 827 530 855 adamator
558 828 690 862 evaserit,
722 830 786 864 post
817 828 889 855 iram
921 827 1012 863 pceni-

191 871 282 898 tentia
306 871 534 899 misericordiam
564 872 687 908 adeptus
716 873 765 900 sit.
797 871 835 899 De
859 871 1013 899 Jeroboam

191 917 220 941 et
243 914 370 942 Roboam
400 915 566 943 sohismaiis
595 916 775 944 auctoribus.
808 918 846 943 De
876 915 1015 951 propheta

192 958 262 992 Elia,
280 959 356 994 ignis
373 959 449 987 mala
477 961 664 988 consumens.
691 963 728 988 De
759 960 858 987 Eiisaa
877 960 1017 996 propheta

193 1005 221 1030 et
245 1003 389 1039 discipulo
414 1003 491 1038 Elite,
522 1005 607 1039 cujus
636 1004 723 1032 etiam
754 1004 858 1039 spiritu
889 1003 1017 1039 repletus

193 1050 256 1075 est:
282 1048 318 1075 de
346 1048 511 1083 captivitate
540 1056 641 1084 regum
671 1048 758 1076 Juda.
785 1048 865 1080 Quod
896 1046 1018 1074 humilis

195 1092 281 1120 fuerit
297 1092 444 1125 Ezechias,
474 1095 502 1119 et
530 1093 642 1120 amicus
671 1092 761 1126 Isaiae,
790 1095 818 1119 et
834 1092 947 1119 occisor
962 1092 1017 1119 Ra-

195 1136 309 1172 psacis:
328 1137 404 1172 quod
421 1135 552 1164 liberarit
572 1137 713 1164 Dominus
736 1136 872 1164 Israelem
892 1144 942 1171 per
956 1144 1018 1163 ma-

194 1189 265 1208 num
281 1180 373 1213 Isaiae,
389 1181 537 1217 percussis
552 1181 657 1209 castris
674 1181 954 1216 Assyriorumﬂuod
971 1181 1017 1208 Jo-

193 1225 252 1252 sias
282 1233 332 1252 rex
360 1225 447 1252 fuerit
484 1226 596 1253 amicus
634 1225 778 1253 Jeremiaa.
809 1227 848 1252 De
877 1225 1019 1261 propheta

192 1269 351 1303 Ezechiele,
369 1269 446 1305 quod
476 1269 505 1296 in
530 1270 698 1305 captivitate
725 1269 898 1305 Babylonica
921 1269 1016 1297 fuerit.

194 1316 232 1341 De
246 1313 361 1341 ossibus
376 1313 530 1340 duodecim
553 1313 768 1349 prophetarum.
794 1313 873 1345 Quod
891 1313 1016 1340 Zoroba—

194 1357 239 1385 bel
255 1360 284 1385 et
298 1357 383 1385 Jesus
400 1357 477 1384 illius
491 1357 613 1385 Josedec
624 1358 745 1385 domum
764 1356 876 1385 Domini
893 1357 1017 1384 aedifica-

194 1401 295 1429 verint.
312 1402 461 1434 Quomodo
477 1402 612 1429 Neemias
628 1410 729 1429 muros
754 1401 941 1437 Jerosolymis
956 1402 1016 1429 col-

194 1447 292 1482 lapsos
320 1446 451 1474 erexerit.
483 1448 521 1473 De
558 1446 668 1478 Enoch,
708 1446 757 1482 qui
783 1446 858 1473 inter
893 1445 1017 1482 inclytos

193 1493 440 1518 connumeratur:
458 1490 534 1526 quod
545 1490 653 1525 Joseph
665 1498 731 1518 cum
747 1490 864 1526 inclytis
880 1490 979 1523 fuerit,
989 1491 1018 1517 et

193 1534 334 1570 populum
350 1534 572 1562 confortaverit:
589 1535 664 1569 quod
681 1535 747 1562 Sem
763 1538 792 1561 et
802 1534 871 1561 Seth
887 1534 1017 1561 celebres

193 1578 268 1606 inter
289 1578 424 1606 homines
453 1578 580 1606 fuerint:
609 1579 684 1614 quod
715 1579 812 1607 Simon
840 1578 918 1606 [ilius
939 1578 1016 1606 Oniaa

193 1622 400 1650 celeberrimus
415 1622 445 1649 in
461 1631 577 1649 summo
594 1623 756 1650 sacerdotio
772 1623 878 1650 fuerit:
893 1623 968 1657 quod
987 1623 1015 1649 in

194 1667 331 1694 omnibus
360 1666 426 1694 istis
454 1666 620 1695 laudandus
650 1667 688 1695 sit
727 1670 801 1695 Deus
832 1667 1014 1702 magniﬁcus.

194 1712 299 1739 Contra
326 1711 537 1747 Samaritanus,
564 1712 613 1747 qui
644 1712 842 1744 Judaismum,
872 1715 899 1739 et
915 1714 1016 1739 contra

195 1756 324 1788 Judasos,
347 1755 396 1791 qui
426 1754 573 1783 Christum
602 1756 812 1791 reprobaruut:
840 1756 876 1783 de
897 1755 1015 1791 Epilogo

195 1800 285 1828 totius
301 1799 376 1827 libri.
393 1799 433 1827 De
449 1800 578 1827 oratione
598 1799 680 1832 Jesu,
697 1798 747 1826 filii
773 1799 885 1832 Sirach,
902 1799 1016 1834 nepotis

192 1845 274 1871 Jesu.

196 1906 272 1933 130
289 1906 332 1933 DE
346 1905 476 1934 LIBERIS
495 1905 578 1933 NOV]
598 1905 796 1934 TESTAMENTI
814 1905 875 1933 IAM
894 1905 1017 1933 DICERE

485 1941 724 1970 INCIPIENDUM.

276 1995 357 2023 Liber
371 1997 394 2022 Ι.
409 1995 591 2031 Ευαηῃείίωη
604 1995 754 2022 secundum
768 1994 934 2022 Manlianum.

233 2049 275 2075 47.
294 2049 350 2076 Hoc
377 2048 495 2075 nomine
521 2050 640 2075 vocatur
669 2048 715 2075 hic
744 2048 818 2075 liber
847 2048 923 2083 quod
954 2047 1016 2082 ipse

196 2092 348 2119 Mutthaus
364 2091 526 2126 discipulus
541 2092 652 2118 Domini
669 2091 856 2127 Evangelium
879 2091 932 2118 hoc
947 2099 1015 2118 con-

196 2136 356 2172 scripserit.
382 2136 486 2163 Narrat
511 2139 608 2163 autem
638 2137 674 2164 ab
699 2137 782 2164 initio
798 2136 1015 2172 generationem

195 2180 353 2208 Sulvatoris
369 2181 531 2207 secundum
553 2188 682 2215 carnem,
699 2189 732 2208 ex
754 2181 865 2208 semine
889 2182 1014 2209 Davidis.

196 2228 378 2262 Quapropter
400 2229 428 2253 et
456 2225 556 2253 abillo
585 2226 784 2262 genealogiam
810 2227 844 2254 ad
868 2227 1014 2254 Christum

197 2279 289 2306 usque
303 2270 498 2306 quadraginta
508 2271 623 2298 duabus
635 2271 871 2306 generationibus
886 2271 1013 2298 deducit.

197 2317 332 2344 Continet
360 2316 447 2343 etiam
478 2316 625 2351 baptisma
648 2316 771 2343 Joannis
794 2319 821 2343 et
843 2316 1018 2343 tentationes

198 2370 271 2394 quas
292 2361 322 2388 in
352 2363 449 2388 monte
476 2360 640 2388 Christusa
670 2359 784 2387 diabolo
813 2359 962 2392 sustinuit,
989 2362 1018 2386 et

198 2406 281 2441 signa
294 2411 323 2432 et
339 2404 471 2441 prodigia
493 2413 600 2440 magna
625 2413 641 2431 a
656 2404 805 2431 Salvatore
821 2404 905 2436 facta,
931 2403 1018 2431 disci-

200 2453 332 2485 pu'mum
353 2450 535 2482 electionem,
564 2448 694 2484 mysterii
719 2448 917 2476 traditionem.
942 2451 1017 2479 Quo-

197 2495 283 2522 modo
298 2494 416 2522 tandem
429 2494 555 2521 treditus
566 2494 605 2521 sit
617 2493 877 2527 Pilato,cruciﬁxus
887 2500 1017 2528 corpore,

196 2547 363 2575 corpusque
391 2538 485 2574 ipsius
515 2539 642 2573 positum
668 2538 695 2564 in
714 2540 922 2565 monumento:
940 2537 1017 2572 quod

196 2583 305 2611 milites
320 2586 412 2610 vestes
427 2583 491 2617 ejus
513 2582 676 2614 diviserint,
691 2582 753 2617 ipse
778 2590 845 2609 vero
860 2590 926 2609 cum
942 2581 1019 2608 intra

196 2628 326 2655 triduum
352 2626 570 2658 resurrexisset,
601 2626 752 2661 discipulis
782 2625 958 2661 praeceperit,
989 2627 1020 2651 ut

197 2673 333 2700 docerent
348 2679 450 2699 omnes
466 2673 578 2705 gentes,
595 2673 624 2698 et
639 2670 821 2705 baptizarent
831 2678 891 2701 eos.
908 2669 1019 2706 pollici-

198 2722 244 2744 lus
270 2716 340 2748 illis,
366 2715 441 2750 quod
474 2714 591 2742 futurus
620 2717 697 2742 esset
724 2722 791 2741 cum
820 2713 878 2741 illis
907 2714 1020 2741 cunctis

195 2760 311 2795 diebus,
326 2767 421 2795 usque
435 2759 471 2786 ad
489 2758 795 2786 consummuationem
813 2757 1021 2793 saculijigna

232 2840 289 2879 (30)
305 2841 455 2868 Mendum.

1072 295 1189 333 ’Δαρὼν,
1206 296 1251 323 καὶ
1276 299 1326 331 τῆς
1356 296 1526 334 λειτουργίας
1556 297 1647 333 αὐτοῦ,
1676 298 1720 325 καί
1748 300 1797 332 τῆς
1821 299 1896 337 ἱερα-

1069 339 1153 370 τείας.
1192 339 1337 378 Ἐπίλογος
1374 341 1435 379 περὶ
1469 342 1585 379 Δαίδαν,Δ
1606 342 1650 369 καὶ
1678 339 1820 378 Ἀϐειρὼν,
1848 344 1895 370 καὶ

1071 384 1149 421 Κορὲ.
1181 384 1247 422 Περὶ
1272 375 1325 412 uim
1355 375 1485 423 ἀπαρχῶν
1619 375 1893 424 πρωτογεννημάτων

1072 427 1182 466 μερίδος
1200 429 1310 467 Ἀαρών.
1328 429 1484 467 Ἐπίλογος,
1500 430 1541 457 ὅτι
1558 430 1651 462 Φινεὲς
1679 431 1735 462 υίὸς
1761 430 1893 469 Ἐλεάζαρ

1068 473 1159 510 τρίτος
1183 474 1250 510 μετὰ
1279 474 1382 512 Ἀαρὼν
1410 473 1526 511 ἔνδοξος.
1550 475 1611 503 ⁶Οτι
1635 477 1675 511 τῷ
1690 473 1773 503 Δαὸὶδ
1788 474 1894 508 διέθετο

1071 517 1169 555 Κύριος
1194 516 1327 553 διαθήκην
1355 519 1502 556 βασιλείας,
1527 520 1586 546 Ὅτι
1609 520 1713 554 Ἰησοῦς
1729 523 1803 554 Ναυῆ
1834 519 1896 547 διά-

1070 560 1153 600 δοχος
1169 562 1307 593 Μωϋσὲως
1326 563 1427 600 γίνεται
1444 562 1469 590 ἰν
1483 565 1647 602 προφήταις.
1663 567 1706 595 Ὠς
1731 564 1756 591 ἐν
1777 564 1896 602 ἡμέραις

1073 606 1209 637 Μωϋσὲως
1235 607 1338 641 Ἰησοῦς
1361 610 1435 642 Ναυῆ
1460 607 1505 634 καὶ
1535 605 1627 635 Χάλεό
1656 608 1670 635 ὁ
1698 611 1746 635 τοῦ
1774 609 1893 647 Ἰεφονῆ,

1071 650 1199 684 ἐποίησαν
1209 649 1297 685 ἔλεος,
1308 652 1353 678 καὶ
1370 652 1395 678 οἳ
1414 652 1447 689 ιβ’
1462 653 1519 689 (30)
1535 651 1751 687 διεσώθησαν.Τά
1766 653 1826 690 πτρὶ
1843 656 1897 681 Σα-

1072 694 1173 731 μουὴλ,
1189 694 1220 725 ὃς
1237 696 1303 732 μετά
1319 696 1423 730 Ἰησοῦν
1438 695 1523 734 ἔκρινε
1537 697 1582 724 τὸν
1599 695 1664 724 λαὸν
1681 696 1707 724 ἐν
1726 698 1893 735 προφήταις.

1068 740 1105 766 Τὰ
1120 739 1181 777 περὶ
1202 740 1288 767 Ναθᾶν
1303 742 1352 767 τοῦ
1368 742 1520 779 προφήτου,
1536 740 1579 768 καί
1595 740 1733 778 ἐγκώμιον
1754 741 1791 772 εἷς
1808 739 1895 769 Δαϐἰδ

1069 783 1114 810 τὸν
1140 782 1263 821 βασιλέα.
1292 784 1336 814 Ὡς
1362 783 1496 820 Σολομὼν
1523 785 1555 818 ἦν
1575 785 1669 822 σοφὸς,
1685 783 1758 812 ἀλλᾶ
1772 783 1891 823 φιλογύ-

1068 838 1141 858 ναιος
1171 827 1280 865 ὕστερον
1305 828 1409 866 γέγονε,
1436 828 1480 855 καὶ
1510 828 1577 864 μετὰ
1605 829 1652 862 τήν
1680 828 1762 866 ὀργὴν
1779 828 1889 864 ἠλεήθη

1070 873 1248 908 μετανοήσας.
1281 872 1319 899 Τὰ
1347 872 1408 911 περὶ
1442 870 1587 910 Ἰεροϐοᾶμ
1614 873 1658 900 καὶ
1688 870 1808 908 Ῥοεοὰμ
1835 875 1891 900 τῶν

1071 918 1304 954 σχισματοποιῶν.
1329 917 1366 944 Τὰ
1393 917 1455 954 περὶ
1482 916 1576 945 Ἡλίου
1600 919 1648 944 τοῦ
1675 918 1828 955 προφήτου,
1859 917 1895 944 τὸ

1071 960 1122 997 πῦρ
1157 961 1188 988 τὸ
1226 964 1302 988 καῖον
1328 961 1362 988 τὰ
1388 962 1467 989 κακά.
1502 961 1539 988 Τὰ
1576 961 1637 998 περὶ
1676 960 1811 988 Ἐλισσαιὶ
1842 963 1894 988 τοῦ

1071 1006 1223 1044 προφήνου,
1247 1005 1291 1032 καὶ
1319 1008 1441 1042 μαθητοῦ
1464 1004 1568 1040 Ἠλίου,
1603 1005 1632 1036 ὅς
1665 1005 1816 1040 ἐνεπλήσθη
1846 1007 1899 1032 τοῦ

1071 1049 1222 1086 πνεύματος
1245 1049 1337 1078 αὐτοῦ.
1369 1050 1409 1078 Τὰ
1437 1050 1499 1084 περὶ
1527 1053 1578 1084 τῆς
1611 1048 1805 1087 αἰχμαλωσίας
1840 1052 1898 1077 τῶν

1075 1093 1207 1131 βασιλέων
1234 1092 1332 1121 Ἰούδα.
1359 1095 1402 1125 Ὠς
1426 1095 1459 1129 ἧν
1485 1094 1611 1129 ’ίεζεκίας
1637 1094 1834 1133 ταπεινόφρων,
1855 1094 1902 1121 καὶ

1071 1140 1119 1165 τοῦ
1142 1137 1255 1166 Ἦκαίου
1280 1138 1368 1177 φίλος,
1393 1139 1437 1166 καὶ
1460 1141 1509 1166 τυῦ
1524 1137 1666 1175 Ῥαμψάκη
1684 1138 1839 1175 ἇναιρὲτης.
1855 1138 1902 1169 Ὡς

1073 1182 1247 1220 ἐλυτρώσατο
1283 1182 1384 1219 Κύριος
1415 1183 1460 1210 τὸν
1491 1182 1601 1220 Ἰσραὴλ
1630 1181 1660 1210 ἐκ
1688 1182 1761 1220 χειρὶ
1777 1181 1901 1216 Ἠσαίου,

1072 1226 1188 1262 πατάξας
1203 1227 1251 1261 τὴν
1267 1224 1447 1264 παρεμϐολήν
1468 1229 1523 1254 τῶν
1549 1226 1708 1264 ’Δσσυρίων.
1732 1227 1777 1257 Ὠς
1793 1225 1898 1257 Ἰωσίας

1072 1272 1086 1298 ὸ
1113 1270 1240 1309 βασιλεὺς
1266 1271 1374 1309 ὑπῆρχε
1400 1271 1482 1310 φίλος
1507 1270 1650 1309 Ἱερεμίου.
1678 1271 1743 1308 Περὶ
1771 1269 1902 1304 Ἐζεκιήλ

1070 1317 1119 1342 τοῦ
1133 1316 1286 1354 προφήτου,
1310 1315 1352 1342 ὅτι
1370 1315 1394 1343 ἐν
1410 1317 1444 1352 τῇ
1460 1314 1643 1353 αίχμαλωσίᾳ
1666 1316 1698 1349 ἦν
1723 1312 1898 1345 Βαϐυλῶνος.

1072 1360 1136 1397 Περῖ
1161 1359 1214 1387 τῶν
1238 1360 1320 1387 ὁτέων
1345 1359 1398 1386 τῶν
1423 1360 1458 1397 ιβ“
1484 1361 1640 1399 προφητῶν.
1669 1360 1713 1390 Ὡς
1738 1355 1896 1396 Ζοροϐἀῧελ

1070 1404 1115 1432 καὶ
1143 1405 1244 1437 Ἰησοῦς
1265 1405 1279 1432 ὁ
1313 1406 1361 1432 τοῦ
1385 1403 1508 1432 Ἰωσεδὲκ
1531 1402 1712 1440 ᾠκοδόμησαν
1741 1403 1787 1430 τὸν
1818 1402 1895 1430 οἶκον

1072 1448 1182 1485 Κυρίου.
1206 1451 1248 1479 Ὡς
1274 1448 1388 1484 Νεεμίας
1413 1448 1540 1485 ἀνήγειρε
1556 1448 1590 1475 τὰ
1603 1448 1684 1485 τείχη
1713 1447 1898 1483 Ἰερουσαλὴμ.

1069 1493 1104 1520 τὰ
1130 1493 1302 1522 πεπτωκότα.
1331 1493 1372 1521 Τὰ
1399 1492 1460 1529 περὶ
1491 1492 1591 1530 Ἐνὼχ,
1619 1491 1648 1522 ὃς
1682 1491 1752 1519 ἐστιν
1781 1491 1806 1518 ἐν
1834 1490 1896 1522 τοῖς

1071 1537 1188 1572 ἐνδόξοις
1203 1537 1247 1564 καὶ
1263 1538 1399 1575 στήριγμα
1415 1536 1491 1565 λαοῦ.
1509 1538 1570 1565 ’Ὁτι
1587 1537 1652 1573 Σὴμ
1677 1536 1722 1563 καὶ
1748 1535 1805 1569 Σὴθ
1821 1533 1897 1562 ἔνδο-

1071 1581 1110 1616 ξοι
1127 1581 1152 1609 ἐν
1171 1582 1333 1619 ἀνθρώποις.
1349 1583 1409 1610 Ὀτι
1426 1581 1518 1617 Σίμων
1534 1580 1620 1608 Ὀνίου
1639 1581 1698 1611 υίὸς
1722 1578 1894 1614 ἐνδοξότατος

1072 1625 1097 1653 ἐν
1124 1626 1325 1663 ἀρχιερωσύνη,
1349 1626 1409 1653 ”Οτι
1436 1624 1479 1652 ἐπὶ
1506 1628 1570 1652 πᾶσι
1590 1624 1698 1655 τούτοις
1715 1623 1836 1662 εὐλογεῖν
1851 1622 1895 1650 δεῖ

1069 1670 1114 1697 τὸν
1131 1670 1195 1697 Θεὸν
1215 1669 1411 1707 μεγαλουργόν.
1439 1670 1512 1697 Κατὰ
1534 1669 1721 1706 Σαμαρειτῶν,
1745 1667 1895 1703 ἀθετησάν-

1069 1725 1122 1741 των
1137 1715 1182 1741 τὸν
1199 1713 1379 1750 Ἰουδαῖσμόν,
1395 1715 1440 1741 καὶ
1456 1715 1524 1741 κασὲ
1542 1712 1679 1742 Ἰουδαίων
1706 1712 1893 1747 ἀθετησάντων

1069 1758 1115 1786 τὸν
1140 1759 1262 1796 Χριστόν.
1292 1759 1354 1796 Περὶ
1383 1761 1431 1786 τοῦ
1456 1757 1586 1796 ἐπιλόγου
1609 1761 1659 1792 τῆς
1678 1755 1775 1795 βίϐλου
1790 1756 1893 1791 πάσης.

1070 1803 1134 1840 Περὶ
1162 1804 1211 1837 τῆς
1240 1806 1395 1840 προσευχῆς
1426 1804 1516 1837 Ἰησοῦ
1545 1802 1604 1829 υἱοῦ
1641 1802 1749 1839 Σηράχ,
1779 1800 1894 1838 ἐγγόνου

1070 1848 1171 1883 Ἰησοῦ.

1069 1909 1234 1937 ΔΡΚἸῈΟΝ
1254 1912 1294 1936 ΔΕ
1311 1910 1370 1937 ΚΑΙ
1384 1910 1543 1972 ΤὲίῖίΒέἷίΩξί
1558 1911 1687 1937 ΚΑΙΝΗΣ
1715 1909 1893 1935 ΔΙΑΘΗΚῙΙΣ

1407 1947 1554 1972 ΒΙΒΚΙΩΝ.

1177 1995 1290 2026 Βιϐλίαν
1307 1998 1345 2025 A‘.
1363 1998 1435 2024 Κατά
1449 1998 1583 2025 Ματθαῖον
1600 1996 1776 2035 Εὑαγγὲλιον.

1106 2052 1147 2079 47.
1179 2050 1255 2077 Οὕτω
1277 2049 1398 2077 καλεῖται
1422 2050 1453 2077 τὸ
1480 2048 1598 2088 βιϐλίον,
1625 2048 1719 2083 ἐπειδὴ
1744 2049 1787 2076 καὶ
1812 2048 1895 2079 αὐτὸς

1070 2096 1205 2125 Ματθαῖος
1229 2095 1243 2121 ὁ
1269 2095 1393 2131 μαθητὴς
1415 2096 1463 2121 τοῦ
1489 2097 1586 2130 Κυριου
1608 2093 1757 2131 συνέγραψε
1783 2093 1814 2120 τὸ
1839 2093 1897 2120 E6:

1069 2139 1193 2178 αγγὲλιον
1220 2141 1310 2167 τοῦτο.
1351 2141 1488 2176 Διηγεῖται
1518 2137 1547 2165 δὲ
1570 2138 1596 2173 ἐξ
1628 2138 1718 2175 ἀρχῆς
1745 2139 1793 2172 τῆν
1823 2138 1893 2164 κατὰ

1069 2184 1153 2219 σάρκα
1177 2183 1300 2220 γέννησιν
1324 2185 1372 2210 τοῦ
1399 2184 1527 2219 Σωτῆρος
1551 2183 1600 2217 τὴν
1626 2182 1656 2209 ἐκ
1677 2182 1832 2219 σπέρματος
1846 2181 1897 2209 τοῦ

1070 2226 1163 2255 Δαϐἰδ.
1189 2228 1235 2254 Διὸ
1263 2227 1307 2254 καὶ
1338 2227 1383 2254 ἀπ’
1410 2226 1493 2254 αὐτοῦ
1520 2227 1569 2261 τὴν
1585 2225 1757 2264 γενεαλογίαν
1785 2226 1897 2263 κατάγει

1033 2271 1122 2320 Βὲως
1151 2271 1199 2299 τοῦ
1228 2273 1354 2308 Χριστοῦ,
1380 2271 1471 2308 γενεὰς
1503 2271 1559 2308 μβ“.
1590 2270 1714 2320 Περιὲχὶει
1744 2269 1774 2298 δὶ
1796 2269 1841 2298 καὶ
1865 2270 1899 2297 τὸ

1075 2316 1214 2353 βάπτισμα
1238 2316 1373 2348 Ἰωάννου,
1401 2315 1446 2342 καὶ
1474 2315 1538 2346 τοὺς
1566 2314 1591 2342 ἐν
1618 2317 1658 2351 τῷ
1687 2312 1744 2352 ὄρει
1760 2314 1833 2351 παρᾶ
1846 2316 1899 2341 τοῦ

1074 2358 1204 2387 διαϐόλου
1220 2359 1398 2397 πειρασμοὺς,
1415 2359 1458 2386 καὶ
1475 2362 1576 2396 σημεῖα
1599 2358 1642 2386 καὶ
1667 2360 1764 2396 τέρατα
1790 2358 1899 2396 μεγάλα

1071 2403 1201 2442 γενόμενα
1225 2403 1298 2441 παρὰ
1323 2406 1372 2431 τοῦ
1401 2407 1542 2439 Σωτῆρος,
1571 2404 1620 2438 τήν
1639 2413 1668 2430 τε
1696 2405 1749 2429 τῶν
1768 2403 1899 2438 μαθητῶν

1073 2447 1201 2485 ἐκλογὴν,
1237 2447 1282 2475 καὶ
1319 2448 1368 2482 τὴν
1405 2450 1455 2475 τοῦ
1483 2447 1633 2484 μυστηρίου
1663 2445 1821 2483 παράδοσιν
1851 2447 1898 2473 καὶ

1072 2491 1151 2522 τέλος
1181 2491 1222 2519 ὅτι
1251 2490 1386 2529 παρεδόθη
1419 2491 1543 2527 Πιλάτῳ,
1579 2491 1624 2518 καὶ
1662 2491 1819 2527 ἐσταυρώθη
1855 2490 1897 2526 τῷ

1073 2537 1191 2572 σώματι,
1218 2536 1263 2563 καὶ
1292 2537 1323 2563 τὸ
1349 2537 1428 2573 σῶμα
1454 2536 1535 2563 αὐτοῦ
1561 2535 1637 2570 ἐτέθη
1664 2535 1690 2562 ἰν
1704 2537 1745 2570 τῷ
1760 2534 1896 2571 μνημείῳ·

1072 2580 1117 2608 καί
1133 2581 1158 2607 οἳ
1175 2580 1223 2617 μὶν
1244 2580 1405 2617 στρατιῶται
1421 2579 1607 2616 διεμερίσαντο
1624 2580 1658 2606 τὰ
1681 2579 1778 2615 ἱμάτια
1802 2579 1896 2606 αὐτοῦ·

1074 2625 1152 2655 αὐτὸς
1190 2623 1227 2659 δὲ,
1268 2624 1293 2651 ὲν
1331 2624 1476 2662 τριημὲρῳ
1505 2623 1629 2657 ἀναστὰς,
1659 2622 1810 2651 ἐνετείλατο
1838 2626 1897 2653 τοῖς

1076 2672 1208 2706 μαθηταῖς
1237 2669 1395 2705 μαθητεύειν
1425 2669 1511 2696 πάντα
1534 2669 1567 2695 τὰ
1581 2668 1654 2703 ἔθνη,
1684 2668 1728 2695 καὶ
1759 2667 1896 2705 βαπτίζειν

1074 2713 1180 2750 αὐτοὺς,
1206 2712 1437 2751 ἐπαγγειλάμενος
1467 2713 1534 2740 εἶναι
1564 2712 1621 2749 μετ’
1649 2711 1736 2739 αὐτῶν
1751 2712 1836 2743 πάσας
1852 2712 1898 2742 τὰς

1073 2757 1179 2796 ἡμέρας
1206 2757 1258 2788 ἓως
1288 2757 1440 2788 συντελείας
1466 2759 1515 2784 τοῦ
1545 2756 1656 2787 αίῶνος.
1686 2756 1744 2784 Eia}.
1775 2755 1804 2783 ὃὶ
1832 2757 1898 2793 ἅπερ
