2043 3111
63 0 312 27 τπηλ

109 68 158 76 ις-

135 174 191 203 383

689 169 877 200 SYNOPSIS
900 168 1131 199 ΞΟΒΙΡἸἮΗᾹΞ
1152 169 1301 199 ΞΑΕΗΑΞ.

1773 171 1832 201 386

136 236 268 273 ἐξηγεῖται
304 239 439 268 Ματθαῖος
481 235 619 273 γεγονεναι
659 236 760 270 σημεῖα
800 234 873 268 παρά
909 235 957 260 τοῦ

1022 241 1090 268 ιρι-ο,
1107 242 1170 269 quis
1185 242 1201 262 a
1224 234 1338 262 Christo
1362 235 1438 262 facta
1461 234 1616 262 Matthleus
1641 237 1749 268 narrat,
1766 238 1838 264 sunt

137 282 252 318 Χριστοῦ
279 284 372 308 ταῦτα·
402 282 433 310 Ὁ
458 280 558 318 λεπρὸς
582 280 756 317 ἐκαθαρίσθη·
774 279 788 306 6
812 282 876 309 παῖς
898 278 959 306 ἐκα-

135 325 283 363 τοντάρχου
315 326 351 360 μὴ
381 325 475 362 παρὼν
508 324 579 359 ἰάθη,
607 324 690 360 μόνον
714 323 836 354 εἰπόντος
866 323 957 350 αὐτοῦ·

135 371 152 403 ὴ
180 369 427 407 πενθεριὶ’ῐ1ίτρου
459 369 628 406 πυρέσσουσα
661 368 733 402 ἰάθη·
766 367 844 404 ὀψίας
883 378 958 405 γενο-

138 414 236 448 μένης,
278 414 464 450 προσήνεγκαν
505 412 578 448 αὐτῷ
616 411 875 449 δαιμονιζομένους,
913 412 957 438 καί

136 459 224 487 κακῶς
239 456 362 495 ἔχοντας·
381 457 474 484 καὶτὰ
500 457 546 493 μὲν
571 456 710 493 πνεύματα
738 454 846 491 ἐξέϐαλε
874 454 958 493 λόγῳ,

135 501 196 532 τοὺς
219 499 249 528 εὶ
272 500 375 532 ἄλλους
399 501 482 529 πάλιν
512 500 685 538 ἐθεράπευσεν
714 500 812 532 οὕτως.
833 499 960 528 Γενεαλο-

136 547 219 583 γεῖται
261 544 385 581 Χριστός·
413 543 609 582 εὐαγγελίζεται
638 545 749 583 Ἰωσήφ·
779 546 961 582 προσκυνοῦσι

139 588 231 626 μάγοι·
261 589 424 626 κατέρχεται
454 588 492 619 εἴς
521 587 657 626 Α”ίγυπτον
673 589 688 615 6
709 588 833 626 Χριστός
858 588 963 626 ἀναιρεῖ

137 632 168 659 τά
182 630 277 659 παιδία
292 631 432 669 Ἡρώδης,
448 632 493 659 καὶ
520 632 643 668 τελευτᾷ.
668 632 803 664 Ἀνελθὼν
832 633 883 660 ἀπὸ
911 634 960 666 τῆς

136 676 273 713 Λῖγᾶπτου
303 678 425 703 κατοικεῖ
451 676 488 706 εἰς
517 676 636 714 Ναζαρὲθ
652 677 666 703 ὁ
689 676 813 715 Χριστός.
831 678 960 715 Ἔρχεται

137 721 265 755 Ἰωάννης
283 720 433 757 βαπτίζων,
455 720 649 758 ἀποστρέφεται
674 720 737 752 τοὺς
762 720 962 751 Σαδδουκαίους

137 765 179 791 καὶ
211 764 278 796 τοὺς
319 764 502 803 Φαρισαίους.
533 765 692 800 Βαπτίζεται
720 766 734 792 ὁ
762 766 892 804 Χριστὸς,
917 765 962 793 καὶ

138 809 291 847 πειράζεται
319 809 370 836 ὑπὸ
393 812 442 836 τοῦ
468 810 582 838 Σατανά.
600 809 664 837 Εἶτα
690 809 773 844 ἦλθεν
801 810 839 841 εἰς
856 811 962 847 Καπερ-

137 853 234 889 ναουμ,
259 852 458 891 παραδοθέντος
485 856 533 881 τοῦ
550 854 685 881 Ἰωάννου.
703 853 786 881 Κοιλεῖ
812 854 875 885 τοὺς
900 854 962 892 περὶ

139 897 238 933 Πέτρον
267 898 313 924 καὶ
343 895 485 926 Ἰάκωϐον.
515 898 660 933 Θεραπεῦει
688 898 821 933 πολλοὺς,
848 900 1001 949 κάθηταιΒ

153 941 159 949 Ι
217 942 224 949 \
256 939 269 949 ν
384 941 390 949 ι
419 940 446 949 \l
550 942 555 949 1
765 942 770 949 1
866 943 872 949 ι
901 943 907 949 1
941 944 946 949 ι

139 941 175 972 εἱς
198 942 230 968 τὸ
254 939 330 979 ὅρος.
346 941 391 968 καὶ
419 940 493 979 λέγει
516 942 579 973 τοὺς
606 942 805 979 μακαρισμοὺς,
830 943 874 970 καὶ
899 943 962 970 ἐπάι

139 997 190 1023 γειο
211 997 222 1010 ‹
238 986 331 1022 Ὑμεῖς
345 985 404 1013 ἐστε
413 986 444 1013 τὸ
460 986 536 1020 ἃλας,
554 999 567 1012 ))
583 986 639 1022 καὲ,
658 999 671 1013 ι(
687 988 765 1023 ὑμεῖς
781 987 838 1015 ἐστε
852 988 882 1015 τὸ
906 990 962 1026 φῶς

138 1033 184 1058 τοῦ
206 1030 324 1066 κόσμου.
343 1042 357 1055 ›ι
374 1033 501 1067 Παραινεῖ
525 1030 617 1062 αὐτοῖς
646 1031 707 1067 περί
726 1031 796 1069 βίου.
812 1033 878 1060 Εἶτα
906 1032 963 1059 ἐπι-

139 1074 217 1102 τείνει
244 1075 293 1104 τὰς
324 1073 350 1101 ἐν
379 1076 419 1110 τῷ
441 1074 516 1111 νόμῳ
544 1074 667 1109 ἐντολὰς,
684 1074 746 1108 ἔνθα
760 1076 803 1103 καὶ
828 1077 890 1114 περῖ
916 1078 963 1104 τοῦ

139 1117 225 1154 δεξιοῦ
260 1118 406 1157 ὀφθαλμοῦ
435 1118 521 1156 λέγει,
547 1119 592 1146 καὶ
629 1119 690 1156 περὶ
728 1118 890 1155 κενοδοξίας,
920 1120 964 1147 καὶ

140 1163 199 1200 περὶ
232 1162 470 1201 φιλοχρηματίας,
497 1163 541 1190 καὶ
573 1166 622 1190 τοῦ
662 1164 700 1199 μή
739 1167 870 1201 μεριμνᾷν
903 1165 964 1203 περὶ

138 1211 253 1245 τροφῆς,
268 1206 315 1234 καί
337 1209 387 1234 τοῦ
413 1207 451 1242 μή
475 1207 574 1244 κρίνειν
592 1207 638 1234 τὸν
661 1206 789 1242 πλησίον.
807 1209 873 1236 Εἶτά
887 1219 963 1248 φησι·

139 1264 152 1278 ι(
167 1252 211 1286 Μή
239 1251 346 1289 βάλητε
367 1251 430 1281 τοὺς
455 1250 620 1289 μαργαρίτας
646 1250 796 1288 ἔμπροσθεν
820 1255 874 1280 τῶν
901 1253 963 1291 χοί-

139 1306 200 1333 ρων.
218 1308 232 1321 ι)
250 1296 398 1333 Προτροπή
416 1295 477 1330 περὶ
496 1298 544 1322 τοῦ
567 1295 708 1327 αἰτεῖσθαι·
734 1295 878 1332 παραϐολὴ
903 1298 964 1335 περὶ

138 1343 185 1367 τοῦ
210 1340 305 1367 αὐτοῦ’
332 1340 394 1377 περὶ
417 1343 468 1374 τῆς
492 1343 585 1374 στενῆς
608 1339 683 1377 ὁδοῦ,
708 1341 752 1368 καὶ
779 1342 840 1378 περί
864 1341 963 1379 ψευδοι

141 1386 301 1423 προφητῶν,
318 1383 364 1410 καὶ
386 1386 441 1411 τῶν
466 1382 656 1422 φυλασσόντων
676 1385 723 1416 τὰς
746 1384 867 1416 ἐντολάς.
884 1386 966 1418 Ἔνθα

139 1430 155 1462 ἡ
186 1425 335 1465 παραϐολὴ
362 1431 412 1462 τῆς
442 1427 485 1455 ἐπὶ
518 1430 566 1463 τήν
600 1428 697 1466 πὲτραν
736 1428 965 1465 οἷκοδομηθείσης

139 1473 235 1503 οἰκίας.
269 1473 437 1510 Κατιρχιται
467 1472 520 1500 ἀπὸ
547 1475 598 1499 τοῦ
633 1471 725 1510 ὅρους,
756 1473 799 1500 καὶ
828 1474 967 1511 θεραπεύει

138 1518 181 1544 τὸν
197 1516 314 1554 λεπρὸν,
330 1517 374 1544 καὶ
398 1517 444 1544 τὸν
465 1519 513 1544 τοῦ
536 1517 746 1556 ἑκατοντάρχου,
762 1518 806 1545 καὶ
829 1519 878 1553 τὴν
904 1529 967 1546 πεν-

138 1562 215 1598 θερὰν
244 1562 360 1597 Πέτρου,
376 1561 422 1588 καὶ
451 1560 553 1592 ἄλλους
584 1561 716 1593 πολλούς.
738 1565 764 1589 ‘0
792 1563 968 1600 γραμματεὺς

137 1605 275 1633 κωλύεται
300 1605 498 1641 ἀκολουθῆσαι,
521 1606 566 1633 καὶ
594 1607 607 1633 6
634 1606 757 1643 μαθητής
780 1607 966 1645 ἀναγκάζεται.

138 1650 219 1677 [hiet
241 1650 288 1677 τὸν
320 1652 446 1687 χειμῶνα
474 1653 525 1684 τῆς
554 1649 701 1686 θαλάσσης.
727 1652 758 1678 Οἱ
782 1650 907 1688 δαίμονες
932 1652 969 1683 εἷς

135 1694 200 1724 τοὺς
224 1694 342 1731 χοίρους
370 1693 560 1730 ἐμπίπτουσιν.
578 1697 676 1726 ἨΛθεν
694 1695 708 1722 6
724 1694 827 1730 Ἰησοῦς
857 1697 895 1727 εἱς
919 1696 968 1730 τὴν

138 1738 208 1766 ἷᾶίαν
243 1737 338 1765 πόλιν
362 1738 501 1776 θεραπεύει
527 1739 573 1766 τὸν
596 1738 789 1777 παραλυτικόν“
815 1738 893 1767 καλεῖ
923 1740 968 1767 τὸν

139 1784 291 1811 Πατθαῖον.
311 1782 487 1819 Ἐγκαλοῦοιν
504 1783 530 1809 οἱ
553 1786 709 1819 Φαρισαῖοι,
725 1782 766 1810 ὅτι
793 1784 859 1819 μετὰ
882 1784 969 1811 τελω-

138 1830 192 1854 νῶν
209 1827 308 1860 ἐσθίει,
322 1826 368 1853 καὶ
393 1827 418 1853 οἱ
448 1827 564 1863 μαθηταὶ
588 1827 725 1860 Ἰωάννου,
741 1826 781 1854 ὅτι
803 1828 834 1855 οὐ
858 1829 971 1863 νηστεύ-

140 1882 215 1898 ουσιν
233 1871 261 1898 οἱ
279 1871 398 1907 μαθηταὶ
418 1871 510 1900 αὑτοῦ.
528 1872 706 1909 Παραγίνεται
721 1872 735 1899 6
755 1870 848 1910 ἅρχων
874 1872 919 1899 διὰ
939 1873 971 1900 τὸ

139 1916 302 1952 θυγάτριον,
327 1915 371 1942 καὶ
400 1915 522 1949 ἀνίστησι
551 1916 600 1950 τήν
630 1916 724 1954 κόρην·
751 1916 795 1943 καὶ
829 1917 925 1953 μεταξὺ
952 1919 970 1952 ἡ

138 1959 334 1997 αἱμορῥοοῦπα
349 1959 430 1987 litat.
447 1959 499 1987 Δύο
513 1959 612 1997 τυφλοῖ
631 1960 833 1997 θεραπεύονται,
849 1961 893 1988 καὶ
916 1972 970 1988 κω-

138 2003 187 2040 νρὸς
213 2003 457 2039 δαιμονιζόμενος.
479 2005 602 2042 Περιάγει
627 2004 674 2035 τὰς
699 2005 794 2040 κώμας
819 2006 833 2032 ὁ
857 2005 971 2041 Ἰησοῦς.

139 2047 324 2075 ’Δποστὲλλει
350 2047 413 2078 τοὺς
439 2049 560 2084 μαθητὰς
581 2050 706 2086 κηρῦξαι,
732 2049 776 2076 καὶ
808 2049 900 2077 πολλὰ
925 2050 971 2078 αὖ-

139 2095 196 2122 τοῐς
226 2091 397 2128 διαλέγεται.
423 2092 603 2120 ’Λποστέλλει
631 2093 699 2130 πρὸς
725 2093 804 2120 αὐτὸν
838 2092 885 2121 δύο
918 2096 970 2121 τῶν

141 2137 273 2171 μαθητῶν
315 2136 461 2171 Ἰωάννης,
499 2136 714 2174 ἐγκωμιάζεται.
755 2137 879 2175 Ἐγκαλεῖ
914 2141 972 2169 τοῖς

139 2178 241 2217 ὄχλοις
265 2180 329 2217 περί
356 2181 479 2209 Ἰωάννου
504 2182 518 2208 6
542 2181 668 2218 Χριστός.
690 2180 827 2216 ὀνειδίζει
856 2183 901 2213 τὰς
925 2182 974 2210 πό-

141 2223 208 2255 λεις.
235 2224 464 2261 Ἐξομολογεῐται
486 2227 525 2260 τῷ
548 2225 642 2262 Πατρί.
665 2225 748 2254 Καλεῖ
778 2226 841 2257 τοὺς
874 2237 972 2265 πεφορ-

1015 278 1081 305 ista.
1108 279 1253 314 Leprosus
1282 279 1442 306 mundatus
1470 282 1524 306 est.
1553 279 1628 306 Puer
1654 279 1839 308 Centurionis

1014 322 1101 350 etiam
1117 323 1362 358 absens,juhente
1376 326 1490 350 tantum
1506 323 1632 359 Christo,
1648 325 1768 351 curatus
1783 326 1837 351 est.

1013 369 1119 394 Socrus
1134 366 1211 394 Petri
1234 367 1402 395 febricitans
1418 369 1521 395 sanata
1543 371 1597 395 est.
1616 368 1739 403 Vespere
1764 368 1839 396 facto

1015 411 1185 439 obtulerunt
1212 412 1238 439 ei
1267 412 1461 440 daemoniacos
1489 415 1519 440 et
1542 413 1619 440 male
1647 412 1798 445 habentes,
1812 414 1841 440 et

1016 455 1137 490 spiritus
1164 456 1248 491 ejecit
1277 456 1373 490 verbo,
1399 456 1471 484 alios
1499 465 1615 492 quoque
1644 457 1757 485 curavit
1784 457 1840 485 hoc

1017 501 1113 527 modo.
1147 500 1254 528 Christi
1287 501 1434 535 generatio
1468 501 1643 528 describitur
1676 503 1744 537 (cap.
1780 501 1801 536 ι)
1833 509 1840 528 :

1017 545 1126 571 bonum
1157 544 1292 572 nuntium
1323 545 1436 580 accepit
1462 545 1593 581 Joseph:
1616 546 1690 582 Magi
1719 546 1843 573 adorant

1018 591 1086 624 (cap.
1114 588 1165 624 u):
1192 589 1344 616 descendit
1366 589 1499 616 Christus
1522 589 1553 616 in
1581 589 1736 625 [Egyptum
1763 598 1770 617 :
1794 589 1841 617 In-

1018 633 1112 660 fantes
1141 633 1247 661 occidit
1275 633 1403 662 Herodes
1431 635 1459 661 et
1488 633 1621 661 moritur.
1643 634 1777 661 Christus
1807 642 1841 661 ex

1017 678 1137 713 [Egypto
1154 685 1286 705 reversus
1311 678 1423 706 habitat
1445 678 1594 706 Nazareth.
1611 677 1698 705 Venit
1712 678 1840 706 Joannes

1018 721 1169 757 baptizans
1196 723 1274 757 (cap.
1304 722 1346 758 ιιι)
1375 730 1382 750 :
1412 725 1563 750 aversatur
1589 722 1783 757 Sadducsaos,
1813 724 1841 749 et

1018 765 1188 793 Pharisneos.
1214 766 1381 802 Baptizatur
1404 767 1546 800 Christus,
1562 760 1591 794 et
1605 769 1736 795 tentatur
1751 775 1768 794 a
1790 769 1840 794 Sa-

1018 813 1085 837 tanu
1102 810 1171 845 (cap.
1187 819 1216 838 ιν
1232 818 1238 838 :
1255 813 1356 846 postea
1371 819 1438 838 cum
1462 811 1587 838 traditus
1603 813 1681 839 esset
1702 811 1842 846 Joannes,

1018 855 1096 881 venit
1117 854 1311 890 Capsrnaum.
1327 855 1417 882 Vocat
1440 855 1557 883 Petrum
1573 857 1601 883 et
1619 855 1759 883 Jacobum
1776 864 1842 883 cum

1019 901 1118 926 lratre.
1143 900 1228 926 Curat
1253 899 1371 934 multos,
1398 900 1481 926 sedet
1505 899 1535 926 in
1562 902 1660 927 monte
1675 899 1744 935 (cap.
1760 900 1799 936 v),
1817 903 1845 927 et

1018 942 1149 978 loquitur
1165 943 1199 970 de
1221 943 1464 975 beatitudinibus,
1482 952 1514 970 ac
1530 944 1630 971 subdit
1648 952 1654 971 :
1670 956 1683 968 ιι
1701 944 1758 972 Vos
1773 945 1845 972 estis

1018 986 1072 1020 sal,
1090 990 1115 1014 et
1135 995 1141 1014 :
1158 999 1172 1012 ιι
1188 987 1247 1014 Vos
1263 988 1333 1015 estis
1349 987 1397 1015 lux
1415 988 1516 1015 mundi
1530 988 1581 1020 ⁸²,››
1598 988 1729 1016 hortatur
1744 997 1793 1016 eos
1809 990 1843 1016 de

1018 1031 1083 1058 vitae
1097 1031 1292 1059 institutione.
1312 1032 1418 1059 Deinde
1442 1034 1585 1068 praecepta
1609 1032 1682 1068 legis
1706 1033 1841 1066 intendit,

1019 1075 1069 1102 ubi
1085 1077 1114 1103 et
1138 1075 1173 1103 de
1185 1076 1304 1103 dextero
1327 1076 1411 1103 oculo
1425 1076 1506 1110 dicit,
1522 1079 1551 1104 et
1574 1076 1610 1104 de
1623 1077 1722 1105 studio
1746 1077 1842 1105 inanis

1019 1119 1116 1155 glorias
1141 1119 1215 1155 (cap.
1241 1120 1290 1155 νι),
1316 1122 1344 1147 et
1367 1121 1403 1147 de
1427 1128 1526 1148 amore
1550 1120 1689 1156 pecuniae,
1706 1122 1844 1157 quodque

1020 1164 1155 1199 ponenda
1179 1164 1215 1191 sit
1232 1164 1377 1191 alimonia
1401 1164 1580 1199 sollicitudo,
1597 1172 1649 1192 nec
1672 1173 1736 1193 esse
1761 1166 1844 1193 nobis

1016 1208 1211 1244 judicsndum
1247 1208 1411 1244 proximum
1439 1209 1508 1244 (cap.
1540 1209 1601 1244 vn).
1633 1209 1740 1237 Deinde
1769 1210 1809 1237 ait
1839 1218 1844 1235 :

1023 1263 1033 1276 ι
1051 1252 1091 1279 Ne
1107 1252 1265 1287 projiciatis
1281 1252 1455 1288 margaritas
1470 1255 1535 1280 ante
1550 1261 1653 1288 porcos
1667 1253 1716 1280 ".-
1734 1254 1845 1281 Exhor-

1019 1296 1092 1323 tatio
1107 1296 1143 1323 ad
1160 1297 1317 1332 petendum
1335 1305 1342 1324 :
1359 1297 1460 1324 eadem
1475 1297 1511 1324 de
1526 1305 1556 1324 re
1572 1297 1710 1332 parabola
1727 1309 1733 1324 :
1750 1298 1785 1325 de
1801 1298 1846 1325 via

1020 1343 1145 1376 angusta
1161 1349 1168 1373 ;
1184 1341 1220 1368 de
1244 1340 1507 1377 pseudoprophetis
1524 1349 1531 1368 :
1555 1341 1590 1368 de
1612 1341 1843 1369 custodientibus

1022 1388 1172 1421 praecepta.
1203 1385 1275 1412 Hinc
1305 1385 1442 1420 parabole
1479 1385 1584 1412 domus
1606 1393 1696 1420 supra
1730 1388 1841 1421 petram

1021 1429 1176 1457 adiﬁcatas.
1192 1429 1347 1456 Descendit
1362 1429 1397 1456 de
1412 1432 1510 1456 monte
1534 1429 1609 1465 (cap.
1624 1429 1697 1465 vni),
1713 1432 1741 1457 et
1761 1432 1845 1457 curat

1021 1474 1213 1509 leprosum,et
1229 1482 1350 1509 puerum
1367 1473 1564 1507 Csnturionis,
1577 1481 1609 1501 ac
1625 1481 1740 1501 socrum
1757 1474 1846 1508 Petri,

1022 1522 1050 1547 et
1065 1519 1174 1546 multos
1189 1519 1272 1547 alios.
1289 1519 1390 1547 Scriba
1406 1519 1577 1555 prohibetur
1603 1527 1639 1546 ne
1652 1522 1803 1554 sequatur,
1822 1522 1850 1546 et

1023 1563 1187 1599 discipulus
1211 1565 1247 1591 ad
1270 1565 1454 1599 sequendum
1479 1564 1617 1600 adigitur.
1634 1566 1849 1599 Tempestatem

1024 1608 1114 1635 maris
1143 1608 1234 1635 sedat.
1264 1608 1417 1636 Daemones
1453 1608 1595 1636 invadunt
1623 1616 1737 1644 porcos.
1766 1608 1853 1635 Venit

1023 1652 1109 1680 Jesus
1134 1652 1163 1679 in
1179 1660 1264 1680 suam
1289 1652 1435 1680 civitatem
1460 1652 1530 1688 (cap.
1546 1655 1595 1687 ix).
1619 1652 1708 1679 Curat
1734 1652 1849 1688 paraly-

1024 1696 1116 1724 ticum
1133 1704 1139 1723 :
1156 1699 1241 1724 vocat
1257 1696 1426 1724 Mattheum
1440 1704 1447 1724 :
1463 1699 1605 1724 accusant
1619 1704 1685 1724 eum
1700 1696 1847 1727 Pharisazi,

1025 1741 1102 1776 quod
1117 1748 1182 1768 cum
1199 1740 1366 1769 Publiconis
1383 1741 1555 1769 manducet:
1572 1744 1600 1768 et
1616 1740 1850 1776 discipuliJoan-

1025 1785 1081 1818 nis,
1098 1787 1174 1820 quod
1192 1785 1329 1820 discipuli
1354 1786 1418 1820 ejus
1444 1793 1500 1813 non
1512 1785 1658 1821 jejunent.
1683 1785 1800 1812 Accedit
1815 1786 1850 1812 ad

1025 1836 1091 1856 eum
1108 1828 1243 1864 princeps
1264 1829 1423 1865 Synsgogze
1450 1831 1566 1864 propter
1590 1828 1723 1860 ﬁliolam,
1740 1830 1769 1856 et
1792 1829 1853 1863 ipse

1026 1871 1152 1908 puellam
1178 1875 1323 1900 mortuam
1347 1873 1454 1900 excitat
1477 1883 1483 1897 ε
1510 1874 1621 1900 interea
1645 1874 1768 1899 sanatur
1793 1872 1851 1899 hio-

1027 1924 1189 1943 morrousa.
1205 1916 1351 1944 Curantur
1365 1916 1423 1943 duo
1438 1916 1518 1948 caeci,
1530 1918 1558 1943 et
1573 1918 1674 1943 mutus
1689 1915 1849 1943 daemonia-

1027 1968 1088 1988 cus.
1106 1960 1192 1988 Vicos
1216 1960 1320 1987 circuit
1333 1960 1430 1987 Jesus.
1447 1960 1537 1987 Mittit
1560 1959 1722 1994 discipulos
1747 1960 1850 1995 pradi-

1026 2008 1123 2032 catum
1137 2006 1207 2040 (cap.
1224 2004 1263 2039 x),
1280 2007 1308 2031 et
1322 2004 1358 2031 de
1378 2004 1479 2031 multis
1496 2004 1532 2031 ad
1548 2011 1597 2032 eos
1619 2004 1746 2032 disserit.
1763 2004 1850 2031 Mittit

1026 2049 1061 2076 ad
1077 2057 1144 2076 eum
1160 2048 1287 2076 Joannes
1302 2048 1376 2075 duos
1390 2056 1425 2075 ex
1440 2048 1591 2084 discipulis
1606 2048 1738 2084 suis,qui
1753 2049 1851 2076 etlau-

1026 2093 1114 2120 datur
1131 2094 1202 2128 (cap.
1215 2092 1265 2127 xx).
1281 2091 1453 2127 Expostulat
1478 2092 1611 2120 Christus
1623 2100 1690 2120 cum
1707 2093 1802 2120 turbis
1818 2094 1853 2120 de

1025 2137 1147 2165 Joanne.
1178 2136 1339 2172 Exprobrat
1366 2136 1542 2164 civitatibus.
1573 2135 1735 2164 Conﬁtetur
1763 2137 1852 2164 Patri.

1026 2181 1116 2209 Vocat
1131 2181 1167 2208 ad
1183 2189 1214 2208 se
1229 2182 1375 2208 oneratos.
1392 2180 1450 2208 Iter
1465 2180 1533 2208 facit
1550 2189 1600 2216 per
1623 2183 1688 2208 sata
1704 2183 1774 2216 (cap.
1791 2181 1853 2216 x11).

1025 2225 1113 2253 Curat
1128 2233 1194 2253 eum
1210 2225 1261 2260 qui
1286 2233 1406 2253 manum
1423 2225 1535 2252 aridam
1560 2225 1695 2260 habebat,
1710 2224 1803 2252 Judmi
1819 2225 1855 2252 de

140 2269 301 2304 τισμὲνους.
331 2267 465 2296 Διαόαίνει
496 2268 540 2296 διὰ
566 2272 620 2297 τῶν
648 2270 801 2308 σπορίμων.
831 2271 964 2308 Θεραπεύε

1029 2270 1186 2298 occidendo
1210 2278 1243 2298 eo
1266 2270 1444 2297 consultant.
1465 2269 1653 2297 Secedeutem
1678 2268 1747 2296 inde
1768 2270 1856 2297 turba

142 2313 186 2339 τὸν
213 2314 264 2347 τήν
293 2313 375 2350 ξηρὰν
402 2312 502 2351 ἔχοντα
527 2316 618 2351 χεῖρα.
635 2313 684 2340 Καὶ
711 2313 885 2351 βουλεύονται
911 2315 976 2343 Ἰου-

144 2355 216 2383 ὂαῖοι
246 2356 355 2384 ἀνελεῖν
391 2357 480 2385 αὐτόν.
511 2358 736 2395 Ἀναχωρήσαντι
775 2358 885 2391 ὶκεῖθεν,
910 2359 976 2387 ἀκο-

146 2399 239 2432 λουθεῖ
254 2402 269 2428 ὁ
286 2398 386 2438 ὅχΑος,
402 2402 446 2429 καὶ
470 2401 654 2439 θεραπεύεται.
670 2402 788 2438 Ὁμοίως
811 2403 856 2430 καὶ
881 2403 895 2431 6
916 2402 977 2431 δαι-

150 2445 331 2481 μονιζόμενος
363 2446 465 2484 τυφλὸς
501 2446 547 2473 καὶ
576 2446 679 2484 κωφός.
705 2447 771 2474 Τότε
804 2446 927 2485 λέγουσιν
951 2448 977 2476 οἱ

149 2487 287 2516 Ἰουδαῖον
304 2502 318 2515 ιι
340 2490 383 2516 Ἐν
407 2488 571 2524 Βεελζεϐοὺλ
597 2488 725 2518 ἐκϐάλλει
750 2491 783 2518 τὰ
808 2490 944 2528 δαιμόνια.
962 2504 976 2518 ››

151 2532 214 2559 Εἶτα
239 2536 355 2568 σημεῖον
380 2534 512 2561 αἰτοῦσιν⁸
535 2535 548 2561 ὁ
576 2533 605 2562 δὲ
629 2533 712 2562 ἔδωκε
736 2536 767 2562 τὸ
791 2536 868 2573 ἰῳνᾶ
905 2539 978 2573 Προ-

152 2579 234 2610 εἷπτν,
273 2577 315 2605 ὅτι
359 2581 493 2606 Νινευῐται
533 2581 738 2617 κατακρινοῦσιν
780 2571 889 2611 αὐτούς.
914 2580 979 2608 Τότε

153 2619 235 2657 λέγει-
267 2634 280 2647 ιι
311 2623 394 2650 ’Όταν
423 2622 516 2660 ἐξέλθῃ
543 2623 575 2650 τὸ
603 2623 755 2659 ἀκάθαρτον
785 2626 902 2660 πνεῦμα,
931 2627 978 2659 ζη-

155 2666 215 2690 τοῦν
244 2665 403 2695 ἀνάπαυσιν,
435 2679 449 2692 n
474 2667 540 2694 Εἶτα
567 2668 584 2702 ἡ
615 2668 706 2704 μήτηρ
746 2670 821 2703 ζητεῖ
860 2667 979 2703 λαλῆσαι

159 2707 237 2744 αὗτῷ.
264 2708 367 2747 Ἐμόάς
396 2711 434 2743 εἷς
461 2712 492 2739 τὸ
527 2710 625 2739 πλοῖον
663 2711 735 2749 λίγει
773 2712 822 2746 τήν
857 2710 978 2750 παραϐο-

1031 2314 1165 2350 sequitur
1183 2317 1211 2341 et
1225 2314 1498 2341 curatur.similiter
1509 2317 1538 2341 et
1553 2312 1752 2341 demoniacus
1764 2321 1856 2340 caecus

1030 2361 1060 2386 et
1074 2359 1267 2386 mutus.Tunc
1282 2358 1375 2386 Judaei
1392 2358 1494 2385 dicunt
1510 2366 1516 2385 :
1532 2370 1546 2382 ιι
1566 2358 1598 2385 lu
1615 2357 1765 2385 Beelzebul
1778 2357 1858 2393 ejicit

1031 2402 1337 2430 daemonia“.»Deinde
1346 2403 1463 2438 signum
1476 2401 1656 2438 petunt,ipse
1665 2410 1733 2429 vero
1739 2401 1857 2438 signum

1031 2447 1111 2475 Jonas
1140 2446 1229 2474 dedit.
1245 2446 1378 2474 Prasdicit
1404 2446 1463 2473 illis
1493 2446 1570 2481 quod
1589 2454 1607 2473 a
1633 2445 1771 2473 Ninivitis
1800 2446 1860 2473 sint

1032 2490 1256 2519 condemnandi.
1272 2490 1353 2518 Tunc
1368 2490 1439 2518 dicit
1455 2499 1461 2518 :
1479 2501 1494 2516 «
1510 2490 1632 2522 Quando
1654 2490 1778 2525 spiritus
1802 2490 1857 2518 im-

1033 2535 1162 2563 mundus
1174 2535 1276 2562 exierit
1290 2534 1420 2570 requiem
1437 2542 1570 2570 querens
1583 2534 1634 2561 ".n
1647 2533 1755 2561 Deinde
1767 2534 1860 2561 Mater

1033 2579 1136 2615 quierit
1150 2578 1192 2606 illi
1208 2578 1299 2614 loqui.
1311 2574 1419 2606 Navem
1436 2579 1587 2615 ingressus
1602 2577 1772 2614 parabolam
1788 2578 1859 2605 dicit

1033 2623 1107 2651 187
1123 2623 1158 2650 de
1182 2622 1345 2649 seminaute
1359 2624 1428 2658 (cap.
1445 2623 1518 2658 xm),
1534 2624 1562 2650 et
1584 2629 1716 2656 causam,
1742 2623 1860 2657 propter

1033 2675 1122 2703 quam
1139 2666 1168 2693 in
1185 2665 1332 2701 parabolis
1356 2666 1503 2702 loquatur.
1521 2665 1692 2694 Parabolam
1708 2665 1796 2693 istam
1812 2673 1860 2692 ex-

1034 2711 1157 2747 ponit,et
1171 2710 1253 2738 addit
1269 2710 1354 2744 alias,
1371 2711 1407 2739 de
1421 2711 1571 2746 thesauro,
1588 2710 1623 2738 de
1639 2709 1807 2745 margarita,
1824 2709 1860 2736 de

197 2815 218 2832 ⁵³
232 2816 332 2846 Matth.
347 2827 377 2852 ν,
393 2819 436 2852 13,
452 2820 496 2848 id.
533 2820 556 2838 "
568 2819 672 2848 Matth.
688 2827 739 2853 vn,
753 2821 780 2848 6.
818 2820 842 2838 “
855 2820 959 2849 Matth.

1022 2840 1024 2850 ,
1039 2819 1084 2846 24.
1123 2818 1144 2836 ⁸³
1160 2817 1263 2846 Matth.
1279 2826 1331 2853 xu,
1351 2819 1396 2846 43.
