2043 3111
191 178 250 209 387

783 177 816 206 S.
839 174 1102 205 ATHANASIUS.
1121 189 1154 196 -—
1172 174 1303 206 DUBIA.

193 251 272 280 agro,
289 243 325 270 de
348 241 455 278 sinapi.
470 241 506 269 de
529 241 679 270 fermento.
697 240 867 268 Parabolam
882 241 918 268 de
942 248 1011 276 agro

1072 238 1121 273 λὴν
1145 241 1194 267 τοῦ
1218 240 1385 277 σπείροντας,
1413 241 1458 267 καὶ
1482 241 1531 275 τὴν
1556 240 1653 276 αἲτίαν,
1679 239 1713 267 δι’
1735 242 1765 275 ἣν
1791 240 1817 268 ἐν
1840 252 1895 268 παι

193 286 312 324 exponit
327 286 356 313 in
373 286 470 319 domo,
487 288 515 313 et
529 286 606 313 addil
623 285 710 313 aliam
727 285 762 313 de
777 293 894 321 sagena.
912 285 1016 312 Beatos

193 331 363 367 pronuntiat
377 329 702 366 discipulos,conferens
714 337 764 358 eos
777 329 840 356 viro
855 328 1017 365 patrifami-

191 375 257 403 lias.
274 374 360 403 Venit
375 375 404 402 in
421 374 555 410 patriam,
572 375 689 410 quando
712 376 740 402 et
754 374 944 401 oﬁ‘enduntur
962 373 1016 400 Ju-

193 419 256 447 daai.
273 419 356 446 Tunc
371 418 441 446 dicit
457 426 463 446 :
482 429 495 443 «
511 418 656 454 Propheta
680 426 737 446 non
753 420 798 446 est
812 417 875 445 sine
896 417 1015 452 honore,

193 464 248 492 nisi
266 463 295 490 in
319 462 414 499 patria
439 471 492 490 sua
506 462 536 490 “.
555 473 570 487 »
585 463 701 491 Auditis
726 471 790 498 qua;
814 470 881 490 cum
903 461 1017 489 Joanne

193 508 227 535 ab
253 507 364 535 Herode
379 508 461 543 gesta
485 507 609 541 luerant,
625 507 735 534 secedit
754 506 785 534 in
809 506 958 534 desertum
974 505 1015 533 lo-

193 561 271 584 cum,
289 551 338 579 ubi
354 553 382 578 et
397 551 528 586 quinque
552 550 645 578 millia
660 551 812 578 hominum
838 550 930 586 pascit
945 552 1015 585 (cap.

192 596 260 632 xiv).
277 594 442 631 Discipulos
458 595 548 622 mittit
562 595 688 631 navigio.
705 595 868 623 Revertitur
883 595 911 622 in
933 602 1015 621 mon-

192 643 250 668 tem
267 639 368 667 orandi
385 639 488 675 gratia.
504 640 627 667 Advenit
640 639 675 667 ad
692 639 851 675 discipulos
866 641 953 666 noctu
966 647 1016 666 ua-

192 685 334 721 vigantes.
352 685 472 711 Petrum
496 683 690 719 apprehendit
703 692 792 720 super
815 692 916 719 aquas.
934 682 1018 710 Venit

192 730 381 757 Gennesaret.
399 729 544 756 Curantur
559 727 654 755 multi.
670 729 816 756 Accusant
834 736 900 755 eum
918 727 1017 755 Phari-

192 774 242 802 saei
258 773 294 800 de
314 771 476 808 (neglectis)
492 772 718 808 purgationibus
740 772 812 808 (cap.
829 773 872 801 xv)
895 780 902 799 :
919 780 951 799 os
973 771 1017 799 eis

193 818 311 846 obturat
326 819 354 844 et
368 817 452 844 docet
467 817 569 844 turbas
584 817 619 844 de
637 816 748 844 ratione
763 816 906 844 ciborum.
923 816 1017 843 Inter-

194 864 275 897 rogat
299 869 365 889 eum
381 863 484 888 Petrus
499 861 534 888 de
557 860 594 888 iis
610 869 675 896 quae
698 861 821 894 dixerat,
846 863 874 888 et
897 869 932 888 ea
954 860 1018 896 ipsa

192 906 326 934 Christus
343 904 527 933 manifestius
542 905 669 941 exponit.
677 904 763 933 Venit
777 905 898 941 Tyrum,
914 907 942 932 et
958 912 1018 932 mu-

192 950 246 978 lier
261 950 424 978 Chananeea
446 949 482 977 ad
497 957 564 977 eum
588 949 710 977 accedit.
738 950 808 976 Inde
830 949 859 976 in
886 951 1016 976 montem

188 995 274 1029 juxta
289 1002 379 1028 mare,
396 995 425 1021 et
438 996 522 1021 curat
536 993 655 1021 multos.
672 993 755 1021 Cibat
775 995 902 1028 quatuor
925 992 1018 1019 millia

192 1039 332 1066 virorum.
347 1038 435 1065 Venit
458 1038 602 1073 Magdala.
619 1038 759 1071 Quzerunt
782 1038 899 1074 signum
923 1036 1017 1064 Judtei

194 1083 264 1119 (cap.
281 1083 349 1119 xv1),
365 1083 429 1118 Ipse
452 1090 519 1109 vero
533 1081 642 1109 relictis
663 1081 721 1109 illis
737 1081 946 1109 transfretavit.
964 1083 1016 1109 Pa-

193 1135 244 1155 nes
259 1126 393 1163 discipuli
411 1134 462 1163 per
484 1125 658 1154 oblivionem
675 1134 731 1154 non
749 1128 945 1161 sumpserant.
963 1126 1017 1153 Lo-

193 1171 294 1206 quitur
316 1171 375 1198 illis
398 1171 434 1199 de
450 1171 592 1198 fermento
616 1170 837 1198 Phariszsorum.
865 1169 1019 1206 Egreditur

193 1217 364 1244 Caesaream.
381 1215 545 1251 Interrogat
558 1214 717 1250 discipulos
732 1215 767 1242 de
787 1215 883 1250 seipso
902 1222 908 1242 ι
925 1214 1018 1242 confi-

194 1262 271 1287 tetur
286 1268 354 1287 eum
370 1259 483 1287 Petrus.
500 1260 582 1286 Tunc
598 1259 633 1286 de
648 1258 784 1294 passione
798 1267 853 1286 sua
876 1258 1016 1294 pradicit,

194 1304 346 1332 etPetrum
358 1304 646 1339 increpat,jubetque
657 1311 772 1331 crucem
785 1303 895 1335 tollere,
911 1303 936 1330 si
952 1302 1018 1338 quis

192 1348 260 1375 velit
271 1357 302 1376 se
318 1348 412 1384 sequi.
424 1347 566 1383 Loquitur
575 1350 604 1375 et
619 1348 654 1375 de
669 1347 797 1375 secundo
813 1355 867 1374 suo
880 1347 1016 1374 adventu.

190 1393 330 1420 Ascendit
340 1392 369 1419 in
383 1394 523 1425 montem,
535 1392 585 1419 ubi
602 1394 630 1419 et
644 1392 871 1427 transﬁguratus
886 1394 931 1419 est
945 1392 1017 1426 (cap.

193 1438 270 1472 xvii).
287 1436 341 1465 Ubi
356 1435 703 1472 descenderat,discipuli
719 1436 901 1471 interrogant
915 1437 944 1462 et
958 1434 1018 1462 dis-

192 1484 263 1509 cunt
277 1482 313 1508 de
328 1481 399 1509 Elia.
417 1481 580 1508 Adducitur
594 1480 636 1507 illi
662 1479 810 1508 lunaticus
835 1482 864 1507 et
888 1481 1017 1507 curatur.

192 1526 354 1561 Exprobrat
378 1525 542 1561 discipulis.
560 1525 590 1552 In
617 1524 735 1552 Galilaea
749 1524 809 1552 illis
823 1524 858 1551 de
882 1524 1018 1559 passione

194 1579 248 1597 sua
262 1569 401 1605 loquitur.
413 1570 563 1597 Accedunt
577 1569 613 1596 ad
629 1576 697 1596 eum
710 1569 891 1605 Capernaum
908 1568 959 1604 qui
973 1567 1016 1595 di-

1070 281 1201 320 ραϐολαῖς
1235 283 1320 322 λέγει.
1349 284 1472 312 Ἐπιλύει
1509 285 1558 319 τήν
1590 282 1751 322 παραϐολὴν
1780 285 1894 321 ταύτην,

1069 327 1114 354 καὶ
1130 329 1289 364 προστίθησι
1318 330 1368 363 τήν
1392 328 1440 356 τοῦ
1469 331 1617 367 θησαυροῦ,
1638 330 1687 364 τήν
1716 332 1764 356 τοῦ
1793 340 1899 367 μαργα-

1071 373 1157 408 ρίτου,
1173 372 1221 405 τὴν
1240 374 1288 398 τοῦ
1300 371 1394 409 ἀγροῦ,
1411 372 1459 406 τήν
1475 374 1523 399 τοῦ
1546 372 1688 408 σινάπεως,
1701 373 1746 400 καὶ
1771 373 1820 408 τὴν
1844 375 1898 408 τῆς

1071 414 1168 451 ζύμης.
1185 415 1309 443 Ἐπιλύει
1323 417 1373 451 τήν
1391 419 1440 444 τοῦ
1464 416 1549 454 ἀγροῦ
1574 416 1599 443 ἐν
1622 418 1657 453 τῇ
1681 417 1764 453 οἰκίᾳ,
1780 417 1900 455 προστί-

1069 459 1132 494 θησι
1161 460 1209 493 τήν
1241 463 1291 494 τῆς
1319 461 1450 498 σαγήνης.
1475 461 1621 498 Μακαρίζει
1656 461 1721 492 τοὺς
1759 462 1899 498 μαθητὰς,

1070 501 1255 541 παραϐάλλων
1272 504 1369 535 αὐτους
1391 503 1468 542 ἀνδρὶ
1498 503 1686 542 οἰκοδεσπότῃ.
1702 506 1831 543 Ἔρχεται
1857 506 1901 537 εἰς

1070 548 1119 582 τήν
1150 547 1277 586 πατρίδα,
1298 548 1343 576 ὅτε
1370 548 1414 576 καὶ
1449 548 1670 584 σκανδαλίζονται
1699 550 1725 577 οἱ
1758 549 1900 579 Ἰουδαῖοι.

1070 591 1136 619 Τότε
1160 591 1244 629 λέγει·
1261 605 1274 618 ‹‹
1294 592 1351 621 Οὐκ
1374 591 1429 620 ἔστι
1458 594 1601 632 προφήτης
1630 594 1726 630 ἄτιμος
1755 594 1777 621 εί
1805 595 1841 631 μή
1869 594 1901 622 έν

1070 637 1105 673 τῇ
1135 635 1244 674 πατρίδι
1273 636 1365 665 αὐτοῦ.
1384 649 1398 662 ))
1415 636 1464 664 Καὶ
1480 637 1596 669 ἀκούσας
1611 638 1644 665 τὰ
1659 639 1726 666 κατὰ
1745 639 1791 666 τὸν
1807 639 1902 677 Ἡρώ-

1072 679 1121 715 δην
1148 681 1192 708 καὶ
1217 681 1354 716 Ἰωάννην,
1372 681 1509 719 ἀναχωρεῖ
1538 682 1574 713 εἰς
1602 682 1717 719 ἔρημον,
1733 683 1777 710 καὶ
1805 682 1904 722 τρέφει

1070 724 1134 756 τοὺς
1178 725 1426 763 πεντακισχιλίους.
1457 725 1560 762 Πέμπει
1596 726 1659 758 τοὺς
1699 727 1820 763 μαθητὰς
1858 727 1903 759 εἷς

1071 768 1180 797 πλοῖον.
1198 770 1355 807 Ἀνέρχεται
1375 770 1412 801 εἷς
1440 771 1472 798 τὸ
1500 768 1563 806 ὅρος
1591 769 1723 805 εὔξασθαι.
1740 771 1899 809 Ἐφίσταται

1072 812 1164 844 αὐτοῖς
1187 814 1281 845 νυκτὸς
1303 813 1427 841 πλέουσι·
1454 813 1560 852 δέχεται
1580 815 1625 842 τὸν
1651 816 1750 852 Πέτρον
1771 815 1815 843 ἐπὶ
1842 818 1903 844 τῶν

1074 857 1175 886 ὑδάτων
1193 880 1199 886 .
1236 862 1364 897 Ἔρχεται
1403 860 1441 891 si:
1481 860 1663 898 Γεννησαρέτ.
1700 860 1902 898 Θεραπεύονται

1072 901 1185 932 πολλοί.
1211 903 1369 941 Ἐγκαλοῦσι
1393 907 1536 940 Φαρισαῖοι
1568 904 1630 942 περὶ
1654 905 1816 943 καθαρσίων·
1838 904 1901 933 ἄπι-

1072 947 1193 982 στομίζει
1207 948 1329 982 τούτους,
1346 948 1389 975 καὶ
1405 947 1524 976 διδάσκει
1539 948 1604 980 τοὺς
1618 946 1722 986 ὄχλους
1738 949 1800 987 περὶ
1823 950 1900 987 βρω-

1074 991 1176 1028 μάτων.
1201 993 1308 1029 Ἐρωτᾲ
1338 993 1437 1031 Πέτρος
1470 993 1532 1030 περὶ
1569 995 1621 1020 τῶν
1661 993 1825 1030 εἰρημένων,
1852 994 1903 1021 καὶ

1072 1037 1232 1074 σαφέστερον
1258 1036 1430 1074 ἐπεξέρχεται
1446 1037 1460 1064 ὁ
1474 1037 1600 1070 Χριστός.
1616 1037 1715 1069 Ἦλθεν
1740 1038 1778 1069 εἷς
1799 1037 1902 1074 Τύρον,

1071 1080 1116 1107 καὶ
1144 1080 1324 1119 προσέρχεται
1353 1082 1370 1115 ὴ
1400 1081 1543 1109 Χαναναια.
1561 1082 1676 1109 Ἐκεῖθεν
1707 1081 1744 1112 εἷς
1773 1082 1804 1109 τὸ
1833 1079 1901 1119 ὅρος

1072 1124 1104 1152 τὸ
1118 1128 1192 1162 παρὰ
1206 1126 1255 1159 τὴν
1272 1125 1417 1159 θάλασσαν,
1433 1125 1479 1152 καὶ
1513 1125 1653 1163 θεραπεύει
1674 1125 1808 1157 πολλούς.
1834 1126 1905 1164 Τρέ-

1073 1180 1116 1207 φει
1132 1169 1196 1200 τοὺς
1212 1169 1449 1207 τετρακισχιλίους
1465 1169 1573 1208 ἄνδρας,
1589 1169 1688 1202 Ἦλθεν
1705 1170 1742 1201 εἷς
1757 1169 1902 1208 Μαγδαλά.

1074 1214 1211 1251 Ἐρωτῶσι
1249 1217 1363 1250 σημεῖον
1400 1214 1426 1241 οἱ
1453 1213 1591 1242 Ἰουδαῖοι.
1622 1215 1649 1241 Ὀ
1682 1213 1711 1242 δὲ
1739 1214 1901 1242 καταλιπὼν

1073 1257 1194 1292 ἀπῆλθεν
1212 1258 1248 1288 εἷς
1262 1258 1293 1285 τὸ
1309 1258 1402 1295 πέραι.
1419 1259 1450 1285 Οἱ
1473 1259 1592 1295 μαθηταὶ
1617 1259 1780 1287 ἐπελάθοντο
1800 1258 1901 1296 ἄρτους

1074 1299 1177 1329 λαϐεῖν’
1194 1302 1265 1340 λέγει
1283 1302 1374 1333 αὐτοῖς
1389 1303 1449 1341 περί
1465 1304 1514 1337 τῆς
1538 1303 1626 1339 ζύμης
1651 1306 1704 1331 τῶν
1731 1304 1900 1341 Φαρισαίων.

1073 1346 1226 1385 Ἐξέρχεται
1263 1346 1301 1378 είς
1336 1347 1507 1384 Καισάρειαν.
1536 1347 1640 1385 Ἐρωτᾷ
1672 1347 1735 1379 τοὺς
1775 1348 1901 1384 μαθητὰς

1072 1390 1133 1427 περὶ
1165 1391 1270 1418 ἑαυτοῦ·
1294 1389 1426 1428 ὁμολογεῖ
1452 1391 1531 1418 αὐτὸν
1557 1392 1571 1418 ὁ
1593 1392 1705 1429 Πέτρος.
1731 1391 1797 1420 Τότε
1827 1402 1900 1428 προ-

1072 1432 1145 1472 λέγει
1174 1434 1236 1473 περὶ
1268 1437 1316 1462 τοῦ
1352 1435 1464 1470 πάθους,
1488 1435 1533 1462 καὶ
1571 1435 1684 1472 ἐπιτιμᾷ
1717 1436 1821 1474 Πέτρῳ,
1850 1436 1901 1464 καὶ

1071 1478 1176 1507 κελεύει
1191 1479 1236 1506 τὸν
1255 1478 1423 1516 βουλόμενον
1440 1479 1599 1512 ἀκολουθεῖν
1617 1481 1677 1517 ἆραι
1701 1481 1746 1508 τὸν
1770 1481 1899 1518 σταυρόν.

1072 1524 1152 1561 Λέγει
1176 1524 1221 1551 καὶ
1245 1523 1306 1561 περὶ
1331 1527 1381 1559 τῆς
1398 1522 1522 1563 δευτέρας
1537 1525 1686 1563 παρουσίας
1702 1524 1794 1552 αὐτοῦ.
1809 1525 1902 1552 "Avu-

1073 1577 1113 1594 σιν
1142 1567 1180 1599 εἰς
1206 1568 1237 1595 τὸ
1265 1565 1340 1605 ὄρος,
1366 1567 1426 1600 ἔνθα
1454 1568 1499 1595 καὶ
1530 1569 1740 1607 μετεμορφώθη.
1767 1568 1902 1597 Κατιόντι

193 1613 334 1641 drachma
345 1613 754 1647 accipiebant.Percontantur
768 1612 934 1648 discipuli,«
946 1612 1016 1644 Quis

1074 1611 1154 1638 αὐτὸν
1177 1611 1300 1649 ἐρωτῶσι
1323 1612 1386 1650 πιρὶ
1410 1612 1503 1640 Ἠλίου
1533 1613 1577 1640 καὶ
1613 1613 1784 1649 μανθάνουσι,
1809 1616 1901 1650 Προσ-

194 1658 288 1693 major
302 1657 372 1693 (cap.
387 1658 468 1693 xvm)
478 1657 492 1684 ?
506 1668 520 1683 »
536 1658 618 1685 Tunc
639 1657 776 1685 advocato
791 1657 827 1684 ad
843 1664 874 1685 se
898 1656 1018 1692 parvulo

192 1701 263 1729 dicit
279 1710 285 1730 :
302 1713 316 1727 ι(
334 1701 516 1737 Quicumque
531 1700 773 1729 scandalizaverit
797 1709 889 1728 unum
902 1709 937 1728 ex
951 1709 1017 1737 par-

191 1745 267 1773 vulis
282 1745 347 1773 istis
362 1746 394 1778 ‘7,
410 1756 424 1770 n
441 1748 495 1773 etc.
513 1746 547 1773 Et
560 1754 566 1772 :
577 1757 591 1771 ‹‹
609 1745 639 1773 Si
655 1744 758 1773 oculus
772 1747 852 1776 tuus.
869 1746 897 1772 et
911 1753 1017 1772 manus

193 1792 243 1818 tua
257 1789 435 1818 scandalizat
449 1792 477 1817 te
491 1790 541 1817 ⁸⁸.»
556 1789 592 1817 Et
608 1798 614 1817 :
634 1800 644 1813 ι
663 1789 703 1816 Ne
718 1789 913 1822 contemnatis
924 1797 1016 1816 unum

192 1843 224 1861 ex
241 1833 370 1868 parvulis
392 1834 457 1861 istis
472 1834 504 1861 ⁵⁸.
521 1844 536 1858 ι)
551 1833 714 1869 Subjicitur
737 1832 876 1869 parabole.
899 1835 1016 1860 centum

192 1878 300 1913 ovium,
316 1880 344 1906 et
358 1877 431 1905 illud
447 1886 453 1905 :
473 1890 483 1902 ι
501 1877 530 1906 Si
552 1877 714 1914 peccaverit
728 1877 758 1905 in
782 1879 810 1905 te
825 1877 913 1905 frater
936 1879 1015 1911 tuus,

191 1923 303 1959 corripe
318 1931 384 1951 eum
399 1923 431 1950 ⁶⁰.
450 1933 463 1947 n
481 1922 552 1950 Item
569 1930 575 1950 :
593 1933 606 1947 ‹‹
623 1922 652 1949 Si
667 1922 725 1949 duo
740 1930 775 1949 ex
789 1921 871 1949 vobis
892 1929 1017 1949 consen-

191 1968 293 2002 serint,
308 1968 516 2003 quodcumque
531 1966 825 2003 petierint,accipient
838 1966 873 1993 σι.
884 1977 898 1990 ››
916 1966 1017 1994 Petrus

192 2015 258 2048 post
283 2011 341 2039 ista
364 2011 459 2039 dicit:
478 2022 492 2036 «
507 2011 624 2043 Quoties
649 2011 781 2047 peccabit
805 2010 835 2037 in
859 2018 905 2038 me
930 2010 1018 2038 frater

192 2064 276 2084 meus
290 2056 324 2083 ".
342 2066 356 2080 »
373 2055 513 2083 Parabola
527 2055 603 2091 ejus,
619 2055 669 2090 qui
685 2055 785 2083 decem
810 2054 902 2083 millia
924 2054 1016 2082 talen-

193 2103 289 2128 torum
305 2100 438 2128 debebat.
452 2100 539 2128 Venit
556 2101 584 2127 in
598 2101 728 2128 .ludzeam
751 2100 826 2136 (cap.
843 2102 912 2135 xix).
929 2101 1018 2129 Curat

192 2143 311 2171 multos.
328 2144 453 2179 Exponit
468 2151 587 2171 causam
612 2143 738 2171 divortii.
765 2144 906 2180 Loquitur
920 2144 956 2172 de
970 2152 1017 2180 ge-

192 2187 312 2215 neribus
337 2187 550 2215 eunuchorum.
574 2188 722 2215 Benedicit
745 2188 884 2223 parvulis.
901 2188 1018 2216 Accedit

191 2232 226 2259 ad
240 2240 308 2260 eum
324 2232 602 2267 dives.1nterrogant
618 2231 755 2268 discipuli
772 2240 779 2259 :
797 2243 811 2257 ‹‹
829 2232 899 2265 Quis
910 2232 1016 2260 salvari

192 2278 287 2312 potest
301 2276 323 2293 ⁸³
334 2276 348 2304 ‘I
365 2287 378 2301 ιι
395 2277 476 2304 Tunc
490 2275 561 2303 dicit
576 2275 634 2302 illis
652 2283 658 2303 Ζ
675 2287 689 2300 ‹‹
706 2276 852 2303 Βοάοὶιίιὶε
868 2285 958 2313 super
971 2286 1013 2305 se-

191 2321 243 2348 des
257 2320 423 2348 duodecim.
440 2320 474 2347 Et
488 2320 538 2355 qui
564 2319 714 2355 reliquerit
729 2320 860 2354 domum,
879 2331 894 2346 »
909 2323 938 2348 et
954 2329 1018 2357 quis

191 2367 365 2401 sequuntur.
391 2364 535 2392 Subditur
560 2363 699 2400 parabole
723 2364 921 2399 operariorum
949 2366 1016 2401 (cap.

190 2408 246 2445 xx).
264 2408 430 2437 Ascendens
442 2408 654 2444 Jerosolymam
667 2407 796 2443 loquitur
812 2407 967 2444 discipulis
982 2410 1018 2437 de

191 2455 284 2481 morte
299 2461 362 2482 sua.
370 2455 448 2481 Uxor
458 2452 586 2480 Zebedaai
599 2451 670 2488 petit
682 2452 842 2487 primatum
858 2452 928 2481 ﬁliis
944 2453 1017 2482 suis.

191 2497 257 2526 Zelo
281 2500 436 2526 moventur
457 2496 592 2533 apostoli,
608 2498 637 2524 et
660 2496 846 2524 erudiuntur.
872 2497 1019 2526 Curantur

191 2543 249 2570 duo
259 2542 327 2570 caci
342 2551 357 2570 e
371 2542 498 2570 Jericho.
515 2541 712 2577 Subjungitur
734 2540 860 2569 historia
874 2541 909 2570 de
934 2542 1019 2570 asina

192 2587 262 2623 (cup.
279 2587 349 2622 xxx).
364 2585 531 2623 Ingreditur
542 2585 571 2613 in
582 2584 726 2621 templum
739 2593 745 2613 :
757 2584 838 2620 ejioit
847 2586 1017 2621 vendentes,

191 2633 273 2659 curat
283 2631 453 2659 accedentes
464 2638 567 2666 aegros.
581 2629 690 2657 Deinde
701 2629 784 2665 pueri
793 2629 936 2665 hymnum
948 2638 1017 2658 con-

192 2675 306 2703 cinunt.
322 2675 477 2712 Egreditur
491 2673 673 2707 Bethaniam,
689 2675 718 2700 et
732 2681 800 2701 cum
818 2675 1019 2710 regrederetur

1073 1654 1166 1694 άγεται
1191 1656 1206 1684 ὁ
1231 1656 1471 1693 σεληνιαζόμενος,
1487 1656 1532 1683 καὶ
1557 1657 1740 1694 θεραπεύεται.
1757 1656 1901 1692 Ὀνειδίζιι

1072 1702 1130 1731 τοῖς
1148 1701 1291 1737 μαθηταῖς.
1308 1701 1386 1739 Λέγει
1408 1700 1500 1732 αὐτοῖς
1525 1701 1551 1728 ἑν
1568 1703 1603 1737 τῇ
1620 1700 1754 1737 Γαλιλαίᾳ
1771 1702 1833 1739 περὶ
1849 1704 1902 1729 τοῦ

1074 1745 1184 1776 πάθους.
1201 1745 1405 1783 Προσέρχονται
1420 1745 1445 1772 έν
1462 1745 1642 1782 Καπερναοὺμ
1654 1746 1679 1773 οἱ
1700 1746 1732 1773 τὸ
1757 1744 1901 1784 δίδραχμα

1074 1786 1269 1825 λαμϐάνοντες.
1297 1790 1450 1827 Ἐρωτῶσιν
1485 1790 1511 1816 οἱ
1547 1789 1678 1826 μαθηταὶ,
1702 1789 1743 1820 τίς
1778 1789 1901 1826 μιίζων;

1073 1832 1140 1860 Τότε
1167 1832 1283 1864 καλέσας
1309 1832 1416 1861 παιδίον
1447 1833 1529 1871 λέγει’
1550 1846 1564 1860 ι(
1586 1836 1632 1865 Ὃς
1661 1834 1705 1861 ἐὰν
1735 1832 1903 1871 σκανδαλίσῃ

1071 1874 1119 1904 ἕνα
1145 1879 1199 1904 τῶν
1230 1880 1334 1915 μικρῶν
1362 1877 1477 1906 τούτων.
1495 1878 1555 1914 Καὶ,
1572 1890 1587 1904 α
1610 1877 1641 1906 EI
1666 1877 1807 1916 ὀφθαλμός
1837 1888 1900 1912 σου,

1072 1920 1117 1948 καὶ
1133 1922 1150 1956 ἡ
1166 1921 1228 1959 χείρ
1244 1932 1291 1949 σου
1307 1921 1476 1957 σκανδαλίζει
1499 1932 1537 1950 σε’
1552 1934 1567 1948 ››
1582 1922 1627 1949 καὶ
1650 1922 1693 1958 τὸ,
1708 1934 1723 1947 ‹‹
1745 1923 1790 1957 Μὴ
1815 1932 1901 1949 κατα-

1073 1966 1227 2004 φρονήσητε
1242 1966 1299 1997 ἑνὸς
1314 1969 1366 1994 τῶν
1386 1969 1490 2004 μικρῶν
1512 1966 1626 1995 τούτων.
1643 1978 1658 1992 ››
1684 1967 1748 1993 Δῖτα
1771 1967 1788 2001 ὴ
1817 1976 1902 2003 παρα-

1073 2006 1144 2044 ϐολὴ
1174 2012 1227 2037 τῶν
1258 2010 1349 2038 ἑκατὸν
1376 2008 1531 2048 προϐάτων,
1547 2010 1591 2038 καὶ
1615 2010 1656 2038 τό·
1674 2011 1766 2039 «Ἐὰν
1792 2010 1902 2048 ἁμάρτῃ

1072 2053 1110 2085 εἰς
1128 2054 1156 2081 σὶ
1171 2054 1185 2081 ὁ
1201 2053 1316 2093 ἀδελφός
1341 2065 1399 2089 σου,
1415 2054 1525 2093 ἔλεγξον
1549 2054 1640 2082 αὐτόν’
1659 2066 1672 2080 ››
1687 2055 1732 2082 καὶ
1748 2055 1788 2082 τό·
1805 2068 1819 2081 «ι
1837 2055 1900 2082 Ἐὰν

1074 2096 1123 2125 δύο
1148 2100 1366 2137 συμφωνήσωσιν
1389 2099 1414 2134 ἐξ
1442 2100 1529 2136 ὑμῶν,
1545 2099 1560 2126 ὃ
1584 2099 1627 2126 ἐὰν
1653 2099 1828 2134 αἰτήσωνται,
1845 2098 1899 2134 λή-

1073 2143 1179 2179 ψονται.
1198 2155 1208 2170 ι
1227 2143 1294 2171 Εἶτά
1322 2154 1403 2182 φησιν
1428 2143 1442 2170 ὁ
1467 2144 1578 2181 Πέτρος·
1597 2156 1610 2169 ι(
1628 2144 1744 2174 [loquich
1774 2144 1900 2181 ἁμαρτή-

1073 2196 1112 2213 σει
1130 2186 1168 2218 είς
1184 2186 1233 2223 ἐμὲ
1247 2187 1261 2214 ὁ
1275 2186 1392 2226 ἀδελφός
1409 2197 1480 2223 μου;
1499 2199 1512 2212 ››
1530 2185 1678 2224 Παραϐολή
1694 2190 1742 2215 τοῦ
1756 2188 1790 2215 τὰ
1815 2187 1901 2225 μύρια

1074 2229 1232 2270 ὀφείλοντος
1259 2230 1386 2259 τάλαντα.
1403 2231 1502 2259 Ἦλθεν
1533 2232 1570 2262 εἲς
1599 2232 1649 2267 τήν
1667 2231 1808 2261 Ἰουδαίαν,
1826 2233 1900 2264 ’Κθε-

1073 2275 1188 2311 ράπευσε
1203 2274 1338 2307 πολλούς.
1355 2275 1487 2304 Ἐπέλυσι
1509 2276 1541 2303 τὸ
1568 2278 1617 2303 τοῦ
1642 2276 1817 2305 ἀποστασίου.
1834 2277 1901 2315 Περὶ

1071 2318 1174 2356 τρόπου
1203 2319 1385 2357 εὐνουχισμοῦ
1406 2318 1571 2357 διαλέγεται.
1588 2320 1705 2358 Εὐλογεῖ
1731 2320 1765 2348 τὰ
1791 2320 1899 2350 παιδία.

1074 2363 1260 2401 Προσέρχεται
1288 2364 1302 2391 ὁ
1329 2363 1478 2395 πλούσιος.
1508 2365 1662 2401 Ἐρωτῶσιν
1700 2365 1727 2392 οἱ
1766 2365 1900 2401 μαθηταί,

1073 2420 1087 2433 ‹‹
1103 2407 1147 2438 Τίς
1162 2406 1272 2435 δύναται
1297 2409 1430 2443 σωθῆναι;
1447 2420 1462 2435 ››
1476 2407 1542 2435 Τότε
1571 2408 1656 2446 λέγει·
1674 2421 1689 2435 ‹‹
1705 2409 1766 2436 Ἐπὶ
1793 2408 1900 2437 δώδεκα

1073 2451 1185 2489 θρόνους
1201 2452 1358 2487 καθήσεσθεο
1368 2464 1381 2478 ›)
1397 2451 1477 2487 xui,“
1492 2453 1540 2483 ‘0:
1555 2453 1656 2491 ἀφῆκεν
1673 2452 1772 2487 οἰκίας,
1782 2466 1792 2479 ι
1810 2453 1901 2481 καὶτὰ

1072 2496 1144 2532 ἑξῆς.
1161 2495 1227 2523 Εἶτα
1254 2493 1399 2534 παραϐολὴ
1427 2498 1481 2524 τῶν
1512 2496 1642 2535 ἐργατῶν.
1669 2497 1718 2524 Καὶ
1746 2495 1898 2526 ἀναϐαίνων

1072 2540 1109 2571 εἰς
1124 2539 1312 2578 Ἰεροσόλυμα,
1329 2541 1387 2568 ιῖπι
1399 2543 1459 2572 τοῖς
1476 2544 1610 2577 μαθηταῖς
1624 2541 1686 2579 περὶ
1708 2544 1757 2569 τοῦ
1782 2543 1897 2574 θανάτου

1071 2584 1163 2613 αὐτοῦ.
1178 2585 1209 2612 ‘II
1231 2585 1299 2622 γυνὴ
1320 2582 1463 2612 Ζεϐεδαίου
1486 2585 1558 2621 ἀξιοῖ
1583 2586 1649 2623 ὑπὶρ
1671 2588 1724 2613 τῶν
1744 2586 1809 2613 υἱῶν
1835 2587 1897 2625 περὶ

1071 2628 1225 2666 πρωτείων.
1251 2629 1284 2657 Οἱ
1312 2629 1461 2657 ἀπόστολοι
1492 2629 1618 2664 ζηλοῦσι,
1646 2630 1691 2657 καὶ
1723 2630 1897 2659 παιδεύονται

1071 2672 1270 2711 Θεραπιύονται
1297 2674 1322 2701 οἱ
1348 2672 1396 2701 δύο
1419 2673 1518 2713 τυφλοὶ
1533 2674 1560 2710 έξ
1574 2675 1765 2713 Ἱεριχοῦντος.
1781 2675 1848 2703 Εἶτα
1866 2676 1899 2703 τὰ

225 2793 248 2811 ⁸⁸
263 2792 366 2822 Matth.
381 2800 443 2825 xm,
458 2792 504 2819 57.
522 2791 564 2827 _"
579 2790 681 2827 Matth.
697 2798 779 2825 xvm,
795 2791 823 2818 6.
861 2790 884 2809 ⁵⁸
898 2790 970 2819 ibid.
986 2791 1014 2819 8.

1072 2790 1158 2819 ’ibid.
1175 2791 1219 2819 10.
1257 2791 1280 2809 ⁶⁰
1295 2791 1399 2820 Matth.
1414 2792 1543 2827 xvm,15.
1580 2793 1601 2810 ⁶¹
1618 2792 1691 2821 ibid.
1705 2793 1749 2821 49.
1788 2793 1813 2812 ⁸³
1827 2793 1897 2823 ibid.

189 2829 234 2858 21.
273 2828 296 2847 ⁸³
311 2828 413 2856 Matth.
430 2835 489 2861 xxx,
502 2825 550 2861 25,
565 2826 609 2854 28.
