2043 3111
124 150 187 182 389
679 145 867 178 SYNOPSIS
890 143 1123 176 SCRIPTUHE
1145 147 1292 177 SAGRIE.
1772 153 1833 183 390

126 214 197 241 κατᾶ
208 215 256 241 τὸν
269 212 342 242 ὄνον.
359 212 519 251 Εῗσὲρχεται
533 213 571 244 είς
585 212 617 240 τὸ
633 212 716 249 ἱερὸν,
732 209 860 239 ἐκϐάλλει
887 211 951 242 τοὺς
966 237 970 242 ,

1028 211 1220 247 erosolymam
1235 213 1353 241 arefacit
1368 213 1468 247 ﬁcum,
1496 214 1624 250 dicitque
1653 216 1807 252 discipulis
1824 226 1830 245 :

128 260 301 293 πωλοῦντας,
330 259 469 297 θεραπεύει
496 260 560 291 τοὺς
593 258 802 295 προσελθόντας.
833 258 898 285 Εἶτα
925 258 960 285 τὰ

130 303 229 332 παιδία
253 304 341 340 ὑμνεῖ.
368 304 522 341 Ἐξὲρχεται
552 303 589 334 εἷς
616 302 755 341 βηθανίαν,
779 302 824 330 καὶ
847 302 958 339 ἐπανερ-

132 349 254 387 χόμενος
269 348 306 379 εἷς
321 348 509 384 Ἱεροσόλυμα,
525 347 643 385 ξηραίνει
664 348 713 382 τήν
736 350 831 382 συκῆν,
847 346 892 374 καὶ
917 346 961 374 λε-

132 404 175 430 γει
192 396 251 424 τοῖς
267 393 411 429 μαθηταῖς·
428 404 441 418 (ι
459 391 513 421 Κᾶν
528 394 568 427 τῷ
582 389 638 429 ὄρει
651 392 743 428 τούτῳ
767 390 870 427 εἴπητε,
887 390 960 426 Βλή-

132 439 196 473 θητι
221 438 259 468 εἰς
279 437 328 471 τὴν
346 436 492 470 θάλασσαν,
508 437 657 473 γενήσεται,
673 436 718 463 καὶ
734 436 749 463 ’ὀ
764 436 808 463 ἐὰν
831 436 962 471 αῑτήσητε

133 481 319 515 πιστεύοντες,
339 479 501 517 λήψεσθε.»
530 482 680 518 Ἐρωτῶσιν
710 481 736 508 οἱ
764 481 856 517 ἱερεῖς’
874 492 889 507 ‹‹
916 483 959 507 Ἐν

133 526 201 561 ποίᾳ
227 525 335 561 ἐξουσίᾳ
362 527 445 552 ταῦτα
471 528 578 559 aonie;
604 537 618 551 ››
647 525 795 561 ’Δντερωτᾷ
822 525 884 562 πιρὶ
912 526 960 552 τοῦ

134 570 325 608 βαπτίσματος
341 570 479 598 Ἰωάννου.
495 569 572 607 Λέγει
600 569 693 600 αὐτοῖς
722 570 772 603 τήν
799 566 959 607 παραϐολὴν

132 616 182 649 τήν
198 617 254 642 τῶν
271 612 319 641 δύο
334 614 412 647 υἱῶν,
430 613 486 640 εἶτα
506 614 540 640 τὰ
565 616 614 641 τοῦ
643 613 805 650 ἀμπελῶνος
833 614 877 641 καὶ
906 616 960 640 τῶν

133 661 265 696 πονηρῶν
281 658 411 696 ἐργατῶν·
428 658 485 685 εἶτα
498 658 531 685 τὰ
553 660 602 685 τοῦ
625 658 726 695 γάμου,
742 658 787 686 καὶ
807 660 862 686 τῶν
892 657 961 697 φαύ-

134 704 192 731 λων
208 702 355 740 κλητόρων
372 703 451 738 (30’).
464 701 530 730 Τότε
545 702 630 737 ἦλθον
647 703 673 730 οἱ
688 701 816 731 Ἰουδαῖοι
832 701 962 740 παγιδεῦ-

136 758 180 775 σαι
195 747 277 775 αὐτὸν
306 746 331 774 ἐν
363 746 449 785 λόγῳ.
477 746 525 774 Καὶ
549 746 575 774 τί
602 747 635 774 τὸ
662 746 795 783 νόμισμα.
812 747 964 784 Ἐρωτῶσιν

137 793 162 819 οἱ
179 790 362 819 Σαδδουκαῖοι
377 791 440 828 περί
454 792 504 824 τῆς
521 790 693 828 γαμηθείσης
716 794 774 822 τοῖς
795 791 863 818 ἑπτὰ.
885 789 964 818 ἀδελ-

137 839 211 875 φοῖς·
242 835 301 863 εἶτα
329 836 344 862 ὸ
371 834 496 871 νομικός⁸
525 834 593 862 Ποία
621 834 717 869 ἐντολή
747 836 842 873 πρώτη
866 845 873 870 ;
901 835 967 863 Εἶτα

1014 255 1098 283 «Etsi
1113 256 1204 283 monti
1216 256 1265 284 isti
1277 257 1418 291 dixeritis,
1433 258 1541 294 projice
1553 262 1581 287 te
1590 259 1620 287 in
1631 268 1722 294 mare,
1733 261 1792 295 ﬁet,
1806 264 1834 289 et

1014 299 1156 335 quidquid
1172 301 1322 329 credentes
1337 302 1491 338 petieritis,
1507 303 1655 339 accipietis
1670 305 1701 330 ".
1714 316 1728 329 n
1743 306 1835 332 Inter-

1015 347 1118 380 rogant
1132 353 1199 372 eum
1215 346 1389 382 sacerdotes,
1405 347 1552 375 dicentes:
1569 359 1583 373 «
1601 349 1632 376 In
1648 357 1708 384 qua
1736 351 1835 385 potes-

1015 390 1073 416 tate
1089 388 1145 416 ista
1160 389 1231 417 facis
1246 390 1289 417 "P
1304 401 1318 414 »ι
1336 392 1368 417 Et
1382 391 1445 427 ipse
1459 391 1589 420 vicissim
1606 401 1656 421 eos
1677 394 1838 430 interrogat

1015 432 1051 460 de
1064 433 1212 468 baptismo
1227 434 1358 462 Joannis.
1372 435 1446 462 Dicit
1460 435 1519 463 illis
1535 437 1702 471 parabolam
1713 438 1748 465 de
1763 438 1836 465 duo-

1014 478 1071 505 bus
1087 477 1156 505 ﬁliis
1172 480 1241 514 (cap.
1257 479 1326 514 XXI!)
1340 488 1347 512 ;
1360 479 1464 507 deinde
1480 480 1514 507 de
1530 481 1613 508 vinea
1626 484 1655 509 et
1670 482 1755 510 malis
1766 491 1836 518 ope-
1868 475 1871 481 ’

1015 522 1110 557 rariis,
1127 522 1163 549 de
1174 522 1284 558 nuptiis
1297 525 1326 551 et
1339 523 1375 550 de
1390 524 1520 559 reprobis
1535 526 1652 553 vocatis.
1680 527 1761 554 'l‘unc
1787 535 1837 554 ac-

1016 566 1124 594 cedunt
1137 566 1173 594 ad
1189 575 1256 594 eum
1271 567 1363 595 Judaei
1381 570 1411 595 ut
1426 567 1585 604 illaquesnt
1598 578 1665 598 eum
1681 571 1709 598 in
1726 579 1837 599 sermo-

1017 618 1064 644 ne,
1078 612 1106 638 et
1122 611 1157 638 de
1173 611 1351 638 numismate
1366 612 1562 640 sciscitantur.
1573 616 1757 651 lntsrrogant
1764 616 1838 643 Sad-

1016 655 1108 682 duco'ei
1125 655 1160 682 de
1176 655 1297 683 muliere
1311 659 1422 691 septem
1439 657 1578 685 fratribus
1594 661 1696 694 nupta.
1712 660 1785 687 Tum
1798 660 1839 687 le-

1017 698 1062 734 gis
1078 698 1199 734 peritus,
1215 699 1251 726 de
1266 700 1359 735 primo
1375 699 1447 736 legis
1464 702 1724 731 mandato.Deinde
1733 712 1782 732 eos
1792 703 1839 732 in-

1018 744 1146 778 terrogat
1157 751 1163 769 :
1176 754 1190 767 «
1203 743 1275 774 Quid
1285 743 1368 771 vobis
1392 744 1504 772 videtur
1523 746 1558 774 de
1575 746 1737 775 Christo?»
1761 747 1838 784 (Cap.

1019 795 1088 820 XXII,
1107 787 1186 822 xm.)
1206 787 1256 815 His
1272 788 1321 815 ubi
1333 796 1364 815 os
1375 788 1684 826 obturasset,loquitur
1694 792 1789 820 turbis
1804 793 1840 821 de

1020 831 1131 859 Scribis
1145 835 1173 859 et
1186 832 1338 860 Pharisaais
1348 833 1422 868 (cap.
1434 834 1526 869 XXIII),
1540 835 1662 863 miseros
1670 836 1770 864 dicens
1779 845 1840 865 eos.

138 881 228 918 ἐρωτᾷ
256 879 354 910 αὐτοὺς
381 880 495 914 Ἰησοῦς·
525 891 538 905 ι(
562 879 592 906 Τί
620 879 684 915 ὑμῖν
728 878 802 907 δοκεῖ
828 879 890 918 περὶ
917 881 967 907 τοῦ

1027 876 1125 904 Postea
1136 884 1273 912 egressus
1289 886 1323 905 ex
1335 878 1444 914 templo
1460 880 1591 908 ascendit
1601 881 1629 908 in
1643 884 1773 909 montem
1784 882 1842 910 01i-

138 926 276 963 XpLa-roﬁ;
295 936 309 949 »ι
337 925 382 955 Ὡς
410 922 440 951 δὲ
467 923 711 960 ἔπιστομίσθησαν,
727 922 879 962 διαλέγεται
906 926 965 954 τοῖς

141 968 241 1008 ὄχλοις
257 968 319 1006 περὶ
334 970 387 995 τῶν
404 966 588 1005 Γραμμτὲων
604 967 649 995 καὶ
672 967 839 1005 Φαρισαίων,
855 967 966 995 ταλανί-

139 1018 193 1049 ζων
220 1013 332 1044 αὐτούς.
363 1012 429 1041 Εἶτα
453 1011 482 1040 ἐκ
509 1014 558 1039 τοῦ
586 1012 661 1050 ἱεροῦ
689 1012 829 1050 ἀνέρχεται
855 1012 892 1043 εἲς
921 1012 966 1039 τὸν

137 1059 271 1093 ὲλαιῶνα,
286 1057 333 1085 καὶ
349 1055 501 1094 διαλέγεται
515 1058 574 1086 τοῖς
600 1059 734 1092 μαθηταῖς
759 1056 820 1093 περὶ
851 1056 967 1093 μελλόν-

136 1114 205 1131 των,
237 1102 302 1130 Εἶτα
330 1102 348 1136 ἠ
375 1098 521 1136 παραϐολὴ
548 1100 596 1128 τοῦ
624 1101 833 1131 κατασταθέντος
868 1100 968 1128 δούλου

137 1147 252 1181 Erl-:1]:
268 1145 366 1181 οἰκίας,
382 1145 426 1172 καὶ
450 1146 469 1180 ἡ
488 1147 542 1172 τῶν
569 1144 633 1173 δέκα
660 1146 809 1183 παρθένων,
825 1145 870 1173 καὶ
884 1146 902 1180 ἡ
916 1148 970 1173 τῶν

136 1192 219 1219 πέντε
231 1189 386 1223 ταλάντων,
402 1190 446 1217 καὶ
462 1191 480 1224 ἠ
494 1191 549 1217 τῶν
566 1189 677 1228 ἐρίφων,
691 1190 736 1217 καί
754 1191 772 1225 ἡ
788 1192 842 1217 τῶν
866 1187 969 1227 προϐά-

136 1247 205 1264 των.
238 1234 408 1272 Συνάγονται
438 1234 464 1261 οἱ
493 1233 630 1272 ἀρχιερεῖς
668 1235 714 1261 καὶ
742 1235 768 1261 οἱ
797 1236 971 1272 Γραμματεῖς

138 1280 237 1308 πιάσαι
254 1279 335 1307 αὐτόν
346 1282 374 1306 Ὁ
394 1277 423 1306 δὲ
437 1277 520 1313 ἦλθεν
537 1277 575 1309 εἷς
591 1278 718 1314 Σίμωνος
732 1279 818 1306 οἰκίαν
834 1279 871 1310 εἷς
888 1280 972 1314 Βηθα-

139 1324 213 1358 νίαν,
230 1323 296 1355 ἔνθα
311 1325 329 1358 ἡ
345 1324 376 1351 τὸ
387 1320 556 1361 ἀλάϐαστρον
573 1321 699 1361 [ἔχουσα]
713 1322 833 1361 ἔρχεται.
850 1323 972 1351 Συντίθε-

140 1379 187 1397 ται
203 1370 218 1396 ὁ
227 1367 335 1398 Ἰούδας
349 1370 406 1398 τοῖς
414 1366 567 1398 Ἰουδαίοις.
576 1367 803 1396 Ἀποστὲλλονται
812 1368 838 1395 οἱ
849 1368 972 1403 Μαθηταὶ

144 1412 292 1449 ἑτοιμάσαι
314 1411 346 1439 τὸ
371 1412 475 1449 Πάσχα.
493 1411 618 1449 Ἐλὲγχει
638 1412 685 1439 τὸν
699 1411 800 1440 Ἰούδαν
817 1413 831 1440 ὁ
846 1412 973 1450 Χριστός.

144 1455 325 1494 Παραδίδωσι
348 1456 380 1482 τὸ
410 1457 569 1494 μυστήριον,
589 1455 652 1483 ἔνθα
667 1455 751 1494 λέγει·
766 1469 780 1483 ‹‹
796 1456 835 1485 Ού
852 1457 889 1493 μή
918 1456 973 1483 πίω

146 1503 177 1530 ἐκ
191 1503 242 1536 τῆς
258 1500 387 1538 ἀμπέλου
400 1501 511 1536 ταύτης.
529 1513 544 1527 ››
561 1501 714 1539 Ἑξέρχεται
731 1501 769 1533 είς
782 1502 828 1529 τὸν
844 1502 972 1530 ἐλαιῶνα.

146 1546 296 1584 Προλέγει,
313 1545 354 1573 ὅτι
384 1544 654 1581 σκανδαλισθήσονται
682 1547 708 1574 οἱ
739 1547 866 1583 μαθηταί.
882 1547 973 1586 ’Δφεὶς

145 1573 211 1622 Si):
249 1573 377 1627 μαδητὰς
413 1590 452 1620 εἰς
487 1573 658 1627 Γεθσημανῆ,
687 1573 1013 1629 καὶιπρόσευξάμενοςῦ

144 1635 250 1671 τρίτον,
274 1634 361 1672 λέγειν
390 1636 550 1672 «Ἄγωμεν
573 1634 703 1667 ἐντιῦθεν.
729 1647 743 1661 )ι
765 1635 865 1664 Ἦλθεν
880 1636 976 1664 ὁἹού-

146 1679 194 1711 δας
224 1679 295 1717 μετᾶ
319 1681 370 1706 τοῦ
397 1676 497 1716 ὄχλου,
511 1679 556 1706 καὶ
570 1679 665 1707 κόπτει
680 1680 695 1707 ὁ
711 1679 811 1717 Πὲτρος
836 1681 867 1708 τὸ
895 1680 976 1708 ὠτίον

144 1727 194 1752 τοῦ
238 1722 398 1761 παιδαρίου.
428 1724 547 1761 Ἥγαγον
590 1724 694 1757 Ἰησοῦν
735 1725 803 1762 πρὸς
846 1726 978 1764 Καϊάφαν,

148 1769 258 1805 ἔκριναν
287 1767 380 1802 αὐτὸν,
408 1768 453 1795 καὶ
479 1767 665 1804 κατεδίκασαν,
694 1769 739 1796 καὶ
778 1768 925 1804 ἐνέπαιξαν.
950 1770 979 1796 Ὃ

150 1813 254 1850 Πέτρος
268 1813 401 1850 ἀρνεῖται.
416 1813 534 1851 Ἀγουσι
558 1813 604 1840 τὸν
625 1814 731 1847 Ίῇσοῦν
756 1813 824 1851 πρὸς
849 1813 977 1843 Πιλᾶτον.

149 1858 320 1895 Ἀπάῃμται
352 1855 464 1887 ἰδύδας.
495 1856 618 1895 Κρίνεται
651 1858 665 1884 ὁ
693 1858 819 1896 Χριστός.
849 1859 881 1886 Ἡ
910 1859 978 1896 γυνὴ

149 1905 196 1929 τοῦ
213 1901 338 1929 Πιλάτου
353 1898 532 1937 συμϐουλεύει
550 1901 622 1937 αὐτῷ
649 1902 799 1937 ἀποστῆναι
814 1905 863 1930 τοῦ
878 1903 978 1938 Ἰησοῦ.

151 1948 218 1974 Εἶτα
239 1947 413 1984 σταυροῦται.
431 1945 604 1981 Εἰστήκεισαν
634 1946 662 1974 αἱ
689 1946 752 1984 περὶ
780 1946 885 1983 Μαρίαν
911 1948 978 1975 θεω-

152 1993 246 2028 ροῦσαι
264 1989 397 2027 μακρόθεν
413 1990 446 2017 τὰ
459 1989 597 2027 γινόμενα.
614 1988 753 2027 Λαμϐάνει
777 1992 808 2019 τὸ
829 1994 908 2029 σῶμα
932 1994 980 2020 τοῦ

152 2035 252 2073 Κυρίου
278 2034 390 2072 Ἰωσήφ.
406 2033 518 2062 Λῒτοῢσι
539 2034 589 2069 τὴν
616 2033 782 2063 κουστωδίαν
799 2036 825 2063 οἱ
841 2035 978 2066 Ἰουδαῖοι.

152 2080 183 2107 Δὶ
205 2079 270 2116 περί
298 2078 405 2116 Μαρίαν
431 2077 517 2113 ἦλθον
545 2078 657 2117 ἑσπέρας
686 2079 724 2111 εἲς
752 2080 798 2107 τὸν
822 2082 979 2120 τάφον,καὶ

152 2124 262 2160 sust
292 2122 413 2160 ἐγένετο.
442 2123 576 2151 Ἤκουσαν
606 2124 679 2161 παρὰ
703 2126 752 2152 τοῦ
781 2124 907 2163 ἆγγέλου,
937 2125 979 2154 ὅτι

153 2168 260 2203 ἀνίστη.
278 2167 437 2204 Πέμπονται
466 2167 518 2195 ὑπὸ
545 2169 594 2195 τοῦ
609 2170 726 2204 Χριστοῦ
740 2169 808 2207 ⁸πρὸς
836 2169 899 2202 τοὺς
928 2181 978 2207 μα-

155 2212 248 2248 θητάς.
263 2213 401 2240 Ἤκουσαν
425 2212 452 2239 οἱ
476 2210 604 2240 Ἰουδαῖοι
633 2213 696 2251 περὶ
724 2216 773 2241 τοῦ
801 2217 914 2251 σεισμοῦ
935 2215 979 2243 καὶ

1021 928 1134 952 verum.
1150 922 1290 956 atqueibi
1307 922 1343 949 de
1372 923 1458 951 rebus
1484 924 1592 953 futuris
1620 926 1654 953 ad
1684 926 1843 962 discipulos

1022 964 1140 993 disserit
1154 966 1222 1000 (cap.
1238 968 1327 1000 xxxv).
1346 967 1452 995 Deinde
1468 969 1637 1004 parabolam
1666 970 1785 1006 subjicit
1808 971 1843 999 de

1023 1017 1105 1037 servo
1116 1018 1206 1045 supra
1214 1011 1334 1038 domum
1346 1012 1503 1040 canstituto
1514 1013 1583 1049 (cap.
1600 1015 1676 1050 xxv),
1689 1016 1782 1051 deque
1792 1016 1844 1044 de—

1024 1060 1086 1080 cem
1102 1052 1276 1089 virginibus,
1292 1054 1327 1081 de
1342 1055 1419 1082 ’188
1449 1056 1579 1092 quinque
1608 1057 1725 1086 talentis
1753 1061 1781 1086 et
1810 1060 1845 1087 de

1025 1097 1119 1125 haedis
1135 1105 1167 1124 ac
1183 1097 1295 1126 ovibus.
1312 1099 1531 1135 Congregantur
1543 1101 1689 1138 principes
1708 1103 1846 1131 Sacerdo-

1025 1144 1089 1170 tum
1104 1145 1133 1170 et
1157 1142 1275 1178 Scribe,
1305 1145 1506 1174 consultantes
1536 1148 1682 1183 quomodo
1711 1152 1849 1184 caperent

1026 1194 1093 1214 eum
1110 1187 1180 1222 (cap.
1197 1189 1282 1223 xxvx).
1299 1188 1362 1224 Ipse
1376 1197 1442 1217 vero
1458 1190 1626 1219 Bethaniam
1642 1193 1720 1220 venit
1736 1193 1765 1220 in
1795 1194 1847 1221 do-

1027 1239 1108 1259 mum
1119 1232 1311 1265 Simonis,ubi
1322 1233 1357 1260 ad
1370 1241 1436 1261 eum
1451 1235 1572 1269 accedit,
1590 1244 1653 1271 qua;
1664 1236 1846 1265 alabastrum

1028 1275 1163 1304 habebat.
1180 1276 1356 1305 Pascisciiur
1366 1277 1458 1306 Judas
1469 1286 1535 1306 cum
1552 1279 1674 1307 Judaais.
1691 1281 1849 1309 Mittuntur

1029 1319 1165 1356 discipuli
1180 1322 1215 1349 nd
1231 1322 1394 1357 parandum
1413 1322 1534 1351 Pascha.
1564 1324 1715 1353 Convinoit
1742 1326 1848 1353 ludam

1029 1365 1173 1394 Christus.
1191 1366 1293 1394 Tradit
1307 1367 1497 1403 mysterium:
1525 1371 1625 1403 postea
1649 1370 1736 1397 dicit:
1755 1382 1769 1394 «
1786 1371 1847 1398 Non

1029 1410 1125 1438 bibam
1141 1410 1270 1447 amplius
1285 1420 1319 1439 ex
1335 1411 1388 1439 hac
1403 1412 1460 1439 vite
1473 1413 1505 1439 σε.
1530 1424 1543 1437 ››
1559 1413 1714 1449 Egreditur
1724 1414 1753 1441 in
1766 1423 1848 1442 mon-

1029 1457 1087 1482 tem
1103 1454 1259 1483 Olivarum.
1273 1456 1407 1483 Praedicit
1420 1456 1626 1485 oﬂ‘endiculum
1647 1466 1787 1494 passuros
1804 1460 1849 1486 di-

1029 1500 1167 1536 scipulos.
1184 1500 1333 1536 Relinquit
1356 1501 1516 1538 discipulos
1533 1503 1562 1530 in
1592 1503 1795 1538 Gethsemane,
1812 1509 1850 1537 et,

1031 1548 1187 1581 postquam
1203 1546 1287 1574 tertio
1303 1549 1424 1581 orasset,
1440 1558 1454 1571 ‹‹
1471 1547 1579 1575 Eamus
1594 1547 1663 1576 hinc
1672 1548 1705 1577 ⁸⁷.
1721 1559 1735 1573 »ι
1766 1549 1853 1577 Venit

1030 1590 1122 1618 Judas
1138 1598 1205 1618 cum
1218 1590 1324 1618 turba:
1341 1593 1444 1618 Petrus
1460 1594 1594 1627 amputat
1608 1593 1770 1621 auriculam
1795 1603 1854 1622 ser-

1031 1634 1102 1662 vuli.
1119 1634 1236 1662 Ducunt
1249 1635 1347 1663 Iesum
1363 1635 1399 1662 ad
1415 1635 1564 1671 Csipham.
1578 1636 1716 1665 Judicant
1730 1646 1798 1666 eum
1826 1641 1855 1666 et

1034 1679 1240 1714 condemnant,
1256 1681 1285 1706 et
1298 1679 1430 1707 irrident.
1447 1679 1549 1708 Petrus
1565 1683 1661 1717 neget.
1679 1684 1794 1710 Ducunt
1806 1682 1854 1710 Je-

1034 1731 1099 1751 sum
1116 1723 1152 1750 ad
1168 1723 1294 1751 Pilatum
1312 1723 1382 1759 (cap.
1399 1725 1500 1758 xxvu).
1517 1725 1688 1762 Strangulat
1703 1734 1734 1754 se
1751 1727 1854 1756 Judas.

1032 1766 1187 1795 Judicatur
1200 1767 1344 1795 Christus.
1360 1767 1453 1796 Pilato
1469 1769 1597 1796 consulit
1625 1778 1698 1797 uxor
1723 1771 1798 1806 ejus,
1823 1773 1856 1799 ut

1034 1811 1179 1840 abstineat
1194 1820 1211 1839 a
1224 1812 1295 1839 Jesu
1309 1820 1315 1839 :
1331 1808 1434 1848 postei
1449 1812 1640 1849 cruciﬁgitur.
1652 1814 1737 1842 Stant
1753 1814 1855 1843 mulie-

1034 1863 1092 1888 res,
1107 1864 1172 1891 quaa
1187 1864 1253 1884 cum
1269 1857 1359 1884 Maria
1372 1858 1466 1892 erant,
1483 1859 1648 1893 spectantes
1662 1867 1679 1885 a
1693 1858 1856 1894 longe,quse

1035 1900 1146 1929 ﬁerent.
1161 1901 1271 1937 Corpus
1287 1901 1401 1928 Domini
1417 1901 1524 1937 accipit
1533 1902 1651 1937 Joseph.
1669 1904 1775 1930 Petunt
1789 1911 1855 1932 cus-

1034 1946 1145 1975 todiam
1159 1946 1263 1973 Judaei.
1279 1945 1426 1981 Mulieres,
1442 1954 1505 1981 quas
1520 1954 1589 1974 eum
1604 1947 1695 1974 Maria
1705 1950 1789 1976 erant
1798 1957 1859 1976 ves-

1035 1999 1103 2028 pere
1116 1991 1238 2019 veniunt
1252 1991 1288 2018 ad
1304 1990 1472 2026 sepulcrum
1487 1993 1558 2027 (cap.
1574 1992 1685 2028 xxvm),
1701 1995 1729 2020 et
1743 1992 1776 2020 ﬁt
1801 1996 1858 2021 ter-

1036 2046 1072 2065 ra!
1089 2038 1197 2071 motus,
1214 2035 1396 2071 sudiuntque
1407 2036 1443 2063 ab
1460 2036 1573 2072 angelo,
1591 2037 1667 2073 quod
1690 2046 1857 2066 resurrexe-

1035 2082 1082 2108 rit.
1100 2080 1290 2108 Mittuntura
1317 2079 1432 2107 Christo
1461 2079 1495 2106 ad
1525 2080 1697 2116 discipulos.
1727 2081 1859 2110 Audiunt

1033 2125 1127 2153 Judaei
1143 2125 1178 2152 de
1193 2126 1278 2151 terris
1293 2126 1373 2151 motu
1388 2125 1416 2151 et
1431 2124 1654 2157 resurrectione,
1667 2126 1796 2161 dantque
1808 2134 1857 2162 pe-

1033 2169 1153 2197 cuniam
1166 2168 1349 2202 custodibus,
1366 2169 1591 2196 utmentiantur.
1615 2168 1743 2197 Veniunt
1771 2169 1859 2198 disci~

1035 2213 1096 2251 puli
1111 2213 1147 2241 ad
1160 2213 1262 2241 Jesnm
1290 2213 1321 2240 in
1346 2212 1506 2241 Galilaeam.
1536 2213 1639 2241 Tradit
1663 2214 1723 2242 illis
1748 2215 1858 2250 baptis-

155 2260 204 2291 τῆς
217 2258 401 2291 ἀναστάσεως,
417 2256 462 2284 καὶ
491 2255 593 2284 ἔδωκαν
622 2258 754 2295 χρήματα
767 2261 826 2290 τοῖς
856 2259 979 2298 φύλαξιν,
994 2255 1020 2289 D
1036 2270 1128 2290 mum.

152 2300 200 2328 ’ἱνα
237 2301 404 2339 ψεύσωνται.
434 2300 534 2329 Ἦλθον
573 2301 600 2328 οἱ
644 2303 761 2338 μαθηταὶ
798 2304 866 2340 πρὸς
906 2306 953 2333 τὸν
995 2307 1101 2343 Ἰησοῦν
1142 2303 1181 2335 εἷς
1221 2303 1271 2338 τὴν
1309 2301 1467 2330 Γαλιλαίαν.
1497 2300 1683 2340 Παραδίδωσιν
1713 2302 1805 2334 αὐτοῖς
1826 2303 1859 2330 τὸ

159 2346 308 2383 βάπτισμα.

289 2396 402 2426 Βιϐλίον
414 2399 449 2437 β’,
464 2399 538 2426 Κατὰ
551 2398 662 2437 Μάρκον
676 2401 846 2439 Εὑαγγέλιον

196 2452 235 2481 48.
262 2452 394 2487 Ἰωάννης
425 2451 548 2490 βαπτίζει
575 2451 640 2484 τοὺς
668 2452 825 2486 Ἰουδαίους,
852 2455 981 2494 Ἔρχεται

157 2495 211 2524 im)
236 2496 362 2535 Ναζαρὲφ
378 2496 392 2524 ὃ
408 2497 535 2534 Χριστὸς,
566 2494 727 2534 ἐϐαπτίσθη,
753 2499 798 2526 καὶ
826 2498 912 2534 ἦλθεν
942 2501 981 2533 εἷς

155 2540 208 2573 τὴν
232 2540 337 2579 ἔρημον
368 2545 557 2579 πιιρασθῆναι.
575 2541 642 2570 Εἶτα
671 2542 709 2574 εἰς
737 2543 787 2578 τὴν
819 2542 981 2580 Γαλιλαίαν,

158 2584 505 2621 πραδοθᾶντοςΊωάννου,
526 2586 571 2613 καὶ
595 2584 672 2614 καλιι
699 2586 763 2619 τοὺς
788 2588 850 2626 περὶ
880 2589 981 2627 Πὲτρον

157 2628 206 2655 καὶ
231 2627 370 2658 Ἰάκωϐον.
387 2629 547 2668 Εἰσὲρχεται
576 2629 613 2662 sic
644 2632 832 2669 Καπερναοὺμ,
851 2631 981 2669 διδάσκει,

1125 2403 1208 2432 Liber
1221 2404 1256 2437 II,
1273 2402 1458 2439 Evangelium
1471 2402 1619 2430 secundum
1635 2405 1771 2431 Marcum.

1073 2458 1117 2486 48.
1131 2459 1260 2485 Joannes
1276 2455 1406 2492 baptizat
1430 2455 1546 2483 Judaeos
1575 2458 1647 2492 (cap.
1670 2457 1701 2492 ι).
1727 2456 1861 2485 Christus

1036 2501 1118 2529 venit
1132 2509 1149 2528 a
1164 2499 1319 2534 Nazareth,
1335 2499 1513 2535 baptizatur,
1530 2502 1558 2527 et
1573 2499 1633 2527 abit
1646 2499 1676 2527 in
1701 2500 1860 2534 desertum,

1038 2548 1071 2573 ut
1086 2547 1224 2573 tentetur.
1240 2544 1343 2572 Postea
1358 2551 1437 2577 vero,
1454 2544 1560 2572 tradito
1574 2544 1697 2578 Joanne,
1727 2545 1805 2573 venit
1832 2545 1861 2573 in

1036 2589 1196 2622 Galilaeam,
1212 2590 1241 2616 et
1255 2590 1338 2615 vocat
1354 2588 1470 2615 Petrum
1499 2596 1565 2615 cum
1595 2589 1694 2623 fratre,
1719 2589 1861 2617 Jacobum

1037 2634 1107 2662 item
1122 2641 1190 2661 cum
1202 2633 1303 2661 fratre.
1318 2632 1485 2668 Ingreditur
1508 2632 1691 2668 Capernaum
1720 2634 1792 2669 (cap.
1817 2633 1860 2668 ιι),

205 2727 338 2756 “Matth.
354 2728 471 2763 m,22.
508 2728 617 2757 “ibid.
632 2728 677 2757 23.
715 2729 856 2759 “Matth.
871 2733 970 2766 mm

1046 2732 1068 2750 ⁸⁷
1083 2731 1156 2760 ibid.
1174 2731 1219 2760 46.

209 2792 270 2829 (30-)
283 2795 305 2829 ί.
319 2792 440 2828 κλητῶν.
