2043 3111
174 169 230 199 391

768 166 799 195 S.
823 162 1085 195 A’l‘HANASIUS.
1101 180 1140 186 —
1153 165 1286 197 DUBIA.

177 234 271 266 docet,
287 236 365 260 curat
376 232 415 260 ibi
427 232 650 267 daemoniacum,
661 233 727 267 post
747 231 824 258 hunc
839 229 924 258 etiam
949 237 981 256 so

1052 229 1191 266 θεραπεύει
1218 231 1262 257 τὸν
1288 230 1514 268 δαιμονιζόμενον
1539 232 1603 267 ἐκεῖ,
1630 232 1687 260 εἶτα
1708 233 1758 267 τὴν
1785 239 1879 265 πενθε-

178 286 260 305 crum
268 277 341 304 Petri
347 280 385 311 ,et
392 276 500 304 multos
509 276 581 304 alios
587 276 699 312 vesperi
706 274 957 311 sanat.Egreditur
966 273 995 300 in

177 321 375 350 solitudinem.
388 321 497 349 Circuit
509 321 758 349 Galilaeamﬂurat
771 320 930 355 leprosum.
944 318 995 345 Ve-

175 367 219 394 nit
234 366 415 401 Capernaum
433 367 502 401 (cap.
520 365 561 401 11).
589 368 678 392 Sanat
692 363 897 401 paralyticum,
913 363 997 390 docet

174 413 301 439 turbam.
318 410 408 437 Vocat
423 410 488 437 Levi
506 410 598 437 filium
614 409 738 445 Alpbozi,
756 409 914 436 manducet
926 414 993 434 cum

173 455 347 490 publicanis.
365 457 513 482 Accusant
527 463 594 482 eum
624 455 678 482 hoc
704 454 820 481 nomine
844 451 992 480 Pharisaei.

174 500 313 531 Qumrunt
327 499 362 526 de
373 499 486 533 jejunio
515 499 651 534 discipuli
674 498 816 526 Joannis:
841 497 903 533 ipse
927 503 993 523 vero

173 544 333 580 discipulos
349 543 487 572 defendit.
504 544 622 571 Transii.
637 552 688 579 per
714 546 787 571 sata.
813 543 899 570 Curat
924 549 991 569 eum

173 589 222 624 qui
249 596 369 616 manum
386 588 510 615 habebat
533 588 644 615 aridam
667 588 737 623 (cap.
755 588 808 623 ιιι).
825 586 940 614 Secedit
955 585 991 612 ad

172 641 262 660 mare.
275 632 412 668 Sequitur
422 640 488 659 eum
507 632 663 659 multitudo
680 639 797 667 magna.
811 631 993 658 Conﬁtentur

169 677 326 704 daemones.
342 677 466 703 Advocet
481 676 516 703 ad
533 684 563 703 se
579 675 733 703 duodecim
763 674 934 710 discipulos,
958 677 991 702 ut

168 721 265 748 mittat
278 729 327 748 eos
338 720 538 756 praedicatum.
566 720 648 747 Tunc
671 719 763 747 Judaei
780 719 882 746 dicunt
895 727 901 745 :
928 728 943 743 «
958 718 989 745 In

167 764 569 800 Beelzebulcjicitldzemonia
579 764 611 791 ⁸⁸.
622 775 635 788 n
661 763 747 791 Venit
765 764 801 791 ad
817 771 882 790 eum
898 763 991 790 Mater

168 810 243 845 ejus.
256 809 421 845 Ingreditur
432 809 527 836 navim
540 809 610 844 (cap.
624 808 673 843 iv),
691 807 856 844 parabolam
868 807 939 835 dicit
953 808 989 834 de

168 854 342 886 seminante.
360 854 427 881 item
445 853 479 881 de
495 861 575 889 agro,
591 855 620 880 et
634 853 670 880 de
686 852 792 888 sinapi.
805 853 989 887 Tempestate

1052 273 1098 310 ρὰν
1117 273 1228 312 Πέτρου,
1245 275 1288 302 καὶ
1304 275 1426 307 πολλοὺς
1443 276 1468 304 έν
1489 279 1522 313 τῇ
1546 277 1645 314 ἑσπέρᾳ
1669 276 1751 311 ίᾶται,
1768 277 1876 312 έξῆλθει

1051 317 1090 348 είς
1108 319 1158 352 τήν
1184 317 1298 355 ἔρημον,
1324 324 1438 358 περιῆγε
1471 322 1520 355 τήν
1544 320 1703 348 Γαλιλαίαν.
1731 322 1878 355 Θεραπεύει

1049 361 1094 389 τὸν
1126 362 1237 401 λεπρόν.
1264 366 1393 402 Ἔρχεται
1425 365 1464 396 εἱς
1498 365 1689 403 Καπερναοῦμ,
1714 366 1795 394 Ἰἆται
1829 366 1876 393 τὸν

1049 406 1244 443 παραλυτικὸν·
1270 407 1389 436 διδάσκει
1418 410 1463 437 τὸν
1489 407 1585 447 ὄχλον.
1618 409 1702 437 Καλεῖ
1727 410 1772 437 τὸν
1798 410 1878 438 Λευῒν

1048 450 1092 477 τὸν
1117 451 1260 490 Ἀλφαίου.
1278 453 1376 484 Ἐσθίει
1403 453 1469 489 μετά
1490 456 1545 481 τῶν
1569 454 1707 482 τελωνῶν.
1724 452 1879 491 Ἐγκαλοῦ-

1049 505 1089 521 σιν
1113 495 1139 522 οἱ
1166 499 1311 532 Φαρισαῖοι
1338 497 1403 535 ὑπὲρ
1427 497 1535 526 τούτου.
1553 498 1586 526 Οἱ
1613 498 1731 534 μαθηταὶ
1748 498 1876 526 Ἰωάννου

1049 539 1114 576 ὑπὲρ
1147 544 1196 575 τῆς
1232 540 1357 576 νηστείας
1396 542 1546 569 αἰτιῶνται’
1577 543 1591 569 ὁ
1621 541 1649 569 δὲ
1687 542 1874 579 ἀπολογεῖται.

1047 582 1188 621 Διέρχεται
1205 583 1249 612 διὰ
1264 588 1317 612 τῶν
1335 586 1488 624 σπορίμων.
1505 586 1649 624 Θεραπεύει
1664 587 1709 613 τὸν
1724 587 1774 620 τὴν
1792 586 1876 624 ξηρὰν

1046 630 1125 666 χεῖρα
1133 627 1425 668 [ἔχοντα].Ἀναχωρέῖ
1439 631 1508 668 πρὸς
1522 631 1571 665 τήν
1589 629 1876 658 θάλασσαν.²Ακολου-

1047 675 1088 704 θεῖ
1102 672 1175 709 αὖτῷ
1192 673 1298 708 πλῆθος
1307 674 1596 713 πολύ.⁴ομολογοῦσιν
1607 676 1634 702 οἳ
1645 673 1780 712 δαίμονες.
1788 678 1875 713 Προσ-

1044 716 1166 745 καλεῖται
1191 718 1253 749 τοὺς
1281 717 1396 754 δώδεκα,
1418 718 1465 746 ’ίνα
1490 719 1638 756 ἀποστείλῃ
1668 719 1776 750 αὐτούς.
1802 719 1875 748 Τότε

1045 759 1168 799 λέγουσιν
1193 763 1219 789 οἱ
1243 761 1379 791 Ἰουδαῖοι·
1397 775 1409 789 u
1429 764 1470 790 ’Ev
1492 761 1662 798 Βεελζεϐοὺλ
1686 761 1814 791 ἐκϐάλλει
1838 764 1874 792 τὰ

1044 804 1180 842 δαιμόνια.
1206 819 1219 832 ›)
1245 810 1374 845 Ἔρχεται
1395 809 1412 842 ὴ
1441 809 1539 845 Μήτηρ
1560 807 1655 835 ἀὐτοῦ
1679 808 1746 845 πρὸς
1776 807 1870 836 αὐτόν.

1043 848 1181 886 Ἐμϐαίνει
1212 851 1249 881 εἰς
1277 851 1307 879 τὸ
1336 852 1445 880 πλοῖον.
1463 852 1538 890 Λέγει
1563 853 1612 887 τὴν
1635 850 1795 890 παραϐολὴν
1820 854 1870 880 τοῦ

161 899 313 934 jactentur
325 898 459 934 discipuli
475 898 504 925 in
517 898 601 925 mari.
614 898 746 933 Increpat
757 896 983 925 marerristus.

1042 894 1210 932 σπείροντος,
1226 896 1274 930 τήν
1304 899 1352 923 τοῦ
1381 896 1477 934 ἀγροῦ,
1492 898 1542 931 τήν
1572 899 1620 924 τοῦ
1645 896 1787 927 σινάπεως.
1803 897 1870 925 Χει-

164 943 288 970 Curatur
303 942 499 970 demoniacus
516 941 546 969 in
562 944 639 969 terra
665 941 896 977 Gergesenorum
913 940 982 976 (cap.

163 987 200 1023 v).
215 987 295 1015 Porci
307 987 337 1014 in
348 995 429 1014 mare
439 986 601 1022 praecipites
612 986 728 1013 dantur.
750 985 941 1020 Trunsfretat,
956 987 986 1013 et

162 1031 259 1059 Jairus
275 1039 326 1066 pro
344 1030 403 1058 [ilia
418 1033 490 1058 orat.
508 1031 634 1058 Sanatur
648 1030 878 1058 hmmorrhousa.
901 1029 986 1057 Venit

161 1075 190 1102 in
203 1074 326 1110 patriam
340 1074 409 1110 (cap.
422 1074 714 1109 v1),scandalizantur
725 1082 814 1110 super
824 1073 900 1109 ipso.
918 1075 984 1100 Haec

163 1118 251 1146 dicit:
272 1130 281 1143 ι
301 1121 362 1146 Non
379 1121 423 1146 est
439 1118 582 1154 propheta
609 1118 720 1153 absque
743 1117 864 1150 honore,
880 1116 937 1144 nisi
953 1117 983 1144 in

164 1162 257 1197 patria
272 1170 325 1190 sua
339 1162 370 1189 ⁸⁸.
388 1173 402 1186 ››
424 1161 512 1189 Mittit
533 1161 694 1197 discipulos
720 1161 804 1188 binos
828 1169 861 1188 ac
886 1160 983 1193 binos,

163 1206 313 1242 multaque
327 1206 384 1234 illis
400 1207 531 1234 mandat.
548 1206 709 1241 Subjicitur
724 1205 846 1233 historia
869 1213 982 1237 eorum,

162 1258 224 1284 quae
238 1250 274 1277 ab
284 1250 396 1278 Herode
406 1252 471 1277 acta
485 1253 554 1277 sunt
565 1257 631 1276 cum
651 1249 775 1277 Joanne.
793 1249 928 1277 Redeunt
946 1249 981 1276 ad

161 1294 309 1321 Christum
324 1293 470 1330 discipuli.
489 1294 544 1321 Alit
559 1294 670 1321 turbas.
689 1294 811 1321 Advenit
826 1294 860 1321 ad
892 1293 980 1320 disci-

161 1338 247 1374 pulos
259 1338 575 1374 tempcstatejactatos.
590 1338 677 1365 Venit
692 1338 870 1366 Gennesaret
889 1340 918 1365 et
932 1346 983 1365 cu-

163 1386 208 1411 rat
223 1383 340 1411 multos.
359 1384 492 1419 Disputat
507 1384 542 1411 de
555 1383 690 1410 manibus
706 1382 797 1410 illotis
820 1383 891 1418 (cap.
921 1385 981 1417 vn).

163 1428 247 1456 Venit
261 1428 379 1465 Tyrum.
408 1430 498 1455 Sanat
525 1427 615 1455 ﬁliam
645 1427 883 1463 Syrophmnissaa,
913 1427 982 1454 item

160 1473 285 1500 surdum
302 1475 330 1500 et
345 1472 492 1508 impedita:
508 1471 624 1507 linguae.
637 1471 697 1498 Alit
708 1472 824 1499 turbam
838 1472 982 1507 (cnp.vm).

159 1517 281 1552 Signum
298 1518 401 1551 petunt
423 1515 527 1549 Judai,
545 1517 575 1543 at
589 1515 638 1542 ille
655 1515 770 1543 nullum
788 1516 847 1543 dat.
877 1515 981 1551 Loqui-

159 1563 208 1588 tur
219 1559 371 1595 discipulis
385 1560 421 1588 de
431 1560 572 1587 fermento
584 1559 841 1592 Pharisaeorum,et
851 1560 982 1595 increpat

161 1604 313 1632 eos.Curat
325 1612 430 1631 caecum
449 1603 620 1631 Bethsaidae.
637 1606 800 1639 lnterrogat
818 1604 856 1630 di:
867 1603 980 1639 cipulos

162 1648 197 1675 de
213 1649 309 1683 seipse
322 1656 328 1675 :
346 1648 448 1675 Petrus
463 1648 629 1680 confitetur,
644 1649 673 1674 et
688 1647 855 1683 increpatur
870 1648 979 1683 passio-

164 1692 210 1719 nis
221 1700 320 1719 causa.
333 1691 383 1719 Hic
396 1691 465 1719 dicit
477 1691 627 1719 Christus:
641 1702 655 1715 «ι
665 1691 696 1719 Si
715 1690 781 1727 quis
806 1691 868 1718 vult
885 1691 980 1719 venire

159 1739 226 1772 post
235 1743 281 1763 me
291 1736 322 1761 ⁷ο.
334 1748 344 1761 ι
358 1735 632 1769 Transﬁguraturin
646 1737 742 1762 monte
754 1735 980 1771 (cap.1x),loqui—

159 1783 208 1808 tur
219 1780 255 1808 de
270 1779 511 1807 Elia.Adducitur
525 1779 560 1807 ad
573 1787 639 1806 eum
652 1779 801 1807 lunaticus
811 1781 839 1806 et
850 1782 979 1807 curatur.

158 1823 291 1852 Praedicit
319 1823 475 1859 discipulis
505 1825 629 1851 mortem
658 1831 692 1850 ac
734 1823 978 1851 resurrectionem

158 1877 254 1902 suam,
270 1872 299 1896 et
314 1869 445 1904 increpat
459 1875 519 1901 eos,
537 1867 615 1903 quod
632 1868 667 1895 de
682 1868 811 1903 primatu
821 1868 849 1894 in
861 1868 908 1895 via
918 1868 979 1895 dis—

160 1916 342 1949 putaverant.
361 1913 410 1940 Hic
426 1912 515 1940 dicit:
533 1924 546 1937 (ι
564 1912 617 1945 Qui
635 1920 692 1940 non
708 1914 753 1939 est
767 1920 893 1947 mecum,
910 1921 980 1940 con-

158 1960 204 1985 trs
218 1966 266 1985 me
281 1960 326 1986 est
339 1958 360 1975 τί
378 1968 392 1982 ››
409 1957 444 1984 de
467 1965 510 1990 eo,
540 1956 590 1992 qui
616 1956 761 1984 daemonis.
788 1956 923 1992 ejiciebat
951 1957 980 1984 in

160 2002 234 2030 181
248 2002 343 2037 ipsius
354 2001 483 2029 nomine.
499 2003 568 2028 Post
583 2000 642 2028 hec
657 2000 728 2028 dicit
739 2009 770 2028 ια
790 2001 844 2032 Qui
856 2001 980 2028 scanda-

163 2046 323 2074 lizaverunt
334 2054 424 2073 unum
434 2054 468 2073 ex
477 2045 592 2081 pusillis
604 2046 636 2072 ⁷⁸.
653 2056 663 2070 η
682 2045 717 2072 Et
730 2044 803 2072 illud
817 2054 824 2073 :
842 2056 856 2070 «ι
870 2045 981 2073 Vermis

162 2098 263 2118 eorum
280 2097 337 2117 non
354 2089 504 2122 morietur,
520 2097 613 2124 neque
623 2089 700 2125 ignis
710 2090 953 2125 exstinguetur”.
967 2100 980 2114 ›ι

161 2134 303 2162 Edisserit
317 2134 353 2161 de
366 2133 488 2161 divortio
503 2134 573 2169 (cap.
602 2136 641 2167 x).
671 2134 802 2162 Parvulis
825 2134 980 2162 benedicit.

162 2177 247 2205 Dives
262 2177 382 2212 quidam
398 2177 568 2212 interrogat,
585 2176 654 2212 quid
671 2177 758 2204 faciat
768 2180 800 2204 ut
810 2177 886 2205 vivat
897 2177 981 2206 :huic

162 2222 327 2258 respondet.
352 2220 519 2248 Ascendens
546 2220 756 2256 Jerosolymam
787 2221 822 2249 de
846 2222 982 2257 passione

1043 939 1170 975 μάζονται
1201 939 1226 966 ἐν
1255 942 1288 977 τῇ
1319 940 1438 977 θαλάσσῃ
1467 942 1492 968 οἱ
1519 941 1648 978 μαθηταί.
1675 942 1803 978 Ἐπιτιμᾷ
1831 943 1866 977 τῇ

1039 982 1188 1021 scisma
1212 984 1337 1022 Χριστός.
1366 985 1543 1022 Θεραπεύεται
1574 986 1588 1012 ὁ
1618 984 1754 1022 δαιμονῶν
1780 985 1804 1012 ἐν
1829 987 1866 1023 τῇ

1039 1028 1119 1064 χώρᾳ
1142 1030 1195 1055 τῶν
1215 1031 1396 1066 Ιέργεσήνῶν.
1417 1029 1449 1056 οἱ
1473 1032 1566 1067 χοῖροι
1591 1029 1739 1068 πνίγονται.
1764 1030 1865 1062 Ἦλθεν

1039 1071 1076 1102 εἷς
1091 1072 1123 1099 τὸ
1150 1072 1243 1110 πέραν,
1260 1072 1303 1100 καῖ
1319 1072 1430 1111 Ἰάειρος
1452 1074 1517 1110 ὑπὶρ
1542 1074 1591 1108 τὴς
1616 1074 1747 1112 θυγατρὸς
1778 1074 1861 1109 ἀξιοῖ.

1039 1115 1104 1143 Εἶτα
1119 1117 1136 1150 ἡ
1153 1116 1338 1154 αἱμορροοῦσα
1363 1117 1445 1145 ῗᾶται.
1461 1117 1560 1149 Ἦλθεν
1591 1117 1628 1149 εἰς
1655 1119 1704 1153 τὴν
1734 1118 1865 1155 πατρίδα,

1038 1158 1257 1194 σκανδαλίζονται
1295 1160 1338 1188 ἐπ’
1365 1160 1456 1197 αὐτῷ.
1486 1162 1612 1189 Ἐνταῦθα
1642 1161 1733 1200 λέγει·
1764 1174 1778 1188 ‹‹
1809 1163 1866 1190 Οὑκ

1039 1202 1093 1231 ἔστι
1118 1206 1261 1243 προφήτης
1286 1204 1395 1241 ἄτιμος,
1411 1205 1433 1232 εἰ
1459 1206 1497 1241 μή
1520 1205 1545 1233 ἐν
1561 1208 1595 1239 τῇ
1611 1206 1721 1244 πατρίδι
1738 1207 1829 1234 αὐτοῦ.
1850 1220 1862 1233 ιι

1039 1250 1144 1285 Πέμπει
1158 1249 1221 1280 τοὺς
1239 1250 1361 1286 μαθητὰς
1386 1250 1435 1277 ἆνᾶ
1460 1249 1519 1279 δύο.
1547 1250 1735 1287 ἐντειλάμενος
1759 1251 1864 1279 πολλά·

1038 1292 1104 1320 Εἶτα
1127 1294 1160 1320 τὰ
1178 1294 1246 1320 κατὰ
1265 1292 1389 1331 Ἡρώδην
1411 1294 1455 1321 καὶ
1479 1294 1617 1330 Ἰωάννην.
1642 1295 1811 1330 Ἐπανῆλθον
1838 1296 1866 1322 οἱ

1040 1337 1157 1374 μαθηταὶ
1173 1338 1239 1375 πρὸς
1259 1337 1349 1366 αὐτόν.
1370 1338 1465 1377 Τρέφει
1489 1338 1552 1369 τοὺς
1577 1336 1690 1376 ὄχλους.
1709 1340 1865 1378 Ἐφίστάται

1038 1382 1250 1419 χειμαζομένοις
1266 1385 1323 1413 τοῖς
1348 1385 1492 1418 μαθηταῖς.
1508 1381 1605 1415 Ἦλθεν
1627 1383 1664 1414 εἰς
1689 1384 1864 1420 Γεννησαρὲτ,

1037 1426 1082 1453 καὶ
1098 1425 1257 1464 ἐθεράπευσε
1270 1425 1404 1457 πολλούς.
1422 1427 1485 1465 Περὶ
1501 1427 1618 1455 ἀνίπτων
1643 1430 1744 1465 χειρῶν
1767 1426 1864 1456 διαλέ-

1037 1480 1122 1507 γεται.
1145 1469 1241 1498 Ἦλθεν
1267 1471 1306 1502 εἷς
1342 1471 1436 1508 Τύρον.
1463 1472 1544 1499 Ἰἆται
1577 1473 1628 1506 τήν
1657 1472 1787 1510 θυγατέρα
1810 1476 1862 1507 τῆς

1039 1515 1291 1553 Συροφοινικίσσης,
1317 1515 1373 1542 ι’ίτα
1406 1515 1451 1542 τόν
1490 1516 1581 1555 κωφὸν
1619 1516 1663 1543 καὶ
1694 1516 1861 1554 μογιλάλον.

1037 1559 1131 1598 Τρέφει
1145 1560 1189 1586 τὸν
1205 1558 1301 1597 ὄχλον.
1319 1562 1439 1595 Σημεῖον
1465 1560 1582 1587 αῗτοῦσιν
1608 1561 1634 1588 οἱ
1660 1560 1799 1595 Ἰουδαῖοι,
1814 1562 1863 1588 καὶ

1038 1603 1068 1630 οὗ
1085 1602 1189 1631 δίδωσι.
1206 1603 1271 1641 Περὶ
1289 1607 1339 1638 τῆς
1356 1604 1444 1640 ζύμης
1459 1606 1513 1631 τῶν
1537 1605 1691 1641 Φαρισαίων
1718 1604 1802 1642 λέγει,
1814 1606 1862 1632 καὶ

1035 1647 1147 1684 ἐπιτιμᾷ
1174 1651 1232 1678 τοῖς
1264 1648 1406 1684 μαθηταῖς.
1437 1648 1581 1686 Θεραπεύει
1616 1649 1660 1676 τὸν
1689 1648 1791 1688 τυφλὸν
1821 1649 1862 1680 εἷς

1036 1691 1180 1727 Βηθσαῐδά.
1198 1692 1302 1729 Ἑρωτᾷ
1314 1691 1378 1723 τοὺς
1397 1693 1520 1728 μαθητὰς
1544 1693 1605 1731 περὶ
1635 1693 1740 1720 ἑαυτοῦ.
1759 1692 1861 1730 Πέτρος

1036 1736 1179 1773 ὁμολογεῖ·
1213 1736 1257 1763 καὶ
1287 1735 1330 1763 διὰ
1353 1735 1384 1763 τὸ
1413 1736 1497 1768 πάθος
1533 1737 1700 1773 ἐπιτιμᾶται.
1731 1738 1862 1766 Ἐνταῦθα

1036 1780 1119 1817 λέγει·
1137 1792 1150 1806 u
1168 1780 1204 1808 Et’
1219 1791 1260 1811 τις
1288 1780 1359 1812 θέλει
1387 1780 1474 1808 ὀπίσω
1491 1791 1544 1817 μου
1570 1781 1669 1813 ἐλθεῖν.
1687 1794 1700 1807 ιι
1719 1783 1864 1818 Μεταμορ-

1036 1827 1130 1863 φοῦται
1147 1824 1172 1851 ὲν
1187 1827 1227 1861 τῷ
1250 1822 1318 1862 ὄρει,
1332 1824 1405 1863 λέγει
1432 1825 1492 1862 περὶ
1521 1828 1569 1852 τοῦ
1599 1825 1703 1853 Ἡλίου.
1720 1825 1861 1864 Προσάγε-

1033 1879 1078 1896 ται
1104 1868 1342 1905 σεληνιαζόμενος,
1358 1869 1402 1896 καὶ
1431 1870 1615 1907 θεραπεύεται.
1640 1869 1772 1907 Προλέγει
1797 1873 1860 1902 τοῖς

1037 1916 1170 1950 μαθηταῖς
1186 1913 1247 1950 περὶ
1270 1915 1319 1940 τοῦ
1346 1913 1459 1940 θανάτου
1488 1914 1569 1941 αὐτοῦ
1597 1914 1641 1942 καὶ
1667 1916 1717 1949 τῆς
1746 1915 1860 1942 ἀναστά-

1036 1968 1121 1991 σεως,
1154 1957 1199 1984 καὶ
1239 1957 1349 1996 ἐλέγχει
1385 1957 1483 1988 αὐτοὺς
1519 1958 1581 1996 περῖ
1619 1959 1758 1996 πρωτείων
1799 1958 1861 1986 δια-

1035 2001 1181 2039 λεχθέντας
1197 2001 1222 2029 ἐν
1237 2003 1272 2038 τῇ
1288 2000 1353 2037 ὁδῷ,
1369 2002 1498 2029 Ἐνταῦοα
1516 2001 1600 2039 λέγει’
1618 2014 1631 2028 n
1649 2003 1679 2031 Ὁ
1693 2003 1730 2038 μή
1748 2003 1784 2030 ὣν
1801 2004 1861 2040 μετ’

1036 2046 1102 2082 ἐμοῦ
1117 2047 1175 2073 κατ’
1192 2046 1259 2082 ἐμοῦ
1274 2045 1340 2081 ἐστι,
1357 2058 1371 2072 υ
1387 2045 1448 2083 περὶ
1463 2048 1512 2073 τιῦ
1532 2044 1715 2078 ἐκϐάλλοντας
1732 2046 1862 2083 δαιμόνια

1036 2090 1060 2118 ἒν
1076 2093 1115 2126 τῷ
1132 2090 1244 2126 ὀνόματι
1261 2090 1352 2118 αὐτοῦ.
1369 2090 1434 2118 Εἶτά
1449 2100 1540 2129 φησιν·
1553 2092 1621 2121 «Ὃς
1636 2091 1679 2118 ἐὰν
1697 2091 1864 2130 σκανδαλίσῃ

1035 2134 1081 2163 ἕνα
1106 2137 1160 2162 τῶν
1192 2136 1304 2172 μικρῶν·
1324 2134 1397 2161 »καὶ
1424 2133 1466 2161 τό“
1485 2146 1498 2160 α
1515 2135 1547 2163 Ὀ
1572 2135 1681 2171 σκώληξ
1711 2135 1797 2163 αὐτῶν
1828 2137 1862 2165 οὐ

1035 2178 1200 2214 τελευτήσει,
1221 2177 1284 2206 οὐδὲ
1308 2178 1339 2205 τὸ
1363 2180 1416 2216 πῦρ
1442 2176 1590 2207 σϐέννυται.
1621 2192 1632 2206 ι
1656 2180 1719 2217 Περὶ
1744 2181 1863 2208 ἀποστα-

1036 2222 1095 2250 σίου
1123 2222 1284 2260 διαλέγεται,
1300 2223 1339 2250 Τὰ
1360 2221 1453 2249 παιδία
1478 2221 1596 2260 εὐλογεῑ.
1624 2224 1728 2261 Ἐρωτᾷ
1743 2224 1757 2251 ὁ
1772 2224 1863 2251 πλού-

161 2275 215 2294 sua
232 2265 372 2301 praedicit.
390 2264 454 2292 Filii
469 2265 597 2292 Zebedaai
614 2265 715 2292 sedere
730 2267 834 2301 petunt
847 2274 864 2293 a
880 2266 979 2294 dexte-

1039 2277 1102 2302 noq,
1126 2267 1151 2293 τί
1179 2267 1296 2301 ποιήσας
1325 2267 1441 2301 ζήσεται·
1472 2266 1643 2304 ἀποκρίνεται
1671 2267 1739 2305 πρὸς
1767 2266 1861 2298 αὐτόν.

160 2312 201 2339 ris
215 2313 289 2347 ejus.
307 2311 449 2339 Edisserit
464 2310 499 2338 de
515 2310 606 2338 animi
620 2310 795 2338 humilitate.
813 2311 916 2338 Visum
933 2320 978 2338 re-

161 2356 231 2392 cipit
246 2355 429 2383 Bartimeaus.
443 2354 550 2382 Deinde
565 2355 600 2382 de
615 2353 696 2390 pullo
720 2355 811 2382 asinae
829 2356 903 2391 (cap.
929 2356 979 2390 ιιι),

155 2400 321 2436 ingreditur
335 2399 364 2426 in
381 2398 535 2435 templum,
552 2401 581 2426 et
599 2406 718 2434 vespere
742 2397 801 2425 exit
824 2398 854 2425 in
879 2398 979 2426 Betha-

159 2444 248 2472 niam.
265 2444 374 2472 Deinde
389 2443 424 2471 de
439 2442 506 2471 ﬂcu.
524 2442 609 2478 Ejicit
623 2451 657 2470 ex
671 2442 780 2478 templo
809 2443 977 2470 vendentes.

158 2488 281 2524 Vespere
296 2487 445 2523 egreditur
457 2486 493 2514 de
521 2486 646 2514 civitate.
671 2486 842 2514 Admiratur
865 2487 979 2521 Petrus,

157 2532 314 2560 arefactam
330 2539 394 2559 esse
410 2531 509 2558 ﬁcum.
522 2531 698 2559 Adhortatur
707 2531 869 2567 discipulos
881 2531 979 2567 Jesus,

158 2582 190 2605 ut
200 2577 329 2605 credant.
341 2576 429 2604 Jubet
441 2578 473 2604 ut
496 2579 614 2612 peccata
625 2576 756 2612 proximo
780 2576 977 2605 remittantur.

156 2622 330 2658 Regreditur
344 2620 374 2648 in
390 2620 549 2648 civitatem.
567 2620 748 2656 Interrogant
758 2629 825 2648 eum
838 2622 978 2654 Judteijn

155 2675 214 2702 qua
229 2668 372 2702 potestate
387 2665 448 2692 haec
466 2665 552 2692 faciat
567 2673 573 2692 :
591 2665 653 2700 ipse
669 2664 793 2692 vicissim
807 2674 857 2694 eos
888 2666 976 2694 inter-

153 2714 235 2748 rogat
245 2712 281 2739 de
293 2710 439 2746 baptismo
461 2709 593 2737 Joannis.
611 2708 782 2737 Parabolam
798 2709 871 2737 dixit
885 2710 920 2738 de
935 2711 970 2738 vi~

184 2819 206 2836 ⁸⁸
219 2818 307 2847 Marc.
324 2824 367 2852 ιιι,
382 2816 428 2843 22.
466 2815 489 2833 ⁶⁹
504 2815 593 2843 Maro.
608 2823 646 2849 v1,
662 2815 688 2842 4.
725 2815 748 2833 ⁷ο
765 2815 854 2844 Marc.
870 2825 931 2850 vni,
946 2818 993 2847 34.

1036 2308 1200 2337 ’Δναϐαίνων
1222 2310 1259 2340 εἰς
1273 2310 1460 2347 Ἱεροσόλυμα,
1478 2310 1552 2348 λέγει
1576 2312 1637 2347 περῖ
1668 2314 1716 2339 τοῦ
1744 2313 1859 2344 πάθους.

1035 2355 1066 2381 οἱ
1082 2354 1136 2381 υἱοὶ
1155 2352 1299 2382 Ζεϐεδαίου
1314 2354 1431 2389 ἀξιοῦσιν
1455 2355 1521 2392 ὑπὲρ
1547 2357 1596 2390 τῆς
1615 2355 1644 2383 ἐκ
1667 2354 1758 2392 δεξιῶν
1779 2357 1860 2384 καθέ-

1035 2397 1110 2436 δρας.
1135 2398 1291 2436 Διαλέγεται
1317 2398 1378 2435 περὶ
1407 2399 1668 2438 ταπεινοφροσύνης.
1696 2399 1859 2429 ’Λναϐλέπει

1035 2446 1208 2481 Βαρτιμαῖος.
1225 2442 1289 2470 Εἶτα
1316 2443 1350 2469 τὰ
1376 2443 1444 2470 κατὰ
1469 2443 1514 2471 τὸν
1539 2443 1644 2478 πῶλον,
1657 2445 1702 2471 καὶ
1730 2445 1858 2479 εἰσῆλθεν

1034 2487 1072 2518 εἷς
1085 2487 1116 2514 τὸ
1132 2487 1214 2525 ἱερὸν,
1233 2486 1311 2523 ὀψίας
1326 2485 1409 2522 οὔσης
1431 2486 1541 2522 ἐξῆλθεν
1565 2488 1603 2519 εἷς
1631 2489 1773 2524 Βηθανίαν.
1790 2489 1859 2518 Εἶτα

1034 2531 1076 2558 ἐπὶ
1089 2532 1138 2566 τὴν
1155 2534 1249 2565 συκῆν.
1268 2528 1412 2559 Ἑκϐάλλει
1428 2530 1457 2558 ἐκ
1471 2534 1519 2559 τοῦ
1542 2532 1616 2570 ἱεροῦ
1639 2532 1702 2564 τοὺς
1729 2533 1858 2561 πωλοῦν-

1032 2586 1090 2607 τας.
1120 2574 1246 2610 Ἐξῆλθεν
1274 2575 1385 2612 ἑσπέρας
1415 2575 1444 2603 ἐκ
1471 2580 1521 2611 τῆς
1550 2576 1666 2607 πόλεως.
1696 2578 1726 2605 '0
1756 2577 1857 2615 Πέτρος

1033 2620 1161 2657 θαυμάζει
1178 2618 1222 2646 διὰ
1244 2620 1293 2653 τήν
1321 2623 1417 2654 συκῆν.
1434 2621 1616 2658 Προτρέπεται
1639 2620 1704 2652 τοὺς
1734 2622 1857 2658 μαθητὰς

1033 2666 1046 2692 ὸ
1063 2666 1168 2699 Ἰησοῦς
1199 2663 1236 2693 εἷς
1268 2663 1300 2690 τὸ
1326 2663 1471 2693 πιστεύειν.
1499 2664 1607 2692 Κελεύει
1636 2669 1788 2704 συγχωρεῖν
1818 2669 1857 2702 τῷ

1032 2708 1149 2744 πλησίον
1164 2707 1198 2735 τὰ
1210 2708 1402 2745 ἁμαρτήματα.
1419 2709 1611 2747 Ἐπανέρχεται
1639 2709 1677 2740 εἷς
1692 2710 1743 2744 τήν
1761 2710 1854 2739 πόλιν.

1028 2819 1050 2836 ⁷³
1068 2817 1155 2846 Marc.
1172 2824 1211 2852 xx,
1227 2817 1273 2845 39.
1312 2817 1334 2835 ⁷³
1348 2816 1434 2851 ibid.,
1448 2817 1495 2846 41.
1531 2817 1553 2835 ⁷⁸
1564 2817 1636 2853 ibid,
1653 2818 1697 2845 47.

1821 170 1881 200 392
1897 159 1908 163 ”
1925 154 1937 158 ”
