4086 6222
278 310 404 369 393

1391 301 1767 370 SYNOPSIS
1810 300 2273 370 SCRIPTURE
2316 309 2610 369 SACRAS.

3583 310 3701 368 394

280 443 599 513 Ἐρωτῶσιν
633 441 687 494 οὶ
715 437 996 510 Ἰουδαῖοι,
1043 440 1094 494 ἐν
1143 438 1274 510 ποίᾷ
1321 437 1535 512 ἐξουσίᾳ
1581 442 1746 493 ταῦτα
1775 442 1942 493 ποιεῖ.

2061 456 2186 510 nea,
2247 444 2304 496 et
2357 442 2428 496 de
2487 442 2660 498 malis
2719 441 2986 513 agricolis
3043 442 3318 513 (cap.xu).
3369 443 3574 497 Postea
3634 443 3703 496 de

283 531 501 604 Ἐρωτᾷ
545 529 741 591 αὐτοὺς
792 530 917 606 περὶ
963 533 1061 584 τοῦ
1112 527 1483 606 βαπτίσματος
1527 529 1806 584 Ἰωάννου.
1841 527 1946 582 Λὲ-

282 639 371 695 γει
396 619 463 672 τά
490 619 626 673 κατὰ
653 618 742 673 τὸν
797 616 1098 691 ἀμπελῶνα
1144 617 1233 672 καὶ
1275 615 1405 678 τοὺς
1453 615 1726 691 πονηροὺς
1775 635 1946 691 γεωρ-

285 707 442 782 γούς.
503 707 634 761 Εἶτα
690 706 815 781 περὶ
871 710 970 761 τοῦ
1017 708 1238 776 κήνσου·
1295 704 1408 760 εἶτα
1465 705 1586 780 περὶ
1644 708 1754 759 τῶν
1816 703 1989 758 ἑπτὰ.

285 794 565 872 ἀδελφῶν.
621 797 828 868 Ἐρωτᾷ
857 797 887 850 6
918 794 1291 870 γραμματεὺς,
1323 793 1454 849 ποία
1499 791 1694 862 ἐντολή
1728 795 1944 866 πρώτη”

285 885 380 939 καὶ
417 886 604 957 μαθὼν
651 882 1002 960 ἀποδέχεται.
1057 886 1265 957 Ἐρωτᾷ
1318 883 1346 936 6
1401 883 1630 956 Χριστὸς
1679 883 1803 958 περὶ
1836 882 1952 936 ἑαυ-

285 978 410 1029 τοῦ.
455 972 586 1026 Εἶτα
633 973 771 1026 κατά
814 977 925 1027 τῶν
976 971 1285 1048 Φαρισαίων
1335 967 1667 1046 διαλέγεται,
1699 969 1790 1025 καὶ
1825 970 1950 1044 περὶ

285 1067 399 1116 τῶν
433 1059 531 1115 δύο
563 1058 838 1136 δηναρίων
866 1068 967 1131 τῆς
997 1062 1199 1136 χήρας.
1247 1058 1648 1134 Ἐξερχόμενος
1697 1059 1802 1113 ἀπὸ
1849 1062 1950 1113 τοῦ

287 1153 464 1227 ἱεροῦ,
501 1149 648 1224 λέγει
680 1149 806 1226 περὶ
852 1158 951 1219 τῆς
997 1156 1372 1226 καταστροφῆς
1415 1147 1606 1203 αὐτοῦ.
1638 1149 1951 1222 Ἐρωτῶσιν

291 1240 344 1293 οἱ
380 1239 622 1311 μαθηταὶ
670 1238 794 1314 περὶ
841 1243 938 1292 τοῦ
988 1237 1212 1314 χρόνου,
1244 1234 1552 1292 καὶπολλὰ
1599 1235 1784 1298 αὐτοῖς
1812 1256 1951 1312 προ-

292 1327 466 1402 λέγει.
501 1325 700 1391 Ἦλθεν
750 1326 828 1388 εἷς
878 1326 1139 1396 Βηθανίαν
1172 1327 1308 1402 πρὸς
1348 1325 1575 1399 Σίμωνα
1598 1326 1690 1380 τὸν
1725 1324 1950 1397 λεπρόν.

293 1418 444 1471 Ἐκεῖ
489 1416 553 1470 τὸ
609 1415 778 1489 μύρον
822 1415 1065 1491 ἐκχεῖται
1100 1459 1112 1473 .
1155 1414 1464 1470 Συντίθεται
1515 1415 1544 1468 ὁ
1597 1411 1805 1476 Ἰούδας
1835 1419 1952 1476 τοῖς

293 1502 604 1566 Ἰουδαίοις.
655 1504 962 1578 Πέμπονται
1013 1505 1294 1578 ἑτοιμάσαι
1341 1505 1404 1558 τὸ
1445 1502 1632 1579 πάσχα
1675 1505 1728 1558 οἱ
1771 1514 1950 1576 μαθη-

291 1594 404 1650 ταί.
446 1592 700 1670 Ἐλέγχει
749 1593 838 1648 τὸν
892 1591 1114 1650 Ἰούδαν.
1165 1589 1509 1668 Παραδίδωσι
1556 1593 1623 1647 τά
1656 1594 1950 1666 μυστήρια.

292 1682 606 1758 Ἐξὲρχεταί
637 1683 712 1744 εἰς
753 1681 848 1738 τόν
901 1681 1156 1738 ἐλαιῶνα.
1184 1680 1452 1756 Προλέγει
1499 1687 1620 1742 τοῖς
1663 1683 1948 1754 μαθηταῖς,

294 1770 380 1824 δτι
431 1766 1011 1839 σκανδαλισθήσονται,
1061 1770 1150 1824 καὶ
1197 1774 1277 1842 τῷ
1329 1769 1547 1846 Πάτρῳ,
1595 1768 1678 1824 ὅτι
1730 1769 1952 1843 ἀρνήσε-

291 1881 404 1916 ται.
465 1858 836 1934 Προσεύχεται
913 1857 992 1931 τῷ
1049 1859 1255 1934 Πατρί·
1317 1859 1431 1914 εἶτα
1487 1854 1948 1932 συλλαμϐάνεται.

293 1948 489 2020 Τέμνει
523 1947 727 2022 Πέτρος
753 1948 818 2001 τὸ
863 1946 1022 2001 ὠτίον
1071 1951 1170 2002 τοῦ
1219 1944 1442 2003 δούλου.
1491 1947 1687 2022 Φεύγει
1719 1948 1748 2001 6
1780 1945 1950 2000 νεανί-

298 2058 428 2098 σκος
468 2035 698 2112 γυμνός.
750 2041 970 2110 ’Ἄγεται
1019 2036 1153 2112 πρὸς
1203 2038 1447 2114 Καϊάφαν
1502 2037 1530 2090 6
1583 2037 1810 2105 Ἰησοῦς.
1843 2037 1956 2091 Κα-

297 2128 740 2200 τιμαρτυροῦσιν
793 2123 977 2180 αὐτοῦ.
1025 2123 1321 2200 Ὁμολογεῖ
1368 2125 1553 2180 ἑαυτὸν
1613 2125 1736 2178 Υἱὸν
1797 2129 1950 2180 Θεοῦ.

299 2215 574 2289 ’Δρ-νεῖται
633 2215 857 2287 Πέτρος.
913 2215 1130 2290 νΔγεται
1187 2215 1324 2290 πρὸς
1372 2213 1606 2269 Πιλᾶτον
1650 2213 1943 2283 ὁἸησοῦς·

301 2308 650 2380 σταυροῦται.
700 2305 799 2358 Ἦν
849 2303 959 2357 ἐκεῖ
1001 2303 1178 2378 Μαρία
1207 2305 1242 2372 ἡ
1295 2297 1556 2360 Ἰακώϐου
1604 2306 1702 2356 τοῦ
1735 2306 1953 2377 μικροῦ,

299 2394 394 2447 καὶ
423 2395 458 2461 ἡ
493 2389 860 2468 Μαγδαληνὴ,
907 2391 996 2446 καὶ
1046 2390 1318 2465 Σαλώμη.
1371 2385 1650 2464 Λαμϐάνει
1698 2391 1726 2446 6
1755 2391 1955 2465 Ἰωσὴφ

296 2482 361 2536 τὸ
395 2485 555 2552 σῶμα
581 2485 680 2536 τοῦ
716 2481 914 2550 Ἰησοῦ.
945 2478 1151 2544 Ἦλθον
1180 2481 1235 2534 αὶ
1265 2485 1512 2555 γυναῖκες
1545 2479 1678 2552 μετὰ
1722 2479 1784 2533 τὸ
1823 2473 1955 2532 Σάϐ-

295 2566 488 2640 ϐατον,
539 2569 803 2642 ἀρώματα
849 2570 1126 2647 φέρουσαι.
1179 2567 1337 2624 Εἶδον
1381 2569 1474 2624 τὸν
1521 2567 1750 2644 ἄγγελον
1797 2566 1848 2622 ἐν
1878 2571 1957 2640 τῷ

299 2657 581 2732 μνημείῳ,
635 2659 724 2712 καὶ
773 2653 1138 2736 ἐφοϐήθησαν.
1189 2658 1446 2720 Ἀναστὰς
1477 2659 1505 2713 6
1534 2657 1759 2731 Χριστὸς
1799 2656 1954 2734 ὣιρθη

295 2747 506 2822 Μαρίᾳ,
557 2747 649 2825 ἀφ’
703 2749 768 2816 ἧς
822 2748 888 2803 τὰ
944 2749 1076 2802 ἑπτὰ
1123 2745 1379 2821 δαιμόνια
1427 2743 1693 2818 ἐξέϐαλεν.
1742 2746 1953 2816 ’ίεκείνη

297 2836 424 2891 εἶπε
465 2842 583 2898 τοῖς
635 2842 922 2909 μαθηταῖς
974 2837 1026 2891 οἱ
1075 2834 1132 2891 δὲ
1179 2837 1508 2907 ἠπίστησαν.
1542 2843 1768 2892 Ἔπειτα
1799 2831 1954 2912 ὤφθη

297 2929 422 2985 τοῖς
454 2921 605 2978 δυσὶν
633 2924 686 2978 ἐν
716 2924 786 2999 τῇ
822 2922 956 2997 ὀδῷ,
989 2925 1100 2980 εἶτα
1145 2931 1262 2987 τοῖς
1314 2927 1397 2979 ια’·
1450 2924 1538 2980 καὶ
1588 2922 1828 2978 ὠνείδισε
1858 2925 1956 2992 τὴν

303 3012 560 3068 ἀπιστίαν
591 3011 790 3071 αὐτῶν.
826 3013 921 3066 Καὶ
953 3012 1262 3069 ἀπέστειλεν
1297 3012 1490 3075 αὐτοὺς
1517 3013 1826 3090 κηρύσσειν,
1867 3011 1956 3066 καὶ

308 3102 620 3176 βαπτίζειν,
649 3102 740 3156 καὶ
773 3107 975 3175 σημεῖα
1003 3108 1204 3158 ποιεῖν.
1236 3103 1368 3160 Εἶτα
1397 3101 1695 3181 ἀνελήφθη,

755 3212 979 3273 Βιϐλίον
1011 3219 1080 3292 γ’,
1112 3218 1248 3274 κατὰ
1277 3224 1507 3274 Λουκᾶν.

373 3317 463 3371 49.
494 3313 570 3369 Τά
615 3313 751 3369 κατᾶ
795 3315 894 3383 τὴν
938 3316 1184 3390 γέννησιν
1233 3315 1504 3388 Ἰωάννου,
1535 3315 1624 3370 καὶ
1665 3319 1762 3370 τοῦ
1813 3321 1950 3390 Χρι-

293 3409 452 3460 στοῦ·
508 3403 573 3458 τά
625 3403 760 3459 κατά
815 3405 905 3460 τὸν
963 3406 1211 3478 Συμεών.
1273 3411 1438 3461 ’Ἄννα
1494 3403 1948 3480 ἀνθομολογεῖται

295 3497 380 3547 τῶ
411 3491 614 3567 Κυρίῳ.
659 3492 950 3565 Ἀπομὲνει
998 3490 1049 3546 ἐν
1103 3497 1181 3566 τῷ
1222 3494 1352 3568 ἱερῷ
1398 3492 1426 3546 6
1480 3495 1711 3564 Ἰησοῦς,
1761 3494 1850 3547 καὶ
1895 3493 1948 3547 οἱ

292 3585 476 3656 γονεῖς
525 3579 756 3655 ἠγνόουν
791 3623 804 3636 .
849 3581 1097 3650 Βαπτίζει
1129 3583 1157 3636 ὁ
1190 3583 1462 3653 Ἰωάννης,
1499 3580 1809 3657 βαπτίζεται
1856 3580 1945 3636 καὶ

292 3673 322 3724 ὁ
356 3669 611 3743 Χριστὸς,
671 3666 746 3723 ὢν
800 3668 930 3724 ἐτῶν
988 3669 1056 3726 λ’.
1109 3669 1536 3745 Γενεαλογεῖται.
1588 3672 1810 3745 "Avi-cat
1869 3669 1944 3733 εἰς

287 3760 391 3827 τήν
442 3755 679 3834 ἔρημον.
736 3763 994 3834 Ἔρχεται
1038 3759 1115 3820 εἷς
1158 3759 1436 3834 Ναζαρὲτ·
1489 3759 1842 3836 ἀναγινώσκει
1894 3757 1946 3812 ἐν

411 3850 716 3923 Συναγωγῇ
744 3891 756 3903 .
788 3846 921 3902 Elite
971 3847 1107 3923 πρὸς
1157 3845 1282 3910 τοὺς
1336 3845 1627 3909 Ἰουδαίους
1675 3848 1797 3923 περὶ
1845 3849 1944 3916 τῆς

293 3940 605 4012 χήραςτῆς
645 3933 857 4006 Ἠλίου,
891 3936 980 3991 καὶ
1033 3937 1245 4010 Νεεμὰν
1290 3941 1387 3991 τοῦ
1431 3935 1655 4008 λεπροῦ,
1687 3937 1776 3991 καὶ
1827 3933 1945 4005 ἤθε-

293 4026 390 4081 λον
423 4026 587 4081 αὐτὸν
643 4025 964 4101 κρημνίσαι.
1011 4023 1209 4082 Ἦλθεν
1263 4024 1338 4087 εἰς
1382 4025 1761 4100 Καπερναούμ.
1797 4026 1945 4088 Ἐθε-

295 4113 530 4187 piae-na
571 4115 666 4168 τὸν
722 4111 1086 4186 δαιμονῶντα,
1131 4114 1219 4168 καί
1270 4114 1368 4182 τήν
1418 4116 1667 4188 πενθεράν
1716 4113 1941 4188 Πέτρου,

289 4205 382 4258 καὶ
415 4190 624 4264 ἄλλους
673 4201 940 4265 πολλούς.
974 4201 1230 4273 Ἐξῆλθεν
1263 4203 1337 4265 εἰς
1365 4204 1464 4272 τήν
1491 4199 1717 4279 ἔρημον.
1745 4201 1940 4258 ἾΙλΟεν

291 4293 373 4353 εἷς
419 4291 774 4368 Γεννησαρὲτ,
810 4287 976 4362 ἐπὲϐη
1027 4296 1121 4346 τοῦ
1167 4291 1367 4346 πλοίου
1416 4292 1641 4367 Πέτρου,
1691 4290 1814 4347 ἔνθα
1854 4290 1944 4346 καί

285 4383 358 4436 τὸ
416 4379 632 4437 δίκτυον
692 4378 1069 4456 διερρήγνυτο,
1129 4376 1406 4458 Ἐιροϐήθη
1471 4381 1678 4455 Σίμων.
1729 4380 1943 4456 Ἐθερά-

288 4489 456 4523 πευπ
483 4470 576 4524 τὸν
628 4467 852 4542 λεπρὸν,
903 4467 1014 4523 εἶτα
1059 4468 1151 4523 τὸν
1200 4464 1588 4542 παραλυτικόν.
1641 4467 1808 4524 Καλεῖ
1851 4470 1942 4524 τὸν

2061 545 2260 598 censu,
2313 532 2382 585 de
2427 537 2647 602 septem
2707 531 3005 586 fratribus.
3063 531 3452 595 Quaestionem
3514 535 3706 585 movet

2061 619 2273 685 scriba,
2303 621 2456 692 quod
2505 620 2582 675 sit
2632 622 2890 691 primum
2920 620 3066 691 legis
3098 620 3462 685 mandatum,
3496 635 3559 672 ac
3595 636 3706 673 res-

2062 708 2406 779 ponsionem
2439 709 2634 764 datam
2689 709 2910 778 probat.
2966 709 3232 764 Christus
3280 708 3602 780 interrogat
3637 708 3704 761 de

2061 797 2273 868 seipso.
2310 797 2513 852 Postea
2535 800 2795 869 disputat
2816 802 3017 852 contra
3041 797 3445 868 Pharisaeos,et
3466 798 3536 852 de
3559 797 3702 851 duo-

2063 886 2172 942 bus
2189 887 2295 942 den
2306 886 2444 942 ariis
2455 887 2547 941 vid
2558 904 2662 941 uae.
2680 888 2964 958 Egressus
2981 903 3010 942 e
3033 891 3145 941 tem
3156 887 3249 958 plo
3262 885 3700 941 subversionem

2061 974 2220 1031 illius
2243 976 2504 1048 praedicit
2523 980 2660 1047 (cap.
2695 976 3127 1047 xm).Discipuli
3151 976 3221 1030 de
3242 981 3502 1048 tempore
3523 975 3701 1030 inter-

2062 1069 2351 1136 rogant,et
2375 1064 2764 1136 pradicitiliis
2779 1064 3161 1118 multa.Nenit
3177 1065 3513 1119 Bethaniam
3528 1065 3598 1119 ad
3616 1063 3704 1119 Si-

2060 1169 2294 1208 monem
2340 1153 2634 1223 leprosum
2684 1155 2826 1224 (cap.
2878 1155 3012 1216 xw).
3067 1152 3195 1206 Istic
3246 1153 3565 1207 effunditur
3594 1169 3703 1206 un-

2060 1247 2363 1314 guentum.
2401 1242 2717 1297 Paciscitur
2745 1242 2928 1296 Judas
2955 1258 3086 1295 cum
3121 1241 3339 1296 Judaais
3395 1242 3706 1295 Mittuntur

2062 1331 2336 1402 discipuli
2369 1332 2437 1386 ad
2473 1333 2798 1403 parandum
2829 1330 3067 1401 pascha.
3118 1330 3416 1384 Convincit
3466 1330 3702 1383 Judam.

2061 1421 2264 1476 Tradit
2295 1421 2589 1492 mysteria.
2623 1419 2930 1491 Egreditur
2960 1419 3028 1472 ad
3084 1425 3338 1472 montem
3384 1416 3705 1472 Olivarum.

2062 1508 2375 1580 Discipulis
2399 1508 2839 1580 prmdicit,quod
2866 1506 3208 1562 scandalum
3237 1505 3464 1578 passuri
3487 1509 3706 1569 essent,

2061 1603 2117 1652 et
2167 1597 2354 1662 Petro,
2409 1597 2561 1668 quod
2614 1600 2932 1666 negaturus
2979 1594 3073 1649 sit.
3128 1595 3398 1649 Precatur
3449 1594 3705 1648 Patrem:

2061 1685 2269 1740 deinde
2298 1685 2544 1755 capitur.
2573 1685 2776 1738 Petrus
2819 1683 3114 1737 abscindit
3164 1681 3484 1736 auriculam
3537 1681 3706 1736 servi.

2060 1773 2411 1828 Adolescens
2428 1775 2620 1828 nudus
2635 1772 3308 1844 aufugitltuciturJesus
3323 1772 3392 1825 ad
3408 1770 3704 1842 (Iaipham.

2060 1863 2484 1918 Testimonium
2513 1863 2753 1917 altertur
2784 1865 2987 1916 contra
3031 1861 3220 1915 illum.
3272 1861 3593 1916 Conﬁtetur
3644 1877 3706 1913 se

2062 1968 2190 2007 esse
2222 1951 2429 2006 Filium
2467 1952 2580 2006 Dei.
2613 1951 2795 2022 Negat
2826 1951 3048 2005 Petrus.
3081 1950 3324 2004 Ducitur
3353 1951 3422 2004 ad
3462 1949 3706 2004 Pilatum

2063 2041 2238 2097 Jesus
2289 2043 2424 2111 (cap.
2483 2041 2616 2110 xv):
2670 2039 3049 2109 cruciﬁgitur.
3104 2039 3240 2093 Erat
3296 2038 3376 2093 ibi
3409 2038 3588 2093 Maria
3617 2039 3711 2092 Ja-

2064 2129 2190 2185 cobi
2225 2129 2486 2197 minoris,
2521 2135 2577 2183 et
2601 2127 2964 2198 Magdalena,
2997 2132 3052 2182 et
3084 2127 3332 2192 Salome,
3363 2127 3582 2199 Joseph
3617 2143 3711 2181 ac-

2065 2219 2203 2288 cipit
2234 2235 2446 2289 corpus
2477 2217 2638 2272 Jesu.
2672 2215 2971 2270 Venerunt
3003 2216 3276 2271 mulieres
3308 2224 3437 2288 post
3487 2216 3709 2271 Sabba«

2065 2311 2214 2376 tum,
2249 2311 2510 2361 aromata
2544 2306 2791 2360 ferentes
2823 2306 2963 2376 (cap.
2994 2306 3132 2376 xvr).
3175 2306 3389 2360 Vident
3435 2305 3711 2376 angelum

2066 2397 2122 2450 in
2162 2401 2564 2463 monumento,
2597 2399 2655 2450 et
2687 2394 3126 2465 pertimescunt.
3171 2395 3309 2450 Post
3335 2395 3711 2449 resurrectio-

2069 2501 2200 2541 nem
2228 2483 2496 2540 Christus
2543 2483 2816 2555 apparuit
2847 2483 3058 2548 Marize,
3091 2499 3158 2538 ex
3191 2500 3304 2554 qua
3336 2489 3556 2556 septem
3592 2485 3713 2538 dte—

2068 2575 2263 2630 monia
2313 2575 2580 2644 eiecerat.
2637 2575 2764 2644 Ipsa
2814 2589 2932 2626 rem
2978 2572 3120 2627 dixit
3151 2574 3219 2626 ad
3255 2572 3596 2644 discipulos,
3629 2572 3713 2626 illi

2067 2681 2198 2719 vero
2225 2681 2334 2717 non
2381 2663 2771 2718 crediderunt.
2823 2666 3032 2715 Postea
3079 2661 3351 2732 apparuit
3391 2661 3620 2715 duobus
3652 2662 3708 2715 in

2067 2754 2178 2818 via,
2230 2751 2436 2806 deinde
2462 2756 2518 2806 et
2558 2750 2849 2820 undecim,
2885 2750 3098 2822 quibus
3129 2750 3301 2805 etiam
3333 2749 3708 2805 incredulita—

2069 2847 2182 2897 tem
2215 2841 2600 2912 exprobravit.
2634 2841 2702 2894 Et
2723 2839 2884 2894 misit
2912 2856 3010 2895 eos
3040 2840 3413 2911 praedicatum
3436 2843 3492 2894 et
3523 2841 3710 2911 bapti-

2068 2937 2282 2992 zatum.
2316 2935 2371 2985 et
2397 2933 2736 3001 potestatem
2769 2928 2928 2983 dedit
2957 2929 3348 2984 faciendorum
3383 2928 3710 3001 signorum.

2071 3022 2277 3075 Postea
2305 3023 2650 3089 assumptus
2679 3022 2786 3072 est.

2260 3223 2421 3279 Liber
2448 3224 2541 3288 III,
2573 3223 2939 3295 Evangelium
2956 3222 3253 3277 secundum
3283 3227 3508 3278 Lucam.

2135 3322 2221 3378 49.
2256 3320 2569 3377 Historiam
2621 3319 2940 3375 nativitatis
2971 3319 3214 3376 Joannis
3246 3321 3450 3377 scribit
3474 3329 3610 3394 (cap.
3647 3323 3710 3392 1),

2061 3409 2272 3465 deinde
2303 3412 2360 3464 et
2388 3408 2638 3465 Christi:
2675 3408 2745 3463 de
2777 3408 3042 3464 Simeone
3075 3411 3218 3481 (cap.
3255 3411 3338 3481 ιι).
3381 3418 3547 3466 Anna
3579 3427 3711 3466 con-

2060 3500 2256 3554 ﬁtetur
2287 3499 2551 3553 Domino.
2586 3497 2760 3553 Jesus
2794 3499 2849 3552 in
2885 3498 3100 3568 templo
3135 3503 3350 3566 manet,
3385 3499 3586 3554 insciis
3617 3516 3709 3570 pa-

2059 3587 2340 3642 rentibus.
2373 3587 2628 3643 Joannes
2657 3586 2913 3657 baptizat
2935 3587 3078 3658 (cap.
3131 3593 3253 3656 ut):
3289 3586 3617 3656 baptizatur
3649 3592 3706 3640 et

2054 3676 2340 3745 Christus,
2367 3692 2498 3730 cum
2531 3691 2818 3730 annorum
2875 3679 3030 3729 esset
3059 3675 3319 3744 triginta.
3354 3673 3702 3744 Genealogia

2054 3765 2202 3834 ejus.
2241 3764 2482 3819 Ducitur
2510 3763 2567 3818 in
2601 3761 2977 3818 solitudinem
3009 3762 3148 3832 (cap.
3185 3765 3282 3830 ιν).
3307 3762 3478 3816 Venit
3527 3761 3700 3815 Naza-

2055 3853 2180 3908 reth
2215 3871 2228 3908 ε
2261 3851 2401 3924 legit
2431 3853 2487 3906 in
2521 3852 2844 3923 Synagoga.
2869 3849 3019 3904 Dicit
3049 3853 3119 3905 ad
3141 3850 3373 3905 Judaeos
3405 3851 3475 3905 de
3501 3849 3694 3916 vidua,

2054 3942 2147 4009 (ad
2178 3957 2353 4011 quam
2407 3940 2658 4010 divertit)
2709 3938 2882 4004 Elias,
2929 3944 2986 3992 et
3032 3939 3100 3994 de
3150 3939 3404 3994 Neeman
3444 3938 3697 4010 leproso,

2053 4035 2109 4086 et
2139 4029 2340 4084 volunt
2367 4044 2500 4084 eum
2534 4027 2889 4100 praecipitem
2922 4028 3076 4082 dare.
3115 4027 3281 4082 Venit
3311 4027 3696 4099 Capernaum.

2051 4124 2223 4173 Curat
2259 4117 2545 4172 daemonio
2577 4115 2959 4182 laborantem,
2990 4119 3046 4170 et
3076 4133 3308 4171 socrum
3344 4117 3700 4183 Petri,alios-

2055 4223 2164 4279 que
2197 4204 2434 4260 multos.
2469 4205 2777 4276 Egreditur
2807 4205 2865 4258 in
2893 4204 3472 4260 solitudinem.Venit
3501 4206 3558 4260 in
3592 4212 3704 4261 ter-

2054 4312 2180 4351 ram
2210 4295 2566 4350 Gennesaret
2597 4293 2734 4360 (cap.
2755 4293 2836 4362 v),
2867 4294 3128 4348 ascendit
3162 4295 3488 4350 naviculam
3521 4296 3700 4366 Petri,

2056 4384 2155 4438 ulti
2187 4389 2244 4439 et
2274 4389 2394 4438 rete
2427 4381 2820 4438 scindebatur.
2856 4382 3220 4437 Pertimescit
3253 4383 3473 4438 Simon.
3525 4383 3702 4439 Curat

2052 4473 2374 4545 leprosum,
2406 4471 2614 4526 deinde
2663 4470 3066 4543 paralyticum.
3113 4469 3295 4526 Vocat
3346 4473 3493 4538 Levi,
3545 4475 3700 4545 apud

289 4557 450 4624 Λευί,
479 4558 644 4612 ἐσθίει
681 4559 809 4632 παρ’
857 4557 1022 4630 αὐτῷ.
1069 4558 1156 4612 καὶ
1203 4556 1510 4632 ἐγκαλεῖται
1560 4557 1664 4612 ὐπό
1693 4561 1801 4612 τῶν
1835 4563 1947 4612 Φα-

2061 4579 2230 4634 quem
2263 4567 2320 4616 et
2351 4561 2702 4616 manducat:
2735 4560 3008 4630 culpatur
3037 4578 3070 4615 a
3114 4560 3422 4617 Pharisaais
3452 4562 3524 4616 ob
3573 4579 3700 4616 eam

291 4647 519 4722 ρισαίων
570 4647 696 4722 περὶ
738 4646 954 4718 τούτου,
988 4647 1078 4701 καὶ
1131 4645 1213 4701 ὅτι
1265 4646 1327 4700 ού
1375 4646 1720 4718 νηστεύουσιν
1762 4647 1814 4700 οἱ
1848 4668 1948 4720 μαι

289 4737 460 4806 Θηταί
503 4737 710 4794 αὐτοῦ.
762 4736 1050 4811 Πορεύεται
1109 4735 1159 4791 ἐν
1212 4730 1481 4808 Σαϐϐάτῳ
1529 4733 1949 4812 δευτεροπρώτῳ

293 4822 400 4878 διὰ.
427 4829 530 4880 τῶν
563 4825 871 4900 σπορίμων.
922 4825 1210 4899 Θεραπεύει
1263 4825 1312 4880 ἐν
1361 4823 1528 4900 ὲτὲρῳ
1561 4820 1826 4897 Σαϐϐάτῳ
1855 4826 1946 4879 τὸν

289 4914 407 4981 tiu
439 4915 601 4990 ξηρὰν
624 4921 807 4990 χεῖρα.
844 4912 1154 4990 Ἐκλέγεται
1203 4914 1329 4976 τοὺς
1363 4915 1454 4989 ιβ’.
1489 4914 1643 4990 Λέγει
1685 4913 1810 4976 τοὺς
1847 4935 1948 4986 μα-

289 5003 622 5076 sapasim-5c.
676 5002 955 5073 Ταλανίζει
1006 5003 1134 5065 τοὺς
1183 5001 1479 5066 πλουσίους
1529 5003 1617 5057 καὶ
1674 5002 1801 5064 τοὺς
1857 5024 1946 5078 γε-

291 5089 536 5152 λῶντας.
591 5097 847 5167 Παραινεῖ
892 5093 1016 5168 περὶ
1059 5091 1294 5168 ἀγάπης,
1345 5091 1466 5166 περὶ
1499 5096 1594 5146 τοῦ
1645 5093 1720 5164 μὴ
1751 5091 1947 5164 ἀμύνε-

287 5192 431 5243 σθαι
471 5181 558 5235 τὸν
607 5180 865 5251 πλησίον.
918 5181 1046 5255 Περῖ
1106 5179 1538 5258 φιλανθρωπίας.
1573 5180 1700 5256 Περὶ
1741 5185 1838 5234 τοῦ
1871 5181 1948 5253 μὴ

283 5269 521 5343 κρίνειν,
576 5269 664 5324 καὶ
729 5266 1094 5341 μεταδιδόναι.
1150 5268 1305 5345 Λέγει
1355 5265 1413 5324 δὲ
1459 5269 1548 5324 καὶ
1600 5264 1947 5345 παραϐολὴν,

281 5359 402 5424 τὴν
441 5358 552 5434 περὶ
579 5362 677 5413 τοῦ
708 5355 951 5434 δένδρου,
982 5358 1072 5412 καὶ
1121 5358 1246 5434 περὶ
1274 5361 1372 5414 τοῦ
1420 5355 1788 5436 φυλάσσοντος
1825 5357 1950 5420 τοὺς

285 5444 504 5520 λόγους
549 5446 737 5513 αὐτοῦ,
795 5445 878 5501 ὅτι
925 5445 1121 5521 ὅμοιός
1179 5445 1288 5502 ἐστι
1345 5450 1414 5521 τῇ
1465 5446 1553 5501 ἐπὶ
1601 5448 1700 5517 τὴν
1751 5448 1948 5524 πέτραν

289 5533 480 5602 οἰκίᾳ.
536 5537 790 5611 Ἔρχεται
848 5535 923 5597 εἱς
977 5534 1354 5612 Καπερναούμ.
1413 5536 1692 5610 Πρόσεισιν
1749 5537 1777 5590 6
1836 5537 1952 5592 ὲκαο

292 5624 608 5698 τάνταρχος
653 5625 787 5698 aut?
833 5628 931 5678 τοῦ
981 5621 1204 5681 δούλου.
1236 5625 1368 5680 Εἶτα
1416 5626 1444 5680 ὁ
1477 5626 1590 5687 υἱὸς
1639 5633 1738 5696 τῆς
1770 5629 1950 5702 χήρας

599 5752 863 5814 ΡΑτιιοι..
895 5751 1003 5811 Gs.
1049 5751 1312 5815 XXVIII.

2061 4667 2320 4716 causam,
2353 4654 2411 4705 et
2443 4649 2597 4720 quod
2629 4647 2906 4718 discipuli
2938 4649 3126 4718 ipsius
3176 4666 3290 4703 non
3339 4649 3697 4720 jejunarent.

2059 4739 2337 4795 Ambulat
2361 4739 2419 4792 in
2453 4738 2703 4794 Sabbato
2735 4737 3210 4808 secundo-primo
3244 4756 3343 4807 per
3388 4745 3516 4794 sata
3562 4740 3701 4811 (cap.

2055 4828 2154 4900 v1).
2187 4828 2381 4884 Altero
2410 4827 2659 4882 Sabbato
2681 4831 2846 4880 curat
2893 4842 3046 4893 eum,
3106 4828 3205 4897 qui
3253 4844 3494 4882 manum
3528 4827 3703 4884 habe-

2057 4918 2158 4973 bat
2205 4917 2451 4972 aridam.
2495 4915 2678 4986 Elegit
2709 4914 3029 4969 duodecim.
3077 4915 3356 4970 Reccnset
3388 4917 3705 4971 beatitudi-

2060 5023 2184 5062 nes.
2239 5006 2512 5076 Deplorat
2555 5003 2762 5058 divites
2805 5008 2861 5058 et
2907 5004 3181 5058 ridentes.
3227 5005 3586 5060 Adhortatur
3632 5007 3703 5060 ad

2058 5095 2450 5150 dilectionem.
2488 5098 2561 5147 De
2593 5108 2705 5146 non
2741 5092 3074 5147 ulciscendo
3107 5093 3462 5164 proximum.
3495 5093 3576 5149 De
3603 5094 3707 5150 bu-

2061 5181 2492 5238 manitate.Non
2525 5196 2651 5234 esse
2685 5179 2852 5235 nobis
2877 5180 3310 5251 judicandum;
3346 5199 3475 5238 esse
3497 5182 3708 5254 imper—

2058 5272 2349 5328 tiendum.
2399 5267 2734 5324 Parabolaui
2777 5269 2915 5324 dicit
2945 5270 3016 5324 de
3047 5271 3272 5336 arbore,
3305 5275 3362 5326 et
3393 5272 3461 5326 de
3491 5288 3556 5325 eo
3606 5272 3705 5343 qui

2061 5377 2363 5417 sermones
2395 5375 2535 5414 suos
2567 5359 3042 5429 custodiat,quod
3076 5359 3125 5414 is
3159 5359 3372 5414 similis
3403 5359 3479 5414 sit
3508 5359 3706 5415 domui

2060 5451 2317 5506 fundata:
2340 5465 2520 5520 supra
2549 5451 2795 5520 petram.
2829 5448 3378 5520 VenitCapernaum
3408 5449 3548 5520 (cap.
3578 5452 3704 5517 vn).

2061 5539 2297 5595 Accedit
2326 5538 2395 5593 ad
2431 5553 2564 5592 eum
2599 5537 2860 5592 centurio
2892 5554 3066 5592 orans
3090 5554 3188 5608 pro
3221 5553 3384 5593 servo
3408 5553 3533 5591 suo.
3561 5536 3704 5588 Hinc

2061 5627 2345 5687 excitatur
2377 5625 2529 5682 {ilius
2557 5627 2761 5682 viduae.
2800 5626 2969 5680 Mittit
2999 5627 3066 5679 ad
3111 5643 3239 5680 eum
3280 5627 3535 5681 Joannes
3585 5623 3704 5674 dis-

3357 5754 3421 5809 13
