4086 6222
373 380 487 439 395
1562 362 1627 422 S.
1673 352 2192 419 ATHANASIUS.
2226 385 2302 398 -
2332 349 2591 414 DUBlA.
3664 344 3788 407 396

373 508 596 583 cipulos
615 506 823 563 suos.l
838 502 945 558 40
959 501 1207 556 Accusat
1226 496 1460 552 turbam
1482 494 1657 549 .‘esus
1684 491 1752 546 de
1773 491 2016 547 Joanne.
2054 496 2071 555 Α

2182 482 2431 539 νίσταται.
2470 482 2678 556 Πέμπει
2713 482 2970 551 Ἰωάννης
2998 478 3124 542 τοὺς
3161 478 3405 552 μαθητὰς
3436 476 3572 549 πρὸς
3607 476 3787 533 αὐτόν.

376 568 685 669 Cdmparat
715 609 842 648 eam
876 588 1312 662 generationem
1337 583 1533 657 pueris
1564 583 1715 637 inter
1745 597 1806 636 se
1839 578 2024 635 accla-

2182 572 2394 647 ῖγκαλεῖ
2430 576 2507 643 τῷ
2534 569 2695 645 ύχλῳ
2726 570 2753 624 6
2785 571 2997 641 Ἰησοῦς
3027 569 3151 645 περὶ
3201 568 3473 623 Ἰωάννου.
3523 568 3791 642 Παρεικά-

376 656 1042 753 mantibuangreditur
1062 678 1300 731 domum
1327 671 1625 728 Pharisaei.
1650 671 1716 724 Et
1739 685 1870 723 ecce
1898 684 2027 722 mu-

2182 682 2215 714 ει
2245 662 2344 730 τήν
2376 661 2558 736 γενεὰν
2611 656 2851 721 παιδίοις
2883 665 2999 719 τοῖς
3044 661 3475 736 προσφωνοῦσιν.
3531 656 3794 731 Ἔρχεται

379 743 487 832 lier
517 743 808 846 peccatri;
834 768 1192 824 alabastrum
1227 758 1891 831 elt‘unditJleprehendit
1924 757 2030 811 hoc

2182 767 2216 811 ’ς
2248 749 2418 804 οἰκίαν
2459 748 2779 821 Φαρισαίου,
2811 748 2901 802 καὶ
2950 745 3069 802 ἴδοὺ
3114 749 3147 816 ἠ
3192 747 3327 823 γυνὴ
3375 748 3409 815 ἡ
3459 743 3790 821 ἁμαρτωλὸς

385 834 606 921 Τεοιύω
638 859 987 915 Pbarisseus.
1024 852 1367 909 Parabolam
1399 851 1469 905 ad
1505 865 1637 904 eum
1675 846 1816 902 dicit
1862 845 2032 900 Jesus

2182 834 2573 913 ὖάλάϐαστρον
2621 840 2791 912 ἰκχεῖ.
2838 837 3081 892 Δίτιᾶται
3114 837 3141 890 6
3197 839 3494 911 Φαρισαῖος
3540 835 3603 889 τὸ
3631 855 3791 910 γεγο-

488 918 717 1008 duobus
741 945 1120 1003 debitoribus.
1155 942 1374 997 Deinde
1405 938 1613 994 circuit
1644 953 1745 1009 per
1775 935 2034 991 civitates

2182 927 2247 989 ὅς.
2304 926 2457 1002 Λέγει
2507 927 2642 1002 πρὸς
2692 926 2849 981 αὐτὸν
2885 928 2912 980 6
2944 927 3154 995 Ἰησοῦς
3198 926 3296 993 τήν
3330 918 3652 999 παραϐολὴν
3683 927 3794 977 τῶν

390 1049 448 1100 et
478 1042 634 1097 vicos
666 1040 803 1111 (cap.
829 1035 973 1105 νιιι).
1028 1034 1367 1103 Sequuntur
1396 1045 1528 1083 eum
1555 1026 1843 1094 mulieres,
1888 1039 2034 1094 quas

2182 1016 2240 1071 ύο
2263 1016 2863 1094 χρεωφειλετῶνυΕἷτα
2910 1013 3133 1070 διώδευε
3186 1015 3321 1069 κατὰ
3366 1013 3528 1068 πόλιν
3560 1012 3649 1068 καὶ
3680 1012 3793 1067 κώ-

392 1103 714 1188 curaverat.
741 1103 1083 1181 Parabolam
1112 1120 1251 1177 dicit
1282 1121 1353 1174 de
1382 1118 1730 1173 seminante.
1762 1113 1935 1168 Venit
1964 1112 2035 1166 ad

2182 1128 2281 1175 μην,
2335 1106 2422 1160 καὶ
2483 1104 2821 1175 ἠκολούθουν
2873 1105 3018 1159 αύτῶ
3059 1110 3307 1180 γυναῖκες
3356 1104 3411 1158 αἱ
3452 1103 3795 1178 θεραπευθεῖ-

392 1238 524 1277 eum
554 1223 740 1272 mater
769 1216 916 1286 ejus.
952 1210 1237 1280 Navigant
1258 1224 1390 1262 cum
1422 1223 1487 1261 eo
1518 1203 1823 1275 discipuli:
1857 1202 2042 1257 oritur

393 1311 737 1380 tempestas.
771 1301 1026 1356 Veniunt
1056 1298 1285 1354 Gadira.
1322 1294 1493 1367 Legio
1520 1293 1692 1348 irruit
1722 1292 1780 1346 in
1812 1305 2039 1362 porcos.

392 1398 610 1454 Deinde
630 1394 826 1450 Jairus
857 1394 983 1445 orat
1016 1404 1117 1459 pro
1150 1386 1288 1441 ﬁlia.
1322 1388 1573 1440 Sanatur
1604 1380 2045 1436 hemorrbousa

394 1486 616 1543 Excitat
638 1486 929 1538 mortuam
953 1476 1227 1550 puellam.
1255 1474 1431 1529 Mittit
1454 1471 1761 1526 duodecim
1786 1467 2041 1539 discipu-

394 1578 483 1633 los
516 1581 655 1643 (σαι).
687 1577 785 1639 1x).
818 1569 993 1624 Audit
1024 1568 1094 1621 de
1125 1582 1189 1620 eo
1239 1563 1514 1619 Herodes.
1568 1559 1799 1615 Secedit
1848 1557 1907 1612 in
1949 1573 2043 1611 so-

398 1665 707 1721 litudinem
757 1662 946 1715 Jesus.
995 1654 1115 1709 Alit
1168 1653 1395 1707 turbas.
1430 1651 1773 1719 Interrogat,
1807 1646 2043 1701 dicens:

401 1779 427 1806 ‹‹
458 1754 638 1818 Quem
676 1764 767 1803 me
796 1762 925 1802 esse
947 1744 1153 1799 dicunt
1176 1740 1444 1795 homines
1464 1739 1509 1773 π
1534 1740 1560 1792 ?
1588 1760 1616 1787 ››
1643 1741 1848 1791 Petrus
1871 1733 2048 1789 conﬁ-

2150 1216 2256 1251 σαι.
2290 1196 2443 1270 Λέγει
2484 1216 2580 1264 την
2630 1190 2950 1269 παραϐολὴν
2996 1198 3092 1248 τοῦ
3139 1193 3477 1267 σπείραντος.
3528 1189 3724 1255 Ἦλθεν
3755 1192 3795 1260 ἡ

2154 1286 2337 1359 μήτηρ
2386 1283 2550 1338 αὐτοῦ
2597 1284 2733 1359 πρὸς
2778 1283 2959 1338 αὐτόν.
2995 1283 3259 1337 Πλέουσιν
3311 1282 3364 1335 οἱ
3412 1279 3645 1354 μαθηταὶ
3682 1281 3802 1352 μετ’

2152 1373 2335 1440 αὐτοῦ,
2371 1374 2753 1448 χειμάζονται,
2788 1369 3042 1448 ἔρχονται
3092 1373 3167 1433 εἱς
3220 1369 3468 1445 Γάδειρα,
3511 1370 3599 1425 καὶ
3646 1370 3676 1423 ὁ
3708 1368 3805 1425 λε-

2152 1463 2290 1537 γεὼν
2332 1461 2407 1523 εἷς
2454 1461 2584 1523 τοὺς
2631 1462 2857 1537 χοίρους
2908 1461 3186 1533 ἐμπίπτει.
3240 1459 3373 1517 Εἶτα
3404 1458 3623 1535 Ἰάειρος
3669 1457 3806 1532 ὑπὲρ

2151 1553 2249 1619 τῆς
2302 1550 2560 1625 θυγατρὸς
2618 1551 2778 1620 ἀξιοῖ,
2837 1551 2925 1604 καὶ
2976 1553 3010 1619 ὴ
3063 1549 3439 1625 αἱμορροοῦσα
3487 1547 3648 1602 ἰᾶται.
3681 1549 3808 1604 Ἀν-

2159 1639 2334 1709 ίστησι
2376 1639 2473 1706 τήν
2524 1638 2716 1713 κόρην.
2748 1637 3105 1694 ’Δποστέλλει
3134 1637 3263 1699 τοὺς
3294 1634 3503 1692 δώδεκα
3537 1636 3807 1709 μαθητάς.

2158 1727 2369 1782 ’Λκούει
2414 1725 2664 1802 Ἡρώδης
2712 1727 2835 1803 περὶ
2883 1727 3075 1783 αὐτοῦ.
3124 1730 3431 1802 Ἀναχωρεῖ
3474 1724 3549 1787 εἰς
3598 1722 3805 1801 ἔρημον

403 1812 579 1899 tetur.
612 1837 846 1893 Mandat
894 1832 1009 1888 illis
1038 1830 1360 1888 silentium.
1388 1827 1727 1883 Passionem
1759 1842 1826 1881 ac
1854 1839 2049 1879 resur-

2182 1842 2187 1867 ι
2232 1818 2464 1887 Ἰησοῦς.
2525 1816 2715 1894 Τρέφει
2771 1816 2896 1879 τοὺς
2956 1812 3186 1892 ὄχλους.
3238 1817 3465 1891 Ἡρα)τῷ
3500 1840 3529 1865 α
3577 1814 3708 1869 Τίνα
3737 1835 3809 1888 με

408 1931 725 1988 rectionem
774 1940 941 1982 suam
991 1919 1271 1993 praedicit.
1297 1918 1430 1972 Ait:
1467 1937 1489 1959 α
1514 1916 1573 1971 Si
1605 1915 1738 1986 quis
1768 1913 1894 1969 vult
1922 1916 2054 1985 post

410 2039 504 2077 me
548 2018 745 2074 venire
792 2015 1040 2083 abneget
1084 2006 1545 2076 semetipsum“.
1590 2027 1617 2053 »ι
1652 2004 2055 2074 Transﬁgura-

408 2117 526 2166 tur.
557 2106 867 2164 Descendit
898 2103 968 2156 de
1000 2104 1216 2154 monte.
1252 2101 1425 2150 Curat
1453 2094 1800 2149 lunaticum.
1848 2090 2055 2162 Loqui-

408 2208 505 2258 tur
536 2200 607 2253 de
640 2193 930 2268 passione.
962 2190 1237 2253 Quaerunt
1266 2184 1565 2255 discipuli,
1589 2184 1719 2253 quis
1753 2182 1938 2251 major
1958 2180 2054 2235 sit.

408 2293 584 2349 Jesus
614 2301 747 2342 vero
779 2284 947 2338 docet
972 2295 1095 2334 vos.
1131 2275 1347 2331 Deinde
1396 2274 1568 2328 dicit:
1604 2295 1631 2322 «
1666 2271 1770 2337 Qui
1806 2287 1920 2325 non
1970 2272 2061 2324 est

413 2383 619 2437 contra
645 2390 768 2441 vos,
800 2386 905 2442 pro
936 2367 1100 2423 vobis
1123 2365 1295 2431 est“,
1333 2386 1359 2411 »
1391 2363 1545 2433 quod
1580 2362 1649 2416 de
1678 2376 1744 2415 eo
1775 2359 1936 2425 dicit,
1961 2356 2059 2429 qui

413 2469 474 2523 in
498 2463 734 2523 nomine
765 2476 871 2515 suo
894 2454 1180 2512 daemonia
1204 2452 1495 2524 ejiciobat,
1528 2455 1583 2505 et
1614 2466 1674 2505 se
1707 2466 1819 2504 non
1853 2462 2059 2518 seque-

414 2559 605 2613 batur.
641 2550 934 2608 Volentem
966 2542 1195 2616 ingredi
1220 2542 1279 2595 in
1313 2541 1608 2595 civitatem
1658 2537 2063 2593 Samaritano-

419 2662 572 2715 rum,
624 2657 739 2697 non
785 2637 1130 2707 receperunt
1168 2647 1341 2686 eum:
1396 2629 1530 2683 hinc
1562 2626 1832 2699 discipuli
1863 2626 2067 2681 volunt

420 2737 617 2808 ignem
636 2729 862 2787 coalitus
884 2726 1195 2796 deposcere
1218 2735 1394 2790 super
1416 2736 1512 2773 eos
1537 2735 1548 2775 :
1581 2718 1755 2772 Jesus
1784 2732 1918 2771 vero
1941 2731 2065 2770 cor-

423 2803 605 2894 ripuit
632 2834 750 2873 eos.
778 2813 1024 2881 Quidam
1057 2808 1225 2863 illum
1261 2806 1425 2876 sequi
1455 2805 1673 2869 volens,
1705 2803 2065 2875 prohibetur.

426 2893 595 2967 Alius
625 2923 758 2963 vero
792 2900 1129 2959 admonitus
1160 2902 1225 2951 ut
1273 2900 1574 2965 sequatur,
1623 2895 1849 2947 abnuit.
1907 2893 2070 2946 Tunc

427 3001 601 3057 dicit:
637 3020 665 3047 «
698 2999 879 3049 Nemo
910 2987 1089 3044 mittit
1122 3001 1362 3041 manum
1394 3000 1561 3038 suam
1597 2982 1668 3037 ad
1701 2987 1982 3046 aratrum,
2015 2983 2074 3035 et

424 3094 557 3162 post
584 3093 815 3155 tergum
849 3075 1286 3135 convertitur".
1325 3096 1345 3121 ν
1400 3072 1674 3141 Dcsignat
1704 3069 2074 3141 septuaginta

426 3174 749 3245 discipulos
801 3174 937 3239 (cap.
993 3168 1076 3235 Χ),
1133 3163 1348 3217 emittit
1408 3178 1505 3215 eos
1565 3162 1733 3215 binos
1783 3177 1847 3214 ac
1880 3162 2070 3230 binos,

2162 1904 2409 1981 λέγουσιν
2462 1906 2512 1958 οἱ
2562 1906 2832 1980 ἄνθρωποι
2866 1925 2880 1974 ;
2913 1928 2941 1957 ››
2986 1904 3283 1981 Ὁμολογεῖ
3326 1903 3547 1977 Πέτρος.
3596 1910 3812 1979 Παραγο

2162 1992 2352 2070 γέλλει
2412 1999 2655 2064 σιωπᾷν.
2713 1994 2974 2071 Προλέγει
3020 1994 3143 2069 περὶ
3187 1998 3284 2049 τοῦ
3335 1993 3540 2055 πάθους
3587 1992 3676 2046 καὶ
3706 1998 3809 2061 τῆς

2165 2082 2522 2143 ἀναστάσεως.
2558 2082 2730 2159 Λέγει·
2775 2108 2802 2133 (ί
2837 2081 3010 2144 Εἷ’τις
3062 2082 3205 2138 θέλει
3259 2081 3433 2136 ὀπίσω
3468 2104 3572 2154 μου
3604 2082 3808 2150 ἐλθεῖν,

2164 2170 2485 2248 ἀρνησάσθω
2534 2171 2741 2228 ἑαυτόν.
2798 2197 2823 2223 ››
2872 2176 3355 2248 Μεταμορφοῦται.
3405 2171 3648 2228 Κάτεισιν
3703 2172 3812 2226 ἀπὸ

2164 2265 2261 2316 τοῦ
2294 2256 2473 2334 ὅρους.
2502 2261 2786 2336 Θεραπεύει
2835 2261 2923 2316 τὸν
2975 2260 3453 2334 σεληνιαζόμενον.
3487 2262 3644 2336 Λέγει
3687 2260 3816 2336 περὶ

2166 2355 2263 2405 τοῦ
2294 2350 2522 2413 πάθους.
2553 2352 2811 2419 Ἐζήτουν
2846 2351 2897 2404 οἳ
2945 2350 3204 2422 μαθηταὶ,
3251 2350 3332 2412 τίς
3365 2348 3425 2403 ἂν
3471 2347 3553 2420 εἷή
3592 2348 3816 2422 μείζων’

2171 2441 2199 2493 6
2258 2436 2315 2493 δέ
2373 2441 2581 2509 Ἰησοῦς
2632 2437 2862 2509 ἐδίδαξεν
2921 2439 3139 2501 αὐτούς.
3204 2439 3333 2495 Εἶτά
3391 2459 3573 2517 φησιν·
3638 2463 3663 2491 (ι
3724 2440 3820 2499 Ὂς

2173 2528 2272 2583 οὐκ
2329 2526 2439 2582 ἔστι
2495 2530 2614 2582 καθ’
2650 2529 2825 2602 ὑμῶν,
2886 2529 3017 2603 ὑπὲρ
3077 2528 3228 2601 ὑμῶν
3280 2528 3443 2599 ἐστιν,
3494 2529 3677 2602 »περὶ
3721 2531 3823 2582 τοῦ

2174 2610 2538 2678 έκϐάλλοντος
2568 2618 2635 2671 τά
2667 2614 2921 2689 δαιμόνια
2950 2616 3000 2671 ἐν
3032 2622 3111 2689 τῷ
3140 2616 3366 2690 ὀνόματι
3392 2614 3578 2685 αὐτοῦ,
3608 2617 3698 2671 καὶ
3722 2616 3827 2671 οὐκ

2175 2704 2602 2767 ἀκολουθοῦντος
2631 2704 2798 2776 αὐτῷ.
2832 2704 3172 2778 Βουλόμενον
3205 2704 3464 2770 εἰσελθεῖν
3494 2706 3687 2774 είςτὴν
3720 2706 3828 2760 πό-

2177 2792 2263 2848 λιν
2296 2798 2405 2847 τῶν
2431 2800 2781 2869 Σαμαρειτῶν
2807 2795 2907 2849 υύκ
2926 2793 3138 2865 ἐδέξατο
3170 2794 3469 2869 (30⁸).Εἶτα
3498 2795 3548 2849 οἱ
3585 2794 3825 2867 μαθηταὶ

2177 2887 2284 2959 πῦρ
2312 2880 2511 2951 ἤθελον
2562 2884 2873 2957 κατενέγκαι
2924 2884 3007 2938 ἐπ’
3055 2884 3249 2947 αύτούς
3276 2904 3289 2916 ·
3325 2886 3352 2938 6
3386 2881 3445 2938 δὲ
3490 2885 3698 2954 Ἰησοῦς
3730 2883 3829 2938 ἐπ-

2182 2970 2432 3043 ετίμησεν
2475 2972 2684 3033 αὐτοῖς.
2738 2970 3077 3045 Βουλόμενός
3127 2994 3211 3035 τις
3257 2972 3627 3041 ἀκολουθῆσαι
3679 2972 3831 3045 αύτῷ

2179 3060 2447 3115 κωλύεται
2483 3104 2494 3117 .
2528 3064 2748 3135 ’Έτερος
2796 3059 2853 3115 δέ
2900 3060 3294 3137 παρακαλεῖται
3332 3108 3344 3132 ,
3374 3062 3465 3116 καὶ
3496 3059 3781 3116 ἀναδύεται
3818 3107 3831 3119 .

2182 3150 2311 3204 Τότε
2344 3148 2511 3224 λέγει·
2552 3147 2800 3211 «Οὐδεὶς
2839 3146 3124 3206 ἐπιϐάλλει
3170 3152 3268 3220 τὴν
3324 3157 3488 3227 χεῖρα
3535 3149 3700 3205 αὐτοῦ
3752 3150 3837 3205 ἐπ’

426 3226 691 3321 θο-Γίεῖθε
723 3226 1151 3330 ne‘qiiidquam
1182 3270 1381 3308 secum
1415 3252 1723 3306 deferrent.
1752 3226 2071 3321 Exprobrat

2186 3240 2436 3314 ἄροτρον,
2495 3239 2583 3293 καὶ
2642 3238 2918 3313 στρέφεται
2982 3240 3057 3301 εἷς
3115 3240 3182 3294 τὰ
3232 3226 3427 3296 ὀπίσω.
3466 3264 3493 3291 ››
3544 3237 3836 3310 ’Δνέδειξεν

428 3352 783 3411 civitatibus.
818 3348 1035 3402 Exinde
1069 3343 1245 3397 dicit:
1286 3364 1307 3391 σι
1345 3340 1451 3405 Qui
1484 3357 1584 3394 vos
1617 3340 1803 3409 audit,
1858 3358 1949 3394 me
1982 3357 2083 3394 au~

432 3446 519 3501 dit
537 3443 601 3496 ⁷⁸.
638 3464 665 3490 ››
700 3441 885 3494 Item:
934 3434 1217 3488 Videbam
1265 3431 1541 3485 Satanam
1576 3429 1939 3483 decidentcm
1971 3428 2082 3484 sic-

436 3539 503 3590 ut
533 3529 788 3601 fulgur"m
815 3546 826 3583 :
864 3548 891 3576 »
940 3528 997 3579 et
1026 3524 1125 3576 dat
1154 3518 1462 3591 discipulis
1490 3522 1837 3589 potestatem
1886 3522 2088 3573 contra

436 3627 735 3689 Satanam,
793 3620 848 3671 et
901 3614 1175 3669 admonet
1222 3625 1292 3662 ne
1351 3624 1416 3661 eo
1466 3606 1702 3661 nomine
1745 3608 2085 3678 gauderent.

441 3712 663 3769 Deinde
693 3707 1001 3763 contitetur
1030 3699 1207 3764 Patri,
1240 3700 1296 3751 et
1317 3695 1456 3750 dicit
1484 3693 1821 3765 discipulis:
1858 3717 1884 3744 «
1929 3693 2086 3749 Beati

450 3801 599 3858 oculi
634 3798 733 3870 qui
767 3796 965 3849 vident
995 3807 1124 3861 qua:
1153 3805 1252 3842 vos
1282 3785 1510 3839 videtis.
1548 3784 1711 3839 Multi
1760 3784 1914 3837 enim
1958 3799 2088 3854 pro-

448 3893 633 3965 phetaa
682 3885 1087 3943 desiderarunt
1132 3878 1327 3931 videre
1377 3891 1502 3945 quae
1552 3890 1650 3927 vos
1696 3873 1901 3928 videtis
1947 3871 2011 3926 ⁸ο.
2061 3894 2089 3921 ››

445 3961 655 4037 'l‘entat
687 3994 817 4033 cum
850 3968 1245 4044 legisperitus,
1280 3970 1335 4019 et
1375 3962 1649 4035 parabola
1681 3961 1895 4016 dicitur
1925 3961 1994 4016 de
2025 3978 2089 4017 eo

447 4071 546 4142 qui
579 4066 960 4124 descenderat
983 4061 1042 4113 in
1083 4057 1333 4113 Jericho.
1383 4052 1608 4107 Martha
1645 4057 1880 4106 accusat
1930 4068 2089 4106 soro-

445 4175 568 4215 rem
604 4172 794 4212 suam.
819 4156 990 4205 Orare
1019 4150 1186 4202 docet
1218 4142 1539 4213 discipulos
1572 4143 1717 4211 (cap.
1754 4145 1852 4209 xu),
1887 4144 1943 4194 et
1991 4158 2089 4211 pa-

444 4245 705 4302 rabolam
739 4241 880 4296 dicit
910 4240 980 4293 de
1012 4253 1077 4291 eo
1110 4234 1206 4307 qui
1242 4233 1313 4287 ab
1348 4231 1537 4286 amico
1574 4231 1630 4284 in
1684 4231 1828 4285 lecto
1852 4230 1975 4299 jam
2001 4231 2093 4283 de-

445 4335 756 4392 cumbente
783 4344 961 4401 panes
994 4325 1155 4397 petit.
1191 4324 1365 4377 Curat
1394 4324 1617 4374 mutum
1643 4319 2087 4373 darmoniacum.

442 4424 605 4479 Tunc
636 4421 877 4475 dicunt:
910 4438 936 4465 ‹‹
972 4414 1034 4468 In
1066 4408 1367 4467 Beelzebul
1402 4409 1655 4462 curat“.
1692 4430 1717 4456 ››
1753 4406 1970 4461 Deinde
2001 4406 2086 4460 di-

445 4512 558 4567 cit:
591 4514 731 4565 Cum
763 4503 1009 4577 spiritus
1038 4497 1383 4553 immundus
1419 4511 1692 4565 egressus
1724 4499 1831 4560 est,
1866 4510 2091 4566 peram-

2194 3323 2565 3399 ἐϐδομήκοντα
2615 3329 2905 3400 μαθητὰς,
2955 3328 3044 3383 καὶ
3096 3330 3297 3401 πέμπει
3348 3328 3541 3391 αὐτοὺς
3588 3329 3687 3384 δινά
3716 3327 3842 3401 δύο,

2193 3414 2511 3487 παραινέσας
2562 3414 2729 3487 μηδὲν
2782 3417 3057 3491 βαστάσαι,
3109 3414 3385 3485 Ὀνειδίζει
3426 3421 3543 3477 ταῖς
3594 3413 3790 3470 πόλεσι
3827 3458 3841 3471 .

2193 3504 2327 3559 Τότε
2376 3503 2541 3579 λέγει’
2583 3529 2609 3556 κ
2639 3506 2701 3561 Ὀ
2740 3505 2950 3559 ἀκούων
3004 3506 3177 3577 ὑμῶν,
3228 3506 3364 3579 ἐμοῦ
3410 3504 3615 3563 ἀκούει.
3653 3530 3681 3557 ››
3706 3504 3848 3562 Εἶτά

2197 3612 2375 3672 φησιν’
2423 3595 2771 3670 «Ἐθεώρουν
2798 3594 2890 3649 τὸν
2943 3601 3178 3650 Σατανᾶν
3230 3596 3483 3664 πεσόντα,
3513 3595 3588 3658 ὡς
3640 3596 3845 3671 ἀστραο

2196 3685 2327 3753 πήν,
2366 3708 2390 3733 ››
2420 3684 2507 3737 καὶ
2542 3681 2730 3738 δίδωσι
2759 3690 2875 3746 τοῖς
2930 3685 3194 3757 μαθηταῖς
3240 3683 3478 3755 ἐξουσίαν
3508 3690 3621 3739 κατ’
3652 3683 3848 3751 αὐτοῦ,

2196 3772 2285 3826 καὶ
2317 3778 2566 3845 παραινεῖ
2599 3774 2674 3845 μή
2716 3772 2928 3850 χαίρειν
2979 3772 3029 3826 έν
3078 3773 3277 3845 τούτῳ.
3310 3775 3443 3830 Εἶτα
3493 3771 3850 3847 ἐξομολογεῖ-

2195 3883 2281 3916 ται
2330 3866 2409 3933 τῷ
2472 3862 2660 3937 Ila-cpi,
2710 3861 2799 3915 καί
2845 3884 2976 3936 φησι
3022 3867 3136 3925 τοῖς
3187 3867 3473 3934 μαθηταῖς
3512 3862 3849 3936 »Μακάριοι

2199 3952 2251 4004 οἱ
2278 3950 2575 4027 ὀφθαλμοὶ,
2609 3951 2661 4003 οἱ
2696 3950 2987 4023 βλέποντες
3012 3950 3042 4004 ἃ
3067 3950 3312 4026 βλέπετε.
3339 3948 3549 4006 Πολλοὶ
3580 3952 3681 4026 γάρ
3706 3970 3848 4025 προ-

2200 4046 2364 4117 φῆται
2414 4038 2754 4110 ἐπεθύμησαν
2790 4037 2920 4094 ἰδεῖν
2970 4039 3000 4094 ἃ
3034 4038 3277 4115 βλέπετε.
3315 4064 3343 4091 ››
3376 4041 3437 4096 Ὀ
3468 4038 3692 4112 νομικὸς
3723 4059 3849 4093 πει-

2202 4130 2369 4202 ράζει,
2401 4128 2489 4181 καὶ
2520 4131 2553 4196 ἡ
2587 4124 2874 4202 παραϐολὴ
2928 4127 3142 4202 λέγεται
3184 4126 3280 4183 τοῦ
3325 4128 3399 4191 εἷς
3431 4129 3648 4204 Ἱεριχὼ
3682 4148 3850 4182 κατα-

2200 4214 2499 4274 ϐαίνοντος.
2547 4217 2741 4292 Μάρθα
2792 4217 3009 4294 ἐγκαλεῖ
3059 4218 3188 4290 ὑπὲρ
3240 4225 3336 4287 τῆς
3396 4216 3657 4294 ἀδελφῆς.
3687 4214 3854 4271 Διδά-

2200 4328 2311 4361 σκει
2363 4305 2609 4382 εὔχεσθαι
2659 4305 2784 4367 τοὺς
2835 4308 3077 4378 μαθητὰς
3116 4352 3127 4373 ,
3160 4306 3247 4361 καὶ
3281 4306 3428 4380 λέγει
3471 4308 3568 4375 τήν
3602 4301 3887 4380 παραϐοον

2201 4397 2301 4466 λῆν
2333 4400 2429 4451 τοῦ
2460 4396 2737 4457 αἰτοῦντος
2788 4393 2979 4470 ἄρτους
3026 4396 3115 4450 τὸν
3172 4395 3330 4472 φίλον
3358 4397 3449 4450 τὸν
3483 4397 3533 4451 ἓν
3566 4399 3633 4469 τῇ
3678 4393 3849 4469 κλίνῃ

2198 4486 2344 4542 ύντα.
2380 4485 2666 4562 Θεραπεύει
2696 4484 2787 4539 τὸν
2820 4486 2999 4559 κωφὸν
3045 4485 3133 4539 τὸν
3187 4483 3636 4559 δαιμονιζόμενον
3660 4524 3674 4542 .
3712 4484 3855 4539 Τότε

444 4598 609 4655 bulat
657 4568 1202 4661 locadnaquosa”.
1258 4606 1285 4633 >›
1318 4583 1535 4639 Deinde
1579 4581 1790 4635 mulier
1820 4582 2071 4652 quaedam

2198 4573 2467 4651 λέγουσιν,
2518 4574 2598 4628 ὅτι
2653 4598 2679 4624 ‹‹
2736 4576 2823 4630 Ἐν
2877 4568 3216 4643 Βεελζεϐοὺλ
3268 4573 3568 4649 θεραπεύει.
3633 4597 3661 4623 ››
3708 4574 3852 4629 Εἶτα

445 4688 563 4744 ait:
617 4710 643 4737 «
680 4688 893 4739 Beatus
922 4682 1125 4735 venter
1144 4675 1208 4744 ⁸³,
1242 4697 1264 4725 ι
1304 4677 1361 4726 et
1391 4676 1613 4725 caetera.
1662 4671 1943 4723 Futurum
1980 4669 2089 4723 mi-

443 4782 636 4843 natur,
668 4780 733 4830 ut
755 4775 867 4829 ista
898 4765 1195 4842 generatio
1219 4762 1641 4818 condemnetur
1671 4778 1700 4813 a
1733 4757 2092 4826 Ninivitis,et

442 4867 626 4922 dicit:
667 4884 687 4911 ι
724 4858 1233 4930 Nemo,lucernam
1266 4848 1729 4909 accendens,sub
1762 4846 1955 4901 modio
1988 4864 2087 4919 po-

441 4958 523 5012 nit
544 4958 650 5012 st.»
685 4952 1014 5025 Ingreditur
1043 4948 1114 5004 ad
1147 4941 1502 5000 Pharisaeum
1536 4938 1857 5009 prandendi
1882 4938 2085 5008 gratia.

440 5045 541 5101 Ille
590 5062 720 5100 vero
770 5059 903 5097 eum
956 5039 1211 5103 accusat,
1270 5032 1419 5104 quod
1455 5028 1610 5085 lotus
1652 5044 1762 5082 non
1801 5031 1973 5081 esset.
2010 5028 2084 5082 Ad

439 5134 595 5188 hunc
647 5130 823 5186 dicit:
863 5154 887 5179 ι(
936 5126 1054 5181 Vos
1103 5120 1402 5178 mundatis
1435 5117 1587 5189 quod
1621 5120 1779 5171 extra
1813 5114 2083 5186 poculum

439 5227 525 5277 est
546 5223 645 5288 85,»
678 5223 734 5276 et
764 5216 1067 5275 czsteralit
1098 5212 1359 5283 deplorat
1390 5224 1509 5272 eos,
1536 5205 1809 5260 similiter
1829 5210 1881 5258 et
1916 5203 2082 5275 logis-

439 5302 1162 5379 peritos(cap.xn).Deinde
1186 5300 1382 5354 dicitzu
1404 5294 2082 5359 Nihilestoccultum85,n

436 5404 491 5453 et
522 5403 744 5452 caetera.
780 5396 959 5450 Item;
997 5413 1025 5441 ‹‹
1050 5389 1131 5445 Ne
1162 5384 1418 5443 timoatis
1447 5399 1543 5438 eos
1567 5380 1665 5453 qui
1689 5397 1899 5453 corpus
1930 5381 2080 5435 occi-

2204 4663 2371 4737 λέγει·
2410 4690 2433 4713 ‹‹
2468 4666 2632 4717 Ὅταν
2668 4662 2855 4737 ἐξέλθῃ
2903 4662 2966 4717 τὸ
3014 4662 3311 4738 ἀκάθαρτον
3355 4667 3583 4736 πνεῦμα,
3617 4663 3850 4737 πορεύε-

2198 4774 2285 4807 ται
2318 4751 2386 4806 δι’
2413 4750 2652 4828 ἀνύδρων
2698 4752 2897 4808 τόπων.
2934 4776 2961 4804 ››
2988 4752 3117 4808 Εἶτα
3165 4754 3300 4827 γυνή
3352 4752 3433 4814 τίς
3480 4769 3631 4830 φησι·
3668 4776 3695 4803 ‹‹
3728 4758 3849 4808 Μα-

2199 4841 2359 4917 καρία
2414 4843 2448 4910 ἡ
2505 4840 2706 4908 κοιλία,
2771 4864 2798 4893 ››
2856 4841 2947 4895 καὶ
3005 4841 3069 4894 τὰ
3133 4842 3291 4911 ἑξῆς.
3350 4842 3856 4916 Κατακριθήσεσθαι

2201 4930 2453 5007 προλέγει
2501 4929 2627 4992 τοὺς
2673 4928 2794 4985 τότε
2846 4930 2947 4983 ὑπό
2990 4928 3199 5001 Νινευί,
3229 4929 3317 4984 καί
3367 4948 3521 5007 φησι·
3568 4956 3591 4981 α
3627 4926 3851 4998 Οὐδεὶς,

2199 5018 2402 5096 λύχνον
2438 5020 2599 5093 ἅψας,
2636 5020 2736 5073 ὑπὸ
2764 5018 2853 5072 τὸν
2893 5016 3080 5092 μόδιον
3108 5019 3341 5089 τίθησιν.
3377 5043 3405 5070 ››
3436 5017 3699 5089 Εἰσῆλθεν
3733 5017 3855 5094 ἀρι-

2198 5117 2387 5179 στῆσαι
2436 5109 2574 5185 πρὸς
2624 5113 2944 5183 Φαρισαῖον.
2985 5110 3042 5164 Ὀ
3089 5106 3144 5162 δὲ
3194 5106 3429 5184 ἐγκαλεῖ,
3466 5106 3547 5162 ὅτι
3599 5106 3698 5161 ούκ
3727 5100 3853 5160 ἐϐα-

2195 5201 2441 5255 πτίσατο.
2491 5196 2620 5252 Τότε
2671 5195 2817 5272 λέγει
2869 5196 3003 5274 πρὸς
3052 5196 3229 5251 αὐτόν·
3282 5221 3310 5249 ‹‹
3343 5198 3523 5270 Ὑμεῖς
3551 5196 3614 5250 τὸ
3657 5191 3853 5265 ἔξωθεν

2191 5292 2288 5343 τοῦ
2329 5287 2594 5363 ποτηρίου
2641 5286 2970 5361 καθαρίζετε.
3006 5310 3033 5337 ››
3066 5286 3167 5344 Καὶ
3211 5284 3483 5355 ταλανίζει
3532 5283 3723 5346 αὐτοὺς
3754 5284 3849 5338 καὶ

2192 5376 2317 5439 τοὺς
2368 5376 2647 5450 νομικούς.
2704 5375 2833 5433 Εἶτα
2883 5376 3047 5453 λέγει·
3088 5402 3112 5427 (ι
3147 5375 3315 5454 Ούγέι
3367 5374 3478 5430 ἐστι
3519 5373 3778 5449 κρυπτόν’
3817 5397 3851 5426 ››

506 5516 549 5549 τι
600 5514 732 5569 Luc.
766 5530 840 5576 ιχ,
887 5513 973 5565 18.
1050 5508 1095 5541 ἰδ
1123 5505 1263 5559 ibid.
1314 5502 1404 5576 23.
1440 5496 1714 5576 __7_°_ibi_d.
1746 5497 2071 5576 ερατ-ψῃ

2182 5498 2308 5576 εζη-
2341 5496 2391 5576 ῖεξ
2440 5496 2573 5576 ειμι.
2623 5495 2799 5576 ⁸ιδ.
2879 5495 2923 5529 το
2955 5494 3096 5576 ibid.
3132 5494 3217 5548 18.
3295 5494 3341 5528 ευ
3372 5494 3511 5548 Luc.
3543 5510 3599 5560 κ,
3629 5494 3720 5561 23,
3748 5492 3847 5547 24.

434 5588 475 5622 εί
514 5587 649 5642 Luc.
685 5570 875 5652 xi,15,
950 5577 1283 5633 “midst.
1362 5570 1699 5624 "imam.

507 5694 644 5767 (30')
675 5688 970 5761 ’ί·;δέξαντο.

1777 5571 1821 5602 δ”
1854 5568 1992 5623 ibid.
2030 5572 2116 5623 33.

2196 5571 2239 5603 ⁸⁵
2276 5567 2413 5622 ibid.
2460 5568 2547 5621 3t).
2626 5567 2668 5600 3°
2704 5566 2840 5622 Luc.
2874 5584 2976 5635 xu,
3008 5567 3063 5621 2.
