4086 6222
316 377 439 436 39Ἲ

1428 375 1807 437 SYNOPSIS
1855 375 2319 437 ΞΟΗΙΡΤυΡιιΕ
2361 374 2657 434 SACR/E.

3620 380 3738 442 398

321 502 417 558 καὶ
474 503 563 570 τὸ,
616 526 643 555 n
702 504 791 571 Μὴ
836 497 1117 573 φοϐηθῆτε
1159 503 1264 558 ἀπὸ
1308 504 1415 558 τῶν
1461 502 1887 559 ἀποκτεινόντων
1919 504 1968 557 τί

2096 505 2361 560 dunt37.»
2391 506 2456 560 Et
2485 504 2627 559 illud
2653 523 2666 560 :
2698 526 2725 555 ι(
2748 504 3022 575 Nunquid
3057 505 3318 577 quinque
3350 525 3614 578 passeres
3635 511 3735 580 '3,»

324 596 511 663 σῶμα·
547 615 574 643 n
607 590 694 645 καὶ
723 593 809 661 :6,
842 616 871 643 «
904 592 1044 667 Οὐχὶ
1071 592 1226 647 πέντε
1256 593 1530 669 στρουθίαο
1565 617 1593 645 ››
1644 592 1755 658 καὶ,
1808 615 1837 643 ‹‹
1887 595 1980 653 "Oi;

325 682 389 735 ἃν
423 680 798 757 βλασφημήσῃ
831 680 908 742 εἰς
938 680 1002 735 τὸ
1038 685 1275 754 Πνεῦμα.
1311 706 1339 733 ››
1372 680 1740 757 Προσὲρχεταί
1771 701 1853 743 τις
1888 700 1981 752 με·

325 770 577 845 ρίσασθαι
605 769 699 824 τὸν
728 767 939 843 κλῆρον
978 771 1109 841 μετά
1138 774 1233 824 :06
1265 767 1523 847 ἀδελφοῦ.
1557 772 1690 824 Εἶτα
1747 770 1774 822 6
1824 766 1981 843 λογι-

324 859 553 930 ζόμενος
603 856 888 919 πλούσιος·
940 857 1065 931 περί
1112 863 1221 913 τῶν
1263 858 1579 928 ἀποθηκῶν.
1618 850 1871 930 Παραινεῖ
1901 857 1977 928 μὴ

325 951 597 1022 μεριμνᾷν
621 945 742 1020 περὶ
772 953 1003 1023 τροφῆς.
1057 945 1184 1021 Περῖ
1234 946 1616 1018 ἐλεημοσύνης
1666 945 1831 1022 λέγει,
1870 945 1978 1023 ¹καὶ

314 1042 417 1092 :06
476 1034 740 1092 δεσπότου
797 1041 901 1091 :06
958 1033 1331 1098 διακονοῦντος
1387 1042 1505 1098 τοῖς
1539 1033 1759 1096 δούλοις
1791 1034 1976 1101 αὑτοῦ,

312 1128 407 1181 καὶ
458 1126 584 1200 περὶ
635 1129 734 1180 :06
781 1130 975 1179 πιστοῦ
1023 1123 1245 1198 δούλου,
1275 1125 1364 1181 καὶ
1395 1124 1518 1202 περῖ
1548 1129 1645 1180 τοῦ
1677 1122 1883 1185 εἰδότος
1912 1123 1976 1178 τὸ

316 1215 540 1287 θέλημα
596 1219 694 1269 :06
751 1213 955 1277 Κυρίου
1012 1214 1195 1281 αὐτοῦ,
1254 1214 1344 1269 καὶ
1404 1218 1478 1287 μή
1511 1218 1818 1274 ποιοῦντος.
1852 1212 1973 1269 Καὶ.

316 1328 347 1355 ››
386 1307 498 1377 [Ιῦρ
528 1301 723 1371 ἦλθον,
757 1327 781 1353 κ
815 1303 969 1379 φησί,
1004 1327 1031 1355 κ
1068 1300 1275 1378 βαλεῖν.
1336 1326 1363 1353 n
1398 1301 1592 1378 Ἔλεγε
1624 1300 1681 1356 δὲ
1731 1300 1817 1355 καὶ
1851 1300 1973 1376 περὶ

314 1394 425 1447 τῶν
479 1393 543 1447 τὸ
601 1391 893 1467 πρόσωπον
951 1397 1049 1447 :06
1114 1392 1344 1467 οὐρανοῦ
1404 1389 1835 1465 δοκιμαζόντων.
1877 1389 1973 1445 Καὶ

310 1482 399 1537 τό·
434 1508 463 1533 (ε
523 1482 648 1539 Ἐὰν
709 1481 917 1555 ὑπάγῃς
976 1480 1109 1554 μετὰ
1160 1485 1257 1536 :06
1290 1478 1566 1538 ἀντιδίκου
1617 1501 1712 1536 σου
1744 1479 1826 1535 ἐπ’
1886 1480 1977 1552 ἅρ-

313 1591 510 1646 χοντα.
550 1594 578 1621 ››
618 1570 749 1625 Εἶτα
793 1570 923 1631 τοὺς
973 1570 1076 1625 ὐπὸ
1109 1568 1347 1626 Πιλάτου
1378 1570 1749 1645 ἀναιρεθέντας
1807 1566 1973 1623 Γαλι-

313 1661 530 1726 λαίους,
590 1658 681 1714 καὶ
735 1658 864 1721 τοὺς
924 1659 1027 1714 ὑπὸ
1080 1664 1177 1714 :06
1231 1659 1442 1736 πύργου
1496 1658 1969 1735 ωταχωσθέντας.

308 1751 446 1805 Εἶτα
499 1751 535 1819 ἡ
586 1743 876 1824 παραϐολή
935 1755 1036 1817 τῆς
1084 1748 1330 1825 ἀκάρπου
1362 1756 1551 1818 συκῆς.
1584 1749 1693 1817 Τῆν
1730 1747 1831 1802 ὑπὸ
1874 1750 1973 1802 :06

310 1836 578 1911 δαίμονος
637 1836 1048 1912 συγκύπτουσαν
1113 1837 1394 1914 θεραπεύει
1457 1837 1509 1892 ἐν
1564 1832 1851 1909 Σαϐϐάτῳο
1882 1836 1973 1890 καὶ

312 1927 634 2004 ἐγκαλοῦσιν
679 1924 973 1982 Ἰουδαῖον
1027 1928 1055 1981 6
1101 1924 1158 1981 δὲ
1197 1925 1533 1999 ἐπιστομίζει
1564 1925 1776 1987 αὐτούς.
1838 1925 1966 1979 Εἶτα

310 2020 346 2087 ἡ
383 2014 678 2089 παραοολὴ
707 2020 806 2070 :06
837 2017 1123 2083 σινάπεως,
1154 2016 1243 2071 καὶ
1272 2023 1371 2085 τῆς
1409 2015 1605 2088 ζύμης.
1659 2015 1785 2070 Εἶτα
1815 2017 1962 2085 ἡρω-

308 2110 476 2177 τήθη,
509 2107 556 2161 εἰ
587 2105 767 2182 ὀλίγοι
809 2107 861 2160 οἱ
915 2106 1232 2178 σωζόμενοι.
1286 2111 1546 2180 Παραινεῖ
1585 2103 1845 2159 εἰσελθεῖν
1878 2101 1965 2156 διὰ

307 2203 411 2264 τῆς
462 2201 655 2262 στενῆς
711 2194 897 2268 θύρας,
956 2194 1043 2248 καὶ
1103 2192 1314 2268 ἐπάγει·
1346 2215 1373 2248 ο
1425 2193 1677 2263 ’Ήξουσιν
1712 2192 1817 2246 ἀπὸ
1846 2192 1966 2245 ἀνα-

308 2284 491 2340 τολῶν
574 2283 665 2337 καὶ
744 2279 986 2355 δυσμῶν,
1056 2283 1145 2337 καὶ
1217 2281 1690 2352 ἀνακλιθήσονται.
1754 2305 1780 2331 ››
1838 2281 1966 2333 Εἶτα

312 2374 564 2448 λέγουσιν
623 2370 808 2443 αὐτῷ·
870 2395 891 2421 ι
953 2370 1201 2444 Ἔξελθε,
1260 2369 1342 2425 ὅτι
1398 2367 1647 2445 Ἡρώδης
1710 2368 1963 2443 βούλεταί

308 2484 373 2517 σε
430 2460 664 2518 ἀνελεῖν.
727 2484 756 2512 ››
814 2459 917 2517 Καί
974 2478 1126 2537 φησι·
1190 2482 1218 2511 (ι
1268 2456 1617 2534 Πδρευθὲντες
1670 2457 1850 2512 εἴπατε
1898 2460 1962 2530 τῇ

308 2551 559 2606 ἀλώπεκι
629 2548 823 2623 ταύτῃ.
907 2575 935 2601 ››
1010 2547 1142 2604 Εἶτα
1217 2549 1352 2621 πρὸς
1427 2548 1525 2615 την
1604 2544 1965 2622 Ἰερουσαλήμ

305 2660 463 2719 φησι·
517 2662 545 2689 ‹‹
610 2637 845 2699 Ποσάκις
903 2636 1149 2707 ἠθέλησα
1205 2635 1618 2711 ἐπισυναγαγεῖν
1682 2636 1749 2690 τὰ
1807 2634 1965 2689 τέκνα

306 2750 427 2787 σου.
462 2753 491 2781 κ
545 2726 839 2802 Θεραπεύει
886 2727 977 2781 τὸν
1026 2723 1330 2799 ὑδρωπικὸν
1378 2725 1428 2779 ἐν
1472 2721 1609 2796 οἷ’κῳ
1641 2723 1960 2799 Φαρισαίουο

306 2818 443 2894 Περὶ
492 2815 900 2892 πρωτοκλισίας
952 2812 1282 2890 διαλέγεται,
1340 2813 1430 2868 καὶ
1480 2813 1625 2874 τίνας
1667 2810 1747 2866 δεῖ
1777 2811 1961 2867 καλεῖν

308 2908 394 2962 ἐπ’
440 2909 684 2981 ἄριστον.
737 2905 867 2961 Εἶτα
914 2906 948 2972 ἡ
1006 2898 1297 2975 παραϐολὴ
1336 2906 1434 2957 :06
1466 2898 1706 2972 δείπνου,
1735 2900 1960 2955 καὶτῶν

306 2993 806 3072 παραιτησαμένων
841 2991 1034 3049 ἐλθεῖν.
1072 2997 1324 3062 Πσραινεῖ
1352 2991 1565 3045 πάντων
1596 2992 1702 3044 τῶν
1749 2990 1962 3044 οἰκείων

306 3089 695 3161 καταφρονεῖν,
742 3082 831 3136 καὶ
878 3080 1025 3154 αύτῷ
1073 3079 1409 3143 ἀκολουθεῖν.
1444 3080 1575 3135 Εἶτα
1604 3080 1637 3148 ἡ
1671 3073 1959 3154 παραϐολὴ

308 3178 410 3227 :06
440 3175 533 3227 τὸν
563 3171 768 3245 πύργον
802 3167 1245 3243 οἷκίδομοῦντος,
1276 3169 1365 3223 καὶ
1412 3172 1509 3223 :06
1560 3173 1963 3243 παρασκευαζο-

310 3262 481 3336 μένου
530 3262 605 3322 εἷς
653 3259 920 3332 πόλεμον.
973 3260 1103 3313 Εἶτα
1149 3278 1302 3329 φησι·

306 3350 678 3425 Γογγύζουσιν
724 3349 774 3402 οἱ
823 3353 1130 3423 Φαρισαῖοι,
1182 3344 1264 3400 ὅτι
1295 3343 1532 3407 τελώνας
1571 3338 1954 3420 προσελαμϐἀ·

297 3462 444 3496 νετο.
483 3438 634 3515 Λέγει
670 3433 992 3515 παραϐολήν
1022 3438 1159 3511 πρὸς
1215 3435 1397 3504 αὐτὸς,
1448 3436 1546 3504 τῆν
1591 3440 1687 3490 :06
1734 3432 1957 3489 ἀπολω-

302 3530 473 3591 λότος
523 3523 822 3605 προϐάτου,
877 3528 974 3596 τῆν
1001 3530 1098 3596 τῆς
1133 3522 1410 3604 δραχμῆς,
1442 3525 1531 3579 καὶ
1560 3526 1658 3593 τήν
1691 3528 1785 3579 :06
1816 3522 1957 3577 ἀσώ-

300 3641 404 3674 του
462 3615 681 3679 παιδὸς’
741 3616 862 3693 περὶ
917 3620 1013 3671 :06
1046 3610 1408 3685 ἐκϐληθέντος
1458 3613 1773 3686 οἰκονόμουο
1836 3611 1958 3683 περὶ

302 3706 694 3787 φιλαρυγρίας·
750 3705 874 3781 περῖ
935 3704 1318 3783 ὑπερηφανίας,
1378 3703 1467 3757 καὶ
1525 3702 1607 3757 ὅτι
1665 3700 1746 3757 δεῖ
1788 3702 1961 3755 πάντα

300 3799 369 3853 τὰ
400 3798 455 3853 ὲν
488 3801 569 3868 τῷ
606 3794 752 3868 δόμῳ
800 3792 1174 3869 πλθρωθῆναγ
1208 3792 1331 3869 περὶ
1361 3796 1459 3846 :06
1491 3790 1829 3852 ἀπολύοντος
1858 3792 1957 3859 τήν

304 3893 534 3963 γυναῖκα
563 3884 746 3939 αὑτοῦ·
778 3883 901 3957 περὶ
941 3887 1038 3937 :06
1088 3883 1334 3956 Λαζάρου
1384 3880 1471 3935 καὶ
1524 3885 1621 3935 :06
1671 3879 1957 3935 πλουσίου.

308 3975 441 4047 Περὶ
476 3977 574 4029 τοῦ
607 3978 912 4048 συγχωρεῖν
940 3976 1019 4043 τῷ
1048 3968 1283 4040 πλησίον
1316 3971 1383 4024 τὰ
1412 3972 1625 4047 ἁμαρτῆ
1639 3990 1792 4042 ματα.
1840 3968 1958 4023 Καί’

314 4092 341 4115 α
370 4065 464 4127 Τίς
497 4061 644 4138 ἔχων
678 4059 897 4131 δοῦλον,
931 4085 959 4112 ››
993 4059 1148 4139 φησὶ,
1184 4085 1210 4108 (ι
1239 4060 1593 4135 ἀροτριῶντα,
1636 4058 1737 4112 οὐκ
1790 4057 1961 4113 εἰσελ-

314 4155 465 4219 θόντι
524 4152 632 4206 ἀπὸ
677 4155 774 4205 :06
850 4150 1023 4226 ἀγροῦ
1083 4149 1391 4216 Examinat;
1451 4171 1477 4198 υ
1531 4147 1659 4202 Εἶτα
1711 4148 1761 4201 οἱ
1840 4144 1963 4202 δέκα

310 4240 530 4316 λεπροί.
596 4239 726 4314 Περὶ
770 4246 868 4308 τῆς
914 4237 1209 4312 παρουσίας
1266 4235 1429 4291 αὐτοῦ
1489 4235 1768 4311 προλέγει.
1834 4234 1964 4309 Περὶ

312 4337 408 4386 :06
430 4331 673 4385 πάντοτε
703 4326 1118 4403 προσεύχεσθαι.
1152 4326 1282 4383 Εἶτα
1310 4326 1410 4394 την
1436 4328 1534 4394 τῆς
1566 4327 1744 4400 χήρας
1796 4343 1965 4397 παρα-

315 4416 508 4489 ϐολὴν,
572 4417 660 4473 καὶ
717 4418 814 4485 τήν
872 4413 971 4470 :06
1027 4412 1217 4469 ἀδίκου
1276 4411 1565 4491 ἄρχοντος.
1624 4413 1755 4468 Τότε
1796 4411 1965 4487 λέγει·

322 4532 347 4559 α
378 4511 513 4583 Ἆρα
564 4505 781 4582 εὑρήσει
823 4506 922 4573 τὴν
973 4503 1151 4558 πίστιν
1200 4502 1372 4567 ἐλθὼν
1425 4504 1451 4557 6
1484 4502 1605 4564 Υἱὸς
1628 4507 1724 4556 :06
1755 4501 1969 4577 ἀνθρώ-

2093 598 2149 649 et
2180 599 2397 649 caetera.
2426 595 2534 650 Et:
2558 617 2585 643 «
2610 595 2951 665 Quicunque
2997 594 3489 666 blasphemaverit
3516 598 3574 652 in
3608 601 3736 671 Spi-

2091 683 2268 737 ritum
2291 684 2387 737 ".-
2422 683 2655 739 Accedit
2687 684 2753 739 ad
2789 700 2920 737 eum
2953 683 3268 755 quispiam,
3304 689 3367 739 ut
3397 702 3530 741 cum
3565 687 3739 743 fratre

2090 771 2485 827 haereditatem
2537 771 2839 826 divideret.
2882 771 3120 839 Deinde,
3155 773 3254 844 qui
3304 776 3619 845 putabatur
3650 777 3736 830 di-

2089 877 2187 916 ves
2221 878 2233 916 :
2268 862 2341 916 de
2372 861 2531 916 illius
2575 861 2818 919 horreis.
2850 862 3142 930 Hortatur,
3178 879 3250 917 ne
3280 862 3517 919 solliciti
3548 864 3736 919 simus

2089 950 2160 1004 de
2193 949 2490 1005 alimonia.
2525 954 2603 1005 De
2633 948 3000 1022 eleemosyna
3021 952 3180 1019 dicit,
3202 958 3258 1005 ct
3289 953 3358 1007 de
3390 952 3528 1008 hero
3554 954 3737 1009 servis

2089 1040 2214 1095 suis
2262 1040 2640 1094 ministrante
2675 1057 2687 1094 :
2723 1040 2792 1094 de
2842 1058 3006 1096 servo
3039 1040 3194 1095 ﬁdeli
3230 1059 3242 1096 :
3273 1041 3341 1096 de
3389 1058 3455 1097 co
3506 1043 3608 1113 qui
3639 1059 3735 1098 vo-

2086 1126 2373 1184 luntatem
2404 1128 2635 1183 Domini
2681 1128 2769 1183 sui
2812 1130 2967 1183 novit
3001 1130 3261 1199 quidem,
3293 1131 3389 1185 sed
3427 1148 3540 1186 non
3574 1131 3734 1186 facit.

2087 1219 2179 1284 Et,
2209 1239 2235 1270 ·
2264 1219 2487 1290 Ignem,
2510 1239 2535 1271 ιο
2563 1218 2775 1289 inquit,
2803 1240 2830 1267 «
2864 1219 2991 1272 veni
3032 1219 3260 1273 mittere
3282 1221 3343 1273 9°.
3378 1243 3398 1267 ι»
3436 1220 3530 1273 Ait
3556 1221 3730 1277 etiam

2087 1308 2159 1363 de
2188 1306 2305 1363 illis
2335 1308 2436 1378 qui
2468 1307 2671 1363 faciem
2706 1307 2832 1363 caali
2866 1307 3110 1378 probare
3136 1308 3424 1364 sciebant.
3449 1310 3515 1363 Et
3545 1309 3688 1365 illud
3717 1329 3730 1367 :

2087 1419 2114 1446 ‹‹
2133 1399 2276 1451 Cum
2293 1396 2459 1451 vadis
2479 1413 2606 1452 cum
2631 1396 2963 1452 adversario
2986 1400 3082 1451 tuo
3106 1398 3175 1451 ad
3204 1398 3612 1467 magistratum
3631 1400 3730 1453 οι.»

2090 1485 2304 1539 Deinde
2333 1486 2403 1540 de
2435 1485 2687 1540 Galilaeis
2719 1504 2751 1539 a
2783 1485 2964 1540 Pilato
2996 1485 3204 1540 occisis
3227 1488 3369 1557 (cap.
3398 1490 3545 1559 xm),
3574 1494 3630 1543 et
3660 1490 3729 1544 de

2086 1573 2222 1639 illis,
2269 1574 2365 1645 qui
2420 1575 2692 1645 prolapsu
2754 1575 2934 1629 turris
2988 1575 3178 1629 obruti
3230 1576 3477 1631 fuerant.
3516 1578 3731 1633 Deinde

2084 1663 2423 1735 parabolam
2458 1663 2598 1718 dicit
2633 1664 2702 1716 de
2735 1664 2841 1717 ficu
2875 1663 3077 1719 sterili.
3116 1665 3417 1720 Mulierem
3452 1683 3485 1720 a
3515 1667 3725 1721 daemo-

2082 1753 2179 1807 nio
2208 1752 2566 1806 incurvatam
2591 1756 2758 1806 curat
2787 1751 2845 1805 in
2869 1753 3120 1808 Sabbato
3146 1770 3158 1807 :
3186 1755 3401 1808 factum
3427 1754 3535 1810 hoc
3566 1772 3728 1811 accu-

2083 1848 2216 1896 sant
2244 1839 2428 1896 Judazi
2462 1857 2475 1893 :
2508 1840 2632 1911 ipse
2687 1857 2817 1896 vero
2867 1858 2931 1896 os
2980 1843 3212 1897 obturat
3244 1842 3346 1897 eis.
3383 1843 3722 1899 Porabolam

2081 1929 2223 1985 dicit
2271 1930 2341 1985 de
2387 1930 2600 2000 sinapi,
2648 1935 2705 1985 et
2748 1930 2817 1985 de
2867 1931 3169 1987 fermento.
3206 1933 3603 2003 Interrogatur
3653 1950 3722 1987 an

2081 2018 2248 2089 pauci
2281 2018 2401 2072 sint
2421 2020 2519 2088 qui
2549 2018 2865 2073 salventur.
2886 2023 3165 2074 Hortatur
3185 2021 3255 2074 ad
3281 2020 3723 2092 ingrediendum

2080 2125 2182 2178 per
2202 2116 2511 2178 angustam
2537 2113 2846 2177 portam,et
2867 2110 3065 2163 subdit
3084 2127 3131 2163 ;‹‹
3152 2109 3396 2164 Venient
3413 2111 3484 2164 ab
3504 2110 3725 2164 oriente

2076 2200 2133 2250 et
2154 2196 2224 2249 ab
2251 2197 2566 2264 occidente,
2593 2202 2647 2251 et
2674 2198 3016 2251 recumbent
3038 2199 3141 2251 93.»
3169 2198 3380 2254 Deinde
3407 2199 3612 2253 dicunt
3634 2198 3683 2252 ei
3713 2216 3723 2253 :

2077 2307 2103 2335 ‹‹
2131 2284 2251 2349 Exi,
2276 2302 2407 2339 nam
2444 2285 2696 2340 Herodes
2719 2285 2841 2339 vult
2864 2290 2920 2341 te
2945 2287 3208 2342 occidere
3228 2288 3329 2341 93.»
3354 2288 3718 2358 Respondet:

2076 2395 2102 2421 ‹‹
2128 2373 2208 2427 ltc
2230 2388 2293 2426 ac
2316 2372 2487 2427 dicite
2507 2371 2664 2444 vulpi
2689 2373 2783 2427 isti
2801 2374 2902 2439 9‘,»
2924 2378 2980 2429 et
3001 2379 3224 2429 caetera.
3245 2375 3381 2430 Post
3398 2376 3469 2429 ad
3485 2376 3722 2430 Jerusa-

2074 2460 2187 2515 lem
2218 2463 2364 2515 141
2402 2460 2579 2517 dicit:
2608 2485 2633 2510 «
2687 2462 2922 2527 Quoties
2970 2463 3123 2518 volui
3172 2480 3522 2536 congregare
3570 2464 3723 2519 filios

2072 2554 2205 2605 tuos
2226 2551 2290 2615 9⁵,
2324 2571 2350 2599 ››
2381 2555 2493 2605 etc.
2518 2550 2696 2605 Curat
2737 2550 3117 2621 hydropicum
3150 2552 3206 2606 in
3243 2554 3415 2608 domo
3448 2553 3723 2609 Pharisaei

2074 2642 2219 2710 (cap.
2245 2639 2382 2710 xlv).
2422 2640 2662 2695 Disserit
2707 2640 2778 2694 de
2826 2640 3013 2711 primo
3062 2642 3353 2709 accubitu,
3387 2648 3441 2696 et
3489 2642 3590 2712 qui
3622 2659 3717 2697 vo-

2073 2728 2242 2784 candi
2278 2728 2397 2783 sint
2428 2730 2499 2783 ad
2531 2728 2813 2783 convivia.
2849 2729 3061 2784 Deinde
3108 2730 3446 2800 parabolam
3478 2730 3621 2785 dicit
3650 2732 3720 2786 de

2073 2834 2233 2873 ccena
2278 2824 2335 2873 et
2384 2818 2642 2873 invitatis
2693 2819 2765 2872 ad
2817 2834 2943 2873 eam
2992 2818 3187 2873 venire
3236 2820 3717 2875 detrectantibus.

2074 2908 2348 2962 Hortatur
2379 2912 2463 2973 ut,
2496 2906 2714 2962 relictis
2742 2907 3079 2962 domesticis
3109 2908 3404 2976 omnibus,
3429 2925 3489 2963 se
3510 2925 3722 2979 sequa-

2074 3014 2225 3051 mur.
2259 2995 2601 3051 Parabolam
2652 2997 2817 3051 addit
2846 2997 2917 3051 de
2948 3013 3013 3052 eo
3046 2998 3143 3067 qui
3193 2998 3400 3051 turrim
3452 2996 3719 3062 aedificat,

2072 3091 2128 3142 et
2159 3087 2228 3141 de
2259 3102 2324 3141 eo
2358 3085 2457 3157 qui
2491 3085 2560 3139 ad
2593 3085 2809 3140 bellum
2857 3086 3187 3140 instruitur.
3222 3086 3364 3141 Hinc
3395 3086 3471 3139 ait
3505 3103 3517 3141 :
3552 3108 3579 3134 «
3615 3086 3719 3140 Bo-

2075 3191 2215 3229 num
2266 3179 2354 3230 est
2402 3173 2487 3228 sal
2511 3175 2574 3229 9°.
2626 3198 2644 3222 ιι
2689 3174 3058 3229 Murmurant
3110 3175 3385 3229 Pharisaei
3431 3175 3569 3245 (cap.
3601 3182 3717 3243 xv),

1355 3283 1381 3309 ‹‹
1434 3256 1607 3311 Καλὸν
1652 3257 1715 3310 τὸ
1743 3258 1899 3316 ἅλας.
1935 3280 1955 3306 ι

2080 3263 2225 3336 quod
2264 3262 2607 3334 publicanos
2648 3263 2992 3334 susciperet.
3020 3262 3361 3317 Parabolam
3395 3265 3464 3317 ad
3499 3280 3598 3318 eos
3628 3263 3717 3317 di-

2067 3353 2146 3407 cit
2174 3353 2244 3407 de
2271 3368 2373 3406 ove
2405 3350 2653 3421 perdita.
2688 3356 2739 3406 et
2773 3352 2842 3406 de
2875 3353 3175 3417 drachma,
3212 3352 3398 3423 deque
3432 3352 3547 3407 ﬁlio
3578 3369 3715 3423 pro-

2067 3441 2203 3514 digo
2238 3459 2249 3495 :
2283 3440 2354 3495 de
2406 3456 2700 3495 (economo
2741 3442 2924 3511 ejecto
2957 3443 3097 3511 (cap.
3132 3442 3243 3509 xVI)
3277 3458 3289 3495 :
3327 3443 3397 3495 de
3451 3441 3711 3508 avaritia,

2069 3529 2138 3584 de
2168 3528 2465 3601 superbia,
2498 3533 2555 3582 et
2598 3529 2748 3599 quod
2797 3529 3102 3601 adimpleri
3150 3534 3410 3599 Oporteat
3441 3547 3712 3600 quaacun-

2068 3634 2181 3689 que
2211 3618 2269 3672 in
2304 3616 2429 3690 lege
2460 3622 2631 3673 sunt:
2663 3618 2733 3672 de
2765 3618 3093 3673 dimittente
3125 3634 3359 3673 uxorem
3393 3634 3557 3673 suam
3594 3636 3607 3672 :
3643 3619 3712 3673 de

2068 3708 2283 3762 Lazaro
2326 3723 2393 3761 ac
2437 3706 2629 3762 divite.
2657 3707 2818 3772 Quod
2868 3707 3217 3761 remittenda
3264 3706 3382 3760 sint
3432 3706 3715 3776 proximo,

2071 3813 2193 3866 quae
2228 3796 2285 3849 in
2320 3812 2424 3850 nos
2449 3795 2693 3866 deliquit
2716 3796 2851 3866 (cap.
2878 3800 3036 3862 xvn).
3065 3796 3166 3849 Et:
3200 3817 3219 3844 α
3255 3794 3470 3858 Quis,»
3504 3794 3718 3874 inquit,

2072 3908 2099 3935 ‹‹
2133 3899 2363 3939 servum
2399 3883 2573 3938 habet
2596 3888 2876 3949 arantem,
2902 3901 2973 3939 an
3007 3898 3073 3937 ex
3104 3899 3241 3954 agro
3273 3882 3579 3937 revertenti
3602 3899 3717 3937 non

2073 3972 2333 4045 praecipit
2350 3972 2433 4025 ’7?
2465 3994 2487 4023 ι
2516 3976 2623 4026 etc.
2650 3971 2869 4025 Deinde
2896 3971 2965 4025 de
2997 3971 3193 4025 decem
3226 3970 3494 4038 leprosis.
3516 3971 3593 4026 De
3618 3972 3721 4026 ad-

2072 4066 2244 4117 ventu
2276 4077 2383 4115 suo
2414 4059 2694 4131 priedicit.
2721 4060 2881 4122 Quod
2915 4076 3145 4130 semper
3175 4060 3250 4113 sit
3280 4061 3590 4115 orandum.
3618 4061 3724 4116 Pa-

2074 4146 2335 4203 rabolam
2385 4146 2527 4200 dicit
2577 4147 2647 4200 de
2700 4146 2873 4200 vidua
2923 4148 3068 4217 (cap.
3101 4147 3285 4219 xvm),
3321 4151 3375 4201 et
3432 4147 3606 4203 aliam
3657 4149 3727 4204 de

2068 4238 2267 4309 judice
2298 4237 2523 4307 iniquo.
2558 4236 2779 4291 Deinde
2805 4254 2853 4292 :«
2879 4238 3050 4307 Num,
3080 4260 3105 4287 »
3128 4238 3343 4309 inquit,
3376 4258 3397 4287 α
3432 4238 3603 4293 fidem
3639 4238 3729 4292 in-

2075 4326 2265 4382 veniet
2311 4326 2368 4380 in
2408 4330 2565 4380 terra
2614 4325 2794 4381 Filius
2846 4326 3125 4393 hominis,
3160 4344 3294 4381 cum
3344 4327 3727 4382 venerit”?»

2080 4414 2360 4471 Parabola
2391 4416 2460 4469 de
2508 4414 2794 4470 Pbariszeo
2826 4420 2883 4470 et
2914 4415 3242 4487 publicano.
3278 4416 3535 4471 Advocat
3566 4416 3636 4469 ad
3670 4432 3730 4469 se

2081 4502 2369 4577 parvulos.
2421 4504 2657 4558 Accedit
2710 4505 2779 4558 ad
2832 4519 2963 4559 eum
3015 4504 3175 4559 dives
3227 4504 3464 4576 quidam
3519 4520 3731 4575 rogans

318 4617 459 4666 1:06;
496 4621 524 4647 ›ι
571 4596 637 4652 Ἤ
680 4587 967 4669 παραϐογή
999 4597 1096 4647 :06
1129 4591 1428 4667 Φαρισαίου
1458 4591 1546 4646 καὶ
1579 4596 1674 4646 :06
1704 4589 1968 4649 τελώνου.

2082 4594 2221 4667 quid
2258 4593 2450 4659 faciat,
2486 4598 2550 4647 ut
2579 4593 2759 4647 vitam
2804 4597 3078 4647 aeternam
3121 4595 3417 4665 possideat
3448 4609 3461 4648 :
3496 4593 3566 4648 de
3598 4610 3729 4664 pas-

324 4689 453 4741 Εἴτα
514 4681 911 4760 προσκαλεῖται
966 4681 1033 4736 τιὶ
1088 4679 1296 4737 παιδία.
1342 4680 1708 4758 Προσὲρχεται
1740 4681 1767 4734 6
1798 4678 1976 4735 πλού-

320 4796 430 4837 σιος
462 4774 711 4850 ἐρωτῶν,
739 4769 792 4824 τί
826 4773 1060 4840 ποιήσας
1093 4771 1234 4838 ζωὴν
1268 4770 1490 4823 αἰώνιον
1537 4768 1975 4843 κληρονομήσει.

330 4866 453 4938 Περὶ
504 4867 606 4917 :06
648 4861 854 4924 πάθους
914 4858 1064 4933 λέγει
1114 4864 1229 4920 τοῖς
1263 4864 1547 4931 μαθηταῖς·
1584 4860 1634 4913 οἱ
1668 4856 1724 4913 δὲ
1764 4858 1824 4912 06
1857 4880 1977 4911 συν-

330 4959 480 5020 ῆκαν,
532 4953 597 5007 Ὁ
642 4947 848 5027 τυφλὸς
896 4948 1265 5023 θεραπεύεται,
1310 4948 1339 5002 6
1399 4947 1557 5024 ἐγγὺς
1596 4949 1880 5022 Ἱεριχοῦς.
1907 4948 1981 5000 Τὰ

328 5042 455 5095 κατὰ
502 5040 598 5094 τὸν
664 5043 954 5112 Ζακχαῖον.
1013 5037 1073 5092 Ἣ
1137 5031 1424 5109 παραϐολή
1482 5041 1581 5091 :06
1616 5033 1979 5113 βουληθέντος

335 5129 589 5205 ἀγοράσαι
635 5125 935 5203 βασιλείαν.
996 5124 1072 5179 Τὰ
1129 5126 1265 5178 γατά
1319 5125 1411 5178 τὸν
1461 5124 1672 5182 πῶλον.
1724 5124 1852 5200 Περὶ
1881 5132 1980 5193 τῆς

341 5215 591 5278 ἁλώσεως
622 5218 720 5282 τῆς
746 5213 959 5275 πόλεως
985 5210 1263 5289 προλέγει.
1298 5207 1585 5268 Ἐκϐάλλει
1618 5213 1668 5267 ἐν
1714 5218 1809 5266 :06
1837 5213 1984 5288 ἰεροῦ

332 5305 454 5369 τοὺς
490 5303 832 5364 πωλοῦντας.
882 5301 1014 5357 Τότε
1072 5299 1351 5377 λέγουσιν·
1418 5324 1445 5350 ‹‹
1494 5302 1579 5355 Ἐν
1611 5302 1744 5372 ποίᾳ
1775 5300 1987 5372 ἐξουσίᾳ

339 5399 500 5449 ταῦτα
526 5397 737 5461 «ouk;
773 5415 800 5443 ››
832 5393 1043 5467 Ἐρωτᾷ
1073 5388 1268 5453 αὐτοὺς
1302 5389 1427 5466 περὶ
1465 5395 1563 5445 :06
1619 5391 1985 5465 βαπτίσματος

2088 4684 2249 4739 sione
2279 4699 2387 4737 sua
2419 4681 2682 4753 prmdicit
2712 4681 3016 4753 discipulis
3050 4698 3062 4735 :
3096 4681 3205 4753 ipsi
3246 4699 3378 4737 vero
3410 4698 3525 4737 non
3558 4679 3730 4735 intel-

2086 4772 2363 4843 ligebant.
2407 4770 2603 4825 Caecus
2652 4775 2893 4825 curatus
2943 4786 3119 4841 prepe
3172 4771 3398 4825 Jericho
3434 4789 3446 4826 :
3480 4772 3550 4825 de
3599 4776 3734 4824 Zac-

2089 4860 2245 4915 οἱ]ωο
2292 4861 2433 4929 (cap.
2466 4858 2983 4927 x1x).Parabolam
3036 4860 3176 4914 dicit
3224 4861 3294 4915 de
3346 4876 3432 4925 eo,
3479 4860 3575 4929 qui
3627 4858 3736 4913 sibi

2090 4948 2201 5020 ipsi
2251 4947 2479 5002 volebat
2528 4947 2826 5018 acquirere
2875 4965 3140 5019 regnum.
3199 4950 3273 5003 De
3326 4947 3485 5020 pullo
3538 4949 3736 5004 asinae.

2096 5036 2264 5092 Urbis
2296 5035 2584 5091 excidium
2631 5037 2908 5105 praedicit.
2944 5037 3270 5093 Vendentes
3302 5038 3462 5108 ejicit
3494 5039 3563 5093 de
3593 5042 3739 5092 tem-

2096 5126 2211 5199 plo.
2246 5128 2409 5181 Tunc
2440 5126 2644 5180 dicunt
2693 5125 2774 5178 illi
2805 5130 2947 5195 (cap.
2983 5129 3111 5197 xx):
3139 5152 3163 5176 ‹‹
3204 5128 3265 5181 In
3298 5144 3411 5198 qua
3459 5131 3744 5198 potestate

2098 5225 2217 5271 haec
2251 5214 2500 5270 facis”?
2524 5237 2550 5264 ››
2590 5216 2909 5285 Interrogat
2944 5216 3072 5270 illos
3096 5217 3164 5271 de
3197 5217 3549 5288 baptismate
3568 5215 3745 5270 Joan-

2099 5304 2210 5359 nis.
2239 5303 2562 5373 Subiicitur
2594 5304 2870 5374 parabola
2892 5305 2961 5359 de
2988 5305 3171 5375 vinea,
3196 5310 3251 5359 et
3280 5304 3565 5376 improbis
3594 5304 3744 5375 agri-

2099 5390 2243 5447 colis
2279 5407 2291 5447 :
2327 5390 2396 5446 de
2429 5405 2629 5459 censu,
2664 5394 2721 5446 et
2752 5391 2821 5446 de
2862 5391 3105 5447 muliere
3136 5408 3263 5462 quae
3297 5396 3519 5463 septem
3551 5389 3747 5444 fratri-

426 5615 464 5648 “
493 5615 625 5671 Luc.
658 5630 760 5684 xu,
791 5615 845 5670 4.
919 5614 965 5650 ⁸⁸
992 5614 1135 5671 ibid.
1164 5616 1220 5671 6.
1296 5614 1341 5650 ⁸ο
1371 5613 1513 5669 ibid.
1548 5612 1631 5667 10.
1711 5614 1754 5649 ⁹⁰
1785 5613 1924 5669 ibid.

2133 5614 2172 5648 ⁰¹
2208 5610 2347 5667 ibid.
2382 5612 2472 5667 58.
2550 5612 2595 5646 92
2629 5612 2764 5667 Luc.
2800 5628 2922 5679 xm,
2954 5612 3043 5666 29.
3121 5610 3165 5644 93
3196 5612 3333 5664 ibid.
3367 5610 3455 5662 31.
3532 5608 3571 5641 ⁹⁴
3603 5605 3748 5667 ibid.

355 5684 448 5740 32.

516 5687 558 5721 ³⁸
585 5687 728 5742 ibid.
761 5686 850 5741 34.
924 5687 969 5722 ⁹⁶
1001 5687 1136 5743 Luc.
1172 5704 1284 5754 ειν,
1317 5686 1406 5741 34.
1484 5685 1525 5721 9"
1559 5684 1696 5740 Luc.
1732 5701 1869 5753 xvu,
1898 5686 1958 5740 7.

2106 5685 2243 5742 Luc.
2274 5700 2432 5753 xvnl,
2466 5684 2517 5738 8.
2593 5685 2636 5717 νο
2671 5684 2798 5737 Luc.
2836 5701 2926 5751 xx,
2957 5686 3009 5735 2.
