4086 6222
369 378 485 439 399

1534 376 1598 436 S.
1645 372 2172 437 ATHANASIUS.
2197 406 2275 421 —
2305 374 2571 438 DUBIA.

3663 377 3787 436 400

370 513 481 567 bus
512 514 694 581 nupta
736 508 863 563 fuit.
898 507 1117 562 Deinde
1171 506 1488 578 interrogat
1533 522 1633 561 eos
1686 506 1756 561 de
1807 506 2019 577 seipso,

2138 506 2410 559 Ἰωάννου.
2445 505 2577 562 Εἶτα
2607 508 2640 575 ἡ
2673 505 2965 581 παραβολή
2998 509 3095 559 τοῦ
3138 504 3489 578 ἀμπελῶνος,
3539 504 3627 559 καὶ
3672 508 3783 558 τῶν

369 599 662 671 quomodo
694 597 910 660 dicant,
944 596 1137 666 ipsum
1172 610 1301 649 esse
1334 594 1517 649 lilium
1555 594 1784 649 Davidis
1818 611 1829 647 :
1866 595 2019 649 edis-

369 689 510 745 serit
542 690 612 742 de
645 688 835 758 primo
875 701 1175 739 consessu.
1208 684 1399 737 Vidua
1430 684 1669 739 denaria
1700 687 1814 738 duo
1848 682 2022 738 mittit

369 778 459 849 (in
518 773 996 847 gazophylacium
1058 774 1200 843 (cap.
1269 772 1441 842 xx1]).
1504 777 1581 827 De
1642 772 2022 827 subversione

368 865 573 936 templi
607 862 888 935 praedicit,
921 867 976 916 et
1006 860 1177 916 malis
1225 861 1459 915 futuris.
1492 861 1676 916 Judas
1708 860 2023 932 paciscitur

372 971 503 1009 cum
528 952 768 1007 Judaais.
798 949 1124 1021 Discipulos
1148 950 1328 1004 mittit
1348 950 1417 1005 ad
1448 951 1773 1021 parandum
1805 949 2025 1020 pascha

381 1046 526 1114 (cap.
590 1043 751 1113 xxu).
803 1040 1182 1095 Convincitur
1243 1039 1431 1093 Judas
1498 1045 1629 1110 post
1685 1040 2021 1093 institutum

376 1132 741 1206 mysterium.
777 1129 1150 1184 Contendunt
1200 1128 1353 1183 inter
1381 1145 1443 1183 se
1474 1128 1746 1199 discipuli
1783 1130 1853 1183 de
1900 1128 2022 1199 pri-

378 1224 560 1276 metu.
596 1220 680 1273 Ad
734 1219 1031 1273 Simonem
1081 1216 1292 1271 deinde
1337 1215 1477 1270 dicit
1509 1233 1521 1271 :
1551 1238 1577 1264 ‹‹
1611 1217 1750 1270 Ecce
1780 1218 2025 1271 Satanas

376 1310 543 1381 petiit
572 1326 671 1362 vos
692 1311 729 1375 ι,
752 1326 778 1358 ι)
806 1305 1180 1378 praedicitque
1222 1304 1306 1359 illi
1342 1305 1710 1375 negationem
1746 1306 2022 1374 futuram,

376 1403 432 1453 et
466 1399 637 1468 jubet
684 1394 991 1467 discipulis
1040 1400 1106 1448 ut
1155 1393 1366 1448 tollant
1412 1410 1610 1448 secum
1663 1409 2025 1448 crumenam.

375 1488 613 1558 Capitur
634 1491 853 1558 postea.
874 1485 1058 1555 Negat
1080 1499 1211 1537 eum
1240 1483 1464 1538 Petrus.
1486 1483 1738 1537 Caeditur
1759 1502 1790 1539 a
1805 1483 2025 1539 Judaais

373 1581 564 1636 Jesus.
602 1578 1023 1644 Interrogatur,
1057 1588 1197 1626 num
1241 1572 1365 1642 ipse
1409 1572 1485 1626 sit
1526 1571 1814 1635 Christus,
1848 1577 1901 1626 et
1934 1588 2027 1626 re-

375 1667 643 1740 spondet.
670 1662 913 1719 Ducitur
934 1662 1004 1715 ad
1034 1660 1284 1715 Pilatum
1308 1661 1449 1731 (cap.
1476 1664 1659 1730 xxml,
1684 1667 1740 1715 et
1774 1661 2029 1716 mittitur

377 1759 447 1813 ad
500 1755 807 1822 Herodem,
855 1750 1017 1805 illinc
1064 1765 1271 1804 rursus
1320 1750 1391 1804 ad
1441 1748 1714 1804 Pilatum.
1749 1750 2029 1804 Traditur

382 1852 442 1901 ut
491 1842 888 1914 cruciﬁgatur,
939 1838 1207 1909 sequitur
1254 1838 1474 1893 turba:
1511 1839 1582 1892 ad
1634 1837 1908 1893 mulieres
1956 1840 2027 1895 de

382 1935 551 1989 malis
581 1930 796 1986 futuris
827 1928 1081 1983 disserit.
1105 1926 1495 1995 Crucifigitur.
1524 1926 1745 1998 Corpus
1778 1928 1902 1997 ejus
1931 1928 2026 1983 Jo-

382 2024 522 2096 seph
557 2020 783 2093 sepelit.
820 2019 1096 2072 Del'erunt
1126 2016 1400 2071 mulieres
1437 2023 1698 2071 aromata
1732 2018 1801 2071 ad
1835 2018 2030 2088 sepul-

382 2129 546 2167 crum
581 2114 720 2182 (cap.
758 2107 927 2177 xxw),
963 2107 1061 2161 sed
1094 2106 1386 2160 neminem
1428 2106 1754 2160 inveniunt.
1789 2107 2033 2161 Discunt

383 2219 416 2257 a
447 2199 677 2255 duobus
706 2196 951 2269 angelis,
985 2195 1139 2265 quod
1181 2195 1581 2249 resurrexerit.
1614 2195 1898 2251 Nuntiant
1924 2196 2031 2251 hoc

383 2286 709 2359 discipulis.
746 2285 830 2340 Illi
865 2302 978 2339 non
1012 2284 1275 2339 credunt.
1309 2283 1514 2338 Petrus
1560 2283 1631 2338 ad
1683 2300 2030 2339 monumen-

382 2382 506 2433 tum
540 2376 723 2431 currit
753 2380 805 2429 et
828 2374 915 2445 (ut
946 2372 1220 2427 mulieres
1252 2372 1546 2440 dixerunt)
1577 2372 1817 2427 invenit.
1844 2379 2033 2445 Appa-

380 2471 469 2521 ret
498 2465 766 2520 Christus
811 2463 1041 2517 duobus
1094 2462 1203 2515 iter
1260 2461 1629 2516 facientibus.
1680 2461 1765 2515 Illi
1816 2461 2029 2517 reversi

382 2555 631 2609 audiunt
678 2552 992 2607 Dominum
1044 2550 1386 2620 apparuisse
1418 2550 1661 2605 Simoni.
1699 2551 1827 2605 Mox
1874 2553 2029 2606 stetit

380 2645 689 2714 derepente
728 2641 787 2695 in
832 2640 1020 2694 medio
1064 2655 1265 2693 eorum
1305 2655 1316 2693 :
1353 2640 1678 2709 stupsﬁunt
1707 2639 1978 2710 discipuli
2013 2659 2025 2695 :

377 2731 637 2787 ostendit
668 2730 751 2785 eis
783 2728 1106 2792 cicatrices,
1139 2732 1196 2781 et
1229 2727 1479 2782 comedit
1511 2744 1701 2783 coram
1735 2729 1837 2783 eis.
1879 2730 2028 2783 Edu-

377 2822 487 2876 ctis
517 2825 715 2875 autem
747 2818 862 2873 illis
896 2817 1260 2883 Bethaniam,
1297 2823 1638 2889 assumptus
1667 2822 1774 2871 est.

2130 599 2385 668 πονηρῶν
2433 599 2718 670 γεωργῶν.
2781 596 2855 649 Τὰ
2910 595 3035 668 περὶ
3066 599 3164 649 τοῦ
3203 597 3407 665 κήνσου
3432 593 3521 649 καὶ
3552 600 3652 662 τῆς
3683 614 3785 667 γαν

2134 682 2397 754 μηθείσης
2452 690 2571 745 τοῖς
2602 686 2643 753 ζ“
2676 682 2954 761 ἀδελφοῖς.
3009 684 3140 740 Εἶτα
3188 682 3363 756 ἐρωτᾷ
3408 681 3602 743 αὐτοὺς
3657 681 3785 757 περὶ

2131 771 2342 837 ἑαυτοῦ,
2393 777 2509 833 πῶς
2570 772 2793 847 λέγουσι
2847 774 2938 827 τὸν
2985 773 3213 847 Χριστὸν
3265 772 3379 826 υἱὸν
3408 767 3573 825 Δαϐὶδ
3623 770 3780 825 εἶναι·

2130 860 2218 913 καὶ
2249 861 2372 935 περὶ
2414 860 2891 936 πρωτοκαθεδρίας
2925 860 3252 937 διαλέγεται.
3295 859 3498 917 Βάλλει
3544 862 3578 930 ἡ
3629 862 3786 936 χήρα

2134 945 2228 1002 δύο
2269 946 2516 1023 δηνάρια.
2566 951 2695 1025 Περῖ
2742 958 2843 1019 τῆς
2890 957 3264 1026 καταστροφῆς
3295 953 3392 1003 τοῦ
3444 953 3597 1013 ναοῦ,
3654 948 3783 1023 περὶ

2133 1036 2238 1090 τῶν
2305 1037 2618 1111 μελλόντων
2676 1038 2931 1115 προλέγει
2989 1038 3188 1095 κακῶν.
3232 1038 3543 1101 Συντίθεται
3576 1034 3787 1097 Ἰούδας

2139 1127 2272 1198 μετὰ
2299 1133 2406 1181 τῶν
2442 1126 2740 1184 Ἰουδαίων.
2775 1127 2983 1201 Πέμπει
3032 1127 3159 1189 τοὺς
3214 1127 3454 1200 μαθητὰς
3498 1126 3789 1198 ἑτοιμάσαι

2132 1216 2195 1270 τὸ
2253 1217 2458 1291 πάσχα.
2523 1216 2841 1293 Ἐλέγχεται
2904 1214 3109 1279 Ἰούδας
3165 1218 3297 1290 μετά
3342 1217 3404 1271 τὸ
3457 1218 3787 1291 μυστήριον.

2136 1303 2456 1360 Φιλονεικία
2510 1310 2617 1360 τῶν
2669 1307 2924 1378 μαθητῶν
2981 1306 3104 1381 περὶ
3151 1304 3453 1381 πρωτείων.
3489 1304 3617 1362 Εἶτα
3647 1305 3793 1376 πρὸς

2136 1395 2223 1448 τὸν
2260 1394 2486 1467 Σίμωνά
2515 1415 2665 1472 φησι·
2693 1420 2719 1447 (ι
2750 1392 2888 1449 Ἰδοὺ
2920 1397 2948 1449 6
2983 1401 3219 1457 Σατανᾶς
3253 1394 3551 1469 ἐξῃτήσατο
3582 1392 3789 1467 ὑμᾶς’»

2134 1484 2223 1537 καὶ
2254 1481 2512 1558 προλέγει
2545 1480 2709 1538 αύτδῦ
2755 1485 2854 1551 τὴν
2914 1481 3156 1558 ἄρνησιν,
3214 1485 3304 1539 καὶ
3360 1482 3791 1559 παρακελεύεται

2134 1578 2250 1633 τοῖς
2287 1574 2552 1644 μαθηταῖς
2589 1574 2866 1646 βαστάζειν
2916 1571 3225 1647 βαλάντιον.
3282 1573 3415 1630 Εἶτα
3461 1567 3792 1644 συλλαμϐά-

2136 1681 2301 1716 νεται.
2336 1663 2601 1736 Ἀρνεῖται
2637 1662 2857 1736 Πέτρος.
2891 1662 3153 1716 Τύπτεται
3185 1663 3212 1716 6
3264 1663 3474 1732 Ἰησοῦς
3523 1661 3625 1715 ὑπὸ
3672 1665 3791 1714 τῶν

2138 1748 2433 1807 Ἰουδαίων.
2495 1752 2809 1824 Ἐρωτᾶται,
2875 1750 2920 1805 εί
2976 1750 3135 1812 αὐτὸς
3195 1749 3278 1820 εἷή
3324 1750 3633 1826 ὁΧριστὸς,
3692 1749 3793 1804 καὶ

2060 1878 2105 1941 Β
2135 1838 2497 1912 ἀποκρίνεται.
2536 1844 2751 1913 ’Άγεται
2802 1840 2936 1915 πρὸς
2985 1841 3075 1894 τὸν
3127 1839 3386 1908 Πιλᾶτον,
3434 1839 3525 1893 καὶ
3571 1840 3789 1911 πέμπε-

2137 1950 2224 1982 ται
2254 1928 2388 2003 πρὸς
2420 1928 2510 1982 τὸν
2543 1926 2815 2004 Ἡρώδην.
2853 1929 2981 1985 Εἶτα
3005 1929 3140 2004 πρὸς
3168 1929 3258 1982 τὸν
3292 1927 3526 1983 Πιλᾶτον
3578 1926 3793 2003 ἄγεται.

2142 2015 2502 2091 Παραδίδοται
2533 2024 2927 2091 σταυρωθῆναι·
2963 2016 3255 2081 ἀκολουθεῖ
3276 2013 3468 2092 ὄχλος·
3504 2018 3637 2092 πρὸς
3688 2018 3795 2080 τὰς

2139 2112 2394 2181 γυναῖκας
2430 2104 2730 2182 διαλέγεται
2764 2108 2885 2182 περὶ
2915 2111 3021 2161 τῶν
3061 2105 3374 2179 μελλόντων
3406 2111 3797 2162 κακῶν.Σταυ-

2142 2194 2347 2271 ροῦται.
2408 2196 2604 2251 Θάπτει
2666 2197 2867 2273 Ἰωσὴφ
2924 2196 2986 2249 τὸ
3010 2201 3169 2268 σῶμα
3221 2196 3486 2270 Φέρουσιν
3522 2198 3574 2251 αἱ
3604 2202 3798 2271 γυναῖο

2137 2306 2225 2347 κες
2258 2285 2521 2360 ἀρώματα
2571 2284 2647 2347 εἷς
2694 2285 2786 2339 τὸν
2834 2285 3023 2363 τάφον,
3073 2286 3163 2339 καὶ
3213 2285 3323 2360 οὐχ
3369 2284 3521 2360 εὗρον
3574 2282 3795 2342 οὐδένα.

2140 2374 2474 2436 Μανθάνουσι
2532 2374 2676 2447 παρὰ
2732 2377 2838 2427 τῶν
2897 2371 2993 2428 δύο
3057 2373 3321 2449 ἀγγέλων,
3407 2373 3490 2427 ὅτι
3568 2373 3797 2444 ἀνέστη.

2139 2459 2566 2536 Ἀπαγγέλλουσι
2597 2466 2713 2521 τοῖς
2749 2466 3031 2532 μαθηταῖς.
3066 2462 3127 2513 Οἱ
3160 2458 3519 2529 δέἠπίστουν.
3545 2458 3796 2535 Ἔδραμε

2140 2548 2341 2625 Πέτρος
2374 2549 2447 2610 εἷς
2475 2550 2537 2603 τὸ
2574 2554 2863 2622 μνημεῖον,
2896 2551 2984 2604 καὶ
3034 2549 3179 2625 εὗρεν
3231 2550 3424 2611 οὕτως.
3479 2549 3612 2605 Τότε
3657 2550 3793 2627 φαί-

2137 2660 2280 2693 νεται
2326 2645 2441 2699 τοῖς
2486 2636 2579 2692 δύο
2631 2635 3032 2713 ὁδοιποροῦσιν.
3102 2640 3554 2715 Ὑποστρέψαντες
3607 2637 3789 2709 οῦτοι,

2137 2726 2394 2797 ἤκουσαν,
2428 2728 2509 2781 ὃτι
2544 2724 2697 2804 ὣφθη
2732 2728 2965 2799 Σίμωνι.
3002 2729 3130 2783 Εἶτα
3160 2726 3284 2798 ἔστη
3328 2723 3534 2801 ἀθρὸως
3585 2727 3636 2782 ἐν
3688 2732 3791 2801 μέ-

2139 2837 2217 2887 σῳ
2269 2815 2464 2869 αύτῶνο
2516 2817 2568 2868 οἱ
2619 2814 2674 2869 δὲ
2725 2815 3090 2887 ἐπτοήθησαν.
3144 2814 3377 2886 Ἐδειξεν
3428 2816 3611 2878 αὐτοῖς
3659 2818 3791 2880 τοὺς

374 2908 601 2979 τύπους,
630 2928 718 2961 και
751 2905 868 2980 ἔφεν
899 2908 953 2978 (3
992 2907 1006 2977 )
1036 2904 1266 2959 ἐνώπιον
1293 2903 1489 2958 αύτῶψ
1548 2902 1844 2980 Ἐξαγαγῶν
1880 2902 1937 2958 δὲ
1974 2903 2167 2966 αὐτοὺς
2198 2904 2274 2966 εἷς
2307 2905 2595 2973 Βηθανίαν,
2629 2903 2927 2982 ἀνελήφθη,

544 3025 708 3081 Liber
738 3024 821 3094 IV,
854 3023 1207 3093 Evangelz’um
1238 3021 1540 3078 secundum
1566 3023 1855 3077 Joannem.

453 3133 542 3186 50.
575 3132 832 3187 Joannes
861 3129 1157 3185 Christum
1209 3128 1351 3183 dicit
1399 3130 1575 3184 Deum
1625 3146 1752 3184 esse
1792 3130 1931 3200 (cap.
1966 3129 2026 3200 1).

384 3220 593 3276 Narrat
635 3220 705 3275 de
752 3219 1014 3290 Baptista
1045 3235 1058 3273 :
1092 3223 1217 3271 tum
1252 3218 1322 3272 de
1352 3217 1599 3283 Christo,
1632 3223 1688 3272 et
1718 3218 1785 3271 de
1839 3225 2030 3273 lucar-

2569 3015 2787 3075 Βιϐλίον
2823 3019 2887 3091 δ“,
2918 3022 3053 3076 κατά
3085 3021 3356 3092 Ἰωάννην.

2207 3128 2296 3182 ὗΟ.
2333 3124 2590 3201 Θεολογεῖ
2648 3127 2675 3179 6
2728 3124 2977 3197 Ἰωάννης
3030 3127 3123 3182 τὸν
3168 3127 3421 3201 Χριστόν.
3474 3129 3632 3203 Λέγει
3665 3130 3797 3206 περὶ

2138 3219 2234 3268 τοῦ
2266 3217 2591 3271 Βαπτιστοῦ·
2625 3215 2736 3269 εἶτα
2768 3217 2889 3291 περὶ
2921 3221 3017 3270 τοῦ
3048 3220 3304 3290 Χριστοῦ,
3354 3216 3443 3272 καὶ
3493 3225 3592 3288 τῆς
3644 3218 3795 3273 ἐναν-

392 3309 643 3365 natione.
696 3308 780 3363 Ad
832 3288 894 3363 se
944 3306 1146 3361 missis
1193 3306 1506 3377 respondet
1557 3306 1833 3376 Baptista.
1873 3308 2019 3361 inse-

2145 3306 2496 3379 θρωπήσεως.
2570 3288 2939 3380 ’Δποκρίνεται
3014 3306 3041 3360 6
3097 3288 3408 3374 Bantia-cf;
3468 3307 3601 3382 πρὸς
3659 3307 3797 3371 τοὺς

386 3403 600 3470 quente
631 3396 723 3453 die
754 3400 1003 3451 testatur
1031 3396 1101 3449 de
1129 3394 1293 3464 Jesu,
1326 3394 1479 3464 quod
1511 3394 1763 3464 Spiritus
1794 3396 2028 3450 descen-

382 3487 532 3543 derit
554 3502 731 3559 super
759 3501 912 3541 eum.
935 3484 1222 3554 Sequente
1253 3484 1465 3537 iterum
1498 3482 1586 3537 die
1618 3483 2023 3539 testimonium

378 3576 647 3649 perhibet
678 3576 749 3630 de
778 3575 937 3630 Jesu.
971 3572 1107 3627 Sese
1156 3571 1240 3625 illi
1292 3571 1563 3642 adjungit
1608 3571 1887 3627 Andreas.
1926 3572 2021 3628 Pe-

376 3671 534 3722 trum
565 3665 805 3721 adducit
824 3664 1084 3718 Andreas
1105 3662 1174 3715 ad
1199 3660 1517 3715 Christum.
1538 3664 1776 3715 Postero
1801 3661 1893 3715 die
1919 3678 2020 3716 vo-

373 3760 465 3811 cat
483 3754 819 3827 Philippum
838 3753 1093 3807 Andreas
1114 3751 1183 3805 ad
1203 3767 1359 3805 eum.
1377 3750 1612 3805 Postero
1635 3749 1727 3804 die
1748 3765 2019 3821 egressus

368 3844 425 3899 in
461 3843 754 3899 Galilaeam
784 3844 974 3906 Jesus,
1008 3846 1172 3895 vocat
1201 3839 1536 3910 Philippum
1565 3838 1697 3893 :hic
1728 3839 1880 3894 142
1911 3838 2017 3893 du-

369 3935 448 3989 cit
477 3933 797 3988 Nathanael
841 3933 909 3985 ad
959 3946 1114 3984 eum.
1149 3928 1575 3983 Testimonium
1627 3927 1762 3982 huic
1794 3929 1893 3982 dat
1921 3928 2016 3983 Je-

370 4040 492 4077 sus.
546 4023 774 4094 Nuptiae
820 4021 969 4075 ﬁunt
1020 4020 1077 4073 in
1128 4022 1283 4073 Cana
1312 4018 1451 4088 (cap.
1485 4018 1569 4088 ιι).
1610 4018 1813 4072 Postea
1860 4018 2017 4072 venit

369 4114 752 4181 Capernaum.
775 4108 1051 4163 Ascendit
1070 4105 1490 4177 Jerosolymam
1514 4107 1571 4160 in
1598 4107 1740 4161 festo
1776 4105 2017 4162 Pascha-

370 4198 484 4253 tis:
510 4196 714 4264 ejicite
746 4195 962 4266 templo
993 4196 1309 4249 vendentes
1341 4194 1663 4250 columbas.
1691 4193 1853 4249 Multi
1885 4212 2013 4250 cre-

369 4286 519 4340 dunt
548 4284 606 4339 in
630 4302 782 4340 eum.
809 4285 958 4337 Tum
986 4284 1056 4336 de
1077 4283 1389 4337 Nicodemo
1414 4290 1551 4353 (cap.
1573 4286 1678 4355 lu).
1699 4284 1837 4338 Post
1860 4285 2016 4339 venit

364 4375 423 4429 in
453 4374 714 4430 Judazam
762 4376 819 4427 et
864 4371 1241 4442 baptizabant
1291 4371 1477 4441 ipsius
1527 4370 1817 4443 discipuli.
1853 4373 2012 4426 Nun-

360 4464 571 4519 tiatum
603 4467 693 4518 est
723 4462 831 4517 hoc
855 4460 1087 4516 Joanni.
1114 4460 1371 4514 Audiens
1400 4460 1570 4514 Jesus
1602 4461 1657 4514 1d
1692 4465 1894 4515 notum
1929 4464 2011 4515 l‘a-

360 4562 517 4609 clum
539 4569 667 4608 esse
693 4550 1020 4614 Pharisaais,
1040 4549 1345 4603 descendit
1375 4548 1433 4602 in
1459 4548 1752 4603 Galilaeam
1786 4567 1888 4620 per
1908 4551 2009 4605 Sa-

360 4643 606 4697 mariam
639 4645 783 4711 (cap.
813 4639 911 4710 1v).
936 4638 1393 4707 Subsequuntur
1422 4652 1511 4700 ea,
1538 4652 1665 4707 quae
1695 4653 1826 4691 cum
1879 4654 2006 4692 mu-
2040 4662 2086 4726 D

356 4730 496 4785 liere
530 4729 899 4785 Samaritana
945 4727 1100 4781 facta
1130 4730 1288 4780 sunt.
1325 4724 1585 4779 Credunt
1631 4724 2003 4781 Samaritani.

359 4819 529 4875 Venit
557 4819 731 4874 Jesus
757 4818 814 4871 in
846 4815 1002 4871 Cana
1034 4818 1091 4870 et
1122 4814 1344 4868 accedit
1373 4814 1443 4868 ad
1477 4830 1611 4868 eum
1647 4814 1903 4884 regulus,
1939 4814 2004 4869 ﬁ-

361 4904 421 4963 lii
454 4908 658 4979 gratia.
697 4906 864 4962 Redit
910 4903 1333 4976 Jerosolymam
1367 4903 1507 4974 (cap.
1532 4904 1607 4975 v).
1642 4904 1819 4958 Sanat
1868 4922 2001 4960 eum

358 4994 419 5049 in
452 4996 703 5051 Sabbato
738 4996 836 5067 qui
868 4994 1039 5050 annis
1072 4993 1310 5064 triginta
1338 4997 1467 5047 octo
1501 4992 1848 5065 paralyticus
1882 4996 2001 5049 fue-

361 5089 470 5141 rat.
506 5088 781 5150 Quzerunt
831 5100 966 5139 eum
1009 5082 1195 5138 Judaai
1243 5081 1521 5137 occidere.
1561 5083 1707 5137 Dicit
1736 5082 1818 5138 eis
1851 5087 2001 5155 quod

354 5190 387 5228 a
420 5180 528 5229 Deo
563 5175 781 5230 missus
831 5173 926 5227 sit.
958 5172 1321 5226 Transfrctat
1352 5188 1381 5225 e
1416 5172 1650 5241 regione
1680 5171 2002 5230 Tiberiadis

351 5263 490 5334 (cap.
529 5266 601 5333 νι)
637 5280 648 5318 :
681 5268 803 5317 erat
852 5269 1045 5316 autem
1086 5260 1329 5315 Pascha.
1366 5261 1483 5314 Alit
1534 5263 1753 5315 turbas.
1791 5262 2003 5318 Volunt

348 5368 481 5407 eum
541 5368 733 5407 creare
790 5366 1007 5423 regem,
1064 5355 1123 5405 et
1179 5349 1398 5405 secedit
1456 5350 1513 5402 in
1574 5356 1854 5405 montem.
1910 5354 1999 5406 Ui-

418 5534 433 5568 ¹
471 5532 608 5587 Luc.
641 5548 779 5600 xxu,
813 5532 900 5585 31.

419 5715 531 5789 (31)
562 5722 788 5792 "Furia;
802 5756 812 5770 .

2135 3390 2536 3455 ἀποσταλέντας
2566 3394 2704 3465 πρὸς
2744 3392 2924 3451 αὐτόν.
2956 3398 3032 3466 Τῇ
3084 3393 3338 3469 ἐπαύριον
3389 3400 3650 3471 μαρτυρεῖ
3704 3402 3792 3470 τῷ

2137 3479 2337 3550 Ἰησοῦ,
2387 3481 2469 3535 ὅτι
2513 3482 2574 3535 τὸ
2636 3486 2852 3555 Πνεῦμα
2890 3477 3090 3552 κατέϐη
3144 3482 3225 3538 ἐπ’
3282 3484 3463 3542 αὑτόν.
3510 3488 3586 3558 Τῇ
3615 3484 3788 3539 ἐπαύ-

2134 3587 2248 3643 ριον
2282 3567 2446 3622 πάλιν
2482 3576 2744 3646 μαρτυρεῖ
2770 3571 2848 3643 τῷ
2881 3572 3080 3641 Ἰησοῦ.
3124 3572 3223 3626 Καὶ
3269 3571 3582 3629 κολλῶνται
3632 3574 3787 3648 αὑτῷ

2134 3658 2183 3710 οἱ
2217 3658 2337 3733 περὶ
2386 3656 2657 3734 Ἀνδρέαν.
2722 3660 2874 3734 Ἀγει
2924 3660 3015 3714 τὸν
3071 3661 3268 3736 Πέτρον
3302 3661 3329 3715 6
3364 3658 3610 3736 Ἀνδρέας
3642 3663 3787 3737 πρὸς

2128 3745 2396 3820 αὐτόν.Τῇ
2419 3746 2669 3823 ἐπαύριον
2693 3746 2852 3803 καλεῖ
2872 3749 2962 3804 τὸν
2996 3747 3271 3806 Φίλιππον
3306 3751 3334 3805 ὁ
3359 3748 3604 3825 Ἀνδρέας
3635 3753 3777 3827 πρὸς

2129 3835 2305 3892 αὐτόν.
2365 3840 2446 3910 Τῇ
2497 3837 2750 3913 ἐπαύριον
2791 3839 2950 3893 καλεῖ
2995 3839 3086 3894 τὸν
3139 3837 3415 3894 Φίλιππον
3463 3841 3490 3894 6
3542 3841 3774 3912 Ἰησοῦς,

2128 3924 2354 3995 ἐξελθὼν
2387 3926 2459 3987 εἰς
2486 3928 2583 3996 τὴν
2614 3925 2925 3984 Γαλιλαίαν.
2982 3925 3149 3990 Οὗτος
3182 3930 3294 4004 ἄγει
3342 3929 3433 3983 τὸν
3484 3929 3774 3998 Ναθαναὴλ

2126 4015 2260 4089 πρὸς
2297 4014 2473 4071 αὐτόν.
2526 4023 2797 4091 Μαρτυρεῖ
2848 4015 2994 4089 αύτῷ
3046 4019 3074 4072 ὁ
3122 4018 3349 4087 Ἰησοῦς.
3402 4020 3463 4074 Ὁ
3510 4019 3687 4093 γάμος
3720 4017 3774 4072 ἐν

2128 4109 2268 4157 Κανά
2318 4103 2536 4178 γὲνεται.
2600 4107 2729 4160 Εἶτα
2782 4102 2997 4180 ἔρχεται
3047 4105 3123 4167 εἷς
3175 4107 3555 4181 Καπερναούμ.
3616 4107 3778 4163 Ἀνα-

2125 4187 2296 4246 ϐαίνει
2330 4192 2401 4253 εἰς
2434 4191 2786 4267 Ἱεροσόλυμα
2818 4193 2868 4247 ἐν
2895 4200 2975 4265 τῷ
3026 4196 3232 4269 Πάσχα
3270 4190 3526 4251 ἐκϐάλλει
3573 4194 3631 4250 ἐκ
3676 4199 3777 4250 τοῦ

2123 4282 2271 4357 ἱεροῦ
2327 4280 2453 4343 τοὺς
2514 4282 2831 4344 πωλοῦντας
2887 4284 2979 4340 τὰς
3026 4285 3365 4358 περιστεράς.
3425 4282 3636 4339 Πολλοὶ
3687 4306 3777 4339 πι-

2123 4371 2397 4425 στεύουσιν
2455 4369 2529 4432 εἷς
2581 4370 2758 4427 αὐτόν.
2823 4374 2953 4428 Εἶτα
2980 4374 3045 4426 τὰ
3092 4373 3225 4427 κατᾶ
3260 4371 3594 4446 Νικόδημον.
3636 4375 3771 4430 Εἶτα

2121 4457 2338 4535 ἔρχεται
2372 4460 2445 4521 εἷς
2475 4462 2573 4528 τὴν
2605 4458 2883 4534 Ἰουδαίαν,
2934 4462 3020 4516 καὶ
3075 4455 3358 4532 ἐϐάπτιζον
3420 4462 3470 4517 οἱ
3533 4464 3767 4535 μαθηται

2121 4550 2303 4607 αὐτοῦ.
2366 4550 2709 4625 Ἀπηγγέλθη
2768 4548 2848 4623 τῷ
2900 4553 3147 4626 Ἰωάννῃ.
3183 4553 3446 4615 Ἀκούσας
3476 4555 3503 4608 6
3533 4555 3767 4627 Ἰησοῦς,

2119 4638 2201 4693 ὅτι
2234 4636 2431 4711 ἔμαθον
2484 4640 2534 4693 οἱ
2582 4645 2895 4714 Φαρισαῖοι,
2945 4637 3146 4711 κατέϐη
3198 4642 3274 4704 εἰς
3324 4643 3423 4711 τὴν
3472 4640 3769 4698 Γαλιλαίαν

2119 4724 2206 4781 διὰ
2250 4734 2349 4796 τῆς
2399 4726 2728 4801 Σαμαρείας.
2791 4730 2920 4784 Εἶτα
2975 4730 3042 4784 τά
3086 4732 3221 4785 κατὰ
3265 4732 3366 4800 τὴν
3416 4738 3769 4805 Σαμαρεῖτιν.

2120 4816 2460 4871 Πιστεύουσιν
2491 4818 2541 4871 οἱ
2576 4824 2931 4891 Σαμαρεῖται.
2967 4819 3224 4895 Ἔρχεται
3268 4819 3343 4883 εἷς
3397 4827 3538 4875 Κανᾶ
3581 4823 3608 4875 6
3660 4823 3768 4891 Ἰη-

2115 4909 2262 4974 σοῦς,
2296 4906 2383 4960 καὶ
2416 4906 2465 4960 οἶ
2521 4905 2836 4982 βασιλίσκος
2884 4913 3247 4983 προσέρχεται
3298 4909 3430 4985 ὑπὲρ
3477 4915 3573 4965 τοῦ
3624 4907 3766 4968 υἱοῦ.

2115 4991 2373 5063 Ἀνῆλθεν
2408 4994 2483 5057 εἷς
2509 4993 2887 5070 Ἰεροσόλυμα,
2914 4996 3002 5051 καὶ
3034 4998 3125 5052 τὸν
3159 4996 3209 5052 ἐν
3244 4996 3331 5069 λη’
3362 4996 3532 5053 ἕστεσι
3591 5021 3763 5075 παρα-

2116 5081 2413 5156 λελυμένον
2447 5082 2586 5137 ἰᾶται
2619 5083 2669 5136 ἐν
2704 5078 2988 5157 Σαϐϐάτῳ.
3042 5088 3296 5157 Ἐζήτουν
3332 5087 3487 5143 αὐτὸν
3521 5087 3570 5143 οἲ
3624 5090 3760 5145 Ἰου-

2115 5169 2256 5225 δαῖοι
2304 5173 2632 5228 ἀποκτεῖναι.
2688 5173 2839 5247 Λέγει
2886 5173 3068 5236 αὐτοῖς
3116 5175 3199 5230 ὅτι
3246 5176 3390 5249 παρά
3431 5182 3563 5232 Θεοῦ
3591 5177 3761 5251 ἐπέμ-

2113 5273 2242 5339 φθη.
2280 5258 2518 5329 Ἀπὴλθε
2548 5261 2713 5331 πέραν
2742 5269 2841 5331 τῆς
2873 5258 3211 5340 Τιϐεριάδος
3246 5268 3310 5334 ἦν
3341 5263 3398 5319 δὲ
3438 5268 3499 5320 τὸ
3546 5268 3754 5343 Πάσχα.

2112 5349 2309 5428 Τρέφει
2355 5349 2483 5410 τοὺς
2537 5344 2763 5425 ὄχλους.
2816 5351 3116 5423 Ἠθὲλησαν
3158 5353 3316 5410 αὐτὸν
3348 5362 3572 5425 ποιῆσαι
3610 5356 3759 5432 βασι-
