4086 6222
316 339 440 401 401

1431 341 1803 404 SYNOPSIS
1848 341 2171 402 SCRIPTU
2184 343 2305 401 BE
2348 338 2647 402 SACR/E.

3618 350 3738 409 402

319 470 444 545 λέα,
476 472 565 526 καὶ
598 473 875 548 ἀναχωρεῖ
904 471 980 535 είς
1010 474 1072 527 τὸ
1119 472 1272 548 ὅρος.
1333 472 1639 529 Ἔπλευσαν
1690 473 1740 528 οἱ
1804 474 1964 546 μαθη-

2092 474 2171 529 sci
2181 473 2302 545 puli
2338 474 2612 547 navigant
2637 474 3024 546 Capernaum.
3053 478 3172 532 Huc
3201 480 3259 532 et
3277 477 3450 534 Jesus
3478 482 3657 550 venit,
3683 486 3740 539 et

316 560 408 615 ταὶ
462 561 537 622 εἰς
594 560 976 635 Καπερναοόμ.
1034 562 1231 618 Ἦλθεν
1292 563 1320 617 6
1377 565 1587 633 Ἰησοῦς
1639 562 1768 627 ἐκεῖ,
1802 560 1970 630 ήλθον

316 651 410 703 καὶ
442 651 495 703 οἱ
526 645 714 725 ὄχλοι.
747 649 888 707 Τότε
917 649 1101 712 αὐτοῖς
1131 652 1254 727 περὶ
1284 655 1391 705 τῶν
1442 650 1755 722 μυστηρίων
1790 648 1974 705 διαλέ-

314 758 491 813 γεται.
535 738 639 794 Καὶ
675 740 751 809 μὴ
784 737 1090 814 ἐνέγκαντες
1117 740 1209 794 τὸν
1253 738 1440 814 λόγον,
1495 739 1737 803 ἀπῆλθον
1791 740 1865 801 εἰς
1909 739 1975 793 τὰ

318 826 523 885 ὀπίσω.
582 828 738 902 Λέγει
797 833 912 890 τοῖς
973 826 1200 883 δώδεκα·
1263 850 1283 879 ι
1327 830 1415 897 Μὴ
1465 829 1555 883 καὶ
1591 830 1744 901 ὑμεῖς
1792 827 1974 892 θέλετε

314 917 580 990 ὑπάγειν;
631 940 659 967 ››
711 916 845 972 Τότε
897 914 1042 992 λέγει
1087 917 1308 992 Πέτροςο
1348 942 1368 968 ιι
1408 920 1631 990 Ρήματα
1665 923 1808 986 ζωῆς
1841 916 1971 970 αἰω-

310 1005 433 1060 νίου
465 1004 638 1080 ἔχεις,
668 1006 808 1079 πρὸς
844 1006 967 1060 τίνα
1012 1004 1463 1079 ἀπελευσόμεθα;
1501 1031 1526 1055 ››
1582 1007 1970 1080 Σκηνοπηγίας

308 1091 498 1161 οὔσης,
531 1096 928 1169 προτρέπονται
961 1094 1118 1149 αὑτὸν
1152 1096 1203 1149 οἱ
1237 1094 1467 1173 ἀδελφοὶ
1499 1095 1740 1150 ἀνελθεῖν
1788 1094 1838 1149 ἐν
1894 1100 1972 1166 τῷ

308 1185 465 1258 ἱερῷ.
526 1185 588 1240 Ὁ
647 1182 706 1238 δὲ
763 1184 984 1259 ὕστερον
1036 1184 1262 1255 ἀνῆλθε,
1312 1185 1402 1239 καὶ
1443 1185 1667 1255 ἐζήτουν
1727 1184 1885 1239 αὐτὸν
1920 1184 1971 1238 οἱ

310 1270 597 1344 Ἰουδαῖοι,
629 1274 721 1327 καὶ
752 1273 1116 1347 ἠγανάκτουν.
1148 1273 1233 1328 δτι
1266 1274 1316 1328 ἐν
1352 1269 1619 1345 Σαϐϐάτῳ
1648 1272 1852 1350 τυφλὸν
1890 1273 1968 1326 ici-

312 1381 470 1417 σατο.
517 1360 835 1438 Διαλέγεται
882 1363 1006 1437 περὶ
1060 1367 1157 1417 τοῦ
1200 1362 1577 1438 Ποιροικλητου⁸
1638 1363 1727 1417 καὶ
1785 1364 1836 1416 οἱ
1873 1363 1968 1434 μὶν

314 1448 654 1516 ἐπίστευσαν,
706 1451 757 1505 οἱ
810 1449 869 1505 δὲ
917 1450 1200 1520 ἠπίστουν.
1266 1450 1652 1525 Ἐγκαλοῦνται
1709 1452 1968 1527 ὑπηρέται

310 1538 418 1593 ὑπὸ
445 1542 556 1593 τῶν
588 1539 914 1615 ἀρχιερέων,
947 1538 1029 1594 ὅτι
1063 1539 1162 1594 οὐκ
1201 1540 1419 1595 ἐπίασαν
1475 1540 1659 1597 αὐτόν.
1712 1540 1969 1615 Διαλέγε-

306 1648 398 1682 ται
455 1628 645 1690 αὐτοῖς
694 1630 723 1683 6
773 1626 1116 1701 Νικόδημος,
1167 1629 1257 1683 καὶ
1289 1629 1728 1703 ἐπιστομίζουσιν
1787 1629 1965 1685 αὐτόν.

310 1715 547 1772 Πάλινὸ
608 1719 823 1787 Ἰησοῦς
882 1715 1189 1811 διαλέγεται
1248 1717 1454 1780 αὐτοῖς·
1516 1719 1605 1772 καὶ
1669 1718 1966 1790 ἐπειρῶντο

310 1803 628 1878 ἀνατρέπειν
660 1805 825 1860 αὐτοῦ
870 1806 938 1860 τὰ
969 1803 1206 1881 ῥήματα.
1260 1808 1510 1861 Ἐνταῦθα
1564 1808 1633 1861 τὰ
1686 1807 1809 1882 περὶ
1866 1814 1965 1876 τῆς
1998 1844 2045 1908 Β

307 1894 785 1970 κατηγορηθείσης
842 1894 930 1949 ἐπὶ
992 1895 1236 1971 μοιχείᾳ.
1296 1894 1469 1950 Πάλιν
1538 1894 1689 1970 Λέγει
1758 1895 1965 1957 αὐτοῖς’

311 2008 343 2035 κ
404 1985 527 2059 Εγὼ
586 1984 801 2059 ὑπάγω,
852 1984 990 2039 ὅπου
1042 1986 1206 2056 ἡμεῖς
1257 1986 1319 2040 06
1361 1982 1585 2048 δύνασθε
1618 1985 1813 2041 ἐλθεῖν.
1848 2008 1870 2037 τι
1905 1987 1966 2040 Οἱ

310 2070 375 2127 δὲ
429 2071 706 2145 ἐνόμιζον,
765 2071 849 2127 ὅτι
909 2075 1118 2149 ἀναιρεῖ
1176 2073 1383 2129 ἑαυτόν.
1427 2074 1561 2130 Εἶτα
1588 2072 1849 2149 προλέγει
1874 2077 1964 2129 τὸν

307 2161 515 2236 τρόπον
560 2166 659 2215 τοῦ
712 2162 937 2216 θανάτου
964 2161 1148 2231 αὐτοῦ,
1182 2162 1272 2217 καὶ
1305 2162 1617 2217 ἐπίστευσαν
1650 2162 1857 2218 πολλοὶ
1892 2165 1967 2225 εἰς

309 2250 505 2309 αὐτόν.
555 2250 688 2305 Τότε
736 2250 879 2326 λέγει
911 2250 1115 2313 αὐτοῖς’
1156 2275 1185 2303 ‹‹
1218 2252 1339 2307 Ἐὰν
1374 2251 1591 2324 μείνητε
1621 2252 1672 2306 ἐν
1703 2256 1780 2323 τῷ
1812 2251 1966 2327 λόγῳ

314 2360 444 2411 μου,
477 2343 512 2409 ἡ
548 2338 779 2411 ἀλήθεια
807 2339 1157 2413 ἐλευθερώσει
1200 2341 1359 2414 ὑμᾶς,
1394 2366 1421 2393 ››
1452 2342 1542 2396 καὶ
1572 2339 1728 2416 ἕτερα
1757 2342 1961 2398 πολλά.

305 2427 576 2501 Λέγουσιν
609 2428 757 2501 αότῷ
787 2430 839 2483 οἱ
874 2426 1147 2485 Ἰουδαῖοι·
1182 2454 1209 2481 ‹‹
1246 2430 1590 2505 Σαμαρείτης
1625 2432 1693 2500 εἴ,
1725 2432 1815 2485 καὶ
1848 2429 1963 2485 δαι-

308 2516 501 2588 μόνιον
535 2516 705 2591 ἔχεις.
741 2541 769 2568 »
799 2516 969 2573 Πάλιν
1001 2519 1030 2571 6
1064 2520 1274 2588 Ἰησοῦς
1325 2517 1511 2574 πολλά
1540 2518 1726 2581 αὐτοῖς
1780 2518 1964 2575 διαλέ-

302 2626 480 2681 γεται,
513 2605 567 2660 ἐν
597 2605 678 2666 οἷς
710 2604 973 2681 ἐπήγαγε
1009 2631 1038 2658 ‹‹
1074 2608 1205 2682 Πρὶν
1238 2602 1490 2683 Ἀϐραὰμ
1538 2607 1800 2683 γενέσθαι,
1855 2608 1964 2683 ἐγώ

305 2694 447 2765 εἰμι.
498 2717 528 2744 ν»
574 2694 706 2749 Τότε
753 2692 1028 2765 ἠθέλησαν
1075 2694 1291 2749 λιθάσαι
1340 2696 1520 2750 αὐτόν·
1574 2699 1601 2751 ὁ
1652 2695 1709 2751 δὲ
1735 2696 1961 2767 ἐξελθὼν

305 2782 400 2836 ἀπ’
433 2782 634 2852 αὐτῶν,
667 2783 986 2857 ἐθεράπευσε
1014 2785 1106 2838 τὸν
1137 2783 1340 2861 τυφλὸν
1390 2783 1579 2857 πηλῷ.
1617 2788 1744 2842 [δῖτα
1776 2784 1964 2843 διαλέ-

308 2893 465 2946 γεται
496 2873 621 2946 περὶ
651 2877 760 2927 τῶν
794 2868 1083 2947 προϐάτων
1114 2874 1203 2927 καὶ
1259 2879 1357 2928 τοῦ
1397 2873 1681 2947 ποιμένος,
1734 2880 1828 2930 τοῦ
1877 2874 1966 2930 διὰ

306 2967 414 3029 τῆς
465 2960 628 3036 θύρας
676 2961 1059 3037 εἰσερχομένου
1119 2961 1197 3023 εἰς
1252 2963 1353 3031 τὴν
1408 2961 1602 3033 αὐλήν·
1634 2964 1723 3018 καὶ
1754 2964 1965 3039 σχίσμα

310 3049 525 3124 ὶγένετο
558 3049 611 3103 ἐν
639 3055 760 3112 τοῖς
794 3050 1098 3111 Ἰουδαίοις.
1132 3056 1253 3112 Τοῖς
1288 3052 1606 3125 Ἐγκαινίοις
1654 3056 1960 3129 περιεπάτει

309 3140 343 3193 ὁ
374 3141 587 3209 Ἰησοῦς
618 3138 670 3194 έν
721 3143 790 3212 τῇ
836 3144 965 3210 στοᾷ
1003 3139 1385 3213 Σολομῶντος.
1448 3142 1749 3217 Ἐρωτῶσιν
1802 3142 1959 3198 αὐτὸν

2086 562 2270 617 turbae
2313 579 2546 635 quoque
2595 581 2660 618 eo
2710 580 3068 621 concessere.
3094 567 3258 621 Tunc
3308 568 3579 624 edisserit
3623 571 3741 627 illis

2085 652 2157 706 de
2188 654 2500 724 mysteriis.
2536 652 2624 707 Illi
2667 670 2799 708 vero
2854 670 2967 707 non
3021 655 3271 710 ferentes
3304 671 3429 725 quia
3462 657 3742 713 diceban-

2087 745 2199 810 tur,
2226 747 2378 796 retro
2429 742 2660 797 cedunt.
2686 742 2835 797 Dicit
2883 743 3189 798 duodecim
3221 744 3551 815 (apostolis)
3573 763 3619 800 τι
3654 749 3741 803 An

2085 835 2141 883 et
2168 846 2269 885 vos
2322 830 2502 885 vultis
2561 832 2720 886 abire
2745 832 2806 886 9?
2836 856 2856 880 ω
2888 834 3053 887 Tunc
3110 833 3317 888 Petrus
3378 836 3692 905 respondet
3724 854 3738 892 :

2088 940 2116 967 ‹‹
2139 918 2329 975 Verba
2351 920 2480 975 vitae
2509 926 2735 975 aeternas
2769 920 2970 989 habes,
2997 922 3069 975 ad
3094 938 3267 992 quem
3300 922 3596 979 abibimus
3620 925 3685 979 3?
3710 947 3738 975 ››

2084 1010 2227 1063 Cum
2256 1013 2410 1063 esset
2433 1010 2646 1063 festum
2678 1009 3235 1077 Tabernaculorum,
3263 1010 3573 1067 hortantur
3600 1030 3734 1069 eum

2084 1096 2315 1163 fratres,
2364 1103 2428 1151 ut
2485 1099 2766 1153 ascendat
2822 1099 2881 1152 in
2940 1098 3226 1169 templum
3272 1101 3417 1170 (cap.
3449 1102 3569 1172 νυ).
3604 1103 3735 1173 Ipse

2080 1201 2215 1240 vero
2248 1186 2483 1240 tandem
2521 1186 2801 1253 ascendit,
2831 1191 2886 1241 et
2917 1192 3190 1257 quaerunt
3227 1204 3361 1241 eum
3404 1189 3610 1256 Judaei,
3645 1196 3733 1246 at-

2083 1290 2196 1345 que
2234 1274 2619 1346 indignantur
2650 1275 2801 1345 quod
2837 1275 2896 1328 in
2943 1275 3190 1330 Sabbalo
3245 1292 3460 1331 caicum
3494 1295 3733 1335 curave-

2082 1368 2191 1417 rat.
2226 1362 2475 1418 Disserit
2515 1366 2584 1418 de
2628 1363 2947 1433 Paracleto,
2979 1369 3036 1419 et
3065 1364 3165 1417 alii
3198 1366 3462 1431 credunt,
3487 1366 3583 1421 alii
3616 1386 3732 1423 non

2080 1452 2346 1507 credunt.
2398 1451 2929 1523 Reprehenduntur
2986 1452 3242 1508 ministri
3290 1471 3323 1507 a
3370 1455 3733 1526 principibus

2081 1541 2475 1606 sacerdotum,
2527 1541 2683 1611 quod
2750 1558 2865 1595 non
2924 1540 3218 1611 cepissent
3273 1559 3430 1598 eum.
3465 1544 3735 1616 Disputat

2081 1645 2215 1684 cum
2274 1628 2357 1684 eis
2414 1628 2765 1684 Nicodamus
2804 1646 2816 1683 :
2851 1628 2936 1683 illi
2966 1645 3099 1685 vero
3148 1647 3212 1684 os
3270 1631 3383 1702 ipsi
3433 1631 3730 1688 obturant.

2077 1718 2248 1773 Jesus
2284 1735 2519 1774 rursum
2556 1718 2820 1789 disputat
2863 1735 2996 1772 cum
3029 1718 3150 1774 eis:
3185 1720 3297 1791 ipsi
3330 1724 3531 1776 contra
3558 1725 3732 1779 verba

2079 1808 2207 1878 ejus
2238 1808 2541 1862 confutare
2565 1813 2872 1862 conantur.
2897 1808 3223 1878 Subjicitur
3252 1810 3323 1865 de
3354 1809 3599 1865 muliere
3629 1829 3730 1866 su-

2081 1914 2181 1968 per
2235 1896 2522 1952 adulterio
2569 1901 2842 1952 accusata
2872 1898 3012 1968 (cap.
3047 1898 3189 1970 vm).
3240 1898 3456 1953 Iterum
3509 1900 3580 1955 ad
3630 1918 3729 1957 eos

2077 1985 2356 2057 loquitur,
2390 1986 2590 2041 dicens
2626 2002 2688 2040 τι(
2713 1987 2831 2057 Ego
2862 1986 3029 2051 vado,
3062 2003 3176 2057 quo
3206 2003 3307 2042 vos
3338 2005 3454 2043 non
3486 1990 3728 2060 potestis

2077 2076 2275 2130 venire
2313 2076 2353 2129 δ.
2415 2097 2444 2125 ››
2505 2075 2621 2145 Ipsi
2681 2092 2812 2130 vero
2870 2076 3183 2146 putabant,
3247 2077 3402 2146 quod
3465 2078 3727 2148 seipsum

2077 2163 2247 2219 vellet
2276 2163 2625 2218 interﬁcere.
2658 2163 2878 2218 Deinde
2919 2164 3160 2219 modum
3195 2165 3400 2220 mortis
3430 2182 3548 2221 suae
3582 2185 3731 2237 prte-

2075 2252 2236 2317 dicit,
2269 2257 2326 2307 et
2368 2251 2542 2306 multi
2594 2254 2653 2306 in
2704 2269 2838 2307 eum
2891 2254 3155 2308 credunt.
3187 2254 3349 2309 Tunc
3383 2255 3525 2310 dicit
3553 2256 3670 2311 illis
3712 2274 3726 2313 :

2076 2363 2102 2391 ‹‹
2139 2340 2195 2395 Si
2232 2340 2566 2395 manseritis
2598 2340 2655 2394 in
2708 2356 2979 2395 sermone
3012 2358 3164 2409 meo,
3193 2342 3406 2397 veritas
3454 2342 3727 2400 liberabit

2075 2446 2176 2484 vos
2198 2429 2240 2495 ⁸,
2262 2451 2290 2479 ››
2325 2433 2383 2484 et
2412 2428 2527 2483 alia
2570 2428 2778 2484 multa.
2813 2429 3029 2485 Dicunt
3056 2430 3127 2485 ad
3158 2447 3290 2485 eum
3322 2431 3508 2487 Judaai
3538 2451 3588 2488 ;‹‹
3618 2434 3722 2489 Sa-

2074 2518 2403 2573 maritanus
2431 2534 2514 2588 es,
2546 2522 2603 2573 et
2632 2518 2985 2572 damonium
3018 2518 3197 2574 habes
3219 2520 3259 2574 ⁶.
3287 2542 3314 2568 ››
3349 2521 3614 2578 Vicissim
3634 2524 3724 2578 Je-

2074 2624 2176 2662 sus
2209 2606 2395 2662 multa
2424 2607 2495 2661 ad
2527 2624 2627 2661 eos
2656 2606 2944 2673 edisserit,
2977 2608 3124 2661 inter
3154 2624 3280 2679 quae
3313 2614 3369 2663 et
3400 2609 3507 2664 hoc
3528 2611 3671 2665 dicit
3704 2630 3718 2667 :

2074 2719 2103 2745 ι(
2145 2700 2475 2765 Antequam
2532 2694 2827 2749 Abraham
2876 2694 3057 2764 ﬁeret,
3118 2712 3223 2767 ego
3272 2713 3404 2751 sum
3430 2698 3469 2750 τ.
3495 2720 3522 2747 ι)
3555 2698 3721 2753 Tunc

2074 2801 2207 2840 eum
2254 2784 2512 2855 lapidare
2557 2783 2875 2838 volebant:
2910 2784 3034 2855 ipse
3082 2801 3214 2839 vero
3262 2785 3597 2857 disgressus
3646 2787 3719 2842 ab

2072 2874 2212 2940 illis,
2246 2874 2470 2929 curavit
2501 2889 2717 2927 caecum
2750 2872 2874 2927 luto
2905 2872 3048 2943 (cap.
3081 2873 3181 2944 ix).
3215 2874 3424 2930 Postea
3453 2874 3725 2931 edisserit

2074 2965 2143 3019 de
2174 2962 2380 3018 ovibus
2428 2967 2485 3018 et
2535 2965 2769 3033 pastore
2809 2979 2910 3032 per
2931 2964 3180 3031 januam
3226 2964 3285 3017 in
3334 2964 3481 3019 ovile
3528 2964 3722 3036 ingre-

2071 3052 2267 3108 diente
2317 3056 2451 3122 (cap.
2484 3050 2542 3121 ι)
2577 3067 2589 3105 :
2622 3054 2679 3105 et
2728 3050 2989 3105 schisma
3038 3038 3223 3106 oritur
3270 3051 3421 3107 inter
3466 3052 3722 3109 Judzeos.

2076 3142 2138 3195 In
2173 3141 2317 3195 festo
2372 3138 2760 3194 Dedicationis
2804 3138 3143 3195 ambulabat
3169 3140 3344 3196 Jesus
3393 3141 3451 3195 in
3500 3141 3721 3210 porticu

308 3228 365 3281 οἱ
420 3224 703 3291 Ἰουδαῖοι,
766 3209 814 3283 εί
872 3209 1032 3289 αὐτὸς
1091 3209 1172 3298 εἴη
1220 3230 1248 3283 6
1282 3209 1532 3304 Χριστός..
1567 3231 1653 3292 Ὣς
1705 3228 1762 3285 δὲ
1793 3232 1958 3301 εἶπεν,

2077 3228 2421 3284 Salomonis.
2479 3229 2847 3299 lnterrogant
2900 3244 3036 3283 eum
3095 3228 3302 3296 Judaei,
3334 3246 3407 3283 an
3464 3209 3590 3299 ipse
3647 3230 3725 3285 sit

306 3312 606 3371 ἐϐάστασαν
634 3316 819 3378 λίθους
855 3316 1039 3391 βαλεῖν
1072 3317 1155 3372 ἐπ’
1185 3317 1365 3374 αὐτόν.
1412 3320 1501 3381 Ὠς
1533 3316 1590 3373 δὲ
1638 3322 1826 3395 ῆρώτα
1869 3322 1960 3375 αὐ-

303 3406 434 3467 τοῦς
465 3406 568 3474 τὴν
604 3404 799 3473 αἰτίαν,
830 3404 1001 3474 ἦλθον
1032 3405 1217 3461 πιάσαι
1249 3406 1429 3474 αὐτὸν,
1461 3408 1549 3462 καὶ
1582 3409 1680 3463 οὐκ
1714 3408 1958 3484 ἴσχυσαν.

308 3493 614 3563 Ἄπι-ἦλθεν,
672 3493 809 3548 ὅπου
868 3489 1148 3564 ἐϐάπτιζεν
1205 3496 1477 3567 Ἰωάννης.
1540 3498 1852 3570 Πέμπουσιν
1906 3499 1965 3553 ἐκ

307 3582 585 3654 Βηθανίας
614 3584 669 3636 αἱ
698 3583 821 3657 περὶ
854 3582 1067 3658 Μάρθαν
1103 3583 1233 3658 ὑπὲρ
1263 3590 1361 3639 τοῦ
1403 3584 1672 3660 Λαζάρου.
1708 3586 1805 3641 Καὶ
1842 3589 1965 3663 βου-

307 3672 547 3745 λόμενος
580 3671 657 3734 είς
686 3672 786 3740 τὴν
816 3668 1076 3725 Ἰουδαίαν
1111 3670 1311 3740 ἐλθεῖν,
1346 3672 1587 3728 ἐκώλυον
1621 3677 1673 3729 οἱ
1702 3676 1958 3747 μαθηταί.

308 3761 512 3824 Ἦλθεν
575 3759 651 3821 είς
702 3760 983 3835 βηθανίαν·
1035 3759 1293 3831 ἀνέστησε
1336 3762 1430 3816 τὸν
1478 3762 1738 3838 Λάζαρον.
1792 3764 1960 3819 Πάλιν

308 3846 673 3905 ἔῦουλεύοντο
729 3848 781 3902 οὶ
841 3846 1091 3903 Ἰουδαῖοι
1142 3848 1350 3905 ἀνελεῖν
1406 3850 1490 3905 τὸν
1542 3852 1770 3921 Ἰησοῦν.
1832 3856 1964 3909 Εἶτα

311 3940 554 4015 Καϊάφας
584 3936 934 4013 προφητεύει.
969 3938 1273 4013 Ἀναχωρεῖ
1304 3941 1512 4009 Ἰησοῦς
1558 3940 1635 4003 είς
1685 3942 1784 4009 τὴν
1834 3940 1961 4017 ἔρη-

313 4049 413 4100 μον
439 4027 701 4104 Ἐφραὶμ.
730 4025 861 4082 Εἶτα
891 4027 945 4080 οἱ
975 4024 1227 4080 Ἰουδαῖοι
1260 4022 1602 4102 ἀμφέϐαλον,
1654 4029 1699 4083 εί
1747 4029 1962 4106 ἔρχεται

308 4116 383 4177 εἷς
402 4118 506 4183 τήν
542 4117 765 4187 ἑορτήν.
798 4114 895 4169 Καὶ
926 4116 1031 4191 πρὸ
1060 4112 1112 4185 ἓξ
1144 4118 1366 4189 ἡμερῶν
1412 4122 1507 4171 τοῦ
1559 4119 1749 4193 Πάσχα
1797 4118 1961 4188 ἦλθεν

308 4207 383 4268 εἰς
418 4205 715 4276 Βηθανίαν.
749 4203 880 4259 Κότε
911 4202 1227 4259 δειπνοῦντα
1257 4206 1416 4260 αὐτὸν
1444 4205 1668 4281 ἤλειψεν
1702 4210 1735 4276 ἠ
1763 4208 1962 4284 Μαρία,

305 4297 393 4349 καὶ
427 4296 725 4369 ἀγανακτεῖ
756 4290 982 4355 Ἰούδας.
1020 4294 1389 4367 Ἐπιστομίζει
1432 4294 1589 4350 αὐτὸν
1641 4298 1668 4351 ὁ
1730 4298 1961 4367 Ἰησοῦς.

305 4383 515 4447 Ἦλθον
552 4382 690 4457 πρὸς
722 4381 881 4435 αὐτὸν
911 4381 1021 4435 ἐκεῖ
1051 4382 1101 4435 οἱ
1136 4379 1410 4438 Ἰουδαῖοι.
1444 4384 1786 4454 Ὑπήντησαν
1817 4385 1964 4458 αὐτῷ

311 4468 476 4548 ὄχλοι
551 4472 690 4543 μετά
749 4471 917 4545 βαῗων
975 4469 1258 4545 ἐρχομένῳ
1318 4471 1393 4533 εἰς
1457 4472 1830 4547 Ἰεροσόλυμα,
1873 4474 1962 4529 καὶ

2072 3318 2362 3373 Christus.
2394 3316 2501 3373 Ubi
2534 3333 2665 3371 vero
2714 3317 2871 3371 hunc
2922 3333 2984 3372 se
3031 3334 3160 3373 esse
3210 3318 3372 3387 dicit,
3408 3318 3620 3372 tollunt
3666 3318 3724 3374 la

2073 3407 2261 3479 pides,
2290 3407 2601 3477 utJaciant
2629 3405 2687 3459 in
2716 3422 2887 3473 eum;
2920 3411 2985 3460 ut
3013 3412 3208 3462 autem
3240 3412 3405 3479 rogat
3433 3407 3613 3478 hujus
3644 3408 3724 3463 fa-

2073 3496 2289 3552 cinoris
2320 3511 2583 3560 causam,
2618 3495 2860 3549 veniunt
2908 3496 2979 3549 ad
3030 3496 3375 3567 capiendum
3428 3513 3585 3562 eum,
3618 3498 3719 3551 sed

2075 3603 2187 3640 non
2219 3588 2553 3656 potuerunt.
2591 3584 2722 3639 Abit
2748 3584 2808 3637 in
2840 3600 2976 3639 eum
3014 3583 3229 3651 locum,
3266 3586 3361 3639 ubi
3394 3585 3719 3656 baptizave-

2074 3679 2163 3729 rat
2191 3679 2466 3730 Joannes.
2492 3672 2729 3727 Mittunt
2778 3673 2849 3726 ad
2900 3689 3033 3727 eum
3066 3690 3133 3728 ex
3174 3674 3449 3727 Bethania
3498 3674 3723 3728 Martha

2073 3769 2129 3819 et
2161 3779 2325 3818 soror
2353 3763 2483 3830 ejus
2516 3766 2750 3832 propter
2801 3762 3075 3816 Lazarum
3115 3761 3258 3831 (cap.
3287 3768 3387 3825 χι).
3416 3760 3719 3815 Volentem

2074 3852 2156 3907 ire
2187 3852 2246 3906 in
2285 3851 2548 3907 Judzeam
2599 3849 2910 3919 prohibent
2958 3846 3252 3919 discipuli.
3285 3848 3454 3902 Venit
3504 3848 3718 3903 Betha-

2075 3939 2231 3995 niam
2265 3956 2277 3994 :
2314 3939 2524 3994 excitat
2555 3938 2853 3992 Lazarum.
2888 3936 3103 3991 Iterum
3137 3937 3207 3991 de
3234 3935 3547 3991 occidendo
3577 3936 3718 3992 Jesu

2071 4028 2409 4085 consultant
2435 4024 2644 4081 Judaei.
2679 4026 2829 4080 Tum
2861 4024 3115 4095 Caiphae
3152 4025 3720 4095 prophetat.Secedit

2070 4119 2245 4173 Jesus
2312 4117 2372 4170 in
2439 4114 2813 4170 solitudinem
2883 4113 3177 4185 Ephraim.
3251 4114 3465 4169 Deinde
3529 4114 3716 4170 Judaei

2074 4207 2225 4261 inter
2273 4222 2334 4260 se
2382 4204 2735 4275 disceptant,
2770 4219 2911 4257 num
2966 4208 3246 4257 venturus
3304 4204 3383 4258 sit
3440 4205 3512 4258 ad
3564 4204 3717 4260 diem

2076 4294 2311 4349 festum.
2347 4299 2495 4347 Ante
2550 4308 2649 4347 sex
2705 4290 2829 4346 dies
2885 4291 3120 4346 Paschae
3166 4291 3323 4346 venit
3382 4292 3716 4348 Bethaniam

2074 4386 2216 4454 (cap.
2249 4382 2371 4452 xu).
2405 4381 2507 4435 Hic
2556 4386 2883 4436 cmuantcm
2917 4380 3081 4435 unxit
3110 4380 3293 4436 Maria
3324 4397 3337 4437 :
3372 4398 3546 4453 quam
3598 4399 3719 4437 rem

2074 4472 2313 4543 indigne
2344 4471 2451 4525 fert
2495 4470 2699 4524 Judas.
2734 4468 2899 4523 Hunc
2930 4470 3251 4540 compescit
3293 4470 3488 4525 Jesus.
3527 4470 3723 4526 lsthuc

314 4560 607 4636 ὀχουμένῳ
637 4558 713 4620 είς
744 4558 977 4634 ὀνάριον.
1010 4559 1139 4613 Τότε
1172 4564 1419 4628 ζητοῦσιν
1454 4562 1505 4615 0i
1539 4560 1805 4633 Ἕλληνες
1835 4561 1963 4617 ἰδεῖν

2077 4562 2311 4617 veniunt
2339 4559 2523 4614 Judaei
2552 4558 2621 4612 ad
2664 4575 2818 4612 eum.
2857 4558 3186 4613 Occurrunt
3234 4558 3323 4613 illi
3370 4559 3553 4614 turbas
3585 4575 3718 4615 cum

316 4650 488 4707 αὐτόν.
522 4647 659 4704 Τότε
690 4648 835 4723 λέγει
861 4649 960 4715 τὴν
983 4642 1303 4723 παραϐολὴν
1327 4654 1424 4703 τοῦ
1455 4649 1655 4705 κόκκου
1684 4651 1780 4706 τοῦ
1813 4651 1962 4706 σίτου

316 4740 399 4793 καὶ
428 4738 557 4814 περὶ
585 4741 696 4792 τῶν
730 4731 1090 4814 φοϐουμένων
1130 4736 1221 4790 τὸν
1272 4736 1515 4794 θάνατον.
1566 4739 1693 4793 Εἶτα
1740 4740 1955 4815 ἐπάγει*

322 4852 349 4878 ιι
377 4830 573 4902 Πάτερ,
607 4824 830 4897 δόξασόν
860 4845 957 4879 σου
985 4825 1079 4879 τὸν
1112 4824 1256 4879 Υἱόν·
1293 4849 1319 4877 r.
1351 4828 1439 4881 καὶ
1473 4829 1627 4904 φωνὴ
1669 4828 1875 4904 ἐγένετο
1908 4830 1967 4885 ἐκ

318 4921 408 4970 τοῦ
434 4917 691 4990 οὖρανοῦ.
723 4914 1002 4987 ’Βνόμισεν
1037 4914 1065 4967 6
1120 4910 1293 4989 ὄχλος
1348 4916 1581 4991 βροντὴν
1628 4920 1963 4993 γεγενῆσθαι.

322 5005 441 5060 Εἶτα
492 5002 758 5079 προλέγει
806 5001 992 5063 αὐτοῖς
1039 5002 1132 5055 τὸν
1180 5001 1383 5076 τρόπον
1441 5009 1539 5058 τοῦ
1590 5005 1838 5073 θανάτου,
1874 5007 1963 5060 καὶ

322 5094 603 5168 προτρέπει
638 5092 774 5166 πρὸς
802 5093 864 5147 τὸ
892 5096 1193 5147 πιστεῦσαν
1230 5092 1280 5145 οἱ
1329 5090 1387 5146 δὲ
1412 5093 1693 5165 ἠπείθουν,
1726 5118 1754 5146 ‹‹
1780 5093 1891 5167 τίνα,
1938 5120 1964 5147 ››

324 5183 498 5256 emi»,
559 5206 589 5231 cc
652 5182 681 5236 6
742 5180 904 5256 λόγος
949 5177 1173 5237 Ἠσαίου
1219 5179 1513 5255 πληρωθῇ,
1564 5206 1584 5232 ο
1619 5183 1809 5238 Νίπτει
1838 5185 1965 5245 τοὺς

329 5274 580 5341 μαθητὰςο
636 5269 852 5345 ἐλέγχει
894 5269 986 5323 τὸν
1037 5266 1261 5324 Ἰούδαν·
1306 5271 1394 5323 καὶ
1429 5266 1611 5325 λαϐὼν
1646 5273 1847 5327 ἐκεῖνος
1905 5274 1967 5327 τὸ

328 5360 537 5431 ψώμιον
572 5358 795 5429 ἐξῆλθεν
830 5356 880 5411 έν
909 5356 1082 5412 νυκτί.
1117 5356 1249 5413 Εἶτα
1280 5354 1583 5434 διαηέγεται
1623 5366 1739 5423 τοῖς
1792 5374 1967 5433 μαθη-

339 5454 445 5508 ταῖς
495 5450 523 5503 6
591 5450 820 5517 Ἰησοῦς.
880 5445 1217 5502 Ἐντέλλεται
1274 5447 1455 5509 αὑτοῖς
1532 5450 1653 5525 περὶ
1738 5450 1965 5525 ἀγάπης.

402 5594 423 5629 ³
450 5592 618 5649 Joan.
649 5610 728 5660 v1,
758 5593 849 5649 68.
950 5592 973 5627 ³
999 5591 1145 5648 ibid.
1178 5591 1267 5647 69.

1379 5594 1402 5627 ‘
1426 5594 1595 5651 Joan.
1628 5612 1751 5666 vui,
1782 5596 1874 5650 21.

341 5661 361 5697 ⁸
383 5662 546 5720 Joan.
576 5680 681 5731 xu,
710 5664 802 5719 38.

1975 5596 1996 5629 ⁸
2025 5593 2167 5651 ibid.
2201 5594 2290 5650 32.

2076 4648 2256 4703 ramis
2291 4646 2640 4716 palmarum,
2673 4662 2806 4700 cum
2861 4650 3081 4717 peteret
3123 4646 3509 4719 Jeresolyma,
3543 4652 3601 4705 et
3632 4664 3723 4704 se-

2075 4739 2237 4792 deret
2266 4752 2443 4807 super
2472 4734 2670 4789 asello.
2699 4734 2861 4789 Tunc
2894 4739 3100 4805 petunt
3130 4735 3310 4790 Graeci
3340 4737 3535 4791 videre
3562 4754 3719 4793 eum.

2075 4827 2419 4884 Parabolam
2451 4825 2593 4882 dicit
2622 4828 2693 4882 de
2722 4842 2905 4897 grano
2940 4826 3238 4895 frumenti,
3272 4831 3329 4882 et
3359 4828 3429 4882 de
3460 4826 3596 4895 illis,
3621 4828 3720 4900 qui

2076 4923 2325 4972 mortem
2369 4920 2659 4969 metuunt.
2718 4914 2929 4969 Subdit
2961 4930 2974 4970 :
3002 4938 3027 4965 ‹‹
3078 4919 3269 4980 Pater,
3315 4915 3578 4988 gloriﬁca
3632 4918 3721 4972 Fi-

2077 5006 2221 5061 lium
2252 5005 2485 5067 tuum“,
2516 5025 2544 5053 η
2578 5007 2636 5058 et
2683 5019 2790 5057 vox
2848 5004 2998 5057 facta
3053 5008 3142 5058 est
3197 5004 3269 5058 de
3326 5005 3487 5060 coelo.
3528 5007 3725 5061 Turba

2080 5098 2245 5164 putat
2300 5093 2519 5148 tonitru
2578 5091 2934 5146 insenuisse.
2978 5091 3058 5145 De
3118 5093 3290 5146 modo
3342 5094 3546 5148 mortis
3604 5110 3723 5150 sua:

2079 5183 2339 5256 praedicit
2407 5183 2544 5250 illis,
2604 5187 2661 5237 et
2725 5184 2990 5237 hortatur
3048 5184 3116 5236 ad
3176 5185 3585 5240 credendum:
3639 5184 3725 5241 illi

2077 5289 2211 5327 vero
2245 5289 2357 5326 non
2390 5271 2655 5334 credunt,
2681 5294 2707 5319 ‹‹
2736 5276 2798 5325 ut
2828 5287 3041 5337 sermo,
3068 5294 3095 5319 ››
3127 5272 3338 5342 inquit,
3364 5295 3391 5320 ‹‹
3422 5274 3582 5326 Isaiaa
3614 5274 3726 5329 im-

2080 5362 2398 5433 pleretur“.
2427 5382 2453 5408 η
2502 5365 2669 5415 Lavat
2728 5360 3050 5429 discipulos
3097 5362 3244 5431 (cap.
3295 5361 3420 5433 xm)
3468 5378 3480 5416 :
3534 5363 3731 5433 arguit

2076 5452 2336 5505 Judam:
2386 5450 2501 5514 ille,
2559 5455 2795 5521 accepta
2853 5449 3129 5516 buccella,
3180 5454 3352 5505 noctu
3406 5451 3727 5521 egreditur.

2403 5595 2424 5628 ⁸
2454 5594 2596 5651 ibid.
2630 5596 2714 5649 48.
2829 5594 2849 5627 ⁷
2879 5593 3020 5648 ibid.
3047 5593 3133 5651 58.
3256 5595 3275 5629 ⁸
3306 5595 3470 5651 Joan.
3504 5611 3641 5664 xvn,
3678 5599 3729 5651 1.
