4086 6222
359 358 474 418 403
1558 355 1622 413 S.
1667 353 2030 413 ATHANAS

2148 354 2184 412 ἰ.
2222 385 2296 398 -
2336 354 2596 415 DUBIA.
3660 355 3780 414 4οι

360 490 582 545 Exinde
622 486 947 559 discipulos
996 486 1167 542 Jesus
1220 485 1559 557 alloquitur.
1595 483 1860 556 Praecipit
1901 483 2019 540 illis

2148 481 2398 560 Προλέγει
2428 489 2508 557 τῷ
2539 485 2725 559 Πέτρῳ
2752 486 2852 555 τήν
2886 486 3130 559 ἄρνησιν.
3165 484 3445 547 Φίλιππος
3478 482 3617 554 ἀξιοῖ
3649 480 3779 539 ἰδεῖν

363 579 760 634 dilectionem.
795 578 963 632 Petro
1004 576 1261 631 futuram
1313 575 1682 648 negationem
1736 573 2017 646 praedicit.

2148 573 2217 626 :6v
2252 571 2483 648 Πατέρα.
2521 573 2649 649 Περὶ
2678 577 2780 627 τοῦ
2834 572 3194 649 Παρακλήτου
3253 573 3439 636 αὐτοῖς
3495 572 3775 648 προλέγειν

368 668 673 739 Philippus
705 665 848 738 petit
897 665 1093 719 videre
1142 665 1370 719 Patrem
1402 668 1552 735 (cap.
1584 666 1724 730 x1v).
1758 662 2023 717 Praedicit

2148 658 2283 738 ἕτερα
2314 661 2500 718 πολλά
2531 659 2855 739 διαλέγεται,
2887 663 2977 718 καὶ
3007 667 3304 739 κατηγορεῖ
3331 662 3439 717 τῶν
3482 658 3776 717 Ἰουδαίων.

368 758 455 815 eis
507 758 579 811 de
630 754 925 810 Paracleto
960 773 972 809 :
1008 754 1076 809 de
1132 754 1335 808 multis
1384 754 1538 808 I43
1588 751 1718 807 aliis
1764 751 2025 822 loquitur

2148 749 2326 824 Ξλίψιν
2360 750 2619 826 προλέγει
2648 757 2766 814 τοῖς
2830 758 3117 825 μαθηταῖς,
3167 752 3280 807 εἶτα
3326 752 3490 807 πάλιν
3542 751 3777 826 χρηστὰ,

367 847 510 919 (cap.
533 846 651 914 xv),
676 850 733 899 et
763 847 1000 901 accusat
1027 843 1281 898 Judaeos.
1306 842 1623 913 Discipuli:
1653 841 1913 913 praedicit
1934 840 2023 895 fu-

2148 838 2222 893 ιαὶ
2257 838 2420 894 πάλιν
2452 838 2692 916 λυπηρά.
2725 842 2865 914 Πρὸς
2894 842 2984 895 τὸν
3022 846 3235 915 Πατέρα
3275 838 3601 916 διαλέγεται.
3650 839 3782 897 Εἶτα

367 942 564 990 turam
586 932 1026 988 tribulationem
1042 932 1338 1003 (cap.xv1),
1355 932 1564 986 deinde
1582 930 2024 1001 iterumjucun-

2148 924 2355 1004 ἔρχεται
2386 928 2462 990 εἰς
2510 930 2601 983 τὸν
2661 936 2862 999 κῆπον,
2918 929 3006 984 καὶ
3067 923 3530 1002 συλλαμϐάνεται.
3586 927 3785 983 Κόπτει

374 1027 467 1089 da,
501 1028 559 1078 et
589 1039 795 1077 rursus
843 1022 1056 1077 tristia.
1086 1021 1311 1076 Patrem
1363 1019 1840 1091 alloquitur(cap.
1864 1020 2022 1089 xvu).

374 1114 596 1170 Deinde
626 1113 783 1168 venit
813 1111 870 1165 in
905 1112 1139 1165 hortum
1178 1114 1235 1163 et
1280 1110 1511 1181 capitur
1542 1110 1684 1181 (cap.
1706 1109 1891 1179 xvm).
1925 1109 2028 1164 Pe-

369 1208 499 1257 trus
543 1205 811 1273 amputat
859 1199 1184 1254 auriculam
1237 1198 1408 1253 servi.
1446 1202 1676 1253 Ducunt
1722 1198 1925 1253 Jesum
1956 1198 2025 1253 ad

369 1296 621 1347 Annam.
654 1288 990 1358 Discipulus
1042 1287 1260 1359 aliquis
1309 1291 1547 1343 Petrum
1600 1287 1921 1343 introducit
1969 1286 2031 1341 in

373 1380 593 1435 aulam.
630 1378 897 1432 Minister
938 1378 1141 1431 Jesum
1173 1375 1344 1431 caedit
1377 1393 1389 1429 :
1425 1376 1565 1431 dicit
1617 1377 1688 1430 ad
1739 1376 1895 1430 hunc
1929 1393 1943 1430 :
1975 1361 2033 1430 εἰ

374 1468 526 1523 male
551 1468 782 1523 locutus
807 1483 938 1521 sum
964 1468 1058 1531 1°,»
1079 1471 1187 1520 etc.
1216 1466 1457 1521 Mittunt
1476 1482 1610 1520 eum
1635 1466 1704 1519 ad
1728 1465 2029 1536 Caipham,

376 1562 586 1612 Petrus
629 1562 822 1627 negat.
858 1556 1100 1610 Ducitur
1146 1554 1318 1609 Jesus
1367 1555 1438 1609 ad
1492 1554 1765 1609 Pilatum.
1799 1556 2035 1610 Crucifi-

380 1646 540 1718 gitur
590 1649 729 1715 (cap.
782 1645 919 1712 x1x).
953 1643 1211 1697 Titulum
1273 1643 1605 1715 imponunt.
1647 1642 1815 1698 Stant
1867 1644 2036 1715 juxta

377 1751 611 1790 crucem
644 1738 853 1801 mater,
882 1738 939 1787 et
970 1750 1136 1788 soror
1159 1733 1366 1787 matris
1396 1733 1522 1802 ejus
1544 1731 1725 1787 Maria
1747 1732 2033 1805 CleOphm.

2138 1017 2340 1091 Πέτρος
2370 1016 2432 1071 τὸ
2464 1016 2624 1072 ὠτίον
2655 1021 2751 1073 τοῦ
2776 1015 2997 1074 δούλου.
3030 1018 3257 1091 Ἀγουσι
3286 1017 3378 1072 τὸν
3412 1018 3617 1087 Ἰησοῦν
3651 1018 3787 1092 πρὸς

2137 1105 2228 1160 τὸν
2289 1107 2508 1161 Ἀνναν.
2570 1105 2791 1181 Εἰσάγει
2849 1107 2877 1161 6
2931 1107 3182 1179 μαθητὴς
3230 1105 3322 1162 τὸν
3354 1106 3555 1179 Πέτρον
3584 1106 3663 1168 εἰς
3693 1107 3791 1174 τὴν

2141 1192 2336 1264 αὐλήν.
2376 1194 2578 1255 Τύπτει
2608 1196 2697 1250 τὸν
2753 1196 2960 1266 Ἰησοῦν
2997 1196 3026 1250 6
3078 1195 3375 1270 ὑπηρέτης·
3430 1194 3571 1270 λέγει
3621 1194 3787 1267 αὐτῷ·

2142 1307 2173 1336 ι(
2204 1282 2266 1339 Εἰ
2296 1284 2475 1346 κακῶς
2509 1282 2773 1356 ἐλάλησα,
2812 1309 2833 1335 ι
2882 1283 2971 1339 καὶ
3021 1283 3089 1339 τὰ
3136 1284 3280 1356 ἑξῆς.
3334 1282 3790 1341 ’Δποστέλλουσιν

2142 1371 2302 1426 αὐτὸν
2360 1373 2497 1445 πρὸς
2558 1371 2826 1450 Καϊάφαν.
2890 1373 3150 1447 ’Δρνεῖται
3208 1373 3434 1449 Πέτρος.
3495 1375 3718 1449 ’Δγεται
3767 1374 3794 1427 6

2146 1462 2353 1531 Ἰησοῦς
2400 1462 2536 1535 πρὸς
2590 1460 2843 1518 Πιλᾶτον.
2905 1466 3262 1537 Σταυροῦται,
3317 1461 3406 1517 καὶ
3463 1462 3554 1517 τὸν
3600 1462 3790 1518 τίτλον

2145 1548 2489 1612 ἐπιτιθέασιν.
2526 1551 2874 1621 Εἰστήκεισαν
2908 1553 3056 1626 παρὰ
3098 1555 3179 1622 τῷ
3227 1549 3442 1626 σταυρῷ
3489 1553 3523 1620 ἡ
3579 1552 3790 1627 μήτηρ,

2145 1637 2233 1694 καὶ
2263 1640 2297 1708 ἠ
2329 1636 2539 1717 ἀδελφὴ
2569 1642 2669 1709 τῆς
2702 1640 2908 1716 μητρὸς
2942 1640 3105 1695 αὐτοῦ
3134 1640 3336 1715 Μαρία,
3387 1642 3421 1709 ἡ
3465 1644 3562 1694 τοῦ
3618 1640 3794 1697 Κλεο-

2145 1732 2239 1799 ua,
2290 1728 2379 1782 καὶ
2428 1729 2607 1802 Μαρία
2651 1731 2686 1798 ἡ
2736 1726 3093 1805 Μαγδαληνή.
3147 1728 3283 1787 Τότε
3314 1729 3664 1806 παρατίθεται
3695 1731 3793 1798 τὴν

378 1830 436 1879 et
495 1824 679 1877 Maria
739 1822 1099 1893 Magdalene.
1147 1822 1312 1876 Tunc
1362 1825 1609 1876 matrem
1664 1822 2037 1876 commendat

2151 1816 2359 1893 μητέρα
2386 1821 2465 1889 τῷ
2496 1818 2741 1892 Ἰωάννῃ.
2772 1816 2977 1873 Θάπτιι
2999 1820 3061 1873 τὸ
3092 1816 3249 1891 σῶμα
3293 1820 3514 1896 Ἰωσήφ.
3563 1816 3797 1889 Νικόδη-

378 1911 607 1969 Joanni.
657 1913 882 1982 Corpus
940 1911 1068 1981 ejus
1128 1908 1333 1981 sepelit
1384 1909 1621 1979 Joseph.
1683 1908 2037 1967 Nicodemus

383 2002 551 2057 affert
583 2000 739 2055 aloes
772 2004 829 2053 et
860 1999 1107 2071 myrrhae
1150 1998 1330 2053 libras
1360 2002 1619 2053 centum.
1653 1998 1825 2054 Venit
1855 1999 2038 2055 Maria

385 2089 725 2161 Magdalene
756 2091 892 2159 (cap.
932 2088 1048 2159 xx),
1080 2088 1237 2143 videt
1266 2086 1603 2158 sepulcrum
1636 2103 1906 2142 vacuum.
1930 2087 2037 2143 Vo-

385 2183 479 2233 cat
512 2179 742 2233 Petrum
789 2180 845 2231 et
890 2177 1200 2231 Joannem.
1236 2175 1304 2230 Hi
1351 2177 1569 2231 abeunt
1596 2176 1814 2243 visum,
1846 2181 1901 2232 et
1932 2176 2037 2232 ite-

384 2283 514 2323 rum
550 2266 849 2321 secedunt.
876 2265 1059 2320 Maria
1108 2265 1263 2319 videt
1304 2265 1561 2335 angelos,
1594 2270 1651 2320 et
1698 2270 1897 2337 postea
1942 2266 2038 2321 Je-

385 2371 517 2411 sum
550 2354 769 2427 ipsum,
803 2354 899 2423 qui
933 2358 992 2409 et
1030 2353 1079 2407 ei
1130 2352 1410 2425 loquitur.
1446 2354 1652 2409 Postea
1700 2356 1934 2410 advenit
1963 2357 2035 2410 ad

382 2442 729 2514 discipulos,
778 2459 911 2497 cum
969 2442 1119 2497 fores
1172 2447 1370 2497 essent
1418 2441 1654 2509 clausaa,
1689 2448 1745 2498 et
1775 2444 1875 2499 dat
1919 2444 2039 2500 illis

384 2532 671 2604 Spiritum
719 2537 1015 2587 sanctum.
1071 2531 1287 2587 Deinde
1336 2532 1597 2603 loquitur
1642 2532 1901 2599 Thomas,
1934 2533 2037 2604 qui

384 2638 500 2676 non
533 2621 879 2677 crediderat.
906 2621 1130 2675 Rursus
1164 2624 1405 2691 apparet
1436 2619 1743 2691 discipulis
1773 2622 1843 2675 ad
1881 2638 2037 2677 mare

381 2708 725 2777 Tiberiadis,
758 2709 857 2763 ubi
888 2714 945 2764 et
976 2709 1417 2764 multitudinem
1452 2708 1703 2780 piscium
1734 2715 2035 2781 ceperunt,

383 2804 441 2853 et
498 2799 752 2853 comedit
809 2814 942 2853 cum
986 2799 1070 2853 eis
1102 2798 1245 2869 (cap.
1276 2798 1415 2868 XXI).
1449 2797 1617 2852 Petro
1676 2799 1917 2853 mandat
1973 2804 2039 2854 ut

380 2904 515 2943 oves
545 2904 684 2943 suas
713 2892 936 2959 pascat,
958 2886 1340 2958 prmdicitque
1372 2890 1617 2942 mortem
1642 2902 1760 2958 qua
1790 2887 2035 2943 moritu-

386 2993 488 3031 rus
521 2980 664 3045 erat,
693 2993 759 3031 ac
784 2977 952 3045 jubet
982 2981 1046 3030 ut
1076 2993 1134 3031 se
1166 2979 1465 3045 sequatur.

796 3066 957 3121 Liber
988 3067 1043 3135 V,
1076 3066 1204 3120 Acta
1232 3062 1630 3135 apostolorum.

452 3154 542 3207 51.
575 3153 692 3207 Ηοο
724 3153 960 3207 nomine
990 3158 1230 3208 vocatur
1283 3151 1375 3207 hic
1420 3151 1585 3222 liber,
1617 3154 1771 3223 quod
1804 3160 2035 3225 aposto-

2149 1927 2249 1979 μος
2279 1904 2426 1982 φέρει
2455 1904 2627 1977 ἀλόης
2658 1907 2748 1961 καὶ
2770 1906 3016 1983 σμύρνης
3039 1905 3212 1983 λύτρα
3385 1907 3593 1964 ἑκατόν.
3626 1906 3799 1963 Ἦλθε

2146 1993 2322 2069 Μαρία
2352 1996 2385 2063 ἡ
2419 1992 2783 2069 Μαγδαληνὴ,
2816 1994 3007 2071 βλέπει
3057 1996 3149 2050 τὸν
3199 1997 3366 2072 τάφον
3414 1995 3588 2051 κενόν·
3638 1996 3800 2052 καλεῖ

2144 2084 2234 2137 τὸν
2268 2084 2472 2158 Πέτρον
2503 2083 2593 2137 καὶ
2623 2085 2713 2139 τὸν
2746 2085 3020 2153 Ἰωάννην.
3053 2085 3118 2139 Oi
3167 2082 3225 2139 δὲ
3254 2083 3526 2156 ἀπῆλθον,
3556 2086 3648 2140 καὶ
3701 2085 3802 2139 πά-

2145 2170 2232 2227 λιν
2260 2172 2637 2247 ἀνεχώρησαν.
2669 2171 2867 2229 Βλέπει
2898 2173 3025 2234 τοὺς
3057 2170 3321 2249 ἀγγέλους
3351 2176 3386 2242 ἡ
3448 2173 3647 2249 Μαρία,
3686 2175 3799 2229 εἶτα

2142 2262 2232 2315 τὸν
2285 2262 2517 2331 Ἰησοῦν,
2564 2261 2654 2316 καὶ
2713 2259 3021 2337 διαλέγεται
3066 2261 3223 2335 αὐτῇ.
3266 2263 3397 2318 Εἱτα
3427 2262 3621 2333 ἐπέστη
3684 2269 3798 2326 τοῖς

2149 2351 2416 2423 μαθηταῖς
2447 2348 2846 2424 κεκλεισμένων
2876 2348 2984 2406 τῶν
3042 2349 3236 2427 θυρῶν,
3294 2350 3385 2406 καὶ
3445 2348 3642 2407 ἔδωκεν
3705 2352 3796 2407 αὖε

2142 2444 2259 2500 τοῖς
2294 2443 2513 2512 Πνεῦμα
2544 2441 2716 2515 ἅγιον.
2750 2441 2885 2496 Εἶτα
2911 2444 2991 2512 τῷ
3021 2445 3191 2513 Θωμᾷ
3230 2438 3536 2517 διαλέγεται
3570 2442 3799 2512 ἀπιστήο

2146 2548 2316 2584 σαντι.
2354 2530 2485 2585 Εἶτα
2513 2528 2679 2583 πάλιν
2721 2528 2878 2606 ὤφθη
2941 2535 3058 2591 τοῖς
3093 2531 3360 2602 μαθηταῖς
3410 2530 3498 2586 ἐπὶ
3544 2538 3646 2601 τῆς
3709 2543 3795 2594 θα-

2145 2616 2352 2686 λάσσης
2382 2623 2482 2685 τῆς
2509 2611 2841 2693 Υιϐεριάδοςο
2876 2618 2927 2672 οἱ
2960 2615 3017 2672 δὲ
3047 2616 3304 2687 ἠλίευσαν
3338 2616 3553 2687 πλῆθος
3584 2618 3793 2695 ἰχθύων

2144 2705 2233 2760 καὶ
2260 2702 2425 2783 ἔφαγε
2462 2707 2576 2778 μετ’
2607 2706 2804 2763 αὐτῶν.
2839 2709 2969 2763 Εἶτα
3001 2705 3290 2763 ἐπιτάττει.
3322 2712 3402 2779 τῷ
3432 2707 3619 2782 Πέτρῳ
3669 2729 3793 2762 ποι-

2148 2794 2355 2867 μαίνειν
2389 2794 2457 2849 τὰ
2483 2793 2749 2870 πρόϐατα,
2782 2794 2871 2849 καὶ
2902 2793 3163 2870 προλέγει
3214 2794 3379 2868 αὐνῷ,
3432 2796 3576 2869 ποίῳ
3632 2796 3797 2851 θανά-

2142 2905 2222 2956 τῳ
2253 2883 2623 2954 ἀποθανεῖται,
2653 2885 2743 2939 καὶ
2774 2882 2981 2941 κελεύει
3015 2883 3385 2952 ἀκολουθῆσαι
3409 2883 3578 2957 αύτῳ.

2431 3055 2651 3116 Βιϐλίον
2687 3062 2745 3128 ε’,
2777 3060 3001 3136 Πράξεις
3030 3046 3137 3116 τῶν
3169 3059 3510 3118 ἀποστολων.

2215 3154 2303 3207 51.
2338 3150 2494 3209 Οὕτω
2524 3148 2769 3206 καλεῖται
2799 3150 2861 3205 τὸ
2896 3146 3135 3225 βιϐλίον,
3168 3149 3354 3221 ἐπειδὴ
3383 3150 3471 3206 καὶ
3513 3152 3609 3213 τὰς
3657 3154 3798 3227 πρά-

382 3239 575 3294 lorum
607 3240 785 3294 simul
826 3246 956 3295 acta
999 3241 1313 3296 contineat.
1346 3242 1454 3304 Qui
1484 3258 1619 3296 vero
1649 3241 1750 3296 illa
1780 3249 2035 3309 enarrat,

2149 3239 2253 3310 ξεις
2296 3241 2437 3311 ὁμοῦ
2484 3242 2591 3294 τῶν
2645 3223 2963 3295 ἀποστόλων
3013 3239 3278 3315 περιέχει.
3346 3242 3406 3297 Ὁ
3456 3237 3515 3295 δὲ
3570 3223 3798 3316 διηγού-

388 3330 574 3383 Lucas
605 3334 693 3384 est
721 3329 1099 3401 evangelista,
1124 3330 1223 3400 qui
1256 3334 1313 3384 et
1341 3330 1559 3384 librum
1592 3330 1752 3386 hunc
1782 3334 2037 3387 conscri-

387 3418 521 3489 psit.
556 3420 656 3474 Est
687 3419 843 3474 enim
886 3437 1000 3474 una
1030 3437 1161 3474 cum
1211 3420 1491 3491 apostolis
1523 3422 1951 3493 peregrinatus,
1985 3428 2042 3479 et

386 3509 640 3563 maxime
671 3525 804 3563 cum
848 3509 1049 3575 Paulo,
1085 3513 1143 3564 et
1172 3525 1297 3580 que
1330 3514 1528 3565 exacte
1558 3512 1849 3582 cognovit,
1882 3511 2037 3568 litte-

391 3598 471 3652 ris
512 3598 831 3653 mandavit.
864 3599 1074 3653 Narrat
1116 3605 1311 3653 autem
1356 3598 1465 3653 hoc
1515 3598 1687 3665 libro,
1722 3602 2037 3671 quomodo,

386 3687 612 3758 angelis
644 3687 1128 3759 suscipientibus,
1153 3686 1435 3742 Dominus
1462 3693 1802 3759 assumptus
1827 3690 1937 3744 sit:
1965 3691 2040 3746 ef-

388 3776 675 3832 fusionem
707 3777 960 3849 Spiritus
1008 3776 1191 3832 sancti
1222 3776 1283 3831 in
1316 3777 1411 3833 die
1439 3776 1812 3833 Pentecostes
1864 3795 2041 3849 super

387 3864 684 3936 apostolos
715 3870 771 3921 et
813 3882 1039 3931 omnes,
1061 3866 1161 3938 qui
1212 3870 1339 3921 tum
1390 3872 1705 3937 praesentes
1738 3872 1921 3934 erant,
1954 3870 2040 3924 fa-

387 3957 540 4010 ctam
566 3972 579 4010 :
608 3954 1036 4010 ordinationem
1061 3954 1321 4010 Matthiae
1344 3955 1399 4009 in
1430 3954 1623 4010 locum
1649 3955 1813 4010 Judaa
1845 3957 2039 4028 prodi-

388 4044 549 4113 toris,
603 4049 659 4099 et
715 4044 1181 4115 designationem
1242 4050 1465 4115 septem
1524 4044 1925 4116 diaconorum,
1976 4064 2041 4103 ac

388 4132 549 4186 Pauli
579 4132 943 4199 electionem,
970 4139 1027 4189 et
1058 4151 1420 4205 quaecunque
1464 4133 1561 4191 ille
1608 4152 1819 4206 passus
1849 4140 1953 4204 est,
1986 4139 2043 4193 et

392 4221 685 4291 quomodo
716 4223 949 4276 tandem
989 4221 1233 4276 Romam
1267 4224 1561 4292 profectus
1591 4224 1687 4280 sit.
1722 4224 2039 4280 Duodecim

388 4313 580 4362 autem
630 4309 1027 4378 apostolorum
1089 4310 1330 4364 nomina
1388 4316 1528 4366 sunt
1584 4312 1697 4367 ista
1748 4329 1760 4368 :
1815 4313 2041 4385 primus

389 4396 613 4463 Simon,
644 4398 742 4467 qui
773 4402 1014 4453 vocatur
1062 4398 1264 4453 Petrus
1299 4416 1311 4453 :
1347 4400 1555 4455 deinde
1599 4401 1854 4457 Jacobus
1884 4402 2042 4459 ﬁlius

389 4485 669 4553 Zebedaei,
693 4489 747 4539 et
771 4485 1023 4540 Joannes
1060 4487 1238 4541 frater
1270 4489 1419 4558 ejus,
1443 4490 1700 4544 Andreas
1732 4492 1910 4545 frater
1940 4491 2039 4547 Pe-

2151 3348 2309 3401 μενος
2366 3328 2562 3389 ταύτας
2622 3326 2731 3383 ἐστὶ
2789 3333 3003 3391 Λουκᾶς
3056 3330 3084 3383 6
3144 3327 3555 3404 εὐαγγελιστής,
3615 3330 3647 3383 6
3708 3330 3797 3383 καὶ

2146 3422 2306 3472 τοῦτο
2334 3418 2397 3471 τὸ
2431 3413 2646 3493 βιϐλίον
2678 3417 3027 3497 συγγράφῶν.
3080 3416 3462 3491 Συναπεδήμει
3516 3420 3617 3495 γὰρ
3677 3425 3797 3482 τοῖς

2147 3526 2205 3561 τε
2235 3504 2429 3569 ἄλλοις
2462 3505 2812 3579 ἀποστόλοις,
2860 3506 2949 3561 καὶ
2999 3505 3238 3578 μάλιστα
3299 3511 3370 3578 τῷ
3419 3507 3645 3580 Παύλῳ,
3706 3508 3796 3564 καὶ

2149 3593 2305 3657 εἷ’δως
2338 3590 2595 3670 ἀκριϐῶς,
2630 3594 2841 3673 γράφει.
2894 3600 3171 3669 Διηγεῖται
3235 3593 3294 3649 δὶ
3341 3594 3394 3650 έν
3448 3595 3594 3669 αὐτῷ
3652 3603 3796 3661 πῶς.

2148 3682 2395 3758 ἀγγέλων
2435 3678 2845 3757 ὑπολαϐόντων,
2904 3682 3186 3761 ἀνελήφθη
3244 3684 3272 3738 6
3322 3684 3544 3761 Κύριος,
3573 3687 3666 3741 καὶ
3696 3688 3797 3755 τὴν

2147 3775 2245 3825 τοῦ
2298 3772 2450 3846 ἁγίου
2501 3772 2813 3846 Πνεύματος
2872 3768 3091 3848 ἔκχυσιν
3142 3771 3437 3847 γενομένην
3489 3772 3637 3849 έντῇ
3668 3780 3803 3830 Πεν-

2146 3866 2387 3934 τηκοστῇ
2443 3860 2530 3915 ἐπί
2581 3882 2639 3917 τε
2680 3861 2811 3924 τοὺς
2860 3861 3204 3924 ἀποστόλους
3262 3863 3353 3916 καὶ
3412 3861 3614 3926 πάντας
3674 3862 3803 3925 τοὺς

2148 3948 2271 4004 τότε
2295 3950 2591 4025 παρόντας·
2616 3952 2717 4021 τήν
2746 3972 2806 4006 τε
2848 3950 3166 4005 κατάστασιν
3226 3955 3323 4005 τοῦ
3381 3952 3620 4007 Ματθίου
3679 3953 3797 4008 ἀντὶ

2150 4035 2326 4092 Ἰούδα
2354 4043 2449 4093 τοῦ
2480 4036 2777 4113 προδότου,
2809 4039 2897 4095 καὶ
2927 4041 3026 4109 τὴν
3058 4040 3417 4115 προχείρησιν
3472 4045 3578 4096 τῶν
3614 4043 3655 4111 ζ’
3688 4040 3800 4097 δια-

2149 4127 2343 4195 κόνων,
2374 4128 2465 4182 καὶ
2490 4130 2587 4197 τὴν
2623 4127 2858 4203 ἐκλογὴν
2884 4127 2981 4184 τοῦ
3031 4126 3272 4199 Παύλου,
3318 4130 3409 4184 καὶ
3465 4129 3564 4185 ὅσα
3611 4128 3795 4201 ἔπαθε,

2148 4217 2238 4272 καὶ
2294 4217 2456 4280 τέλος
2511 4219 2611 4287 τήν
2669 4217 2744 4279 εἴς
2801 4218 3014 4291 Ῥώμην
3074 4215 3386 4291 ἀποδημίαν
3448 4220 3637 4276 αὐτοῦ.
3681 4225 3798 4276 Τῶν

2155 4307 2245 4380 μὲν
2280 4308 2370 4362 οὗν
2405 4304 2614 4362 δώδεκα
2644 4306 2963 4363 ἀποστόλων
3020 4308 3088 4362 τά
3150 4306 3393 4381 ὀνοματα
3448 4308 3559 4363 ἐστι
3605 4314 3795 4364 ταῦτα·

2149 4401 2363 4470 πρῶτος
2397 4398 2582 4469 Σίμων
2615 4398 2642 4451 6
2675 4396 2973 4472 λεγόμενος
3004 4398 3231 4473 Πέτρος,
3274 4398 3389 4452 εἶτα
3448 4394 3709 4461 Ἰάκωϐος
3770 4400 3797 4454 6

2148 4490 2245 4540 τοῦ
2277 4482 2581 4556 Ζεϐεδαίου,
2617 4485 2704 4540 καὶ
2764 4485 3015 4555 Ἰωάννης
3075 4487 3102 4540 6
3161 4483 3397 4564 ἀδελφὸς
3463 4486 3650 4557 αὐτοῦ,
3706 4486 3801 4543 καὶ

387 4573 483 4643 tri,
528 4573 858 4645 Philippus,
883 4575 1161 4641 Thomas,
1195 4576 1677 4644 Bartholomzeus,
1711 4579 2037 4651 Matthasus,

2153 4572 2398 4649 Ἀνδρέας
2430 4576 2458 4629 6
2488 4573 2725 4652 ἀδελφὸς
2775 4576 3002 4651 Πέτρου,
3035 4577 3125 4630 καὶ
3184 4573 3487 4648 Φίλιππος,
3542 4576 3632 4631 καὶ
3682 4584 3802 4633 Θω-

391 4662 649 4717 Jacobus
681 4663 840 4718 filius
870 4663 1105 4734 Alphaai,
1132 4664 1330 4719 Simon
1355 4665 1588 4732 zelotes,
1608 4666 1793 4722 Judas
1816 4668 2040 4736 Jacobi,

390 4751 491 4823 qui
524 4755 581 4805 et
611 4751 937 4807 Thaddaaus
982 4751 1215 4817 dicitur,
1248 4757 1304 4808 et
1351 4753 1536 4808 Judas
1588 4755 1908 4821 Iscariotes,
1942 4756 2043 4829 qui

389 4840 648 4912 prodidit
682 4841 1012 4896 Dominum.
1045 4843 1150 4896 Sed
1204 4846 1515 4914 postquam
1564 4843 1876 4900 Dominum
1909 4862 2041 4917 pro-

391 4929 637 4985 didisset
667 4946 732 4984 ac
765 4931 1053 5001 periisset,
1090 4930 1146 4985 in
1181 4932 1310 5001 ejus
1341 4930 1532 4986 locum
1565 4931 1924 4989 constitutus
1952 4939 2042 4992 est

388 5019 460 5075 ab
493 5019 771 5090 apostolis
804 5019 1099 5087 Matthiae,
1124 5024 1179 5075 et
1200 5024 1661 5076 connumeratus
1691 5036 1826 5077 cum
1858 5024 2042 5080 unde-

388 5106 503 5162 cim
553 5108 814 5180 reliquis,
850 5109 1254 5164 duodecimus.
1305 5109 1510 5165 Postea
1556 5115 1796 5167 vocatus
1846 5116 1937 5167 est
1986 5116 2044 5167 et

387 5195 629 5264 Paulus,
661 5213 759 5252 vas
793 5196 1111 5263 electionis,
1140 5197 1476 5269 missusque
1508 5204 1565 5254 et
1593 5199 1717 5272 ipse
1750 5216 1882 5256 cum
1911 5202 2043 5256 Bar-

387 5286 541 5340 naba
563 5287 634 5340 ad
660 5286 1095 5357 praedicandum
1116 5286 1491 5358 Evangelium
1508 5289 1739 5344 Domini
1764 5291 2042 5362 gentibus

386 5373 624 5445 ubique.
664 5380 890 5446 Septem
954 5381 1147 5429 autem
1199 5376 1577 5431 diaconorum
1638 5379 1709 5433 ab
1759 5379 2041 5449 apostolis

387 5464 839 5521 constitutorum
876 5465 996 5519 haec
1030 5470 1170 5519 sunt
1202 5465 1441 5521 nomina
1475 5482 1488 5520 :
1522 5466 1873 5538 Stephanus,
1907 5466 2038 5523 Phi-

462 5608 507 5642 ¹⁰
535 5608 702 5661 Joan.
737 5623 896 5672 xvm,
928 5610 1016 5663 23.

459 5678 573 5749 (32)
605 5678 821 5750 Λίτρας.

2156 4669 2282 4735 μᾶς,
2343 4661 2778 4737 Βαρθολομαῖος,
2845 4669 3139 4735 Ματθαῖος,
3196 4660 3452 4727 Ἰάκωϐος
3508 4663 3800 4743 Ἀλφαίου,

2154 4750 2341 4822 Σίμων
2375 4750 2403 4804 6
2438 4748 2713 4823 ζηλωτὴς,
2750 4749 2954 4813 Ἰούδας
2987 4746 3270 4820 Ἰακώϐου,
3304 4752 3332 4806 6
3362 4752 3452 4806 καὶ
3510 4749 3799 4821 Θαδδαῖος,

2149 4838 2239 4893 καὶ
2272 4836 2474 4902 Ἰούδας
2507 4840 2855 4912 Ἰσκαριώτης
2888 4841 2915 4894 6
2959 4839 3048 4894 καί
3101 4836 3373 4916 παραδοὺς
3429 4841 3520 4895 τὸν
3578 4840 3797 4916 Κύριον.

2151 4925 2323 4984 Ἀλλά
2364 4932 2460 4983 τοῦ
2517 4926 2695 4984 Ἰούδα
2750 4928 2969 4997 τούτου,
3026 4927 3299 5004 προδότου
3339 4930 3652 5005 γενομένου,
3706 4929 3797 4984 καὶ

2150 5017 2523 5090 ἀπολομένου,
2581 5020 2877 5089 κατεστάθη
2939 5020 3015 5081 εἰς
3066 5018 3160 5074 τὸν
3222 5017 3422 5075 ἐκείνου
3465 5020 3631 5075 τόπον
3692 5020 3798 5074 ὑπὸ

2149 5111 2257 5161 τῶν
2307 5105 2629 5162 ἀποστόλων
2692 5107 2953 5179 Ματθίας,
3013 5108 3103 5163 καὶ
3161 5111 3647 5184 συγκατηριθμηθη
3679 5112 3796 5170 τοῖς

2151 5193 2338 5251 ἕνδεκα
2368 5193 2690 5258 δωδέκατος.
2723 5197 2868 5251 Μετὰ
2900 5194 2957 5251 δὲ
2987 5202 3151 5251 ταῦτα
3182 5196 3389 5269 ἐκλήθη
3425 5200 3513 5253 καὶ
3562 5201 3590 5253 6
3648 5203 3797 5253 Παῦ-

2152 5284 2269 5357 λος,
2321 5290 2508 5347 σκεῦος
2555 5284 2809 5361 ἐκλογῆς,
2852 5285 2941 5340 καὶ
2994 5285 3270 5355 ἀπεστάλη
3320 5286 3410 5341 καὶ
3443 5286 3601 5349 αὐτὸς
3662 5288 3797 5359 μετὰ

2152 5369 2405 5449 Βαρνάϐα
2446 5372 2857 5450 εὒαγγελίσαθαι
2903 5376 2993 5430 τὸν
3047 5374 3241 5451 Κύριον
3284 5382 3403 5438 τοῖς
3434 5373 3602 5432 ἔθνεσι
3661 5397 3795 5431 παν-

2150 5468 2345 5540 ταχοῦ.
2407 5465 2524 5519 Ἔτι
2583 5461 2639 5519 δὶ
2695 5465 2785 5519 καὶ
2843 5468 2950 5519 τῶν
3009 5464 3435 5521 κατασταθέντων
3495 5464 3640 5541 παρὰ
3682 5466 3792 5518 τῶν
