4086 6222
268 332 389 393 ωδ

1390 331 1766 394 SYNOPSIS
1812 330 2189 392 SCRIPTUR
2203 333 2275 391 ιΕ
2320 332 2618 391 8ΑΟΒᾹΞ.

3585 330 3704 390 406

271 460 605 518 ἀποστόλων
667 462 802 518 ἑπτὰ
858 462 1123 519 διακόνων
1178 466 1245 521 τὰ
1294 463 1533 537 ὀνόματα
1579 467 1765 519 ταῦτα·
1803 463 1929 517 Στέ-

2054 463 2265 537 lippus,
2298 465 2648 533 Prochorus,
2686 463 2955 529 Nicanor,
3009 463 3240 530 Timon,
3276 463 3590 518 Parmenas
3645 467 3702 519 et

274 573 466 627 φανος,
498 550 807 622 Φίλιππος,
837 548 1152 629 Πρόχορος,
1204 552 1477 627 Νικάνωρ,
1523 551 1735 625 Τίμων,
1796 557 1938 626 Παρ-

278 648 464 713 μενᾶς,
522 640 615 695 καὶ
674 639 968 704 Νικόλαος.
1027 642 1242 697 Τούτων
1303 643 1396 696 οῦν
1452 646 1557 695 τῶν
1618 639 1937 695 ἀποστόλων

271 730 365 785 καὶ
424 734 534 785 τῶν
582 727 844 785 διακόνων
897 733 996 793 τὰς
1051 732 1270 807 πράξεις
1323 730 1591 805 διηγεῖται
1643 730 1670 784 ὁ
1703 735 1939 797 Λουκᾶς,

274 818 367 874 καί
426 825 632 892 σημεῖα
687 819 1018 895 παράύτῶν
1078 819 1363 895 γεγονότα,
1398 822 1533 895 ἅπερ
1592 818 1692 873 εἶσὶ
1749 822 1936 873 ταῦτα·

276 908 484 984 Πέτρος
515 910 606 964 καὶ
639 908 897 979 Ἰωάννης
926 909 1279 985 ἐθεράπευσαν
1332 908 1383 963 έν
1430 913 1510 979 τῷ
1557 908 1782 981 ὀνόματι
1835 913 1935 961 Κυ-

274 997 397 1074 ρίου
424 998 519 1053 τὸν
577 997 639 1053 ἐκ
686 1005 908 1073 γενετῆς
955 997 1165 1073 χωλὸν,
1196 1000 1289 1054 τὸν
1342 998 1392 1053 ἐν
1440 1002 1509 1072 τῇ
1558 997 1744 1074 Ὡραίᾳ
1791 994 1938 1070 πύλῃ

268 1088 609 1159 καθήμενον.
644 1088 848 1164 Πέτρος
897 1088 1141 1145 Ἀνανίαν
1195 1087 1286 1142 καὶ
1338 1092 1644 1165 Σαπφεῖραν
1688 1087 1786 1155 τὴν
1838 1106 1934 1160 γυ-

268 1180 434 1231 ναῖκα
494 1175 661 1231 αύτοῦ
716 1174 938 1253 ἤλεγξε,
968 1175 1393 1254 νοσφισαμένους
1450 1177 1556 1231 ἀπὸ
1611 1183 1713 1243 τῆς
1767 1181 1935 1246 τιμῆς

266 1270 367 1320 τοῦ
424 1265 663 1341 χωρίου,
692 1265 783 1321 καὶ
839 1273 939 1335 τῆς
996 1263 1325 1341 ἐπαγγελίας
1386 1272 1486 1335 τῆς
1541 1265 1618 1327 εἷς
1656 1265 1747 1319 τὸν
1780 1264 1931 1331 Θεὸν,

266 1352 359 1409 καί
416 1354 674 1430 γεγόνασι
732 1362 1079 1431 παραχρῆμα
1130 1355 1333 1431 νεκροί.
1367 1356 1569 1429 Πέτρος
1631 1352 1682 1407 έν
1744 1353 1937 1426 Ἰόππῃ

266 1445 373 1512 τὴν
404 1443 785 1507 ἀποθανοῦσαν
818 1441 1063 1520 Δορκάδα
1117 1443 1409 1516 εὐξάμενος
1464 1441 1682 1519 ἤγειρεν
1734 1442 1793 1496 έκ
1847 1461 1938 1495 νε-

272 1538 446 1609 ιερῶν.
486 1533 688 1608 Πέτρος
718 1534 780 1587 τὸ
810 1532 862 1604 έξ
922 1533 1151 1607 ούρανοῦ
1199 1536 1392 1594 σκεῦος
1438 1532 1753 1605 καθιέμενον
1797 1528 1939 1598 πλῆ-

274 1642 369 1695 ρες
422 1623 621 1684 παντὸς
674 1623 816 1692 ζώου
875 1624 1100 1699 ἑωρακε.
1146 1620 1351 1698 Πέτρου
1394 1624 1429 1691 ἡ
1480 1622 1603 1676 σκιὰ
1654 1619 1928 1695 ἐρχομένη

273 1712 366 1767 έπὲ
445 1711 574 1773 τοὺς
644 1712 987 1775 ἀσθενοῦντας
1059 1711 1371 1786 ἐθεράπευεν
1444 1708 1655 1771 αὐτούς.
1738 1709 1935 1783 Πέτρος

272 1801 617 1875 τηρούμενος
675 1801 763 1855 καὶ
824 1799 1109 1874 δεδεμένος
1143 1800 1194 1855 έν
1225 1804 1293 1874 τῇ
1341 1799 1555 1877 φυλακῇ
1620 1799 1722 1853 ὑπὸ
1779 1798 2013 1897 ἀγγέοΒ

275 1890 381 1945 λου
434 1889 709 1958 ἀπελύθη,
765 1891 841 1963 μή
902 1887 1123 1945 εἰδότων
1177 1895 1283 1945 τῶν
1346 1894 1713 1966 στρατιωσῶν.
1751 1888 1845 1941 Καὶ
1906 1888 1932 1941 ὁ

272 1975 533 2053 Ἡρώδης
586 1974 1059 2055 σκωληκόϐρωτος
1118 1979 1348 2052 ἐξέψυξε.
1384 1977 1652 2054 Στέφανος
1712 1976 1936 2047 ἐποίησε

272 2069 477 2144 τέρατα
506 2067 597 2122 καὶ
647 2074 868 2141 σημεῖα.
905 2067 1187 2130 Φίλιππος
1241 2070 1333 2122 τὸν
1390 2068 1648 2143 εὐνοῦχον
1709 2067 1936 2136 έπέστη-

275 2178 369 2211 σεν
432 2158 869 2233 ἄναγινώσιιοντα
924 2158 1013 2212 τὸν
1068 2155 1308 2226 Ἡσαῖαν,
1361 2158 1449 2211 καὶ
1499 2153 1779 2212 ἐϐάπτισεν
1840 2155 1932 2210 αύ-

266 2246 389 2302 τόν.
423 2248 489 2302 Ὀ
544 2246 704 2308 αύτὸς
764 2245 1045 2309 Φίλιππος
1106 2248 1157 2302 έν
1215 2245 1495 2323 Σαμαρείᾳ
1541 2244 1729 2302 πολλὰ
1782 2245 1936 2300 πνεύ·

276 2355 429 2409 ματα
463 2330 702 2407 ἐξέϐαλε,
735 2336 825 2390 καὶ
876 2335 1056 2412 χωλοὶ
1109 2334 1199 2391 καὶ
1258 2333 1698 2411 παραλελυμένοι
1756 2334 1938 2409 ἐθερα-

274 2424 560 2491 πεύθησαν
621 2424 711 2479 ὑπ’
743 2426 930 2481 αὐτοῦ.
975 2424 1215 2494 Παῦλος,
1251 2424 1479 2499 ἐγγίζων
1533 2424 1601 2498 τῇ
1648 2429 1939 2497 Δαμασκῷ,

276 2511 424 2569 εἶδεν
506 2512 789 2584 ὀπτασίαν,
846 2514 936 2569 καὶ
1014 2514 1165 2576 εὐθὺς
1238 2515 1455 2590 γέγονεν
1533 2514 1938 2589 εὐαγγελιστής.

280 2601 509 2663 Παῦλος
542 2601 594 2656 έν
624 2602 891 2677 Λύστροις
928 2602 1136 2673 Αἰνέαν,
1170 2602 1357 2679 χωλὸν
1410 2603 1468 2658 ἐκ
1525 2610 1745 2678 γενετῆς
1792 2598 1939 2671 ὄντα,

278 2690 638 2762 ἐθεράπευσεν
670 2690 722 2745 έν
755 2696 833 2762 τῷ
880 2691 1109 2764 ἀνόματι
1158 2697 1255 2747 τοῦ
1315 2692 1527 2767 Κυρίου.
1564 2690 1779 2753 Παῦλος
1836 2692 1941 2745 ἀπὸ

280 2779 552 2842 ὀπτασίας
608 2779 684 2841 εἷς
744 2778 1078 2837 Μακεδονίαν
1139 2781 1367 2853 ἐκλήθη.
1429 2780 1641 2843 Παῦλος
1696 2783 1794 2849 τὴν
1854 2803 1944 2855 γυ-

281 2874 449 2924 ναῖκα
479 2870 579 2938 τῆν
628 2866 858 2945 ἔχουσαν
909 2875 1121 2944 πνεῦμα
1152 2870 1391 2935 Πύθονος
1450 2871 1748 2943 έκαθάρισε.
1806 2875 1944 2927 Παῦ-

284 2958 389 3019 λος
414 2958 506 3011 xui
540 2956 708 3019 Σίλας
738 2957 790 3012 έν
824 2956 1125 3020 Φιλίπποις
1184 2959 1257 3021 εἷς
1314 2958 1562 3036 φυλακην
1612 2954 1941 3029 ἐϐλήθησαν,

280 3047 379 3102 καὶ
412 3044 859 3124 ἠσφαλισμένους
918 3047 1067 3123 εἶχον
1125 3046 1251 3111 τοὺς
1308 3046 1478 3110 πόδας
1534 3047 1584 3103 έν
1641 3053 1721 3119 τῷ
1777 3047 1939 3120 ξύλῳ.

2048 552 2341 609 Nicolaus.
2380 555 2593 609 [lorum
2652 553 2849 623 itaque
2909 551 3304 623 apostolorum
3340 556 3397 606 et
3426 552 3699 608 diacono-

2050 659 2177 697 rum
2213 650 2339 697 acta
2369 647 2603 697 enarrat
2632 643 2839 708 Lucas,
2867 646 2923 697 et
2955 658 3080 711 quae
3113 642 3184 695 ab
3218 641 3335 695 illis
3375 641 3533 696 edita
3562 646 3702 696 sunt

2049 732 2237 803 signa,
2271 748 2396 802 quae
2429 732 2541 786 ista
2571 738 2711 786 sunt
2748 749 2759 785 :
2794 732 2997 785 Petrus
3029 735 3086 783 et
3122 731 3375 785 Joannes
3424 730 3700 785 claudum

2048 838 2115 875 ex
2149 821 2466 892 nativitate,
2501 821 2554 874 in
2591 826 2757 891 porta
2788 820 3058 890 Speciosa
3122 822 3445 889 sedentem,
3480 820 3539 874 in
3597 836 3697 873 no-

1993 960 1999 966 .
2048 910 2205 965 mine
2234 910 2464 964 Domini
2488 914 2787 964 curarunt.
2818 913 3021 963 Petrus
3056 908 3340 963 Ananiam
3374 915 3431 963 et
3452 909 3701 980 Sapphi-

2047 1015 2171 1053 ram
2206 1015 2443 1053 uxorem
2478 1001 2606 1069 ejus
2639 999 2923 1069 coarguit,
2956 998 3111 1069 quod
3146 998 3415 1053 sull‘urati
3448 998 3701 1053 fuissent

2048 1088 2116 1142 de
2151 1090 2332 1159 pretio
2366 1088 2509 1160 agri,
2535 1093 2591 1142 et
2623 1089 2691 1142 de
2722 1088 3110 1159 promissione
3141 1087 3254 1142 Deo
3288 1088 3439 1142 facta
3460 1087 3696 1143 defrau-

2047 1178 2306 1244 dassent,
2324 1194 2498 1247 quam
2532 1178 2605 1232 ob
2628 1194 2864 1232 causam
2891 1182 2948 1231 et
2969 1193 2998 1230 e
3019 1176 3261 1248 vestigio
3294 1176 3507 1231 mortui
3530 1181 3693 1232 sunt.

2046 1266 2249 1321 Petrus
2267 1266 2450 1337 Joppe
2468 1266 2731 1322 Dorcada
2762 1267 2881 1321 vita
2912 1266 3245 1320 defunctam
3277 1265 3549 1336 precibus
3572 1266 3696 1321 suis

2046 1370 2074 1410 ο
2108 1355 2356 1409 mortuis
2386 1355 2673 1409 excitavit.
2711 1355 2915 1409 Petrus
2946 1370 3045 1408 vas
3078 1352 3312 1425 plenum
3344 1353 3536 1408 omnis
3594 1369 3698 1423 ge-

2047 1444 2204 1499 neris
2234 1443 2634 1499 animantibus
2671 1443 2897 1498 cmlitus
2926 1443 3253 1497 demissum
3284 1442 3445 1496 vidit.
3480 1442 3694 1498 Umbra

2046 1534 2199 1588 Petri
2249 1538 2494 1605 azgrotos
2542 1549 2686 1602 quos
2736 1532 3134 1604 contingebat,
3189 1531 3456 1586 sanabat.
3490 1535 3697 1587 Petrus

2044 1639 2176 1678 cum
2208 1622 2269 1677 in
2301 1638 2531 1678 carcere
2590 1622 2807 1693 ligatus
2859 1626 3211 1689 servaretur,
3248 1637 3348 1693 per
3400 1620 3695 1691 angelum,

2043 1712 2247 1767 insciis
2306 1711 2614 1776 militibus,
2666 1713 2821 1765 144
2880 1709 3110 1765 solutus
3162 1714 3270 1764 est.
3323 1710 3391 1764 Et
3441 1711 3696 1765 Herodes

2045 1800 2333 1857 vermium
2365 1817 2501 1856 esca
2530 1800 2742 1865 factus,
2774 1799 3106 1870 exspiravit.
3142 1798 3476 1870 Stephanus
3509 1798 3698 1871 prodi-

2044 1891 2139 1964 gia
2194 1890 2331 1945 fecit
2358 1894 2415 1945 et
2444 1890 2632 1961 signa.
2670 1888 2970 1959 Philippus
3014 1889 3085 1943 ad
3135 1888 3497 1956 eunuchum,
3533 1888 3695 1944 Isaiae

2045 1978 2410 2051 prophetiam
2444 1977 2757 2049 legentem,
2789 1977 3130 2047 accessit,et
3161 1977 3477 2048 baptizavit
3502 1977 3693 2033 illum.

2047 2068 2206 2123 Idem
2243 2065 2548 2137 Philippus
2580 2065 2800 2121 multos
2833 2065 3021 2121 malos
3053 2065 3297 2136 spiritus
3328 2066 3385 2119 in
3434 2065 3699 2121 Samaria

2048 2156 2299 2227 ejecit,et
2329 2155 2519 2209 claudi
2542 2155 2614 2208 ab
2634 2154 2731 2209 illo
2756 2172 2821 2209 ac
2846 2154 3147 2226 paralytici
3170 2155 3529 2210 curatisunt.
3556 2160 3700 2210 Pau-

2054 2246 2147 2301 lus
2178 2262 2312 2300 cum
2336 2244 2840 2316 appropinquaret
2876 2249 3176 2310 Damasco,
3210 2244 3493 2299 visionem
3526 2245 3698 2313 vidit,

2049 2341 2106 2391 et
2138 2352 2271 2390 mox
2302 2334 2590 2403 Evangelii
2625 2350 2810 2404 praeco
2845 2335 3033 2391 factus
3063 2339 3169 2390 est.
3210 2334 3422 2389 Paulus
3444 2351 3575 2390 cum
3609 2351 3698 2389 es-

2050 2430 2135 2482 set
2169 2425 2391 2497 Lystris
2419 2425 2679 2489 zEneam,
2704 2442 2736 2478 a
2767 2424 3069 2480 nativitate
3099 2424 3399 2495 claudum,
3429 2425 3488 2479 in
3522 2424 3705 2479 nomi-

2052 2532 2122 2571 ne
2145 2514 2377 2569 Domini
2408 2515 2651 2569 curavit.
2686 2514 2903 2568 Paulus
2937 2531 3037 2583 per
3066 2514 3347 2569 visionem
3398 2514 3456 2567 in
3516 2514 3701 2569 Mace-

2052 2604 2289 2659 doniam
2337 2608 2577 2657 vocatus
2616 2606 2723 2657 est.
2758 2601 2974 2657 Paulus
3024 2602 3331 2657 mulierem
3391 2602 3701 2657 habentem

2052 2691 2327 2763 spiritum
2362 2690 2642 2763 Pythonis
2674 2690 2961 2762 purgavit.
2997 2690 3212 2745 Paulus
3261 2694 3317 2744 et
3365 2688 3517 2745 Silas
3573 2690 3704 2744 Phi-

2051 2781 2229 2854 lippis
2259 2781 2317 2835 in
2346 2781 2670 2836 custodiam
2704 2781 2972 2851 conjecti,
3007 2784 3063 2834 et
3102 2780 3279 2851 pedes
3309 2795 3511 2833 eorum
3543 2778 3702 2850 ligno

2052 2869 2352 2926 constricti
2383 2873 2540 2924 sunt.
2567 2870 2628 2923 In
2663 2869 2853 2924 medio
2876 2873 3072 2924 autem
3103 2866 3293 2923 noctis
3320 2871 3485 2921 terra:
3509 2871 3703 2922 motus

2054 2964 2221 3016 actus
2252 2962 2357 3026 est,
2391 2964 2447 3013 et
2477 2957 2669 3014 soluta
2708 2963 2846 3013 sunt
2878 2975 3079 3014 eorum
3102 2957 3355 3012 vincula.
3389 2958 3432 3010 A
3465 2972 3704 3027 corpore

2054 3048 2218 3103 Pauli
2248 3046 2505 3113 sudaria,
2529 3046 2762 3118 aegrotis
2788 3063 2853 3101 ac
2885 3045 3259 3101 daamoniacis
3291 3046 3585 3117 imposita,
3610 3062 3707 3100 cu-

279 3137 378 3193 Ἐν
411 3134 473 3190 δὲ
519 3141 600 3206 τῷ
658 3135 989 3209 μεσονυκτίῳ
1036 3138 1255 3211 σεισμὸς
1304 3139 1514 3213 γέγονε,
1546 3138 1635 3193 καὶ
1688 3137 1939 3193 λέλυνται

2056 3138 2341 3193 rationem
2397 3136 2733 3191 afferebant.
2769 3134 2984 3191 Paulus
3032 3136 3257 3191 Troade
3317 3135 3642 3207 Eutychum
3676 3152 3707 3189 e

282 3224 469 3279 αὐτῶν
525 3226 596 3279 τὰ
634 3222 824 3297 δεσμά.
860 3227 995 3281 Ἀπὸ
1048 3231 1146 3281 τοῦ
1204 3229 1419 3302 χρωτὸς
1480 3225 1695 3282 Παύλου
1746 3226 1939 3303 ἀπέφεα

286 3335 386 3389 ρον
448 3311 711 3389 σουδάρια
740 3313 826 3369 ἐπὶ
882 3315 1007 3378 τοὺς
1062 3316 1409 3379 ἀσθενοῦντας
1466 3316 1554 3371 καὶ
1616 3314 1943 3390 δαιμονιῶν-

283 3424 405 3475 τας,
438 3404 530 3457 καὶ
592 3401 996 3478 ἐθεραπεύοντο.
1056 3405 1273 3469 Παῦλος
1328 3406 1380 3461 ἐν
1440 3404 1659 3478 Τρωάδι
1717 3404 1947 3461 πεσόντα

288 3488 545 3567 Εὔτυχον
582 3492 686 3547 ἀπὸ
712 3499 812 3562 τῆς
844 3491 1064 3568 θυρίδος
1085 3495 1172 3549 καὶ
1190 3494 1526 3559 ἀποθανόντα
1540 3494 1731 3571 ἤγειρε
1753 3494 1943 3571 λέγων.

290 3605 324 3632 α
356 3582 419 3637 Ἣ
451 3582 607 3655 ψυχή
641 3580 805 3636 αὐτοῦ
838 3582 888 3637 ἐν
921 3582 1067 3655 αύτῷ
1108 3582 1269 3642 ἐστιν.
1304 3609 1331 3635 ››
1364 3582 1579 3646 Παῦλος
1624 3584 1944 3657 ἐπετίμησεν

290 3670 347 3726 ἐν
376 3669 587 3745 Κύπρῳ
613 3675 692 3742 τῷ
725 3669 882 3745 μάγῳ
909 3670 1140 3745 Ἐλύμᾳ,
1171 3672 1259 3726 καὶ
1293 3672 1502 3746 ἐγένετο
1548 3672 1771 3750 τυφλός.
1804 3677 1944 3727 Παῦ-

292 3758 415 3830 λος,
452 3757 638 3814 πλέων
676 3759 727 3813 έν
757 3762 960 3834 Ῥώμῃ,
992 3759 1290 3835 ἐχειμάσθη
1342 3761 1497 3824 αύτός
1553 3783 1612 3816 τε
1666 3763 1755 3816 καὶ
1811 3761 1945 3815 πάν-

285 3870 372 3910 τες
428 3849 482 3903 οἱ
537 3847 595 3902 ἐν
635 3852 715 3920 τῷ
759 3847 944 3921 πλοίῳ
991 3848 1079 3903 ἐπὶ
1124 3852 1446 3926 νυχθήμερα
1492 3849 1571 3907 ιδ’.
1620 3852 1839 3906 Πάντων
1890 3872 1949 3905 τε

288 3935 728 4011 προσδοκώντων
795 3939 1102 4008 ἀποθανεῖν,
1159 3937 1376 3994 ἐπιστὰς
1437 3941 1465 3994 ὁ
1527 3940 1725 4015 Κύριος
1801 3940 1943 3996 εἶπεν

288 4026 461 4098 αύτῷ,
517 4025 602 4081 ὅτι
637 4050 666 4077 (ι
722 4027 827 4081 Λιά
880 4027 939 4081 σὲ
993 4027 1325 4103 κεχάρισμαι
1370 4026 1585 4090 τούτοις
1641 4030 1704 4083 τὸ
1764 4033 1882 4102 ζῇν,
1916 4052 1943 4081 ››

289 4116 380 4170 καὶ
468 4114 775 4186 ἐσώθησαν.
834 4114 1149 4187 Ἐξελθόντα
1229 4117 1321 4171 τὸν
1407 4117 1619 4173 Παῦλον
1673 4119 1779 4173 άπὸ
1849 4123 1945 4173 τοῦ

292 4204 493 4260 πλοίου
527 4200 716 4279 ἔχιδνα
742 4202 915 4277 ἔδακε,
948 4204 1038 4260 καὶ
1067 4206 1120 4260 οἱ
1155 4206 1246 4278 μὲν
1303 4205 1496 4267 πάντες
1557 4206 1809 4280 ἐνόμιζον
1853 4207 1947 4261 αύ-

290 4294 384 4348 τὸν
441 4294 679 4370 γίνεσθαι
734 4293 943 4369 νεκρόν·
994 4294 1069 4356 ὡς
1123 4292 1180 4349 δὲ
1235 4294 1444 4363 ἀπαθής
1503 4293 1781 4368 διέμεινεν,
1831 4297 1947 4352 ένόα

298 4404 456 4455 μισαν
520 4382 684 4439 αὐτὸν
744 4382 877 4438 εἶναι
938 4382 1078 4441 θεόν.
1132 4384 1239 4440 Τὸν
1294 4386 1499 4459 πατέρα
1554 4386 1835 4442 Πουπλίου
1893 4388 1943 4441 έν

2058 3230 2311 3282 fenestra
2341 3225 2682 3298 prolapsum
2716 3242 2781 3280 ac
2810 3230 3103 3279 mortuum
3137 3224 3433 3290 excitavit,
3456 3223 3656 3279 dicens
3692 3240 3705 3278 :

2062 3336 2083 3364 ι
2116 3315 2326 3370 Anima
2356 3315 2484 3384 ejus
2516 3313 2573 3367 in
2607 3315 2732 3384 ipso
2763 3314 2939 3368 est“.
2978 3336 3006 3363 »
3040 3312 3254 3367 Paulus
3283 3312 3341 3366 in
3374 3312 3559 3384 Cypro
3590 3328 3710 3365 ma-

2056 3422 2194 3477 gum
2230 3404 2486 3476 Elymam
2524 3403 2864 3474 increpavit,
2896 3402 2995 3473 qui
3026 3407 3083 3457 et
3112 3419 3299 3457 caecus
3330 3402 3568 3457 effectus
3598 3405 3705 3456 est.

2058 3493 2271 3550 Paulus
2302 3510 2435 3548 cum
2468 3492 2712 3547 Romam
2744 3492 3061 3561 navigaret,
3082 3495 3430 3563 tempestate
3452 3489 3709 3562 agitatus

2056 3590 2142 3639 est
2176 3585 2319 3655 ipse,
2345 3586 2400 3637 et
2427 3585 2713 3653 quotquot
2742 3598 2876 3635 cum
2912 3580 3011 3635 illo
3046 3581 3100 3634 in
3138 3581 3265 3634 navi
3298 3583 3483 3647 erant,
3510 3583 3707 3633 noctes

2056 3691 2122 3729 ac
2153 3673 2277 3728 dies
2307 3671 2770 3743 quatuordecim.
2800 3671 2863 3724 Et
2894 3686 3024 3724 cum
3055 3670 3309 3723 universi
3343 3675 3587 3722 mortem
3619 3682 3708 3721 ex-

2057 3766 2406 3836 spectarent,
2441 3762 2627 3816 astitit
2671 3760 2851 3814 Paulo
2890 3760 3189 3825 Dominus,
3224 3758 3422 3812 dicens
3456 3774 3468 3811 :
3508 3778 3535 3805 ‹‹
3566 3760 3704 3810 Pro-

2056 3860 2185 3927 pter
2234 3858 2285 3908 te
2339 3851 2584 3922 largitus
2642 3866 2773 3903 sum
2816 3849 2965 3913 istis,
3017 3852 3077 3902 ut
3124 3848 3321 3902 vivant
3370 3847 3433 3912 ¹²,
3468 3866 3497 3894 ››
3532 3850 3706 3916 atque

2056 3942 2265 4000 servati
2298 3945 2456 3997 sunt.
2493 3938 2736 3994 Paulum
2788 3954 2921 3991 cum
2954 3953 2984 3991 e
3016 3936 3146 3991 navi
3200 3951 3474 4007 egressus
3530 3937 3703 4005 esset,

2053 4034 2253 4103 vipera
2314 4027 2648 4095 momordit,
2708 4025 3238 4096 existimabantque
3296 4040 3499 4079 omnes
3551 4023 3705 4094 quod

2057 4120 2378 4177 moriturus
2436 4121 2635 4172 esset:
2673 4131 2803 4170 cum
2854 4131 2988 4170 vero
3046 4113 3266 4170 illaasus
3318 4117 3707 4185 permaneret,

2057 4208 2319 4266 arbitrati
2352 4210 2492 4262 sunt
2520 4206 2693 4261 deum
2725 4219 2853 4259 esse
2881 4204 3219 4275 quemdam.
3255 4204 3481 4258 Patrem
3516 4200 3708 4257 Publii

2058 4301 2115 4354 in
2131 4296 2324 4353 insula
2345 4293 3073 4369 dysenterialaborantem,
3090 4292 3386 4365 impositis
3409 4292 3704 4359 manibus,

2057 4387 2293 4444 sanitati
2326 4384 2582 4441 restituit
2612 4382 2851 4453 Paulus,
2884 4387 2941 4439 et
2970 4383 3115 4439 alios
3147 4382 3362 4438 multos
3392 4381 3452 4437 in
3502 4381 3704 4438 eadem

292 4476 363 4547 τῇ
392 4475 549 4546 νήσῳ
579 4471 891 4549 δυσεντερίᾳ
937 4472 1299 4548 συνεχόμενον
1350 4476 1735 4551 χειροθετήσας
1770 4475 1941 4532 ἴάσατι

2060 4476 2253 4534 insula
2282 4478 2528 4547 aegrotos
2560 4473 2805 4529 curavit.

293 4563 325 4617 ὁ
355 4563 596 4635 Παῦλος,
627 4562 718 4618 καὶ
756 4561 960 4625 ἄλλους
992 4560 1240 4626 πολλούς
1272 4563 1622 4628 ἀσθενοῦντας
1654 4564 1706 4619 έν
1737 4569 1805 4639 τῇ
1837 4568 1984 4640 νήσῳ
2010 4567 2373 4642 ἐθεράπευσεν.

497 4701 726 4762 Βιϐλίον
776 4707 843 4773 ς’,
893 4706 1209 4762 Ἐπιστολαὶ
1257 4705 1541 4762 καθολικαὶ
1590 4708 1742 4763 ἑπτά·

732 4777 939 4833 τούτων
979 4779 1171 4855 πρώτη
1221 4773 1504 4836 Ἰακώϐου.

370 4887 454 4946 52.
488 4884 617 4941 Ἀπ’
665 4882 841 4939 αὐτῶν
888 4888 998 4939 τῶν
1050 4885 1372 4960 γραψάντων
1420 4884 1509 4939 καὶ
1567 4886 1721 4939 αὗται
1778 4906 1945 4961 προσ-

303 4973 671 5052 αγορεύονται.
705 4973 878 5035 Αὐτὸς
910 4973 1011 5049 γάρ
1044 4971 1302 5037 Ἰάκωϐος
1351 4975 1549 5044 ταύτην
1594 4974 1786 5053 γράφει
1834 4980 1948 5038 τοῖς

306 5063 403 5117 ἀπὸ
457 5067 570 5118 τῶν
618 5059 831 5117 δώδεκα
869 5061 1055 5140 φυλῶν
1108 5058 1470 5137 διασπαρεῖσι,
1522 5066 1611 5117 καὶ
1667 5063 1949 5118 πιστεύσα-

304 5170 386 5203 σιν
436 5150 514 5212 εἷς
570 5151 662 5205 τὸν
718 5149 913 5223 Κύριον
940 5151 1101 5221 ἡμῶν
1134 5152 1342 5220 Ἰησοῦν
1376 5150 1621 5227 Χριστόν.
1660 5152 1853 5228 Γράφει
1896 5149 1953 5206 δὲ

310 5234 693 5305 διδασκαλικὴν
749 5238 850 5306 τὴν
894 5235 1245 5305 Ἐπιστολὴν,
1278 5235 1543 5293 διδάσκων
1593 5240 1712 5312 περὶ
1772 5237 1955 5316 διαφο-

311 5331 408 5399 ρᾶς
436 5331 770 5402 πειρασμῶν,
804 5332 965 5388 ποῖος
1016 5327 1111 5398 μέν
1164 5326 1302 5381 ἐστιν
1360 5327 1465 5381 ἀπὸ
1519 5334 1673 5396 Θεοῦ,
1708 5334 1864 5389 ποῖος
1900 5325 1956 5383 δὲ

313 5413 421 5469 ἀπὸ
464 5423 559 5486 τῆς
622 5413 757 5477 ἰδίας
813 5410 1038 5490 καρδίας
1089 5420 1197 5469 τῶν
1258 5416 1576 5492 ἀνθρώπων·
1610 5418 1697 5472 καὶ
1754 5416 1837 5471 ὅτι
1894 5416 1955 5471 οὐ

403 5646 440 5679 ¹¹
470 5645 586 5702 Act.
612 5659 709 5712 xx,
740 5641 828 5697 10.
903 5641 948 5677 ¹²
973 5642 1101 5698 Ast.
1132 5655 1309 5712 mn,
1338 5641 1425 5697 24.

2122 4708 2271 4758 Liber
2310 4708 2387 4769 l'l,
2419 4705 2659 4771 Epistolae
2687 4703 2945 4771 catholicae
2971 4707 3180 4771 septem,
3217 4718 3437 4768 quarum
3472 4703 3643 4768 prima

2736 4771 2813 4816 est
2837 4767 3030 4816 Jacobi.

2129 4888 2216 4941 52.
2255 4887 2335 4939 Ab
2360 4884 2697 4939 auctoribus
2728 4883 2853 4938 suis
2898 4887 2954 4937 et
3010 4882 3148 4953 ipsae
3202 4882 3442 4938 nomina
3489 4883 3706 4937 sortitae

2062 4975 2396 5032 sunt.Hanc
2418 4971 2837 5028 enimJacobus
2865 4972 2935 5026 ad
2970 4972 3267 5042 dispersos
3299 4987 3362 5026 ex
3398 4971 3707 5027 duodecim

2062 5063 2354 5128 tribubus,
2389 5063 2447 5115 in
2511 5061 2817 5115 Dominum
2880 5064 3144 5115 nostrum
3176 5059 3376 5115 Jesum
3410 5060 3707 5114 Christum

2064 5155 2384 5219 credentes,
2419 5151 2671 5221 scripsit.
2704 5150 2951 5221 Scripsit
2998 5155 3191 5204 autem
3248 5149 3568 5221 Epistolam
3601 5151 3707 5205 do-

2064 5241 2231 5296 cendi
2265 5257 2460 5305 causa,
2490 5242 2702 5295 docens
2738 5238 2955 5292 scilicet
2987 5239 3055 5292 de
3088 5239 3475 5294 tentationum
3510 5237 3711 5293 discri-

2067 5330 2243 5400 mine,
2279 5347 2539 5401 quamam
2575 5346 2607 5381 a
2640 5334 2773 5393 Deo,
2808 5344 2932 5398 qua:
2966 5344 3097 5382 vero
3129 5345 3194 5381 ex
3229 5325 3459 5399 proprio
3512 5326 3708 5396 cujus-

2068 5436 2179 5491 que
2210 5418 2543 5475 mortalium
2576 5419 2749 5473 corde
2778 5416 2915 5473 sint.
2952 5421 3014 5471 Et
3045 5417 3197 5486 quod
3233 5433 3345 5471 non
3376 5414 3565 5469 verbis
3588 5420 3712 5469 tan-
