4086 6222
342 319 457 378 407
1556 320 1619 377 S.
1667 316 2015 377 ATHANAE

2126 314 2187 373 S.
2223 347 2298 358 —
2331 316 2591 377 DUBIA.
3646 318 3768 379 408

346 456 497 522 tum,
530 452 633 506 sed
666 455 721 505 et
751 451 876 522 ipso
908 468 1081 523 opere
1111 451 1472 507 ostendenda
1504 450 1583 505 sit
1611 450 1758 504 ﬁdes
1783 466 1796 504 :
1818 448 1996 520 quod-

2126 444 2261 521 λόγῳ
2296 445 2626 518 μόνῳ,ἀλλά
2655 449 2743 503 καὶ
2775 445 2915 526 ἔργῳ
2936 447 3201 505 δεικνύναι
3225 446 3307 504 δεῖ
3324 449 3423 518 τήν
3455 447 3764 503 πίστιν·καὶ

352 558 465 612 que
498 558 611 595 non
645 541 942 596 auditores
983 541 1150 613 legis,
1174 542 1275 596 sed
1309 541 1554 595 factores
1577 538 1997 610 justiﬁcentur.

352 628 616 700 Praecipit
648 629 825 684 etiam
861 630 930 683 de
964 629 1265 695 divitibus,
1300 646 1370 684 ne
1402 628 1484 682 illi
1536 627 1893 700 pauperibus
1944 626 2002 679 in

351 719 627 775 Ecolesiis
662 721 1061 790 praeferantur,
1096 720 1194 774 sed
1231 721 1420 790 magis
1450 720 1845 789 increpentur,
1875 720 2004 770 tan-

355 824 527 879 quam
565 808 1097 879 superbi.Tandem
1132 809 1348 879 injuria
1379 808 1615 863 aﬁ‘ectes
1645 804 2003 875 consolatus,

353 904 411 953 et
442 898 512 951 ad
550 898 917 953 tolerantiam
954 916 1133 969 usque
1167 900 1238 954 ad
1261 898 1483 968 judicia
1514 899 1825 952 adventum
1884 911 2005 950 ser-

355 987 607 1041 vandam
659 988 1022 1056 adhortatus,
1059 988 1154 1041 ubi
1188 988 1259 1043 de
1316 987 1596 1061 patientia
1643 1003 1710 1041 ex
1757 984 1850 1054 iis,
1883 1000 2009 1053 quae

353 1076 462 1131 Job
514 1076 873 1142 acciderunt,
921 1078 1217 1143 admonet,
1253 1076 1513 1149 praecipit
1570 1081 1632 1131 ut
1688 1068 2009 1148 presbyteri

352 1178 635 1220 vocentur
657 1167 723 1221 ad
747 1170 994 1237 aegrotos
1017 1167 1467 1238 ;studeaturque
1488 1165 1779 1237 quomodo
1810 1179 2009 1219 erran-

358 1261 446 1309 tes
479 1255 547 1308 ad
579 1255 880 1309 veritatem
916 1260 1344 1322 convertantur,
1360 1271 1425 1309 eo
1458 1254 1613 1326 quod
1648 1269 1869 1309 merces
1900 1250 2009 1305 hu-

352 1342 453 1412 jus
484 1343 675 1413 operis
709 1343 861 1413 apud
882 1343 1189 1398 Dominum
1220 1343 1487 1399 remissio
1511 1344 1586 1398 sit
1607 1345 2008 1413 peccatorum:

362 1436 535 1501 atque
568 1432 649 1488 ita
682 1433 961 1488 terminat
992 1433 1337 1504 Epistolam.

958 1684 1212 1746 Secunda,
1246 1685 1401 1734 Petri.

2112 532 2219 608 οὐχ
2249 534 2299 587 οἱ
2330 534 2587 610 ἀκροαταί
2615 542 2711 591 τοῦ
2742 537 2935 610 νόμου,
2966 536 3111 593 ἀλλά
3149 538 3200 592 οἱ
3228 538 3451 606 ποιηταὶ
3492 534 3765 592 δικαιοῦν-

2108 642 2218 677 -ιαι.
2253 624 2382 698 Περί
2412 645 2469 678 τε
2498 623 2775 680 πλουσίων
2826 625 3225 702 παραγγέλλει,
3250 624 3341 681 ’ίνα
3401 628 3477 698 μή
3537 628 3766 701 προκρί-

2111 731 2308 764 νωνται
2336 717 2443 766 τῶν
2476 718 2715 789 πτωχῶν
2750 715 2803 768 οἱ
2832 713 3090 770 πλούσιοι
3142 714 3193 768 έν
3246 719 3363 776 ταῖς
3397 713 3766 785 Ἐκκλησίαις,

2113 797 2259 854 ἀλλὰ
2290 799 2504 872 μᾶλλον
2534 802 2622 856 καὶ
2657 802 3117 875 ἐπιπλήττωνται,
3151 802 3227 865 ὡς
3268 804 3624 880 ὑπερήφανοι.
3667 802 3769 858 Καὶ

2112 888 2270 950 τέλος
2300 892 2828 965 παραμυθησάμενος
2878 892 3004 955 τοὺς
3057 890 3465 965 ἀδικουμένους,
3498 892 3589 947 καὶ
3631 914 3769 968 προ-

2112 980 2445 1054 τρεψάμενος
2492 981 2693 1044 αὐτοὺς
2754 985 3118 1055 μακροθυμεῖν
3197 978 3299 1043 ἓως
3385 989 3485 1051 τῆς
3569 1002 3775 1057 παρουο

2116 1067 2234 1129 σίας
2264 1073 2360 1123 τοῦ
2389 1075 2599 1144 κριτοῦ,
2630 1070 2719 1125 καὶ
2752 1068 2966 1141 διδάξας
3025 1070 3149 1146 περὶ
3205 1071 3484 1143 ὑπομονῆς
3543 1070 3603 1125 ἐκ
3659 1076 3771 1125 τῶν

2116 1166 2215 1216 τοῦ
2266 1157 2389 1218 Ἰὼϐ
2424 1169 2702 1239 χρηστῶν,
2734 1162 3110 1238 παραγγέλλει
3166 1164 3588 1238 προσκαλεῖσθαι
3646 1164 3779 1225 τοὺς

2118 1247 2514 1327 πρεσϐυτέρους
2575 1252 2662 1308 ἐπὶ
2717 1253 2846 1316 τοὺς
2907 1255 3277 1322 ἀσθενοῦντας,
3307 1252 3397 1307 καὶ
3455 1249 3780 1321 σπουδάζειν

2120 1339 2457 1417 ἐπιστρέφειν
2501 1340 2630 1403 τοὺς
2674 1341 3049 1410 πΛανηθέντας
3100 1340 3188 1396 ἐπὶ
3237 1341 3334 1409 τὴν
3378 1338 3659 1410 ἀλήθειαν·
3696 1339 3779 1393 εἷ-

2118 1449 2204 1482 ναι
2261 1430 2362 1504 γὰρ
2414 1429 2610 1484 τούτου
2673 1430 2862 1503 μισθὸν
2930 1429 3077 1506 παρᾶ
3150 1433 3250 1485 τοῦ
3328 1428 3524 1503 Κυρίου
3590 1427 3779 1507 ἄφεσιν

2123 1520 2423 1595 ἁμαρτιῶν.
2455 1519 2561 1575 Καὶ
2591 1518 2763 1583 οὕτως
2793 1518 3000 1575 τιλειοῖ
3026 1520 3124 1588 τὴν
3159 1517 3516 1590 Ἐπιστολήν.

2684 1680 2936 1757 Δευτέρα,
2978 1681 3204 1757 Πέτρου.

434 1821 523 1874 53.
560 1819 627 1873 Et
658 1818 778 1873 haec
810 1835 1036 1889 quoque
1068 1818 1139 1873 ab
1172 1833 1237 1872 eo
1269 1818 1645 1873 denominata
1693 1823 1800 1888 est,
1834 1835 1867 1873 a
1896 1835 2011 1889 quo

2190 1816 2277 1871 53.
2314 1813 2411 1869 Καὶ
2446 1814 2579 1886 αὕτη
2610 1820 2708 1870 τοῦ
2739 1810 3076 1894 γεγραφότος
3123 1814 3429 1891 ἐπιφέρεται
3476 1816 3577 1883 τὴν
3630 1812 3746 1884 κλῆ
3763 1846 3787 1856 -

367 1915 455 1963 est
486 1908 724 1979 scripta.
746 1908 950 1963 Petrus
972 1908 1097 1976 ipse
1127 1907 1282 1961 enim
1317 1908 1561 1962 docendi
1591 1907 1779 1978 gratia
1800 1906 2021 1977 Episto-

372 1999 488 2053 lam
526 1998 674 2052 hanc
703 1998 921 2052 Judaeis
966 1999 1037 2052 ad
1069 1997 1581 2052 Christianismum
1615 1997 1929 2064 conversis,
1962 1997 2022 2053 in

375 2085 736 2156 dispersione
767 2086 1127 2149 constitutis,
1159 2086 1418 2155 scripsit.
1456 2086 1563 2140 Eos
1601 2086 1757 2140 enim
1807 2085 1904 2156 qui
1956 2101 2025 2140 ex

373 2175 593 2229 Judaeis
646 2174 816 2228 multi
866 2175 1252 2239 crediderant,
1284 2174 1612 2229 conﬁrmat.
1644 2176 1713 2230 Et
1767 2175 2021 2246 primum

374 2264 611 2334 quidem
645 2262 881 2334 exponit
901 2280 967 2317 ac
989 2262 1433 2334 declarat,quod
1469 2264 1611 2318 ﬁdes
1643 2263 1702 2318 in
1724 2264 2022 2319 Christum

373 2370 405 2408 a
438 2352 737 2423 prophetis
771 2355 1175 2423 praenuntiata,
1210 2358 1266 2407 et
1298 2370 1400 2425 per
1429 2355 1665 2408 eosdem
1698 2354 2026 2425 signiﬁcata

373 2441 449 2494 sit
508 2442 853 2511 redemptio,
888 2458 1012 2508 quae
1066 2447 1156 2496 est
1204 2458 1306 2513 per
1361 2441 1707 2513 sanguinem
1761 2444 1911 2513 ejus,
1969 2448 2025 2497 et

375 2530 529 2600 quod
565 2529 709 2597 ipsis
741 2546 806 2583 ac
838 2531 1114 2601 gentibus
1143 2531 1340 2585 omnia
1371 2532 1489 2586 sint
1521 2548 1621 2602 per
1652 2532 2023 2604 Evangelium

374 2618 739 2683 annuntiata,
782 2619 837 2672 in
875 2636 1001 2690 qum
1033 2619 1222 2690 angeli
1255 2637 1488 2691 quoque
1521 2621 1847 2692 prospicere
1873 2621 2024 2675 desi-

376 2708 602 2761 derant.
643 2708 855 2763 Deinde
884 2714 1197 2779 postquam
1230 2711 1417 2764 suasit
1468 2716 1532 2763 ut
1578 2711 1751 2781 digne
1782 2726 2025 2765 conver-

378 2802 582 2850 sentur
629 2813 716 2863 eo,
750 2797 847 2867 qui
908 2798 1065 2867 ipsos
1105 2798 1346 2867 vocavit,
1378 2798 1653 2853 admonet
1708 2803 1773 2852 ut
1828 2814 2022 2869 regem

378 2884 686 2951 honorent,
736 2892 793 2939 et
851 2886 1199 2939 mulieribus
1250 2886 1427 2941 simul
1474 2904 1539 2941 ac
1590 2887 1733 2941 viris
1791 2904 2025 2944 concor-

370 2972 527 3026 diam
579 2974 855 3043 praecipit.
893 2974 960 3027 Et
1016 2974 1114 3027 ubi
1148 2974 1219 3027 ad
1255 2990 1445 3029 mores
1501 2975 1776 3031 honestos
1822 2977 2025 3049 paucis

375 3062 721 3115 adhortatus
753 3068 862 3126 est,
896 3062 1189 3132 significat
1220 3062 1359 3128 illis,
1393 3065 1547 3133 quod
1589 3068 1644 3119 et
1690 3065 1890 3120 inferis
1936 3067 2023 3121 fa-

2132 1921 2235 1957 σιν’
2285 1903 2445 1965 αὐτὸς
2498 1906 2609 1979 γὰρ
2671 1903 2874 1980 Πέτρος
2930 1910 3047 1966 τοῖς
3087 1904 3138 1959 έν
3197 1909 3265 1977 τῇ
3324 1902 3592 1979 διασπορᾷ
3632 1903 3786 1958 οὖσιν

2132 1989 2438 2061 Ἰουδαίοις,
2495 1992 2585 2047 καὶ
2641 1994 2953 2068 γενομένοις
3004 1995 3371 2069 Χριστιανοῖς,
3431 1993 3625 2069 γράφει
3682 1994 3785 2061 τήν

2133 2079 2427 2149 ἐπιστολὴν
2475 2078 2884 2152 διδασκαλικήν.
2922 2080 3139 2150 Ἐπειδὴ
3188 2082 3288 2157 γὰρ
3349 2082 3454 2136 ἀπὸ
3501 2079 3786 2136 Ἰουδαίων

2133 2169 2464 2240 ἐπίστευσαν,
2523 2170 2855 2247 ἐπιστηρίζει
2932 2171 3145 2232 αύτούς.
3206 2170 3303 2225 Καὶ
3384 2174 3601 2245 πρῶτον
3686 2172 3787 2241 μὲν

2132 2258 2400 2333 ἐξηγεῖται
2431 2259 2519 2314 καὶ
2561 2257 2961 2329 ἀποδείκνυσιν,
2995 2260 3077 2315 ὅτι
3127 2263 3162 2329 ἡ
3210 2260 3289 2322 εἰς
3328 2261 3559 2336 Χριστὸν
3603 2260 3785 2322 πίστις

2132 2348 2237 2402 ἀπὸ
2264 2353 2370 2402 τῶν
2422 2354 2718 2427 προφητῶν
2766 2348 3104 2426 κατηγγέλη,
3136 2349 3225 2403 καὶ
3287 2346 3356 2403 δι’
3412 2349 3589 2403 αὐτῶν
3650 2348 3788 2421 ἐμη-

2131 2436 2263 2508 νύθη
2299 2440 2333 2506 ἡ
2367 2434 2455 2491 διὰ
2481 2439 2575 2492 τοὸ
2606 2436 2833 2511 α’ίματος
2862 2438 3025 2494 αὐτοῦ
3074 2437 3366 2514 λύτρωσις·
3399 2438 3489 2492 καὶ
3550 2437 3633 2492 ὅτι
3694 2439 3788 2492 αὒ-

2130 2531 2251 2587 τοῖς
2306 2525 2393 2579 καὶ
2451 2532 2563 2588 τοῖς
2619 2524 2819 2581 ἔθνεσιν
2877 2525 3231 2603 εὐηγγελίσθη
3291 2528 3356 2580 τὰ
3413 2526 3604 2596 πάντα,
3642 2527 3716 2587 εἷς
3752 2526 3786 2580 ἃ

2134 2612 2366 2689 ἄγγελοι
2415 2614 2736 2687 ἐπιθυμοῦσι
2785 2616 3117 2690 παρακύψαι.
3168 2616 3319 2685 Εἶτα,
3371 2610 3785 2687 συμϐουλεύσας

2133 2702 2296 2772 ἀξίως
2351 2708 2447 2756 τοῦ
2500 2705 2828 2765 καλέσαντος
2868 2704 3311 2781 ἀναστρέφεσθαι,
3343 2707 3637 2779 προτρέπει
3691 2703 3787 2757 καὶ

2138 2789 2361 2867 βασιλέα
2412 2798 2597 2865 τιμᾷν,
2629 2793 2835 2867 γυναιξί
2863 2814 2922 2848 τε
2950 2794 3038 2847 καὶ
3083 2790 3334 2868 ἀνδράσιν
3395 2792 3783 2868 ὁμορροσύνην

2132 2878 2525 2955 παραγγέλλει.
2561 2883 2658 2936 Καὶ
2709 2882 2784 2945 εἷς
2834 2884 2902 2936 τὰ
2947 2879 3056 2952 ἤθη
3089 2880 3411 2957 παραινέσας
3470 2880 3651 2957 ὀλίγα,
3685 2902 3788 2951 ση-

2137 2968 2330 3041 μαίνει,
2365 2968 2445 3023 ὅτι
2494 2969 2583 3024 καὶ
2634 2969 2710 3030 είς
2747 2971 2837 3025 τὸν
2899 2964 3033 3040 ᾅδην
3081 2968 3270 3044 γέγονε
3326 2969 3472 3043 παρὰ
3528 2974 3624 3024 τοῦ
3683 2976 3787 3023 Κυ-

2135 3057 2253 3133 ρίου
2309 3058 2369 3111 τὸ
2424 3061 2679 3133 κηρυγμα
2735 3065 2836 3126 τῆς
2917 3056 3189 3134 σωτηρίας
3261 3058 3350 3112 καὶ
3424 3057 3787 3129 ἀναστάσεως,

369 3153 459 3200 cta
491 3149 568 3202 sit
600 3166 632 3203 a
665 3150 905 3204 Domino
938 3151 1269 3221 praedicatio
1301 3150 1511 3207 salutis
1540 3158 1596 3206 et
1643 3158 2015 3211 resurrectio-

2128 3141 2218 3198 ’ίνα
2246 3145 2334 3199 καὶ
2366 3147 2418 3200 οἱ
2448 3145 2804 3208 ἀποθανόντες
2857 3146 3146 3216 ἀναστῶσι,
3178 3146 3267 3201 καὶ
3323 3148 3551 3221 κριθῶσι
3604 3148 3699 3218 μέν
3733 3145 3785 3199 ἐν

374 3235 485 3300 nis,
520 3238 671 3292 145
705 3242 769 3291 ut
799 3245 854 3291 et
886 3240 921 3291 ii
979 3239 1077 3309 qui
1132 3244 1299 3294 antea
1359 3242 1570 3295 mortui
1632 3248 1789 3311 sunt,
1824 3261 2014 3298 resur-

365 3331 527 3393 gant,
562 3330 617 3378 et
654 3326 997 3393 judicentur
1046 3328 1284 3396 quidem
1329 3329 1386 3382 in
1421 3345 1679 3399 corpore,
1714 3331 1770 3385 in
1832 3333 2020 3403 gratia

365 3428 496 3465 vero
530 3414 977 3469 resurrectionis
1027 3416 1344 3485 persistant
1370 3434 1383 3483 ;
1414 3421 1470 3471 et
1503 3419 1662 3487 quod
1710 3420 1845 3475 ﬁnis
1894 3438 2018 3476 om-

362 3501 522 3554 nium
558 3503 1130 3574 appropinquaverit,
1165 3521 1487 3576 omnesque
1520 3508 1708 3577 parati
1739 3526 1865 3564 esse
1919 3512 2018 3567 de-

2127 3233 2207 3303 τῷ
2239 3233 2475 3305 σώματι,
2504 3239 2572 3309 τῇ
2606 3232 2663 3289 δὲ
2691 3236 2877 3310 ’χάριτι
2907 3237 3007 3303 τῆς
3066 3234 3399 3296 ἀναστάσεως
3460 3232 3781 3307 διαμένωσιο

2127 3324 2215 3378 καὶ
2266 3326 2348 3379 ὅτι
2400 3325 2463 3378 τὸ
2518 3322 2675 3385 τέλος
2732 3324 2945 3378 πάντων
3006 3323 3201 3379 λοιπὸν
3242 3321 3460 3398 ἤγγισε,
3489 3323 3579 3377 καὶ
3638 3323 3784 3400 ὀφεί-

2130 3418 2283 3474 λουσι
2316 3416 2506 3474 πάντες
2538 3410 2753 3485 ἕτοιμοι
2785 3410 3048 3485 γίνεσθαι,
3080 3412 3155 3473 ὡς
3187 3407 3347 3487 λόγον
3381 3409 3674 3473 ἀποδόντες
3704 3417 3785 3483 τῷ

2128 3508 2309 3583 κριτῇ.
2346 3502 2444 3557 Καὶ
2478 3502 2655 3563 οὕτως
2682 3498 2890 3555 τελειοῖ
2919 3501 3015 3569 τὴν
3051 3499 3404 3569 Ἐπιστολὴν.

364 3590 540 3644 beant
571 3592 640 3646 ad
676 3591 928 3647 dandam
955 3593 1141 3661 judici
1176 3593 1485 3650 rationem.
1528 3601 1715 3666 Atque
1743 3599 1826 3652 ita
1856 3600 2079 3656 claudit
2107 3597 2453 3670 Epistolam.

886 3735 1072 3795 Tertia,
1104 3738 1155 3784 et
1189 3733 1301 3799 ipsa
1334 3736 1488 3787 Petri.

435 3849 525 3902 54.
568 3850 690 3905 Pari
726 3851 898 3905 modo
932 3856 987 3906 et
1018 3851 1129 3907 ista
1160 3852 1231 3907 ab
1261 3852 1464 3907 eodem
1498 3854 2016 3925 conscripta,ejus-

367 3936 499 3991 dem
534 3954 745 3993 nomen
781 3940 1026 4010 praefert.
1062 3941 1204 3995 Nam
1240 3941 1393 3996 idem
1426 3942 1628 3998 Petrus
1660 3949 1717 3998 et
1745 3943 1895 3999 hanc
1946 3945 2016 3999 ad

368 4040 468 4079 eos
499 4026 759 4096 scripsit,
792 4028 891 4097 qui
917 4029 1041 4098 jam
1074 4028 1463 4083 crediderant.
1496 4030 1597 4085 Est
1653 4035 1848 4085 autem
1898 4030 2020 4086 haec

369 4113 649 4183 Epistola,
711 4117 1189 4171 commemoratio
1270 4116 1549 4187 priorum.
1609 4123 1750 4173 Cum
1824 4123 2023 4175 nosset

368 4202 525 4255 enim
551 4201 661 4255 cito
696 4204 952 4257 futuram
987 4205 1245 4275 corporis
1278 4205 1366 4259 sui
1427 4206 1861 4276 resolutionem,
1899 4224 2019 4262 ma-

367 4293 496 4343 ture
526 4306 730 4345 omnes
761 4292 1065 4346 admonuit
1099 4295 1169 4347 de
1193 4294 1481 4357 doctrina,
1505 4310 1621 4364 qua
1654 4296 1870 4365 pridem
1908 4297 2022 4353 fue-

368 4381 496 4431 rant
526 4377 803 4433 instituti.
836 4380 905 4433 Et
938 4380 1194 4450 primum
1226 4382 1464 4450 quidem
1500 4382 1570 4436 de
1604 4383 1714 4438 ﬁde
1762 4384 2018 4451 disserit,

365 4470 423 4519 et
453 4468 721 4535 ostendit,
757 4470 909 4537 quod
945 4486 976 4521 a
1010 4467 1307 4539 prophetis
1342 4468 1438 4524 illa
1468 4473 1544 4524 sit
1573 4473 1940 4539 annuntiata,
1965 4477 2021 4527 et

2460 3730 2647 3806 Τρίτη,
2688 3728 2852 3785 πάλιν
2893 3729 2983 3785 καὶ
3022 3729 3157 3801 αὕτη
3199 3730 3425 3805 Πέτρου.

2195 3855 2285 3909 54.
2319 3848 2557 3924 Ὁμοίως
2589 3846 2679 3902 καὶ
2710 3846 2843 3917 αὕτη
2874 3848 3021 3921 παρὰ
3050 3850 3146 3901 τοῦ
3186 3845 3350 3901 αὐτοῦ
3391 3850 3656 3923 γραφεῖσα
3684 3847 3784 3914 τήν

2124 3940 2322 3997 τούτου
2353 3937 2470 4014 ἔχει
2501 3934 2814 4009 ὀνομασίαν.
2848 3934 3020 3995 Αὐτὸς
3050 3934 3153 4010 γὰρ
3188 3935 3398 4010 Πέτρος
3446 3934 3538 3989 καὶ
3588 3935 3789 4004 ταύτην

2129 4028 2437 4086 ἐπιστέλλει
2466 4033 2584 4089 τοῖς
2611 4024 2721 4097 ἤδη
2755 4026 3113 4083 πιστεύσασιν,
3135 4032 3287 4081 ’Ἐστι
3323 4021 3382 4079 δέ
3410 4028 3445 4095 ἡ
3481 4024 3782 4094 Ἐπιστολή

2131 4120 2438 4193 ὑπόμνησις
2496 4121 2602 4171 τῶν
2668 4116 2922 4188 πρώτων.
2955 4111 3131 4176 Εἰδὼς
3180 4115 3281 4190 γὰρ
3337 4121 3562 4189 ταχεῖαν
3619 4114 3786 4169 αὐτου

2129 4208 2336 4272 ἔσεσθαι
2358 4208 2455 4276 τὴν
2491 4204 2747 4260 ἀνάλυσιν
2769 4204 2866 4257 τοῦ
2927 4202 3201 4275 σώματος,
3232 4200 3529 4257 ἐσπούδασε
3583 4206 3788 4264 πάντας

2131 4299 2442 4369 ὑπομνῆσαι
2474 4292 2596 4369 περὶ
2631 4294 2703 4347 ὧν
2736 4292 3128 4367 κατηχήθησαν
3159 4292 3259 4359 τήν
3293 4288 3788 4346 διδασκαλίαν.Καὶ

2129 4390 2345 4452 πρῶτον
2382 4384 2476 4456 μὶν
2507 4381 2631 4458 περὶ
2659 4388 2761 4450 τῆς
2793 4379 3026 4441 πίστεως
3058 4379 3347 4455 ἐξηγεῖται,
3378 4380 3467 4434 καὶ
3515 4377 3787 4435 δείκνυσιν

2132 4475 2235 4528 ἀπὸ
2290 4478 2398 4527 τῶν
2443 4475 2738 4547 προφητῶν
2789 4467 2953 4536 αὐτὴν
3014 4467 3417 4543 εὐηγγελίσθαι⁸
3451 4468 3540 4523 καὶ
3600 4468 3685 4523 ὅτι
3737 4470 3791 4523 αἱ

367 4555 521 4624 quod
556 4556 873 4625 prOphetiae
906 4558 975 4610 de
1033 4556 1329 4612 Salvatore
1390 4574 1502 4612 non
1563 4558 1682 4612 sint
1728 4559 2015 4632 humanae,

2128 4566 2457 4639 προφητεῖαι
2498 4562 2552 4615 αἱ
2582 4559 2705 4635 περὶ
2735 4579 2833 4613 τοο
2866 4563 3127 4631 Σωτῆρος
3183 4557 3283 4612 οὐκ
3339 4557 3468 4611 εἲσῖν
3503 4557 3795 4633 ἀνθρώπι-

368 4644 466 4697 sed
502 4661 535 4697 a
566 4644 681 4698 Deo
715 4646 1119 4715 praenuntiate.
1157 4645 1371 4700 Deinde
1412 4646 1722 4701 denuntiat
1774 4647 1913 4712 illis,
1946 4665 2017 4703 ne

368 4732 780 4787 seductoribus
813 4735 1137 4799 attendant,
1172 4733 1407 4789 illorum
1442 4735 1828 4804 perditionem
1862 4736 2012 4790 futu-

370 4836 495 4874 ram
516 4823 851 4891 praedicens,
869 4823 1366 4893 quemadmodum
1386 4829 1442 4877 et
1458 4824 2018 4896 angelistransgres-

371 4910 606 4964 soribus
639 4913 901 4982 contigit.
936 4912 1238 4983 Signiﬁcat
1269 4919 1465 4967 autem
1514 4912 1573 4967 in
1607 4913 1713 4967 hac
1763 4914 2018 4984 Epistula

371 4999 603 5055 futuros
634 5002 1013 5073 dies,quibus
1046 5002 1313 5056 illusores
1344 5002 1563 5073 passim
1596 5001 2019 5067 circuibunt,et

369 5091 739 5145 conabuntur
770 5091 994 5162 aliquos
1026 5092 1322 5155 seducere,
1365 5091 1643 5155 dicentes,
1676 5093 1828 5161 quod
1890 5092 2014 5148 ina-

368 5180 521 5232 niter
550 5196 582 5233 a
612 5181 780 5235 nobis
813 5183 1159 5249 praedicetur
1189 5180 1473 5234 adventus
1512 5181 1822 5236 Salvatoris
1854 5182 2012 5237 futu-

366 5284 487 5333 rus,
530 5285 595 5323 eo
627 5272 781 5340 quod
816 5273 865 5325 is
895 5287 1027 5323 cum
1080 5286 1314 5339 semper
1356 5270 1717 5339 praedicetur,
1753 5271 2012 5326 nondum

362 5357 601 5411 venerit.
636 5358 718 5413 Ab
749 5358 842 5413 his
873 5359 1054 5425 igitur
1086 5357 1337 5411 maxime
1383 5357 1675 5413 abstinere
1730 5360 2010 5431 praecipit,

359 5445 591 5509 docens,
630 5464 699 5499 ne
731 5465 899 5501 mora}
945 5464 1117 5500 Causa
1169 5445 1431 5500 animum
1492 5447 2005 5516 despondeamus:

356 5550 527 5587 omne
563 5553 814 5606 namque
848 5542 1079 5606 tempus
1117 5533 1257 5587 nihil
1291 5550 1415 5589 esse
1447 5533 1503 5587 in
1539 5542 1854 5606 conspectu
1903 5542 2006 5594 Do-

356 5623 520 5691 mini,
556 5640 687 5678 cum
728 5641 839 5678 una
870 5624 991 5677 (lius
1025 5625 1099 5679 sit
1134 5623 1320 5678 instar
1382 5622 1539 5679 mille
1597 5641 1905 5691 annorum,
1950 5631 2008 5682 et

2125 4671 2233 4720 ναι,
2264 4648 2412 4704 ἀλλὰ
2440 4649 2585 4722 παρά
2629 4652 2763 4703 Θεοῦ
2797 4643 3170 4715 έλαλήθησαν.
3198 4647 3424 4702 Ἔπειτα
3471 4646 3793 4721 παραγγέλ-

2128 4735 2209 4791 λει
2244 4738 2320 4809 μή
2356 4738 2646 4811 προσέχειν
2674 4741 2789 4797 τοῖς
2820 4735 3087 4805 ἀπατῶσι,
3126 4732 3301 4807 λέγων
3353 4733 3561 4798 ἔσεσθαι
3612 4734 3790 4789 αὐτῶν

2126 4824 2425 4894 ἀπώλειαν,
2460 4824 2639 4900 ὥσπερ
2672 4824 2763 4880 καὶ
2820 4825 2928 4878 τῶν
2988 4818 3344 4898 παραϐάντων
3391 4821 3645 4898 ἀγγέλων
3696 4824 3793 4900 γέ-

2123 4936 2263 4990 γονε.
2301 4914 2619 4989 ΙΙρομηνύει
2654 4911 2711 4968 δέ
2753 4912 2804 4967 ἐν
2831 4916 2900 4986 τῇ
2937 4910 3232 4985 Ἐπιστολῇ
3281 4912 3492 4988 ἡμέρας
3552 4908 3788 4981 ἔσεσθαι,

2125 5003 2177 5058 έν
2212 5005 2295 5065 αἷς
2327 5003 2621 5077 ἐμπαῖκται
2647 5002 3101 5077 περιπατήσουσι,
3125 4998 3215 5054 καὶ
3270 4999 3591 5071 θελήσουσιν
3653 5002 3788 5056 ἁπα-

2123 5098 2215 5162 τᾷν
2248 5113 2417 5164 τινας,
2452 5092 2704 5167 λέγοντες
2743 5092 2914 5163 μάτην
2967 5088 3219 5164 λέγεσθαι
3278 5089 3407 5165 παρ’
3462 5092 3622 5161 ἡμῶν
3680 5092 3783 5159 τήν

2122 5181 2416 5257 παρουσίαν
2449 5186 2546 5235 τοῦ
2581 5187 2865 5256 Σωτῆρος,
2900 5176 2987 5233 διὰ
3012 5176 3072 5232 τὸ
3106 5178 3186 5231 ἀεὶ
3237 5176 3511 5252 λέγεσθαι,
3542 5178 3632 5233 καὶ
3669 5181 3783 5250 μή-

2121 5291 2209 5324 πω
2240 5271 2650 5344 παραγενέσθαι.
2683 5269 2825 5324 Ἀπὸ
2854 5266 3061 5321 τούτων
3104 5265 3195 5320 οὖν
3251 5266 3341 5320 καὶ
3396 5265 3633 5339 μάλιστα
3680 5267 3785 5321 ἀπα

2122 5357 2341 5433 έχεσθαι
2386 5355 2782 5432 παραγγέλλει,
2811 5353 3099 5425 διδάσκων,
3136 5356 3211 5427 μὴ
3247 5353 3541 5429 ὀλιγωρεῖν
3571 5353 3621 5408 ἐν
3661 5361 3783 5419 τοῖς

2120 5446 2365 5523 χρόνοις.
2404 5449 2583 5503 Πάντα
2612 5447 2713 5521 γὰρ
2755 5445 2847 5500 τὸν
2882 5443 3077 5519 χρόνον
3144 5440 3312 5515 μηδὲν
3360 5440 3493 5497 εἶναι
3544 5442 3777 5499 ἐνώπιον

2120 5534 2338 5611 Κυρίου,
2374 5532 2464 5589 διὰ
2492 5536 2555 5589 τὸ
2584 5535 2673 5589 καὶ
2701 5535 2801 5602 τήν
2840 5532 2963 5606 μίαν
2989 5532 3199 5608 ἡμέραν
3237 5532 3313 5594 ὡς
3344 5530 3505 5609 χίλια
3548 5526 3641 5602 ἔτη
3705 5531 3777 5588 εἷ’-

2116 5645 2226 5693 ναι,
2257 5624 2348 5678 καὶ
2382 5623 2448 5679 τὰ
2500 5622 2659 5698 χίλια
2710 5618 2802 5693 ἔτη
2859 5621 2933 5684 ὡς
2985 5622 3194 5698 ἡμέραν
3240 5620 3388 5694 μίαν.
3422 5622 3672 5687 Ἕσεσθαι
3719 5620 3777 5678 δὶ
