  <div class='ocr_page' id='page_1' title='image "/cluster/home/n/w/nwhite01/storage/ocr_20150623/28/hvd.32044052794351/210.png"; bbox 0 0 4086 6222; ppageno 0'>
   <div class='ocr_carea' id='block_1_1' title="bbox 270 340 394 401">
    <p class='ocr_par' dir='ltr' id='par_1_1' title="bbox 270 340 394 401">
     <span class='ocr_line' id='line_1_1' title="bbox 270 340 394 401; baseline -0.008 0"><span class='ocrx_word' id='word_1_1' title='bbox 270 340 394 401; x_wconf 77' lang='grc'>409</span> 
     </span>
    </p>
   </div>
   <div class='ocr_carea' id='block_1_2' title="bbox 1371 345 2600 408">
    <p class='ocr_par' dir='ltr' id='par_1_2' title="bbox 1371 345 2600 408">
     <span class='ocr_line' id='line_1_2' title="bbox 1371 345 2600 408; baseline 0.002 -2"><span class='ocrx_word' id='word_1_2' title='bbox 1371 345 1749 406; x_wconf 82' lang='lat' dir='ltr'>SYNOPSIS</span> <span class='ocrx_word' id='word_1_3' title='bbox 1796 345 2260 407; x_wconf 66' lang='lat' dir='ltr'>SCRIPTURE</span> <span class='ocrx_word' id='word_1_4' title='bbox 2303 346 2600 408; x_wconf 62' lang='lat' dir='ltr'>SACRIE.</span> 
     </span>
    </p>
   </div>
   <div class='ocr_carea' id='block_1_3' title="bbox 3568 353 3690 412">
    <p class='ocr_par' dir='ltr' id='par_1_3' title="bbox 3568 353 3690 412">
     <span class='ocr_line' id='line_1_3' title="bbox 3568 353 3690 412; baseline 0.008 -1"><span class='ocrx_word' id='word_1_5' title='bbox 3568 353 3690 412; x_wconf 74' lang='grc'>410</span> 
     </span>
    </p>
   </div>
   <div class='ocr_carea' id='block_1_4' title="bbox 268 470 1917 550">
    <p class='ocr_par' dir='ltr' id='par_1_4' title="bbox 268 470 1917 550">
     <span class='ocr_line' id='line_1_4' title="bbox 268 470 1917 550; baseline 0.002 -23"><span class='ocrx_word' id='word_1_6' title='bbox 268 470 488 547; x_wconf 71' lang='grc' dir='ltr'>ταχέως</span> <span class='ocrx_word' id='word_1_7' title='bbox 535 473 635 541; x_wconf 80' lang='grc' dir='ltr'>τὴν</span> <span class='ocrx_word' id='word_1_8' title='bbox 676 472 884 547; x_wconf 71' lang='grc' dir='ltr'>ἡμέραν</span> <span class='ocrx_word' id='word_1_9' title='bbox 936 475 1139 550; x_wconf 87' lang='grc' dir='ltr'>Κυρίου</span> <span class='ocrx_word' id='word_1_10' title='bbox 1188 470 1612 548; x_wconf 81' lang='grc' dir='ltr'>διαϐεϐαιοῦται,</span> <span class='ocrx_word' id='word_1_11' title='bbox 1662 475 1749 529; x_wconf 82' lang='grc' dir='ltr'>καὶ</span> <span class='ocrx_word' id='word_1_12' title='bbox 1800 476 1917 530; x_wconf 82' lang='grc' dir='ltr'>ἀπο-</span> 
     </span>
    </p>
   </div>
   <div class='ocr_carea' id='block_1_5' title="bbox 2031 470 3684 550">
    <p class='ocr_par' dir='ltr' id='par_1_5' title="bbox 2042 477 3684 541">
     <span class='ocr_line' id='line_1_5' title="bbox 2042 477 3684 541; baseline 0.005 -9"><span class='ocrx_word' id='word_1_13' title='bbox 2042 477 2200 534; x_wconf 90' lang='lat' dir='ltr'>mille</span> <span class='ocrx_word' id='word_1_14' title='bbox 2231 479 2368 534; x_wconf 90' lang='lat' dir='ltr'>anni</span> <span class='ocrx_word' id='word_1_15' title='bbox 2403 479 2590 536; x_wconf 90' lang='lat' dir='ltr'>instar</span> <span class='ocrx_word' id='word_1_16' title='bbox 2619 482 2794 539; x_wconf 89' lang='lat' dir='ltr'>unius</span> <span class='ocrx_word' id='word_1_17' title='bbox 2826 481 2960 538; x_wconf 90' lang='lat' dir='ltr'>diei.</span> <span class='ocrx_word' id='word_1_18' title='bbox 2996 483 3265 538; x_wconf 81' lang='lat' dir='ltr'>Afﬁrmat</span> <span class='ocrx_word' id='word_1_19' title='bbox 3294 483 3469 540; x_wconf 82' lang='lat' dir='ltr'>simul</span> <span class='ocrx_word' id='word_1_20' title='bbox 3500 489 3557 541; x_wconf 88' lang='lat' dir='ltr'>et</span> <span class='ocrx_word' id='word_1_21' title='bbox 3585 487 3684 541; x_wconf 87' lang='lat' dir='ltr'>de-</span> 
     </span>
    </p>
   </div>
   <div class='ocr_carea' id='block_1_6' title="bbox 271 559 1929 638">
    <p class='ocr_par' dir='ltr' id='par_1_6' title="bbox 271 559 1929 638">
     <span class='ocr_line' id='line_1_6' title="bbox 271 559 1929 638; baseline 0.001 -22"><span class='ocrx_word' id='word_1_22' title='bbox 271 559 559 630; x_wconf 84' lang='grc' dir='ltr'>δείκνυσι,</span> <span class='ocrx_word' id='word_1_23' title='bbox 610 562 700 616; x_wconf 81' lang='grc' dir='ltr'>καὶ</span> <span class='ocrx_word' id='word_1_24' title='bbox 753 562 1061 619; x_wconf 69' lang='grc' dir='ltr'>ἐντέλλεται</span> <span class='ocrx_word' id='word_1_25' title='bbox 1115 565 1368 638; x_wconf 71' lang='grc' dir='ltr'>ἑτοίμους</span> <span class='ocrx_word' id='word_1_26' title='bbox 1420 565 1552 618; x_wconf 82' lang='grc' dir='ltr'>εἶναι</span> <span class='ocrx_word' id='word_1_27' title='bbox 1602 564 1805 625; x_wconf 78' lang='grc' dir='ltr'>πάντας</span> <span class='ocrx_word' id='word_1_28' title='bbox 1855 562 1929 625; x_wconf 79' lang='grc' dir='ltr'>εἷς</span> 
     </span>
    </p>
   </div>
   <div class='ocr_carea' id='block_1_7' title="bbox 270 649 1924 728">
    <p class='ocr_par' dir='ltr' id='par_1_7' title="bbox 270 649 1924 728">
     <span class='ocr_line' id='line_1_7' title="bbox 270 649 1924 728; baseline 0.001 -24"><span class='ocrx_word' id='word_1_29' title='bbox 270 651 437 719; x_wconf 70' lang='grc' dir='ltr'>αὐτὴν</span> <span class='ocrx_word' id='word_1_30' title='bbox 469 651 522 704; x_wconf 79' lang='grc' dir='ltr'>ἐν</span> <span class='ocrx_word' id='word_1_31' title='bbox 556 649 736 726; x_wconf 79' lang='grc' dir='ltr'>ἔργοις</span> <span class='ocrx_word' id='word_1_32' title='bbox 768 652 1012 727; x_wconf 78' lang='grc' dir='ltr'>ἀγαθοῖς,</span> <span class='ocrx_word' id='word_1_33' title='bbox 1044 654 1132 708; x_wconf 83' lang='grc' dir='ltr'>καὶ</span> <span class='ocrx_word' id='word_1_34' title='bbox 1179 653 1388 728; x_wconf 82' lang='grc' dir='ltr'>ἀγαπᾷν</span> <span class='ocrx_word' id='word_1_35' title='bbox 1418 653 1484 708; x_wconf 79' lang='grc' dir='ltr'>τὰ</span> <span class='ocrx_word' id='word_1_36' title='bbox 1531 652 1634 707; x_wconf 80' lang='grc' dir='ltr'>ὑπὸ</span> <span class='ocrx_word' id='word_1_37' title='bbox 1661 657 1762 707; x_wconf 83' lang='grc' dir='ltr'>τοῦ</span> <span class='ocrx_word' id='word_1_38' title='bbox 1794 653 1924 706; x_wconf 86' lang='grc' dir='ltr'>άπο-</span> 
     </span>
    </p>
   </div>
   <div class='ocr_carea' id='block_1_8' title="bbox 271 738 1926 818">
    <p class='ocr_par' dir='ltr' id='par_1_8' title="bbox 271 738 1926 818">
     <span class='ocr_line' id='line_1_8' title="bbox 271 738 1926 818; baseline 0.001 -24"><span class='ocrx_word' id='word_1_39' title='bbox 271 738 474 794; x_wconf 80' lang='grc' dir='ltr'>πόλου</span> <span class='ocrx_word' id='word_1_40' title='bbox 507 739 729 795; x_wconf 83' lang='grc' dir='ltr'>Παύλου</span> <span class='ocrx_word' id='word_1_41' title='bbox 779 743 1069 818; x_wconf 71' lang='grc' dir='ltr'>γραφέντα,</span> <span class='ocrx_word' id='word_1_42' title='bbox 1102 743 1190 812; x_wconf 64' lang='grc' dir='ltr'>καὶ</span> <span class='ocrx_word' id='word_1_43' title='bbox 1238 742 1313 815; x_wconf 81' lang='grc' dir='ltr'>μὴ</span> <span class='ocrx_word' id='word_1_44' title='bbox 1345 742 1633 818; x_wconf 72' lang='grc' dir='ltr'>προσέχειν</span> <span class='ocrx_word' id='word_1_45' title='bbox 1664 747 1780 802; x_wconf 86' lang='grc' dir='ltr'>τοῖς</span> <span class='ocrx_word' id='word_1_46' title='bbox 1812 739 1926 796; x_wconf 81' lang='grc' dir='ltr'>δια-</span> 
     </span>
    </p>
   </div>
   <div class='ocr_carea' id='block_1_9' title="bbox 271 823 1927 908">
    <p class='ocr_par' dir='ltr' id='par_1_9' title="bbox 271 823 1927 908">
     <span class='ocr_line' id='line_1_9' title="bbox 271 823 1927 908; baseline 0.001 -26"><span class='ocrx_word' id='word_1_47' title='bbox 271 823 576 884; x_wconf 76' lang='grc' dir='ltr'>ϐάλλουσιν</span> <span class='ocrx_word' id='word_1_48' title='bbox 605 830 741 884; x_wconf 70' lang='grc' dir='ltr'>αὐτὰ</span> <span class='ocrx_word' id='word_1_49' title='bbox 792 828 883 885; x_wconf 76' lang='grc' dir='ltr'>διὰ</span> <span class='ocrx_word' id='word_1_50' title='bbox 925 833 987 886; x_wconf 82' lang='grc' dir='ltr'>τὸ</span> <span class='ocrx_word' id='word_1_51' title='bbox 1031 831 1118 886; x_wconf 79' lang='grc' dir='ltr'>καὶ</span> <span class='ocrx_word' id='word_1_52' title='bbox 1167 833 1337 892; x_wconf 80' lang='grc' dir='ltr'>πάσας</span> <span class='ocrx_word' id='word_1_53' title='bbox 1383 831 1477 893; x_wconf 75' lang='grc' dir='ltr'>τὰς</span> <span class='ocrx_word' id='word_1_54' title='bbox 1525 831 1667 893; x_wconf 82' lang='grc' dir='ltr'>Θείας</span> <span class='ocrx_word' id='word_1_55' title='bbox 1717 831 1927 908; x_wconf 74' lang='grc' dir='ltr'>Γραφᾶς</span> 
     </span>
    </p>
   </div>
   <div class='ocr_carea' id='block_1_10' title="bbox 268 914 1929 993">
    <p class='ocr_par' dir='ltr' id='par_1_10' title="bbox 268 914 1929 993">
     <span class='ocr_line' id='line_1_10' title="bbox 268 914 1929 993; baseline 0.002 -22"><span class='ocrx_word' id='word_1_56' title='bbox 268 914 590 973; x_wconf 79' lang='grc' dir='ltr'>διαϐάλλειν</span> <span class='ocrx_word' id='word_1_57' title='bbox 632 919 848 982; x_wconf 76' lang='grc' dir='ltr'>αὐτούς.</span> <span class='ocrx_word' id='word_1_58' title='bbox 881 922 1227 993; x_wconf 72' lang='grc' dir='ltr'>Ὑπομνήσας</span> <span class='ocrx_word' id='word_1_59' title='bbox 1277 921 1368 976; x_wconf 78' lang='grc' dir='ltr'>οὖν</span> <span class='ocrx_word' id='word_1_60' title='bbox 1420 921 1509 976; x_wconf 84' lang='grc' dir='ltr'>καὶ</span> <span class='ocrx_word' id='word_1_61' title='bbox 1554 918 1770 990; x_wconf 79' lang='grc' dir='ltr'>διδάξας</span> <span class='ocrx_word' id='word_1_62' title='bbox 1800 920 1929 974; x_wconf 86' lang='grc' dir='ltr'>πάν-</span> 
     </span>
    </p>
   </div>
   <div class='ocr_carea' id='block_1_11' title="bbox 263 1007 1922 1086">
    <p class='ocr_par' dir='ltr' id='par_1_11' title="bbox 263 1007 1922 1086">
     <span class='ocr_line' id='line_1_11' title="bbox 263 1007 1922 1086; baseline 0.002 -26"><span class='ocrx_word' id='word_1_63' title='bbox 263 1028 361 1068; x_wconf 87' lang='grc' dir='ltr'>τας</span> <span class='ocrx_word' id='word_1_64' title='bbox 409 1007 722 1080; x_wconf 72' lang='grc' dir='ltr'>προειδέναι</span> <span class='ocrx_word' id='word_1_65' title='bbox 768 1009 836 1064; x_wconf 77' lang='grc' dir='ltr'>τά</span> <span class='ocrx_word' id='word_1_66' title='bbox 889 1013 1202 1085; x_wconf 84' lang='grc' dir='ltr'>πράγματα,</span> <span class='ocrx_word' id='word_1_67' title='bbox 1249 1015 1499 1086; x_wconf 89' lang='grc' dir='ltr'>παραινεῖ</span> <span class='ocrx_word' id='word_1_68' title='bbox 1531 1011 1607 1082; x_wconf 70' lang='grc' dir='ltr'>μή</span> <span class='ocrx_word' id='word_1_69' title='bbox 1649 1008 1922 1064; x_wconf 78' lang='grc' dir='ltr'>ἐκπίπτειν</span> 
     </span>
    </p>
   </div>
   <div class='ocr_carea' id='block_1_12' title="bbox 261 1098 1927 1170">
    <p class='ocr_par' dir='ltr' id='par_1_12' title="bbox 261 1098 1927 1170">
     <span class='ocr_line' id='line_1_12' title="bbox 261 1098 1927 1170; baseline 0.002 -20"><span class='ocrx_word' id='word_1_70' title='bbox 261 1102 360 1150; x_wconf 78' lang='grc' dir='ltr'>τοῦ</span> <span class='ocrx_word' id='word_1_71' title='bbox 393 1102 604 1152; x_wconf 87' lang='grc' dir='ltr'>σκοποῦ</span> <span class='ocrx_word' id='word_1_72' title='bbox 634 1107 734 1167; x_wconf 81' lang='grc' dir='ltr'>τῆς</span> <span class='ocrx_word' id='word_1_73' title='bbox 763 1099 1016 1170; x_wconf 86' lang='grc' dir='ltr'>πίστεως,</span> <span class='ocrx_word' id='word_1_74' title='bbox 1049 1101 1138 1154; x_wconf 86' lang='grc' dir='ltr'>καὶ</span> <span class='ocrx_word' id='word_1_75' title='bbox 1172 1099 1341 1162; x_wconf 71' lang='grc' dir='ltr'>οὕτως</span> <span class='ocrx_word' id='word_1_76' title='bbox 1385 1098 1592 1154; x_wconf 85' lang='grc' dir='ltr'>τελειοῖ</span> <span class='ocrx_word' id='word_1_77' title='bbox 1636 1100 1735 1168; x_wconf 77' lang='grc' dir='ltr'>τὴν</span> <span class='ocrx_word' id='word_1_78' title='bbox 1778 1101 1927 1156; x_wconf 83' lang='grc' dir='ltr'>Ἑπι-</span> 
     </span>
    </p>
   </div>
   <div class='ocr_carea' id='block_1_13' title="bbox 263 1185 502 1256">
    <p class='ocr_par' dir='ltr' id='par_1_13' title="bbox 263 1185 502 1256">
     <span class='ocr_line' id='line_1_13' title="bbox 263 1185 502 1256; baseline 0.013 -16"><span class='ocrx_word' id='word_1_79' title='bbox 263 1185 474 1256; x_wconf 77' lang='grc' dir='ltr'>στολήν</span> <span class='ocrx_word' id='word_1_80' title='bbox 489 1230 502 1244; x_wconf 95' lang='grc'>.</span> 
     </span>
    </p>
   </div>
   <div class='ocr_carea' id='block_1_14' title="bbox 805 1411 1386 1483">
    <p class='ocr_par' dir='ltr' id='par_1_14' title="bbox 805 1411 1386 1483">
     <span class='ocr_line' id='line_1_14' title="bbox 805 1411 1386 1483; baseline 0.003 -16"><span class='ocrx_word' id='word_1_81' title='bbox 805 1411 1067 1483; x_wconf 81' lang='grc' dir='ltr'>Τετάρτη,</span> <span class='ocrx_word' id='word_1_82' title='bbox 1113 1413 1386 1469; x_wconf 81' lang='grc' dir='ltr'>Ἰωάννου.</span> 
     </span>
    </p>
   </div>
   <div class='ocr_carea' id='block_1_15' title="bbox 330 1524 1923 1597">
    <p class='ocr_par' dir='ltr' id='par_1_15' title="bbox 330 1524 1923 1597">
     <span class='ocr_line' id='line_1_15' title="bbox 330 1524 1923 1597; baseline 0.001 -15"><span class='ocrx_word' id='word_1_83' title='bbox 330 1529 425 1584; x_wconf 90' lang='grc'>55.</span> <span class='ocrx_word' id='word_1_84' title='bbox 467 1524 659 1588; x_wconf 68' lang='grc' dir='ltr'>Οὕτως</span> <span class='ocrx_word' id='word_1_85' title='bbox 711 1525 800 1580; x_wconf 79' lang='grc' dir='ltr'>καὶ</span> <span class='ocrx_word' id='word_1_86' title='bbox 859 1525 994 1597; x_wconf 74' lang='grc' dir='ltr'>αὕτη</span> <span class='ocrx_word' id='word_1_87' title='bbox 1051 1524 1320 1596; x_wconf 87' lang='grc' dir='ltr'>καλεῖται,</span> <span class='ocrx_word' id='word_1_88' title='bbox 1380 1525 1566 1597; x_wconf 82' lang='grc' dir='ltr'>ἐπειδὴ</span> <span class='ocrx_word' id='word_1_89' title='bbox 1617 1529 1705 1583; x_wconf 84' lang='grc' dir='ltr'>καὶ</span> <span class='ocrx_word' id='word_1_90' title='bbox 1763 1527 1923 1590; x_wconf 82' lang='grc' dir='ltr'>αὐτὸς</span> 
     </span>
    </p>
   </div>
   <div class='ocr_carea' id='block_1_16' title="bbox 264 1613 1922 1691">
    <p class='ocr_par' dir='ltr' id='par_1_16' title="bbox 264 1613 1922 1691">
     <span class='ocr_line' id='line_1_16' title="bbox 264 1613 1922 1691; baseline 0.002 -22"><span class='ocrx_word' id='word_1_91' title='bbox 264 1617 526 1688; x_wconf 70' lang='grc' dir='ltr'>Ἰωάννης</span> <span class='ocrx_word' id='word_1_92' title='bbox 555 1616 584 1670; x_wconf 88' lang='lat'>6</span> <span class='ocrx_word' id='word_1_93' title='bbox 629 1613 1019 1691; x_wconf 80' lang='grc' dir='ltr'>εύαγγελιστής</span> <span class='ocrx_word' id='word_1_94' title='bbox 1049 1615 1136 1670; x_wconf 84' lang='grc' dir='ltr'>καὶ</span> <span class='ocrx_word' id='word_1_95' title='bbox 1181 1617 1381 1688; x_wconf 87' lang='grc' dir='ltr'>ταύτην</span> <span class='ocrx_word' id='word_1_96' title='bbox 1423 1617 1752 1688; x_wconf 70' lang='grc' dir='ltr'>ἐπιστέλλει,</span> <span class='ocrx_word' id='word_1_97' title='bbox 1789 1619 1922 1672; x_wconf 82' lang='grc' dir='ltr'>ὑπο-</span> 
     </span>
    </p>
   </div>
   <div class='ocr_carea' id='block_1_17' title="bbox 265 1701 1918 1782">
    <p class='ocr_par' dir='ltr' id='par_1_17' title="bbox 265 1701 1918 1782">
     <span class='ocr_line' id='line_1_17' title="bbox 265 1701 1918 1782; baseline 0.004 -24"><span class='ocrx_word' id='word_1_98' title='bbox 265 1706 596 1777; x_wconf 73' lang='grc' dir='ltr'>μιμνήσκων</span> <span class='ocrx_word' id='word_1_99' title='bbox 649 1703 777 1766; x_wconf 78' lang='grc' dir='ltr'>τοὺς</span> <span class='ocrx_word' id='word_1_100' title='bbox 826 1701 936 1774; x_wconf 77' lang='grc' dir='ltr'>ἤδη</span> <span class='ocrx_word' id='word_1_101' title='bbox 995 1704 1378 1768; x_wconf 83' lang='grc' dir='ltr'>πιστεύσαντας</span> <span class='ocrx_word' id='word_1_102' title='bbox 1436 1706 1511 1769; x_wconf 86' lang='grc' dir='ltr'>εἰς</span> <span class='ocrx_word' id='word_1_103' title='bbox 1560 1707 1651 1761; x_wconf 88' lang='grc' dir='ltr'>τὸν</span> <span class='ocrx_word' id='word_1_104' title='bbox 1700 1707 1918 1782; x_wconf 82' lang='grc' dir='ltr'>Κύριον.</span> 
     </span>
    </p>
   </div>
   <div class='ocr_carea' id='block_1_18' title="bbox 261 1791 1918 1870">
    <p class='ocr_par' dir='ltr' id='par_1_18' title="bbox 261 1791 1918 1870">
     <span class='ocr_line' id='line_1_18' title="bbox 261 1791 1918 1870; baseline 0.001 -24"><span class='ocrx_word' id='word_1_105' title='bbox 261 1793 368 1850; x_wconf 76' lang='grc' dir='ltr'>Καὶ</span> <span class='ocrx_word' id='word_1_106' title='bbox 399 1797 620 1868; x_wconf 77' lang='grc' dir='ltr'>πρῶτον</span> <span class='ocrx_word' id='word_1_107' title='bbox 677 1793 770 1866; x_wconf 73' lang='grc' dir='ltr'>μὲν</span> <span class='ocrx_word' id='word_1_108' title='bbox 819 1791 1001 1870; x_wconf 83' lang='grc' dir='ltr'>ὥσπερ</span> <span class='ocrx_word' id='word_1_109' title='bbox 1033 1792 1084 1847; x_wconf 84' lang='grc' dir='ltr'>ἐν</span> <span class='ocrx_word' id='word_1_110' title='bbox 1130 1797 1208 1865; x_wconf 81' lang='grc' dir='ltr'>τῷ</span> <span class='ocrx_word' id='word_1_111' title='bbox 1255 1792 1596 1870; x_wconf 84' lang='grc' dir='ltr'>Εὐαγγελίῳ,</span> <span class='ocrx_word' id='word_1_112' title='bbox 1627 1794 1799 1857; x_wconf 75' lang='grc' dir='ltr'>οὕτως</span> <span class='ocrx_word' id='word_1_113' title='bbox 1829 1795 1918 1850; x_wconf 84' lang='grc' dir='ltr'>καὶ</span> 
     </span>
    </p>
   </div>
   <div class='ocr_carea' id='block_1_19' title="bbox 261 1859 2000 1958">
    <p class='ocr_par' dir='ltr' id='par_1_19' title="bbox 261 1859 2000 1958">
     <span class='ocr_line' id='line_1_19' title="bbox 261 1859 2000 1958; baseline 0.002 -23"><span class='ocrx_word' id='word_1_114' title='bbox 261 1880 313 1935; x_wconf 75' lang='grc' dir='ltr'>ἐν</span> <span class='ocrx_word' id='word_1_115' title='bbox 345 1859 520 1954; x_wconf 67' lang='grc' dir='ltr'>ταύτῃ</span> <span class='ocrx_word' id='word_1_116' title='bbox 548 1883 621 1952; x_wconf 80' lang='grc' dir='ltr'>τῇ</span> <span class='ocrx_word' id='word_1_117' title='bbox 647 1859 948 1955; x_wconf 76' lang='grc' dir='ltr'>Ἐπιστολῇ</span> <span class='ocrx_word' id='word_1_118' title='bbox 973 1859 1231 1957; x_wconf 48' lang='grc' dir='ltr'>’θεολογεῖ</span> <span class='ocrx_word' id='word_1_119' title='bbox 1259 1859 1391 1958; x_wconf 47' lang='grc' dir='ltr'>περὶ·</span> <span class='ocrx_word' id='word_1_120' title='bbox 1414 1859 1525 1938; x_wconf 83' lang='grc' dir='ltr'>¹τοῦ</span> <span class='ocrx_word' id='word_1_121' title='bbox 1544 1859 1761 1956; x_wconf 47' lang='grc' dir='ltr'>λόγου,</span> <span class='ocrx_word' id='word_1_122' title='bbox 1794 1883 1925 1938; x_wconf 84' lang='grc' dir='ltr'>ἀπο·</span> <span class='ocrx_word' id='word_1_123' title='bbox 1955 1859 2000 1922; x_wconf 81' lang='grc' dir='ltr'><strong>Β</strong></span> 
     </span>
    </p>
   </div>
   <div class='ocr_carea' id='block_1_20' title="bbox 262 1967 1920 2045">
    <p class='ocr_par' dir='ltr' id='par_1_20' title="bbox 262 1967 1920 2045">
     <span class='ocr_line' id='line_1_20' title="bbox 262 1967 1920 2045; baseline 0.002 -21"><span class='ocrx_word' id='word_1_124' title='bbox 262 1967 477 2032; x_wconf 75' lang='grc' dir='ltr'>δεικνὺς</span> <span class='ocrx_word' id='word_1_125' title='bbox 511 1968 670 2024; x_wconf 68' lang='grc' dir='ltr'>αὐτὸν</span> <span class='ocrx_word' id='word_1_126' title='bbox 704 1969 784 2024; x_wconf 83' lang='grc' dir='ltr'>ἀεὶ</span> <span class='ocrx_word' id='word_1_127' title='bbox 819 1970 952 2025; x_wconf 79' lang='grc' dir='ltr'>εἶναι</span> <span class='ocrx_word' id='word_1_128' title='bbox 984 1970 1033 2025; x_wconf 80' lang='grc' dir='ltr'>ἐν</span> <span class='ocrx_word' id='word_1_129' title='bbox 1083 1972 1161 2044; x_wconf 74' lang='grc' dir='ltr'>τῷ</span> <span class='ocrx_word' id='word_1_130' title='bbox 1204 1976 1342 2045; x_wconf 77' lang='grc' dir='ltr'>Θεῷ,</span> <span class='ocrx_word' id='word_1_131' title='bbox 1391 1972 1480 2027; x_wconf 82' lang='grc' dir='ltr'>καὶ</span> <span class='ocrx_word' id='word_1_132' title='bbox 1531 1970 1796 2027; x_wconf 79' lang='grc' dir='ltr'>διδάσκων</span> <span class='ocrx_word' id='word_1_133' title='bbox 1828 1973 1920 2028; x_wconf 85' lang='grc' dir='ltr'>τὸν</span> 
     </span>
    </p>
   </div>
   <div class='ocr_carea' id='block_1_21' title="bbox 261 2057 1920 2137">
    <p class='ocr_par' dir='ltr' id='par_1_21' title="bbox 261 2057 1920 2137">
     <span class='ocr_line' id='line_1_21' title="bbox 261 2057 1920 2137; baseline 0.001 -25"><span class='ocrx_word' id='word_1_134' title='bbox 261 2060 477 2133; x_wconf 71' lang='grc' dir='ltr'>Πατέρα</span> <span class='ocrx_word' id='word_1_135' title='bbox 509 2063 625 2134; x_wconf 69' lang='grc' dir='ltr'>φῶς</span> <span class='ocrx_word' id='word_1_136' title='bbox 676 2059 830 2127; x_wconf 78' lang='grc' dir='ltr'>εἶναι,</span> <span class='ocrx_word' id='word_1_137' title='bbox 871 2057 964 2114; x_wconf 73' lang='grc' dir='ltr'>’ἱνα</span> <span class='ocrx_word' id='word_1_138' title='bbox 1009 2061 1096 2115; x_wconf 77' lang='grc' dir='ltr'>καὶ</span> <span class='ocrx_word' id='word_1_139' title='bbox 1149 2060 1320 2122; x_wconf 80' lang='grc' dir='ltr'>οὕτως</span> <span class='ocrx_word' id='word_1_140' title='bbox 1367 2067 1581 2137; x_wconf 82' lang='grc' dir='ltr'>γνῶμεν</span> <span class='ocrx_word' id='word_1_141' title='bbox 1612 2061 1704 2116; x_wconf 86' lang='grc' dir='ltr'>τὸν</span> <span class='ocrx_word' id='word_1_142' title='bbox 1750 2061 1920 2137; x_wconf 83' lang='grc' dir='ltr'>Λόγον</span> 
     </span>
    </p>
   </div>
   <div class='ocr_carea' id='block_1_22' title="bbox 257 2146 1920 2226">
    <p class='ocr_par' dir='ltr' id='par_1_22' title="bbox 257 2146 1920 2226">
     <span class='ocr_line' id='line_1_22' title="bbox 257 2146 1920 2226; baseline 0.003 -26"><span class='ocrx_word' id='word_1_143' title='bbox 257 2146 599 2222; x_wconf 71' lang='grc' dir='ltr'>ἀπαύγασμα</span> <span class='ocrx_word' id='word_1_144' title='bbox 651 2147 700 2220; x_wconf 79' lang='grc' dir='ltr'>ἐξ</span> <span class='ocrx_word' id='word_1_145' title='bbox 751 2148 915 2203; x_wconf 72' lang='grc' dir='ltr'>αὐτοῦ</span> <span class='ocrx_word' id='word_1_146' title='bbox 956 2149 1085 2204; x_wconf 72' lang='grc' dir='ltr'>εἶναι</span> <span class='ocrx_word' id='word_1_147' title='bbox 1114 2194 1128 2208; x_wconf 91' lang='grc'>.</span> <span class='ocrx_word' id='word_1_148' title='bbox 1179 2150 1464 2226; x_wconf 82' lang='grc' dir='ltr'>Θεολογῶν</span> <span class='ocrx_word' id='word_1_149' title='bbox 1517 2149 1597 2217; x_wconf 72' lang='grc' dir='ltr'>δὲ,</span> <span class='ocrx_word' id='word_1_150' title='bbox 1649 2151 1920 2226; x_wconf 78' lang='grc' dir='ltr'>ἐξηγεῖται</span> 
     </span>
    </p>
   </div>
   <div class='ocr_carea' id='block_1_23' title="bbox 259 2238 1921 2316">
    <p class='ocr_par' dir='ltr' id='par_1_23' title="bbox 259 2238 1921 2316">
     <span class='ocr_line' id='line_1_23' title="bbox 259 2238 1921 2316; baseline 0.003 -28"><span class='ocrx_word' id='word_1_151' title='bbox 259 2238 342 2309; x_wconf 72' lang='grc' dir='ltr'>μὴ</span> <span class='ocrx_word' id='word_1_152' title='bbox 374 2238 642 2311; x_wconf 86' lang='grc' dir='ltr'>νεώτερον</span> <span class='ocrx_word' id='word_1_153' title='bbox 695 2238 827 2292; x_wconf 79' lang='grc' dir='ltr'>εἶναι</span> <span class='ocrx_word' id='word_1_154' title='bbox 877 2238 939 2292; x_wconf 88' lang='grc' dir='ltr'>τὸ</span> <span class='ocrx_word' id='word_1_155' title='bbox 969 2239 1083 2292; x_wconf 86' lang='grc' dir='ltr'>κατ’</span> <span class='ocrx_word' id='word_1_156' title='bbox 1119 2241 1268 2311; x_wconf 77' lang='grc' dir='ltr'>ἡμᾶς</span> <span class='ocrx_word' id='word_1_157' title='bbox 1306 2243 1625 2316; x_wconf 75' lang='grc' dir='ltr'>μυστήριον,</span> <span class='ocrx_word' id='word_1_158' title='bbox 1661 2241 1805 2296; x_wconf 72' lang='grc' dir='ltr'>ἀλλὰ</span> <span class='ocrx_word' id='word_1_159' title='bbox 1833 2240 1921 2296; x_wconf 81' lang='grc' dir='ltr'>καὶ</span> 
     </span>
    </p>
   </div>
   <div class='ocr_carea' id='block_1_24' title="bbox 255 2325 1922 2408">
    <p class='ocr_par' dir='ltr' id='par_1_24' title="bbox 255 2325 1922 2408">
     <span class='ocr_line' id='line_1_24' title="bbox 255 2325 1922 2408; baseline 0.004 -30"><span class='ocrx_word' id='word_1_160' title='bbox 255 2325 310 2397; x_wconf 68' lang='grc' dir='ltr'>ἐξ</span> <span class='ocrx_word' id='word_1_161' title='bbox 346 2325 531 2400; x_wconf 72' lang='grc' dir='ltr'>ἀρχῆς</span> <span class='ocrx_word' id='word_1_162' title='bbox 589 2326 684 2398; x_wconf 76' lang='grc' dir='ltr'>μὲν</span> <span class='ocrx_word' id='word_1_163' title='bbox 731 2325 814 2380; x_wconf 77' lang='grc' dir='ltr'>ἀεὶ</span> <span class='ocrx_word' id='word_1_164' title='bbox 863 2326 1151 2402; x_wconf 74' lang='grc' dir='ltr'>τυγχάνειν</span> <span class='ocrx_word' id='word_1_165' title='bbox 1203 2328 1356 2398; x_wconf 81' lang='grc' dir='ltr'>αὐτὸ,</span> <span class='ocrx_word' id='word_1_166' title='bbox 1387 2335 1477 2383; x_wconf 85' lang='grc' dir='ltr'>νῦν</span> <span class='ocrx_word' id='word_1_167' title='bbox 1509 2327 1566 2384; x_wconf 77' lang='grc' dir='ltr'>δὲ</span> <span class='ocrx_word' id='word_1_168' title='bbox 1613 2334 1922 2408; x_wconf 77' lang='grc' dir='ltr'>πεφανερῶ-</span> 
     </span>
    </p>
   </div>
   <div class='ocr_carea' id='block_1_25' title="bbox 256 2413 1923 2488">
    <p class='ocr_par' dir='ltr' id='par_1_25' title="bbox 256 2413 1923 2488">
     <span class='ocr_line' id='line_1_25' title="bbox 256 2413 1923 2488; baseline 0.003 -21"><span class='ocrx_word' id='word_1_169' title='bbox 256 2426 384 2476; x_wconf 82' lang='grc' dir='ltr'>σθαι</span> <span class='ocrx_word' id='word_1_170' title='bbox 418 2413 472 2467; x_wconf 78' lang='grc' dir='ltr'>ἐν</span> <span class='ocrx_word' id='word_1_171' title='bbox 514 2419 594 2486; x_wconf 82' lang='grc' dir='ltr'><strong>τῷ</strong></span> <span class='ocrx_word' id='word_1_172' title='bbox 643 2415 843 2488; x_wconf 80' lang='grc' dir='ltr'>Κυρίῳ,</span> <span class='ocrx_word' id='word_1_173' title='bbox 879 2416 1026 2477; x_wconf 73' lang='grc' dir='ltr'>ἅστις</span> <span class='ocrx_word' id='word_1_174' title='bbox 1077 2415 1185 2470; x_wconf 81' lang='grc' dir='ltr'>ἐστῖ</span> <span class='ocrx_word' id='word_1_175' title='bbox 1221 2418 1333 2486; x_wconf 77' lang='grc' dir='ltr'>ζωὴ</span> <span class='ocrx_word' id='word_1_176' title='bbox 1386 2418 1630 2486; x_wconf 85' lang='grc' dir='ltr'>αἰώνιος,</span> <span class='ocrx_word' id='word_1_177' title='bbox 1673 2418 1761 2473; x_wconf 78' lang='grc' dir='ltr'>καὶ</span> <span class='ocrx_word' id='word_1_178' title='bbox 1795 2419 1923 2480; x_wconf 84' lang='grc' dir='ltr'>Θεὸς</span> 
     </span>
    </p>
   </div>
   <div class='ocr_carea' id='block_1_26' title="bbox 253 2502 1920 2585">
    <p class='ocr_par' dir='ltr' id='par_1_26' title="bbox 253 2502 1920 2585">
     <span class='ocr_line' id='line_1_26' title="bbox 253 2502 1920 2585; baseline 0.004 -29"><span class='ocrx_word' id='word_1_179' title='bbox 253 2503 553 2572; x_wconf 69' lang='grc' dir='ltr'>ἀληθινός.</span> <span class='ocrx_word' id='word_1_180' title='bbox 590 2502 686 2556; x_wconf 80' lang='grc' dir='ltr'>Καὶ</span> <span class='ocrx_word' id='word_1_181' title='bbox 719 2505 778 2557; x_wconf 86' lang='grc' dir='ltr'>τὸ</span> <span class='ocrx_word' id='word_1_182' title='bbox 825 2503 997 2558; x_wconf 75' lang='grc' dir='ltr'>αἶ’τιον</span> <span class='ocrx_word' id='word_1_183' title='bbox 1049 2503 1106 2559; x_wconf 74' lang='grc' dir='ltr'>δὲ</span> <span class='ocrx_word' id='word_1_184' title='bbox 1145 2513 1243 2575; x_wconf 78' lang='grc' dir='ltr'>τῆς</span> <span class='ocrx_word' id='word_1_185' title='bbox 1274 2511 1371 2561; x_wconf 88' lang='grc' dir='ltr'>τοῦ</span> <span class='ocrx_word' id='word_1_186' title='bbox 1401 2506 1582 2582; x_wconf 82' lang='grc' dir='ltr'>Λόγου</span> <span class='ocrx_word' id='word_1_187' title='bbox 1627 2508 1920 2585; x_wconf 79' lang='grc' dir='ltr'>παρουσίας</span> 
     </span>
    </p>
   </div>
   <div class='ocr_carea' id='block_1_27' title="bbox 253 2591 1919 2672">
    <p class='ocr_par' dir='ltr' id='par_1_27' title="bbox 253 2591 1919 2672">
     <span class='ocr_line' id='line_1_27' title="bbox 253 2591 1919 2672; baseline 0.005 -27"><span class='ocrx_word' id='word_1_188' title='bbox 253 2592 352 2645; x_wconf 76' lang='grc' dir='ltr'>καὶ</span> <span class='ocrx_word' id='word_1_189' title='bbox 383 2591 701 2668; x_wconf 63' lang='grc' dir='ltr'>ἐπιφανείας</span> <span class='ocrx_word' id='word_1_190' title='bbox 748 2591 913 2647; x_wconf 80' lang='grc' dir='ltr'>αὐτοῦ</span> <span class='ocrx_word' id='word_1_191' title='bbox 959 2593 1171 2663; x_wconf 79' lang='grc' dir='ltr'>τίθησιν</span> <span class='ocrx_word' id='word_1_192' title='bbox 1223 2595 1352 2650; x_wconf 72' lang='grc' dir='ltr'>εἶναι</span> <span class='ocrx_word' id='word_1_193' title='bbox 1403 2596 1574 2672; x_wconf 74' lang='grc' dir='ltr'>λέγων</span> <span class='ocrx_word' id='word_1_194' title='bbox 1615 2603 1798 2662; x_wconf 74' lang='grc' dir='ltr'>τοῦτο,</span> <span class='ocrx_word' id='word_1_195' title='bbox 1833 2597 1919 2653; x_wconf 83' lang='grc' dir='ltr'>ἐπὶ</span> 
     </span>
    </p>
   </div>
   <div class='ocr_carea' id='block_1_28' title="bbox 249 2676 1922 2760">
    <p class='ocr_par' dir='ltr' id='par_1_28' title="bbox 249 2676 1922 2760">
     <span class='ocr_line' id='line_1_28' title="bbox 249 2676 1922 2760; baseline 0.012 -26"><span class='ocrx_word' id='word_1_196' title='bbox 249 2682 317 2735; x_wconf 68' lang='grc' dir='ltr'>τὸ</span> <span class='ocrx_word' id='word_1_197' title='bbox 351 2680 653 2735; x_wconf 85' lang='grc' dir='ltr'>καταλῦσαι</span> <span class='ocrx_word' id='word_1_198' title='bbox 684 2683 750 2735; x_wconf 73' lang='grc' dir='ltr'>τά</span> <span class='ocrx_word' id='word_1_199' title='bbox 779 2676 908 2758; x_wconf 76' lang='grc' dir='ltr'>ἔργα</span> <span class='ocrx_word' id='word_1_200' title='bbox 936 2688 1032 2737; x_wconf 88' lang='grc' dir='ltr'>τοῦ</span> <span class='ocrx_word' id='word_1_201' title='bbox 1063 2679 1346 2752; x_wconf 82' lang='grc' dir='ltr'>διαϐόλου,</span> <span class='ocrx_word' id='word_1_202' title='bbox 1391 2687 1480 2740; x_wconf 79' lang='grc' dir='ltr'>καὶ</span> <span class='ocrx_word' id='word_1_203' title='bbox 1531 2688 1677 2760; x_wconf 68' lang='grc' dir='ltr'>ἡμᾶς</span> <span class='ocrx_word' id='word_1_204' title='bbox 1714 2686 1922 2752; x_wconf 71' lang='grc' dir='ltr'>ἐλευθε-</span> 
     </span>
    </p>
   </div>
   <div class='ocr_carea' id='block_1_29' title="bbox 254 2770 1918 2854">
    <p class='ocr_par' dir='ltr' id='par_1_29' title="bbox 254 2770 1918 2854">
     <span class='ocr_line' id='line_1_29' title="bbox 254 2770 1918 2854; baseline 0.006 -31"><span class='ocrx_word' id='word_1_205' title='bbox 254 2777 512 2840; x_wconf 74' lang='grc' dir='ltr'>ρωθῆναι</span> <span class='ocrx_word' id='word_1_206' title='bbox 540 2774 639 2825; x_wconf 85' lang='grc' dir='ltr'>τοῦ</span> <span class='ocrx_word' id='word_1_207' title='bbox 672 2770 928 2839; x_wconf 85' lang='grc' dir='ltr'>θανάτου,</span> <span class='ocrx_word' id='word_1_208' title='bbox 959 2772 1048 2827; x_wconf 77' lang='grc' dir='ltr'>καὶ</span> <span class='ocrx_word' id='word_1_209' title='bbox 1079 2774 1364 2848; x_wconf 80' lang='grc' dir='ltr'>γινώσκειν</span> <span class='ocrx_word' id='word_1_210' title='bbox 1389 2777 1537 2848; x_wconf 80' lang='grc' dir='ltr'>ἡμᾶς</span> <span class='ocrx_word' id='word_1_211' title='bbox 1569 2777 1657 2830; x_wconf 87' lang='grc' dir='ltr'>τὸν</span> <span class='ocrx_word' id='word_1_212' title='bbox 1689 2774 1918 2854; x_wconf 84' lang='grc' dir='ltr'>Πατέρα,</span> 
     </span>
    </p>
   </div>
   <div class='ocr_carea' id='block_1_30' title="bbox 255 2857 1918 2942">
    <p class='ocr_par' dir='ltr' id='par_1_30' title="bbox 255 2857 1918 2942">
     <span class='ocr_line' id='line_1_30' title="bbox 255 2857 1918 2942; baseline 0.004 -29"><span class='ocrx_word' id='word_1_213' title='bbox 255 2857 354 2913; x_wconf 75' lang='grc' dir='ltr'>καὶ</span> <span class='ocrx_word' id='word_1_214' title='bbox 395 2857 559 2912; x_wconf 69' lang='grc' dir='ltr'>αὐτὸν</span> <span class='ocrx_word' id='word_1_215' title='bbox 602 2859 694 2912; x_wconf 84' lang='grc' dir='ltr'>τὸν</span> <span class='ocrx_word' id='word_1_216' title='bbox 743 2861 888 2927; x_wconf 76' lang='grc' dir='ltr'>Υἱὸν,</span> <span class='ocrx_word' id='word_1_217' title='bbox 922 2863 1012 2915; x_wconf 81' lang='grc' dir='ltr'>τὸν</span> <span class='ocrx_word' id='word_1_218' title='bbox 1071 2861 1262 2937; x_wconf 87' lang='grc' dir='ltr'>Κύριον</span> <span class='ocrx_word' id='word_1_219' title='bbox 1315 2865 1474 2936; x_wconf 77' lang='grc' dir='ltr'>ἡμῶν</span> <span class='ocrx_word' id='word_1_220' title='bbox 1524 2869 1734 2935; x_wconf 82' lang='grc' dir='ltr'>Ἰησοῦν</span> <span class='ocrx_word' id='word_1_221' title='bbox 1788 2868 1918 2942; x_wconf 90' lang='grc' dir='ltr'>Χρι-</span> 
     </span>
    </p>
   </div>
   <div class='ocr_carea' id='block_1_31' title="bbox 260 2947 1919 3027">
    <p class='ocr_par' dir='ltr' id='par_1_31' title="bbox 260 2947 1919 3027">
     <span class='ocr_line' id='line_1_31' title="bbox 260 2947 1919 3027; baseline 0.005 -26"><span class='ocrx_word' id='word_1_222' title='bbox 260 2947 414 3001; x_wconf 81' lang='grc' dir='ltr'>στόν.</span> <span class='ocrx_word' id='word_1_223' title='bbox 453 2948 650 3024; x_wconf 65' lang='grc' dir='ltr'>Γράφει</span> <span class='ocrx_word' id='word_1_224' title='bbox 699 2953 828 3022; x_wconf 89' lang='grc' dir='ltr'>γοῦν</span> <span class='ocrx_word' id='word_1_225' title='bbox 863 2951 998 3025; x_wconf 89' lang='grc' dir='ltr'>πρὸς</span> <span class='ocrx_word' id='word_1_226' title='bbox 1047 2956 1217 3005; x_wconf 82' lang='grc' dir='ltr'>πᾶσαν</span> <span class='ocrx_word' id='word_1_227' title='bbox 1250 2950 1492 3020; x_wconf 79' lang='grc' dir='ltr'>ἠλικίαν,</span> <span class='ocrx_word' id='word_1_228' title='bbox 1523 2953 1658 3027; x_wconf 87' lang='grc' dir='ltr'>πρὸς</span> <span class='ocrx_word' id='word_1_229' title='bbox 1708 2953 1919 3022; x_wconf 84' lang='grc' dir='ltr'>παιδία,</span> 
     </span>
    </p>
   </div>
   <div class='ocr_carea' id='block_1_32' title="bbox 256 3035 1920 3118">
    <p class='ocr_par' dir='ltr' id='par_1_32' title="bbox 256 3035 1920 3118">
     <span class='ocr_line' id='line_1_32' title="bbox 256 3035 1920 3118; baseline 0.004 -28"><span class='ocrx_word' id='word_1_230' title='bbox 256 3036 404 3111; x_wconf 70' lang='grc' dir='ltr'>πρὸς</span> <span class='ocrx_word' id='word_1_231' title='bbox 438 3035 770 3104; x_wconf 77' lang='grc' dir='ltr'>νεανίσκους,</span> <span class='ocrx_word' id='word_1_232' title='bbox 803 3039 937 3113; x_wconf 87' lang='grc' dir='ltr'>πρὸς</span> <span class='ocrx_word' id='word_1_233' title='bbox 970 3040 1248 3114; x_wconf 72' lang='grc' dir='ltr'>γέροντας,</span> <span class='ocrx_word' id='word_1_234' title='bbox 1282 3041 1365 3096; x_wconf 76' lang='grc' dir='ltr'>ὅτι</span> <span class='ocrx_word' id='word_1_235' title='bbox 1398 3043 1426 3096; x_wconf 97' lang='lat'>6</span> <span class='ocrx_word' id='word_1_236' title='bbox 1461 3043 1555 3115; x_wconf 72' lang='grc' dir='ltr'>μὲν</span> <span class='ocrx_word' id='word_1_237' title='bbox 1588 3041 1718 3106; x_wconf 80' lang='grc' dir='ltr'>Θεὸς</span> <span class='ocrx_word' id='word_1_238' title='bbox 1753 3044 1920 3118; x_wconf 82' lang='grc' dir='ltr'>ἐγνώ-</span> 
     </span>
    </p>
   </div>
   <div class='ocr_carea' id='block_1_33' title="bbox 253 3121 1920 3205">
    <p class='ocr_par' dir='ltr' id='par_1_33' title="bbox 253 3121 1920 3205">
     <span class='ocr_line' id='line_1_33' title="bbox 253 3121 1920 3205; baseline 0.007 -29"><span class='ocrx_word' id='word_1_239' title='bbox 253 3136 388 3192; x_wconf 75' lang='grc' dir='ltr'>σθη,</span> <span class='ocrx_word' id='word_1_240' title='bbox 423 3127 460 3194; x_wconf 79' lang='grc' dir='ltr'>ἡ</span> <span class='ocrx_word' id='word_1_241' title='bbox 494 3121 552 3178; x_wconf 74' lang='grc' dir='ltr'>δὲ</span> <span class='ocrx_word' id='word_1_242' title='bbox 602 3121 891 3195; x_wconf 82' lang='grc' dir='ltr'>διαϐολική</span> <span class='ocrx_word' id='word_1_243' title='bbox 946 3125 1180 3205; x_wconf 72' lang='grc' dir='ltr'>ἐνέργεια</span> <span class='ocrx_word' id='word_1_244' title='bbox 1221 3128 1414 3184; x_wconf 90' lang='grc' dir='ltr'>λοιπὸν</span> <span class='ocrx_word' id='word_1_245' title='bbox 1460 3131 1758 3202; x_wconf 84' lang='grc' dir='ltr'>νενίκηται,</span> <span class='ocrx_word' id='word_1_246' title='bbox 1796 3153 1920 3188; x_wconf 89' lang='grc' dir='ltr'>κατ-</span> 
     </span>
    </p>
   </div>
   <div class='ocr_carea' id='block_1_34' title="bbox 2038 565 3682 645">
    <p class='ocr_par' dir='ltr' id='par_1_34' title="bbox 2038 565 3682 645">
     <span class='ocr_line' id='line_1_34' title="bbox 2038 565 3682 645; baseline 0.005 -24"><span class='ocrx_word' id='word_1_247' title='bbox 2038 565 2237 637; x_wconf 74' lang='lat' dir='ltr'>claret,</span> <span class='ocrx_word' id='word_1_248' title='bbox 2257 569 2371 624; x_wconf 90' lang='lat' dir='ltr'>cito</span> <span class='ocrx_word' id='word_1_249' title='bbox 2399 570 2660 627; x_wconf 79' lang='lat' dir='ltr'>futurum</span> <span class='ocrx_word' id='word_1_250' title='bbox 2689 572 2920 627; x_wconf 87' lang='lat' dir='ltr'>Domini</span> <span class='ocrx_word' id='word_1_251' title='bbox 2953 572 3126 640; x_wconf 90' lang='lat' dir='ltr'>diem,</span> <span class='ocrx_word' id='word_1_252' title='bbox 3154 572 3526 645; x_wconf 66' lang='lat' dir='ltr'>praecipitque</span> <span class='ocrx_word' id='word_1_253' title='bbox 3559 591 3682 629; x_wconf 89' lang='lat' dir='ltr'>om-</span> 
     </span>
    </p>
   </div>
   <div class='ocr_carea' id='block_1_35' title="bbox 2039 657 3684 733">
    <p class='ocr_par' dir='ltr' id='par_1_35' title="bbox 2039 657 3684 733">
     <span class='ocr_line' id='line_1_35' title="bbox 2039 657 3684 733; baseline 0.004 -23"><span class='ocrx_word' id='word_1_254' title='bbox 2039 657 2233 726; x_wconf 84' lang='lat' dir='ltr'>nibus,</span> <span class='ocrx_word' id='word_1_255' title='bbox 2264 661 2326 712; x_wconf 91' lang='lat' dir='ltr'>ut</span> <span class='ocrx_word' id='word_1_256' title='bbox 2358 659 2426 712; x_wconf 91' lang='lat' dir='ltr'>ad</span> <span class='ocrx_word' id='word_1_257' title='bbox 2471 657 2632 715; x_wconf 89' lang='lat' dir='ltr'>illius</span> <span class='ocrx_word' id='word_1_258' title='bbox 2680 661 2991 717; x_wconf 73' lang='lat' dir='ltr'>adventum</span> <span class='ocrx_word' id='word_1_259' title='bbox 3041 661 3226 733; x_wconf 69' lang='lat' dir='ltr'>parati</span> <span class='ocrx_word' id='word_1_260' title='bbox 3277 661 3394 715; x_wconf 85' lang='lat' dir='ltr'>sint</span> <span class='ocrx_word' id='word_1_261' title='bbox 3423 662 3480 716; x_wconf 90' lang='lat' dir='ltr'>in</span> <span class='ocrx_word' id='word_1_262' title='bbox 3515 663 3684 718; x_wconf 87' lang='lat' dir='ltr'>bonis</span> 
     </span>
    </p>
   </div>
   <div class='ocr_carea' id='block_1_36' title="bbox 2037 747 3686 822">
    <p class='ocr_par' dir='ltr' id='par_1_36' title="bbox 2037 747 3686 822">
     <span class='ocr_line' id='line_1_36' title="bbox 2037 747 3686 822; baseline 0.004 -21"><span class='ocrx_word' id='word_1_263' title='bbox 2037 747 2332 818; x_wconf 84' lang='lat' dir='ltr'>operibus,</span> <span class='ocrx_word' id='word_1_264' title='bbox 2366 751 2422 802; x_wconf 85' lang='lat' dir='ltr'>et</span> <span class='ocrx_word' id='word_1_265' title='bbox 2469 749 2898 819; x_wconf 80' lang='lat' dir='ltr'>amplectantur</span> <span class='ocrx_word' id='word_1_266' title='bbox 2937 767 3063 822; x_wconf 80' lang='lat' dir='ltr'>quae</span> <span class='ocrx_word' id='word_1_267' title='bbox 3097 751 3169 804; x_wconf 89' lang='lat' dir='ltr'>ab</span> <span class='ocrx_word' id='word_1_268' title='bbox 3200 750 3462 821; x_wconf 87' lang='lat' dir='ltr'>apostolo</span> <span class='ocrx_word' id='word_1_269' title='bbox 3509 750 3686 807; x_wconf 85' lang='lat' dir='ltr'>Paulo</span> 
     </span>
    </p>
   </div>
   <div class='ocr_carea' id='block_1_37' title="bbox 2038 834 3683 912">
    <p class='ocr_par' dir='ltr' id='par_1_37' title="bbox 2038 834 3683 912">
     <span class='ocr_line' id='line_1_37' title="bbox 2038 834 3683 912; baseline 0.004 -23"><span class='ocrx_word' id='word_1_270' title='bbox 2038 834 2256 906; x_wconf 88' lang='lat' dir='ltr'>scripta</span> <span class='ocrx_word' id='word_1_271' title='bbox 2303 841 2459 902; x_wconf 90' lang='lat' dir='ltr'>sunt,</span> <span class='ocrx_word' id='word_1_272' title='bbox 2487 853 2588 891; x_wconf 89' lang='lat' dir='ltr'>nec</span> <span class='ocrx_word' id='word_1_273' title='bbox 2642 854 2812 894; x_wconf 77' lang='lat' dir='ltr'>aures</span> <span class='ocrx_word' id='word_1_274' title='bbox 2843 839 3286 894; x_wconf 80' lang='lat' dir='ltr'>accommodent</span> <span class='ocrx_word' id='word_1_275' title='bbox 3316 839 3429 907; x_wconf 88' lang='lat' dir='ltr'>bis,</span> <span class='ocrx_word' id='word_1_276' title='bbox 3467 839 3567 912; x_wconf 91' lang='lat' dir='ltr'>qui</span> <span class='ocrx_word' id='word_1_277' title='bbox 3615 857 3683 896; x_wconf 91' lang='lat' dir='ltr'>ea</span> 
     </span>
    </p>
   </div>
   <div class='ocr_carea' id='block_1_38' title="bbox 2036 923 3682 992">
    <p class='ocr_par' dir='ltr' id='par_1_38' title="bbox 2036 923 3682 992">
     <span class='ocr_line' id='line_1_38' title="bbox 2036 923 3682 992; baseline 0.004 -14"><span class='ocrx_word' id='word_1_278' title='bbox 2036 923 2505 992; x_wconf 73' lang='lat' dir='ltr'>calumniantur;</span> <span class='ocrx_word' id='word_1_279' title='bbox 2555 943 2687 981; x_wconf 89' lang='lat' dir='ltr'>cum</span> <span class='ocrx_word' id='word_1_280' title='bbox 2747 927 2923 983; x_wconf 90' lang='lat' dir='ltr'>iidem</span> <span class='ocrx_word' id='word_1_281' title='bbox 2984 933 3043 984; x_wconf 89' lang='lat' dir='ltr'>et</span> <span class='ocrx_word' id='word_1_282' title='bbox 3101 929 3402 984; x_wconf 88' lang='lat' dir='ltr'>universas</span> <span class='ocrx_word' id='word_1_283' title='bbox 3452 929 3682 985; x_wconf 88' lang='lat' dir='ltr'>divinas</span> 
     </span>
    </p>
   </div>
   <div class='ocr_carea' id='block_1_39' title="bbox 2036 1013 3680 1090">
    <p class='ocr_par' dir='ltr' id='par_1_39' title="bbox 2036 1013 3680 1090">
     <span class='ocr_line' id='line_1_39' title="bbox 2036 1013 3680 1090; baseline 0.002 -21"><span class='ocrx_word' id='word_1_284' title='bbox 2036 1013 2369 1084; x_wconf 89' lang='lat' dir='ltr'>Scripturas</span> <span class='ocrx_word' id='word_1_285' title='bbox 2407 1013 2857 1071; x_wconf 88' lang='lat' dir='ltr'>calumnientur.</span> <span class='ocrx_word' id='word_1_286' title='bbox 2895 1017 3210 1089; x_wconf 82' lang='lat' dir='ltr'>Postquam</span> <span class='ocrx_word' id='word_1_287' title='bbox 3265 1017 3444 1090; x_wconf 85' lang='lat' dir='ltr'>igitur</span> <span class='ocrx_word' id='word_1_288' title='bbox 3477 1035 3680 1074; x_wconf 87' lang='lat' dir='ltr'>omnes</span> 
     </span>
    </p>
   </div>
   <div class='ocr_carea' id='block_1_40' title="bbox 2034 1103 3680 1176">
    <p class='ocr_par' dir='ltr' id='par_1_40' title="bbox 2034 1103 3680 1176">
     <span class='ocr_line' id='line_1_40' title="bbox 2034 1103 3680 1176; baseline 0.002 -18"><span class='ocrx_word' id='word_1_289' title='bbox 2034 1103 2341 1158; x_wconf 83' lang='lat' dir='ltr'>admonuit</span> <span class='ocrx_word' id='word_1_290' title='bbox 2371 1119 2438 1160; x_wconf 89' lang='lat' dir='ltr'>ac</span> <span class='ocrx_word' id='word_1_291' title='bbox 2467 1104 2683 1176; x_wconf 78' lang='lat' dir='ltr'>docuit,</span> <span class='ocrx_word' id='word_1_292' title='bbox 2719 1111 2781 1159; x_wconf 92' lang='lat' dir='ltr'>ut</span> <span class='ocrx_word' id='word_1_293' title='bbox 2828 1106 2941 1161; x_wconf 90' lang='lat' dir='ltr'>ista</span> <span class='ocrx_word' id='word_1_294' title='bbox 2998 1107 3194 1162; x_wconf 85' lang='lat' dir='ltr'>futura</span> <span class='ocrx_word' id='word_1_295' title='bbox 3241 1107 3449 1176; x_wconf 79' lang='lat' dir='ltr'>sciant,</span> <span class='ocrx_word' id='word_1_296' title='bbox 3487 1108 3680 1163; x_wconf 89' lang='lat' dir='ltr'>horta-</span> 
     </span>
    </p>
   </div>
   <div class='ocr_carea' id='block_1_41' title="bbox 2033 1191 3680 1265">
    <p class='ocr_par' dir='ltr' id='par_1_41' title="bbox 2033 1191 3680 1265">
     <span class='ocr_line' id='line_1_41' title="bbox 2033 1191 3680 1265; baseline 0.003 -21"><span class='ocrx_word' id='word_1_297' title='bbox 2033 1195 2131 1244; x_wconf 90' lang='lat' dir='ltr'>tur</span> <span class='ocrx_word' id='word_1_298' title='bbox 2179 1207 2249 1246; x_wconf 93' lang='lat' dir='ltr'>ne</span> <span class='ocrx_word' id='word_1_299' title='bbox 2278 1191 2593 1263; x_wconf 83' lang='lat' dir='ltr'>quisquam</span> <span class='ocrx_word' id='word_1_300' title='bbox 2628 1209 2661 1247; x_wconf 90' lang='lat' dir='ltr'>a</span> <span class='ocrx_word' id='word_1_301' title='bbox 2691 1193 2824 1249; x_wconf 84' lang='lat' dir='ltr'>fidei</span> <span class='ocrx_word' id='word_1_302' title='bbox 2873 1209 3048 1264; x_wconf 90' lang='lat' dir='ltr'>scopo</span> <span class='ocrx_word' id='word_1_303' title='bbox 3095 1193 3344 1260; x_wconf 88' lang='lat' dir='ltr'>aberret,</span> <span class='ocrx_word' id='word_1_304' title='bbox 3377 1199 3551 1265; x_wconf 88' lang='lat' dir='ltr'>atque</span> <span class='ocrx_word' id='word_1_305' title='bbox 3602 1195 3680 1250; x_wconf 85' lang='lat' dir='ltr'>ita</span> 
     </span>
    </p>
   </div>
   <div class='ocr_carea' id='block_1_42' title="bbox 2035 1279 2532 1352">
    <p class='ocr_par' dir='ltr' id='par_1_42' title="bbox 2035 1279 2532 1352">
     <span class='ocr_line' id='line_1_42' title="bbox 2035 1279 2532 1352; baseline 0.004 -18"><span class='ocrx_word' id='word_1_306' title='bbox 2035 1279 2166 1335; x_wconf 79' lang='lat' dir='ltr'>finit</span> <span class='ocrx_word' id='word_1_307' title='bbox 2191 1280 2532 1352; x_wconf 86' lang='lat' dir='ltr'>Epistolam.</span> 
     </span>
    </p>
   </div>
   <div class='ocr_carea' id='block_1_43' title="bbox 2620 1431 3100 1499">
    <p class='ocr_par' dir='ltr' id='par_1_43' title="bbox 2620 1431 3100 1499">
     <span class='ocr_line' id='line_1_43' title="bbox 2620 1431 3100 1499; baseline 0 -13"><span class='ocrx_word' id='word_1_308' title='bbox 2620 1431 2826 1499; x_wconf 83' lang='lat' dir='ltr'>Quarta</span> <span class='ocrx_word' id='word_1_309' title='bbox 2851 1433 3100 1488; x_wconf 71' lang='lat' dir='ltr'>Jonanis.</span> 
     </span>
    </p>
   </div>
   <div class='ocr_carea' id='block_1_44' title="bbox 2101 1546 3678 1621">
    <p class='ocr_par' dir='ltr' id='par_1_44' title="bbox 2101 1546 3678 1621">
     <span class='ocr_line' id='line_1_44' title="bbox 2101 1546 3678 1621; baseline 0.002 -20"><span class='ocrx_word' id='word_1_310' title='bbox 2101 1547 2190 1601; x_wconf 88' lang='grc'>55.</span> <span class='ocrx_word' id='word_1_311' title='bbox 2217 1546 2334 1604; x_wconf 87' lang='grc' dir='ltr'>Ηοο</span> <span class='ocrx_word' id='word_1_312' title='bbox 2365 1547 2600 1603; x_wconf 88' lang='lat' dir='ltr'>nomine</span> <span class='ocrx_word' id='word_1_313' title='bbox 2631 1552 2868 1604; x_wconf 91' lang='lat' dir='ltr'>vecatur</span> <span class='ocrx_word' id='word_1_314' title='bbox 2900 1552 2960 1604; x_wconf 89' lang='lat' dir='ltr'>et</span> <span class='ocrx_word' id='word_1_315' title='bbox 2989 1547 3122 1618; x_wconf 89' lang='lat' dir='ltr'>ista,</span> <span class='ocrx_word' id='word_1_316' title='bbox 3157 1549 3313 1620; x_wconf 92' lang='lat' dir='ltr'>quod</span> <span class='ocrx_word' id='word_1_317' title='bbox 3346 1549 3471 1621; x_wconf 84' lang='lat' dir='ltr'>ipse</span> <span class='ocrx_word' id='word_1_318' title='bbox 3501 1549 3678 1605; x_wconf 84' lang='lat' dir='ltr'>Joan-</span> 
     </span>
    </p>
   </div>
   <div class='ocr_carea' id='block_1_45' title="bbox 2033 1636 3682 1710">
    <p class='ocr_par' dir='ltr' id='par_1_45' title="bbox 2033 1636 3682 1710">
     <span class='ocr_line' id='line_1_45' title="bbox 2033 1636 3682 1710; baseline 0.001 -18"><span class='ocrx_word' id='word_1_319' title='bbox 2033 1653 2138 1692; x_wconf 86' lang='lat' dir='ltr'>nes</span> <span class='ocrx_word' id='word_1_320' title='bbox 2157 1636 2515 1708; x_wconf 80' lang='lat' dir='ltr'>evangelista</span> <span class='ocrx_word' id='word_1_321' title='bbox 2535 1653 2663 1691; x_wconf 88' lang='lat' dir='ltr'>eam</span> <span class='ocrx_word' id='word_1_322' title='bbox 2691 1637 3123 1710; x_wconf 79' lang='lat' dir='ltr'>conscripserit,</span> <span class='ocrx_word' id='word_1_323' title='bbox 3141 1643 3204 1694; x_wconf 91' lang='lat' dir='ltr'>ut</span> <span class='ocrx_word' id='word_1_324' title='bbox 3227 1654 3351 1694; x_wconf 90' lang='lat' dir='ltr'>com</span> <span class='ocrx_word' id='word_1_325' title='bbox 3362 1637 3682 1694; x_wconf 82' lang='lat' dir='ltr'>moneiace-</span> 
     </span>
    </p>
   </div>
   <div class='ocr_carea' id='block_1_46' title="bbox 2032 1726 3676 1800">
    <p class='ocr_par' dir='ltr' id='par_1_46' title="bbox 2032 1726 3676 1800">
     <span class='ocr_line' id='line_1_46' title="bbox 2032 1726 3676 1800; baseline 0 -18"><span class='ocrx_word' id='word_1_326' title='bbox 2032 1729 2120 1782; x_wconf 91' lang='lat' dir='ltr'>ret</span> <span class='ocrx_word' id='word_1_327' title='bbox 2147 1742 2245 1782; x_wconf 91' lang='lat' dir='ltr'>eos</span> <span class='ocrx_word' id='word_1_328' title='bbox 2277 1726 2374 1798; x_wconf 91' lang='lat' dir='ltr'>qui</span> <span class='ocrx_word' id='word_1_329' title='bbox 2416 1727 2542 1796; x_wconf 88' lang='lat' dir='ltr'>jam</span> <span class='ocrx_word' id='word_1_330' title='bbox 2573 1726 2630 1781; x_wconf 92' lang='lat' dir='ltr'>in</span> <span class='ocrx_word' id='word_1_331' title='bbox 2665 1727 2980 1782; x_wconf 90' lang='lat' dir='ltr'>Dominum</span> <span class='ocrx_word' id='word_1_332' title='bbox 3024 1727 3410 1784; x_wconf 82' lang='lat' dir='ltr'>crediderant.</span> <span class='ocrx_word' id='word_1_333' title='bbox 3442 1728 3510 1783; x_wconf 91' lang='lat' dir='ltr'>Et</span> <span class='ocrx_word' id='word_1_334' title='bbox 3559 1727 3676 1800; x_wconf 90' lang='lat' dir='ltr'>pri-</span> 
     </span>
    </p>
   </div>
   <div class='ocr_carea' id='block_1_47' title="bbox 2032 1814 3678 1889">
    <p class='ocr_par' dir='ltr' id='par_1_47' title="bbox 2032 1814 3678 1889">
     <span class='ocr_line' id='line_1_47' title="bbox 2032 1814 3678 1889; baseline 0 -19"><span class='ocrx_word' id='word_1_335' title='bbox 2032 1831 2194 1871; x_wconf 89' lang='lat' dir='ltr'>mum</span> <span class='ocrx_word' id='word_1_336' title='bbox 2227 1815 2464 1886; x_wconf 89' lang='lat' dir='ltr'>quidem</span> <span class='ocrx_word' id='word_1_337' title='bbox 2499 1814 2736 1886; x_wconf 84' lang='lat' dir='ltr'>perinde</span> <span class='ocrx_word' id='word_1_338' title='bbox 2767 1819 2944 1888; x_wconf 87' lang='lat' dir='ltr'>atque</span> <span class='ocrx_word' id='word_1_339' title='bbox 2971 1815 3028 1870; x_wconf 92' lang='lat' dir='ltr'>in</span> <span class='ocrx_word' id='word_1_340' title='bbox 3061 1815 3390 1889; x_wconf 82' lang='lat' dir='ltr'>Evangelio,</span> <span class='ocrx_word' id='word_1_341' title='bbox 3420 1817 3502 1872; x_wconf 89' lang='lat' dir='ltr'>ita</span> <span class='ocrx_word' id='word_1_342' title='bbox 3531 1821 3588 1872; x_wconf 92' lang='lat' dir='ltr'>ct</span> <span class='ocrx_word' id='word_1_343' title='bbox 3617 1816 3678 1871; x_wconf 92' lang='lat' dir='ltr'>in</span> 
     </span>
    </p>
   </div>
   <div class='ocr_carea' id='block_1_48' title="bbox 2033 1903 3678 1977">
    <p class='ocr_par' dir='ltr' id='par_1_48' title="bbox 2033 1903 3678 1977">
     <span class='ocr_line' id='line_1_48' title="bbox 2033 1903 3678 1977; baseline 0 -17"><span class='ocrx_word' id='word_1_344' title='bbox 2033 1904 2141 1960; x_wconf 88' lang='lat' dir='ltr'>hac</span> <span class='ocrx_word' id='word_1_345' title='bbox 2162 1903 2438 1976; x_wconf 88' lang='lat' dir='ltr'>Epistola,</span> <span class='ocrx_word' id='word_1_346' title='bbox 2455 1905 2526 1960; x_wconf 92' lang='lat' dir='ltr'>de</span> <span class='ocrx_word' id='word_1_347' title='bbox 2540 1904 2714 1960; x_wconf 90' lang='lat' dir='ltr'>Verbi</span> <span class='ocrx_word' id='word_1_348' title='bbox 2737 1903 3038 1961; x_wconf 84' lang='lat' dir='ltr'>divinitate</span> <span class='ocrx_word' id='word_1_349' title='bbox 3063 1905 3341 1977; x_wconf 81' lang='lat' dir='ltr'>loquitur,</span> <span class='ocrx_word' id='word_1_350' title='bbox 3359 1907 3678 1962; x_wconf 89' lang='lat' dir='ltr'>ostendens</span> 
     </span>
    </p>
   </div>
   <div class='ocr_carea' id='block_1_49' title="bbox 2033 1993 3679 2066">
    <p class='ocr_par' dir='ltr' id='par_1_49' title="bbox 2033 1993 3679 2066">
     <span class='ocr_line' id='line_1_49' title="bbox 2033 1993 3679 2066; baseline 0.002 -19"><span class='ocrx_word' id='word_1_351' title='bbox 2033 1993 2178 2048; x_wconf 91' lang='lat' dir='ltr'>illud</span> <span class='ocrx_word' id='word_1_352' title='bbox 2227 1994 2284 2047; x_wconf 93' lang='lat' dir='ltr'>in</span> <span class='ocrx_word' id='word_1_353' title='bbox 2343 1994 2454 2048; x_wconf 92' lang='lat' dir='ltr'>Deo</span> <span class='ocrx_word' id='word_1_354' title='bbox 2485 2009 2720 2066; x_wconf 87' lang='lat' dir='ltr'>semper</span> <span class='ocrx_word' id='word_1_355' title='bbox 2747 2010 2896 2064; x_wconf 89' lang='lat' dir='ltr'>esse,</span> <span class='ocrx_word' id='word_1_356' title='bbox 2929 2009 2996 2049; x_wconf 89' lang='lat' dir='ltr'>ac</span> <span class='ocrx_word' id='word_1_357' title='bbox 3028 1995 3243 2050; x_wconf 88' lang='lat' dir='ltr'>docens</span> <span class='ocrx_word' id='word_1_358' title='bbox 3296 1995 3521 2050; x_wconf 83' lang='lat' dir='ltr'>Patrem</span> <span class='ocrx_word' id='word_1_359' title='bbox 3549 2010 3679 2050; x_wconf 85' lang='lat' dir='ltr'>esse</span> 
     </span>
    </p>
   </div>
   <div class='ocr_carea' id='block_1_50' title="bbox 2030 2082 3682 2155">
    <p class='ocr_par' dir='ltr' id='par_1_50' title="bbox 2030 2082 3682 2155">
     <span class='ocr_line' id='line_1_50' title="bbox 2030 2082 3682 2155; baseline -0.001 -18"><span class='ocrx_word' id='word_1_360' title='bbox 2030 2082 2242 2150; x_wconf 89' lang='lat' dir='ltr'>lucem,</span> <span class='ocrx_word' id='word_1_361' title='bbox 2279 2085 2343 2137; x_wconf 88' lang='lat' dir='ltr'>ut</span> <span class='ocrx_word' id='word_1_362' title='bbox 2381 2083 2463 2138; x_wconf 89' lang='lat' dir='ltr'>ita</span> <span class='ocrx_word' id='word_1_363' title='bbox 2492 2097 2920 2154; x_wconf 82' lang='lat' dir='ltr'>cognoscamus</span> <span class='ocrx_word' id='word_1_364' title='bbox 2949 2083 3196 2140; x_wconf 88' lang='lat' dir='ltr'>Verbum</span> <span class='ocrx_word' id='word_1_365' title='bbox 3242 2099 3372 2139; x_wconf 90' lang='lat' dir='ltr'>esse</span> <span class='ocrx_word' id='word_1_366' title='bbox 3403 2083 3682 2155; x_wconf 80' lang='lat' dir='ltr'>splendu-</span> 
     </span>
    </p>
   </div>
   <div class='ocr_carea' id='block_1_51' title="bbox 2034 2171 3683 2242">
    <p class='ocr_par' dir='ltr' id='par_1_51' title="bbox 2034 2171 3683 2242">
     <span class='ocr_line' id='line_1_51' title="bbox 2034 2171 3683 2242; baseline 0.001 -16"><span class='ocrx_word' id='word_1_367' title='bbox 2034 2189 2151 2227; x_wconf 71' lang='lat' dir='ltr'>re&#39;n</span> <span class='ocrx_word' id='word_1_368' title='bbox 2188 2187 2256 2226; x_wconf 80' lang='lat' dir='ltr'>ex</span> <span class='ocrx_word' id='word_1_369' title='bbox 2284 2171 2434 2227; x_wconf 90' lang='lat' dir='ltr'>luce.</span> <span class='ocrx_word' id='word_1_370' title='bbox 2467 2171 2775 2228; x_wconf 88' lang='lat' dir='ltr'>Disserens</span> <span class='ocrx_word' id='word_1_371' title='bbox 2819 2177 3013 2228; x_wconf 89' lang='lat' dir='ltr'>autem</span> <span class='ocrx_word' id='word_1_372' title='bbox 3049 2173 3122 2228; x_wconf 91' lang='lat' dir='ltr'>de</span> <span class='ocrx_word' id='word_1_373' title='bbox 3153 2172 3456 2228; x_wconf 86' lang='lat' dir='ltr'>divinitate</span> <span class='ocrx_word' id='word_1_374' title='bbox 3485 2172 3683 2242; x_wconf 89' lang='lat' dir='ltr'>Verbi,</span> 
     </span>
    </p>
   </div>
   <div class='ocr_carea' id='block_1_52' title="bbox 2031 2259 3678 2334">
    <p class='ocr_par' dir='ltr' id='par_1_52' title="bbox 2031 2259 3678 2334">
     <span class='ocr_line' id='line_1_52' title="bbox 2031 2259 3678 2334; baseline 0.001 -18"><span class='ocrx_word' id='word_1_375' title='bbox 2031 2259 2266 2334; x_wconf 89' lang='lat' dir='ltr'>exponit</span> <span class='ocrx_word' id='word_1_376' title='bbox 2295 2264 2561 2315; x_wconf 89' lang='lat' dir='ltr'>nostrum</span> <span class='ocrx_word' id='word_1_377' title='bbox 2609 2261 2949 2332; x_wconf 82' lang='lat' dir='ltr'>mysterium</span> <span class='ocrx_word' id='word_1_378' title='bbox 2985 2277 3100 2316; x_wconf 88' lang='lat' dir='ltr'>non</span> <span class='ocrx_word' id='word_1_379' title='bbox 3145 2278 3274 2317; x_wconf 88' lang='lat' dir='ltr'>esse</span> <span class='ocrx_word' id='word_1_380' title='bbox 3305 2278 3544 2328; x_wconf 89' lang='lat' dir='ltr'>novum,</span> <span class='ocrx_word' id='word_1_381' title='bbox 3576 2263 3678 2318; x_wconf 90' lang='lat' dir='ltr'>sed</span> 
     </span>
    </p>
   </div>
   <div class='ocr_carea' id='block_1_53' title="bbox 2031 2349 3676 2420">
    <p class='ocr_par' dir='ltr' id='par_1_53' title="bbox 2031 2349 3676 2420">
     <span class='ocr_line' id='line_1_53' title="bbox 2031 2349 3676 2420; baseline 0 -14"><span class='ocrx_word' id='word_1_382' title='bbox 2031 2366 2160 2406; x_wconf 83' lang='lat' dir='ltr'>esse</span> <span class='ocrx_word' id='word_1_383' title='bbox 2189 2350 2615 2420; x_wconf 90' lang='lat' dir='ltr'>sempiternum</span> <span class='ocrx_word' id='word_1_384' title='bbox 2648 2350 2720 2404; x_wconf 91' lang='lat' dir='ltr'>ab</span> <span class='ocrx_word' id='word_1_385' title='bbox 2751 2349 2919 2405; x_wconf 88' lang='lat' dir='ltr'>initio</span> <span class='ocrx_word' id='word_1_386' title='bbox 2951 2368 2962 2405; x_wconf 92' lang='lat'><strong>:</strong></span> <span class='ocrx_word' id='word_1_387' title='bbox 2992 2367 3145 2406; x_wconf 89' lang='lat' dir='ltr'>nunc</span> <span class='ocrx_word' id='word_1_388' title='bbox 3173 2367 3305 2406; x_wconf 91' lang='lat' dir='ltr'>vero</span> <span class='ocrx_word' id='word_1_389' title='bbox 3336 2351 3676 2407; x_wconf 81' lang='lat' dir='ltr'>manifesta-</span> 
     </span>
    </p>
   </div>
   <div class='ocr_carea' id='block_1_54' title="bbox 2031 2438 3676 2511">
    <p class='ocr_par' dir='ltr' id='par_1_54' title="bbox 2031 2438 3676 2511">
     <span class='ocr_line' id='line_1_54' title="bbox 2031 2438 3676 2511; baseline 0.001 -16"><span class='ocrx_word' id='word_1_390' title='bbox 2031 2445 2156 2495; x_wconf 85' lang='lat' dir='ltr'>tum</span> <span class='ocrx_word' id='word_1_391' title='bbox 2188 2439 2246 2494; x_wconf 93' lang='lat' dir='ltr'>in</span> <span class='ocrx_word' id='word_1_392' title='bbox 2278 2438 2546 2504; x_wconf 88' lang='lat' dir='ltr'>Domino,</span> <span class='ocrx_word' id='word_1_393' title='bbox 2580 2439 2679 2509; x_wconf 91' lang='lat' dir='ltr'>qui</span> <span class='ocrx_word' id='word_1_394' title='bbox 2728 2439 2844 2494; x_wconf 87' lang='lat' dir='ltr'>vita</span> <span class='ocrx_word' id='word_1_395' title='bbox 2874 2444 2963 2494; x_wconf 89' lang='lat' dir='ltr'>est</span> <span class='ocrx_word' id='word_1_396' title='bbox 2999 2440 3357 2511; x_wconf 88' lang='lat' dir='ltr'>sempiterna</span> <span class='ocrx_word' id='word_1_397' title='bbox 3405 2445 3461 2495; x_wconf 91' lang='lat' dir='ltr'>et</span> <span class='ocrx_word' id='word_1_398' title='bbox 3506 2458 3676 2497; x_wconf 88' lang='lat' dir='ltr'>verus</span> 
     </span>
    </p>
   </div>
   <div class='ocr_carea' id='block_1_55' title="bbox 2030 2527 3677 2598">
    <p class='ocr_par' dir='ltr' id='par_1_55' title="bbox 2030 2527 3677 2598">
     <span class='ocr_line' id='line_1_55' title="bbox 2030 2527 3677 2598; baseline 0.001 -13"><span class='ocrx_word' id='word_1_399' title='bbox 2030 2529 2205 2585; x_wconf 85' lang='lat' dir='ltr'>Deus.</span> <span class='ocrx_word' id='word_1_400' title='bbox 2239 2530 2488 2584; x_wconf 83' lang='lat' dir='ltr'>Causam</span> <span class='ocrx_word' id='word_1_401' title='bbox 2518 2527 2697 2583; x_wconf 90' lang='lat' dir='ltr'>etiam</span> <span class='ocrx_word' id='word_1_402' title='bbox 2729 2527 2802 2582; x_wconf 89' lang='lat' dir='ltr'>ob</span> <span class='ocrx_word' id='word_1_403' title='bbox 2841 2543 3019 2598; x_wconf 85' lang='lat' dir='ltr'>quam</span> <span class='ocrx_word' id='word_1_404' title='bbox 3049 2528 3304 2584; x_wconf 91' lang='lat' dir='ltr'>Verbum</span> <span class='ocrx_word' id='word_1_405' title='bbox 3336 2530 3408 2584; x_wconf 88' lang='lat' dir='ltr'>ad</span> <span class='ocrx_word' id='word_1_406' title='bbox 3441 2547 3548 2586; x_wconf 91' lang='lat' dir='ltr'>nos</span> <span class='ocrx_word' id='word_1_407' title='bbox 3579 2547 3677 2586; x_wconf 88' lang='lat' dir='ltr'>ve-</span> 
     </span>
    </p>
   </div>
   <div class='ocr_carea' id='block_1_56' title="bbox 2030 2615 3676 2690">
    <p class='ocr_par' dir='ltr' id='par_1_56' title="bbox 2030 2615 3676 2690">
     <span class='ocr_line' id='line_1_56' title="bbox 2030 2615 3676 2690; baseline 0 -18"><span class='ocrx_word' id='word_1_408' title='bbox 2030 2617 2182 2672; x_wconf 89' lang='lat' dir='ltr'>nerit</span> <span class='ocrx_word' id='word_1_409' title='bbox 2205 2621 2262 2673; x_wconf 89' lang='lat' dir='ltr'>et</span> <span class='ocrx_word' id='word_1_410' title='bbox 2291 2616 2649 2689; x_wconf 88' lang='lat' dir='ltr'>apparuerit,</span> <span class='ocrx_word' id='word_1_411' title='bbox 2683 2615 2875 2688; x_wconf 86' lang='lat' dir='ltr'>ponit;</span> <span class='ocrx_word' id='word_1_412' title='bbox 2910 2617 3060 2672; x_wconf 88' lang='lat' dir='ltr'>hanc</span> <span class='ocrx_word' id='word_1_413' title='bbox 3092 2617 3374 2687; x_wconf 83' lang='lat' dir='ltr'>videlicet,</span> <span class='ocrx_word' id='word_1_414' title='bbox 3409 2623 3474 2674; x_wconf 92' lang='lat' dir='ltr'>ut</span> <span class='ocrx_word' id='word_1_415' title='bbox 3502 2635 3676 2690; x_wconf 81' lang='lat' dir='ltr'>opera</span> 
     </span>
    </p>
   </div>
   <div class='ocr_carea' id='block_1_57' title="bbox 2030 2705 3680 2773">
    <p class='ocr_par' dir='ltr' id='par_1_57' title="bbox 2030 2705 3680 2773">
     <span class='ocr_line' id='line_1_57' title="bbox 2030 2705 3680 2773; baseline -0.001 -11"><span class='ocrx_word' id='word_1_416' title='bbox 2030 2705 2244 2762; x_wconf 88' lang='lat' dir='ltr'>diaboli</span> <span class='ocrx_word' id='word_1_417' title='bbox 2278 2705 2642 2773; x_wconf 88' lang='lat' dir='ltr'>dissolveret,</span> <span class='ocrx_word' id='word_1_418' title='bbox 2675 2721 2740 2760; x_wconf 89' lang='lat' dir='ltr'>ac</span> <span class='ocrx_word' id='word_1_419' title='bbox 2788 2722 2896 2761; x_wconf 89' lang='lat' dir='ltr'>nos</span> <span class='ocrx_word' id='word_1_420' title='bbox 2926 2724 2958 2761; x_wconf 88' lang='lat' dir='ltr'>a</span> <span class='ocrx_word' id='word_1_421' title='bbox 2992 2712 3176 2762; x_wconf 88' lang='lat' dir='ltr'>morte</span> <span class='ocrx_word' id='word_1_422' title='bbox 3223 2707 3500 2763; x_wconf 85' lang='lat' dir='ltr'>liberaret</span> <span class='ocrx_word' id='word_1_423' title='bbox 3546 2707 3680 2762; x_wconf 78' lang='lat' dir='ltr'>efﬁ-</span> 
     </span>
    </p>
   </div>
   <div class='ocr_carea' id='block_1_58' title="bbox 2030 2795 3672 2867">
    <p class='ocr_par' dir='ltr' id='par_1_58' title="bbox 2030 2795 3672 2867">
     <span class='ocr_line' id='line_1_58' title="bbox 2030 2795 3672 2867; baseline 0 -17"><span class='ocrx_word' id='word_1_424' title='bbox 2030 2801 2300 2867; x_wconf 87' lang='lat' dir='ltr'>ceretque</span> <span class='ocrx_word' id='word_1_425' title='bbox 2331 2800 2396 2850; x_wconf 91' lang='lat' dir='ltr'>ut</span> <span class='ocrx_word' id='word_1_426' title='bbox 2434 2795 2660 2849; x_wconf 86' lang='lat' dir='ltr'>Patrem</span> <span class='ocrx_word' id='word_1_427' title='bbox 2711 2809 3183 2865; x_wconf 84' lang='lat' dir='ltr'>agnosceremus,</span> <span class='ocrx_word' id='word_1_428' title='bbox 3216 2800 3272 2850; x_wconf 90' lang='lat' dir='ltr'>et</span> <span class='ocrx_word' id='word_1_429' title='bbox 3303 2795 3512 2851; x_wconf 89' lang='lat' dir='ltr'>Filium</span> <span class='ocrx_word' id='word_1_430' title='bbox 3567 2800 3672 2850; x_wconf 87' lang='lat' dir='ltr'>Do-</span> 
     </span>
    </p>
   </div>
   <div class='ocr_carea' id='block_1_59' title="bbox 2029 2882 3673 2958">
    <p class='ocr_par' dir='ltr' id='par_1_59' title="bbox 2029 2882 3673 2958">
     <span class='ocr_line' id='line_1_59' title="bbox 2029 2882 3673 2958; baseline 0.001 -19"><span class='ocrx_word' id='word_1_431' title='bbox 2029 2884 2258 2940; x_wconf 88' lang='lat' dir='ltr'>minum</span> <span class='ocrx_word' id='word_1_432' title='bbox 2291 2888 2556 2938; x_wconf 89' lang='lat' dir='ltr'>nostrum</span> <span class='ocrx_word' id='word_1_433' title='bbox 2583 2882 2782 2938; x_wconf 86' lang='lat' dir='ltr'>Jesum</span> <span class='ocrx_word' id='word_1_434' title='bbox 2807 2885 3124 2940; x_wconf 87' lang='lat' dir='ltr'>Christum.</span> <span class='ocrx_word' id='word_1_435' title='bbox 3148 2884 3364 2940; x_wconf 90' lang='lat' dir='ltr'>Scribit</span> <span class='ocrx_word' id='word_1_436' title='bbox 3393 2884 3571 2958; x_wconf 85' lang='lat' dir='ltr'>igitur</span> <span class='ocrx_word' id='word_1_437' title='bbox 3601 2885 3673 2940; x_wconf 86' lang='lat' dir='ltr'>ad</span> 
     </span>
    </p>
   </div>
   <div class='ocr_carea' id='block_1_60' title="bbox 2029 2973 3674 3044">
    <p class='ocr_par' dir='ltr' id='par_1_60' title="bbox 2029 2973 3674 3044">
     <span class='ocr_line' id='line_1_60' title="bbox 2029 2973 3674 3044; baseline 0 -15"><span class='ocrx_word' id='word_1_438' title='bbox 2029 2989 2263 3029; x_wconf 87' lang='lat' dir='ltr'>omnem</span> <span class='ocrx_word' id='word_1_439' title='bbox 2312 2976 2563 3038; x_wconf 69' lang='lat' dir='ltr'>aetatem,</span> <span class='ocrx_word' id='word_1_440' title='bbox 2615 2973 2685 3027; x_wconf 89' lang='lat' dir='ltr'>ad</span> <span class='ocrx_word' id='word_1_441' title='bbox 2739 2989 2970 3044; x_wconf 87' lang='lat' dir='ltr'>pueros,</span> <span class='ocrx_word' id='word_1_442' title='bbox 3020 2974 3089 3028; x_wconf 89' lang='lat' dir='ltr'>ad</span> <span class='ocrx_word' id='word_1_443' title='bbox 3141 2973 3561 3040; x_wconf 87' lang='lat' dir='ltr'>adolescentes,</span> <span class='ocrx_word' id='word_1_444' title='bbox 3602 2974 3674 3029; x_wconf 90' lang='lat' dir='ltr'>ad</span> 
     </span>
    </p>
   </div>
   <div class='ocr_carea' id='block_1_61' title="bbox 2029 3060 3675 3134">
    <p class='ocr_par' dir='ltr' id='par_1_61' title="bbox 2029 3060 3675 3134">
     <span class='ocr_line' id='line_1_61' title="bbox 2029 3060 3675 3134; baseline -0.001 -16"><span class='ocrx_word' id='word_1_445' title='bbox 2029 3077 2218 3128; x_wconf 85' lang='lat' dir='ltr'>senes,</span> <span class='ocrx_word' id='word_1_446' title='bbox 2266 3061 2419 3132; x_wconf 90' lang='lat' dir='ltr'>quod</span> <span class='ocrx_word' id='word_1_447' title='bbox 2471 3060 2627 3116; x_wconf 90' lang='lat' dir='ltr'>Deus</span> <span class='ocrx_word' id='word_1_448' title='bbox 2683 3060 3026 3126; x_wconf 86' lang='lat' dir='ltr'>innotuerit,</span> <span class='ocrx_word' id='word_1_449' title='bbox 3079 3061 3367 3117; x_wconf 88' lang='lat' dir='ltr'>diabolica</span> <span class='ocrx_word' id='word_1_450' title='bbox 3417 3061 3675 3134; x_wconf 88' lang='lat' dir='ltr'>operatio</span> 
     </span>
    </p>
   </div>
   <div class='ocr_carea' id='block_1_62' title="bbox 2028 3149 3672 3222">
    <p class='ocr_par' dir='ltr' id='par_1_62' title="bbox 2028 3149 3672 3222">
     <span class='ocr_line' id='line_1_62' title="bbox 2028 3149 3672 3222; baseline 0.001 -18"><span class='ocrx_word' id='word_1_451' title='bbox 2028 3150 2323 3221; x_wconf 90' lang='lat' dir='ltr'>deinceps,</span> <span class='ocrx_word' id='word_1_452' title='bbox 2359 3149 2547 3204; x_wconf 89' lang='lat' dir='ltr'>deleta</span> <span class='ocrx_word' id='word_1_453' title='bbox 2578 3154 2785 3212; x_wconf 87' lang='lat' dir='ltr'>morte,</span> <span class='ocrx_word' id='word_1_454' title='bbox 2816 3149 3039 3205; x_wconf 88' lang='lat' dir='ltr'>devicta</span> <span class='ocrx_word' id='word_1_455' title='bbox 3068 3151 3162 3206; x_wconf 90' lang='lat' dir='ltr'>sit.</span> <span class='ocrx_word' id='word_1_456' title='bbox 3189 3152 3348 3217; x_wconf 86' lang='lat' dir='ltr'>Quod</span> <span class='ocrx_word' id='word_1_457' title='bbox 3383 3152 3672 3222; x_wconf 89' lang='lat' dir='ltr'>reliquum</span> 
     </span>
    </p>
   </div>
   <div class='ocr_carea' id='block_1_63' title="bbox 257 3213 1917 3311">
    <p class='ocr_par' dir='ltr' id='par_1_63' title="bbox 257 3213 1917 3291">
     <span class='ocr_line' id='line_1_63' title="bbox 257 3213 1917 3291; baseline 0.005 -23"><span class='ocrx_word' id='word_1_458' title='bbox 257 3213 603 3288; x_wconf 68' lang='grc' dir='ltr'>αργῃθέντος</span> <span class='ocrx_word' id='word_1_459' title='bbox 651 3219 748 3268; x_wconf 89' lang='grc' dir='ltr'>τοῦ</span> <span class='ocrx_word' id='word_1_460' title='bbox 796 3217 1061 3272; x_wconf 79' lang='grc' dir='ltr'>Θανάτου.</span> <span class='ocrx_word' id='word_1_461' title='bbox 1090 3217 1223 3274; x_wconf 79' lang='grc' dir='ltr'>Εἶτα</span> <span class='ocrx_word' id='word_1_462' title='bbox 1271 3216 1465 3274; x_wconf 87' lang='grc' dir='ltr'>λοιπὸν</span> <span class='ocrx_word' id='word_1_463' title='bbox 1515 3217 1584 3274; x_wconf 86' lang='grc' dir='ltr'>δι’</span> <span class='ocrx_word' id='word_1_464' title='bbox 1641 3220 1778 3291; x_wconf 77' lang='grc' dir='ltr'>ὅλης</span> <span class='ocrx_word' id='word_1_465' title='bbox 1820 3224 1917 3291; x_wconf 74' lang='grc' dir='ltr'>τῆς</span> 
     </span>
    </p>
   </div>
   <div class='ocr_carea' id='block_1_64' title="bbox 2031 3213 3674 3311">
    <p class='ocr_par' dir='ltr' id='par_1_64' title="bbox 2031 3213 3674 3311">
     <span class='ocr_line' id='line_1_64' title="bbox 2031 3213 3674 3311; baseline 0.001 -17"><span class='ocrx_word' id='word_1_466' title='bbox 2031 3244 2116 3296; x_wconf 89' lang='lat' dir='ltr'>est</span> <span class='ocrx_word' id='word_1_467' title='bbox 2146 3213 2254 3311; x_wconf 66' lang='lat' dir='ltr'>per</span> <span class='ocrx_word' id='word_1_468' title='bbox 2276 3243 2453 3294; x_wconf 83' lang='lat' dir='ltr'>totam</span> <span class='ocrx_word' id='word_1_469' title='bbox 2484 3237 2825 3310; x_wconf 87' lang='lat' dir='ltr'>Epistolam,</span> <span class='ocrx_word' id='word_1_470' title='bbox 2849 3213 3224 3295; x_wconf 79' lang='lat' dir='ltr'>dilectionem</span> <span class='ocrx_word' id='word_1_471' title='bbox 3243 3241 3432 3308; x_wconf 88' lang='lat' dir='ltr'>docet,</span> <span class='ocrx_word' id='word_1_472' title='bbox 3454 3213 3674 3310; x_wconf 73' lang='lat' dir='ltr'>volens,</span> 
     </span>
    </p>
   </div>
   <div class='ocr_carea' id='block_1_65' title="bbox 253 3301 1921 3382">
    <p class='ocr_par' dir='ltr' id='par_1_65' title="bbox 253 3301 1921 3382">
     <span class='ocr_line' id='line_1_65' title="bbox 253 3301 1921 3382; baseline 0.003 -21"><span class='ocrx_word' id='word_1_473' title='bbox 253 3301 605 3372; x_wconf 76' lang='grc' dir='ltr'>Ε’πιστο)ῆς</span> <span class='ocrx_word' id='word_1_474' title='bbox 653 3302 776 3379; x_wconf 85' lang='grc' dir='ltr'>περὶ</span> <span class='ocrx_word' id='word_1_475' title='bbox 820 3303 1033 3378; x_wconf 79' lang='grc' dir='ltr'>ἀγάπης</span> <span class='ocrx_word' id='word_1_476' title='bbox 1061 3303 1322 3378; x_wconf 75' lang='grc' dir='ltr'>διδάσκει,</span> <span class='ocrx_word' id='word_1_477' title='bbox 1355 3307 1526 3364; x_wconf 74' lang='grc' dir='ltr'>θέλων</span> <span class='ocrx_word' id='word_1_478' title='bbox 1570 3311 1718 3382; x_wconf 70' lang='grc' dir='ltr'>ἡμᾶς</span> <span class='ocrx_word' id='word_1_479' title='bbox 1750 3309 1921 3382; x_wconf 77' lang='grc' dir='ltr'>ἀλλή-</span> 
     </span>
    </p>
   </div>
   <div class='ocr_carea' id='block_1_66' title="bbox 254 3390 1918 3474">
    <p class='ocr_par' dir='ltr' id='par_1_66' title="bbox 254 3390 1918 3474">
     <span class='ocr_line' id='line_1_66' title="bbox 254 3390 1918 3474; baseline 0.007 -30"><span class='ocrx_word' id='word_1_480' title='bbox 254 3390 398 3453; x_wconf 86' lang='grc' dir='ltr'>λους</span> <span class='ocrx_word' id='word_1_481' title='bbox 448 3392 682 3464; x_wconf 74' lang='grc' dir='ltr'>ἀγαπᾷν,</span> <span class='ocrx_word' id='word_1_482' title='bbox 740 3391 926 3461; x_wconf 80' lang='grc' dir='ltr'>ἐπειδὴ</span> <span class='ocrx_word' id='word_1_483' title='bbox 975 3396 1064 3448; x_wconf 81' lang='grc' dir='ltr'>καὶ</span> <span class='ocrx_word' id='word_1_484' title='bbox 1117 3398 1144 3450; x_wconf 91' lang='grc' dir='ltr'>ὁ</span> <span class='ocrx_word' id='word_1_485' title='bbox 1177 3402 1405 3468; x_wconf 84' lang='grc' dir='ltr'>Χριστὸς</span> <span class='ocrx_word' id='word_1_486' title='bbox 1445 3398 1721 3474; x_wconf 80' lang='grc' dir='ltr'>ἠγάπησεν</span> <span class='ocrx_word' id='word_1_487' title='bbox 1750 3403 1918 3474; x_wconf 79' lang='grc' dir='ltr'>ἡμᾶς.</span> 
     </span>
    </p>
   </div>
   <div class='ocr_carea' id='block_1_67' title="bbox 255 3479 1920 3565">
    <p class='ocr_par' dir='ltr' id='par_1_67' title="bbox 255 3479 1920 3565">
     <span class='ocr_line' id='line_1_67' title="bbox 255 3479 1920 3565; baseline 0.007 -32"><span class='ocrx_word' id='word_1_488' title='bbox 255 3482 583 3554; x_wconf 56' lang='grc' dir='ltr'>Ἰὲηγεῖται</span> <span class='ocrx_word' id='word_1_489' title='bbox 615 3480 706 3535; x_wconf 77' lang='grc' dir='ltr'>οῦν</span> <span class='ocrx_word' id='word_1_490' title='bbox 758 3481 845 3536; x_wconf 80' lang='grc' dir='ltr'>ἐπὶ</span> <span class='ocrx_word' id='word_1_491' title='bbox 889 3479 1147 3561; x_wconf 72' lang='grc' dir='ltr'>διαφορᾶς</span> <span class='ocrx_word' id='word_1_492' title='bbox 1194 3481 1365 3563; x_wconf 77' lang='grc' dir='ltr'>φόϐου</span> <span class='ocrx_word' id='word_1_493' title='bbox 1417 3488 1504 3541; x_wconf 86' lang='grc' dir='ltr'>καὶ</span> <span class='ocrx_word' id='word_1_494' title='bbox 1552 3487 1790 3565; x_wconf 81' lang='grc' dir='ltr'>ἀγάπης,</span> <span class='ocrx_word' id='word_1_495' title='bbox 1831 3490 1920 3544; x_wconf 85' lang='grc' dir='ltr'>καὶ</span> 
     </span>
    </p>
   </div>
   <div class='ocr_carea' id='block_1_68' title="bbox 253 3569 1920 3654">
    <p class='ocr_par' dir='ltr' id='par_1_68' title="bbox 253 3569 1920 3654">
     <span class='ocr_line' id='line_1_68' title="bbox 253 3569 1920 3654; baseline 0.005 -30"><span class='ocrx_word' id='word_1_496' title='bbox 253 3569 468 3624; x_wconf 66' lang='grc' dir='ltr'>τέκνων</span> <span class='ocrx_word' id='word_1_497' title='bbox 497 3573 634 3624; x_wconf 76' lang='grc' dir='ltr'>Θεοῦ</span> <span class='ocrx_word' id='word_1_498' title='bbox 674 3570 761 3625; x_wconf 86' lang='grc' dir='ltr'>καὶ</span> <span class='ocrx_word' id='word_1_499' title='bbox 807 3572 1005 3627; x_wconf 86' lang='grc' dir='ltr'>τὲκνων</span> <span class='ocrx_word' id='word_1_500' title='bbox 1057 3569 1338 3644; x_wconf 85' lang='grc' dir='ltr'>διαϐόλου,</span> <span class='ocrx_word' id='word_1_501' title='bbox 1371 3576 1458 3630; x_wconf 83' lang='grc' dir='ltr'>καὶ</span> <span class='ocrx_word' id='word_1_502' title='bbox 1490 3577 1614 3651; x_wconf 84' lang='grc' dir='ltr'>περὶ</span> <span class='ocrx_word' id='word_1_503' title='bbox 1655 3577 1920 3654; x_wconf 84' lang='grc' dir='ltr'>ἁμαρτίας</span> 
     </span>
    </p>
   </div>
   <div class='ocr_carea' id='block_1_69' title="bbox 258 3659 1921 3743">
    <p class='ocr_par' dir='ltr' id='par_1_69' title="bbox 258 3659 1921 3743">
     <span class='ocr_line' id='line_1_69' title="bbox 258 3659 1921 3743; baseline 0.007 -30"><span class='ocrx_word' id='word_1_504' title='bbox 258 3666 590 3727; x_wconf 73' lang='grc' dir='ltr'>θανατικῆς,</span> <span class='ocrx_word' id='word_1_505' title='bbox 637 3659 725 3713; x_wconf 80' lang='grc' dir='ltr'>καὶ</span> <span class='ocrx_word' id='word_1_506' title='bbox 773 3661 848 3732; x_wconf 73' lang='grc' dir='ltr'>μὴ</span> <span class='ocrx_word' id='word_1_507' title='bbox 899 3669 1210 3735; x_wconf 81' lang='grc' dir='ltr'>θανατικῆς,</span> <span class='ocrx_word' id='word_1_508' title='bbox 1260 3664 1348 3718; x_wconf 81' lang='grc' dir='ltr'>καὶ</span> <span class='ocrx_word' id='word_1_509' title='bbox 1381 3662 1639 3743; x_wconf 80' lang='grc' dir='ltr'>διαφορᾶς</span> <span class='ocrx_word' id='word_1_510' title='bbox 1686 3670 1921 3742; x_wconf 88' lang='grc' dir='ltr'>πνευμά-</span> 
     </span>
    </p>
   </div>
   <div class='ocr_carea' id='block_1_70' title="bbox 255 3745 1919 3829">
    <p class='ocr_par' dir='ltr' id='par_1_70' title="bbox 255 3745 1919 3829">
     <span class='ocr_line' id='line_1_70' title="bbox 255 3745 1919 3829; baseline 0.006 -26"><span class='ocrx_word' id='word_1_511' title='bbox 255 3770 395 3806; x_wconf 84' lang='grc' dir='ltr'>των.</span> <span class='ocrx_word' id='word_1_512' title='bbox 433 3747 538 3804; x_wconf 78' lang='grc' dir='ltr'>Καὶ</span> <span class='ocrx_word' id='word_1_513' title='bbox 595 3745 788 3804; x_wconf 82' lang='grc' dir='ltr'>λοιπὸν</span> <span class='ocrx_word' id='word_1_514' title='bbox 845 3746 1058 3823; x_wconf 85' lang='grc' dir='ltr'>διαιρεῖ,</span> <span class='ocrx_word' id='word_1_515' title='bbox 1109 3756 1268 3807; x_wconf 85' lang='grc' dir='ltr'>ποῖον</span> <span class='ocrx_word' id='word_1_516' title='bbox 1318 3753 1412 3825; x_wconf 75' lang='grc' dir='ltr'>μὲν</span> <span class='ocrx_word' id='word_1_517' title='bbox 1475 3759 1685 3829; x_wconf 89' lang='grc' dir='ltr'>πνεῦμα</span> <span class='ocrx_word' id='word_1_518' title='bbox 1725 3756 1784 3812; x_wconf 81' lang='grc' dir='ltr'>ἐκ</span> <span class='ocrx_word' id='word_1_519' title='bbox 1823 3764 1919 3813; x_wconf 91' lang='grc' dir='ltr'>τοῦ</span> 
     </span>
    </p>
   </div>
   <div class='ocr_carea' id='block_1_71' title="bbox 257 3834 1920 3921">
    <p class='ocr_par' dir='ltr' id='par_1_71' title="bbox 257 3834 1920 3921">
     <span class='ocr_line' id='line_1_71' title="bbox 257 3834 1920 3921; baseline 0.006 -29"><span class='ocrx_word' id='word_1_520' title='bbox 257 3841 398 3892; x_wconf 82' lang='grc' dir='ltr'>Θεοῦ</span> <span class='ocrx_word' id='word_1_521' title='bbox 432 3836 573 3907; x_wconf 79' lang='grc' dir='ltr'>ἐστι,</span> <span class='ocrx_word' id='word_1_522' title='bbox 600 3843 756 3891; x_wconf 86' lang='grc' dir='ltr'>ποῖον</span> <span class='ocrx_word' id='word_1_523' title='bbox 789 3834 844 3893; x_wconf 79' lang='grc' dir='ltr'>δὲ</span> <span class='ocrx_word' id='word_1_524' title='bbox 885 3845 984 3908; x_wconf 82' lang='grc' dir='ltr'>τῆς</span> <span class='ocrx_word' id='word_1_525' title='bbox 1018 3837 1224 3910; x_wconf 80' lang='grc' dir='ltr'>πλάνης</span> <span class='ocrx_word' id='word_1_526' title='bbox 1251 3885 1266 3909; x_wconf 90' lang='grc'>,</span> <span class='ocrx_word' id='word_1_527' title='bbox 1298 3843 1386 3896; x_wconf 86' lang='grc' dir='ltr'>καὶ</span> <span class='ocrx_word' id='word_1_528' title='bbox 1439 3844 1570 3898; x_wconf 87' lang='grc' dir='ltr'>πότε</span> <span class='ocrx_word' id='word_1_529' title='bbox 1621 3845 1714 3917; x_wconf 74' lang='grc' dir='ltr'>μὲν</span> <span class='ocrx_word' id='word_1_530' title='bbox 1749 3867 1920 3921; x_wconf 77' lang='grc' dir='ltr'>γινωο</span> 
     </span>
    </p>
   </div>
   <div class='ocr_carea' id='block_1_72' title="bbox 257 3924 1918 4009">
    <p class='ocr_par' dir='ltr' id='par_1_72' title="bbox 257 3924 1918 4009">
     <span class='ocr_line' id='line_1_72' title="bbox 257 3924 1918 4009; baseline 0.005 -27"><span class='ocrx_word' id='word_1_531' title='bbox 257 3927 504 3999; x_wconf 78' lang='grc' dir='ltr'>σκόμεθα</span> <span class='ocrx_word' id='word_1_532' title='bbox 532 3924 693 3980; x_wconf 76' lang='grc' dir='ltr'>τὲκνα</span> <span class='ocrx_word' id='word_1_533' title='bbox 722 3931 875 3993; x_wconf 92' lang='grc' dir='ltr'>Θεοῦ,</span> <span class='ocrx_word' id='word_1_534' title='bbox 907 3927 1038 3983; x_wconf 85' lang='grc' dir='ltr'>πότε</span> <span class='ocrx_word' id='word_1_535' title='bbox 1067 3926 1126 3983; x_wconf 75' lang='grc' dir='ltr'>δὲ</span> <span class='ocrx_word' id='word_1_536' title='bbox 1155 3925 1436 3987; x_wconf 86' lang='grc' dir='ltr'>διαϐόλου·</span> <span class='ocrx_word' id='word_1_537' title='bbox 1471 3933 1561 3986; x_wconf 81' lang='grc' dir='ltr'>καὶ</span> <span class='ocrx_word' id='word_1_538' title='bbox 1606 3935 1727 4009; x_wconf 86' lang='grc' dir='ltr'>περί</span> <span class='ocrx_word' id='word_1_539' title='bbox 1760 3937 1918 3999; x_wconf 87' lang='grc' dir='ltr'>ποίας</span> 
     </span>
    </p>
   </div>
   <div class='ocr_carea' id='block_1_73' title="bbox 257 4013 1914 4097">
    <p class='ocr_par' dir='ltr' id='par_1_73' title="bbox 257 4013 1914 4097">
     <span class='ocr_line' id='line_1_73' title="bbox 257 4013 1914 4097; baseline 0.007 -28"><span class='ocrx_word' id='word_1_540' title='bbox 257 4015 530 4088; x_wconf 73' lang='grc' dir='ltr'>ἁμαρτίας</span> <span class='ocrx_word' id='word_1_541' title='bbox 589 4013 880 4093; x_wconf 72' lang='grc' dir='ltr'>ὀφείλομεν</span> <span class='ocrx_word' id='word_1_542' title='bbox 932 4013 1202 4092; x_wconf 69' lang='grc' dir='ltr'>εὔχεσθαιο</span> <span class='ocrx_word' id='word_1_543' title='bbox 1254 4019 1342 4074; x_wconf 79' lang='grc' dir='ltr'>καὶ</span> <span class='ocrx_word' id='word_1_544' title='bbox 1375 4019 1458 4075; x_wconf 80' lang='grc' dir='ltr'>ὅτι</span> <span class='ocrx_word' id='word_1_545' title='bbox 1499 4023 1527 4076; x_wconf 91' lang='lat'>6</span> <span class='ocrx_word' id='word_1_546' title='bbox 1583 4023 1658 4094; x_wconf 78' lang='grc' dir='ltr'>μή</span> <span class='ocrx_word' id='word_1_547' title='bbox 1690 4023 1914 4097; x_wconf 82' lang='grc' dir='ltr'>ἀγαπῶν</span> 
     </span>
    </p>
   </div>
   <div class='ocr_carea' id='block_1_74' title="bbox 255 4103 1915 4179">
    <p class='ocr_par' dir='ltr' id='par_1_74' title="bbox 255 4103 1915 4179">
     <span class='ocr_line' id='line_1_74' title="bbox 255 4103 1915 4179; baseline 0.006 -20"><span class='ocrx_word' id='word_1_548' title='bbox 255 4106 346 4159; x_wconf 77' lang='grc' dir='ltr'>τὸν</span> <span class='ocrx_word' id='word_1_549' title='bbox 380 4103 628 4170; x_wconf 74' lang='grc' dir='ltr'>πλησίον</span> <span class='ocrx_word' id='word_1_550' title='bbox 665 4103 763 4158; x_wconf 83' lang='grc' dir='ltr'>ούκ</span> <span class='ocrx_word' id='word_1_551' title='bbox 791 4103 930 4160; x_wconf 85' lang='grc' dir='ltr'>ἔστιν</span> <span class='ocrx_word' id='word_1_552' title='bbox 976 4103 1122 4176; x_wconf 75' lang='grc' dir='ltr'>ἄξιος</span> <span class='ocrx_word' id='word_1_553' title='bbox 1154 4115 1252 4176; x_wconf 78' lang='grc' dir='ltr'>τῆς</span> <span class='ocrx_word' id='word_1_554' title='bbox 1302 4108 1569 4179; x_wconf 77' lang='grc' dir='ltr'>κλήσεως,</span> <span class='ocrx_word' id='word_1_555' title='bbox 1605 4110 1730 4167; x_wconf 71' lang='grc' dir='ltr'>οὐδὲ</span> <span class='ocrx_word' id='word_1_556' title='bbox 1761 4110 1915 4168; x_wconf 87' lang='grc' dir='ltr'>δύνα-</span> 
     </span>
    </p>
   </div>
   <div class='ocr_carea' id='block_1_75' title="bbox 255 4194 1913 4270">
    <p class='ocr_par' dir='ltr' id='par_1_75' title="bbox 255 4194 1913 4270">
     <span class='ocr_line' id='line_1_75' title="bbox 255 4194 1913 4270; baseline 0.007 -24"><span class='ocrx_word' id='word_1_557' title='bbox 255 4214 340 4247; x_wconf 75' lang='grc' dir='ltr'>ται</span> <span class='ocrx_word' id='word_1_558' title='bbox 375 4194 636 4267; x_wconf 69' lang='grc' dir='ltr'>λέγεσθαι</span> <span class='ocrx_word' id='word_1_559' title='bbox 689 4197 784 4247; x_wconf 87' lang='grc' dir='ltr'>τοῦ</span> <span class='ocrx_word' id='word_1_560' title='bbox 831 4195 1086 4269; x_wconf 84' lang='grc' dir='ltr'>Χριστοῦ.</span> <span class='ocrx_word' id='word_1_561' title='bbox 1143 4197 1242 4251; x_wconf 81' lang='grc' dir='ltr'>Καὶ</span> <span class='ocrx_word' id='word_1_562' title='bbox 1297 4198 1396 4266; x_wconf 76' lang='grc' dir='ltr'>τήν</span> <span class='ocrx_word' id='word_1_563' title='bbox 1449 4198 1674 4270; x_wconf 80' lang='grc' dir='ltr'>ἑνότητα</span> <span class='ocrx_word' id='word_1_564' title='bbox 1723 4199 1780 4256; x_wconf 76' lang='grc' dir='ltr'>δὲ</span> <span class='ocrx_word' id='word_1_565' title='bbox 1815 4208 1913 4258; x_wconf 86' lang='grc' dir='ltr'>τοῦ</span> 
     </span>
    </p>
   </div>
   <div class='ocr_carea' id='block_1_76' title="bbox 258 4280 1911 4365">
    <p class='ocr_par' dir='ltr' id='par_1_76' title="bbox 258 4280 1911 4365">
     <span class='ocr_line' id='line_1_76' title="bbox 258 4280 1911 4365; baseline 0.008 -30"><span class='ocrx_word' id='word_1_566' title='bbox 258 4283 387 4337; x_wconf 72' lang='grc' dir='ltr'>Ποῦ</span> <span class='ocrx_word' id='word_1_567' title='bbox 433 4282 579 4356; x_wconf 78' lang='grc' dir='ltr'>πρὸς</span> <span class='ocrx_word' id='word_1_568' title='bbox 621 4281 712 4335; x_wconf 88' lang='grc' dir='ltr'>τὸν</span> <span class='ocrx_word' id='word_1_569' title='bbox 742 4283 950 4357; x_wconf 77' lang='grc' dir='ltr'>Πατέρα</span> <span class='ocrx_word' id='word_1_570' title='bbox 982 4280 1235 4338; x_wconf 86' lang='grc' dir='ltr'>δείκνυσι’</span> <span class='ocrx_word' id='word_1_571' title='bbox 1264 4285 1354 4340; x_wconf 80' lang='grc' dir='ltr'>καὶ</span> <span class='ocrx_word' id='word_1_572' title='bbox 1386 4285 1468 4341; x_wconf 78' lang='grc' dir='ltr'>ὅτι</span> <span class='ocrx_word' id='word_1_573' title='bbox 1501 4288 1528 4342; x_wconf 91' lang='lat'>6</span> <span class='ocrx_word' id='word_1_574' title='bbox 1580 4288 1911 4365; x_wconf 74' lang='grc' dir='ltr'>ἀρνούμενος</span> 
     </span>
    </p>
   </div>
   <div class='ocr_carea' id='block_1_77' title="bbox 253 4367 1907 4456">
    <p class='ocr_par' dir='ltr' id='par_1_77' title="bbox 253 4367 1907 4456">
     <span class='ocr_line' id='line_1_77' title="bbox 253 4367 1907 4456; baseline 0.008 -32"><span class='ocrx_word' id='word_1_575' title='bbox 253 4372 344 4424; x_wconf 81' lang='grc' dir='ltr'>τὸν</span> <span class='ocrx_word' id='word_1_576' title='bbox 396 4372 522 4424; x_wconf 69' lang='grc' dir='ltr'>Υἱὸν</span> <span class='ocrx_word' id='word_1_577' title='bbox 577 4367 703 4425; x_wconf 74' lang='grc' dir='ltr'>οὐδὲ</span> <span class='ocrx_word' id='word_1_578' title='bbox 748 4371 838 4425; x_wconf 82' lang='grc' dir='ltr'>τὸν</span> <span class='ocrx_word' id='word_1_579' title='bbox 893 4371 1103 4445; x_wconf 74' lang='grc' dir='ltr'>Πατέρα</span> <span class='ocrx_word' id='word_1_580' title='bbox 1151 4372 1308 4449; x_wconf 77' lang='grc' dir='ltr'>ἔχει.</span> <span class='ocrx_word' id='word_1_581' title='bbox 1343 4376 1612 4450; x_wconf 87' lang='grc' dir='ltr'>Διακρίνει</span> <span class='ocrx_word' id='word_1_582' title='bbox 1664 4377 1720 4434; x_wconf 76' lang='grc' dir='ltr'>δὲ</span> <span class='ocrx_word' id='word_1_583' title='bbox 1759 4380 1810 4436; x_wconf 73' lang='grc' dir='ltr'>ἰν</span> <span class='ocrx_word' id='word_1_584' title='bbox 1840 4386 1907 4456; x_wconf 82' lang='grc' dir='ltr'>τῇ</span> 
     </span>
    </p>
   </div>
   <div class='ocr_carea' id='block_1_78' title="bbox 253 4457 1905 4542">
    <p class='ocr_par' dir='ltr' id='par_1_78' title="bbox 253 4457 1905 4542">
     <span class='ocr_line' id='line_1_78' title="bbox 253 4457 1905 4542; baseline 0.005 -26"><span class='ocrx_word' id='word_1_585' title='bbox 253 4457 556 4531; x_wconf 80' lang='grc' dir='ltr'>Ἐπιστολῇ</span> <span class='ocrx_word' id='word_1_586' title='bbox 586 4458 780 4534; x_wconf 74' lang='grc' dir='ltr'>ταύτῃ,</span> <span class='ocrx_word' id='word_1_587' title='bbox 815 4459 989 4534; x_wconf 71' lang='grc' dir='ltr'>λέγων</span> <span class='ocrx_word' id='word_1_588' title='bbox 1013 4461 1103 4516; x_wconf 84' lang='grc' dir='ltr'>καὶ</span> <span class='ocrx_word' id='word_1_589' title='bbox 1132 4461 1195 4516; x_wconf 86' lang='grc' dir='ltr'>τὸ</span> <span class='ocrx_word' id='word_1_590' title='bbox 1217 4460 1354 4518; x_wconf 67' lang='grc' dir='ltr'>ἴδιον</span> <span class='ocrx_word' id='word_1_591' title='bbox 1384 4468 1482 4519; x_wconf 90' lang='grc' dir='ltr'>τοῦ</span> <span class='ocrx_word' id='word_1_592' title='bbox 1509 4468 1905 4542; x_wconf 74' lang='grc' dir='ltr'>Ἀντιχρίστουο</span> 
     </span>
    </p>
   </div>
   <div class='ocr_carea' id='block_1_79' title="bbox 2033 3326 3677 3401">
    <p class='ocr_par' dir='ltr' id='par_1_79' title="bbox 2033 3326 3677 3401">
     <span class='ocr_line' id='line_1_79' title="bbox 2033 3326 3677 3401; baseline 0.002 -17"><span class='ocrx_word' id='word_1_593' title='bbox 2033 3333 2098 3384; x_wconf 88' lang='lat' dir='ltr'>ut</span> <span class='ocrx_word' id='word_1_594' title='bbox 2119 3345 2224 3384; x_wconf 90' lang='lat' dir='ltr'>nos</span> <span class='ocrx_word' id='word_1_595' title='bbox 2247 3334 2452 3384; x_wconf 89' lang='lat' dir='ltr'>mutuo</span> <span class='ocrx_word' id='word_1_596' title='bbox 2468 3326 2816 3400; x_wconf 83' lang='lat' dir='ltr'>diligamus:</span> <span class='ocrx_word' id='word_1_597' title='bbox 2839 3337 3139 3401; x_wconf 85' lang='lat' dir='ltr'>preplerea</span> <span class='ocrx_word' id='word_1_598' title='bbox 3159 3330 3311 3400; x_wconf 92' lang='lat' dir='ltr'>quod</span> <span class='ocrx_word' id='word_1_599' title='bbox 3335 3335 3393 3385; x_wconf 92' lang='lat' dir='ltr'>et</span> <span class='ocrx_word' id='word_1_600' title='bbox 3409 3329 3677 3387; x_wconf 86' lang='lat' dir='ltr'>Christus</span> 
     </span>
    </p>
   </div>
   <div class='ocr_carea' id='block_1_80' title="bbox 2032 3417 3680 3490">
    <p class='ocr_par' dir='ltr' id='par_1_80' title="bbox 2032 3417 3680 3490">
     <span class='ocr_line' id='line_1_80' title="bbox 2032 3417 3680 3490; baseline 0.001 -17"><span class='ocrx_word' id='word_1_601' title='bbox 2032 3417 2234 3473; x_wconf 84' lang='lat' dir='ltr'>dilexit</span> <span class='ocrx_word' id='word_1_602' title='bbox 2262 3433 2388 3472; x_wconf 89' lang='lat' dir='ltr'>nos.</span> <span class='ocrx_word' id='word_1_603' title='bbox 2413 3417 2660 3472; x_wconf 90' lang='lat' dir='ltr'>Disserit</span> <span class='ocrx_word' id='word_1_604' title='bbox 2689 3417 2887 3490; x_wconf 88' lang='lat' dir='ltr'>itaque</span> <span class='ocrx_word' id='word_1_605' title='bbox 2907 3419 2978 3473; x_wconf 92' lang='lat' dir='ltr'>de</span> <span class='ocrx_word' id='word_1_606' title='bbox 3010 3418 3334 3474; x_wconf 75' lang='lat' dir='ltr'>differentia</span> <span class='ocrx_word' id='word_1_607' title='bbox 3361 3419 3594 3474; x_wconf 88' lang='lat' dir='ltr'>timoris</span> <span class='ocrx_word' id='word_1_608' title='bbox 3621 3423 3680 3475; x_wconf 89' lang='lat' dir='ltr'>et</span> 
     </span>
    </p>
   </div>
   <div class='ocr_carea' id='block_1_81' title="bbox 2033 3506 3676 3579">
    <p class='ocr_par' dir='ltr' id='par_1_81' title="bbox 2033 3506 3676 3579">
     <span class='ocr_line' id='line_1_81' title="bbox 2033 3506 3676 3579; baseline 0.001 -18"><span class='ocrx_word' id='word_1_609' title='bbox 2033 3507 2381 3574; x_wconf 87' lang='lat' dir='ltr'>dilectionis,</span> <span class='ocrx_word' id='word_1_610' title='bbox 2405 3506 2658 3562; x_wconf 81' lang='lat' dir='ltr'>filiorum</span> <span class='ocrx_word' id='word_1_611' title='bbox 2697 3507 2792 3562; x_wconf 87' lang='lat' dir='ltr'>Dei</span> <span class='ocrx_word' id='word_1_612' title='bbox 2822 3512 2879 3563; x_wconf 89' lang='lat' dir='ltr'>et</span> <span class='ocrx_word' id='word_1_613' title='bbox 2908 3507 3160 3562; x_wconf 83' lang='lat' dir='ltr'>ﬁliorum</span> <span class='ocrx_word' id='word_1_614' title='bbox 3188 3507 3425 3575; x_wconf 86' lang='lat' dir='ltr'>diaboli,</span> <span class='ocrx_word' id='word_1_615' title='bbox 3446 3511 3516 3562; x_wconf 92' lang='lat' dir='ltr'>de</span> <span class='ocrx_word' id='word_1_616' title='bbox 3542 3525 3676 3579; x_wconf 91' lang='lat' dir='ltr'>pec-</span> 
     </span>
    </p>
   </div>
   <div class='ocr_carea' id='block_1_82' title="bbox 2031 3595 3675 3668">
    <p class='ocr_par' dir='ltr' id='par_1_82' title="bbox 2031 3595 3675 3668">
     <span class='ocr_line' id='line_1_82' title="bbox 2031 3595 3675 3668; baseline -0.002 -16"><span class='ocrx_word' id='word_1_617' title='bbox 2031 3601 2160 3652; x_wconf 88' lang='lat' dir='ltr'>cato</span> <span class='ocrx_word' id='word_1_618' title='bbox 2192 3595 2445 3662; x_wconf 84' lang='lat' dir='ltr'>mortali,</span> <span class='ocrx_word' id='word_1_619' title='bbox 2477 3600 2534 3650; x_wconf 91' lang='lat' dir='ltr'>et</span> <span class='ocrx_word' id='word_1_620' title='bbox 2573 3612 2688 3650; x_wconf 91' lang='lat' dir='ltr'>non</span> <span class='ocrx_word' id='word_1_621' title='bbox 2737 3595 2988 3661; x_wconf 87' lang='lat' dir='ltr'>mortali,</span> <span class='ocrx_word' id='word_1_622' title='bbox 3023 3597 3093 3652; x_wconf 90' lang='lat' dir='ltr'>de</span> <span class='ocrx_word' id='word_1_623' title='bbox 3124 3596 3450 3652; x_wconf 70' lang='lat' dir='ltr'>differentia</span> <span class='ocrx_word' id='word_1_624' title='bbox 3498 3596 3675 3668; x_wconf 85' lang='lat' dir='ltr'>spiri-</span> 
     </span>
    </p>
   </div>
   <div class='ocr_carea' id='block_1_83' title="bbox 2029 3683 3673 3755">
    <p class='ocr_par' dir='ltr' id='par_1_83' title="bbox 2029 3683 3673 3755">
     <span class='ocr_line' id='line_1_83' title="bbox 2029 3683 3673 3755; baseline 0 -15"><span class='ocrx_word' id='word_1_625' title='bbox 2029 3689 2220 3740; x_wconf 90' lang='lat' dir='ltr'>tuum.</span> <span class='ocrx_word' id='word_1_626' title='bbox 2255 3684 2542 3739; x_wconf 90' lang='lat' dir='ltr'>Discernit</span> <span class='ocrx_word' id='word_1_627' title='bbox 2572 3685 2832 3750; x_wconf 88' lang='lat' dir='ltr'>demum,</span> <span class='ocrx_word' id='word_1_628' title='bbox 2862 3683 3132 3755; x_wconf 88' lang='lat' dir='ltr'>quisnam</span> <span class='ocrx_word' id='word_1_629' title='bbox 3165 3685 3408 3755; x_wconf 90' lang='lat' dir='ltr'>spiritus</span> <span class='ocrx_word' id='word_1_630' title='bbox 3437 3701 3506 3739; x_wconf 84' lang='lat' dir='ltr'>ex</span> <span class='ocrx_word' id='word_1_631' title='bbox 3541 3685 3673 3750; x_wconf 90' lang='lat' dir='ltr'>Deo,</span> 
     </span>
    </p>
   </div>
   <div class='ocr_carea' id='block_1_84' title="bbox 2029 3772 3676 3845">
    <p class='ocr_par' dir='ltr' id='par_1_84' title="bbox 2029 3772 3676 3845">
     <span class='ocr_line' id='line_1_84' title="bbox 2029 3772 3676 3845; baseline -0.001 -17"><span class='ocrx_word' id='word_1_632' title='bbox 2029 3773 2162 3845; x_wconf 89' lang='lat' dir='ltr'>quis</span> <span class='ocrx_word' id='word_1_633' title='bbox 2191 3789 2326 3828; x_wconf 91' lang='lat' dir='ltr'>vero</span> <span class='ocrx_word' id='word_1_634' title='bbox 2375 3772 2732 3828; x_wconf 88' lang='lat' dir='ltr'>seductionis</span> <span class='ocrx_word' id='word_1_635' title='bbox 2765 3773 2859 3838; x_wconf 92' lang='lat' dir='ltr'>sit,</span> <span class='ocrx_word' id='word_1_636' title='bbox 2885 3777 2941 3826; x_wconf 88' lang='lat' dir='ltr'>et</span> <span class='ocrx_word' id='word_1_637' title='bbox 2969 3774 3205 3843; x_wconf 90' lang='lat' dir='ltr'>quando</span> <span class='ocrx_word' id='word_1_638' title='bbox 3254 3789 3676 3845; x_wconf 82' lang='lat' dir='ltr'>cognoscamur</span> 
     </span>
    </p>
   </div>
   <div class='ocr_carea' id='block_1_85' title="bbox 2031 3861 3671 3935">
    <p class='ocr_par' dir='ltr' id='par_1_85' title="bbox 2031 3861 3671 3935">
     <span class='ocr_line' id='line_1_85' title="bbox 2031 3861 3671 3935; baseline 0.001 -18"><span class='ocrx_word' id='word_1_639' title='bbox 2031 3863 2132 3918; x_wconf 80' lang='lat' dir='ltr'>ﬁlii</span> <span class='ocrx_word' id='word_1_640' title='bbox 2167 3863 2535 3935; x_wconf 88' lang='lat' dir='ltr'>Dei,quando</span> <span class='ocrx_word' id='word_1_641' title='bbox 2566 3879 2698 3917; x_wconf 83' lang='lat' dir='ltr'>vero</span> <span class='ocrx_word' id='word_1_642' title='bbox 2729 3861 2964 3917; x_wconf 88' lang='lat' dir='ltr'>diaboli.</span> <span class='ocrx_word' id='word_1_643' title='bbox 2990 3862 3128 3916; x_wconf 88' lang='lat' dir='ltr'>Item</span> <span class='ocrx_word' id='word_1_644' title='bbox 3163 3879 3264 3933; x_wconf 92' lang='lat' dir='ltr'>pro</span> <span class='ocrx_word' id='word_1_645' title='bbox 3287 3879 3402 3934; x_wconf 83' lang='lat' dir='ltr'>quo</span> <span class='ocrx_word' id='word_1_646' title='bbox 3436 3867 3671 3934; x_wconf 88' lang='lat' dir='ltr'>peccato</span> 
     </span>
    </p>
   </div>
   <div class='ocr_carea' id='block_1_86' title="bbox 2027 3951 3668 4022">
    <p class='ocr_par' dir='ltr' id='par_1_86' title="bbox 2027 3951 3668 4022">
     <span class='ocr_line' id='line_1_86' title="bbox 2027 3951 3668 4022; baseline 0 -16"><span class='ocrx_word' id='word_1_647' title='bbox 2027 3968 2192 4006; x_wconf 88' lang='lat' dir='ltr'>orare</span> <span class='ocrx_word' id='word_1_648' title='bbox 2222 3952 2560 4006; x_wconf 89' lang='lat' dir='ltr'>debeamus.</span> <span class='ocrx_word' id='word_1_649' title='bbox 2593 3951 2661 4005; x_wconf 86' lang='lat' dir='ltr'>Et</span> <span class='ocrx_word' id='word_1_650' title='bbox 2708 3951 2862 4022; x_wconf 89' lang='lat' dir='ltr'>quod</span> <span class='ocrx_word' id='word_1_651' title='bbox 2917 3951 3215 4007; x_wconf 87' lang='lat' dir='ltr'>vocatione</span> <span class='ocrx_word' id='word_1_652' title='bbox 3260 3951 3538 4022; x_wconf 83' lang='lat' dir='ltr'>indignus</span> <span class='ocrx_word' id='word_1_653' title='bbox 3570 3952 3668 4020; x_wconf 91' lang='lat' dir='ltr'>sit,</span> 
     </span>
    </p>
   </div>
   <div class='ocr_carea' id='block_1_87' title="bbox 2026 4038 3670 4111">
    <p class='ocr_par' dir='ltr' id='par_1_87' title="bbox 2026 4038 3670 4111">
     <span class='ocr_line' id='line_1_87' title="bbox 2026 4038 3670 4111; baseline 0.001 -17"><span class='ocrx_word' id='word_1_654' title='bbox 2026 4055 2132 4094; x_wconf 92' lang='lat' dir='ltr'>nec</span> <span class='ocrx_word' id='word_1_655' title='bbox 2160 4038 2372 4094; x_wconf 87' lang='lat' dir='ltr'>Christi</span> <span class='ocrx_word' id='word_1_656' title='bbox 2403 4055 2532 4094; x_wconf 87' lang='lat' dir='ltr'>esse</span> <span class='ocrx_word' id='word_1_657' title='bbox 2561 4038 2675 4093; x_wconf 89' lang='lat' dir='ltr'>dici</span> <span class='ocrx_word' id='word_1_658' title='bbox 2708 4039 2911 4109; x_wconf 90' lang='lat' dir='ltr'>possit,</span> <span class='ocrx_word' id='word_1_659' title='bbox 2935 4041 3035 4110; x_wconf 89' lang='lat' dir='ltr'>qui</span> <span class='ocrx_word' id='word_1_660' title='bbox 3069 4041 3394 4111; x_wconf 84' lang='lat' dir='ltr'>proximum</span> <span class='ocrx_word' id='word_1_661' title='bbox 3430 4057 3545 4095; x_wconf 87' lang='lat' dir='ltr'>non</span> <span class='ocrx_word' id='word_1_662' title='bbox 3577 4041 3670 4095; x_wconf 87' lang='lat' dir='ltr'>di-</span> 
     </span>
    </p>
   </div>
   <div class='ocr_carea' id='block_1_88' title="bbox 2027 4127 3673 4198">
    <p class='ocr_par' dir='ltr' id='par_1_88' title="bbox 2027 4127 3673 4198">
     <span class='ocr_line' id='line_1_88' title="bbox 2027 4127 3673 4198; baseline 0.003 -18"><span class='ocrx_word' id='word_1_663' title='bbox 2027 4127 2174 4198; x_wconf 82' lang='lat' dir='ltr'>ligit.</span> <span class='ocrx_word' id='word_1_664' title='bbox 2212 4128 2494 4184; x_wconf 87' lang='lat' dir='ltr'>Unitatem</span> <span class='ocrx_word' id='word_1_665' title='bbox 2545 4127 2718 4182; x_wconf 87' lang='lat' dir='ltr'>etiam</span> <span class='ocrx_word' id='word_1_666' title='bbox 2771 4127 2896 4182; x_wconf 87' lang='lat' dir='ltr'>Filii</span> <span class='ocrx_word' id='word_1_667' title='bbox 2929 4144 3064 4183; x_wconf 86' lang='lat' dir='ltr'>cum</span> <span class='ocrx_word' id='word_1_668' title='bbox 3099 4129 3265 4184; x_wconf 87' lang='lat' dir='ltr'>Patre</span> <span class='ocrx_word' id='word_1_669' title='bbox 3309 4129 3584 4198; x_wconf 88' lang='lat' dir='ltr'>ostendit,</span> <span class='ocrx_word' id='word_1_670' title='bbox 3616 4133 3673 4186; x_wconf 90' lang='lat' dir='ltr'>et</span> 
     </span>
    </p>
   </div>
   <div class='ocr_carea' id='block_1_89' title="bbox 2024 4211 3669 4286">
    <p class='ocr_par' dir='ltr' id='par_1_89' title="bbox 2024 4211 3669 4286">
     <span class='ocr_line' id='line_1_89' title="bbox 2024 4211 3669 4286; baseline 0.002 -18"><span class='ocrx_word' id='word_1_671' title='bbox 2024 4213 2178 4284; x_wconf 90' lang='lat' dir='ltr'>quod</span> <span class='ocrx_word' id='word_1_672' title='bbox 2212 4212 2310 4284; x_wconf 86' lang='lat' dir='ltr'>qui</span> <span class='ocrx_word' id='word_1_673' title='bbox 2334 4211 2545 4268; x_wconf 87' lang='lat' dir='ltr'>Filium</span> <span class='ocrx_word' id='word_1_674' title='bbox 2580 4218 2772 4286; x_wconf 80' lang='lat' dir='ltr'>negat,</span> <span class='ocrx_word' id='word_1_675' title='bbox 2798 4230 2900 4268; x_wconf 91' lang='lat' dir='ltr'>nec</span> <span class='ocrx_word' id='word_1_676' title='bbox 2923 4215 3150 4270; x_wconf 87' lang='lat' dir='ltr'>Patrem</span> <span class='ocrx_word' id='word_1_677' title='bbox 3187 4215 3396 4271; x_wconf 83' lang='lat' dir='ltr'>habeat</span> <span class='ocrx_word' id='word_1_678' title='bbox 3448 4216 3669 4273; x_wconf 90' lang='lat' dir='ltr'>Discer-</span> 
     </span>
    </p>
   </div>
   <div class='ocr_carea' id='block_1_90' title="bbox 2024 4300 3666 4377">
    <p class='ocr_par' dir='ltr' id='par_1_90' title="bbox 2024 4300 3666 4377">
     <span class='ocr_line' id='line_1_90' title="bbox 2024 4300 3666 4377; baseline 0.002 -21"><span class='ocrx_word' id='word_1_679' title='bbox 2024 4301 2110 4356; x_wconf 87' lang='lat' dir='ltr'>nit</span> <span class='ocrx_word' id='word_1_680' title='bbox 2134 4317 2368 4373; x_wconf 89' lang='lat' dir='ltr'>quoque</span> <span class='ocrx_word' id='word_1_681' title='bbox 2397 4300 2454 4355; x_wconf 92' lang='lat' dir='ltr'>in</span> <span class='ocrx_word' id='word_1_682' title='bbox 2489 4302 2598 4358; x_wconf 88' lang='lat' dir='ltr'>hac</span> <span class='ocrx_word' id='word_1_683' title='bbox 2627 4302 2900 4374; x_wconf 81' lang='lat' dir='ltr'>Epistola,</span> <span class='ocrx_word' id='word_1_684' title='bbox 2931 4305 3226 4376; x_wconf 86' lang='lat' dir='ltr'>quodnam</span> <span class='ocrx_word' id='word_1_685' title='bbox 3259 4305 3338 4360; x_wconf 89' lang='lat' dir='ltr'>sit</span> <span class='ocrx_word' id='word_1_686' title='bbox 3369 4306 3666 4377; x_wconf 90' lang='lat' dir='ltr'>proprium</span> 
     </span>
    </p>
   </div>
   <div class='ocr_carea' id='block_1_91' title="bbox 2023 4389 3666 4464">
    <p class='ocr_par' dir='ltr' id='par_1_91' title="bbox 2023 4389 3666 4464">
     <span class='ocr_line' id='line_1_91' title="bbox 2023 4389 3666 4464; baseline 0.002 -17"><span class='ocrx_word' id='word_1_687' title='bbox 2023 4389 2381 4454; x_wconf 85' lang='lat' dir='ltr'>Antichristi,</span> <span class='ocrx_word' id='word_1_688' title='bbox 2417 4409 2624 4464; x_wconf 90' lang='lat' dir='ltr'>nempe</span> <span class='ocrx_word' id='word_1_689' title='bbox 2673 4392 2802 4458; x_wconf 90' lang='lat' dir='ltr'>hoc,</span> <span class='ocrx_word' id='word_1_690' title='bbox 2835 4392 2884 4448; x_wconf 88' lang='lat' dir='ltr'>si</span> <span class='ocrx_word' id='word_1_691' title='bbox 2916 4395 3070 4448; x_wconf 73' lang='grc'>146</span> <span class='ocrx_word' id='word_1_692' title='bbox 3115 4394 3272 4450; x_wconf 86' lang='lat' dir='ltr'>dicat</span> <span class='ocrx_word' id='word_1_693' title='bbox 3320 4395 3516 4449; x_wconf 69' lang='lat' dir='ltr'>Iesum</span> <span class='ocrx_word' id='word_1_694' title='bbox 3551 4411 3666 4450; x_wconf 90' lang='lat' dir='ltr'>non</span> 
     </span>
    </p>
   </div>
   <div class='ocr_carea' id='block_1_92' title="bbox 2019 4480 3664 4554">
    <p class='ocr_par' dir='ltr' id='par_1_92' title="bbox 2019 4480 3664 4554">
     <span class='ocr_line' id='line_1_92' title="bbox 2019 4480 3664 4554; baseline 0.001 -18"><span class='ocrx_word' id='word_1_695' title='bbox 2019 4497 2147 4536; x_wconf 89' lang='lat' dir='ltr'>esse</span> <span class='ocrx_word' id='word_1_696' title='bbox 2177 4480 2498 4550; x_wconf 89' lang='lat' dir='ltr'>Christum,</span> <span class='ocrx_word' id='word_1_697' title='bbox 2534 4482 2613 4536; x_wconf 90' lang='lat' dir='ltr'>ita</span> <span class='ocrx_word' id='word_1_698' title='bbox 2642 4486 2707 4536; x_wconf 91' lang='lat' dir='ltr'>ut</span> <span class='ocrx_word' id='word_1_699' title='bbox 2745 4483 2910 4553; x_wconf 86' lang='lat' dir='ltr'>quasi</span> <span class='ocrx_word' id='word_1_700' title='bbox 2961 4481 3060 4538; x_wconf 90' lang='lat' dir='ltr'>ille</span> <span class='ocrx_word' id='word_1_701' title='bbox 3109 4499 3224 4538; x_wconf 88' lang='lat' dir='ltr'>non</span> <span class='ocrx_word' id='word_1_702' title='bbox 3273 4483 3368 4552; x_wconf 87' lang='lat' dir='ltr'>sit,</span> <span class='ocrx_word' id='word_1_703' title='bbox 3402 4482 3664 4554; x_wconf 90' lang='lat' dir='ltr'>seipsum</span> 
     </span>
    </p>
   </div>
   <div class='ocr_carea' id='block_1_93' title="bbox 254 4547 1917 4656">
    <p class='ocr_par' dir='ltr' id='par_1_93' title="bbox 254 4547 1906 4656">
     <span class='ocr_line' id='line_1_93' title="bbox 254 4547 1906 4626; baseline 0.008 -25"><span class='ocrx_word' id='word_1_704' title='bbox 254 4547 387 4602; x_wconf 77' lang='grc' dir='ltr'>εἶναι</span> <span class='ocrx_word' id='word_1_705' title='bbox 418 4547 478 4603; x_wconf 70' lang='grc' dir='ltr'>δὲ</span> <span class='ocrx_word' id='word_1_706' title='bbox 525 4551 690 4603; x_wconf 85' lang='grc' dir='ltr'>τοῦτο</span> <span class='ocrx_word' id='word_1_707' title='bbox 729 4548 790 4602; x_wconf 86' lang='grc' dir='ltr'>τὸ</span> <span class='ocrx_word' id='word_1_708' title='bbox 838 4548 1012 4626; x_wconf 72' lang='grc' dir='ltr'>λέγειν</span> <span class='ocrx_word' id='word_1_709' title='bbox 1049 4551 1126 4622; x_wconf 73' lang='grc' dir='ltr'>μὴ</span> <span class='ocrx_word' id='word_1_710' title='bbox 1169 4553 1302 4608; x_wconf 78' lang='grc' dir='ltr'>εἶναι</span> <span class='ocrx_word' id='word_1_711' title='bbox 1350 4553 1440 4608; x_wconf 86' lang='grc' dir='ltr'>τὸν</span> <span class='ocrx_word' id='word_1_712' title='bbox 1491 4555 1699 4624; x_wconf 79' lang='grc' dir='ltr'>Ἰησοῦν</span> <span class='ocrx_word' id='word_1_713' title='bbox 1747 4557 1906 4614; x_wconf 82' lang='grc' dir='ltr'>αὐτὸν</span> 
     </span>
     <span class='ocr_line' id='line_1_94' title="bbox 291 4634 1833 4656; baseline 0.005 -3"><span class='ocrx_word' id='word_1_714' title='bbox 291 4637 304 4656; x_wconf 60' lang='grc' dir='ltr'>ε</span> <span class='ocrx_word' id='word_1_715' title='bbox 378 4639 418 4656; x_wconf 63' lang='grc' dir='ltr'>ιν</span> <span class='ocrx_word' id='word_1_716' title='bbox 566 4635 579 4653; x_wconf 87' lang='lat'><strong><em>\</em></strong></span> <span class='ocrx_word' id='word_1_717' title='bbox 664 4634 688 4656; x_wconf 70' lang='grc' dir='ltr'><em>η</em></span> <span class='ocrx_word' id='word_1_718' title='bbox 829 4637 842 4656; x_wconf 73' lang='grc' dir='ltr'>ι</span> <span class='ocrx_word' id='word_1_719' title='bbox 993 4639 1009 4656; x_wconf 87' lang='lat'><strong><em>\</em></strong></span> <span class='ocrx_word' id='word_1_720' title='bbox 1071 4635 1096 4656; x_wconf 75' lang='grc' dir='ltr'><strong><em>ν</em></strong></span> <span class='ocrx_word' id='word_1_721' title='bbox 1276 4641 1290 4656; x_wconf 64' lang='grc' dir='ltr'>ι</span> <span class='ocrx_word' id='word_1_722' title='bbox 1370 4640 1381 4656; x_wconf 76' lang='grc' dir='ltr'>ι</span> <span class='ocrx_word' id='word_1_723' title='bbox 1545 4645 1556 4656; x_wconf 80' lang='grc' dir='ltr'>ο</span> <span class='ocrx_word' id='word_1_724' title='bbox 1677 4646 1688 4656; x_wconf 75' lang='grc' dir='ltr'>ι</span> <span class='ocrx_word' id='word_1_725' title='bbox 1809 4644 1833 4656; x_wconf 71' lang='grc' dir='ltr'>οι</span> 
     </span>
    </p>
   </div>
   <div class='ocr_carea' id='block_1_94' title="bbox 2031 4547 3665 4656">
    <p class='ocr_par' dir='ltr' id='par_1_94' title="bbox 2031 4547 3665 4627">
     <span class='ocr_line' id='line_1_95' title="bbox 2031 4547 3665 4627; baseline 0.002 -3"><span class='ocrx_word' id='word_1_726' title='bbox 2031 4569 2266 4625; x_wconf 78' lang='lat' dir='ltr'>mendax</span> <span class='ocrx_word' id='word_1_727' title='bbox 2297 4568 2393 4624; x_wconf 91' lang='lat' dir='ltr'>ille</span> <span class='ocrx_word' id='word_1_728' title='bbox 2423 4547 2578 4624; x_wconf 81' lang='lat' dir='ltr'>dicat</span> <span class='ocrx_word' id='word_1_729' title='bbox 2625 4547 3112 4626; x_wconf 43' lang='lat' dir='ltr'>esse-Christum.</span> <span class='ocrx_word' id='word_1_730' title='bbox 3149 4547 3422 4626; x_wconf 85' lang='lat' dir='ltr'>Hortatur</span> <span class='ocrx_word' id='word_1_731' title='bbox 3469 4547 3665 4627; x_wconf 71' lang='lat' dir='ltr'>autem</span> 
     </span>
    </p>
   </div>
   <div class='ocr_carea' id='block_1_95' title="bbox 252 4634 1903 4722">
    <p class='ocr_par' dir='ltr' id='par_1_95' title="bbox 252 4634 1903 4722">
     <span class='ocr_line' id='line_1_96' title="bbox 252 4634 1903 4722; baseline 0.008 -33"><span class='ocrx_word' id='word_1_732' title='bbox 252 4637 344 4689; x_wconf 79' lang='grc' dir='ltr'>τὸν</span> <span class='ocrx_word' id='word_1_733' title='bbox 377 4635 636 4710; x_wconf 72' lang='grc' dir='ltr'>Χριστὸν,</span> <span class='ocrx_word' id='word_1_734' title='bbox 664 4634 773 4708; x_wconf 71' lang='grc' dir='ltr'>ἵνα,</span> <span class='ocrx_word' id='word_1_735' title='bbox 812 4637 887 4699; x_wconf 86' lang='grc' dir='ltr'>ὡς</span> <span class='ocrx_word' id='word_1_736' title='bbox 940 4639 1015 4710; x_wconf 78' lang='grc' dir='ltr'>μὴ</span> <span class='ocrx_word' id='word_1_737' title='bbox 1067 4635 1222 4702; x_wconf 74' lang='grc' dir='ltr'>ὄντος</span> <span class='ocrx_word' id='word_1_738' title='bbox 1272 4640 1496 4710; x_wconf 85' lang='grc' dir='ltr'>ἐκείνου,</span> <span class='ocrx_word' id='word_1_739' title='bbox 1543 4645 1726 4701; x_wconf 78' lang='grc' dir='ltr'>ἑαυτὸν</span> <span class='ocrx_word' id='word_1_740' title='bbox 1780 4644 1903 4722; x_wconf 81' lang='grc' dir='ltr'>εἷ’πῃ</span> 
     </span>
    </p>
   </div>
   <div class='ocr_carea' id='block_1_96' title="bbox 255 4724 1909 4806">
    <p class='ocr_par' dir='ltr' id='par_1_96' title="bbox 255 4724 1909 4806">
     <span class='ocr_line' id='line_1_97' title="bbox 255 4724 1909 4806; baseline 0.008 -27"><span class='ocrx_word' id='word_1_741' title='bbox 255 4724 382 4779; x_wconf 69' lang='grc' dir='ltr'>εἶναι</span> <span class='ocrx_word' id='word_1_742' title='bbox 415 4728 445 4782; x_wconf 84' lang='lat'>6</span> <span class='ocrx_word' id='word_1_743' title='bbox 475 4725 737 4798; x_wconf 74' lang='grc' dir='ltr'>ψεύστης.</span> <span class='ocrx_word' id='word_1_744' title='bbox 777 4732 1038 4802; x_wconf 85' lang='grc' dir='ltr'>Ιῐαραινεῖ</span> <span class='ocrx_word' id='word_1_745' title='bbox 1068 4725 1125 4783; x_wconf 68' lang='grc' dir='ltr'>δὲ</span> <span class='ocrx_word' id='word_1_746' title='bbox 1174 4728 1245 4783; x_wconf 82' lang='grc' dir='ltr'>δι’</span> <span class='ocrx_word' id='word_1_747' title='bbox 1275 4729 1412 4801; x_wconf 80' lang='grc' dir='ltr'>ὅλης</span> <span class='ocrx_word' id='word_1_748' title='bbox 1440 4731 1548 4802; x_wconf 80' lang='grc' dir='ltr'>τῆς</span> <span class='ocrx_word' id='word_1_749' title='bbox 1577 4734 1909 4806; x_wconf 78' lang='grc' dir='ltr'>Ἐπιστολῆς</span> 
     </span>
    </p>
   </div>
   <div class='ocr_carea' id='block_1_97' title="bbox 258 4816 1908 4896">
    <p class='ocr_par' dir='ltr' id='par_1_97' title="bbox 258 4816 1908 4896">
     <span class='ocr_line' id='line_1_98' title="bbox 258 4816 1908 4896; baseline 0.007 -28"><span class='ocrx_word' id='word_1_750' title='bbox 258 4835 336 4884; x_wconf 76' lang='grc' dir='ltr'>μη</span> <span class='ocrx_word' id='word_1_751' title='bbox 364 4816 593 4888; x_wconf 76' lang='grc' dir='ltr'>ἀθυμεῖν</span> <span class='ocrx_word' id='word_1_752' title='bbox 650 4817 778 4876; x_wconf 70' lang='grc' dir='ltr'>τοὺς</span> <span class='ocrx_word' id='word_1_753' title='bbox 825 4816 1174 4880; x_wconf 77' lang='grc' dir='ltr'>πιστεύοντας</span> <span class='ocrx_word' id='word_1_754' title='bbox 1216 4823 1295 4892; x_wconf 81' lang='grc' dir='ltr'>τῷ</span> <span class='ocrx_word' id='word_1_755' title='bbox 1345 4822 1543 4896; x_wconf 82' lang='grc' dir='ltr'>Κυρίῳ,</span> <span class='ocrx_word' id='word_1_756' title='bbox 1596 4823 1640 4877; x_wconf 81' lang='grc' dir='ltr'>εἰ</span> <span class='ocrx_word' id='word_1_757' title='bbox 1692 4829 1908 4896; x_wconf 88' lang='grc' dir='ltr'>μισοῦν-</span> 
     </span>
    </p>
   </div>
   <div class='ocr_carea' id='block_1_98' title="bbox 253 4903 1906 4986">
    <p class='ocr_par' dir='ltr' id='par_1_98' title="bbox 253 4903 1906 4986">
     <span class='ocr_line' id='line_1_99' title="bbox 253 4903 1906 4986; baseline 0.008 -30"><span class='ocrx_word' id='word_1_758' title='bbox 253 4924 342 4957; x_wconf 85' lang='grc' dir='ltr'>ται</span> <span class='ocrx_word' id='word_1_759' title='bbox 373 4905 422 4959; x_wconf 78' lang='grc' dir='ltr'>ὲν</span> <span class='ocrx_word' id='word_1_760' title='bbox 454 4909 540 4977; x_wconf 83' lang='grc' dir='ltr'>τῷ</span> <span class='ocrx_word' id='word_1_761' title='bbox 569 4905 788 4976; x_wconf 74' lang='grc' dir='ltr'>κόσμῳ,</span> <span class='ocrx_word' id='word_1_762' title='bbox 818 4903 964 4960; x_wconf 77' lang='grc' dir='ltr'>ἀλλὰ</span> <span class='ocrx_word' id='word_1_763' title='bbox 998 4904 1211 4979; x_wconf 78' lang='grc' dir='ltr'>μᾶλλον</span> <span class='ocrx_word' id='word_1_764' title='bbox 1243 4907 1478 4985; x_wconf 79' lang='grc' dir='ltr'>χαίρειν,</span> <span class='ocrx_word' id='word_1_765' title='bbox 1512 4909 1595 4966; x_wconf 76' lang='grc' dir='ltr'>ὅτι</span> <span class='ocrx_word' id='word_1_766' title='bbox 1640 4914 1702 4968; x_wconf 87' lang='grc' dir='ltr'>τὸ</span> <span class='ocrx_word' id='word_1_767' title='bbox 1749 4920 1906 4986; x_wconf 81' lang='grc' dir='ltr'>μῖσος</span> 
     </span>
    </p>
   </div>
   <div class='ocr_carea' id='block_1_99' title="bbox 255 4990 1908 5073">
    <p class='ocr_par' dir='ltr' id='par_1_99' title="bbox 255 4990 1908 5073">
     <span class='ocr_line' id='line_1_100' title="bbox 255 4990 1908 5073; baseline 0.009 -29"><span class='ocrx_word' id='word_1_768' title='bbox 255 4997 356 5046; x_wconf 67' lang='grc' dir='ltr'>τοῦ</span> <span class='ocrx_word' id='word_1_769' title='bbox 395 4995 615 5066; x_wconf 79' lang='grc' dir='ltr'>κόσμου</span> <span class='ocrx_word' id='word_1_770' title='bbox 667 4990 896 5049; x_wconf 81' lang='grc' dir='ltr'>δείκνυσι</span> <span class='ocrx_word' id='word_1_771' title='bbox 945 4995 1072 5058; x_wconf 84' lang='grc' dir='ltr'>τοὺς</span> <span class='ocrx_word' id='word_1_772' title='bbox 1119 4998 1500 5061; x_wconf 87' lang='grc' dir='ltr'>πιστεύσαντας</span> <span class='ocrx_word' id='word_1_773' title='bbox 1551 4997 1908 5073; x_wconf 83' lang='grc' dir='ltr'>μεταϐεϐηκὲ-</span> 
     </span>
    </p>
   </div>
   <div class='ocr_carea' id='block_1_100' title="bbox 255 5083 1906 5168">
    <p class='ocr_par' dir='ltr' id='par_1_100' title="bbox 255 5083 1906 5168">
     <span class='ocr_line' id='line_1_101' title="bbox 255 5083 1906 5168; baseline 0.008 -34"><span class='ocrx_word' id='word_1_774' title='bbox 255 5103 342 5134; x_wconf 86' lang='grc' dir='ltr'>ναι</span> <span class='ocrx_word' id='word_1_775' title='bbox 370 5083 458 5138; x_wconf 80' lang='grc' dir='ltr'>ἀπ’</span> <span class='ocrx_word' id='word_1_776' title='bbox 491 5083 659 5138; x_wconf 73' lang='grc' dir='ltr'>αὐτοῦ</span> <span class='ocrx_word' id='word_1_777' title='bbox 689 5083 899 5157; x_wconf 82' lang='grc' dir='ltr'>κόσμου</span> <span class='ocrx_word' id='word_1_778' title='bbox 932 5128 947 5155; x_wconf 86' lang='grc'>,</span> <span class='ocrx_word' id='word_1_779' title='bbox 991 5084 1081 5139; x_wconf 74' lang='grc' dir='ltr'>καὶ</span> <span class='ocrx_word' id='word_1_780' title='bbox 1131 5086 1264 5140; x_wconf 73' lang='grc' dir='ltr'>εἶναι</span> <span class='ocrx_word' id='word_1_781' title='bbox 1297 5086 1489 5143; x_wconf 85' lang='grc' dir='ltr'>λοιπὸν</span> <span class='ocrx_word' id='word_1_782' title='bbox 1517 5097 1616 5159; x_wconf 77' lang='grc' dir='ltr'>τῆς</span> <span class='ocrx_word' id='word_1_783' title='bbox 1658 5091 1906 5168; x_wconf 77' lang='grc' dir='ltr'>οὐρανίου</span> 
     </span>
    </p>
   </div>
   <div class='ocr_carea' id='block_1_101' title="bbox 255 5169 1902 5250">
    <p class='ocr_par' dir='ltr' id='par_1_101' title="bbox 255 5169 1902 5250">
     <span class='ocr_line' id='line_1_102' title="bbox 255 5169 1902 5250; baseline 0.009 -28"><span class='ocrx_word' id='word_1_784' title='bbox 255 5169 532 5233; x_wconf 75' lang='grc' dir='ltr'>πολιτείας</span> <span class='ocrx_word' id='word_1_785' title='bbox 571 5215 584 5227; x_wconf 94' lang='grc'>.</span> <span class='ocrx_word' id='word_1_786' title='bbox 622 5172 719 5226; x_wconf 82' lang='grc' dir='ltr'>Καὶ</span> <span class='ocrx_word' id='word_1_787' title='bbox 753 5171 801 5226; x_wconf 83' lang='grc' dir='ltr'>ἐν</span> <span class='ocrx_word' id='word_1_788' title='bbox 843 5177 922 5244; x_wconf 81' lang='grc' dir='ltr'>τῷ</span> <span class='ocrx_word' id='word_1_789' title='bbox 957 5173 1104 5230; x_wconf 68' lang='grc' dir='ltr'>τέλει</span> <span class='ocrx_word' id='word_1_790' title='bbox 1145 5173 1202 5230; x_wconf 73' lang='grc' dir='ltr'>δὲ</span> <span class='ocrx_word' id='word_1_791' title='bbox 1247 5179 1349 5245; x_wconf 79' lang='grc' dir='ltr'>τῆς</span> <span class='ocrx_word' id='word_1_792' title='bbox 1383 5178 1709 5250; x_wconf 82' lang='grc' dir='ltr'>Ἐπιστολῆς</span> <span class='ocrx_word' id='word_1_793' title='bbox 1738 5180 1902 5238; x_wconf 87' lang='grc' dir='ltr'>πάλιν</span> 
     </span>
    </p>
   </div>
   <div class='ocr_carea' id='block_1_102' title="bbox 261 5260 1908 5339">
    <p class='ocr_par' dir='ltr' id='par_1_102' title="bbox 261 5260 1908 5339">
     <span class='ocr_line' id='line_1_103' title="bbox 261 5260 1908 5339; baseline 0.009 -27"><span class='ocrx_word' id='word_1_794' title='bbox 261 5262 669 5333; x_wconf 66' lang='grc' dir='ltr'>ὑπομιμνήσκει</span> <span class='ocrx_word' id='word_1_795' title='bbox 704 5260 877 5337; x_wconf 72' lang='grc' dir='ltr'>λέγων</span> <span class='ocrx_word' id='word_1_796' title='bbox 914 5309 929 5335; x_wconf 91' lang='grc'>,</span> <span class='ocrx_word' id='word_1_797' title='bbox 961 5261 1043 5318; x_wconf 77' lang='grc' dir='ltr'>ὅτι</span> <span class='ocrx_word' id='word_1_798' title='bbox 1095 5263 1123 5318; x_wconf 81' lang='grc' dir='ltr'>ὀ</span> <span class='ocrx_word' id='word_1_799' title='bbox 1152 5269 1249 5319; x_wconf 84' lang='grc' dir='ltr'>τοῦ</span> <span class='ocrx_word' id='word_1_800' title='bbox 1279 5271 1412 5321; x_wconf 88' lang='grc' dir='ltr'>Θεοῦ</span> <span class='ocrx_word' id='word_1_801' title='bbox 1463 5267 1588 5330; x_wconf 75' lang='grc' dir='ltr'>Υἱὸς</span> <span class='ocrx_word' id='word_1_802' title='bbox 1639 5272 1751 5339; x_wconf 71' lang='grc' dir='ltr'>ζωὴ</span> <span class='ocrx_word' id='word_1_803' title='bbox 1779 5271 1908 5326; x_wconf 79' lang='grc' dir='ltr'>αἰώ-</span> 
     </span>
    </p>
   </div>
   <div class='ocr_carea' id='block_1_103' title="bbox 2022 4658 3668 4731">
    <p class='ocr_par' dir='ltr' id='par_1_103' title="bbox 2022 4658 3668 4731">
     <span class='ocr_line' id='line_1_104' title="bbox 2022 4658 3668 4731; baseline 0.002 -19"><span class='ocrx_word' id='word_1_804' title='bbox 2022 4674 2123 4729; x_wconf 91' lang='lat' dir='ltr'>per</span> <span class='ocrx_word' id='word_1_805' title='bbox 2154 4663 2334 4713; x_wconf 85' lang='lat' dir='ltr'>totam</span> <span class='ocrx_word' id='word_1_806' title='bbox 2389 4658 2705 4730; x_wconf 89' lang='lat' dir='ltr'>Epistolam</span> <span class='ocrx_word' id='word_1_807' title='bbox 2738 4677 2835 4715; x_wconf 89' lang='lat' dir='ltr'>eos</span> <span class='ocrx_word' id='word_1_808' title='bbox 2867 4660 2966 4731; x_wconf 86' lang='lat' dir='ltr'>qui</span> <span class='ocrx_word' id='word_1_809' title='bbox 3009 4661 3253 4716; x_wconf 85' lang='lat' dir='ltr'>Domino</span> <span class='ocrx_word' id='word_1_810' title='bbox 3302 4662 3568 4729; x_wconf 88' lang='lat' dir='ltr'>credunt,</span> <span class='ocrx_word' id='word_1_811' title='bbox 3602 4667 3668 4716; x_wconf 89' lang='lat' dir='ltr'>ut</span> 
     </span>
    </p>
   </div>
   <div class='ocr_carea' id='block_1_104' title="bbox 2019 4747 3668 4818">
    <p class='ocr_par' dir='ltr' id='par_1_104' title="bbox 2019 4747 3668 4818">
     <span class='ocr_line' id='line_1_105' title="bbox 2019 4747 3668 4818; baseline 0.002 -18"><span class='ocrx_word' id='word_1_812' title='bbox 2019 4762 2092 4800; x_wconf 92' lang='lat' dir='ltr'>ne</span> <span class='ocrx_word' id='word_1_813' title='bbox 2122 4747 2320 4802; x_wconf 88' lang='lat' dir='ltr'>animo</span> <span class='ocrx_word' id='word_1_814' title='bbox 2369 4747 2488 4802; x_wconf 90' lang='lat' dir='ltr'>sint</span> <span class='ocrx_word' id='word_1_815' title='bbox 2537 4747 2784 4818; x_wconf 87' lang='lat' dir='ltr'>abjecto,</span> <span class='ocrx_word' id='word_1_816' title='bbox 2819 4749 2864 4801; x_wconf 90' lang='lat' dir='ltr'>si</span> <span class='ocrx_word' id='word_1_817' title='bbox 2898 4749 3030 4803; x_wconf 90' lang='lat' dir='ltr'>odio</span> <span class='ocrx_word' id='word_1_818' title='bbox 3069 4749 3397 4804; x_wconf 83' lang='lat' dir='ltr'>habeantur</span> <span class='ocrx_word' id='word_1_819' title='bbox 3449 4749 3508 4804; x_wconf 91' lang='lat' dir='ltr'>in</span> <span class='ocrx_word' id='word_1_820' title='bbox 3560 4750 3668 4805; x_wconf 89' lang='lat' dir='ltr'>hoc</span> 
     </span>
    </p>
   </div>
   <div class='ocr_carea' id='block_1_105' title="bbox 2020 4835 3666 4909">
    <p class='ocr_par' dir='ltr' id='par_1_105' title="bbox 2020 4835 3666 4909">
     <span class='ocr_line' id='line_1_106' title="bbox 2020 4835 3666 4909; baseline 0.003 -21"><span class='ocrx_word' id='word_1_821' title='bbox 2020 4835 2272 4903; x_wconf 90' lang='lat' dir='ltr'>mundo;</span> <span class='ocrx_word' id='word_1_822' title='bbox 2311 4836 2410 4890; x_wconf 90' lang='lat' dir='ltr'>sed</span> <span class='ocrx_word' id='word_1_823' title='bbox 2445 4837 2632 4906; x_wconf 85' lang='lat' dir='ltr'>magis</span> <span class='ocrx_word' id='word_1_824' title='bbox 2676 4837 2990 4908; x_wconf 81' lang='lat' dir='ltr'>gaudeant,</span> <span class='ocrx_word' id='word_1_825' title='bbox 3023 4838 3175 4909; x_wconf 91' lang='lat' dir='ltr'>quod</span> <span class='ocrx_word' id='word_1_826' title='bbox 3228 4839 3426 4892; x_wconf 80' lang='lat' dir='ltr'>odium</span> <span class='ocrx_word' id='word_1_827' title='bbox 3463 4838 3666 4893; x_wconf 89' lang='lat' dir='ltr'>mundi</span> 
     </span>
    </p>
   </div>
   <div class='ocr_carea' id='block_1_106' title="bbox 2019 4922 3665 4997">
    <p class='ocr_par' dir='ltr' id='par_1_106' title="bbox 2019 4922 3665 4997">
     <span class='ocr_line' id='line_1_107' title="bbox 2019 4922 3665 4997; baseline 0.004 -20"><span class='ocrx_word' id='word_1_828' title='bbox 2019 4922 2198 4994; x_wconf 89' lang='lat' dir='ltr'>hujus</span> <span class='ocrx_word' id='word_1_829' title='bbox 2230 4923 2481 4979; x_wconf 84' lang='lat' dir='ltr'>declaret</span> <span class='ocrx_word' id='word_1_830' title='bbox 2521 4925 2824 4981; x_wconf 89' lang='lat' dir='ltr'>credentes</span> <span class='ocrx_word' id='word_1_831' title='bbox 2869 4925 3154 4996; x_wconf 86' lang='lat' dir='ltr'>migrasse</span> <span class='ocrx_word' id='word_1_832' title='bbox 3185 4944 3252 4981; x_wconf 86' lang='lat' dir='ltr'>ex</span> <span class='ocrx_word' id='word_1_833' title='bbox 3282 4926 3390 4982; x_wconf 90' lang='lat' dir='ltr'>hoc</span> <span class='ocrx_word' id='word_1_834' title='bbox 3423 4928 3665 4997; x_wconf 82' lang='lat' dir='ltr'>mundo;</span> 
     </span>
    </p>
   </div>
   <div class='ocr_carea' id='block_1_107' title="bbox 2017 5012 3664 5088">
    <p class='ocr_par' dir='ltr' id='par_1_107' title="bbox 2017 5012 3664 5088">
     <span class='ocr_line' id='line_1_108' title="bbox 2017 5012 3664 5088; baseline 0.003 -22"><span class='ocrx_word' id='word_1_835' title='bbox 2017 5015 2074 5066; x_wconf 90' lang='lat' dir='ltr'>et</span> <span class='ocrx_word' id='word_1_836' title='bbox 2105 5013 2346 5084; x_wconf 86' lang='lat' dir='ltr'>posthac</span> <span class='ocrx_word' id='word_1_837' title='bbox 2377 5013 2704 5068; x_wconf 89' lang='lat' dir='ltr'>conversari</span> <span class='ocrx_word' id='word_1_838' title='bbox 2739 5013 2794 5067; x_wconf 92' lang='lat' dir='ltr'>in</span> <span class='ocrx_word' id='word_1_839' title='bbox 2829 5012 3008 5069; x_wconf 79' lang='lat' dir='ltr'>cmlis.</span> <span class='ocrx_word' id='word_1_840' title='bbox 3036 5015 3101 5068; x_wconf 92' lang='lat' dir='ltr'>Et</span> <span class='ocrx_word' id='word_1_841' title='bbox 3131 5015 3185 5069; x_wconf 91' lang='lat' dir='ltr'>in</span> <span class='ocrx_word' id='word_1_842' title='bbox 3221 5015 3374 5070; x_wconf 86' lang='lat' dir='ltr'>calce</span> <span class='ocrx_word' id='word_1_843' title='bbox 3399 5016 3664 5088; x_wconf 64' lang='lat' dir='ltr'>Epistolas</span> 
     </span>
    </p>
   </div>
   <div class='ocr_carea' id='block_1_108' title="bbox 2016 5100 3664 5162">
    <p class='ocr_par' dir='ltr' id='par_1_108' title="bbox 2016 5100 3664 5162">
     <span class='ocr_line' id='line_1_109' title="bbox 2016 5100 3664 5162; baseline 0.004 -8"><span class='ocrx_word' id='word_1_844' title='bbox 2016 5103 2226 5156; x_wconf 89' lang='lat' dir='ltr'>iterum</span> <span class='ocrx_word' id='word_1_845' title='bbox 2278 5101 2552 5156; x_wconf 85' lang='lat' dir='ltr'>admonet</span> <span class='ocrx_word' id='word_1_846' title='bbox 2601 5100 2809 5156; x_wconf 88' lang='lat' dir='ltr'>Filium</span> <span class='ocrx_word' id='word_1_847' title='bbox 2853 5102 2948 5158; x_wconf 89' lang='lat' dir='ltr'>Dei</span> <span class='ocrx_word' id='word_1_848' title='bbox 2981 5119 3108 5159; x_wconf 89' lang='lat' dir='ltr'>esse</span> <span class='ocrx_word' id='word_1_849' title='bbox 3157 5105 3334 5159; x_wconf 90' lang='lat' dir='ltr'>vitam</span> <span class='ocrx_word' id='word_1_850' title='bbox 3385 5109 3664 5162; x_wconf 63' lang='lat' dir='ltr'>asternam</span> 
     </span>
    </p>
   </div>
   <div class='ocr_carea' id='block_1_109' title="bbox 2018 5190 3667 5266">
    <p class='ocr_par' dir='ltr' id='par_1_109' title="bbox 2018 5190 3667 5266">
     <span class='ocr_line' id='line_1_110' title="bbox 2018 5190 3667 5266; baseline 0.005 -22"><span class='ocrx_word' id='word_1_851' title='bbox 2018 5206 2085 5245; x_wconf 89' lang='lat' dir='ltr'>ac</span> <span class='ocrx_word' id='word_1_852' title='bbox 2115 5206 2312 5244; x_wconf 89' lang='lat' dir='ltr'>verum</span> <span class='ocrx_word' id='word_1_853' title='bbox 2347 5194 2548 5257; x_wconf 91' lang='lat' dir='ltr'>Deum,</span> <span class='ocrx_word' id='word_1_854' title='bbox 2577 5196 2634 5244; x_wconf 89' lang='lat' dir='ltr'>et</span> <span class='ocrx_word' id='word_1_855' title='bbox 2667 5194 2733 5246; x_wconf 88' lang='lat' dir='ltr'>ut</span> <span class='ocrx_word' id='word_1_856' title='bbox 2760 5190 2844 5246; x_wconf 92' lang='lat' dir='ltr'>illi</span> <span class='ocrx_word' id='word_1_857' title='bbox 2876 5192 3218 5260; x_wconf 88' lang='lat' dir='ltr'>serviamus,</span> <span class='ocrx_word' id='word_1_858' title='bbox 3253 5210 3474 5266; x_wconf 89' lang='lat' dir='ltr'>nosque</span> <span class='ocrx_word' id='word_1_859' title='bbox 3506 5195 3667 5266; x_wconf 89' lang='lat' dir='ltr'>ipsos</span> 
     </span>
    </p>
   </div>
   <div class='ocr_carea' id='block_1_110' title="bbox 2019 5278 2748 5336">
    <p class='ocr_par' dir='ltr' id='par_1_110' title="bbox 2019 5278 2748 5336">
     <span class='ocr_line' id='line_1_111' title="bbox 2019 5278 2748 5336; baseline 0.005 -4"><span class='ocrx_word' id='word_1_860' title='bbox 2019 5278 2090 5333; x_wconf 90' lang='lat' dir='ltr'>ab</span> <span class='ocrx_word' id='word_1_861' title='bbox 2122 5278 2293 5334; x_wconf 89' lang='lat' dir='ltr'>idolis</span> <span class='ocrx_word' id='word_1_862' title='bbox 2325 5279 2748 5336; x_wconf 89' lang='lat' dir='ltr'>custodiamus.</span> 
     </span>
    </p>
   </div>
   <div class='ocr_carea' id='block_1_111' title="bbox 258 5348 3304 5444">
    <p class='ocr_par' dir='ltr' id='par_1_111' title="bbox 258 5348 3304 5444">
     <span class='ocr_line' id='line_1_112' title="bbox 258 5348 3304 5444; baseline 0.008 -44"><span class='ocrx_word' id='word_1_863' title='bbox 258 5349 373 5410; x_wconf 76' lang='grc' dir='ltr'>νιός</span> <span class='ocrx_word' id='word_1_864' title='bbox 404 5349 530 5422; x_wconf 77' lang='grc' dir='ltr'>ἐστι,</span> <span class='ocrx_word' id='word_1_865' title='bbox 563 5349 653 5404; x_wconf 84' lang='grc' dir='ltr'>καὶ</span> <span class='ocrx_word' id='word_1_866' title='bbox 686 5351 814 5412; x_wconf 79' lang='grc' dir='ltr'>Θεὸς</span> <span class='ocrx_word' id='word_1_867' title='bbox 846 5348 1130 5424; x_wconf 82' lang='grc' dir='ltr'>ἀληθινὸς,</span> <span class='ocrx_word' id='word_1_868' title='bbox 1163 5354 1251 5408; x_wconf 79' lang='grc' dir='ltr'>καὶ</span> <span class='ocrx_word' id='word_1_869' title='bbox 1278 5352 1370 5410; x_wconf 68' lang='grc' dir='ltr'>’ἵνα</span> <span class='ocrx_word' id='word_1_870' title='bbox 1398 5356 1577 5431; x_wconf 87' lang='grc' dir='ltr'>τούτῳ</span> <span class='ocrx_word' id='word_1_871' title='bbox 1609 5355 1978 5436; x_wconf 85' lang='grc' dir='ltr'>δουλεύωμεν,</span> <span class='ocrx_word' id='word_1_872' title='bbox 2002 5366 2091 5420; x_wconf 85' lang='grc' dir='ltr'><strong>καί</strong></span> <span class='ocrx_word' id='word_1_873' title='bbox 2123 5365 2479 5444; x_wconf 77' lang='grc' dir='ltr'>φυλάττωμεν</span> <span class='ocrx_word' id='word_1_874' title='bbox 2515 5365 2732 5430; x_wconf 73' lang='grc' dir='ltr'>ἑαυτοὺς</span> <span class='ocrx_word' id='word_1_875' title='bbox 2761 5367 2868 5424; x_wconf 82' lang='grc' dir='ltr'>ἀπὸ</span> <span class='ocrx_word' id='word_1_876' title='bbox 2895 5373 3003 5424; x_wconf 83' lang='grc' dir='ltr'>τῶν</span> <span class='ocrx_word' id='word_1_877' title='bbox 3037 5367 3304 5425; x_wconf 76' lang='grc' dir='ltr'>εἰδώλων.</span> 
     </span>
    </p>
   </div>
   <div class='ocr_carea' id='block_1_112' title="bbox 555 5517 1604 5591">
    <p class='ocr_par' dir='ltr' id='par_1_112' title="bbox 555 5517 1604 5591">
     <span class='ocr_line' id='line_1_113' title="bbox 555 5517 1604 5591; baseline 0.007 -20"><span class='ocrx_word' id='word_1_878' title='bbox 555 5517 810 5590; x_wconf 72' lang='grc' dir='ltr'>Πεμπτη,</span> <span class='ocrx_word' id='word_1_879' title='bbox 843 5517 1008 5574; x_wconf 84' lang='grc' dir='ltr'>πάλιν</span> <span class='ocrx_word' id='word_1_880' title='bbox 1035 5518 1126 5574; x_wconf 76' lang='grc' dir='ltr'>καὶ</span> <span class='ocrx_word' id='word_1_881' title='bbox 1159 5519 1292 5591; x_wconf 72' lang='grc' dir='ltr'>αὕτη</span> <span class='ocrx_word' id='word_1_882' title='bbox 1333 5522 1604 5578; x_wconf 88' lang='grc' dir='ltr'>Ἰωάννου.</span> 
     </span>
    </p>
   </div>
   <div class='ocr_carea' id='block_1_113' title="bbox 333 5640 1905 5740">
    <p class='ocr_par' dir='ltr' id='par_1_113' title="bbox 333 5640 1905 5740">
     <span class='ocr_line' id='line_1_114' title="bbox 333 5640 1905 5740; baseline 0.008 -41"><span class='ocrx_word' id='word_1_883' title='bbox 333 5645 426 5699; x_wconf 84' lang='grc'>56.</span> <span class='ocrx_word' id='word_1_884' title='bbox 455 5643 665 5714; x_wconf 81' lang='grc' dir='ltr'>Ταύτην</span> <span class='ocrx_word' id='word_1_885' title='bbox 705 5644 781 5708; x_wconf 80' lang='grc' dir='ltr'>ὡς</span> <span class='ocrx_word' id='word_1_886' title='bbox 829 5640 1192 5724; x_wconf 82' lang='grc' dir='ltr'>πρεσϐύτερος</span> <span class='ocrx_word' id='word_1_887' title='bbox 1234 5649 1430 5727; x_wconf 78' lang='grc' dir='ltr'>γράφει</span> <span class='ocrx_word' id='word_1_888' title='bbox 1467 5649 1628 5726; x_wconf 78' lang='grc' dir='ltr'>κυρίᾳ</span> <span class='ocrx_word' id='word_1_889' title='bbox 1671 5653 1905 5740; x_wconf 76' lang='grc' dir='ltr'>καὶτοῖς</span> 
     </span>
    </p>
   </div>
   <div class='ocr_carea' id='block_1_114' title="bbox 2466 5541 3198 5611">
    <p class='ocr_par' dir='ltr' id='par_1_114' title="bbox 2466 5541 3198 5611">
     <span class='ocr_line' id='line_1_115' title="bbox 2466 5541 3198 5611; baseline 0.005 -19"><span class='ocrx_word' id='word_1_890' title='bbox 2466 5541 2697 5608; x_wconf 81' lang='lat' dir='ltr'>Quinta,</span> <span class='ocrx_word' id='word_1_891' title='bbox 2729 5544 2778 5594; x_wconf 85' lang='lat' dir='ltr'>et</span> <span class='ocrx_word' id='word_1_892' title='bbox 2807 5541 2928 5611; x_wconf 77' lang='lat' dir='ltr'>ipsa</span> <span class='ocrx_word' id='word_1_893' title='bbox 2953 5542 3198 5597; x_wconf 74' lang='lat' dir='ltr'>Joannis.</span> 
     </span>
    </p>
   </div>
   <div class='ocr_carea' id='block_1_115' title="bbox 2083 5657 3660 5732">
    <p class='ocr_par' dir='ltr' id='par_1_115' title="bbox 2083 5657 3660 5732">
     <span class='ocr_line' id='line_1_116' title="bbox 2083 5657 3660 5732; baseline -0.002 -17"><span class='ocrx_word' id='word_1_894' title='bbox 2083 5661 2172 5716; x_wconf 86' lang='lat'>56.</span> <span class='ocrx_word' id='word_1_895' title='bbox 2211 5662 2368 5718; x_wconf 83' lang='lat' dir='ltr'>Hanc</span> <span class='ocrx_word' id='word_1_896' title='bbox 2398 5661 2566 5732; x_wconf 88' lang='lat' dir='ltr'>quasi</span> <span class='ocrx_word' id='word_1_897' title='bbox 2607 5662 2802 5720; x_wconf 88' lang='lat' dir='ltr'>senior</span> <span class='ocrx_word' id='word_1_898' title='bbox 2833 5662 3081 5720; x_wconf 81' lang='lat' dir='ltr'>dominae</span> <span class='ocrx_word' id='word_1_899' title='bbox 3113 5662 3320 5722; x_wconf 89' lang='lat' dir='ltr'>scribit</span> <span class='ocrx_word' id='word_1_900' title='bbox 3361 5665 3418 5718; x_wconf 88' lang='lat' dir='ltr'>et</span> <span class='ocrx_word' id='word_1_901' title='bbox 3457 5657 3660 5713; x_wconf 87' lang='lat' dir='ltr'>liberis</span> 
     </span>
    </p>
   </div>
  </div>
