4086 6222
372 340 484 398 411
1573 336 1637 396 S.
1683 332 2206 396 ATHANASIUS.
2240 360 2318 379 —
2346 331 2611 393 DUBIA.
3661 332 3734 392 ﬂ
3758 332 3800 391 2

373 474 525 543 ejus.
556 472 657 528 Est
689 476 883 527 autem
935 475 1351 544 argumentum
1399 469 1669 544 Epistolas
1701 469 1816 526 tale
1842 485 1855 523 :
1880 467 2028 523 Cum

2160 465 2350 527 τέκνοις
2379 464 2567 535 αὐτῆς.
2602 466 2665 523 Ἠ
2712 463 2769 520 δὲ
2796 465 3064 543 πρόφασις
3110 470 3209 534 τῆς
3243 461 3573 532 Ἐπιστολῆς
3631 463 3802 535 αὕτη⁹

374 562 594 617 videret
626 560 843 616 liberos
875 561 1051 632 hujus
1082 564 1235 617 recte
1268 560 1324 615 in
1360 561 1470 617 fide
1500 558 1852 625 conversari,
1880 557 2031 613 mul-

2161 556 2318 626 Ορῶν
2350 554 2416 608 τά
2463 555 2623 609 τέκνα
2673 554 2873 624 ταύτης
2922 551 3108 615 καλῶς
3141 552 3581 631 ἀναστρεφόμενα
3626 552 3677 606 ἐν
3720 556 3792 626 τῇ

376 656 464 706 tos
497 654 693 704 autem
736 651 1071 705 seductores
1115 650 1449 717 circumire,
1483 650 1582 720 qui
1633 650 1896 704 dicerent
1926 647 2036 701 ad-

2160 643 2341 712 πίστει,
2373 641 2464 697 καὶ
2490 640 2738 705 πολλοὺς
2766 642 3007 704 πλάνους
3058 640 3539 717 περιερχομένους,
3566 641 3655 696 καὶ
3704 640 3799 697 λέ-

376 744 616 794 ventum
643 738 858 794 Christi
888 739 944 793 in
967 755 1141 793 carne
1164 755 1279 795 non
1302 755 1430 794 esse
1454 740 1694 805 factum,
1715 734 2036 809 Epistolam

2160 752 2339 808 γοντας
2393 732 2467 803 μὴ
2521 730 2655 786 εἶναι
2697 731 2796 799 τὴν
2840 730 3133 804 παρουσίαν
3166 734 3264 785 τοῦ
3298 733 3536 804 Χριστοῦ
3572 728 3622 784 έν
3670 750 3801 804 σαρ-

377 828 527 883 hanc
577 828 800 883 scribit.
833 829 903 883 Et
951 826 1240 900 principio
1282 827 1519 899 quidem
1572 828 1775 882 laudat
1823 826 2037 880 liberos

2160 820 2223 887 tl,
2274 821 2469 898 γράφει
2514 821 2613 889 τὴν
2665 818 3017 890 Ἐπιστολήν.
3050 819 3149 874 Καὶ
3188 823 3403 895 πρῶτον
3461 818 3554 891 μὶν
3602 815 3805 872 ἀποδέ-

378 918 526 989 ejus,
575 918 731 987 quod
782 916 929 971 bene
978 917 1379 986 procederent.
1417 917 1633 972 Deinde
1686 917 1853 970 docet
1906 914 2038 967 ﬁdei

380 1011 589 1061 nostrae
621 1005 965 1077 mysterium
1010 1022 1123 1060 non
1169 1021 1298 1060 esse
1352 1022 1575 1061 recens.
1606 1006 1883 1060 Hortatur
1930 1003 2037 1057 ite-

380 1112 510 1149 rum
567 1095 636 1149 ad
687 1093 1081 1163 dilectionem,
1120 1099 1176 1149 et
1225 1099 1288 1149 ut
1340 1100 1617 1150 maneant
1663 1094 1723 1149 in
1777 1092 2042 1147 doctrina

380 1183 687 1255 quaeipsis
738 1188 863 1238 erat
913 1184 1150 1238 tradita.
1185 1183 1468 1254 Deinceps
1518 1184 1684 1238 docet
1733 1199 1856 1247 eos,
1888 1182 2040 1236 anti-

381 1271 667 1327 christum
699 1288 849 1338 esse,
878 1270 977 1342 qui
1008 1271 1309 1326 Christum
1355 1271 1414 1325 in
1460 1287 1633 1326 carne
1667 1286 1780 1326 non
1812 1269 2043 1325 venisse

382 1361 555 1415 dicat.
597 1359 918 1415 Denuntiat
969 1364 1165 1414 autem
1220 1359 1359 1427 illis,
1416 1376 1486 1414 ne
1535 1376 1655 1427 eos,
1708 1359 1809 1431 qui
1863 1358 2044 1428 huju-

381 1450 569 1505 smodi
604 1448 849 1518 sunt,in
904 1449 1144 1503 domum
1188 1465 1356 1503 suam
1410 1449 1725 1520 quisquam
1781 1446 2042 1518 recipiat,

381 1555 569 1611 neque
600 1537 850 1593 salutem
884 1536 1001 1593 illis
1051 1538 1235 1603 dicat,
1266 1547 1443 1609 atque
1491 1538 1573 1593 ita
1603 1537 1881 1593 terminat
1909 1535 2046 1608 Epi-

384 1626 623 1683 stolam.

867 1715 1038 1771 δείδια
1068 1718 1121 1770 et
1149 1716 1274 1787 ipsa
1303 1717 1567 1772 Joannis.

448 1806 539 1861 57.
564 1809 695 1860 Haec
725 1821 961 1877 quoque
996 1804 1242 1860 Joannis
1275 1808 1381 1875 est,
1408 1809 1473 1859 ut
1506 1810 1561 1860 et
1594 1804 1901 1875 inscriptio
1933 1804 2041 1859 ha-

380 1896 497 1950 bet.
524 1894 698 1949 Missa
729 1899 816 1949 est
845 1900 1042 1949 autem
1076 1894 1146 1948 ad
1172 1893 1403 1949 Gaium.
1428 1894 1495 1947 Et
1518 1894 1776 1965 primum
1800 1893 2040 1965 quidem

378 1984 731 2040 laudateum
755 1987 991 2055 propter
1011 1983 1412 2039 testimonium
1435 1982 2040 2054 hospitalitatis,quod

381 2073 635 2128 habebat
655 2073 726 2128 ab
750 2071 1045 2139 omnibus,
1067 2071 1453 2142 hortaturque
1476 2088 1632 2141 eum,
1656 2075 1721 2125 ut
1750 2071 1809 2125 in
1834 2088 2042 2143 propo-

380 2160 493 2217 sito
525 2162 818 2232 persistat,
851 2177 917 2215 ac
968 2161 1179 2215 fratres
1212 2160 1466 2215 deducat
1498 2176 1564 2215 ac
1596 2160 1856 2232 recipiat.
1893 2161 2044 2216 Rur-

384 2267 517 2306 sum
550 2248 754 2304 laudat
782 2250 912 2320 ejus
965 2248 1351 2320 propositum.
1385 2252 1638 2304 Accusat
1684 2253 1881 2304 autem
1909 2249 2042 2305 Dio-

384 2339 654 2411 trephen,
685 2339 838 2410 quod
874 2339 924 2394 is
958 2355 1072 2394 non
1106 2337 1297 2393 solum
1331 2338 1476 2392 nihil
1512 2338 1794 2409 prmberet
1824 2354 2046 2411 paupe-

387 2427 571 2497 ribus,
604 2428 704 2482 sed
738 2426 913 2482 etiam
967 2426 1113 2483 alios
1166 2426 1515 2496 prohiberet,
1551 2443 1617 2481 ac
1646 2426 1834 2482 multa
1862 2444 2045 2500 nuga-

388 2519 569 2571 retur.
604 2513 775 2570 Tales
820 2519 1013 2570 autem
1066 2515 1290 2570 alienos
1341 2532 1470 2571 esse
1516 2514 1659 2570 dicit
1705 2533 1740 2570 a
1784 2516 2043 2585 veritate,

390 2619 579 2674 neque
602 2618 950 2675 cognoscere
976 2603 1181 2659 Deum.
1210 2603 1565 2659 Demetrium
1587 2621 1720 2660 vero
1747 2621 2045 2661 commen-

386 2692 507 2761 dat,
541 2692 831 2763 optimum
862 2691 948 2746 illi
981 2692 1388 2749 testimonium
1424 2694 1798 2765 impendens.

984 2817 1249 2888 Septima,
1282 2817 1456 2874 Judaz.

460 2905 549 2960 58.
584 2904 762 2971 Hanc,
798 2905 1297 2976 quemadmodum
1343 2907 1455 2961 fert
1500 2906 1827 2979 inscriptio,
1860 2907 2045 2963 Judas

396 2994 714 3063 Epistolam
746 2994 987 3066 scripsit
1015 2993 1089 3048 iis
1120 2994 1219 3065 qui
1243 2996 1370 3065 jam
1400 2996 1788 3052 crediderant.
1817 2997 1919 3051 Est
1948 3014 2047 3052 au-

394 3087 513 3137 tem
546 3086 957 3153 argumentum
1002 3082 1131 3151 ejus
1163 3082 1279 3138 tale
1311 3098 1323 3137 :
1358 3086 1499 3138 Cum
1533 3084 1772 3155 quidam
1804 3086 2046 3141 fraudu-

395 3170 580 3225 lenter
610 3171 858 3241 ingressi
887 3171 1179 3241 docerent,
1199 3171 1539 3228 indifferens
1560 3189 1687 3228 esse
1719 3178 2045 3245 peccatum,

394 3259 565 3314 etiam
604 3274 805 3313 eorum
838 3259 935 3329 qui
971 3260 1283 3316 Dominum
1316 3266 1554 3333 negant,
1580 3278 1816 3319 necesse
1846 3263 2050 3319 habuit

395 3352 460 3402 ut
504 3346 806 3413 scriberet,
842 3351 899 3403 et
948 3352 1149 3404 cautos
1198 3351 1463 3406 redderet
1508 3351 1733 3408 fratres.
1765 3352 1836 3407 Et
1882 3352 2048 3409 initio

395 3436 633 3508 quidem
686 3435 956 3491 hortatur
1006 3452 1105 3491 eos
1150 3440 1214 3491 ut
1264 3443 1503 3506 certent,
1539 3442 1712 3510 atque
1744 3440 1803 3493 in
1834 3441 2048 3496 tradita

397 3524 512 3579 sibi
546 3524 656 3580 ﬁde
698 3529 991 3580 maneant.
1026 3524 1247 3580 Deinde
1278 3527 1546 3598 repudiat
1579 3527 1719 3583 tales
1762 3533 2045 3601 tanquam

396 3613 757 3677 seductores,
799 3618 856 3668 et
903 3614 1213 3669 denuntiat
1259 3630 1330 3669 ne
1373 3632 1614 3686 prorsus
1671 3615 1853 3672 ullam
1912 3635 2045 3674 cum

395 3703 544 3775 ipsis
571 3702 1043 3759 communionem
1072 3702 1373 3769 haberent,
1400 3703 1646 3759 scientes
1669 3722 1783 3760 non
1807 3723 1937 3763 esse
1963 3724 2048 3762 sa-

398 3791 474 3847 tis
506 3792 660 3864 quod
684 3791 867 3847 vocati
890 3791 1098 3859 simus,
1124 3791 1238 3847 nisi
1270 3792 1442 3847 etiam
1477 3793 1649 3865 digne
1676 3794 2048 3852 ambulemus

396 3880 721 3937 vocatione.
746 3881 1050 3953 Siquidem
1084 3884 1141 3936 et
1170 3881 1423 3952 priorem
1455 3882 1738 3953 populum
1764 3885 2047 3941 Dominus

399 3987 467 4026 ex
496 3970 740 4043 [Egypto
771 3972 1072 4037 eductum,
1104 3987 1236 4026 cum
1282 3970 1341 4025 in
1375 3971 1489 4026 fido
1519 3972 1739 4028 videret
1772 3990 1886 4029 non
1920 3991 2048 4047 per-

400 4058 630 4123 sistere,
673 4058 1026 4130 perdiderit:
1059 4062 1117 4113 et
1146 4059 1370 4130 angelis
1410 4061 1674 4115 ordinem
1726 4079 1901 4118 suum
1934 4080 2048 4119 non

399 4145 890 4216 oustodientibus,
926 4164 1039 4202 non
1095 4150 1441 4219 pepercerit.
1465 4149 1741 4221 Oportere
1767 4153 1948 4224 igitur
1977 4154 2049 4209 ab

398 4234 740 4304 hujusmodi
816 4235 1157 4291 hominibus
1225 4239 1511 4293 secedere.
1582 4239 1649 4294 Et
1709 4240 2048 4298 Michaelem

402 4338 656 4394 namque
674 4322 1090 4394 archangelum
1109 4341 1224 4379 non
1244 4326 1599 4382 sustinuisse
1621 4327 2048 4400 blasphemiam

400 4410 640 4466 diaboli.
689 4411 868 4467 Docet
910 4411 1108 4483 itaque
1157 4413 1543 4485 perditionem
1594 4415 1843 4472 istorum
1902 4419 2052 4473 sicut

402 4499 792 4556 Sodomorum
829 4501 1108 4556 futuram.
1144 4502 1278 4557 Post
1305 4502 1427 4558 haec
1465 4503 1809 4562 adhortatus
1841 4507 1912 4561 ad
1946 4507 2050 4561 bo-

2150 931 2304 985 χεται
2363 910 2529 979 αὐτῆς
2588 910 2655 963 τὰ
2710 908 2869 963 τέκνα
2926 908 3110 970 καλῶς
3184 912 3602 980 περιπατοῦντα·
3666 907 3805 978 εἶτα,

2151 996 2415 1054 διδάσκων
2454 1000 2530 1071 μὴ
2580 1000 2839 1074 νεώτερον
2874 998 3005 1053 εἶναι
3052 999 3114 1053 τὸ
3144 1000 3261 1061 καθ’
3291 1000 3439 1070 ἡμᾶς
3476 998 3808 1072 μυστήριον,

2149 1094 2399 1165 παραινεῖ
2435 1086 2600 1143 πάλιν
2632 1088 2755 1163 περὶ
2785 1087 3019 1164 ἀγάπης,
3051 1087 3141 1142 καὶ
3184 1085 3275 1141 ’ίνα
3328 1086 3579 1159 μείνωσιν
3632 1086 3683 1140 ἐν
3732 1089 3810 1159 τῇ

2152 1176 2354 1253 διδαχῇ
2386 1181 2453 1252 τῇ
2503 1175 2867 1253 παραδοθείσῃ
2914 1176 3120 1239 αὐτοῖς.
3156 1174 3249 1230 Καὶ
3308 1175 3500 1231 λοιπὸν
3561 1173 3808 1231 διδάσκει

2151 1266 2495 1341 ἀντίχριστον
2530 1268 2659 1321 εἶναι
2691 1265 2782 1321 τὸν
2817 1263 3045 1341 λέγοντα
3081 1266 3156 1338 μὴ
3190 1263 3241 1319 ἰν
3276 1264 3433 1341 σαρκὶ
3476 1263 3810 1335 ἐληλυθέναι

2151 1356 2241 1411 τὸν
2276 1354 2525 1431 Χριστόν.
2557 1353 2927 1431 Παραγγέλλει
2961 1351 3039 1425 δὲ,
3072 1352 3210 1408 ὥστε
3254 1354 3329 1426 μή
3381 1350 3631 1428 δέχεσθαι
3675 1351 3812 1414 τοὺς

2151 1445 2434 1507 τοιούτους
2464 1444 2584 1499 τινὰ
2617 1443 2691 1506 είς
2722 1442 2919 1511 οἰκίαν,
2956 1440 3095 1516 μηδὲ
3127 1440 3305 1517 λέγειν
3337 1441 3522 1505 αὐτοῖς
3564 1440 3814 1519 χαίρειν,

2154 1533 2242 1589 καί
2274 1532 2446 1595 οὕτως
2479 1532 2686 1589 τελειοῖ
2712 1534 2811 1601 τὴν
2847 1530 3201 1603 Έπιστολήν.

2468 1652 2665 1719 Ἕκτη,
2705 1648 2870 1704 πάλιν
2911 1648 3001 1704 καὶ
3042 1647 3175 1719 αὕτη
3220 1646 3492 1704 Ἰωάννου.

2227 1760 2317 1816 57.
2366 1758 2467 1814 Kal
2516 1755 2648 1827 αὕτη
2700 1756 2951 1810 Ἰωάννου
3006 1755 3098 1829 μέν
3150 1753 3281 1825 ἐστι,
3332 1756 3510 1819 καθὼς
3554 1752 3641 1810 καί
3692 1751 3812 1808 έπι-

2074 1842 2121 1905 Β
2152 1848 2469 1924 γέγραπται.
2508 1844 2860 1901 Ἐπέσταλται
2911 1842 2968 1900 δὲ
3012 1845 3147 1921 πρὸς
3200 1844 3381 1902 Γάϊον,
3432 1844 3531 1899 Kal
3588 1848 3815 1919 πρῶτον

2155 1938 2247 2011 μὲν
2312 1933 2639 2011 ἀποδέχεται
2702 1933 2862 1990 αὐτὸν
2926 1934 3367 2010 μαρτυρούμενον
3431 1934 3534 1988 ὑπὸ
3593 1933 3815 1988 πάντων

2154 2024 2241 2081 ἐπὶ
2274 2022 2569 2098 φιλοξενίᾳ,
2602 2023 2690 2078 καὶ
2720 2024 3011 2100 προτρέπει
3150 2022 3283 2093 αὐτῆ
3334 2021 3580 2095 προθέσει
3630 2042 3806 2098 προσ-

2159 2115 2353 2189 μένειν,
2385 2114 2474 2169 καὶ
2506 2114 2851 2188 προπέμπειν
2879 2112 2967 2167 καὶ
3000 2109 3301 2183 δεξιοῦσθαι
3344 2111 3472 2174 τοὺς
3513 2109 3809 2189 ἀδελφούς.

2158 2204 2325 2260 Πάλιν
2361 2201 2417 2258 δὲ
2447 2203 2610 2257 αὐτοῦ
2646 2203 2738 2275 μὲν
2766 2204 2864 2271 τὴν
2898 2200 3149 2275 πρόθεσιν
3184 2198 3537 2277 ἀποδέχεται·
3571 2200 3814 2256 αἰτιᾶται

2157 2290 2213 2347 δὲ
2245 2298 2531 2368 Διοτρεφῆ,
2565 2291 2639 2353 ὡς
2676 2292 2813 2364 μήτε
2842 2290 3000 2345 αὐτὸν
3033 2290 3343 2367 παρέχοντα
3378 2294 3499 2352 τοῖς
3528 2296 3812 2365 πτωχοῖς,

2155 2380 2299 2437 ἀλλά
2327 2379 2415 2435 καὶ
2446 2379 2731 2435 κωλύοντα
2759 2379 2887 2441 τοὺς
2920 2376 3149 2449 ἄλλους,
3173 2379 3261 2435 καὶ
3294 2377 3479 2434 πολλά
3508 2376 3816 2457 φλυαροῦν-

2153 2492 2237 2527 τα.
2260 2471 2399 2532 Tol):
2436 2466 2492 2524 δὶ
2521 2467 2802 2530 τοιούτους
2835 2466 2982 2545 λέγει
3012 2467 3339 2545 ἀλλοτρίους
3375 2470 3508 2523 εἶναι
3536 2474 3635 2537 τῆς
3670 2467 3816 2537 ἀλη-

2156 2560 2321 2629 θείας,
2353 2559 2443 2614 καί
2479 2557 2620 2631 μηδὲ
2647 2554 2846 2612 εἰδέναι
2875 2558 2965 2611 τὸν
3017 2556 3168 2612 Θεόν.
3204 2559 3517 2634 Δημήτριον
3572 2555 3630 2611 δὲ
3679 2578 3813 2611 συν-

2158 2648 2334 2720 ίστησι
2368 2651 2654 2725 μαρτυρῶν
2687 2646 2834 2718 αὐτῷ
2866 2646 2930 2701 τὰ
2955 2644 3242 2704 κάΛλιστα.

2722 2765 2991 2844 Ἑϐδόμη,
3035 2768 3231 2827 Ἰούδα.

2222 2882 2313 2937 58.
2345 2878 2579 2949 Ταύτην,
2607 2879 2785 2943 καθὼς
2834 2877 2924 2933 καὶ
2973 2877 3385 2954 ἐπιγέγραπται,
3420 2876 3625 2941 Ἰούδας
3667 2878 3804 2954 γρά-

2155 2990 2241 3047 φει
2269 2970 2368 3038 τήν
2395 2966 2722 3038 Ἐπιστολὴν
2753 2973 2869 3029 τοῖς
2896 2965 3005 3037 ἤδη
3039 2967 3479 3025 πιστεύσασιν.Ή
3511 2966 3568 3022 δὲ
3597 2968 3809 3044 πρόφαο

2160 3080 2242 3121 σις
2298 3058 2455 3128 αὕτη·
2516 3056 2984 3134 Ηαρεισελθόντων
3070 3057 3233 3113 τινῶν
3291 3059 3381 3112 καὶ
3439 3054 3804 3112 διδασκόντων

2157 3146 2450 3224 ἀδιάφορον
2509 3147 2642 3202 εἶναι
2699 3147 2797 3215 τὴν
2841 3145 3131 3223 ἁμαρτίαν,
3167 3145 3256 3201 καὶ
3314 3147 3661 3222 ἀρνουμένων
3706 3145 3805 3201 τὸν

2159 3236 2373 3313 Κύριον,
2417 3237 2654 3311 ἀνάγκην
2687 3231 2817 3311 ἔσχε
2856 3233 3078 3310 γράψαι,
3108 3234 3197 3290 καὶ
3244 3234 3629 3311 ἀσφαλίσασθαι
3675 3233 3806 3296 τοὺς

2158 3323 2443 3403 ἀδελφούς.
2478 3323 2579 3381 Kal
2612 3328 2826 3401 πρῶτον
2865 3324 2959 3397 μὲν
3006 3323 3310 3398 παρακαλεῖ
3355 3324 3552 3385 αὐτοὺς
3609 3321 3808 3397 ἀγωνί-

2159 3420 2335 3484 ζεσθαι
2368 3414 2455 3469 καὶ
2507 3412 2753 3486 ἐμμένειν
2810 3417 2877 3487 τῇ
2936 3410 3300 3489 παραδοθείσῃ
3358 3411 3542 3474 αὐτοῖς
3596 3410 3807 3467 πίστειν

2157 3502 2339 3558 ἔπειτα
2396 3502 2760 3578 ἀποκηρύττει
2817 3501 2944 3565 τοὺς
2998 3501 3283 3564 τοιούτους
3313 3503 3386 3564 ὡς
3425 3502 3688 3568 πλάνους,
3713 3502 3808 3556 καὶ

2155 3590 2522 3668 παραγγέλλει
2562 3589 2830 3665 μηδεμίαν
2885 3591 3079 3654 αὐτοὺς
3132 3590 3276 3667 ἔχειν
3335 3589 3618 3646 κοινωνίαν
3678 3591 3809 3667 περὶ

2154 3681 2280 3743 τοὺς
2338 3680 2639 3753 τοιούτους,
2675 3680 2908 3751 εἰδότας,
2940 3680 3022 3736 ὅτι
3083 3680 3181 3735 ούκ
3240 3682 3393 3752 ἀρκεῖ
3437 3681 3500 3735 τὸ
3529 3678 3806 3749 κληθῆναι

2162 3770 2343 3843 μόνον,
2377 3769 2462 3824 ἐὰν
2500 3770 2577 3842 μή
2630 3768 2719 3824 καὶ
2777 3770 2937 3840 ἀξίως
2996 3771 3451 3845 περιπατήσωμεν
3504 3776 3602 3838 τῆς
3655 3766 3808 3838 κλήσ-

2157 3881 2308 3920 σεως.
2343 3857 2439 3914 Καὶ
2472 3859 2575 3934 γὰρ
2602 3857 2690 3913 καὶ
2719 3859 2809 3913 τὸν
2844 3857 3104 3934 πρότερον
3135 3857 3264 3914 λαὸν
3297 3856 3348 3928 ἐξ
3398 3858 3676 3933 Αἱγύπτου
3722 3857 3807 3927 ἐξ·

2156 3950 2373 4023 αγαγὼν
2408 3949 2436 4001 ὁ
2466 3947 2685 4024 Κύριος,
2716 3947 2805 4002 καὶ
2860 3948 2934 4021 μὴ
2983 3945 3311 4019 ἐμμείναντα
3358 3945 3425 4021 τῇ
3477 3947 3650 4001 πίστει
3697 3947 3806 4001 ὲω-

2159 4037 2354 4112 ρακὼς,
2389 4036 2655 4092 ἀπώλεσε
2688 4037 2777 4091 καὶ
2810 4035 3052 4112 ἀγγέλων
3087 4033 3144 4091 δὶ
3179 4037 3255 4109 μή
3294 4034 3649 4111 τηρησάντων
3702 4037 3807 4104 τὴν

2157 4124 2296 4181 ἰδίαν
2324 4125 2468 4196 τάξιν
2501 4125 2601 4180 ούκ
2630 4124 2896 4204 ἐφείσατο.
2932 4132 3019 4180 Δεῖ
3075 4123 3166 4179 οὖν
3227 4125 3333 4179 ἀπὸ
3389 4118 3496 4179 τῶν
3538 4123 3810 4179 τοιούτων

2157 4215 2485 4291 ἀναχωρεῖν.
2519 4213 2618 4268 Καὶ
2669 4214 2773 4289 γὰρ
2822 4212 2911 4269 καί
2948 4213 3177 4289 Μιχαὴλ
3229 4215 3257 4269 ὁ
3305 4212 3650 4288 ἀρχάγγελος
3701 4212 3819 4290 οὐχ

2160 4304 2429 4379 ὑπήνεγκε
2490 4302 2842 4381 βλασφημίαν
2903 4308 2998 4357 τοῦ
3057 4297 3340 4357 διαϐόλου.
3374 4303 3624 4365 Ἕσεσθαι
3675 4306 3813 4375 γοῦν

2155 4396 2255 4463 τὴν
2284 4391 2560 4449 ἀπώλειαν
2593 4392 2769 4447 αὐτῶν
2802 4392 2875 4454 ὡς
2908 4389 3172 4465 Σοδόμων
3205 4388 3462 4446 διδάσκει.
3498 4393 3629 4448 Εἶτα
3667 4411 3810 4466 παρ-

2159 4486 2296 4536 αινεῖ
2327 4482 2403 4543 εἱς
2454 4482 2521 4535 τὰ
2567 4478 2701 4550 ἤθη,
2730 4480 2818 4535 καὶ
2871 4479 3230 4553 ὑπευξάμενος
3275 4479 3460 4541 αὐτοῖς
3513 4475 3811 4553 βεϐαιότη-

401 4606 509 4645 nos
540 4606 753 4657 mores,
776 4594 833 4646 et
864 4590 994 4646 fidei
1026 4590 1403 4647 stabilitatem
1436 4608 1469 4647 a
1497 4593 1740 4649 Domino
1770 4611 2044 4666 appreca-

2160 4591 2218 4624 τα
2253 4578 2354 4639 τῆς
2384 4568 2618 4632 πίστεως
2667 4568 2813 4644 ποιρά
2855 4573 2953 4624 τοῦ
3004 4567 3225 4643 Κυρίου,
3259 4566 3465 4623 τελειοῖ
3518 4569 3618 4638 τὴν
3652 4569 3811 4624 Ἐπι-

399 4682 519 4748 tus,
552 4677 770 4735 claudit
802 4679 1144 4752 Epistolam.

462 4787 625 4843 Liber
660 4788 765 4858 VII,
798 4786 1218 4857 Quatuordecim
1245 4787 1498 4861 Epistola:
1525 4787 1717 4860 Pauli,
1746 4804 1981 4861 quarum

856 4860 1049 4931 prima
1078 4863 1156 4915 est
1186 4858 1257 4914 ad
1291 4860 1578 4915 Romanos.

466 4948 556 5003 59.
592 4947 753 5003 Pauli
785 4952 1064 5004 vocantur
1109 4946 1396 5021 Epistolas,
1429 4953 1735 5022 propterea
1758 4951 1912 5022 quod
1946 4966 2044 5007 eas

397 5034 494 5091 ille
524 5036 784 5109 scripsit,
815 5042 873 5093 et
926 5054 1030 5108 per
1061 5038 1167 5094 has
1199 5054 1334 5092 cum
1382 5054 1499 5106 eos,
1534 5055 1682 5111 quos
1729 5039 1951 5096 viderat
1978 5057 2044 5096 ac

396 5126 694 5196 docuerat,
756 5125 1029 5181 admonet
1088 5144 1151 5182 ac
1214 5127 1475 5200 corrigit,
1534 5132 1660 5184 tum
1721 5145 1870 5201 quos
1927 5148 2044 5187 non

395 5215 639 5283 viderat,
674 5214 964 5270 instruere
995 5220 1240 5271 conatur
1279 5233 1345 5272 ac
1392 5218 1617 5289 docere,
1652 5220 1801 5274 147
1838 5236 2044 5291 quem-

398 5303 715 5359 admodum
748 5321 779 5359 a
810 5304 1141 5374 legentibus
1188 5304 1368 5361 edisci
1418 5310 1626 5378 potest.
1659 5308 1816 5363 Hanc
1850 5313 2042 5365 autem

396 5391 467 5446 ad
503 5391 797 5448 Romanos
818 5393 1093 5449 Corintho
1124 5393 1385 5465 scripsit,
1415 5411 1549 5450 cum
1583 5397 1870 5452 Romanos
1903 5413 2044 5452 non-

396 5480 536 5535 dum
570 5481 807 5552 quidem
837 5482 1102 5553 vidisset,
1136 5484 1401 5538 audisset
1432 5500 1563 5540 vero
1596 5485 1666 5540 de
1695 5485 1834 5553 illis,
1867 5502 2046 5559 cupe-

395 5572 599 5640 retque
630 5571 823 5628 videre
866 5587 985 5628 eos.
1018 5572 1087 5627 Et
1114 5570 1281 5628 initio
1313 5572 1549 5644 quidem
1602 5574 1803 5632 laudat
1850 5592 2047 5635 eorum

398 5658 595 5731 fidem,
643 5677 821 5733 quam
871 5661 1105 5719 videbat
1152 5661 1369 5733 ubique
1417 5663 1775 5722 annuntiari.
1830 5665 2049 5725 Deinde

2152 4656 2377 4728 στολήν.

2153 4768 2374 4830 Βιϐλίον
2419 4773 2476 4845 ξ’,
2518 4772 2835 4829 Ἐπιστολαὶ
2874 4771 3105 4846 Παύλου
3139 4768 3223 4829 ιδ’.
3264 4770 3484 4829 Τούτων
3524 4773 3720 4846 πρώτη
3764 4776 3805 4844 ἠ

2724 4846 2863 4921 πρὸς
2900 4842 3222 4918 Ῥωμαίους.

2226 4957 2317 5013 59.
2377 4952 2534 5011 Οὕτω
2591 4951 2906 5022 καλοῦνται,
2961 4950 3147 5021 ἐπειδή
3208 4950 3365 5014 αὐτὸς
3424 4955 3639 5013 Παῦλος
3694 4949 3815 5026 ἰδίᾳ

2152 5043 2344 5105 ταύτας
2375 5040 2736 5112 ἐπιστέλλων,
2769 5041 2857 5097 καὶ
2890 5040 2979 5097 διὰ
3006 5041 3237 5108 τούτων,
3271 5040 3363 5104 οὓς
3401 5042 3494 5114 μὲν
3540 5038 3649 5111 ἤδη
3703 5042 3814 5096 ἑώ-

2156 5154 2283 5211 ρακε
2329 5134 2417 5187 καὶ
2471 5129 2728 5203 ἐδίδαξεν,
2770 5131 3176 5205 ὑπομιμνήσκει
3231 5129 3320 5184 καὶ
3380 5127 3813 5206 ἑπιδιορθοῦται·

2157 5222 2247 5285 οὓς
2280 5220 2337 5277 δὲ
2372 5222 2446 5295 μὴ
2482 5222 2708 5296 ἑώρακε,
2742 5217 3027 5289 σπουδάζει
3060 5223 3323 5294 κατἠχεῖν
3374 5218 3463 5273 καὶ
3514 5216 3814 5291 διδάσκειν,

2157 5311 2230 5368 ὡς
2289 5309 2429 5366 ἔστιν
2491 5311 2581 5365 ἀπ’
2613 5310 2786 5365 αὐτῶν
2843 5313 2950 5365 τῶν
2986 5307 3421 5385 ἐντυγχανόντων
3451 5310 3808 5382 καταμαθεῖν.

2156 5398 2371 5470 Ταύτην
2408 5396 2465 5454 δὲ
2488 5400 2586 5467 τὴν
2647 5406 2782 5475 πρὸς
2812 5396 3116 5471 Ῥωμαίους
3170 5394 3477 5451 ἐπιστέλλει
3538 5397 3642 5451 ἀπὸ
3703 5403 3809 5452 Κο-

2159 5487 2361 5564 ρίνθου,
2400 5489 2567 5561 μήπω
2628 5488 2719 5561 μὶν
2778 5487 3032 5563 ἑωρακὼς
3082 5484 3407 5559 Ῥωμαίους,
3466 5485 3676 5539 ἀκούων
3747 5483 3812 5540 δὲ

2156 5577 2280 5655 περὶ
2312 5576 2513 5646 αὐτῶν,
2542 5576 2631 5632 καὶ
2684 5575 2955 5633 ἐπιποθῶν
3005 5573 3199 5638 αὐτοὺς
3248 5571 3405 5630 ἰδεῖν.
3438 5574 3537 5630 Καὶ
3585 5577 3806 5648 πρῶτον

2160 5666 2255 5744 μὶν
2287 5660 2614 5743 ἀποδέχεται
2670 5667 2771 5738 τήν
2829 5663 3008 5722 πίστιν
3056 5662 3252 5738 αὸτῶν,
3282 5660 3810 5742 καταγγελλομένην
