4086 6222
231 357 354 418 M3

1342 357 1717 419 SYNOPSIS
1764 356 2229 419 SCRIPTUM
2274 357 2567 421 SACRE.

3529 360 3649 417 4M

232 492 377 567 ὁρῶν
436 494 740 565 πανταχοῦ
791 487 975 544 ἔπειτα
1037 486 1286 562 σημαίνει
1370 488 1643 551 πολλάκις
1702 488 1884 544 ἑαυτὸν

2003 490 2296 564 signiﬁcat
2324 509 2723 566 sapenumero
2755 492 3121 565 propositum
3162 491 3272 547 sibi
3326 491 3506 547 fuisse
3550 508 3646 548 ve-

236 580 576 653 προθὲμενον
610 578 785 642 ἐλθεῖν
820 576 910 633 διὰ
937 579 1029 633 τὸν
1064 578 1137 641 εἷς
1169 577 1367 640 αὐτοὺς
1398 578 1590 650 πόθον,
1621 579 1710 633 καὶ
1757 578 1891 641 τὲως

238 670 314 741 μή
346 666 691 738 δεδυνῆσθαι.
724 668 821 722 Καὶ
851 668 1046 724 λοιπὸν
1082 666 1469 736 διδασκαλικὴν
1501 669 1599 736 τὴν
1643 670 1891 724 Ἐπιστο-

235 756 339 827 λὴν
400 762 639 812 ποιεῖται
696 757 819 832 περὶ
877 757 1128 828 κλήσεως
1188 756 1492 829 ἐθνῶν,καὶ
1541 756 1688 826 δτιή
1739 777 1889 833 περι-

231 847 381 918 τομή
434 843 541 907 ἕως
593 850 785 921 καιροῦ
825 847 917 914 ἦν,
950 846 1038 899 καὶ
1088 851 1178 900 νῦν
1211 844 1497 901 πὲπὰυταιο
1531 846 1619 900 καὶ
1674 846 1755 901 δτι
1805 843 1894 900 διὰ

230 941 328 989 τοῦ
362 939 607 1008 Χριστοῦ
647 934 871 990 λέλυται
921 935 984 989 τὸ
1032 936 1379 1009 παράπτωμα
1430 940 1525 989 τοῦ
1577 933 1769 1007 ’Δδαμ,
1802 934 1891 988 καὶ

229 1028 264 1095 ἡ
300 1024 427 1079 σκιά
455 1029 555 1079 τοῦ
587 1023 761 1096 νόμου
792 1023 1061 1099 παρῆλθε.
1093 1025 1198 1093 Τήν
1248 1025 1340 1098 μὲν
1392 1023 1483 1078 οὗν
1534 1022 1728 1093 κλῆσιν
1782 1029 1889 1077 τῶν

230 1114 398 1179 ἐθνῶν
461 1112 783 1176 ἀκολούθως
842 1120 1161 1190 γεγενῆσθαι
1242 1113 1617 1182 κατασκευάζει
1694 1113 1890 1179 οὕτως,

233 1201 560 1264 ἀποδεικνὺς
592 1209 752 1257 πᾶσιν
785 1202 1093 1276 ἀνθρώποις
1125 1200 1359 1280 ἔμφυτον
1394 1202 1523 1257 εἶναι
1554 1204 1645 1257 τὸν
1696 1202 1890 1276 νόμον,

230 1301 319 1356 καὶ
352 1303 562 1361 πάντας
614 1297 893 1371 άδιδάκτῳ
941 1304 1008 1372 τῇ
1068 1300 1219 1377 φύσει
1273 1299 1362 1353 καὶ
1417 1299 1507 1354 ἀπ’
1569 1298 1734 1369 αὐτῆς
1789 1307 1889 1369 τῆς

230 1390 460 1451 κτίσεως
512 1386 771 1451 δύνασθαι
821 1390 1099 1464 γινώσκειν
1149 1389 1240 1443 τὸν
1288 1387 1439 1447 Θεόν.
1476 1389 1569 1443 Διὸ
1610 1389 1701 1443 καὶ
1749 1388 1889 1444 είκό-

227 1500 338 1541 τως
377 1478 621 1533 αἰτιᾶται
654 1482 873 1553 πρῶτον
899 1476 1201 1548 Ἕλληνας,
1231 1478 1304 1540 ὡς
1333 1482 1430 1533 τοῦ
1464 1479 1557 1551 μὲν
1609 1483 1742 1534 Θεοῦ
1791 1501 1889 1557 φα-

226 1569 570 1643 νερώσαντος
600 1567 785 1629 αὐτοῖς
820 1567 879 1622 ἐκ
907 1572 1013 1622 τῶν
1041 1566 1365 1640 ποιημάτων
1400 1572 1497 1622 τοῦ
1526 1566 1737 1641 κόσμου
1791 1570 1890 1636 τήν

230 1657 353 1734 περῖ
388 1659 586 1713 ἑαυτοῦ
628 1660 852 1731 γνῶσιν,
885 1657 974 1711 καὶ
1022 1659 1121 1725 τῆς
1154 1653 1330 1711 ἀϊδίου
1379 1654 1658 1731 δυνάμεως
1705 1658 1890 1732 αὐτοῦ,

230 1746 355 1815 ἥτις
386 1745 532 1801 ἐστὶν
568 1748 597 1800 ὁ
630 1745 806 1820 Λόγος
838 1746 1022 1813 αὐτοῦ,
1058 1744 1109 1800 ἐν
1151 1747 1197 1819 ᾧ
1243 1745 1331 1801 καὶ
1382 1744 1450 1801 δι’
1503 1747 1564 1801 οὗ
1611 1746 1677 1801 τὰ
1724 1746 1892 1802 πάντα

2005 582 2203 636 niendi
2251 583 2321 637 ad
2374 599 2495 649 eos,
2529 588 2761 653 propter
2804 582 3183 647 desiderium,
3217 597 3332 652 quo
3381 596 3519 652 erga
3550 596 3649 635 eos

2003 671 2244 727 allectus
2273 677 2415 741 erat,
2448 671 2736 727 hactenus
2765 688 2898 726 vero
2927 688 3038 725 non
3076 670 3332 724 licuisse.
3367 668 3649 740 Deinceps

2002 760 2247 815 docendi
2284 762 2455 816 modo
2488 761 2805 833 Epistolam
2840 760 3230 832 prosequitur,
3258 761 3324 814 de
3348 757 3649 813 vocatione

2002 850 2268 920 gentium
2302 856 2359 906 et
2390 852 2544 922 quod
2578 850 2946 905 circumcisio
2993 865 3180 921 usque
3229 848 3298 902 ad
3351 847 3645 918 quoddam

2001 943 2233 1010 tempus
2267 940 2461 1006 tuerit,
2489 941 2612 1010 jam
2643 956 2773 994 vero
2805 939 3135 994 cessaverit.
3162 937 3323 1004 Quod
3358 954 3456 1008 per
3484 936 3646 991 Chri-

2001 1031 2158 1082 stum
2193 1028 2450 1083 solutum
2482 1028 2558 1083 sit
2587 1027 2861 1083 delictum
2891 1028 3061 1082 Adae:
3085 1027 3236 1097 quod
3268 1028 3478 1080 umbra
3501 1025 3649 1097 legis

2001 1116 2319 1171 transierit.
2352 1117 2725 1172 Vocationem
2759 1116 2956 1188 itaque
2987 1115 3249 1188 gentium
3282 1131 3644 1187 consequen-

2000 1209 2087 1259 ter
2117 1209 2273 1261 recto
2304 1205 2504 1261 ordine
2539 1207 2748 1261 factam
2780 1221 2909 1260 esse
2937 1206 3007 1260 ad
3042 1207 3197 1258 hunc
3239 1206 3476 1259 modum
3511 1221 3643 1275 pro-

2002 1294 2123 1361 bat,
2155 1300 2464 1367 postquam
2497 1294 2752 1350 ostendit
2782 1294 3069 1349 universis
3120 1293 3457 1347 hominibus
3498 1294 3641 1347 insi-

1999 1396 2119 1447 tam
2151 1411 2279 1449 esse
2308 1393 2515 1467 legem,
2550 1398 2605 1449 et
2636 1393 2873 1464 quosvis
2902 1392 3047 1447 citra
3094 1392 3421 1447 doctrinam
3452 1390 3643 1463 (legis)

2002 1483 2254 1537 naturali
2277 1484 2501 1554 judicio
2532 1500 2600 1538 ex
2631 1483 2757 1554 ipsa
2790 1498 2983 1537 rerum
3008 1481 3339 1537 conditione
3360 1486 3536 1536 Deum
3555 1497 3649 1537 co-

2000 1588 2279 1644 gnoscere
2305 1588 2494 1643 posse.
2515 1573 2879 1644 Quapropter
2902 1575 2958 1626 et
2989 1572 3194 1626 merito
3223 1574 3425 1642 gentes
3458 1570 3647 1642 priore

1999 1660 2125 1717 loco
2156 1662 2580 1733 accusat,quod
2609 1678 2742 1716 cum
2774 1660 2918 1731 ipsis
2947 1660 3338 1732 cognitionem
3371 1659 3462 1714 sui
3498 1661 3647 1715 Deus

2000 1766 2069 1805 ex
2100 1751 2373 1822 operibus
2407 1751 2608 1805 mundi
2644 1750 2997 1822 patefecerit,
3028 1754 3084 1805 et
3112 1748 3291 1804 simul
3338 1749 3649 1821 sempiter-

230 1835 554 1906 πεποίηκεν⁸
590 1834 822 1896 ἐκείνους
857 1832 914 1888 δὲ
950 1834 1025 1906 μὴ
1060 1833 1345 1910 ἐγνωκέναι
1409 1834 1619 1907 μᾶλλον
1672 1836 1730 1890 ἐκ
1781 1840 1884 1890 τῶν

2002 1856 2136 1894 nam
2170 1840 2486 1911 potentiam
2519 1856 2709 1907 suam,
2744 1855 2869 1910 quae
2903 1838 3159 1894 Verbum
3209 1837 3399 1909 ipsius
3445 1842 3553 1904 est,
3587 1838 3647 1892 in

229 1923 548 1997 κτισμάτων
585 1922 716 1979 εἶναι
769 1923 898 1979 Θεὸν
949 1923 1041 1979 τὸν
1092 1922 1299 1979 τούτων
1352 1921 1710 2001 δημιουργόν·
1746 1924 1891 1981 ἀλλά

230 2013 548 2069 τούναντίον
583 2012 718 2067 αὐτὰ
762 2015 831 2067 τά
872 2014 1156 2086 ποιήματα
1203 2015 1648 2086 θεοποιήσαντας,
1679 2014 1767 2069 καὶ
1818 2019 1887 2088 τῇ

226 2102 398 2157 κτίσει
453 2100 670 2174 μᾶλλον
719 2103 754 2169 ἢ
805 2106 883 2173 τῷ
929 2102 1117 2176 κτίστῃ
1177 2100 1589 2176 λατρεύσαντας.
1640 2103 1889 2159 Αἱτιᾶται

228 2188 285 2246 δὲ
345 2190 440 2245 καὶ
502 2187 822 2260 Ἰουδαίους,
874 2191 947 2253 ὡς
1010 2191 1085 2263 μὴ
1147 2190 1481 2261 φυλάξαντας
1545 2192 1636 2246 τὸν
1696 2193 1885 2267 νόμον·

225 2287 377 2344 ἀλλὰ
434 2287 526 2343 καί
591 2286 803 2360 μᾶλλον
865 2285 956 2343 διὰ
1000 2294 1101 2357 τῆς
1149 2283 1504 2362 παραϐάσεως
1561 2294 1657 2344 τοῦ
1715 2286 1888 2364 νόμου

220 2378 316 2432 τὸν
350 2377 485 2432 Θεὸν
520 2378 906 2449 ἀτιμάσαντας.
940 2377 1037 2432 Καὶ
1096 2376 1269 2439 οὕτως
1309 2378 1588 2456 ἀμφότερα
1631 2380 1698 2435 τὰ
1748 2380 1885 2456 μὲρη

215 2464 522 2527 Ἰουδαίους
584 2486 642 2519 τε
696 2466 786 2519 καὶ
847 2464 1127 2536 ’Έλληνας
1187 2465 1426 2542 ἐλέγχει,
1473 2466 1562 2521 καὶ
1620 2468 1887 2545 συγκλείει

222 2553 313 2609 ἐπὶ
346 2553 681 2629 παρανομίᾳο
711 2552 804 2609 ἵνα
844 2551 1007 2629 δείξῃ,
1039 2554 1122 2609 ὅτι
1174 2552 1279 2609 ἴσοι
1328 2555 1610 2631 γενόμενοι
1660 2558 1712 2612 οἱ
1756 2558 1886 2612 πάν-

221 2665 339 2711 τες,
371 2644 452 2705 ὡς
501 2642 789 2707 ὑπεύθυνοι
828 2642 1040 2713 ἐπίσης,
1086 2642 1176 2698 καὶ
1232 2648 1328 2699 τοῦ
1370 2644 1751 2718 Λυτρουμὲνου
1799 2644 1883 2701 δέ·

228 2754 404 2788 ονται.
442 2737 553 2801 Τῆς
580 2729 638 2786 δὲ
667 2734 894 2808 χάριτος
926 2732 1013 2787 καὶ
1048 2731 1366 2809 λυτρώσεως
1398 2732 1588 2805 ἐπίσης
1628 2734 1717 2789 καὶ
1765 2741 1883 2797 τοῖς

230 2819 525 2883 Ἰουδαίοις
587 2821 884 2895 γενομένης
940 2822 1029 2876 καὶ
1075 2827 1193 2884 τοῖς
1252 2818 1477 2890 ἔθνεσιν,
1527 2823 1750 2886 εῗκότως
1798 2824 1887 2879 καὶ

230 2912 265 2979 ἡ
321 2909 523 2979 κλῆσις
582 2912 771 2985 γέγονε
823 2916 930 2965 τῶν
994 2910 1174 2965 ἐθνῶν’
1204 2914 1302 2979 τῆς
1363 2908 1421 2966 δὲ
1476 2911 1725 2982 κλήσεως
1777 2918 1885 2969 τῶν

232 2999 409 3063 ἐθνῶν
471 2998 791 3072 γενομένης,
825 2999 876 3070 ἐξ
932 2999 1171 3073 ἀνάγκης
1230 2998 1492 3056 πέπαυται
1525 3004 1560 3071 ἡ
1613 3003 1884 3078 περιτομὴ

228 3090 325 3144 καὶ
387 3092 424 3157 ἡ
488 3087 538 3143 ἐν
587 3089 668 3159 τῷ
722 3088 879 3161 νόμῳ
936 3088 1076 3145 σκιά.
1111 3090 1171 3147 Ὁ
1223 3090 1327 3165 γὰρ
1382 3086 1651 3164 Ἀϐραὰμ,
1699 3092 1883 3169 φησὶν,

229 3176 413 3232 οὖκέν
448 3176 744 3252 περιτομῇ,
787 3174 932 3231 ἀλλὰ
978 3177 1086 3253 πρὸ
1142 3184 1243 3247 τῆς
1301 3186 1602 3254 περιτομῆς
1662 3177 1883 3235 δικαιωο

227 3267 368 3336 θείς,
406 3267 803 3338 μετωνομάσθη
844 3265 936 3335 μὲν
987 3260 1253 3340 Ἀϐραάμ,
1282 3266 1365 3321 ὅτι
1424 3269 1604 3343 πατὴρ
1654 3266 1881 3324 πολλῶν

224 3352 398 3418 ἐθνῶν
465 3350 695 3425 ἔμελλεν
753 3352 905 3425 είνᾶι,
964 3353 1099 3408 κατὰ
1156 3354 1253 3422 τὴν
1316 3354 1367 3410 ἐν
1422 3355 1490 3430 τῇ
1559 3353 1886 3432 ἀκροϐυστίᾳ

223 3443 433 3497 πίστινν
471 3437 636 3497 ἔλαϐε
667 3439 724 3496 δὲ
757 3444 891 3513 μετά
945 3442 1007 3496 τὸ
1065 3439 1439 3512 δικαιωθῆναι,
1470 3445 1559 3499 καὶ
1588 3447 1687 3514 τὴν
1738 3467 1886 3521 περι-

221 3533 403 3603 τομήν
444 3530 496 3585 ἐν
529 3534 598 3603 τῇ
630 3530 805 3606 σαρκὶ,
832 3528 924 3585 ’ίνα
984 3536 1213 3603 σημεῖον
1360 3539 1475 3595 τοῖς
1532 3535 1667 3589 κατὰ
1718 3534 1886 3610 σάρκα

220 3621 594 3697 γεννωμένοις
645 3620 695 3691 ἐξ
745 3622 911 3677 αὐτοῦ
994 3621 1285 3686 παύσεσθαι
1359 3624 1482 3679 τότε
1557 3628 1882 3699 περιτομὴν,

225 3719 348 3775 ὅταν
414 3720 486 3773 τὰ
543 3718 671 3789 ἔθνη
730 3720 950 3794 γένηται
1027 3721 1185 3775 τέκνα
1246 3725 1344 3775 τοῦ
1403 3716 1673 3798 Ἀϐραὰμ,
1727 3723 1885 3798 ἀρξά-

231 3830 363 3881 μενα
430 3807 803 3863 »ολιτεύεσθαι
856 3809 993 3863 κατὰ
1046 3811 1146 3877 τὴν
1206 3809 1383 3865 πίστιν
1460 3817 1557 3866 τοῦ
1614 3808 1883 3888 Ἀϐραὰμ,

226 3895 279 3950 ιι
310 3897 347 3971 ᾖ
381 3894 706 3967 ἐδικαιώθη,
739 3897 827 3952 ὅτε
873 3901 940 3967 ἦν
997 3897 1048 3953 ἐν
1103 3893 1454 3974 ἀκροϐυστίᾳ.
1496 3900 1720 3957 Τούτων
1779 3904 1882 3978 γὰρ

228 3988 389 4061 χάριν
470 3986 563 4039 καὶ
655 3988 1046 4058 μετωνομάσθη
1123 3987 1231 4041 ἀπὸ
1313 3984 1549 4065 Ἀϐράμ,
1611 3986 1881 4066 Ἀϐραάμ.

230 4076 468 4149 ’Δνάγκη
525 4072 605 4146 δὲ,
658 4074 929 4138 ἐλθόντων
980 4080 1089 4130 τῶν
1149 4078 1591 4150 σημαινομένων,
1623 4080 1883 4145 παύεσθαί

226 4164 285 4217 τὸ
316 4168 618 4235 σημαῖνον.
652 4163 719 4217 Εἴ
753 4164 847 4236 μὲν
892 4162 981 4218 οὖν
1030 4166 1097 4220 τά
1145 4164 1268 4235 ἔθνη
1329 4168 1681 4242 ἀναγκάζουσι
1731 4191 1882 4247 περι-

224 4253 536 4323 τέμνεσθαι,
584 4254 897 4307 παυέτωσαν
959 4253 1048 4308 καὶ
1108 4254 1170 4309 τὸ
1230 4251 1403 4329 ὄνομα
1456 4261 1553 4311 τοῦ
1612 4254 1881 4332 ’Δϐραὰμ,

222 4340 311 4394 καί
393 4340 671 4396 καλείσθω
730 4339 990 4414 Ἀϐράμ’
1061 4342 1106 4398 εί
1183 4341 1239 4399 δὲ
1292 4340 1536 4420 Ἀϐραὰμ
1589 4347 1734 4422 παρὰ
1787 4353 1883 4403 τοῦ

222 4434 359 4485 Θεοῦ
420 4431 847 4503 μετωνομάσθη,
894 4431 957 4486 ού
1016 4429 1097 4486 δεῖ
1153 4433 1565 4506 περιτέμνεσθαι
1622 4438 1687 4490 τὰ
1732 4435 1879 4507 ἔθνη*

233 4518 247 4533 9
340 4521 351 4539 ,
451 4517 527 4538 ,ας
640 4518 654 4539 ι
735 4519 745 4535 ι
852 4517 876 4537 ια
1054 4521 1067 4539 ς
1396 4522 1405 4541 α
1565 4524 1575 4545 ν
1750 4525 1761 4544 1

222 4519 331 4573 αλλ
407 4538 540 4574 ουοε
594 4540 790 4582 αυτους
850 4540 927 4576 ετι
985 4541 1112 4583 τους
1157 4523 1291 4576 κατὰ
1348 4541 1515 4597 σαρκα
1580 4521 1882 4596 Ιουδαιους,

2000 1945 2115 2000 quo
2146 1934 2202 1983 et
2234 1944 2334 2000 per
2365 1929 2519 2000 quod
2568 1929 2767 1984 omnia
2814 1929 2969 1993 fecit,
3005 1927 3345 1993 ostenderit,
3373 1926 3486 1999 ipsi
3532 1944 3646 1983 non

1999 2022 2397 2088 cognoverunt
2426 2034 2494 2073 ex
2524 2017 2829 2087 creaturis,
2861 2022 3043 2073 Deum
3076 2032 3205 2071 esse
3235 2015 3441 2071 talium
3475 2015 3647 2086 opiﬁ-

1998 2123 2124 2162 cem
2155 2124 2168 2174 ;
2202 2106 2301 2161 sed
2334 2116 2553 2172 contra,
2580 2107 2856 2178 operibus
2886 2106 3049 2161 illius
3081 2104 3443 2160 divinitatem
3467 2105 3648 2161 ascri-

1998 2195 2222 2262 bentes,
2254 2202 2552 2251 creaturas
2584 2195 2776 2268 potius
2834 2196 3174 2262 adorarunt,
3208 2210 3386 2265 quam
3419 2194 3648 2251 Creato-

1998 2302 2141 2340 rem.
2173 2287 2423 2341 Accusat
2452 2290 2644 2340 autem
2678 2290 2736 2341 et
2763 2284 3018 2353 Judeos,
3052 2288 3117 2339 ut
3149 2284 3248 2357 qui
3297 2284 3486 2355 legem
3529 2300 3645 2339 non

1998 2379 2314 2442 servarent,
2334 2375 2451 2430 imo
2483 2391 2584 2446 per
2617 2374 3141 2446 transgressionem
3174 2374 3320 2445 legis
3336 2374 3520 2429 Deum
3544 2390 3645 2446 po-

1996 2464 2116 2520 tius
2147 2465 2426 2520 dedecore
2456 2464 2770 2520 efﬁcerent.
2808 2465 2997 2535 Atque
3046 2465 3126 2519 ita
3178 2469 3482 2533 utramque
3515 2480 3646 2534 par-

2002 2558 2143 2624 tem,
2174 2559 2294 2609 tam
2325 2554 2581 2621 Judzeos,
2615 2569 2791 2624 quam
2822 2556 3024 2624 gentes
3057 2552 3268 2622 arguit,
3302 2560 3356 2605 et
3394 2552 3503 2607 sub
3535 2551 3644 2604 ini-

2002 2643 2227 2714 quitate
2258 2642 2743 2715 transgressionis
2773 2640 3090 2710 concludit,
3125 2644 3189 2695 ut
3212 2641 3483 2695 ostendat
3518 2656 3643 2694 om-

2002 2745 2107 2785 nes
2136 2746 2306 2801 pares
2338 2746 2467 2785 esse
2496 2730 2699 2797 factos,
2734 2733 2931 2800 utpote
2968 2745 3036 2783 ex
3064 2744 3230 2799 aequo
3261 2743 3411 2796 reos,
3443 2731 3500 2783 et
3530 2728 3643 2782 Rc-

1998 2818 2320 2889 demptoris
2350 2823 2605 2890 egentes.
2638 2821 2813 2873 Porro
2844 2816 3319 2887 quandoquidem
3366 2814 3555 2886 gratia
3584 2818 3643 2871 et

1999 2908 2203 2962 missio
2241 2907 2542 2978 aequaliter
2592 2907 2837 2978 contigit
2890 2911 2947 2961 et
2991 2904 3208 2962 Judaeis
3252 2908 3310 2959 et
3340 2903 3637 2976 gentibus,

1987 3004 2123 3075 jure
2153 3022 2218 3061 ac
2252 3006 2459 3061 merito
2490 3003 2752 3077 gentium
2787 3005 2936 3059 facta
2953 3002 3178 3060 vocatio
3196 3007 3286 3058 est
3305 3018 3318 3057 :
3338 3000 3637 3058 vocatione

1994 3110 2126 3150 vero
2156 3093 2421 3165 gentium
2457 3094 2626 3163 facta,
2661 3093 2990 3148 necessario
3020 3108 3283 3149 cessasse
3331 3090 3636 3147 circumci-

1998 3184 2223 3240 sionem
2255 3187 2314 3239 et
2340 3182 2483 3255 legis
2541 3184 2832 3238 umbram.
2868 3182 3013 3238 Nam
3069 3181 3385 3251 Abraham,
3418 3180 3635 3253 inquit,

1998 3289 2113 3329 non
2144 3272 2203 3327 in
2236 3271 2818 3339 circumcisione,sed
2852 3275 2986 3326 ante
3016 3269 3519 3326 circunicisionem
3546 3270 3640 3340 ju-

1995 3363 2546 3428 stiticatus,mutato
2579 3361 2813 3416 nomine
2843 3360 3139 3416 Abraham
3163 3360 3356 3415 dictus
3378 3363 3486 3427 est,
3504 3376 3640 3429 quo-

1997 3453 2154 3507 niam
2188 3453 2417 3506 tuturus
2455 3456 2580 3506 erat
2628 3454 2790 3521 pater
2829 3450 3149 3505 multarum
3209 3449 3494 3521 gentium,
3548 3465 3636 3503 se-

1995 3541 2255 3596 cundum
2287 3540 2484 3605 fidem,
2518 3556 2648 3610 quae
2673 3542 2796 3594 erat
2824 3538 2882 3594 in
2917 3535 3639 3611 praeputio.Circumcisio-

1996 3645 2128 3685 nem
2162 3634 2376 3696 autem,
2412 3635 2723 3700 postquam
2748 3628 3114 3697 justiticatus
3142 3632 3286 3691 erat,
3320 3627 3541 3696 accepit
3578 3626 3637 3679 in

1996 3744 2191 3794 carne,
2223 3732 2289 3782 ut
2317 3728 2553 3800 signum
2585 3731 2740 3782 esset
2768 3726 2840 3781 iis
2871 3725 2970 3797 qui
3016 3742 3083 3781 ex
3131 3725 3259 3796 ipso
3313 3723 3637 3780 secundum

1996 3833 2229 3874 carnem
2262 3816 2541 3872 nascituri
2574 3819 2759 3879 erant,
2794 3816 2945 3885 quod
2982 3814 3243 3869 desitura
3288 3816 3428 3867 tunc
3485 3815 3640 3866 esset

1995 3905 2390 3971 circumcisio,
2432 3905 2667 3975 quando
2715 3908 2918 3974 gentes
2976 3903 3180 3957 fierent
3226 3900 3331 3955 filii
3368 3899 3637 3967 Abrahae,

1995 3996 2437 4067 inciperentque
2462 3994 2650 4047 vivere
2696 3992 3022 4046 secundum
3072 3991 3243 4045 ﬁdem
3275 3988 3542 4053 Abrahae,
3575 3990 3636 4043 in

1995 4102 2112 4155 qua
2141 4084 2256 4150 ille,
2290 4100 2423 4138 cum
2456 4082 2646 4137 adhuc
2678 4086 2833 4136 esset
2861 4080 2919 4135 in
2946 4079 3247 4151 praeputio,
3275 4078 3637 4149 justiﬁcatus

1994 4178 2103 4229 est.
2132 4171 2357 4227 Etenim
2390 4171 2598 4226 horum
2633 4171 2819 4241 gratia
2846 4187 2976 4224 cum
3025 4174 3196 4223 antea
3251 4168 3446 4223 dictus
3485 4171 3641 4223 esset

1978 4264 2230 4332 Abram,
2263 4266 2501 4316 vocatus
2532 4264 2622 4315 est
2653 4259 2968 4315 Abraham.
2988 4259 3120 4313 Erat
3150 4260 3345 4312 autem
3377 4271 3637 4311 necessa-

1995 4352 2148 4406 rium
2191 4354 2277 4416 ut,
2309 4349 2676 4405 venientibus
2726 4349 2899 4403 rebus
2948 4346 3317 4419 signiﬁcatis,
3348 4346 3640 4400 desineret

1993 4441 2250 4512 signum.
2284 4440 2647 4510 Quapropter
2676 4437 2722 4493 si
2757 4437 2856 4508 qui
2889 4440 3108 4508 cogunt
3135 4440 3337 4507 gentes
3384 4435 3634 4489 circum-

1992 4530 2129 4597 cidi,
2161 4528 2338 4583 iidem
2371 4527 2581 4582 tollant
2618 4532 2675 4581 et
2720 4542 2932 4581 nomen
2980 4524 3295 4589 Abraham,
3331 4529 3388 4579 et
3433 4527 3637 4578 vocent

216 4615 312 4670 ἵνα
369 4617 405 4691 ᾖ
462 4619 528 4673 τὸ
584 4613 761 4691 ὄνομα
822 4613 1059 4693 βέϐαιον,
1109 4618 1200 4675 καὶ
1244 4621 1423 4696 πατὴρ
1453 4619 1681 4677 πολλῶν
1718 4622 1881 4686 ἐθνῶν

1996 4634 2125 4675 eum
2158 4618 2394 4673 Abram.
2421 4616 2477 4672 Si
2509 4632 2643 4671 vero
2675 4615 2967 4670 Abraham
3012 4617 3251 4668 vocatus
3298 4617 3387 4667 est
3433 4628 3466 4667 a
3498 4616 3633 4679 Deo,

226 4705 491 4775 καλῆται.
528 4706 755 4782 Καίγάρ
787 4706 848 4761 ού
906 4706 1093 4782 χρείαν
1156 4706 1271 4784 ἔχει
1341 4708 1536 4765 λοιπόν
1594 4731 1677 4772 τις
1732 4732 1883 4784 περι-

228 4794 543 4865 τέμνεσθαι,
574 4795 915 4871 ἀρκούμενος
944 4800 1011 4871 τῇ
1068 4796 1244 4853 πίστει
1301 4802 1397 4853 τοῦ
1438 4794 1705 4875 Ἀϐραάμ·
1757 4799 1885 4857 ἀλλ’

228 4881 358 4937 οὐδὲ
382 4891 482 4953 τῆς
515 4881 693 4955 ἄλλης
723 4892 823 4955 τῆς
872 4885 923 4940 ἐν
984 4890 1063 4958 τῷ
1118 4886 1274 4959 νόμῳ
1331 4894 1504 4949 σκιᾶς.
1537 4887 1609 4943 Ού
1664 4889 1767 4966 γὰρ
1826 4890 1884 4946 ἐκ

226 4971 457 5043 τούτων,
516 4972 646 5028 ἀλλ’
701 4973 761 5029 ἐκ
813 4974 1047 5037 πίστεως
1123 4972 1425 5031 δικαιοῦταί
1480 4998 1585 5046 τις,
1645 4978 1881 5054 καθάπερ

232 5059 321 5112 ιιιι³
414 5056 663 5135 Ἀϐἀάμ
750 5067 927 5119 Ταῦτα
1010 5064 1183 5126 οὕτως
1266 5064 1632 5121 κατασκευάσαι
1742 5068 1773 5121 ἀ

311 5102 323 5111 .
516 5100 541 5133 μ
668 5106 682 5118 .
1638 5089 1685 5138 ς,
1776 5090 1880 5123 πο-

235 5143 470 5202 δείκνυσι
499 5150 688 5219 πάλιν,
721 5151 804 5207 ὅτι
839 5150 1027 5215 ἄλλως
1076 5152 1177 5208 ούκ
1228 5153 1288 5207 ἂν
1340 5154 1553 5228 γένοιτο
1614 5155 1882 5231 λύτρωσις

230 5236 317 5287 καῖ
356 5237 512 5310 χάρις
540 5244 623 5310 τῷ
650 5240 869 5313 Ἰσραήλ
894 5240 984 5296 καὶ
1022 5246 1138 5304 τοῖς
1190 5238 1415 5311 ἔθνεσιν,
1447 5243 1492 5298 εί
1545 5245 1621 5315 μή
1674 5245 1811 5319 λυθῇ
1842 5250 1876 5317 ’ἧ

232 5322 445 5398 ἀρχαία
466 5327 723 5403 ἁμαρτία,
752 5332 788 5398 ἡ
824 5326 913 5383 διὰ
957 5335 1055 5385 τοῦ
1082 5329 1264 5404 ’Δδᾶμ
1311 5331 1388 5394 εἰς
1441 5332 1675 5395 ἅπαντας
1725 5356 1878 5409 γενο-

240 5414 403 5481 piam.
441 5417 508 5467 Δι’
564 5415 742 5471 ἄλλου
773 5415 831 5471 δὲ
858 5418 1057 5488 ταύτην
1121 5421 1198 5491 μὴ
1259 5418 1511 5485 δύνασθαι
1563 5420 1879 5501 ἑξαλιιρῆναί

238 5520 430 5575 quem,
460 5504 491 5571 ἦ
522 5502 614 5559 διὰ
663 5510 763 5559 τοῦ
819 5508 970 5578 Ποῦ,
1000 5506 1071 5562 δι’
1102 5509 1165 5564 οὗ
1195 5509 1284 5564 καὶ
1317 5511 1367 5581 ἐξ
1399 5511 1580 5586 ἀρχῆς
1610 5513 1645 5581 ἡ
1676 5514 1880 5588 κατάρα

242 5588 487 5662 γιγονεν.
515 5592 588 5647 Οὐ
648 5593 753 5668 γὰρ
812 5590 1030 5651 δυνατὸν
1059 5599 1125 5666 ἦν
1159 5596 1327 5654 ἄλλον
1377 5598 1535 5654 λῦσαι
1582 5621 1645 5655 το
1702 5602 1879 5678 παρά-

244 5694 470 5751 πτωμα.
498 5680 627 5738 Εἶτα
656 5679 875 5763 γράφει,
906 5682 989 5740 ὅτι
1018 5683 1202 5751 ἄλλῶς
1247 5691 1409 5744 τοῦτο
1464 5686 1527 5744 ού
1587 5690 1664 5764 μή
1711 5691 1876 5769 γίνη-

1995 4724 2109 4763 non
2142 4710 2369 4780 oportet
2398 4710 2601 4778 gentes
2633 4704 2976 4762 circumcidi
3012 4719 3023 4757 :
3054 4703 3172 4757 imo
3204 4718 3274 4756 ne
3301 4701 3489 4756 Judaei
3511 4701 3638 4771 qui-

1994 4797 2125 4852 dem
2140 4798 2464 4851 secundum
2481 4809 2717 4851 carnem
2731 4810 2822 4850 am
2835 4793 2987 4864 plius
3000 4790 3454 4848 circumcidendi
3472 4795 3635 4856 sunt,

1993 4891 2058 4941 ut
2089 4887 2324 4941 firmum
2376 4885 2451 4940 sit
2500 4900 2713 4939 nomen
2747 4881 3035 4953 (Abraha)
3064 4885 3414 4949 voceturque
3471 4883 3638 4951 pater

1993 4975 2308 5031 multarum
2341 4974 2626 5047 gentium.
2663 4971 2819 5027 Nulli
2862 4970 3019 5026 enim
3061 4968 3307 5042 posthac
3335 4984 3484 5040 opus
3523 4974 3636 5036 est,

1992 5070 2056 5119 ut
2083 5064 2555 5129 circumcidatur,
2588 5078 2721 5117 cum
2754 5059 3011 5115 sufﬁciat
3041 5058 3185 5113 fides
3216 5057 3457 5112 Abrahae
3490 5072 3636 5112 :nec

1991 5170 2139 5225 opus
2170 5158 2259 5208 est
2290 5152 2409 5208 ulla
2448 5150 2596 5223 legis
2646 5149 2874 5205 umbra.
2906 5148 3032 5204 Non
3081 5147 3237 5203 enim
3282 5146 3639 5217 justiﬁcatur

1989 5244 2303 5315 quisquam
2336 5258 2402 5297 ex
2431 5241 2666 5307 talibus,
2701 5238 2801 5294 sed
2851 5254 2920 5293 ex
2968 5238 3101 5303 fide,
3135 5235 3633 5308 quemadmodum

1990 5338 2048 5388 et
2080 5332 2390 5387 Abraham.
2424 5331 2738 5401 Postquam
2771 5328 2885 5384 ista
2914 5328 2986 5383 ad
3016 5326 3171 5382 hunc
3230 5325 3469 5381 modum
3504 5341 3634 5395 pro-

1988 5422 2170 5490 bavit,
2214 5422 2425 5477 iterum
2476 5418 2752 5484 ostendit,
2784 5417 2938 5489 quod
2969 5433 3073 5473 nec
3100 5414 3319 5480 Israeli,
3352 5429 3455 5468 nec
3494 5428 3633 5484 gen-

1988 5510 2146 5566 tibus
2178 5509 2292 5565 alia
2320 5508 2507 5581 possit
2539 5507 2759 5563 ratione
2790 5506 3114 5576 redemptio
3146 5508 3203 5560 et
3231 5504 3419 5575 gratia
3450 5500 3634 5555 obtin-

1987 5616 2143 5674 gere,
2169 5599 2280 5654 nisi
2311 5602 2602 5654 vetustum
2634 5596 2776 5652 illud
2802 5593 3294 5669 peccatum,quod
3332 5608 3431 5662 per
3449 5589 3631 5643 Adam

1988 5690 2050 5747 in
2081 5704 2284 5746 omnes
2318 5686 2596 5744 mortales
2646 5684 2927 5757 pervenit,
2978 5683 3257 5740 solvatur.
3290 5676 3477 5736 Deleri
3520 5690 3626 5729 au-
