4086 6222
397 339 516 396 415

1586 343 1649 400 S.
1698 339 2217 401 ATHANASIUS.
2243 370 2319 383 —
2350 337 2611 401 DUBIA.

3700 339 3826 400 416

397 474 510 525 tem
545 486 647 541 per
679 470 858 525 alium
892 488 1004 527 non
1041 488 1228 543 posse,
1262 472 1374 526 nisi
1409 489 1508 542 per
1550 471 1757 526 Filium
1791 471 1910 538 Dei,
1947 487 2050 542 per

2177 489 2269 539 ται,
2303 467 2348 523 εἰ
2393 469 2468 540 μὴ
2502 468 2855 541 σωματωθεῖς
2887 469 2914 522 ὁ
2956 469 3077 530 Υἱὸς
3124 473 3223 522 τοῦ
3271 472 3404 523 Θεοῦ
3451 470 3673 544 γένηται
3722 467 3820 524 ἄν-

398 576 571 630 quem
606 564 661 614 et
691 560 762 613 ab
793 559 957 615 initio
993 561 1322 616 maledictio
1354 561 1507 615 facta
1537 561 1629 616 sit.
1655 561 1853 631 Neque
1883 560 2039 615 enim

403 648 677 719 possibile
726 653 866 714 erat,
931 654 993 703 ut
1065 650 1216 705 alius
1274 649 1553 706 delictum
1612 650 1722 704 hoc
1779 649 2046 704 solveret.

404 738 619 791 Deinde
651 737 1041 809 scribit,quod
1078 738 1238 793 nullo
1262 738 1373 793 alio
1406 745 1570 809 pacto
1603 739 1657 792 id
1693 739 1813 792 fieri
1842 738 2048 809 potuit,

404 843 576 897 quam
607 831 671 881 ut
700 844 939 898 corpore
969 833 1273 899 assumpto
1308 828 1485 882 Filius
1522 828 1613 883 Dei
1648 828 1809 882 ﬁeret
1837 828 2047 882 homo:

406 921 469 969 ut
508 932 720 986 corpus
770 916 897 983 hoc,
934 917 1198 987 inquam,
1232 917 1387 988 quod
1448 917 1822 987 passionibus
1884 917 2052 972 nobis

406 1003 599 1059 simile
657 1011 831 1071 esset,
868 1022 968 1075 pro
1028 1006 1304 1061 omnibus
1361 1006 1611 1071 offerret,
1663 1011 1719 1061 et
1771 1022 1976 1061 omnes
2021 1023 2055 1060 a

408 1098 590 1149 morte
624 1094 915 1154 liberaret.
952 1102 1006 1147 et
1034 1095 1530 1165 quemadmodum
1584 1111 1685 1165 per
1726 1112 1907 1149 unum
1951 1095 2053 1149 ho-

409 1185 625 1237 minem
655 1188 955 1254 peecatum
992 1184 1047 1237 in
1085 1184 1370 1238 mundum
1404 1184 1737 1255 ingressum
1768 1184 1975 1248 est,ita
2000 1188 2058 1239 et

410 1288 512 1341 per
543 1288 724 1325 unum
758 1272 1057 1327 hominem
1087 1273 1157 1326 ad
1196 1288 1398 1327 omnes
1431 1272 1706 1327 mortales
1738 1272 1889 1327 I48
1923 1288 2056 1343 gra-

405 1361 485 1414 tia
517 1360 861 1431 perveniret.
885 1360 1167 1431 Deinceps
1200 1366 1654 1432 vero,tanquam
1688 1357 1876 1416 bon'us
1908 1377 2058 1416 oeco-

405 1448 888 1515 nomus,Judaeos
920 1449 1274 1515 consolatur,
1298 1451 1449 1521 quod
1482 1449 1627 1521 legis
1659 1454 2057 1521 transgresso-

405 1553 495 1592 res
551 1537 731 1592 futuri
788 1555 902 1592 non
956 1537 1094 1605 sint,
1130 1539 1176 1593 si
1226 1539 1285 1593 in
1326 1539 1625 1595 Christum
1656 1539 1946 1594 credant:
1984 1538 2059 1593 iis

401 1642 557 1693 vero,
591 1627 690 1697 qui
722 1643 790 1681 ex
828 1627 1102 1699 gentibus
1134 1628 1523 1688 crediderant;
1574 1628 1769 1696 edicit,
1804 1644 1875 1682 ne
1922 1644 2060 1683 con-

2154 569 2394 633 θρωπος,
2445 554 2555 629 ⁸ίνα,
2603 562 2787 625 τοῦτο,
2842 558 2986 633 φημὶ
3039 554 3128 627 δὴ,
3173 557 3237 611 τὸ
3295 559 3626 629 ὁμοιοπαθὲς
3677 562 3819 631 ἡμῖν

2163 651 2321 719 σῶμα
2360 647 2720 723 προσενέγκας
2768 646 2900 722 ὑπὲρ
2954 647 3189 714 πάντων,
3229 646 3354 708 τοὺς
3401 646 3604 709 πάντας
3656 645 3811 703 ἐλευο

2163 736 2374 810 Θερώσῃ
2406 736 2512 790 ἀπὸ
2539 741 2635 790 τοῦ
2685 736 2935 800 θανάτου,
2967 735 3057 790 καὶ
3103 734 3282 810 ὥσπερ
3334 733 3404 789 δι’
3445 736 3563 798 ἑνὸς
3610 738 3823 812 ἀνθρώ-

2162 845 2267 878 που
2316 828 2351 893 ἡ
2404 824 2641 901 ἁμαρτία
2684 824 2759 886 εὶς
2804 824 3009 897 κόσμον
3061 823 3330 894 εἰσῆλθεν,
3387 825 3559 887 οῧτως
3607 826 3701 880 καὶ
3748 823 3824 880 δι’

2165 914 2282 974 ἑνὸς
2312 915 2600 983 ἀνθρώπου
2641 914 2716 976 εἷς
2767 913 2969 975 πάντας
3018 914 3339 989 ἀνθρώπους
3370 917 3404 982 ἡ
3437 914 3597 989 χάρις
3648 916 3822 991 γένη-

2162 1023 2272 1058 ται.
2307 1002 2402 1057 Καὶ
2436 1002 2653 1069 λοιπὸν,
2687 1004 2760 1064 ὡς
2793 1000 2961 1064 καλὸς
3008 1002 3322 1074 οἰκονόμος,
3354 1003 3481 1065 τοὺς
3536 1005 3630 1076 μὲν
3681 1006 3828 1060 Ἰου-

2167 1089 2350 1153 δαίους
2401 1094 2819 1169 παραμυθεῖται,
2862 1092 2944 1146 ὅτι
2993 1091 3069 1147 Οὐ
3118 1087 3422 1168 παραϐάται
3470 1092 3682 1168 γίνεσθε
3726 1098 3831 1148 τοῦ

2165 1180 2359 1253 νόμου,
2393 1181 2479 1236 ἐὰν
2514 1182 2589 1244 εἷς
2638 1183 2726 1236 τὸν
2770 1182 2997 1256 Χριστὸν
3048 1181 3389 1251 πιστεύσητε’
3442 1187 3558 1244 τοῖς
3609 1180 3668 1237 δὲ
3718 1183 3832 1238 ἀπὸ

2164 1275 2273 1325 τῶν
2304 1269 2468 1334 ἐθνῶν
2504 1275 2777 1347 παρεγγυᾷ
2810 1271 2885 1343 μὴ
2919 1269 3229 1343 ἐπαίρεσθαι
3258 1271 3397 1325 κατὰ
3440 1275 3537 1324 τοῦ
3571 1270 3826 1345 Ἰσραὴλ,

2169 1356 2313 1414 ἀλλά
2336 1359 2641 1434 γινώσκειν,
2672 1359 2776 1424 ὅτι,
2812 1358 2885 1421 ὡς
2917 1356 3112 1413 κλάδοι
3153 1356 3239 1412 ἐπὶ
3284 1360 3385 1427 τήν
3447 1358 3618 1435 ῥίζαν,
3651 1360 3829 1421 οὕτως

2170 1448 2252 1503 ἐπ’
2304 1448 2543 1512 ἐκείνους
2604 1447 3089 1523 ἐνεκεντρίσθησαν.
3146 1447 3309 1502 Μετάι
3352 1445 3409 1502 δὲ
3465 1452 3631 1504 ταῦτα
3681 1469 3826 1524 παρ-

2169 1536 2467 1599 αινετικοὺς
2519 1536 2720 1612 λόγους
2770 1536 2844 1599 είς
2893 1537 2959 1591 τά
3009 1533 3119 1606 ἤθη
3184 1533 3422 1608 διδάξας,
3467 1535 3675 1593 τελειοῖ
3719 1539 3823 1606 τήν

2172 1625 2526 1696 Ἐπιστολήν.

402 1716 494 1769 tra
553 1714 823 1770 lsraelem
884 1715 1205 1786 erigantur,
1238 1716 1336 1769 sed
1398 1718 1721 1786 agnoscant
1776 1731 1859 1785 se,
1890 1714 2064 1770 veluti
2123 1731 2319 1770 ramos
2373 1715 2577 1782 radici,
2624 1713 2707 1769 ita
2760 1714 2983 1769 Judtsis
3040 1713 3317 1770 insertos.
3364 1714 3460 1770 llis
3514 1713 3830 1783 absolutis,

405 1803 765 1859 hortatorios
796 1820 1098 1859 sermones
1130 1822 1234 1876 pro
1258 1804 1522 1859 moribus
1552 1804 1935 1860 instituendis
1964 1804 2163 1873 tradit,
2197 1809 2369 1875 atque
2401 1804 2481 1858 ita
2511 1804 2833 1875 Epistolam
2866 1804 3017 1858 finit.

852 1929 1124 1995 Secunda,
1156 1929 1227 1984 ad
1259 1928 1592 1985 Corinthios.

469 2018 558 2073 60.
594 2018 751 2072 Hane
782 2018 852 2073 ad
884 2018 1213 2073 Corinthios
1246 2020 1485 2090 scripsit
1534 2019 1658 2090 ipse
1713 2017 1953 2085 Paulus,
1987 2034 2056 2073 ex

403 2106 632 2179 Epheso
662 2106 829 2173 Asiae,
865 2107 1098 2161 tametsi
1127 2123 1225 2161 eos
1248 2109 1371 2178 jam
1404 2106 1627 2161 viderat
1658 2112 1713 2161 et
1755 2108 2053 2171 docuerat,

406 2199 472 2249 ut
495 2194 882 2250 nihilominus
913 2212 1012 2250 eos
1046 2195 1404 2251 admoneret.
1431 2196 1669 2251 Occasio
1703 2200 1899 2250 autem
1936 2194 2059 2266 Epi-

409 2281 570 2337 stolas
603 2280 721 2335 haec
751 2287 868 2337 est:
901 2282 1207 2349 Corinthii,
1229 2299 1331 2354 per
1359 2284 1790 2339 contentionem
1823 2300 2061 2354 congre-

408 2373 551 2442 gati,
585 2370 890 2426 sententiis
948 2371 1102 2426 inter
1149 2388 1211 2426 se
1261 2372 1650 2442 dissidebant,
1700 2378 1758 2428 et
1806 2374 2060 2444 denique

406 2465 571 2515 erant
601 2460 753 2515 inter
776 2476 873 2515 eos
907 2460 1249 2524 schismata,
1283 2478 1535 2533 quorum
1565 2463 1703 2517 vitio
1763 2464 1957 2530 ﬁebat,
1996 2467 2061 2517 ut

412 2547 776 2619 negligerent
804 2566 961 2615 eum,
998 2549 1098 2620 qui
1133 2567 1439 2605 noveream
1498 2568 1665 2605 suam
1727 2552 1785 2605 in
1822 2569 2059 2606 uxorem

416 2637 530 2692 sibi
564 2642 916 2708 sumpserat.
954 2637 1065 2691 Alii
1115 2637 1384 2693 volebant
1432 2656 1642 2695 uxores
1681 2657 1842 2709 suas,
1876 2640 2062 2695 conti-

417 2724 627 2779 nentia:
657 2726 918 2792 obtentu,
945 2726 1557 2795 relinquere.0uidam
1591 2727 1646 2783 in
1682 2728 1916 2800 templis
1948 2729 2066 2783 ido-

416 2813 608 2869 lorum
628 2814 899 2884 edebant,
915 2815 1487 2885 quasiindit‘l‘erentia
1500 2821 1696 2872 essent
1717 2816 2061 2888 idolothyta.

418 2902 599 2956 Erant
651 2902 748 2973 qui
807 2902 1064 2974 reliquos
1121 2908 1579 2972 contemnerent,
1611 2922 1710 2961 eos
1762 2923 1912 2972 vero,
1963 2906 2063 2977 qui

423 2990 644 3061 linguis
686 2990 1097 3062 loquebantur,
1147 2993 1528 3063 suspicerent.
1564 2995 1861 3051 Postremo
1911 2999 1969 3051 et
2005 2995 2066 3050 in

427 3080 701 3150 mysterio
733 3081 1178 3137 resurrectionis
1217 3083 1457 3153 quidam
1500 3085 1726 3140 seducti
1775 3090 1959 3153 erant,
1988 3085 2070 3140 ita

425 3170 487 3219 ut
518 3164 796 3232 dicerent,
830 3169 1090 3223 futurum
1123 3186 1235 3223 non
1268 3186 1416 3236 esse,
1451 3176 1517 3225 ut
1554 3172 1675 3228 haac
1705 3180 1906 3229 nostra
1935 3189 2069 3229 caro

424 3259 712 3325 resurgat.
764 3254 905 3309 Cum
958 3256 1079 3311 hinc
1127 3260 1326 3314 omnia
1355 3260 1614 3314 Corinthi
1675 3268 2067 3330 moverentur,

424 3341 690 3397 scribunt
719 3343 916 3413 populi
949 3346 1248 3416 Apostolo,
1279 3348 1375 3419 qui
1408 3353 1465 3403 et
1492 3350 1563 3404 ad
1616 3350 1814 3404 omnia
1862 3350 2067 3405 rescri-

425 3431 527 3485 bit.
564 3432 631 3485 Et
662 3433 915 3501 primum
945 3434 1203 3502 quidem,
1224 3438 1623 3493 testimonium
1656 3438 1774 3495 illis
1805 3440 1905 3494 dat
1937 3455 2072 3509 pru-

426 3519 637 3574 dentia:
665 3524 722 3575 et
751 3520 1158 3591 eeientiaa,non
1184 3528 1379 3580 autem
1405 3526 1605 3583 laudat
1635 3543 1734 3583 eos
1766 3528 2074 3583 schismata

429 3608 726 3676 facientes,
762 3611 861 3665 sed
895 3613 1127 3677 suadet,
1161 3619 1224 3668 ut
1272 3614 1546 3670 virtutem
1597 3621 1803 3688 putent
1850 3635 1962 3673 non
2011 3617 2073 3673 in

428 3714 698 3754 sermone
756 3716 904 3767 esse,
937 3702 1038 3755 sed
1089 3702 1149 3757 iu
1197 3720 1369 3774 opere
1416 3712 1474 3759 et
1520 3710 1824 3777 potestate.
1858 3706 2075 3761 Deinde

430 3792 743 3860 postquam
787 3789 1077 3862 increpuit
1123 3809 1284 3863 eum,
1317 3794 1417 3865 qui
1452 3811 1757 3851 novercam
1791 3795 2075 3861 duxisset,

429 3877 891 3951 adhortatusque
949 3896 1021 3936 ne
1070 3880 1271 3938 litibus
1329 3884 1481 3939 inter
1525 3901 1588 3940 se
1638 3886 2076 3949 contenderent,

431 3966 705 4036 deinceps
736 3969 807 4023 ad
842 3987 909 4024 ea
940 3972 1270 4042 respondet,
1306 3974 1376 4027 de
1421 3974 1634 4044 quibus
1694 3973 1776 4027 illi
1828 3976 2075 4046 scripse-

431 4059 584 4109 rant.
624 4057 697 4109 De
730 4057 949 4128 nuptiis
981 4059 1167 4129 docet,
1202 4061 1511 4117 infractum
1543 4080 1672 4119 esse
1705 4063 1912 4119 debere
1943 4079 2078 4118 con-

426 4142 686 4214 jugium,
711 4150 767 4198 et
798 4163 1035 4216 precum
1068 4151 1257 4221 gratia
1288 4153 1357 4205 ad
1394 4157 1624 4223 tempus
1656 4153 1728 4207 ab
1757 4152 1858 4208 illo
1890 4152 2081 4207 vacari

438 4247 630 4302 posse.
666 4233 951 4297 Quoniam
984 4252 1118 4293 vero
1173 4240 1594 4295 continentiam
1637 4241 1979 4314 diligebant,
2013 4242 2084 4296 de

436 4319 771 4390 virginitate
820 4324 1044 4390 scribit,
1076 4327 1230 4397 quod
1293 4330 1617 4385 necessaria
1673 4347 1784 4385 non
1839 4330 1935 4399 sit,
1980 4330 2083 4385 sed

438 4408 726 4480 cujusque
755 4410 994 4467 arbitrio
1027 4415 1435 4485 permittenda.
1458 4417 1669 4473 Subdit
1697 4419 1768 4474 de
1796 4417 2085 4489 idolothy-

440 4496 538 4564 tis,
566 4514 638 4552 ne
668 4499 987 4555 abutantur
1016 4502 1279 4574 scientia,
1312 4505 1412 4559 sed
1463 4511 1879 4561 conversentur
1909 4507 1966 4560 in
1997 4506 2085 4559 di-

440 4584 705 4641 lectione.
742 4587 1015 4645 Prohibet
1043 4591 1220 4661 igitur
1257 4594 1538 4663 convivia,
1571 4611 1695 4664 qua
1744 4594 1803 4649 in
1851 4593 2087 4665 templis

2584 1926 2833 2001 Δευτέρα,
2874 1926 3012 2001 πρὸς
3055 1926 3393 2001 Κορινθίους.

2238 2019 2328 2071 60.
2361 2014 2568 2086 Ταύτην
2622 2012 2933 2070 ἐπιστέλλει
2983 2016 3012 2069 ὸ
3060 2015 3219 2077 αὐτὸς
3263 2014 3477 2076 Παῦλος
3526 2017 3664 2090 πρὸς
3718 2019 3832 2073 Ko-

2168 2104 2403 2180 ρινθίους
2449 2105 2555 2159 ἀπὸ
2603 2100 2835 2183 Ἐφέσου
2885 2111 2987 2173 τῆς
3039 2104 3241 2173 Ἀσίας,
3274 2104 3529 2179 ἑωρακὼς
3578 2106 3670 2176 μὲν
3728 2104 3837 2159 αὖ·

2167 2194 2294 2256 τοὺς
2326 2192 2435 2264 ἤδη
2462 2194 2551 2248 καὶ
2586 2191 2826 2263 διδάξας,
2858 2194 3290 2265 ὑπομιμνήσκων
3336 2190 3391 2247 δὲ
3421 2192 3575 2266 ὅμως
3609 2190 3697 2248 διὰ
3723 2201 3832 2262 τῆς

2171 2281 2497 2352 Ἐπιστολῆς
2552 2281 2773 2349 ταύτης.
2803 2288 2865 2337 'll
2896 2280 2955 2337 δὲ
3003 2282 3271 2359 πρόφασις
3328 2283 3427 2351 τῆς
3490 2282 3835 2351 Ἐπιστολῆς

2170 2371 2326 2441 αὕτη
2376 2371 2677 2446 Κορίνθιοι,
2728 2370 2786 2425 ἐκ
2836 2370 3172 2449 φιλονεικίας
3239 2371 3617 2447 συναγόμενοι,
3670 2371 3835 2447 ἐσχί-

2174 2466 2328 2529 ζοντο
2378 2467 2495 2522 ταῖς
2545 2462 2816 2535 γνώμαις,
2848 2462 2936 2515 καὶ
2996 2458 3189 2515 λοιπὸν
3248 2463 3314 2528 ἦν
3360 2459 3410 2515 ἐν
3460 2460 3645 2522 αὐτοῖς
3697 2459 3827 2536 σχί-

2174 2568 2369 2623 σματασ
2401 2550 2491 2604 καὶ
2522 2545 2691 2603 ὅντων
2744 2551 3082 2625 σχισμάτων,
3116 2544 3525 2623 παρεϐλέποντο
3573 2550 3666 2605 τὸν
3719 2548 3828 2604 λα-

2173 2634 2337 2693 ϐόντα
2391 2639 2490 2705 τήν
2554 2639 2819 2711 μητρυιὰν
2874 2637 2948 2699 εἰς
2999 2643 3245 2711 γυναῖκα.
3280 2636 3482 2695 ’Ἄλλοι
3530 2636 3586 2693 δὲ
3618 2636 3823 2707 ἤθελον

2172 2726 2598 2798 καταλιμπάνειν
2655 2725 2750 2787 τὰς
2806 2731 3061 2801 γυναῖκας
3143 2728 3406 2804 προφάσει
3480 2735 3579 2797 τῆς
3630 2727 3827 2803 ἐγκραο

2171 2814 2336 2877 τείας.
2371 2815 2524 2876 Τινὲς
2558 2812 2615 2869 δὲ
2644 2813 2731 2869 καὶ
2764 2812 2815 2869 ἐν
2849 2811 3151 2876 εἷδωλείοις
3181 2812 3371 2883 ἤσθιον
3406 2816 3480 2877 ὡς
3514 2812 3828 2893 ἀδιαφόρων

2175 2900 2344 2959 ὄντων
2377 2904 2484 2957 τῶν
2518 2901 2919 2959 εἰδωλοθύτων.
2949 2900 3149 2958 ’Ἄλλοι
3199 2900 3256 2957 δὲ
3300 2904 3429 2966 τοὺς
3480 2905 3573 2976 μὶν
3620 2903 3835 2966 ἄλλους

2178 2991 2504 3066 ἐξουθὲνουν,
2548 2991 2675 3053 τοὺς
2727 2989 2785 3045 δὲ
2833 2989 3133 3054 λαλοῦντας
3180 2990 3453 3067 γλώσσαις
3506 2983 3834 3066 ἐθαύμαζον.

2177 3082 2275 3137 Καὶ
2303 3080 2461 3143 τέλος
2493 3081 2775 3151 ἠπάτηντο
2807 3081 2896 3135 καὶ
2939 3079 3019 3143 είς
3063 3080 3127 3135 τὸ
3173 3078 3295 3153 περὶ
3342 3080 3677 3143 ἀναστάσεως
3729 3103 3837 3155 μυ-

2180 3173 2426 3245 στήριον,
2464 3168 2715 3244 λέγοντες
2770 3169 2845 3241 μὴ
2897 3167 3185 3243 ἐγείρεσθαι
3233 3170 3333 3238 τήν
3385 3169 3554 3244 σάρκα
3601 3168 3834 3241 ταύτην.

2179 3259 2400 3317 Τούτων
2456 3258 2668 3313 πάντων
2730 3257 2781 3313 ἐν
2834 3257 3080 3332 Κορίνθῳ
3128 3258 3488 3331 κινουμένων,
3535 3257 3833 3336 γράφουσιν

2181 3350 2232 3404 οἳ
2267 3347 2390 3403 λαοὶ
2420 3353 2499 3419 τῷ
2532 3345 2873 3418 Ἀποστόλῳ,
2905 3346 2993 3399 καὶ
3043 3344 3237 3401 λοιπὸν
3282 3347 3416 3422 πρὸς
3468 3348 3638 3401 πάντα
3683 3346 3835 3402 ἀντι-

2181 3439 2395 3515 γράφει.
2432 3436 2527 3490 Καὶ
2579 3440 2794 3510 πρῶτον
2846 3436 2937 3507 μὲν
2995 3439 3256 3510 μαρτυρεῖ
3303 3434 3487 3496 αὐτοῖς
3537 3435 3586 3490 ὲν
3621 3438 3835 3510 φρονή-

2183 3548 2260 3581 σει
2291 3526 2377 3580 καὶ
2402 3527 2621 3600 γνώσεισ
2658 3523 2755 3578 οὐκ
2793 3520 3118 3598 ἀποδέχεται
3180 3520 3236 3577 δὲ
3294 3522 3489 3584 αὐτοὺς
3542 3529 3835 3586 ποιοῦντας

2181 3616 2245 3670 τὰ
2275 3614 2574 3690 σχίσματα,
2606 3611 2750 3668 ἀλλᾶ
2778 3612 2868 3666 καὶ
2900 3607 3259 3684 συμϐουλεύει
3313 3613 3389 3684 μή
3434 3611 3484 3666 ἐν
3532 3610 3687 3687 λόγῳ
3736 3615 3837 3681 τήν

2183 3705 2401 3778 ἀρετὴν,
2434 3701 2561 3757 ἀλλ’
2614 3701 2665 3756 ἐν
2718 3701 2858 3777 ἔργῳ
2904 3701 2995 3755 καὶ
3045 3698 3270 3774 δυνάμει
3321 3704 3591 3775 ἡγεῖσθαι⁸
3629 3700 3840 3771 ἔπειτα,

2185 3793 2510 3865 ἐπιτιμήσας
2553 3795 2634 3863 τῷ
2681 3792 2780 3859 τήν
2838 3789 3103 3866 μητρυιὰν
3154 3786 3400 3860 λαϐόντι,
3448 3790 3537 3844 καὶ
3587 3793 3843 3864 παραινέο

2187 3904 2280 3944 σας
2317 3882 2392 3954 μή
2425 3878 2570 3955 ἔχειν
2612 3878 2849 3954 κρίματα
2887 3880 3021 3952 πρὸς
3070 3878 3313 3947 ἑαυτοὺς,
3346 3878 3538 3933 λοιπὸν
3588 3879 3712 3954 περὶ
3762 3881 3839 3933 ὧν

2188 3970 2418 4047 ἔγραψαν
2455 3968 2820 4043 ἀποκρίνεται.
2858 3967 2986 4042 Περὶ
3035 3968 3128 4039 μὲν
3173 3972 3270 4022 τοῦ
3321 3968 3497 4042 γάμου
3547 3964 3839 4035 διδάσκων,

2190 4058 2457 4136 ἄρρηκτον
2518 4057 2651 4112 εἶναι
2709 4057 2807 4125 τήν
2867 4056 3263 4131 συζυγίαν,καὶ
3322 4055 3372 4110 ἐν
3433 4060 3607 4131 καιρῴ
3671 4057 3836 4129 μόνον

2191 4147 2479 4225 σχολάζειν
2540 4143 2628 4199 διὰ
2673 4146 2772 4213 τὴν
2825 4143 3016 4219 εὐχήν
3052 4141 3141 4198 διὰ
3189 4141 3247 4197 δὲ
3288 4144 3350 4198 τὸ
3394 4143 3599 4219 ἀγαπᾷν
3640 4143 3837 4205 αὐτοὺς

2189 4239 2288 4306 τήν
2363 4234 2698 4311 ἐγκράτειαν,
2755 4232 2945 4311 γράφει
3019 4234 3143 4308 περὶ
3216 4233 3521 4307 παρθενίας,
3596 4233 3679 4287 ὅτι
3761 4234 3838 4305 μή

2192 4327 2415 4402 ἀνάγκῃ,
2468 4322 2613 4378 ἀλλὰ
2658 4324 2838 4377 πειθοῖ
2884 4326 3045 4376 τοῦτο
3093 4321 3339 4397 γινέσθω.
3376 4322 3505 4377 Εἶτα
3553 4322 3677 4397 περὶ
3734 4325 3843 4375 τῶν

2195 4410 2713 4483 εἷδωλοθύτων,’ίνα
2775 4412 2850 4482 μή
2900 4415 3281 4485 καταχρῶνται
3329 4409 3398 4485 τῇ
3447 4411 3665 4486 γνώσει,
3697 4408 3844 4465 ἀλλά

2193 4507 2261 4577 τῇ
2314 4502 2489 4576 ἀγάπῃ
2535 4498 2953 4554 πολιτεύωνται,
3002 4496 3212 4552 Κωλύει
3264 4496 3353 4552 οὖν
3404 4498 3471 4551 τὰ
3499 4497 3550 4551 ἐν
3601 4495 3844 4570 εἰδωλίῳ

2197 4589 2489 4663 συμπόσια,
2533 4586 2625 4641 ’ἶνα
2687 4588 2763 4659 μὴ
2826 4583 3285 4655 σκανδαλίζωνται
3342 4587 3394 4640 ei.
3456 4586 3664 4662 μικροί.
3715 4588 3847 4641 Εἶτα

441 4673 729 4730 idolorum
804 4677 1027 4748 ﬁerent,
1098 4697 1168 4735 ne
1244 4682 1445 4752 pusilli
1525 4661 2064 4737 scandalizarentur

2195 4678 2318 4754 περὶ
2369 4682 2475 4732 τῶν
2524 4680 2899 4748 πνευματικῶν
2950 4675 3305 4751 χαρισμάτων
3354 4674 3565 4752 γράφει·
3613 4673 3706 4729 ’ίνα
3765 4676 3841 4748 μὴ

441 4762 646 4819 Postea
676 4765 746 4820 de
776 4766 947 4822 donis
980 4767 1385 4839 spiritualibus
1415 4770 1639 4842 scribit,
1672 4787 1744 4827 ne
1772 4772 2064 4826 charisma

2198 4767 2550 4846 διαφέρωνται
2580 4765 2633 4820 ἐν
2663 4771 2778 4826 τοῖς
2817 4764 3139 4840 χαρίσμασι,
3177 4761 3317 4835 μηδὲ
3368 4764 3700 4838 προκρίνωσι
3749 4765 3839 4818 τὸν

442 4858 568 4908 tum
600 4855 786 4926 gratia
816 4856 1128 4913 discrimen
1158 4859 1310 4914 inter
1338 4875 1399 4915 se
1422 4864 1706 4928 statuant,
1724 4875 1863 4916 neve
1886 4860 2064 4931 prefer

2197 4852 2395 4932 ἔχοντα
2422 4856 2485 4909 ἰὸ
2515 4855 2762 4931 χάρισμα
2790 4851 2915 4908 τόδε
2941 4857 3039 4907 τοῦ
3070 4849 3297 4928 ἔχοντος
3324 4849 3467 4906 τόδε·
3521 4853 3694 4906 πάντα
3741 4852 3841 4927 γὰρ

441 4946 575 4997 rant
602 4960 759 5015 eum,
793 4945 892 5016 qui
925 4947 1219 5003 charisma
1250 4948 1484 5021 aliquod
1518 4949 1807 5019 habet,ei,
1840 4949 1940 5020 qui
1974 4949 2064 5003 alii

2195 4951 2296 5001 τοῦ
2355 4944 2519 5000 αὐτοῦ
2572 4942 2879 5015 Πνεύματος
2929 4943 3057 4996 εἶναι
3107 4941 3274 5017 λέγει.
3309 4941 3403 4994 Καὶ
3465 4941 3659 4996 λοιπὸν
3719 4941 3843 5015 περὶ

442 5031 696 5087 donatus
743 5042 827 5089 est
862 5050 873 5089 :
911 5053 1047 5091 nam
1096 5038 1294 5094 omnia
1340 5039 1602 5110 ejusdem
1653 5054 1783 5094 esse
1832 5037 2064 5109 Spiritu:

2197 5035 2534 5095 ἀναστάσεως
2585 5030 2845 5086 διδάσκει·
2890 5031 2972 5085 ὅτι
3022 5030 3056 5099 ἦ
3108 5030 3234 5105 σάρξ
3284 5030 3565 5105 ἐγείρεται,
3611 5029 3846 5099 ἀποθνή-

442 5120 603 5177 dicit.
641 5122 855 5177 Deinde
884 5130 938 5180 et
970 5126 1039 5181 de
1070 5129 1495 5185 resurrectione
1526 5129 1712 5197 docet,
1745 5128 1899 5200 quod
1931 5126 2059 5183 scili

2199 5144 2397 5179 σκουσα
2459 5122 2549 5195 μὲν
2612 5120 2842 5197 φθαρτὴ,
2892 5118 3212 5193 ἐγειρομὲνη
3272 5116 3330 5173 δὲ
3388 5119 3657 5194 ἄφθαρτος
3714 5118 3848 5173 κατά

443 5214 533 5265 cet
586 5227 719 5266 caro
778 5219 1174 5271 resurrectura
1227 5217 1322 5285 sit,
1357 5224 1587 5274 mortua
1618 5217 1854 5289 quidem
1886 5232 2064 5271 corrui

2195 5215 2296 5282 τὴν
2347 5216 2441 5265 τοῦ
2488 5212 2722 5285 Χριστοῦ
2772 5208 2954 5282 χάριν.
2989 5208 3101 5275 Τὴν
3146 5204 3205 5261 δὶ
3253 5206 3539 5260 ἀνάστασιν
3589 5205 3696 5259 ἀπὸ
3750 5209 3844 5260 τοῦ

442 5298 688 5370 ptibilis,
722 5303 1025 5358 excitanda
1069 5320 1202 5362 vero
1232 5306 1568 5378 incorrupta
1600 5307 1923 5363 secundum
1956 5322 2059 5376 gra

2199 5298 2487 5376 ἐγηγέρθαι
2536 5297 2627 5351 τὸν
2689 5295 2914 5370 Χριστὸν
2957 5294 3254 5365 συνίστησι.
3291 5294 3388 5348 Καὶ
3446 5292 3521 5355 είς
3568 5294 3631 5349 τὸ
3685 5293 3845 5354 τᾶλος

442 5387 587 5442 tiam
621 5389 856 5447 Christi.
893 5393 1396 5452 Resurrectionem
1428 5413 1561 5451 vero
1619 5413 1686 5450 ex
1734 5412 1800 5450 eo
1854 5394 2064 5450 astruit

2200 5384 2609 5465 παραινετικοὺς
2670 5383 2871 5459 λόγους
2933 5383 3008 5445 εἰς
3053 5383 3119 5437 τὰ
3166 5379 3275 5453 ἤθη
3328 5384 3544 5459 γράφει,
3575 5383 3664 5437 καὶ
3723 5382 3844 5457 περὶ

446 5479 600 5548 quod
630 5480 899 5538 Christus
948 5484 1232 5541 excitatus
1262 5489 1369 5541 est.
1408 5487 1464 5541 ln
1515 5485 1670 5540 calce
1711 5484 1976 5540 hortatur
2022 5485 2064 5539 di

2200 5476 2393 5552 λογίας
2426 5482 2524 5545 τῆς
2582 5473 2657 5535 εἷς
2705 5471 2833 5534 τοὺς
2894 5470 3076 5548 ἁγίους
3134 5469 3523 5548 παραγγιλλει,
3556 5469 3647 5526 καὶ
3705 5471 3846 5526 οὕτω

446 5568 710 5625 moribus
743 5571 1141 5643 instituendis,
1175 5579 1232 5630 et
1261 5575 1331 5631 de
1361 5575 1602 5631 collecta
1633 5575 1702 5631 ad
1756 5573 2064 5630 subsidiun

2199 5566 2404 5623 τελειοῖ
2430 5565 2529 5633 τὴν
2567 5561 2917 5633 Ἐπιστολήν.

445 5664 781 5715 sanctorum
816 5659 1079 5720 iacienda
1105 5664 1383 5737 praecipit,
1417 5670 1592 5737 atque
1620 5664 1704 5721 ita
1733 5663 1983 5724 absolvit
2009 5658 2351 5735 Epistolam.
