4086 6222
231 340 351 397 417

455 467 656 543 Τρίτη,
680 464 843 521 πάλιν
870 462 959 520 καὶ
989 464 1122 536 αὕτη
1158 464 1294 541 πρὸς
1328 464 1669 541 Κορινθίους.

306 586 400 639 61.
436 581 534 637 Καί
583 582 782 652 ταύτην
833 582 968 658 πρὸς
1014 581 1141 643 τοὺς
1200 581 1397 642 αὐτοὺς
1444 579 1753 636 ἐπιστέλλει
1786 580 1891 633 ἀπὸ

237 670 603 734 Μακεδονίας.
654 677 713 726 Ἡ
770 668 828 725 δὲ
885 670 1150 748 πρόφασις
1201 677 1303 740 τῆς
1353 669 1682 738 Ἐπιστολῆς
1730 668 1890 736 αὕτη’

239 762 533 833 Δεξάμενοι
596 761 875 834 Κορίνθιοι
924 761 1022 828 τὴν
1071 760 1399 828 Ἐπιστολὴν
1451 760 1548 827 τήν
1607 758 1889 833 προτέραν,

234 850 604 926 κατενύγησαν
651 848 737 904 ἰπὶ
908 848 1143 922 ἁμαρτίᾳ
1197 853 1293 902 τοῦ
1344 843 1609 909 λαϐόντος
1638 848 1737 915 τήν
1784 868 1891 919 μη-

231 943 445 1016 τρυιὰν,
494 941 586 995 καὶ
632 940 981 1010 ἐλυπήθησαν
1038 937 1116 1005 δὲ,
1166 940 1240 1002 ὡς
1293 937 1612 1015 παριδόντες
1644 941 1890 991 τοιοῦτον

233 1031 561 1107 ἁμάρτημα·
625 1030 740 1084 εἶτα
786 1028 1167 1107 ὑφηρπάζοντο
1226 1028 1371 1102 παρά
1418 1049 1580 1082 τινων
1638 1032 1743 1081 τῶν
1804 1027 1893 1079 καὶ

228 1123 325 1182 τὰς
359 1118 661 1197 προφάσεις
712 1123 823 1173 τῶν
873 1116 1193 1193 σχισμάτων
1243 1117 1569 1189 ποιούντων,
1622 1114 1759 1170 ὣστε
1787 1137 1895 1170 πα-

235 1208 721 1284 ρακαθέζεσθαιτῷ
750 1208 1037 1282 γράμματι
1069 1212 1165 1261 τοῦ
1217 1206 1411 1279 νόμου,
1463 1206 1552 1260 καὶ
1601 1202 1892 1282 ἀδιάφορον

233 1302 493 1373 ἡγεῖσθαι
543 1299 642 1365 τὴν
693 1298 839 1369 παρὰ
893 1300 990 1351 τοῦ
1038 1298 1273 1372 Χριστοῦ
1321 1297 1507 1371 χάριν,
1552 1294 1639 1349 καὶ
1686 1293 1897 1367 μᾶλλον

234 1394 539 1462 προσεῖχον
599 1392 715 1447 τοῖς
766 1386 818 1441 ἐν
874 1387 1153 1461 προσώπῳ
1200 1384 1604 1460 καυχωμένοις.
1637 1385 1805 1440 Ἦσαν
1840 1379 1896 1436 δὲ

236 1478 328 1531 καὶ
385 1476 512 1550 περὶ
560 1481 664 1543 τῆς
714 1474 903 1551 λογίας
946 1481 1045 1543 τῆς
1093 1473 1169 1536 εἲς
1202 1474 1331 1536 τοὺς
1364 1473 1550 1548 ἁγίους
1583 1473 1895 1551 φροντίζον-

234 1586 324 1627 τες
386 1564 597 1627 καλῶς.
655 1565 798 1640 Πρὸς
845 1569 1012 1618 ταῦτα
1062 1561 1151 1617 οὖν
1204 1564 1513 1641 ἀντιγράφει
1574 1564 1601 1617 ὁ
1632 1561 1895 1618 Ἀπόστο-

237 1654 360 1714 λος.
389 1653 492 1708 Καὶ
523 1658 740 1729 πρῶτον
788 1654 883 1726 μὲν
932 1649 1258 1727 ἀποδέχεται
1308 1651 1526 1721 αὐτοὺς,
1571 1646 1898 1710 ἐκϐαλόντας

233 1744 327 1797 τὸν
386 1744 878 1817 παρανομήσαντα·
937 1739 1118 1796 ἔπειτα
1168 1741 1450 1811 ἀξιώσασιν
1484 1740 1666 1801 αὐτοῖς
1699 1758 1895 1813 συγκα-

1332 333 1706 397 SYNOPSIS
1750 332 2212 395 SCRIPTURJE
2256 336 2549 397 SACHE.

3527 346 3645 404 418

2377 470 2571 537 Tertia,
2605 471 2806 527 iterum
2834 470 2905 526 ad
2936 472 3272 529 Corinthios.

2069 583 2157 636 61.
2197 584 2273 638 Ad
2306 586 2539 639 eosdem
2584 596 2635 640 et
2681 586 2831 641 hanc
2879 587 3120 644 mittite
3152 589 3511 645 Macedonia.
3545 592 3647 645 Est

2002 680 2195 726 autem
2230 672 2389 728 illius
2420 675 2646 730 occasio
2696 675 2830 731 talis
2854 693 2866 729 ε
2890 676 3084 732 Priore
3130 682 3365 749 accepta
3391 679 3647 749 Epistola

2001 759 2299 829 Corinthii,
2334 766 2669 834 compuncti
2723 782 2899 835 super
2949 772 3183 836 peccato
3215 767 3343 835 ejus
3396 767 3493 837 qui
3545 784 3651 821 no-

2000 865 2231 904 vercam
2264 867 2429 905 suam
2459 854 2722 918 duxerat,
2743 855 3188 924 contristatique
3221 858 3467 921 fuerant,
3494 857 3649 927 quod

2004 938 2118 993 tale
2152 946 2453 1009 peccatum
2483 942 2911 1012 neglexissent:
2939 944 3146 997 deinde
3170 944 3392 997 seducti
3423 945 3655 999 fuerant

2005 1029 2077 1083 ab
2110 1028 2247 1097 illis,
2274 1029 2372 1101 qui
2423 1030 2811 1086 schismatum
2843 1032 3204 1086 occasionem
3238 1034 3538 1098 dederant,
3574 1035 3655 1087 ita

2008 1122 2071 1171 ut
2116 1118 2317 1171 litterae
2375 1119 2517 1189 legis
2568 1119 2865 1173 servandae
2925 1121 3246 1190 studerent,
3298 1128 3353 1175 et
3400 1122 3649 1193 gratiam

2005 1207 2221 1262 Christi
2255 1207 2680 1261 inditl‘erentem
2723 1208 3079 1277 judicarent,
3112 1214 3286 1279 atque
3333 1210 3426 1275 iis,
3460 1211 3559 1280 qui
3592 1213 3652 1265 in

2006 1295 2211 1349 faciem
2254 1312 2382 1349 sese
2422 1296 2747 1365 jactabant,
2776 1297 2906 1367 plus
2955 1298 3341 1352 attenderent.
3374 1299 3453 1353 De
3484 1298 3655 1354 colle-

2005 1391 2099 1439 cta
2128 1400 2261 1438 vero
2291 1384 2350 1438 in
2387 1400 2528 1439 usus
2560 1390 2900 1440 sanctorum
2942 1386 3223 1455 facienda,
3258 1387 3435 1457 probe
3483 1403 3654 1443 cura-

2005 1473 2167 1527 bant.
2195 1473 2280 1526 Ad
2315 1474 2422 1527 ista
2450 1473 2630 1545 igitur
2652 1474 2917 1529 rescribit
2944 1473 3275 1545 Apostolus.
3301 1475 3365 1529 Et
3397 1476 3655 1546 primum

2006 1562 2241 1632 quidem
2278 1561 2479 1616 laudat
2507 1564 2689 1633 ipsos,
2724 1562 2875 1633 quod
2910 1563 3219 1632 ejecissent
3251 1581 3384 1618 eum
3419 1565 3518 1637 qui
3552 1566 3655 1621 de-

2005 1649 2257 1721 liquerat
2290 1667 2301 1704 :
2339 1652 2546 1706 deinde
2581 1653 2914 1722 petentibus
2953 1651 3097 1723 ipsis
3130 1654 3333 1707 annuit
3363 1658 3419 1708 et
3448 1654 3655 1725 resipi-

2007 1745 2267 1795 scentem
2300 1739 2467 1793 illum
2520 1742 2694 1811 recipi
2728 1741 2918 1811 jubet.
2957 1746 3128 1796 Docet
3158 1743 3335 1796 etiam
3385 1742 3493 1798 hac
3526 1743 3656 1814 Epi-

236 1831 475 1899 tzvs'Sst,
509 1832 599 1885 καὶ
645 1833 1047 1902 μετανοήσαντα
1099 1828 1299 1884 ἐκεῖνον
1348 1829 1556 1884 κελεύει
1616 1826 1897 1902 δεχθῆναι.

2019 1828 2158 1883 stola
2206 1830 2275 1882 de
2328 1828 2473 1899 lege,
2510 1828 2925 1884 discriminatis
2974 1829 3094 1884 illic
3142 1829 3421 1898 litteram,
3456 1837 3514 1886 et
3563 1849 3658 1887 os-

240 1924 331 1975 Ἐν
392 1920 533 1993 αὐτῇ
595 1917 651 1974 δὲ
709 1917 948 1973 διδάσκει
1007 1918 1131 1989 περὶ
1187 1922 1281 1972 τοῦ
1338 1917 1533 1990 νόμου,
1585 1913 1806 1990 διαιρῶν
1836 1914 1899 1968 τὸ

242 2011 506 2084 γράμμα,
560 2008 650 2063 καὶ
712 2006 995 2079 δείκνυσιν,
1064 2006 1146 2061 ὅτι
1206 2006 1267 2061 οὐ
1344 2004 1426 2060 δεῖ
1485 2000 1778 2077 λαμϐάνειν
1836 2003 1899 2058 τὸ

237 2099 487 2173 γράμμα
512 2097 675 2171 μόνον
706 2102 806 2153 τοῦ
836 2097 1033 2170 νόμου,
1062 2094 1188 2151 ἀλλ’
1220 2094 1270 2150 ἐν
1321 2094 1466 2167 αὖτῷ
1494 2099 1573 2166 τῷ
1617 2095 1901 2169 γράμματι

239 2189 347 2256 τὴν
410 2184 653 2241 διάνοιαν
701 2186 936 2260 ἐρευνᾷνθ
988 2184 1049 2239 οὐ
1108 2185 1211 2258 γὰρ
1275 2184 1438 2256 μόνον
1499 2182 1636 2259 ῥητά
1683 2182 1822 2237 ἐστιν
1873 2182 1900 2235 ὁ

237 2276 443 2349 νῦμος,
507 2274 651 2330 ἀλλὰ
697 2275 786 2329 καὶ
835 2274 887 2329 ἐν
936 2279 1053 2336 τοῖς
1096 2274 1283 2349 ῥητοῖς
1313 2272 1421 2327 ἐστι
1475 2272 1565 2327 καὶ
1598 2273 1625 2325 ὁ
1653 2276 1776 2332 νοῦς
1804 2274 1901 2325 τοῦ

240 2365 587 2437 πνεύματος·
620 2361 826 2433 ἔπειτα,
858 2363 942 2417 ὅτι
980 2367 1074 2417 τοῦ
1124 2364 1358 2437 Χριστοῦ
1413 2360 1687 2432 ἐλθόντος,
1741 2360 1899 2428 καινή

236 2456 422 2515 κτίσις
474 2454 686 2528 γέγονε,
732 2452 820 2507 καὶ
872 2452 938 2506 οὗ
988 2449 1070 2506 δεῖ
1107 2451 1241 2506 κατά
1268 2452 1330 2505 τὸ
1361 2449 1592 2505 παλαιὸν
1630 2452 1743 2522 ζῇν,
1776 2446 1902 2503 ἀλλ’

236 2546 320 2605 ὡς
376 2544 430 2597 ἓν
482 2545 643 2615 καινῇ
689 2541 854 2596 κτίσει
910 2540 960 2597 ἐν
1010 2546 1170 2595 πᾶσιν
1216 2540 1562 2603 ἀνανεοῦσθαι
1614 2537 1701 2593 καί
1731 2538 1903 2613 ἀργὴν

238 2633 383 2688 εἶναι
416 2630 618 2686 λοιπὸν
664 2632 762 2698 τὴν
816 2632 1142 2703 περιτομήν.
1186 2626 1542 2704 Ἀποδὲχεται
1594 2625 1651 2681 δὲ
1707 2627 1901 2688 αὐτοὺς

236 2723 337 2777 καὶ
386 2721 515 2797 περὶ
559 2727 662 2789 τῆς
710 2717 1006 2787 διακονίας,
1048 2717 1135 2773 καί
1167 2718 1526 2795 προτρέπεται
1562 2715 1773 2790 μᾶλλον
1806 2716 1901 2770 αὐ-

235 2812 378 2871 τοῦς
436 2808 779 2878 πλεονάζειν.
832 2808 961 2862 Εἶτα
1001 2808 1325 2880 αἰτιώμενος
1367 2806 1494 2868 τοὺς
1539 2806 1590 2860 ἐν
1621 2804 1903 2879 προσώπῳ

242 2898 672 2975 καυχωμένους,
720 2897 1007 2972 καταλέγει
1069 2897 1261 2967 πάντα,
1331 2897 1464 2971 ἅπερ
1532 2893 1763 2949 πέπονθε
1817 2891 1905 2947 διὰ

240 2991 345 3044 τὸν
406 2988 625 3062 Κύριον,
675 2986 765 3041 καὶ
816 2986 911 3047 τὰς
972 2985 1227 3046 ὀπτασίας
1287 2982 1344 3040 δὲ
1390 2982 1678 3060 διηγεῖται,
1737 2984 1903 3056 ἅσπερ

244 3080 522 3153 ἑώρακεν,
583 3075 659 3138 εἴς
705 3096 766 3131 τε
809 3076 899 3130 τὸν
960 3072 1286 3151 Παράδεισον
1337 3073 1426 3129 καὶ
1476 3073 1550 3135 εἷς
1597 3072 1687 3127 τὸν
1724 3071 1906 3146 τρίτον

245 3166 495 3239 οὐρανὸν
544 3164 818 3241 άρπαγείς.
870 3164 999 3218 Εἶτα
1045 3162 1413 3239 παραγγείλας
1447 3163 1522 3235 μὴ
1554 3161 1901 3237 ἁμαρτάνειν,

458 3219 736 3327 μετάνοεέν
780 3219 903 3315 τοὺς
935 3219 1361 3329 ἀμαρτάνάντας,
1393 3219 1457 3307 ίῖνι
1479 3219 1797 3327 εῦχαριῦτίᾳ
1817 3219 1902 3305 τεί
1934 3219 1978 3287 C

244 3345 401 3399 λε.ιοῖ
432 3344 536 3411 τὴν
560 3340 909 3413 Έπιστολήν.

715 3475 955 3551 Τετάρτῃ
967 3521 981 3541 ,
1013 3474 1150 3550 πρὸς
1187 3472 1452 3535 Γαλάτας.

310 3598 408 3652 62.
444 3592 656 3662 Ταύτην
716 3590 1022 3646 ἐπιστέλλει
1080 3590 1188 3645 ἀπὸ
1235 3590 1474 3663 Ῥώμης,
1517 3590 1771 3663 ἑωρακὼς
1812 3589 1905 3643 αὖ-

238 3687 372 3746 τοὺς
408 3679 526 3751 ἤδη
556 3680 646 3734 καὶ
681 3676 911 3749 διδάξας.
945 3680 1009 3735 Ἡ
1041 3676 1097 3733 δὲ
1127 3679 1393 3756 πρόφασις
1423 3685 1523 3747 τῆς
1578 3675 1903 3746 Ἐπιστολῆς

242 3771 410 3843 αὕτη·
454 3767 811 3844 Διδαχθὲντες
841 3767 1026 3829 καλῶς
1056 3770 1111 3821 οἱ
1142 3766 1375 3823 Γαλάται
1408 3767 1552 3843 παρὰ
1598 3771 1695 3821 τοῦ
1737 3767 1904 3822 Ἀπο-

250 3860 486 3924 στὸλου,
536 3858 629 3912 καὶ
682 3857 1062 3918 πιστεύσαντες
1111 3855 1346 3932 γνησίως
1405 3854 1479 3916 είς
1532 3855 1624 3909 τὸν
1658 3855 1905 3929 Χριστὸν,

248 3947 730 4021 ἀποδημησαντος
787 3946 977 4014 αὐτοῦ,
1047 3945 1473 4021 ὑφηρπάσθησαν
1524 3944 1670 4019 παρά
1724 3964 1907 4011 τινων,

249 4040 394 4093 ὥστε
457 4035 893 4112 περιτέμνεσθαι.
958 4038 1130 4088 Ταῦτα
1184 4033 1362 4089 τοίνυν
1434 4032 1615 4105 μαθὼν
1670 4033 1698 4086 ὁ
1748 4032 1909 4086 Ἀπό-

250 4126 476 4189 στολος,
534 4123 730 4200 γράφει
787 4123 920 4199 πρὸς
970 4120 1183 4183 αὐτούς.
1238 4121 1333 4174 Καὶ
1374 4125 1588 4194 πρῶτον
1650 4121 1742 4193 μὲν
1778 4141 1909 4196 μαρ-

244 4220 438 4290 τυρῶν
470 4212 662 4274 αὐτοῖς
694 4210 815 4285 περὶ
854 4213 920 4278 ἧς
966 4212 1117 4285 εἶχον
1158 4210 1412 4280 πίστεως,
1444 4213 1532 4264 καί
1582 4209 1807 4284 γνησίας
1857 4209 1908 4263 ἐν

246 4305 480 4377 Χριστῷ
550 4299 863 4370 διαθέσεως,
927 4299 1193 4377 μὲμφεται
1249 4300 1325 4361 ὡς
1383 4298 1627 4369 ἀνοήτως
1683 4298 1911 4374 πράξαν-

242 4413 369 4464 τας,
424 4392 515 4446 καὶ
581 4382 1060 4463 μεταϐαλομένους
1118 4386 1333 4448 αὐτούς’
1379 4383 1560 4441 ἔπειτα
1590 4383 1647 4441 δὲ
1678 4383 1912 4459 διαλαμ-

246 4477 413 4535 ϐάνει
471 4480 598 4555 περὶ
655 4483 752 4533 τοῦ
807 4476 998 4550 νόμου,
1051 4477 1138 4531 καὶ
1183 4483 1284 4547 τῆς
1344 4476 1478 4531 κατὰ
1526 4476 1615 4530 τὸν
1668 4470 1915 4551 Ἀϐραὰμ

2010 1918 2275 1981 tendens,
2306 1934 2419 1971 non
2464 1934 2591 1971 esse
2636 1917 2889 1972 litteram
2942 1916 3087 1988 legis
3135 1918 3318 1973 solam
3372 1920 3658 1991 accipien-

2010 2006 2170 2070 dam,
2221 2006 2320 2060 sed
2374 2005 2431 2059 in
2482 2004 2673 2059 littera
2722 1992 3075 2061 sententiam
3125 2008 3443 2062 eruendam
3489 2026 3501 2063 :
3544 2026 3659 2064 non

2011 2094 2168 2148 enim
2212 2094 2386 2148 verba
2436 2098 2662 2149 tantum
2715 2100 2853 2149 sunt
2900 2094 3008 2164 lex,
3042 2096 3141 2149 sed
3194 2097 3251 2150 in
3285 2098 3436 2151 I49
3470 2099 3662 2153 verbis

2011 2187 2100 2236 est
2130 2198 2339 2237 sensus
2383 2184 2646 2253 spiritus.
2679 2182 2918 2247 Deinde,
2952 2185 3107 2255 quod
3140 2186 3403 2240 veniente
3432 2185 3661 2241 Christo

2014 2286 2159 2324 nova
2207 2275 2472 2325 creatura
2530 2272 2679 2326 facta
2728 2271 2823 2335 sit,
2859 2288 2965 2327 nec
3013 2279 3276 2344 oporteat
3334 2275 3660 2329 secundum

2012 2363 2359 2413 vetustatem
2395 2359 2606 2427 vivere,
2639 2363 2739 2415 sed
2790 2362 2849 2414 in
2900 2360 3197 2430 omnibus,
3234 2360 3391 2417 velut
3420 2364 3477 2416 in
3511 2378 3663 2418 nova

2013 2454 2301 2514 creatura,
2349 2448 2613 2502 renovari
2681 2453 2738 2503 et
2795 2448 3153 2519 superﬂuam
3204 2451 3483 2522 deinceps
3535 2466 3663 2507 esse

2012 2536 2543 2592 circumcisionem.
2582 2537 2802 2591 Laudat
2833 2553 2931 2591 eos
2976 2540 3149 2592 etiam
3185 2539 3500 2594 ministerii
3531 2558 3661 2612 gra-

2014 2625 2116 2692 tia,
2158 2630 2215 2679 et
2261 2626 2623 2692 adhortatur,
2658 2633 2721 2680 ut
2767 2643 2833 2680 ea
2885 2628 2939 2679 in
2996 2642 3053 2679 re
3102 2628 3422 2681 abundent.
3460 2629 3665 2683 Postea

2015 2715 2389 2787 reprehendit
2437 2732 2557 2781 eos,
2609 2717 2710 2786 qui
2759 2715 2816 2771 in
2868 2714 3071 2770 faciem
3124 2716 3546 2787 gloriabuntur,
3597 2734 3664 2773 ao

2016 2811 2278 2859 recenset
2305 2821 2669 2876 quaecunque
2697 2822 2909 2876 passus
2926 2811 3050 2859 erat
3074 2810 3306 2877 propter
3329 2806 3662 2873 Dominum,

2015 2898 2072 2948 et
2112 2892 2385 2961 visiones,
2419 2909 2566 2964 quas
2614 2892 2855 2960 viderat,
2888 2893 3143 2964 exponit,
3177 2898 3232 2947 et
3279 2894 3571 2964 quomodo
3604 2894 3663 2950 in

2016 2982 2356 3037 Paradisum
2390 2982 2461 3037 ad
2496 2982 2733 3037 tertium
2782 2983 2994 3036 coelum
3047 2987 3249 3053 raptus
3280 2982 3375 3038 sit.
3408 2983 3668 3038 Tandem

2016 3075 2327 3143 postquam
2379 3069 2498 3125 illis
2531 3069 2895 3125 denuntiavit
2937 3086 3010 3125 ne
3056 3075 3312 3141 peccent,
3346 3073 3448 3126 sed
3483 3072 3531 3126 si
3566 3072 3667 3144 qui

2016 3161 2333 3231 peccarint,
2366 3159 2736 3231 resipiscant,
2770 3175 2903 3216 cum
2937 3161 3256 3231 gratiarum
3295 3161 3519 3216 actione
3550 3165 3667 3217 ter-

2018 3251 2203 3307 minat
2232 3249 2572 3323 Epistolam.

2541 3472 2766 3540 Quarta,
2799 3472 2869 3528 ad
2902 3469 3141 3528 Galatas.

2084 3590 2171 3642 62.
2208 3588 2366 3644 Hanc
2400 3588 2560 3643 misit
2595 3593 2793 3655 Roma,
2827 3606 2962 3643 cum
2998 3590 3123 3659 jam
3158 3589 3403 3644 vidisset
3430 3588 3666 3646 Galatas

2017 3693 2082 3732 ac
2111 3677 2425 3733 docuisset.
2453 3678 2551 3733 Est
2576 3684 2771 3733 autem
2795 3694 2861 3732 ea
2884 3677 3139 3749 epistola:
3164 3677 3388 3733 occasio
3414 3695 3426 3732 :
3451 3677 3666 3733 Galatas

2016 3772 2329 3837 postquam
2372 3772 2528 3822 recte
2578 3767 2827 3822 fuissent
2868 3766 3119 3821 instituti
3170 3766 3241 3821 ab
3291 3765 3579 3836 Apostolo,
3612 3771 3671 3822 et

2018 3856 2242 3910 sincere
2288 3856 2345 3909 in
2378 3854 2678 3910 Christum
2729 3854 3139 3921 credidissent,
3173 3871 3305 3908 cum
3354 3854 3668 3925 Apostolus

2019 3945 2312 4015 protectus
2346 3944 2570 4010 fuisset,
2598 3942 2825 3998 seducti
2860 3944 3093 3997 fuerant
3118 3960 3151 3998 a
3181 3943 3558 4013 quibusdam,
3586 3944 3672 3998 ita

2024 4036 2087 4086 ut
2124 4032 2701 4087 circumciderentur.
2737 4032 2863 4086 Haec
2910 4048 3041 4086 cum
3088 4030 3390 4087 didicisset
3437 4034 3672 4103 Aposto-

2022 4122 2137 4188 lus,
2171 4119 2374 4175 scribit
2403 4121 2475 4175 ad
2520 4138 2617 4177 eos
2653 4139 2665 4177 :
2699 4127 2752 4177 et
2783 4120 2950 4175 initio
2981 4121 3218 4193 quidem
3265 4122 3669 4178 testimonium

2023 4209 2142 4264 illis
2190 4211 2290 4263 dat
2341 4209 2498 4277 fidei,
2540 4227 2718 4282 quam
2768 4210 3117 4276 habuerant,
3165 4215 3224 4266 et
3273 4210 3483 4266 sinceri
3535 4227 3673 4283 erga

2022 4300 2318 4356 Christum
2353 4300 2532 4355 animi
2559 4319 2573 4368 ;
2609 4319 2739 4356 mox
2770 4318 2904 4356 vero
2938 4302 3069 4369 ideo
3101 4303 3494 4374 reprehendit,
3516 4303 3670 4374 quod

2024 4388 2197 4444 stulte
2217 4390 2476 4461 egissent
2497 4406 2563 4445 ac
2584 4391 2793 4446 mutati
2815 4390 3082 4447 fuissent.
3100 4392 3532 4463 Consequeuter
3553 4392 3673 4448 dis-

2026 4482 2193 4550 putat
2222 4478 2293 4533 de
2329 4478 2474 4550 lege,
2507 4482 2563 4534 et
2594 4479 2663 4534 de
2706 4479 2817 4534 [ide
2858 4497 2989 4550 quae
3020 4482 3346 4537 secundum
3377 4482 3673 4537 Abraham

247 4571 516 4631 πίστεως·
572 4568 660 4623 καὶ
710 4564 1086 4622 ἀποδείκνυσιν
1144 4564 1203 4621 ἔκ
1256 4587 1314 4620 τε
1362 4569 1458 4619 τοῦ
1487 4564 1659 4637 νόμου
1688 4565 1777 4619 καὶ
1806 4569 1903 4619 τῶι

2024 4574 2133 4635 est,
2184 4584 2250 4623 ac
2298 4568 2554 4623 ostendit
2601 4584 2734 4623 cum
2788 4584 2856 4623 ex
2904 4568 3050 4640 lege,
3103 4575 3227 4626 tum
3279 4587 3347 4626 ex
3397 4571 3675 4627 uxoribus

246 4664 537 4735 τλναικῶν
594 4651 865 4732 ’Δϐραὰμ,
915 4654 1197 4730 ἀλληγορή
1218 4675 1310 4716 σας
1353 4653 1537 4725 αὐτάς,
1590 4650 1754 4730 μέχρι
1796 4676 1913 4709 και-

250 4754 361 4819 ροῦ
418 4744 666 4809 δεδόσθαι
715 4747 814 4813 τήν
868 4744 1039 4812 σκιάν,
1091 4744 1178 4798 καὶ
1211 4744 1309 4811 τὴν
1342 4744 1669 4819 περιτομὴν,
1700 4743 1789 4797 καὶ
1819 4744 1915 4818 ἀρ·-

249 4843 375 4911 γεῖν
439 4835 628 4889 λοιπὸν
675 4833 807 4888 αὐτὰ
853 4838 921 4906 τῇ
970 4838 1066 4887 τοῦ
1115 4835 1349 4906 Χριστοῦ
1380 4831 1661 4906 παρουσίᾳ.
1694 4832 1789 4887 Καὶ
1824 4832 1915 4887 οὕ-

248 4946 371 4987 τως
448 4922 749 4994 ἀποδείξας,
808 4920 1174 4998 παραγγέλλει
1236 4919 1427 4975 λοιπὸν
1488 4920 1670 4982 αὐτοῖς
1722 4922 1915 4993 μηκέτι

252 5015 563 5087 προσέχειν
592 5018 710 5073 τοῖς
740 5013 1095 5081 ἀπατήσασιν,
1125 5008 1270 5065 ἄλλα
1304 5008 1515 5081 μᾶλλον
1562 5007 1779 5085 ἔχεσθαι
1818 5018 1915 5079 τῆς

251 5103 309 5156 ἐν
345 5103 572 5175 Χριστῷ
621 5102 875 5166 πίστεως,
932 5100 1018 5154 καὶ
1071 5099 1378 5172 γινώσκειν,
1429 5097 1511 5152 δτι
1553 5101 1586 5168 ἡ
1622 5098 1672 5152 ἐν
1706 5104 1919 5175 Χριστῷ

252 5194 437 5265 χάρις
479 5195 728 5265 καταργεῖ
770 5190 866 5256 τήν
909 5189 1041 5243 κατά
1091 5187 1259 5258 σάρκα
1288 5189 1610 5263 περιτομήν.
1647 5187 1744 5243 Καὶ
1776 5188 1918 5242 οὓτω

253 5279 353 5309 ’μ
411 5300 423 5311 ‘
527 5278 570 5314 θ’
613 5275 773 5330 ,κριθ
1045 5276 1068 5331 ἑ
1270 5272 1434 5330 εὸκι
1771 5282 1791 5292 .-
1864 5277 1876 5295 ς

258 5295 441 5332 .-αλιι
504 5299 570 5341 ες
623 5300 680 5333 ..α
708 5302 735 5347 r,
778 5300 811 5347 η
844 5297 1036 5353 παραιν
1073 5297 1165 5337 σας
1196 5296 1285 5330 και
1355 5275 1555 5346 ιοαξας,
1587 5274 1791 5331 τελειοι
1818 5298 1915 5345 την

256 5364 627 5437 Ἐπιστολήν,

727 5473 979 5545 Πέμπτη,
1012 5470 1147 5542 πρὸς
1176 5469 1473 5547 Ἐφεσίους.

336 5576 445 5629 63.
480 5572 681 5640 Ταύτην
716 5566 1021 5624 ἐπιστέλλει
1050 5568 1154 5623 ἀπὸ
1183 5566 1425 5640 Ῥώμης,
1475 5567 1628 5623 οὑπω
1679 5569 1772 5641 μὲν
1822 5572 1920 5625 αὑ-

264 5663 406 5724 τσδς
468 5659 741 5733 ἑωρακὼς,
800 5656 1027 5718 ἀκούσας
1076 5654 1132 5711 δὲ
1172 5656 1296 5733 περὶ
1345 5654 1543 5714 αὐτῶν.
1600 5662 1659 5713 Ἡ
1698 5656 1756 5713 δὲ
1785 5660 1919 5738 πρό-

2027 4656 2290 4725 Αὶπιιὶιδι,
2314 4654 2620 4727 allegorice
2653 4658 2974 4727 usurpatis,
2998 4658 3070 4713 ad
3104 4664 3338 4731 tempus
3362 4676 3548 4730 usque
3580 4659 3678 4714 da-

2029 4750 2147 4801 tam
2180 4762 2308 4800 esse
2338 4745 2608 4800 umbram
2640 4750 2695 4800 et
2715 4745 3248 4813 circumcisionem,
3269 4750 3335 4803 ad
3349 4753 3519 4803 ventu
3542 4765 3677 4804 vero

2026 4835 2236 4891 Christi
2273 4834 2392 4889 haec
2420 4834 2601 4889 fuisse
2632 4834 2930 4906 abrogata.
2957 4835 3086 4890 Haac
3118 4835 3217 4890 ubi
3248 4836 3523 4904 ostendit,
3547 4854 3677 4893 sua-

2028 4924 2125 4978 det
2162 4922 2298 4989 illis,
2334 4939 2403 4977 ne
2453 4923 2695 4993 posthac
2728 4922 2981 4993 amplius
3014 4924 3423 4979 seductoribus
3470 4942 3674 4981 aurem

2030 5011 2343 5083 praebeant,
2377 5012 2475 5065 sed
2513 5010 2697 5082 magis
2742 5012 2894 5078 ﬁdei,
2930 5029 3055 5083 quae
3092 5013 3147 5066 in
3179 5013 3405 5068 Christo
3439 5019 3548 5083 est,
3574 5014 3673 5069 ad-

2029 5100 2283 5156 haereant
2305 5104 2775 5171 cognoscautque
2808 5116 2909 5171 per
2942 5101 3211 5171 gratiam,
3247 5118 3372 5172 quae
3394 5101 3454 5156 in
3504 5102 3672 5157 Chri—

2028 5194 2118 5244 sto
2175 5192 2291 5255 est,
2353 5185 2628 5242 abolitam
2702 5204 2829 5243 esse
2890 5189 3084 5244 carnis
3142 5188 3671 5246 circumcisionem.

2028 5282 2327 5332 Postremo
2360 5274 2704 5332 adhortatus
2734 5277 2805 5332 ad
2838 5277 3019 5333 bonos
3048 5295 3260 5344 mores,
3295 5277 3514 5333 claudit
3542 5277 3672 5349 Epi-

2028 5363 2262 5420 stolam.

2527 5473 2750 5539 Quinta,
2791 5473 2861 5527 ad
2898 5473 3172 5544 Ephesios.

2099 5571 2188 5624 63.
2224 5569 2381 5625 Misit
2408 5575 2464 5623 et
2497 5570 2670 5625 istam
2721 5571 2921 5639 Roma,
2974 5588 3106 5627 cum
3161 5574 3422 5628 nondum
3452 5585 3551 5623 eos
3583 5567 3669 5619 vi-

2031 5659 2239 5729 disset,
2261 5659 2524 5715 audisset
2555 5663 2752 5713 autem
2786 5659 2856 5714 de
2888 5659 3020 5716 illis.
3048 5662 3286 5716 Occasio
3317 5666 3510 5714 autem
3546 5655 3668 5724 Epi.
