4086 6222
472 372 590 433 419

1658 362 1723 421 S.
1769 360 2289 423 ATHANASIUS.
2318 396 2395 407 —
2425 364 2689 428 DUBlA.

3767 370 3890 433 420

475 502 638 558 stolen
669 500 790 555 haec
820 502 943 554 est:
968 494 1224 567 Ephesii,
1250 509 1384 550 cum
1414 491 1802 547 credidissent
1830 490 1888 545 in
1930 490 2105 546 Domit

2241 514 2397 570 φασις
2450 502 2550 563 τῆς
2600 496 2927 566 Ἐπιστολῆς
2986 494 3144 567 αὕτη·
3196 498 3454 575 Ἐφέσιοι,
3503 498 3882 560 πιστεύσαντες

477 608 615 646 num
642 594 907 644 nostrum
930 585 1133 641 Jesum
1154 582 1474 648 Christum,
1493 578 1812 652 genuinam
1836 578 2129 635 habebant

472 682 535 735 in
562 680 759 751 ipsum
784 677 984 740 ﬁdem,
1007 678 1061 729 et
1083 689 1218 743 erga
1241 687 1443 726 omnes
1469 674 1701 724 sanctos
1731 668 2124 738 dilectionem,

474 768 903 839 cupiebantque
933 781 965 818 a
998 762 1178 817 Paulo
1210 758 1562 816 confirmari.
1599 762 1718 813 Hoc
1764 758 1875 827 ubi,
1910 773 2124 828 cogno-

472 858 673 925 visset,
705 854 906 911 scribit
946 854 1016 908 ad
1068 867 1164 906 eos
1219 851 1366 904 hanc
1397 847 1717 921 Epistulam
1748 846 1905 901 velut
1950 845 2121 900 insti-

471 946 676 1002 tuendi
708 945 915 1017 gratia.
942 943 1011 997 Et
1043 940 1330 1013 principio
1363 938 1619 993 ostendit
1640 936 1981 1008 mysterium
2018 951 2121 990 no-

472 1041 662 1091 strum
697 1050 812 1088 non
839 1048 967 1087 esse
998 1046 1219 1093 recens,
1243 1028 1343 1082 sed
1367 1028 1440 1082 ab
1463 1026 1627 1081 initio
1659 1031 1716 1080 et
1746 1029 1884 1080 ante
1916 1023 2120 1079 mundi

471 1123 821 1179 creationem
876 1117 1304 1188 beneplacitum
1350 1116 1466 1170 Deo
1516 1114 1718 1181 fuisse,
1751 1117 1814 1168 ut
1851 1112 2121 1167 Christus

470 1230 573 1285 pro
606 1211 775 1266 nobis
816 1212 1130 1281 pateretur,
1162 1221 1384 1276 nosque
1432 1203 1681 1258 salutem
1730 1217 2118 1272 consequere-

470 1317 621 1355 mur.
686 1298 901 1353 Deinde
958 1295 1194 1351 disserit
1251 1295 1321 1349 de
1375 1293 1679 1349 vocatione
1733 1291 2020 1363 gentium,
2055 1295 2120 1345 ut

467 1389 801 1445 ostenderet
844 1403 942 1441 eos
992 1384 1199 1439 merito
1231 1382 1568 1445 credidisse,
1602 1380 1971 1450 declaratque
2021 1395 2114 1433 vu-

468 1478 759 1533 cationem
792 1479 1053 1530 nostram
1087 1489 1200 1528 non
1241 1488 1345 1544 per
1376 1470 1670 1526 hominem
1703 1468 1955 1540 aliquem
1989 1484 2118 1524 esse

470 1568 702 1633 factam,
736 1565 835 1620 sed
888 1580 990 1635 per
1028 1562 1351 1627 Christum,
1381 1559 1481 1631 qui
1532 1557 1711 1614 Filius
1760 1558 1859 1613 Dei
1910 1562 2020 1625 est,
2054 1560 2116 1611 ut

466 1656 644 1712 etiam
674 1671 743 1709 ex
770 1670 835 1709 eo
863 1652 1173 1716 discerent,
1195 1649 1452 1706 hominis
1476 1649 1819 1718 se'pultores
1841 1664 1951 1702 non
1987 1662 2115 1701 esse

466 1746 671 1811 factos,
719 1743 815 1798 ubi
878 1742 936 1796 in
996 1741 1289 1796 Christum
1350 1739 1747 1804 crediderunt,
1797 1736 1897 1790 sed
1948 1751 2112 1789 veros

465 1834 718 1891 cultores
771 1831 891 1887 Dei.
941 1829 1246 1902 Signiﬁcat
1294 1844 1354 1883 se
1401 1843 1629 1899 quoque
1686 1826 1866 1896 hujus
1925 1824 2114 1896 gratia
2146 1865 2187 1929 Β

466 1926 715 1980 missum
748 1923 950 1988 fuisse,
982 1928 1046 1976 ut
1078 1921 1416 1993 praedicaret
1445 1917 1845 1989 Evangelium,
1869 1920 1925 1969 et
1956 1915 2107 1987 quod

465 2030 663 2069 curam
697 2014 960 2084 ipsorum
994 2011 1219 2064 habeat.
1246 2009 1468 2073 Postea,
1511 2006 1938 2061 adhurtatorios
1986 2021 2108 2058 ser-

464 2119 667 2158 mones
699 2102 835 2156 viris
870 2117 935 2155 ac
968 2098 1335 2164 mulieribus,
1375 2097 1638 2168 patribus
1670 2099 1725 2149 et
1757 2093 1976 2161 liberis,
2008 2093 2106 2147 do-

464 2190 642 2247 minis
674 2206 739 2245 ac
769 2188 950 2244 servis
989 2186 1047 2241 in
1096 2187 1203 2241 hac
1238 2184 1494 2257 Epistula
1526 2184 1689 2255 ponit
1722 2199 1735 2238 :
1770 2188 1944 2253 atque
1978 2181 2108 2235 uni-

460 2297 659 2336 versus
689 2280 928 2335 omnino
972 2282 1175 2333 contra
1222 2273 1519 2329 diabolum
1551 2278 1608 2327 et
1639 2272 1933 2326 daemones
1981 2271 2109 2340 ejus

460 2369 719 2437 instruit,
751 2367 949 2423 dicens
980 2365 1287 2421 adversum
1332 2362 1463 2417 illos
1506 2361 1674 2417 nobis
1705 2376 1834 2415 esse
1866 2359 2103 2414 luctam.

460 2458 529 2513 Et
550 2456 649 2521 ubi
670 2461 955 2527 tanquam
979 2457 1165 2510 bonus
1187 2451 1540 2507 athletarum
1566 2454 1881 2521 praeceptor
1901 2465 2105 2504 omnes

460 2551 665 2602 contra
695 2544 1012 2599 diabolicas
1060 2540 1426 2612 operationes
1473 2538 1661 2595 verbis
1692 2539 1815 2594 suis
1856 2538 2105 2602 inunxit,

460 2634 783 2707 Epistulam
816 2631 1052 2688 claudit.

937 2739 1123 2805 Sexta,
1156 2738 1229 2792 ad
1262 2736 1624 2807 l’ilippenses.

528 2831 619 2885 64.
653 2830 812 2885 Hanc
839 2844 1069 2900 quoque
1112 2827 1291 2882 Roma
1323 2825 1501 2890 misit,
1532 2841 1666 2880 cum
1707 2824 1833 2893 jam
1867 2822 2106 2893 (Philip-

459 2919 689 2990 penses)
714 2919 954 2975 vidisset
984 2933 1050 2972 ac
1080 2915 1393 2971 docuisset.
1424 2917 1849 2986 Argumentum
1883 2912 2106 2983 Episto-

459 3008 530 3063 las
561 3008 668 3063 hoc
690 3012 813 3062 est:
840 3011 980 3060 Cum
1012 3003 1415 3075 Philippenses
1437 3002 1685 3058 subsidii
1708 3001 2102 3056 ministerium

457 3098 637 3152 Paulo
691 3099 846 3154 150
904 3097 1226 3161 misissent,
1271 3100 1327 3150 et
1378 3094 1644 3149 nonnulli
1705 3092 2103 3159 circumirent,

455 3186 555 3257 qui
588 3185 947 3256 simplicium
982 3200 1154 3239 aures
1197 3184 1436 3239 obtentu
1480 3183 1700 3237 umbras
1732 3181 1875 3252 legis
1905 3187 1962 3236 et
1991 3182 2100 3235 cir-

453 3273 833 3329 cumcisionis
855 3278 1315 3344 corrumperent,
1340 3290 1405 3326 ac
1428 3273 1687 3327 dicerent
1709 3270 1835 3326 sine
1865 3270 1965 3324 illa
1986 3287 2100 3325 non

453 3380 625 3435 posse
656 3379 1012 3433 quemquam
1052 3360 1388 3432 justiticari,
1423 3360 1732 3431 Apostolus
1780 3376 1838 3414 re
1870 3360 2101 3430 cognita

452 3450 933 3523 Philippensibus
966 3449 1189 3505 scribit.
1222 3451 1291 3504 Et
1340 3450 1597 3521 primum
1630 3449 1866 3520 quidem
1902 3447 2101 3502 laudat

451 3557 652 3596 eorum
676 3541 943 3607 fidem,et
968 3538 1441 3611 signiﬁcat,quod
1469 3537 1809 3593 memoriam
1835 3537 2097 3607 ipsorum

450 3629 680 3685 habeat.
720 3629 930 3685 Deinde
970 3632 1223 3698 enarrat,
1257 3628 1549 3698 quomodo
1596 3626 1789 3681 Romae
1824 3625 2097 3679 doctrinas

450 3736 569 3775 suae
603 3718 886 3774 rationem
920 3717 1259 3779 reddiderit,
1282 3720 1339 3771 et
1361 3715 1652 3786 quomodo
1679 3712 1944 3769 nonnulli
1979 3731 2097 3769 mo-

446 3807 680 3863 lestiam
714 3806 1041 3871 intulerint,
1065 3805 1206 3860 dum
1240 3805 1298 3858 in
1330 3802 1578 3859 vinculis
1611 3808 1783 3867 esset,
1819 3802 2093 3857 invidiam

447 3896 559 3968 ipsi
591 3896 929 3952 excitantes.
958 3896 1159 3950 Postea
1190 3894 1536 3948 adhortatur
1562 3907 1681 3958 eos,
1705 3896 1768 3946 ut
1798 3908 1859 3946 se
1891 3896 2096 3947 mutuo

449 3987 732 4058 diligant:
760 3987 1025 4057 exposita
1061 3983 1375 4040 Salvatoris
1417 3984 1800 4055 benignitate,
1828 3982 1926 4053 qui
1962 3999 2094 4037 cum

449 4080 601 4130 Deus
633 4081 805 4144 esset,
842 4075 1013 4131 homo
1062 4073 1244 4129 nostri
1275 4073 1463 4144 gratia
1511 4073 1700 4127 factus
1749 4078 1857 4128 est.
1891 4072 2096 4127 Postea

446 4165 519 4218 de
548 4163 997 4218 circumcisione
1028 4180 1092 4217 ac
1114 4163 1287 4218 veteri
1315 4161 1439 4233 lege
1469 4162 1801 4233 disputans,
1826 4161 2093 4216 inutilem

447 4268 576 4308 esse
606 4253 882 4323 deinceps
920 4252 1424 4307 circumcisionem
1458 4251 1735 4320 ostendit,
1760 4257 1994 4323 sumpto
2026 4252 2096 4307 de

446 4358 509 4397 se
539 4340 826 4412 exemplo,
856 4357 987 4395 cum
1023 4340 1197 4396 dicit:
1224 4363 1249 4389 ‹‹
1286 4344 1416 4395 Haec
1446 4341 1644 4395 omnia
1675 4345 1908 4411 propter
1933 4339 2094 4394 Chri-

450 4434 608 4486 stum
668 4432 950 4485 damnum
1012 4446 1136 4485 esse
1186 4429 1524 4499 judicu‘3.»
1578 4431 1941 4501 Quapropter
1997 4446 2095 4485 eos

446 4536 701 4591 quoque,
742 4520 844 4590 qui
893 4518 1400 4574 circumcisionem
1451 4518 1643 4572 adhuc
1689 4519 1995 4589 docebant,
2029 4535 2095 4573 ac

449 4607 861 4680 Philippenses
909 4608 1186 4663 seducere
1234 4606 1523 4672 volebant,
1558 4605 1950 4676 reprehendit,
1987 4606 2102 4661 ini-

449 4698 770 4770 micusque,
803 4696 1017 4753 Christi
1048 4712 1176 4751 esse
1208 4695 1369 4751 dicit.
1403 4695 1625 4749 Laudat
1652 4699 1847 4750 autem
1882 4694 2099 4767 Philip-

446 4802 658 4857 penses
690 4791 924 4857 propter
942 4782 1517 4847 cummunicationis,
1542 4784 1695 4854 quod
1730 4783 1839 4838 sibi
1873 4783 2099 4855 impen-

447 4876 675 4942 derant,
707 4874 1080 4937 beneficium,
1104 4877 1160 4927 et
1190 4872 1286 4927 ubi
1321 4872 1391 4926 ad
1425 4872 1609 4926 bonos
1642 4886 1833 4926 mures
1864 4888 2100 4928 rursum

446 4965 789 5021 adhortatus
820 4969 927 5032 est,
961 4964 1241 5017 terminat
1272 4960 1610 5033 Epistulam.

889 5061 1155 5131 Septima,
1188 5060 1258 5114 ad
1293 5060 1658 5115 Colossenscs.

517 5153 607 5207 65.
640 5151 796 5206 Hanc
829 5166 1062 5221 quoque
1112 5150 1292 5205 Roma
1342 5148 1525 5213 misit,
1558 5164 1691 5204 cum
1727 5147 2101 5206 Colossenses

446 5242 710 5297 nondum
744 5239 983 5294 vidisset
1024 5238 1284 5309 quidem,
1322 5237 1701 5309 audissetque
1748 5242 1979 5293 tantum
2030 5239 2101 5295 de

444 5332 584 5386 illis.
610 5328 849 5385 Occasio
882 5332 1078 5383 autem
1111 5326 1384 5399 Epistulae
1414 5326 1533 5381 haec
1566 5331 1653 5381 est
1680 5343 1692 5381 :
1725 5325 2101 5383 Colossenses

446 5418 659 5475 Graecis
698 5416 1169 5489 suphismatibus
1201 5416 1478 5470 seducere
1522 5415 1828 5471 tentabant
1858 5416 2099 5487 quidam

446 5513 651 5565 contra
696 5507 872 5561 {idem
905 5505 1119 5560 Christi
1166 5504 1473 5577 loquentes
1507 5520 1519 5557 :
1554 5519 1659 5558 nec
1691 5521 1803 5560 non
1837 5505 1990 5561 circa
2017 5506 2100 5562 le-

447 5597 607 5672 gales
636 5598 817 5666 cibos,
852 5601 907 5651 et
936 5594 1467 5651 circumcisionem.
1504 5594 1615 5651 l:loc
1650 5595 1745 5649 ubi
1797 5595 2101 5652 didicisset

521 5700 563 5736 ¹³
594 5696 844 5767 Philipp.
878 5710 962 5762 III,
993 5696 1048 5749 7.

2240 581 2314 642 εἰς
2343 584 2434 637 τὸν
2478 584 2669 661 Κύριον
2722 588 2879 659 ἡμῶν
2930 591 3137 656 Ἰησοῦν
3183 587 3434 658 Χριστὸν,
3464 587 3686 664 γνησίαν
3720 588 3869 663 εἶχον

2237 668 2309 732 είς
2337 671 2494 727 αὐτὸν
2524 675 2622 742 τὴν
2656 674 2857 741 πίστιν,
2890 674 2977 730 καὶ
3011 675 3087 737 εἰς
3120 677 3318 738 πάντας
3366 675 3495 738 τοὺς
3545 675 3732 751 ἁγίους
3780 677 3877 745 τὴν

2233 758 2470 834 ἀγάπην,
2520 763 2608 817 καὶ
2660 759 2953 820 ἐϐούλοντο
3006 764 3150 840 παρά
3177 770 3274 820 τοῦ
3314 766 3533 820 ΙῐαύΑου
3568 760 3878 841 βεϐαιωθῆ⁹

2230 871 2336 905 ναι.
2372 852 2567 906 Μαθὼν
2600 852 2778 907 τοίνυν
2811 854 2838 907 ὁ
2870 851 3231 925 ’Δπόστολος,
3263 856 3455 931 γράφει
3495 854 3632 930 πρὸς
3684 854 3878 916 αὐτοὺς

2228 937 2428 1010 ταύτην
2482 942 2579 1010 τὴν
2644 943 3000 1012 Ἐπιστολὴν,
3066 942 3246 1018 ὣσπερ
3313 945 3719 1018 κατηχητικήν.
3771 943 3873 1000 Καὶ

2227 1027 2489 1104 πρότερον
2549 1031 2642 1103 μὲν
2700 1029 2933 1086 δείκνυσι
3006 1033 3080 1104 μή
3140 1036 3400 1108 νεώτερον
3453 1034 3588 1086 εἴναι
3636 1032 3697 1086 τὸ
3753 1034 3874 1097 καθ’

2227 1118 2373 1188 ἡμᾶς
2427 1122 2746 1194 μυστήριον.
2797 1118 2921 1174 ἀλλ’
2972 1119 3023 1189 ἐξ
3072 1120 3249 1196 ἀρχῆς
3299 1121 3386 1175 καὶ
3435 1116 3747 1189 καταϐολῆς
3777 1122 3872 1176 κό-

2227 1227 2367 1279 σμου
2412 1208 2546 1262 εἶναι
2593 1208 2792 1279 ταύτην
2845 1206 3089 1265 εὐδοκίαν
3136 1212 3233 1264 τοῦ
3264 1214 3422 1277 Θεοῦ,
3452 1208 3589 1264 ὥστε
3617 1211 3707 1264 τὸν
3741 1215 3878 1285 Χρι-

2227 1295 2349 1349 στὸν
2412 1296 2543 1373 ὑπὲρ
2594 1300 2755 1369 ἡμῶν
2801 1303 3015 1369 παθεῖν,
3068 1296 3156 1352 καὶ
3214 1300 3364 1370 ἡμᾶς
3398 1300 3657 1368 σωθῆναι·
3692 1296 3881 1354 ἔπειτα

2225 1385 2471 1457 περὶτῆς
2515 1385 2768 1458 κλήσεως
2824 1385 2930 1442 τῶν
2991 1386 3152 1441 ἐθνῶν
3205 1384 3537 1462 διαλέγεται,
3583 1385 3675 1442 ’ίνα
3731 1384 3882 1462 δείξῃ

2226 1474 2387 1545 ἀξίως
2437 1474 2636 1538 αὐτοὺς
2698 1475 3122 1532 πεπιστευκέναιο
3183 1476 3272 1531 καὶ
3329 1473 3727 1545 ἀποδείκνυσιν,
3791 1476 3882 1532 ὅτι

2226 1566 2259 1634 ἡ
2318 1561 2512 1632 κλῆσις
2568 1567 2730 1638 ἡμῶν
2778 1565 2988 1642 γέγονεν
3038 1564 3099 1619 ού
3145 1562 3214 1619 δι’
3270 1564 3574 1641 ἀνθρώπου,
3606 1564 3751 1621 ἀλλὰ
3787 1563 3881 1622 διὰ

2224 1654 2482 1726 Χριστοῦ,
2543 1653 2602 1715 ὅς
2651 1654 2790 1709 ἐστιν
2848 1655 2968 1716 Υἱὸς
3009 1658 3105 1708 τοῦ
3155 1658 3309 1724 Θεοῦ,
3355 1653 3442 1709 ἳνα
3472 1653 3558 1711 καί
3591 1654 3641 1710 ἐν
3672 1655 3874 1710 τούτου

2226 1742 2490 1812 μάθωσιν,
2549 1742 2631 1797 ὅτι
2674 1743 2773 1798 ούκ
2818 1742 3265 1819 ἀνθρωπολάτραι
3327 1744 3604 1818 γεγόνασι,
3655 1744 3874 1799 πιστεύ·

2224 1852 2401 1893 σαντες
2430 1836 2508 1903 τῷ
2540 1837 2773 1907 Χριστῷ,
2816 1831 2961 1888 ἀλλά
3008 1832 3262 1903 ἀληθικοὶ
3310 1827 3597 1895 θεοσεϐεῖς.
3650 1834 3870 1905 Σημαί-

2219 1941 2296 1974 νει
2330 1918 2386 1974 δὲ
2431 1920 2519 1975 καὶ
2570 1922 2752 1975 ἑαυτὸν
2805 1919 2892 1975 διὰ
2928 1926 3088 1977 τοῦτο
3120 1922 3447 1977 ἀπεστάλθαι
3481 1921 3772 1997 κηρύσσειν
3803 1924 3868 1979 τὰ

2220 2008 2576 2086 Εύαγγέλιον,
2633 2011 2722 2064 καὶ
2768 2010 2850 2065 ὅτι
2904 2010 3026 2086 περὶ
3085 2010 3258 2066 αὐτῶν
3329 2007 3656 2090 ἐφρόντιζεν.
3734 2014 3873 2068 Εἶτα

2218 2100 2628 2175 παραινετικοὺς
2677 2098 2878 2174 λόγους
2936 2098 3158 2173 ἀνδράσι
3214 2101 3303 2155 καὶ
3361 2102 3588 2177 γυναιξὶ,
3633 2102 3870 2178 πατράσι

2217 2188 2304 2242 καὶ
2355 2189 2583 2259 τέκνοις,
2633 2188 2843 2263 κυρίοις
2894 2190 2981 2244 καὶ
3036 2187 3256 2252 δούλοις
3286 2190 3496 2261 τίθησιν
3530 2189 3581 2245 ἐν
3613 2192 3684 2261 τῇ
3714 2192 3869 2248 Ἐπι-

2218 2276 2411 2352 στολῇ,
2458 2279 2548 2333 καὶ
2600 2278 2838 2334 καθόλου
2892 2280 3090 2340 πάντας
3140 2279 3529 2351 παρασκευάζει
3587 2281 3723 2335 κατά
3771 2285 3872 2335 τοῦ

2217 2362 2478 2422 διαϐόλου
2508 2367 2597 2423 καὶ
2628 2372 2732 2422 τῶν
2768 2364 3041 2440 δαιμόνων
3079 2367 3266 2435 αὐτοῦ,
3301 2367 3475 2445 λέγων
3535 2369 3672 2445 πρὸς
3723 2368 3864 2424 ἐκεί-

2215 2476 2337 2518 νους
2370 2458 2504 2510 εἶναι
2532 2458 2667 2530 ἡμῖν
2694 2457 2794 2525 τὴν
2825 2454 3029 2526 πάλην.
3081 2456 3178 2511 Καὶ
3211 2456 3392 2533 ὥσπερ
3425 2458 3622 2532 ἀγαθὸς
3676 2456 3872 2512 ἀλείπ-

2213 2565 2335 2614 της,
2368 2543 2592 2618 ἀλείψας
2623 2550 2738 2607 τοῖς
2769 2544 2953 2621 λόγοις
2987 2546 3188 2607 πάντας
3218 2547 3353 2601 κατὰ
3381 2548 3478 2615 τῆς
3533 2541 3867 2615 διαϐολικῆς

2215 2632 2502 2710 ἐνεργείας,
2531 2633 2673 2688 οὕτω
2704 2632 2911 2688 τελιιοῖ
2935 2636 3034 2703 τήν
3066 2633 3412 2706 Ἐπιστολήν.

2619 2743 2811 2811 Ἒκτη,
2842 2742 2981 2817 πρὸς
3012 2738 3446 2812 Φιλιππησίους.

2280 2832 2375 2887 64.
2417 2830 2629 2900 Ταύτην
2660 2827 2967 2886 ἐπιστέλλει
3001 2830 3106 2886 ἀπὸ
3164 2831 3410 2903 Ῥώμης,
3459 2832 3714 2903 ἑωρακὼς
3766 2830 3864 2886 αὖ·

2208 2918 2336 2981 τοὺς
2370 2920 2483 2992 ἅμα
2511 2919 2599 2974 καὶ
2641 2916 2877 2989 διδάξας.
2911 2921 2976 2976 Ἡ
3008 2916 3065 2974 δὲ
3095 2919 3363 2997 πρόφασις
3393 2927 3495 2989 τῆς
3529 2918 3863 2990 Ἐπιστολῆς

2212 3008 2369 3079 αὕτη·
2406 3008 2738 3082 Πεμψάντων
2792 3007 3185 3079 Φιλιππησίων
3216 3005 3486 3063 διακονίαν
3519 3014 3598 3079 τῷ
3630 3008 3862 3081 Παύλῳ,

2209 3100 2299 3153 καί
2364 3119 2526 3152 τινων
2592 3098 3063 3173 περιερχομένων,
3125 3097 3215 3152 καὶ
3283 3095 3703 3176 διαφθειρόντων
3761 3098 3861 3160 τάς

2212 3187 2375 3249 ἀκοὰς
2431 3191 2537 3242 τῶν
2592 3186 2852 3260 ἀκεραίων
2912 3185 3177 3264 προφάσει
3225 3193 3324 3255 τῆς
3374 3193 3524 3249 σκιᾶς
3554 3192 3651 3241 τοῦ
3681 3187 3862 3260 νόμυυ

2209 3276 2299 3331 καὶ
2354 3284 2454 3345 τῆς
2507 3283 2835 3351 περιτομῆς,
2885 3275 2977 3330 καὶ
3029 3274 3301 3349 λεγόντων
3336 3275 3511 3351 χωρὶς
3540 3274 3745 3346 ταύτης
3783 3278 3863 3349 μὴ

2210 3362 2462 3419 δύνασθαι
2524 3361 2895 3435 δικαιωθῆναι,
2961 3364 3144 3436 μαθὼν
3208 3364 3235 3417 ὁ
3294 3362 3633 3425 Ἀπόστολος
3663 3365 3862 3441 γράφει

2210 3450 2634 3521 Φιλιππησίοις.
2689 3453 2791 3508 Καὶ
2857 3450 3072 3527 πρῶτον
3137 3452 3231 3524 μὶν
3291 3448 3622 3525 ἀποδέχεται
3683 3452 3864 3506 αὐτῶν

2205 3543 2303 3610 τὴν
2337 3541 2535 3605 πίστιν,
2567 3541 2655 3595 καὶ
2684 3539 2937 3613 σημαίνει
3000 3540 3357 3612 μνημονεύειν
3417 3540 3614 3595 αὐτῶν
3672 3539 3861 3596 ἔπειτα

2208 3626 2473 3705 διηγεῖται
2530 3630 2603 3689 ὡς
2651 3626 3031 3704 ἀπελογήσατο
3086 3628 3138 3683 ἐν
3198 3630 3404 3703 Ῥώμῃ,
3455 3629 3543 3683 καὶ
3593 3628 3677 3683 ὅτι
3708 3630 3854 3691 τινὲς

2205 3718 2353 3790 αύτῴ
2404 3718 2585 3793 βαρεῖς
2634 3717 2909 3792 γεγόνασιν
2944 3717 2993 3772 ἐν
3025 3723 3140 3780 τοῖς
3175 3716 3416 3791 δεσμοῖς,
3449 3718 3646 3795 φθόνον
3704 3718 3855 3791 αύτῷ

2204 3813 2497 3868 κινοῦντες.
2546 3809 2676 3860 Εἴτα
2724 3806 2917 3867 αὐτοὺς
2963 3806 3322 3882 προτρέπεται
3374 3805 3658 3875 ἀλλήλους
3721 3808 3853 3882 ἀγα-

2205 3901 2330 3967 πᾷν,
2392 3895 2753 3970 ἐξηγούμενος
2803 3896 2900 3963 τὴν
2943 3900 3042 3950 τοῦ
3093 3898 3359 3971 Σωτῆρος
3418 3893 3854 3972 φιλανθρωπίαν,

2204 3986 2287 4039 ’ὁτι
2338 3986 2465 4045 Θεὸς
2516 3980 2589 4037 ὥν
2641 3984 3029 4057 ὲνηνθρώπησε
3079 3981 3143 4037 δι’
3191 3986 3360 4056 ἡμᾶς.
3408 3985 3536 4038 Εἶτα
3575 3985 3698 4059 περὶ
3753 3992 3856 4053 τῆς

2204 4079 2507 4149 περιτομῆς
2554 4072 2643 4126 καὶ
2691 4077 2788 4126 τοῦ
2842 4076 3080 4126 παλαιοῦ
3121 4072 3296 4143 νόμου
3327 4068 3602 4127 διαλαϐὼν
3636 4070 3861 4126 ἀποδειο

2202 4161 2345 4215 κνύει
2377 4162 2548 4235 ἀργὴν
2580 4162 2898 4235 γεγενῆσθαι
2932 4158 3125 4215 λοιπὸν
3176 4162 3271 4229 τῆν
3328 4161 3657 4235 περιτομὴν,
3711 4160 3862 4234 λαμ-

2205 4247 2380 4305 ϐάνων
2442 4251 2529 4327 ἀφ’
2587 4251 2777 4305 ἑαυτοῦ
2832 4250 2896 4304 τὸ
2953 4246 3317 4326 παράδειγμα,
3376 4249 3465 4303 καὶ
3527 4248 3723 4326 λέγων,
3773 4250 3859 4304 ὅτι

2209 4345 2441 4393 «Ταῦτα
2499 4339 2671 4393 πάντα
2726 4340 2969 4412 ἡγοῦμαι
3030 4336 3120 4393 διὰ
3176 4339 3265 4392 τὸν
3308 4340 3537 4416 Χριστὸν
3568 4342 3794 4412 ζημίαν.
3832 4364 3861 4391 υ

2206 4437 2243 4482 Δ
2272 4429 2300 4482 ὸ
2402 4427 2415 4445 “
2517 4425 2528 4442 “
2650 4426 2677 4480 ὲ
2740 4424 2767 4480 δ
2798 4424 2854 4481 δ’
3122 4426 3145 4447 ”
3491 4428 3503 4445 ‘
3700 4428 3714 4445 ‘

2251 4450 2265 4482 ι
2328 4449 2417 4482 και
2448 4448 2574 4488 τους
2610 4449 2648 4499 μ
2679 4448 2704 4479 ν
2778 4449 2789 4479 ι
2831 4448 3088 4489 ασκοντας
3120 4449 3197 4482 ετι
3238 4448 3569 4500 περιτομην,
3626 4448 3716 4482 και
3767 4430 3860 4482 θὲ-

2208 4516 2399 4577 λοντας
2425 4514 2619 4576 αὐτοὺς
2651 4515 2944 4585 ἀπατῆσαι,
2982 4516 3272 4593 μέμφεται,
3307 4515 3393 4570 καὶ
3440 4514 3590 4590 λέγει
3622 4515 3861 4591 ὲγθροὺς

2136 4596 2181 4661 Ι)
2209 4606 2340 4659 εἶναι
2369 4608 2466 4658 τοῦ
2496 4606 2749 4678 Χριστοῦ.
2804 4600 3155 4679 Ἀποδέχεται
3208 4602 3265 4659 δὲ
3311 4603 3724 4671 Φιλιππησίους
3769 4601 3861 4660 διὰ

2208 4695 2307 4762 τήν
2354 4692 2491 4766 πρὸς
2539 4691 2696 4747 αὐτὸν
2740 4699 2839 4761 τῆς
2889 4693 3172 4755 κοινωνίας
3219 4690 3387 4748 δόσιν·
3421 4694 3510 4748 καὶ
3542 4696 3856 4768 προτρεψά-

2214 4803 2373 4855 μενος
2406 4780 2567 4836 πάλιν
2602 4781 2677 4842 εἷς
2707 4782 2771 4836 τὰ
2796 4780 2905 4851 ἤθη
2938 4782 3157 4855 αὐτοὺς,
3191 4782 3397 4838 τελειοῖ
3436 4784 3535 4851 τῆν
3596 4787 3855 4840 Ἐπιστο-

2212 4869 2339 4942 MV.

2611 5052 2852 5129 Ἑϐδόμη
2867 5103 2879 5124 ,
2915 5058 3050 5132 πρὸς
3083 5057 3435 5120 Κολασσαεῖς.

2280 5149 2369 5204 65.
2417 5145 2631 5216 Ταύτην
2689 5144 3008 5201 ἀποστέκλει
3061 5147 3167 5201 ἀπὸ
3227 5148 3468 5220 Ῥώμης,
3528 5148 3636 5223 οὐχ
3688 5148 3857 5225 ἑωρα-

2210 5236 2319 5298 κὼς
2352 5236 2447 5309 μὶν
2499 5235 2717 5305 αὐτοὺς,
2776 5235 3006 5297 ἀκούσας
3064 5233 3121 5290 δὶ
3148 5235 3270 5312 περὶ
3314 5236 3511 5293 αὐτῶν.
3542 5242 3602 5291 Ἡ
3632 5235 3690 5293 δὲ
3718 5237 3858 5311 πρό-

2211 5347 2367 5404 φασις
2397 5332 2496 5394 τῆς
2547 5321 2878 5392 Ἐπιστολῆς
2936 5323 3093 5393 αὕτησ
3152 5325 3287 5387 Τοὺς
3339 5324 3667 5388 Κολασσαεῖς
3717 5324 3862 5380 ἒπει-

2212 5414 2386 5492 ρῶντό
2413 5433 2554 5474 τινες
2600 5412 2870 5483 ἀπατῆσαι
2929 5414 3254 5487 σοφίσμασιν
3311 5412 3665 5485 Ἑλληνικοῖς
3726 5414 3863 5470 κατὰ

2207 5512 2308 5574 τῆς
2367 5503 2443 5565 εἷς
2500 5502 2592 5557 τὸν
2653 5503 2882 5574 Χριστὸν
2930 5504 3189 5573 πίστεως,
3241 5504 3331 5558 καὶ
3387 5505 3511 5579 περὶ
3556 5508 3666 5559 τῶν
3700 5503 3752 5559 ἐν
3784 5505 3863 5576 τῷ

2207 5593 2366 5667 νόμῳ
2425 5591 2755 5666 βρωμάτων,
2803 5592 2893 5647 καὶ
2952 5600 3051 5663 τῆς
3106 5595 3429 5669 περιτομῆς.
3480 5598 3654 5649 Ταῦτα
3680 5593 3860 5649 τοίνυν
