4086 6222
254 302 371 359 421

1353 294 1731 361 SYNOPSIS
1778 296 2243 360 SCRIPTURE
2286 298 2584 360 SACR/E.

3550 305 3669 364 422

259 430 448 502 μαθὼν
483 430 511 483 ὁ
550 427 909 499 ’Δπόστολος,
956 429 1149 506 γράφει
1179 430 1278 497 τὴν
1331 428 1659 497 Ἐπιστολήν
1720 427 1902 490 αὐτοῖς

2035 428 2354 501 Apostolus,
2384 431 2536 486 hanc
2567 429 2683 485 illis
2735 429 3053 501 Epistolam
3109 430 3438 487 instruendi
3498 436 3670 490 modo

257 519 493 592 ταύτην,
523 518 705 594 ὥσπερ
735 520 1136 594 κατηχητικήν.
1170 520 1270 575 Καὶ
1328 523 1545 593 πρῶτον
1599 519 1690 591 μὲν
1743 516 1905 592 εὐχα-

256 613 460 683 ριστῶν
521 613 603 680 τῷ
656 614 795 681 Θεῷ,
841 608 1098 682 σημαίνει
1156 602 1262 662 ἀπὸ
1308 612 1410 662 τοῦ
1454 607 1677 669 σκότους
1712 606 1907 669 αὐτοὺς

258 692 689 769 μεταϐεϐηκέναι
736 697 813 760 εἷς
863 698 927 752 τὸ
984 702 1099 775 φῶς
1155 704 1254 767 τῆς
1310 695 1591 767 ἀληθείας,
1641 696 1731 751 καὶ
1763 695 1845 751 ὅτι
1878 696 1906 750 ὁ

253 789 513 861 Χριστὸς,
565 786 640 849 εἷς
686 786 743 842 δν
796 785 1132 849 ἐπίστευσαν,
1165 786 1322 841 εἰκών
1356 785 1466 840 ἐστι
1502 791 1599 841 τοῦ
1630 790 1785 854 Θεοῦ,
1818 785 1906 840 καὶ

256 878 435 951 Λόγος
485 874 558 931 δι’
608 876 670 931 οὗ
718 878 785 930 τά
840 876 1012 930 πάντα
1060 876 1269 950 γέγονε·
1320 876 1410 930 καὶ
1441 873 1522 930 ὅτι
1556 871 1779 951 ἔπρεπεν
1813 874 1906 929 αύ-

252 967 344 1020 τὸν
407 963 750 1041 δημιουργὸν
799 960 930 1019 ὅντα
976 963 1214 1039 γενέσθαι
1273 964 1363 1019 καὶ
1408 963 1755 1037 πρωτότοκον
1811 971 1908 1032 τῆς

248 1054 483 1117 κτίσεως
511 1054 604 1109 καὶ
634 1053 984 1130 πρωτότοκον
1018 1053 1077 1108 ἐκ
1121 1058 1227 1108 τῶν
1276 1060 1505 1130 νεκρῶν,
1553 1052 1644 1109 ’ίνα
1687 1054 1754 1108 τὰ
1801 1056 1906 1126 ἆμ-

252 1145 458 1223 φότερα
488 1144 719 1217 συνάψῃ,
749 1144 839 1198 καὶ
890 1145 1205 1217 ζωοποιήσῃ
1253 1144 1321 1199 τά
1367 1143 1557 1198 πάντα.
1611 1143 1907 1218 Προτρέπει

250 1256 311 1290 τε
370 1233 569 1295 αὐτοὺς
619 1233 872 1306 ἐμμένειν
924 1236 992 1305 τῇ
1040 1232 1238 1300 πίστει,
1292 1232 1598 1304 σημαίνων,
1638 1232 1721 1287 ὃτι
1752 1232 1911 1294 αὐτὸς

258 1321 479 1385 Παῦλος
511 1321 764 1385 διάκονός
797 1322 908 1378 ἐστι
937 1325 1034 1377 τοῦ
1065 1320 1419 1398 Εὖαγγελίου,
1464 1320 1517 1376 ἐν
1567 1322 1613 1393 ᾧ
1659 1324 1910 1397 κατηχή-

257 1425 455 1482 θησανν
510 1413 626 1467 εἶτα
676 1409 733 1466 δὲ
780 1412 871 1467 καὶ
928 1410 1176 1487 περῖτοῦ
1218 1409 1392 1483 νόμου
1421 1409 1511 1465 καὶ
1541 1414 1649 1466 τῶν
1682 1410 1734 1467 ἐν
1767 1412 1913 1483 αὑτῷ

262 1500 577 1577 βρωμάτων
628 1495 1012 1575 διαλαμϐάνει,
1060 1500 1151 1555 καὶ
1199 1500 1324 1575 περὶ
1355 1502 1577 1573 ἡμερῶν
1609 1499 1699 1554 καὶ
1732 1499 1909 1555 ἐνιαυ-

254 1596 388 1660 τῶν,
420 1590 454 1644 ά
485 1589 777 1665 ἰξηγεῖται,
813 1588 905 1644 καὶ
938 1586 1311 1644 ἀποδείκνυσιν
1365 1588 1665 1664 ἠργηκέναι
1716 1587 1909 1644 λοιπὸν

252 1682 434 1735 πάντα
489 1681 559 1734 τὰ
607 1677 815 1734 παλαιὰ
860 1677 952 1732 καὶ
1006 1678 1106 1745 τὴν
1168 1680 1494 1753 περιτομήνο
1548 1672 1910 1749 συμϐουλεύει

252 1791 313 1824 τε
364 1767 566 1830 αὐτοὺς
621 1769 696 1839 μή
746 1766 1049 1830 πλανᾶσθαι
1099 1765 1204 1820 ἀπὸ
1252 1770 1360 1821 τῶν
1394 1767 1792 1844 σοφιζομένων,
1823 1768 1912 1822 καὶ

256 1858 471 1927 πλανᾷν
534 1854 730 1918 αὐτοὺς
787 1855 1078 1919 θελόντων.
1141 1856 1238 1909 Καὶ
1318 1854 1511 1910 λοιπὸν
1586 1857 1912 1932 παραινέσας

254 1947 534 2001 κάνταῦθα
582 1949 795 2021 γονεῦσι
844 1946 935 1999 καὶ
982 1943 1212 2013 τέκνοις,
1258 1944 1347 1999 καὶ
1394 1942 1634 2015 ἀνδράσι,
1686 1946 1775 2001 καὶ
1823 1967 1918 2022 γυ-

252 2035 423 2105 ναιξὶ,
478 2032 701 2095 δούλοις
751 2034 841 2088 καὶ
890 2033 1123 2108 κυρίοις,
1171 2034 1261 2088 καὶ
1308 2035 1375 2088 τὰ
1423 2033 1567 2089 ἄλλα
1590 2036 1656 2089 τὰ
1688 2036 1824 2110 πρὸς
1853 2036 1920 2090 τὰ

255 2124 372 2193 ἤθη
405 2118 845 2195 συμϐουλεύσας,
876 2120 1080 2178 τελειοῖ
1101 2124 1199 2190 τήν
1223 2121 1574 2195 Ἑπιστολήν.
1603 2125 1919 2201 Παραγγέλ-

254 2212 347 2268 λει
405 2215 596 2285 μέντοι
641 2211 860 2281 αὐτοὺς,
913 2210 1026 2281 ἳνα,
1057 2211 1182 2267 ὅταν
1227 2211 1547 2287 ἀναγνωσθῆ
1577 2215 1703 2289 παρ’
1734 2215 1918 2278 αὐτοῖς

252 2306 292 2371 ἡ
333 2299 666 2369 Ἐπιστολὴ,
696 2303 970 2372 ποιήσωσι
992 2301 1080 2356 καὶ
1109 2300 1162 2355 ἐν
1196 2305 1263 2374 τῇ
1284 2300 1590 2357 Λαοδικέων
1622 2301 1922 2375 Ἐκκλησία

2021 520 2246 575 scribit.
2311 521 2379 575 Et
2431 519 2721 591 principio
2753 520 2973 591 gratias
3002 536 3183 592 agens
3217 525 3349 586 Deo,
3383 521 3677 593 signiﬁcat

2015 626 2114 664 eos
2147 627 2177 665 e
2208 610 2471 666 tenebris
2504 611 2574 665 ad
2606 610 2871 665 veritatis
2904 608 3094 665 lucem
3124 626 3253 665 esse
3278 610 3680 679 translatos,et

2018 700 2171 770 quod
2205 701 2492 766 Christus,
2527 700 2587 754 in
2622 716 2793 771 quem
2829 700 3423 773 crediderant,imago
3451 701 3545 758 Dei
3580 702 3675 778 sit,

2017 794 2075 843 et
2104 788 2359 844 Verbum
2394 806 2497 861 per
2525 790 2681 860 quod
2712 790 2911 845 omnia
2942 790 3094 845 facta
3124 795 3280 859 sunt,
3305 796 3361 846 et
3390 792 3544 861 quod
3577 792 3678 847 de-

2018 880 2204 934 cuerit
2261 897 2417 945 eum,
2475 880 2576 951 qui
2629 897 2824 935 rerum
2860 885 2948 935 est
2977 881 3184 952 epifex,
3219 880 3674 953 primogenitum

2022 969 2144 1024 ﬁeri
2178 974 2483 1036 creaturae,
2510 975 2569 1026 et
2598 971 3057 1042 primogenitum
3118 986 3206 1039 ex,
3266 972 3550 1041 mortuis;
3613 979 3679 1028 ut

2021 1064 2270 1131 utraque
2328 1060 2731 1131 conjungeret,
2766 1067 2822 1115 et
2852 1060 3051 1115 omnia
3080 1059 3413 1116 viviﬁcaret.
3450 1061 3675 1118 Adhor-

2019 1153 2176 1204 tatur
2206 1149 2380 1203 etiam
2414 1164 2533 1214 eos,
2567 1153 2632 1203 ut
2662 1148 2721 1203 in
2769 1148 2883 1204 fide
2936 1148 3278 1219 persistant,
3335 1149 3675 1221 significans

2020 1240 2105 1294 eis
2162 1253 2223 1292 se
2283 1236 2529 1292 Paulum
2587 1254 2715 1293 esse
2750 1238 3085 1292 ministrum
3121 1237 3435 1309 Evangelii,
3467 1239 3526 1293 in
3559 1256 3675 1311 quo

2021 1326 2293 1382 instructi
2317 1327 2443 1397 jam
2474 1332 2660 1382 erant.
2695 1326 2915 1382 Deinde
2945 1328 3017 1382 de
3044 1326 3188 1399 lege,
3223 1333 3282 1382 et
3310 1327 3380 1382 de
3411 1327 3557 1383 cibis
3613 1328 3674 1383 in

2022 1415 2147 1487 lege
2180 1416 2519 1471 memoratis
2550 1415 2833 1487 disputat,
2867 1416 2937 1470 de
2968 1415 3179 1470 diebus
3211 1415 3384 1470 etiam
3419 1420 3475 1471 et
3506 1416 3679 1472 annis

2021 1504 2276 1575 exponit,
2306 1508 2361 1559 et
2390 1503 2665 1577 deinceps
2696 1508 2886 1561 vetera
2916 1503 3134 1570 omnia,
3169 1503 3675 1560 circumcisionem

2023 1610 2274 1665 quoque,
2312 1594 2526 1650 abolita
2554 1611 2683 1651 esse
2710 1593 2991 1650 declarat.
3021 1596 3238 1648 Auctor
3267 1599 3357 1649 est
3387 1584 3583 1661 etiam,
3608 1610 3678 1650 ne

2023 1684 2212 1755 decipi
2244 1701 2306 1739 se
2336 1685 2537 1740 sinant
2566 1702 2599 1739 a
2629 1684 2935 1757 sophistis,
2964 1684 3153 1754 iisque
3184 1682 3281 1754 qui
3340 1700 3404 1739 se
3462 1683 3675 1740 subor-

2022 1789 2161 1829 nare
2219 1772 2447 1829 vellent.
2509 1774 2770 1829 Tandem
2819 1773 3086 1828 hortatus
3118 1776 3412 1843 parentes,
3442 1772 3678 1839 liberos,

2022 1862 2199 1930 viros,
2234 1862 2529 1930 mulieres,
2564 1879 2761 1918 servos
2793 1867 2851 1917 et
2909 1862 3200 1930 dominos,
3261 1867 3318 1916 et
3375 1861 3492 1917 alia
3548 1879 3679 1933 qua

2029 1951 2212 2007 tonos
2268 1966 2458 2006 mores
2503 1955 2865 2007 concernunt
2895 1950 3144 2019 locutus,
3176 1948 3495 2021 Epistolam
3530 1951 3677 2007 ﬁnit.

2029 2040 2345 2096 Denuntiat
2375 2040 2551 2095 etiam
2585 2039 2725 2105 illis,
2784 2044 2848 2094 ut
2908 2045 3288 2111 posteaquam
3346 2041 3499 2111 apud
3550 2039 3682 2097 illos

2030 2129 2179 2185 lecta
2206 2128 2384 2184 fuerit
2412 2128 2691 2200 Epistola,
2724 2133 2948 2194 curent,
2984 2133 3046 2183 ut
3076 2133 3133 2183 et
3162 2128 3220 2182 in
3253 2128 3512 2184 Ecclesia
3545 2134 3684 2185 Lao-

2030 2218 2251 2273 dicensi
2285 2219 2529 2289 legatur,
2556 2220 2612 2273 et
2654 2222 2720 2273 ut
2773 2216 3033 2273 vicissim
3091 2233 3222 2273 eam
3277 2216 3496 2288 legant,
3558 2234 3684 2290 quas

2034 2306 2490 2362 Laodicensihus
2524 2306 2745 2378 scripta
2774 2311 2883 2363 est.

250 2390 432 2461 αὐτήν
468 2391 894 2465 ἀναγνωσθῆναι·
928 2390 1018 2445 καί
1046 2390 1146 2459 τὴν
1178 2388 1237 2445 ἐκ
1267 2388 1583 2455 Λαοδικείας
1615 2390 1780 2447 πάλιν
1812 2392 1904 2447 καὶ
1934 2392 2127 2456 αὐτοὺς
2159 2393 2483 2469 ἀναγνῶναι.

669 2560 888 2639 Ὀγδόη,
921 2563 1049 2639 αρὸς
1077 2561 1512 2627 Θεσσαλονικεῖς.

328 2692 422 2746 66.
474 2688 687 2759 Ταύτην
748 2685 1060 2743 ἐπιστέλλει
1136 2687 1242 2743 ἀπὸ
1323 2690 1589 2762 ’Δθηνῶν,
1666 2690 1921 2763 ἑωρακὼς

255 2778 533 2855 πρότερον
590 2775 806 2848 αὐτοὺς,
854 2785 946 2831 και
996 2773 1280 2853 διατρίψας
1329 2778 1454 2851 παρ’
1510 2778 1714 2841 αὐτοῖς.
1773 2782 1834 2836 Ἠ
1866 2777 1923 2834 δὲ

260 2868 542 2945 πρόσασις
573 2874 675 2935 τῆς
720 2865 1051 2935 Ἐπιστολῆς
1085 2866 1241 2937 αὕτη·
1305 2868 1366 2924 Ὁ
1398 2866 1734 2930 ’Δπόστολος
1782 2866 1921 2923 πολ-

262 2956 370 3017 λᾶς
406 2954 627 3028 θλίψεις
675 2957 860 3009 παθὼν
910 2954 962 3009 ἐν
1010 2954 1257 3031 Βεῤῥοία,
1292 2956 1379 3010 καὶ
1412 2956 1462 3011 ἐν
1497 2957 1795 3019 Φιλίπποις
1822 2965 1921 3027 τῆς

266 3042 638 3113 Μακεδονίας,
694 3044 783 3098 καὶ
844 3044 894 3098 ἐν
958 3043 1224 3116 Κορίνθῳ,
1283 3048 1565 3120 γινώσκων
1614 3068 1672 3101 τε
1703 3046 1799 3101 ὅσα
1828 3048 1923 3101 πέ-

264 3146 443 3198 πονθε
474 3134 563 3188 καὶ
615 3133 667 3188 ἐν
717 3132 1093 3207 Θεσσαλονίκῃ,
1147 3128 1509 3210 φοϐούμενος,
1559 3137 1634 3208 μή
1668 3135 1923 3191 ἀκούσαν-

2421 2569 2642 2637 Octava,
2678 2570 2747 2624 ad
2780 2569 3289 2625 Thessalonicenses.

2100 2696 2190 2750 66.
2226 2697 2382 2750 Hanc
2417 2695 2594 2750 mittit
2621 2694 2885 2761 Athenis,
2919 2711 3050 2749 cum
3083 2712 3180 2750 eos
3204 2696 3328 2765 jam
3380 2700 3550 2750 antea
3596 2693 3680 2749 vi-
3753 2714 3757 2717 ·

2033 2784 2233 2851 disset,
2254 2788 2309 2839 et
2338 2800 2470 2838 cum
2506 2783 2651 2854 ipsis
2684 2788 3058 2839 conversatus
3090 2787 3262 2838 esset.
3284 2782 3517 2839 Occasio
3550 2798 3683 2838 vero

2031 2871 2287 2943 epistolae
2322 2873 2439 2927 haec
2468 2872 2745 2927 est:Cum
2779 2871 2995 2926 multas
3026 2871 3371 2926 atﬂictiones
3404 2870 3685 2926 Berrhceze

2034 2977 2345 3033 perpessus
2376 2965 2530 3016 esset
2561 2959 2897 3033 Apostolus,
2918 2960 3207 3035 Philippis
3237 2975 3467 3031 quoque
3496 2960 3687 3015 Mace-

2034 3049 2218 3104 donia:
2249 3054 2304 3104 et
2331 3049 2613 3116 Corinthi,
2676 3049 2986 3120 sciretque,
3046 3064 3174 3119 quae
3228 3064 3439 3119 passus
3498 3048 3688 3103 fuerat

2034 3137 2484 3207 Thessalonicae,
2512 3140 2750 3205 veritus,
2776 3154 2847 3193 ne
2872 3136 3445 3207 Thessalonicenses,
3469 3135 3686 3192 auditis

262 3245 357 3285 τες
386 3221 824 3293 Θεσσαλονικεῖς,
860 3221 891 3276 ἂ
921 3223 1180 3277 πέπονθεν
1232 3222 1282 3277 ἐν
1334 3230 1453 3286 ταῖς
1500 3225 1923 3301 προειρημέναις

2039 3244 2166 3299 quae
2197 3244 2409 3299 passus
2440 3235 2560 3282 erat
2589 3227 2646 3281 in
2682 3227 2974 3299 praedictis
3006 3227 3361 3294 civitatibus,
3394 3231 3685 3281 tentaren-

266 3312 496 3379 πόλεσι,
558 3316 917 3388 πειρασθῶσιν
978 3310 1082 3365 ὑπὸ
1111 3316 1208 3366 τοῦ
1238 3311 1613 3388 πειράζοντος,
1644 3314 1731 3368 καὶ
1765 3335 1922 3368 σκαν-

264 3399 599 3464 δαλισθῶσι”
663 3401 845 3472 μαθὼν
913 3396 971 3453 δὲ
1026 3399 1108 3455 ὅτι
1146 3402 1234 3455 καὶ
1267 3399 1353 3455 ἐπὶ
1383 3406 1499 3463 τοῖς
1530 3403 1922 3471 ἀποθνήσκουσι

262 3488 580 3545 κατώδυνοι
610 3488 875 3563 ἐγίνοντο,
906 3487 1227 3544 ἀποστέλλει
1252 3489 1515 3562 Τιμόθεον
1565 3490 1701 3563 πρὸς
1732 3490 1925 3553 αὐτοὺς

270 3580 407 3652 μετᾶ
457 3581 558 3647 τῆς
612 3576 943 3645 Ἐπιστολῆς
996 3576 1219 3646 ταύτης.
1264 3578 1362 3633 Καὶ
1409 3584 1626 3655 πρῶτον
1663 3580 1757 3652 μὲν
1808 3579 1925 3635 ἐπι-

270 3667 521 3742 στηρίζει
578 3666 772 3728 αὐτοὺς
832 3665 885 3720 ἐν
940 3669 1007 3739 τῇ
1072 3666 1268 3735 πίστει,
1331 3665 1468 3722 ὥστε
1502 3669 1576 3740 μὴ
1611 3668 1926 3732 σαλεύεσθαι

273 3756 364 3813 διὰ
422 3757 524 3817 τὰς
583 3754 816 3828 θλίψεις,
878 3754 1283 3827 ὑπομιμνήσκει
1332 3756 1437 3832 γὰρ
1469 3756 1683 3827 αὐτοὺς,
1716 3757 1791 3819 ὡς
1838 3757 1927 3811 καὶ

278 3846 328 3901 ἐν
465 3844 774 3918 κατηχήσει
808 3839 1160 3917 διδαχθέντας
1203 3843 1487 3916 ὑπομένειν
1539 3846 1634 3907 τὰς
1694 3844 1928 3919 θλίψεις,

277 3936 367 3988 καὶ
432 3930 609 4005 μηδὲν
667 3932 813 4001 ξένον
870 3930 1063 3992 αὐτοὺς
1114 3930 1438 3995 πεπονθέναι
1497 3932 1600 3987 ὑπὸ
1636 3931 1930 4007 Ἰουδαίων,

280 4028 388 4077 τῶν
420 4022 511 4076 καὶ
563 4021 655 4074 τὸν
700 4020 926 4095 Χριστὸν
956 4019 1404 4078 ἀποκτεινάντων.
1438 4024 1770 4097 Χριστιανῶν
1830 4024 1932 4099 γὰρ

282 4110 421 4166 ἴδιον
451 4112 517 4166 τὸ
548 4104 825 4173 θλίϐεσθαι
858 4108 909 4164 ἐν
941 4115 1022 4182 τῷ
1057 4111 1158 4186 βίῳ
1186 4110 1366 4184 τούτῳ
1419 4110 1592 4187 ἔλεγε,
1640 4111 1831 4168 [Ιολλᾶ
1876 4111 1934 4167 δὲ

278 4201 609 4276 παραινέσας
679 4198 863 4261 αὐτοῖς
941 4200 1113 4261 οὕτως
1173 4200 1605 4279 ἀναστρέφεσθαι,
1668 4203 1742 4264 ὡς
1794 4223 1930 4277 παρ-

278 4285 476 4345 έλαϐον
518 4289 612 4343 ἀπ’
644 4288 830 4357 αὐτοῦ,
861 4288 1052 4366 γράφει
1082 4289 1171 4343 καί
1202 4291 1327 4363 περὶ
1368 4294 1475 4345 τῶν
1531 4290 1934 4361 τελευτώντων,

275 4376 776 4454 παραμυθούμενος
836 4378 1031 4439 αὐτοὺς
1088 4380 1177 4433 καὶ
1235 4376 1526 4453 διδάσκων,
1588 4380 1664 4451 μὴ
1724 4380 1931 4455 βαρέως

278 4467 479 4545 σαίρειν.
525 4465 605 4524 Ού
634 4465 736 4542 γὰρ
769 4466 902 4521 εἶναι
928 4468 1021 4522 τὸν
1055 4466 1278 4530 θάνατον
1319 4466 1617 4540 ἀπώλειαν,
1652 4467 1776 4524 ἀλλ’
1807 4467 1931 4523 ὁδον

2032 3320 2129 3370 tur
2158 3332 2191 3371 a
2220 3319 2505 3371 teutatore
2535 3320 2592 3371 et
2623 3315 3177 3383 scandalizarentur,
3200 3316 3524 3387 praesertim
3554 3330 3686 3370 cum

2032 3404 2423 3461 intellexisset
2453 3420 2551 3459 eos
2584 3408 2946 3459 mortuorum
2979 3405 3168 3477 gratia
3189 3403 3445 3459 multum
3465 3404 3688 3475 lugere,

2034 3493 2200 3549 misit
2228 3495 2299 3549 ad
2332 3510 2430 3550 eos
2460 3493 2834 3549 Timotheum
2869 3509 3002 3548 cum
3035 3494 3144 3548 hac
3175 3491 3531 3564 Epistola.Et
3562 3491 3684 3563 pri-

2036 3599 2200 3639 mum
2228 3584 2539 3639 confirmat
2568 3598 2667 3638 eos
2697 3581 2757 3637 in
2790 3582 2923 3652 fide,
2957 3598 3029 3636 ne
3058 3587 3295 3654 propter
3344 3578 3690 3635 afﬂictiones

2038 3668 2929 3726 concutiantur.Commonefacit
2948 3668 3103 3722 enim
3122 3664 3541 3737 eos,quomodo
3557 3664 3691 3719 etin

2038 3760 2231 3831 prima
2250 3759 2618 3814 institutione
2644 3757 2992 3820 didicerant,
3012 3755 3282 3810 ferendas
3302 3769 3429 3808 esse
3446 3752 3692 3808 tribula-

2040 3847 2312 3916 tiones,et
2332 3846 2484 3917 quod
2506 3844 2767 3899 insolens
2791 3861 2905 3898 non
2934 3842 3028 3910 sit,
3055 3843 3207 3914 quod
3242 3841 3401 3913 passi
3432 3846 3631 3896 essent
3660 3858 3694 3896 a

2040 3937 2278 4005 Judaeis,
2306 3936 2403 4007 qui
2438 3935 2610 3990 etiam
2645 3935 2940 3989 Christum
2973 3933 3332 3988 occiderunt.
3367 3933 3506 3987 Esse
3537 3931 3694 3986 enim

2043 4028 2191 4083 161
2229 4023 2531 4095 proprium
2563 4022 3027 4078 Christianorum
3069 4021 3246 4093 afﬂigi
3282 4021 3339 4075 in
3389 4021 3497 4076 hac
3554 4020 3692 4077 vita.

2044 4115 2321 4170 Hortatus
2378 4118 2573 4168 autem
2623 4130 2719 4168 eos
2756 4112 2976 4183 multis,
3011 4116 3075 4166 ut
3104 4111 3184 4166 ita
3215 4115 3700 4166 conversarentur

2043 4203 2214 4259 sicuti
2248 4202 2318 4257 ab
2349 4202 2477 4274 ipso
2509 4201 2953 4273 acceperant,de
2986 4200 3235 4256 mortuis
3265 4201 3439 4255 etiam
3472 4200 3695 4267 scribit,

2042 4291 2354 4348 consolans
2385 4307 2485 4346 eos
2514 4307 2580 4346 ac
2612 4292 2849 4357 docens,
2884 4307 2955 4344 ne
2984 4289 3229 4345 moleste
3278 4290 3485 4344 ferant.
3546 4289 3699 4344 Mor-

2042 4387 2160 4437 tem
2192 4381 2348 4436 enim
2380 4396 2497 4434 non
2529 4396 2658 4435 esse
2690 4378 3099 4451 perditionem,
3121 4379 3222 4434 sed
3251 4380 3405 4433 viam
3439 4393 3700 4433 resurre-

2043 4470 2271 4526 ctionis.
2335 4468 2554 4524 Deinde
2608 4472 2666 4523 et
2710 4468 2781 4522 de
2835 4467 3202 4538 temporibus
3252 4483 3351 4522 eos
3382 4467 3604 4537 edocet,
3639 4472 3704 4522 ut

279 4557 647 4617 ἀναστάσεως.
706 4556 931 4612 Ἔπειτα
985 4556 1074 4610 καὶ
1132 4558 1255 4631 περί
1312 4561 1416 4611 τῶν
1466 4556 1682 4633 χρόνων
1738 4557 1923 4620 αὐτοὺς

2045 4560 2198 4615 diem
2238 4557 2464 4613 Domini
2496 4556 2792 4613 occultum
2824 4572 2952 4611 esse
2984 4556 3496 4627 scientes,semper
3511 4555 3703 4625 parati

284 4643 521 4701 διδάσκει
604 4643 680 4697 ’ἶν’
763 4641 826 4699 ἇδ
872 4643 953 4700 λ·
1074 4648 1085 4660 “
1263 4645 1281 4688 ε
1540 4644 1551 4665 ’
1728 4668 1747 4687 ε
1917 4646 1931 4665 ⁸

513 4690 549 4713 .,
618 4689 630 4697 .
685 4689 700 4715 ,
831 4666 864 4716 η
911 4666 968 4699 οθ
1027 4668 1127 4714 την
1173 4648 1381 4721 ἠμ.ραν
1428 4667 1801 4722 γινωσκοντ-ς.
1854 4647 1934 4703 ἀει

284 4732 499 4807 1ἕτοιμοι
534 4735 817 4808 γίνωνται,
849 4734 937 4788 καὶ
974 4732 1165 4806 μηδενί
1196 4734 1542 4811 προσέχωσιν
1594 4734 1937 4811 ἐπαγγελλο-

298 4823 439 4896 μένῳ
498 4824 625 4898 περὶ
682 4823 868 4892 αὐτῆς.
929 4825 1176 4887 Ἐσεσθαι
1235 4824 1335 4899 γάρ
1394 4845 1524 4902 φησι
1579 4827 1676 4894 τήν
1736 4846 1939 4901 παρου-

294 4912 407 4965 σίαν
440 4911 646 4983 οὕτως,
708 4910 845 4967 ὥστε
891 4911 1020 4974 τοὺς
1077 4910 1589 4986 περιλειπομένους,
1648 4913 1737 4968 καὶ
1799 4914 1941 4990 εὑρι-

298 5002 596 5073 σκομένους
658 4999 710 5053 ἐν
766 5002 834 5070 τῇ
883 5003 1067 5075 ἡμέρᾳ
1121 5000 1312 5075 ἐκείνῃ,
1350 5002 1425 5073 μή
1460 5001 1671 5077 φθάνειν
1729 5001 1855 5063 τοὺς
1887 5002 1944 5056 ἐκ

290 5096 492 5163 νεκρῶν
557 5088 955 5164 ἂγειρομένους.
1002 5092 1150 5163 “Agim
1207 5092 1310 5165 γὰρ
1367 5090 1603 5165 γίνεσθαι
1659 5093 1758 5159 τὴν
1808 5092 1943 5145 πάν-

292 5194 397 5230 των
429 5176 689 5252 ἀλλαγὴν
736 5174 995 5235 διδάσκει.
1061 5178 1199 5254 Πρὸς
1232 5178 1465 5246 τούτοις,
1498 5178 1818 5256 προτρέπων
1851 5180 1945 5235 αύ-

290 5265 412 5329 τοῦς
452 5265 804 5342 βελτιοῗηθαι
837 5266 889 5320 ἐν
940 5273 1059 5329 τοῖς
1108 5265 1287 5337 ἤθεσι,
1334 5274 1587 5343 παραινεῖ
1632 5268 1713 5323 ἀεὶ
1764 5268 1945 5331 αὐτοῖς

292 5354 385 5407 καὶ
435 5356 655 5431 χαίρειν
703 5359 773 5428 τῇ
824 5354 1028 5427 ἐλπίδι,
1077 5358 1169 5412 καὶ
1216 5355 1635 5433 προσεύχεσθαι,
1670 5356 1760 5412 καὶ
1790 5357 1949 5433 εὔχα-

302 5450 496 5515 ριστεῖν
552 5445 634 5499 ἀεὶ
691 5449 772 5516 τῷ
830 5445 1031 5521 Κυρίῳ,
1092 5446 1375 5523 ἐνορκίζων
1426 5445 1623 5509 αὐτοὺς
1649 5446 1948 5523 ἀναγνῶναι

302 5532 405 5599 τήν
435 5532 766 5601 Ἐπιστολὴν
798 5534 996 5604 ταύτην
1029 5542 1159 5591 πᾶσι
1187 5540 1303 5599 τοῖς
1331 5528 1611 5614 ἀδελφοῖς,
1656 5536 1745 5592 καί
1776 5535 1947 5601 οὕτως

310 5620 479 5689 αότήν
509 5620 736 5677 τελειοῖ.

2047 4648 2297 4715 sint,nec
2327 4662 2679 4719 quemquam
2714 4645 3018 4700 attendant
3045 4644 3116 4699 de
3145 4643 3245 4699 illo
3276 4644 3650 4700 nuntiantem
3686 4660 3700 4699 :

2048 4737 2314 4791 futurum
2347 4735 2499 4789 enim
2535 4736 2615 4789 ita
2644 4733 2764 4788 illis
2793 4733 3205 4800 adventum,ut
3233 4733 3329 4803 qui
3364 4732 3582 4788 residui
3611 4733 3702 4787 in-

2049 4826 2358 4881 venientur
2382 4824 2441 4878 in
2473 4841 2538 4879 eo
2570 4823 2682 4887 die,
2710 4839 2825 4877 non
2857 4821 2977 4878 sint
3007 4822 3356 4894 praeventuri
3385 4821 3613 4892 eos,qui
3635 4836 3705 4876 ex

2053 4914 2302 4970 mortuis
2331 4912 2830 4976 excitabuntur,eo
2860 4913 3015 4981 quod
3044 4911 3220 4966 simul
3253 4928 3319 4967 ac
3348 4911 3544 4967 subito
3574 4926 3702 4966 omo

2052 5004 2218 5059 nium
2250 5003 2326 5058 sit
2357 5003 2552 5056 futura
2600 5000 2866 5056 mutatio.
2930 5001 3187 5071 Denique
3238 5000 3337 5055 ubi
3397 4997 3707 5055 admonuit

2058 5110 2177 5162 eos,
2204 5097 2268 5146 ut
2294 5090 2565 5146 meliores
2596 5090 2860 5145 moribus
2882 5090 3153 5159 evadant,
3189 5089 3455 5144 hortatur
3502 5090 3703 5159 etiam,

2057 5187 2121 5237 ut
2151 5196 2386 5250 semper
2416 5179 2475 5233 in
2507 5195 2610 5249 spe
2641 5179 2955 5249 gaudeant,
2979 5183 3038 5233 et
3066 5177 3384 5249 precationi
3406 5178 3703 5242 insistant,

2057 5288 2123 5326 ac
2154 5274 2429 5341 perpetuo
2459 5266 2678 5339 gratias
2709 5272 2886 5339 agant
2916 5267 3184 5323 Domino.
3218 5266 3477 5322 Tandem
3536 5266 3705 5335 adju-

2056 5365 2148 5416 rat
2203 5375 2323 5425 eos,
2380 5363 2446 5412 ut
2475 5356 2795 5428 Epistolam
2828 5357 2979 5413 hanc
3012 5356 3288 5412 fratribus
3319 5354 3593 5412 omnibus
3624 5354 3705 5408 le-

2062 5453 2224 5521 gant,
2259 5452 2433 5520 atque
2463 5446 2619 5501 illam
2656 5447 2801 5503 linit.
