4108 6210
579 351 610 406 4
622 349 697 406 23

917 484 1098 550 Nona,
1130 482 1262 535 item
1292 480 1361 534 ad
1393 479 1904 535 Thessalonicenses.

655 588 746 641 67.
781 587 941 641 Hanc
976 587 1152 642 Roma
1185 586 1384 641 mittit.
1419 586 1658 642 Occasio
1688 590 1882 640 autem
1916 585 2044 654 ejus
2099 581 2239 637 talis

583 681 734 732 est:
784 674 1208 731 Thessalonicae
1270 676 1506 747 quidam
1569 675 1737 729 otiosi
1796 679 1853 730 et
1911 672 2238 728 inordinate

582 765 839 820 viventes
869 765 1351 829 circumibant,ac
1384 768 1592 818 fratres
1625 764 1987 818 seducebant
2019 777 2032 816 :
2068 759 2235 832 quasi

576 854 700 924 jam
738 860 860 909 tum
913 855 1193 908 adventus
1252 854 1477 908 Domini
1540 854 1805 907 instaret.
1868 849 2239 905 Seducebant

581 949 772 998 autem
835 943 1133 998 auditores
1193 942 1362 1012 quasi
1405 941 1680 1011 Apostolo
1712 941 1765 994 id
1803 939 2234 1004 manifestante,

577 1039 632 1086 et
663 1034 736 1086 ab
771 1033 895 1104 ipso
927 1032 1148 1102 Spiritu
1183 1039 1386 1087 sancto
1417 1033 1740 1086 audissent.
1775 1029 1933 1092 Quod
1997 1026 2095 1081 ubi
2145 1043 2236 1080 co-

575 1121 777 1191 gnovit
822 1122 1161 1192 Apostolus,
1211 1121 1362 1175 hanc
1391 1121 1460 1174 ad
1495 1137 1594 1173 eos
1627 1117 1945 1189 Epistolam
1980 1115 2236 1186 scripsit.

574 1210 641 1264 Et
671 1211 930 1281 primum
967 1210 1203 1280 quidem
1238 1215 1595 1264 crescentem
1631 1224 1830 1262 eorum
1883 1206 2054 1259 ﬁdem
2108 1205 2231 1259 lau-

573 1301 694 1366 dat,
727 1304 783 1353 et
813 1298 1097 1368 gloriatur
1127 1299 1182 1352 in
1221 1299 1386 1368 ipsis,
1422 1297 1576 1368 quod
1611 1296 1959 1351 al'llictiones
2009 1294 2236 1350 fortiter

573 1388 904 1444 tolerabant
940 1392 1172 1458 propter
1199 1385 1871 1441 Christumzconsolatur
1901 1401 2000 1438 eos
2033 1383 2231 1450 etiam,

575 1477 730 1547 quod
793 1481 990 1530 lutura
1046 1475 1124 1530 sit
1166 1492 1199 1529 a
1231 1475 1346 1530 Deo
1380 1475 1520 1529 ultio
1551 1491 1778 1540 eorum,
1811 1491 1844 1527 a
1875 1473 2090 1544 quibus
2125 1473 2231 1526 im-

573 1565 784 1620 merito
813 1565 1238 1636 allligebantur.
1275 1563 1492 1618 Deinde
1549 1579 1686 1618 vero
1745 1568 1800 1616 et
1858 1563 1928 1616 de
1983 1567 2230 1619 adventu

571 1654 892 1710 Salvatoris
949 1667 1048 1707 eos
1105 1653 1326 1718 edocet,
1382 1667 1452 1706 ne
1483 1652 1762 1722 cuiquam
1797 1652 2058 1716 credant,
2093 1669 2233 1707 neve

568 1744 904 1807 turbentur,
928 1740 1046 1795 sive
1077 1758 1178 1811 per
1207 1741 1512 1812 Spiritum,
1549 1742 1670 1796 sive
1701 1745 1980 1810 tanquam
2013 1740 2138 1811 ipse
2165 1758 2232 1796 ea

1789 346 1853 403 S.
1902 339 2510 403 ATHANASIUS.—
2549 340 2808 405 DUBIA.
3810 349 3880 406 tit

2271 478 2324 542 Α
2513 475 2727 546 Ἐνάτη,
2760 476 2922 533 πάλιν
2956 476 3041 532 καὶ
3073 477 3206 548 αὕτη
3238 478 3375 553 πρὸς
3405 476 3780 541 Θεσσαλονικεῖς.

2417 584 2508 638 67.
2559 583 2771 652 Ταύτην
2827 584 3149 640 ἀποστέλλει
3209 586 3314 640 ἀπὸ
3361 587 3589 658 Ῥώμης.
3632 590 3682 644 Ἡ
3711 585 3756 641 δί
3795 593 3876 662 πρὸ·

2348 691 2502 746 φασις
2546 676 2643 740 της
2704 673 3031 742 Ἐπιστολῆς
3089 675 3244 744 αὕτη·
3304 676 3450 737 Τινὲς
3510 675 3560 729 ἐν
3610 677 3875 751 Θεσσαλονέκῃ

2347 759 2504 834 ἀργοὶ
2563 761 2650 815 καὶ
2728 761 2945 818 ἄτακτοι
3019 765 3435 839 περιερχόμενοι
3511 764 3629 826 τοὺς
3695 765 3876 843 duaeea;

2349 849 2686 926 ὑφήρπαζον,
2774 852 2848 914 ὡς
2919 850 3026 922 ἤδη
3097 860 3197 920 τῆς
3269 853 3561 928 παρουσίας
3621 859 3704 909 τοῦ
3751 858 3875 928 Rupit;

2347 937 2622 1009 ἐνστάσης.
2677 941 2925 996 Ἦπάτων
2978 939 3035 996 δὲ
3081 963 3208 1003 τους
3242 941 3553 1012 ἀκούοντας,
3585 943 3650 1004 ὡς
3677 947 3876 997 τοῦἋπι·

2344 1025 2543 1080 στόλου
2582 1033 2743 1082 τοῦτο
2803 1027 3114 1097 δηλοῦντος,
3171 1031 3260 1083 καὶ
3308 1031 3408 1084 ὑπὸ
3461 1032 3738 1102 Πνεύματνς
3783 1033 3878 1086 ἄιε-ῥυ

2346 1136 2546 1176 σαντες.
2605 1122 2777 1171 Ταῦτα
2831 1118 3007 1172 τοίνυν
3072 1121 3255 1191 μαθὼν
3312 1121 3341 1174 6
3406 1120 3716 1181 Ἀπόστολος
3761 1125 3878 1196 γραεξι

2343 1207 2442 1272 τῆν
2498 1203 2847 1275 Ἐπιστολήν.
2909 1207 3004 1260 Καὶ
3077 1212 3292 1283 πρῶτον
3351 1209 3444 1279 μὶν
3503 1208 3785 1283 ἀποῦἐχεται
3821 1213 3875 1276 τῇ

2343 1292 2519 1348 πίστιν
2581 1294 2755 1348 αὐτῶν
2813 1295 3160 1367 αὐξάνουσαν,
3218 1297 3308 1351 καὶ
3365 1296 3446 1351 ὅτι
3508 1297 3558 1352 ἐν
3588 1298 3743 1358 αὐτοῖς
3784 1299 3876 1351 im-

2343 1388 2502 1455 χᾰτο,
2555 1385 2647 1444 τὰς
2682 1382 2892 1457 θλίψεις
2923 1385 3183 1458 γενναίως
3217 1387 3540 1463 ὑποφέρουσι
3597 1385 3676 1440 διὰ
3698 1387 3768 1441 τὸν
3804 1389 3874 1459 X9:-

2343 1470 2486 1524 στόν·
2547 1472 2634 1525 καὶ
2685 1475 3078 1547 παραμυθεῖται
3155 1472 3213 1529 δὶ
3289 1475 3502 1544 αὐτοὺς,
3571 1476 3638 1537 ὡς
3703 1475 3874 1546 ἐσομένης

2344 1555 2581 1620 ἐκδικίας
2612 1561 2756 1635 παρά
2783 1567 2879 1616 τοῦ
2911 1568 3043 1617 Θεοῦ
3073 1564 3207 1618 κατά
3234 1569 3341 1618 τῶν
3401 1562 3725 1619 ἀδικούντων·
3764 1561 3873 1618 ἔπεια

2342 1643 2399 1700 δὲ
2428 1648 2516 1700 καὶ
2574 1649 2696 1723 περὶ
2744 1652 2840 1718 τῆς
2900 1651 3195 1725 παρουσίας
3251 1657 3348 1707 τοῦ
3410 1660 3659 1729 Σωτῆρος
3703 1651 3872 1712 διδάσκει,

2346 1734 2538 1808 μηδενὶ
2594 1738 2790 1800 αὐτοὺς
2839 1740 3133 1810 πείθεσθαι,
3191 1740 3330 1812 μηδὲ
3378 1743 3663 1818 θροεῖσθαι,
3708 1745 3809 1815 μήτε
3828 1738 3873 1793 ea

572 1834 642 1887 de
675 1849 734 1887 re
767 1831 1106 1902 scripserit;
1145 1847 1248 1885 nec
1281 1829 1398 1884 ullo
1435 1831 1603 1884 modo
1637 1834 1864 1900 putent,
1925 1847 2051 1884 eam
2104 1831 2211 1899 jau

2304 1825 2677 1912 ςΠνεύματος,
2739 1830 2877 1898 μήτε
2933 1829 3008 1890 ὡς
3065 1829 3228 1884 αὐτοῦ
3279 1831 3605 1907 γράψαντος,
3656 1828 3871 1904 μηδὶδλιυς

569 1923 810 1985 instare,
875 1927 978 1974 aut
1045 1920 1304 1974 futuram
1375 1934 1503 1972 esse
1572 1918 1916 1989 priusquam
1985 1919 2231 1974 defectio

571 2011 786 2076 veniat,
843 2016 901 2064 et
960 2015 1091 2079 post
1151 2008 1300 2061 hanc
1330 2007 1750 2073 Antichristus,
1785 2008 1938 2062 lilius
1975 2007 2069 2062 ille
2102 2025 2229 2080 per-

569 2098 831 2167 ditionis,
865 2099 1036 2167 cujus
1085 2097 1397 2151 adventum
1461 2096 1513 2148 in
1578 2097 1764 2166 signis
1820 2113 1885 2151 ac
1950 2097 2230 2168 prodigiis

572 2186 958 2242 mendacibus
1015 2185 1336 2240 secundum
1381 2184 1774 2255 operationem
1812 2187 2038 2240 Satanae
2071 2186 2225 2241 futu-

571 2294 704 2332 rum
763 2293 890 2332 esse
952 2275 1265 2345 significat.
1331 2278 1537 2329 Postea
1596 2274 1945 2330 adhortatus
1984 2293 2102 2336 eos,
2167 2282 2229 2330 ut

578 2365 803 2420 fortiter
827 2364 1165 2436 persistant,
1198 2369 1253 2418 et
1285 2363 1648 2432 traditiones,
1673 2380 1822 2433 quas
1849 2381 1880 2417 ιι
1907 2380 1968 2418 se
2007 2364 2224 2419 didice-

577 2461 730 2519 rant,
754 2459 1000 2516 servent,
1034 2454 1342 2508 denuntiat
1373 2451 1486 2507 illis
1521 2469 1590 2506 ne
1622 2469 1799 2522 quam
1834 2470 1968 2507 cum
2002 2453 2095 2521 iis,
2127 2453 2222 2523 qui

569 2545 900 2599 inordinate
935 2543 1223 2607 vixebant,
1256 2542 1728 2596 communionem
1789 2541 2062 2610 habeant,
2122 2543 2220 2596 sed

569 2633 759 2704 magis
819 2633 1126 2704 repudicnt
1178 2647 1295 2686 eos.
1359 2631 1629 2685 Declarat
1676 2630 1831 2684 enim
1884 2629 2224 2701 hujusmodi

565 2723 831 2778 curiosos
861 2738 990 2776 esse
1022 2728 1078 2776 et
1107 2737 1363 2775 crroncs.
1409 2721 1654 2774 Prorsus
1714 2724 1906 2773 autem
1967 2719 2226 2791 praecipit

563 2813 668 2878 eis,
732 2819 796 2867 ut
851 2811 899 2868 si
950 2811 1084 2883 quis
1115 2809 1489 2866 sermonibus
1519 2810 1643 2863 suis
1678 2809 2091 2880 immorigcrus
2123 2808 2219 2878 sit,

561 2901 779 2956 hunce
828 2916 1126 2972 synagoga
1183 2898 1437 2967 ejiciant.
1499 2898 1780 2952 Cmterum
1846 2913 2043 2968 pacem
2107 2897 2221 2953 illis

561 2993 930 3061 appreeatus,
992 2989 1121 3042 linit
1177 2986 1519 3058 Epistolam,
1579 2985 1929 3041 salutatione
1987 2986 2221 3058 propria

565 3095 744 3134 manu
778 3077 1178 3150 scripta,quod
1213 3076 1498 3148 cujusque
1529 3076 1798 3146 Epistolaa
1831 3092 1948 3131 suae
1980 3076 2217 3147 signum

563 3183 693 3222 esse
726 3167 962 3223 indicat.

1065 3308 1304 3373 Decima,
1333 3307 1401 3362 ad
1433 3307 1699 3363 Hebra’os.

629 3450 720 3504 68.
762 3449 916 3504 lianc
941 3447 1208 3504 mittitex
1233 3447 1413 3503 Italia.
1443 3447 1681 3504 Occasio
1713 3453 1904 3504 autem
1937 3449 2208 3520 Epistolm

555 3537 691 3594 talis
723 3543 814 3594 est
846 3555 859 3593 :
894 3538 1178 3602 Quoniam
1207 3537 1393 3593 Juda-i
1427 3537 1538 3609 legi
1568 3544 1626 3592 et
1658 3538 1884 3593 umbris
1913 3537 2072 3594 illius
2115 3538 2206 3594 in-

552 3628 937 3693 cumbebant,
991 3629 1063 3682 ob
1121 3643 1248 3682 eam
1310 3643 1547 3681 causam
1610 3626 1824 3682 Paulus
1880 3629 2202 3698 apostolus,

545 3719 752 3772 doctor
782 3718 1048 3789 gentium
1081 3717 1270 3772 factus
1286 3723 1342 3770 et
1359 3717 1429 3770 ad
1457 3721 1659 3786 gentes
1693 3716 2008 3780 missus,ut
2030 3721 2205 3772 Evan-

547 3805 768 3878 gelium
819 3806 935 3861 illis
989 3805 1347 3877 praedicaret,
1401 3821 1534 3860 cum
1596 3805 1871 3860 omnibus
1929 3806 2201 3874 gentibus

543 3895 900 3967 scripsisset,
940 3895 1066 3965 jam
1100 3895 1373 3966 deinceps
1405 3894 1684 3950 omnibus
1716 3895 1889 3949 etiam
1923 3895 2198 3965 Hebraeis,

545 3984 644 4055 qui
679 4000 748 4038 ex
777 3983 1224 4039 circumcisione
1255 3983 1642 4049 crediderant,
1677 3981 1996 4054 Epistolam
2049 3984 2198 4041 hanc

543 4071 748 4126 scribit
777 4071 1796 4143 declarationibusetprobationibus
1824 4073 2194 4142 instructam,

544 4160 616 4213 de
648 4159 859 4214 Christi
894 4163 1165 4227 adventu,
1199 4167 1257 4216 et
1287 4163 1439 4230 quod
1473 4160 1619 4232 legis
1669 4162 1878 4216 umbra
1935 4163 2194 4219 desierit.

549 4246 616 4301 Et
673 4247 960 4319 principio
1022 4248 1277 4304 declarat
1308 4249 1617 4319 prophetas
1649 4249 1776 4304 ideo
1808 4266 1933 4305 esse
1961 4253 2198 4317 missos,

545 4341 607 4390 ut
635 4337 707 4391 de
739 4335 1034 4392 Salvatore
1069 4336 1605 4407 praenuntiarent,et
1638 4346 1700 4392 ut
1729 4345 1858 4408 post
1891 4339 2022 4394 illos
2075 4341 2198 4412 ipse

541 4422 807 4480 Salvator
863 4426 1087 4480 veniret
1144 4443 1155 4480 :
1209 4441 1408 4480 servos
1436 4441 1565 4480 esse
1597 4427 1929 4497 prOphetas,
1958 4435 2015 4483 et
2047 4446 2196 4484 nun-

543 4515 660 4569 tios
691 4515 976 4569 adventus
1026 4513 1232 4585 ipsius.
1260 4515 1457 4584 Ipsum
1490 4529 1621 4568 vero
1653 4515 1946 4571 Christum
1983 4517 2191 4573 Filium

2341 1914 2581 1985 νομίζειν
2634 1913 2740 1984 ἤδη
2793 1923 3037 1992 παρεῖναι
3081 1919 3270 1987 αὐτὴν,
3316 1918 3459 1991 μηδὲ
3488 1921 3723 1994 πρότερον
3748 1918 3872 1972 ἔσεσθε

2338 2002 2563 2074 ταύτην,
2625 2004 2710 2059 ἐὰν
2774 2008 2848 2077 μῆ
2907 2009 2940 2074 ἡ
3011 2009 3308 2062 ἀποστασία
3366 2011 3623 2085 πρότερον
3673 2008 3788 2079 ἔλθῃ,
3825 2006 3868 2057 η’

2342 2093 2457 2163 μετ’
2488 2092 2654 2161 αὐτὴν
2697 2095 2724 2148 6
2775 2094 3176 2170 Ἀντίχριστος,
3225 2098 3254 2151 6
3303 2099 3417 2159 υἱὸς
3462 2106 3560 2168 τῆς
3590 2092 3871 2158 ἀπωλείας.ῡῦ

2336 2181 2434 2248 τῆν
2495 2182 2788 2255 παρουσίαν
2840 2183 2892 2238 ἐν
2953 2186 3204 2256 σημείοις
3261 2187 3349 2240 καὶ
3390 2183 3872 2262 τέρασιψεύδουςκπ
3935 2203 3937 2220 ι

2338 2267 2602 2344 ἐνέργειαν
2650 2277 2747 2326 τοῦ
2807 2279 3018 2328 Σατανᾶ
3066 2272 3269 2330 ἔσεσθαι
3315 2278 3590 2348 σημαίνει.
3621 2278 3730 2332 Είτσ
3752 2292 3868 2344 παραε-

2334 2359 2486 2420 νέσας
2549 2359 2729 2423 αὐτοῖς
2789 2365 3000 2431 στήκειν
3086 2365 3361 2439 γενναίως,
3436 2367 3526 2420 καὶ
3595 2369 3767 2440 κρατεῖν
3819 2362 3868 2417 ti;

2335 2445 2682 2521 παραδόσεις,
2716 2451 2791 2512 ὡς
2842 2449 3201 2528 ἐδιδάχθησαν
3247 2456 3372 2530 παρ’
3431 2453 3613 2521 αὐτού,
3658 2449 3868 2526 παραγγέλ-

2336 2533 2417 2590 λει
2481 2535 2750 2611 μηδεμίαν
2811 2542 3092 2595 κοινωνίαν
3153 2538 3297 2617 ἔχειν
3357 2545 3495 2614 μετά
3552 2549 3646 2598 τῶν
3697 2540 3866 2595 ἀτάκτων.

2332 2623 2480 2680 ἀλλά
2527 2627 2614 2681 καὶ
2675 2624 3011 2684 ἀποϐάλλειν
3067 2631 3281 2694 αὐτούς.
3332 2633 3486 2687 Εἶναι
3518 2633 3612 2708 γὰρ
3639 2631 3713 2686 καὶ
3737 2628 3865 2699 περιέξ-

2332 2735 2464 2790 γους
2494 2717 2581 2770 καὶ
2615 2715 2854 2780 πλάνους
2887 2716 3131 2789 ἐδήλωσε
3160 2720 3288 2783 τοὺς
3327 2723 3626 2783 τοιούτους.
3679 2718 3756 2776 Καὶ
3797 2715 3866 2767 uti-

2332 2802 2467 2857 όλου
2527 2801 2583 2859 δὲ
2633 2807 2966 2882 παρήγγειλε
3013 2811 3099 2864 τὸν
3161 2811 3235 2882 μὴ
3271 2811 3606 2865 ὑπακούοντα
3633 2815 3728 2868 τοῖς
3752 2804 3865 2874 λόγοις

2331 2891 2514 2962 αὐτοῦ,
2568 2899 2756 2950 τοῦτον
2821 2898 3240 2974 ἀποσυνάγωγον
3299 2899 3559 2974 γίνεσθαι.
3618 2898 3705 2954 Καὶ
3749 2891 3864 2948 λοιπὰτ

2332 2981 2692 3056 ὑπευξάμενος
2742 2985 2925 3048 αὐτοῖς
2976 2987 3220 3063 εἶρήνην,
3251 2987 3462 3043 τελειοῖ
3490 2990 3585 3058 τῆν
3620 2979 3863 3042 Ἐπιπῡλῆνι

2327 3071 2416 3124 τὸν
2469 3073 2748 3145 ἀσπασμὸν
2809 3079 2878 3148 τῇ
2931 3072 3037 3130 ἰδία
3087 3077 3233 3152 χειρὶ
3280 3076 3513 3152 γράψας,
3567 3077 3687 3150 άπερ
3724 3072 3863 3140 σημεῖθν

2330 3158 2461 3214 εἶναι
2492 3161 2667 3233 πάσης
2703 3163 3029 3234 Ἐπιστολῆς
3061 3164 3264 3229 οἰκείας
3299 3162 3629 3233 δεδήλωκεν·

2771 3323 2996 3395 Δεκάτη,
3039 3326 3174 3402 πρὸς
3205 3321 3514 3401 Ἐϐραίους.

2385 3449 2475 3502 68.
2507 3445 2713 3516 Ταύτην
2768 3447 3091 3505 ἀποστέλλει
3154 3451 3259 3505 ἀπὸ
3312 3448 3568 3512 Ἰταλίας.
3621 3451 3673 3503 Ἦ
3699 3444 3743 3501 δὲ
3781 3438 3858 3513 πρό·

2316 3555 2473 3611 φαίης
2520 3543 2618 3603 τῆς
2679 3535 3008 3607 Ἐπιστολῆς
3075 3538 3231 3609 αὕτη·
3295 3538 3518 3608 Ἐπειδὴ
3569 3529 3858 3595 Ἰουδαῖοι

2319 3622 2524 3679 ίσταντο
2584 3625 2635 3680 ἐν
2693 3631 2771 3696 τῷ
2829 3627 2985 3700 νόμῳ
3042 3627 3130 3683 καὶ
3183 3634 3304 3690 ταῖς
3361 3635 3563 3695 σκιαῖς,
3605 3625 3681 3682 διὰ
3707 3626 3858 3677 τοῦτοῦ
3931 3671 3933 3694 λ

2314 3710 2617 3775 ἀπόστολος
2669 3715 2902 3784 ΙΙαῦλος,
2947 3714 3272 3779 διδάσκαλος
3299 3717 3466 3772 ἐθνῶν
3492 3717 3765 3793 γενόμενος,
3810 3702 3857 3756 λαὶ

2313 3800 2390 3862 εἷς
2438 3803 2504 3856 τὰ
2562 3800 2682 3873 ἔθνη
2744 3803 3072 3867 ἀποσταλεὶς
3127 3807 3436 3879 κηρύττειν,
3495 3809 3556 3862 τὸ
3603 3797 3856 3876 Εὖαγγὲλιον,

2311 3891 2522 3966 γράψας
2569 3912 2627 3946 τε
2675 3899 2802 3947 πᾶσι
2847 3899 2964 3956 τοῖς
2997 3892 3189 3963 ἔθνεσιν
3221 3898 3414 3973 γράφει
3449 3894 3634 3951 λοιπὸν
3662 3891 3733 3947 καὶ
3778 3890 3854 3938 πᾶς·

2307 3985 2422 4040 τοῖς
2456 3979 2513 4034 ἐκ
2562 3989 2864 4054 περιτομῆς
2923 3982 3267 4037 πιστεύσασιν
3316 3979 3588 4059 Ἑϐραίοις
3635 3974 3854 4035 ἀποδεικτι-

2307 4069 2407 4135 κὴν
2438 4069 2638 4140 ταύτην
2667 4069 2992 4138 Ἐπιστολὴν
3028 4073 3150 4147 περὶ
3180 4079 3278 4141 τῆς
3310 4078 3408 4127 τοῦ
3466 4068 3684 4149 Χριστοῦ
3723 4080 3854 4133 παρου-

2310 4158 2448 4227 σίας,
2510 4159 2595 4212 καὶ
2654 4165 2750 4214 τοῦ
2807 4173 3104 4224 πεπκυσθαι
3160 4162 3258 4228 τήν
3292 4162 3441 4215 σκιὰν
3474 4167 3567 4215 τοῦ
3595 4159 3756 4229 νόμου.
3798 4155 3852 4200 liii

2308 4251 2524 4322 πρῶτον
2584 4249 2677 4319 μὲν
2737 4246 3082 4304 ἀποδείκνυσι
3138 4249 3266 4311 τοὺς
3319 4253 3600 4326 προφήτας
3652 4244 3724 4300 διὰ
3754 4241 3852 4330 τοῦτῖ

2307 4335 2661 4406 ἀπεστάλθαι,
2716 4336 2803 4392 ’ίνα
2851 4338 2973 4413 περὶ
3003 4343 3098 4392 τοῦ
3132 4345 3392 4412 Σωτῆρος
3437 4333 3779 4413 ἀπαγγείλωσι,
3801 4342 3850 4376 καί

2310 4425 2425 4496 μετ’
2455 4425 2648 4488 αὐτοὺς
2675 4425 2833 4487 αὐτὸς
2865 4425 3017 4501 ἔλθῃ·
3055 4425 3284 4488 δούλους
3333 4448 3393 4482 τε
3451 4428 3581 4482 εἶναι
3635 4421 3735 4481 τοὺς
3770 4431 3852 4487 πῖθ’

2306 4517 2502 4590 φήτας,
2562 4515 2650 4570 καὶ
2711 4516 2951 4587 μηνυτὰς
3008 4524 3109 4584 τῆς
3178 4515 3341 4570 αὐτοῦ
3413 4515 3706 4592 παρουσίας·
3753 4504 3850 4560 αὖτθτ

535 4619 667 4659 esse
699 4602 933 4674 Dei,per
953 4619 1127 4674 quem
1161 4603 1358 4658 omnia
1392 4603 1543 4657 facta
1575 4603 1713 4658 sint.
1752 4604 1819 4658 Et
1850 4606 2004 4674 quod
2040 4606 2196 4662 hunc

2307 4600 2364 4657 δὲ
2394 4603 2486 4658 τὸν
2535 4605 2761 4679 Χριστὸν
2823 4606 2942 4659 Υἳὸν
2996 4606 3126 4659 εἶναι
3176 4609 3272 4660 τοῦ
3303 4611 3458 4672 Θεοῦ,
3493 4603 3560 4660 δι’
3588 4603 3645 4658 οὗ
3669 4600 3722 4655 τὰ
3744 4593 3851 4649 πάνυ

535 4691 748 4748 Filium
802 4692 1094 4747 incarnari
1145 4691 1566 4761 hominemque
1598 4691 1721 4746 lieri
1752 4696 2095 4764 oportuerit,
2132 4701 2194 4752 ut

538 4798 642 4853 per
672 4782 932 4853 corporis
962 4781 1048 4836 sui
1087 4779 1552 4835 immolationem
1585 4785 1828 4836 mortem
1891 4782 2145 4839 aboleret
2175 4802 2188 4840 :

537 4886 727 4942 neque
785 4871 941 4926 enim
1004 4888 1105 4942 per
1160 4870 1504 4939 sanguinem
1561 4869 1723 4924 vituli
1758 4877 1858 4925 aut
1889 4870 2057 4936 hirci,
2089 4875 2188 4929 sed

536 4976 640 5031 per
669 4959 1015 5032 sanguinem
1066 4959 1279 5014 Christi
1334 4961 1452 5014 fore
1511 4959 1855 5015 mortalibus
1915 4960 2188 5018 salutem.

537 5049 803 5104 Ostendit
833 5049 1034 5118 etiam,
1066 5050 1216 5120 quod
1256 5049 1340 5103 lex
1378 5049 1667 5104 neminem
1703 5052 2025 5120 perlectum
2061 5052 2188 5106 red-

533 5140 767 5207 diderit,
801 5142 900 5197 sed
937 5142 1206 5196 umbram
1242 5141 1511 5196 habuerit
1540 5142 1865 5197 futurorum
1897 5143 2049 5198 I52
2083 5145 2188 5198 bo-

534 5246 770 5296 norum,
805 5239 860 5286 et
893 5236 1047 5304 quod
1086 5232 1334 5302 populus
1368 5231 1627 5300 requiem
1689 5249 1791 5302 per
1849 5231 2010 5287 illam
2071 5249 2183 5287 non

533 5318 837 5386 invenerit,
889 5321 988 5375 sed
1020 5319 1351 5376 communis
1383 5319 1551 5374 nobis
1581 5321 1856 5375 omnibus
1888 5322 2180 5393 relinqua-

531 5412 629 5462 tur
653 5408 867 5479 quietis
918 5409 1062 5464 dies.
1124 5414 1266 5463 ltem
1325 5407 1578 5462 declarat
1629 5409 1985 5464 sacerdotale
2038 5410 2182 5466 illud

2299 4694 2504 4767 γέγονε“
2585 4692 2674 4747 καὶ
2759 4693 2840 4747 δτι
2924 4699 3112 4748 τοῦτον
3167 4695 3257 4748 τὸν
3326 4694 3444 4748 ι’ἶόν
3495 4691 3594 4748 ἔδει
3651 4687 3847 4756 ἄνθρωπθί

2301 4781 2546 4855 γενέσθαι
2603 4781 2964 4855 σαρκωθὲντα,
3017 4781 3109 4836 ⁴’ίνα
3167 4780 3256 4837 διὰ
3331 4790 3429 4851 τῆς
3507 4786 3598 4837 τοῦ
3674 4776 3848 4862 σώματξξ

2299 4870 2464 4925 αύτοῦ
2525 4871 2707 4934 θυσίας
2766 4875 3081 4946 καταργήσῃ
3135 4872 3226 4926 τὸν
3283 4874 3527 4926 θάνατον·
3587 4869 3642 4924 οὐ
3691 4865 3768 4939 γὰρ
3809 4853 3844 4907 δι’

2299 4959 2527 5032 αἶ’ματος
2583 4960 2795 5034 μόσχου
2843 4961 2878 5029 ἦ
2938 4961 3160 5034 τράγου,
3221 4960 3364 5014 ὀλλὰ
3423 4959 3490 5014 δι’
3556 4957 3748 5029 αἳματος
3789 4963 3846 4997 τον
3926 4973 3927 5034 γ

2297 5054 2530 5124 Χριστοῦ
2611 5048 2818 5104 ἔσεσθαι
2897 5051 2994 5117 τήν
3078 5049 3348 5124 σωτηρίαν
3424 5055 3537 5110 τοῖς
3604 5041 3844 5124 ἀνθρώποις..

2299 5136 2670 5193 ’Δποδείκνυσι
2723 5135 2800 5207 δὲ,
2849 5139 2930 5193 δτι
2958 5140 2984 5192 ὁ
3014 5138 3182 5209 νόμος
3215 5137 3404 5194 ούδὲνα
3429 5136 3730 5197 ἐτελείωσεν,
3754 5122 3844 5179 an:

2295 5228 2444 5282 σκιάν
2503 5227 2618 5302 εἶχε
2673 5233 2778 5281 τῶν
2844 5225 3159 5300 μελλόντων
3219 5228 3455 5302 ἀγαθῶν,
3505 5226 3588 5282 καὶ
3643 5221 3694 5276 οὗ
3748 5209 3844 5268 κατέ·

2294 5337 2490 5371 παυσεν
2550 5317 2578 5369 6
2628 5315 2782 5385 λαὸς,
2836 5315 2983 5371 ἀλλὰ
3030 5321 3186 5390 κοινῇ
3227 5323 3385 5370 πᾶσιν
3418 5319 3548 5388 ἡμῖν
3577 5305 3841 5368 ἀπολείπεται

2292 5407 2326 5474 ἦ
2387 5405 2566 5478 ἡμέρα
2620 5412 2719 5474 τῆς
2775 5404 3180 5466 καταπαύσεως.
3239 5403 3407 5459 Πάλιν
3445 5402 3498 5458 δὶ
3528 5397 3840 5486 ἀποδείκνυσιῗ.

2291 5497 2374 5550 δτι
2422 5497 2456 5562 ἡ
2509 5493 2864 5570 ἀρχιερατική
2896 5494 3198 5570 λειτνυργία
3231 5495 3423 5566 μετέϐη
3453 5493 3553 5547 ἀπο
3584 5485 3756 5574 Δ“αρῲν
3792 5485 3839 5574 εξί

2285 5585 2377 5638 τὸν
2411 5585 2664 5658 Χριστὸν,
2697 5585 2762 5638 οὗ
2793 5583 2956 5646 τύπος
2987 5585 3054 5652 ἦν
3084 5584 3112 5638 ὁ
3171 5580 3522 5658 Μελχισεδὲκ⁹
3570 5578 3659 5634 οὐκ
3706 5572 3760 5625 ὧν
3802 5572 3836 5615 εκ

2285 5677 2382 5729 τοῦ
2417 5674 2561 5726 Λευὶ·
2612 5673 2785 5728 πίστει
2817 5695 2874 5728 τε
2913 5671 3290 5736 δεδικαιῶσθαι
3339 5672 3463 5732 τοὺς
3517 5667 3631 5728 τοὺς
3670 5658 3836 5728 aut?“
3922 5739 3923 5744 γ

530 5497 748 5551 summi
807 5498 1128 5554 sacerdotis
1187 5513 1402 5551 munus
1434 5496 1504 5550 ab
1538 5497 1757 5551 Aarone
1784 5497 1855 5551 ad
1885 5497 2178 5554 Christum

531 5586 884 5642 translatum
937 5605 1085 5656 esse,
1144 5588 1314 5657 cuius
1375 5592 1548 5656 typus
1608 5586 1718 5640 luit
1775 5587 2179 5656 Melcliisedec,

478 5689 642 5785 ﬁgat)
709 5693 776 5732 ex
844 5677 972 5733 Levi
1045 5680 1343 5733 ortus:et
1399 5676 1551 5748 quod
1612 5680 1808 5748 patres
1863 5676 1976 5733 ﬁde
2037 5677 2176 5746 sint,

662 5825 960 6092 Χ.
