4108 6210
239 319 367 381 425

1378 328 1757 390 SYNOPSIS
1803 330 1974 392 SCRI
1987 332 2270 396 PTURJE
2314 338 2613 402 SACRIE.

3575 358 3697 421 496

235 452 535 525 σημαίνει,
576 457 675 511 καὶ
725 455 825 512 ούκ
876 456 927 529 ἐξ
960 455 1134 533 ἔργων
1184 461 1282 513 τοῦ
1329 457 1525 530 νόμου.
1578 460 1706 515 Εἶτα
1742 459 1908 558 ,πάλιι

2040 481 2154 521 non
2212 485 2279 524 ex
2335 474 2611 544 operibus
2668 475 2836 548 legis,
2885 478 3218 550 justiﬁcati.
3273 483 3534 544 Tandem
3594 493 3695 558 ubi

232 540 317 604 εἷς
360 544 432 597 τὰ
482 543 601 615 ἤθη
651 545 1092 623 προτρεψάμενος
1144 548 1233 601 καὶ
1281 547 1532 620 τούτους,
1588 550 1678 604 καὶ
1731 548 1925 605 ἀποδε-

230 629 481 705 ξάμενος
532 633 718 691 αὗτῶν
760 636 859 705 τὴν
910 632 1000 690 διὰ
1053 637 1144 690 τὸν
1193 638 1423 712 Χριστὸν
1477 638 1785 711 ὑπομονὴν,
1832 642 1923 695 καὶ

230 720 434 784 πείσας
493 729 667 797 τιμᾷν
720 723 847 787 τοὺς
903 719 1326 801 πρεσϐυτέρους,
1382 726 1590 783 τελειοῖ
1643 729 1743 798 τὴν
1806 727 1925 784 ἐπι-

231 810 483 882 στολήν.

694 919 1010 992 Ἐνδεκάτη,
1043 921 1179 995 πρὸς
1209 923 1499 995 Τιμόθεον.

254 1078 265 1085 ι
310 1039 407 1094 69.
461 1037 684 1110 Ταύτην
745 1036 1052 1094 ἐπιστέλλει
1123 1038 1230 1094 ἀπὸ
1299 1036 1636 1102 Μακεδονίας
1674 1084 1686 1097 .
1742 1043 1805 1099 Ἠ
1864 1040 1923 1097 δὲ

234 1124 525 1205 πρόφασις
564 1134 669 1197 τῆς
719 1126 1015 1197 ἐπιστολῆς
1067 1126 1225 1199 αὕτη*
1261 1129 1346 1183 Ἐν
1398 1132 1467 1202 τῇ
1522 1129 1733 1207 Ἐφέσῳ
1782 1133 1922 1194 τινὲς

234 1213 643 1286 Ἰουδαῒζοντες
688 1215 1003 1293 ἐπεχείρουν
1056 1214 1579 1292 ἑτεροδιδασκαλεῖν,
1633 1220 1726 1272 καὶ
1781 1220 1918 1275 ἀπα-

226 1310 327 1375 τᾷν
362 1305 502 1368 τοὺς
553 1305 844 1380 ἀκεραίους
893 1306 1156 1385 προφάσει
1201 1310 1299 1361 τοῦ
1346 1306 1541 1380 νόμου.
1599 1312 1772 1363 Τοῦτο
1826 1308 1917 1363 οὖν

232 1395 427 1467 μαθὼν
490 1396 520 1450 ὁ
586 1394 947 1465 Ἀπόστολος,
1002 1396 1295 1472 προτρέπει
1352 1394 1448 1451 τόν
1491 1396 1756 1470 Τιμόθεον
1809 1397 1921 1454 ἐκεῖ

226 1489 582 1559 προσμεῖναι
631 1485 770 1560 πρὸς
821 1482 1113 1560 διόρθωσιν
1161 1484 1372 1540 αὐτῶν·
1424 1484 1621 1561 γράφει
1666 1508 1723 1541 τε
1770 1486 1917 1559 αὖτῷ

220 1574 326 1642 τὴν
377 1572 689 1643 ἐπιστολήν
740 1573 975 1641 ταύτην.
1028 1574 1127 1629 Καὶ
1177 1578 1393 1649 πρῶτον
1446 1575 1541 1648 μὶν
1591 1575 1915 1649 ὑπομιμνή-

221 1682 341 1717 σκει
375 1667 606 1734 τοῦτον,
658 1660 838 1718 εἰδότα
884 1665 984 1733 τήν
1036 1663 1089 1718 ἐν
1139 1667 1356 1737 Χριστῷ
1394 1662 1596 1736 πίστιν,
1631 1660 1895 1720 διδάσκων

226 1750 396 1808 αὐτὸν
431 1752 563 1828 περὶ
594 1757 692 1809 τοῦ
720 1752 915 1828 νόμου,
958 1752 1191 1809 κωλύειν
1242 1753 1371 1817 τοὺς
1418 1754 1564 1830 παρὰ
1600 1756 1700 1824 τήν
1735 1754 1913 1832 ὀρθὴν

228 1837 600 1898 διδασκαλίαν
661 1840 964 1905 λαλοῦντας
1000 1887 1014 1913 ,
1073 1841 1327 1916 ἐπιτιμᾷν
1387 1864 1446 1898 τε
1501 1842 1696 1906 αὐτούς
1738 1888 1751 1902 .

232 1928 346 2004 γὰρ
399 1929 521 2003 καὶ,
545 1929 706 1994 αὐτὸς
756 1929 1035 2004 Ὑμέναιον
1081 1930 1172 1986 καὶ
1222 1928 1616 2008 Ἀλέξανδρον,
1665 1934 1905 2008 ναυαγή-

232 2038 442 2081 σαντας
492 2020 622 2096 περὶ
669 2022 769 2090 τήν
812 2020 1015 2091 πίστιν,
1064 2018 1348 2097 παρέδωκε
1392 2025 1472 2094 τῷ
1522 2027 1770 2093 Σατανᾷ,
1815 2020 1907 2077 ἵνα

228 2103 580 2172 παιδευθῶσι
663 2109 739 2181 μὴ
821 2107 1168 2187 βλασφημεῖν
1204 2153 1218 2168 .
1273 2112 1454 2167 Ταῦτα
1534 2110 1853 2185 ὑπομνήσας
1890 2154 1905 2181 ,

230 2191 441 2248 λοιπὸν
527 2193 794 2252 διατάττει
884 2198 1032 2270 αύτῷ
1108 2198 1331 2261 κανόνας
1418 2198 1904 2271 ἐκκλησιαστικοὺς

230 2283 363 2356 περὶ
396 2292 742 2360 προσευχῆς,
791 2290 932 2359 πῶς,
985 2288 1073 2342 καὶ
1124 2285 1251 2359 ποῖ’),
1304 2289 1393 2343 καὶ
1442 2288 1566 2343 πεοὶ
1615 2288 1776 2343 τίνων
1827 2286 1909 2343 δεῖ

228 2370 693 2447 προσεύχεσθαι·
755 2374 878 2450 περὶ
934 2380 1031 2430 τοῦ
1109 2380 1259 2452 σιγᾷν
1328 2375 1379 2431 ἐν
1440 2375 1757 2448 ἐκκλησίαις
1812 2377 1908 2440 τὰς

226 2464 534 2534 γυναῖκας,
587 2462 676 2517 καὶ
728 2462 940 2536 μᾶλλον
996 2464 1276 2537 μανθάνειν
1320 2466 1355 2535 ἢ
1404 2463 1672 2521 διδάσκειν
1722 2465 1902 2529 αὐτάς·

225 2547 357 2624 περὶ
406 2551 801 2614 καταστάσεως
844 2551 1176 2624 ἐπισκόπων,
1225 2554 1312 2609 καὶ
1363 2552 1763 2630 πρεσϐυτέρων,
1815 2555 1903 2612 καὶ

234 2635 541 2709 διακόνων,
590 2645 708 2703 πῶς
756 2640 847 2696 καὶ
896 2640 1121 2704 ὁποίους
1174 2642 1307 2698 εἶναι
1359 2640 1441 2698 δεῖ
1468 2643 1595 2706 τοὺς
1648 2645 1906 2699 καθιστα-

245 2727 470 2800 μένους·
508 2729 632 2805 περὶ
664 2734 771 2784 τῶν
801 2728 853 2785 ἐν
879 2737 947 2800 τῆ
982 2731 1281 2804 Ἐκκλησία
1330 2737 1548 2809 χηρῶν,
1591 2734 1696 2788 ἀπὸ
1726 2733 1907 2789 πόσων

243 2815 383 2872 ἐτῶν
448 2819 564 2893 χρή
612 2818 807 2883 ταύτας
868 2819 1296 2898 καταλέγεσθαι,
1345 2822 1435 2877 καὶ
1496 2822 1686 2884 ὁποίας
1746 2822 1907 2885 αὐτὰς

245 2904 387 2960 εἶναι
442 2902 548 2978 δεῖ,
591 2906 680 2962 καί
726 2912 845 2970 πῶς
896 2908 1084 2970 αὐταῖς
1136 2906 1219 2963 δεῖ
1265 2912 1593 2987 προσέχεινο
1644 2912 1769 2988 περὶ
1809 2916 1906 2967 τοῦ

243 3001 557 3072 σωφρονεῖν
599 2996 694 3059 τὰς
744 2997 1029 3073 νεωτέρας,
1062 2998 1151 3052 καὶ
1201 3005 1395 3073 γαμεῖν
1434 2996 1671 3072 μᾶλλον,
1703 3000 1792 3054 καὶ
1827 3001 1902 3072 μὴ

243 3082 501 3159 αἰσχρῶς
555 3089 673 3160 ζῇν*
706 3086 830 3160 περὶ
873 3091 975 3141 τοῦ
1023 3087 1424 3163 παραγγέΛλειν
1472 3093 1590 3151 τοῖς
1621 3088 1907 3151 πλουσίοις

245 3173 324 3244 μή
360 3173 549 3246 ὑψηλᾶ
606 3179 842 3252 φρονεῖν,
907 3173 1047 3248 μηδὲ
1098 3174 1336 3271 ἐλπίζειν
1391 3175 1477 3232 ἐπὶ
1528 3181 1606 3271 rip
1645 3177 1900 3271 πλούτῳ.
1935 3203 1977 3271 C

242 3261 380 3334 Περὶ
409 3261 616 3317 τούτων
671 3259 1077 3336 διαταξάμενος,
1129 3263 1489 3339 προτρέπεται
1538 3265 1697 3321 αὐτὸν
1739 3265 1904 3323 ταῦτα

243 3346 543 3423 διδάσκειν,
573 3350 662 3406 καὶ
715 3352 908 3424 μηκέτι
963 3352 1057 3425 μὲν
1114 3349 1454 3426 ὑδροποτεῖν”
1505 3354 1794 3432 προσέχειν
1847 3354 1905 3412 δὲ

242 3438 425 3509 ἐαυτῷ
453 3439 640 3513 καῖτῇ
694 3436 1037 3511 διδασκαλίᾳ,
1090 3438 1270 3496 εἰδότα
1318 3436 1527 3498 ἔσεσθαι
1573 3444 1815 3513 καιροὺς,
1849 3445 1901 3500 ἐν

244 3528 330 3587 οἷς
363 3527 765 3598 ἀποστήσονταί
817 3548 958 3591 τινες
996 3535 1097 3598 τῆς
1144 3528 1396 3593 πίστεως.
1433 3529 1655 3603 Διδάξας
1707 3530 1765 3588 δὶ
1803 3555 1903 3590 κα·

246 3616 389 3692 θαρὰ
429 3616 562 3671 εἶναι
613 3617 702 3672 καὶ
753 3617 820 3672 τὰ
877 3618 1159 3692 βρώματα,
1206 3619 1296 3673 καὶ
1342 3620 1708 3697 παραγγείλας
1755 3621 1902 3696 αύτῷ

246 3704 600 3778 ἐκτρέπεσθαι
658 3706 754 3769 τὰς
820 3705 1237 3783 ἐμφιλονείκους
1299 3710 1551 3779 ζητήσεις
1609 3710 1682 3773 ὥς
1742 3706 1905 3788 βεϐή-

249 3792 409 3865 λους,
453 3794 529 3873 ἐφ’
584 3795 667 3857 αἷς
718 3794 809 3850 καί
853 3816 993 3857 τινες
1039 3796 1392 3871 καυχώμενοι
1438 3793 1751 3875 παρέϐησαν
1800 3801 1900 3870 τὴν

247 3882 458 3953 πίστιν,
485 3883 691 3939 τελειοῖ
718 3884 818 3953 τὴν
852 3882 1171 3956 ἐπιστολήν.

433 4022 745 4100 Δωδεκάτη,
777 4025 866 4080 καὶ
897 4024 1032 4096 αὕτη
1074 4024 1240 4082 πάλιν
1268 4027 1405 4103 πρὸς
1434 4026 1722 4100 Τιμόθεον.

322 4144 413 4199 ⁸70.
465 4141 672 4211 Ταύτην
727 4139 1034 4197 ἐπιστέλλει
1084 4140 1248 4197 πάλιν
1299 4144 1436 4220 πρὸς
1480 4144 1740 4217 Τιμόθεον
1799 4147 1905 4202 ἀπὸ

248 4230 492 4302 Ῥώμης.
542 4231 605 4287 Ἡ
657 4226 716 4285 δὲ
763 4228 1031 4305 πρόφασις
1078 4228 1169 4284 καὶ
1211 4228 1413 4301 ταύτης
1458 4238 1559 4300 τῆς
1609 4232 1903 4304 ἐπιπολῆς

253 4316 397 4372 ἐστιν
431 4317 621 4379 οὕτως·
667 4321 783 4372 Γῶν
835 4314 1410 4390 συναποδημησάντων
1460 4323 1540 4391 τῷ
1575 4319 1776 4395 Παύλῳ
1806 4343 1905 4377 κα-

252 4404 627 4479 ταλειψάντων
690 4404 889 4474 αὐτὸν,
947 4404 1290 4482 βουλόμενος
1351 4408 1379 4462 ὁ
1435 4407 1772 4473 Ἀπόστολος
1818 4412 1911 4467 τὸν

255 4494 529 4568 Τιμόθεον
578 4491 754 4557 ἐλθεῖν
806 4493 939 4570 πρὸς
987 4493 1168 4566 αὐτὸν,
1200 4494 1394 4573 γράφει
1443 4496 1543 4564 τήν
1594 4495 1908 4571 ἐπιστολήν.

2035 560 2092 609 et
2122 555 2268 613 istos
2320 561 2388 615 ad
2442 578 2673 619 morum
2720 565 3156 625 institutionem
3204 572 3551 634 adhortatus
3583 555 3692 652 est,

2034 660 2101 699 ac
2133 645 2502 706 tolerantiam
2534 667 2736 709 eorum
2788 661 3024 728 prapter
3049 657 3351 717 Christum
3406 645 3697 748 laudavit;

2033 734 2339 806 suasitque
2371 747 2431 793 ul
2463 744 2835 811 presbyteros
2866 745 3084 803 honore
3126 748 3404 821 afﬁciant,
3437 734 3696 812 absolvit

2033 820 2380 893 Epistolam.

2465 938 2778 1005 Undecima,
2811 940 2881 994 ad
2914 943 3263 1001 Timotheum.

2101 1046 2190 1101 69.
2224 1046 2385 1104 Hanc
2431 1051 2753 1124 Epistulam
2806 1056 2969 1112 misit
3016 1074 3048 1114 e
3096 1060 3457 1137 Macedonia,
3512 1068 3684 1139 cujus

2032 1134 2153 1190 haec
2186 1141 2275 1193 est
2304 1140 2550 1196 occasio.
2586 1143 2795 1215 Ephesi
2828 1146 3068 1217 quidam
3116 1134 3492 1213 Judaizanﬁs
3539 1134 3681 1214 alie-

2031 1240 2165 1280 nam
2216 1229 2580 1286 conabantur
2639 1232 2907 1292 invehere
2956 1238 3309 1309 doctrinam,
3351 1247 3410 1300 et
3451 1245 3680 1319 simpli-

2031 1312 2215 1370 ciores
2274 1321 2552 1388 praetextu
2615 1320 2761 1393 legis
2820 1325 3116 1383 seducere.
3159 1328 3276 1385 Hoc
3332 1348 3466 1390 cum
3522 1352 3682 1393 com-

2028 1401 2277 1471 perisset
2318 1406 2655 1479 Apostolus,
2692 1411 2999 1469 admonuit
3027 1416 3424 1490 Timotheum,
3460 1427 3524 1479 ut
3562 1423 3686 1488 illic

2028 1488 2290 1562 haereret,
2346 1511 2461 1566 quo
2519 1513 2618 1553 eos
2672 1502 3007 1575 corrigeret.
3067 1505 3281 1563 Scribit
3336 1488 3535 1569 autem
3593 1513 3683 1569 illi

2031 1576 2345 1648 Epistolam
2390 1580 2543 1638 hanc
2576 1600 2589 1638 :
2623 1592 2675 1640 et
2724 1586 2979 1659 primum
3030 1596 3475 1653 commonefacit
3519 1615 3684 1669 eum,

2030 1664 2186 1735 fidei,
2210 1684 2335 1758 quae
2376 1670 2433 1726 in
2467 1671 2696 1730 Christo
2739 1680 2844 1747 est,
2878 1694 3152 1750 gnarum,
3184 1683 3255 1738 de
3284 1682 3409 1758 lege
3440 1664 3682 1758 docens,

2030 1759 2093 1809 ut
2148 1755 2416 1814 cohibeat
2473 1776 2594 1828 eos,
2654 1764 2754 1836 qui
2816 1772 3023 1838 printer
3081 1774 3300 1828 rectam
3344 1755 3683 1834 doctrinam

1811 1844 1910 1901 Καὶ
1941 1838 1989 1903 Β
2020 1841 2435 1916 loquebantur,
2468 1847 2719 1923 illosque
2760 1852 3042 1927 increpet.
3070 1857 3217 1914 Nam
3249 1864 3307 1917 et
3334 1861 3461 1934 ipse
3490 1871 3678 1937 Apos-

2015 1930 2169 1988 tolus
2242 1934 2615 2007 Hymenaeum
2675 1944 2733 1996 et
2788 1941 3224 2015 Alexandrum,
3300 1930 3674 2026 naufragium

2016 2020 2171 2077 circa
2200 2022 2373 2080 ﬁdem
2406 2042 2634 2097 passos,
2666 2028 2895 2087 Satanaa
2934 2034 3063 2104 jam
3114 2038 3462 2112 tradiderat,
3493 2020 3557 2098 ιῖι
3586 2043 3675 2100 di-

2017 2115 2245 2167 scerent
2293 2130 2409 2170 non
2458 2115 2893 2189 blasphemare.
2929 2122 3043 2179 Ubi
3074 2125 3144 2182 de
3172 2125 3303 2183 istis
3351 2130 3677 2215 admonuit,

2016 2213 2268 2256 canones
2317 2199 2402 2255 illi
2439 2203 2870 2265 ecclesiasticos
2927 2211 3202 2287 deinceps
3250 2220 3571 2289 praescribit
3608 2199 3680 2279 de

2016 2289 2306 2359 oratione,
2366 2296 2680 2364 quomodo,
2742 2303 2799 2354 et
2856 2299 2994 2370 ubi,
3056 2308 3113 2359 et
3166 2322 3270 2377 pro
3328 2308 3544 2380 quibus
3602 2312 3682 2368 sit

2016 2378 2323 2437 orandum.
2365 2383 2527 2447 Quod
2577 2385 2856 2444 mulieres
2902 2390 2959 2445 in
3014 2391 3284 2452 Ecclesiis
3332 2378 3525 2455 tacere
3570 2402 3675 2457 de-

2016 2465 2213 2533 beant,
2244 2474 2300 2524 et
2341 2471 2529 2544 magis
2580 2473 2826 2546 discere,
2857 2494 3033 2550 quam
3088 2482 3310 2541 docere.
3344 2485 3424 2543 De
3453 2489 3672 2547 consti-

2017 2554 2242 2611 tutione
2291 2556 2720 2632 episcoporum,
2766 2567 3240 2640 presbyterorum
3288 2578 3347 2629 et
3394 2576 3671 2635 diacono-

2017 2661 2176 2713 rum;
2212 2649 2508 2718 quomodo
2549 2668 2610 2707 se
2655 2668 2854 2724 gerere
2884 2662 2940 2712 et
2970 2660 3173 2730 quales
3218 2679 3347 2720 esse
3395 2667 3668 2741 debeant,

2016 2733 2114 2804 qui
2146 2736 2605 2796 constituuntur.
2639 2740 2721 2797 De
2753 2742 2944 2801 viduis
2992 2747 3052 2802 in
3098 2749 3377 2822 Ecclesia,
3413 2770 3529 2827 qua
3561 2733 3675 2814 illa:

2015 2826 2182 2878 aetate
2230 2823 2388 2897 eligi,
2421 2830 2479 2882 et
2528 2829 2731 2900 quales
2779 2847 2908 2889 esse
2955 2834 3224 2910 debeant,
3258 2857 3324 2897 ac
3377 2823 3671 2914 quomodo

2015 2912 2249 2969 illarum
2282 2931 2423 2972 cura
2463 2917 2737 2977 habenda
2765 2924 2860 2979 sit.
2891 2925 3167 2984 Juniores
3217 2931 3289 2986 ad
3338 2912 3669 2992 castitatem

2014 3002 2408 3061 instituendas
2439 3023 2589 3075 esse,
2623 3014 2687 3064 ut
2716 3012 2944 3070 nubant
2981 3017 3180 3087 potius
3211 3035 3390 3093 quam
3422 3025 3673 3097 turpiter

2013 3093 2241 3162 vivant;
2271 3094 2551 3153 divitibus
2584 3099 3055 3162 denuntiandum
3078 3124 3204 3165 esse
3228 3126 3299 3167 ne
3328 3093 3672 3185 superbiant

2017 3198 2156 3238 neve
2214 3199 2375 3254 spem
2429 3185 2717 3243 collocent
2774 3191 2831 3246 in
2891 3193 3107 3252 divitiis
3157 3199 3305 3256 suis.
3349 3205 3667 3275 Postquam

2015 3270 2087 3325 de
2134 3270 2268 3327 istis
2318 3274 2611 3347 praecepit,
2658 3278 2928 3336 hortatur
2974 3299 3130 3354 eum,
3166 3293 3230 3343 ut
3278 3289 3398 3345 haec
3443 3270 3666 3358 doceat.

2013 3363 2071 3415 et
2102 3364 2163 3415 ut
2193 3377 2409 3433 aquam
2442 3363 2596 3421 ultra
2644 3384 2758 3424 non
2801 3370 2983 3444 bibat,
3017 3376 3115 3430 sed
3173 3377 3286 3433 sibi
3335 3380 3448 3453 ipsi
3479 3386 3536 3438 et
3564 3382 3669 3440 do-

2014 3448 2211 3503 ctrinae
2248 3452 2529 3521 attendat,
2564 3457 2718 3525 quod
2771 3458 2917 3515 sciat
2962 3462 3083 3518 fore
3132 3448 3416 3539 tempore,
3450 3471 3667 3542 quibus

2016 3536 2282 3592 nonnulli
2330 3555 2364 3594 a
2414 3540 2526 3596 fide
2585 3543 2863 3600 defeeturi
2923 3548 3060 3605 sint.
3110 3551 3213 3608 Ubi
3256 3536 3666 3615 etiamvescas

2014 3625 2266 3681 mundae
2297 3643 2427 3683 esse
2475 3628 2695 3703 docuit,
2729 3649 2795 3689 ac
2830 3639 3124 3710 praecepit,
3160 3648 3223 3696 ut
3269 3646 3667 3704 contentiosas

2014 3720 2069 3769 et
2101 3715 2373 3786 profanas
2422 3719 2778 3788 quiestiones
2827 3732 3145 3797 aversetur,
3178 3729 3236 3784 in
3286 3732 3503 3803 quibus
3534 3735 3663 3804 qui-

2011 3802 2146 3857 dam
2179 3802 2498 3874 gloriantes
2538 3806 2711 3864 Iidem
2745 3814 3099 3884 transgressi
3141 3817 3265 3888 jam
3308 3802 3500 3889 erant,
3534 3802 3664 3879 finit

2010 3889 2350 3962 Epistolam.

2332 4034 2681 4109 Duodecima,
2713 4040 2844 4096 item
2873 4042 2945 4098 ad
2980 4046 3338 4105 Timotheum.

2080 4149 2170 4202 70.
2204 4148 2365 4205 Hanc
2395 4150 2533 4207 item
2566 4153 2637 4209 ad
2668 4154 3039 4217 Timotheum
3073 4162 3256 4221 Roma
3286 4166 3464 4225 misit.
3489 4168 3663 4228 Occa-

2016 4237 2102 4293 εἰο
2132 4238 2262 4309 ejus
2292 4237 2426 4295 talis
2472 4246 2582 4297 est.
2608 4244 2753 4301 Cum
2795 4247 2968 4306 vellet
2996 4254 3328 4324 Apostoius,
3352 4263 3665 4332 postquam

2015 4328 2282 4384 desertus
2313 4334 2438 4385 erat
2470 4331 2542 4387 ab
2568 4332 2661 4402 iis,
2694 4337 2791 4405 qui
2832 4341 3207 4410 profectionis
3240 4328 3381 4403 socii
3414 4350 3665 4421 fuerant,

2015 4417 2086 4472 ad
2120 4434 2181 4473 se
2214 4418 2406 4475 venire
2451 4421 2849 4511 Timotheum,
2882 4428 3032 4487 hanc
3058 4436 3297 4508 scripsit
3327 4417 3663 4511 Epistolam.

2018 4506 2085 4561 Et
2113 4506 2279 4561 initio
2326 4507 2623 4580 signiﬁcat
2651 4528 2713 4569 se
2744 4531 3061 4577 memorem
3095 4506 3243 4597 esse,
3267 4506 3400 4582 cum
3436 4528 3669 4600 pietatis

256 4582 360 4638 Καὶ
391 4586 608 4659 πρῶτον
660 4582 754 4657 μὶν
806 4579 973 4653 δηλοῖ
1019 4583 1201 4637 ἑαυτὸν
1253 4584 1607 4657 μνημονεύειν
1659 4588 1823 4643 αὑτοῦ
1851 4611 1908 4645 τε

293 4679 321 4688 a-
424 4668 468 4688 ’Ν
525 4666 555 4688 β
594 4670 606 4688 Ι
773 4670 785 4688 ἱ
868 4677 896 4688 η
1020 4672 1049 4683 ~
1277 4671 1290 4688 I
1490 4672 1503 4688 ς
1581 4679 1606 4688 ο
1702 4676 1713 4688 ι

2022 4592 2166 4663 ejus,
2217 4598 2345 4688 tum
2388 4578 2534 4653 iidei
2597 4601 2884 4673 majorum
2944 4578 3664 4688 ipsius.—i3einder-quvovd,

252 4679 353 4742 τῆς
387 4666 668 4733 εὐλαϐείας
699 4670 789 4726 καὶ
828 4677 930 4740 τῆς
976 4672 1084 4726 τῶν
1116 4671 1397 4747 προγόνων
1445 4672 1609 4729 αὐτοῦ
1652 4676 1902 4741 πίστεως’

253 4757 437 4816 ἔπειτα
469 4756 678 4831 δέ,⁴ὅτι
730 4760 782 4814 oi.
834 4760 939 4814 ἀπὸ
970 4758 1174 4830 Ἀσίας,
1209 4757 1281 4814 ὧν
1331 4760 1441 4816 ἐστι
1493 4762 1779 4839 Φύγελλος
1817 4769 1906 4822 καὶ

251 4848 587 4926 Ἑρμογένης
623 4891 638 4917 ,
695 4847 1111 4927 ἀπεστράφησαν
1192 4848 1395 4922 αὐτὸν,
1458 4852 1686 4925 ὁρῶντες
1743 4856 1907 4911 αὐτοῦ

249 4940 345 5001 τὰς
395 4938 633 5000 ἁλύσεις.
684 4940 782 4992 Τὸν
830 4937 1187 5016 Ὀνησιφόρον
1239 4934 1296 4992 δὲ
1327 4935 1638 5013 ἀπεδέξατ),
1682 4941 1910 5007 ἐλθόντα

252 5028 331 5090 εἷς
389 5028 486 5096 τήν
542 5027 784 5099 Ῥώμην,
845 5025 935 5081 καὶ
993 5025 1397 5100 προσμείναντα
1444 5027 1589 5102 αύτῷ
1627 5073 1640 5086 .
1695 5038 1905 5111 Παραγ-

248 5114 440 5194 γέλλει
495 5112 553 5170 δὲ
600 5114 746 5186 αὐτῷ
800 5120 1175 5190 παραιτεῖσθαι
1233 5116 1327 5179 τὰς
1387 5119 1573 5192 μωρὰς
1635 5123 1907 5194 ζητήσεις,

254 5204 347 5262 διὰ
376 5204 440 5259 τὸ
471 5202 523 5274 ἐξ
561 5201 735 5258 αὐτῶν
763 5204 1045 5278 γεννᾶσθαι
1096 5202 1301 5279 μάχας.
1334 5204 1437 5261 Καὶ
1484 5207 1585 5282 γὰρ
1632 5208 1910 5281 Ὑμέναιος

255 5293 346 5349 καὶ
406 5290 650 5363 Φιλητὸς
684 5334 698 5362 ,
758 5290 930 5353 οὕτως
985 5289 1331 5367 ἐκτραπέντες
1365 5336 1380 5360 ,
1435 5288 1747 5369 παρέϐησαν
1809 5300 1909 5369 τὴν

258 5381 514 5453 ἀλήθειαν
550 5424 565 5450 ,
626 5378 875 5455 λέγοντες
934 5378 1213 5435 ἀνάστασιν
1270 5378 1378 5450 ἤδη
1442 5381 1770 5457 γεγονέναι,
1822 5389 1912 5443 καί

258 5491 404 5532 τινας
435 5466 809 5545 ἀνατρέπουσι.
843 5466 1075 5525 Μᾶλλον
1127 5466 1218 5523 οὖν
1246 5474 1497 5544 παραινεῖ
1543 5471 1720 5547 τούτῳ
1750 5497 1913 5553 προσ-

262 5560 407 5636 έχειν
439 5559 612 5631 ἑαυτῷ
658 5557 749 5613 καὶ
778 5560 846 5625 τῇ
894 5553 1235 5629 διδασκαλίᾳ,
1282 5557 1371 5613 καὶ
1421 5556 1616 5615 εἰδέναι
1669 5564 1787 5635 μὲν,
1827 5567 1913 5621 ὁτι

268 5646 317 5703 ἐν
369 5645 608 5725 ὑστέροις
666 5652 878 5721 καιροῖς
935 5643 1144 5701 ἔσονται
1197 5643 1251 5701 οἳ
1298 5643 1572 5721 ἄνθρωποι
1621 5650 1911 5728 spur/Jama;

588 5778 845 5843 ΡΑτιιοι.
900 5776 1007 5835 GR.
1061 5775 1333 5839 XXVIII.
1362 5864 1371 5873 θ

2017 4680 2113 4752 qui
2147 4696 2214 4735 ex
2248 4681 2388 4737 Asia
2430 4690 2616 4753 erant,
2651 4704 2720 4743 ex
2762 4706 3013 4761 quorum
3046 4712 3291 4755 numero
3322 4708 3489 4758 erant
3515 4703 3667 4776 Phy-

2014 4768 2205 4841 gellus
2236 4774 2292 4824 et
2322 4769 2734 4847 Hermogenes,
2767 4782 3017 4837 aversati
3068 4801 3131 4840 se
3179 4787 3322 4855 sint,
3356 4790 3414 4845 in
3448 4791 3669 4849 catenis

2016 4858 2402 4914 constitutum
2455 4861 2740 4921 videntes.
2785 4866 3214 4942 Onesipborum
3265 4894 3396 4935 vero
3444 4880 3666 4949 laudat,

2016 4949 2167 5021 quod
2227 4949 2278 5005 is
2326 4951 2571 5009 Romam
2620 4958 2869 5027 venerit,
2922 4966 2973 5017 et
3026 4967 3180 5037 apud
3245 4984 3307 5024 se
3362 4970 3667 5027 manserit.

2021 5037 2283 5110 Praecipit
2332 5044 2550 5110 autem,
2585 5050 2649 5099 ut
2695 5046 2907 5105 stultas
2951 5054 3303 5123 quaestiones
3349 5064 3670 5128 aversetur,

2018 5127 2173 5198 quod
2222 5125 2360 5182 hinc
2406 5145 2615 5222 pugnas
2646 5134 3005 5195 oboriantur.
3038 5141 3183 5199 Nam
3216 5145 3327 5203 hoc
3359 5156 3527 5222 pacto
3556 5125 3672 5222 Hy;

2019 5231 2305 5270 menaeum
2356 5221 2411 5272 et
2461 5220 2753 5279 Philetum
2784 5226 3060 5301 deﬂexos,
3092 5220 3494 5310 transgressos
3542 5220 3673 5295 esse

2019 5303 2356 5372 veritatem,
2426 5305 2719 5380 dicentes,
2796 5303 3293 5379 resurrectionem
3354 5326 3476 5397 jam
3543 5343 3674 5384 esse

2024 5392 2269 5461 factam;
2303 5397 2361 5449 et
2407 5397 2722 5457 nonnullos
2762 5406 3118 5466 subvertere.
3151 5411 3269 5470 Hoc
3300 5392 3497 5487 itaque
3544 5433 3671 5474 ma-

2022 5480 2113 5553 gis
2146 5480 2310 5536 illum
2348 5481 2630 5557 hortatur,
2662 5495 2726 5544 ut
2774 5494 2887 5549 sibi
2935 5495 3048 5569 ipsi
3083 5503 3343 5560 attendat
3370 5480 3427 5561 et
3454 5504 3677 5561 doctri-

2024 5588 2148 5643 nae,
2207 5572 2467 5645 sciatque
2534 5577 2761 5639 futuros
2826 5589 3254 5657 posterioribus
3311 5596 3678 5667 temporibus

2023 5656 2316 5730 homines,
2339 5664 2705 5738 voluptatum
2740 5656 2931 5747 magis
2965 5693 3137 5748 quam
3173 5680 3273 5736 Dei
3303 5690 3589 5749 amantes,
3624 5688 3681 5738 et

3283 5810 3353 5865 it
