4108 6210
280 428 396 489 439

1366 424 1743 491 SYNOPSIS
1791 428 2257 491 ΒΟΒΙΡΤΗΠΔΞ
2304 433 2605 494 8ΑΟΒιΕ.

3566 434 3688 493 430

280 558 496 634 ἀγγέλῳ
526 562 633 614 τῶν
661 558 1074 634 προειρημένων
1107 559 1441 631 Ἐκκλησιῶν
1484 561 1618 616 κατὰ
1663 560 1755 621 τὰς
1805 559 1921 615 ἐκά-

2034 562 2189 634 gulis
2221 565 2629 636 prazdictarum
2662 565 3050 622 Ecclesiarum
3093 564 3316 638 angelis
3356 567 3682 622 secundum

279 668 404 702 στου
453 647 691 722 πράξεις.
745 646 965 709 Πολλὰς
1017 648 1111 721 μὲν
1162 646 1252 703 οὖν
1313 646 1517 726 ἑώρακε
1563 650 1650 703 καὶ
1695 646 1928 723 παραδό-

279 737 400 807 ξους
443 735 723 808 ὀπτασίας,
761 734 870 792 εἶδε
919 734 978 792 δὲ
1026 736 1161 793 ἑπτὰ
1208 736 1437 813 λυχνίας
1474 745 1702 814 χρυσᾶς,
1735 739 1823 793 καί
1872 737 1923 792 ἐν

281 823 431 899 μέσῳ
460 825 635 880 αὑτῶ)
686 824 878 899 ὅμοιον
932 827 1041 898 Υἱῷ
1093 827 1402 901 ἀνθρώπου·
1435 827 1523 882 καὶ
1571 827 1925 903 ἡρμηνεύθη-

275 934 368 968 σαν
402 913 570 986 αύτῷ,
600 912 684 969 ὅτι
715 915 769 969 αἱ
802 913 1023 991 λυχνίαι
1076 915 1207 971 εἰσὶν
1256 917 1311 970 αἱ
1360 916 1493 971 ἐπτά
1522 916 1862 986 Ἐκκλησίαν
1898 916 1926 971 ὁ

277 1000 334 1057 δὲ
364 1001 416 1056 ἐν
471 1004 619 1077 μέσῳ
667 1002 842 1058 αὐτῶν
876 1004 904 1058 6
937 1004 1160 1081 Κύριος.
1198 1002 1319 1061 Εἶδε
1366 1005 1456 1060 καὶ
1507 1005 1668 1081 θύραν
1722 1005 1924 1081 ἀνεῳγ-

279 1090 445 1165 μένην
488 1091 540 1147 ἐν
588 1097 667 1165 τῷ
711 1092 948 1169 οὐρανῷ,
990 1095 1079 1148 καὶ
1131 1093 1182 1149 ἐν
1231 1093 1409 1168 θρόνῳ
1471 1096 1781 1168 καθήμενον
1831 1094 1923 1148 τὸν

278 1181 495 1258 Κύριον,
543 1181 633 1236 καὶ
682 1176 1077 1258 πρεσϐυτέρους
1127 1180 1226 1257 κδ’,
1280 1182 1617 1256 καθημένους
1663 1182 1751 1238 ἐπὶ
1801 1182 1926 1259 θρό-

274 1291 400 1332 νους
456 1271 547 1325 καὶ
604 1275 1043 1345 προσκυνοῦντας
1096 1272 1187 1326 τὸν
1257 1271 1472 1349 Κύριον.
1532 1274 1771 1349 Ἑώρακε
1836 1271 1924 1326 καὶ

277 1356 569 1437 σφραγῖδας
603 1360 896 1434 λυομένας,
941 1361 1031 1415 καὶ
1083 1360 1361 1435 λυομένης
1411 1361 1662 1432 ἑκάστης,
1698 1361 1926 1416 ὀπτασία

272 1469 358 1510 τις
415 1447 640 1524 ἐγίνετο.
701 1449 826 1505 Εἶτα
884 1450 1118 1527 ἑώρακεν
1178 1451 1312 1506 ἑπτὰ
1368 1449 1637 1526 ἀγγέλους
1700 1448 1924 1527 ἔχοντας

274 1538 408 1593 ἐπτὰ
464 1536 794 1615 σάλπιγγας,
846 1537 935 1594 καί
1002 1540 1226 1597 ἑκάστου
1287 1540 1663 1610 σαλπίζοντος,
1719 1539 1926 1616 ἐγίνετο

274 1631 527 1699 σημεῖον
577 1631 679 1682 τοῦ
729 1625 787 1683 δὲ
835 1623 1076 1702 ἑϐδόμου
1142 1628 1527 1699 σαλπίζοντος,
1579 1627 1781 1698 ἤκουσε
1828 1627 1924 1684 λε-

271 1714 503 1792 γόντων,
534 1715 617 1771 ὅτι
664 1740 692 1768 ιι
742 1717 804 1770 Ἡ
851 1716 1101 1792 βασιλεία
1146 1722 1244 1773 τοῦ
1292 1718 1501 1793 κόσμου
1560 1716 1770 1793 ἐγένετο
1827 1722 1925 1774 τοῦ

272 1804 493 1880 Κυρίου.
520 1828 550 1856 »
580 1804 685 1861 Καὶ
716 1805 924 1880 ἑώρακε
963 1808 1065 1876 τήν
1114 1803 1349 1862 κιϐωτὸν
1398 1815 1498 1877 τῆς
1549 1810 1824 1879 Διαθήκης
1870 1807 1921 1863 ἐν

272 1893 502 1968 οὐρανῷ.
559 1894 689 1951 Εἶτα
742 1895 947 1971 ἑώρακε
1005 1901 1229 1971 γυναῖκα
1296 1893 1615 1969 ὠδίνουσαν,
1663 1897 1753 1952 καὶ
1803 1894 1925 1972 δρά-

271 2002 433 2036 κοντα
461 1984 631 2059 πυρὸς
669 1980 937 2039 διώκοντα
985 1984 1175 2056 αὐτήν.
1204 1987 1266 2042 Ἡ
1315 1986 1409 2059 μὲν
1457 1985 1547 2041 οὗν
1596 1987 1731 2060 γυνή
1782 1986 1919 2042 ἐσώ-

272 2073 336 2141 θη
373 2070 451 2134 εἷς
478 2072 577 2142 τὴν
612 2071 841 2149 ἔρημον·
875 2075 902 2128 ὁ
934 2071 991 2129 δὲ
1030 2072 1241 2150 δράκων
1293 2071 1503 2147 ἐϐλήθη
1556 2075 1633 2138 εἰς
1680 2076 1743 2130 τὸ
1788 2080 1919 2151 πῦρ.

268 2159 404 2216 Εἶτα
441 2161 649 2235 ἑώρακε
698 2161 889 2237 θηρίον
941 2162 1068 2238 ἔχον
1119 2161 1317 2239 κέρατα
1365 2160 1512 2234 δέκα,
1544 2164 1634 2220 καὶ
1681 2163 1919 2243 κεφαλὰς

272 2247 427 2316 ἑπτὰ,
475 2249 565 2304 καὶ
611 2251 674 2305 τὸ
724 2248 967 2323 διάδημα
1008 2250 1173 2306 αὐτοῦ
1224 2251 1577 2330 βλασφημίας
1623 2254 1816 2329 γέμον
1859 2254 1923 2308 τὸ

275 2334 331 2390 δὲ
361 2331 533 2409 ὄνομα
563 2337 727 2393 αὐτοῦ
759 2338 857 2394 οὐκ
887 2337 1184 2411 ἐδήλωσεν,
1217 2339 1361 2396 ἀλλᾶ
1401 2343 1492 2396 τὸν
1542 2341 1772 2416 ἀριθμὸν
1821 2346 1920 2395 τοῦ

272 2424 543 2498 δνόματος
602 2425 765 2481 αὐτοῦ
814 2429 949 2502 χξς’.
1003 2434 1236 2483 ’Ἤκουσε
1280 2429 1370 2483 καὶ
1430 2429 1707 2506 παρθένων
1758 2427 1922 2501 ᾀδόν-

268 2534 401 2581 των,
435 2516 525 2568 καί
575 2514 1019 2572 ἀκολουθούντων
1068 2523 1148 2591 τῷ
1187 2518 1405 2593 Ἀρνίῳ,
1445 2518 1534 2573 καὶ
1582 2516 1715 2574 εἶδεν
1766 2519 1921 2595 ἅγγε-

271 2600 367 2657 λον
397 2602 692 2676 πετόμενον
724 2604 776 2659 ἐν
826 2609 1291 2683 μεσουρανήματι,
1321 2608 1409 2662 καὶ
1459 2605 1629 2663 ἄλλον
1680 2608 1917 2665 ἀκολου-

271 2696 483 2760 θοῦντα,
515 2692 603 2747 καὶ
654 2692 847 2764 ἄλλον,
877 2695 967 2748 καὶ
1015 2693 1247 2773 νεφέλην
1303 2696 1526 2765 Λευκὴν,
1556 2697 1645 2751 καὶ
1695 2697 1777 2752 ἐπ’
1822 2697 1916 2753 αύ-

267 2786 369 2849 τῆς
398 2782 708 2855 καθήμενον
743 2781 935 2856 ὅμοιον
968 2784 1079 2856 rte;
1113 2785 1420 2859 ἀνθρώπου,
1455 2782 1652 2861 ἔχοντα
1683 2784 1770 2841 ἐπὶ
1814 2793 1917 2857 τῆς

269 2868 514 2947 κεφαλῆς
562 2871 727 2926 αὐτοῦ
784 2873 1041 2950 στέφανον
1091 2878 1354 2949 χρυσοῦν,
1402 2873 1491 2929 καὶ
1550 2873 1602 2929 ἐν
1649 2879 1717 2948 τῇ
1771 2874 1919 2952 χειρὶ

270 2957 436 3012 αύτοῦ
470 2955 751 3040 ,δρέπανον
810 2960 923 3031 ὀξύ.
974 2961 1101 3016 Εἶτα
1150 2962 1384 3038 ἑώρακεν
1442 2961 1707 3040 ἀγγέλους
1765 2965 1918 3035 ἑπτὰ,

272 3034 507 3121 ἔχοντασ
528 3034 753 3123 πληγὰς
785 3049 919 3105 ἑπτα
973 3050 1069 3113 τὰς
1118 3034 1367 3127 ἐσχάτας,
1400 3034 1500 3107 καὶ.
1525 3034 1733 3130 *φιάλας
1783 3034 1919 3129 xpo-

272 3141 366 3197 σᾶς
398 3136 670 3211 γεμούσας
701 3136 760 3192 ἑκ
788 3142 886 3194 τοῦ
916 3141 1091 3212 θυμοῦ
1121 3145 1217 3196 τοῦ
1266 3146 1420 3198 Θεοῦ.
1458 3143 1587 3197 Εἶτα
1633 3141 1914 3218 ἀπηνέχθη

266 3229 346 3296 τῷ
390 3225 658 3299 πνεύματι
708 3226 785 3289 εἰς
823 3224 1053 3303 ἔρημον,
1101 3229 1192 3285 καὶ
1249 3230 1455 3306 ἑώρακε
1518 3237 1745 3307 γυναῖκα
1791 3233 1918 3286 καθ-

2037 652 2319 723 cujusque
2349 656 2626 711 actiones.
2651 654 2869 712 Multas
2890 654 3081 726 itaque
3110 657 3167 710 et
3195 652 3573 710 admirabiles
3600 653 3687 709 vi-

2036 740 2232 797 siones
2284 741 2447 809 vidit,
2500 749 2562 798 ut
2609 748 2832 816 septem
2881 743 3231 799 candelabra
3275 757 3472 809 aurea,
3521 746 3577 797 et
3625 741 3684 797 in

2039 829 2228 886 medio
2260 830 2496 888 illorum
2529 832 2781 888 similem
2816 832 2958 887 Filio
2990 831 3248 888 hominis
3274 849 3288 901 ;
3311 834 3370 887 et
3396 831 3684 903 interpre-

2036 919 2315 975 tationem
2362 922 2603 993 accepit,
2639 922 2992 977 candelabra
3034 918 3137 975 illa
3164 936 3295 977 esse
3324 923 3552 993 septem
3579 919 3683 976 Ec-

2036 1007 2265 1078 clesias,
2297 1013 2356 1065 et
2386 1026 2543 1077 eum,
2578 1010 2678 1080 qui
2710 1011 2767 1065 in
2799 1010 2991 1065 medio
3021 1014 3165 1076 erat,
3190 1026 3318 1066 esse
3348 1008 3681 1065 Dominum.

2033 1096 2284 1153 Januam
2319 1099 2454 1154 item
2489 1099 2633 1155 vidit
2664 1105 2925 1172 apertam
2965 1098 3025 1154 in
3065 1098 3228 1170 coelo,
3261 1104 3320 1155 et
3366 1098 3683 1155 Dominum

2035 1186 2095 1241 in
2125 1186 2335 1243 throno
2367 1189 2692 1259 sedentem,
2715 1193 2770 1244 et
2792 1189 3001 1260 viginti
3034 1192 3284 1261 quatuor
3312 1188 3686 1252 seniores,se-

2036 1275 2238 1330 dentes
2270 1293 2448 1349 super
2478 1278 2718 1333 thronos
2749 1283 2803 1332 ct
2833 1279 3141 1333 adorantes
3173 1277 3509 1332 Dominum.
3529 1275 3685 1332 Vidit

2034 1365 2210 1420 etiam
2244 1371 2470 1438 septem
2503 1366 2695 1439 sigilla
2729 1367 2963 1439 aperiri,
2988 1371 3046 1422 et
3076 1380 3430 1438 unoquoque
3460 1369 3680 1437 aperto,

2033 1453 2177 1508 visio
2208 1455 2475 1519 quaedam
2507 1456 2839 1527 apparebat.
2877 1454 3035 1509 Vidit
3071 1452 3279 1509 deinde
3309 1457 3531 1526 septem
3579 1469 3684 1509 an-

2035 1540 2194 1613 gelos
2224 1542 2507 1599 habentes
2532 1549 2751 1615 septem
2784 1543 3418 1615 tubas,etunoquoque
3449 1540 3685 1597 illorum

2035 1628 2341 1702 clangente
2370 1633 2549 1688 ﬂebat
2578 1633 2836 1704 signum,
2885 1632 3137 1703 septimo
3186 1647 3320 1687 vero
3378 1629 3685 1703 clangente

2034 1719 2279 1790 audivit,
2315 1721 2415 1792 qui
2448 1722 2711 1777 dicerent
2754 1738 2767 1777 :
2823 1722 3062 1793 Regnum
3108 1720 3323 1790 mundi,
3356 1720 3575 1776 Domini
3601 1721 3693 1791 fa-

2032 1818 2186 1866 ctum
2219 1811 2283 1865 1‘.
2319 1811 2388 1865 Et
2417 1828 2608 1867 arcam
2641 1811 2975 1867 testamenti
3009 1809 3153 1866 vidit
3186 1809 3244 1865 in
3275 1808 3437 1865 coelo.
3476 1808 3694 1865 Deinde

2036 1896 2340 1954 mulierem
2374 1898 2794 1970 parturientem
2818 1899 2963 1954 vidit
2982 1902 3041 1955 et
3059 1899 3374 1954 draconem
3403 1896 3657 1969 ignitum
3674 1939 3690 1967 ,

2032 1986 2132 2059 qui
2160 1986 2323 2042 illam
2358 1987 2837 2059 persequebatur.
2862 1986 3068 2043 Mulier
3090 1987 3330 2058 quidem
3352 1989 3582 2042 servata
3602 1989 3699 2042 est

2031 2074 2090 2130 in
2120 2075 2459 2147 solitudine,
2493 2077 2666 2133 draco
2715 2078 2864 2134 154
2895 2092 3025 2132 vero
3078 2077 3346 2147 abjectus
3376 2075 3436 2131 in
3468 2075 3693 2148 ignem.

2033 2164 2236 2221 Postea
2283 2165 2529 2222 bestiam
2577 2166 2724 2221 vidit
2774 2165 3089 2221 habentem
3123 2181 3343 2221 cornua
3372 2164 3594 2235 decem,
3626 2168 3687 2220 et

2030 2254 2222 2326 capita
2251 2258 2561 2327 septem,et
2582 2255 2853 2311 diadema
2881 2256 3010 2326 ejus
3041 2252 3412 2328 blasphemia
3441 2252 3681 2327 plenum

2030 2347 2170 2399 erat.
2205 2344 2420 2400 Nomen
2447 2361 2580 2401 vero
2609 2345 2739 2413 eius
2768 2361 2883 2400 non
2911 2342 3198 2417 patefecit,
3231 2344 3332 2400 sed
3366 2358 3679 2399 numerum

2031 2432 2288 2489 nominis
2337 2434 2487 2504 ejus,
2528 2449 2735 2505 nempe
2782 2432 3040 2489 sexcenti
3089 2431 3391 2504 sexaginta
3442 2446 3564 2487 sex.
3612 2434 3682 2486 Et

2031 2520 2285 2593 virgines
2318 2522 2541 2578 audivit
2571 2525 2869 2589 canentes,
2892 2526 2949 2577 et
2978 2527 3211 2594 Agnum
3241 2520 3677 2592 sequentes.Vi-

2029 2611 2115 2666 dit
2144 2612 2319 2667 etiam
2352 2610 2625 2683 angelum
2657 2629 2760 2684 per
2798 2609 3054 2667 medium
3100 2609 3227 2666 caeli
3276 2608 3591 2678 volantem,
3621 2612 3681 2665 et

2029 2706 2367 2771 sequentem
2414 2700 2684 2766 alterum,
2726 2699 3025 2771 aliumque
3074 2703 3313 2770 postea;
3363 2697 3573 2753 deinde
3620 2702 3680 2754 et

2030 2789 2241 2845 nubem
2300 2789 2610 2845 candidam
2641 2788 2804 2856 vidit,
2837 2794 2894 2844 et
2923 2787 3275 2845 insidentem
3304 2785 3390 2842 illi
3419 2786 3675 2843 similem

2029 2877 2171 2933 Filio
2204 2877 2479 2946 hominis,
2514 2879 2572 2932 in
2619 2877 2811 2949 capite
2863 2893 3137 2933 coronam
3187 2891 3424 2931 auream
3458 2874 3675 2931 baben-

2026 2970 2166 3034 tem,
2209 2971 2265 3022 et
2309 2967 2364 3021 in
2419 2983 2595 3021 manu
2645 2984 2753 3021 sua
2785 2965 2991 3022 falcem
3032 2968 3286 3022 acutam.
3318 2963 3538 3020 Deinde
3581 2980 3677 3020 se-

2030 3059 2184 3126 ptem
2215 3053 2453 3127 angelos
2476 3054 2638 3119 vidit,
2659 3054 2941 3110 habentes
2964 3053 3166 3126 plagas
3187 3057 3409 3125 septem
3434 3050 3678 3109 novissi-

2029 3159 2176 3211 mas,
2210 3147 2265 3198 et
2296 3141 2524 3214 phialas
2566 3158 2773 3198 aureas
2803 3141 3006 3213 plenas
3055 3141 3151 3196 irae
3202 3140 3321 3196 Dei.
3371 3140 3506 3196 Post
3549 3141 3673 3196 haec

2028 3230 2257 3287 ablatus
2279 3234 2367 3287 est
2392 3230 2601 3303 spiritu
2626 3230 2684 3285 in
2708 3229 3181 3295 solitudinem,et
3201 3227 3345 3284 vidit
3366 3228 3672 3285 mulierem

267 3314 480 3385 ημένην
524 3313 611 3369 ἐπὶ
643 3314 833 3392 θηρίον
877 3317 1149 3389 κόκκινον,
1182 3316 1311 3396 ἔχον
1354 3305 1591 3398 κεφαλάς
1641 3320 1795 3375 ἑπτά·
1827 3322 1916 3375 καὶ

2033 3320 2325 3376 sedentem
2357 3336 2535 3391 super
2562 3319 2810 3376 bestiam
2851 3319 3203 3385 coccineam,
3236 3318 3545 3375 habentem
3578 3334 3674 3374 ca-

267 3401 534 3475 ἐσήμανεν
569 3404 673 3458 άπὸ
715 3404 917 3477 ταύτης
965 3406 1173 3473 ἔσεσθαι
1209 3409 1300 3463 τὸν
1356 3410 1752 3486 Ἀντίχριστον.
1787 3410 1916 3464 Εἶτα

265 3491 473 3567 ἑώρακε
499 3492 589 3547 τὸν
622 3492 843 3569 οὐρανὸν
880 3494 1238 3572 ἀνεῳγμένον,
1268 3499 1358 3552 καὶ
1414 3497 1646 3576 ἔφιππον
1697 3499 1914 3565 λευκὸν,

259 3580 353 3636 καὶ
391 3579 636 3638 ἐκαλεῖτο
665 3583 728 3637 τὸ
759 3579 935 3657 ὄνομα
973 3586 1138 3640 αὐτοῦ
1170 3587 1198 3640 6
1230 3587 1408 3661 Λόγος
1451 3592 1550 3643 τοῦ
1598 3592 1751 3643 Θεοῦ.
1787 3589 1917 3644 Εἶτα

261 3670 470 3749 ἑώρακε
497 3671 560 3725 τὸ
596 3671 786 3746 θηρίον
830 3673 921 3728 καὶ
961 3672 1088 3736 τοὺς
1135 3674 1375 3750 βασιλεῖς
1422 3682 1525 3746 τῆς
1568 3683 1693 3752 γῆς,
1728 3676 1913 3732 θέλον-

259 3778 362 3821 τας
409 3766 637 3829 ποιῆσαι
686 3759 934 3835 πόλεμον
989 3765 1123 3836 μετὰ
1176 3764 1273 3818 τοῦ
1319 3766 1635 3837 καθημένου
1684 3764 1771 3819 ἐπὶ
1818 3769 1915 3820 τοῦ

257 3844 438 3903 ’ίππου
496 3853 593 3903 τοῦ
654 3856 869 3909 Λευκοῦ.
905 3852 1001 3907 Καὶ
1057 3852 1282 3924 ἐπιάσθη
1314 3854 1377 3909 τὸ
1408 3854 1619 3930 θηρίον,
1652 3854 1742 3909 καὶ
1803 3854 1917 3927 μετ’

264 3936 435 3992 αὐτοῦ
465 3939 494 3992 ὁ
524 3935 1001 4017 ψευδοπροφήτης,
1036 3940 1183 4005 ὅστις
1221 3944 1286 4012 ἦν
1337 3944 1366 3997 6
1398 3942 1793 4020 Ἀντίχριστος,
1827 3943 1916 3998 καὶ

266 4024 380 4081 εἶδε
413 4025 792 4100 βαλλομένους
824 4028 1019 4092 αὐτοὺς
1051 4031 1126 4093 είς
1157 4032 1255 4100 τήν
1309 4031 1512 4105 λίμνην
1571 4036 1667 4087 τοῦ
1724 4031 1916 4107 πυρός.

265 4115 404 4172 Εἶτα
443 4116 650 4190 ἑώρακε
688 4113 1074 4174 καταϐαίνοντα
1130 4117 1364 4196 ἄγγελον
1414 4120 1474 4175 ἐκ
1512 4125 1613 4175 τοῦ
1661 4119 1916 4196 ούρανοῦ,

252 4204 358 4259 καὶ
394 4203 671 4279 βάλλοντα
700 4206 793 4260 τὸν
828 4212 1060 4262 Σατανᾶν
1115 4208 1204 4262 καὶ
1251 4208 1381 4270 τοὺς
1426 4205 1654 4285 ἔχοντας
1701 4209 1763 4264 τὸ
1813 4209 1923 4283 χά-

248 4313 454 4369 ραγμα
512 4293 678 4348 αὐτοῦ
737 4294 810 4356 είς
868 4296 967 4364 τὴν
1026 4292 1282 4363 ἄϐυσσον,
1315 4298 1405 4352 καὶ
1462 4296 1713 4353 κλείοντα
1748 4297 1922 4352 ἐπάνω

248 4380 455 4452 αὐτοῦ,
482 4379 576 4436 ’ίνα
614 4383 809 4456 μηκέτι
839 4381 1095 4459 πλανήσῃ
1122 4388 1189 4439 τὰ
1219 4383 1343 4456 ἔθνη
1375 4382 1476 4448 ἕως
1516 4384 1645 4440 ἐτῶν
1696 4385 1922 4462 χιλίων.

256 4468 404 4527 Εἶτα
461 4471 669 4545 ἑώρακε
728 4470 857 4534 τοὺς
919 4472 1191 4549 μάρτυρας
1240 4474 1293 4528 έν
1347 4472 1474 4549 δόξῃ
1539 4474 1925 4551 βασιλεύοντας

260 4556 326 4612 ἐν
358 4559 595 4631 Χριστῷ.
630 4559 757 4614 Εἶτα
798 4560 1053 4635 ἑώρακεν,
1086 4559 1168 4615 ὅτι
1220 4564 1353 4636 μετὰ
1399 4562 1561 4639 χίλια
1609 4562 1699 4635 ἔτη
1752 4562 1923 4633 λυθή-

2026 3409 2146 3481 pila
2175 3413 2395 3481 septem
2423 3425 2435 3463 :
2469 3413 2526 3464 et
2555 3408 2873 3464 indicatum
2926 3412 3014 3464 est
3060 3408 3111 3463 ei
3160 3424 3228 3463 ex
3267 3406 3374 3462 hac
3406 3407 3671 3463 futurum

2025 3514 2153 3554 esse
2182 3497 2630 3553 Antichristum.
2666 3496 2827 3551 Vidit
2855 3495 3028 3551 etiam
3061 3495 3272 3551 cmlum
3298 3500 3588 3567 apertum,
3622 3498 3680 3551 et

2025 3587 2281 3659 equitem
2313 3585 2538 3653 album,
2589 3589 2645 3640 et
2674 3589 2798 3641 erat
2828 3601 3040 3641 nomen
3082 3585 3230 3655 ejus,
3262 3583 3517 3639 Verbum
3549 3583 3675 3639 Dei.

2025 3675 2246 3732 Deinde
2276 3674 2417 3729 vidit
2450 3674 2720 3741 bestiam,
2746 3690 2812 3729 ac
2840 3690 3002 3745 reges
3032 3677 3223 3738 terras,
3244 3670 3462 3728 bellum
3494 3671 3682 3728 facere

2025 3763 2284 3821 volentes
2316 3779 2448 3819 cum
2482 3780 2548 3818 eo
2581 3761 2681 3834 qui
2716 3762 2956 3816 sedebat
2988 3777 3167 3832 super
3195 3776 3409 3830 equum
3454 3758 3679 3816 album.

2026 3853 2096 3908 Et
2125 3851 2491 3924 apprehensa
2522 3854 2612 3906 est
2656 3850 2863 3915 bestia,
2894 3853 2951 3903 et
2981 3864 3114 3903 cum
3146 3847 3277 3919 ipsa
3322 3848 3683 3919 pseudopro-

2030 3942 2224 4013 pheta,
2258 3941 2355 4012 qui
2401 3943 2493 3995 est
2523 3937 2942 4003 Antichristus,
2974 3940 3033 3993 et
3081 3936 3225 3991 vidit
3262 3951 3361 3992 eos
3417 3935 3590 4008 abjici
3623 3937 3684 3991 in

2029 4034 2305 4101 stagnum
2349 4027 2674 4100 ignis.Post
2708 4025 2823 4081 ista
2852 4024 2999 4079 vidit
3026 4023 3299 4096 angelum
3332 4025 3689 4081 descenden-

2030 4122 2147 4173 tem
2180 4118 2248 4173 de
2280 4115 2442 4186 caelo,
2476 4120 2532 4171 et
2562 4113 2934 4187 abjicientem
2968 4114 3252 4169 Satanam
3282 4130 3416 4168 cum
3448 4113 3562 4183 his,
3585 4114 3686 4185 qui

2031 4206 2423 4262 characterem
2450 4203 2636 4276 ipsius
2666 4203 2980 4272 habebant,
3009 4203 3069 4258 in
3101 4202 3404 4275 abyssum,
3438 4206 3497 4259 et
3521 4199 3685 4257 clau-

2033 4295 2264 4351 dentem
2297 4294 2549 4365 desuper
2578 4291 2798 4364 ipsum,
2831 4308 2901 4347 ne
2933 4290 3177 4365 posthac
3217 4291 3474 4365 amplius
3506 4291 3683 4346 sedu-

2033 4390 2189 4439 ceret
2207 4387 2429 4455 gentes,
2454 4381 2637 4438 donec
2658 4380 2992 4453 consumpti
3011 4382 3133 4436 sint
3165 4380 3325 4436 mille
3354 4378 3677 4436 anni.Mar-

2036 4476 2187 4545 tyres
2218 4471 2427 4527 deinde
2450 4470 2593 4526 vidit
2622 4486 2755 4525 cum
2786 4469 2973 4543 gloria
3004 4469 3062 4525 in
3094 4468 3322 4525 Christo
3346 4472 3685 4542 regnantes.

2034 4562 2193 4617 Vidit
2223 4561 2362 4616 item
2391 4563 2543 4631 quod
2573 4564 2816 4615 Satanas
2863 4563 2997 4632 post
3038 4557 3197 4614 mille
3248 4574 3434 4614 annos
3463 4556 3685 4614 solven-

259 4664 422 4703 σεται
454 4647 483 4701 ὁ
515 4652 776 4710 Σατανᾶς.
808 4649 898 4703 καὶ
932 4648 1266 4725 βληθήσεται
1326 4650 1400 4714 εἰς
1458 4652 1556 4721 τὴν
1598 4651 1799 4726 λίμνην
1828 4655 1922 4707 τοῦ

2036 4652 2145 4707 dus
2176 4650 2271 4723 sit,
2304 4654 2362 4705 et
2393 4648 2758 4721 abjiciendus
2790 4648 2847 4703 in
2881 4653 3158 4721 stagnum
3192 4646 3368 4718 ignis,
3411 4663 3545 4703 cum
3574 4647 3691 4701 An-

255 4737 443 4810 πυρὸς
497 4737 632 4810 μετὰ
680 4740 778 4793 τοῦ
830 4739 1208 4815 Ἀντιχρίστου
1253 4740 1329 4804 εἰς
1388 4739 1515 4804 τοὺς
1574 4740 1774 4803 αἶ’ῶνας
1821 4744 1927 4796 τῶν

254 4824 509 4883 αἰώνων,
568 4826 700 4882 Εἶτα
750 4826 987 4901 ἑώρακεν
1036 4828 1264 4904 οὐρανὸν
1313 4831 1515 4901 καινὸν,
1541 4832 1631 4885 καὶ
1686 4837 1807 4907 γῆν,
1840 4830 1929 4885 καὶ

253 4917 374 4983 τήν
404 4914 769 4989 Ἰερουσαλὴμ
808 4919 1021 4989 καινὴν,
1054 4917 1143 4973 καὶ
1189 4919 1394 4995 ἑώρακε
1441 4920 1684 4992 ποταμὸν
1737 4916 1930 4982 ὕδατος

255 5009 444 5076 ζωῆς,
475 5003 564 5058 καὶ
594 5002 722 5067 τοὺς
755 5002 989 5068 δούλους
1014 5011 1113 5061 τοῦ
1144 5012 1279 5062 Θεοῦ
1309 5010 1644 5085 θεωροῦντας
1675 5009 1736 5064 τὸ
1763 5008 1929 5083 πρόσε-

254 5112 426 5151 ωπον
458 5091 643 5161 αὐτοῦ,
676 5093 766 5147 καὶ
798 5092 1024 5169 ἔχοντας
1059 5094 1146 5150 ἐπὶ
1176 5100 1273 5151 τοῦ
1328 5098 1582 5170 μετώπου
1640 5098 1703 5152 τὸ
1763 5093 1934 5171 ὄνομα

247 5177 484 5242 αὐτοῦ.
560 5185 735 5235 Ταῦτα
815 5181 1071 5257 ἑωρακὼς
1157 5185 1409 5256 Ἰωάννης
1485 5182 1683 5253 ἔπεσε,
1759 5185 1930 5250 θέλων

240 5275 643 5350 προσκυνῆσαι
687 5274 765 5341 τῷ
794 5270 1017 5346 ἀγγέλῳ
1049 5270 1345 5328 δεικνύοντι
1396 5275 1542 5346 αὑτῷ
1579 5278 1746 5329 ταῦτα
1800 5275 1934 5329 πάν-

244 5381 355 5421 τα.
395 5357 497 5413 Καὶ
527 5357 798 5414 ἐκώλυσεν
827 5359 984 5415 αὐτὸν
1019 5362 1047 5415 6
1078 5359 1312 5438 ἄγγελος
1353 5360 1550 5439 λέγων’
1591 5384 1613 5414 ι
1665 5364 1757 5432 Μὴ
1809 5362 1934 5437 ἐμοὶ

257 5447 598 5528 προσκύνει,
647 5446 795 5504 ἀλλὰ
866 5454 944 5523 of":
999 5455 1136 5524 Θεῷ·
1187 5450 1296 5526 ἐγὼ
1348 5454 1449 5529 γὰρ
1508 5449 1800 5516 σύνδοτλός
1842 5472 1937 5507 σου

247 5536 416 5617 εἶμί.
450 5560 480 5590 ››
526 5535 751 5594 Βλέπων
811 5536 869 5595 δὲ
924 5544 1112 5613 ταῦτα,
1161 5537 1331 5610 ἤκουε
1383 5542 1529 5618 παρὰ
1582 5546 1681 5597 τοῦ
1739 5541 1937 5618 Κυρίου

343 5759 398 5797 ιι
431 5760 610 5830 Apoc.
644 5774 722 5831 xx,
757 5759 843 5814 15.
923 5759 967 5795 1⁵
995 5760 1175 5833 Apoc.
1211 5776 1330 5829 xxx,
1366 5761 1451 5817 10.

2042 4739 2329 4810 tichristo,
2362 4738 2419 4793 in
2452 4736 2663 4794 saecula
2683 4738 3053 4793 saeculorum.
3089 4737 3224 4792 Post
3253 4734 3374 4791 haec
3406 4734 3551 4791 vidit
3575 4751 3688 4791 cas-

2040 4828 2162 4885 lum
2197 4845 2433 4896 novum,
2466 4832 2683 4882 terram
2716 4842 2923 4882 novam
2971 4842 3038 4881 ac
3082 4824 3407 4881 Jerusalem
3458 4840 3689 4890 novam,

2043 4924 2099 4975 et
2127 4917 2370 4973 fluvium
2403 4931 2566 4988 aquae
2598 4914 2759 4984 vivas,
2781 4930 2847 4970 ac
2873 4930 3070 4969 servos
3092 4913 3192 4969 Dei
3223 4912 3692 4986 contemplantes

2043 5009 2248 5065 faciem
2281 5007 2431 5078 ejus,
2462 5009 2520 5060 et
2554 5004 2831 5059 habentes
2881 5019 3092 5058 nomen
3142 5003 3270 5074 ejus
3310 5002 3369 5058 in
3402 5002 3691 5058 frontibus

2042 5099 2187 5155 suis.
2220 5098 2365 5153 Cum
2408 5096 2527 5149 haec
2578 5092 2822 5148 vidisset
2868 5091 3149 5159 Joannes,
3183 5091 3451 5164 procidit,
3484 5089 3687 5147 volens

2043 5187 2287 5243 adorare
2318 5181 2616 5255 angelum,
2654 5182 2753 5253 qui
2789 5180 2899 5236 sibi
2931 5180 3053 5235 haec
3101 5180 3299 5236 omnia
3338 5181 3693 5237 ostenderat.

2044 5280 2117 5329 At
2165 5272 2409 5346 angelus
2458 5268 2754 5343 prohibuit
2796 5268 2985 5340 illum,
3019 5269 3221 5326 dicens
3254 5285 3267 5325 :
3300 5270 3416 5327 Non
3465 5285 3573 5335 me,
3600 5267 3694 5325 sed

2042 5365 2213 5419 Deum
2242 5362 2447 5427 adora;
2481 5376 2574 5431 ego
2604 5360 2752 5415 enim
2780 5374 3069 5415 conservus
3116 5361 3245 5415 tum
3296 5375 3419 5415 sum
3452 5359 3513 5414 ³⁸.
3546 5358 3690 5416 Cum

2044 5455 2241 5509 autem
2271 5449 2387 5504 ista
2418 5448 2660 5515 videret,
2692 5447 2912 5503 audivit
2944 5465 2977 5504 a
3018 5448 3260 5503 Domino
3308 5453 3508 5504 nostro
3552 5447 3695 5503 Jesu

2045 5539 2296 5608 Christo,
2348 5537 2504 5609 quod
2554 5534 2680 5608 ipse
2731 5535 2811 5592 sit
2858 5535 2959 5608 qui
3011 5541 3122 5603 est,
3157 5540 3216 5592 et
3253 5536 3408 5593 idem
3463 5537 3589 5610 ipse
3616 5537 3695 5591 sit
