4108 6210
248 333 368 393 437

1354 330 1726 390 SYNOPSIS‘
1777 327 2242 389 SCRIPTUll/E
2288 326 2579 386 SACR/E.

3546 324 3668 386 438

247 460 547 537 παροιμίας
601 461 703 515 ὑπὸ
756 462 1121 534 Σολομῶντος
1171 460 1502 529 ἐκδεδόσθαι,
1535 460 1691 540 φησὶν
1726 462 1759 529 ἠ
1790 463 1890 513 τῶν

2013 458 2167 514 edita
2199 476 2231 513 a
2263 458 2572 514 Salomone
2604 458 2781 512 tradit
2802 456 3372 527 Paralipomenorum
3401 457 3661 529 Scriptu-

247 551 749 626 Παραλειπομὲνων
815 554 994 628 Γραφή
1060 554 1192 623 (46)·
1256 549 1383 605 ἀλλ’
1441 550 1538 605 οὐκ
1596 549 1695 603 εἶσὶ
1744 548 1899 615 νῦνῆ

252 641 411 712 μόναι
471 642 526 695 αἱ
580 640 1086 711 ἐκκλησιαζὸμευαι.
1146 641 1215 693 Τὸ
1286 646 1466 713 ’ᾼσμα
1531 639 1580 708 ἐξ
1648 638 1899 710 ᾀσμάτων

247 728 520 783 πλειόνων
570 731 631 783 τὸ
684 731 939 800 μυστικὸν
987 728 1285 804 ἐξειλὲχθαι
1338 730 1747 802 ἐπιγέγραπται.
1785 728 1898 780 Ἰώ-

248 838 426 888 σηπος
461 816 519 873 δὲ
552 820 751 894 ἱστορεῖ
783 817 877 873 δόο
913 814 1099 891 βιϐλία
1148 818 1477 895 προφητείας
1533 818 1622 871 τὸν
1683 819 1896 893 προφή-

245 929 344 978 την
378 912 494 982 (47)
542 907 797 977 Ἰεζεκιὴλ
849 909 1164 987 γεγράᾳηγ
1198 908 1251 962 ἓν
1308 907 1363 962 δὲ
1424 909 1586 981 μόνον
1642 908 1897 981 ἐπιγινώ-

248 1018 345 1051 σκο
356 1019 449 1070 μεν
487 999 839 1073 εὑρίσκεσθαι.

317 1321 427 1389 (46)
462 1323 655 1374 Baroc.
691 1313 997 1371 ἐκδεδόσθαι
1099 1321 1203 1369 τῶν
1262 1316 1752 1390 [loculamentum

248 1391 572 1473 γεεὶραξρή-
1826 1463 1851 1472 -

312 1453 425 1533 (47)
460 1453 659 1518 Barce.
696 1459 1001 1529 Ἰώσηππος
1037 1456 1094 1512 δὲ
1124 1459 1336 1532 ἱστορεῖ
1393 1455 1487 1511 δύο
1547 1453 1735 1532 βιϐλία
1787 1463 1893 1511 τῶν

2013 564 2113 602 ra:
2152 548 2247 602 sed
2284 547 2447 601 nulla
2495 550 2621 617 jam
2673 551 2903 603 exstant
2934 562 3109 616 quam
3166 562 3233 600 ea
3281 562 3407 615 quae
3461 546 3667 618 recipit

2013 637 2285 691 Ecclesia.
2337 637 2639 691 Canticum
2720 636 3055 709 mysticum,
3119 651 3188 690 ex
3262 633 3664 704 compluribus

2011 727 2252 780 canticis
2276 725 2553 781 sclectum
2584 742 2710 781 esse
2731 726 2859 796 ipsa
2882 726 2991 779 fert
3020 724 3344 795 inscriptio.
3371 723 3664 795 Josepbus

2009 832 2140 869 vero
2174 816 2354 868 tradit
2387 814 2742 869 Ezechielem
2781 814 3121 885 prOphetam
3152 814 3299 868 duos
3344 812 3661 885 prophetiae

2010 903 2190 958 libros
2213 904 2633 975 conscripsisse
2664 921 2675 957 :
2701 904 2922 958 scimus
2944 908 3141 958 autem
3171 919 3355 957 unum
3379 903 3664 957 duntaxat

2008 993 2269 1063 reperiri.
2305 995 2531 1064 (Itaque
2560 993 2677 1047 haec
2709 993 2908 1046 omnia
2938 1007 3040 1063 per
3075 992 3391 1063 impiorum
3422 991 3657 1046 Judan-

2008 1100 2139 1136 rum
2173 1084 2489 1137 amentiam
2522 1086 2579 1137 et
2612 1083 2897 1137 incuriam
2929 1082 3242 1147 interiisse,
3276 1081 3656 1137 manifestum

2007 1174 2140 1235 est.)

2006 1321 2322 1392 :pocp‘rfuiw,
2353 1318 2469 1392 re.
2502 1336 2668 1392 προφ.
2726 1317 2984 1392 Prmstat
3026 1316 3187 1386 Regii
3233 1315 3423 1371 lectio.
3468 1316 3652 1392 Porro

2006 1388 2137 1460 quae
2181 1389 2411 1443 uncinis
2458 1388 2840 1443 includuntur
2875 1388 3086 1452 Latine,
3123 1403 3427 1460 nusquam,
3458 1388 3651 1441 Graece

2005 1457 2350 1531 reperimus,
2386 1462 2484 1515 sed
2518 1477 2585 1515 ex
2618 1462 2779 1531 prius
2810 1460 2981 1515 editis
3014 1459 3128 1514 huc
3160 1457 3595 1514 transtulimus.

401 1883 1112 1979 ADMONITIO
1186 1855 1314 1976 IN
1386 1882 2406 1975 DISPUTATIONEM
2481 1882 2979 1976 CONTRA
3048 1880 3474 1974 ARIUM.

311 2125 461 2183 I51
503 2127 541 2181 Ι.
578 2148 605 2175 ‹‹
634 2124 957 2180 Ρτεθωίεεὶε
989 2123 1060 2178 iis
1093 2122 1367 2194 operibus
1399 2138 1525 2193 quae
1577 2129 1774 2176 nostro
1818 2122 1890 2176 do

2008 2138 2237 2193 'umque
2263 2122 2488 2193 judicio
2533 2127 2733 2195 aperta
2763 2119 2973 2184 νοθείας
3008 2121 3091 2178 vel
3141 2120 3499 2196 γνησιότητος
3531 2142 3645 2180 non

242 2212 463 2267 habent
495 2214 730 2280 indicia,
764 2230 831 2267 ea
854 2213 978 2282 jam
1014 2212 1397 2282 edimus,quae
1431 2210 1575 2266 falso
1615 2210 1914 2265 Athanasii
1952 2211 2216 2281 praeferre
2250 2228 2462 2266 nomen
2493 2211 2778 2283 liquidius
2826 2213 3262 2282 comprobatur.
3298 2212 3559 2268 Primum
3590 2213 3649 2268 in

231 2300 421 2355 editis
452 2301 705 2356 occurrit
735 2300 1051 2371 disputatio
1082 2304 1285 2354 contra
1314 2300 1507 2354 Arium
1535 2299 1591 2353 in
1626 2299 1869 2354 concilio
1901 2300 2151 2355 Nicarno.
2176 2306 2333 2371 ()pus
2356 2302 2482 2370 jam
2516 2301 2739 2371 pridem
2768 2318 2799 2355 a
2825 2300 2963 2355 viris
2997 2301 3183 2356 doctis
3204 2300 3523 2357 Athanasio
3546 2303 3650 2357 ab-

220 2388 590 2457 judicatum.
625 2390 789 2444 Libet
819 2394 1009 2444 autem
1046 2389 1139 2443 hic
1170 2405 1617 2461 apponere,qua2
1649 2390 1717 2444 ad
1746 2389 1960 2443 calcem
1996 2389 2267 2444 editionis
2299 2390 2771 2445 Commelinianae
2793 2408 2825 2445 a
2859 2391 3025 2445 Petro
3059 2391 3451 2445 Felckmanno
3473 2393 3654 2447 adno‘

223 2480 345 2531 tata
412 2483 553 2534 sunt
597 2479 654 2533 in
704 2478 883 2533 variis
925 2478 1159 2533 iectiou.
1213 2500 1241 2527 »
1276 2496 1331 2549 p.
1364 2480 1453 2532 21.
1508 2479 1836 2548 Inscriptio,
1871 2481 2070 2550 inquit,
2120 2479 2297 2550 hujus
2348 2480 2766 2550 disputationis
2814 2479 2872 2533 in
2907 2478 3103 2535 codice
3150 2486 3492 2551 Augustauo
3524 2486 3652 2537 est:

226 2563 483 2636 Διάλεξις
515 2566 565 2620 ἐν
597 2570 665 2639 τῇ
697 2566 831 2620 κατὰ
860 2566 1080 2619 Νίκαιαν
1116 2563 1319 2638 συνόδῳ
1349 2567 1485 2640 πρὸς
1519 2566 1819 2639 Ἀρειανὸν.
1857 2569 1890 2623 S

2016 2568 2173 2623 entia
2205 2586 2335 2623 vero
2380 2570 2611 2639 desunt,
2648 2574 2710 2623 ut
2742 2574 2796 2623 et
2828 2569 2885 2623 in
2933 2568 3107 2623 Basil.
3142 2573 3197 2623 et
3226 2570 3450 2641 Anglic.
3483 2572 3653 2626 codd.

230 2657 301 2711 Et
330 2663 616 2728 praeterea
646 2658 848 2713 eadem
880 2657 1054 2711 etiam
1087 2657 1144 2711 in
1178 2662 1439 2728 tempore
1475 2657 1703 2711 fallunt.
1740 2658 1884 2711 Nam
1922 2659 2074 2729 quod
2108 2658 2343 2723 dicitur,
2378 2658 2669 2713 Nicaznam
2706 2658 2993 2729 synodum
3020 2658 3280 2713 habitam
3307 2676 3459 2713 anno
3491 2660 3651 2715 Chri-

236 2745 312 2800 sti
343 2746 471 2814 310,
506 2746 561 2800 id
595 2762 791 2800 verum
827 2762 956 2800 esse
989 2762 1101 2799 non
1137 2750 1365 2816 potest:
1398 2746 1689 2816 siquidem
1724 2762 1813 2813 ea,
1846 2762 1994 2801 coss.
2027 2746 2260 2801 Juliano
2292 2752 2347 2802 et
2378 2747 2642 2809 Paulino,
2677 2746 2796 2801 sive
2830 2750 3035 2817 coepta,
3083 2746 3204 2801 sive
3254 2746 3419 2801 finita
3449 2752 3557 2811 est,
3593 2753 3657 2802 ut

238 2839 401 2906 patet
430 2852 497 2891 ex
531 2836 765 2890 Socrate
796 2834 898 2889 lib.
928 2836 1152 2904 Ilislor.,
1186 2852 1314 2904 cap.
1350 2836 1437 2901 13,
1471 2834 1650 2889 Grmc.
1687 2835 1826 2906 Reg.
1861 2836 2004 2889 edit.
2046 2841 2103 2889 et
2134 2834 2279 2906 ipsis
2309 2836 2467 2890 Actis
2496 2836 2743 2889 Nicznuis
2779 2852 2962 2906 nuper
2986 2834 3221 2888 Lutetiaa
3252 2833 3444 2904 editis,
3479 2841 3534 2889 ct
3554 2835 3649 2890 Al-

244 2923 473 2994 pbonso
506 2924 713 2980 Pisano
746 2924 892 2978 libro
925 2924 1181 2978 secundo
1216 2929 1269 2977 et
1303 2923 1471 2978 tertio
1505 2925 1578 2977 Dc
1605 2924 1807 2993 synodo
1838 2924 2081 2979 Nicaena.
3454 2948 3455 2951 η

315 3016 388 3067 At
413 3013 495 3068 illi
527 3030 677 3069 coss.
712 3014 952 3068 fuerunt
982 3013 1135 3067 circa
1166 3028 1387 3066 annum
1418 3014 1488 3065 2O
1539 3012 1767 3082 imperii
1819 3011 2181 3067 Constantini
2216 3012 2366 3082 Mag.
2404 3011 2511 3067 hoc
2570 3017 2678 3079 est,
2713 3011 2965 3082 (variant
2992 3011 3149 3066 enim
3183 3013 3471 3083 auctores)
3503 3012 3655 3068 inter

249 3118 471 3157 annum
504 3101 714 3156 Christi
746 3103 852 3155 325
881 3106 937 3156 et
965 3102 1089 3154 329.
1150 3103 1337 3165 Quare
1369 3100 1491 3154 fieri
1554 3116 1667 3154 non
1699 3104 1910 3171 potest,
1971 3105 2034 3154 ut
2066 3102 2114 3155 is
2174 3118 2363 3155 anuus
2396 3100 2659 3155 decimus
2719 3100 2892 3155 fuerit
2922 3116 3099 3171 supra
3158 3100 3650 3156 trecentesimum.

239 3191 526 3245 Praeterea
557 3207 661 3246 nec
694 3191 746 3243 id
814 3190 968 3260 quod
1004 3190 1238 3257 dicitur,
1273 3189 1635 3244 Alcxandum
1695 3190 1883 3261 egisse
1907 3190 2031 3259 jam
2076 3194 2202 3245 tum
2237 3190 2576 3261 episcopum
2640 3188 2919 3261 Byzantii,
2953 3189 3242 3258 quomodo
3294 3205 3494 3244 verum
3528 3206 3655 3244 esse

242 3282 453 3353 possit,
485 3280 687 3334 video:
723 3295 879 3346 cum,
914 3284 977 3333 ut
1009 3283 1165 3350 patet
1194 3296 1261 3333 ex
1292 3278 1556 3333 historiis
1586 3283 1642 3333 et
1674 3278 1815 3349 ipsis
1865 3281 2140 3333 Actorum
2182 3280 2546 3334 Nicamorum
2581 3277 3137 3349 subscriptionibus.
3170 3277 3494 3334 Alexander
3526 3296 3653 3350 pre-

237 3368 523 3440 sbyter'et
551 3367 774 3439 legatus
808 3367 983 3421 fuerit
1013 3367 1408 3437 Metrophanis
1438 3367 1694 3439 episcopi
1726 3368 2376 3439 Constantinopolitani.
2405 3368 2684 3424 Videatur
2708 3369 2775 3424 de
2808 3368 2913 3423 hac
2945 3383 3004 3422 re
3033 3367 3370 3439 Alpbonsus
3404 3368 3655 3424 Pisanus

230 3459 303 3513 de
337 3456 583 3512 concilio
615 3456 847 3511 Niczeno
882 3473 1010 3528 pag.
1043 3458 1133 3523 7t,
1168 3458 1292 3523 3'32,
1328 3458 1432 3509 323
1462 3463 1518 3511 et
1546 3456 1669 3510 329.
1706 3462 1761 3511 et
1790 3460 1931 3511 Acta
1962 3458 2214 3521 Nicazna,
2248 3464 2395 3529 part.
2432 3474 2493 3513 ii.

304 3545 590 3618 Equidem
628 3561 741 3600 non
776 3544 978 3599 dubito
1036 3544 1421 3599 Athanasium
1457 3549 1722 3599 nostrum
1772 3546 1961 3601 varios
2022 3546 2325 3601 conﬂictus
2358 3546 2638 3602 habuisse
2696 3563 2828 3602 cum
2863 3549 2993 3604 Ario
3050 3548 3109 3602 in
3142 3546 3363 3617 synodo
3398 3545 3653 3610 Nicmua,

229 3636 467 3707 quando
501 3633 749 3705 Cyrillus
780 3634 1209 3689 Alexandrinus
1242 3634 1457 3688 alicubi
1492 3635 1603 3705 (/18)
1638 3636 1811 3689 refert
1843 3652 1975 3690 eum
2011 3636 2065 3689 in
2098 3635 2330 3690 Nicrena
2379 3638 2601 3707 synodo
2634 3638 2911 3693 omnibus
2958 3634 3331 3693 admirationi
3365 3633 3563 3699 fuisse,
3598 3639 3655 3689 ct

231 3724 568 3780 Alexandro
600 3724 872 3795 episcopo
900 3725 1069 3794 quasi
1102 3723 1202 3777 viae
1236 3724 1442 3778 ducem
1479 3724 1547 3778 ad
1582 3724 1815 3779 omnia:
1852 3726 1969 3779 imo
2001 3725 2193 3780 editus
2253 3730 2341 3779 est
2365 3727 2486 3795 jam
2522 3726 2746 3796 pridem
2795 3744 2827 3781 a
2859 3728 2935 3781 M.
2971 3724 3175 3782 Crusio
3216 3722 3527 3794 Catalogus
3562 3723 3652 3776 Bi-

232 3813 653 3868 bliothecarum
688 3813 841 3884 apud
877 3812 1137 3867 diversos
1166 3813 1395 3868 Graecos
1427 3813 1931 3885 ConstantinOpoli
1964 3814 2263 3885 degentes,
2300 3817 2353 3868 in
2404 3831 2518 3886 quo
2553 3817 2745 3877 refert,
2796 3816 2949 3886 apud
2986 3813 3292 3869 lllustriss.
3326 3811 3651 3883 principem

231 3902 519 3958 Jacobum
552 3905 981 3970 Marmoretam,
1016 3902 1216 3957 haberi
1251 3902 1541 3957 orationes
1573 3902 1907 3957 dialecticas
1976 3903 2277 3957 Athanasii
2332 3903 2589 3974 episcopi
2641 3903 3038 3973 Alexandrini,
3073 3902 3286 3973 quibus
3335 3900 3654 3971 disputavit

237 3992 439 4047 Nicaeae
484 3992 542 4045 in
615 3991 804 4062 prima
832 3992 1186 4047 aacumenica
1218 3994 1438 4063 synodo
1471 3996 1671 4047 contra
1726 3993 1927 4047 Arium
1993 4009 2185 4047 coram
2222 3992 2361 4062 imp.
2398 3992 2777 4046 Constantino
2811 3993 3039 4064 Magno.
3067 3992 3279 4045 Verum
3305 4007 3377 4044 an
3408 3988 3552 4060 haec,
3583 3990 3654 4045 de

236 4097 353 4151 qua
386 4080 503 4147 hic,
538 4080 880 4151 disputatio,
913 4086 1013 4134 aut
1044 4081 1114 4133 de
1145 4080 1379 4134 illarum
1431 4097 1697 4148 numero,
1733 4085 1833 4135 aut
1882 4081 2119 4135 omnino
2153 4081 2454 4135 Athanasii
2506 4081 2600 4145 sit,
2634 4081 2797 4137 video
2845 4082 3045 4136 doctos
3078 4097 3192 4135 non
3225 4078 3515 4134 immerito
3545 4080 3653 4134 du-

235 4168 443 4223 bitare.
478 4168 772 4238 Quidquid
808 4168 885 4221 sit
914 4169 1095 4222 nostri
1131 4168 1356 4222 codices
1388 4184 1591 4223 omnes
1625 4186 1835 4239 magno
1868 4185 2153 4225 consensu
2188 4170 2459 4225 tribuunt
2489 4186 2617 4224 eam
2648 4170 2988 4225 Athanasio.

310 4256 378 4311 II.
418 4278 445 4305 «
476 4259 607 4311 Haac
642 4255 1094 4324 Felckmannus,
1130 4258 1230 4327 qui
1262 4256 1425 4327 prius
1456 4258 1746 4311 editorum
1781 4258 1889 4312 titu

2008 4278 2017 4312 ι
2054 4259 2308 4328 respicit,
2343 4260 2438 4313 ubi
2465 4258 2546 4315 sic
2579 4258 2878 4331 legebatur
2906 4278 2918 4315 :
2953 4282 2979 4310 ››
3018 4256 3305 4319 Διάλεκτος
3338 4256 3389 4312 ἓν
3423 4260 3489 4330 τῇ
3515 4257 3651 4311 καιτά

238 4342 462 4397 Νίκαιαν
506 4340 709 4415 συνόδῳ
738 4344 872 4417 πρὸς
903 4345 1121 4413 ’Ἄρειον
1179 4340 1281 4397 ἔτει
1338 4351 1439 4412 τῆς
1499 4343 1645 4406 θείας
1703 4344 2022 4419 σαρκώσεως
2073 4354 2146 4399 τι¹
2171 4346 2221 4400 ἐν
2254 4347 2488 4421 ἡμέραις
2517 4351 2613 4401 τοῦ
2646 4343 2894 4409 εὐσεϐοῦς
2932 4346 3200 4422 βασιλέως
3225 4344 3651 4417 Κωνσταντινου,

236 4432 325 4486 καὶ
358 4435 455 4485 τοῦ
486 4429 755 4504 μακαρίου
787 4432 944 4485 Πάπα
978 4427 1333 4506 Σιλϐἑστρου,
1367 4432 1455 4485 καὶ
1489 4432 1783 4486 ἐπισκόπου
1819 4440 1887 4487 Γυ

2008 4436 2108 4489 τίου
2157 4434 2535 4508 Ἀλεξανδρον).
2583 4460 2609 4487 (ί
2642 4440 2802 4503 Quod
2835 4444 3029 4493 autem
3066 4438 3241 4494 habet
3289 4437 3386 4494 ille
3416 4439 3487 4492 de
3520 4437 3648 4491 Dia-

240 4522 394 4595 logis
424 4521 747 4597 Athanasio
779 4522 1103 4591 attributis,
1139 4523 1265 4578 fuse
1296 4540 1328 4578 a
1362 4524 1527 4578 nobis
1553 4524 1698 4579 alias
1730 4531 2143 4595 pertractatum
2171 4533 2278 4583 est.
2312 4528 2475 4582 Ilunc
2507 4544 2637 4582 vero
2661 4529 2809 4597 quod
2845 4532 3067 4600 spectat
3089 4526 3652 4599 Dialogum,constat

242 4612 433 4683 primo
466 4626 596 4666 esse
627 4610 1070 4681 supposititium
1100 4628 1112 4664 :
1148 4616 1273 4666 tum
1307 4628 1373 4667 ex
1404 4611 1534 4683 styli
1568 4628 1795 4681 genere,
1829 4616 1981 4684 quod
2015 4615 2084 4670 ab
2120 4616 2531 4681 Athanasiano,
2569 4617 2783 4671 mirum
2831 4634 3008 4687 quam
3041 4615 3349 4671 abhorreat
3377 4634 3389 4671 :
3422 4620 3546 4670 tum
3580 4632 3645 4673 ex

239 4698 607 4771 argumentis
640 4699 987 4771 plerumque
1020 4699 1309 4767 invalidis,
1354 4717 1422 4755 ne
1451 4701 1719 4756 umbram
1758 4705 1995 4773 quidem
2032 4705 2447 4761 Atlianasianae
2495 4705 2764 4780 ἐνεργείας
2797 4706 3200 4763 referentibus.
3236 4707 3423 4771 Quare
3453 4724 3555 4762 nec
3586 4707 3644 4762 in

236 4788 500 4859 antiquis
527 4787 829 4843 Athanasii
862 4805 1103 4859 operum
1137 4788 1575 4845 collectionibus
1607 4796 1923 4863 comparet,
1958 4810 2060 4847 nec
2095 4796 2164 4849 ab
2217 4795 2593 4867 antiquorum
2628 4795 2822 4867 aliquo
2871 4795 3167 4863 laudatur,
3202 4796 3355 4867 quod
3388 4796 3646 4852 sciamus

242 4877 506 4949 quidem.
540 4876 655 4933 Nec
686 4876 814 4933 ideo
846 4877 1170 4948 quidquam
1202 4877 1259 4931 in
1292 4878 1602 4933 adversum
1635 4879 1795 4933 dubii
1829 4880 2110 4949 nascitur,
2159 4884 2332 4953 quod,
2370 4888 2432 4937 ut
2463 4884 2543 4938 ait
2587 4882 3038 4953 Felckmannus,
3072 4900 3274 4939 omnes
3318 4885 3545 4941 codices
3576 4885 3647 4939 il-

237 4964 362 5020 lum
397 4965 717 5021 Athanasio
750 4966 1035 5021 tribuant.
1076 4966 1219 5021 Nam
1256 4967 1355 5020 ubi
1388 4967 1567 5022 semel
1601 4970 1671 5023 ab
1728 4975 1981 5039 auctore,
2014 4971 2317 5025 Athanasii
2381 4990 2590 5027 nomen
2630 4972 2873 5044 accepit,
2911 4972 3043 5027 hinc
3091 4972 3490 5044 consequitur,
3524 4979 3649 5029 uta

244 5053 504 5109 librariis
537 5054 813 5125 deinceps
844 5056 1120 5111 omnibus
1154 5057 1513 5128 autographo
1545 5057 1925 5129 haerentibus,
1958 5060 2264 5115 Athanasii
2300 5078 2511 5116 nomen
2546 5062 2927 5133 praepositum
2958 5062 3152 5118 fuerit.
3197 5082 3223 5113 η

310 5143 404 5198 ΙΙΙ.
444 5166 469 5193 ‹‹
502 5144 678 5198 Porro
711 5143 1040 5214 malejacet
1072 5145 1127 5198 in
1189 5145 1397 5200 titulo:
1433 5146 1709 5218 Dialogus
1760 5148 1816 5202 in
1851 5149 2094 5203 concilio
2126 5150 2355 5205 Nicaano
2413 5167 2544 5205 cum
2581 5151 2713 5205 Ario
2772 5151 3047 5206 habitus:
3084 5152 3275 5224 palam
3310 5152 3527 5225 quippe
3557 5159 3647 5209 est

238 5228 321 5285 vel
356 5246 423 5286 ex
454 5230 582 5303 ipso
615 5232 808 5302 operis
840 5232 1028 5301 initio,
1064 5250 1175 5287 non
1212 5234 1269 5287 in
1302 5235 1546 5289 concilio
1577 5235 1895 5291 admissam
1932 5237 2041 5291 dici
2077 5238 2665 5309 disputationem,st
2703 5240 2759 5294 in
2784 5239 3100 5295 diversorio
3132 5242 3386 5312 quodam
3416 5258 3427 5297 :
3462 5258 3650 5314 neque

233 5336 370 5375 cum
400 5320 533 5375 Ario
566 5319 659 5375 hic
691 5320 1049 5391 colloquium
1082 5322 1347 5391 habetur,
1381 5325 1479 5378 sed
1511 5341 1642 5379 cum
1679 5325 1797 5379 Arii
1831 5343 2097 5396 sequare.
2123 5331 2259 5391 Quae
2290 5345 2420 5383 vero
2453 5334 2783 5401 sequuntur
2813 5329 2871 5384 in
2898 5330 3060 5402 prius
3092 5331 3289 5399 editis,
3317 5333 3389 5388 de
3420 5337 3642 5404 tempo-

236 5424 297 5463 re
328 5408 571 5464 Nicaeus:
604 5409 830 5481 synodi,
868 5434 894 5458 ››
928 5414 1060 5479 etc.,
1098 5433 1124 5458 ‹‹
1160 5411 1215 5467 in
1249 5413 1501 5470 maxima
1534 5414 1799 5469 codicum
1837 5420 1998 5486 parte
2023 5433 2135 5472 non
2170 5423 2525 5489 comparent,
2558 5418 2923 5493 ideoqueilla
2947 5436 3279 5494 expungere
3310 5421 3499 5477 visum
3528 5426 3638 5476 est.

312 5643 425 5715 (48)
456 5642 648 5715 Cyrill.
682 5648 823 5701 tom.
858 5647 927 5711 V,
958 5649 1108 5718 part.
1142 5662 1202 5717 ιι,
1236 5646 1419 5719 Epist.
1454 5649 1478 5703 1
1516 5671 1543 5698 ‹‹
1577 5650 1647 5705 ad
1682 5665 1887 5706 monac

2008 5651 2294 5723 Egyptios,
2328 5670 2384 5725 p.
2419 5655 2469 5709 4.
