4108 6210
232 316 344 376 441

1360 317 1830 379 DISPUTATIO
1874 315 2189 380 CONTRA
2235 321 2513 383 ABIUM.

3525 328 3648 387 442

234 444 337 501 ὅσα
392 443 534 524 ἔχει,
582 448 673 503 καὶ
731 446 980 525 ἀγοράζει
1038 446 1128 503 τὸν
1185 442 1351 522 ἀγρόν
1404 446 1626 503 ἐκεῖνον’
1679 472 1706 501 ››
1756 447 1882 505 Εἶτα

2001 450 2116 523 bet,
2149 456 2205 507 et
2245 452 2388 508 emit
2436 469 2643 526 agrum
2690 453 2859 511 illum
2888 456 2952 509 ¹⁹.
2980 478 3000 504 ι
3041 455 3255 511 Deinde
3285 459 3452 528 quasi
3483 462 3647 515 stans

237 534 423 613 ὥσπερ
456 538 623 600 ἑστὼς
655 537 706 591 ὲν
736 541 805 611 τῇ
836 534 1030 613 καρδίᾳ
1064 558 1191 610 μου,
1220 535 1566 612 προσωμίλει
1604 558 1695 610 μοι
1726 557 1891 611 προσ-

238 631 409 697 ηνῶς,
442 626 535 682 καί
573 644 759 704 φησιν’
793 628 1096 701 Ἄνθρωπε,
1131 625 1175 681 εἰ
1224 625 1313 681 καὶ
1362 625 1570 681 πολλαί
1615 647 1709 680 σου
1757 624 1885 680 εἷ’σὶν

237 715 293 770 αἱ
345 716 631 791 ἁμαρτίαι,
681 715 863 792 κράτει
915 715 1158 791 ἰσχυρῶς
1365 716 1465 784 τὴν
1512 714 1589 776 εἰς
1628 715 1690 769 τὸ
1737 718 1890 769 Θεῖον

238 800 536 862 εὐσέϐειαν.
570 805 675 860 Λιά
701 806 802 881 γὰρ
850 805 1073 875 ταύτην,
1101 804 1189 859 καὶ
1236 806 1272 873 ὴ
1326 802 1507 881 ἄφεσις
1552 808 1658 858 τῶν
1710 805 1889 880 ἀμαρ-

237 898 368 948 τιῶν
430 896 576 971 παρὰ
623 898 757 950 Θεοῦ
808 891 1037 963 δίδοται,
1084 892 1174 947 καὶ
1232 893 1460 958 θάνατος
1524 898 1756 963 νικᾶται,
1800 892 1887 946 καὶ

240 983 318 1047 εἰς
382 983 658 1060 βασιλείαν
710 983 949 1060 οὐρανῶν
1009 979 1294 1057 ἅνθρωπος
1362 981 1632 1037 εἰσελάσαι
1700 979 1890 1055 ἄριστα

242 1071 546 1145 δυνήσεται.
598 1074 741 1149 Πρὸς
798 1071 855 1128 δὶ
910 1073 1125 1136 τούτοις
1185 1074 1262 1135 εἰς
1311 1067 1615 1145 ὑπόμνησιν
1688 1068 1890 1148 εἷ’ληφα

240 1163 331 1218 καὶ
368 1164 457 1237 τὸ,
489 1185 515 1217 α
546 1160 698 1218 Οἶδεν
731 1164 759 1218 ὁ
804 1163 931 1225 Θεὸς
980 1157 1212 1225 εὐσεϐεῖς
1261 1161 1494 1237 ῥύεσθαι⁹
1544 1161 1780 1234 ἀνόμους
1832 1157 1889 1215 δὲ

240 1259 429 1328 τηρεῖν
500 1253 574 1315 εἷς
640 1253 849 1329 ἡμέραν
914 1251 1141 1329 κρίσεως
1218 1249 1623 1323 κολαζομένους
1682 1248 1888 1322 αἰωνίῳ

239 1343 392 1419 πυρί.
428 1367 457 1395 ››
491 1341 589 1397 Καὶ
637 1342 737 1419 γὰρ
785 1342 814 1396 ὁ
860 1342 1065 1415 ἄνομος
1115 1342 1273 1403 οὗτος
1321 1342 1581 1416 τυγχάνει
1629 1338 1718 1395 καὶ
1766 1338 1887 1393 ἀσε-

239 1426 362 1503 ϐήςο
394 1431 454 1486 ἐκ
484 1429 541 1487 δὲ
566 1438 668 1501 τῆς
717 1426 960 1493 ἀσεϐείας
1006 1430 1242 1504 ἁμαρτία
1286 1430 1511 1507 γίνεται.
1544 1430 1745 1504 Μήτηρ
1794 1426 1884 1481 οῦν

234 1522 454 1577 πάντων
507 1525 615 1576 τῶν
675 1525 853 1575 κακῶν
902 1523 937 1590 ἡ
990 1515 1223 1588 ἀσίϐεια,
1272 1520 1493 1590 τιθηνὸς
1557 1515 1614 1573 δὲ
1678 1521 1884 1591 ψεκτῶν

235 1609 487 1666 ἁπάντων
520 1612 555 1679 ἡ
588 1608 741 1665 ἄνοια
781 1608 1068 1685 τυγχάνει.
1106 1608 1382 1684 Μακάριος
1431 1605 1522 1662 οῦν
1572 1609 1601 1661 ὁ
1647 1614 1747 1677 τῆς
1798 1606 1885 1662 εὐ-

233 1695 446 1762 σεϐείας
475 1700 612 1771 υἱὸς,
643 1697 724 1755 ὅτι
757 1696 914 1761 οὗτος
948 1698 1062 1760 υἱὸς
1093 1700 1327 1773 Χριστοῦ
1355 1697 1708 1768 κληθήσεται.

1998 539 2126 612 ipse
2170 542 2227 596 in
2260 543 2433 599 corde
2482 558 2632 615 meo,
2663 544 2747 600 sic
2797 561 2889 600 me
2941 543 3141 601 leviter
3190 544 3645 617 alloquebatur:

2002 630 2204 701 Homo,
2239 635 2297 687 et
2350 633 2399 687 si
2449 631 2638 689 multa
2695 633 2814 689 sint
2866 638 3103 707 peccata
3159 639 3278 701 tua,
3313 640 3648 693 constanter

2000 720 2184 775 retine
2213 719 2503 777 sinceram
2536 723 2595 777 in
2616 721 2843 779 Numen
2868 724 3163 795 pietatem.
3188 723 3271 779 Ob
3306 723 3455 779 hanc
3486 725 3642 782 enim

1999 812 2151 865 Deus
2184 814 2423 882 peccata
2465 812 2775 882 condonet,
2809 829 2968 868 mors
3005 812 3275 881 vincitur,
3308 812 3646 888 optimeque

1998 899 2212 971 poterit
2260 899 2436 956 homo
2468 900 2527 955 in
2561 918 2802 971 regnum
2836 902 3111 958 cmlorum
3143 903 3459 975 pervenire.
3495 905 3645 960 Praa-
3744 906 3753 913 ’

1998 991 2176 1053 terea,
2199 988 2343 1045 illud
2375 1007 2610 1063 quoque
2641 991 3018 1047 commemini
3052 1010 3104 1048 ια
3139 993 3303 1051 Novit
3331 993 3486 1049 Deus
3517 994 3643 1066 pios

1999 1077 2266 1146 liberare,
2326 1078 2556 1150 iniquos
2614 1095 2749 1135 vero
2805 1096 3033 1137 servare
3089 1081 3148 1136 in
3204 1082 3355 1137 diem
3408 1084 3640 1154 judicii,

1998 1172 2214 1223 aeterno
2258 1168 2392 1240 igne
2449 1169 2846 1240 puniendos.»
2881 1170 3027 1225 Nam
3074 1171 3175 1243 qui
3233 1171 3474 1242 iniquus
3530 1180 3642 1239 est,

1995 1254 2152 1312 idem
2204 1261 2294 1311 est
2332 1261 2389 1312 et
2434 1257 2698 1329 impius:
2732 1275 2801 1313 ex
2855 1258 3156 1331 impietate
3199 1275 3334 1316 vero
3382 1261 3643 1317 nascitur

1996 1350 2324 1418 peccatum.
2358 1346 2560 1418 Itaque
2591 1351 2777 1404 mater
2805 1348 3063 1404 omnium
3096 1347 3385 1404 malorum
3420 1353 3511 1405 est
3537 1349 3643 1405 im-

1998 1434 2207 1507 pietas,
2240 1434 2437 1491 nutrix
2484 1440 2679 1491 autem
2716 1436 3190 1509 vituperabilium
3238 1438 3505 1494 omnium
3554 1442 3644 1494 est

1999 1522 2273 1578 amentia.
2298 1523 2659 1595 Quapropter
2686 1524 2892 1581 beatus
2920 1525 3155 1597 pietatis
3184 1524 3364 1597 ﬁlius,
3382 1526 3519 1597 quia
3545 1526 3637 1582 hic

1998 1610 2155 1666 illius
2185 1611 2397 1668 Christi
2421 1612 2743 1668 vocabitur.

310 1793 366 1847 3.
399 1788 640 1864 ’Δθρόως
670 1785 726 1843 δὶ
752 1785 1052 1860 ἐπέστημεν
1099 1792 1179 1859 τῷ
1227 1786 1380 1859 τόπῳ
1428 1782 1552 1850 ἔνθα
1597 1786 1737 1859 ἦμεν
1784 1786 1882 1854 τὴν

2069 1790 2122 1844 3.
2157 1789 2395 1846 Interim
2425 1806 2560 1847 vero
2591 1791 2661 1847 ad
2691 1790 3042 1864 locum,quo
3078 1793 3482 1862 tendebamus,
3514 1794 3642 1849 sine

246 1880 430 1955 ὁρμὴν
477 1877 864 1950 πεποιημένοι,
917 1877 1005 1931 καὶ
1056 1876 1539 1953 περιτυγχάνοντες
1584 1880 1701 1938 τοῖς
1749 1896 1882 1949 γνη-

2002 1896 2165 1935 mora
2176 1881 2539 1947 devenimus,
2555 1880 3073 1954 ibiquegermanos
3086 1883 3476 1953 nacti,mutuo
3489 1885 3641 1941 159

237 1966 406 2037 σίοις,
451 1965 699 2039 ἀσμένως
764 1963 1108 2038 διετελοῦμεν
1170 1967 1397 2027 ἅπαντες
1451 1967 1615 2037 ἡμεῖς
1675 1986 1753 2034 τε,
1805 1964 1887 2020 ὅτι

234 2056 552 2130 ἠξιώθημεν
613 2054 739 2118 τοὺς
808 2054 997 2131 ἁγίους
1067 2056 1370 2122 θεάσασθαι,
1427 2053 1616 2109 ἐκεῖνοι
1677 2051 1754 2125 δὲ,
1805 2053 1889 2109 ὅτι

234 2142 509 2224 ἀδελφοὺς
578 2144 864 2218 ἑωράκασι.
918 2141 1397 2220 Κοινολογούντων
1454 2141 1511 2197 δὲ
1576 2145 1735 2216 ἡμῶν
1800 2143 1886 2197 ἰπὶ

230 2232 380 2289 πολὺ
454 2238 562 2289 τῶν
640 2232 950 2304 ἀνηκόντων
1025 2237 1093 2307 τῇ
1153 2227 1567 2307 σεϐασμιωτάτῃ
1632 2231 1889 2307 θρησκείᾳ

233 2323 372 2395 μετὰ
419 2322 639 2392 πολλῆς
689 2322 928 2393 εὐταξίας
977 2322 1065 2377 καὶ
1135 2319 1377 2401 φειδοῦς,
1426 2318 1712 2399 αἰφνιδίως
1781 2321 1886 2376 ἀπὸ

225 2419 328 2481 τῆς
362 2410 520 2487 ῥίζης
550 2414 648 2465 τοῦ
689 2409 1073 2486 χριστομάχου
1109 2409 1321 2484 Ἀρείου
1367 2409 1556 2484 θηρίον
1606 2408 1887 2479 ἀνθρωπό-

232 2521 445 2575 μορφον
528 2496 854 2570 εἷσεπήδησε
914 2499 1049 2574 πρὸς
1112 2500 1281 2570 ἡμᾶς,
1346 2498 1435 2553 καὶ
1499 2497 1635 2573 πρὸς
1706 2497 1886 2574 βραχὺ

229 2587 711 2666 ἰπακροασάμενος
759 2593 868 2643 τῶν
936 2582 1206 2649 εὐσεϐείας
1259 2586 1542 2662 ῥημάτων,
1598 2588 1672 2659 μὴ
1728 2584 1885 2641 δυνά-

234 2699 398 2753 μενος
432 2679 629 2755 φέρειν,
664 2675 810 2748 ἔλεξε
834 2674 1035 2732 τοιάδε·
1074 2702 1096 2727 ι
1134 2673 1392 2746 Λιδάξατὲ
1436 2696 1504 2748 με
1547 2675 1646 2745 τὴν
1697 2676 1886 2748 ὑμετέ-

236 2788 334 2843 ραν
367 2764 541 2840 δόξαν,
644 2764 841 2836 διδάξω
870 2766 1008 2838 ὑμᾶς
1039 2767 1103 2821 τὸ
1130 2764 1260 2838 ἐμόν
1297 2759 1571 2843 φρόνημα.
1596 2788 1622 2815 ››
1657 2766 1797 2839 Ἐγὼ
1830 2762 1889 2820 δὲ

236 2854 611 2931 άπεκρινόμην
645 2856 781 2928 πρὸς
821 2854 999 2909 αὐτόν·
1039 2878 1060 2905 ιι
1098 2855 1190 2923 Μὴ
1224 2855 1424 2916 πάντας
1454 2854 1769 2929 προσκαλοῦ
1808 2853 1884 2916 είς

236 2947 489 3015 ζήτησιν
528 2942 757 3019 μεγάλοι
814 2945 916 3019 γάρ
974 2942 1103 2998 εἰσιν
1155 2941 1205 2997 ἓν
1254 2947 1334 3015 τῷ
1381 2941 1516 3014 οἴκῳ
1573 2947 1670 2998 τοῦ
1728 2940 1882 2999 Θεοῦ.

232 3033 300 3090 El
334 3031 391 3088 δὶ
420 3031 606 3110 βούλει
643 3032 730 3087 ἐπὶ
775 3037 871 3087 τοῦ
903 3031 1168 3107 παρόντος
1214 3031 1349 3107 πρὸς
1402 3032 1469 3105 με
1511 3031 1603 3086 τὸν
1653 3028 1883 3106 σμικρό-

228 3143 391 3179 τατον
431 3122 594 3194 μόνον
626 3122 983 3192 συνεξετάσαι,
1016 3118 1212 3190 ἥδιστα
1249 3119 1359 3195 ἐγώ
1408 3141 1492 3175 σοι
1537 3124 1698 3175 τοῦτο
1746 3142 1881 3197 παρ-

1998 1984 2203 2025 omnes
2231 1970 2446 2041 gaudio
2478 1970 2947 2042 perfruebamur,
2966 1988 3071 2027 nos
3097 1972 3254 2043 quod
3278 1973 3442 2044 digni
3462 1972 3643 2028 habiti

1999 2057 2339 2128 fuissemus,
2373 2058 2475 2131 qui
2525 2064 2757 2116 sanctos
2802 2060 3154 2130 videremus,
3187 2059 3270 2116 illi
3318 2062 3475 2133 quod
3526 2062 3643 2117 fra-

1995 2151 2115 2203 tres
2140 2148 2563 2219 conspicerent.
2588 2148 2733 2204 Cum
2756 2154 2954 2206 autem
2985 2149 3138 2206 inter
3158 2166 3265 2206 nos
3286 2149 3643 2222 colloquere-

1997 2252 2151 2303 mur,
2173 2252 2278 2292 nec
2299 2252 2503 2308 pauca,
2526 2254 2654 2309 quae
2674 2239 3012 2295 venerandis
3034 2240 3352 2295 admodum
3375 2238 3641 2312 religioni

1995 2331 2402 2396 congruerent,
2430 2326 2613 2382 multo
2659 2343 2793 2382 cum
2827 2327 3027 2384 ordine
3066 2333 3123 2384 et
3173 2329 3461 2385 modestia
3488 2330 3641 2386 dice-

1997 2430 2214 2482 remus,
2247 2430 2381 2471 ecce
2432 2415 2627 2471 subito
2657 2432 2726 2472 ex
2755 2417 2949 2473 radice
2975 2417 3092 2473 Arii
3123 2417 3350 2475 Christo
3403 2418 3641 2489 infensi,

1996 2502 2190 2559 bellua
2220 2503 2541 2560 humanam
2596 2505 2841 2561 mentita
2883 2505 3135 2578 speciem
3164 2506 3223 2561 in
3255 2524 3362 2563 nos
3408 2507 3639 2578 insiliit,

1996 2609 2251 2665 cumque
2287 2593 2712 2667 aliquantisper
2740 2595 2974 2668 pietatis
3024 2596 3197 2652 verba
3225 2596 3507 2667 audisset,
3540 2614 3639 2653 eo-

1996 2698 2128 2737 rum
2158 2682 2495 2755 impatiens,
2528 2683 2609 2739 ita
2638 2684 2812 2756 coepit
2839 2683 2998 2754 loqui
3033 2701 3091 2738 :«
3122 2689 3240 2740 Aut
3264 2701 3358 2762 me
3384 2689 3639 2741 vestram

1996 2771 2198 2827 docete
2246 2771 2619 2841 sententiam,
2651 2778 2754 2828 aut
2800 2790 2904 2845 ego
2935 2772 3074 2845 quid
3123 2773 3373 2829 sentiam
3406 2790 3506 2830 vos
3535 2774 3637 2829 do-

1996 2860 2156 2916 cebo.
2178 2883 2205 2909 ››
2228 2860 2331 2916 Cui
2356 2876 2461 2933 ego
2491 2878 2542 2917 ιιι
2571 2862 2651 2917 Ne
2682 2878 2885 2918 omnes
2916 2863 2989 2917 ad
3038 2863 3460 2935 disputandum
3511 2880 3640 2935 pro-

1994 2965 2165 3017 voca;
2197 2950 2395 3022 magni
2427 2950 2583 3005 enim
2614 2955 2755 3006 sunt
2784 2950 2844 3006 in
2876 2952 3049 3007 domo
3071 2951 3191 3007 Dei.
3219 2951 3320 3006 Sin
3354 2957 3549 3008 autem
3578 2952 3640 3008 in

1993 3038 2305 3111 praesentia
2334 3054 2564 3094 mecum
2602 3040 2972 3112 tantum,qui
3020 3040 3303 3097 minimus
3332 3057 3464 3097 sum
3497 3041 3641 3098 velis

1995 3126 2319 3198 disputare,
2341 3126 2413 3182 ad
2446 3127 2503 3182 id
2536 3144 2627 3183 me
2659 3127 2766 3183 tibi
2809 3127 3199 3185 libentissime
3227 3130 3421 3185 offero.
3445 3130 3643 3185 Profer

230 3213 336 3283 ἐξω
385 3190 509 3286 περὶ
576 3215 672 3265 τοῦ
743 3190 1077 3283 ζητήματος.
1130 3190 1445 3285 Προσάγαγε
1501 3213 1717 3283 πρῶτος
1784 3190 1882 3279 τῆν

1998 3214 2223 3288 primus
2272 3214 2774 3287 propositionem:
2818 3217 2918 3273 sed
2968 3217 3052 3272 ita
3099 3234 3204 3273 nos
3251 3234 3546 3289 geramus,
3579 3223 3645 3273 ut

226 3301 512 3377 πρότασιψ
550 3299 713 3373 μόνον
759 3297 1080 3376 φιλαλήθως
1138 3299 1456 3371 ποιήσωμεν
1509 3299 1608 3367 τὴν
1672 3299 1881 3370 συνεξέ-

225 3410 405 3459 τασιν,
436 3388 527 3444 καὶ
561 3390 636 3461 μὴ
688 3385 1121 3464 φιλονεικότερον
1169 3388 1307 3463 πρὸς
1358 3388 1425 3441 τὰ
1470 3388 1885 3465 προσφερόμενα

228 3480 336 3534 ὑπὸ
361 3482 461 3533 τοῦ
491 3474 726 3545 πλησίον
755 3476 1078 3531 θεόπνευστα
1188 3497 1328 3549 ματα
1358 3473 1709 3550 διατεθῶμεν.
1747 3500 1776 3528 )›

303 3572 357 3626 4.
413 3568 683 3622 ’ΔΡΕΙΟΣ
751 3565 935 3620 εἶπεν·
1001 3565 1162 3638 Ἐμοὶ
1236 3562 1386 3619 δοκεῖ
1452 3563 1881 3641 προηγουμένως

231 3659 514 3735 ὁρισθῆναι
557 3656 644 3733 ὑφ’
672 3653 934 3727 ἑκατέρων
984 3653 1120 3728 ἐμοῦ
1162 3674 1223 3709 τε
1268 3653 1357 3709 καὶ
1404 3658 1499 3708 σοῦ
1549 3654 1625 3716 είς
1667 3654 1733 3709 τὰ
1783 3661 1882 3725 ζη-

228 3746 492 3821 τούμενα,
540 3742 761 3801 ἕκαστόν
808 3765 864 3799 τε
911 3746 1071 3817 ἡμῶν
1138 3743 1390 3816 ἐκθεῖναι,
1440 3743 1474 3797 ’ἁ
1521 3749 1710 3822 φρονεῖ
1759 3746 1883 3818 περὶ

232 3841 368 3893 Θεοῦ
395 3835 485 3891 καὶ
517 3837 771 3909 Χριστοῦ,
802 3833 889 3887 καὶ
942 3832 1255 3906 Πνεύματος
1300 3832 1473 3909 ἁγίου,
1505 3831 1556 3886 ἐν
1621 3832 1881 3908 ἐπιτομῇ,

231 3926 384 3988 ὅπως
430 3924 566 3979 κατὰ
613 3920 815 3978 σκοπὸν
863 3923 1166 3995 πέμπωμεν
1219 3920 1347 3983 τούς
1398 3920 1619 3998 λόγους,
1662 3922 1752 3977 καὶ
1804 3923 1881 3995 μή

231 4016 307 4077 εἰς
339 4014 489 4069 κενὸν
522 4013 884 4085 ποιησώμεθα
931 4009 1172 4084 ἅμιλλαν
1224 4008 1425 4086 λόγων,
1454 4012 1652 4088 φανερά
1688 4032 1747 4066 τε

230 4104 593 4179 ἐπικρατοῦσα
650 4099 777 4172 δόξα
838 4099 1045 4173 ὁμοίως
1110 4120 1168 4154 τε
1220 4099 1307 4155 καὶ
1364 4102 1399 4169 ἡ
1452 4100 1881 4175 καθαιρουμὲνη.

229 4195 359 4271 Περὶ
384 4194 485 4269 γὰρ
518 4191 753 4252 πίστεως
793 4189 1070 4266 βούλομαι
1121 4194 1349 4258 ζητῆσαι
1400 4189 1536 4265 πρὸς
1582 4189 1660 4258 σε,
1693 4186 1882 4257 ἐπειδή

232 4282 468 4357 μάλιστα
518 4281 729 4350 ἀκήκοα
777 4279 953 4354 θρθῶς
1010 4278 1111 4349 μὴ,
1162 4274 1506 4349 ὁμιλούντων
1555 4277 1707 4351 ὑμῶν
1760 4277 1884 4352 περὶ

226 4379 327 4441 τῆς
361 4370 437 4432 εἲς
467 4371 530 4423 τὸ
560 4372 714 4423 Θεῖον
743 4365 975 4429 πίστεως
1005 4366 1095 4421 καὶ
1127 4360 1419 4427 εὐσεϐείας.

302 4463 356 4516 5.
417 4459 831 4513 ἈΘΔΝΑΣΙΟΣ
902 4454 1047 4509 εἶπεν
1115 4456 1263 4528 (59)’
1323 4457 1650 4529 Θεοπρεπῶς
1715 4454 1884 4510 πάντα

1993 3304 2117 3361 solo
2138 3303 2255 3359 veri
2279 3321 2476 3364 amore
2504 3305 2890 3372 disseramus,
2914 3322 3019 3362 nec
3050 3306 3264 3362 divinis
3292 3307 3641 3379 verbis,quaa

1994 3409 2028 3449 a
2058 3393 2230 3448 nobis
2278 3398 2482 3449 mutuo
2514 3394 2810 3451 afferenda
2852 3399 3011 3466 sunt,
3044 3395 3420 3467 pertinaciter
3466 3412 3640 3468 repu-

1993 3498 2261 3554 gnemus.
2295 3504 2323 3531 ›)

2066 3573 2116 3626 4.
2148 3571 2364 3627 ARlUS
2398 3570 2581 3627 dixit:
2607 3571 2749 3628 Mihi
2792 3572 2852 3628 in
2892 3572 3101 3645 primis
3131 3574 3527 3630 necessarium
3560 3574 3640 3628 vi-

1993 3660 2183 3731 detur,
2216 3665 2282 3716 ut
2311 3665 2558 3732 uterque
2603 3665 2894 3728 nostrum,
2917 3662 2976 3717 id
3016 3663 3091 3717 de
3119 3679 3233 3733 quo
3265 3662 3436 3718 nobis
3467 3677 3641 3734 agen-

1992 3750 2133 3804 dum
2160 3755 2270 3819 est,
2295 3750 2671 3815 deﬁniamus,
2715 3749 3082 3823 breviterque
3112 3766 3493 3822 exponamus,
3517 3767 3641 3822 quae

1994 3843 2197 3894 nostra
2225 3839 2304 3893 sit
2337 3839 2641 3909 utriusque
2670 3838 2868 3910 opinio
2911 3839 2981 3894 de
3034 3840 3168 3904 Deo,
3200 3839 3272 3894 de
3301 3838 3554 3905 Christo,
3586 3845 3643 3893 et

1993 3927 2065 3983 de
2102 3926 2319 3999 Spiritu
2371 3933 2573 3982 sancto
2610 3944 2623 3982 :
2659 3932 2723 3982 ut
2769 3943 2985 3999 scepus
3033 3927 3110 3983 sit
3160 3926 3373 3999 aliquis
3424 3927 3642 3984 nostris

1993 4015 2385 4082 sermonibus,
2419 4030 2523 4070 nec
2572 4014 2826 4070 inaniter
2855 4015 3048 4070 verbis
3095 4014 3504 4088 digladiemur,
3539 4033 3638 4087 pa-

1992 4106 2229 4175 teatque
2286 4120 2555 4175 quanam
2616 4103 2814 4160 vicerit
2870 4104 3196 4173 sententia,
3256 4109 3312 4161 et
3367 4122 3639 4176 quaenam

1995 4208 2196 4248 eversa
2226 4192 2415 4248 fuerit.
2439 4193 2651 4249 Tecum
2683 4193 2840 4248 enim
2871 4193 3034 4250 lubet
3054 4194 3126 4249 de
3151 4193 3263 4249 ﬁde
3292 4194 3638 4266 disceptare,

1994 4286 2246 4342 maxime
2284 4302 2418 4341 cum
2465 4286 2787 4342 audiverim
2820 4303 2921 4343 vos
2967 4304 3081 4343 non
3131 4292 3284 4343 recte
3315 4287 3386 4343 de
3416 4303 3548 4344 vera
3574 4286 3635 4342 in

1996 4378 2174 4429 Deum
2208 4374 2319 4430 fide
2349 4379 2406 4430 et
2435 4376 2649 4447 pietate
2677 4375 2983 4432 disserere.
3038 4372 3059 4384 “

2060 4463 2116 4518 5.
2146 4464 2596 4521 ATHANASIUS
2646 4465 2948 4538 respondit
3002 4481 3015 4521 :
3065 4464 3294 4535 Omnia,
3339 4469 3403 4521 ut
3451 4464 3636 4522 Deum

232 4570 317 4605 σοι
378 4545 736 4622 εὐτρέπισταυ
783 4542 890 4620 ἐγὼ
939 4540 997 4598 δὲ
1033 4543 1063 4598 ὃ
1108 4546 1317 4621 φρονῶ,
1349 4543 1492 4621 φημὶ
1543 4542 1595 4598 ἐν
1645 4542 1882 4620 ἐπιτομῇ

1998 4552 2179 4619 decet,
2212 4553 2428 4626 Optime
2479 4554 2777 4626 digessisti
2808 4570 2822 4611 :
2856 4571 2957 4625 ego
3003 4570 3138 4610 vero
3188 4572 3315 4627 quae
3376 4570 3508 4610 mea
3563 4554 3641 4611 sit

236 4636 480 4695 Πιστεύω
555 4635 632 4697 είς
704 4629 804 4689 ἕνα.
870 4633 998 4689 Θεὸν
1050 4632 1261 4707 Πατέρα
1317 4633 1745 4709 παντοκράτορα,
1803 4632 1884 4688 ἀεὶ

233 4722 364 4782 ὄντα
420 4725 548 4781 Θεὸν
606 4722 835 4799 Πατέρα,
868 4722 957 4777 καὶ
1009 4721 1085 4783 είς
1132 4721 1223 4776 τὸν
1267 4722 1395 4777 Θεὸν
1429 4717 1762 4799 Λόγον,
1794 4722 1886 4777 τὸν

231 4817 518 4892 Μονογενῆ
550 4813 668 4868 Υίὸν
699 4816 796 4867 τοῦ
827 4816 982 4882 Θεοῦ,
1015 4811 1099 4866 ὅτι
1130 4810 1459 4887 συνυπάρχει
1501 4812 1580 4884 τῷ
1622 4808 1747 4885 ῒδίῳ
1779 4817 1884 4867 Πα-

228 4907 338 4983 τρὶ,
388 4902 478 4960 καὶ
534 4901 617 4958 ὅτι
665 4900 725 4957 ἐκ
776 4908 875 4971 τῆς
933 4899 1117 4962 οὐσίας
1166 4904 1265 4955 τοῦ
1323 4905 1457 4955 Θεοῦ
1513 4900 1603 4955 καὶ
1674 4900 1884 4976 Πατρός

230 4995 369 5051 ἑστιν
398 4995 426 5048 ὁ
453 4991 598 5065 Υἱὸς,
629 4989 718 5045 καὶ
750 4988 834 5045 ὅτι
881 4987 995 5051 ἴσος
1028 4991 1061 5044 ά
1089 4990 1213 5051 Υἱὸς
1266 4994 1363 5045 τοῦ
1416 4990 1623 5066 Πατρὸς
1670 4990 1882 5067 τυγχά-

227 5105 326 5153 νει,
357 5082 447 5138 καὶ
496 5079 579 5135 ὅτι
631 5078 879 5152 ίσότιμός
930 5077 1070 5134 ἰστιν
1104 5078 1132 5132 ὁ
1162 5078 1284 5140 Υἱὸς
1328 5082 1425 5133 τοῦ
1473 5083 1627 5148 Θεοῦ,
1659 5079 1750 5133 καὶ
1798 5077 1880 5134 ὅτι

229 5172 319 5227 σὺν
367 5172 447 5244 τῷ
497 5166 665 5244 Πατρὶ
715 5166 878 5222 αὐτοῦ
927 5165 1151 5243 πάρεστι
1220 5171 1502 5243 πανταχοῦ
1557 5171 1627 5242 τῇ
1697 5167 1884 5239 θεότη-

304 5344 350 5381 ¹⁹
379 5339 588 5398 Matth.
620 5355 750 5410 xm,
782 5339 872 5393 44.

308 5508 593 5597 (5‘8)AReg.
624 5499 1098 5597 κρατεξεύσεϐῶξ.
1125 5507 1272 5597 μοξ
1294 5507 1570 5597 Dasil._et
1613 5512 1752 5597 Reg.
1792 5508 1883 5565 καὶ

239 5577 584 5656 παρὰ’Θεοῦ.
617 5577 748 5656 Mox
791 5579 931 5652 Reg.
981 5577 1070 5633 καὶ
1125 5577 1419 5653 βασιλείαν.
1471 5580 1620 5652 Mox,
1671 5577 1881 5656 ἄριστα,

242 5653 405 5713 deest
431 5653 493 5710 in
519 5654 768 5725 August.

1994 4644 2307 4711 sententia,
2329 4644 2533 4716 paucis
2564 4644 2776 4700 dicam.
2796 4644 2979 4699 Credo
3010 4643 3068 4698 in
3103 4660 3284 4699 unum
3319 4649 3499 4699 Deum
3532 4649 3637 4698 Pa-

1993 4738 2141 4789 trem
2173 4732 2773 4803 omnipotentem,qui
2805 4748 3037 4805 semper
3066 4732 3142 4786 sit
3171 4732 3324 4788 Deus
3356 4737 3546 4787 Pater.
3572 4733 3642 4787 Et

1991 4820 2052 4876 in
2083 4821 2267 4876 Deum
2297 4819 2554 4877 Verbum
2584 4820 2961 4892 Unigenitum
2983 4818 3080 4875 Dei
3107 4817 3339 4887 Filium,
3365 4835 3640 4891 eumque,

1992 4910 2170 4968 simul
2220 4926 2352 4965 cum
2405 4912 2641 4983 proprio
2689 4910 2859 4966 Patre
2904 4910 3201 4977 exsistere,
3234 4907 3443 4964 Filium
3500 4910 3639 4965 item

1990 5013 2119 5054 esse
2176 5014 2245 5053 ex
2302 4996 2635 5053 substantia
2690 4997 2789 5053 Dei
2848 5000 2905 5052 et
2959 4995 3170 5067 Patris,
3215 4995 3425 5052 Filium
3484 4995 3640 5052 Patri

1990 5086 2275 5159 aequalem
2307 5102 2457 5153 esse,
2488 5086 2698 5142 Filium
2745 5087 3011 5158 ejusdem
3061 5102 3126 5141 ac
3171 5091 3354 5142 Deum
3386 5102 3514 5143 esse
3544 5087 3637 5142 di-

1991 5175 2253 5248 gnitatis,
2283 5177 2599 5250 ipsumque
2624 5193 2743 5233 una
2771 5193 2905 5233 cum
2925 5179 3098 5232 Patre
3128 5180 3474 5249 praesentem
3503 5176 3638 5232 ubi-

2087 5512 2180 5585 59)
2211 5511 2424 5585 Regius
2453 5510 2642 5585 hicet
2663 5510 2941 5585 deinceps
2969 5509 3189 5569 omittit
3218 5508 3385 5563 εἶπεν.

2087 5513 2159 5568 59
2211 5513 2424 5585 Regius
2453 5513 2549 5567 hic
2580 5514 2637 5567 et
2663 5513 2855 5568 deinec

2067 5513 2180 5658 ίδοί
2212 5584 2426 5657 Regius
2458 5583 2677 5641 omittit
2704 5581 2855 5639 Θεόν.
