4108 6210
342 307 458 367 443

1505 312 1567 372 S.
1616 314 2133 375 ATHANASIUS.
2169 346 2243 358 —
2274 315 2590 377 SPURIA.

3635 322 3763 381 444

347 454 463 511 que
493 455 620 496 esse
650 441 974 509 divinitate,
1007 444 1322 515 omniaque
1360 444 1669 516 complecti
1714 462 1821 499 sua
1852 445 1994 499 sub-

2113 465 2180 515 τι,
2240 446 2328 500 καὶ
2388 446 2472 502 ὅτι
2547 449 2715 502 πάντα
2782 451 3025 524 περιέχει
3085 454 3151 523 τῇ
3213 450 3364 521 οὐσίᾳ
3420 450 3606 524 αὐτοῦ,
3661 456 3756 509 καέ

345 531 585 597 stantia,
620 549 723 586 nec
764 533 835 587 ab
868 534 987 588 ulla
1020 549 1079 589 re
1112 536 1391 590 contineri
1428 535 1634 590 Filium
1668 535 1789 602 Dei,
1822 536 1992 590 sicuti

345 640 451 678 nec
495 625 719 678 Patrem
773 627 920 696 ejus.
956 628 1021 681 Et
1072 628 1127 681 in
1178 628 1449 699 Spiritum
1503 634 1992 701 sanctum,quem

346 714 517 767 credo
562 731 689 769 esse
738 716 927 769 Patris
978 717 1339 787 substantiae,
1373 718 1668 789 simulque
1715 722 1993 774 aeternum

348 818 476 856 cum
521 802 688 858 Patre
736 809 789 859 et
842 805 1000 860 Filio.
1035 805 1284 860 Verbum
1320 807 1447 862 dico
1496 808 1552 861 in
1605 824 1776 862 carne
1826 810 1995 861 adve-

346 891 523 945 nisse.

412 982 465 1034 ὃ.
500 982 593 1035 Ar.
627 981 808 1037 Credo
850 987 906 1037 et
954 1000 1056 1053 ego
1105 984 1162 1039 in
1214 1002 1395 1039 unum
1449 985 1630 1040 Deum
1689 991 1993 1057 aeternum,

342 1074 401 1125 et
434 1070 642 1126 Filium
677 1073 806 1141 ejus
838 1090 1009 1145 quem
1064 1080 1198 1130 ante
1230 1075 1442 1130 saecula
1492 1075 1707 1131 creavit
1735 1080 1906 1143 Deus,
1940 1080 1997 1131 et

347 1158 559 1215 Filium
620 1161 773 1215 fecit.
809 1162 911 1225 Qui
973 1163 1151 1218 Filius
1206 1181 1337 1218 cum
1398 1164 1595 1218 omnia
1633 1181 1996 1236 quaecunque

343 1249 540 1317 habet,
578 1268 691 1306 non
742 1252 1001 1321 haberet,
1035 1272 1101 1309 ea
1146 1273 1175 1309 a
1222 1256 1336 1310 Deo
1368 1256 1589 1325 accepit
1622 1272 1633 1310 :
1672 1257 1823 1327 quod
1880 1274 1991 1311 non

344 1340 420 1394 sit
452 1340 584 1395 item
638 1342 817 1396 Filius
852 1344 1004 1398 Patri
1054 1344 1317 1415 aequalis,
1352 1362 1453 1400 nec
1501 1346 1765 1415 ejusdem
1801 1363 1865 1401 ac
1896 1345 1994 1401 illo

345 1429 673 1500 dignitatis,
706 1433 805 1486 sed
844 1439 907 1487 ut
958 1449 1049 1488 res
1081 1435 1250 1503 facta,
1285 1434 1471 1506 gloria
1518 1438 1575 1489 et
1620 1434 1828 1490 virtute
1876 1436 1993 1491 Deo

346 1519 423 1574 sit
454 1519 709 1577 inferior.
747 1522 811 1577 Et
857 1523 914 1576 in
964 1524 1246 1594 Spiritum
1294 1532 1584 1591 sanctum,
1619 1524 1719 1596 qui
1769 1542 1802 1581 a
1850 1525 1992 1580 Filio

342 1608 530 1664 factus
562 1615 668 1665 est.
704 1612 786 1667 En
818 1629 944 1682 qua:
974 1628 1078 1685 ego
1111 1615 1321 1669 sentio.

412 1787 464 1840 7.
501 1786 628 1842 ΑιΙι.
662 1787 791 1844 Jam
838 1807 971 1846 cum
1023 1791 1180 1847 omni
1232 1796 1354 1847 arte
1406 1793 1596 1849 ordire
1644 1793 1992 1865 disputatio-

2176 1786 2229 1839 7.
2290 1784 2400 1840 Ἀθ.
2461 1785 2649 1839 εἶπενο

343 1890 501 1930 nem.
541 1875 717 1931 Video
750 1879 906 1932 enim
940 1884 994 1935 te
1026 1882 1252 1949 magnis
1294 1881 1463 1937 malis
1497 1882 1780 1937 detineri:
1811 1899 1995 1953 quan-

342 1981 519 2036 quam
581 1970 640 2019 tu
706 1968 986 2041 nos,ipse
1045 1987 1361 2042 aggressus
1420 1989 1550 2027 reos
1609 1988 1739 2027 esse
1794 1972 1994 2042 velles,

347 2054 514 2125 quasi
549 2071 659 2108 non
696 2062 847 2112 recte
881 2058 951 2113 de
982 2058 1169 2125 Patre,
1195 2065 1249 2115 et
1272 2060 1434 2125 Filio,
1459 2065 1513 2115 et
1544 2060 1762 2132 Spiritu
1795 2066 1996 2116 sancto

344 2142 718 2198 sentiremus.
753 2150 845 2199 Ar.
879 2148 1179 2209 Quomodo
1220 2149 1367 2204 dicis
1400 2155 1577 2204 Deum
1628 2166 1860 2221 semper
1890 2155 1995 2206 Pa-

343 2238 515 2295 trem,
551 2235 648 2305 qui
702 2253 834 2291 cum
895 2239 1055 2294 solus
1114 2245 1268 2295 esset
1328 2246 1502 2307 Deus,
1546 2258 1653 2296 sua
1701 2242 1997 2297 voluntate

346 2326 564 2380 ereavit
588 2327 795 2382 Filium
820 2347 1016 2397 suum,
1038 2334 1534 2401 quemadmodum
1559 2333 1843 2404 scriptum
1871 2334 1997 2388 est?

348 2413 471 2469 Alh.
502 2414 747 2469 Ubinam
783 2419 1067 2489 scriptum
1103 2425 1191 2474 est
1217 2421 1406 2475 solum
1440 2438 1568 2476 esse
1600 2422 1873 2477 Patrem?
1901 2424 1995 2477 Ar-

348 2502 516 2574 Apud
552 2502 799 2559 Paulum
849 2509 1178 2578 apostolum
1229 2508 1309 2563 ita
1358 2510 1708 2564 scribentem
1744 2527 1795 2564 :u
1819 2509 1997 2565 Nobis

344 2607 479 2645 vero
510 2608 665 2647 unus
696 2597 847 2649 Deus
896 2613 963 2650 ex
1018 2614 1134 2668 quo
1165 2598 1361 2653 omnia
1384 2600 1444 2651 ²⁰.
1474 2620 1499 2648 ››
1534 2601 1656 2654 ΑιΙι.
1693 2598 1839 2670 Lege
1870 2616 1996 2669 qua:

348 2686 681 2751 sequuntur
710 2685 969 2753 Apostoli
1002 2688 1211 2742 verba:
1238 2687 1319 2742 ait
1348 2688 1580 2749 enim,«
1606 2692 1672 2741 Et
1705 2705 1857 2743 unus
1892 2692 1995 2741 Do-

350 2769 548 2824 minus
580 2771 752 2825 Jesus
785 2773 1071 2843 Christus,
1109 2794 1208 2848 per
1255 2794 1428 2847 quem
1470 2777 1687 2833 omnia.
1718 2799 1745 2826 ››
1778 2777 1868 2831 Ar.
1902 2775 1999 2830 Vi-

352 2858 454 2913 des
489 2860 699 2915 Filium
733 2862 1093 2933 ministrum,
1130 2882 1242 2920 non
1286 2870 1479 2920 autem
1516 2882 1615 2935 per
1641 2880 1701 2920 se
1731 2864 1999 2937 opificem

355 2962 505 3012 esse,
542 2952 605 3001 ut
650 2949 773 3019 ipse
806 2952 876 3004 de
908 2969 968 3007 se
1001 2954 1081 3007 ait
1114 2970 1125 3009 :
1153 2976 1180 3003 ‹‹
1212 2953 1333 3009 Nisi
1367 2953 1503 3025 quid
1534 2954 1743 3009 viderit
1772 2955 2001 3009 Patrem

356 3034 661 3092 facientem
700 3055 713 3093 :
747 3055 874 3109 quis
932 3042 1086 3096 enim
1144 3043 1309 3098 Pater
1367 3045 1517 3109 facit,
1553 3044 1673 3098 haac
1723 3052 1775 3099 et
1824 3043 2001 3099 Filius

354 3124 634 3179 facil9‘.»
684 3129 929 3184 Attende
983 3132 1275 3202 quomodo
1326 3131 1591 3187 minister
1642 3149 1753 3188 non
1805 3137 2000 3187 autem

2105 532 2186 589 ὅτι
2245 534 2305 588 οὐ
2364 536 2671 613 περιεχεται
2751 538 2838 592 ὑπ’
2897 536 3111 600 οὐδενὸς
3166 540 3194 594 ὁ
3254 540 3373 602 Υἱὸς
3446 544 3541 595 τοῦ
3594 545 3753 609 Θεοῦ,

2104 622 2337 698 καθάπερ
2395 625 2484 679 καὶ
2546 628 2573 681 6
2631 624 2759 688 Θεὸς
2817 628 2844 680 ὁ
2904 629 3088 701 Πατὴρ
3161 628 3345 683 αὐτοῦ’
3405 628 3495 683 καὶ
3555 630 3629 691 είς
3689 632 3755 685 τὸ

2106 718 2323 786 Πνεῦμα
2350 714 2412 769 τὸ
2445 716 2618 789 ἅγιον,
2653 715 2734 770 ὅτι
2764 723 2863 785 τῆς
2912 721 3009 771 τοῦ
3058 717 3265 793 Πατρός
3318 720 3428 789 (6|)
3471 718 3610 772 ἐστιν
3655 719 3752 773 οὖ-

2106 801 2243 867 σῖας,
2272 805 2359 856 καὶ
2406 802 2675 859 συναῖδιον
2721 810 2798 876 τῷ
2849 806 3016 881 Πατρὶ
3063 806 3151 860 καὶ
3202 811 3279 879 τῷ
3326 808 3435 879 1⁸ἳῷ
3486 809 3754 882 τυγχάνει

2102 892 2164 945 τὸ
2197 894 2347 966 ἅγιον
2383 898 2617 965 Πνεῦμα.
2649 895 2746 948 Τὸν
2780 890 2959 969 Λόγον
2992 895 3129 972 φηφὶ
3163 895 3213 949 ἐν
3254 897 3407 969 σαρκῖ
3451 900 3755 971 γεγονέναι.

2174 985 2227 1037 6.
2263 986 2386 1057 ”Αρ.
2421 984 2587 1037 εἶπεν·
2624 984 2866 1038 Πιστεύω
2896 984 3049 1058 κάγὼ
3082 985 3157 1046 εἰς
3214 984 3308 1039 ἕνα
3364 987 3493 1040 Θεὸν
3549 984 3759 1053 ἀίδιον,

2104 1070 2191 1124 καὶ
2226 1070 2300 1132 εἷς
2330 1070 2421 1125 τὸν
2458 1072 2577 1125 Υἱὸν
2611 1072 2796 1142 αὐτοῦ,
2830 1074 2887 1127 ὃν
2918 1073 3023 1147 πρὸ
3070 1078 3175 1128 τῶν
3224 1074 3436 1129 αἰώνων
3488 1073 3692 1130 ἔκτισεν
3728 1077 3758 1129 ὁ

2105 1160 2232 1221 Θεὸς
2284 1163 2414 1233 (62),
2446 1162 2535 1214 καὶ
2584 1162 2704 1215 Υἱὸν
2747 1160 2991 1232 ἐποίησε.
3042 1162 3137 1216 Καὶ
3187 1162 3380 1232 πάντα,
3430 1164 3529 1218 ὅσα
3578 1160 3694 1241 ἔχει
3731 1167 3761 1219 ὁ

2104 1249 2245 1315 Υἱὸς,
2286 1250 2359 1321 μή
2411 1247 2554 1325 ἔχων
2604 1246 2770 1305 ἓλαόε
2813 1252 2957 1325 παρὰ
3006 1255 3101 1305 τοῦ
3150 1256 3303 1306 (θεοῦ
3353 1253 3441 1307 καὶ
3508 1252 3588 1308 ὅτι
3654 1254 3763 1307 οὐκ

2103 1338 2216 1399 ἴσος
2248 1337 2388 1392 ἐστὶν
2414 1339 2441 1391 6
2467 1339 2613 1408 Υἱὸς,
2649 1338 2774 1395 οὐδὲ
2806 1340 3053 1413 ἰσότιμος
3083 1345 3160 1413 τῷ
3198 1341 3387 1416 Πατρὶ,
3420 1340 3564 1396 ἀλλὰ
3606 1341 3758 1396 πολὺ

2103 1423 2344 1481 λείπεται
2372 1434 2475 1496 τῆς
2498 1432 2595 1481 τοῦ
2622 1433 2754 1482 Θεοῦ
2801 1426 2983 1500 δόξης,
3027 1429 3099 1490 ὡς
3145 1430 3361 1502 ποίημα
3407 1433 3541 1503 (63),
3573 1430 3762 1485 λείπει

2100 1537 2188 1571 ται
2235 1522 2333 1584 τῆς
2369 1521 2465 1570 τοῦ
2515 1522 2647 1572 Θεοῦ
2698 1514 2996 1591 δυνάμεως
3046 1518 3134 1573 καὶ
3184 1518 3258 1580 εἰς
3307 1520 3366 1573 τὸ
3426 1524 3640 1592 Πνεῦμα
3686 1521 3758 1574 τὸ

2104 1606 2275 1680 ἅγιον,
2320 1605 2383 1659 τὸ
2423 1606 2526 1660 ὑπὸ
2572 1611 2669 1660 τοῦ
2718 1608 2845 1661 Υἱοῦ
2892 1607 3133 1682 γεγονός.
3182 1606 3321 1665 Ἰδοὺ
3369 1608 3518 1683 κάγὼ
3580 1614 3759 1664 ταῦτα

2104 1698 2307 1772 φρονῶ.

2714 1785 2917 1841 Λοιπὸν
2981 1786 3114 1857 μετά
3185 1786 3362 1855 πάσης
3436 1786 3756 1859 ἂπιστήμης

2107 1874 2283 1946 ἄρχου
2333 1880 2431 1940 τῆς
2482 1875 2761 1943 ζητήσεως
2811 1877 2944 1946 (64)’
2979 1875 3092 1949 ὁρῶ
3138 1876 3243 1949 γάρ
3290 1896 3347 1929 σε
3395 1874 3447 1929 ἐν
3497 1874 3767 1951 μεγάλοις

2104 1966 2292 2022 κακοῖς
2340 1960 2685 2036 ἐνεχόμενον,
2719 1963 2764 2017 εί
2816 1963 2906 2017 καὶ
2948 1963 3015 2017 τὰ
3066 1960 3302 2036 μάλιστα
3507 1963 3567 2017 σὺ
3618 1984 3766 2038 παρ-

2107 2048 2280 2113 ελθὼν
2339 2050 2440 2105 ὑπὸ
2494 2050 2665 2105 αἰτίαν
2739 2054 2885 2123 ἡμᾶς
2965 2052 3242 2123 ἐποίησας,
3302 2053 3376 2114 ὡς
3439 2054 3514 2125 μὴ
3572 2054 3759 2127 ὀρθῶς

2108 2137 2449 2215 φρονούντων
2481 2141 2637 2211 ἡμῶν
2689 2142 2811 2216 περὶ
2860 2142 3093 2216 Πατρός,
3141 2142 3231 2195 καὶ
3280 2142 3426 2211 Υὶοῦ,
3457 2143 3546 2195 καὶ
3598 2142 3766 2217 ἁγίου

2106 2225 2438 2300 ΙΙνεόματος.
2492 2232 2615 2304 Ἄρ·
2667 2231 2833 2285 εἶπεν·
2889 2236 3017 2293 Ιῐῶς
3065 2230 3170 2307 φῂς
3213 2230 3304 2285 τὸν
3355 2229 3482 2285 Θεὸν
3525 2231 3604 2285 ἀεὶ
3636 2233 3759 2287 Ila-

2103 2316 2251 2391 τέρα,
2284 2318 2344 2378 ὃς
2390 2317 2555 2390 μόνος
2605 2319 2732 2381 Θεὸς
2783 2319 2857 2374 ὣν
2913 2322 3045 2392 (66),
3079 2317 3189 2390 ἰδίᾳ
3234 2319 3493 2394 βουλήσει
3544 2318 3756 2375 ἔκτισεν

2104 2406 2195 2459 τὸν
2247 2407 2367 2460 Υἱὸν
2424 2406 2607 2478 αὐτοῦ,
2640 2410 2817 2471 καθὼς
2873 2409 3190 2484 γέγραπται.
3234 2410 3351 2466 Ἀθ.
3412 2411 3571 2464 εἶπεν·
3633 2416 3758 2464 Ποῦ

2108 2498 2425 2572 γέγραπται,
2486 2499 2566 2554 ὅτι
2626 2500 2787 2571 μόνος
2841 2500 2981 2555 ἐστὶν
3036 2502 3064 2556 6
3122 2503 3350 2575 ΙΙατήρ;
3402 2504 3521 2577 Ἀρ.
3582 2503 3755 2556 εἶπεν·

2110 2588 2263 2662 ΙΙαρά
2322 2586 2526 2661 Παύλῳ
2582 2592 2661 2660 τῷ
2719 2589 3029 2662 ἀποστόλῳ’
3066 2590 3197 2667 φησὶ
3252 2590 3373 2665 γάρ·
3410 2615 3437 2641 ‹(
3489 2592 3646 2662 Ἡμῖν
3698 2588 3765 2645 δὲ

2111 2677 2187 2737 εἷς
2231 2678 2358 2738 Θεὸς
2402 2676 2452 2747 ἐξ
2506 2678 2567 2732 οὗ
2614 2678 2680 2733 τὰ
2727 2678 2914 2735 πάντα.
2951 2702 2978 2729 ››
3011 2678 3253 2749 Ἀθανάς,
3288 2681 3449 2733 εἶπεν·
3482 2680 3562 2735 Τὰ
3620 2677 3761 2732 ἐπό-

2114 2786 2241 2839 μενα
2290 2766 2556 2842 ἀνάγνωθι
2596 2771 2693 2821 τοῦ
2726 2765 3063 2825 Ἀποστόλου
3111 2768 3269 2843 ῥητὰ,
3303 2766 3401 2844 ἔφη
3434 2769 3555 2843 γάρ.
3590 2792 3619 2819 ‹‹
3652 2768 3766 2824 Καὶ

2111 2856 2185 2916 εἷς
2261 2855 2454 2931 Κύριος
2514 2855 2743 2925 Ἰησοῦς
2794 2857 3044 2931 Χριστὸς,
3103 2854 3173 2911 δι’
3228 2857 3291 2912 οὗ
3352 2856 3417 2910 τὰ
3474 2858 3663 2913 πάντα.
3736 2881 3765 2906 ι»

2109 2947 2327 3020 νΑρειος
2387 2946 2760 3021 είπεν·’ορᾷς,
2813 2945 2896 3001 ὅτι
2955 2945 3227 3020 ὑπουργός
3288 2945 3421 3011 ἔστι,
3479 2947 3568 2999 καὶ
3626 2944 3763 3021 οὐχὶ

2112 3033 2411 3109 αὐτουργὸς
2442 3036 2469 3090 6
2518 3035 2639 3095 Υἱὸς
2690 3035 2868 3097 καθὼς
2923 3034 3081 3096 αὐτὸς
3137 3033 3260 3111 περὶ
3315 3035 3505 3089 ἑαυτοῦ
3557 3029 3760 3103 ἔλεξενο

2121 3147 2139 3174 σ
2178 3124 2297 3180 Ἐὰν
2358 3125 2432 3196 μή
2482 3144 2534 3177 τι
2587 3122 2761 3198 βλέπῃ
2808 3123 2897 3178 τὸν
2947 3124 3160 3198 ΙΙατέρα
3188 3127 3465 3178 ποιοῦντα⁶
3501 3122 3535 3176 ἃ
3563 3123 3665 3196 γαρ
3698 3123 3766 3177 ἂν

350 3217 576 3267 creator
607 3214 683 3269 sit
724 3215 921 3273 Filius.
958 3188 1077 3273 Aih.
1113 3221 1267 3275 100
1300 3220 1445 3275 Vide
1477 3238 1489 3275 :
1527 3220 1642 3275 noli
1690 3238 1821 3277 cum
1852 3222 2001 3277 veri-

2116 3212 2143 3266 6
2176 3188 2368 3281 Πατὴρ
2408 3188 2540 3285 ποιῇ
2572 3188 2705 3283 (67),
2739 3188 2913 3267 ’ταῦτα
2946 3212 3035 3267 καὶ
3145 3212 3266 3273 Υἱὸς
3316 3217 3480 3266 ποιεῖ.
3512 3233 3537 3263 ι
3576 3188 3767 3285 Ῐῐρόσ-

352 3302 471 3354 tate
504 3317 784 3372 pugnare.
819 3306 959 3359 Nam
996 3309 1149 3378 quod
1185 3314 1355 3379 putas
1386 3326 1419 3363 a
1452 3310 1627 3365 Paulo
1658 3311 1728 3365 de
1762 3316 1871 3365 Deo
1900 3310 2003 3365 Pa-

350 3393 438 3443 tre
464 3406 592 3444 esse
624 3392 867 3460 dictum,
899 3394 1053 3450 idem
1088 3398 1157 3451 de
1188 3397 1329 3452 Filio
1376 3399 1447 3451 ab
1501 3398 1626 3469 ipso
1677 3399 1789 3453 diei
1839 3416 1999 3469 repe-

354 3476 488 3532 ries.
516 3477 644 3533 Haec
677 3486 815 3534 sunt
846 3482 999 3536 enim
1034 3484 1161 3552 ejus
1184 3486 1354 3539 verba
1386 3500 1432 3539 :«
1470 3486 1532 3539 Et
1560 3486 1684 3555 ipse
1719 3488 1913 3557 posuit
1942 3487 2001 3541 in

354 3564 634 3633 Ecclesia,
660 3568 910 3639 primum
937 3570 1479 3641 apostolos,deinde
1501 3574 1838 3644 prOphetas,
1857 3574 2003 3629 alios

352 3672 485 3711 vero
516 3656 921 3727 evangelistus,
947 3660 1093 3715 alios
1145 3666 1407 3731 pastores
1455 3667 1512 3715 et
1564 3662 1896 3733 magistros,
1932 3664 2000 3717 ad

351 3745 766 3816 perfectionem
829 3747 1200 3819 populorum,
1254 3750 1312 3804 in
1363 3768 1511 3821 opus
1564 3752 1895 3819 ministerii,
1944 3753 2004 3807 in

354 3835 801 3891 aedificationem
853 3839 1112 3909 corporis
1143 3840 1379 3903 Christi,
1415 3842 1597 3896 donec
1629 3858 2007 3896 occurramus

357 3939 560 3979 omnes
593 3925 649 3979 in
685 3926 969 3982 unitatem
1014 3928 1149 3983 fidei
1181 3936 1238 3983 et
1267 3930 1586 3999 agnitionis
1630 3929 1754 3985 Filii
1788 3931 1912 3995 Dei,
1949 3932 2005 3984 in

354 4012 543 4066 virum
577 4016 920 4082 perfectum,
947 4018 1003 4071 in
1036 4034 1372 4072 mensuram
1406 4020 1593 4073 aetatis
1628 4018 2009 4090 plenitudinis

355 4096 564 4151 Christi
594 4114 605 4153 :
634 4105 696 4153 ut
717 4103 841 4170 jam
877 4119 991 4157 non
1023 4104 1213 4159 simus
1248 4104 1491 4173 parvuli,
1524 4122 1625 4159 nec
1659 4105 2008 4160 ﬂuctuantes

357 4185 846 4244 circumferamur
876 4192 1033 4245 omni
1084 4197 1252 4247 vento
1284 4194 1580 4262 doctrinas,
1616 4195 1673 4249 in
1726 4194 1849 4249 alea
1900 4195 2008 4250 ho-

360 4276 612 4346 minum,
639 4278 697 4333 in
723 4282 939 4336 astutia
962 4283 1031 4336 ad
1067 4283 1468 4339 inducendum
1499 4285 1557 4339 in
1590 4301 1843 4340 errorem
1870 4302 1881 4339 :
1908 4285 2008 4340 sed

360 4364 662 4421 veritatem
695 4373 984 4425 sectantes
1025 4371 1083 4425 in
1117 4373 1419 4443 charitate,
1454 4390 1790 4430 crescamus
1818 4374 1874 4428 in
1912 4374 2009 4429 illo

363 4470 467 4526 per
495 4457 713 4525 omnia,
738 4458 831 4527 qui
868 4464 953 4513 est
985 4466 1181 4531 caput,
1206 4462 1473 4518 Christus
1506 4479 1517 4517 ε
1554 4480 1624 4518 ea:
1667 4479 1769 4533 quo
1818 4468 2007 4519 totum

2112 3321 2205 3376 εχε
2262 3305 2376 3361 πῶς
2425 3302 2694 3375 ὑπουργὸς
2744 3302 2833 3354 καὶ
2876 3300 2938 3354 οὐ
2987 3297 3323 3376 δημιουργός
3364 3300 3505 3354 ἔστιν
3550 3301 3576 3353 6
3609 3299 3762 3360 Υἱός.

2114 3393 2225 3447 Ἀθ.
2286 3393 2452 3445 εἶπεν·
2507 3394 2660 3465 Ὅρα·
2723 3392 2798 3463 μὴ
2862 3391 3043 3465 μάχου
3097 3390 3233 3463 πρὸς
3302 3390 3400 3457 τὴν
3473 3386 3763 3458 ἀλήθειαν.

2110 3486 2279 3555 Ὅπερ
2334 3476 2437 3555 γὰρ
2477 3484 2573 3533 τοῦ
2638 3477 2858 3535 ΙΙαόλου
2921 3478 3083 3553 ῥητὸν
3138 3476 3313 3539 δοκεῖς
3369 3482 3581 3550 κρατεῖν
3632 3478 3762 3550 περὶ

2114 3574 2245 3625 Θεοῦ
2278 3569 2506 3640 Πατρὸς,
2538 3565 2698 3621 τοῦτο
2724 3567 2813 3621 καὶ
2846 3566 2968 3641 περὶ
3014 3570 3112 3620 τοῦ
3160 3567 3288 3620 Υἱοῦ
3336 3566 3583 3641 εὑρήσεις
3632 3566 3764 3637 παρ’

2116 3659 2259 3729 αὖτῷ
2282 3657 2361 3729 τῷ
2395 3655 2715 3728 ’Δποστόλῳ
2766 3656 3079 3731 λεγόμενον*
3112 3656 3244 3733 φησί
3294 3657 3416 3729 γάρ.
3454 3680 3480 3705 ‹‹
3524 3656 3620 3709 Καὶ
3665 3654 3764 3708 αὖ-

2113 3750 2204 3809 τὸς
2279 3747 2427 3802 ἔθετο
2485 3747 2537 3801 ἐν
2594 3746 2661 3820 τῇ
2724 3744 3040 3816 Ἐκκλησία,
3099 3749 3312 3820 πρῶτον
3398 3743 3765 3813 ἀποστόλους,

2118 3836 2361 3911 δεύτερον
2421 3838 2723 3913 προφήτας,
2771 3834 2898 3895 τοὺς
2959 3832 3015 3889 δὲ
3071 3832 3474 3909 εὐαγγελιστὰς,
3523 3835 3650 3895 τοὺς
3704 3831 3770 3887 δὲ

2117 3927 2381 3997 ποιμένας
2412 3924 2499 3981 καὶ
2532 3922 2910 3992 διδασκάλους,
2941 3922 3079 3997 πρὸς
3108 3923 3198 3977 τὸν
3244 3923 3605 3997 καταρτισμὸν
3655 3927 3771 3977 τῶν

2119 4014 2288 4084 λαῶν,
2338 4015 2412 4076 εἷς
2444 4012 2596 4089 ἔργον
2631 4010 2926 4081 διακονίας,
2961 4010 3033 4073 εἷς
3082 4009 3381 4084 οἰκοδομὴν
3432 4016 3528 4065 τοῦ
3575 4012 3768 4082 σώμα-

2116 4124 2208 4166 τος
2239 4109 2335 4159 τοῦ
2368 4106 2623 4179 Χριστοῦ,
2662 4101 2826 4177 μέχρι
2872 4102 3293 4173 καταντήσωμεν
3346 4102 3398 4154 οἱ
3445 4101 3635 4162 πάντες
3685 4100 3768 4162 εἰς

2115 4195 2213 4262 τήν
2274 4193 2499 4262 ἑνότητα
2544 4194 2643 4260 τῆς
2686 4190 2918 4251 πίστεως
2961 4190 3051 4244 καὶ
3099 4196 3199 4259 τῆς
3260 4188 3603 4262 ἐπιγνώσεως
3660 4194 3766 4244 τοῦ

2119 4283 2246 4337 Υἱοῦ
2275 4287 2371 4336 τοῦ
2402 4285 2555 4352 Θεοῦ,
2589 4280 2663 4341 εἷς
2696 4276 2860 4356 ἄνδρα
2906 4276 3141 4346 τὶλειον,
3173 4277 3248 4339 είς
3303 4280 3495 4353 μέτρον
3548 4277 3770 4347 ἡλικίας

2117 4377 2213 4427 τοῦ
2255 4370 2627 4447 πληρώματος
2668 4373 2766 4424 τοῦ
2813 4371 3067 4444 Χριστοῦ,
3113 4368 3205 4422 ’ἱνα
3260 4369 3454 4440 μηκέτι
3490 4365 3633 4439 ὦμεν
3676 4372 3773 4438 νή-

2119 4482 2257 4532 πιοι,
2290 4457 2755 4531 κλυδωνιζόμενοι
2788 4458 2875 4513 καὶ
2906 4456 3325 4533 περιφερόμενοι
3374 4456 3532 4510 παντὶ
3582 4456 3770 4529 ἀνέμῳ

361 4558 575 4612 corpus
606 4553 976 4616 compactum
1012 4552 1067 4602 et
1098 4565 1419 4605 connexum
1454 4567 1556 4623 per
1585 4567 1812 4606 omnem
1847 4569 2001 4607 com-

2116 4557 2215 4619 τῆς
2279 4546 2648 4619 διδασκαλίας,
2698 4548 2751 4603 ἐν
2810 4551 2879 4619 τῇ
2938 4540 3129 4616 κυϐείᾳ
3187 4550 3292 4599 τῶν
3353 4546 3667 4620 ἀνθρώπων,
3717 4546 3772 4601 ἐν

364 4628 680 4686 missuram
750 4634 1318 4692 subministrationis
1366 4639 1433 4704 2³,
1487 4660 1514 4687 ››
1574 4643 1681 4693 etc.
1762 4640 2009 4695 Videsne

363 4721 627 4775 eamdem
660 4740 855 4778 vocem
891 4725 960 4779 de
991 4724 1157 4781 Patre
1186 4731 1242 4781 et
1272 4726 1415 4782 Filio
1447 4729 1842 4784 communiter
1871 4730 2005 4798 dici,

363 4824 539 4879 quam
570 4814 632 4865 tu
665 4812 736 4867 de
768 4818 889 4867 solo
922 4812 1088 4869 Patre
1115 4814 1454 4871 intellexisti
1481 4817 1508 4871 ‘2

2118 4640 2419 4715 πανουργίᾳ
2449 4641 2565 4711 (68)
2594 4639 2728 4713 πρὸς
2756 4638 2854 4704 τήν
2905 4632 3181 4708 μεθοδείαν
3212 4642 3311 4703 τῆς
3362 4633 3595 4705 πλάνης,
3630 4634 3775 4706 ἀλη-

2119 4730 2365 4793 θεύοντες
2400 4724 2455 4782 δὲ
2486 4726 2535 4781 ἐν
2570 4724 2771 4799 ἀγάπῃ,
2804 4723 3124 4796 αὐξήσωμεν
3166 4723 3239 4785 εἷς
3273 4722 3429 4777 αὐτὸν
3468 4724 3533 4778 τὰ
3580 4725 3776 4793 πάπα,

2117 4818 2177 4880 ὅς
2209 4817 2348 4872 ἐστιν
2386 4817 2421 4884 ἠ
2470 4812 2705 4892 κεφαλὴ,
2738 4814 2766 4867 6
2818 4811 3073 4887 Χριστός·
3107 4811 3159 4882 ἐξ
3216 4812 3279 4865 οὗ
3338 4818 3441 4865 πᾶν
3498 4812 3561 4866 τὸ
3610 4819 3777 4885 σῶμα

360 4896 943 4974 συναρμολογούμενον
997 4902 1084 4956 καὶ
1143 4898 1608 4977 συμϐιϐαζόμενον
1670 4902 1759 4960 διὰ
1814 4905 1991 4978 πάσης
2053 4910 2192 4986 ἁφῆς
2247 4908 2344 4974 τῆς
2404 4903 2791 4979 ἐπιχορηγίας,
2843 4926 2871 4954 ν
2920 4902 3009 4955 καὶ
3055 4901 3121 4955 τὰ
3182 4901 3328 4971 ἑξῆς·
3369 4902 3548 4976 Ὁρᾷς.
3595 4901 3676 4957 δτι
3730 4906 3772 4972 ἦ

365 4986 517 5062 φωνὴ
549 4992 747 5049 κοινῶς
778 4996 1154 5066 κατηγορεῖται
1189 4992 1394 5067 Πατρὸς
1427 4995 1515 5048 καὶ
1548 4996 1697 5063 Υἱοῦ,
1729 4994 1817 5049 καὶ
1850 4994 1912 5050 σὺ
1947 5001 2267 5069 μονομερῶς
2300 4993 2421 5069 περὶ
2456 4993 2664 5069 Πατρὸς
2697 4990 2981 5067 ἐξείληφας
3008 5009 3021 5059 3

435 5104 481 5136 ²⁰
512 5104 532 5158 Ι
563 5103 689 5159 Cor.
724 5123 848 5177 vm,
878 5109 932 5162 6.
1012 5110 1055 5145 ²¹
1088 5110 1251 5165 Joan.
1287 5128 1339 5174 ν,
1374 5111 1459 5166 19,
1538 5112 1584 5146 ²²
1613 5112 1757 5183 Eph.
1794 5129 1868 5181 ιν,
1903 5114 2089 5168 11-16.

432 5220 547 5300 (61)
582 5221 719 5300 Reg.
756 5226 812 5300 et
838 5225 982 5295 Aug.
1026 5230 1124 5291 τῆς
1155 5228 1250 5277 τοῦ
1286 5224 1516 5300 Πατρός.
1550 5227 1750 5283 Caeteri
1783 5232 1837 5283 et
1864 5229 2001 5284 editi

361 5293 458 5343 τοῦ
492 5292 789 5347 omittunt.

437 5364 548 5435 (6‘2)
580 5364 672 5417 Sic
705 5364 846 5435 Reg.
878 5367 947 5419 At
977 5366 1073 5421 alii
1104 5372 1161 5421 et
1197 5368 1359 5435 editi,
1391 5364 1591 5421 ἔκτισεν
1626 5370 1699 5429 ὡς
1735 5370 1882 5429 Θεός.

433 5433 543 5510 (63)
575 5445 725 5510 _Aug.
762 5433 1354 5510 &ll&4ﬁ0)\brlsiﬂ8‘tai
1380 5441 1479 5505 τῆς
1526 5444 1621 5493 τοῦ
1671 5445 1803 5495 Θεοῦ
1849 5437 2009 5510 δόξης

362 5523 419 5557 τε
449 5506 535 5559 καὶ
571 5502 872 5583 δυνάμεως,
905 5508 987 5583 ᾡς
1012 5509 1243 5583 ποίημα.
1280 5514 1379 5566 Erl.
1415 5502 1565 5583 vero,
1592 5510 1743 5583 ἀλλ’,
1787 5502 2011 5566 ἀπολέί-

362 5579 652 5655 πεταιλτῆς.
674 5583 768 5633 τοῦ
800 5580 933 5635 Θεοῦ
966 5578 1125 5651 δόξης
1154 5578 1229 5645 ὡς
1261 5584 1391 5653 ποίη
1408 5578 1755 5655 μα,λείπεται
1786 5591 1885 5653 τῆς
1914 5588 2011 5640 τοῦ

364 5647 497 5705 Θεοῦ
528 5646 831 5726 δυνάμεως.

2187 5228 2296 5299 (64)
2332 5228 2469 5298 Reg.
2504 5230 2561 5299 et
2596 5228 2740 5295 Aug.
2777 5224 3143 5299 qun‘nﬁgswe.

2191 5292 2312 5372 (65')
2340 5292 2483 5369 Aug.
2546 5294 2595 5349 ἐν
2661 5292 2924 5369 μεγάλοις
2981 5292 3294 5367 ἐνεχόμενον
3358 5294 3401 5348 εί
3454 5294 3542 5348 καὶ
3607 5295 3776 5369 μάλι-

2121 5391 2323 5512 πῗὸδ).
2364 5442 2509 5512 Aug.
2546 5438 2618 5499 ὡς
2653 5438 2817 5512 μόνος
2850 5431 2941 5489 ὥν.

2191 5506 2305 5585 (67)
2338 5506 2485 5585 Reg:
2509 5516 2568 5585 et
2597 5506 3013 5585 Αὴεὶίοηποιῇ..
3047 5506 3200 5563 Editi
3230 5511 3286 5564 et
3316 5507 3419 5585 alii
3445 5513 3612 5566 ποιεῖ.

2191 5515 2283 5585 (67
2338 5514 2475 5584 Reg.
2509 5516 2568 5568 et
2597 5514 2824 5583 Anglic.
2857 5514 3013 5579 ποιῇ.
3047 5514 3200 5563 Editi
3230 5514 3286 5564 et
3316 5514 3413 5565 alii
3445 5529 3475 5561 π

2191 5514 2305 5657 (68)
2336 5584 2475 5657 Reg.
2510 5582 2560 5638 ἐν
2592 5586 2659 5655 τῇ
2689 5585 2797 5638 τῶν
2829 5578 3129 5656 ἀνθρώπων
3160 5577 3475 5656 πανουργίᾳ.
