4108 6210
248 325 370 382 445

1387 320 1862 383 DISPU’I‘A'I‘IO
1906 319 2220 380 CONTRA
2267 321 2545 383 ARIUM.

3552 313 3670 376 446

326 457 383 510 8.
417 460 543 528 Ἄρ.
596 452 739 507 εἶπεν
774 472 785 485 ·
841 452 1032 514 Καλῶς
1088 451 1495 525 ἐμνημόνευσας
1544 450 1668 523 περὶ
1716 447 1907 504 τούτου

2097 453 2148 505 8.
2185 457 2281 507 Ar.
2319 453 2489 509 Recte
2536 453 2828 525 integrum
2855 449 3116 522 Apostoli
3142 449 3335 504 locum
3367 446 3476 503 hac
3507 448 3577 503 de
3610 464 3669 501 re

250 542 397 612 ὅλην
446 544 545 610 τήν
593 542 897 615 περικοπὴν
924 545 1021 595 τοῦ
1061 540 1420 598 Ἀποστόλου·
1452 540 1577 595 ἀλλ’
1626 538 1734 613 ἐγὼ
1766 538 1910 608 ἀξιο-

247 632 573 706 πιστότερον
625 634 868 705 ἡγοῦμαι
916 632 1199 706 τυγχάνειν
1247 635 1344 685 τοῦ
1398 628 1762 684 ἀποστολικοῦ
1813 626 1909 702 ῥη-

243 728 347 777 τοῦ
384 722 447 776 τὸ
499 720 895 796 προειρημένον
948 721 1215 795 Κυριακὸν
1251 720 1337 774 ὑπ’
1362 718 1496 790 ἐμοῦ
1529 714 1731 793 λόγιον.
1767 718 1905 793 Ἔφη

245 812 351 886 γὰρ
389 812 417 864 6
448 810 662 886 Κύριος,
701 810 775 881 μὴ
826 806 1075 871 δύνασθαι
1125 810 1212 885 ἀφ’
1264 809 1454 863 ἑαυτοῦ
1504 813 1677 862 ποιεῖν
1732 804 1906 875 οὐδὲν,

246 900 338 955 ἐὰν
397 902 472 971 μή
506 921 556 952 τι
613 897 787 973 βλέπῃ
835 898 927 952 τὸν
980 898 1189 973 Πατὲρα
1235 903 1515 953 ποιοῦντα.
1570 899 1685 953 Ἀθ.
1739 896 1904 949 εἶπεν·

246 990 313 1047 Τί
368 988 619 1057 ἐποίησεν
667 990 695 1043 6
745 989 870 1049 Θεὸς
922 989 972 1042 ἐν
1026 988 1173 1064 ἀρχῇ
1207 1008 1220 1057 ;
1255 990 1379 1063 Ἀρ.
1436 988 1599 1042 εἶπενο
1651 987 1905 1059 Οὐρανὸν,

249 1087 382 1154 γῆν,
435 1077 728 1147 θάλασσαν,
775 1077 865 1130 καὶ
914 1078 1087 1132 πάντα
1130 1077 1197 1130 τὰ
1245 1077 1295 1132 ἐν
1343 1077 1548 1144 αὐτοῖς,
1594 1077 1772 1136 καθὼς
1820 1074 1907 1149 γὲ-

251 1188 517 1243 γραπται.
580 1168 694 1225 Ἀθ.
747 1166 929 1221 εἶπεν⁶
987 1165 1194 1223 Οὐκοῦν
1254 1164 1446 1220 λοιπόν
1508 1165 1645 1220 ἐστιν
1696 1162 1910 1219 ἀποδειο

251 1260 461 1333 χθῆναι
492 1259 604 1329 (69)
633 1256 779 1329 παρὰ
810 1260 927 1327 σοῦ,
977 1255 1165 1317 ποίους
1216 1254 1498 1330 οὐρανοὺς,
1530 1254 1619 1309 καὶ
1660 1261 1786 1330 γῆν,
1818 1253 1905 1308 καὶ

252 1345 552 1413 θάλασσαν,
595 1346 685 1398 καὶ
717 1344 783 1398 τά
812 1343 865 1398 ἐν
918 1345 1099 1405 αὐτοῖς
1152 1342 1404 1414 ἐποίησεν
1436 1345 1463 1397 ὁ
1494 1344 1623 1406 Θεὸς
1672 1343 1721 1397 ἐν
1754 1344 1905 1419 πρώ-

248 1456 411 1503 νοις,
474 1434 569 1488 εἶθ’
628 1432 801 1494 οὕτως
859 1435 887 1488 6
934 1434 1060 1495 Υἱὸς
1121 1431 1284 1488 αὺτοῦ
1347 1434 1599 1509 ἑωρακὼς
1657 1432 1909 1503 ἐποίησεν

249 1522 461 1596 ὁμοίως
489 1528 570 1593 τῷ
603 1522 771 1596 Πατρὶ
802 1521 987 1578 αὐτοῦ.
1031 1524 1154 1596 "Ap.
1206 1522 1371 1577 εἶπενο
1412 1522 1694 1595 Ἀθὲμιτον
1742 1525 1907 1598 ἡγοῦ-

253 1634 349 1687 μαι
408 1612 702 1687 τυγχάνειν
758 1612 824 1666 τὸ
881 1610 1072 1683 εἰπεῖν,
1124 1616 1345 1687 πρῶτον
1405 1612 1607 1685 κόσμον
1660 1612 1763 1666 ὑπὸ
1810 1616 1908 1666 τοῦ

250 1704 389 1755 Θεοῦ
421 1696 949 1773 δεδημιουργῆσθαι,
1001 1695 1183 1774 ἕτερον
1230 1696 1287 1755 δὲ
1338 1700 1440 1754 ὑπὸ
1478 1706 1574 1755 τοῦ
1610 1700 1759 1772 Υἱοῦ,
1790 1698 1910 1755 δευ-

248 1788 411 1862 τέρου
456 1792 534 1861 μὴ
585 1786 881 1861 δυναμένου
932 1786 1346 1863 ἀποδειχθῆναι,
1394 1787 1706 1859 καταδήλου
1754 1784 1908 1853 ὄντος
1943 1823 1991 1887 Β

250 1883 352 1933 τοῦ
381 1876 707 1953 πράγματος
752 1878 897 1953 παρᾶ
943 1883 1124 1947 πᾶσιν,
1159 1876 1243 1932 ὅτι
1294 1878 1367 1939 εἷς
1413 1880 1672 1953 τυγχάνει
1707 1880 1734 1933 6
1766 1880 1911 1954 ὁρώ-

258 1988 421 2041 μενος
480 1966 707 2040 κόσμος.
770 1968 886 2022 Ἀθ.
948 1968 1114 2022 εἶπεν·
1174 1967 1382 2025 Οὐκοῦν
1436 1968 1523 2045 ἀφ’
1574 1969 1763 2022 ἑαυτοῦ
1811 1966 1913 2039 δή·

258 2061 520 2131 μιουργεῖ
547 2058 574 2111 6
609 2056 729 2118 Υἱὸς
760 2057 824 2111 τὸ
872 2062 997 2113 πᾶν.
1033 2058 1157 2132 Ἀρ.
1211 2056 1371 2111 εἶπεν·
1426 2057 1755 2133 Παρακαλῶ,
1797 2057 1913 2113 εἱπὲ

257 2168 379 2218 μοι,
428 2150 547 2207 πῶς
599 2146 691 2222 ἀφ’
742 2146 933 2199 ἑαυτοῦ
967 2164 981 2213 ;
1015 2145 1129 2202 Οὐκ
1178 2143 1288 2199 ἔστι
1339 2143 1395 2199 δὲ
1443 2146 1501 2207 ὃς
1558 2145 1695 2216 λέξει
1726 2151 1909 2203 τοῦτο.

252 2240 266 2260 ,
616 2235 629 2251 ο
814 2234 827 2249 ε
938 2235 951 2251 ε
1202 2235 1216 2253 ι
1330 2233 1343 2252 ,
1421 2239 1445 2248 ν
1554 2239 1581 2249 ..
1664 2236 1675 2251 .
1732 2235 1742 2255 ,

267 2242 371 2298 Δθ.
410 2235 579 2288 εἶπεν·
629 2239 670 2287 Ο
702 2255 865 2311 σοφος
891 2256 992 2302 την
1049 2232 1253 2309 βουλην
1285 2255 1449 2289 αυτου
1479 2255 1585 2288 που
1629 2255 1859 2311 ευρισκει
1895 2256 1907 2306 ;

252 2331 385 2398 νΑρ.
430 2323 601 2377 εἶπεν·
637 2324 725 2379 Ἐν
755 2327 823 2396 τῇ
869 2323 1032 2400 σοφίᾳ
1080 2322 1266 2379 αὐτοῦ.
1301 2324 1413 2379 Ἀθ.
1463 2325 1627 2377 εἶπεν·
1681 2326 1909 2399 Χριστὸς

252 2410 308 2467 δὲ
340 2417 479 2467 Θεοῦ
524 2410 753 2484 δύναμις
785 2412 875 2467 καὶ
924 2411 1084 2489 σοφία
1122 2413 1381 2487 τυγχάνει
1431 2414 1565 2468 κατὰ
1610 2413 1700 2467 τὸν
1738 2416 1909 2485 μακά-

252 2522 377 2574 ριον
411 2500 653 2569 Παῦλον,
698 2499 783 2555 ναὶ
834 2502 869 2569 ἢ
904 2496 965 2554 οὕ
998 2518 1013 2568 ;
1046 2503 1171 2575 "Ap.
1225 2501 1387 2556 εἶπεν.
1420 2500 1910 2577 Ὀμολογουμὲνως

254 2591 495 2665 Χριστὸς
548 2594 683 2645 Θεοῦ
726 2591 838 2662 (70)
894 2586 1119 2661 δύναμις
1162 2589 1253 2643 καὶ
1297 2594 1431 2644 Θεοῦ
1475 2590 1654 2667 σοφία.
1689 2592 1803 2661 Ἀθ,
1840 2592 1912 2645 εἶ-

440 2680 504 2731 Ἡ
564 2677 725 2755 σοφία
774 2678 864 2732 οὗν
928 2679 1002 2751 μή
1056 2676 1363 2753 ἀλλαχόθεν
1416 2679 1734 2757 σοφίζεται;
1786 2686 1908 2755 ’¹Αρ.

259 2770 436 2822 εἶπεν·
500 2769 592 2835 Μὴ
645 2768 892 2841 γένοιτοέ
927 2769 1046 2830 Ἀθ.
1100 2766 1263 2822 εἶπεν·
1325 2768 1528 2822 Οὐκοῦν
1574 2770 1662 2846 ἀφ’
1720 2770 1913 2839 ἑαυτῆς

254 2856 431 2911 πάντα
483 2856 557 2918 ὡς
611 2856 770 2931 σοφία
820 2855 1040 2929 πράττει
1077 2876 1090 2925 ;
1132 2862 1258 2931 "Ap.
1309 2857 1491 2911 εἶπεν*
1542 2857 1729 2920 Οὕτως
1773 2855 1909 2934 ἔχει.

254 2947 463 3000 Οὒκοῦν
516 2947 545 3000 6
597 2946 783 3020 Πατὴρ
838 2942 988 2999 οὐδὲν
1039 2942 1520 3021 ἐδημιούργησεν;
1570 2947 1691 3003 Ἀθ.
1743 2948 1908 3002 εἶπεν·

256 3037 462 3090 Ἀκουε
498 3079 511 3103 ,
556 3034 645 3088 καὶ
701 3035 775 3107 μὴ
828 3038 1112 3107 προπετῶς
1169 3032 1326 3089 λάλει
1371 3037 1505 3109 (71),
1563 3035 1596 3088 ἆ
1648 3037 1723 3109 μὴ
1756 3037 1908 3109 θέμις

256 3126 397 3196 μήτε
435 3124 635 3199 λέγειν,
688 3125 827 3196 μήτε
866 3122 1104 3193 ἀκούειν,
1157 3122 1230 3185 ὡς
1284 3125 1359 3195 μὴ
1413 3122 1713 3197 δυναμένου
1763 3127 1907 3188 τινὸς

252 3211 587 3288 μετατρέψαι
631 3212 698 3266 τά
746 3216 994 3269 τοιαῦτα.
1028 3211 1179 3281 Πλὴν
1230 3211 1317 3266 ἐπὶ
1363 3217 1458 3267 τοῦ
1505 3215 1772 3289 παρόντος
1818 3213 1907 3278 δός

252 3323 349 3375 μοι
381 3301 547 3377 λόγον
597 3301 721 3375 περὶ
763 3302 825 3355 οὗ
876 3300 1150 3376 ἐπερωτῶ.
1184 3303 1245 3358 Ὀ
1277 3300 1497 3363 δυνατὸς
1527 3307 1644 3365 πῶς
1688 3302 1911 3381 αὐτουρ-

244 3397 331 3467 γεῖ
362 3411 376 3459 ;
408 3394 539 3465 “Ἀρ.
592 3392 759 3445 εἶπενι
798 3392 881 3445 Ἐν
926 3394 995 3463 τῇ
1046 3388 1271 3463 δυνάμει
1320 3390 1484 3446 αὐτοῦ
1514 3392 1576 3447 τὸ
1606 3398 1708 3447 πᾶν
1742 3395 1909 3467 πράτ-

250 2697 372 2732 πεν’

2024 541 2317 611 protulisti
2353 558 2365 596 :
2401 559 2601 598 verum
2636 559 2761 614 quae
2801 558 2907 614 ego
2952 538 3403 595 commemoravi
3442 537 3666 591 Domini

2021 631 2196 685 verba
2228 631 2414 703 magis
2447 632 2619 704 digna
2650 633 2761 687 ﬁde
2793 636 3031 685 autumo
3062 645 3190 684 esse
3212 644 3387 699 quam
3414 643 3539 696 quae
3571 627 3647 681 ha

2020 718 2121 774 bet
2157 720 2491 790 Apostolus.
2525 722 2827 792 Siquidem
2877 721 2958 774 ait
3009 719 3289 774 Dominus
3334 716 3477 770 nihil
3527 732 3588 770 se
3636 733 3669 770 a

2021 808 2212 879 seipso
2270 827 2440 881 posse
2493 812 2698 879 facere,
2742 809 2853 865 nisi
2906 808 3045 880 quid
3096 807 3403 862 facientem
3460 806 3671 861 viderit

2021 898 2250 953 Patrem
2276 900 2341 953 93.
2372 901 2491 954 Ath.
2527 901 2673 963 Quid
2718 900 2852 955 fecit
2898 900 3050 953 Deus
3100 898 3156 951 in
3206 895 3539 967 principio?
3571 896 3663 950 Ar.

2020 987 2266 1054 leum,
2298 993 2537 1055 terram,
2573 1005 2754 1055 mare,
2780 993 2836 1043 et
2865 988 3062 1043 omnia
3093 1003 3219 1057 quae
3252 986 3307 1039 in
3342 984 3457 1039 illis
3489 985 3668 1039 conti-

2022 1082 2256 1142 nentur,
2292 1077 2374 1131 uti
2424 1078 2708 1149 scripturn
2757 1081 2864 1133 est.
2896 1076 3019 1131 Ath.
3056 1077 3333 1147 Superest
3380 1073 3561 1144 igitur
3604 1078 3668 1127 ut

2020 1166 2296 1221 ostendas
2328 1183 2615 1237 quosnam
2658 1167 2852 1235 cmlos,
2880 1180 3127 1236 quamve
3160 1171 3397 1229 terram,
3424 1180 3582 1217 mare
3613 1168 3669 1217 et

2022 1270 2147 1325 quas
2197 1255 2291 1311 bis
2337 1257 2730 1324 continentur,
2774 1256 3029 1327 primum
3080 1253 3279 1309 fecerit
3326 1253 3504 1316 Deus,
3537 1268 3663 1322 qua

2020 1343 2228 1398 deinde
2258 1345 2462 1400 videns
2496 1345 2696 1412 Filius,
2726 1344 2999 1400 similiter
3028 1347 3091 1398 ut
3119 1344 3289 1398 Pater
3319 1340 3539 1396 fecerit.
3570 1342 3663 1395 Ar.

2021 1432 2194 1488 Nefas
2238 1432 2399 1489 dictu
2450 1438 2588 1506 puto
2640 1451 2788 1502 esse,
2823 1434 3078 1505 primum
3130 1431 3418 1487 mundum
3469 1447 3503 1484 a
3551 1434 3664 1484 Deo

2021 1521 2204 1578 fuisse
2234 1523 2557 1594 conditum,
2586 1524 2836 1580 alterum
2870 1527 3063 1578 autem
3096 1539 3129 1576 a
3162 1520 3324 1587 Filio,
3359 1535 3493 1575 cum
3524 1518 3668 1573 alter

2021 1612 2280 1667 mundus
2312 1613 2703 1668 demonstrari
2739 1630 2853 1667 non
2887 1612 3093 1684 possit,
3122 1611 3339 1683 quippe
3369 1624 3502 1663 cum
3535 1624 3665 1679 per-

2021 1701 2292 1773 spicuum
2315 1701 2392 1757 sit
2412 1702 2686 1757 omnibus
2709 1719 2893 1756 unum
2916 1702 3071 1756 hunc
3092 1700 3380 1755 mundum
3403 1701 3666 1769 aspecta-

2021 1789 2195 1846 bilem
2232 1806 2380 1846 esse.
2405 1791 2527 1845 Ath.
2554 1791 2738 1863 Igitur
2772 1791 2952 1846 Filius
3000 1808 3033 1844 a
3072 1805 3133 1845 se
3164 1789 3291 1860 ipso
3324 1788 3664 1842 universum

2022 1880 2220 1936 creat?
2250 1882 2341 1935 Ar.
2369 1880 2570 1944 Quaeso
2601 1884 2677 1947 te,
2704 1880 2999 1952 quomodo
3020 1896 3049 1934 a
3074 1878 3303 1950 seipso?
3323 1878 3504 1932 Nemo
3526 1893 3669 1933 sane

2021 1969 2078 2023 id
2111 1970 2345 2025 dixerit.
2372 1971 2493 2039 Αιζι.
2529 1971 2773 2042 Sapiens
2806 1970 3045 2026 ubinam
3078 1985 3252 2023 suum
3285 1967 3502 2023 invenit
3530 1982 3667 2021 con-

2021 2058 2265 2114 silium?
2295 2061 2390 2114 Ar.
2425 2062 2488 2114 In
2521 2059 2811 2131 sapientia
2850 2076 2976 2114 sua.
3008 2057 3130 2112 Ath.
3161 2059 3369 2112 Annon
3400 2056 3669 2111 Christus

2022 2149 2120 2203 Dei
2152 2149 2337 2204 virtus
2382 2152 2439 2204 et
2487 2148 2774 2220 sapientia
2804 2154 2914 2215 est,
2948 2152 3012 2203 ut
3041 2149 3209 2203 docet
3257 2148 3464 2201 beatus
3515 2146 3668 2200 Pau-

2022 2236 2116 2292 lus
2138 2236 2223 2291 ‘t?
2257 2237 2398 2307 Ain’,
2425 2255 2497 2292 an
2538 2255 2716 2310 negas
2736 2238 2762 2292 ?
2792 2238 2884 2291 Ar.
2918 2238 3054 2293 Sine
3085 2236 3475 2292 controversia
3504 2235 3667 2290 Chri-

2022 2330 2149 2381 stus
2183 2326 2278 2381 Dei
2306 2328 2494 2381 virtus
2526 2332 2583 2382 et
2613 2327 2713 2381 Dei
2745 2327 3030 2398 sapientia
3060 2331 3167 2381 est.
3202 2327 3323 2380 Ath.
3348 2325 3498 2379 Num
3532 2341 3669 2396 ergo

2023 2415 2311 2487 sapientia
2340 2414 2577 2470 aliunde
2605 2416 2854 2471 efficitur
2895 2415 3171 2487 sapiens?
3200 2420 3293 2471 Ar.
3326 2415 3511 2471 Absit.
3542 2415 3666 2469 Ath.

2024 2505 2209 2576 Igitur
2239 2522 2273 2560 a
2303 2505 2495 2576 seipsa
2526 2505 2742 2575 omnia,
2764 2510 2827 2559 ut
2858 2505 3163 2576 sapientia,
3191 2506 3327 2576 agit.
3363 2506 3454 2559 Ar.
3488 2505 3576 2558 Ita
3606 2519 3669 2559 se

2022 2610 2114 2649 res
2145 2594 2339 2649 habet.
2364 2595 2514 2649 Num
2549 2595 2728 2666 igitur
2757 2594 2901 2648 nihil
2924 2599 3078 2649 creat
3112 2593 3319 2650 Pater?
3350 2593 3469 2648 Ath.
3495 2592 3665 2663 Audi,

2024 2699 2129 2738 nec
2156 2689 2386 2753 itemere
2428 2683 2665 2756 loquere
2713 2701 2838 2755 quae
2891 2700 2994 2738 nec
3043 2684 3233 2738 dicere
3284 2684 3371 2738 fas
3421 2688 3527 2752 est,
3562 2698 3667 2735 nec

2025 2772 2248 2843 audire,
2282 2774 2447 2843 quasi
2483 2790 2652 2828 nemo
2707 2773 2890 2844 possit
2940 2774 3050 2827 ista
3096 2779 3195 2827 tua
3244 2777 3517 2827 evertere.
3554 2771 3666 2826 Ve-

2023 2863 2498 2932 rumtamenjam
2532 2864 2678 2917 mihi
2711 2864 2998 2934 responde
3019 2864 3088 2917 ad
3120 2862 3178 2916 id
3210 2863 3365 2933 quod
3397 2869 3451 2917 te
3483 2861 3665 2915 inter-

2020 2968 2178 3023 rogo.
2216 2952 2268 3006 Is
2300 2951 2399 3023 qui
2432 2957 2636 3023 potens
2667 2956 2773 3019 est,
2808 2952 3097 3022 quomodo
3130 2952 3254 3022 ipse
3285 2967 3386 3022 per
3416 2968 3478 3006 se
3510 2949 3666 3021 agit?

2018 3041 2111 3096 Ar.
2134 3040 2345 3095 Omnia
2374 3040 2586 3095 virtute
2618 3058 2725 3096 sua
2754 3041 2951 3096 efﬁcit.
2973 3040 3098 3095 Alli.
3125 3046 3328 3095 Annon
3354 3057 3485 3095 vero
3512 3039 3670 3095 Chri-

2023 3133 2150 3185 stus
2190 3130 2599 3185 convenienter
2648 3131 2743 3185 Dei
2792 3130 2978 3185 virtus
3032 3129 3305 3185 exsistit?
3338 3130 3432 3183 Ar.
3484 3129 3668 3183 Nemo

2023 3234 2138 3274 non
2198 3220 2464 3274 fateatur.
2499 3218 2623 3274 Ath.
2677 3220 2877 3291 Itaque
2925 3235 3056 3274 cum
3107 3218 3372 3273 Christus
3431 3217 3507 3272 sit
3562 3216 3666 3272 Dei

2020 3309 2227 3376 virtus,
2261 3325 2386 3380 quae
2436 3309 2642 3377 virtus,
2676 3308 2734 3363 id
2776 3313 2860 3364 est
2910 3308 3201 3377 Christus,
3235 3308 3431 3371 efﬁcit,
3465 3306 3666 3362 eadem

2022 3397 2203 3453 efﬁcit
2233 3398 2420 3453 Pater.

247 3501 350 3535 τει.
400 3480 537 3537 Ἀθ.
592 3480 775 3534 εἶπενε
828 3481 1056 3551 Χριστὸς
1107 3476 1163 3534 δὲ
1210 3480 1490 3557 ἀραρότως
1542 3486 1674 3536 Θεοῦ
1724 3481 1951 3556 δύναμις
2006 3483 2239 3560 ὑπάρχει
2278 3505 2290 3554 ;
2332 3489 2454 3559 "Ap.
2507 3485 2670 3539 εἶπεν·
2713 3483 3102 3561 Ὡμολόγηται.
3167 3486 3283 3547 Ἀθ.
3344 3483 3508 3538 εἶπεν
3568 3482 3674 3540 Οὐ-

244 3574 373 3624 κοῦν
408 3573 644 3645 Χριστοῦ
678 3567 957 3642 δυνάμεως
1006 3565 1161 3632 ὄντος
1209 3574 1306 3625 τοῦ
1346 3576 1480 3625 Θεοῦ
1530 3574 1664 3645 (72),
1700 3572 1833 3647 ἅπερ
1883 3570 2215 3651 δημιουργεῖ
2243 3577 2278 3645 ἡ
2313 3573 2563 3648 δύναμις,
2611 3574 2883 3630 τουτέστιν
2914 3576 2942 3629 6
2970 3574 3227 3650 Χριστὸς,
3268 3578 3435 3628 ταῦτα
3465 3578 3613 3628 ποιεῖ
3643 3574 3670 3628 6

251 3661 464 3733 Πατήρ.

319 3750 373 3803 9.
408 3748 537 3820 Ἀρ.
575 3748 740 3801 εἶπεν·
766 3751 890 3809 Πῶς
911 3749 1043 3824 ἅπερ
1073 3745 1399 3824 δημιουργεῖ
1430 3748 1457 3802 ὁ
1490 3749 1915 3824 Χριστὸς,ταῦτα

252 3838 589 3912 δημιουργεῖ
635 3838 663 3891 6
713 3837 841 3898 Θεός
876 3856 890 3905 ;
922 3844 1038 3901 Ἀθ.
1096 3839 1263 3891 εἶπεν·
1308 3839 1371 3892 Ἣ
1421 3835 1650 3911 δύναμις
1682 3838 1787 3893 ἀπὸ
1815 3844 1911 3894 τοῦ

252 3930 484 3986 δυνατοῦ
513 3932 845 4006 κεχώρισται
878 3950 891 3999 ;
926 3934 1051 4003 "Ap.
1087 3930 1250 3986 εἷπεψ
1284 3932 1374 4000 Μὴ
1406 3932 1643 4007 γένοιτοῐ
1678 3933 1775 3995 Τίς
1807 3931 1909 4008 γάρ

247 4041 380 4074 ποτε
410 4021 651 4095 ἑώρακεν
676 4020 1010 4094 άγνωνιστήν
1042 4018 1191 4093 πάλῃ
1221 4017 1373 4081 ἰδίως
1402 4017 1909 4094 ἀνδριζόμενον,κα-

246 4108 489 4182 ταμόνας
524 4107 585 4163 δὲ
626 4109 726 4176 τὴν
760 4105 988 4181 δύναμιν
1038 4108 1202 4163 αὐτοῦ
1238 4136 1251 4179 ;
1284 4108 1348 4164 Εἴ
1382 4109 1482 4185 γὰρ
1518 4110 1585 4178 ἦν
1613 4114 1796 4177 τοῦτο,
1829 4110 1910 4165 ἐπ’

248 4198 594 4275 ἀμφοτέρους
645 4196 705 4251 ἃν
747 4195 1009 4270 ἐκομίσθῃ
1055 4196 1122 4251 τὰ
1173 4191 1417 4271 βραδεῖα.
1461 4194 1586 4266 ἤτοι
1618 4200 1668 4252 οἱ
1713 4198 1909 4276 στέφα-

242 4308 327 4341 νοι
374 4289 512 4361 (73).
562 4288 679 4342 Ἀθ.
729 4288 897 4340 εἶπεν·
954 4288 1155 4360 Ὀρθῶς
1187 4284 1340 4363 ἔφης.
1373 4288 1439 4343 Et
1472 4286 1562 4341 οῦν
1597 4287 1677 4342 ἐπ’
1707 4287 1909 4364 ἀνθρώ-

246 4397 354 4431 που
394 4380 566 4431 τοῦτο
616 4371 845 4445 ἔδωκας,
898 4377 1036 4447 μήτε
1081 4372 1308 4448 δύναμιν
1370 4376 1796 4451 κεχωρισμένως
1854 4399 1907 4431 τι

245 4469 528 4539 πράττειν,
565 4468 703 4538 μήτε
752 4468 859 4539 μὴν
908 4467 971 4521 τὸ
1023 4471 1181 4539 σῶμα
1229 4467 1424 4541 ἑτέρως
1459 4467 1688 4543 ἐνεργεῖν
1714 4489 1788 4536 τι,
1822 4467 1908 4523 οὐ·

246 4561 376 4611 κοῦν
438 4557 469 4610 6
526 4556 782 4630 Χριστὸς,
843 4554 1067 4629 δύναμις
1127 4552 1201 4609 ὢν
1262 4558 1521 4631 πατρική,
1582 4557 1904 4633 ἀχωρίστως

245 4646 444 4713 πάντα,
477 4648 509 4699 ἃ
536 4647 758 4720 πράττει
816 4646 843 4699 6
876 4646 1083 4719 Πατὴρ,
1133 4643 1354 4720 πράττει
1401 4650 1567 4700 ταῦτα
1607 4648 1695 4701 καὶ
1746 4646 1904 4710 αὐτός

245 4738 386 4807 (74).
416 4738 543 4807 "Ap.
578 4736 741 4788 εἶπεν·
775 4740 955 4789 ’Ἔστω
990 4733 1156 4801 οὕτω,
1185 4734 1247 4789 τὸ
1279 4735 1605 4810 ἀχωρίστως
1637 4733 1905 4811 δημιουρ-

242 4830 357 4900 γεῖν
406 4825 500 4879 τὸν
544 4822 667 4877 Υἱὸν
712 4822 804 4878 σὺν
854 4828 933 4895 τῷ
962 4828 1077 4896 Θεῷ
1123 4822 1187 4878 τὸ
1216 4830 1341 4879 πᾶνα
1379 4827 1511 4897 μήτι
1564 4823 1781 4881 δύναται
1815 4827 1905 4880 καὶ

316 5035 363 5069 ³³
394 5036 562 5091 Joan.
593 5051 651 5103 v,
685 5032 772 5089 19.
850 5033 897 5069 ³⁸
930 5033 951 5087 Ι
982 5033 1110 5091 Cor.
1144 5051 1186 5102 ι,
1217 5035 1307 5091 24.

308 5241 420 5313 (69)
450 5238 624 5312 Aug].
658 5236 863 5291 Οὐκοῦν
910 5236 1279 5313 περιλείπεται
1338 5237 1532 5294 λοιπὸν
1580 5237 1901 5315 ἀποδεχθῆ-

239 5333 433 5467 Πῖἦο)
457 5382 547 5467 Ita
579 5381 817 5454 Regius.
850 5380 958 5435 Alii
1001 5388 1194 5439 autem
1228 5388 1283 5438 et
1322 5383 1460 5439 editi
1491 5383 1770 5440 omittunt
1800 5402 1901 5439 vo-

241 5462 600 5598 6831333263.
634 5525 891 5602 φθέγγου,
925 5529 979 5580 et
1029 5524 1199 5597 paulo
1243 5530 1374 5599 post
1399 5526 1578 5598 idem,
1615 5525 1901 5600 μεταστρὲ-

241 5602 419 5745 digitis)
451 5672 542 5727 Ita
588 5668 735 5741 Reg.
790 5666 852 5723 In
902 5666 1033 5724 aliis
1081 5672 1138 5724 et
1185 5668 1380 5727 editis.
1412 5666 1508 5723 τοῦ
1556 5669 1739 5727 deest.
1771 5669 1903 5726 Mox

2093 3755 2145 3809 9.
2180 3756 2269 3809 Ar.
2305 3755 2412 3818 Qui
2461 3756 2525 3809 ﬁt
2573 3758 2637 3810 ut
2687 3772 2818 3826 quae
2858 3755 3128 3809 Christus
3176 3753 3373 3819 efﬁcit,
3404 3769 3470 3807 ea
3520 3757 3669 3807 Deus

2024 3844 2285 3900 efﬁciat?
2314 3844 2441 3899 Alh.
2474 3847 2557 3898 Au
2592 3843 2775 3899 virtus
2818 3844 2937 3898 sive
2986 3842 3247 3914 potentia
3292 3840 3672 3911 distinguitur

2022 3935 2094 3989 ab
2127 3950 2193 3989 eo
2224 3934 2322 4006 qui
2355 3939 2563 4005 potens
2593 3933 2724 3988 est?
2755 3933 2848 3988 Ar.
2876 3932 3059 3986 Absit.
3096 3932 3307 4002 Ecquis
3339 3932 3493 3986 enim
3523 3931 3669 3984 vidit

2023 4040 2283 4095 unquam
2340 4023 2615 4078 athletam
2672 4022 2729 4076 in
2781 4021 3095 4077 luctatione
3144 4021 3388 4076 seorsim
3447 4020 3671 4075 fortiter

2020 4129 2084 4169 se
2114 4116 2430 4185 gerentem,
2465 4117 2523 4167 et
2570 4112 2814 4167 seorsim
2865 4111 3127 4181 ejusdem
3158 4109 3427 4165 virtutem
3450 4109 3476 4163 ?
3520 4110 3666 4165 Nam

2020 4202 2069 4257 si
2102 4203 2183 4257 ita
2212 4206 2387 4269 esset,
2421 4202 2490 4256 ad
2525 4205 2842 4271 utrumque
2886 4205 3040 4255 certe
3091 4200 3328 4272 praemia
3358 4199 3476 4254 sive
3507 4216 3669 4255 coro-

2020 4310 2127 4348 nas
2155 4293 2377 4347 deferre
2408 4296 2717 4363 oporteret.
2752 4290 2874 4346 Ath.
2910 4291 3082 4347 Recte
3116 4292 3283 4346 dicis.
3309 4292 3671 4363 Quapropter

2019 4382 2068 4437 si
2101 4382 2157 4436 id
2203 4382 2263 4436 in
2307 4381 2544 4437 homine
2592 4381 2884 4452 agnoscis,
2918 4397 3147 4452 nempe,
3181 4396 3286 4435 nec
3335 4380 3463 4451 ejus
3494 4381 3669 4435 virtu-

2018 4475 2133 4527 tem
2167 4471 2483 4542 separatim
2511 4470 2649 4540 quid
2684 4471 2931 4540 efﬁcere,
2957 4486 3058 4524 nec
3089 4486 3300 4541 corpus
3332 4469 3489 4524 aliud
3522 4470 3663 4541 quid

2017 4576 2187 4633 agere
2222 4577 2235 4615 :
2268 4560 2526 4631 profecto
2557 4559 2846 4627 Christus,
2883 4559 2981 4630 qui
3034 4563 3275 4630 paterna
3322 4563 3409 4613 est
3454 4558 3661 4627 virtus,

2017 4650 2235 4717 omnia,
2270 4666 2399 4720 quae
2429 4650 2596 4704 Pater
2624 4648 2821 4719 efﬁcit,
2846 4648 2971 4720 ipse
3002 4664 3229 4719 quoque
3278 4649 3496 4717 absque
3548 4648 3664 4702 ulla

2018 4737 2411 4809 disjunctione
2450 4738 2647 4793 efﬁcit.
2682 4738 2775 4793 Ar.
2809 4737 2972 4807 dixit,
3005 4738 3137 4791 Esto
3172 4754 3183 4790 :
3222 4736 3400 4791 Filius
3445 4738 3666 4808 absque

2019 4827 2137 4883 ulla
2195 4826 2589 4898 disjunctione
2645 4826 2982 4883 universum
3037 4824 3251 4881 efﬁciat
3296 4824 3476 4881 simul
3529 4842 3663 4882 cum

2009 5246 2163 5317 Aug.
2183 5239 2485 5317 _i;78i5v_aptc;
2524 5238 2985 5317 αὐτοῦς-τουτέστι
3016 5241 3115 5295 τοῦ
3148 5242 3401 5317 Χριστοῦ.

2084 5310 2197 5386 (73)
2230 5316 2313 5392 Ita
2346 5310 2582 5392 Regius.
2617 5313 2730 5367 Alii
2760 5310 3069 5392 {femi-irim:
3098 5310 3498 5392 καῖ’στέφανος.
3533 5318 3662 5373 Mox

2011 5383 2254 5457 August.
2290 5384 2371 5459 in:
2405 5383 2671 5459 ἀνθρώπῳ
2700 5389 2861 5439 τοῦτο
2895 5383 3150 5447 δέδωκας.

2083 5459 2194 5531 (74)
2229 5459 2315 5531 Ita
2346 5458 2483 5530 Reg.
2505 5456 2669 5512 'Editi
2704 5475 2836 5531 vero
2868 5461 3143 5515 omittunt
3166 5456 3288 5531 καί.
3322 5458 3499 5515 Paulo
3529 5464 3662 5531 post

2013 5529 2251 5603 Regius,
2285 5527 2641 5603 δημιουργεῖν
2676 5529 2780 5603 ,τὸν
2830 5530 2958 5603 Θεὸν
3005 5528 3289 5592 συναϊδίως
3337 5531 3424 5584 καὶ
3458 5527 3547 5585 σὺν
3580 5532 3659 5603 τῷ

2010 5599 2140 5671 Titi},
2176 5607 2324 5673 Aug.
2356 5599 2445 5656 τὸν
2481 5599 2607 5656 Θεὸν
2643 5600 2733 5654 σῦν
2763 5606 2841 5673 τῷ
2870 5601 2999 5675 Yffi).
