4108 6210
375 266 492 325 “7

1547 274 1608 333 S.
1660 273 2183 335 ATHANASIUS.
2209 308 2287 319 —
2321 274 2631 338 SPURIA.

3673 281 3798 341 448

384 404 495 456 Deo
531 418 542 455 :
580 405 639 456 at
670 404 816 458 161
870 405 1135 477 nunquid
1185 408 1299 463 Deo
1354 407 1539 480 possit
1584 408 1829 479 aequalis
1874 422 2024 476 esse,

2160 404 2254 467 ’σος
2305 406 2436 461 εἶναι
2482 412 2562 480 τῷ
2609 412 2743 481 Θεῷ,
2784 410 2963 472 καθὼς
3013 411 3074 462 σὺ
3122 406 3359 477 ἤκουσας
3389 416 3485 465 τοῦ
3532 413 3794 486 Σωτῆρος

388 506 517 545 cum
584 490 709 562 ipse
768 492 1124 550 Salvatorem
1184 497 1438 553 audieris
1494 497 1615 552 hac
1671 497 1961 552 dicentem
2018 513 2031 550 :

386 602 413 629 ‹‹
448 580 619 635 Pater
663 598 852 652 meus,
887 585 985 655 qui
1038 587 1199 640 misit
1246 605 1357 655 me,
1394 589 1581 659 major
1611 605 1703 642 me
1733 588 1862 643 est?
1909 586 2033 641 Ath.

386 670 759 739 Interrogabo
789 676 843 727 te
878 691 889 728 :
926 679 986 727 tu
1020 690 1150 728 vero
1182 676 1324 730 mihi
1360 678 1645 749 responde
1677 694 1689 732 :
1724 679 1874 732 Num
1908 673 2035 731 Sal-

386 762 549 813 vator
606 777 771 816 meus
820 762 931 816 sibi
996 765 1287 819 contraria
1332 766 1640 837 loquitur?
1672 768 1762 822 Ar.
1816 765 2032 819 Absit:

389 848 608 919 ubique
646 850 800 904 enim
864 851 973 906 sibi
1022 851 1133 923 ipsi
1190 861 1473 911 consonat
1521 856 1701 911 Filius
1750 856 1870 911 Dci.
1904 855 2028 910 Ath.

390 938 688 1001 Quomodo
736 956 871 1010 ergo
920 941 1204 998 Dominus
1236 943 1370 998 alibi
1406 944 1504 1012 ait,
1538 969 1563 994 ‹‹
1600 947 1714 1015 Ego
1763 950 1818 1000 et
1868 949 2035 998 Pater

390 1044 571 1081 unum
634 1029 957 1084 sumus”?
1007 1032 1098 1085 Ar.
1150 1034 1233 1087 An
1286 1033 1571 1089 Sabellius
1615 1035 1719 1089 es?
1765 1035 1886 1089 Ath.
1920 1034 2035 1089 Cur

389 1116 501 1170 sim
533 1118 863 1174 Sabellius?
895 1120 984 1173 Ar.
1020 1121 1162 1185 Quia
1213 1122 1433 1177 Patrem
1484 1128 1540 1177 et
1587 1123 1794 1177 Filium
1849 1140 2028 1178 unum

389 1222 517 1260 esse
572 1207 790 1261 dixisti.
827 1210 948 1262 ΑτΙι.
983 1209 1063 1263 Ne
1121 1227 1213 1264 me
1271 1212 1670 1267 calumnieris.
1705 1213 1817 1267 Nec
1875 1214 2030 1267 enim

389 1295 505 1348 dixi
555 1295 776 1350 Patrem
813 1302 869 1350 et
902 1297 1109 1352 Filium
1162 1317 1339 1354 unum
1389 1318 1536 1370 esse,
1570 1303 1667 1356 sed
1717 1301 2028 1357 Dominum

390 1383 605 1439 dixisse
635 1401 647 1438 :
676 1408 701 1435 «
735 1386 850 1455 Ego
881 1392 935 1441 et
970 1391 1136 1441 Pater
1179 1406 1361 1444 unum
1407 1407 1688 1445 sumus.»
1724 1392 1818 1445 Ar.
1854 1390 2031 1461 Atqui

390 1472 512 1527 haec
543 1472 669 1544 ipsa
700 1478 787 1528 est
818 1475 1050 1530 Sabellii
1093 1477 1347 1533 haeresis.
1382 1480 1502 1534 Ath.
1536 1480 1687 1534 Num
1720 1479 1899 1551 igitur
1929 1484 2032 1535 Do-

391 1561 589 1617 minus
643 1563 741 1633 qui
800 1565 975 1619 ait:«
1010 1567 1127 1635 Ego
1186 1571 1243 1620 et
1298 1572 1468 1623 Pater
1524 1586 1706 1623 unum
1740 1585 1968 1635 sumus,
2005 1590 2032 1617 »

392 1650 684 1707 Sabellius
739 1656 882 1707 erat.
918 1656 997 1707 An
1047 1671 1162 1709 non
1212 1672 1415 1712 omnes
1458 1657 1769 1713 Christiani
1829 1658 2033 1713 Jesum

391 1739 602 1794 Filium
636 1740 734 1795 Dei
783 1757 911 1796 esse
961 1743 1283 1798 novimus?
1329 1746 1413 1800 Tu
1464 1763 1596 1802 vero
1645 1746 1839 1818 ipsum
1892 1746 2036 1802 dicis
2069 1778 2115 1843 Β

393 1827 711 1885 Sabellium
747 1846 875 1884 esse
920 1835 974 1883 et
1022 1830 1256 1887 haeresis
1311 1836 1698 1905 magistrum?
1729 1838 1823 1891 Ar.
1872 1836 2039 1891 Absit

396 1936 429 1973 a
462 1935 554 1972 me
603 1921 666 1971 ut
714 1918 792 1971 ita
845 1919 1117 1985 sentiam,
1153 1922 1249 1975 sed
1313 1924 1576 1979 Salvator
1612 1926 1693 1997 ’de
1740 1943 1847 1981 sua
1903 1943 2035 1980 cum

395 2008 562 2063 Patre
616 2007 927 2062 concordia
986 2009 1085 2063 illa
1140 2012 1422 2068 intellexit
1473 2015 1690 2069 verba:
1726 2038 1753 2064 «
1807 2016 1924 2087 Ego
1984 2019 2040 2070 et

392 2100 563 2151 Pater
594 2113 775 2150 unum
818 2113 1045 2152 sumus.
1075 2120 1101 2147 ››
1135 2101 1255 2156 Am.
1291 2103 1471 2172 Cujus
1501 2120 1681 2159 causa
1727 2104 1846 2159 hac
1897 2105 2043 2159 dixit

394 2185 701 2247 Dominus,
738 2186 950 2255 quidve
1005 2187 1096 2243 bis
1143 2189 1371 2245 volebat
1428 2192 1729 2248 indicare?
1769 2210 2038 2261 suamne,

396 2278 461 2327 ut
493 2281 684 2345 putas,
719 2290 849 2327 cum
887 2276 1046 2330 Patre
1077 2279 1468 2347 concordiam,
1501 2298 1572 2335 an
1608 2282 1800 2352 potius
1829 2282 2041 2337 divini-

398 2367 601 2429 tatem,
637 2368 697 2416 ut
748 2370 902 2417 recta
953 2365 1097 2420 ratio
1157 2368 1405 2437 probat?
1454 2369 1500 2424 si
1553 2372 1947 2440 concordiam,
1981 2376 2044 2425 ut

400 2452 725 2517 existimas,
776 2452 957 2523 igitur
1012 2459 1190 2509 testes
1233 2462 1433 2512 contra
1482 2460 1706 2513 Patrem
1758 2461 2042 2516 suborna-

402 2541 521 2608 bat,
556 2557 628 2595 ne
674 2541 936 2596 videlicet
968 2559 1001 2597 a
1031 2547 1198 2598 Patre
1244 2546 1631 2602 abdicaretur.
1664 2549 1823 2611 Quod
1866 2549 1915 2603 si
1946 2565 2047 2603 ve-

404 2647 534 2684 rum
569 2634 688 2695 est;
726 2629 907 2684 Filius
939 2648 1073 2703 ergo
1117 2636 1341 2689 Patrem
1376 2642 1632 2702 accusat,
1664 2638 1817 2708 quod
1852 2638 2046 2711 ingra-

403 2724 528 2773 tum
582 2735 642 2772 se
692 2720 1018 2788 praebuerit,
1054 2739 1156 2777 nec
1197 2732 1361 2794 pacta
1409 2727 1729 2781 concordia:
1782 2728 2045 2783 servarit.

404 2810 565 2874 Quod
600 2807 645 2862 si
680 2810 760 2862 ita
788 2825 916 2863 esse
947 2809 1108 2878 velis,
1141 2812 1419 2885 intellige,
1452 2831 1668 2886 quaaso,
1703 2833 1816 2887 quo
1850 2821 1904 2872 te
1935 2817 2049 2872 hu-

397 2897 663 2968 jusmodi
697 2898 806 2953 abd
821 2903 951 2952 ucat
982 2902 1287 2957 sententia.

480 3078 565 3130 10.
598 3077 689 3131 Ar.
722 3076 935 3131 Verum
981 3080 1117 3150 quid
1174 3097 1278 3136 nos
1328 3082 1412 3137 vis
1461 3084 1670 3149 dicere,
1706 3100 1846 3139 num
1897 3085 2047 3155 quod

406 3168 577 3219 Pater
606 3170 663 3219 et
695 3166 875 3220 Filius
927 3184 1105 3222 unum
1133 3170 1250 3224 sit?
1282 3171 1400 3224 Ath.
1432 3173 1708 3227 Dominus
1728 3173 1902 3229 Jesus
1934 3189 2048 3228 non

406 3254 487 3308 ait
510 3269 557 3307 τα
587 3257 699 3324 Ego
730 3259 803 3327 et
824 3255 984 3309 Pater
1009 3273 1189 3311 unum
1225 3275 1378 3324 eum,
1403 3260 1504 3314 sed
1538 3278 1721 3315 unum
1750 3278 1959 3316 sumus
1984 3279 1996 3316 :
2021 3284 2047 3311 ››

409 3340 618 3412 hisque
650 3343 863 3408 verbis,
891 3366 917 3390 ‹‹
953 3361 1136 3399 unum
1171 3363 1402 3413 sumus,
1428 3369 1455 3395 »
1489 3350 1802 3418 perfectam
1835 3349 2051 3406 indica-

407 3431 492 3486 vit
519 3430 889 3499 dualitatem;
923 3438 980 3487 et
1008 3434 1280 3501 dictione,
1307 3459 1333 3485 «
1368 3454 1570 3504 unum,
1599 3461 1624 3486 ››
1658 3438 2048 3494 substantiam

411 3520 777 3593 signiﬁcavit.
804 3523 935 3586 Quae
976 3522 1112 3592 quia
1163 3540 1274 3578 non
1324 3525 1682 3590 intellexisti,
1708 3529 1763 3582 in
1799 3528 2051 3583 absurda

410 3609 625 3665 idcirco
657 3609 937 3665 incidisti.
973 3611 1064 3664 Ar.
1099 3616 1185 3664 An
1219 3629 1331 3666 non
1380 3615 1656 3670 Dominus
1687 3616 1831 3670 dixit
1863 3632 1911 3670 :u
1946 3621 2051 3670 Pa-

410 3709 500 3753 ter
549 3701 644 3771 qui
702 3701 864 3755 misit
914 3716 1023 3770 me,
1078 3703 1264 3773 major
1310 3720 1403 3758 me
1451 3704 1625 3759 est?»
1664 3706 1785 3760 Ath.
1821 3708 1892 3760 At
1938 3722 2052 3760 non

412 3790 675 3844 Salwtor
707 3789 852 3843 dixit
885 3807 896 3843 ξ
924 3811 952 3840 ‹‹
985 3791 1100 3860 Ego
1132 3798 1188 3845 et
1220 3796 1389 3847 Pater
1434 3811 1616 3848 unum
1669 3812 1910 3859 sumus;
1942 3818 1966 3845 ››
2001 3801 2057 3851 et

413 3895 621 3933 rursus
673 3896 750 3933 :u
799 3879 903 3942 Qui
953 3879 1099 3935 vidit
1156 3898 1268 3945 me,
1321 3882 1463 3937 vidit
1514 3885 1734 3939 Patrem
1755 3885 1841 3939 ’5'?
1876 3908 1902 3932 »
1940 3887 2056 3939 Imo

412 3967 728 4038 Apostolus
761 3984 994 4040 quoque
1036 3969 1160 4023 Filii
1212 3975 1269 4025 et
1316 3971 1498 4027 Patris
1549 3973 1938 4044 aequalitatem
1970 3974 2057 4027 di-

415 4060 567 4112 serte
598 4056 689 4111 his
721 4057 909 4113 verbis
950 4059 1204 4114 declarat
1227 4078 1275 4114 ια
1310 4061 1415 4124 Qui
1450 4078 1583 4118 cum
1633 4063 1691 4117 in
1742 4063 1927 4118 forma
1958 4063 2057 4118 Dei

415 4148 589 4211 esset,
625 4162 738 4199 non
772 4146 1033 4217 rapinam
1069 4149 1382 4204 arbitratus
1415 4155 1503 4206 est
1535 4168 1661 4208 esse
1692 4170 1753 4208 se
1775 4152 2057 4223 aequalem

417 4232 570 4289 Deo:
606 4234 703 4287 sed
739 4236 1120 4307 semetipsum
1152 4238 1468 4294 exinanivit
1493 4241 1536 4274 ’7
1562 4256 1574 4295 :
1602 4264 1622 4293 ι
1658 4240 1855 4296 Viden’
1881 4242 2061 4296 Filius

418 4324 651 4396 proprio
710 4323 862 4377 Patri
923 4324 1197 4394 aequalem
1253 4343 1404 4392 esse,
1445 4346 1555 4384 non
1617 4334 1810 4385 autem
1873 4330 2057 4385 mino-

418 4429 541 4468 rem
564 4413 590 4466 ?
623 4414 712 4466 Ar.
748 4412 956 4484 Magna
997 4414 1138 4468 mihi
1170 4415 1398 4470 videtur
1440 4417 1870 4488 Scripturarum
1903 4420 1972 4474 de
2003 4437 2062 4474 re

2146 491 2424 569 λὲγοντος*
2462 520 2489 548 ‹‹
2516 498 2575 554 Ὁ
2607 500 2790 573 Πατήρ
2838 518 2963 570 μου,
2998 500 3025 552 6
3057 498 3276 571 πέμψας
3328 520 3413 572 με,
3449 498 3647 572 μείζων
3684 520 3791 572 μου

2144 582 2281 637 ἐστὶν
2333 603 2345 651 ;
2401 609 2428 636 ››
2482 587 2599 649 Ἀθ.
2653 587 2835 641 εἶπεν·
2880 587 3176 663 Ἐρωτήσω
3221 607 3296 640 σε’
3349 587 3410 641 σὺ
3460 585 3518 641 δὲ
3568 589 3795 660 ἀποκρί-

2144 670 2268 742 θητί
2304 693 2417 743 μοι·
2451 675 2505 726 Ὁ
2558 676 2749 747 Σωτήρ
2807 697 2912 747 μου
2958 676 3034 747 μὴ
3084 674 3291 730 ἐναντία
3339 675 3627 753 ἐφθέγξατο
3666 678 3789 732 ἑαυ-

2141 764 2219 831 τῷ
2266 763 2376 834 (75)
2431 781 2443 829 ;
2497 766 2632 835 "Ap'
2692 765 2855 818 εἶπεν·
2907 765 2995 833 Μὴ
3047 766 3297 839 γὲνοιτοί
3349 771 3629 840 πανταλοῦ
3685 766 3790 841 γὰρ

2143 848 2433 927 σύμφωνος
2485 853 2657 923 ἑαυτῷ
2700 857 2957 928 τυγχάνει
3011 854 3038 905 6
3070 851 3192 914 Υἱός
3239 857 3335 907 τοῦ
3381 859 3534 910 Θεοῦ.
3568 855 3684 921 Ἀθ,
3718 858 3793 908 εἷο

2142 959 2258 993 πεν’
2296 944 2417 1001 Πῶς
2449 939 2543 994 οὖν
2577 942 2604 995 6
2638 943 2831 1013 Κύριος
2863 942 2913 995 ἐν
2966 939 3122 1015 ἄλλῳ
3152 938 3305 1014 τόπῳ
3344 945 3552 1019 φάσκει,
3589 969 3615 991 ‹‹
3647 945 3799 1018 Ἐγὼ

2142 1028 2229 1083 καὶ
2264 1029 2291 1081 6
2323 1031 2508 1105 Πατὴρ
2554 1027 2606 1084 ἓν
2657 1030 2814 1104 ἐσμεν
2853 1077 2866 1100 ,
2899 1032 3023 1106 'Ap'
3068 1033 3234 1085 εἶπεν·
3271 1031 3346 1085 Σὺ
3391 1028 3693 1094 Σαϐἑλλιος
3730 1035 3799 1093 εἴ.

2144 1119 2261 1173 Ἀθ.
2316 1120 2479 1173 εἶπεν·
2529 1120 2626 1174 Διὰ
2671 1120 2723 1173 τί
2770 1119 2883 1193 εἶμι
2940 1115 3244 1182 Σαϐἐλλιος
3279 1140 3291 1189 ;
3327 1128 3453 1196 ”Αρ.
3501 1125 3667 1177 εἶπεν·
3721 1129 3802 1177 ’E-

2142 1204 2301 1276 πειδὴ
2333 1208 2506 1276 εἶπας,
2556 1209 2617 1264 Ὁ
2666 1210 2852 1284 Πατὴρ
2898 1209 2987 1263 καὶ
3039 1210 3066 1262 6
3112 1209 3235 1269 Υἱὸς
3279 1206 3333 1263 ἓν
3367 1208 3527 1264 ἐστιν.
3578 1211 3687 1266 Ἀθ,
3726 1213 3803 1264 εἷ-

2142 1316 2234 1350 πεν
2271 1316 2283 1327 ⁸
2341 1298 2434 1365 Μὴ
2492 1295 2829 1371 καταψεύδου
2908 1317 3053 1369 μου·
3118 1297 3179 1352 οὐ
3238 1299 3340 1373 γὰρ
3400 1298 3544 1353 οὕτω
3602 1299 3751 1375 φημὶ
3788 1345 3802 1368 ,

2143 1383 2223 1440 ὅτι
2259 1386 2286 1439 6
2335 1388 2519 1462 Πατὴρ
2568 1386 2657 1441 καὶ
2707 1389 2735 1441 6
2784 1388 2907 1448 Υἱὸς
2947 1383 3002 1442 ἓν
3049 1385 3211 1455 ἐστιν,
3264 1387 3386 1442 ἀλλ’
3429 1386 3511 1441 ὅτι
3543 1388 3569 1441 6
3602 1388 3803 1461 Κύριος

2143 1472 2266 1551 ἔφη’
2300 1500 2325 1525 ‹‹
2361 1476 2503 1549 Ἐγὼ
2551 1476 2639 1530 καὶ
2672 1476 2699 1529 6
2729 1477 2913 1550 Πατὴρ
2940 1472 2995 1530 ἓν
3030 1475 3209 1547 ἐσμεν.
3248 1499 3275 1526 ››
3308 1482 3437 1550 "Ap.
3480 1477 3624 1531 εἶπεν
3655 1480 3794 1549 (76)’

2145 1563 2292 1633 Αὕτη
2344 1566 2378 1632 ἡ
2429 1562 2627 1640 α’ίρεσις
2680 1559 2987 1619 Σαϐελλίου
3032 1564 3193 1620 ἐστίν.
3242 1566 3358 1629 Ἀθ.
3389 1566 3553 1620 εἶπεν·
3586 1564 3795 1619 Οὖκοῦν

2145 1655 2172 1708 ὁ
2205 1652 2398 1729 Κύριος
2430 1654 2458 1707 6
2508 1653 2760 1729 εἰρηκὼς,
2793 1678 2821 1705 ‹‹
2857 1655 2999 1729 Ἐγὼ
3042 1654 3133 1709 καὶ
3165 1654 3192 1708 6
3228 1656 3413 1730 Πατὴρ
3457 1651 3511 1708 ἓν
3547 1653 3732 1728 ἐσμεν,
3768 1678 3796 1705 ιι

2147 1737 2449 1803 Σαϐἐλλιος
2494 1742 2560 1811 ἦν
2597 1761 2609 1811 ;
2644 1742 2716 1797 Οὐ
2764 1745 2958 1805 πάντες
3009 1744 3060 1797 οἱ
3104 1743 3413 1819 Χριστιανοὶ
3465 1745 3669 1813 Ἰησοῦν
3703 1744 3802 1797 τὸν

2148 1833 2270 1885 Υἰὸν
2321 1836 2415 1885 τοῦ
2463 1835 2596 1886 Θεοῦ
2645 1828 2866 1904 οἳδαμεν
2900 1851 2913 1901 ;
2950 1830 3012 1886 σὺ
3045 1829 3102 1887 δὲ
3155 1828 3456 1887 Σαϐἑλλιον
3508 1833 3595 1887 καὶ
3649 1830 3807 1886 διδά-

2149 1919 2348 1976 σκαλον
2407 1921 2664 1995 αἱρέσεως
2717 1920 2874 1975 αὐτὸν
2926 1921 3032 1999 φῄς
3067 1939 3080 1989 ;
3114 1925 3234 1996 "Ap.
3267 1922 3402 1975 εἷπε’
3458 1923 3551 1990 Μὴ
3584 1920 3806 1996 γένοιτό

2154 2032 2246 2084 μοι
2271 2014 2435 2065 τοῦτο
2470 2017 2742 2086 φρονῆσαι
2776 2012 2787 2065 !
2823 2012 2850 2064 6
2880 2011 2981 2086 γὰρ
3034 2011 3231 2086 Σωτὴρ
3284 2012 3397 2065 εἶπε
3427 2011 3548 2084 περὶ
3580 2032 3813 2088 συμφω-

2148 2099 2283 2166 νίας,
2342 2098 2424 2153 δτι
2477 2123 2505 2151 ‹‹
2561 2100 2703 2174 Ἐγὼ
2760 2098 2849 2153 καὶ
2908 2100 2936 2153 6
2986 2101 3172 2175 Πατὴρ
3222 2098 3275 2154 ἕν
3324 2100 3504 2172 ἐσμεν.
3565 2124 3584 2149 ι
3646 2101 3805 2157 Ἀαν.

2152 2190 2314 2243 εἶπεν
2346 2186 2521 2243 ἕνεκεν
2562 2188 2706 2250 τίνος
2756 2186 2903 2259 ἔλεξε
2948 2186 3132 2244 τοιάδε
3180 2190 3208 2243 ὁ
3259 2187 3578 2261 Κύριος;τί
3626 2186 3807 2252 θέλων

2151 2280 2489 2353 παραστῆσαι
2523 2295 2535 2346 ;
2567 2278 2667 2346 τὴν
2722 2275 3035 2353 συμφωνίαν
3085 2277 3221 2332 κατὰ
3263 2278 3342 2345 σε,
3373 2278 3406 2346 ἢ
3438 2278 3536 2346 τὴν
3568 2278 3807 2347 θεότητα

2151 2367 2287 2421 κατὰ
2335 2366 2424 2420 τὸν
2474 2366 2630 2440 ὀρθὸν
2683 2366 2843 2442 λόγον
2882 2385 2895 2433 ;
2942 2365 3006 2422 Et
3059 2366 3151 2440 μὲν
3196 2366 3296 2442 γὰρ
3342 2367 3442 2434 τὴν
3490 2365 3784 2442 συμφωνία

2152 2455 2288 2509 κατὰ
2343 2457 2418 2525 σὲ,
2477 2456 2579 2529 ἄρα
2638 2454 2909 2529 μάρτυρας
2964 2457 3083 2528 (77)
3137 2454 3488 2523 κητεσκεύαζε
3536 2456 3668 2509 κατᾶ
3706 2460 3811 2509 τοῦ

2155 2545 2365 2618 ΙΙατρὸς
2404 2590 2418 2613 ,
2475 2544 2551 2616 μὴ
2607 2540 2709 2618 ἄρα
2763 2542 3012 2613 ἀθέτησις
3071 2543 3216 2615 αὐτῷ
3269 2544 3489 2619 γένηται
3548 2544 3650 2598 ὑπὸ
3706 2549 3811 2598 τοῦ

2156 2632 2386 2709 Πατρός
2421 2632 2467 2687 εἰ
2517 2630 2573 2687 δὲ
2620 2633 2766 2695 τοῦθ’
2827 2632 2998 2694 οὕτως
3058 2629 3196 2708 ἔχει,
3258 2633 3285 2685 6
3341 2634 3464 2694 Υἱὸς
3510 2643 3816 2708 κατηγορεῖ

2156 2726 2252 2777 τοῦ
2288 2723 2495 2797 ΙΙατρὸς
2525 2722 2660 2777 κατά
2705 2722 2783 2794 σὲ,
2835 2723 2909 2784 ὡς
2960 2720 3299 2796 ἀγνώμονος,
3351 2721 3439 2776 καὶ
3490 2723 3563 2794 μὴ
3617 2723 3812 2793 μὲνον-

2157 2832 2252 2874 τος
2286 2812 2336 2867 ἐν
2369 2817 2487 2873 ταῖς
2517 2813 2806 2881 συνθήκαις
2839 2818 2938 2880 τῆς
2972 2810 3286 2888 συμφωνίας
3333 2816 3429 2865 τοῦ
3474 2812 3704 2885 Πατρός.
3744 2811 3811 2867 El

2162 2900 2219 2957 δὲ
2248 2901 2337 2956 καὶ
2366 2902 2514 2964 τοῦθ’
2546 2900 2719 2963 οὕτως
2752 2897 2888 2976 ἔχει,
2923 2898 3114 2955 λοιπὸν
3147 2900 3345 2971 νόησον
3378 2904 3482 2954 ποῖ’)
3512 2921 3570 2955 σε
3610 2900 3813 2975 ἀπάγει

2160 2989 2222 3045 τὸ
2254 2991 2343 3045 σὸν
2377 2989 2548 3068 φρόνη
2559 3011 2652 3062 μα.
3272 2996 3281 3006 ”

2237 3083 2321 3137 10.
2354 3081 2475 3155 Ἀρ.
2530 3080 2690 3133 εἶπεν·
2744 3075 2922 3133 Ἀλλὰ
2966 3076 3018 3132 τί
3070 3076 3245 3141 Θέλεις
3278 3076 3367 3131 τίνα
3416 3074 3676 3150 εἴπωμεν,
3726 3077 3818 3133 ὅτι

2082 3147 2124 3213 C
2163 3170 2191 3223 6
2222 3147 2436 3241 Πατὴρ·
2461 3166 2549 3221 καὶ
2583 3167 2610 3220 ὁ
2642 3165 2763 3226 Υἱὸς
2808 3162 2861 3219 ἓν
2913 3163 3051 3219 ἐστιν
3089 3184 3101 3233 ;
3138 3166 3251 3227 ’Λο.
3305 3166 3468 3218 εἶπεν
3500 3147 3569 3221 Ὀ.
3612 3147 3819 3239 Κῦριος

2161 3260 2368 3328 Ἰησοῦς
2413 3256 2510 3310 οὐκ
2554 3256 2717 3323 εἶπεν,
2769 3279 2795 3304 ‹‹
2832 3254 2969 3328 Ἐγὼ
3017 3253 3106 3307 καὶ
3157 3254 3184 3307 6
3236 3254 3423 3328 Ιῐατὴρ
3469 3249 3522 3306 ἓν
3582 3254 3693 3325 εἶμι
3732 3273 3745 3282 ·
3788 3278 3810 3304 ι

2173 3341 2339 3401 ’)λ”’
2625 3340 2735 3397 Et
3060 3340 3075 3363 ‘
3151 3342 3165 3358 ‘
3241 3338 3265 3358 "
3318 3338 3366 3396 ’δ
3462 3340 3571 3395 ελί
3752 3363 3813 3383 ~-

2163 3368 2226 3399 α.
2314 3365 2529 3423 εφησεν,
2566 3369 2591 3394 ι(
2656 3366 2680 3395 ν
2740 3363 2889 3416 σμεν,
2927 3366 2954 3393 ››
2987 3363 3075 3396 και
3105 3362 3204 3409 την
3238 3360 3334 3395 ουα
3371 3362 3403 3395 α
3426 3363 3483 3395 τ-
3526 3362 3549 3396 ε
3575 3363 3633 3395 αν
3668 3362 3780 3417 παρ

2162 3436 2377 3504 ἑστησεν
2410 3432 2460 3487 ἐν
2501 3432 2581 3502 τῷ
2630 3430 2798 3503 λέξαι,
2847 3454 2874 3481 ‹‹
2907 3426 2962 3484 ἓν
2992 3429 3171 3503 ἐσμεν.
3208 3455 3236 3480 ››
3270 3430 3346 3486 Τὸ
3391 3428 3466 3498 δὲ,
3500 3456 3527 3482 ((
3577 3428 3653 3498 ἔν,
3686 3455 3714 3482 ››
3746 3432 3813 3485 τὸ

2161 3531 2258 3593 τῆς
2307 3520 2493 3581 οὐσίας
2550 3520 2787 3591 ἐσήμανε
2819 3537 2831 3550 ⁸
2867 3517 2929 3572 σὺ
2960 3515 3039 3584 δὲ,
3074 3519 3149 3590 μὴ
3199 3521 3397 3588 νοήσας
3431 3563 3443 3588 ,
3478 3519 3551 3573 εἷς
3592 3518 3814 3574 ἀτοπῖσι

2163 3612 2472 3687 ἐχώρησας.
2532 3611 2653 3683 Ἃρ.
2716 3609 2876 3661 εἶπεν*
2938 3608 2995 3659 Ὀ
3052 3606 3249 3682 Κύριος
3309 3606 3408 3661 οὐκ
3456 3608 3617 3662 εἶπεν.
3675 3632 3701 3657 ‹‹
3749 3609 3817 3663 Ὀ

2168 3702 2355 3776 Πατὴρ
2388 3743 2401 3766 ,
2435 3701 2462 3753 ὁ
2521 3697 2737 3772 πέμψας
2789 3718 2875 3769 με,
2920 3694 3118 3768 μείζων
3179 3717 3283 3768 μου
3317 3695 3455 3750 ἐστίν
3491 3716 3503 3766 ;
3540 3722 3567 3747 ››
3602 3698 3709 3753 Ἀθ,
3748 3698 3820 3751 εἴ.

2165 3812 2282 3846 πεν.
2346 3789 2539 3862 Σωτὴρ
2599 3787 2698 3841 οὐκ
2754 3787 2917 3840 εἶπεν
2980 3809 3006 3836 ‹‹
3068 3785 3207 3861 Ἐγὼ
3276 3784 3366 3839 καὶ
3425 3787 3452 3839 6
3511 3787 3699 3861 Πατήρ
3759 3782 3820 3841 ’ἐν

2169 3882 2345 3951 ἐσμεν,
2378 3902 2403 3928 ››
2434 3877 2523 3933 καὶ
2580 3874 2761 3931 πάλινο
2797 3899 2825 3927 ι(
2857 3880 2909 3928 Ὁ
2968 3874 3221 3947 ἑωρακὼς
3275 3873 3371 3946 ἐμὲ
3406 3920 3419 3946 ,
3481 3875 3682 3951 ἑώρακε
3722 3876 3823 3929 τὸν

2168 3967 2380 4044 Πατέρα
2416 3987 2428 4036 ;
2465 3991 2491 4017 υ
2525 3964 2701 4021 Ἀλλά
2732 3965 2838 4037 μὴν
2866 3962 2956 4018 καὶ
2986 3964 3014 4017 6
3044 3961 3382 4025 Ἀπόστολος
3432 3966 3529 4031 τὴν
3592 3963 3826 4033 ἰσότητα

2166 4063 2262 4114 τοῦ
2299 4058 2421 4111 Γὶοῦ
2453 4103 2467 4130 ,
2501 4057 2559 4124 ἢν
2619 4050 2733 4129 ἔχει
2792 4054 2927 4128 πρὸς
2984 4053 3075 4107 τὸν
3134 4052 3325 4107 ἑαυτοῦ
3357 4052 3590 4127 Πατέρα,
3635 4058 3825 4130 σαφῶς

2170 4145 2436 4217 ἐδήλωσε,
2470 4144 2663 4218 λέγων’
2698 4166 2727 4194 ‹‹
2758 4144 2875 4208 Ὃς,
2908 4141 2957 4195 ἐν
2994 4144 3177 4216 μορφῇ
3232 4145 3365 4195 Θεοῦ
3399 4142 3681 4217 ὑπάρχων,
3711 4140 3826 4217 οὐχ

2171 4235 2451 4312 ἁρπαγμὸν
2498 4233 2745 4307 ἡγήσατο
2794 4231 2855 4284 τὸ
2906 4230 3037 4283 εἶναι
3086 4224 3173 4282 ἷ¹σα
3226 4234 3340 4301 Θεῷ
3375 4247 3387 4259 '
3448 4226 3574 4283 ἀλλ’
3630 4230 3822 4283 ἑαυτὸν

2170 4324 2421 4379 ἐκένωσεν
2456 4324 2589 4395 (78).
2648 4341 2675 4372 ι»
2740 4320 2922 4394 Ὁρᾷς,
2981 4316 3062 4370 δτι
3124 4313 3237 4378 ἴσος
3294 4316 3433 4371 ἐστὶν
3481 4317 3509 4369 6
3553 4316 3675 4377 Υἱὸς
3722 4320 3827 4370 τοῦ

2174 4412 2311 4469 ἰδίου
2344 4411 2576 4486 Ιῐατρὸς,
2607 4408 2695 4464 καὶ
2727 4407 2789 4463 οὐ
2843 4405 3162 4480 μικρότερος
3200 4425 3212 4474 ;
3246 4408 3371 4479 Ἀρ.
3415 4407 3578 4461 εἶπεν
3614 4408 3824 4478 Ἀσυμ-

420 4502 687 4573 ΡΓὲἓΒϐΠῐί
741 4502 1051 4558 dissensio.
1103 4504 1223 4559 Ath.
1284 4505 1451 4559 Absit
1498 4511 1563 4559 ut
1608 4506 1782 4562 homo
1832 4508 2047 4563 divinos

2176 4502 2350 4582 φωνία
2387 4498 2574 4569 πολλή
2631 4520 2723 4572 μοι
2772 4493 3145 4571 καταφαίνεται
3194 4499 3298 4549 τῶν
3350 4500 3572 4573 Γραιρῶν
3607 4494 3693 4549 ἐπὶ
3723 4499 3826 4548 τοῦ

420 4590 637 4661 Deique
669 4591 867 4645 afflatu
910 4592 1162 4663 scriptos
1207 4594 1387 4648 libros
1436 4596 1649 4650 audeat
1696 4596 2062 4667 calumniari,

420 4679 588 4751 quasi
623 4679 841 4734 scilicet
874 4698 987 4735 non
1032 4682 1182 4735 inter
1207 4699 1268 4737 se
1298 4681 1352 4735 in
1389 4683 1481 4738 his
1513 4686 1790 4741 omnibus
1821 4703 2066 4742 consen-

418 4770 615 4823 tirent.
651 4772 815 4826 Certe
846 4786 1047 4825 omnes
1093 4770 1427 4842 Scripturas,
1459 4772 1648 4827 instar
1677 4790 1854 4846 (equae
1882 4775 2065 4841 libraa,

416 4858 579 4913 valde
626 4875 826 4913 secum
879 4861 1271 4914 consentiunt.
1308 4862 1403 4915 Ar.
1437 4862 1543 4925 Qui
1596 4862 1718 4917 fieri
1770 4867 1957 4935 potest
2005 4871 2070 4920 ut

420 4947 835 5002 consentiant?
864 4946 1126 5002 Salvator
1175 4949 1253 5003 ait
1289 4966 1300 5003 :
1338 4973 1364 4998 ‹‹
1399 4951 1566 5004 Pater
1611 4952 1707 5021 qui
1761 4952 1923 5007 misit
1953 4970 2065 5023 me,

422 5038 611 5107 major
641 5052 733 5090 me
763 5041 854 5091 est
885 5053 897 5089 :
926 5060 955 5086 »
986 5037 1141 5093 idem
1189 5055 1393 5094 rursus
1426 5040 1505 5095 ait
1535 5056 1547 5094 :
1578 5063 1603 5089 ‹‹
1640 5041 1755 5111 Ego
1804 5046 1861 5097 et
1904 5042 2071 5098 Pater

493 5218 538 5253 ²⁸
566 5218 733 5275 Joan.
768 5236 822 5288 x,
852 5218 940 5273 30.
1018 5219 1062 5253 ²⁶
1089 5219 1259 5275 Joan.
1294 5236 1406 5288 xiv,
1438 5222 1492 5274 9.
1570 5221 1615 5255 ³⁷
1646 5220 1894 5293 Philipp.
1932 5239 1992 5288 II,
2019 5222 2075 5277 7.

494 5400 843 5479 ’Ἑαυτῴ
873 5401 1034 5456 deest
1064 5400 1123 5456 in
1165 5404 1311 5474 Aug.
1348 5402 1474 5457 Mox
1507 5401 1681 5471 idem,
1716 5402 1804 5470 Μὴ
1835 5402 2064 5479 γὲνοιτο.

421 5474 547 5546 παρ’
578 5472 742 5526 αὐτοῦ
772 5471 892 5546 γάρ,

495 5543 606 5613 (7G)
640 5543 859 5615 ’Ἄρειος
902 5543 1041 5597 εἶπεν
1076 5545 1238 5599 deest
1284 5544 1342 5599 in
1389 5550 1538 5617 Aug.
1576 5548 1634 5601 In
1674 5547 1813 5603 Felc.
1848 5564 1981 5604 vero
2010 5548 2064 5617 2,

422 5620 479 5675 et
508 5617 630 5674 haec
661 5613 723 5673 et
745 5618 1050 5688 sequentia
1079 5632 1267 5688 usque
1296 5617 1366 5672 ad
1400 5613 1581 5689 ἐσμεν,

2175 4592 2463 4668 παρόντοςθ
2512 4592 2627 4652 Ἀθ.
2664 4589 2824 4643 εἶπεν·
2859 4585 2947 4653 Μὴ
2979 4583 3189 4659 γὲνοιτο
3236 4582 3328 4638 ’ίνα
3382 4584 3667 4659 ἄνθρωπος
3696 4604 3829 4638 κατ-

2177 4683 2298 4755 είπῃ
2353 4685 2460 4733 τῶν
2518 4678 2673 4732 Θείων
2733 4677 2820 4731 καὶ
2880 4671 3247 4738 θεοπνεύστων
3310 4679 3575 4750 Γραφῶν,
3635 4674 3707 4732 ὡς
3760 4673 3829 4725 οὗ

2180 4772 2311 4846 μετὰ
2370 4768 2681 4845 συμφωνίας
2739 4771 2903 4821 ταῦτα
2960 4760 3128 4816 πάντα
3176 4763 3597 4838 φθεγγομένωνί
3650 4762 3826 4835 Ζυγὸς

2176 4863 2280 4937 γὰρ
2329 4857 2507 4933 ὥσπερ
2554 4855 2780 4927 δίκαιος,
2838 4855 2979 4910 οὕτω
3037 4856 3385 4931 συμφωνοῦσι
3441 4852 3575 4927 πρὸς
3634 4849 3826 4911 ἑαυτὰς

2176 4957 2338 5004 πᾶσαι
2371 4950 2424 5001 αἱ
2467 4946 2689 5024 Γραφαί.
2742 4946 2862 5020 Ἀρ.
2916 4946 3075 4999 εἶπεν⁸
3129 4944 3255 5003 ΙΙῶς
3307 4944 3683 5017 συμφωνοῦσιν
3717 4958 3731 5008 ;
3764 4940 3827 4994 Ὀ

2180 5039 2376 5114 Σωτὴρ
2417 5035 2541 5115 ἔφη’
2577 5062 2603 5087 (ι
2637 5037 2698 5092 Ὁ
2758 5035 2947 5107 Πατὴρ
2981 5034 3009 5087 6
3040 5034 3259 5105 πεμψας
3322 5051 3407 5103 με,
3468 5029 3660 5103 μείζων
3721 5049 3832 5102 μου

2248 5399 2359 5470 (77)
2409 5402 2813 5470 Augustanus,
2870 5394 2970 5461 τήν
3026 5410 3341 5470 συμφωνιαν
3401 5389 3535 5470 κατᾲ
3588 5390 3665 5461 σὶ,
3724 5389 3835 5464 ἄρα

2182 5460 2473 5545 μάρτυρας,
2503 5460 2743 5545 Emissis
2776 5460 3241 5545 intermediisﬁ’
3274 5460 3713 5545 ὁμοιετρλευτον.

2265 5528 2369 5614 Ἴ8)’
2391 5528 2531 5614 Aug.
2564 5539 2816 5595 ἐκένωσεν
2853 5536 3067 5614 μορφὴν
3100 5528 3542 5590 δούλοόλαϐών.
