4108 6210
515 402 622 460 451

1678 399 1716 458 S
1787 399 2306 460 A'l‘HANASlUS.
2341 433 2415 444 —
2446 401 2756 464 SPURIA.

3784 412 3877 473 45!

517 537 771 592 Verbu'n
806 533 1018 604 ubique
1049 531 1222 598 adsit,
1247 531 1469 588 clarum
1505 547 1633 585 esse
1679 531 1873 602 ipsum
1929 535 2130 602 propte

2240 593 2245 600 .
2275 531 2362 593 Τίς
2397 531 2536 588 ἐστιν
2571 535 2599 588 6
2631 536 2994 604 κεκοπιακὼς,
3024 533 3326 611 ἄνθρωπος,
3371 537 3406 606 ἢ
3455 539 3484 592 6
3534 538 3658 600 Θεὸς
3697 541 3874 616 Λόγοςς

519 641 754 681 carnem
786 621 1004 678 dixisse
1038 638 1050 677 :
1085 644 1113 672 «
1138 621 1306 676 Pater
1339 637 1503 676 meus
1540 620 1642 692 qui
1690 620 1850 674 misit
1893 635 2007 689 me,
2042 637 2163 675 ma-

508 716 606 787 jor
636 732 728 770 me
757 717 864 770 est.
897 735 919 764 ι
956 713 1086 768 Haec
1117 711 1274 766 enim
1304 710 1680 782 gradiebatur
1701 713 1757 765 et
1786 709 2160 781 fatigabatur,

505 810 561 860 et
592 822 625 860 a
657 804 780 860 loco
811 803 871 857 in
904 805 1095 858 locum
1130 800 1438 871 migrabat.
1496 802 1659 855 Certe
1684 799 1739 853 id
1777 815 1838 854 se
1872 802 2024 854 recte
2053 797 2160 853 ha-

511 897 629 951 bet.

2276 624 2398 694 ”Ap.
2447 621 2615 676 εἶπεν·
2675 624 3013 698 Ἄνθρωπος.
3063 625 3174 687 Ἀθ.
3228 625 3390 680 εἶπεν·
3446 627 3645 681 Οὐκοῦν
3676 628 3756 682 σόν
3785 630 3873 685 ἐστι

2271 709 2333 763 τὸ
2371 716 2557 778 νοῆσαι
2609 710 2823 766 λοιπόν.
2871 717 2995 784 "Ap.
3045 712 3209 766 εἶπενο
3265 709 3655 787 Κατελαϐόμην
3693 737 3776 770 σου
3801 719 3874 771 τὸν

2270 803 2395 852 νοῦν
2425 797 2474 853 ἐν
2506 797 2586 872 τῷ
2617 798 2772 875 λόγῳ
2800 801 3005 872 τούτῳ,
3035 798 3118 854 ὅτι
3145 805 3243 855 τοῦ
3271 806 3404 856 Θεοῦ
3433 802 3610 876 Λόγου
3631 811 3872 882 πανταχοῦ

2269 886 2558 959 παρόντος,
2617 885 2786 958 δῆλον
2836 887 2920 945 ὅτι
2971 887 3059 944 διὰ
3103 890 3204 957 τὴν
3249 891 3419 966 σάρκα
3451 891 3615 960 εἶπεν,
3647 918 3672 943 ι(
3702 895 3756 951 Ὀ
3782 899 3870 948 Πα-

502 985 608 1057 τήρ
643 1003 770 1055 μου,
803 981 830 1034 ὁ
856 978 1073 1053 πέμψας
1106 999 1194 1050 με,
1231 978 1427 1051 μείζων
1464 999 1568 1051 μου
1600 977 1756 1048 ἐστίν,
1792 1003 1819 1030 ››
1849 978 1949 1045 τήν
1983 974 2303 1052 βαδίζουσαν
2325 977 2414 1031 καὶ
2445 983 2748 1051 κοπιῶσαν,
2779 979 2868 1034 καὶ
2899 978 3005 1034 ἀπὸ
3033 978 3204 1034 τόπου
3245 979 3320 1042 εἰς
3365 980 3534 1035 τόπον
3575 980 3743 1058 ἕτερον
3789 1004 3870 1037 πον

498 1070 817 1148 ρευομένην.
856 1067 1104 1140 Ἀληθῶς
1137 1067 1310 1143 ὀρθῶς
1346 1065 1460 1143 ἔχει
1489 1072 1671 1124 τοῦτο.

567 1164 654 1220 13.
706 1162 834 1218 Ath.
883 1161 1013 1216 Jam
1063 1160 1122 1214 in
1171 1163 1427 1215 mentem
1472 1175 1676 1215 revoca
1724 1158 1876 1229 quod
1927 1159 2148 1226 dixisti,

497 1253 683 1308 Deum
714 1250 969 1306 Verbum
1003 1253 1262 1304 creatum
1305 1265 1453 1303 esse.
1511 1247 1672 1303 Unde
1701 1247 1792 1303 vis
1841 1265 2150 1304 sumamus

497 1340 734 1396 initium
759 1340 786 1394 ?
819 1340 935 1410 Ego
965 1353 1098 1392 vero
1129 1354 1243 1392 non
1300 1337 1489 1391 audeo
1541 1340 1662 1390 tam
1716 1336 1965 1392 fidenter
1990 1337 2149 1409 loqui

498 1435 699 1486 contra
729 1433 1004 1484 mternam
1036 1427 1165 1496 ejus
1198 1424 1324 1480 Filii
1356 1425 1840 1480 divinitatem.Ar.
1875 1431 1986 1498 Ego
2018 1427 2147 1498 qui-

498 1520 631 1575 dem
660 1519 719 1573 id
753 1534 822 1572 ex
851 1516 1172 1588 Scripturis
1205 1515 1384 1586 probo
1419 1531 1431 1569 :
1471 1520 1532 1570 tu
1565 1529 1695 1568 vero
1719 1515 2013 1569 undenam
2039 1513 2147 1569 ha-

494 1609 598 1664 bes
627 1607 841 1662 Filium
872 1603 1347 1660 aeternumesse?
1381 1603 1634 1674 Ath.Ego
1665 1601 1920 1658 exlihris
1952 1603 2148 1660 divino

493 1699 696 1754 afﬂatu
723 1695 959 1766 scriptis
982 1694 1165 1748 didici
1195 1697 1476 1747 aeternum
1499 1709 1626 1748 esse
1657 1691 1753 1748 Dei
1786 1691 2018 1747 Filium.
2050 1695 2145 1748 Ar.

2332 1157 2420 1212 43.
2468 1161 2582 1221 Ἀθ.
2636 1157 2800 1212 εἶπενο
2852 1159 3055 1214 Λοιπὸν
3108 1155 3242 1216 λάϐε
3293 1181 3386 1234 μοι
3431 1159 3483 1215 ἐν
3516 1165 3593 1232 νῷ
3618 1161 3678 1215 τὸ
3708 1161 3870 1235 ῥητὸν,

2261 1243 2391 1319 ὅπερ
2421 1243 2576 1322 ἔφης,
2610 1245 2691 1300 ὅτι
2717 1249 2744 1302 ὁ
2775 1248 2904 1309 Θεὸς
2937 1247 3112 1323 Λόγος
3145 1249 3384 1320 ἐκτίσθη.
3434 1250 3600 1313 Πόθεν
3651 1245 3870 1323 λάϐωμεν

2257 1334 2356 1400 τὴν
2387 1334 2602 1410 ἀρχήη
2637 1335 2709 1389 Ού
2741 1335 2934 1409 τολμῶ
2965 1337 3139 1400 οὕτως
3168 1333 3390 1415 ἀφόϐως
3423 1338 3731 1416 φθέγγεσθαι
3760 1344 3871 1394 κατὰ

2257 1430 2354 1492 τῆς
2384 1421 2562 1478 ἀϊδίου
2594 1423 2853 1495 θεότητος
2881 1431 2978 1481 τοῦ
3009 1428 3141 1481 Υἱοῦ
3171 1427 3336 1483 αὐτοῦ
3370 1431 3509 1500 (84).
3559 1430 3677 1504 'Ap.
3726 1429 3865 1484 εἶπενο

2261 1513 2402 1586 Ἐγὼ
2454 1513 2548 1585 μὶν
2590 1513 2696 1568 ἀπὸ
2744 1519 2847 1569 τῶν
2900 1521 3124 1593 Γραφῶν
3168 1521 3328 1572 τοῦτο
3362 1516 3531 1592 λέγω·
3566 1517 3624 1572 σὺ
3656 1516 3707 1572 δὲ
3733 1518 3864 1572 πόθεν

2259 1599 2431 1656 ἀίδιον
2490 1601 2670 1677 λέγεις
2726 1604 2817 1658 τὸν
2878 1603 3040 1674 1“ἱόν;
3094 1607 3206 1662 Ἀθ.
3253 1608 3421 1660 εἶπενο
3486 1609 3620 1662 Ἀπὸ
3647 1611 3742 1662 τῶν
3767 1618 3862 1670 eeo-

2256 1690 2528 1774 πνεύστων
2564 1697 2787 1770 Γραφῶν
2821 1689 3037 1766 ἔμαθον,
3070 1693 3152 1749 ὅτι
3185 1692 3362 1756 ἀίδιός
3401 1693 3541 1749 ἐστιν
3586 1696 3613 1749 6
3653 1696 3762 1757 Υἱὸς
3786 1699 3864 1750 τοῦ

493 1790 768 1853 Quaenam
801 1784 1112 1856 Scriptura)
1144 1782 1359 1837 docent
1393 1785 1674 1837 aeternum
1727 1798 1857 1838 esse
1887 1781 2101 1837 Filium
2128 1789 2130 1838 1

2257 1783 2409 1835 Θεοῦ.
2446 1784 2565 1851 "Ap.
2599 1782 2767 1835 εἶπεν·
2819 1782 2977 1836 Ποῖαί
3019 1782 3150 1838 εἰσιν
3202 1784 3255 1837 αἱ
3302 1784 3529 1861 Γραφαὶ,
3571 1784 3624 1838 αἱ
3664 1785 3864 1862 φάσκου-

489 1878 608 1933 ΑιΙι.
663 1873 1092 1931 Celeberrimus
1156 1869 1373 1926 Paulus
1424 1871 1482 1924 in
1534 1869 1796 1926 medium
1851 1871 2146 1943 prodiens,

489 1965 796 2020 veritatem
827 1980 932 2018 suo
966 1960 1302 2016 testimoni-3
1337 1960 1725 2015 confirmabit.
1761 1982 1789 2010 «
1824 1959 2147 2016 Invisibilia

489 2055 646 2109 enim
677 2054 887 2125 ipsius,
921 2049 1134 2123 inquit,
1167 2067 1236 2104 ex
1282 2048 1574 2104 creatione
1625 2049 1854 2129 mundi,
1906 2066 2009 2120 per
2051 2066 2144 2105 res

488 2144 669 2199 factas
703 2141 998 2198 intellecta
1029 2137 1494 2211 conspiciuntur,
1522 2137 1995 2210 sempiternaque
2013 2139 2142 2209 ejus

486 2232 700 2299 virtus,
733 2236 788 2287 et
819 2229 1136 2286 divinitas:
1174 2233 1237 2283 ut
1254 2227 1374 2283 sint
1401 2226 1511 2298 ipsi
1546 2226 2143 2299 inexcusabiles,quia

489 2339 623 2377 cum
654 2321 835 2376 Deum
867 2318 1294 2391 cognovissent,
1319 2334 1435 2372 non
1467 2317 1621 2372 sicut
1647 2319 1824 2372 Deum
1848 2317 2139 2390 gloriﬁca-

487 2415 714 2478 verunt,
753 2413 855 2464 aut
885 2409 1106 2481 gratias
1136 2411 1384 2479 egerunt
1421 2408 1486 2460 9°.
1524 2429 1550 2455 ››
1583 2408 1674 2460 Ar.
1710 2407 1840 2462 Haec
1871 2407 1940 2461 de
1972 2407 2138 2462 Patre

487 2499 630 2555 dicit
659 2497 979 2570 Scriptura.
1016 2496 1137 2552 Ath.
1177 2495 1378 2551 Nonne
1408 2496 1614 2550 beatus
1668 2494 1880 2550 Paulus
1909 2511 2008 2550 eos
2040 2512 2135 2549 ar-

485 2588 630 2661 guit,
661 2587 759 2659 qui
794 2593 972 2642 Deum
1003 2585 1103 2640 Dei
1140 2585 1347 2639 Filium
1379 2601 1480 2656 per
1508 2600 1722 2655 corpus
1753 2589 2132 2654 apparentem

486 2695 602 2734 non
644 2682 1052 2750 cognoverant,
1097 2691 1198 2731 nec
1246 2673 1668 2745 sempiternam
1701 2672 1828 2743 ejus
1860 2672 2131 2728 divinita-

487 2773 626 2838 tem,
655 2767 754 2838 qui
790 2766 1124 2821 universum
1177 2761 1528 2818 adornavit?
1557 2761 1855 2832 Siquidem
1905 2777 1974 2817 ex
2003 2779 2128 2818 ma-

482 2855 791 2928 gnitudine
822 2861 880 2910 et
908 2853 1343 2927 pulchritudine
1373 2867 1571 2906 rerum
1611 2854 1957 2919 creatarum,
1991 2869 2127 2908 eon-

481 2947 777 3002 venienter
801 2943 1096 3015 cognosci,
1135 2959 1266 2997 cum
1317 2941 1642 3012 gratiarum
1682 2941 1908 2996 actione
1959 2941 2130 2996 debet

481 3035 721 3090 Greater
751 3035 817 3087 2°.
842 3033 1220 3088 Manifestum
1243 3037 1334 3086 est
1364 3036 1558 3086 autem
1591 3031 1790 3086 omnia
1819 3047 1944 3102 qua
1975 3031 2129 3086 facta

478 3130 618 3179 sunt
649 3139 751 3194 per
775 3122 1030 3177 Verbum
1067 3123 1217 3176 facta
1245 3137 1394 3188 esse,
1429 3119 1691 3190 nihilque
1713 3119 1838 3175 sine
1868 3119 1966 3175 illo
1998 3137 2126 3175 esse

478 3212 720 3266 factum.
755 3215 1114 3280 Quapropter
1145 3210 1385 3265 deberes
1407 3214 1470 3264 tu
1501 3225 1731 3280 quoque
1753 3225 1819 3264 ex
1853 3208 2130 3280 praeclara

480 3298 912 3353 elementorum
928 3296 1431 3368 coagmentatione
1443 3299 1770 3352 Creatorem
1787 3297 2130 3352 convenien-

481 3393 570 3443 ter
599 3386 948 3460 intelligere,
983 3393 1154 3458 teque
1188 3386 1269 3441 tui
1303 3387 1490 3457 ipsius
1525 3404 1637 3442 non
1672 3387 1941 3457 ignarum
1976 3403 2126 3452 esse,

481 3475 892 3548 percipereque
925 3478 1212 3530 mundum
1243 3475 1444 3530 aeterni
1478 3475 1576 3530 Dei
1627 3492 1776 3547 opus
1824 3493 1974 3545 esse,
2021 3493 2126 3531 nec

479 3565 743 3636 potuisse
791 3570 1047 3620 creatam
1096 3568 1367 3620 naturam
1419 3568 1647 3618 tantum
1711 3581 1858 3635 opus
1909 3566 2123 3636 produ-

478 3671 628 3710 COPG.

547 3745 632 3799 14.
667 3744 758 3799 Ar.
796 3747 953 3810 Esto,
985 3743 1062 3799 sit
1089 3746 1344 3798 aeternus
1379 3741 1556 3798 Filius
1588 3759 1600 3798 :
1636 3743 1736 3798 sed
1779 3742 1850 3798 ab
1893 3744 2123 3799 aeterni-

470 3839 585 3890 tate
617 3838 867 3904 creatus,
902 3834 1278 3889 zelernitalem
1322 3833 1563 3888 obtinet.
1613 3832 1736 3888 Ath.
1769 3832 1830 3888 Si
1871 3838 2122 3890 aeternus

470 3929 556 3979 est
590 3923 792 3990 Filius,
827 3941 941 3980 non
971 3929 1059 3979 est
1090 3941 1182 3978 res
1215 3927 1408 3978 creata
1444 3939 1456 3979 :
1493 3923 1647 3994 quod
1699 3922 1748 3978 si
1782 3939 1872 3979 res
1904 3930 2117 3995 creata,

470 4030 584 4068 non
617 4018 705 4068 est
732 4019 1004 4068 aeternus.
1037 4015 1132 4068 Ar:
1165 4011 1315 4066 Num
1346 4012 1468 4066 haec
1499 4027 1604 4083 ego
1653 4029 1721 4067 ex
1770 4013 2006 4084 propria
2035 4012 2117 4068 lo-

470 4119 618 4174 quor
650 4104 1044 4160 auctoritate?
1076 4103 1256 4158 Filius
1281 4102 1408 4173 ipse
1439 4103 1521 4158 ait
1565 4119 1626 4158 se
1657 4122 1689 4158 ιι
1711 4103 1826 4158 Deo
1860 4104 2118 4175 primum

467 4191 1011 4246 omniumcreatum
1043 4208 1188 4246 esse.
1239 4192 1358 4246 Ath.
1414 4191 1620 4245 Tibine
1668 4192 1775 4245 soli
1828 4209 1899 4245 an
1941 4192 2114 4247 etiam

466 4280 595 4335 aliis
627 4281 946 4336 revelatum
981 4285 1068 4335 est
1098 4279 1207 4335 hoc
1239 4280 1393 4334 168
1430 4278 1554 4333 Filii
1589 4280 1685 4335 Dei
1728 4280 2068 4348 mysterium
2090 4282 2118 4335 Ἰ

467 4370 558 4424 Ar.
591 4369 717 4424 Non
765 4369 1030 4424 omnium
1083 4372 1172 4422 est
1230 4367 1375 4421 ﬁdes
1425 4368 1487 4420 ³¹.
1538 4367 1950 4424 Verumtamen
1998 4387 2114 4424 non

467 4455 611 4510 mihi
644 4455 880 4527 soli,sed
915 4455 1090 4510 etiam
1115 4453 1247 4509 aliis
1279 4454 1513 4525 cognita
1542 4461 1630 4510 est
1661 4455 1779 4510 haec
1812 4456 2108 4512 ﬁdes..4th.

2257 1891 2343 1924 σαι
2385 1868 2557 1926 ἀίδιον
2605 1872 2697 1926 τὸν
2749 1872 2906 1941 Υὶόνς
2961 1874 3079 1938 Ἀθ.
3130 1875 3304 1928 εἶπεν*
3345 1873 3556 1932 Ἐλθὼν
3589 1875 3616 1929 ὁ
3646 1873 3862 1947 ἀοίδιμος

2256 1957 2470 2022 Παῦλος
2523 1963 2852 2037 μαρτυρήσει
2908 1966 2974 2035 νῇ
3026 1961 3273 2034 ἀληθείᾳ·
3331 1986 3354 2015 ι
3415 1965 3492 2018 Τά
3556 1965 3653 2039 γὰρ
3696 1963 3863 2039 ἀόρατα

2253 2047 2436 2118 αὐτοῦ,
2496 2049 2682 2127 φησὶν,
2741 2051 2846 2105 ἀπὸ
2899 2051 3125 2114 κτίσεως
3174 2052 3388 2125 κόσμου
3435 2059 3552 2115 τοῖς
3621 2055 3856 2123 ποιήμασι

2250 2137 2519 2210 νοούμενα
2546 2141 2859 2215 καθορεωαι,
2900 2143 2935 2210 ἢ
2985 2161 3041 2196 τε
3090 2139 3264 2204 ἀίδιος
3313 2141 3481 2197 αὐτοῦ
3529 2139 3740 2215 δύναμις
3787 2141 3858 2195 καὶ

2249 2226 2462 2296 θειότης
2495 2230 2627 2300 (85),
2661 2228 2738 2290 είς
2767 2229 2827 2282 τὸ
2858 2232 2993 2284 εἶναι
3025 2229 3218 2285 αὐτοὺς
3249 2230 3712 2306 ἀναπολογήτους,
3743 2228 3854 2284 διότι

2246 2315 2461 2390 γνόντες
2502 2317 2593 2371 τὸν
2639 2319 2787 2388 Θεὸν,
2839 2317 2946 2394 οὐχ
3003 2319 3078 2380 ὡς
3128 2319 3255 2374 Θεὸν
3285 2317 3560 2390 ἐδόξασαν,
3650 2319 3856 2394 ηὐχαρί-

2246 2426 2469 2475 στησαν.
2547 2431 2574 2457 ‹‹
2662 2409 2781 2481 "Ap.
2857 2408 3022 2462 εἶπεν·
3105 2409 3233 2482 Περὶ
3305 2407 3406 2464 τοῦ
3483 2410 3679 2484 Πατρὸς
3730 2406 3852 2481 λέγει

2243 2498 2403 2548 τοῦτο
2469 2496 2503 2563 ἡ
2584 2499 2790 2572 Γραφή”
2873 2498 2988 2552 Ἀθ.
3063 2498 3223 2551 εἶπεν·
3281 2497 3491 2554 Οὐκοῦν
3551 2499 3578 2551 6
3629 2496 3850 2570 μακάριος

2243 2583 2552 2646 ἀπόστολος
2611 2583 2824 2645 Παῦλος
2874 2585 3109 2639 αἰτιᾶται
3181 2586 3307 2647 τοὺς
3375 2588 3439 2642 τὸ
3496 2584 3583 2640 διὰ
3631 2587 3848 2659 σώματος

2243 2671 2558 2750 ἐπιφανέντα
2607 2674 2732 2732 θεὸν
2775 2675 2897 2728 Υἱὸν
2939 2679 3073 2729 Θεοῦ
3124 2677 3198 2747 μὴ
3272 2675 3639 2752 ὲπεγνωκότας
3696 2671 3840 2728 ἀίδιον

2239 2761 2466 2832 θεότητα
2510 2761 2694 2828 αὐτοῦ,
2743 2767 2839 2817 τοῦ
2888 2763 2950 2818 τὸ
2995 2769 3096 2817 πᾶν
3151 2761 3653 2836 διακοσμήσαντος;
3684 2762 3736 2818 ἐκ
3759 2763 3841 2837 γὰρ

2243 2850 2500 2926 μεγέθους
2529 2851 2616 2904 καὶ
2649 2850 2928 2921 καλλονῆς
2967 2853 3278 2926 κτισμάτων
3331 2852 3610 2930 ἀναλόγως
3658 2850 3730 2906 δεῖ
3766 2853 3838 2905 τὸν

2239 2937 2577 3014 δημιουργὸν
2611 2940 2973 3016 γνωρισθέντα
3003 2941 3488 3018 εὖχαριστηθῆναι.
3540 2942 3754 3017 Φανερὸν
3797 2937 3841 2994 δὲ

2238 3027 2377 3083 ἐστιν
2426 3033 2538 3103 (86)
2599 3028 2682 3084 ὅτι
2741 3030 2913 3084 πάντα
2965 3028 3055 3085 διὰ
3099 3036 3196 3086 τοῦ
3250 3031 3435 3105 Λόγου
3463 3033 3528 3086 τὰ
3555 3028 3842 3106 γεγενημένα

2238 3118 2443 3193 γέγονε,
2493 3120 2581 3172 καὶ
2613 3119 2790 3194 χωρὶς
2821 3119 2984 3174 αὐτοῦ
3024 3119 3237 3195 γέγονεν
3271 3118 3401 3176 οὐδὲ
3428 3119 3505 3177 ἓν·
3535 3118 3635 3176 ἔδει
3664 3120 3744 3174 οὖν
3770 3117 3840 3172 καὶ

2242 3209 2298 3261 σὲ
2331 3208 2388 3261 ἐκ
2417 3215 2515 3277 τῆς
2545 3213 2652 3262 τῶν
2680 3207 2967 3284 στοιχείων
3009 3207 3254 3285 ἐναρέτου
3305 3211 3625 3284 συμπήξεως
3675 3208 3838 3262 ἀναλο-

2237 3295 2485 3370 γίσασθαι
2517 3299 2608 3351 τὸν
2639 3295 2972 3373 δημιουργὸν
3003 3297 3310 3374 ἀναλόγως,
3343 3301 3435 3354 καὶ
3477 3302 3666 3353 σαυτοῦ
3711 3296 3837 3369 ἐπιγ·

2235 3388 2457 3459 νώμονα
2513 3387 2777 3461 γενέσθαι,
2826 3386 2907 3442 ὅτι
2956 3385 3134 3442 ἀϊδίου
3182 3393 3316 3443 Θεοῦ
3362 3387 3615 3464 τυγχάνει
3654 3383 3836 3462 ἔργονό

2234 3475 2458 3548 κόσμος,
2510 3474 2576 3528 ού
2605 3482 2825 3544 κτιστῆς
2859 3472 2916 3530 δὶ
2945 3475 3175 3552 φύσεως,
3212 3478 3286 3550 μὴ
3322 3474 3621 3551 δυναμένης
3651 3470 3836 3547 ἐπαρκέ-

2235 3585 2320 3619 σαι
2351 3569 2584 3620 τοσαῦτα
2615 3563 2765 3640 δρᾷν.

2304 3746 2389 3800 14.
2425 3745 2543 3818 Ἀρ.
2603 3745 2771 3798 εἶπεν·
2829 3745 3006 3800 Ἔστω
3065 3741 3239 3806 ἀίδιος
3299 3745 3326 3798 6
3389 3745 3528 3814 Υἱὸς,
3583 3740 3714 3798 ἆλλά
3761 3738 3833 3793 καὶ

2231 3829 2417 3893 ἀϊδίως
2451 3833 2682 3894 κτισθεὶς
2714 3830 2828 3908 ἔχει
2856 3833 2917 3886 τὸ
2951 3829 3145 3889 ἀΐδιον.
3198 3833 3312 3896 Ἀθ.
3365 3836 3530 3888 εἶπεν·
3576 3831 3634 3888 Et
3686 3826 3832 3886 ἀίδιός

2230 3917 2368 3973 ἐστιν
2425 3919 2453 3973 6
2517 3917 2664 3985 Υἱὸς,
2709 3917 2808 3972 οὐκ
2851 3921 2916 3986 ἧν
2967 3918 3192 3991 κτίσμα·
3263 3919 3310 3973 εἴ
3370 3918 3429 3974 δὲ
3479 3920 3668 3991 κτίσμα
3725 3936 3832 3985 τυγ-

2228 4009 2404 4084 χάνει,
2455 4008 2552 4063 ούκ
2606 4011 2670 4076 ἦν
2723 4006 2915 4070 ἀίδιος.
2974 4011 3100 4083 Ἀρ.
3153 4010 3319 4064 εἶπεν·
3370 4011 3462 4077 Μὴ
3511 4009 3605 4084 γὶρ
3651 4005 3748 4079 ἐγὼ
3788 4001 3830 4071 ἐξ

2228 4099 2428 4161 οἰκείας
2463 4097 2734 4160 αύθεντίας
2761 4101 2878 4170 (87)
2907 4099 3073 4153 ταῦτά
3119 4118 3278 4176 φημι·
3330 4101 3357 4153 6
3407 4098 3525 4160 Υἱός
3572 4099 3724 4162 εἶπεν,
3761 4093 3827 4146 δτι

2225 4193 2438 4262 πρῶτον
2494 4188 2704 4241 πάντων
2758 4185 2958 4242 ἔκτισεν
3031 4187 3186 4242 αὐτὸν
3247 4189 3275 4242 ὁ
3318 4187 3472 4250 Θεός.
3523 4187 3632 4243 Ἀθ.
3687 4185 3825 4236 εἶπενο

2224 4278 2391 4332 Τοῦτό
2443 4299 2526 4332 σοι
2575 4277 2726 4350 μόνῳ
2776 4276 3152 4356 ἀπεκαλύφθη,
3202 4278 3236 4346 ἢ
3282 4279 3371 4332 καὶ
3415 4277 3599 4338 ἄλλοις
3627 4276 3683 4328 τὸ
3724 4269 3825 4344 περὶ

2222 4371 2318 4421 τοῦ
2366 4368 2493 4421 Υίοῦ
2543 4371 2676 4421 Θεοῦ
2729 4369 3066 4442 μυστήριον;
3117 4374 3245 4444 "Ap.
3282 4371 3450 4424 εἶπεν·
3493 4366 3616 4423 αΟὗ
3643 4363 3824 4417 πάντων

2222 4459 2256 4526 ἡ
2289 4457 2484 4518 πίστις’
2519 4456 2665 4524 πλὴν
2701 4456 2798 4510 οὐκ
2828 4455 2953 4529 ἐμοὶ
2989 4457 3161 4530 μόνῳ,
3196 4455 3342 4513 ἀλλὰ
3371 4458 3458 4513 καὶ
3491 4455 3680 4530 ἑτέροις
3716 4445 3826 4504 πολ-

468 4545 767 4601 Undenam
820 4544 984 4600 vobis
1030 4561 1098 4598 ea
1151 4541 1402 4597 revelata
1453 4543 1580 4598 est?
1611 4543 1689 4598 Ex
1739 4543 1875 4614 Deo,
1922 4563 1992 4600 an
2043 4563 2112 4601 ex

2240 4551 2340 4607 toi:
2376 4544 2672 4619 ἐγνωρίσθη
2706 4547 2740 4614 ἡ
2774 4549 2953 4608 πίστις
2981 4546 3137 4615 αὕτη.
3173 4548 3287 4610 Ἀθ.
3323 4549 3485 4602 εἶπεν·
3532 4543 3686 4606 Πόθεν
3719 4538 3824 4608 ὑμῖν

463 4634 854 4691 hominihus?
886 4634 976 4688 Ar.
1009 4633 1089 4688 Ex
1143 4632 1280 4687 Deo.
1330 4632 1448 4686 Ath.
1500 4633 1663 4687 Tune
1712 4633 1836 4704 ipse
1881 4635 2114 4691 auditor

463 4723 648 4790 fuisti,
682 4741 753 4778 au
785 4722 883 4778 alii
915 4723 1019 4778 tibi
1049 4720 1478 4776 narraverunt?
1507 4723 1600 4776 Ar.
1652 4721 1774 4778 Non
1810 4722 1950 4777 mihi
1976 4741 2108 4780 nar-

462 4813 863 4883 ravcrunt,sed
899 4811 1064 4868 multi
1097 4812 1372 4876 sancti,in
1403 4812 1619 4883 Spiritu
1653 4813 1747 4867 Dei
1780 4813 2108 4884 loquentes,

461 4903 668 4957 Filium
719 4907 980 4958 creatum
1032 4918 1160 4956 esse
1228 4901 1618 4956 afﬁrmarunt.
1685 4903 1806 4957 Atla.
1858 4903 2109 4966 Quinam

461 4997 602 5048 sunt
634 4991 726 5048 isti
757 4992 784 5046 ?
814 4995 892 5046 An
924 4997 979 5046 ct
1003 5009 1107 5046 nos
1133 5009 1303 5046 nosse
1336 5008 1447 5045 non
1485 5009 1798 5062 possumus
1821 4993 1848 5048 ?
1869 4995 2110 5051 Ar.Tute

456 5081 583 5152 ipse
615 5082 766 5136 nosti
800 5087 855 5136 et
887 5080 1201 5152 prophetas
1235 5086 1291 5134 et
1322 5081 1617 5150 apostolos
1644 5081 1842 5137 multis
1875 5084 1932 5136 in
1967 5083 2109 5140 locis

457 5170 674 5224 dixisse
705 5170 1004 5225 Christum
1039 5186 1155 5224 rem
1192 5173 1445 5224 creatam
1480 5185 1628 5223 esse.
1666 5169 1786 5224 Ath.
1821 5172 1901 5225 Tc
1933 5172 2107 5242 paulo

455 5263 589 5314 ante
618 5259 906 5314 dicentem
941 5256 1135 5314 audivi
1169 5257 1225 5311 id
1277 5274 1310 5311 a
1355 5256 1502 5310 Filio
1534 5257 1755 5311 dictum
1805 5275 1954 5328 esse,
1977 5259 2106 5329 jam

524 5409 568 5444 ²⁹
597 5409 763 5465 Rom.
799 5426 836 5479 1,
869 5410 957 5463 20.
1033 5409 1079 5442 ³ο
1109 5407 1243 5478 Sap.
1279 5421 1401 5474 xm,
1435 5409 1487 5461 5.

525 5575 638 5646 (84)
669 5578 807 5643 Aug.
838 5577 935 5646 τοῦ
965 5573 1089 5625 Υίοῦ
1119 5575 1216 5624 τοῦ
1236 5574 1404 5646 Θεοῦ.

524 5643 632 5716 (85)
663 5646 759 5699 Καὶ
792 5644 1016 5716 θειότης
1037 5646 1202 5716 deest
1222 5643 1290 5716 ⁸ίιι
1317 5649 1462 5714 Aug.

664 5721 805 5788 Aug.
837 5715 1060 5792 φανερὸν
1096 5714 1187 5768 οὖν
1218 5712 1383 5767 ἐστιν.

1583 5405 1624 5438 ³¹
1663 5405 1710 5460 ll
1744 5406 1948 5464 Thess.
1997 5427 2081 5480 ιιι,
2111 5413 2163 5466 2.

2222 4633 2600 4712 ἀπεκαλύφθη,
2655 4633 2714 4688 ἐκ
2755 4639 2910 4706 Θεοῦ,
3049 4634 3100 4705 ἐξ
3149 4635 3487 4711 ἀνθρώπων;
3538 4637 3650 4706 "Ap.
3683 4629 3822 4681 εἶπεν·

2224 4725 2318 4779 Ἐκ
2347 4728 2500 4782 Θεοῦ.
2534 4725 2644 4780 Ἀθ.
2679 4726 2845 4778 εἶπενο
2881 4723 2956 4778 Σὺ
3004 4724 3269 4795 αὐτήκοος
3323 4725 3564 4802 γέγονας,
3609 4721 3642 4787 ἢ
3686 4713 3822 4802 ἄλλοι

2223 4834 2304 4867 σοι
2340 4813 2684 4890 ὑφηγήσωτο
2725 4813 2847 4888 περὶ
2895 4812 3122 4881 τοῦτουῖ
3175 4815 3293 4883 "Ap.
3354 4816 3512 4869 εἶπεν⁸
3569 4807 3669 4862 Ούκ
3719 4800 3821 4873 ἐμοὶ

2221 4902 2592 4979 ύφηγήσαντο,
2633 4899 2778 4955 ἀλλὰ
2825 4898 3028 4956 πολλοὶ
3081 4903 3249 4975 ἅγιοι,
3303 4901 3352 4956 ἐν
3404 4899 3657 4970 Πνεύματι
3707 4891 3820 4945 Θεοῦ

2221 4989 2539 5058 λαλοῦντες,
2601 4989 2799 5067 ἔφησαν
2855 4991 2936 5044 ὅτι
3000 4989 3212 5062 ἐκτίσθη
3277 4993 3304 5045 ὁ
3361 4989 3499 5050 Υἱός.
3552 4988 3656 5041 Ἀθ.
3701 4982 3815 5034 εἷπε·

2217 5079 2366 5140 Τίνες
2421 5079 2551 5133 εἰσὶν
2603 5077 2793 5149 οὕτως
2845 5079 2922 5136 Ού
2975 5077 3247 5152 δυνάμεθα
3293 5078 3484 5156 γνῶναι
3535 5073 3812 5142 καὶὴμεῖςὶ

2219 5171 2341 5243 Ἀρ.
2401 5170 2567 5223 εἶπεν⁶
2630 5170 2798 5225 Οἶσθα
2851 5169 2940 5222 καὶ
2992 5169 3174 5237 αὐτὸς,
3227 5169 3309 5224 ὃτι
3357 5169 3444 5223 καὶ
3475 5167 3525 5220 οἱ
3553 5166 3814 5243 προφῆταξν

2217 5240 2305 5313 καί
2339 5258 2391 5312 οἳ
2421 5255 2718 5312 ἀπόστολοι
2741 5254 3013 5327 ἐλάλησαν
3039 5255 3330 5332 πολλαχοῦ
3353 5258 3462 5329 (88)
3482 5254 3569 5310 τὸν
3599 5249 3705 5304 ι’ίὸν
3725 5240 3816 5298 κτί-

2279 5577 2391 5648 (87)
2425 5577 2562 5648 Reg.
2599 5580 2656 5649 et
2679 5578 2830 5649 Aug.
2867 5575 2918 5646 ἐξ
2952 5572 3090 5640 ἰδίας
3123 5576 3242 5641 αύο.

2278 5647 2390 5720 (88)
2424 5647 2564 5722 Reg.
2593 5647 2824 5706 Gobler.
2856 5656 2916 5706 et
2940 5653 3088 5722 Aug.
3124 5651 3424 5724 πανταχοῦ.
