4108 6210
267 386 382 446 453

1399 381 1870 444 DlSPUTATIO
1917 379 2168 440 CONTR
2183 383 2224 438 Α
2282 380 2557 440 ABIUM.

3576 384 3692 442 454

266 542 375 592 σμα
404 523 564 575 εἶναι.
599 521 716 574 Ἀθ.
746 518 914 572 εἶπενσ
946 515 1184 572 ’Πκουσά
1212 537 1308 570 σου
1341 515 1598 590 λὲγοντος
1637 516 1744 584 πρὸ
1785 515 1922 588 βρα-

2055 515 2258 568 .ransis
2289 516 2358 568 ad
2397 514 2708 585 prophetas
2739 516 2794 569 et
2825 513 3139 584 apostolos.
3166 514 3380 569 Verum
3409 516 3686 587 dic,ama—

272 609 422 684 χείας
450 608 622 682 ὧρας,
653 607 735 661 ὅτι
759 608 788 660 6
821 607 942 667 Υἱὸς
976 607 1147 662 εἶπεν.
1182 611 1343 680 ’Ἄρτι
1393 599 1626 676 μετέϐης
1675 603 1751 663 εἰς
1798 602 1926 662 τοὺς

272 701 554 776 προφήτας
585 697 675 751 καὶ
709 693 1069 756 ἀποστόλους.
1103 693 1256 762 Πλήν
1293 694 1571 771 ὑφήγησαι
1603 696 1760 752 ποῖος
1796 710 1924 763 προ-

273 790 453 866 φήτης
501 784 649 856 ἔλεξε
703 781 889 840 τοιάδε
941 784 1067 859 περὶ
1108 781 1304 838 τούτου
1332 789 1344 840 ε
1377 784 1500 858 "Ap.
1536 783 1673 836 εἷπε·
1701 780 1804 836 Καὶ
1835 784 1922 832 νῦν

275 898 419 953 φημι
471 876 562 930 τὸν
615 875 737 929 Υἱὸν
785 872 963 948 λέγειν
1019 870 1108 927 διὰ
1149 877 1255 926 τῶν
1312 871 1477 946 ἁγίων
1510 891 1806 948 προφητων
1835 868 1923 923 καὶ

276 963 596 1020 ἀποστολων
655 963 836 1038 ὥσπερ
893 962 985 1016 καὶ
1044 958 1134 1016 διὰ
1186 965 1284 1015 τοῦ
1339 961 1611 1031 Σολομὼν
1661 957 1759 1035 ἔφη
1795 960 1922 1030 (89)·

277 1078 305 1106 ι(
338 1055 538 1128 Κύριος
567 1052 741 1107 ἔκτισέ
769 1072 835 1124 με
862 1051 1038 1126 ἀρχὴν
1069 1047 1208 1104 ὁδῶν
1234 1048 1398 1104 αὐτοῦ
1431 1049 1506 1110 είς
1536 1044 1662 1123 ἔργα
1683 1048 1870 1102 αὐτοῦ.
1896 1071 1923 1098 ››

270 1148 447 1216 Ὀρᾷς,
499 1141 580 1196 ὅτι
628 1141 734 1216 πρὸ
782 1139 996 1194 πάντων
1050 1136 1252 1193 ἔκτισεν
1305 1136 1462 1192 αὐτὸν
1510 1138 1539 1190 6
1587 1136 1714 1198 Θεὸς
1748 1134 1834 1190 διὰ
1861 1135 1928 1190 τὰ

273 1231 342 1288 δι’
391 1231 555 1285 αὐτοῦ
609 1227 883 1302 μέλλοντα
923 1227 1160 1304 γίνεσθαι
1216 1225 1368 1303 ἔργα.
1425 1229 1534 1299 (90)
1589 1227 1702 1289 Ἀθ.
1757 1227 1924 1279 εἶπεν·

271 1322 480 1381 Οὗκοῦν
530 1323 566 1389 ἡ
615 1321 724 1373 τῶν
771 1317 1082 1392 κτισμάτων
1114 1315 1380 1394 πρόφασις
1413 1315 1556 1370 αῒτία
1586 1314 1779 1389 γέγονε
1832 1318 1928 1369 τοῦ

271 1417 550 1480 κτισθῆναι
578 1409 672 1463 τὸν
701 1409 824 1462 Υίὸν
856 1407 992 1462 κατὰ
1022 1406 1099 1463 σέ,
1133 1408 1256 1481 ’Ἃρ
1321 1408 1489 1460 εἶπεν.
1551 1405 1742 1466 οὕτως
1789 1401 1927 1479 ἔχει.

275 1504 389 1564 Ἀθ.
418 1501 587 1554 εἶπεν·
639 1501 778 1573 ’Ἀρα
837 1495 926 1550 οὗν
984 1501 1085 1551 τοῦ
1142 1499 1278 1550 Θεοῦ
1310 1493 1629 1569 ἐντιμότερα
1653 1493 1719 1547 τὰ
1747 1491 1929 1560 κτιζόι

281 1610 410 1662 μενα
459 1590 587 1660 παρ’
633 1587 839 1656 αὐτοῦς
893 1584 1016 1646 [Ιῶς
1064 1590 1276 1660 χωρεῖ;
1327 1584 1390 1638 Ei
1441 1583 1543 1658 γὰρ
1589 1581 1789 1644 ἐκεῖνος
1844 1579 1933 1636 διὰ

275 1682 441 1734 ταῦτα
499 1676 708 1752 γέγονε,
764 1675 855 1730 καὶ
913 1673 1014 1729 οὐκ
1070 1672 1244 1728 ἐκεῖνα
1296 1670 1384 1726 διὰ
1437 1675 1648 1741 τοῦτον,
1688 1671 1822 1725 κατά
1852 1671 1930 1740 σὲ,

277 1767 560 1842 ἀραρότως
615 1763 932 1839 ἐντιμότερα
955 1759 1121 1817 ταῦτα
1150 1761 1377 1816 ἐκείνου·
1440 1758 1586 1815 ἀλλά
1618 1761 1694 1834 μὴ
1723 1759 1932 1836 γὲνοιτο

2035 605 2130 669 bo,
2157 602 2290 674 quis
2323 604 2607 675 propheta
2635 620 2702 658 ea
2727 603 2797 657 de
2828 602 2926 657 illo
2959 602 3188 657 dixerit.
3213 603 3488 674 Ar.Atqui
3517 606 3688 660 modo

2035 691 2210 746 etiam
2242 692 2331 748 aio
2361 693 2416 747 id
2449 692 2645 764 ipsum
2695 709 2796 762 per
2843 696 3077 747 sanctos
3120 692 3434 764 prophetas
3464 697 3520 748 et
3549 710 3687 764 apo-

2037 780 2219 836 stolos
2266 781 2477 836 Filium
2528 781 2734 846 dicere,
2771 782 3268 852 quemadmodum
3304 799 3403 853 per
3432 782 3692 838 Salomo-

2037 887 2168 926 nem
2200 871 2280 925 ait
2323 889 2336 926 :
2393 893 2414 921 ι
2464 871 2751 926 Dominus
2804 871 3018 926 creavit
3069 888 3160 927 me
3190 871 3425 926 initium
3459 871 3684 927 viarum

2037 976 2282 1014 suarum
2334 959 2394 1014 in
2447 977 2624 1032 opera
2665 977 2771 1016 sua
2820 961 2882 1014 3’.
2920 983 2946 1008 ››
3000 961 3172 1015 Vides
3209 965 3385 1016 Deum
3431 968 3562 1016 ante
3593 978 3687 1017 res

2039 1064 2244 1104 omnes
2277 1065 2412 1104 eum
2440 1066 2689 1118 creasse,
2713 1058 2944 1120 propter
2965 1066 3139 1120 opera
3171 1050 3395 1106 scilicet
3423 1068 3552 1122 quas
3586 1069 3691 1124 per

2038 1153 2172 1193 eum
2203 1136 2509 1193 efﬁcienda
2532 1144 2718 1193 erant.
2750 1140 2872 1193 Ath.
2910 1139 3111 1209 Igitur,
3146 1139 3194 1193 si
3228 1141 3582 1195 credendum
3614 1142 3688 1195 ti-

2038 1227 2094 1281 bi
2129 1231 2236 1296 est,
2257 1243 2349 1282 res
2379 1233 2581 1283 creata:
2606 1245 2783 1283 causa
2805 1228 2964 1283 fuere
2987 1246 3093 1283 cur
3113 1233 3342 1284 creatus
3367 1234 3454 1284 est
3482 1229 3688 1286 Filius.

2039 1318 2130 1372 Ar.
2166 1318 2250 1372 lta
2279 1322 2388 1373 est.
2422 1319 2544 1373 Ath.
2581 1319 2727 1391 Ergo
2761 1335 2851 1373 res
2900 1336 2933 1372 a
2984 1318 3098 1373 Deo
3133 1323 3361 1386 creatae,
3395 1319 3522 1390 ipso
3553 1324 3694 1376 sunt

2041 1405 2466 1478 pretiosiores?
2498 1407 2603 1471 Qui
2637 1407 2694 1461 id
2746 1407 2869 1462 ﬁeri
2922 1407 3154 1478 possit?
3201 1412 3462 1478 Namque
3495 1408 3542 1464 si
3594 1407 3695 1464 ille

2043 1500 2279 1566 propter
2308 1495 2467 1567 ipsas
2499 1497 2688 1551 factus
2722 1495 2816 1562 sit,
2852 1513 2965 1550 non
3001 1513 3134 1550 vero
3172 1495 3311 1566 ipsae
3361 1501 3597 1567 propter
3625 1495 3695 1550 il-

2040 1583 2186 1654 lum,
2212 1590 2277 1640 ut
2309 1591 2504 1656 putas,
2536 1587 2792 1656 profecto
2824 1586 2961 1656 ipsa:
2996 1585 3093 1639 illo
3127 1590 3266 1639 sunt
3296 1585 3696 1656 pretiosiores?

2041 1673 2255 1727 Verum
2289 1675 2442 1729 absit
2475 1679 2538 1728 ut
2568 1690 2674 1729 nos
2699 1674 2781 1728 ita
2811 1673 3174 1728 sentiamus!
3210 1678 3472 1745 Namque
3498 1675 3697 1731 omnia

2043 1767 2280 1835 propter
2310 1762 2641 1832 Filium,uti
2668 1763 2951 1834 scriptum
2985 1768 3072 1818 est
3097 1779 3108 1817 :
3136 1787 3162 1814 «
3194 1764 3438 1818 Decebat
3459 1764 3638 1834 enim,
3663 1787 3691 1815 »

279 1856 454 1917 οὕτως
515 1858 663 1928 ἡμᾶς
707 1853 1015 1932 φρονῆσαιί
1068 1851 1165 1906 Διά
1217 1851 1318 1927 γὰρ
1373 1851 1464 1906 τὸν
1507 1850 1628 1904 Υἱὸν
1686 1850 1753 1904 τὰ
1800 1850 1931 1904 πάν-

2055 1852 2233 1920 inquit
2262 1852 2577 1924 Apostolus
2607 1855 2674 1919 ³³,
2712 1872 2732 1901 α
2763 1869 2894 1907 eum
2931 1858 3165 1924 propter
3195 1869 3366 1924 quem
3400 1853 3616 1924 omnia,
3641 1857 3699 1910 et

281 1967 372 2013 τα,
400 1944 580 2004 καθὼς
619 1942 936 2018 γέγραπται·
979 1965 1005 1995 ι
1033 1943 1271 2016 ’Ἐπρεπε
1293 1941 1417 2015 γὰρ,
1458 1964 1478 1990 ι
1515 1938 1677 2013 φησὶν
1708 1939 1735 1993 ὁ
1768 1937 1933 1995 Ἀπό-

285 2033 506 2104 στο).ος,
542 2057 562 2084 ι
599 2029 669 2086 δι’
694 2032 754 2086 δν
779 2031 848 2086 τὰ
878 2032 1051 2085 πάντα
1077 2029 1166 2084 καὶ
1199 2027 1269 2083 δι’
1292 2027 1354 2083 οὗ
1384 2029 1450 2084 τὰ
1478 2029 1672 2100 πάντα,
1691 2026 1936 2088 πολλοὺς

277 2125 429 2184 υἱοὺς
464 2122 542 2184 εἰς
599 2118 755 2191 δόξαν
815 2119 1102 2195 ἀγαγόντα,
1132 2119 1224 2173 τὸν
1253 2118 1502 2194 ἀρχηγὸν
1535 2120 1634 2187 τῆς
1669 2117 1937 2192 σωτηρίας

278 2212 454 2282 αὗτιρν
489 2208 578 2265 διὰ
606 2221 750 2279 παθη
765 2209 945 2282 μάτων
976 2205 1300 2263 τελειῶσαι.
1337 2230 1364 2258 u

356 2305 442 2358 15.
492 2301 616 2374 Ἃρ.
669 2300 806 2353 εἷπε·
860 2297 1147 2372 Σύγγνωθί
1217 2317 1309 2369 μοι
1345 2295 1609 2370 εἰρηκότι,
1642 2294 1724 2349 ὅτι
1758 2292 1846 2348 διὰ
1873 2294 1939 2349 τὰ

283 2387 414 2465 ἔργα
444 2388 664 2456 ἐκτίσθη
698 2389 727 2441 6
758 2387 900 2457 Υἱὸς,
943 2385 1091 2454 πλὴν
1125 2384 1210 2439 ὅτι
1259 2383 1474 2453 ἐκτίσθη
1533 2383 1642 2456 πρὸ
1698 2383 1936 2438 πάντων.

286 2481 400 2535 Ἀθ·
437 2479 577 2532 εἶπε·
612 2476 711 2538 Τίς
744 2475 958 2544 ἐκτίσθη
993 2476 1106 2548 (91)
1136 2473 1241 2548 πρὸ
1270 2471 1486 2527 πάντων
1513 2476 1620 2526 τῶν
1670 2469 1939 2546 δημιουρ-

287 2568 558 2642 γημάτων
585 2584 601 2635 ;
633 2568 759 2637 "Ap.
824 2566 991 2619 εἴπεν.
1024 2563 1084 2620 Ὀ
1117 2563 1260 2632 Υἱὸς,
1294 2559 1383 2615 διὰ
1410 2565 1571 2615 τοῦτο
1601 2558 1689 2614 καί
1723 2559 1938 2633 πρωτό-

287 2677 452 2718 τοκος
483 2653 903 2730 ἀναγέγραπται.
933 2653 1043 2709 Ἀθ·
1080 2651 1242 2705 εἶπεν·
1276 2648 1347 2704 Ei’
1370 2671 1454 2711 τις
1484 2649 1575 2704 τὸν
1621 2651 1734 2722 (92)
1770 2655 1939 2703 Σατα-

287 2753 384 2800 νᾶν
415 2749 735 2818 προσκυνεῖ,
766 2741 949 2803 καλῶς
981 2744 1015 2810 ἢ
1049 2745 1229 2802 κακῶς
1278 2740 1536 2815 πράττει;
1596 2741 1718 2812 Ἄρ.
1776 2740 1938 2792 εἶπεν·

294 2829 528 2903 ’Δσεϐἠς
553 2833 644 2888 καὶ
678 2833 856 2902 ἄθεος,
885 2831 975 2885 καὶ
1013 2827 1153 2903 μηδὲ
1189 2829 1284 2890 τὰς
1341 2827 1524 2889 κοινὰς
1584 2826 1774 2904 φρένας
1835 2829 1940 2880 σώ-

293 2932 399 2993 ζων
429 2922 691 2999 τυγχάνει
723 2922 751 2975 ὁ
781 2924 1050 2991 τοιοῦτος,
1084 2917 1140 2973 δν
1173 2917 1271 2972 οὐκ
1301 2918 1444 2989 ἄξιον
1495 2915 1680 2971 καλεῖν
1741 2913 1946 2990 ἅνθρω-

290 3034 417 3080 πον,
468 3010 599 3066 ἀλλ’
657 3009 1033 3085 ἀπάνθρωπον.
1092 3009 1204 3071 Ἀθ.
1240 3008 1420 3060 εἶπεν·
1468 3006 1525 3059 Ὀ
1557 3005 1684 3066 Θεὸς
1713 3009 1790 3076 τῷ
1824 2999 1944 3061 Ἰὼϐ

290 3100 678 3176 χρηματίζων,
711 3099 885 3160 οὕτως
918 3097 1018 3175 ἔφη
1050 3096 1174 3172 περὶ
1221 3101 1318 3150 τοῦ
1370 3099 1601 3164 Σατανᾶ,
1644 3095 1942 3148 τουτὲστιν·

293 3217 320 3241 α
361 3190 540 3265 Ἀρχὴ
569 3188 891 3261 πλάσματος
925 3186 1121 3256 Κυρίου
1148 3185 1494 3254 πεποιημένη
1541 3185 1654 3255 (93)
1695 3181 1946 3255 ἐμπαίζε-

2047 1957 2149 2013 per
2177 1957 2351 2012 quem
2384 1941 2600 2008 omnia,
2635 1943 2734 2014 qui
2778 1941 2999 1996 multos
3044 1941 3192 1997 filios
3223 1942 3280 1996 in
3313 1941 3556 2013 gloriam
3591 1943 3696 1998 ad-

2045 2029 2310 2096 duxerat,
2347 2036 2642 2086 auctorem
2699 2031 2908 2086 salntis
2963 2048 3166 2086 eorum
3222 2032 3526 2103 passiones
3557 2049 3696 2087 con-

2047 2135 2365 2174 summare.
2410 2142 2438 2169 ››

2124 2299 2206 2352 15.
2240 2297 2332 2352 Ar.
2368 2301 2608 2369 ignosce
2641 2297 2913 2369 mihi,qui
2947 2297 3189 2353 dixerim
3222 2299 3430 2354 Filium
3467 2304 3704 2371 propter

2051 2403 2226 2458 Opera
2246 2391 2505 2442 creatum
2526 2387 3152 2443 fuisse.Verumtamen
3176 2393 3309 2444 ante
3326 2391 3525 2444 omnia
3550 2406 3707 2445 crea-

2047 2478 2146 2529 tus
2175 2479 2284 2530 est.
2320 2475 2446 2530 Ath.
2481 2475 2620 2540 Quis
2651 2481 2784 2530 ante
2816 2477 3014 2530 omnia
3052 2492 3226 2548 opera
3269 2483 3497 2533 creatus
3561 2484 3650 2534 est
3681 2477 3708 2532 ?

2051 2565 2144 2618 Ar.
2183 2563 2359 2619 Filius
2394 2580 2406 2618 :
2441 2581 2616 2635 quam
2677 2565 2750 2619 ob
2800 2581 3039 2620 causam
3101 2566 3528 2638 primogenitus
3575 2584 3705 2624 esse

2053 2652 2348 2708 scribitur.
2407 2654 2526 2708 Ath.
2579 2652 2636 2708 Si
2688 2654 2820 2724 quis
2869 2655 3148 2710 Satanam
3203 2656 3420 2724 adoret,
3475 2662 3703 2711 rectene

2054 2759 2126 2797 an
2179 2742 2328 2797 male
2377 2742 2552 2813 agit?
2601 2746 2692 2797 Ar.
2748 2743 2970 2814 Impius
3019 2745 3346 2799 censendus
3389 2744 3484 2800 ille
3528 2750 3618 2800 est
3647 2749 3704 2800 et

2054 2831 2284 2896 atheus,
2317 2847 2419 2885 nec
2451 2848 2795 2886 communes
2829 2849 3039 2888 sensus
3073 2833 3307 2901 habere,
3339 2834 3439 2904 qui
3474 2851 3578 2888 nec
3609 2834 3701 2889 di-

2054 2937 2205 2992 gnus
2256 2921 2334 2976 sit
2388 2919 2564 2976 homo
2615 2920 2917 2993 appellari,
2971 2923 3070 2977 sed
3130 2923 3512 2978 inhumanus.
3571 2924 3699 2981 Ath.

2054 3014 2206 3065 Deus
2235 3009 2344 3064 Job
2379 3010 2739 3081 respondens
2771 3010 2849 3065 ita
2881 3011 2952 3065 de
3001 3011 3217 3066 Satana
3264 3011 3496 3067 locutus
3552 3017 3641 3067 est
3687 3029 3699 3068 :

2056 3119 2083 3147 «
2123 3100 2249 3169 lpse
2279 3101 2368 3152 est
2389 3097 2743 3168 principium
2777 3098 3039 3169 ﬁgmenti
3068 3099 3511 3165 Domini,l‘actus
3545 3105 3607 3155 ut
3634 3099 3702 3155 il-

2053 3185 2355 3241 luderetur
2384 3187 2456 3240 ab
2487 3186 2714 3257 angelis
2745 3187 2892 3242 meis
2933 3188 2995 3241 ει.
3051 3211 3070 3235 ι
3119 3189 3206 3242 Tu
3239 3188 3421 3260 igitur
3449 3189 3701 3260 primam

296 3291 421 3342 σθαι
457 3278 562 3332 ὑπὸ
596 3281 702 3331 τῶν
737 3275 978 3351 ἀγγέλων
1015 3295 1140 3346 μου.
1179 3298 1206 3324 ››
1241 3273 1315 3326 Σὺ
1347 3271 1436 3326 οὖν
1466 3272 1530 3326 τὸ
1561 3276 1774 3346 πρῶτον
1819 3271 1940 3325 ποί-

2061 3291 2181 3330 rem
2216 3275 2424 3329 factam
2461 3276 2730 3341 adorans,
2762 3277 3039 3331 Satanam
3073 3258 3304 3348 adoras,
3353 3283 3414 3332 ut
3443 3279 3705 3333 ostendi-

294 3392 332 3438 η
345 3390 422 3440 μα
453 3364 791 3442 προσκυνῶν,
823 3365 914 3419 τὸν
947 3369 1183 3418 Σατανᾶν
1214 3366 1551 3438 προσκυνεῖς,
1583 3361 1760 3422 καθὼς
1812 3381 1948 3436 παρ-

300 3458 523 3527 έστησεν
574 3457 604 3510 6
652 3453 840 3530 λόγος.
887 3455 1008 3508 Ἐὰν
1064 3449 1119 3507 δὲ
1153 3450 1468 3529 σοφίσασθαι
1503 3448 1807 3520 θελήσειας,
1866 3447 1948 3503 ὅτι

299 3551 400 3600 τοῦ
456 3546 585 3600 Υἱυῦ
643 3543 905 3620 πρότερον
961 3539 1176 3614 ποίημά
1251 3539 1389 3594 ἐστιν
1446 3540 1474 3594 6
1534 3545 1791 3611 Σατανᾶς,
1850 3535 1952 3614 ἄρα

301 3630 671 3709 πρεσϐύτερον
721 3632 880 3687 αὐτὸν
931 3629 1038 3708 φῂς
1085 3631 1197 3703 (94)
1243 3633 1340 3684 τοῦ
1386 3628 1541 3704 ἁγίου
1598 3626 1947 3700 Πνεύματος;

299 3725 446 3779 οὕτω
507 3724 610 3798 γὰρ
669 3721 873 3792 ὡρίσω,
930 3720 1021 3774 τὸν
1072 3719 1166 3790 μὲν
1215 3717 1338 3772 Υῖὸν
1391 3717 1492 3771 ὑπὸ
1521 3720 1617 3771 τοῦ
1647 3720 1780 3771 Θεοῦ
1812 3715 1949 3770 ἐκτί-

299 3817 442 3868 σθαι·
496 3813 559 3866 τὸ
619 3809 676 3866 δὲ
709 3815 925 3882 Πνεῦμα
975 3809 1079 3863 ὑπὸ
1123 3812 1221 3862 τοῦ
1248 3808 1376 3861 Υἱοῦ
1406 3813 1728 3881 γεγενῆσθαι
1782 3799 1952 3859 διεϐε-

623 3902 749 3972 'Ap.
828 3900 994 3954 εἶπεν.
1069 3902 1132 3952 Ἡ
1195 3894 1427 3966 ἀλήθειά
1488 3915 1553 3967 με
1610 3893 1949 3970 περιγράφει,

297 3993 388 4046 καὶ
419 3991 486 4046 0'3
517 3989 602 4044 0-3.
643 3987 791 4057 Πλὴν
825 3985 1017 4042 ἐπειδΥ
1050 3983 1337 4060 συνήγαγὲς
1371 4004 1436 4055 με
1469 3982 1519 4037 ἐν
1551 3981 1751 4055 τούτῳ,
1802 3982 1950 4057 κάγώ

294 4103 356 4135 σε
386 4078 719 4154 περικλείσω
770 4076 820 4131 ἐν
870 4082 988 4137 ταῖς
1031 4073 1270 4135 πολλαῖς
1317 4071 1655 4147 μαρτυρίαις,
1683 4071 1802 4132 ταῖς
1852 4091 1950 4147 ερα-

295 4171 556 4229 σκούσαις
615 4163 698 4220 ὅτι
756 4166 956 4238 κτίσμα
1010 4163 1149 4218 ἐστὶν
1202 4163 1230 4215 6
1270 4161 1410 4223 Υἱός.
1467 4162 1578 4224 Ἀθ.
1614 4161 1746 4214 εἶπε·
1811 4159 1948 4235 Πρό-

295 4279 428 4336 ιρερε
484 4257 544 4312 ἐκ
580 4261 678 4311 τοῦ
725 4258 998 4329 θησαυροῦ
1028 4252 1094 4308 τὰ
1122 4249 1689 4326 ἀποτεθησαυρισμένα
1721 4249 1824 4303 ὑπὸ
1853 4252 1951 4302 τοῦ

295 4347 506 4421 πατρὸς
538 4367 653 4401 σου.
689 4347 809 4420 Ἀρ.
846 4344 1009 4398 εἶπεν·
1043 4341 1209 4413 Ἐμὸς
1260 4341 1440 4414 πατήρ
1468 4337 1628 4409 ἐστιν,
1679 4337 1734 4392 δν
1783 4357 1949 4413 προσ-

292 4440 447 4492 κυνῶ
481 4435 629 4490 Θεόν·
662 4434 810 4502 πλὴν
843 4431 906 4486 σὺ
956 4428 1278 4504 ἀποκρίθητί
1316 4450 1407 4500 μοι
1440 4427 1562 4501 περὶ
1600 4431 1720 4492 τοῦ,
1775 4451 1797 4479 ι
1857 4426 1954 4480 Κύι-

293 4547 419 4600 ριος
476 4523 648 4579 ἔκτισέ
711 4543 796 4595 με,
849 4545 878 4574 ››
923 4525 1018 4575 τοῦ
1047 4518 1250 4595 Κυρίου
1283 4515 1731 4592 ὁμολογήσαντος
1765 4516 1948 4570 ἑαυτὸν

297 3898 548 3959 εαιώσω.

2061 3380 2216 3420 mus.
2259 3364 2420 3428 Quod
2469 3363 2518 3418 si
2559 3364 2699 3420 velis
2731 3367 3080 3421 contendere
3111 3366 3251 3422 Filio
3292 3367 3455 3433 prius
3491 3369 3706 3423 factum

2059 3469 2188 3509 esse
2215 3456 2490 3508 Satanam
2523 3471 2541 3507 :
2573 3469 2705 3508 eum
2737 3470 2872 3526 ergo
2905 3459 3107 3510 sancto
3159 3455 3378 3527 Spiritu
3419 3457 3708 3512 seniorem

2061 3542 2204 3597 facis
2228 3545 2250 3596 Ρ
2278 3541 2371 3598 Sic
2400 3544 2555 3597 enim
2581 3544 3075 3612 statuisti,Filium
3093 3545 3328 3617 quidem
3351 3561 3383 3600 a
3408 3545 3522 3601 Deo
3541 3563 3716 3602 crea-

2060 3637 2186 3687 tum
2217 3647 2346 3687 esse
2373 3649 2385 3699 ;
2419 3631 2705 3703 Spiritum
2737 3649 2870 3688 vero
2901 3649 2934 3688 a
2961 3633 3104 3689 Filio
3135 3651 3264 3689 esse
3293 3634 3513 3689 factum
3553 3651 3711 3690 asse-

2057 3722 2293 3776 verasti.
2326 3724 2417 3775 Ar.
2452 3721 2542 3776 Me
2571 3721 2782 3776 veritas
2815 3720 3262 3792 circumscribit,
3296 3739 3431 3790 non,
3483 3727 3569 3777 tu.
3602 3723 3710 3779 Ve-

2060 3814 2394 3864 rumtamen
2427 3810 2906 3881 quandoquidem
2933 3827 3024 3865 me
3055 3812 3125 3866 ad
3161 3811 3266 3866 hoc
3299 3812 3632 3867 adduxisti:
3657 3817 3712 3867 te

2058 3899 2319 3955 vicissim
2351 3915 2456 3971 ego
2489 3898 2689 3955 multis
2737 3899 3195 3956 circumcludam
3237 3901 3709 3972 auctoritatibus,

2062 3989 2272 4059 quibus
2305 3988 2599 4042 Christum
2635 4005 2755 4044 rem
2779 3995 3033 4044 creatam
3063 4006 3191 4046 esse
3223 3991 3524 4046 asseritur.
3584 3991 3708 4045 Ath.

2061 4077 2258 4132 Profer
2286 4093 2316 4133 e
2345 4077 2621 4132 thesauro
2653 4095 2778 4149 quae
2811 4095 2843 4133 a
2875 4082 3036 4148 patre
3078 4083 3176 4135 tuo
3224 4084 3362 4134 sunt
3391 4079 3713 4137 recondita.

2061 4166 2152 4220 Ar.
2183 4169 2341 4220 Meus
2372 4170 2538 4237 pater
2587 4172 2695 4233 est,
2730 4183 2907 4237 quem
2939 4168 3116 4222 adoro
3151 4169 3351 4222 Deum.
3403 4169 3511 4223 Sed
3556 4167 3712 4223 enim

2063 4255 2203 4328 quid
2239 4255 2713 4326 respondendum
2747 4257 2926 4312 habes
2955 4259 3024 4312 ad
3059 4257 3179 4312 bzec
3211 4258 3384 4313 verba
3417 4275 3482 4312 τα
3515 4259 3714 4314 Domi-

2061 4362 2174 4400 nus
2220 4345 2439 4400 creavit
2469 4361 2581 4414 me,
2616 4367 2642 4394 »
2678 4362 2807 4400 cum
2841 4346 3124 4402 Dominus
3155 4346 3280 4418 ipse
3311 4348 3561 4402 fateatur
3589 4365 3650 4402 se
3681 4364 3716 4402 a

2059 4434 2227 4490 Patre
2259 4451 2365 4490 suo
2397 4441 2654 4489 creatum
2691 4452 2817 4490 esse
2839 4436 2866 4489 ?
2896 4438 3020 4490 Alh.
3040 4436 3231 4491 Verba
3262 4436 3362 4491 illa
3390 4437 3506 4492 vim
3537 4436 3711 4491 aliam

2061 4524 2384 4595 spiritalem
2421 4525 2580 4579 intus
2621 4525 2861 4595 habent,
2894 4527 3276 4596 divinumque
3307 4525 3366 4580 in
3415 4542 3478 4581 se
3513 4543 3714 4582 recon-

290 4615 535 4670 ἐκτίσθαι
571 4614 676 4668 ὑπὸ
705 4617 801 4666 τοῦ
835 4608 977 4664 ἰδίου
1026 4608 1258 4683 Πατρός.
1311 4607 1424 4669 Ἀθ.
1487 4606 1620 4660 εἶπε’
1669 4605 1740 4658 Τὸ
1791 4605 1940 4680 ῥητὸν

2061 4613 2211 4667 dunt
2239 4613 2601 4668 thesaurum.
2638 4615 2728 4668 Ar.
2765 4614 2878 4668 Nec
2910 4630 3014 4686 ego
3047 4615 3116 4668 ad
3151 4613 3276 4669 sola
3306 4614 3481 4669 verba
3508 4612 3569 4668 in
3605 4613 3715 4670 hac

291 4703 482 4773 ἇλΑην
517 4701 746 4775 δύναμιν
777 4699 894 4776 ἔχει
924 4697 1292 4771 πνευματικὴν
1328 4691 1501 4761 ἔνδον,
1532 4694 1620 4749 καὶ
1655 4699 1800 4758 θεῖον
1855 4706 1948 4763 οης

291 4794 497 4868 σαυρὸν
570 4787 1043 4861 ἐναποτεθειμὲνον
1107 4786 1383 4855 κέκτηται.
1432 4785 1554 4858 Ἄρ.
1617 4783 1779 4837 εἶπεν·
1841 4782 1954 4839 Οὐκ

293 4883 386 4937 ἐπὶ
416 4887 516 4936 τοῦ
550 4881 721 4954 ῥητοῦ
757 4878 916 4950 μόνον
951 4873 1143 4948 ἴστημι
1172 4876 1272 4943 τήν
1306 4873 1490 4951 φωνὴν
1521 4876 1617 4926 τοῦ
1649 4871 1952 4944 Σολομῶν-

286 4992 413 5032 τος·
480 4969 541 5024 οὖ
590 4972 689 5044 γὰρ
741 4965 988 5027 ἀσύνετός
1039 4964 1175 5036 εἰμι,
1220 4961 1364 5017 ἀλλὰ
1394 4960 1642 5033 συνίημι,
1676 4961 1757 5015 ὅτι
1799 4980 1956 5014 πνευ-

297 5060 533 5135 ματικὸν
565 5057 750 5130 νόημα
779 5058 1058 5129 θεωρεῖται
1089 5052 1196 5106 ἀπὸ
1225 5055 1330 5106 τῶν
1365 5049 1754 5125 ἐπιστηγόνων·
1800 5051 1953 5105 Ὅθεν

373 5208 421 5241 ³³
455 5205 620 5260 Prov.
652 5219 775 5268 vm,
804 5202 896 5255 22.
971 5199 1014 5233 ³³
1046 5197 1216 5253 Hebr.
1258 5213 1321 5264 ιι,
1355 5197 1440 5250 10.

372 5348 489 5429 (89)
517 5348 607 5429 ita
809 5343 940 5429 tias.
973 5346 1030 5398 et
1057 5340 1209 5429 Fglc:
1254 5341 1338 5429 2.,
1363 5337 1761 5429 Athangl.“et
1783 5339 1953 5429 (Aug.

299 5405 606 5490 Σάλοέιών,
637 5405 787 5473 Εάῖι.
819 5415 1046 5471 Comm.
1093 5407 1404 5483 Σωλομών,
1436 5405 1619 5466 Paris.
1655 5405 1955 5480 Σολομῶν-

295 5511 487 5636 τοῖὸθ)
526 5563 653 5618 “ac
677 5559 916 5632 quas,”
946 5573 1080 5612 cum
1111 5553 1512 5627 [responsione
1541 5551 1856 5620 Arii,abest
1884 5553 1957 5610 ab

301 5657 674 5722 Augustano.

377 5714 492 5798 (91)
524 5722 700 5797 Angl.
731 5717 820 5782 Τίς
854 5714 945 5773 οὖν
978 5714 1219 5788 ἐκτίσθη.

2061 4700 2390 4757 Salomonis
2421 4718 2558 4757 voce
2587 4703 2822 4757 attendo
2876 4719 2887 4757 :
2918 4719 3024 4758 nec
3055 4702 3208 4758 enim
3235 4718 3442 4773 expers
3471 4719 3602 4758 sum
3625 4703 3713 4758 in-

2063 4788 2527 4860 telligentim,sed
2563 4790 2821 4862 intelligo
2844 4790 3165 4862 spiritalem
3189 4808 3429 4846 sensum
3452 4809 3485 4845 a
3514 4791 3717 4863 peritis

2065 4878 2160 4933 hic
2183 4878 2452 4950 perspici.
2477 4879 2758 4944 Quocirea
2777 4897 2878 4934 nec
2915 4881 3040 4951 ipse
3071 4897 3200 4935 sum
3235 4879 3585 4936 initiationis
3617 4896 3716 4935 ex-

2067 4983 2221 5038 pers,
2255 4969 2355 5022 sed
2387 4968 2560 5022 verba
2593 4967 2830 5037 quidem
2865 4969 2985 5022 hzec
3015 4985 3144 5023 esse
3175 4968 3339 5024 dico:
3371 4992 3398 5019 «
3431 4968 3714 5025 Dominus

2067 5057 2282 5112 creavit
2325 5073 2416 5111 me
2466 5074 2477 5111 :
2533 5077 2562 5106 »
2620 5055 2732 5110 vim
2785 5063 2981 5113 autem
3015 5057 3105 5113 his
3137 5058 3397 5114 abditam
3430 5059 3712 5129 majorem

1516 5195 1562 5227 3‘
1591 5194 1721 5260 Job,
1755 5211 1946 5260 xcvm,
1984 5198 2070 5251 19.

2137 5344 2251 5417 (92)
2283 5346 2429 5417 Aug.
2465 5342 2582 5399 Ἐάν
2615 5364 2696 5406 τις
2727 5342 2788 5417 τό
2803 5365 2841 5399 θ.

2281 5414 2427 5488 Aug.
2468 5414 2860 5488 πεποιημένου.
2895 5415 3035 5487 Reg.
3068 5414 3459 5487 πεποιημένον.

2138 5487 2250 5559 (94)
2280 5487 2607 5544 Sic’omnes
2640 5491 2756 5545 fere
2787 5505 2928 5543 mss.
2969 5489 3275 5559 compedit.
3315 5489 3562 5554 Comm.,
3603 5487 3708 5559 sed

2065 5556 2302 5636 Aug._'et
2331 5560 2470 5616 edit.
2505 5560 2688 5617 Paris.
2720 5562 2884 5634 ποιῇς
2917 5576 3020 5632 pro
3051 5557 3178 5636 φῄς.
3211 5560 3342 5615 Mox
3379 5561 3519 5631 Aug.
3564 5556 3706 5612 οὕτω

2067 5629 2179 5705 γὰρ
2197 5629 2434 5707 ὡρίσθω.
