4086 6222
436 379 556 441 455
1607 379 1672 440 S.
1730 377 2085 440 ATHANAS

2197 375 2246 438 Ξ.
2271 408 2350 423 -
2380 376 2688 440 SPURIA.
3744 380 3867 440 456

440 514 719 586 percipio,
766 528 945 585 quam
984 517 1049 569 tu
1078 528 1213 569 cum
1260 529 1375 568 non
1425 512 1737 586 intelligas,
1774 511 2085 585 ignoranti!

2216 509 2371 585 κάγὼ
2429 509 2528 566 οὐκ
2583 507 2813 588 ἄμοιρος
2860 507 2933 565 ὤν
2973 516 3075 581 τῆς
3123 512 3393 584 μυήσεως,
3424 509 3569 565 οὓτω
3598 511 3768 589 φημὶ,
3799 513 3865 567 τὸ

442 601 821 667 constrictus,
852 617 1033 658 erras.
1069 599 1199 656 Mali
1252 605 1450 657 autem
1494 601 1601 658 viri
1647 601 1952 675 proprium
2009 604 2101 656 est

448 690 957 763 praestantioribus
989 691 1270 747 invidere.
1318 690 1438 746 Ath.
1471 690 1631 755 Quod
1675 692 1859 764 igitur
1888 690 2095 759 sentis,

439 778 670 835 declara
699 779 844 835 mihi
868 779 1092 852 absque
1121 778 1359 846 invidia,
1386 780 1537 851 quod
1564 780 1802 852 quidem
1818 779 1928 837 tibi
1953 795 2098 852 prm-

433 868 659 925 olarum
688 867 918 925 videtur
946 884 1100 925 esse.

509 1137 666 1193 164
719 1137 803 1192 16.
866 1137 960 1192 Ar.
1016 1136 1236 1210 Nempe
1284 1136 1406 1192 haec
1456 1138 1632 1195 verba
1684 1154 1699 1194 :
1747 1137 2099 1194 «Dominus

437 1226 654 1282 creavit
680 1241 796 1293 me,
830 1247 858 1276 »
898 1224 983 1282 sic
1014 1225 1257 1299 accipio,
1290 1243 1357 1283 ac
1386 1227 1435 1284 si
1491 1227 1801 1296 diceretur,
1838 1249 1865 1277 ‹‹
1898 1227 2102 1301 genuit

439 1330 553 1370 me.
581 1336 609 1364 »
633 1314 755 1370 Ath.
780 1314 838 1371 Si
873 1314 1051 1388 igitur
1079 1315 1315 1387 genitus
1346 1320 1438 1372 est
1459 1315 1663 1385 Filius,
1684 1334 1799 1374 non
1832 1321 1924 1373 est
1944 1321 2099 1373 certe

437 1407 669 1460 creatus
701 1415 716 1458 :
752 1406 854 1460 aut
879 1404 927 1460 si
957 1408 1189 1460 creatus
1221 1409 1329 1472 est,
1362 1422 1476 1462 non
1502 1414 1591 1463 est
1616 1406 1873 1480 genitus.
1906 1406 2099 1462 Ar.Tu

448 1493 693 1550 minime
740 1493 1022 1567 intelligis
1055 1494 1172 1550 vim
1206 1494 1453 1566 hujusce
1482 1496 1664 1554 vocis.
1714 1497 1839 1553 Ath.
1870 1496 1953 1553 Ne
1986 1513 2099 1563 me,

439 1599 561 1651 oro,
599 1582 855 1654 graveris
908 1584 1190 1657 perferre,
1238 1584 1423 1640 donec
1474 1584 1824 1659 intelligam.
1873 1588 1966 1642 Ar.
2018 1585 2102 1642 Ne

431 1672 630 1742 passio
663 1670 867 1743 aliqua
897 1670 1350 1745 intelligeretur,
1384 1673 1468 1729 ait
1497 1690 1511 1730 :
1540 1696 1568 1725 ιι
1609 1673 1836 1731 Creavit
1866 1690 1958 1730 me
1991 1679 2098 1729 Do-

432 1760 660 1828 minus,
699 1782 727 1810 »
760 1765 1123 1834 quopropter
1151 1761 1208 1816 in
1244 1765 1355 1818 Deo
1386 1762 1542 1818 idem
1573 1769 1663 1819 est
1689 1779 1885 1819 creare
1915 1780 1981 1820 ac
2013 1762 2100 1836 gi-

2218 599 2330 672 μὲν,
2366 624 2393 651 ‹‹
2428 599 2623 675 Κύριος
2654 597 2829 656 ἔκτισέ
2854 620 2920 674 με
2942 624 2971 652 ››
3001 600 3138 655 κατὰ
3165 599 3227 654 τὸ
3261 599 3446 675 ῥητὸν,
3477 599 3578 669 τὴν
3611 597 3672 656 δὲ
3696 599 3748 655 ἐν
3770 600 3866 656 αῦ-

2204 690 2284 759 τῷ
2333 684 2582 761 δόναμιν,
2643 688 2956 764 μειζοτέραν
3007 688 3121 765 ὁρῶ
3162 690 3229 759 ἢν
3262 686 3405 765 ἔχει,
3434 690 3496 758 ἣν
3529 688 3591 743 σὺ
3625 690 3704 762 μή
3736 692 3869 761 νοή-

2208 796 2301 839 σας
2356 779 2489 850 (95),
2547 777 2746 853 ἀγνοίᾳ
2800 776 3193 854 κατεχόμενος,
3245 775 3537 846 πλκνᾶσαι,
3570 775 3766 855 ἀνδρὸς
3798 775 3861 834 δὲ

2205 871 2396 937 κακοῦ,
2429 864 2567 923 ἴδιον
2595 867 2658 923 τὸ
2688 872 2901 945 φθονεῖν
2934 873 3048 930 τοῖς
3078 868 3398 942 κρείττοσιν.
3434 869 3547 932 Ἀθ.
3580 868 3745 923 εἶπεν·
3787 871 3864 927 "A

2208 954 2300 1010 οὖν
2352 961 2588 1035 φρονεῖς,
2641 956 2843 1036 φράσον
2902 957 3072 1031 κάμοὶ
3112 955 3379 1037 ἀφθόνως,
3413 955 3545 1033 ίἔπερ
3578 954 3729 1013 δοκεῖ
3778 979 3865 1014 σοι

2205 1042 2375 1101 καλὸν
2406 1045 2709 1124 φαίνεσθαι.

2281 1138 2367 1192 16.
2402 1136 2524 1213 Ἀρ.
2558 1136 2693 1191 sim’
2724 1134 2796 1191 Τὰ
2826 1138 2953 1213 γὰρ,
2985 1161 3014 1189 ‹‹
3048 1136 3245 1213 Κύριος
3278 1134 3453 1192 ἔκτισε
3487 1156 3606 1209 ps,-
3644 1135 3731 1191 ἐπθ
3762 1140 3866 1192 τοῦ

2210 1248 2237 1276 ‹‹
2272 1222 2524 1300 ἐγέννησὲ
2552 1245 2639 1298 με,
2677 1250 2697 1277 ι
2733 1220 3138 1298 καταλαμϐάνω
3336 1226 3444 1283 Ἀθ,
3480 1226 3642 1280 εἶπεν
3679 1225 3743 1281 Εἰ
3766 1226 3861 1281 οῦν

2209 1310 2473 1388 ἐγεννήθη
2502 1313 2530 1367 6
2562 1313 2707 1384 Υἱὸς,
2732 1310 2946 1385 δηλαδή
2971 1312 3072 1369 οὐκ
3092 1314 3321 1381 ἐκτίσθτπ
3348 1312 3394 1369 εί
3425 1311 3483 1369 δὲ
3512 1312 3866 1386 ἐκτίσθη,οὖκ

2209 1400 2488 1479 ἐγεννήθη.
2520 1403 2641 1478 Ἀρ.
2670 1404 2805 1458 εἴπε”
2840 1402 2915 1458 Σὺ
2949 1402 3010 1458 οὗ
3040 1408 3180 1467 νοεῖς
3211 1404 3310 1472 τήν
3363 1400 3590 1477 δύναμιν
3638 1402 3861 1471 ταύτην.

2209 1491 2328 1555 Ἀθ.
2363 1492 2498 1546 εἶπε·
2545 1491 2634 1561 Μὴ
2694 1491 2932 1567 ὀκνήσῃς
2982 1491 3266 1570 ἀνέχεσθαί
3308 1513 3438 1565 μου,
3489 1489 3594 1554 ἕως
3642 1495 3855 1565 νοήσω,

2208 1582 2528 1656 παρακαλῶ.
2589 1582 2713 1659 Ἀρ,
2775 1582 2940 1636 εἶπεν·
3001 1584 3115 1637 Ἵνα
3169 1582 3247 1655 μὴ
3279 1582 3447 1644 πάθος
3474 1579 3723 1656 νοηθείη,
3784 1583 3862 1636 εἴ-

2207 1690 2325 1738 πεν,
2360 1695 2388 1723 ι(
2420 1668 2635 1727 Ἔκτισέ
2663 1692 2729 1744 με
2761 1670 2975 1747 Κύριοςο
3009 1694 3036 1723 ››
3071 1670 3160 1726 ἐπὶ
3190 1674 3324 1726 Θεοῦ
3351 1668 3444 1726 οῦν
3472 1671 3538 1726 τὸ
3561 1670 3760 1740 κτίζειν
3780 1675 3863 1745 τῷ

2205 1764 2392 1835 γεννᾶν
2424 1762 2536 1833 (97)
2565 1758 2758 1815 ταὺτόν
2790 1759 2953 1817 ἐστιν.
2989 1760 3106 1818 Ἀθ.
3140 1761 3306 1816 εἶπεν·
3351 1759 3413 1818 Εἰ
3442 1759 3534 1817 οὖν
3583 1759 3673 1816 ἐπὶ
3722 1764 3859 1816 Θεοῦ

431 1865 628 1922 gnere,
664 1850 787 1906 Ath.
836 1849 895 1907 Si
929 1849 1111 1923 igitur
1141 1866 1338 1907 creare
1367 1854 1425 1907 et
1444 1851 1869 1925 gignere,idem
1900 1852 1958 1909 in
1982 1852 2085 1909 Dec

2206 1848 2269 1903 τὸ
2315 1847 2512 1918 κτίζειν
2561 1848 2652 1904 καὶ
2694 1854 2883 1924 γεννᾷν
2926 1847 3120 1905 ταύτόν
3148 1847 3310 1919 ἐστιν,
3344 1848 3540 1905 οὐκοῦν
3565 1849 3739 1905 πάντα
3788 1849 3863 1905 τὰ

431 1943 521 1995 est
551 1957 565 1995 :
599 1955 803 1995 omnes
835 1953 975 1995 sane
1024 1955 1117 1995 res
1163 1944 1392 2008 creatas,
1426 1940 1639 2013 genitae
1684 1945 1741 1997 et
1790 1941 1946 1997 fetus
1993 1940 2085 1997 Dei

2203 1936 2471 2011 κτίσματα
2523 1939 2831 2015 γεννήματα
2884 1941 2983 1993 τοῦ
3037 1942 3171 1994 Θεοῦ
3240 1939 3602 2016 ὑπάρχουσιν.
3662 1938 3727 1997 Ei
3793 1935 3858 1994 δὶ

430 2033 625 2084 erunt.
658 2028 821 2094 Quod
852 2027 903 2083 si
937 2043 1133 2084 verum
1165 2033 1276 2096 est,
1309 2044 1417 2102 ego
1444 2028 1731 2086 Dominus
1768 2029 1948 2086 frater
1975 2031 2089 2112 est,

430 2118 756 2172 secundum
800 2119 875 2188 te,
910 2116 1176 2173 omnium
1208 2133 1339 2190 quae
1368 2133 1470 2191 per
1503 2118 1699 2190 ipsum
1734 2118 1887 2174 facta
1926 2121 2087 2175 sunt.

427 2205 727 2270 Quomodo
750 2206 934 2279 igitur
957 2205 1306 2280 Unigenitue
1330 2205 1428 2262 Dei
1458 2211 1547 2263 est
1564 2205 1593 2262 ‘P
1612 2207 1705 2263 Ar.
1734 2206 1858 2264 Vox
1890 2207 2090 2279 unige-

426 2295 533 2350 niti
565 2295 635 2351 de
664 2311 725 2351 re
756 2295 1071 2368 praecipua,
1123 2294 1427 2351 excellenti
1459 2299 1517 2351 et
1565 2295 1822 2353 maxima
1850 2296 2084 2352 dicitur.

426 2384 551 2440 Ath.
583 2388 795 2441 Annon
824 2383 1034 2440 coalum
1066 2384 1171 2439 tibi
1205 2384 1529 2441 maximum
1551 2385 1822 2441 videtur?
1849 2389 1943 2441 Ar.
1974 2385 2088 2441 Ad-

429 2476 695 2532 modum.
729 2475 849 2530 Alh.
902 2475 1087 2548 Igitur
1118 2474 1298 2532 Filius
1326 2480 1417 2532 est
1443 2477 1770 2532 secundum
1803 2480 1878 2532 te.
1909 2476 2089 2533 Terra

426 2583 565 2624 vero
597 2572 656 2623 et
687 2582 846 2623 mare
876 2566 1007 2622 filias
1037 2567 1296 2623 dicendae
1327 2571 1500 2623 erunt
1529 2567 1857 2624 secundum
1886 2571 1966 2623 te.
1990 2567 2085 2622 Ar.

429 2653 632 2712 Absit!
664 2671 847 2713 unum
877 2655 1066 2713 solum
1101 2654 1308 2711 Filium
1343 2656 1479 2715 fecit
1517 2656 1691 2713 Deus.
1723 2655 1847 2712 Ath.
1879 2660 1965 2711 An
1998 2655 2085 2712 vi-

427 2744 642 2801 dentur
666 2745 767 2801 tibi
792 2745 988 2801 omnia
1008 2745 1271 2818 ejusdem
1296 2745 1692 2819 generationis
1708 2746 1938 2802 decreto
1961 2745 2086 2801 uni-

427 2834 626 2907 genita
653 2850 784 2892 esse
814 2851 993 2891 necne
1021 2832 1051 2889 ?
1100 2834 1196 2891 Ar.
1228 2835 1380 2892 Sane
1410 2835 1671 2909 quidem.
1719 2834 1843 2891 Ath.
1899 2833 2088 2908 Igitur

426 2923 474 2977 si
509 2924 699 2980 factus
728 2927 836 2986 est.
871 2928 937 2981 ut
965 2939 1059 2980 res
1107 2922 1233 2980 alia
1264 2929 1492 2997 creatae,
1525 2924 1822 2997 quomodo
1863 2923 1965 2980 Dei
1997 2926 2086 2980 est

429 3011 657 3068 Filius?
687 3013 780 3069 Ar.
813 3012 1066 3069 Obsecro
1098 3016 1194 3069 te:
1229 3015 1521 3085 quomodo
1555 3018 1618 3069 tu
1650 3012 1775 3087 ipse
1806 3011 2083 3086 intelligis

426 3100 551 3157 haec
574 3101 751 3157 verba
781 3116 796 3156 :
825 3123 854 3152 ιι
893 3100 1175 3158 Dominus
1203 3101 1421 3159 creavit
1450 3118 1543 3159 me
1562 3102 1591 3158 ?
1622 3124 1652 3154 ››

2197 2030 2364 2081 ταῦτα
2393 2026 2568 2090 οὕτως
2593 2026 2731 2104 ἔχει,
2766 2024 2868 2103 ἄρα
2897 2028 3111 2083 πάντων
3141 2024 3375 2106 ἀδελφὸς
3404 2029 3660 2105 τυγχάνει
3693 2029 3723 2084 6
3747 2027 3856 2083 K6-

2198 2136 2338 2192 ριος,
2394 2116 2529 2171 κατὰ
2576 2116 2652 2187 σὲ,
2708 2120 2815 2171 τῶν
2876 2113 2947 2171 δι’
2986 2115 3152 2171 αὐτοῦ
3181 2115 3504 2193 γεγονότων.
3542 2121 3652 2172 Ποῦ
3686 2114 3779 2172 οὖν
3813 2117 3844 2170 6

2196 2207 2507 2281 Μονογενής
2553 2203 2651 2259 τοῦ
2698 2209 2868 2275 Θεοῦ;
2919 2206 3040 2282 Ἀρ.
3094 2207 3231 2261 εἷπε·
3290 2206 3367 2264 Τὸ
3403 2205 3688 2283 μονογενὲς
3714 2204 3846 2262 τάτ-

2194 2314 2340 2350 τεται
2397 2298 2510 2368 (98)
2551 2293 2637 2349 ἐπὶ
2697 2293 2951 2369 ἐξαιρέτῳ
3010 2295 3100 2350 καὶ
3131 2293 3456 2371 ἐξοχωτάτῳ
3484 2295 3575 2350 καὶ
3609 2295 3847 2371 μεγίστῳ

2195 2381 2492 2459 πράγματι.
2545 2384 2661 2448 Ἀθ.
2712 2384 2879 2439 εἶπεν·
2928 2382 3001 2437 Οὐ
3041 2380 3191 2439 δοκεῖ
3218 2404 3301 2439 σοι
3337 2384 3588 2460 μέγιστος
3648 2385 3844 2439 εἶναιὸ

2195 2471 2451 2548 οὐρανός;
2510 2474 2631 2546 Ἀρ.
2696 2473 2830 2528 εἶπε·
2894 2471 2990 2527 Καὶ
3056 2471 3218 2530 πάνυ.
3275 2474 3390 2537 Ἀθ.
3420 2473 3583 2529 εἶπεν·
3635 2471 3844 2528 Οὐκοῦν

2195 2561 2224 2616 6
2256 2561 2378 2623 Υἱός
2407 2560 2518 2617 ἐστι
2550 2562 2683 2617 κατὰ
2714 2562 2791 2635 σὶ,
2824 2562 2913 2616 καὶ
2945 2564 2978 2632 ἡ
3007 2568 3077 2638 γῆ
3111 2558 3169 2616 δὲ
3201 2563 3291 2617 καὶ
3338 2564 3375 2632 ἡ
3406 2560 3650 2626 θάλασσα
3686 2562 3851 2639 θυγα·

2191 2652 2343 2728 τὲρες
2396 2650 2530 2707 κατᾶ
2584 2650 2660 2709 σὲ.
2721 2654 2848 2726 Ἀρ.
2905 2652 3039 2707 εἷπε·
3098 2652 3184 2720 Μὴ
3233 2649 3484 2728 γίνοιτοῐ
3526 2650 3622 2706 ἓνα
3651 2651 3845 2722 ἐποίη-

2194 2760 2280 2794 σεν
2312 2739 2340 2793 6
2390 2739 2518 2802 Θεὸς
2567 2739 2689 2794 Υῖὸν
2719 2738 2905 2812 μόνον.
2935 2739 3049 2795 Ἀθ.
3083 2739 3219 2792 εἷπε·
3255 2742 3413 2793 Δοκεῖ
3443 2758 3527 2793 σοι
3558 2737 3731 2792 πάντα
3759 2742 3841 2809 τῷ

2192 2826 2340 2901 αῦτῷ
2368 2828 2481 2901 ’ὀρῳ
2508 2830 2608 2897 τῆς
2639 2830 2942 2902 γεννήσεως
2977 2829 3243 2904 μονογενῆ
3270 2825 3559 2903 τυγχάνειν
3588 2828 3726 2900 (99),
3757 2825 3845 2880 ναὶ

2192 2918 2227 2987 ἢ
2261 2914 2322 2973 οῦ
2355 2937 2369 2988 ;
2401 2921 2503 2994 Ap.
2554 2919 2723 2973 εἶπεν·
2773 2916 2959 2979 Οὕτως
3008 2912 3145 2992 ἔχει.
3203 2917 3316 2973 Ἀθ.
3354 2917 3521 2971 εἶπεν·
3555 2915 3760 2971 Οὐκοῦν
3794 2914 3841 2969 εἷ

2192 3005 2423 3078 ἐποιήθη
2458 3006 2532 3069 ὡς
2560 3006 2649 3062 καὶ
2678 3005 2744 3061 τὰ
2774 3005 2944 3062 λοιπᾶ
2974 3002 3441 3080 δημιουργήματα
3481 3006 3510 3060 6
3540 3004 3686 3070 Υἱὸς,
3718 3008 3841 3067 πῶς

2193 3095 2314 3159 Υἱός
2347 3094 2456 3152 ἆστι
2481 3100 2578 3152 τοῦ
2604 3099 2773 3164 Θεοῦ;
2806 3098 2926 3172 Ἀρ.
2961 3096 3096 3151 sint
3130 3092 3439 3170 Παρακαλῶ
3480 3114 3558 3165 σε,
3607 3091 3668 3147 σὺ
3718 3095 3841 3156 πῶς

2189 3190 2334 3248 νοεῖς
2361 3186 2446 3255 τὸ,
2479 3209 2508 3238 ‹‹
2542 3184 2738 3257 Κύριος
2766 3182 2941 3240 ἔκτισὲ
2973 3203 3074 3258 με;
3115 3208 3141 3233 »ι

501 3278 590 3335 17.
619 3278 750 3334 Atla.
792 3279 972 3335 Crede
1006 3278 1151 3335 mihi
1176 3297 1189 3337 :
1214 3281 1317 3336 tibi
1344 3297 1460 3336 non
1484 3279 1952 3352 respondissem:
1975 3280 2078 3337 sed

2262 3278 2347 3333 17.
2385 3251 2500 3333 ’Ᾰθ.
2562 3251 2703 3330 εἷπε·
2761 3251 2992 3329 Πέπεισο
3039 3251 3139 3328 οὐκ
3196 3274 3254 3328 ἂν
3316 3293 3404 3327 σοι
3438 3270 3834 3348 ἀπεκρινάμην·

424 3366 486 3423 in
518 3367 769 3441 gratiam
802 3369 1136 3424 auditorum
1170 3369 1521 3441 respondere
1553 3385 1667 3424 non
1700 3367 2082 3425 renuo.Salo-

432 3473 568 3513 mon
599 3472 730 3512 cum
757 3456 957 3527 justus
996 3461 1053 3512 et
1101 3457 1391 3530 sapientia
1420 3457 1628 3530 plenus
1659 3462 1833 3523 esset,
1865 3459 2081 3530 dignus

424 3546 663 3603 habitus
684 3552 794 3618 est,
814 3547 913 3618 qui
940 3547 1212 3619 parabole
1233 3548 2081 3620 praesigniﬁcaretcreationem

423 3636 653 3709 templi,
683 3636 791 3693 hoc
820 3641 929 3705 est,
961 3638 1222 3709 corporis
1254 3636 1485 3693 Domini
1513 3636 1679 3704 Jesu,
1704 3637 2081 3709 quemadmo-

422 3727 566 3782 dum
600 3726 884 3782 Dominus
918 3725 1045 3799 ipse
1066 3726 1135 3782 ad
1169 3725 1406 3783 Judmos
1438 3725 1621 3782 dixit:
1649 3748 1678 3775 ‹‹
1697 3725 1913 3783 Solvite
1935 3735 2078 3783 lem-

425 3814 589 3888 plum
618 3815 748 3886 hoc,
782 3819 839 3871 et
880 3814 941 3870 in
972 3815 1163 3872 tribus
1194 3815 1407 3873 diebus
1437 3814 1701 3872 excitabo
1743 3814 1888 3872 illud
1924 3832 1938 3870 :
1969 3815 2079 3873 hoc

421 3909 617 3962 autem
648 3904 880 3962 dicebat
900 3905 971 3960 de
996 3904 1213 3977 templo
1236 3905 1495 3977 corporis
1519 3905 1635 3975 sui,
1659 3927 1687 3954 υ
1710 3909 1775 3961 ut
1802 3904 1881 3961 ait
1898 3904 2076 3961 Joan-

422 4008 528 4048 nes
548 3992 616 4046 ³⁸.
640 3991 858 4047 Verum
883 3991 1059 4047 etiam
1092 3992 1352 4064 apertius
1380 3991 1476 4048 bis
1510 3993 1580 4048 de
1613 3993 1787 4049 rebus
1818 3991 1900 4049 ita
1923 3991 2079 4049 locu-

422 4084 518 4134 tus
546 4084 637 4135 est
665 4079 941 4136 Salomon
1002 4096 1017 4135 :
1073 4102 1101 4130 ‹‹
1159 4081 1460 4154 Sapientia
1490 4081 1799 4138 aedificavit
1826 4081 1938 4139 sibi
1970 4083 2076 4139 do-

424 4184 610 4236 mum,
643 4172 695 4225 et
720 4168 900 4224 erexit
934 4168 1242 4227 columnas
1271 4178 1517 4243 septem.
1554 4170 1881 4227 Immolavit
1910 4170 2077 4226 victi—

423 4272 550 4312 mas
579 4272 738 4312 suas.
766 4256 1002 4312 Miscuit
1027 4257 1086 4312 in
1119 4263 1340 4313 cratere
1366 4258 1567 4314 vinum
1602 4273 1803 4327 suum,
1830 4262 1887 4314 et
1916 4275 2077 4333 para-

425 4346 508 4400 vit
537 4360 802 4402 mensam
834 4361 1028 4401 suam.
1062 4346 1221 4403 Misit
1249 4363 1447 4403 servos
1475 4364 1638 4417 suos,
1672 4347 1790 4404 alta
1817 4364 1954 4404 voce
1983 4349 2075 4403 in-

426 4434 621 4489 vitans
652 4433 722 4489 ad
764 4437 1072 4501 craterem,
1095 4440 1154 4490 et
1181 4434 1382 4491 dicens
1411 4453 1424 4492 :
1457 4458 1482 4488 υ
1503 4435 1785 4509 Quisquis
1814 4439 1903 4492 est
1932 4436 2076 4491 insi-

422 4521 610 4595 piens,
642 4520 894 4577 declinet
921 4522 991 4577 ad
1026 4538 1139 4578 me.
1184 4544 1214 4573 κ
1246 4523 1348 4579 His
1375 4522 1516 4580 item
1543 4525 1644 4597 qui
1676 4522 2076 4597 intelligentia

421 4611 703 4683 indigent,
736 4610 857 4667 ait:
888 4633 916 4661 (ι
950 4610 1172 4679 Venite,
1205 4611 1493 4669 comedite
1524 4630 1736 4685 panem
1767 4629 1988 4682 meum,
2020 4617 2079 4669 et
2106 4620 2153 4686 ι)

418 4699 602 4756 bibite
629 4698 831 4756 vinum
864 4699 1017 4772 quod
1054 4699 1261 4756 miscui
1309 4700 1475 4757 vobis
1519 4718 1535 4757 :
1588 4700 1898 4773 relinquite
1930 4700 2074 4758 insi-

422 4788 727 4862 pientiam,
770 4793 835 4844 ut
880 4788 1087 4844 vivatis
1132 4788 1199 4845 ⁸⁶.
1247 4811 1276 4839 ››
1332 4788 1567 4845 Scilicet
1616 4788 1923 4861 sapientia,
1974 4788 2075 4845 Dei

422 4877 679 4934 Verbum
710 4882 819 4944 est,
849 4879 1003 4951 quod
1031 4879 1290 4935 Verbum
1317 4895 1451 4934 eum
1475 4882 1634 4934 esset
1665 4879 1847 4944 dives,
1872 4877 2075 4934 ineffa-

422 4967 526 5023 bili
556 4984 665 5023 sua
694 4972 753 5023 et
782 4968 973 5024 Patris
1004 4968 1362 5041 benignitate
1396 4985 1616 5040 pauper
1645 4974 1733 5022 est
1780 4968 2074 5035 etl‘ectum,

423 5061 488 5113 ut
519 5073 624 5112 nos
655 5056 813 5112 illlus
858 5063 1201 5129 paupertate
1232 5058 1553 5113 ditarcmur
1586 5076 1600 5114 :
1636 5056 1738 5129 qui
1770 5058 1905 5113 item
1941 5074 2076 5114 cum

422 5145 483 5203 in
516 5145 698 5202 forms
734 5145 829 5202 Dei
866 5151 1040 5215 esset,
1073 5146 1132 5203 in
1166 5148 1351 5202 forma
1409 5147 1557 5203 servi
1616 5148 1804 5202 factus
1834 5151 1923 5203 est
1956 5164 1969 5202 :
2020 5151 2079 5204 et

493 5254 539 5290 ⁸⁸
561 5257 729 5311 Joan.
762 5270 825 5324 ιι,
858 5254 944 5310 19.
1022 5254 1066 5290 ³⁸
1096 5255 1265 5310 Prov.
1299 5270 1377 5322 lx,
1414 5255 1527 5310 1-6.

499 5353 612 5425 (95)
640 5354 784 5425 Aug.
804 5424 807 5425 ν
824 5352 902 5424 μὴ
931 5351 1158 5424 νομίσας
1171 5395 1182 5407 .

642 5421 757 5499 ita,"
784 5421 1016 5497 Regius.
1052 5423 1228 5499 lissi].
1278 5442 1410 5481 vero
1458 5421 1712 5499 ἐγέννησέ
1763 5445 1830 5498 με
1884 5423 2078 5499 μεταλ·

428 5493 604 5571 Editi,
642 5493 898 5571 ἐγιννησέ
930 5493 1120 5571 μεταλ.

500 5570 616 5639 (97)
646 5567 732 5626 Ita
778 5568 1149 5639 Reg.,Ceeteri
1197 5573 1395 5624 autem
1451 5574 1509 5624 et
1550 5567 1730 5625 editio
1760 5569 1985 5627 Comm.
2016 5569 2079 5625 τὸ

427 5636 797 5718 γεηᾷᾏᾏῌοι
825 5636 990 5718 ἐστίν,
1019 5640 1181 5718 deest
1213 5639 1272 5695 in
1301 5642 1449 5718 Aug.

502 5684 1279 5791 perstosigaaaaae
1301 5684 1474 5768 ’ᾱὲἓὲι
1504 5713 1562 5768 in
1596 5715 1743 5787 Aug.

2190 3370 2337 3428 ἀλλὰ
2366 3370 2455 3427 διὰ
2500 3371 2627 3434 τοὺς
2658 3372 3039 3445 ἀκροωμένους
3087 3370 3218 3446 ἐρῶ.
3288 3369 3576 3444 Σολομὼν,
3626 3368 3838 3433 δίκαιος

2192 3458 2289 3532 ὢν,
2343 3461 2432 3516 καὶ
2483 3461 2673 3540 σοφίας
2719 3459 3056 3537 πληρωθείς,
3112 3460 3426 3532 κατηξιώθη
3458 3458 3511 3515 ἐν
3543 3453 3839 3536 παραϐολῇ

2188 3565 2538 3636 προσημᾶναι
2596 3560 2694 3628 τήν
2744 3557 2917 3614 κτίσιν
2970 3562 3069 3615 τοῦ
3111 3562 3265 3628 ναοῦ,
3311 3559 3557 3613 τουτέστι
3603 3560 3701 3612 τοῦ
3734 3557 3843 3611 σώ-

2193 3668 2360 3723 ματος
2400 3652 2498 3703 τοῦ
2556 3648 2751 3725 Κυρίου
2810 3649 3013 3718 Ἰησοῦ,
3064 3648 3140 3709 ὡς
3195 3647 3358 3709 αὐτὸς
3398 3649 3427 3703 6
3477 3646 3673 3722 Κύριός
3704 3666 3841 3724 φησι

2186 3742 2304 3800 τοῖς
2336 3735 2641 3800 Ἰουδαίοις·
2673 3762 2701 3790 ‹‹
2737 3736 2943 3792 Λύσατε
2972 3736 3065 3793 τὸν
3097 3738 3219 3792 ναὸν
3257 3740 3472 3809 τοῦτον,
3508 3735 3600 3791 καὶ
3633 3735 3687 3791 ὲν
3715 3756 3843 3811 τρι-

2189 3836 2269 3892 σὶν
2320 3835 2553 3911 ἡμέραις
2604 3835 2771 3912 ἐγερῶ
2827 3834 3005 3890 αὐτόν.
3063 3831 3232 3890 Τοῦτο
3264 3831 3324 3889 δὲ
3362 3832 3515 3910 ἔΛεγε
3560 3833 3685 3909 περὶ
3744 3837 3840 3887 τοῦ

2185 3930 2315 3981 ναοῦ
2344 3930 2441 3981 τοῦ
2470 3926 2724 3999 σώματος
2754 3924 2938 3993 αὐτοῦ,
2970 3948 2998 3975 ››
3026 3922 3102 3986 ὥς
3132 3944 3295 4003 φησιν
3318 3925 3347 3979 6
3378 3921 3840 3993 Ἰωάννης.⁹Αλλᾶ

2192 4026 2298 4098 μὴν
2328 4023 2418 4079 καὶ
2454 4022 2722 4096 Σολομὼν
2768 4021 3223 4099 παῤῥησιὲστερον
3258 4023 3332 4093 (Ι)
3364 4018 3466 4100 ἔφη
3496 4022 3623 4096 περὶ
3654 4020 3832 4075 αὐτῶν

2184 4112 2392 4168 τούτων
2425 4106 2701 4167 διαλαϐὼν
2734 4110 2926 4173 οὕτως·
2962 4134 2991 4163 ‹‹
3023 4111 3086 4167 Ἡ
3107 4109 3269 4184 σοφία
3288 4106 3643 4183 ᾠκοδόμησεν
3666 4109 3833 4182 ἑαυτῇ

2187 4212 2363 4278 οἷκον,
2394 4208 2484 4264 καὶ
2517 4210 2776 4282 ὑπήρεισε
2821 4206 3052 4271 στύλους
3110 4208 3260 4265 ἑπτά.
3314 4210 3544 4286 ’Ἐσφαξε
3588 4206 3655 4262 τὰ
3710 4207 3834 4261 ἑαυ-

2186 4306 2284 4369 τῆς
2342 4299 2573 4370 θύματα,
2631 4297 2722 4353 καὶ
2782 4296 3026 4373 ἐκέρασεν
3089 4297 3165 4360 εἰς
3223 4304 3469 4374 κρατῆρα
3512 4296 3605 4353 τὸν
3638 4297 3837 4366 ἑαυτῆς

2187 4398 2353 4465 οἶνον,
2412 4395 2503 4450 καὶ
2559 4393 2898 4468 ἡτοιμάσατο
2951 4395 3051 4463 τήν
3110 4396 3302 4464 ἑαυτῆς
3371 4395 3659 4469 τράπεζαν·
3732 4393 3837 4449 άπ-

2187 4484 2393 4541 ἐστειλε
2419 4485 2548 4547 τοὺς
2577 4484 2770 4553 εαυτῆς
2797 4480 3030 4545 δούλους
3061 4481 3405 4559 συγκαλοῦσα
3434 4483 3567 4556 μετὰ
3622 4482 3843 4558 ὑψηλοῦ

2186 4582 2542 4659 κηρύγματος
2574 4580 2660 4637 ἐπὶ
2690 4587 2955 4657 κρατῆρα,
2987 4577 3237 4659 λέγουσαν
3276 4605 3306 4633 ‹‹
3334 4583 3429 4643 Ὃς
3463 4581 3603 4636 ἑστιν
3628 4579 3839 4660 ἄφρων,

2186 4668 2486 4727 ἐκκλινάτω
2542 4670 2677 4747 πρὸς
2732 4668 2820 4743 με,
2865 4696 2889 4725 ο
2945 4670 3034 4724 καὶ
3077 4676 3194 4733 τοῖς
3224 4668 3425 4726 ἐνδεᾶσι
3455 4674 3663 4748 φρενῶν
3698 4672 3836 4726 εἶπε·

2192 4795 2211 4821 σ
2246 4769 2488 4839 Ἔλθετε,
2521 4771 2719 4848 φάγετε
2747 4769 2837 4823 τὸν
2866 4767 2995 4841 ἐμὸν
3030 4770 3211 4844 ἄρτον,
3258 4769 3347 4824 καὶ
3380 4768 3527 4825 πίετε
3567 4771 3745 4837 οἶνον,
3778 4768 3837 4825 ὅν

2185 4866 2446 4943 κεκὲρακα
2478 4867 2626 4941 ὑμῖν·
2677 4865 2976 4922 ἆπολίπετε
3021 4870 3098 4941 (2)
3146 4866 3475 4945 ἀφροσύνην,
3528 4865 3623 4921 ἵνα
3667 4870 3837 4939 ζήση-

2185 4979 2263 5015 τε.
2298 4982 2324 5010 ››
2379 4955 2687 5033 Ἀραρὸτως
2730 4958 2765 5026 ἡ
2817 4957 2975 5033 σοφία
3006 4957 3133 5017 Θεὸς
3166 4952 3337 5033 Λόγος
3368 4957 3656 5031 τυγχάνει,
3690 4959 3719 5012 ὁ
3752 4955 3839 5012 διὰ

2185 5057 2285 5126 τὴν
2318 5054 2553 5133 ἄρρητον
2585 5054 2749 5110 αὐτοῦ
2778 5053 2867 5109 καὶ
2917 5057 3015 5109 τοῦ
3048 5056 3256 5131 ιΙατρὸς
3302 5055 3469 5111 αὐτοῦ
3517 5052 3837 5133 φιλανθρω-

2187 5145 2310 5201 πίαν
2362 5143 2683 5220 πτωχεόσας
2729 5140 2995 5205 πλοῦσιος
3046 5140 3252 5217 ὢν,⁹ίνα
3298 5146 3461 5217 ἡμεῖς
3505 5146 3575 5218 τῇ
3631 5143 3841 5201 ἐκείνου

2262 5354 2498 5429 (99)_Sio
2546 5358 2698 5425 Aug.
2739 5350 2904 5429 .Edit.
2958 5367 3092 5409 vero
3139 5353 3364 5429 Comm.
3394 5349 3510 5425 ὅρῳ
3544 5358 3842 5429 μονογενῆ.

2190 5421 2328 5499 nec.
2356 5421 2472 5500 ιεῳ
2510 5430 2611 5500 τῇς
2638 5421 2906 5500 faveam.
2930 5421 3257 5500 μογοςο-ιέ
3291 5421 3554 5500 aequus
3572 5421 3746 5500 abes
3770 5421 3845 5500 ab

2187 5493 2335 5572 Aug.
2365 5493 2502 5572 Mox
2526 5493 2671 5572 Reg"
2690 5497 2821 5572 Δπῶς
2850 5493 2975 5572 ηός
3004 5494 3113 5572 ἐστι
3164 5498 3277 5572 τοῦ.
3310 5493 3464 5564 Θεοῦ,
3497 5501 3556 5553 et
3585 5497 3674 5555 sic
3704 5497 3844 5571 legit

2187 5565 2476 5626 Nannius.
2508 5565 2791 5638 Cnet—eriet
2815 5567 2979 5638 editi,
3008 5567 3156 5627 τινος
3184 5565 3332 5638 Υἱός,
3364 5573 3477 5627 etc.

2290 5644 2335 5731 ἐξ
2367 5639 2595 5731 eas“?
2622 5636 3119 5731 πριὲῥησίοιετερονο

2281 5706 2337 5785 2)
2368 5706 2513 5786 Aug.
2546 5706 2886 5768 ἀπολείπετε.
