2043 3111
781 0 835 6 -ηι
862 0 893 10 υ-
914 0 950 13 ιιι

172 218 233 247 463

756 217 789 247 S.
812 215 1076 247 ATHANASIUS.
1088 231 1126 237 -—
1142 216 1297 246 SPURIA.

1820 218 1880 247 46!

171 283 281 319 omnia,
297 284 446 319 confiteor,
464 291 517 312 nec
533 284 623 312 alium
649 292 733 320 posse
755 284 894 311 adversus
910 283 983 310 iliun

1053 280 1193 319 ὁμολογῶ,
1209 281 1254 308 καὶ
1285 282 1322 317 μή
1354 279 1501 318 δυνάμενον
1527 280 1618 320 ἕτερον
1644 281 1814 320 λογισθῆναι·
1829 283 1876 311 τὸν

171 329 320 363 aestimari,
350 329 400 364 qui
425 328 501 356 Deus
526 337 592 357 cum
615 337 730 364 semper
759 328 807 362 sit,
832 328 919 355 homo
944 335 994 363 pro

170 373 255 401 nobis
270 376 316 401 est
337 374 430 401 factus
445 376 474 401 et
487 374 654 401 cruciﬁxus.
672 375 718 401 Ar.
746 373 868 401 Ubinam
895 380 993 400 recen-

168 417 227 445 tius
252 417 331 446 istud
359 418 502 453 scriptum
524 420 569 446 est
586 419 600 445 Υ
619 419 692 446 167
717 418 781 446 Alh.
806 417 890 453 Apud
912 417 992 444 Jere-

169 462 259 490 miam
272 462 457 499 prophetam,
474 464 560 498 cujus
576 464 635 491 hmo
651 465 720 491 sunt
734 462 839 490 verba:
856 473 869 487 α
884 462 933 489 llic
949 463 994 489 est

169 509 244 534 Deus
269 509 378 541 noster,
403 509 431 534 et
456 515 512 534 non
536 507 731 535 asstimabitur
750 507 825 534 alius
853 506 993 534 adversus

169 560 247 579 eum.
264 551 421 580 Adinvenit
436 560 551 579 omnem
565 552 642 579 viam
653 551 856 586 disciplinas,ct
871 550 992 578 tradidit

168 596 248 624 illam
264 596 353 624 Jacob
370 605 458 632 puero
474 605 539 630 suo,
555 600 581 624 et
606 597 692 624 Israel
718 596 824 624 dilecto
844 603 908 623 suo.
925 595 992 623 Post

169 641 229 669 hzec
244 641 274 668 in
289 641 374 669 terris
387 641 468 669 visus
483 643 537 675 est,
553 643 581 669 et
600 649 666 669 cum
689 641 856 668 hominibus
873 648 992 667 conver-

168 688 251 714 satus
266 687 311 714 est
325 686 357 713 ‘0.
374 697 387 711 η
405 686 468 714 Isne
485 686 584 722 igitur,
609 686 659 721 qui
683 685 726 713 vis
748 687 801 718 est,
827 685 905 713 Deus
929 686 992 712 erat

167 733 197 759 et
211 731 408 764 est,adversus
423 738 509 766 quem
526 739 584 758 non
601 729 676 758 alius
691 729 887 758 estimabitur
902 729 990 763 Deus,

168 784 204 803 an
221 783 278 803 non
291 775 305 802 ‘P
319 777 366 803 Ar.
383 775 420 803 Ut
442 775 481 802 ait
504 775 655 811 propheta,
671 774 734 811 ipse
754 777 800 802 est
821 773 907 802 Deus.
933 774 989 801 Nec

166 820 245 848 enim
258 820 302 848 fas
317 822 361 848 est
375 820 471 848 dicere
495 820 609 848 Patrem
626 820 723 855 ipsum
739 820 834 847 visum
855 827 930 851 esse,
948 818 988 845 fa-

165 867 305 900 ctumque
320 864 468 893 hominem
476 873 552 897 ,cum
569 864 740 892 hominibus
750 867 897 891 versatum
913 871 989 896 esse,

164 918 230 937 cum
246 918 294 937 res
305 909 343 937 sit
358 909 515 937 manifesta
525 909 616 937 Deum
628 909 753 936 Verbum
763 908 912 936 hominem
925 915 989 935 esse

163 954 350 982 factum.Ath.
368 953 458 990 igitur
472 962 549 981 unus
561 953 663 987 Filius,
676 953 725 989 qui
739 955 806 981 ante
823 953 920 980 omnia
935 961 987 979 sm-

161 999 228 1027 cula
238 1007 298 1027 una
308 1007 373 1026 cum
381 998 466 1026 Patre
473 992 642 1032 exsistebat,
648 998 779 1033 Deusque
786 1000 848 1025 erat
855 996 987 1025 invisibi—

161 1043 208 1077 lis,
217 1045 311 1071 factus
323 1045 369 1071 est
382 1043 469 1071 homo
484 1042 619 1070 visibilis.
634 1045 684 1070 Ar.
695 1042 791 1070 Unum
807 1050 870 1070 esse
880 1041 986 1069 Filium

163 1088 211 1116 Dei
226 1096 397 1116 concessum
414 1089 460 1115 est
483 1087 601 1123 quidem
628 1095 635 1114 :
661 1089 692 1114 at
710 1090 786 1115 certe
811 1095 867 1114 non
897 1086 986 1114 simul

163 1140 230 1160 cum
246 1133 330 1160 Patre
353 1132 467 1159 inﬁnite
482 1131 606 1160 exsistit.
622 1132 684 1159 ΑιΙι.
701 1132 743 1159 An
770 1139 826 1159 non
842 1131 987 1167 sapientia

162 1180 190 1205 et
205 1177 301 1205 virtus
316 1176 404 1205 simul
420 1184 487 1204 cum
504 1176 587 1203 Patre
610 1178 638 1203 ut
660 1176 768 1211 Spiritu
791 1178 892 1203 sancto
908 1175 985 1203 exsi-

161 1222 211 1250 stit
222 1222 236 1249 ?
250 1225 296 1249 Ar.
315 1222 357 1249 Ita
371 1224 425 1249 est.
449 1221 511 1249 Ath.
529 1221 610 1249 Unus
624 1228 693 1257 ergo
707 1223 752 1248 est
766 1220 923 1249 invisibilis
940 1220 984 1248 Fi-

161 1267 220 1294 lius
234 1266 296 1299 Dei,
312 1266 361 1301 qui
378 1266 456 1293 idem
470 1268 498 1293 et
520 1266 602 1293 visus
623 1268 686 1299 est;
711 1265 910 1301 incorporeus,
935 1265 984 1300 qui

159 1313 188 1339 et
217 1318 324 1346 corpus
349 1310 530 1346 assumpsit;
555 1310 741 1343 immortalis,
773 1310 822 1345 qui
846 1312 875 1337 et
899 1318 985 1337 carne

159 1357 284 1383 mortem
300 1357 345 1383 est
359 1357 515 1390 expertus;
532 1355 659 1382 intactus
675 1355 752 1382 idem
768 1357 796 1382 et
811 1357 918 1382 tactus.
935 1355 983 1382 Ar.

159 1400 210 1428 His
226 1408 289 1436 quae
305 1399 404 1427 dixisti
420 1399 576 1427 assentior.
592 1399 653 1427 ΑιΙι.
673 1398 724 1427 llle
738 1399 830 1435 igitur
844 1402 872 1426 et
887 1399 983 1427 Domi-

158 1453 214 1472 nus
230 1447 258 1471 ct
269 1444 346 1472 Deus
355 1446 400 1471 est
408 1445 444 1471 ob
460 1452 577 1472 carnem
589 1452 655 1471 cum
667 1443 761 1471 Verbo
773 1444 962 1479 conjunctam
976 1453 983 1472 :

158 1497 212 1517 nec
235 1490 367 1524 separate
391 1491 442 1516 aut
464 1489 680 1516 dominationes
705 1488 853 1522 dicuntur,
881 1491 911 1516 at
935 1489 983 1517 Dei

160 1533 250 1562 Filius
266 1534 351 1561 Jesus
367 1532 511 1567 Christus,
528 1533 655 1561 Verbum
671 1535 701 1561 et
725 1535 811 1566 Deus,
829 1542 905 1561 unus
928 1535 981 1561 est.

193 1665 380 1694 22.Ar.Recte
391 1666 549 1695 admodum
561 1667 631 1694 mihi
641 1675 672 1695 se
680 1667 787 1695 habere
795 1667 910 1695 videtur
921 1668 981 1695 haec
998 1657 1019 1691 ο

159 1711 194 1738 de
215 1710 414 1739 incarnatione
431 1711 562 1739 deﬁnitio
579 1720 586 1739 :
602 1714 803 1739 verumtamen
819 1711 910 1740 Filius
931 1712 982 1739 mi-

156 1754 235 1783 nime
250 1758 295 1783 est
310 1763 396 1783 verus
413 1756 487 1784 Deus
509 1756 605 1792 qualis
626 1759 670 1784 est
697 1757 786 1784 Pater.
813 1757 875 1784 ΑιΙι.
899 1757 982 1785 Unde

155 1799 210 1827 hoc
226 1803 377 1836 acceptum
395 1800 518 1828 attulisti
536 1800 621 1828 nobis
633 1800 647 1827 ?
661 1801 708 1828 Ar.
729 1801 925 1836 Nunquamne
940 1800 980 1828 le-

154 1844 222 1880 gisti
240 1845 438 1881 Evangelium,
453 1845 503 1873 ubi
522 1845 661 1873 Dominus
677 1845 717 1872 ita
727 1847 841 1873 Patrem
858 1845 980 1881 alloqui-

152 1890 219 1917 tur:
234 1902 247 1914 ‹‹
264 1890 329 1918 Hinc
345 1892 389 1918 est
404 1890 462 1918 vita
477 1890 634 1924 mterna,ut
648 1892 825 1926 cognoscant
841 1893 868 1917 te
883 1889 979 1918 solum

150 1941 251 1961 verum
269 1934 403 1969 Deum,et
413 1942 500 1970 quem
513 1934 736 1969 misisti,Jesum
747 1934 894 1962 Christum
904 1935 925 1952 ⁴¹
937 1934 951 1961 ‘I
964 1945 978 1959 ››

151 1977 239 2006 Vides
254 1980 350 2006 solum
366 1987 467 2007 verum
492 1982 582 2007 Deum
606 1978 715 2006 dixisse
738 1979 861 2014 Patrem,
879 1982 978 2015 utpote

152 2032 219 2050 cum
231 2023 293 2058 ipse
305 2031 362 2050 non
375 2023 412 2051 sit
421 2032 507 2051 verus
517 2023 615 2052 Deus?
629 2023 690 2051 Ath.
702 2023 732 2051 Id
744 2023 910 2058 conjunctio
921 2026 976 2059 est,

152 2068 240 2095 verba
256 2076 320 2102 qua)
331 2070 397 2095 ante
407 2070 477 2096 sunt
488 2068 582 2103 posita
597 2070 625 2095 et
640 2076 705 2103 quae
718 2071 882 2104 sequuntur
896 2068 977 2096 nullo

153 2112 240 2139 modo
257 2111 399 2140 dividens.
417 2112 546 2140 Profecto
562 2112 611 2148 qui
639 2115 715 2140 recte
739 2113 879 2148 sentiunt,
896 2113 976 2141 illam

153 2157 318 2189 agnoscunt
339 2156 575 2191 conjunctionem
599 2156 628 2183 in
652 2165 720 2184 voce
746 2158 904 2185 Dominica.
927 2158 976 2186 Ni-

153 2200 315 2227 hilominus
330 2208 412 2236 aaquo
428 2201 526 2228 animo
542 2201 645 2228 audias
669 2209 732 2237 quas
749 2210 814 2229 sum
832 2202 974 2230 dicturus.

153 2244 180 2272 Si
198 2244 265 2280 quis
281 2244 369 2272 alicui
384 2244 424 2272 ita
437 2245 472 2272 de
482 2245 672 2273 Constantino
688 2246 856 2281 praeciperet
872 2254 878 2273 :
893 2246 975 2275 Certo

151 2297 276 2324 agnosce
287 2289 381 2316 solum
392 2290 556 2325 Augustum
569 2291 597 2316 et
607 2289 759 2317 dominum
771 2292 854 2318 terrae
870 2294 898 2318 et
913 2299 974 2318 ma-

1049 325 1117 363 πρὸς
1145 325 1190 353 τὸν
1219 325 1364 363 γενόμενον
1390 325 1533 364 ἄνθρωπον
1559 326 1603 354 καὶ
1631 327 1818 365 σταυρωθέντα
1841 327 1877 355 δι’

1049 371 1122 406 ἡμᾶς
1139 370 1202 397 Θεὸν
1216 370 1256 397 ἀεὶ
1273 368 1346 398 ὄντα.
1364 373 1425 407 "Ap.
1457 371 1523 399 εἶπε·
1541 374 1596 399 Ποῦ
1619 371 1766 410 γέγραπται
1794 375 1876 401 τοῦτο

1047 415 1079 442 τὸ
1108 415 1279 452 καινότερον;
1307 416 1364 444 ’Δθ.
1393 415 1467 443 εἷπι·
1499 416 1575 454 Παρὰ
1598 416 1713 453 Ἱερεμίᾳ
1740 419 1779 453 τῷ
1807 428 1875 455 προ-

1048 460 1129 498 φήτῃ·
1147 460 1211 498 φησῖ
1241 461 1300 498 γάρ·
1319 473 1332 486 (ι
1349 460 1434 492 Οὗτος
1450 461 1463 488 6
1483 461 1547 492 Θεὸς
1571 462 1663 498 ἡμῶν,
1680 461 1710 489 οὖ
1742 463 1877 499 Λογισθήο

1048 514 1120 532 σεται
1135 503 1226 542 ἕτερος
1240 505 1308 541 πρὸς
1323 504 1413 534 αὐτόν.
1430 505 1535 544 Ἐξεῦρε
1560 509 1644 533 πᾶσαν
1668 504 1730 534 ὁδὸν
1761 506 1875 542 ἐπιστή-

1049 559 1114 585 μης,
1130 549 1174 576 καὶ
1204 548 1302 580 ἔδωκεν
1333 549 1415 584 αὐτὴν
1441 547 1540 577 Ἰακὼϐ
1568 552 1608 587 τῷ
1627 549 1704 578 παιδὶ
1720 551 1813 586 αὐτοῦ,
1828 552 1875 579 καὶ

1048 593 1157 631 Ἰσραὴλ
1181 596 1220 630 τῷ
1245 595 1418 632 ἠγαπημένῳ
1441 594 1485 621 ὑπ’
1511 594 1603 622 αὐτοῦ.
1627 595 1701 623 Μετὰ
1722 598 1806 623 ταῦτα
1829 596 1873 623 ἐπὶ

1045 642 1095 673 τῆς
1119 642 1170 676 γῆς
1194 638 1285 678 ὤφθη,
1304 640 1348 666 sui.
1371 642 1429 670 τοῖς
1452 639 1607 678 ἀνθρώποις
1628 640 1838 680 συνανεστράφη.
1859 654 1874 667 η

1046 683 1074 710 ⁸0
1103 682 1148 710 οὖν
1174 683 1265 722 ὀφθεὶς
1280 685 1337 720 (26)
1350 684 1429 715 οὗτος
1457 684 1490 719 ἦν
1522 685 1595 719 Θεὸς,
1620 684 1665 712 καὶ
1694 683 1775 719 ἔστιν,
1791 686 1814 722 ᾧ
1839 685 1873 713 οὖ

1045 727 1310 766 προσλογισθήσεται
1333 727 1424 766 ἕτερος
1449 729 1524 765 Θεὸς,
1538 729 1581 756 ναὶ
1610 730 1627 765 ἢ
1650 728 1700 764 oi)’;
1716 731 1778 768 "Ap.
1801 730 1870 758 εἷπε·

1045 773 1140 804 Καθὼς
1164 773 1178 800 ὁ
1201 775 1346 812 προφήτης
1376 773 1458 811 λέγει,
1476 774 1555 805 αὐτός
1581 774 1650 802 ἐστιν
1668 775 1681 801 6
1703 774 1778 806 Θεός.
1796 775 1873 802 Ἀθί-

1046 828 1123 854 μιτον
1149 819 1199 855 γάρ
1225 817 1280 845 ἐστι
1300 818 1362 855 περὶ
1386 820 1434 846 τοῦ
1455 818 1558 856 Πατρὸς
1576 818 1675 857 λέγειν,
1691 818 1733 847 ὅτι
1748 816 1838 858 ὤφθη,
1854 820 1872 854 ἣ

1044 861 1085 889 ὅτι
1113 862 1254 900 ἅνθρωπος
1278 863 1396 901 γεγονὼς
1420 862 1662 891 συνεπολιτεύσατο
1685 867 1743 895 τοῖς
1767 864 1871 902 ἀνθρώ-

1042 917 1115 941 ποις,
1141 909 1256 946 φανιροῦ
1285 905 1362 938 ὄντος
1390 907 1438 935 τοῦ
1467 907 1640 945 πράγματος,
1667 908 1707 936 ὅτι
1737 909 1751 936 6
1781 909 1870 946 Λόγος

1042 951 1107 982 Θεὸς
1136 951 1355 990 ἐνηνθρώπησεν.
1373 952 1429 981 Ἀθ.
1454 952 1537 980 εἶπεν·
1563 953 1665 980 Οὐκοῦν
1693 954 1732 984 εἷς
1756 954 1770 980 6
1794 954 1868 989 Υἱὸς,

1043 996 1056 1023 6
1072 997 1124 1034 πρὸ
1153 997 1260 1024 πάντων
1287 997 1393 1024 αἰώνων
1415 997 1594 1036 συνυπάρχων
1610 1000 1649 1034 τῷ
1665 998 1748 1035 Πατρῖ
1775 997 1869 1034 αὐτοῦ,

1042 1041 1105 1071 Θεὸς
1135 1039 1171 1068 ὣν
1201 1041 1326 1077 ἀόρατος,
1352 1041 1494 1080 ἅνθρωπος
1532 1042 1640 1080 γέγονεν
1671 1042 1777 1080 ὁρατός.
1804 1044 1869 1081 Ἃρ.

1042 1085 1125 1113 εἶπεν·
1142 1087 1201 1112 Ὅτι
1227 1086 1265 1116 εἷς
1295 1086 1365 1114 ἐστιν
1387 1087 1400 1114 6
1417 1087 1476 1117 Υἱὸς
1504 1089 1553 1114 τοῦ
1580 1089 1659 1124 Θεοῦ,
1675 1087 1867 1124 ὡμολόγηται·

1041 1129 1074 1156 οὗ
1103 1130 1269 1168 συνυπάρχει
1299 1129 1328 1158 δὲ
1354 1133 1394 1167 τῷ
1412 1131 1496 1166 {lupi
1519 1131 1685 1169 ἀπεράντως.
1703 1132 1760 1159 Ἀθ.
1784 1132 1867 1159 εἶπεν·

1040 1175 1071 1202 Ἠ
1087 1174 1168 1211 σοφία
1183 1175 1228 1202 καὶ
1244 1176 1262 1210 ἡ
1279 1174 1394 1212 δύναμις
1410 1176 1578 1214 συνυπάρχει
1592 1178 1633 1212 τῷ
1648 1176 1734 1213 Πατρὶ
1762 1176 1807 1204 καὶ
1826 1179 1869 1214 τῷ

1040 1219 1177 1256 Ηνεῦματι
1207 1222 1247 1255 τῷ
1272 1220 1358 1257 ἁγίῳ;
1385 1224 1449 1257 "Ap.
1480 1220 1561 1248 εἶπεν·
1592 1220 1685 1251 Οὕτως
1713 1219 1784 1259 ἔχει.
1806 1222 1867 1250 Ἀθ.

1040 1263 1123 1291 εἶπεν·
1141 1265 1187 1295 Εἷς
1217 1263 1263 1292 οὖν
1293 1264 1331 1292 ὢν
1361 1265 1374 1292 ὸ
1390 1265 1505 1302 ἀόρατος
1533 1265 1594 1296 Υἱὸς
1619 1268 1667 1293 τοῦ
1696 1267 1774 1299 Θεοῦ,
1790 1266 1804 1293 6
1819 1266 1867 1293 καὶ

1040 1308 1157 1345 ὁραοεὶς,
1173 1309 1317 1345 ἀσώματος
1345 1310 1390 1336 καὶ
1421 1312 1500 1346 σῶμα
1529 1307 1633 1345 λαϐὼν,
1659 1310 1792 1341 ἀθάνατος
1819 1310 1866 1337 χαὶ

1040 1353 1155 1380 θανάτου
1172 1357 1267 1391 πεῖραν
1283 1351 1375 1381 λαϐὼν
1401 1354 1490 1392 σαρκὶ,
1505 1355 1518 1381 6
1535 1353 1717 1393 ἀψηλάφητος
1741 1354 1787 1382 καὶ
1811 1356 1866 1392 ψη-

1040 1396 1180 1437 λανρηθεὶς.
1198 1401 1260 1435 "Ap.
1285 1398 1351 1426 εἶπε·
1383 1398 1516 1437 Σύμφημι
1547 1400 1613 1436 ἅπερ
1644 1399 1728 1430 εἶπας.
1755 1399 1811 1428 Ἀθ.
1827 1399 1864 1426 εἶ-

1038 1452 1096 1469 πεψ
1127 1442 1214 1473 Οὗτος
1244 1442 1291 1470 οὖν
1320 1443 1365 1470 καὶ
1396 1443 1494 1481 Κύριος
1522 1445 1578 1480 (27)
1594 1444 1640 1470 καὶ
1669 1443 1744 1478 Θεὸς,
1770 1442 1814 1471 διὰ
1834 1444 1866 1471 τὸ

1039 1487 1205 1526 συναφθῆναι
1232 1487 1282 1522 τὴν
1312 1488 1398 1525 σάρκα
1427 1490 1467 1524 τῷ
1496 1488 1585 1525 Λόγῳ”
1603 1488 1649 1515 καὶ
1671 1487 1702 1516 οὐ
1728 1487 1866 1525 διῃρημέ-

1038 1542 1102 1565 νως,
1125 1532 1170 1559 καὶ
1201 1532 1359 1570 κυριότητες
1390 1533 1438 1569 μὲν
1466 1532 1601 1570 λέγονται·
1627 1533 1641 1560 6
1670 1531 1698 1560 δὲ
1724 1535 1772 1560 τοῦ
1797 1534 1865 1560 Θεοῦ

1038 1575 1099 1606 Υἱὸς
1127 1576 1232 1612 Ἱησοῦς
1261 1577 1388 1615 Χριστὸς,
1416 1578 1430 1604 6
1458 1578 1544 1614 Λόγος
1571 1578 1615 1605 καὶ
1645 1577 1721 1611 Θεὸς,
1738 1578 1774 1608 εἷς
1801 1587 1864 1615 τυγ-

1037 1621 1128 1658 χάνει.

1091 1667 1117 1693 2.
1135 1668 1199 1702 "Ap.
1216 1665 1283 1693 εἶπε
1301 1669 1380 1693 Δοκεῖ
1406 1666 1452 1703 μοί
1480 1676 1539 1697 πως
1566 1666 1700 1704 ὀρθότατα
1729 1666 1862 1705 καταφαί-

1037 1710 1126 1736 νεσθαι
1155 1711 1170 1737 ὁ
1199 1709 1261 1747 περί
1288 1714 1337 1745 τῆς
1366 1711 1527 1747 σαρκώσεως
1556 1710 1630 1748 ὅρος·
1662 1711 1784 1748 μέντοιγε
1812 1710 1864 1738 οὐκ

1036 1753 1167 1789 ἀληθινὸς
1195 1754 1261 1786 Θεός
1290 1754 1361 1782 ἐστιν
1392 1755 1405 1782 6
1435 1755 1507 1791 Υἱὸς,
1525 1755 1615 1793 ὥσπερ
1640 1756 1654 1782 6
1679 1756 1784 1792 Πατήρ.
1801 1756 1860 1783 Ἀθ.

1036 1797 1102 1825 εἶπε·
1122 1798 1206 1826 Πόθεν
1233 1801 1313 1826 τοῦτο
1343 1799 1464 1838 εἰληφὼς
1490 1799 1619 1836 ἐκόμισας
1641 1800 1729 1836 ἡμῖνς
1747 1800 1808 1836 Ἃρ.
1826 1799 1862 1826 εἶ-

1035 1852 1093 1870 πεν·
1117 1841 1183 1870 ο’δι
1288 1844 1326 1858 ·ι
1386 1854 1396 1861 ρ
1444 1844 1450 1852 κ
1510 1843 1516 1853 ν
1682 1843 1695 1854 η’
1852 1844 1859 1853 ε

1140 1855 1154 1870 υ
1175 1854 1253 1870 εποτε
1283 1854 1395 1881 ανιγνω,
1424 1854 1455 1871 το
1485 1843 1659 1881 Ευαγγέλιον,
1676 1854 1713 1874 ως
1741 1854 1823 1883 φησιν
1848 1854 1864 1871 ο

1035 1887 1133 1924 Κύριος
1161 1888 1229 1925 πρὸς
1252 1888 1298 1915 τὸν
1327 1888 1424 1916 hau-:05
1454 1889 1570 1926 Πατέρα·
1599 1900 1612 1914 α
1638 1888 1714 1923 Αὕτη
1744 1888 1814 1916 ἐστὶν
1843 1889 1863 1923 ἡ

1035 1931 1145 1963 αἰώνιος
1163 1932 1288 1968 {minii/1
1310 1933 1466 1970 γινώσκωσι
1486 1943 1514 1960 σε
1542 1933 1588 1960 τὸν
1620 1933 1703 1969 μόνον
1732 1931 1864 1968 ἀληθινὸν

1033 1977 1108 2012 Θεὸν,
1124 1977 1168 2004 καὶ
1200 1978 1229 2004 ὃν
1258 1977 1418 2009 ἀπέστειλας
1443 1978 1549 2013 Ἰησοῦν
1578 1977 1693 2015 Χριστόν
1708 1988 1715 2012 ;
1732 1990 1746 2003 ››
1770 1978 1863 2014 Ὁρᾷς,

1032 2020 1073 2048 ὅτι
1092 2022 1174 2057 μόνον
1191 2021 1320 2057 ἀληθινὸς
1337 2022 1403 2050 Θεὸν
1429 2020 1479 2061 ἔῳη
1504 2022 1550 2049 τὸν
1579 2022 1696 2059 Πατέρα,
1713 2022 1749 2052 ὡς
1779 2021 1864 2049 αὐτοῦ

1033 2067 1071 2102 μή
1097 2064 1175 2098 ὄντος
1192 2066 1324 2102 ἀληθινοῦ
1339 2069 1405 2094 Θεοῦ
1419 2077 1425 2100 ;
1442 2068 1499 2095 Ἀθ.
1517 2066 1584 2095 εἶπε.
1600 2068 1684 2094 Τοῦτο
1711 2064 1863 2102 σύνδεσμός

1031 2110 1098 2145 ἐστι,
1113 2113 1167 2137 τῶν
1197 2112 1403 2148 προειρημένων
1422 2111 1553 2149 ῥημάτων
1575 2110 1621 2138 καὶ
1642 2113 1696 2138 τῶν
1724 2110 1862 2149 ἐπαχθέν-

1030 2166 1084 2183 των
1114 2156 1144 2183 ο·ἰ
1175 2154 1304 2193 διαίρεσιν
1334 2155 1468 2192 ἐμποιῶν.
1485 2155 1640 2193 Ἀραρότως
1662 2154 1690 2182 δὲ
1715 2155 1787 2192 παρᾶ
1802 2158 1862 2186 τοῖς

1031 2199 1206 2238 εὐφρονοῦσιν
1231 2199 1414 2236 ὡμολόγηται
1432 2201 1487 2236 (28)
1504 2198 1652 2236 σύνδεσμος
1680 2200 1712 2227 τὸ
1741 2199 1785 2227 ἐπὶ
1809 2203 1861 2234 τῆς

1031 2245 1168 2281 Κυριακῆς
1197 2247 1299 2283 φωνῆς.
1317 2243 1396 2279 Πλὴν
1429 2243 1509 2271 ἄκουε
1541 2244 1608 2281 μετὰ
1639 2243 1861 2281 μακροθυμίαςό

1030 2299 1113 2327 φημι.
1132 2288 1166 2316 Εἴ
1192 2299 1232 2319 τις
1259 2291 1299 2324 τῷ
1324 2287 1442 2324 πλησίον
1464 2288 1620 2317 ἐντέλλεται
1636 2289 1697 2326 περί
1715 2289 1861 2316 Κιυνσταν-

150 2334 190 2360 ris
207 2335 410 2370 imperatorem
426 2334 650 2362 Constantinum
670 2336 699 2361 et
723 2334 925 2362 Constantium
941 2335 974 2362 ﬁ-

1039 2333 1103 2360 :ivou
1133 2333 1229 2370 λέγων’
1256 2334 1399 2372 Ἀσφαλῶς
1426 2333 1540 2371 γίνωσκε
1564 2334 1612 2361 τὸν
1643 2333 1725 2370 μόνον
1754 2332 1860 2371 Αὔγου-

148 2378 220 2405 lium
238 2379 312 2413 ejus,
323 2386 394 2406 num
408 2378 433 2406 is
448 2378 540 2406 ﬁlium
556 2386 623 2406 cum
639 2380 720 2414 patre
735 2378 973 2411 conﬁteretur,an

148 2422 229 2450 non?
244 2424 292 2450 Ar.
309 2423 371 2450 Non
389 2422 448 2450 leve
470 2425 516 2450 est
537 2422 700 2459 periculum
720 2422 815 2450 dicere
830 2423 973 2451 Constan-

148 2467 223 2494 tium
238 2476 295 2495 non
313 2468 458 2504 imperare
472 2475 539 2496 cum
554 2468 744 2496 Constantino
761 2469 842 2503 patre
859 2475 923 2503 suo,
940 2476 973 2496 eo

148 2512 225 2546 quod
242 2520 301 2539 una
311 2520 377 2539 cum
392 2512 456 2549 ipso
472 2514 652 2540 numeretur.
677 2512 738 2540 Alh.
757 2514 798 2539 An
823 2520 890 2547 ergo
905 2520 973 2548 gra-

147 2557 302 2584 vissimum
321 2558 484 2593 periculum
501 2557 595 2585 cernis
611 2558 788 2593 impendere,
810 2557 834 2585 si
850 2558 885 2585 de
899 2558 972 2585 Con-

148 2601 278 2630 stantino
294 2604 322 2629 et
332 2601 501 2629 Constantio
516 2602 558 2629 ita
573 2602 653 2630 ausis
669 2602 759 2638 loqui,
786 2601 857 2629 nihil
874 2604 971 2630 autem

149 2646 235 2674 times
247 2646 296 2682 qui
312 2646 383 2674 talia
397 2646 433 2674 de
443 2646 514 2674 Jesu
528 2646 643 2675 Christo
659 2649 688 2674 et
698 2647 762 2682 ejus
773 2646 857 2675 Patre
869 2646 972 2683 loqueo

181 2731 204 2748 ⁴⁰
218 2730 343 2759 Baruch.
360 2739 399 2760 ui.
418 2731 512 2759 36-38.
551 2731 572 2748 ⁴¹
588 2729 672 2759 Joan.
690 2739 759 2766 xvn,
775 2733 801 2760 3.

180 2805 237 2845 (ἓξ)
253 2805 360 2845 Heg”)
378 2804 424 2845 οὖν
437 2805 544 2845 ἒᾷφθείς,
562 2806 669 2835 desunt
688 2806 718 2835 in
736 2810 809 2845 Aug.

182 2842 302 2881 (27)»Itar
314 2842 383 2879 Reg.
405 2842 491 2881 Editi.
517 2850 584 2870 vero
608 2845 732 2881 G_omm._,
761 2842 845 2881 Οὗτος
861 2843 968 2881 Κύριος.

145 2878 221 2907 Edit.
240 2878 331 2908 Paris.
346 2877 413 2907 dum
429 2878 494 2907 aliis
509 2886 582 2907 mss.
598 2877 683 2910 Οὗτος
700 2877 746 2907 οὗν
762 2879 871 2919 Κύριος.

1031 2388 1091 2405 στον
1121 2377 1167 2405 καὶ
1197 2377 1384 2415 αὐτοκράτορα
1413 2381 1463 2416 γῆς
1491 2378 1537 2405 καὶ
1573 2376 1712 2413 Θαλάσσης
1744 2377 1861 2416 βασιλέα

1029 2424 1228 2451 Κωνσταντῖνον
1257 2423 1302 2450 καὶ
1327 2423 1511 2450 Κωνστάντιον
1534 2423 1582 2450 τὸν
1613 2421 1671 2450 υἲὸν
1687 2421 1779 2458 αὐτοῦ,
1797 2433 1860 2449 συν.

1028 2466 1193 2505 ωμολόγησε
1218 2467 1263 2494 τὸν
1294 2468 1351 2494 υἱὸν
1381 2470 1421 2503 τῷ
1449 2467 1542 2505 πατρὶ,
1567 2466 1611 2495 ναὶ
1637 2468 1654 2501 ἢ
1669 2465 1720 2501 οὕ;
1738 2470 1800 2504 "Ap.
1820 2466 1858 2494 ιῖ-

1028 2522 1084 2539 πεψ
1101 2511 1140 2541 Οὐ
1166 2512 1261 2549 μικρὸς
1291 2511 1413 2543 κίνδυνος
1439 2512 1470 2540 τὸ
1496 2512 1591 2544 εἰπεῖν,
1607 2511 1648 2539 ὅτι
1665 2511 1696 2539 οὗ
1726 2509 1860 2548 συμϐασιη

1028 2555 1100 2584 λεύει
1116 2558 1301 2588 Κωνστάντιος
1318 2556 1512 2593 Κωνσταντίνῳ
1540 2559 1580 2593 τῷ
1609 2557 1691 2594 πατρὶ
1716 2556 1809 2590 αὑτοῦ,
1826 2555 1859 2585 ἐχ

1026 2603 1074 2629 τοῦ
1106 2601 1327 2639 ὑπαριθμηθῆναι
1357 2601 1431 2637 αὐτῷ
1446 2602 1512 2638 (29).
1526 2601 1584 2629 Ἀθ.
1614 2600 1697 2628 εἶπεν·
1712 2600 1774 2628 Ἐπὶ
1806 2600 1856 2637 μὶν

1027 2646 1213 2673 Κωσταντίνου
1251 2647 1297 2673 καὶ
1340 2645 1527 2674 Κωνσταντίου
1566 2644 1690 2673 κίνδυνον
1730 2645 1855 2682 μέγιστα,

1212 2831 1218 2837 .
1234 2807 1421 2856 ὁμολογεῖται.

1061 2846 1116 2882 (29)
1133 2846 1215 2882 Reg.,
1230 2846 1321 2874 αὐτόν.

1452 8 1483 14 “-“
1501 9 1623 27 δεῖ-Ἴ-λδςῡι,
