2043 3111
196 190 258 220 465

770 185 1004 217 DISPUTATIO
1026 185 1180 217 CONTRA
1204 186 1326 217 ARIUM
1334 209 1340 215 .

1851 181 1910 212 466

194 255 275 292 ὁρᾷς,
301 253 345 281 ἐπὶ
370 251 400 281 δὲ
424 253 513 289 Ἰησοῦ
538 255 656 290 Χριστοῦ
681 251 725 280 οιαὶ
748 254 797 279 τοῦ
822 251 926 289 [ἰατρὸς
942 250 1006 278 αὐτο

1064 251 1145 285 ,1-ἰεί
1169 252 1464 280 Eamdem'adversul
1480 250 1636 279 Dominum
1660 249 1795 277 exhibere
1819 249 1909 276 debes

194 300 228 327 οὐ
244 297 317 336 φοϐῇ
329 300 441 326 τοιαῦτα
454 298 636 338 φθεγγόμενος
655 307 661 332 ;
678 299 723 324 Δεῖ
743 307 772 324 σε
794 295 922 331 τοιαύτην
948 294 1021 333 ἔχειν

191 342 331 372 εὐσέϐειαν
358 343 396 374 εἷς
419 343 465 370 τὸν
490 343 599 380 Κύριον,
626 341 683 369 οἵαν
705 341 748 369 καὶ
765 341 803 372 εἰς
820 343 1020 368 Κωνσταντῖνον

191 388 319 426 ῥηθέντα.
351 386 408 416 Οὐκ
429 386 569 425 ἀφῄρησας
600 386 654 413 ἀπὸ
680 387 730 413 τοῦ
759 385 819 412 υἱοῦ
844 385 926 412 αὑτοῦ
948 388 1020 412 Κων-

190 431 329 465 σταντῖου,
359 431 496 459 τουτέστιν
518 430 596 458 αὐτὸν
620 429 786 468 Αὔγουστον,
812 430 856 457 καὶ
871 429 957 456 πάντα
972 427 1022 456 ὅσα

191 476 231 508 εἱς
247 477 294 504 τὸν
324 477 427 514 πατέρα
449 476 532 503 αὐτοῦ
561 475 730 513 προεῤῥήθη,
756 474 806 502 οὐκ
833 473 949 502 ἄλλοθεν
969 474 1018 508 τὴν

190 519 309 555 ἑνότητα
331 521 380 554 τῆς
405 519 481 554 ἀξίας
507 518 631 556 ἐπιγνοὺς
655 520 673 553 ἢ
688 517 722 545 δι’
738 518 831 546 αὐτοῦ.
851 520 913 555 Ἃρ.
934 519 1019 546 εἶπεν·

184 564 335 595 Ἐκκλίνας
363 564 417 591 ἀπὸ
439 567 493 591 τῶν
519 562 724 601 συλλογισμῶν,
754 561 887 602 ἔγγραφον
910 573 956 598 μοι
973 561 1019 593 δὸς

186 608 341 644 ἀπόδειξιν,
357 608 380 636 εἰ
396 608 528 644 ἀληθινὸς
544 608 608 639 Θεός
625 607 695 635 ἐστιν
713 608 727 634 ὁ
742 608 814 643 Υἱὸς,
832 607 921 643 ὥσπερ
941 607 1018 644 κάγώ

185 664 230 681 σοι
257 654 352 693 φωνὴν
379 653 535 691 παρεθέμην
560 652 750 690 εὐαγγελικήν,
776 653 834 680 Ἀθ.
859 652 941 679 εἶπεν
968 652 1016 679 ’Δ-

183 709 250 726 κουε
278 698 323 726 καὶ
345 698 407 735 περὶ
431 697 530 725 τούτου
554 696 689 736 ἔγγραφον
719 697 768 731 τὴν
798 695 946 731 ἀπόδειξιν,
972 696 1016 723 καὶ

185 744 226 779 μή
242 743 351 771 πλανῶ.
382 741 510 778 Ἰωάννης
533 743 548 769 ὁ
574 741 726 772 ἀπόστολος
750 741 836 772 οὕτως
855 739 917 779 ἔφη·
935 753 948 767 ι(
966 741 1014 768 Καὶ

183 786 311 824 οῗῖαμεν,
336 786 377 814 ὅτι
401 788 415 814 ὁ
439 789 488 814 τοῦ
513 789 579 814 Θεοῦ
605 787 667 817 Υἱὸς
683 785 756 821 ἤχει,
771 787 815 814 καὶ
832 784 930 813 ἔδωκεν
946 786 1014 822 ἡμῖν

181 832 319 866 διάνοιαν,
345 831 392 859 ’ἱνα
419 832 598 870 γινώσκωμεν
626 831 673 858 τὸν
703 830 833 866 ἀληθινὸν
863 828 939 858 Θεόν⁸
968 831 1013 857 καί

180 877 264 913 ἐσμεν
282 877 307 904 ἐν
324 877 364 912 τῷ
379 876 504 912 ἀληθινῷ
520 877 574 912 ὶἸῷ
586 876 669 903 αὐτοῦ
694 876 785 911 Ἰησοῦ
811 878 932 913 Χριστῷ.
960 874 1012 903 0'5-

1077 296 1228 333 pietatem,
1255 305 1288 324 ac
1311 296 1340 324 in
1366 299 1561 324 memoratum
1582 293 1819 323 Constantinum.
1844 293 1906 321 Non

1077 341 1224 369 abstulisti
1242 342 1277 368 ab
1293 342 1357 377 ejus
1374 340 1433 369 filio
1444 340 1612 368 Constantio
1629 337 1907 375 Augusthajcsta-

1077 389 1147 418 tem.
1164 395 1217 413 nec
1237 386 1293 414 alia
1308 386 1407 414 omnia
1423 394 1485 421 quae
1502 386 1537 413 de
1558 387 1641 421 patre
1655 384 1719 419 ejus
1735 385 1821 410 antea
1835 384 1906 410 sunt

1076 431 1173 458 dicta:
1187 439 1237 458 nec
1253 430 1372 458 aliunde
1400 430 1553 466 dignitatis
1570 429 1669 457 unitas
1683 428 1736 455 tibi
1752 430 1822 455 nota
1838 427 1902 461 fuit,

1076 483 1164 511 quam
1193 484 1244 511 per
1268 476 1376 511 ipsum.
1393 476 1438 502 Ar.
1456 474 1580 502 Omissis
1604 471 1794 510 syllogismis,
1811 471 1903 508 probs

1076 520 1148 547 mihi
1176 520 1335 555 Scriptum
1364 519 1535 547 auctoritate
1566 518 1670 546 Filium
1705 524 1808 544 verum
1837 524 1901 543 esse

1074 564 1178 598 Deum,
1191 564 1440 599 quemadmodum
1455 571 1508 599 ego
1524 562 1576 590 tibi
1589 570 1689 590 vocem
1700 560 1897 596 evangelicam
1946 589 1955 597 _

1074 609 1223 644 proposui.
1250 609 1311 636 ΑιΙι,
1328 608 1404 636 Audi
1431 608 1530 644 itaque
1551 607 1704 643 Scriptura
1729 606 1783 633 hac
1808 606 1845 633 de
1868 613 1898 633 re

1073 655 1169 687 verba,
1185 662 1237 681 nec
1256 662 1330 681 erra.
1347 655 1476 680 Joannes
1497 651 1649 688 apostolus
1673 651 1733 678 ἱ]ωο
1757 650 1797 678 ait
1813 659 1845 678 ζα
1863 650 1897 677 Et

1072 698 1182 726 scimus
1208 698 1347 734 quoniam
1377 697 1467 725 Filius
1493 697 1540 724 Dei
1557 696 1644 730 venit,
1661 698 1690 723 et
1709 695 1787 723 dedit
1811 694 1894 722 nobis

1071 751 1203 775 sensum,
1217 745 1249 770 ut
1265 749 1477 778 cognoscamus
1494 749 1594 768 verum
1615 740 1707 768 Deum
1724 748 1730 767 :
1747 742 1776 767 et
1790 746 1894 767 sumus

1070 787 1100 814 in
1115 795 1181 815 vero
1196 787 1267 814 Filio
1283 787 1346 822 ejus
1368 788 1437 813 Jesu
1452 785 1577 813 Christo.
1594 784 1645 812 Hic
1660 787 1703 816 est
1716 792 1801 811 verus
1818 783 1893 810 Deus

1069 834 1098 859 et
1112 831 1171 859 vita
1186 834 1294 859 aeterna
1303 831 1337 858 ¹⁵².
1352 842 1365 854 ιι
1376 830 1463 858 Vides
1485 830 1602 857 easdem
1618 837 1701 857 voces
1716 829 1752 856 de
1767 830 1850 855 Patre
1867 831 1894 855 et

1068 876 1140 903 Filio
1164 875 1296 912 proferri,
1314 875 1478 910 Filiumque
1503 882 1584 907 aeque
1607 882 1640 902 ac
1667 874 1779 901 Patrem
1804 876 1891 900 Deum

178 922 228 953 τός
258 921 314 949 ἐστι
340 922 354 949 ὁ
382 920 513 956 ἀληθινὸς
538 921 602 952 Θεὸς
627 920 672 948 καὶ
701 921 718 955 ἡ
742 921 798 954 ζωή
824 921 841 954 ἡ
858 920 979 951 αἰώνιος.
998 932 1005 946 ›

1068 920 1185 948 dicere?
1208 920 1281 947 Nam
1303 919 1552 955 quemadmodum
1569 918 1604 946 de
1619 921 1704 946 Patre
1719 917 1759 946 ait
1776 926 1782 945 :
1796 930 1809 942 α
1828 918 1892 945 Haec

179 967 279 1004 Ὁρᾷς,
307 965 349 993 ὅτι
380 965 457 993 αὐταὶ
486 965 513 993 αἱ
541 965 625 1005 φωναὶ
650 965 775 1004 φέρονται
799 964 861 1002 περὶ
885 967 933 992 τοῦ
948 965 1012 992 Υἳοῦ

184 1011 231 1038 καὶ
262 1010 378 1047 Πατρὸς,
408 1010 583 1047 θεολογοῦσαι
610 1010 668 1037 ’ἰσον
698 1010 743 1037 τὸν
776 1010 837 1036 Υἱὸν
860 1012 898 1046 τῷ
917 1009 1011 1047 Ila-cpi.

182 1056 289 1094 Ὥσπερ
317 1056 366 1093 γὰρ
400 1054 445 1082 ἐπὶ
465 1057 513 1082 τοῦ
542 1055 647 1093 Πατρὸς
675 1053 736 1093 ἔφη·
764 1067 777 1081 ‹‹
808 1054 881 1089 Αὕτη
898 1053 967 1081 ἐστὶν
993 1055 1010 1089 ή

182 1099 298 1131 αἰώνιος
330 1100 396 1135 ζωὴ,
415 1098 461 1126 ’ἶνα
483 1099 636 1137 γινώσκωσί
657 1110 687 1127 σε
706 1099 751 1126 τὸν
779 1099 859 1135 μόνον
880 1097 1009 1133 ἀληθινὸν

181 1145 261 1178 Θεόν,
295 1157 305 1170 ι
334 1144 376 1171 καὶ
407 1144 519 1172 ἐνταῦθα
547 1144 608 1182 περὶ
632 1146 679 1171 τοῦ
707 1144 770 1171 Υἱοῦ
785 1153 876 1183 φησιν·
896 1155 909 1169 u
925 1143 1011 1174 Οὗτός

180 1189 254 1216 ἐστιν
282 1189 296 1216 ὁ
326 1188 455 1224 ἀληθινὸς
485 1189 549 1219 Θεὸς
573 1188 618 1216 καὶ
644 1189 701 1224 ζωὴ
726 1188 845 1219 αἷώνιος.
872 1199 886 1213 ι»
901 1187 936 1214 Τὸ
953 1186 1008 1220 οῦν,

181 1247 192 1259 ι
214 1234 265 1262 Καὶ
296 1233 325 1261 ὅν
352 1232 512 1260 ἀπέστειλας
537 1233 642 1268 Ἰησοῦν
673 1233 798 1270 Χριστὸν,
823 1243 836 1259 ι
859 1230 1007 1268 σύνδεσμος

175 1277 322 1316 τηιχᾶνει,
338 1278 396 1305 ἀντὶ
411 1279 459 1305 τοῦ
475 1277 574 1315 λέγειν,
590 1290 603 1303 ι(
634 1278 668 1305 Σὶ
684 1278 766 1314 μόνον
790 1277 915 1310 ἀληθινὸν
942 1277 1006 1304 Θεὸν

176 1324 225 1350 καὶ
241 1323 271 1350 ὅν
288 1321 447 1353 ἀπέστειλας
463 1322 567 1357 Ἰησοῦν
589 1322 716 1359 Χριστὸν,
742 1334 756 1348 ››
782 1322 829 1349 'ivz
852 1323 1006 1359 γινώσκωσι

175 1367 226 1395 τὸν
256 1367 320 1394 hev
349 1365 481 1401 ἀληθινὸν
511 1367 574 1394 Θεὸν
600 1366 691 1405 ὥσπερ
716 1367 761 1394 καὶ
786 1367 815 1394 σὲ
828 1367 873 1394 τὸν
889 1367 1004 1404 Πατέρα·

175 1412 302 1449 καθάπερ
317 1411 362 1438 καὶ
378 1411 404 1439 ἰν
421 1410 500 1448 ἄλλῳ
514 1411 591 1448 τόπῳ
606 1409 693 1447 ἔλεξεν
710 1412 724 1439 ὁ
740 1411 848 1450 Κύριος·
867 1424 880 1437 ι(
897 1412 966 1449 Ἐγώ
996 1410 1052 1447 εἶμι
1077 1412 1094 1446 ἡ
1123 1410 1248 1446 ἀλήθε“α.
1277 1423 1291 1436 ι)

173 1466 257 1484 ποτε.

215 1502 262 1529 23.
279 1501 341 1538 Ἀρ.
368 1501 450 1528 εἶπεν·
474 1501 620 1538 Ὁμολογῷ
643 1501 716 1539 κάγὼ
741 1502 797 1538 (30)
817 1500 858 1529 ὅτι
875 1501 1004 1536 ἀληθινὸς

174 1544 245 1576 Θεός
273 1544 342 1572 έο-τιν
375 1545 389 1571 ὁ
413 1545 475 1575 Υἱὸς
499 1546 547 1571 τοῦ
568 1546 645 1571 Θεοῦ’
673 1545 710 1581 μή
734 1554 764 1582 γε
790 1544 898 1572 δύνασαι
914 1544 1005 1583 φάναι,

175 1590 236 1625 ἅμα
252 1590 330 1625 Θεὸς,
345 1589 400 1625 ἅμα
417 1589 499 1624 Υἱός,
515 1590 574 1617 Ἀθ.
592 1589 658 1616 εἶπε·
675 1589 707 1617 Τί
733 1589 819 1626 λέγεις
845 1590 901 1626 ἅμα
929 1589 1005 1623 Θεὸς,

175 1635 238 1670 ἅμα
267 1634 347 1667 Υἱός
374 1634 436 1663 ’Ὁτι
466 1634 480 1661 ὁ
509 1634 570 1665 Υἱὸς
597 1634 653 1670 ἅμα
679 1634 740 1665 Υἱὸς
756 1637 822 1662 Θεοῦ
840 1634 912 1668 ἐστις
941 1634 1003 1662 Ναί.

171 1678 207 1706 Ὀ
221 1678 274 1715 γὰρ
289 1680 356 1705 Θεοῦ
373 1677 458 1715 Λόγος
474 1679 532 1713 (31)
547 1678 611 1709 Θεὸς
626 1678 764 1716 τυγχάνει,
791 1678 852 1709 Υἱὸς
876 1680 925 1705 τοῦ
950 1681 1003 1705 Πα-

172 1722 242 1759 τρὸς
270 1720 315 1749 ὢν.
345 1725 409 1759 Ἃρ.
435 1723 518 1749 εἶπεν·
543 1722 604 1759 Οὐχ
626 1721 712 1753 οὕτως
734 1723 814 1761 φημὶ,
831 1722 893 1750 ἀλλ’
908 1723 949 1750 ὃτι
968 1723 1005 1759 μή

174 1765 290 1793 δύνασαι
321 1769 404 1805 φῆσαι
428 1767 496 1802 (32),
521 1766 578 1802 ἅμα
599 1767 663 1797 Θεὸς
680 1767 784 1805 Πατὴρ,
802 1767 858 1803 ἅμα
872 1767 934 1797 Υἱὸς
959 1766 1004 1794 σὺν

176 1811 277 1848 Πατρί.
304 1812 360 1840 ³Λθ.
386 1812 453 1838 εἷπε·
481 1811 529 1838 Διᾶ
552 1811 575 1839 τί
605 1811 636 1838 οὐ
661 1810 776 1848 δύναμαι
799 1814 880 1839 τοῦτο
903 1811 1005 1847 εῐπεῖν;

174 1857 243 1893 Ἀρ.
260 1857 344 1883 εἶπεν
375 1857 435 1883 ’Ότι
460 1856 473 1883 ὁ
498 1856 562 1887 Θεὸς
589 1856 681 1894 Πατὴρ
706 1856 850 1894 ἀγέννητος
867 1857 1004 1894 τυγχάνει,

174 1901 192 1927 ὁ
207 1899 238 1928 δὲ
267 1901 329 1932 Υἱὸς
354 1900 481 1938 γεννητός
506 1900 587 1928 ἐστιν.
613 1901 677 1928 Ἀθ.
703 1901 786 1928 εἴπεν·
813 1902 843 1928 Ἠ
860 1902 1005 1938 ἀγέννητος

175 1945 257 1984 ’,ξωνή
274 1944 318 1972 ἐπὶ
333 1947 382 1973 τοῦ
397 1947 464 1973 Θεοῦ
481 1945 563 1982 μόνον
579 1946 713 1980 τάττεται,
734 1946 751 1980 ἢ
774 1945 819 1973 καὶ
844 1945 888 1973 ἐπὶ
913 1945 1005 1973 ἄλλων

173 1992 279 2024 τινῶν;
297 1991 360 2028 Ἀρ.
392 1991 475 2017 εἶπεν·
505 1989 594 2018 ’Ἄλλο
610 2000 635 2017 τι
654 1990 692 2026 μή
707 1990 815 2027 γένοιτο
831 1994 913 2029 φῆσαι
930 1990 1004 2028 ἀγέν-

174 2043 270 2070 νητον’
300 2034 316 2061 6'
340 2035 391 2072 γὰρ
417 2035 571 2071 ἀγέννητον,
595 2037 675 2062 τοῦτο
700 2035 744 2062 καὶ
769 2034 887 2072 ἄναρχον
903 2035 1004 2072 τυγχά-

174 2090 225 2106 νει.
253 2080 301 2107 Αθ.
326 2080 409 2106 εἶπεν
439 2080 469 2106 Ἠ
494 2079 582 2118 φωνὴ,
607 2080 624 2114 ἡ
652 2079 808 2116 ἀγέννητος,
825 2079 902 2107 οὐσία
922 2080 1005 2114 ἐστὶν,

173 2125 191 2157 ἢ
222 2122 315 2154 οὖσῗας
345 2125 519 2160 σημαντικής
546 2125 607 2160 Ἀρ.
636 2125 719 2151 εἶπεν·
750 2124 836 2152 Οὖσία
865 2125 1003 2162 τυγχάνει.

174 2169 234 2197 Ἀθ.
267 2168 350 2195 εἶπεν·
377 2166 479 2205 Ψεῦὃιγ
506 2166 633 2196 οὐκέστι)
659 2168 746 2201 οὐσία,
772 2168 834 2196 ἀλλ’
850 2168 941 2199 obuia:
956 2180 1003 2202 ση-

175 2213 306 2249 μαντική.
336 2213 398 2250 Ἃρ.
426 2213 493 2241 εἶπε.
519 2212 551 2241 Τί
576 2213 718 2249 σημαίνειν
745 2212 833 2244 θέλεις
850 2214 926 2250 (33);
942 2214 1002 2242 Ἀθ.

172 2258 259 2284 εἶπεν·
289 2257 350 2285 ’Ὁτι
380 2256 412 2284 οὐ
438 2257 555 2295 γέγονεν,
584 2255 646 2284 οὔτε
672 2258 725 2293 μὴν
756 2257 888 2295 ἐγεννήθη
912 2259 929 2292 ἡ
954 2260 1004 2285 τοῦ

170 2304 241 2330 Θεοῦ
256 2301 345 2329 οὐσίαι
376 2299 436 2329 ὅθεν
462 2301 625 2340 προσφόρως
651 2301 768 2340 λέγομεν
792 2302 938 2339 ἀγέννητον
953 2303 1002 2337 τήν

1068 967 1112 993 est
1135 965 1196 992 vita
1219 967 1336 995 mterna,
1352 966 1385 991 ut
1408 966 1587 999 cognoscant
1613 965 1641 991 te
1670 962 1765 991 solum
1790 972 1890 991 verum

1071 1010 1160 1037 Deum
1173 1017 1179 1036 ί
1191 1021 1204 1034 ››
1221 1009 1261 1037 ita
1275 1011 1304 1036 et
1324 1008 1363 1036 ibi
1380 1008 1415 1036 de
1437 1007 1508 1036 Filio
1531 1007 1621 1035 dicit:
1636 1018 1649 1032 ‹‹
1663 1007 1713 1035 Hic
1737 1010 1781 1035 est
1806 1016 1890 1036 verus

1067 1055 1144 1083 Deus
1159 1057 1188 1082 et
1204 1055 1261 1082 vita
1276 1056 1393 1082 aeterna.
1404 1065 1418 1079 »
1430 1054 1494 1081 Haec
1511 1053 1600 1089 igitur
1612 1053 1698 1081 verba
1712 1061 1736 1081 τι
1753 1053 1787 1081 Et
1803 1062 1889 1088 quem

1066 1100 1174 1127 misisti
1184 1099 1282 1127 Jesum
1294 1099 1454 1134 Christum,
1464 1109 1478 1123 ι»
1491 1099 1658 1134 conjunctio
1669 1101 1725 1132 est,
1739 1107 1800 1134 quae
1811 1098 1888 1126 idem

1064 1144 1212 1180 signiﬁcat
1223 1146 1308 1180 atque
1318 1144 1489 1179 bujusmodi
1500 1143 1587 1171 verba
1598 1151 1623 1171 τι(
1630 1143 1669 1171 Te
1680 1143 1776 1171 solum
1788 1152 1888 1171 verum

1064 1189 1154 1216 Deum
1172 1190 1200 1216 et
1213 1197 1298 1224 quem
1316 1188 1422 1216 misisti
1436 1189 1537 1216 Jesum
1553 1188 1730 1221 Christum,»
1746 1187 1775 1216 id
1792 1190 1844 1221 est,
1859 1191 1890 1216 ut

1063 1235 1241 1268 cognoscant
1253 1232 1357 1260 Filium
1368 1234 1453 1259 tuum
1465 1240 1565 1259 verum
1582 1232 1658 1259 168
1670 1232 1773 1266 Deum,
1788 1241 1887 1268 quem-

1063 1277 1221 1305 admodum
1239 1279 1267 1305 et
1282 1280 1310 1304 te
1327 1277 1450 1304 Patrem.
1463 1277 1543 1304 Sicut
1557 1279 1586 1304 ct
1599 1276 1668 1304 alibi
1680 1277 1720 1304 ait
1731 1277 1884 1312 Dominus,

1062 1333 1075 1347 (ι
1094 1322 1151 1358 Ego
1181 1331 1247 1349 sum
1275 1321 1381 1349 veritas
1391 1322 1423 1348 ⁸³.
1439 1332 1452 1345 ››
1470 1321 1581 1349 Veritas
1604 1324 1701 1349 autem
1732 1330 1884 1357 nunquam

1062 1367 1154 1402 possit
1169 1375 1233 1394 esse
1249 1366 1444 1394 mendacium.

1318 1409 1448 1445 ’Δλήθεια
1473 1409 1501 1437 δὲ
1525 1409 1575 1437 οὐκ
1598 1410 1627 1437 ἂν
1657 1408 1755 1447 ψεῦδος
1785 1410 1885 1447 ἐγένετό

1095 1501 1139 1528 23.
1156 1501 1202 1528 Ar.
1219 1500 1364 1528 Conﬁteor
1379 1503 1407 1528 et
1421 1508 1474 1537 ego
1491 1500 1594 1528 Filium
1619 1500 1670 1528 Dei
1694 1508 1794 1528 verum
1820 1508 1884 1528 esse

1061 1548 1150 1573 Deum
1168 1554 1174 1573 :
1192 1554 1263 1573 num
1279 1554 1344 1573 vero
1367 1546 1461 1573 dicere
1478 1548 1571 1581 potes,
1588 1545 1676 1573 simul
1693 1547 1779 1578 Deus,
1793 1545 1883 1572 simul

1064 1590 1172 1618 Filius?
1188 1591 1247 1619 Alli.
1266 1591 1340 1624 Quid
1356 1591 1439 1623 dicis,
1456 1591 1544 1619 simul
1566 1593 1651 1624 Deus,
1667 1590 1756 1619 simul
1774 1590 1886 1618 Filius?

1061 1636 1135 1663 Num
1153 1636 1228 1670 quod
1242 1636 1333 1663 Filius
1349 1635 1438 1663 simul
1450 1635 1489 1664 sit
1504 1635 1594 1663 Filius
1605 1635 1675 1663 Dei?
1689 1635 1731 1663 ita
1746 1638 1799 1663 est.
1813 1635 1886 1662 Nam

1021 1665 1042 1697 Ο
1062 1683 1137 1707 Deus
1159 1665 1283 1707 i’erbur‘n
1314 1681 1390 1708 Deus
1415 1684 1469 1714 est,
1499 1688 1566 1708 cum
1596 1680 1635 1708 sit
1662 1680 1757 1707 Patris
1787 1680 1888 1707 Filius.

1061 1725 1107 1752 Αν.
1138 1724 1201 1752 Non
1231 1725 1291 1752 haec
1321 1725 1396 1760 dico,
1426 1725 1488 1760 sed,
1515 1725 1592 1761 quod
1620 1725 1684 1761 ipse
1715 1724 1810 1752 dicere
1840 1733 1889 1751 ne-

1062 1777 1164 1803 queas,
1185 1769 1273 1797 simul
1293 1772 1366 1797 Deus
1385 1770 1479 1804 Pater,
1496 1769 1585 1797 simul
1604 1769 1693 1797 Filius
1712 1778 1777 1796 cum
1795 1770 1890 1797 Patre.

1061 1814 1122 1841 Atla.
1139 1814 1196 1841 Cur
1211 1814 1239 1841 id
1256 1814 1351 1842 dicere
1376 1813 1540 1850 nequeam?
1555 1814 1601 1841 Ar.
1618 1813 1704 1849 Quia;
1716 1816 1792 1841 Deus
1808 1813 1892 1840 Pater

1062 1858 1213 1894 ingenitus
1226 1852 1280 1893 est,
1295 1858 1383 1886 Filius
1394 1867 1461 1886 vero
1472 1860 1517 1886 est
1531 1858 1659 1894 genitus.
1673 1858 1732 1885 Ath.
1745 1857 1809 1885 Hec
1826 1866 1888 1890 vox,

1062 1904 1212 1939 ingenitus,
1229 1903 1264 1930 de
1287 1902 1388 1931 solone
1414 1905 1468 1930 Deo
1494 1904 1665 1938 usurpatur,
1680 1911 1716 1930 an
1742 1902 1829 1929 etiam
1854 1903 1888 1929 de

1061 1948 1126 1975 aliis
1142 1948 1342 1984 quibusdam?
1362 1948 1409 1975 Ar.
1429 1946 1507 1974 Nihil
1527 1949 1603 1974 certe
1628 1946 1705 1974 aliud
1724 1947 1767 1974 fas
1783 1949 1826 1974 est
1842 1947 1885 1973 di.

1061 2000 1125 2020 cere
1155 1992 1328 2027 ingenitum.
1350 1991 1422 2018 Nam
1447 1991 1524 2027 quod
1549 1991 1713 2026 ingenitum
1737 1993 1790 2024 est,
1809 1991 1884 2018 idem

1060 2039 1087 2063 et
1104 2035 1239 2072 principii
1250 2038 1295 2063 est
1309 2043 1421 2071 expers.
1433 2035 1495 2063 Alh.
1506 2036 1574 2070 Vox,
1587 2036 1736 2071 ingenitus.
1747 2037 1885 2063 substan-

1060 2081 1138 2108 tiane
1165 2084 1219 2114 est,
1240 2089 1276 2107 an
1306 2081 1505 2108 substantiam
1535 2080 1716 2116 signiﬁcans.
1743 2080 1788 2107 Ar.
1811 2080 1884 2107 Sub-

1061 2126 1170 2153 stantia
1189 2128 1242 2153 est.
1259 2125 1321 2153 Alh.
1339 2125 1424 2153 Falsa
1443 2125 1517 2152 dicis
1534 2134 1540 2152 :
1558 2133 1614 2152 non
1640 2127 1684 2152 est
1708 2125 1886 2159 substantia,

1061 2171 1109 2198 sed
1138 2170 1335 2197 substantiam
1361 2170 1542 2205 signiﬁcans.
1559 2170 1605 2197 Αν.
1623 2169 1697 2201 Quid
1725 2170 1888 2206 intelligis?

1060 2215 1120 2242 Ath.
1138 2214 1271 2251 Intelligo
1301 2223 1354 2242 nec
1381 2215 1487 2242 factam
1512 2222 1566 2242 nec
1593 2215 1723 2251 genitam
1749 2223 1812 2243 esse
1838 2215 1886 2242 Dei

1060 2259 1256 2287 substantiam
1276 2268 1281 2286 :
1299 2259 1375 2287 unde
1390 2259 1593 2287 convenienter
1616 2259 1666 2287 Dei
1687 2259 1884 2287 substantiam

1060 2304 1187 2331 dicimus
1203 2303 1375 2339 ingenitam.
1395 2304 1500 2331 Deinde
1523 2304 1666 2340 responde
1682 2303 1755 2331 mihi
1773 2311 1779 2331 :
1797 2304 1882 2331 Geni-

171 2346 263 2373 οὐσίαν
292 2348 343 2373 τοῦ
367 2348 445 2374 Θεοῦ.
477 2347 543 2374 Εἶτα
571 2346 629 2374 εἰπέ
660 2356 717 2382 μοι’
749 2345 838 2383 Ἀδὰμ
856 2347 999 2383 ἐγεννήθη,

1064 2357 1139 2376 ,usne
1155 2351 1199 2377 est
1216 2349 1320 2379 Adam,
1337 2357 1372 2376 an
1397 2357 1453 2376 non
1464 2348 1478 2375 7
1491 2348 1538 2376 Ar.
1555 2348 1616 2376 Non
1633 2350 1677 2376 est
1690 2348 1816 2384 genitus,
1830 2349 1879 2376 sed

170 2391 213 2418 ναὶ
228 2392 246 2425 ἦ
261 2389 314 2425 οῧ;
331 2391 395 2427 ’Ἆρ’
413 2391 496 2418 εἶπεν·
522 2390 579 2419 Οὐκ
603 2390 745 2428 ἐγεννήθη,
773 2391 836 2419 ἀλλ’
863 2390 995 2427 ἐπλάσθη.

171 2436 231 2463 Ἀθ.
262 2436 330 2463 εἷπε·
362 2435 427 2472 Περὶ
451 2437 499 2463 τοῦ
521 2435 649 2473 ἐγεννήθη
676 2435 852 2473 ἐπηρώτησα,
876 2436 907 2463 οὐ
936 2436 996 2474 περί

169 2482 219 2507 τοῦ
247 2479 371 2516 ἐπλάσθη
402 2480 470 2517 (34).
500 2481 561 2515 Ἀρ.
586 2480 669 2507 εἶπεν·
696 2480 753 2509 Οὐκ
775 2480 915 2519 ἐγεννήθη.
938 2482 994 2508 Ἀθ.

172 2525 253 2552 εἶπεν·
285 2524 390 2554 Οὐκοῦν
415 2523 487 2552 ἔσται
515 2522 633 2562 ἄναρχος
657 2526 723 2553 κατὰ
749 2526 787 2554 σέ.
805 2525 893 2553 Ἀλλᾶ
907 2526 951 2553 καὶ
978 2527 995 2561 ἡ

171 2568 227 2598 Εὔα
241 2569 293 2597 οὒκ
307 2568 447 2607 ἐγεννήθη,
462 2568 526 2596 ἄλΛ¹
543 2567 759 2607 ὲδημιουργήθη.
787 2570 817 2597 Τί
832 2569 861 2598 δὲ
877 2569 928 2608 φῂς
951 2571 996 2598 καὶ

204 2655 227 2673 ⁸³
243 2655 255 2683 Ι
270 2655 357 2684 Joan.
372 2663 402 2690 v,
416 2656 462 2684 20.
500 2656 523 2674 “
535 2656 619 2685 Joan.
636 2664 695 2690 xxv,
709 2657 736 2684 6.

207 2745 261 2782 (ΘΟ)
277 2743 356 2782 ιξάγώ
371 2745 453 2773 deest
467 2745 497 2782 in
513 2747 588 2782 Aug.

206 2780 247 2813 (31
282 2780 353 2817 Reg.
369 2783 399 2809 et
412 2781 538 2818 Anglia,
554 2780 585 2809 Ὀ
617 2780 649 2819 ἀρ
664 2781 727 2813 Θεὸς
743 2781 841 2820 Λόγος.

207 2781 261 2850 (32;
275 2816 388 2850 Anglic.
405 2815 542 2849 δύνασθαι.
559 2791 638 2846 Ιιιίζιο
660 2817 738 2847 idem
763 2827 841 2850 sema

217 2815 388 2888 ﬁléng'lic.
405 2815 542 2849 δύνᾶσθιιι.
559 2815 640 2846 Infra"
660 2817 738 2847 idem
763 2815 879 2856 semper
894 2819 991 2855 habet,

1054 2394 1207 2421 formatus.
1216 2394 1278 2421 ΑιΙι.
1295 2393 1470 2430 Interrogavi
1482 2396 1581 2421 utrum
1593 2396 1669 2422 esset
1679 2394 1807 2430 genitus,
1821 2403 1878 2421 non

1054 2441 1152 2466 utrum
1176 2443 1254 2466 esset
1278 2439 1428 2466 formatus.
1445 2440 1491 2466 Ar.
1515 2438 1578 2466 Non
1602 2440 1647 2466 est
1670 2439 1798 2475 genitus.
1814 2439 1875 2466 Ath.

1052 2483 1112 2510 Erit
1127 2483 1217 2518 igitur
1233 2483 1366 2519 principii
1383 2491 1485 2519 expers
1500 2483 1664 2511 secundum
1679 2489 1717 2512 te.
1735 2483 1792 2511 Eva
1807 2484 1876 2511 item

1053 2535 1109 2555 non
1134 2531 1179 2555 est
1205 2527 1312 2563 genita,
1329 2528 1378 2555 sed
1395 2530 1503 2555 creata.
1515 2527 1589 2560 Quid
1604 2536 1671 2556 vero
1691 2528 1777 2564 dicis_
1786 2528 1821 2556 de
1846 2537 1878 2555 eo

1052 2572 1101 2607 qui
1117 2573 1247 2600 nondum
1267 2573 1385 2608 genitus
1408 2572 1643 2608 est,genitumne
1658 2580 1722 2601 esse
1742 2581 1779 2600 an
1794 2572 1877 2608 inge-

1048 2784 1054 2790 '
1080 2749 1252 2812 ί(33)Αιιει.,
1274 2748 1348 2786 θέλῃ.
1375 2750 1466 2779 Paulo
1491 2752 1558 2788 post
1580 2750 1670 2784 idem,
1696 2749 1821 2787 ἐγενήθην
1848 2754 1877 2779 et

1048 2793 1077 2812 in
1091 2793 1133 2812 ra.
1149 2785 1262 2812 γενητόν
1278 2794 1404 2812 semper.

1046 2785 1133 2822 infra,
1149 2785 1262 2822 γενητόν
1278 2785 1404 2822 semper.

1047 2820 1230 2892 ικὲἒῗρζηᾘθε.
1262 2824 1290 2850 et
1318 2820 1404 2859 Aug.,
1427 2822 1561 2857 ἐπλάσθη.
1590 2822 1647 2850 Alii
1677 2829 1741 2850 cum
1772 2820 1874 2857 editis,
